4028 6288
1111 539 1768 632 TRADITIO
1835 540 2715 635 'CATHOLICA.

1341 735 1740 800 SAZCULUM
1772 736 1922 799 XIV.
1979 737 2234 801 ANNUS
2294 737 2468 799 1375.

1427 1070 2391 1209 ELENCHUS

257 1312 850 1375 AUCTORUM
895 1312 1018 1370 ET
1054 1311 1499 1372 OPERUM
1541 1310 1727 1371 QUI
1764 1311 1874 1370 IN
1909 1311 2122 1372 HOC
2153 1312 2446 1373 TOMO
2485 1313 2728 1374 CLIV
2766 1316 3539 1382 CONTINENTUR.

1619 1503 2194 1535 w-

1138 1682 1536 1744 JOANNES
1568 1681 2268 1743 CANTA(TIUZENUS
2310 1685 2485 1744 IMP.
2520 1687 2648 1745 ΟΡ.

376 1791 678 1851 Historiae
713 1791 1096 1870 Byzantina)
1129 1788 1545 1850 continuatio.
3059 1799 3177 1857 (χοι⁸
3382 1802 3421 1857 9

374 1899 608 1957 Contra
640 1905 884 1958 sectam
918 1896 1414 1956 Mahometicam
1448 1913 1563 1972 pro
1594 1893 1963 1953 Christiana
2021 1895 2332 1975 religione
2381 1898 2718 1980 Apologiac
2775 1911 3071 1980 quatuor,
3106 1924 3184 1962 ex

452 2003 734 2064 editione
771 2003 1126 2063 Basileensi
1161 2001 1315 2061 anni
1353 2000 1526 2071 1543,
1559 1998 1727 2078 apud
1757 1999 2076 2059 Joannem
2110 2002 2484 2079 Oporinum.
3305 2011 3413 2071 371

373 2113 613 2170 Contra
645 2109 1078 2169 Mahometem
1111 2109 1436 2167 orationes
1470 2120 1764 2185 quatuor,
1801 2127 1878 2167 ex
1910 2108 2134 2168 eadem
2169 2109 2467 2171 editione.
3310 2121 3428 2180 583

375 2221 614 2277 Contra
647 2217 946 2277 Barlaam
983 2225 1047 2275 et
1070 2214 1506 2294 Acindynum,
1533 2215 1651 2274 sub
1673 2213 1823 2273 licto
1856 2215 2112 2275 nomine
2137 2217 2528 2278 (Ihristoduli
2552 2223 2869 2282 monachi.
2899 2225 3003 2284 (if.
3050 2225 3185 2285 Μο-

452 2326 585 2385 nitu
597 2345 654 2383 m
692 2324 1044 2383 Editorum.
3301 2334 3418 2392 693

1019 2429 1401 2488 PllILOTI-I
1419 2428 1581 2488 EUS
1613 2429 2168 2492 (.‘POLITANUS
2205 2431 2618 2492 ΡΑΤΗΙΑΗ(
2639 2436 2797 2494 ‘IIA.

378 2541 604 2598 Sermo
634 2538 698 2595 in
733 2535 1206 2595 Exaltationem
1241 2535 1484 2594 Crucis.
3312 2546 3428 2605 719

372 2646 465 2705 De
499 2642 825 2704 mandatis
861 2643 934 2702 D.
974 2642 1052 2700 Ν.
1087 2642 1238 2701 Jesu
1265 2642 1523 2700 Christi.
3311 2652 3426 2712 729

3309 2758 3344 2777 Η

373 2751 544 2811 Ordo
574 2751 739 2812 sacri
773 2749 1138 2808 ministerii.
3309 2758 3426 2817 7/15

375 2857 685 2918 Laudath
715 2856 908 2916 trium
944 2857 1312 2928 Doctorum,
1361 2855 1601 2915 Basilii
1654 2855 1918 2928 scilicet,
1979 2857 2270 2938 Gregorii
2305 2870 2367 2918 et
2396 2860 2665 2920 Joannis
2715 2862 3171 2939 Chrysostmni.
3267 2865 3420 2924 ’767

379 2965 707 3026 ltefutatio
739 2963 1444 3023 Anathematismorum
1482 2964 1966 3042 IlarmenOpuli.
3306 2972 3418 3031 831

378 3072 644 3134 (Philothel
677 3078 854 3134 contra
877 3069 1148 3134 (ᾔθεοι-ξω
1169 3068 1618 3134 Antirrbeticorum
1642 3068 1754 3134 libri
1782 3069 1884 3123 XII,
1904 3071 2131 3134 ejusdem
2165 3071 2448 3119 Eucomium
2475 3072 2696 3132 Gregorii
2727 3075 2940 3122 Palannr
2961 3076 3173 3123 existant

439 3134 638 3182 intomo
655 3132 753 3180 CLI
777 3145 790 3190 ',
812 3130 1035 3194 ejusdem
1062 3130 1255 3179 Vitas.
1291 3130 2160 3195 ΠαιωιηίωειηγτίεὶιιῑοῐίιοϐΧνς
2194 3130 3115 3198 οριιεᾱθιῐιᾱίριοὶηαωίιιιοωυϐίΛΙ.)

1391 3246 1569 3306 DEM
1587 3248 1783 3307 ΕΤΕΙ
1797 3249 1903 3308 [ΓΞ
1954 3249 2238 3308 CYDUN
2253 3250 2270 3308 Ι
2287 3250 2414 3310 US.

374 3359 620 3419 Notitia
653 3376 735 3417 ea:
766 3354 1158 3416 Bibliotheca
1190 3354 1500 3413 Fabricii.
3302 3362 3420 3422 8‘25

375 3466 465 3526 De
495 3464 905 3543 processione
937 3461 1206 3540 Spiritus
1239 3462 1439 3520 sancti
1475 3460 1787 3520 adu-rsus
1819 3463 2200 3541 Gregorium
2238 3463 2570 3523 Palamam
3309 3470 3424 3526 835

376 3573 467 3632 De
516 3571 739 3631 eodem
793 3577 1200 3650 argumento,
1236 3567 1316 3626 ad
1348 3587 1456 3629 eos
1487 3570 1589 3648 qui
1625 3568 1847 3627 dicunt
1880 3568 2113 3628 Filium
2163 3569 2269 3628 Dei
2320 3590 2444 3629 non
2496 3591 2639 3631 esse
2685 3591 2758 3630 ex
2809 3572 3172 3633 substantia

455 3679 689 3740 Patris.
3304 3682 3422 3741 863

375 3785 675 3868 Ejusdem
695 3782 1059 3864 argumenti
1084 3781 1370 3860 Epistola
1391 3780 1468 3840 ad
1497 3781 1932 3853 Barlaamum,
1949 3803 2097 3862 qua".
2120 3792 2332 3843 exstat
2354 3784 2521 3843 inter
2541 3785 2845 3862 epistolas
2869 3786 3186 3845 Barlaami

451 3905 602 3954 tom.
639 3891 804 3952 CLI.

367 3999 589 4060 Oratio
619 3998 702 4058 ad
733 4017 882 4058 suos
915 3996 992 4056 de
1024 3993 1420 4056 admittendo
1452 4002 1674 4053 contra
1706 3995 1952 4053 Tui-cas
1989 3996 2359 4055 Latinorum
2393 3995 2702 4056 subsidio.
3301 4002 3420 4062 959

367 4105 588 4165 Oratio
619 4103 1045 4163 deliberativa
1075 4101 1152 4160 de
1184 4120 1309 4160 non
1342 4097 1669 4158 reddenda
1701 4100 2018 4178 (Jallipoli,
2056 4111 2310 4180 petente
2343 4104 2597 4163 sultano
2633 4105 2962 4166 Amurate.
3268 4107 3418 4167 100·

366 4211 735 4273 Translatio
767 4210 914 4269 libri
949 4210 1162 4268 fratris
1199 4207 1478 4276 Ricardi,
1512 4207 1753 4265 ordinis
1794 4207 2328 4279 Praedicatorum,
2363 4220 2587 4268 contra
2620 4210 2968 4272 Mahometi
2999 4233 3178 4272 asse-

445 4321 600 4390 clas,
634 4339 710 4378 ex
741 4317 1021 4378 editione
1066 4315 1445 4385 Basileensi,
1489 4313 1568 4373 de
1617 4334 1745 4392 qua
1789 4313 1934 4373 vide
1979 4324 2107 4374 not.
2157 4315 2236 4373 ad
2284 4316 2401 4374 col.
2456 4316 2594 4386 371,
2644 4318 2912 4378 Accedit
2953 4319 3176 4379 Chris-

445 4426 639 4486 tianae
673 4423 820 4483 ﬁdei
851 4422 1172 4483 confessio
1206 4422 1372 4481 facta
1405 4421 1763 4481 Saracenis.
3267 4429 3421 4487 1035

369 4534 457 4593 De
487 4529 956 4593 contemnenda
988 4537 1208 4589 morte.
3260 4534 3282 4591 1
3305 4535 3417 4594 169

370 4640 659 4720 Epistola
690 4638 769 4698 ad
803 4657 1106 4716 magnum
1142 4635 1574 4715 primicerium
1602 4636 2016 4706 Phacrasem,
2045 4636 2503 4696 Thessalonica
2533 4637 2773 4718 scripta
2803 4659 2943 4697 cum
2979 4639 3173 4698 Amu-

446 4756 613 4807 rates
649 4746 707 4804 ΙΙ
744 4744 966 4804 urbem
998 4742 1332 4802 obsidione
1361 4742 1669 4822 cingeret.
1708 4743 1799 4802 Ex
1833 4743 1985 4802 edit.
2021 4743 2176 4802 clar.
2215 4743 2418 4803 Hasii.
3267 4749 3418 4808 1313

1326 4875 1737 4938 MAXIMUS
1791 4877 2451 4938 CHRYSOBEBGA.

373 4987 465 5046 De
497 4985 908 5064 processione
943 4983 1218 5062 Spiritus
1249 4983 1456 5042 sancti
1488 4983 1569 5042 ad
1601 4983 1968 5044 Cretenses.
2004 4984 2098 5044 Cf.
2136 4983 2455 5044 Monitum
2493 4984 2847 5044 Editorum.
3260 4986 3410 5045 1217

816 5115 1382 5176 PHILOTHEUS
1427 5116 2134 5176 SELYMBRIENSIS
2190 5117 2972 5179 ARCHIEPISCOPUS.

361 5227 574 5290 Oratio
605 5225 668 5284 in
702 5223 769 5284 S.
800 5222 1304 5302 Agathonicum,
1339 5242 1417 5282 ex
1450 5222 1603 5283 Cod.
1641 5221 1748 5282 Gr.
1787 5221 2090 5294 Nanian.,
2127 5244 2186 5303 p.
2222 5224 2362 5296 531,
2398 5224 2614 5285 addita
2647 5224 3175 5304 interpretatione

444 5343 683 5393 nostra.
3297 5334 3414 5395 229

1274 5408 1670 5470 JOANNES
1721 5408 2300 5472 PALZEOLOGUS
2344 5410 2524 5469 IMP.

366 5519 694 5580 Professio
722 5517 894 5589 fidei,
920 5536 1064 5577 cum
1101 5516 1372 5575 Romam
1405 5514 1487 5575 ad
1519 5515 1936 5595 ﬂagitandam
1969 5517 2050 5577 ab
2085 5517 2352 5577 Urbano
2384 5517 2442 5574 V
2472 5535 2661 5594 opem
2693 5515 3173 5598 adnavigasset,

443 5645 656 5687 coram
689 5624 1033 5688 Guillelmo
1065 5623 1349 5684 Ostiensi
1381 5621 1684 5702 episcopo
1716 5623 1908 5684 dicta.
3261 5627 3414 5688 1237

3089 5876 3531 5886 ————————___

2384 5909 2611 5957 Parisiis.
2650 5937 2708 5945 —
2740 5909 2978 5973 Ex-Typis
3007 5911 3139 5958 J.-P.
3168 5912 3374 5963 MIGNE.
