4028 6288
520 279 591 348 75
1697 279 2025 343 JOANNIS
2063 275 2588 340 CANTACUZENI
3702 281 3776 344 76

513 405 706 464 ratus,
757 405 817 453 tit
869 396 1093 455 credere
1151 397 1311 455 velim
1366 397 1549 453 omnia
1609 413 1731 468 quae
1794 408 2096 467 commune

2206 392 2592 462 Παλαιολόγων
2622 392 2842 465 Μιχαὴλ
2876 394 3036 448 τοῦτο
3066 395 3492 466 τετολμημένον,
3524 396 3585 449 ού
3617 401 3783 467 συνή-

513 492 899 562 episcoporum
939 490 1204 563 iudicium
1251 500 1307 546 et
1339 491 1608 547 sententia
1644 492 1711 546 dc
1745 491 1848 546 [ide
1879 489 2091 546 consti-

511 586 701 650 tuerit,
743 595 894 640 extra
948 585 1052 641 hoc
1103 585 1236 639 nulli
1288 601 1376 639 mc
1433 585 1658 639 novitati
1709 584 1976 639 addicam.
2029 580 2094 634 Et

511 690 636 729 cum
675 676 964 744 episcopos
1008 689 1220 740 omnes,
1261 686 1373 729 tum
1415 675 1553 729 alios
1593 673 2092 729 ecclesiasticorum

511 768 832 840 dogmatum
892 766 1215 822 defensores
1281 783 1343 822 ac
1398 775 1655 836 patronos
1706 765 1810 821 hoc
1856 778 2094 835 propert-

512 861 731 917 sissime
776 861 1020 916 facturos
1058 860 1295 931 opinor;
1333 861 1417 914 sin
1456 860 1781 914 auctoritate
1822 856 2092 927 imperiali

514 951 932 1026 compellantur,
971 967 1131 1007 aures
1179 953 1554 1015 obturaturos,
1598 961 1659 1004 ut
1706 964 1810 1005 nec
1860 949 2092 1018 primam

512 1065 706 1108 voccm
762 1048 1056 1118 excipiant.
1105 1045 1426 1116 Quanquam
1479 1060 1583 1100 nec
1624 1044 1768 1113 apud
1808 1059 1906 1098 vos
1957 1041 2094 1098 mihi

515 1146 676 1198 tidem
733 1141 978 1195 habitum
1036 1140 1102 1194 iri
1154 1149 1310 1209 puto,
1351 1138 1393 1194 si
1452 1139 1524 1193 ita
1580 1138 1775 1192 leviter
1836 1137 2095 1205 nulloque

513 1237 766 1292 exatitine
814 1234 1082 1305 dogmatis
1123 1235 1322 1288 vestris
1361 1232 1764 1302 subscripsero.
1799 1232 1902 1297 Qui
1946 1230 2092 1284 enim

514 1345 706 1400 parum
737 1321 1060 1382 constanter
1093 1324 1347 1391 inhaeret,
1373 1333 1425 1378 et
1455 1333 1677 1394 paratus
1707 1332 1788 1377 est
1837 1323 2094 1376 deserere

513 1437 635 1492 quae
690 1420 931 1489 majores
979 1415 1058 1471 illi
1113 1415 1494 1478 tradiderunt.
1549 1423 1603 1467 et
1650 1412 1706 1467 in
1760 1412 1961 1482 quibus
2013 1420 2096 1465 est

514 1514 798 1576 educatus,
835 1526 1020 1581 quam,
1072 1523 1280 1578 quaeso,
1314 1515 1500 1562 teneat
1551 1505 1620 1560 de
1671 1506 1986 1561 recentibus
2033 1502 2094 1557 ii-

513 1607 681 1664 dem?
714 1606 982 1674 Quocirca
1031 1603 1403 1660 necessarium
1437 1601 1701 1668 arbitror,
1737 1600 1781 1656 si
1824 1600 1966 1656 idem
2004 1614 2095 1654 vo—

514 1703 600 1759 bis
631 1699 979 1772 probabitur,
1016 1713 1180 1768 super
1210 1698 1376 1751 rcbus
1425 1695 1562 1750 adeo
1606 1694 1788 1766 magni
1833 1693 2093 1748 momenti

514 1793 868 1850 orientalium
940 1788 1476 1857 occidentaliumque
1529 1788 1908 1856 epiSt-oporum
1964 1802 2094 1839 con-
2128 1816 2167 1868 Β

513 1897 740 1941 ventum
789 1881 1191 1938 metuuenicum
1235 1878 1525 1934 celebrari.
1575 1876 1630 1932 ld
1671 1880 1717 1933 si
1765 1878 1877 1942 list,
1921 1877 2095 1931 lidclis

515 1988 600 2033 est
625 1978 788 2039 Deus,
822 1973 912 2045 qui
947 1988 1048 2027 nos
1081 1988 1110 2025 a
1141 1971 1372 2025 veritate
1405 1970 1658 2025 aberrare
1689 1986 1798 2024 non
1835 1970 2094 2039 patietur.

516 2075 575 2126 Si
613 2071 782 2142 igitur
815 2069 943 2122 Asia
1002 2075 1058 2120 et
1086 2063 1324 2135 Europa,
1357 2063 1818 2134 quemadmodum
1860 2062 2009 2126 olim,
2040 2061 2094 2114 in

515 2164 890 2220 Romanorum
934 2158 1166 2230 imperio
1207 2169 1588 2218 censerentur,
1623 2156 1765 2227 apud
1802 2171 1902 2211 nos
1934 2169 2096 2225 syno-

512 2259 617 2316 dus
638 2255 880 2329 cogenda
905 2266 1071 2311 esset.
1098 2253 1253 2320 Quod
1277 2268 1398 2305 cum
1427 2251 1538 2304 ﬁeri
1560 2250 1670 2321 jam
1697 2250 2093 2320 nequeat(nam

513 2360 570 2405 et
598 2364 735 2422 papa
763 2349 872 2403 huc
903 2345 1174 2418 proﬁcisci
1206 2343 1398 2413 nequit
1426 2353 1518 2397 :et
1546 2342 1682 2397 mihi
1707 2349 1814 2395 tam
1839 2340 2000 2408 longe
2027 2339 2094 2394 ab

516 2443 748 2514 itnperio
775 2440 1058 2496 discedere
1081 2447 1305 2509 propter
1323 2424 1664 2492 continentia
1686 2435 1847 2498 bella,
1865 2434 2097 2488 vicinos-

511 2553 621 2609 que
652 2535 941 2598 Barbaros,
975 2545 1029 2589 et
1059 2532 1323 2604 dynastas
1358 2530 1514 2593 alios,
1543 2529 1702 2583 nobis
1732 2527 1973 2596 undique
2009 2526 2089 2578 iu-

499 2630 857 2694 cumbentes,
892 2627 986 2696 qui
1016 2641 1140 2681 cum
1171 2624 1240 2679 de
1272 2623 1375 2677 [ide
1408 2622 1692 2676 nobiscum
1723 2619 1984 2692 sentiant,
2015 2627 2094 2671 ta-

514 2740 638 2778 men
667 2722 852 2778 hostes
877 2735 934 2775 se
960 2717 1300 2788 profitentur,
1325 2730 1434 2769 non
1455 2723 1535 2768 cst
1567 2710 1770 2779 facile),
1802 2711 1848 2765 si
1873 2720 1928 2765 et
1953 2708 2095 2780 patri

512 2833 667 2889 papa:
684 2814 982 2879 videbitur,
1003 2813 1068 2867 ad
1082 2812 1262 2865 locum
1281 2809 1513 2884 aliquem
1537 2807 1871 2860 maritimum
1911 2803 1965 2857 in
1987 2818 2098 2856 me-

514 2912 603 2965 dio
636 2919 1000 2974 utrorumque
1046 2906 1209 2959 situm
1257 2916 1528 2958 consensu
1562 2897 1919 2954 deveniemus
1952 2915 1966 2951 :
2008 2896 2096 2951 ille

495 3017 637 3076 {cum
669 3000 985 3057 Occidentis
1011 2996 1304 3067 episcopis,
1335 3009 1436 3066 ego
1465 3008 1588 3049 cum
1623 2989 1946 3062 patriarchis
2007 3002 2098 3041 eo-

514 3111 746 3165 rumque
771 3093 1065 3162 episcopis.
1090 3089 1152 3143 Et
1178 3089 1232 3143 in
1263 3103 1358 3156 spe
1385 3103 1530 3150 sum,
1559 3085 1727 3139 Deum
1759 3084 2096 3153 benignitate

2199 499 2415 553 νεγκεν,
2453 485 2590 540 ἀλλά
2619 487 2798 558 χεῖρον
2831 486 3023 555 γέγονε
3044 486 3103 539 τὸ
3131 489 3343 558 ῥῆγμα,
3378 488 3526 558 καὶὴ
3558 487 3785 543 διάστα-

2203 593 2288 640 σις
2314 577 2695 648 χαλεπωτέρα.
2734 577 2811 631 Δι’
2843 577 2879 632 ἃ
2909 578 3028 631 οὐδὲ
3062 579 3224 642 αὐτὸς
3261 580 3444 649 οἴομαι
3479 581 3783 649 πεισθήσε-

2201 670 2326 724 σθαί
2355 689 2485 725 ποτε
2519 674 2649 743 πρὶν
2679 674 3070 745 οἱκουμενικὴν
3114 673 3332 727 σύνοδον
3367 675 3780 744 ἀθροισθεῖσαν,

2197 763 2257 816 τὸ
2285 764 2476 818 δοκοῦν
2530 766 2768 834 ἀσφαλὲς
2815 766 3210 836 ἀποφήνασθαι
3251 768 3381 834 περὶ
3427 769 3527 837 τὴν
3564 769 3775 832 πίστιν,

2197 855 2578 928 ἐπιχειρήσειν
2612 858 2774 921 αὐτός
2803 876 2865 911 τε
2913 859 3206 929 προσέχειν
3238 861 3640 929 καινοτομίαις,
3681 861 3779 920 καὶ

2200 947 2485 1017 βιάζεσθαι
2514 951 2640 1013 τοὺς
2675 951 2888 1012 ἄλλους’
2913 952 2974 1004 οὐ
3004 952 3091 1005 διὰ
3117 953 3217 1024 τὴν
3251 953 3582 1022 Ἐκκλησίαν
3615 954 3778 1020 μόνον

2197 1041 2292 1092 καὶ
2320 1041 2376 1093 τὸ
2409 1043 2751 1110 Χριστιανῶν
2781 1041 2928 1097 ἅπαν
2970 1045 3264 1115 πλήρωμα,
3295 1045 3430 1099 ἀλλά
3457 1046 3552 1099 καὶ
3579 1045 3650 1098 δι’
3675 1044 3778 1115 εμὲ

2196 1133 2378 1187 αὐτόν.
2420 1132 2661 1204 Καὶγάρ
2703 1134 2877 1198 οὕτως
2914 1135 3045 1206 ἔχω,
3082 1137 3157 1197 ὡς
3207 1140 3343 1190 πᾶσι
3415 1137 3515 1208 μὲν
3550 1137 3782 1206 nemon-

2199 1227 2426 1297 σόμενος
2467 1228 2601 1282 ἄττα
2657 1228 2722 1282 ἂν
2775 1230 2878 1282 ὑπὸ
2920 1229 3106 1299 κοινῆς
3169 1229 3397 1300 γνώμης
3429 1231 3540 1282 τῶν
3587 1235 3782 1300 ἀρχιε-

2200 1323 2339 1400 ρέων
2394 1321 2523 1389 περὶ
2571 1321 2671 1387 τῆς
2726 1322 2964 1386 πίστεως
3026 1307 3448 1394 ἐπιψηφισθείη·
3495 1323 3690 1376 τούτου
3723 1323 3781 1375 δὲ

2196 1414 2452 1475 ἀπόντος.
2490 1414 2811 1486 καινοτομίᾳ
2862 1415 3093 1486 οὐδεμιᾷ
3125 1415 3430 1486 προσέξων.
3480 1415 3679 1482 Οἴομαι
3725 1414 3784 1468 δὲ

2199 1509 2289 1559 καὶ
2321 1508 2447 1569 τοὺς
2495 1507 2790 1577 ἀρχιερέας
2824 1507 3091 1571 ἅπαντας,
3126 1512 3221 1564 καὶ
3253 1509 3378 1572 τοὺς
3414 1509 3607 1572 ἄλλους
3653 1507 3780 1570 τοὺς

2197 1599 2485 1680 δογμάτων
2512 1599 2620 1654 τῶν
2643 1600 2737 1669 τῆς
2755 1600 3084 1671 Ἐκκλησίας
3121 1601 3425 1671 τροφίμους
3453 1603 3587 1670 πρὸς
3623 1602 3784 1654 τοῦτο

2202 1692 2300 1761 μὲν
2329 1690 2551 1758 ἔσεσθαι
2596 1691 2914 1762 προθύμους
2947 1695 3203 1764 μάλιστα·
3256 1698 3323 1748 ἂν
3369 1695 3424 1748 δὲ
3478 1682 3778 1764 βιάζοιντο,

2199 1785 2448 1854 ἀρχικῶς
2477 1787 2542 1838 τὰ
2567 1779 2682 1838 ὦτα
2712 1786 3004 1856 βύσαντας,
3036 1787 3174 1859 μηδὲ
3208 1787 3306 1858 τῆς
3344 1787 3565 1858 πρώτης
3595 1781 3786 1850 ἀνέξε-

2200 1878 2325 1930 σθαι
2359 1877 2564 1946 φωνῆς,
2600 1879 2791 1931 καίτοι
2836 1896 2899 1946 γε
2949 1880 3069 1933 οὐδὲ
3111 1880 3242 1950 παρ’
3293 1861 3428 1952 ὑμῖν
3471 1881 3569 1950 ἐμὲ
3630 1881 3754 1944 ἀξιό

2197 1987 2378 2040 χρεων
2426 1968 2538 2037 ἐγὼ
2569 1972 2778 2041 νομίζω
2813 1970 3034 2024 ἔσεσθαι
3082 1975 3221 2041 πρὸς
3248 1973 3453 2026 πίστιν
3514 1975 3644 2043 περὶ
3673 1974 3782 2027 τιῖιν

2203 2061 2531 2131 μελλόντων,
2570 2065 2617 2114 εί
2648 2064 2850 2135 ῥᾳδίως
2882 2064 3026 2120 οὓτω
3065 2067 3160 2120 καὶ
3189 2068 3560 2134 ἀνεξετάστως
3595 2069 3686 2121 ἐπὶ
3713 2066 3782 2122 τὰ

2197 2153 2462 2208 δοκοῦντα
2501 2155 2749 2225 δόγματα
2787 2157 2917 2226 ὑμῖν
2959 2161 3357 2232 μεταχωρήσω.
3405 2161 3466 2214 'U
3514 2161 3623 2232 γὰρ
3668 2165 3781 2226 τοῖς

2199 2249 2304 2301 ὑπὸ
2330 2249 2438 2300 τῶν
2473 2251 2758 2321 προγόνων
2796 2253 3284 2322 παραδεδομένοις,
3320 2255 3413 2308 καὶ
3465 2239 3550 2318 οἷς
3590 2257 3781 2308 συντέ-

2198 2343 2410 2412 θραπτο
2437 2343 2601 2406 αὐτὸς
2634 2344 2710 2414 μὴ
2750 2346 2893 2399 πάνυ
2927 2347 3212 2416 προσέχων
3243 2347 3524 2416 ἀσφαλῶς,
3569 2348 3687 2401 ἀλλ’
3723 2349 3781 2411 ἐξ

2199 2437 2417 2507 ἑτοίμου
2450 2438 2799 2508 προϊέμενος,
2829 2440 2950 2493 τίνα
2978 2440 3044 2494 ἂν
3073 2439 3188 2511 ἔχοι
3219 2444 3350 2514 περὶ
3384 2443 3494 2496 τῶν
3530 2445 3784 2514 προσφά-

2197 2547 2305 2582 των
2334 2528 2519 2582 πίστιν
2544 2546 2559 2596 ;
2592 2531 2670 2583 Δι’
2693 2528 2728 2584 ἃ
2757 2531 2967 2601 νομίζω
3006 2533 3126 2586 δέον
3160 2528 3322 2601 εἶναι,
3351 2535 3405 2586 εί
3429 2551 3492 2603 γε
3527 2537 3620 2588 καὶ
3651 2536 3783 2605 ὑμῖν

2200 2626 2616 2697 συνδοκεῖ,περὶ
2644 2627 2755 2680 τῶν
2797 2629 2942 2682 οὕτω
2978 2629 3234 2699 μεγάλων
3272 2631 3489 2686 σύνοδον
3523 2634 3782 2703 οἰκουμε-

2197 2719 2356 2790 νικὴν
2396 2715 2515 2796 ἐ.νῇ
2552 2723 2688 2774 οἵτε
2729 2722 2856 2792 ἑῷοι
2922 2724 3018 2776 καὶ
3063 2724 3112 2776 oi
3153 2724 3404 2795 ἑσπέριοι
3448 2726 3784 2795 παρέσονται

2197 2811 2479 2882 ἀρχιερεῖς
2511 2811 2792 2880 γενέσθαι.
2823 2812 3029 2866 Τούτου
3068 2813 3126 2867 δὲ
3158 2815 3556 2885 γεγενημένου,
3585 2815 3783 2878 πιστὸς

2197 2903 2226 2955 ό
2258 2902 2415 2967 Θεὸς,
2448 2903 2508 2967 ὂς
2535 2907 2685 2974 ἡμᾶς
2715 2905 2814 2958 οὐκ
2860 2906 3012 2959 ὲάσει
3041 2907 3142 2977 τῆς
3165 2907 3428 2978 ἀληθείας
3463 2908 3785 2978 ἀποπλανη-

2199 2996 2380 3064 θῆναι.
2416 2998 2478 3049 Et
2517 2999 2615 3066 μὲν
2667 2997 2760 3051 οὖν
2805 2997 2997 3068 ὥσπερ
3031 2999 3305 3070 πρότερον
3356 3000 3461 3054 ὑπὸ
3510 3000 3611 3070 τὴν
3646 3000 3778 3056 Ῥωο

2202 3091 2380 3159 μαίων
2413 3089 2695 3159 βασιλείαν
2744 3091 2779 3161 ῆ
2823 3108 2883 3143 τε
2925 3091 3081 3144 Ἀσία
3114 3094 3210 3146 καὶ
3254 3093 3495 3164 Εὐρώπη
3529 3094 3781 3161 διετέλει,

513 3205 614 3246 sua
640 3187 1002 3242 adducrurum
1035 3197 1134 3237 nos
1163 3182 1215 3235 in
1247 3195 1465 3236 onmem
1490 3178 1799 3242 veritatem,
1841 3191 1943 3231 nec
1975 3191 2094 3246 pcr-

2201 3181 2328 3251 παρ’
2363 3182 2497 3251 ἡμῖν
2533 3181 2637 3234 ἔδει
2687 3182 2787 3254 τὴν
2820 3183 3041 3237 σύνοδον
3067 3185 3446 3256 ἁθροισθῆναιζ
3514 3187 3674 3241 Ἐπεὶ
3721 3188 3780 3243 δὲ

514 3284 838 3347 missurum,
875 3291 934 3333 ut
981 3277 1201 3348 negotio
1245 3275 1450 3330 iuit-clo
1490 3281 1849 3328 revertamur.
1883 3270 1966 3326 Ad
1999 3286 2094 3323 ex-

515 3387 750 3432 tremum
786 3373 1011 3453 adjecit,
1042 3371 1086 3426 si
1126 3385 1276 3440 papa:
1308 3369 1552 3439 placeret
1586 3364 2093 3437 synodumfcolligi,

515 3468 808 3526 celerrime
850 3466 916 3519 ad
970 3479 1027 3518 se
1071 3464 1325 3516 nuntium
1369 3461 1631 3523 mitteret,
1670 3459 1759 3527 qui
1801 3473 1860 3512 se
1905 3467 1959 3511 et
2001 3474 2098 3510 au-

517 3563 706 3616 nuisse
735 3561 911 3634 ilium,
945 3564 999 3612 et
1031 3557 1100 3611 de
1128 3555 1248 3611 loco
1278 3571 1340 3608 ac
1372 3564 1641 3623 tempore,
1669 3552 1888 3620 quando
1918 3561 1973 3605 et
2004 3551 2093 3604 ubi

517 3651 834 3723 congregari
890 3650 1146 3711 debeant,
1185 3645 1473 3701 certiorem
1519 3647 1754 3709 faceret;
1801 3645 1907 3701 sibi
1946 3645 2093 3700 enim

518 3747 585 3802 ad
640 3743 979 3815 patriarchas
1049 3741 1294 3810 aliosque
1347 3738 1637 3809 episcopos
1716 3739 2099 3794 convocandos

520 3853 674 3892 tnora
711 3836 956 3907 longiore
993 3849 1133 3904 opus
1175 3835 1310 3886 fore.
1347 3832 1475 3886 Haec
1527 3832 1821 3902 imperator
1854 3832 1918 3885 ad
1957 3832 2100 3902 lega~

523 3931 726 3984 tionem
771 3914 943 3996 papie,
975 3942 1096 3995 quae
1135 3924 1298 3996 legati
1337 3923 1579 3993 episcopi
1615 3925 1971 3980 vehementer
2007 3939 2099 3993 ap—

519 4023 837 4090 probantes,
880 4032 934 4073 et
989 4034 1113 4073 cum
1170 4027 1352 4077 antea.
1394 4026 1505 4070 tum
1554 4018 1875 4080 discessuri,
1913 4018 2099 4070 multis

518 4119 587 4172 ab
620 4130 686 4171 σο
720 4113 1039 4168 muneribus
1066 4111 1223 4174 culti,
1252 4111 1307 4164 in
1337 4109 1542 4164 Italiam
1580 4110 1863 4164 redierunt
1892 4128 1905 4164 :
1939 4111 2097 4181 737

519 4227 582 4266 ac
621 4209 860 4281 pontiiit‘i
908 4206 1236 4274 legationem
1275 4203 1679 4268 renuntiantes,
1715 4203 1899 4256 multis
1931 4204 2101 4274 impe-

519 4317 759 4360 ratorem
824 4301 1080 4355 laudibus
1135 4298 1535 4368 praedicarunt,
1589 4309 1941 4366 exaratasque
1983 4312 2010 4349 a
2043 4313 2100 4350 se

519 4399 903 4468 ephemeridas
951 4393 1332 4449 ostenderunt.
1389 4388 1533 4459 Papa
1592 4398 1648 4442 et
1704 4389 1819 4456 ipse
1878 4405 1986 4442 non
2043 4405 2102 4442 se

519 4481 554 4546 θ’
581 4488 787 4561 synodo
821 4486 1128 4540 abhorrere
1163 4482 1472 4546 confessus,
1507 4479 1759 4535 celeriter
1804 4479 1971 4545 uiisit,
2004 4481 2094 4548 qui

517 4583 569 4638 ei
601 4582 871 4641 dicerent,
908 4574 1200 4630 consilium
1232 4573 1352 4642 ejus
1384 4587 1443 4626 se
1475 4573 1628 4626 valde
1659 4572 1935 4642 amplecti,
1968 4586 2098 4626 con-

504 4685 744 4731 ventum
807 4669 1192 4739 episcoporum
1249 4663 1352 4718 sibi
1416 4679 1535 4717 esse
1601 4664 1653 4716 in
1719 4663 2095 4732 optatissimis.

520 4767 790 4822 Caeterum
840 4759 1131 4829 episcopos
1173 4771 1304 4810 suos
1342 4769 1536 4810 omnes
1573 4755 1625 4807 in
1663 4771 1829 4809 unum
1869 4772 2098 4827 congre-

519 4869 697 4931 gatos,
729 4855 911 4910 locum
967 4861 1021 4906 et
1055 4861 1274 4921 tempus
1319 4848 1528 4920 synodo
1559 4850 1787 4920 agundae
1817 4850 2100 4905 nominare

519 4951 742 5008 debere.
804 4945 1031 4999 Interim
1081 4941 1226 4997 haud
1269 4941 1442 4995 multo
1475 4952 1593 5012 post
1644 4956 1861 4996 rursum
1897 4957 1926 4995 a
1960 4957 2099 5011 papa

517 5045 716 5099 litterae
765 5035 1083 5109 imperatori
1117 5034 1442 5111 redduntur,
1494 5035 1696 5104 quibus
1750 5035 2096 5100 mouebatur,

521 5145 581 5190 ut
625 5130 1183 5203 procrastinationem
1218 5126 1414 5197 synodi
1453 5127 1799 5197 negligentia:
1831 5127 1994 5183 alicui
2029 5144 2100 5182 ne

520 5225 850 5282 attribueret
879 5238 893 5275 :
922 5236 983 5276 se
1009 5219 1232 5291 quidem
1263 5220 1632 5274 Ecclesiarum
1665 5221 2102 5290 redintegrandze

522 5315 836 5375 concordiae
887 5313 1023 5368 nihil
1073 5313 1529 5367 antevertendum
1582 5314 1822 5379 ducere,
1873 5323 1928 5367 et
1996 5314 2102 5369 hoc

522 5426 694 5467 unum
729 5411 784 5464 in
822 5422 1035 5464 summe
1087 5407 1418 5460 necessariis
1457 5421 1774 5471 numerare,
1809 5407 1950 5460 bello
2004 5423 2102 5460 au-

524 5515 646 5569 tem,
679 5500 916 5556 maximo
958 5499 1011 5552 iu
1052 5498 1207 5551 Italia
1243 5499 1386 5552 inter
1424 5498 1836 5568 potentissimos
1885 5498 2101 5567 regulos

525 5599 739 5657 exorto,
783 5589 1077 5657 multisque
1115 5587 1398 5644 hominum
1444 5587 1686 5643 millibus
1725 5591 2099 5654 concursuris,

525 5685 724 5739 decere
754 5695 815 5737 se
863 5681 916 5735 in
958 5679 1150 5751 primis
1179 5691 1242 5734 ut
1269 5691 1478 5749 patrem
1513 5681 1875 5750 spiritualem.
1911 5697 2098 5750 pacem

524 5774 637 5832 illis
684 5784 736 5829 et
791 5773 962 5828 otium
1013 5774 1372 5829 cuusuadere.
1415 5774 1534 5840 Qun
1571 5787 1636 5829 ex
1669 5777 1944 5830 sententia
1988 5792 2103 5844 per-

526 5866 694 5934 fecto,
735 5866 875 5923 nihil
923 5866 1202 5938 antiquius
1255 5867 1594 5935 habiturum,
1626 5884 1786 5938 quam
1839 5870 2105 5926 consultis

2127 4524 2176 4581 D

2196 3276 2354 3330 τοῦτο
2393 3277 2487 3330 νῦν
2520 3278 2808 3347 ἀδύνατον,
2867 3280 2896 3334 ὅ
2923 3297 2983 3334 τε
3016 3282 3126 3351 γὰρ
3164 3283 3354 3345 πάπας
3387 3283 3626 3345 ἐνταῦθα
3656 3286 3783 3354 ἀφι-

2199 3371 2398 3422 κέσθαι
2444 3371 2726 3434 ἀδυνάτως
2756 3373 2893 3442 ἔχει,
2931 3374 3055 3442 ἐμοί
3085 3390 3145 3425 τε
3195 3373 3256 3426 οὐ
3308 3375 3495 3447 ῥᾴδιον
3524 3376 3784 3430 τοσοῦτον

2197 3463 2502 3534 ἀποστῆναι
2553 3464 2653 3534 τῆς
2687 3465 2883 3536 ,ἀρχῆς
2936 3465 3026 3518 διὰ
3062 3466 3188 3528 τοὺς
3232 3470 3482 3537 συνεχεῖς
3501 3468 3783 3541 ’πολέμους

2200 3556 2467 3619 καὶτοὺς
2496 3556 2841 3626 πανταχόθεν
2886 3556 3144 3621 ἐπιόντας
3195 3560 3329 3628 ἡμῖν
3377 3558 3781 3631 βαρϐάρουςέτε

2199 3648 2324 3709 τοὺς
2352 3647 2609 3717 ὁμόρους,
2638 3651 2730 3700 καὶ
2762 3649 2885 3712 τοὺς
2908 3650 3102 3713 ἄλλους
3127 3651 3417 3714 δυνάστας,
3447 3655 3650 3723 οἵαπερὶ
3681 3658 3784 3726 τὴν

2201 3737 2382 3793 πίστιν
2410 3743 2542 3812 ἡμῖν
2563 3743 2712 3795 οὐδὲν
2737 3743 3145 3812 διαφερόμενοι,
3170 3745 3319 3814 ὅμως
3343 3746 3594 3816 πολέμιοί
3617 3751 3777 3813 εἰσιν,

2201 3833 2249 3885 εί
2277 3834 2369 3886 καὶ
2395 3836 2472 3904 τῷ
2513 3835 2678 3904 πατρὶ
2726 3834 2992 3899 συνδόξειε
3034 3836 3210 3907 πάπᾳ,
3248 3839 3382 3906 πρός
3410 3856 3463 3891 τι
3499 3839 3607 3893 τῶν
3640 3857 3781 3912 παρ-

2202 3927 2367 3980 αλίων
2417 3927 2730 3997 ἀφιξόμεθα
2770 3929 2989 3997 χωρίων
3038 3931 3103 3982 ἐκ
3151 3930 3512 3999 συνθήματος,
3547 3932 3574 3984 ὃ
3601 3918 3781 4001 μέσως

2201 4019 2266 4073 ἂν
2299 4021 2450 4090 σχοίη
2481 4021 2766 4090 ἑκατέροις
2815 4022 2951 4092 πρὸς
2988 4023 3298 4077 ἀπόστασιν
3333 4023 3443 4075 τῶν
3476 4025 3636 4080 οἶκοι.
3672 4028 3783 4080 Καὶ

2203 4112 2346 4166 οὕτω
2377 4113 2835 4182 συνελευοθμεθα,
2871 4117 3078 4178 ἐκεῖνος
3115 4116 3217 4186 μὲν
3247 4116 3375 4179 τοὺς
3406 4119 3470 4169 ἐκ
3498 4116 3598 4186 τῆς
3628 4118 3784 4171 ἑσπέι

2207 4223 2301 4274 ρας
2332 4207 2475 4274 ἔχων
2509 4208 2829 4277 ἀρχιερέας,
2876 4209 2986 4275 ἐγὼ
3022 4210 3078 4260 δὲ
3125 4211 3248 4272 τοὺς
3296 4209 3644 4281 πατριάρχας
3692 4213 3786 4266 καὶ

2205 4298 2330 4360 τοὺς
2361 4297 2453 4349 ὑπ’
2504 4298 2689 4360 αὐτοῖς
2717 4299 3011 4360 τελοῦντας
3061 4290 3420 4366 ἐπισκόπους.
3455 4302 3702 4355 Πιστεύω
3729 4304 3784 4357 δὲ

2204 4387 2322 4458 Θεῴ
2381 4389 2456 4452 ὡς
2505 4390 2826 4460 ἀπράκτους
2886 4392 3036 4461 ἡμᾶς
3087 4391 3412 4444 ἐπανελθεῖν
3458 4392 3561 4445 οὐκ
3611 4380 3781 4462 ἐάσει,

2204 4482 2341 4534 ἀλλὰ
2393 4484 2458 4552 τῇ
2516 4484 2759 4552 σφετέρᾳ
2818 4483 3166 4552 χρησάμενος
3206 4482 3617 4553 φιλανθρωπίᾳ,
3664 4486 3788 4561 ῥᾷη-

2210 4574 2369 4644 γήσει
2407 4576 2554 4644 ἡμᾶς
2589 4576 2668 4637 είς
2700 4576 2883 4628 πᾶσαν
2914 4576 3012 4643 τὴν
3048 4572 3513 4646 ἀλήθειαν.”³Επὶ
3549 4560 3786 4632 τέλεῖδὲ

2210 4667 2303 4720 καὶ
2331 4667 2492 4719 τοῦτο
2521 4669 2854 4737 προσετίθει,
2886 4669 2958 4731 ὡς
3004 4670 3054 4721 εί
3097 4669 3332 4738 ἀρεστὸν
3367 4667 3452 4740 εἴη
3493 4671 3657 4742 πάπᾳ
3686 4673 3787 4743 τὴν

2205 4759 2422 4810 σύνοδον
2487 4761 2980 4829 συγκροτηθῆναι,
3026 4759 3258 4829 τάχιστα
3320 4755 3477 4824 αὖθις
3541 4763 3789 4832 πέμπειν

2203 4853 2468 4919 ἀγγελίαν
2502 4853 2640 4923 πρὸς
2671 4855 2856 4914 αὑτὸν,
2915 4854 2939 4906 ὃ
2971 4853 3024 4904 τί
3063 4871 3126 4917 ¹τε
3164 4854 3419 4907 συνέθετο
3446 4856 3786 4924 μηνύουσαν,

2203 4947 2299 4998 καὶ
2328 4947 2420 4997 τὸν
2452 4947 2617 4998 τόπον
2650 4946 2745 4997 καὶ
2774 4935 2865 4996 τὸν
2896 4946 3087 5014 χρόνον
3124 4946 3181 4997 ὲν
3220 4939 3264 5013 ᾧ
3287 4949 3571 5016 προσῆκον
3604 4948 3788 5001 συνελ-

2204 5037 2338 5092 θεῖν.
2363 5041 2476 5092 Οὺκ
2499 5038 2680 5105 ὀλίγον
2706 5038 2814 5108 γὰρ
2835 5037 3334 5108 δεήσεσθαιχρόνου
3358 5039 3449 5091 καὶ
3473 5041 3639 5094 αὑτὸν
3664 5041 3787 5104 τούς

2204 5148 2259 5184 τε
2281 5133 2626 5201 πατριάρχας
2650 5130 3150 5201 μεταπεμπόμενον
3187 5133 3277 5183 καὶ
3294 5131 3418 5193 τοὺς
3439 5131 3636 5197 ἄλλους
3668 5134 3789 5189 ἑπι-

2206 5223 2462 5284 σκόπους.
2497 5222 2752 5283 ΔΤοιαῦτα
2810 5224 2960 5292 μὲνδ
3014 5221 3455 5299 βασιλεὺςνπρδς
3497 5224 3601 5291 τὴν
3649 5240 3789 5296 πρε·

2208 5314 2397 5366 σ6είαν
2433 5317 2591 5367 πὰπα
2620 5315 2959 5382 ἀπεκρίνατο
2991 5329 3006 5344 ’
3042 5312 3138 5367 καὶ
3176 5314 3354 5367 ἐδόκει
3387 5314 3642 5385 βέλτιστα
3676 5318 3788 5382 τοῖς

2207 5405 2681 5474 πρεσϐευομένοις
2728 5405 3099 5470 ἐπισκόποις,
3142 5404 3194 5459 οἳ
3241 5406 3453 5459 πολλῶν
3517 5409 3792 5480 πρότερόν

2203 5517 2263 5551 τε
2310 5503 2401 5552 καὶ
2438 5498 2731 5568 μέλλοντες
2782 5500 3094 5571 ἀναχωρεῖν
3123 5498 3276 5568 παρά
3317 5498 3589 5569 βασιλέως
3631 5503 3794 5573 coepe

2205 5593 2407 5659 γεσιῶν
2469 5592 2728 5662 τυχόντες
2769 5620 2792 5653 -,
2849 5591 3073 5662 ἀπῆραν
3143 5590 3283 5661 πρὸς
3350 5593 3451 5660 τὴν
3512 5593 3731 5645 οίκείαν
3770 5605 3790 5624 ⁶

2205 5684 2300 5736 καὶ
2329 5682 2774 5753 ,παραγενόμενοι
2823 5685 2958 5752 πρὸς
3003 5681 3210 5749 πὰπαν,
3243 5681 3342 5750 τήν
3370 5698 3427 5733 τε
3480 5683 3789 5752 πρεσϐείαν

2205 5778 2570 5846 ἀπήγγελλον,
2604 5779 2696 5831 καὶ
2743 5776 2974 5841 πολλοὺς
3016 5775 3299 5847 διεξῄεσαν
3329 5775 3591 5840 ιπαίνους
3638 5777 3785 5848 ὑπὲρ

2207 5871 2498 5944 βασιλέως,
2545 5877 2644 5925 καὶ
2682 5872 2780 5935 τὰς
2829 5872 3227 5942 γεγραμμένας
3278 5869 3618 5939 δφημερίδας
3669 5869 3791 5921 ἐπ’-ο
