4028 6288
541 370 611 433 79
1727 361 2048 421 JOANNIS
2087 359 2618 422 CAN'I‘ACUZENI
3699 363 3762 425 ὶθ

539 484 612 539 ob
637 481 926 538 dimissum
968 472 1216 540 militem,
1259 489 1422 545 quem
1471 489 1690 529 rursum
1753 489 1949 554 cogere
1997 482 2105 528 tam

2218 491 2373 527 τινων
2403 473 2722 544 φροντίδων.
2749 471 2962 538 Μεταξὺ
2984 473 3042 526 δὲ
3076 473 3338 538 ὁδεύοντι,
3372 473 3665 544 ἠγγέλλετο
3692 476 3770 540 ὡς’

543 577 695 646 brevi
741 583 988 643 tempore
1031 585 1141 625 non
1191 577 1429 640 poterat,
1463 566 1872 636 metuebatque,
1905 581 1974 621 ne
2020 565 2104 619 in-

543 678 692 723 terea
737 667 866 722 dum
918 671 1171 736 cogeret,
1213 662 1393 716 Persae
1442 675 1564 715 cum
1615 660 1791 728 praeda
1831 658 1887 711 in
1922 657 2103 712 Asiam

543 754 971 827 renavigarent,’
1021 763 1076 809 et
1130 753 1245 824 ipse
1296 751 1575 806 incassum
1631 749 1866 805 veniret.
1914 750 2105 816 Itaque

541 859 788 913 coactus,
822 856 1147 918 praesentem
1184 844 1397 914 copiam
1450 843 1509 898 in
1557 842 1678 897 illos
1713 842 1880 906 ducit,
1914 849 1967 896 et
2005 857 2103 912 po-

543 942 738 997 stridie
780 927 923 1010 apud
973 945 1215 993 montem
1254 932 1468 1006 Lippici
1519 935 1849 1005 appellatum
1894 943 2106 988 castra-

543 1031 875 1087 metantibus
924 1028 1348 1099 appr0pinquat.
1384 1025 1551 1081 Forte
1581 1025 1640 1080 in
1675 1027 1796 1081 loco
1843 1023 2107 1094 impedito

543 1122 723 1178 Persa:
778 1121 1091 1186 tendebant,
1129 1127 1184 1173 et
1238 1118 1624 1187 imperatorem
1672 1115 1967 1189 conﬂigere
2012 1130 2109 1172 vo-

544 1215 745 1269 lentem
789 1213 979 1268 adesse
1025 1211 1368 1265 nesciebant.
1415 1211 1714 1280 lmperator
1746 1219 1930 1265 autem
1971 1208 2106 1266 locis

542 1304 874 1368 difficilibus,
910 1302 1178 1371 fossisque
1234 1309 1289 1355 et
1323 1300 1554 1355 vallibus
1587 1300 1937 1370 interruptis,
1968 1315 2106 1370 quos

542 1399 778 1453 ducebat
815 1396 1216 1464 cataphractos,
1251 1393 1565 1462 sagittariis
1591 1393 1807 1448 levibus
1862 1403 1919 1447 et
1952 1407 2107 1464 expe-

541 1491 672 1544 ditis
723 1486 1077 1558 opponeudos
1126 1501 1233 1540 non
1283 1485 1529 1554 putabat.
1567 1483 1701 1539 Nam
1746 1493 2103 1556 praeterquam

541 1582 690 1652 quod
745 1580 926 1648 plures
975 1588 1154 1641 erant,
1197 1577 1362 1631 etiam
1416 1575 1787 1632 difficultatem
1844 1578 1948 1633 loci
1998 1595 2105 1633 non

541 1690 734 1746 parum
767 1674 833 1728 iis
856 1673 920 1727 ad
948 1673 1229 1726 victoriam
1264 1671 1528 1725 momenti
1559 1671 1865 1726 allaturam.
1897 1671 2110 1728 Idcirco

545 1766 917 1837 prospiciebat
969 1763 1105 1825 suis,
1148 1774 1220 1818 ut'
1256 1762 1308 1816 in
1357 1762 1492 1818 locis
1541 1763 1911 1830 opacissimis,
1941 1775 1996 1820 et
2037 1765 2107 1821 ad

2207 564 2347 618 κατά
2399 566 2492 617 τὸν
2562 563 2958 634 Ἑλλήσποντον
3015 563 3246 634 στρατιά
3291 563 3516 634 Περσῶν
3576 567 3761 639 ἱππικὴ

2207 654 2578 724 περαιωθετσα
2633 655 2800 723 ὀλίγῳ
2847 653 3106 719 ἐλάσσους
3141 654 3419 725 δισχιλίων
3447 655 3760 725 ἐπιλέκτων,

2208 745 2475 814 ἐτράπετο
2518 745 2609 798 ἐπὶ
2656 743 2949 815 λεηλασίαν
2984 745 3125 799 κατά
3167 744 3268 809 τὰς·
3311 745 3410 815 τῆς
3432 744 3650 818 Θρᾴκης
3676 750 3765 804 πό-

2207 837 2342 901 λεις.
2375 836 2611 908 Ἥχθετο
2662 837 2761 906 μὲν
2807 834 2902 891 οὖν
2959 836 3124 902 εὐθὺς
3164 840 3192 892 ό
3245 837 3500 908 βασιλεὺς
3535 839 3626 890 ἐπὶ
3671 837 3764 905 τῆς

2208 907 2481 998 στρατιᾶς
2518 932 2585 1000 τῇ
2634 918 2907 984 διαλύσει·
2955 907 3409 1000 μεταπέμπεσθαι
3461 929 3570 1000 γὰρ
3619 925 3763 991 αὖθις

2206 1024 2307 1076 οὐκ
2338 1023 2484 1092 ἐνῆν,
2515 1024 2616 1076 οὐκ
2639 1023 2997 1090 ἐξαρκοῦντος
3017 1020 3112 1077 τοῦ
3141 1023 3355 1094 χρόνου.
3405 1022 3627 1079 Ἐδεδίει
3658 1026 3761 1094 γὰρ

2211 1115 2286 1186 μὴ
2311 1116 2367 1166 ὲν
2389 1106 2434 1182 ᾧ
2473 1114 2573 1184 τὴν
2605 1114 2864 1184 στρατιὰν
2908 1113 3180 1181 συλλέγων
3226 1113 3515 1186 διατρίϐοι,
3549 1113 3597 1166 oi
3633 1115 3764 1183 Πέρ-

2210 1223 2301 1261 σαι
2335 1207 2432 1276 μὲν
2467 1209 2567 1276 τὴν
2609 1206 2760 1260 λείαν
2790 1206 3018 1274 ἄγοντες
3061 1201 3220 1270 αὖθις
3271 1206 3653 1277 περαιωθιῖηιν
3693 1208 3766 1268 είς

2221 1296 2428 1364 Ἀσίαν,
2489 1298 2767 1370 ὐστερὴσῃ
2811 1296 2869 1350 δὲ
2923 1296 3116 1354 ἐλθών.
3167 1298 3332 1353 Ὅθεν
3381 1300 3475 1362 είς·
3529 1298 3770 1368 ἀνάγκην

2211 1389 2643 1459 συνωθούμενος,
2673 1388 2870 1461 ἐχώρει
2917 1389 3037 1461 μεθ’
3071 1382 3147 1445 ὧν
3189 1385 3338 1461 εῖχεν
3380 1390 3470 1444 ἐπ’
3513 1388 3766 1452 ἐκείνους,

2209 1483 2305 1538 καὶ
2359 1482 2440 1546 είς
2493 1482 2590 1553 τὴν
2625 1483 2908 1547 ἐπιοῦσαν,
2952 1483 3120 1553 ἐγγὺς
3147 1476 3386 1553 ’ἐγένετο
3433 1482 3679 1551 Περσῶν,
3723 1481 3769 1534 οἳ

2210 1574 2766 1645 ἐστρατοπεδευμένοι
2810 1570 2953 1646 ἦσαν
2993 1575 3135 1629 κατὰ
3165 1574 3225 1630 τὸ
3259 1575 3356 1641 τοῦ
3388 1575 3620 1637 Λὶπικος
3652 1573 3769 1644 δρος

2211 1667 2778 1740 προσαγορευόμενον.
2838 1668 3046 1738 Συνέϐη
3105 1669 3162 1724 δὲ
3214 1668 3275 1723 ἐν
3332 1685 3392 1722 τε
3448 1667 3771 1737 δυσχωρίαις

2208 1759 2334 1824 τοὺς
2372 1759 2590 1830 Πέρσας
2635 1759 3188 1830 ἑστρατοπεδεῦσθαι,
3233 1761 3328 1816 καὶ
3370 1761 3539 1832 μηδὲν
3581 1759 3770 1812 ειδέναι

543 1859 931 1914 occultandam
979 1872 1101 1911 sese
1149 1857 1362 1912 idoneis
1407 1856 1787 1922 denserentur,
1821 1871 1945 1911 cum
1979 1872 2107 1912 cau-

2218 1853 2338 1920 nepi
2381 1851 2667 1921 βασιλέως,
2699 1852 2775 1918 ὡς
2803 1853 2970 1921 ἐγγὺς
3012 1854 3099 1924 εἴη
3147 1853 3563 1925 συμπλέκεσθαι
3595 1851 3773 1923 βουλό-

545 1956 695 2009 tione
751 1953 943 2017 multa,
989 1967 1056 2006 ne
1114 1967 1142 2004 a
1190 1951 1451 2006 Barbaris
1500 1950 1978 2020 conspicerentur.
2030 1951 2110 2008 ita

545 2047 814 2116 reliquum
856 2045 995 2099 diem
1045 2043 1465 2111 consumebant,
1497 2043 1748 2099 fallentes
1792 2044 1914 2100 illos
1953 2045 2046 2114 qui
2079 2059 2112 2101 ο

547 2138 770 2208 regione
804 2147 979 2193 castra
1013 2134 1467 2208 habebant..Sole
1493 2136 1604 2205 jam
1638 2135 1944 2200 occidente,
1974 2135 2108 2192 Bar-

545 2230 661 2288 bari
695 2231 890 2286 castris
923 2231 1221 2299 praedatum
1258 2243 1367 2298 quo
1400 2228 1603 2283 libebat
1637 2229 2022 2298 procedebant,
2057 2238 2113 2283 et

546 2321 843 2392 imperator
881 2335 976 2374 eos
1015 2319 1161 2373 lento
1198 2319 1368 2388 gradu
1414 2327 1526 2373 tota
1576 2329 1738 2374 nocte
1776 2321 2112 2377 omnimodis

545 2414 718 2468 latere
763 2413 992 2468 studens
1044 2411 1395 2481 sequebatur.
1431 2411 1594 2482 739
1628 2411 1856 2468 Postero
1908 2415 1995 2468 die
2043 2415 2111 2469 ad

547 2504 822 2558 Mesenam
874 2502 1134 2570 oppidum
1192 2501 1408 2570 agmina
1463 2502 1624 2555 ambo
1677 2502 1938 2567 veniunt,
1989 2519 2114 2558 con-

546 2595 808 2665 flictuque
857 2593 1014 2668 inito,
1055 2590 1280 2646 Romani
1331 2591 1582 2662 plurimis
1617 2593 1976 2649 Barbarorum
2020 2611 2114 2651 oc-

547 2688 698 2751 cisis,
734 2684 922 2740 multis
960 2683 1122 2738 etiam
1169 2682 1364 2751 captis,
1400 2683 1603 2738 virtute
1646 2684 1927 2738 victoriam
1963 2685 2112 2741 obti-

550 2787 804 2833 nuerunt.
846 2777 904 2830 ln
944 2793 1122 2846 pugna
1170 2777 1310 2831 alter
1363 2775 1598 2841 ducum,
1653 2775 2114 2834 Caramacbumet

549 2868 833 2931 vocabulo,
872 2868 1104 2928 occidit;
1146 2866 1300 2933 pauci
1351 2866 1444 2934 qui
1494 2865 1548 2918 in
1598 2884 1837 2935 praesens
1879 2883 2111 2925 mortem

547 2961 878 3031 efl'ugeruut,
915 2974 1038 3012 cum
1092 2958 1468 3011 Maratumano
1497 2959 1667 3012 altero
1705 2960 1843 3013 duce
1878 2961 2115 3016 desertis

550 3055 708 3124 equis
753 3052 945 3107 collem
998 3055 1286 3118 quemdam
1337 3059 1698 3119 occuparunt,
1739 3050 1880 3104 unde
1922 3053 2115 3106 crebro

2213 1961 2406 2015 μενος..
2430 1945 2653 1999 Βασιλεῖ
2679 1947 2735 1999 δὲ
2761 1946 2861 1999 οὐκ
2902 1946 3077 2000 ἐδόκει
3097 1946 3206 2000 δεῖν
3235 1948 3294 2002 ιν
3319 1946 3652 2018 δυσχωρίαις
3687 1944 3774 1999 καὶ

2211 2037 2460 2108 τάφροις,
2488 2037 2584 2090 καὶ
2619 2039 2860 2110 φάραγξι
2897 2040 3350 2110 διατετμημένοις
3382 2035 3777 2122 χωρίοιςθτοξόο

2208 2147 2331 2193 ταις
2385 2130 2480 2184 καὶ
2539 2131 2824 2186 εὐσταλέσι
2885 2135 2979 2187 καὶ¹
3035 2135 3297 2204 κούφοις,
3355 2130 3774 2203 καταφράκτους

2210 2223 2357 2290 ἄγων
2403 2222 2818 2291 συμπλέκεσθαι
2879 2223 3020 2297 πρὸς
3079 2227 3285 2297 μάχην.
3350 2225 3495 2296 Πρὸς
3548 2224 3663 2295 γάρ
3705 2220 3778 2292 τῷ

2212 2311 2645 2375 πολλαπλασίους
2691 2309 2862 2382 εἶναι,
2904 2316 2998 2368 καὶ
3052 2317 3084 2387 ή
3138 2315 3419 2387 δυσχωρία
3469 2315 3574 2369 οὐκ
3629 2313 3780 2382 ὀλίγα

2215 2404 2578 2474 συμϐαλεῖται
2638 2405 2774 2474 πρὸς
2826 2405 2924 2476 τὴν
2980 2407 3273 2477 νίκην-δι’
3319 2407 3356 2462 ἃ
3410 2407 3630 2461 ἐκέλευε
3687 2406 3780 2479 τὴν

2213 2497 2477 2569 στρατιὰν
2508 2496 2936 2568 καταζευγνύειν
2961 2501 3021 2555 ὲν
3046 2501 3235 2566 τόποις
3283 2500 3522 2572 μάλιστα
3550 2515 3777 2570 συνηρεο

2213 2589 2338 2658 φέσι
2377 2591 2470 2642 καὶ
2506 2589 2824 2659 δυναμένοις
2848 2592 3251 2664 ἀποκρύπτειν,
3283 2591 3488 2665 πολλὴν
3516 2595 3776 2671 πρόνοιαν

2213 2684 2569 2752 ποιουμένους
2601 2684 2676 2754 μὴ
2707 2684 2999 2757 κατάδηλοι
3025 2687 3279 2754 γενέσθαι
3314 2690 3426 2750 τοῖς
3457 2685 3775 2758 βαρϐάροις.

2212 2778 2320 2830 Καὶ
2350 2776 2612 2847 διήγαγον
2638 2778 2782 2832 οὕτω
2810 2779 2871 2832 τὸ
2901 2780 3087 2832 λεῖπον
3120 2779 3221 2849 τῆς
3249 2762 3466 2849 ἡμέρας
3495 2780 3612 2845 τοῖς
3655 2777 3782 2848 βαρ-

2213 2867 2400 2937 ϐάροις
2428 2869 3140 2940 ἀντιστρατοπεδευομένοις
3181 2867 3564 2938 ἀγνοούμενοι.
3593 2868 3783 2922 Δύνονο

2214 2978 2305 3023 τος
2338 2962 2394 3013 δὲ
2420 2962 2569 3031 ἡλίου
2595 2961 2718 3032 ἤδη,
2744 2961 2798 3014 οἰ
2818 2979 2879 3015 τε
2910 2963 3184 3031 Βάρϐαροι
3211 2965 3275 3016 ὲκ
3299 2961 3393 3016 τοῦ
3420 2960 3785 3029 στρατοπέδου

2215 3055 2468 3124 ἄραντες,
2503 3055 2751 3120 ἐϐάδιζον
2780 3073 2813 3130 ῃ
2842 3056 3027 3118 αὐτοῖς
3053 3055 3228 3109 ἐδόκει
3256 3058 3348 3112 ἐπὶ
3371 3055 3448 3126 τῷ
3474 3055 3786 3123 ληῖσασθαι.

552 3147 604 3197 in
670 3143 946 3196 Ron'ianos
994 3141 1333 3211 iaculantes,
1388 3138 1695 3208 multosque
1752 3149 1807 3192 et
1852 3156 2024 3208 equos
2062 3151 2112 3195 et

2220 3147 2326 3196 Καὶ
2364 3147 2390 3197 ὁ
2431 3146 2684 3212 βασιλεὺς
2712 3145 2810 3216 τὴν
2842 3148 3100 3217 στρατιὰν
3131 3146 3292 3217 ἔχων,
3329 3148 3413 3220 ᾔει
3456 3141 3624 3218 σχολῇ
3656 3161 3786 3199 κατ⁸

551 3223 751 3290 milites
785 3234 1128 3287 vulnerantes
1164 3247 1284 3286 sese
1319 3233 1628 3286 tuebantur.
1672 3231 1971 3302 [inperator
2001 3235 2116 3286 suis

551 3331 790 3386 cdicens,
820 3329 897 3380 uti
929 3341 1104 3395 pugna
1139 3326 1498 3388 abstinerent,
1525 3327 1746 3394 propior
1773 3327 1964 3394 factus,
1989 3326 2118 3380 Per-

552 3438 640 3476 sas
691 3437 748 3474 se
798 3419 995 3473 dedere
1038 3416 1222 3484 jussit,
1261 3416 1402 3469 nihil
1447 3417 1669 3485 gravius
1719 3417 2116 3486 formidantes;

553 3524 670 3570 erat
702 3515 848 3568 enim
877 3512 982 3566 illis
1014 3510 1155 3564 haud
1187 3509 1425 3580 ignotus.
1452 3509 1647 3580 quippe
1671 3512 1890 3578 quicum
1918 3511 2119 3578 smpins

552 3603 695 3657 bello
728 3601 872 3656 civili
909 3599 1294 3653 militaverant.
1328 3596 1432 3662 Qui
1467 3597 1828 3659 affirmarunt.
1866 3601 1917 3653 in
1953 3601 2122 3655 armis

555 3709 652 3764 pro
688 3709 744 3748 se
780 3693 1100 3746 dimicantes
1135 3701 1349 3758 paratos
1378 3690 1723 3755 occumbere,
1756 3706 1852 3746 nec
1882 3692 2117 3760 abjicere

553 3802 705 3857 spem
754 3785 966 3846 salutis,
1005 3797 1104 3836 nec
1143 3797 1266 3836 cum
1302 3796 1563 3850 generosa
1608 3793 1784 3838 morte
1829 3784 1883 3836 in
1929 3786 2118 3854 praelia

554 3889 768 3947 turpem
825 3886 878 3930 et
919 3876 1180 3946 abjectam
1227 3875 1546 3928 servitutem
1581 3885 1918 3930 commutare
1957 3877 2119 3932 velle.

556 3971 795 4025 Vocante
847 3978 1025 4022 autem
1076 3982 1177 4030 eo,
1231 3967 1591 4035 hortanteque
1641 3967 1718 4020 uti
1778 3967 2114 4024 confidentes

556 4060 690 4113 nihil
730 4073 887 4112 secus
929 4071 1202 4125 passuros,
1239 4056 1470 4110 libenter
1511 4071 1567 4110 se
1604 4056 1894 4122 traderent,
1931 4058 2115 4116 statim

555 4159 924 4214 accesserunt,
963 4157 1016 4202 et
1063 4147 1400 4212 circumfusi,
1437 4162 1562 4202 eum
1606 4147 1778 4200 solum
1835 4149 1888 4200 in
1939 4148 2122 4203 medio

559 4247 814 4299 habentes
875 4243 1204 4305 adorarunt,
1258 4241 1417 4310 eique
1469 4240 1632 4308 pedes
1686 4240 1916 4294 osculati
1967 4248 2116 4295 sunt;

563 4337 674 4403 Quo
728 4336 847 4389 illos
899 4335 1228 4402 alloquente,
1265 4342 1322 4384 et
1365 4329 1868 4399 iniquum'facinus
1920 4343 2118 4399 expro-

559 4431 768 4488 brante,
808 4426 950 4493 quod
990 4424 1146 4476 amici
1182 4435 1305 4474 cum
1363 4426 1568 4482 essent,
1609 4421 1664 4474 in
1699 4435 1850 4474 suam
1896 4421 2120 4490 provin-

2219 3237 2346 3288 όπιν
2374 3237 2460 3290 διά
2504 3237 2684 3306 πάσης
2717 3239 2813 3308 τῆς
2854 3237 3071 3302 νυκτὸς,
3101 3240 3285 3293 πᾶσαν
3314 3238 3576 3309 πρόνοιαν
3607 3235 3786 3290 ποιού-

2223 3344 2383 3396 μενος
2431 3326 2784 3397 ἀγνοηθῆναι.
2821 3327 2900 3399 Τῇ
2953 3328 3182 3400 tato-Jan
3235 3310 3395 3384 δι’ὲν
3431 3329 3667 3400 Μεσήνῃ
3719 3324 3782 3395 τῇ

2219 3420 2370 3472 πόλει
2432 3421 2734 3491 συνηνέχθη
2790 3422 2858 3474 τὰ
2918 3421 3262 3492 στρατόπεδα
3312 3421 3647 3492 ἀμφότερα,
3699 3419 3787 3474 καὶ

2220 3508 2522 3580 γενομένης
2554 3509 2854 3580 συμϐολῆς,
2885 3511 3082 3565 ἐνίκων
3111 3512 3158 3565 oi
3187 3510 3450 3580 Ῥωμαῖοι
3483 3511 3631 3566 κατὰ
3662 3509 3790 3582 κρά-

2219 3617 2331 3664 τος,
2379 3603 2472 3654 καὶ
2511 3601 2639 3664 τοὺς
2674 3601 2962 3664 πλείστους
3001 3601 3104 3671 μὲν
3155 3602 3404 3657 ἔκτειναν
3435 3600 3547 3656 τῶν
3571 3600 3787 3672 Βαρϐά-

2226 3711 2331 3762 ρων
2358 3735 2372 3759 ,
2407 3687 2547 3746 εἷλον
2593 3695 2647 3746 δὲ
2679 3696 2770 3747 καὶ
2801 3694 3009 3759 ζῶντας
3039 3693 3288 3758 πολλούς.
3323 3694 3525 3747 Ἕπεσε
3560 3694 3619 3747 δὲ
3643 3693 3734 3746 καὶ
3765 3691 3790 3743 6

2223 3789 2406 3860 ἔτερος
2442 3790 2548 3844 τῶν
2598 3793 2922 3862 στρατηγῶν
2955 3790 3097 3846 κατὰ
3128 3793 3228 3861 τὴν
3283 3791 3788 3865 μάχην,,Καραμα-

2221 3883 2425 3952 χούμετ
2461 3883 3030 3952 προσαγορευόμενος.
3077 3883 3138 3935 ’0
3166 3881 3220 3935 δὲ
3262 3881 3451 3944 λοιπὸς
3498 3882 3793 3951 Μαρατου-

2225 3972 2414 4042 μάνος,
2473 3974 2690 4041 ὀλίγους
2737 3974 2850 4028 τῶν
2905 3975 2963 4027 ὲν
3020 3973 3096 4044 τῷ
3144 3975 3349 4031 αὐτίκα
3393 3973 3452 4027 τὸ
3500 3975 3800 4028 ἀποθανεῖν

2221 4063 2594 4132 διαφυγόντων
2655 4065 2831 4135 ἔχων,
2885 4066 2996 4121 τῶν
3060 4067 3243 4122 ἵππων
3290 4068 3602 4131 ἀποϐάντες
3651 4067 3794 4135 λόφῳ

2224 4154 2652 4226 προσεχώρησαν
2713 4172 2854 4212 τινι·
2911 4158 3007 4212 καὶ
3074 4161 3451 4222 καταστάντες
3523 4160 3795 4230 ⁴Ιιμύνοντο

2226 4247 2510 4316 βάλλοντες
2537 4252 2748 4322 συχνοῖς
2778 4253 2891 4314 τοϊς
2923 4252 3138 4321 βέλεσιν
3181 4254 3290 4308 ἀπὸ
3338 4253 3432 4307 τοῦ
3461 4255 3636 4324 λόφου
3671 4255 3794 4315 τοὺς

2239 4342 2562 4411 Ῥωμαίους,
2597 4343 2691 4397 καὶ
2729 4345 2957 4409 πολλοὺς
2987 4345 3316 4416 ἐτίτρωσκον
3366 4345 3712 4416 στρατιώτας
3739 4360 3795 4397 τε

2228 4427 2322 4488 καὶ
2345 4433 2566 4498 ἵππους.
2592 4433 2869 4496 Κελεύσας
2891 4435 2946 4488 δὲ
2976 4439 3004 4490 ό
3032 4435 3290 4506 βασιλεὺς
3317 4435 3661 4506 ἀποσχέσθαι
3696 4435 3793 4507 μάν

557 4523 695 4573 ciant
748 4518 1069 4577 irruissent,
1120 4514 1460 4581 Nicephorus
1503 4512 1728 4580 despota
1783 4526 1948 4580 gener
1994 4527 2115 4567 cum

2227 4543 2327 4595 χης
2356 4525 2420 4577 τὸ
2468 4527 2854 4596 στρατόπεδον,
2891 4529 3058 4597 ἐγγὺς
3109 4533 3404 4601 γενόμενος
3458 4530 3648 4595 αὐτὸς,
3679 4527 3798 4584 ἐκέ-

559 4610 996 4666 adolescentibus
1045 4606 1369 4675 quibusdam
1420 4603 1694 4658 nobilibus
1741 4611 1946 4658 temere
1996 4618 2122 4673 per-

560 4703 792 4757 turbatis
834 4700 1140 4759 ordinibus,
1173 4699 1226 4750 in
1269 4707 1573 4750 extremum
1607 4695 1905 4750 discrimen
1933 4695 2124 4766 impe-

560 4808 792 4850 ratorem
828 4792 1080 4861 conjecit.
1119 4790 1332 4843 Etenim
1366 4795 1588 4858 repente
1619 4787 1672 4840 in
1702 4787 2124 4843 circumstantes

560 4889 750 4942 Persas
801 4886 1147 4938 incurrentes
1185 4895 1280 4934 eos
1325 4882 1442 4934 neci
1490 4879 1712 4935 dabant.
1753 4880 1858 4947 Qui
1905 4881 2125 4940 nudatis

558 4981 803 5038 ensibus,
843 4975 1016 5039 facile,
1058 4975 1102 5027 si
1137 4973 1456 5037 voluissent,
1494 4972 1876 5042 imperatorem
1917 4973 1972 5028 in
2007 4989 2124 5029 me-

559 5075 649 5126 dio
682 5087 870 5128 eorum
907 5068 1298 5124 consistentem
1352 5066 1735 5122 trucidassent.
1781 5065 1902 5122 Rati
1938 5083 2120 5137 porro,

560 5164 632 5218 id-
663 5162 806 5232 quod
858 5169 994 5220 erat,
1037 5166 1234 5229 praeter
1285 5157 1430 5209 illius
1477 5155 1810 5210 voluntatem
1860 5157 2124 5213 militibus

562 5251 910 5308 turbantibus
941 5249 993 5303 id
1024 5249 1310 5311 accidisse,
1341 5246 1479 5301 nihil
1512 5256 1710 5317 praeter
1752 5246 1832 5301 fas
1872 5258 2120 5319 egerunt.

561 5346 857 5414 Imperator
917 5350 974 5394 ut
1036 5338 1300 5409 quosdam
1355 5338 1562 5408 aspexit
1621 5338 1888 5404 interfici,
1943 5342 2125 5395 statim

560 5437 782 5493 Persica
837 5436 1014 5504 lingua
1067 5433 1378 5495 mandavit,
1438 5431 1515 5486 uti
1571 5429 1628 5485 in
1679 5431 1870 5486 collem
1932 5433 2126 5490 salutis

561 5543 723 5584 causa
790 5525 1174 5596 confugerent,
1239 5524 1550 5578 uec-enim
1619 5521 1836 5578 Persice
1899 5524 2127 5580 omnino

561 5619 859 5677 nesciebat.
890 5618 1093 5673 Novem
1130 5617 1226 5672 illo
1255 5616 1486 5686 impetu,
1520 5630 1628 5671 una
1658 5629 1783 5670 cum
1812 5615 2128 5678 duca'desi-

562 5713 803 5776 demtis,
858 5711 1003 5766 colle
1045 5695 1234 5765 rursus
1291 5723 1626 5775 conscenso,
1685 5723 1922 5779 pugnam
1980 5708 2128 5766 ciere

563 5799 899 5860 institerunt.
935 5803 1248 5873 Imperator
1276 5801 1360 5857 ira
1403 5799 1797 5866 inﬂammatus.
1830 5813 2124 5876 generum-

2224 4613 2347 4667 λευε
2398 4616 2512 4677 τοῖς
2562 4617 2803 4688 Πέρσαις
2845 4623 3194 4691 προσχωρεῖν
3243 4621 3393 4692 αὐτῷ
3447 4622 3618 4692 μηδὲν
3671 4623 3798 4675 01:0-

2225 4705 2524 4770 πτεύοντας
2580 4709 2776 4765 δεινόν.
2809 4705 2917 4764 Ἦν
2952 4713 3062 4780 γὰρ
3113 4715 3298 4776 αὐτοῖς
3363 4713 3464 4768 οὐκ
3515 4714 3796 4781 ἀγνωστος

2225 4797 2488 4861 πολλάκις
2545 4801 2984 4871 συστρατεύσασι
3031 4803 3172 4858 κατά
3229 4793 3468 4859 τδνιτοῦ
3524 4805 3795 4875 ἐμφυλίου

2226 4890 2464 4959 πολέμου
2521 4893 2731 4963 χρόνον.
2766 4894 2832 4949 Oi
2883 4895 2929 4947 δ’
2959 4897 3168 4966 ἔφασαν
3217 4897 3444 4970 γνώμης
3477 4895 3578 4968 μὲν
3623 4897 3796 4958 οὕτως

2226 4978 2391 5050 ἔχειν,
2427 4981 2500 5044 ὡς
2539 4983 2600 5036 ἐν
2655 4983 2766 5045 τοῖς
2810 4984 2994 5049 ὅπλοις
3037 4986 3402 5057 ἀποθνήσκειν
3437 4987 3794 5062 ἀμυνόμενοι,

2227 5075 2320 5126 καὶ
2376 5072 2450 5142 μὴ
2500 5077 2938 5146 καταπροῖεσθαι
2969 5077 3068 5141 τὰς
3094 5077 3191 5132 τοῦ
3228 5078 3501 5144 σώζεσθαι
3532 5078 3793 5141 ἐλπίδας·

2231 5165 2354 5234 μηδ’
2406 5164 2760 5220 ἀλλάττεσθαι
2827 5168 3074 5224 δουλείαν
3146 5171 3380 5242 αἰσχρὰν
3438 5171 3535 5224 καὶ
3595 5171 3793 5239 ἀγεννῆ

2226 5260 2348 5312 ἀντὶ
2372 5258 2467 5313 τοῦ
2500 5261 2848 5332 μαχομένους
2877 5263 3143 5330 γενναίως
3184 5264 3572 5333 ἀποθνήσκειν.
3620 5260 3795 5316 Αὐτοῦ

2226 5351 2284 5405 δὲ
2338 5351 2633 5414 καλοῦντος
2698 5353 2794 5406 καὶ
2871 5354 3187 5418 κελεύοντος
3242 5353 3591 5426 θαρῤεἶν,ὠς
3646 5354 3796 5408 οὐδὲν

2228 5441 2638 5512 ὑπομενοῦντας
2668 5443 2915 5512 ἀγεννὲς,
2945 5445 3240 5516 προθύμως
3270 5447 3605 5519 ὲγχειρίσειν
3629 5447 3794 5517 σφᾶς,

2227 5535 2324 5588 καὶ
2361 5534 2674 5606 προσῄεσαν
2727 5536 2951 5601 αὐτίκα,
2979 5540 3074 5592 καὶ
3119 5541 3557 5612 περιϊστάμενοι,
3595 5553 3796 5610 προσε-

2228 5620 2421 5674 κύνουν
2441 5622 2537 5675 καὶ
2567 5622 2879 5692 ἠσπάζοντο
2908 5625 3036 5689 τοὺς
3061 5627 3231 5691 πόδας
3286 5628 3449 5697 μόνον
3475 5627 3696 5699 ἔχοντες
3730 5631 3794 5680 ιν

2228 5710 2436 5783 μέσοις.
2483 5713 2878 5787 Διαλεγομένου
2909 5716 2966 5770 δὲ
2997 5716 3210 5771 ἑκείνου
3251 5722 3364 5784 τοῖς
3403 5704 3672 5791 Πέρσαις,
3703 5720 3794 5773 καὶ

2225 5805 2325 5876 τήν
2359 5807 2754 5878 ἀγνωμοσύνην
2788 5808 3170 5876 ὀνειδίζοντος,
3196 5814 3280 5868 ὅτι
3301 5813 3413 5868 τῶν
3445 5812 3620 5884 φίλων
3642 5812 3794 5874 ὄντες
