4128 6290
460 367 525 434 9t
1663 395 1986 459 IOANNIS
2023 399 2550 465 CANTACUZENI
3241 444 3244 445 ί
3655 397 3728 466 92

456 484 632 551 lilius,
684 486 899 548 Μυηυοί
961 493 1467 574 Pbilantbropenus
1528 509 1818 577 praefectus
1867 516 2027 593 navis

2144 517 2620 582 ἐλπίδας-τοῦῖκαὶ
2647 518 2707 571 ἐν
2758 521 2870 586 τοῖς
2909 517 3114 593 τείχεσι
3159 519 3614 589 διασωθὴσεσθαι.
3656 520 3724 575 Δί

448 580 742 647 pnemriat,
787 585 871 639 vir
912 604 1074 645 manu
1100 606 1402 666 promptus,
1442 592 1872 675 imperatorique‘
1911 608 2041 665 cha-

454 669 729 730 rissimus.
763 675 904 732 Tum
956 681 1176 739 Galatrei
1231 690 1550 750 instauratis
1598 699 1794 755 animis
1843 718 2040 771 prove-

455 762 686 829 bunzur,
723 785 893 828 naves
943 773 1181 832 hostium
1233 786 1540 851 retrahunt,
1579 805 1781 861 easque
1821 797 2040 853 nemine

455 859 788 923 prohibente
820 878 915 921 aut
939 870 1240 929 ulciscente
1272 875 1504 934 ﬂammis
1552 883 1800 954 implent,
1867 899 1923 945 et
1956 891 2039 945 vi-

451 951 681 1006 ctoriam
718 959 836 1013 sine
871 964 1139 1032 sanguine
1180 983 1611 1041 consequuntur.
1651 978 1753 1044 Qui
1804 997 1934 1036 vero
1983 983 2038 1039 in

455 1046 776 1106 continente
822 1069 945 1109 cum
994 1058 1104 1114 lilio
1152 1062 1500 1132 imperatoris
1533 1081 1707 1135 erant,
1738 1077 1888 1142 operi
1921 1080 2041 1148 qui-

456 1144 579 1198 dem
614 1161 736 1202 sese
766 1151 1141 1222 accingebant.
1175 1170 1430 1227 putantes
1471 1165 1632 1222 etiam
1679 1173 1901 1230 navales
1946 1191 2041 1230 so-

452 1239 567 1293 cios
614 1257 644 1294 e
680 1245 813 1297 mari
861 1246 1279 1318 impressionem
1324 1255 1588 1318 facturos.
1625 1265 1721 1318 ASt
1747 1268 1839 1323 ubi
1871 1285 2040 1330 naves

452 1333 727 1395 Romanas
760 1342 952 1401 inanes
983 1349 1211 1406 subduci
1244 1368 1676 1429 conspexerunt,
1723 1368 1887 1424 etiam
1935 1371 2035 1446 ipsi

448 1439 911 1493 retroressernnt.
970 1443 1290 1511 Imperator,
1349 1452 1536 1507 ridens
1580 1465 1783 1514 tantam
1824 1465 2035 1534 c0piam

447 1519 616 1582 gratis
668 1524 909 1590 periisse,
953 1540 1062 1586 tam
1106 1540 1253 1604 gravi
1302 1542 1674 1601 Romanorum
1725 1553 2038 1614 calamitate

449 1608 733 1681 ingemuit.
775 1629 832 1672 ut
865 1624 956 1685 qui
991 1625 1155 1688 Deum
1192 1633 1460 1690 olTensnm
1497 1641 1598 1695 hoc
1629 1645 1808 1706 egisse
1842 1650 2041 1707 intelli-

447 1716 619 1772 geret.
651 1704 794 1765 Nihil
827 1723 1004 1770 tamen
1034 1720 1101 1773 de
1122 1707 1414 1782 altitudine
1442 1733 1606 1786 animi
1636 1737 1908 1808 discessit,
1932 1761 2035 1802 nec

446 1796 572 1864 quia
622 1801 821 1867 victus,
854 1809 1019 1865 etiam
1071 1813 1274 1872 fractus
1307 1838 1319 1871 :
1356 1824 1488 1890 quin
1533 1827 1714 1882 subito
1749 1833 1816 1886 ad
1863 1852 2034 1895 novas

447 1889 698 1949 triremes
724 1899 1068 1962 redilieandas
1098 1908 1358 1976 lignatum
1390 1915 1468 1971 ire
1506 1924 1782 1994 pracepit,
1809 1938 1855 1982 et
1882 1934 2032 2000 operi

444 1995 728 2042 curatores
779 1994 1045 2061 prmfecit.
1096 2000 1317 2061 Galatagi
1352 2025 1515 2078 porro
1547 2016 1691 2072 diem
1729 2021 1878 2077 illum
1915 1994 2033 2081 l'au-

444 2077 749 2135 stissimum
805 2104 1177 2161 numerantes,
1219 2114 1328 2168 quo
1377 2113 1455 2159 tot
1505 2107 1747 2166 hostium
1800 2119 2034 2175 navibus

447 2172 601 2224 nullo
639 2190 739 2228 suo
771 2179 962 2241 labore
994 2188 1149 2254 potiti
1182 2203 1389 2258 essent,
1418 2213 1524 2252 non
1564 2204 1740 2259 solum
1769 2209 2028 2278 epinicia,

445 2265 542 2318 sed
571 2267 795 2340 insuper
818 2276 1020 2333 soteria
1047 2282 1419 2344 celebrabant.
1443 2288 1560 2347 Jam
1592 2297 1738 2352 enim
1772 2309 1878 2356 tota
1902 2320 2031 2374 spes

444 2358 639 2415 salutis
668 2364 774 2422 levi
804 2383 1080 2429 momento
1113 2377 1220 2433 illis
1256 2387 1609 2450 pependerat.
1648 2391 1743 2448 Die
1776 2358 2029 2467 sequenti

432 2451 700 2512 ,omnil-tts
734 2457 1060 2520 triremibus
1095 2470 1209 2524 suis
1244 2471 1545 2539 instruetis.
1581 2493 1636 2537 et
1669 2493 1925 2557 tanquam
1973 2491 2029 2548 in

442 2541 669 2601 victoria
715 2559 1012 2622 coronatis,
1045 2560 1465 2639 elegantemque
1499 2573 1551 2628 in
1599 2580 1821 2636 modum
1868 2598 2025 2640 exor-

439 2640 608 2704 natis,
638 2657 702 2697 ex
746 2647 976 2706 adverso
1006 2655 1190 2721 palatii
1221 2676 1439 2720 sursum
1471 2683 1537 2722 ac
1571 2670 1829 2728 deorsum
1869 2678 2028 2733 navi-

437 2925 558 2967 surn
606 2932 805 2975 casum
842 2927 1006 2982 etiam
1060 2933 1246 2989 animo
1298 2941 1691 3009 succubuisse,
1728 2953 2027 3023 statimque

440 3006 584 3062 bello
633 3012 813 3079 posito
860 3033 1050 3085 pacem
1106 3029 1500 3099 expetiturum,
1547 3045 1600 3090 et
1646 3041 1906 3107 spatium,
1938 3006 2025 3104 Ide

430 3111 555 3165 vquo
597 3116 784 3173 supra,
831 3109 936 3165 illis
979 3112 1309 3172 donaturum
1356 3121 1788 3183 arbitrabantur.
1823 3132 1925 3188 Sed
1963 3145 2024 3191 ut

437 3203 593 3257 spem
629 3207 858 3253 eventus
886 3201 1098 3272 fefellit,
1127 3222 1365 3281 eumque
1402 3231 1570 3272 novas
1599 3221 1851 3279 triremes
1878 3240 2030 3280 com-

437 3281 739 3354 pingcndas
765 3289 1033 3352 locavisse
1059 3300 1415 3369 audiverunt,
1448 3325 1637 3376 pacem
1681 3329 1778 3381 per
1816 3316 2028 3387 legatos

437 3389 824 3444 poposcerunt.
886 3390 963 3443 Ae
1025 3393 1264 3460 primum
1328 3401 1547 3469 quidem
1607 3404 1676 3459 de
1739 3409 1860 3463 loco
1925 3412 2026 3466 sibi

438 3470 799 3542 relinquendo
853 3480 1239 3551 imperatorem
1295 3503 1678 3564 tentavernnt;
1748 3520 1912 3571 quem
1967 3516 2027 3562 ut

339 3618 342 3622 ,
438 3563 794 3636 intrepidum,
831 3584 885 3628 et
926 3577 1113 3634 animo
1160 3580 1444 3650 invictum,
1483 3599 1881 3664 putantemque
1925 3599 2027 3652 tri-

433 3668 573 3712 stem
613 3662 756 3718 illam
805 3665 1079 3726 fortunam
1125 3674 1355 3731 aliorum
1390 3686 1756 3750 quorumdam
1795 3662 2029 3746 delicto-

436 3765 554 3804 rum
579 3767 702 3806 esse
731 3759 991 3826 pretium,
1018 3774 1075 3818 et
1097 3768 1149 3819 in
1177 3771 1360 3837 priore
1386 3776 1658 3830 sententia
1686 3776 2021 3838 immobilem

435 3839 710 3910 viderunt,
747 3847 910 3920 747
958 3869 1060 3912 nec
1105 3857 1150 3911 si
1202 3860 1400 3918 millies
1437 3865 1561 3920 talia
1612 3873 2020 3942 contingerent.

431 3932 612 3990 locum
664 3939 772 3994 illis
816 3942 1171 4013 donaturum,
1223 3963 1278 4007 et
1328 3955 1527 4011 iratum
1585 3960 2024 4035 frementemque

407 4029 614 4097 potius
644 4035 787 4095 quod
819 4036 997 4094 victus
1051 4051 1106 4096 et
1149 4045 1215 4098 ad
1254 4047 1397 4103 vires
1428 4055 1756 4122 reparandas
1793 4058 2027 4112 alacrio-

431 4136 569 4185 rem,
616 4126 766 4182 velut
813 4142 924 4182 tum
977 4135 1214 4213 primum
1261 4156 1414 4196 arma
1455 4146 1863 4213 eapessivisset,
1902 4167 2021 4205 me-

431 4221 649 4270 tuentes
699 4233 766 4271 ne.
811 4220 915 4273 sibi
971 4238 1161 4292 parutn
1210 4228 1447 4288 feliciter
1485 4236 1708 4292 caderet
1755 4239 2021 4296 diuturna

429 4312 730 4375 contentio,
758 4311 934 4369 locum
960 4319 1241 4375 remittere
1265 4322 1331 4377 de
1353 4338 1643 4397 compacto
1666 4341 1979 4387 Statuerunt
2004 4355 2019 4391 :

431 4400 681 4472 laetaque
711 4422 809 4473 pax
843 4407 895 4462 in
929 4409 1068 4465 banc
1095 4414 1496 4482 conditionem,
1528 4430 1588 4475 ut
1616 4424 1852 4491 spatium
1886 4427 2020 4482 illud

429 4496 743 4564 imperatori
796 4501 1121 4567 redderent,
1176 4510 1346 4563 veteri
1393 4514 1598 4568 ambitu
1649 4519 1917 4576 contenti.
1955 4520 2020 4576 Et

2146 610 2248 679 μὲν
2276 609 2372 664 οὖν
2411 610 2694 680 βασιλικαὶ
2720 616 2984 685 τριήρεις,
3005 613 3325 684 ἀναχθεῖσαι
3368 617 3432 666 ἐκ
3460 611 3555 666 τοῦ
3588 631 3723 666 νεω-

2145 703 2264 775 ρίου
2293 703 2459 759 αὐτοῦ
2493 721 2600 761 που
2631 707 2862 778 πλησίον
2912 706 3202 778 ηὐλίσαντο
3233 707 3330 778 τὴν
3375 705 3569 771 νύκτα,
3605 706 3722 758 δια-

2143 796 2428 867 νοούμενοι
2460 797 2535 863 ὡς
2584 801 2642 863 ἐς
2678 798 2776 871 τὴν
2816 800 3109 871 ὑστεραίαν
3154 803 3275 863 ταῖς
3324 802 3466 869 μετά
3493 800 3585 854 τοῦ
3618 800 3727 852 Φα-

2141 891 2417 946 κεωλάτου
2448 893 2596 962 τρισὶ
2640 894 2931 965 τριήρεσιν
2985 895 3068 958 είς
3114 894 3174 947 ἓν
3200 894 3506 962 γενόμενοι,
3539 893 3718 946 Γαλα-

2142 985 2278 1049 τίοις
2323 985 2714 1040 ἐπιπλεύσωσι.
2763 987 3122 1051 Φακεωλάτος
3166 987 3221 1040 δὲ
3258 988 3352 1040 καὶ
3399 985 3568 1049 αὐτὸς
3618 988 3720 1048 τὰς

2141 1076 2388 1145 τριήρεις
2416 1077 2736 1144 ἐφοπλίσας,
2787 1077 3308 1147 παρεσκευασμένος
3338 1071 3407 1146 ἦν
3432 1076 3506 1139 ὡς
3536 1076 3594 1139 ἐς
3617 1074 3720 1145 τὴν

2143 1163 2436 1234 ὑστεραίαν
2498 1165 2840 1237 ἐξορμήσων,
2899 1166 2996 1220 καὶ
3067 1167 3097 1220 ὀ
3167 1165 3423 1236 βασιλεὺς
3483 1164 3720 1234 ἱππικὴν

2142 1256 2356 1327 ἔπεμπε
2413 1261 2672 1327 στρατιὰν
2716 1259 2834 1329 ἅμα
2864 1258 3099 1328 δεσπότῃ
3158 1257 3237 1327 τῷ
3288 1256 3389 1327 υἱῷ
3427 1255 3628 1326 πολλήν
3654 1272 3715 1308 τε

2141 1350 2232 1404 καὶ
2267 1350 2501 1421 ἀγαθὴν,
2535 1352 2611 1416 ὡς
2664 1352 2762 1422 τῆς
2793 1349 3071 1422 συμϐολῆς
3095 1353 3397 1419 γενομένης
3425 1350 3534 1402 τῶν
3560 1348 3718 1418 τριή-

2146 1461 2304 1513 ρεων,
2335 1444 2428 1498 καὶ
2467 1445 2621 1499 αὐτοὶ
2648 1445 3009 1516 προσϐάλοιεν
3038 1447 3103 1497 ἐκ
3133 1444 3230 1512 τῆς
3263 1443 3515 1513 ἠπείρου.
3562 1439 3719 1494 Ἐπεὶ

2139 1537 2196 1589 δέ
2246 1537 2425 1607 ἡμέρα
2454 1537 2554 1608 ἢδη
2613 1532 2702 1607 ἦν,
2738 1539 2794 1590 al
2844 1538 2943 1607 μὲν
2979 1538 3041 1591 ἐκ
3070 1535 3162 1590 τοῦ
3212 1535 3443 1638 νεωρίομ
3474 1535 3722 1638 τριήρεις

2140 1613 2475 1696 ἀναχθεῖσαι,
2545 1628 2679 1699 πρὸς
2733 1632 2798 1698 τῇ
2857 1628 3118 1694 Εὐγενίου
3187 1626 3503 1699 καλουμένῃ
3566 1624 3709 1734 πύλΣη

2140 1722 2240 1792 ἢδη
2269 1717 2430 1792 ἦσαν.
2464 1723 2531 1777 Δί
2566 1722 2620 1775 δὲ
2669 1723 2806 1792 μετὰ
2839 1723 3200 1776 Φακεωλάτου
3241 1720 3335 1774 τοῦ
3366 1718 3718 1808 πρωτοστρὰ-

2139 1830 2315 1883 τορος,
2345 1816 2437 1866 καὶ
2469 1815 2631 1867 αὐταὶ
2688 1808 2788 1867 τοῦ
2822 1815 3074 1881 ποταμοῦ
3107 1813 3525 1885 ἐξορμηθείσαι,
3556 1811 3720 1881 ἠπεί-

2137 1930 2294 1980 γοντο
2319 1916 2438 1976 ταῖς
2471 1913 2660 1976 ἄλλαις
2698 1914 2756 1965 ἐν
2779 1913 2961 1983 ταυτῷ
2985 1911 3238 1982 γενέσθαι
3265 1927 3280 1941 °
3315 1909 3409 1963 τοῦ
3443 1910 3499 1963 δὲ
3542 1909 3721 1963 πάντα

2136 2004 2360 2073 ἄγοντος
2385 2005 2521 2058 Θεοῦ
2546 2007 2638 2060 καὶ
2666 2007 2801 2059 πᾶσι
2833 2005 3260 2069 ταλαντεύοντος
3287 2005 3540 2069 δικαίως,
3586 2002 3694 2057 Ῥω
3717 2039 3721 2041 -

2140 2096 2354 2168 μαίους,
2390 2097 2465 2161 ὡς
2492 2097 2692 2167 ἔοικεν,
2725 2100 2807 2164 εἰς
2845 2099 3057 2153 πολλῶν
3083 2098 3263 2154 ἄλλων
3313 2100 3522 2151 ἔκτισιν
3542 2098 3722 2166 ἀμαρ-

2134 2189 2397 2258 τημὰτων
2447 2191 2900 2262 τιμωρουμένου,
2945 2193 3041 2245 καὶ
3079 2193 3195 2255 τοῖς
3249 2189 3430 2258 πολλῷ
3477 2191 3722 2260 χείροσιν

2133 2279 2401 2351 ἡττᾶσθαι
2450 2285 2933 2355 παραχωροῦντας.
2971 2283 3171 2354 ἀθρόον
3209 2283 3532 2353 πνεύματος
3564 2282 3724 2359 ἀκρίτ

2132 2389 2226 2426 του
2260 2374 2683 2444 προσπεσόντος,
2732 2378 2830 2430 καὶ
2872 2375 3098 2446 πρώτας
3150 2377 3572 2448 ἀνατρέψαντος
3623 2376 3724 2436 τὰς

2133 2468 2282 2534 τρεῖς
2313 2467 2560 2538 τριήρεις
2598 2468 2684 2536 ἐφ’
2732 2463 2820 2530 αἷς
2849 2471 2898 2522 οἱ
2947 2468 3154 2533 ξύλινοι
3194 2469 3396 2538 πύργοι
3428 2462 3597 2538 ἦσαν,
3627 2465 3723 2517 καὶ

2132 2562 2182 2612 οί
2211 2561 2359 2614 ἄλλοι
2384 2563 2568 2624 αὐτοῖς
2595 2562 2782 2625 ὅπλοις
2812 2563 3151 2617 κατέπιπτον
3185 2565 3296 2626 ἀπὸ
3327 2561 3437 2615 τῶν
3466 2562 3601 2615 νεῶν
3626 2561 3744 2613 ἐπὶ·

2131 2655 2231 2724 τὴν
2274 2653 2567 2720 Θάλασσαν,
2599 2657 2695 2708 καὶ
2724 2656 2914 2710 ναῦται
2944 2657 3146 2727 ὁμοίως
3179 2657 3275 2710 καὶ
3307 2655 3547 2709 ὁπλῖται.
3610 2650 3721 2706 Καὶ

2134 2745 2193 2796 ὲν
2229 2745 2329 2814 μιᾷ
2360 2746 2499 2817 ῥοπῇ
2541 2746 2736 2816 χρόνου
2791 2749 2969 2799 πᾶσαι
3016 2747 3271 2815 ἑωρῶντο
3312 2749 3473 2799 κεναλ⁸
3527 2743 3721 2798 ἐπιϐαο

2130 2839 2258 2904 τῶν,
2294 2840 2372 2909 τῷ
2399 2839 2547 2911 αὐτῷ
2564 2841 2619 2893 δὲ
2649 2841 2827 2912 χρόνῳ
2845 2844 2936 2894 καὶ
2971 2833 3047 2895 ὧν
3076 2841 3104 2893 ὁ
3133 2839 3497 2900 Φακεωλάτος
3529 2840 3721 2907 ἐστρα-

2131 2933 2308 3002 τήγει,
2365 2932 2476 2988 τῶν
2537 2935 3062 3006 καταστρωμάτων,
3091 3016 3093 3018 η
3126 2935 3222 2988 καὶ
3272 2933 3429 3036 αὐτοὶ
3480 2931 3575 2984 ἐπὶ
3618 2929 3719 3036 Δ’.ἰὴν

2131 3025 2408 3079 θάλασσαν
2467 3025 2824 3093 κατέπιπτον,
2892 3031 2990 3079 καὶ
3078 3025 3304 3095 ὖλεθρος
3353 3018 3420 3094 ἦν
3467 3022 3720 3100 παντοῖος

2130 3119 2341 3170 ναυτῶν
2385 3117 2521 3184 ὁμοῦ
2564 3116 2660 3169 καὶ
2703 3117 2963 3171 ὁπλιτῶν.
3004 3117 3068 3170 Ol
3125 3115 3224 3186 μὲν
3257 3109 3352 3167 οὖν
3389 3112 3574 3165 πολλοὶ
3605 3109 3717 3162 διε-

2055 3227 2098 3284 c
2136 3210 2390 3280 σώθησαν
2435 3212 2602 3278 ἐγγὺς
2633 3213 2732 3281 τῆς
2765 3209 2868 3279 γῆς
2916 3209 3296 3278 γεγενημένης
3327 3206 3427 3274 τῆς
3457 3201 3670 3274 τροπῆς
3698 3216 3716 3231 ⁸

2133 3302 2403 3354 ἀπέθανον
2447 3300 2505 3354 δέ
2536 3304 2594 3352 ὲν
2634 3301 2746 3363 τοῖς
2781 3299 2971 3354 ὕδασιν
3023 3299 3193 3367 ὀλίγῳ
3241 3298 3504 3357 ἐλάσσους
3536 3294 3720 3346 διακο-

2134 3390 2264 3445 σίων
2294 3406 2308 3420 ·
2345 3393 2439 3444 καὶ
2470 3394 2534 3445 ἐκ
2561 3392 2670 3444 τῶν
2714 3390 2858 3461 μετά
2883 3389 2979 3444 τοῦ
3020 3388 3478 3459 Τζαμπλάκωνος
3516 3398 3719 3450 τεταγ-

2134 3484 2313 3550 μένων
2342 3479 2437 3533 τοῦ
2485 3481 2726 3551 μεγάλου
2768 3480 2981 3544 δουκδς,
3042 3478 3072 3531 ὁ
3105 3473 3569 3582 Φιλανθρωπηνὸς
3597 3472 3720 3582 b.11-

2131 3575 2294 3642 νουὴλ
2342 3577 2442 3645 τῆς
2499 3575 2827 3644 ναυαρχίδος
2883 3575 3094 3644 ἄρχων,
3148 3572 3292 3675 ἀνὴρ
3323 3567 3498 3675 ⁸κατὰ
3535 3568 3716 3675 ,χείρι

2131 3671 2401 3739 γενναῖος,
2424 3672 2519 3722 ml.
2537 3670 2634 3736 τῆς
2649 3666 2803 3738 παρὰ
2825 3665 3090 3737 βασιλέως
3115 3661 3404 3734 εὐμενείας
3425 3659 3715 3714 ἀπολαύων

2131 3762 2387 3830 μάλιστα.
2413 3762 2475 3815 Ol
2503 3762 2560 3812 ἐν
2586 3761 2802 3832 Γαλατᾷ
2843 3760 2898 3812 δὲ
2944 3758 3170 3812 Δατίνοι
3200 3755 3712 3826 ἀναθαρσήσαντες,

2128 3854 2456 3925 ἀναχθέντες
2492 3853 2742 3909 ἀνεῖλκον
2775 3855 2873 3918 τὰς
2908 3854 3159 3925 τριήρεις
3205 3849 3572 3920 ἀναψάμενοι,
3603 3861 3716 3899 xw‘

2129 3946 2350 4011 λύοντος
2395 3948 2645 4013 οὐδενὸς,
2690 3947 2812 4000 οὐδὲ
2872 3944 3250 4014 ἀμυνομένου,
3302 3943 3397 3994 καλ¹
3438 3936 3716 4002 ἀναιμωτὶ

2126 4040 2227 4111 τὴν
2279 4039 2439 4110 νίκην
2504 4037 2673 4112 εἶχον.
2717 4038 2780 4092 Ἡ
2825 4038 2881 4091 δὲ
2917 4039 2983 4135 ἐκ
3029 4037 3128 4107 τῆς
3183 4035 3438 4135 ηπε-ίρου.
3480 4031 3714 4135 στρατιὰ

2129 4131 2270 4202 μετὰ
2316 4131 2582 4201 βασιλέως
2612 4129 2708 4184 τοῦ
2753 4129 2896 4193 υίοῦ,
2953 4127 3118 4226 ἔργου
3149 4128 3250 4226 μ-ὲν
3281 4125 3524 4226 ἔχεσομι.
3557 4121 3712 4226 F605-

2125 4221 2298 4287 λοντο,
2333 4221 2577 4291 οἰόμενοι
2630 4223 2724 4274 καὶ
2754 4221 2812 4274 τὺ
2861 4220 3116 4275 ναυτικὸν
3181 4218 3374 4320 ἐκπῆς
3436 4213 3714 4320 (ζαλάττης

2125 4313 2385 4384 ἐμϐαλεῖν
2405 4331 2420 4348 ·
2478 4315 2602 4367 ἐπεὶ
2629 4313 2686 4369 δὲ
2710 4313 2897 4384 ἐώρων
2920 4313 3020 4376 τὰς
3052 4311 3347 4381 Ῥωμαίων
3382 4308 3517 4372 ναῦς
3546 4308 3712 4368 κενὰς

2123 4407 2517 4479 ἀνελκομένας,
2581 4408 2894 4478 ἀνεχώρουν
2953 4409 3048 4460 καὶ
3095 4405 3275 4459 αὐτοί.
3304 4402 3603 4506 -ξῖασιλεὺς
3636 4400 3710 4506 τι

2123 4502 2224 4573 τὴν
2256 4503 2529 4571 τοσαύτην
2557 4501 2786 4572 δύναμιν
2807 4503 2871 4554 ἐκ
2905 4498 3237 4568 προφάσεως
3267 4497 3524 4565 οὐδεμιᾶς
3560 4495 3706 4564 ὁρῶν

428 4586 565 4642 inito
595 4589 798 4647 foedere
855 4611 1050 4650 novam
1101 4600 1466 4658 munitionem
1507 4608 1748 4674 despotic
1781 4609 2017 4682 impera-

2129 4595 2468 4649 ἀπολωλυῖαν
2502 4594 2757 4660 ἐστέναξε
2793 4593 2892 4664 μὲν
2921 4593 3019 4664 τὴν
3038 4592 3300 4661 τοιαύτην
3321 4586 3709 4682 κακοπραγίαν

429 4683 563 4736 toris
609 4683 736 4748 filio,
768 4703 890 4742 cum
935 4691 1154 4760 agmine
1198 4705 1535 4750 armatorum
1586 4701 1824 4756 venienti
1861 4705 2019 4758 resti—

433 4784 674 4832 tuerunt.
709 4778 1012 4850 Imperator
1035 4795 1218 4839 autem
1248 4790 1533 4844 accersitis
1561 4806 1750 4846 eorum
1783 4797 2020 4865 optirna-

431 4869 608 4933 tibus,
683 4876 916 4929 comiter
981 4893 1046 4932 ac
1104 4879 1315 4947 placide
1370 4883 1495 4936 illos
1546 4883 1778 4950 aﬂ'atus,
1833 4887 2015 4944 locum

428 4977 625 5034 sponte
677 4967 866 5025 donat.
918 4970 1111 5026 Aiebat
1158 4973 1336 5039 enim,
1391 4991 1498 5031 non
1551 4977 1619 5032 de
1682 4979 1891 5034 tantilla
1953 4996 2019 5037 ac

425 5060 631 5115 nullius
686 5063 844 5130 pretii
908 5065 1258 5135 regiuncula,
1340 5069 1434 5124 sed
1501 5071 1568 5125 de
1619 5072 1747 5142 jure
1799 5074 2020 5141 imperii

426 5153 656 5209 Romani
695 5173 817 5211 cum
853 5157 984 5227 ipsis
1021 5159 1124 5213 sibi
1174 5164 1607 5218 controversiam
1661 5180 1803 5220 esse.
1859 5163 2018 5221 Haud

424 5249 570 5302 enim
645 5264 768 5303 cum
843 5250 1057 5305 ratione
1133 5268 1480 5325 congruere,
1550 5271 1675 5311 cum
1745 5259 1855 5312 sint
1923 5260 2022 5313 atl-

425 5355 597 5406 venae,
631 5353 687 5395 et
735 5357 762 5395 a
810 5341 1073 5398 Romanis
1106 5344 1534 5414 imperatoribus
1564 5351 1849 5420 complura
1880 5365 2014 5406 con-

423 5436 598 5492 secuti
645 5437 930 5501 beneficia,
961 5447 1018 5493 ut
1049 5441 1275 5495 subesse
1331 5457 1394 5496 ae
1442 5458 1633 5512 parere
1657 5444 1777 5513 jure
1804 5443 2017 5512 optimo

423 5530 680 5593 debeant,
713 5532 891 5585 adhuc
924 5532 1269 5603 impudenter
1297 5551 1481 5602 agere,
1518 5544 1573 5589 et
1607 5536 1739 5605 ipsis
1775 5536 2016 5591 nolenti-

426 5624 548 5687 bus,
582 5622 788 5692 aliquid
835 5623 901 5678 de
948 5617 1348 5697 imperio’velle
1380 5629 1698 5696 decerpere.
1733 5626 1913 5698 Atque
1948 5629 2018 5683 ob

423 5717 566 5772 hanc
593 5731 814 5772 causam
859 5719 1031 5791 magis
1062 5735 1224 5790 quam
1264 5720 1334 5775 ob
1362 5720 1468 5775 loci
1514 5721 1920 5790 possessionem
1960 5737 2021 5777 se

422 5808 488 5864 ad
524 5810 727 5866 bellum
763 5827 1103 5884 aggressum.
1153 5811 1310 5880 Quod
1345 5811 1447 5866 nisi
1487 5811 1716 5882 justitite
1752 5811 2018 5881 serviant,

421 5916 634 5964 certum
670 5907 772 5965 sibi
820 5923 964 5975 esse,
1011 5907 1202 5964 tandiu
1245 5923 1395 5962 arma
1449 5906 1796 5973 continuare,
1832 5907 2013 5978 quoad

3332 4682 3355 4692 -
3655 4677 3671 4694 .

2119 4689 2229 4742 τῶν
2264 4687 2575 4758 Ῥωμαίων,
2594 4687 2726 4740 οἴων
2748 4687 2923 4740 αἴτιον
2949 4685 3138 4738 κακῶν
3166 4683 3224 4736 τὸ
3247 4684 3365 4786 Θειρ
3394 4695 3707 4786 προσκρούῖ

2119 4797 2199 4833 ειν
2225 4780 2488 4850 συνορῶν.
2525 4779 2690 4832 Οὐδὲν
2735 4779 2793 4833 δὲ
2826 4778 3012 4846 ὑφῆκε·
3039 4775 3136 4828 τοῦ
3171 4773 3543 4843 φρονήματος,
3582 4768 3705 4822 οὐδὲ

2121 4875 2388 4927 κατέπεσε
2431 4873 2569 4943 πρὸς
2619 4871 2717 4942 τὴν
2749 4867 2943 4942 ἧτταν,
2990 4868 3107 4923 ἀλλ’
3156 4867 3251 4919 ἐπὶ
3283 4864 3547 4971 ξυλισμὸν
3583 4859 3708 4970 Exf—

2119 4966 2241 5019 λευε
2273 4967 2491 5036 χωρεῖν,
2521 4963 2596 5026 ὡς
2624 4964 2871 5034 τριήρεις
2901 4961 3096 5032 ἐτέρας
3125 4961 3567 5064 κατασκιευᾰισων¹
3603 4972 3702 5064 αυ-

2121 5059 2203 5122 ϐις
2225 5075 2239 5087 ·
2273 5060 2368 5110 καί
2403 5057 2597 5127 ἐφίστη
2631 5058 2756 5119 τοὺς
2790 5056 3300 5126 ἐπιμελησομένους
3342 5053 3479 5121 πρὸς
3510 5049 3580 5103 τὰ
3607 5048 3694 5120 ἔρ-

2120 5171 2215 5222 γα.
2247 5153 2310 5206 υἱ
2349 5153 2409 5206 ὲν
2435 5152 2654 5222 Γαλατᾷ.
2677 5152 2734 5204 δὲ
2771 5149 3177 5219 εὐτυχεστάτην
3213 5146 3538 5216 νομίσαντες
3559 5143 3706 5198 ἐκεί--

2120 5247 2349 5318 νηντήν
2386 5241 2604 5316 ἡμέραν
2658 5247 2716 5297 ἐν
2867 5241 3142 5320 τοσούτων
3203 5240 3340 5293 νεῶν
3389 5239 3706 5310 ἐκράτησαν

2121 5339 2419 5409 πολεμίων,
2450 5338 2602 5391 οὐδὲν
2643 5336 2798 5390 αὐτοὶ
2842 5335 3251 5402 εἰσενεγκόντες
3301 5332 3439 5404 πρὸς
3481 5331 3583 5400 τὴν
3613 5322 3707 5404 ἦτ-

2118 5453 2241 5496 ταν,
2296 5432 2571 5504 ἑώρταζον
2600 5431 2702 5484 οὐκ
2755 5428 3006 5482 ἐπινίκια
3055 5427 3254 5529 μόνονί
3275 5427 3413 5529 ἀλλά
3463 5427 3559 5529 καλ
3598 5443 3705 5529 σωζ-

2119 5528 2286 5599 τήρια
2318 5540 2335 5556 ⁸
2381 5526 2552 5580 πᾶσαι
2604 5524 2712 5593 γαρ
2763 5522 2949 5583 αὐτοῖς
2999 5522 3058 5575 ὲν
3091 5520 3264 5590 στενῷ
3322 5522 3378 5573 αἱ
3429 5519 3560 5591 περὶ
3606 5536 3704 5572 του

2122 5621 2393 5686 σώζεσθαι
2440 5619 2786 5688 κατέστησαν
2833 5615 3072 5676 ἐλπίδες.
3115 5615 3204 5677 Ἐς
3250 5613 3349 5682 τὴν
3393 5613 3698 5683 ὑστεραίαν

2119 5715 2175 5770 δὲ
2203 5715 2382 5777 πάσας
2431 5709 2823 5780 ἐφοπλίσαντες
2865 5708 2967 5772 τὰς
3011 5707 3227 5762 ἑαυτῶν
3257 5708 3505 5779 τριήρεις
3545 5707 3705 5760 ἐστε-

2119 5809 2466 5880 φανωμένας,
2503 5805 2578 5869 ὡς
2605 5805 2700 5858 ἐπὶ
2725 5803 2848 5876 νίκη
2897 5803 2996 5858 καὶ
3020 5801 3448 5871 κεκοσμημένας
3496 5801 3707 5870 ἐκπρε-

2121 5902 2262 5969 πῶς,
2308 5899 2537 5970 ἀντικρὺ
2597 5895 2910 5971 παρέπλεον
2953 5893 3261 5967 βασιλείων,
3295 5893 3552 5965 σύροντες
3582 5891 3706 5946 ἀτί-
