4028 6288
487 358 560 424 95

1658 365 1985 430 JOANNIS
2021 367 2558 436 CANTACUZENI'
3658 369 3726 438 96

487 479 781 536 dimidium
838 482 1038 538 arario
1089 483 1377 568 penderet,
1406 492 1464 540 et
1510 498 1626 555 pro.
1659 482 1927 540 fructibus
1969 475 2068 555 pro

2190 488 2256 562 μὴ
2308 491 2578 563 πρότερον
2612 490 3057 564 νενομισμένους,
3107 487 3277 543 ὦστε-
3306 487 3493 543 πᾶσαν
3545 486 3734 542 ὁλκάδα

488 571 744 644 portione
810 569 1094 648 similiter.
1164 574 1431 646 Agricolae
1501 590 1604 646 pro
1669 575 2071 646 quinquaginta

488 661 703 731 congiis
734 662 844 718 vini
905 680 1135 721 aureum
1198 667 1597 737 persolverent.
1628 666 1732 734 Qui
1788 682 1819 721 a
1850 667 2071 722 rusticis

485 764 889 822 mercarentur,
917 759 1140 833 duplum
1170 759 1383 821 darent,
1439 774 1551 814 non
1581 761 1758 814 solum
1789 767 1850 814 ut
1878 761 2070 828 capio-

490 845 684 907 siores,
716 849 809 900 sed
868 848 1014 916 quod
1050 833 1213 902 etiam
1245 849 1379 903 citra
1431 849 1672 905 laborem
1714 850 1816 920 ipsi
1844 865 1910 904 ex
1933 850 2074 906 alio-

490 951 613 991 rum
668 938 947 994 laboribus
999 941 1152 995 lucra
1208 943 1414 1014 majora
1465 942 1796 998 factitarent.
1827 942 2076 1014 Cumque

488 1040 650 1086 vetus
682 1041 825 1085 esset
855 1032 966 1097 lex,
1001 1042 1059 1087 ut
1089 1042 1422 1089 mercatores
1454 1035 1653 1106 singuli
1678 1038 1876 1092 aerario
1903 1037 2074 1093 decu-

491 1138 611 1178 mis
670 1123 998 1192 solverent,
1035 1126 1155 1196 ipse
1233 1128 1740 1198 quinquagecumas
1802 1129 2075 1195 instituit,

493 1215 638 1268 unde
697 1216 866 1291 paulo.
895 1216 1077 1273 minus
1111 1217 1366 1272 ducentis
1416 1219 1684 1273 oneraria?
1727 1219 1880 1273 brevi
1939 1230 2078 1275 tem-

489 1322 624 1375 pore
675 1305 938 1382 Romanis
986 1320 1364 1385 accesserunt,
1394 1312 1541 1382 quod
1589 1321 1754 1366 antea
1792 1328 2077 1384 nunquam

493 1399 719 1463 factum,
758 1399 1122 1470 valebantque
1178 1404 1362 1458 navali
1418 1405 1686 1475 potentia,
1719 1415 1778 1460 et
1822 1406 1934 1474 jam
1982 1406 2082 1462 do—

490 1490 635 1557 mini
677 1493 859 1558 maris,
910 1508 976 1546 ex
1019 1495 1394 1551 mercimoniis
1428 1507 1696 1567 quaestum
1731 1514 1845 1554 non
1875 1499 2087 1555 medio-

492 1596 641 1635 crem
677 1583 1027 1654 colligebant.
1054 1586 1192 1650 Quia
1221 1602 1350 1642 vero
1388 1589 1577 1654 Chius,
1618 1597 1678 1644 ut
1711 1593 2082 1660 narravimus,

494 1675 696 1740 injuste
747 1686 804 1730 et
832 1688 1022 1731 contra
1048 1679 1229 1732 {nidus
1264 1698 1292 1733 a
1327 1679 1715 1737 Genuensibus
1776 1692 2080 1745 teneretur,

490 1768 559 1821 ad
619 1769 925 1838 principem
974 1785 1165 1824 eorum
1223 1770 1440 1842 (ducem
1499 1773 1600 1842 ipsi
1660 1773 1984 1843 appellant),
2015 1773 2084 1828 ad

492 1868 744 1913 senatum
826 1862 1196 1932 populumque
1262 1864 1562 1932 imperator
1626 1864 1834 1936 legatos
1913 1867 2083 1931 misit,

493 1952 834 2019 insulamque
865 1956 1168 2010 Secundum
1194 1957 1398 2010 saneita
1430 1974 1554 2012 cum
1583 1958 1852 2014 Romanis
1875 1958 2083 2015 fmdera

495 2044 778 2113 repetivit.
818 2044 955 2108 Dux,
987 2056 1216 2103 senatus
1278 2050 1623 2120 populusque
1659 2053 2082 2122 responderunt,

487 2145 640 2219 justa
669 2138 889 2204 quidem
933 2139 1320 2210 imperatorem
1356 2143 1674 2212 postulare:
1707 2157 2086 2199 verumtamen

497 2234 732 2288 insulam
768 2250 881 2288 non
932 2239 1204 2292 sententia
1257 2253 1317 2292 ac
1367 2238 1626 2310 suﬂragio
1657 2254 1779 2300 suo.
1814 2240 1908 2295 sed
1942 2256 2084 2310 quo-

503 2328 753 2380 rumdam
811 2330 956 2396 apud
997 2344 1056 2382 se
1101 2330 1387 2395 nobilium,
1438 2345 1535 2386 seu
1581 2333 1957 2402 patriciorum,
1989 2332 2084 2403 qui

502 2419 619 2473 suis
685 2420 999 2488 sumptibus
1077 2421 1307 2476 classem
1377 2422 1800 2486 instruxissent,
1854 2426 2083 2480 audacia

497 2495 764 2581 obtineri,
811 2529 948 2584 quos
986 2514 1039 2567 in
1093 2530 1328 2583 pnnsens
1369 2531 1629 2571 coercere
1677 2532 1786 2572 non
1819 2527 2080 2587 possent;

497 2619 639 2673 opus
676 2604 822 2674 enim
879 2606 995 2658 fore
1046 2606 1237 2676 grandi
1283 2606 1554 2676 impensa,
1586 2617 1640 2663 et
1671 2609 1934 2678 apparatu
1973 2623 2082 2663 non

498 2696 766 2762 minimo;
791 2698 990 2766 quibus
1045 2712 1169 2751 cum
1204 2709 1481 2764 carerent,
1515 2714 1611 2754 eos
1639 2684 1814 2755 insula
1854 2701 2084 2770 nequire

495 2788 800 2859 depellere,
833 2790 926 2842 sed
975 2798 1220 2859 tempore
1283 2790 1637 2858 procedente,
1671 2789 1938 2845 industria
1989 2805 2084 2860 po-

502 2881 610 2935 tius
643 2897 706 2935 ac
758 2881 1101 2951 providentia
1131 2883 1366 2950 quadam
1399 2882 1504 2937 illis
1551 2882 1880 2952 ademptam,
1913 2884 2086 2952 impe-

503 2975 668 3029 ratori
709 2974 851 3028 haud
885 2973 1049 3028 dubie
1082 2974 1463 3029 restituturos.
1487 2977 1617 3029 Haec
1653 2975 2082 3044 responderunt,

501 3058 557 3120 et
588 3066 751 3120 simul
810 3065 1072 3120 Iacobum
1129 3063 1495 3131 Herminium,
1522 3074 1577 3120 et
1605 3065 1868 3119 Autarum
1901 3065 2083 3121 Pinci-

2174 581 2319 634 σῖτον
2360 576 2599 650 ἄγουσαν
2637 582 2698 648 ἐξ
2733 579 3046 652 ἀλλοδαπῆς
3085 578 3417 649 ἐωνημένον,
3453 575 3592 648 ὑπὲρ
3644 593 3734 646 μει-

2171 671 2361 742 δίμνου
2396 674 2568 744 ἥμισυ
2606 673 2834 744 χρυσίου
2881 673 2960 743 τῷ
2987 672 3246 743 δημοσίῳ,
3271 673 3480 741 φέρειν,
3516 667 3608 723 καὶ
3633 664 3733 722 ’τῶν

2172 763 2350 819 ἄλλων
2392 765 2624 837 καρπῶν
2668 765 2971 834 ἀναλόγως.
3019 751 3159 825 Τοὺς
3199 761 3257 815 δὲ
3304 762 3433 831 περὶ
3472 759 3737 831 γεωργίαν

2175 855 2583 928 ἡσχολημένους
2631 856 2797 922 οἴνου,
2851 858 2992 926 ὑπὲρ
3055 855 3393 926 πεντήκοντα
3437 853 3575 923 χοῶν
3611 868 3739 923 χρυο

2177 951 2291 1005 σίον
2320 951 2378 1004 ἐν
2409 951 2625 1006 τελεῖνο
2665 951 2794 1015 τοὺς
2831 950 3021 1019 μέντοι
3063 951 3128 1004 ἐκ
3179 948 3290 1003 τῶν
3352 944 3736 1016 γεωργούντων

2177 1043 2543 1116 ὠνουμένους,
2589 1044 2873 1099 διπλάσιον
2911 1038 3210 1115 παρέχειν,¹
3242 1042 3305 1095 οὐ
3359 1040 3521 1111 μόνον
3550 1039 3623 1099 ὡς
3658 1036 3744 1090 εὐ·

2179 1137 2544 1208 πορωτὲρους,
2589 1137 2708 1193 ἀλλ’
2750 1138 2837 1191 ὅτι
2881 1137 2980 1192 καὶ
3013 1134 3255 1205 ἀμογητὶ
3295 1135 3362 1187 ἐκ
3406 1131 3517 1185 τῶν
3546 1131 3740 1199 ἑτέρων

2180 1232 2358 1285 πόνων
2382 1231 2536 1284 αὐτοὶ
2590 1229 2988 1284 πολλαπλασίω
3009 1226 3079 1283 τὰ
3109 1226 3283 1298 κέρδη
3306 1216 3612 1295 ’φέρονταα
3640 1218 3744 1275 Νό-

2184 1340 2285 1394 μου
2311 1322 2368 1376 δὲ
2392 1322 2544 1387 δντος
2565 1323 2794 1394 ἀρχαίου
2819 1320 3052 1384 δεκάτας
3097 1320 3226 1383 τοὺς
3275 1313 3746 1386 ἐμπορευομένους

2187 1414 2435 1478 ἅπαντας
2465 1415 2640 1468 τελεῖν
2669 1415 2746 1483 τῷ
2791 1405 3063 1483 δημοσίῳ,
3119 1407 3536 1484 πεντηκοστύας
3566 1400 3746 1470 ἔταξεν

2188 1496 2375 1570 αὐτός.
2435 1507 2526 1574 Ἐξ
2581 1501 2656 1561 ὧν
2688 1505 2857 1577 ὀλίγῳ
2896 1505 3116 1558 δέουσαι
3191 1500 3483 1557 διακοσίων
3532 1496 3749 1559 ὁλκάδες

2186 1601 2579 1670 προσεγένοντο
2607 1599 2898 1669 Ῥωμαίοις
2917 1599 2972 1650 ὲν
2987 1596 3153 1666 ὀλίγῳ
3169 1596 3368 1666 χρόνῳ,
3392 1593 3607 1646 οὐδέπω
3629 1590 3751 1659 ἄχρι

2183 1695 2303 1745 τότε
2336 1687 2730 1763 γεγενημένον,
2767 1691 2868 1745 καὶ
2918 1689 3165 1760 μεγάλην
3194 1688 3425 1758 δύναμιν
3451 1686 3753 1753 ἐκτήσαντο

2186 1786 2468 1856 ναυτικὴν,
2510 1785 2604 1838 καὶ
2661 1783 2834 1836 πολλά
2878 1782 3069 1851 ὲκ-’τῆς
3105 1779 3377 1851 ἐμπορίας
3426 1773 3752 1844 ὠφελοῦντο,

2191 1878 2465 1947 Θαλάσσης
2496 1877 2597 1947 ἤδη
2648 1875 2913 1947 ἄρχοντες
2944 1873 3324 1944 γεγενημένοι.
3361 1868 3665 1944 Ἐχομένης
3703 1864 3755 1918 δὲ

2187 1970 2286 2037 τῆς
2319 1967 2479 2032 Χίου,
2523 1967 2709 2040 ὥσπερ
2742 1967 3030 2037 ἱστόρηται
3068 1967 3224 2034 ἡμῖν,
3257 1963 3362 2016 ὑπὸ
3384 1963 3493 2015 τῶν
3528 1959 3592 2013 ἐκ
3634 1957 3749 2010 Γενο

2190 2061 2351 2123 νούας
2381 2061 2581 2122 ἀδίκως
2616 2062 2672 2113 ὲν
2702 2059 2982 2122 σπονδαῖς,
3014 2059 3150 2127 πρὸς
3180 2058 3273 2110 τὸν
3302 2056 3540 2125 ἄρχοντα
3569 2049 3756 2116 αὐτῆς,

2189 2152 2356 2207 δοῦκα
2394 2154 2675 2224 ὲγχωρίως
2725 2151 3295 2222 προσαγορευόμενον,
3350 2148 3443 2201 καὶ
3492 2146 3591 2214 τὴν
3642 2143 3758 2212 βου·-

2190 2245 2309 2316 λὴν,
2350 2248 2444 2300 καὶ
2474 2245 2564 2298 τὸν
2609 2246 2803 2314 δῆμον,
2856 2246 2882 2297 ὁ
2929 2243 3182 2312 βασιλεὺς
3218 2240 3432 2310 ἔπεμψε
3465 2234 3758 2307 πρεσϐείαν

2191 2337 2440 2392 ἀπαιτῶν
2467 2335 2563 2406 τὴν
2597 2337 2760 2406 νῆσον
2789 2334 3056 2394 κατὰτὰς
3106 2332 3361 2393 σπονδὰς,
3399 2331 3495 2385 καὶ
3519 2329 3649 2390 τοὺς
3674 2326 3762 2394 δρ-

2190 2448 2319 2494 κους
2353 2428 2447 2493 οὓς
2507 2429 2688 2500 ἔχουσι
2744 2430 2880 2498 μετά
2931 2427 3037 2479 τῶν
3095 2426 3385 2495 Ῥωμαίων
3465 2418 3749 2492 βασιλέων.

2191 2523 2328 2588 Δοὺξ
2377 2523 2434 2576 δὲ
2486 2523 2580 2574 καὶ
2645 2523 2678 2590 ἡ
2723 2521 2908 2591 βουλὴ,
2961 2519 3060 2572 καὶ
3121 2519 3150 2572 ὁ
3197 2518 3388 2585 δῆμος,
3436 2514 3621 2567 δίκαια
3668 2510 3766 2580 μὲν

2191 2615 2399 2684 ἔφασαν
2429 2613 2824 2685 προκαλεῖσθαι
2857 2611 3112 2682 βασιλέα,
3167 2609 3231 2662 οὐ
3278 2608 3422 2662 κατά
3451 2608 3679 2674 γνώμην
3710 2599 3765 2652 δὲ

2191 2707 2374 2767 αὐτοῖς
2407 2703 2628 2776 ἔχεσθαι
2664 2705 2765 2774 τὴν
2815 2703 2997 2770 νῆσον,
3043 2699 3166 2754 οὐδὲ
3199 2699 3366 2768 ψήφῳ
3394 2697 3492 2766 τῆς
3531 2693 3722 2765 βουλῆς
3748 2703 3762 2722 ⁸

2191 2799 2330 2852 ἀλλά
2378 2798 2487 2852 τῶν
2527 2797 2663 2869 παρ’
2717 2797 2902 2860 αὐτοῖς
2948 2793 3294 2864 εὐπατριδῶν
3347 2808 3501 2853 τινας
3549 2788 3766 2848 οἰκείοις

2192 2891 2514 2961 ἀναλώμασι
2599 2890 2691 2944 τὸν
2751 2889 2941 2943 στόλον
2996 2887 3399 2956 ὲφοπλίσαντας
3449 2881 3767 2950 κατασχεῖν,

2191 2982 2286 3045 οὓς
2347 2984 2422 3053 μὴ
2470 2981 2733 3037 δύνασθαι
2779 2980 2875 3032 νῦν
2922 2977 3206 3048 βιάζεσθαι
3238 2993 3254 3008 ο
3285 2975 3468 3044 δεήσει
3499 2975 3612 3042 γὰρ
3642 2970 3766 3022 πολε

2189 3077 2298 3130 λῶν
2330 3076 2629 3148 χρημάτων
2673 3076 2771 3128 καὶ
2815 3072 3168 3145 παρασκευῆς
3205 3069 3266 3124 οὐ
3312 3069 3421 3149 ,τῆς
3471 3063 3765 3136 τυχούσης.

501 3156 617 3233 lum
649 3157 718 3211 de
765 3156 1084 3222 nobilitate,
1113 3156 1242 3210 ﬁdei
1295 3156 1558 3212 facienda:
1599 3158 1890 3213 miserunt.
1922 3157 2087 3228 7&9

2192 3168 2336 3222 ῶστε
2417 3165 2660 3218 ἀκόντων
2737 3164 2835 3233 τὴν
2910 3162 3074 3232 νῆσον
3165 3156 3524 3230 ἀφαιρεῖσθαι
3560 3163 3590 3186 ·’
3635 3152 3768 3246 ἀλλὰ

504 3246 828 3317 imperatori
863 3247 1185 3319 responsum
1219 3262 1334 3302 non
1370 3247 1598 3318 placuit,
1626 3249 1913 3320 voluitque
1938 3250 2085 3311 diem

2190 3258 2284 3312 τοῦ
2343 3257 2546 3329 χρόνου
2643 3255 2930 3327 προϊόντος
3017 3251 3247 3325 προνοίᾳ
3297 3247 3548 3319 ’μᾶλλον
3629 3245 3768 3312 ἀφε-

505 3338 772 3413 praestitui
827 3327 1118 3422 reddendae
1169 3338 1364 3396 insula:
1415 3356 1431 3397 :
1497 3351 1591 3398 aut
1643 3356 1701 3399 se
1745 3343 1968 3414 perjurii
2017 3357 2088 3396 ne

2190 3327 2472 3422 λομένους,
2531 3349 2627 3402 καὶ
2675 3345 2964 3420 οἰκονομίᾳ
2999 3343 3294 3400 ἀποδοῦναι
3326 3341 3542 3413 βασιλεῖ
3597 3338 3773 3404 ἀναμε-

502 3441 852 3498 act-unarent,
886 3433 931 3488 si
983 3420 1100 3487 eam
1140 3443 1470 3504 extorquere
1506 3435 1801 3507 potuisset.
1836 3437 1904 3491 Et
1957 3450 2088 3490 con-

2190 3420 2448 3516 φιϐόλως.
2468 3437 2708 3497 Τοιαῦτὰ
2729 3455 2787 3492 τε
2808 3433 2963 3492 εἷπον
2987 3437 3123 3505 πρὸς
3160 3436 3286 3497 τοὺς
3315 3431 3589 3499 πρέσϐεις
3617 3428 3775 3500 βασι·-

508 3534 734 3579 ventum
785 3533 870 3578 est
907 3524 960 3579 in
1010 3541 1132 3578 eam
1170 3526 1570 3593 conditionem,
1598 3536 1658 3581 ut
1689 3528 1866 3582 Latini
1897 3528 2087 3582 urbem

2190 3537 2348 3602 λέως,
2372 3534 2465 3589 καὶ
2488 3533 2603 3604 ἅμα
2628 3530 2908 3604 Ἑρμίνιον
2939 3527 3199 3602 ἰἀκωρον
3220 3527 3316 3580 καὶ
3339 3523 3567 3576 Πινίλον
3583 3523 3774 3574 Ἀντα-

508 3615 724 3679 insulae,
774 3616 942 3671 etiam
989 3617 1184 3673 Chium
1229 3620 1595 3686 nominatam,
1644 3622 1710 3675 ad
1762 3621 2088 3675 decennium

2194 3629 2293 3701 ρὼ,
2311 3629 2476 3689 δντας
2495 3630 2559 3680 ὲκ
2579 3622 2788 3678 τῶν-πα
2800 3624 2850 3692 ρ’
2874 3621 3065 3685 αὐτοῖς
3083 3619 3365 3689 ἐπιφανῶν
3383 3617 3516 3687 πρὸς
3545 3613 3772 3686 βασιλέα

510 3709 834 3773 retinerent,
870 3708 1296 3780 fruerenturque
1347 3711 1616 3782 reditibus
1672 3711 1818 3783 (θυι,
1851 3701 2092 3782 penden-

512 3811 594 3857 tes
649 3803 705 3856 in
761 3818 936 3859 annos
985 3805 1227 3876 singulos
1283 3803 1604 3875 imperatori
1644 3805 1755 3861 duo
1805 3815 1860 3861 et
1900 3806 2092 3876 viginti

510 3910 802 3972 aureorum
855 3897 1047 3952 millia.
1097 3897 1329 3972 insuper
1377 3898 1632 3974 vexillum
1681 3898 2092 3968 imperatorium

513 3984 569 4040 in
612 3986 747 4041 urbe
799 4001 901 4054 pro
956 3989 1360 4044 consuetudine
1410 3990 1721 4059 erigerent;
1779 3991 2093 4060 episcopum

507 4093 580 4132 ex
617 4077 856 4134 Ecclesia
900 4080 1200 4150 Byzantina
1233 4081 1566 4151 acciperent,
1594 4090 1650 4138 et
1697 4082 1951 4138 Sabbatis
1996 4098 2096 4154 pro

512 4182 665 4223 more
691 4167 930 4250 faustum
980 4168 1411 4239 imperatoribus
1435 4169 1810 4227 acclama‘rent
1834 4187 1850 4226 :
1879 4188 2094 4227 eorum-

2193 3713 2453 3786 πρὲσϐεις
2475 3712 2730 3782 ἔπεμψαν
2768 3709 3225 3782 ῑσχυρισομένους
3266 3709 3398 3776 περὶ
3421 3706 3532 3763 τῶν
3566 3702 3772 3759 αὐτῶν.

2193 3807 2417 3862 Βασιλεῖ
2448 3806 2507 3859 δὲ
2543 3805 2719 3860 ἐδόκει
2775 3805 2807 3875 ἡ
2860 3802 3130 3870 ἀπολογία
3177 3802 3277 3854 οὐκ
3333 3797 3609 3871 ἀρκοῦσι,
3641 3791 3778 3852 ἀλλά

2195 3897 2542 3971 προθεσμίαν
2574 3897 2698 3949 τινὰ
2724 3895 2907 3963 ἐζήτει
2941 3892 3067 3947 καθ’
3089 3890 3156 3964 ἣν
3184 3889 3530 3944 ἀποδώσουσι
3565 3888 3664 3948 τὴν
3693 3887 3780 3954 νῆ-

2195 4007 2322 4044 σον*
2356 3988 2390 4060 ἢ
2427 3978 2504 4059 μὴ
2546 3988 2801 4054 ἐγκαλεῖν
2853 3982 3166 4054 ἐπιορκίαν,
3198 3982 3265 4036 ἂν
3295 3981 3459 4043 αὐτὸς
3504 3980 3776 4050 ἀφέληται

2194 4080 2466 4153 δυνηθείς,
2512 4078 2623 4132 Καὶ
2679 4077 3006 4146 συνέδησαν,
3063 4073 3205 4130 ὥστε
3247 4072 3514 4133 Λατίνους
3553 4072 3656 4141 μὲν
3680 4071 3779 4139 τὴν

2195 4174 2339 4229 κατά
2361 4174 2461 4243 τὴν
2487 4171 2651 4241 νῆσον
2681 4169 2860 4233 πόλιν,
2889 4169 3021 4221 Χῖον
3048 4168 3144 4220 καὶ
3174 4164 3347 4235 αὐτὴν
3370 4180 3782 4236 προσαγορευο-

512 4275 622 4328 que
652 4249 972 4313 memoriam
1023 4259 1339 4316 sacerdotes
1364 4260 1424 4316 in
1464 4261 1736 4317 sacrillcio
1783 4263 1962 4318 missae
1990 4262 2088 4318 fre-

2199 4266 2391 4337 μόνην,
2448 4262 2544 4315 ἐπὶ
2589 4261 2722 4314 δέκα
2774 4261 2921 4311 ἔτεσι
2959 4257 3238 4327 κατέχειν,
3290 4250 3782 4325 καικαρποῦσθαι

507 4362 866 4427 quentarent,
924 4368 1026 4407 nec
1081 4353 1148 4408 ab
1199 4353 1308 4408 ullo
1363 4353 1815 4423 prohiberentur.
1871 4354 2088 4426 Reliqua

2196 4360 2294 4421 τὰς
2329 4356 2628 4427 προσόδους
2659 4353 3002 4422 παρέχοντας
3033 4349 3307 4403 ἐνιαύσιον
3330 4345 3408 4416 τῷ
3430 4345 3652 4417 βασιλεῖ
3674 4346 3784 4398 δισ-

515 4429 693 4500 insula
747 4455 858 4527 tota
901 4460 1026 4500 cum
1071 4446 1312 4502 castellis
1364 4447 1596 4502 et'vicis
1636 4449 1740 4504 sub
1767 4450 2088 4519 imperatore

2200 4449 2407 4519 χιλίους
2459 4447 2554 4500 καὶ
2594 4444 2829 4515 μυρίους
2859 4442 3099 4512 χρυσοῦς
3125 4457 3140 4472 ο
3183 4440 3424 4510 ἐγείρειν
3467 4441 3526 4494 δὲ
3559 4445 3654 4494 καὶ
3684 4456 3782 4509 ση-

510 4546 682 4597 esset,
711 4525 801 4606 qui
833 4537 1156 4605 praefectum
1188 4553 1286 4608 pro
1319 4537 1593 4593 arbitratu.
1622 4543 1980 4618 coiistitueret
2006 4559 2021 4599 :
2043 4552 2088 4596 el

2204 4538 2372 4611 μαίαν
2399 4534 2687 4609 βασιλικὴν
2710 4538 2860 4595 ἐντὸς
2886 4534 2988 4604 τῆς
3017 4533 3224 4594 πόλεως
3259 4532 3402 4586 κατά
3423 4530 3485 4583 τὸ
3515 4531 3663 4596 ἔθος,
3691 4532 3785 4583 καὶ

514 4627 566 4684 is
609 4629 902 4695 Romanos,
930 4629 1023 4699 qui
1069 4630 1209 4684 intra
1240 4631 1431 4685 urbem
1457 4641 1830 4698 versarentur,
1864 4643 2098 4704 regeret,

520 4723 878 4793 privatasque
930 4725 1248 4778 eorumdem
1302 4725 1710 4780 controversias
1734 4725 2098 4796 disceptaret.

511 4815 673 4886 .Quod
717 4816 762 4868 si
814 4813 1036 4870 Latinus
1067 4816 1334 4885 quispiam
1369 4817 1638 4884 Romano,
1677 4830 1771 4874 aut
1824 4819 2104 4877 Romanus

519 4905 727 4964 Latino
781 4909 931 4964 litem
984 4907 1320 4974 intenderet,
1374 4920 1658 4978 praetores,
1689 4927 1784 4966 seu
1838 4913 2102 4982 przel‘ccti,

520 5003 683 5068 simul
711 5004 800 5072 jus
842 5002 949 5058 illis
990 5002 1262 5071 dicerent,
1295 5013 1349 5060 et
1384 5006 1534 5060 litem
1564 5008 1863 5061 secundum
1896 5009 2100 5063 alteru-

523 5102 670 5150 trum
705 5092 919 5148 darent.
954 5091 1079 5148 Post
1121 5093 1311 5149 decem
1347 5110 1476 5151 vero
1515 5110 1691 5150 annos
1737 5098 1806 5151 ab
1834 5110 2100 5168 occupato

519 5199 558 5242 ο
586 5178 970 5240 ϐάμιιουιεηο
1001 5185 1280 5257 Byzantio,
1311 5185 1489 5244 Latini
1537 5189 1674 5256 Chio
1705 5192 1920 5259 penitus
1945 5207 2106 5246 exce-

523 5277 740 5331 derent.
771 5275 892 5329 llaec
921 5288 1075 5344 pacta
1105 5276 1262 5346 lrgati
1309 5261 1684 5333 Genuensium
1719 5296 1840 5357 cum
1876 5284 2108 5352 impera-

528 5379 648 5438 tom
696 5369 953 5430 inierunt.
997 5371 1220 5424 Simeon
1260 5386 1392 5425 vero
1443 5370 1739 5441 Beujuzus,
1787 5388 1975 5428 eorum
2016 5379 2107 5444 qui

529 5460 764 5517 insulam
799 5463 1053 5515 tenebant
1099 5459 1254 5515 facile
1290 5461 1567 5532 princeps,
1609 5464 1903 5536 ceterique
1939 5468 2110 5522 mani-

2197 4631 2464 4702 ἀρχιερὲα
2491 4623 2630 4681 εἶναι
2655 4628 2718 4681 ὲκ
2750 4628 2846 4696 τῆς
2864 4628 2920 4678 ὲν
2944 4625 3223 4696 Βυζαντίῳ
3243 4623 3577 4695 Ἐκκλησίας
3598 4640 3783 4694 κεχει-

2189 4726 2586 4800 ροτονημένον,
2620 4724 2713 4776 καὶ
2747 4725 3020 4793 εὐφημεῖν
3054 4725 3181 4782 τοὺς
3234 4719 3495 4791 βασιλέας
3538 4720 3686 4774 κατὰ
3715 4717 3786 4773 τὰ

2202 4817 2468 4881 σάϐϐατα,
2515 4815 2590 4877 ὼς
2646 4815 2785 4878 ἔθος,
2825 4814 3016 4884 μνείαν
3046 4830 3105 4867 τε
3138 4811 3320 4866 αὐτῶν
3347 4810 3474 4874 τοὺς
3511 4811 3701 4880 ίερέας
3731 4811 3788 4862 ὲν

2201 4912 2321 4971 ταῖς
2354 4906 2774 4980 ἱεροτελεστίαις
2810 4905 3114 4971 ποιεῖσθαι,
3144 4905 3241 4959 καὶ
3278 4903 3445 4976 μηδὲν
3471 4901 3786 4956 κωλύεσθαι

2177 5002 2340 5086 .παρ’
2394 5003 2630 5062 οὐδενός.
2681 5000 2794 5069 Τὴν
2829 4999 2885 5051 δὲ
2913 4999 3082 5070 ἀλλην
3120 4999 3282 5067 νῆσον
3312 4997 3558 5062 ἃπασαν,
3592 4997 3690 5050 καὶ
3721 4996 3790 5050 τὰ

2206 5096 2464 5168 φρούρια,
2515 5096 2610 5148 καὶ
2665 5096 2861 5162 κώμας
2908 5091 3015 5145 ὑπὸ
3062 5089 3335 5161 βασιλέως
3388 5089 3634 5159 ἔχεσθαι,
3693 5086 3789 5141 καὶ

2203 5188 2467 5262 ἄρχοντας
2498 5189 2683 5250 αὐτοῖς
2712 5187 2770 5241 ὃν
2817 5187 2887 5241 ἂν
2941 5184 3102 5257 ἐθέλῃ
3157 5185 3406 5257 ὲφιστᾷν,
3449 5184 3544 5236 τὸν
3584 5183 3644 5235 δὲ
3694 5181 3790 5236 καὶ

2206 5283 2313 5335 τῶν
2342 5283 2492 5345 ἐντὸς
2533 5282 2666 5335 Χίου
2695 5281 2792 5348 τῆς
2821 5280 3031 5341 πόλεως
3075 5276 3386 5346 Ῥωμαίων,
3419 5277 3638 5346 ἄρχειν.
3668 5274 3791 5328 Κᾶν

2213 5377 2310 5447 μὲν
2353 5375 2614 5446 Ῥωμαίῳ
2653 5377 2790 5446 πρὸς
2834 5375 3107 5444 Ῥωμαῖον
3146 5372 3285 5440 ὑπὲρ
3335 5373 3480 5426 ἰδίων
3512 5369 3788 5441 ἀδίκημά..

2210 5485 2319 5522 των
2353 5467 2766 5537 ἀμφισϐήτησις
2795 5462 2870 5538 ᾗ,
2903 5464 3058 5536 παρὰ
3086 5464 3176 5517 τὸν
3214 5464 3505 5531 Ῥωμαίων
3542 5461 3789 5532 ἄρχοντα

1761 5593 1977 5655 Jacobi
2011 5596 2273 5657 Pontani
2323 5605 2508 5659 notae.

607 5693 721 5760 (9i)
754 5693 934 5762 Ipsius
962 5693 1084 5750 Cbii
1114 5690 1266 5747 urbis
1298 5701 1534 5756 tantum,
1571 5709 1640 5750 an
1673 5695 1840 5750 totius
1871 5697 2110 5751 insulae?

519 5761 591 5823 .Si
625 5761 832 5838 tantum
866 5765 1040 5838 urbis,
1069 5762 1670 5838 quomodopotuerunt
1701 5766 2014 5838 inruet-amri
2050 5768 2104 5822 in

533 5849 709 5895 annos
757 5835 1001 5906 singulos
1037 5833 1278 5910 pendere
1325 5833 1518 5904 viginti
1551 5835 1661 5890 duo
1696 5836 1896 5903 millia,
1935 5834 2108 5907 siqui-

2219 5699 2365 5765 dem,
2401 5710 2459 5754 ut
2488 5699 2583 5754 lib.
2617 5716 2652 5753 ll
2685 5697 2893 5753 dictum
2922 5705 3024 5762 est,
3054 5707 3166 5752 tota
3191 5695 3368 5751 insula
3411 5703 3622 5750 tantum
3661 5693 3792 5752 red-

2207 5772 2371 5825 dt'bat
2402 5773 2456 5825 in
2485 5786 2690 5825 annum
2727 5777 2946 5825 centum
2977 5768 3146 5823 millia
3171 5777 3227 5824 et
3259 5767 3494 5838 viginti?
