4028 6288
553 318 658 383 I39

1753 312 2076 378 JOANNIS
2111 313 2638 382 CANTACUZENI
3703 312 3788 380 140

552 435 754 488 nullam
819 429 1129 487 machinam
1199 428 1572 492 inveniebant,
1616 437 1939 498 tantumque
1970 441 2121 484 occa-

2236 429 2673 498 κατεργάσονται
2715 426 2866 499 αὐτῷ
2892 428 2982 483 τὸν
3015 426 3277 498 πόλεμον.
3327 404 3388 484 ’ὸ
3426 425 3525 501 μὲν
3556 426 3648 484 οὖν
3680 434 3792 506 πρό.

549 532 762 584 sionem
821 525 980 581 talem
1029 524 1102 580 rei
1152 525 1294 580 bene
1349 524 1600 594 gerendae
1655 522 1797 578 elabi
1845 520 2127 577 dolebant.

553 622 813 677 Sciebant
840 620 1062 690 quippe,
1098 633 1198 672 nec
1236 618 1622 687 imperatorem
1662 615 1783 671 sine
1812 615 1944 681 ipsis
1999 613 2132 667 Ber-

551 718 763 770 rltaaam
799 715 1113 766 invasurum
1164 710 1307 764 :sed
1371 709 1615 763 diluculo
1667 709 1932 779 agnitum,
1958 705 2132 761 Thes-

552 803 850 861 salonicam
882 815 1129 873 repetere
1159 810 1408 856 coactum
1453 799 1542 855 iri.
1576 781 1883 869 imperator
1934 798 2133 852 simili-

551 906 637 952 tcr
695 897 761 950 ad
807 895 1030 950 ﬂuvium
1069 894 1398 956 consistens,
1431 891 1677 946 nondum
1720 893 1914 944 adesse
1969 890 2131 944 trire-

555 1003 669 1042 mes
703 987 954 1042 dolenter
982 987 1210 1046 ferebat.
1239 998 1574 1053 causamque
1607 985 1866 1038 absentiae
1912 984 2132 1052 ignora-

553 1084 684 1136 bat:
717 1092 772 1149 et
809 1097 876 1134 ne
900 1091 1071 1148 empta
1104 1081 1156 1134 in
1192 1079 1419 1134 nihilum
1478 1080 1761 1144 caderent,
1821 1078 1864 1132 si
1904 1077 2020 1132 dies
2053 1075 2135 1129 in-

549 1173 902 1236 tervenisset,
969 1173 1132 1225 etiam
1180 1170 1294 1238 ipse
1342 1171 1654 1224 verebatur.
1734 1168 1944 1223 interea
2002 1169 2131 1222 dum

562 1263 834 1317 classiarii
867 1262 1100 1322 luerent,
1133 1262 1260 1330 quid
1285 1272 1467 1330 agant,
1523 1261 1772 1316 desubito
1829 1271 2133 1315 exaestuans

554 1371 723 1417 mare,
746 1365 799 1409 et
829 1356 1144 1424 aliquandiu
1170 1355 1466 1420 fluctUaus,
1498 1369 1668 1410 naves
1694 1354 1907 1424 placido
1934 1370 1996 1408 ac
2023 1353 2134 1407 leni

551 1449 754 1518 impetu
785 1449 838 1502 in
873 1447 1077 1502 [lumen
1113 1457 1423 1519 promovet,
1470 1448 1690 1518 citoque
1723 1463 1845 1503 cum
1901 1449 2137 1516 impera-

552 1551 672 1596 tore
695 1543 1000 1612 conjuncti,
1025 1558 1191 1612 quam
1229 1541 1414 1611 iniquo
1436 1557 1564 1595 casu
1595 1540 1839 1611 impediti
1872 1540 2130 1604 fuissent,

560 1637 1086 1694 commemorabam.
1121 1635 1420 1707 Imperator
1452 1636 1567 1690 haec
1604 1652 1710 1691 non
1747 1634 1985 1698 fortuna,
2038 1635 2132 1690 sed

553 1730 735 1784 divina
785 1730 1128 1800 providentia
1157 1728 1269 1784 ficri
1328 1728 1667 1792 existimans,
1731 1729 1798 1782 ad
1852 1726 2129 1798 negotium

2234 537 2386 574 νοιαν
2438 519 2640 590 πολλὴν
2678 518 3006 598 ποιούμενος
3051 520 3146 575 τοῦ
3186 522 3264 592 μὴ
3313 522 3617 594 κατάδηλος
3666 519 3792 583 εἶναι

2231 608 2527 682 Τριδαλοῖς
2580 612 3018 683 ὲπιστρατεύων,
3049 609 3218 684 ἦλθεν
3271 613 3367 668 ἐπὶ
3418 614 3513 668 τὸν
3563 619 3792 690 ποταμὸν

2231 707 2376 762 κατὰ
2416 704 2476 759 τὸ
2512 705 2793 778 σύνθημα.
2844 706 2914 761 Al
2941 706 3197 780 τριήρεις
3241 706 3300 763 δὲ
3344 702 3499 762 οΰπω
3528 711 3790 781 παρῆσαν.

2231 799 2530 868 Γενόμεναι
2559 803 2671 870 γὰρ
2705 799 2847 870 πρὸς
2875 799 2936 853 τὸ
2969 795 3147 873 στόμα
3179 797 3277 856 τοῦ
3320 803 3593 873 ποταμοῦ,
3615 797 3697 858 οία
3719 825 3794 876 φι-

2232 888 2316 940 λεῖ
2343 889 2694 958 συμϐαίνειν,
2729 887 2834 945 ὑπό
2857 908 2920 944 τε
2957 891 3059 960 τῆς
3087 891 3363 964 θαλάττης
3385 894 3481 947 καὶ
3511 893 3609 948 τοῦ
3647 913 3798 951 ποτα-

2236 981 2338 1052 μοῦ
2372 983 2750 1053 ὲξωθουμένης
2795 982 2894 1053 τῆς
2931 980 3079 1047 ίλύος
3123 982 3498 1056 προσχοῦσθαι
3528 989 3669 1043 κατά
3709 993 3797 1061 τὴν

2235 1071 2512 1139 εἰσϐολὴν,
2537 1073 2837 1144 ὴδυνάτουν
2881 1073 3019 1144 πρὸς
3073 1072 3173 1145 τὴν
3215 1076 3428 1131 δίοδονο
3461 1077 3559 1131 καὶ
3600 1067 3802 1156 μηχανὴ

2233 1167 2350 1224 τοῖς
2406 1162 2702 1234 ναυάρχοις
2755 1165 2987 1241 οὐδεμία
3040 1165 3416 1242 ἐξευρίσκετο,
3469 1166 3607 1221 ἀλλὰ
3657 1171 3800 1238 μόνον

2234 1254 2462 1324 ἤχθοντο
2512 1255 2768 1326 τοιαύτης
2808 1247 3068 1336 πράξεως
3121 1257 3532 1331 ἀπολλυμένης.
3583 1260 3802 1332 ᾜδεσαν

2236 1348 2344 1415 γὰρ
2408 1347 2529 1401 οὐδὲ
2579 1347 2810 1419 βασιλέα
2856 1350 3028 1419 χωρὶς
3081 1350 3264 1405 αὐτῶν
3314 1351 3802 1422 ὲπιστρατεύσοντα

2237 1438 2496 1510 Βεῤῥοίᾳ,
2540 1438 2658 1493 ἀλλ’
2695 1439 2813 1512 ἃμα
2857 1442 2933 1507 ἕῳ
2971 1439 3277 1512 κατάδηλον
3303 1440 3622 1514 γενόμενον,
3645 1443 3802 1510 ἀναχ-

2236 1533 2612 1604 κασθήσεσθαι
2661 1535 2742 1598 είς
2778 1533 3188 1606 Θεσσαλονίκην
3218 1537 3614 1609 ἀναστρέφειν.
3649 1537 3804 1592 Βασι-

2236 1626 2360 1690 λεύς
2393 1644 2452 1679 τε
2485 1627 2688 1696 ὁμοίως
2716 1626 3020 1697 ἠγανάκτει
3047 1626 3300 1698 ἑφεστὼς,
3334 1628 3413 1699 τῷ
3447 1629 3702 1700 ποταμῷ,
3731 1629 3805 1683 ὅτι

2242 1717 2317 1788 μὴ
2350 1716 2610 1788 παρῆσαν
2639 1719 2695 1772 αἱ
2730 1719 2979 1790 τριήρεις
3003 1736 3018 1751 ο
3041 1717 3143 1791 τὴν
3168 1719 3352 1774 αἰτίαν
3385 1720 3442 1774 δὲ
3475 1719 3575 1790 τῆς
3600 1719 3806 1775 ἁπολεί·

555 1824 996 1892 transigendum,
1022 1831 1082 1877 ut
1114 1823 1226 1875 Deo
1268 1819 1596 1892 opitulante,
1660 1822 2086 1876 confirmabatur
2117 1862 2121 1886 ,

2237 1809 2383 1879 ψεως
2411 1811 2621 1880 ἠγνόει,
2668 1808 2763 1863 καὶ
2793 1809 3133 1865 ἀπόλλυσθαι
3161 1812 3420 1884 τοιαύτην
3464 1813 3665 1884 πρᾶξιν
3689 1812 3806 1866 ὑπε-

553 1929 608 1970 et
635 1930 795 1984 quant
831 1914 1084 1968 celeriter
1123 1912 1345 1977 licebat,
1380 1923 1503 1967 cum
1553 1911 1702 1982 gravi
1769 1911 1982 1980 levique
2040 1926 2131 1965 ar-

555 2017 766 2063 matura
826 2017 881 2062 et
926 2006 1171 2060 barbaris
1194 2005 1509 2060 Bcrrhmam
1561 2004 1924 2083 p‘roperabat,
1981 2004 2132 2058 relic-

552 2101 622 2153 tis
655 2099 721 2154 ad
761 2098 1060 2153 custodiam
1106 2097 1414 2152 triremium
1450 2107 1589 2166 quot
1621 2095 1874 2150 sufﬁcere
1901 2097 2133 2150 arbitra-

553 2196 733 2248 batur.
777 2193 1010 2246 Euntem
1032 2189 1350 2245 .llerzelatus
1379 2206 1680 2245 occurrens
1730 2188 1794 2244 ad
1863 2191 2128 2244 festinan-

551 2278 680 2340 dum
732 2285 982 2347 acuebat,
1035 2283 1181 2351 quod
1238 2284 1468 2348 diceret,
1496 2284 1682 2336 omnia
1709 2297 1769 2337 se
1799 2282 2126 2348 confecisse,

550 2389 605 2433 et
635 2377 807 2432 ‘svaias
829 2375 1108 2430 faciendas
1139 2375 1302 2429 sociis
1329 2375 1688 2429 commisisse.
1732 2371 1869 2428 Cum
1923 2375 1992 2428 ab
2037 2390 2132 2442 op-

551 2470 675 2542 pido
717 2468 940 2540 propius
971 2468 1244 2528 abessent,
1281 2467 1578 2535 imperator
1628 2479 1816 2521 rursus
1874 2463 2130 2520 Merzcla-

550 2574 664 2617 tum
706 2562 894 2626 mittit,
927 2561 1128 2622 visum,
1163 2558 1360 2629 ecquid
1387 2557 1546 2612 scalae
1576 2558 1684 2612 sint
1714 2557 1996 2611 confectae.
2020 2555 2124 2610 Re-

548 2655 655 2710 fbrt
689 2655 800 2722 ille,
840 2654 1020 2708 nullas
1062 2667 1188 2707 esse
1239 2650 1537 2706 confectas.
1577 2650 1876 2721 Imperator
1931 2652 2127 2704 iterum

548 2747 774 2816 ancipiti
826 2745 1163 2814 cOgitatione
1215 2741 1444 2796 turbari.
1515 2740 1650 2795 Tum
1705 2742 1796 2810 qui
1854 2739 1928 2795 illi
1968 2752 2127 2797 erant

549 2839 780 2911 proximi
814 2849 1003 2907 aptare
1035 2837 1087 2890 itt
1127 2836 1296 2906 sylvis
1347 2833 1551 2898 trabes,
1611 2835 1948 2890 altitudinem
1987 2837 2125 2889 muri

545 2943 832 3004 aequantes
881 2933 1010 3002 (una
1061 2931 1205 2984 enim
1265 2929 1320 2983 in
1371 2928 1720 2998 expeditione
1766 2929 2126 2981 versabantur

549 3027 996 3082 Berrhmatarum
1034 3021 1299 3092 primarii,
1337 3036 1365 3074 a
1413 3021 1570 3075 Craie
1593 3021 1646 3072 in
1695 3020 1944 3074 exsilium
1995 3020 2119 3082 acti,

549 3115 998 3189 magnanimitate
1051 3119 1108 3168 et
1143 3111 1365 3167 fidentia
1394 3113 1527 3166 nihil
1571 3112 1796 3180 reliquis
1847 3115 1914 3167 de
1952 3113 2124 3181 impe-

547 3209 749 3267 ratoris
779 3208 995 3277 agmine
1030 3206 1420 3272 concedentes,
1443 3216 1806 3274 prompteque
1837 3205 1903 3259 ad
1940 3206 2122 3259 omnia

548 3305 984 3374 praesen-trientes,
1008 3309 1061 3351 et
1092 3296 1409 3367 ad'patriam
1454 3294 1828 3365 occupandam
1875 3295 2118 3350 studium

545 3415 704 3453 suum
727 3391 1251 3458 accommodantes),
1289 3399 1342 3444 et
1373 3389 1628 3458 quoniam
1676 3389 1810 3443 clavi
1849 3405 1957 3442 non
1993 3405 2122 3460 sup-

554 3481 840 3558 petebant,
901 3478 1126 3537 funibus
1157 3494 1218 3535 ex
1254 3480 1604 3534 tabemaculo
1636 3479 1980 3549 imperatoris
2014 3481 2120 3545 usi,

545 3589 841 3650 quaternas
906 3574 1083 3631 scalas
1145 3573 1300 3628 brevi
1352 3585 1706 3642 componere,
1785 3589 1922 3641 quas
1971 3585 2122 3628 cata-

545 3669 782 3742 pltracti,
834 3678 887 3723 et
919 3666 1142 3736 quidam
1178 3665 1312 3719 levis
1335 3674 1629 3718 armaturae
1659 3664 1934 3729 tollentes,
1985 3664 2119 3719 Ber-

546 3765 778 3818 rbmotis
830 3776 951 3816 cum
1001 3752 1292 3813 Merzelato
1323 3754 1580 3823 ducibus,
1629 3758 1804 3812 muris
1848 3758 2120 3828 applicue—

546 3871 647 3908 run
741 3851 1030 3922 oppidanis
1073 3851 1142 3904 ad
1213 3865 1381 3904 unum
1416 3850 1799 3921 ignorantibus
1838 3869 1850 3904 :
1905 3852 2118 3922 ipsique

544 3949 728 4018 priun,
763 3946 960 4000 deinde
1023 3945 1308 4014 utriusque
1341 3954 1633 3999 armatura:
1686 3945 1891 4000 milites
1925 3959 2118 4001 ascen-

542 4041 758 4096 derunt.
795 4033 956 4109 773
988 4036 1294 4108 imperator
1329 4047 1391 4092 ιιι
1427 4053 1558 4093 suos
1585 4039 1729 4093 intus
1752 4055 1873 4095 esse
1898 4055 2119 4109 compe-

543 4135 635 4197 rit.
658 4134 849 4189 divisis
870 4131 1062 4201 cepiis,
1099 4131 1218 4201 ipse
1269 4127 1564 4196 Romanos,
1627 4133 1842 4202 equites
1879 4133 2116 4203 pedites—

540 4239 646 4297 que
687 4226 900 4279 dtmens
943 4224 1007 4277 ad
1067 4222 1245 4276 Scalas
1295 4224 1568 4291 processit
1616 4223 1930 4278 :barbaros
1990 4236 2114 4276 cum

543 4314 769 4385 reliquis
804 4309 1066 4368 Romanis
1088 4324 1268 4366 arcem
1303 4312 1510 4366 adoriri
1549 4312 1740 4382 jussit,
1779 4321 1835 4366 ut
1865 4311 2114 4380 pluribus

540 4426 607 4466 ex
632 4408 879 4479 partibus
912 4407 1261 4471 invadentes,
1294 4413 1568 4460 terrorem
1624 4405 1900 4475 indigenis
1950 4404 2112 4458 affet-'-

2236 1904 2344 1957 νὸει
2393 1905 2489 1956 καὶ
2539 1903 2721 1970 αὐτὸς,
2747 1904 2796 1957 εἶ
2832 1903 3140 1973 ἐπιγένοιτο
3169 1904 3376 1976 ἡμέρα.
3432 1904 3520 1960 Ἐν
3548 1904 3660 1976 ὅσῳ
3682 1899 3737 1959 δὲ
3758 1905 3804 1960 οἱ

2233 1995 2292 2048 ὲν
2327 1998 2444 2058 ταῖς
2474 1995 2727 2065 τριήρεσι
2775 1997 2908 2066 περὶ
2953 1997 3048 2050 τοῦ
3089 1997 3118 2050 ὃ
3178 2013 3232 2050 τι
3262 1997 3368 2068 χρὴ
3407 1997 3672 2068 πράττειν
3699 1994 3808 2068 διηξ

2235 2087 2458 2157 πόρουν,
2483 2085 2680 2159 ἀθρόον
2713 2088 3175 2160 πλημμυρήσασα
3204 2091 3238 2160 ὴ
3286 2089 3553 2157 θάλασσα,
3585 2089 3682 2146 καὶ
3717 2108 3810 2145 κυ-

2237 2182 2456 2250 μῆνασα
2487 2182 2580 2233 ἐπὶ
2610 2179 2828 2248 μικρὸν,
2854 2178 3046 2251 ἡμέρῳ
3077 2181 3464 2254 καὶπροσηνεϊ
3488 2181 3656 2252 ῥοθίῳ
3678 2197 3808 2252 παρ·

2233 2274 2447 2342 έπεμπε
2497 2272 2600 2335 τὰς
2633 2271 2766 2336 ναῦς
2831 2273 2927 2326 ἐπὶ
2958 2273 3050 2328 τὸν
3089 2275 3358 2345 ποταμὸν,
3387 2275 3484 2330 καὶ
3535 2275 3602 2329 ὲν
3652 2273 3808 2345 ὀλίγῳ

2233 2367 2444 2436 βασιλεῖ
2472 2366 2837 2435 συμμίξασαι,
2878 2366 3165 2438 διηγοῦντο
3200 2368 3262 2421 τὸ
3296 2367 3440 2422 κατὰ
3477 2367 3580 2440 τὴν
3630 2367 3808 2424 διάϐα-

2233 2473 2337 2541 σιν,
2373 2459 2572 2530 ’ὥσπερ
2623 2459 2861 2524 ἐξαίσιον
2909 2459 3277 2535 συμϐεϐηκός.
3331 2461 3601 2529 Βασιλεύς
3644 2480 3704 2518 τε
3749 2464 3809 2518 ού

2234 2540 2375 2606 κατὰ
2413 2554 2606 2623 τύχην,
2645 2554 2782 2608 ἀλλὰ
2823 2557 3052 2627 προνοίᾳ
3105 2555 3228 2628 θείᾳ
3260 2556 3330 2611 τὰ
3379 2555 3610 2612 τοιαῦτα
3657 2573 3806 2611 συνι-

2232 2647 2526 2700 σκευάσθαι
2546 2648 2775 2717 οἰηθεὶς,
2805 2649 3006 2718 μᾶλλον
3029 2648 3359 2724 ἐπερρώσθη
3388 2651 3527 2723 πρὸς
3551 2651 3654 2722 τὴν
3676 2653 3820 2721 πρᾶγ

2231 2738 2335 2805 ξιν,
2357 2743 2429 2803 ὡς
2459 2736 2596 2792 Θεοῦ
2626 2742 3021 2811 συναιρομένου
3041 2759 3056 2775 ·
3099 2744 3194 2798 καὶ
3291 2744 3496 2813 τάχους
3523 2738 3666 2816 εἶχε,
3688 2743 3820 2808 τούς-

2227 2845 2286 2882 τε
2332 2829 2577 2893 ὁπλίτας.
2622 2832 2719 2886 καὶ
2767 2832 2983 2905 ψιλοὺς,
3047 2834 3302 2898 καὶτοὺς
3348 2834 3672 2907 βαρϐάρους
3707 2835 3810 2887 τῶν

2227 2916 2364 2975 νεῶν
2394 2922 2704 2992 ἐξαγαγὼν,
2731 2925 2930 2997 ἐχώρει
2963 2927 3106 2998 πρὸς
3129 2925 3404 2999 Βέῤῥοιαν
3459 2930 3697 3002 σπουδῇ,
3718 2929 3808 2981 ἐπὶ

2227 3015 2328 3085 τὴν
2367 3017 2615 3087 φυλακὴν
2653 3018 2762 3070 τῶν
2799 3017 2937 3072 νεῶν
2989 3019 3305 3074 καταλιπὼν
3338 3021 3497 3081 ὅσους
3530 3020 3674 3093 ᾠετο
3701 3023 3810 3092 ’ἀρ-

2229 3109 2430 3164 κέσειν.
2483 3111 2704 3176 Μεταξὺ
2738 3110 2795 3166 δὲ
2845 3113 3200 3186 πορευομένῳ
3245 3115 3341 3169 καὶ
3387 3117 3415 3169 ό
3445 3115 3809 3188 Μαρζελάτος

2226 3204 2691 3274 παραγενόμενος,
2723 3205 3028 3261 ὲπέσπευδε
3059 3209 3195 3281 πρὸς
3218 3210 3319 3278 τὴν
3347 3209 3603 3282 πορείαν.
3627 3211 3809 3268 Πάντα

2224 3293 2332 3366 γὰρ
2363 3296 2511 3366 αὑτῷ
2551 3296 2791 3366 ἔφασκεν
2822 3298 3076 3370 ὴνύσθαι,
3115 3303 3212 3356 καὶ
3254 3305 3370 3367 τοῖς
3403 3303 3654 3375 ἑταίροις
3692 3305 3811 3361 ἔπιε

2223 3380 2552 3459 τετραφέναι
2581 3391 2681 3461 τὴν
2713 3394 2815 3463 τῆς
2851 3391 3120 3463 κλίμακος
3152 3396 3525 3467 κατασκευήν.
3569 3397 3730 3450 Ἐπεὶ
3755 3397 3811 3450 δὲ

2221 3476 2359 3550 ἦσαν
2393 3487 2492 3535 οὐκ
2524 3483 2747 3538 ἄπωθεν
2789 3487 2886 3556 τῆς
2931 3487 3162 3551 πόλεως,
3198 3486 3458 3557 βασιλεὺς
3508 3490 3618 3560 μὲν
3647 3488 3809 3552 αὖθις

2219 3573 2437 3641 ἔπεμπε
2469 3576 2829 3645 Μαρζελάτον
2883 3579 3033 3644 ίδεῖν,
3087 3583 3135 3634 εί
3188 3581 3604 3637 κατεσκεύαστο
3629 3585 3664 3653 ἡ
3696 3581 3807 3637 κλίο

2225 3669 2354 3739 μαξ.
2415 3669 2476 3721 '0
2515 3670 2572 3723 δὲ
2605 3672 3051 3744 ἐπαναστρέψας,
3083 3673 3359 3745 μηδεμίαν
3389 3676 3603 3744 ἔφασκε
3651 3691 3809 3729 κατε-

2222 3761 2519 3814 σκευάσθαι
2557 3763 2830 3831 κλίμακα,
2866 3766 2961 3818 καὶ
2996 3763 3158 3819 πάλιν
3194 3768 3221 3819 ό
3253 3765 3520 3837 βασιλεὺς
3586 3770 3645 3821 ὲν
3677 3765 3810 3822 ἁπό-

2222 3865 2335 3922 ροις
2373 3847 2462 3921 ἦν.
2513 3852 2577 3905 Oi
2633 3855 2759 3923 περὶ
2793 3854 2958 3908 αὐτὸν
3003 3854 3060 3908 δὲ
3113 3852 3246 3921 ξύλα
3293 3859 3558 3927 τεμόντες
3592 3859 3664 3911 ὲκ
3709 3859 3806 3928 τῆς

2221 3943 2427 4013 λόχμης
2475 3939 2553 4013 τῷ
2602 3945 2774 4013 τείχει
2813 3947 3052 4016 ίσομήκη
3102 3948 3650 4016 (συνεστρατεύοντο
3696 3951 3804 4019 γὰρ

2218 4035 2572 4106 Βερῤοιωτῶν
2613 4039 2662 4089 oi
2700 4037 2935 4107 μάλιστα
2979 4040 3037 4091 ὲν
3077 4039 3222 4110 λόγῳ
3253 4039 3358 4094 ὑπὸ
3394 4041 3594 4112 Κράλη
3623 4057 3804 4111 φυγα-

2216 4127 2516 4192 δευθέντες,
2547 4129 2684 4198 πρὸς
2731 4129 2994 4200 εὐψυχίαν
3064 4131 3157 4184 καὶ
3195 4131 3399 4202 τόλμαν
3443 4134 3671 4198 οὐδενὸς
3694 4126 3807 4186 λει-

2216 4221 2443 4290 πόμενοι
2473 4222 2581 4290 τῶν
2617 4222 2886 4275 συνόντων
2917 4223 3159 4292 βασιλεῖ·
3191 4225 3240 4277 οἳ
3277 4225 3370 4278 καὶ
3397 4206 3644 4295 μάλιστα
3675 4244 3806 4300 ’προ⁴

2216 4313 2401 4383 Otium;
2437 4315 2574 4386 πρὸς
2627 4315 2806 4370 πάντα
2840 4316 3173 4386 ὑπηρέτουν,
3220 4319 3493 4392 καὶπρὸς
3547 4322 3656 4395 τὴν
3706 4322 3804 4392 τῆς

2216 4407 2476 4477 πατρίδος
2518 4408 2853 4472 ἐσπούδαζον
2899 4409 3252 4481 κατάληψιν),
3281 4413 3471 4485 ἐπειδὴ
3515 4415 3675 4487 ἥλων
3698 4419 3804 4469 οὐκ

543 4500 685 4558 rent.
722 4497 823 4567 Qui
851 4499 998 4553 intus
1021 4497 1133 4565 jam
1167 4507 1326 4552 erant
1356 4497 1577 4562 milites,
1617 4498 1856 4577 primum
1890 4498 2109 4566 quidem

2224 4498 2510 4570 εὐπόρουν,
2532 4503 2642 4563 τοῖς
2674 4503 2737 4554 ὲκ
2767 4502 2864 4570 τῆς
2897 4501 3422 4577 βασιλικῆςσκηνῆς
3455 4511 3803 4581 χρησάμενοι

544 4598 597 4648 in
629 4594 893 4663 quosdam
923 4589 1180 4646 custodes
1211 4589 1538 4653 incidentes,
1598 4603 1694 4642 eos
1753 4589 2113 4659 comprehen-

543 4685 767 4750 debant,
822 4690 1166 4751 mortemque
1218 4679 1740 4745 interminabantttr,
1803 4680 1849 4734 si
1921 4695 2112 4736 vocem

541 4780 787 4835 ederent.
818 4773 1024 4829 Deinde
1053 4789 1176 4828 cum
1212 4772 1279 4828 ad
1305 4781 1518 4842 portam
1542 4773 1951 4843 Opsiccejauam
2016 4789 2112 4828 ve-

541 4874 774 4935 nissent,
814 4869 950 4922 alios
982 4866 1256 4932 custodes,
1293 4866 1626 4934 eosdemque
1668 4867 1815 4921 cives
1865 4866 2113 4922 oil'ende-

537 4972 683 5028 runt,
715 4973 855 5031 quos
881 4960 948 5013 ad
988 4972 1046 5014 se
1066 4958 1357 5028 iuvandos,
1385 4968 1682 5026 vertesque
1715 4958 2113 5030 diti’ringendos

541 5054 744 5110 hortati
782 5063 929 5108 sunt.
960 5053 1171 5107 Dictum
1202 5067 1265 5106 ac
1288 5049 1515 5105 factum.
1570 5050 1644 5102 Illi
1681 5052 1853 5120 portis
1908 5051 2113 5119 apertis

537 5150 928 5219 imperatorem
958 5145 1353 5200 intromittunt.
1387 5143 1490 5210 Qui
1530 5144 1855 5212 optimatum
1911 5158 2112 5212 paucos

535 5238 678 5310 apud
705 5247 919 5311 portam
950 5253 1134 5291 secum
1159 5237 1432 5301 rctim'ns,
1467 5235 1602 5289 alios
1630 5237 1903 5289 introrsus
1931 5236 2014 5289 ire
2058 5245 2112 5290 et

532 5348 657 5390 cum
711 5329 966 5387 Triballis
999 5329 1249 5383 hostibus
1287 5324 1547 5380 dimicare
1602 5327 1765 5396 jussit
1797 5343 1810 5378 :
1847 5328 1912 5381 ad
1971 5344 2111 5398 quos

535 5424 847 5497 perdendos
881 5422 983 5477 soli
1016 5420 1206 5474 incolae
1242 5429 1326 5475 sat
1370 5420 1524 5472 tnulti
1557 5431 1729 5473 erant.
1755 5420 1826 5474 Ut
1853 5421 1994 5474 enim
2020 5423 2108 5474 io-

536 5510 619 5572 tra
652 5515 1267 5583 mmnia-impcrat'orcm
1315 5526 1437 5566 esse
1494 5523 1885 5581 cognovemnt,
1929 5515 2110 5569 accla-

535 5610 776 5665 matione
805 5607 982 5661 fausta
1014 5622 1135 5659 eum
1173 5605 1440 5674 prodente
1476 5606 1752 5669 omnibus,
1809 5607 1991 5659 statim
2026 5609 2104 5662 -.in

534 5700 805 5760 Triballos
832 5699 1125 5759 irruentes,
1163 5696 1446 5750 facultates
1488 5696 1702 5749 illorum
1757 5697 2102 5767 diripiebant,

532 5797 750 5855 etforte
776 5793 1135 5849 occurrentes
1170 5790 1475 5862 capiebant.
1508 5788 1732 5844 Tribaili
1766 5792 1956 5857 urbem
2014 5811 2107 5848 ca-

2214 4592 2522 4657 καλωδίοις,
2551 4594 2824 4660 κλίμακας
2853 4597 3264 4652 κατεσκεύασαν
3281 4601 3555 4672 τέτταρας
3581 4606 3644 4658 ἐν
3667 4605 3802 4677 βρα-

2214 4687 2319 4755 χεῖ,
2365 4686 2586 4738 ὁπλῖται
2629 4686 2814 4740 δὲκαὶ
2857 4687 2921 4741 ὲκ
2965 4689 3076 4744 τῶν
3118 4690 3292 4760 ψιλῶν
3335 4694 3577 4764 ἄραντες
3609 4699 3802 4764 αὑτὰς,

2214 4777 2567 4848 Βερῤοιωτῶν
2591 4779 2913 4847 ἡγουμένων
2953 4780 3092 4850 μετὰ
3124 4779 3508 4851 Μαρζελᾶτου,
3545 4794 3673 4855 τοῖς
3696 4793 3809 4845 cat-

2215 4888 2330 4938 χεσι
2361 4872 2757 4940 προσήρεισαν,
2794 4873 3020 4940 μηδενὸς
3058 4875 3262 4941 εἰδότος
3301 4879 3410 4931 τῶν
3445 4880 3602 4934 ἔνδον
3652 4882 3803 4935 πολι-

2210 4963 2360 5015 τῶν·
2409 4964 2502 5014 καὶ
2543 4965 2696 5016 αὐτοὶ
2751 4965 3037 5019 ἁνέὸαινον
3083 4969 3312 5037 πρῶτοι,
3373 4971 3572 5028 ἔπειτα
3609 4977 3712 5030 καὶ
3742 4978 3805 5030 ἐκ

2211 5057 2319 5109 τῶν
2346 5057 2580 5110 ὁπλιτῶν
2613 5059 2706 5111 καὶ
2734 5057 2841 5109 τῶν
2871 5057 3062 5126 ψιλῶν.
3108 5059 3365 5126 Βασιλεὺς
3388 5063 3434 5116 δ’
3463 5067 3594 5119 ἐπεὶ
3626 5068 3802 5140 ᾐσθά-

2213 5167 2331 5202 νετο
2365 5151 2510 5204 ἔνδον
2533 5151 2690 5213 δντας
2721 5151 2844 5214 τοὺς
2869 5154 3125 5217 οἰκείους,
3148 5156 3347 5211 αὐτίκα
3378 5159 3438 5212 τὺ
3467 5164 3800 5233 στράτευμα
3827 5176 3830 5178 ⁷

2211 5242 2410 5313 διῄρει,
2444 5243 2538 5294 καὶ
2580 5243 2888 5312 ’Ῥωμαίους
2925 5247 3023 5314 μὲν
3070 5247 3212 5318 ἔχων
3256 5249 3419 5315 αὐτὸς
3453 5252 3672 5319 ίπιπέας
3707 5255 3800 5310 κα).

2214 5335 2429 5398 πεζοὺς,
2463 5332 2554 5387 ἐπὶ
2597 5335 2697 5398 τὰς
2743 5335 3019 5406 κλίμακας
3070 5341 3288 5409 ἐχώρει,
3343 5345 3404 5395 τὸ
3449 5345 3800 5418 βαρϐαρικὸν

2211 5425 2265 5479 δὲ
2304 5426 2442 5494 μετὰ
2483 5422 2772 5494 Ῥωμαίων
2800 5428 2911 5482 ’τῶν
2945 5429 3245 5485 ἐπιλοίπων
3297 5437 3390 5488 ἐπὶ
3421 5437 3517 5508 τὴν
3551 5442 3801 5512 ἀκρόπο-

2211 5518 2292 5570 λιν
2326 5518 2542 5570 ἐκέλευε
2572 5523 2792 5590 χωρεῖν,
2830 5521 2970 5576 ὥστε
3008 5527 3416 5595 καταπλήττειν
3455 5531 3798 5603 πολλαχόθεν

2208 5608 2643 5678 προσϐαλόντας.
2691 5612 2752 5662 Οἱ
2800 5612 2947 5667 ἔνδον
2991 5613 3048 5666 δὲ
3097 5621 3378 5685 γενόμενοι
3428 5627 3793 5690 στρατιῶται,

2211 5705 2404 5774 πρῶτα
2436 5704 2532 5772 μὲν
2565 5703 2760 5774 φύλαξί
2785 5723 2896 5758 τισι
2924 5714 3324 5779 περιτυχόντες,
3352 5717 3794 5786 συνελάμῦανον,

2209 5797 2300 5850 καὶ
2355 5795 2567 5867 σιωπᾷν
2633 5797 2907 5866 ἐκέλευον,
2971 5801 3002 5872 ἦ
3075 5805 3334 5874 ἠπείλουν
3411 5813 3792 5866 ἀποκτείνειν.
