4128 6290
599 339 700 401 iﬁ'.’

1757 331 2081 398 JOANNIS
2122 324 2653 391 CANTACUZENI

3743 319 3850 387 168

592 458 673 512 sio
707 454 842 508 fuit:
872 453 961 508 cui
993 466 1118 507 cum
1143 451 1231 508 ille
1255 465 1535 523 opponere
1562 450 1703 506 nihil
1731 457 1922 523 posset
1946 448 2170 520 (quippe

2287 439 2534 510 ἱγκαλεῖν
2564 440 2591 493 6
2618 437 2848 511 Κράλης
2893 434 3194 511 ἐπεχείρει,
3247 435 3619 509 ἀπεκρίνατο·
3648 438 3678 491 6
3707 438 3865 511 Κρά-

590 564 753 619 quem
799 545 1122 618 iniuriarum
1207 555 1373 614 atque
1421 544 1665 614 perfidiae
1694 543 2029 599 conscientia
2071 540 2169 596 sti-

592 638 849 706 mularet)
899 635 1122 705 paulum
1180 633 1488 690 conticuit:
1541 633 1738 690 deinde
1783 636 2169 703 imperatorem

593 729 849 800 rogarit,
889 728 964 782 uti
1019 729 1346 782 secedentes
1389 726 1458 782 de
1489 725 1868 782 controversia
1918 741 2016 780 sua
2049 725 2169 779 sine

593 820 822 874 arbitris
851 818 1318 888 colloquerentur.
1353 816 1604 881 Annuit,
1627 816 1915 871 secedunt.
1937 814 2019 870 Ibi
2053 823 2168 869 tum

592 911 783 965 Crales
805 908 1080 972 conﬁteri,
1106 922 1165 964 se
1191 908 1354 963 fidem
1384 924 1576 977 parum
1615 919 1859 965 sanctam
1889 905 2170 981 habuisse,

588 1013 898 1070 contraque
941 999 1124 1056 lmdus
1173 997 1552 1055 Romanorum
1585 1001 1782 1070 oppida
1813 1014 2109 1069 occupasse
2153 1015 2169 1052 :

594 1110 696 1149 nec
732 1104 913 1147 tamen
963 1092 1030 1148 ad
1057 1091 1402 1148 reddendum
1453 1093 1821 1162 propendere,
1861 1091 1954 1147 sed
1991 1105 2171 1158 orare,

593 1188 792 1242 collata
838 1189 891 1240 in
934 1202 991 1240 se
1024 1185 1478 1254 beneﬁcia‘apud
1512 1186 1757 1239 animum
1805 1185 2176 1249 recoleret,et

595 1281 737 1334 hanc
792 1278 895 1334 sibi
945 1279 1176 1347 gratiam
1229 1277 1602 1348 persolveret,
1636 1276 2012 1332 ut'ambobus
2045 1275 2178 1330 reti-

596 1370 860 1425 nentibus
911 1369 1058 1440 quod
1099 1368 1393 1433 haberent,
1426 1370 1500 1422 ita
1555 1368 1773 1422 demum
1825 1367 2004 1424 fmdus
2054 1366 2178 1421 leri-

601 1443 745 1518 πισοί.
798 1463 938 1516 Cum
987 1462 1124 1517 nihil
1175 1468 1260 1516 ret
1322 1461 1608 1515 minimum
1657 1460 2082 1524 concederetur,
2115 1474 2177 1515 re

596 1555 946 1624 imperfecta,
983 1553 1172 1608 Crales
1197 1554 1261 1606 in
1293 1563 1496 1616 castra,
1535 1552 1836 1624 imperator
1892 1553 1946 1607 in
1982 1552 2175 1606 urbem

595 1648 786 1702 rediit.
818 1646 1093 1702 Postridie
1126 1646 1333 1713 denuo,
1367 1657 1424 1701 ut
1464 1647 1606 1700 inter
1641 1661 1699 1701 se
1727 1645 1954 1716 polliciti
1977 1657 2132 1700 erant.
2156 1684 2175 1712 ,

596 1742 958 1804 conveniunt,
987 1739 1299 1810 eademque
1367 1741 1657 1804 iterantur,
1709 1748 1764 1794 et
1798 1753 1977 1808 neque
2008 1739 2178 1808 impc-

592 1841 768 1887 ποιοτ-
802 1831 872 1886 de
928 1830 1258 1901 repetitione
1318 1831 1537 1885 urbium
1587 1838 1981 1899 occupatarum
2018 1828 2180 1896 quid-

596 1939 760 1994 quam
795 1924 1104 1989 remittere,
1144 1939 1321 1994 neque
1371 1921 1559 1979 Crales
1585 1936 1679 1977 eas
1720 1922 1970 1984 reddere,
2001 1937 2182 1993 quan-

597 2033 765 2088 quam
793 2016 1027 2083 diceret,
1055 2024 1264 2070 tantum
1298 2031 1357 2070 se
1390 2014 1643 2068 timorem
1676 2013 2028 2084 imperatoris
2048 2028 2183 2068 con-

597 2108 833 2178 cepisse,
866 2117 928 2163 ut
977 2109 1142 2162 etiam
1194 2106 1237 2160 si
1295 2122 1415 2175 pcr-
1452 2106 1728 2161 somnium
1768 2121 1894 2160 eum
1924 2105 2136 2162 rideret
2163 2145 2178 2173 ,

599 2203 787 2257 statim
824 2199 1339 2269 expergisceretur:
1379 2207 1456 2262 et,
1484 2198 1526 2251 si
1561 2198 1627 2252 de
1664 2198 1806 2252 bello
1835 2210 1958 2253 cum
1990 2213 2057 2253 eo
2086 2214 2181 2268 ge-

600 2293 774 2348 rendo
834 2293 1124 2361 cogitaret,
1183 2299 1480 2360 antequam
1543 2305 1735 2345 somno
1777 2291 2180 2359 consopiretur,

599 2399 715 2453 pra:
744 2391 891 2436 metu
944 2379 1110 2435 anxio
1157 2388 1376 2434 noctem
1416 2379 1688 2434 insomnia
1723 2380 2036 2436 traducere.
2071 2381 2182 2435 Ne-

600 2494 716 2548 que.
741 2491 872 2532 vero
899 2474 1153 2530 morbum
1189 2475 1403 2528 celabat
1432 2489 1590 2528 suum
1624 2491 1636 2526 :
1664 2475 1796 2541 quin
1830 2475 2004 2543 palam
2033 2475 2178 2545 apud

537 2625 548 2631 ,
601 2572 901 2632 Romanos,
929 2576 983 2624 et
1010 2567 1285 2622 Triballos
1316 2566 1610 2632 narrabat,
1654 2580 1712 2621 se
1751 2567 1802 2619 in
1845 2566 1992 2620 omni
2022 2578 2178 2622 antc-

600 2671 720 2717 aCta
757 2661 867 2714 vita
894 2658 1108 2713 nullum
1150 2658 1380 2727 perinde
1415 2659 1726 2721 mortalem,
1761 2669 1820 2710 ut
1846 2659 2178 2714 Cantatcnze-

561 2771 564 2774 ’
603 2767 734 2804 num
774 2748 1049 2813 timuisse,
1090 2747 1509 2817 horruisseque.
1570 2747 1639 2800 Et
1684 2748 1737 2800 in
1792 2748 1881 2801 illa
1924 2763 2184 2817 congres-

600 2842 756 2895 sione
789 2846 1076 2909 qurercnte
1107 2839 1459 2907 imperatore,
1506 2837 1638 2907 quid
1666 2838 1736 2890 ita
1762 2838 1977 2892 tandem
2017 2838 2185 2893 dedc-

604 2948 702 2988 Cus
727 2941 937 2986 tantum
962 2930 1343 2994 conscivisset,
1365 2929 1494 2983 dum
1519 2933 1569 2982 in
1592 2930 2181 2985 scnatumV’cnetorum

604 3040 662 3078 se
688 3023 988 3093 allegisset,
1066 3020 1160 3089 qui
1199 3022 1377 3090 majus
1425 3029 1482 3074 et
1535 3020 1824 3085 illustrius,
1861 3037 2020 3088 quam
2056 3021 2182 3091 ipsi,

2273 532 2372 602 λης
2396 531 2451 586 δέ
2485 534 2763 585 ἀντειπεῖν
2812 531 2914 586 οὐκ
2943 531 3082 602 ἔχων
3127 529 3264 602 πρὸς
3288 529 3465 596 οὑδέν,
3502 528 3721 602 συνῄδει
3746 532 3864 603 γὰρ

2275 624 2424 696 αὑτῷ
2456 625 2552 678 καὶ
2572 623 2817 688 ἀδικίαν,
2842 625 2937 679 καὶ
2963 624 3276 696 παράϐασιν
3297 621 3420 676 τῶν
3440 622 3644 694 ὅρκων,
3673 622 3864 692 ὀλίγον

2273 707 2474 788 ἐπέσχε
2528 719 2838 788 σιωπήσας.
2897 717 3132 774 Ἔπειτα
3193 713 3366 771 ἐδεῖτο
3421 713 3712 785 βασιλέως,
3750 715 3866 770 τῶν

2276 810 2452 865 ἄλλων
2482 811 2828 873 ἀποστάντας
2883 810 3033 880 μόνοι
3093 807 3437 878 διαλέγεσθαι
3492 807 3578 878 ἐφ’
3633 809 3869 872 ἑαυτοὺς

2277 906 2404 976 περὶ
2435 903 2569 959 τῶν.
2596 902 2898 974 διαφορῶν.
2924 901 3101 955 “Emi.
3154 902 3210 955 δὲ
3262 901 3511 955 ἐπείθετο
3544 904 3572 955 ὁ
3611 899 3870 973 βασιλεὺς

2275 997 2372 1054 καὶ
2402 995 2701 1065 ἀφίσταντο
2734 995 2844 1048 τῶν
2895 995 3094 1059 ἄλλων,
3118 995 3398 1064 ἐπιορκεῖν
3459 992 3558 1062 μέν
3587 995 3612 1046 6
3644 990 3868 1062 Κράλης

2275 1086 2568 1158 ὡμολόγει,
2604 1087 2695 1141 καὶ
2719 1088 3120 1158 παρασπονδεῖν
3147 1087 3246 1151 τὰς
3285 1085 3577 1155 Ῥωμαίων
3611 1083 3865 1154 κατέχων

2277 1180 2489 1244 πόλεις’
2539 1179 2950 1234 οὑκ-ἐϐούλετο
2994 1179 3051 1231 δέ
3100 1177 3457 1233 ἀποδιδόναιο
3520 1176 3634 1229 ἀλλ’
3691 1177 3868 1230 ἐδεῖτο

2278 1272 2698 1346 βασιλέωςτῶν
2748 1272 2829 1336 είς
2887 1271 3053 1326 αὑτὸν
3093 1271 3482 1342 γεγενημένων
3534 1270 3870 1339 ἀπομνημο-

2281 1365 2532 1433 νεύοντα,
2569 1364 2775 1435 ταύτην
2804 1363 2903 1434 τὴν
2931 1364 3094 1435 χάριν
3125 1363 3487 1426 καταθέσθαι,
3532 1362 3592 1414 τὸ
3635 1360 3868 1433 ἔχοντας

2281 1459 2568 1527 ἑκάτερον,
2602 1457 2637 1513 ἃ
2675 1457 2892 1528 ἔχουσιν
2923 1456 3076 1527 ἐντῷ
3111 1457 3370 1528 παρόντι,
3409 1455 3655 1510 τίθεσθαι
3706 1472 3874 1510 σπον-

2281 1552 2403 1616 δάς.
2439 1549 2716 1615 Βασιλέως
2747 1549 2803 1603 δέ
2833 1546 2953 1604 οὐδὶ
2978 1547 3088 1603 τῶν
3116 1548 3474 1616 φαυλοτάτων
3501 1547 3720 1611 οὑδενδς
3755 1565 3868 1602 «ac

2286 1643 2688 1716 ραχωροῦντος,
2737 1640 3062 1712 διελύθησαν
3100 1640 3436 1712 ἀσύμϐατοι.
3479 1643 3591 1696 Καὶ
3641 1643 3869 1714 Κράλης

2288 1741 2385 1810 μὲν
2410 1740 2488 1801 είς
2521 1738 2580 1790 τδ
2613 1736 3002 1811 στρατόπεδον,
3039 1735 3295 1806 βασιλεὺς
3336 1734 3396 1788 δέ
3441 1734 3525 1799 εἰς
3569 1732 3670 1804 τὴν
3710 1731 3874 1786 πόλιν

2283 1832 2612 1899 ἐπανῆλθον,
2645 1831 2724 1893 είς
2749 1829 2847 1902 τὴν
2876 1826 3175 1899 ὑστεραίαν
3215 1828 3373 1892 αὖθις
3406 1826 3870 1896 ἐπαγγειλάμενοι

2280 1923 2534 1995 ἀλλήλοις
2566 1922 2855 1992 συντυχεῖν
2888 1938 2902 1952 ο
2940 1921 3034 1974 καὶ
3060 1922 3119 1978 ἐς
3145 1919 3246 1990 τὴν
3279 1918 3573 1988 ὑστεραίαν
3595 1915 3872 1970 συνελθόν-

2278 2034 2391 2080 τες,
2426 2015 2621 2083 λόγους
2677 2011 2963 2068 ἐποιοῦντο
3007 2011 3276 2085 περὶτῶν
3313 2011 3540 2081 ὁμοίων,
3599 2009 3699 2062 καὶ
3741 2005 3869 2062 οὒτε

2282 2109 2539 2180 βασιλεὺς
2580 2109 2713 2179 περὶ
2763 2108 2874 2164 τῶν
2923 2106 3308 2179 κατεχομένων
3368 2103 3605 2159 ἐνεδίδου
3637 2101 3870 2165 πόλεων,

2280 2202 2393 2258 οὔθ’
2411 2205 2437 2256 ὁ
2460 2202 2686 2273 Κράλης
2713 2202 2979 2272 ὑπέμενεν
3011 2200 3366 2270 ἀφίστασθαι,
3418 2199 3598 2254 καίτοι
3625 2214 3688 2267 γε
3719 2195 3873 2262 ἔλεγε

2282 2295 2526 2366 Κράλης,
2569 2297 2627 2358 ἐς
2668 2293 2925 2347 τοσοῦτον
2970 2294 3126 2358 δέους
3158 2292 3296 2364 πρὸς
3328 2290 3557 2360 βασιλέα
3604 2287 3874 2343 καθεστά-

2281 2405 2390 2450 ναι,
2431 2391 2505 2450 ὡς
2535 2388 2630 2440 καὶ
2659 2392 2717 2443 ἐν
2747 2387 2979 2457 ὀνείροις
3027 2387 3084 2440 εί
3130 2401 3264 2439 ποτε
3303 2385 3436 2456 ὀρᾷν
3479 2383 3748 2454 συμϐαίη,
3772 2379 3871 2434 τοῦ

2283 2475 2453 2531 ὕπνου
2487 2476 2826 2547 ἀφίστασθαι
2853 2475 3072 2543 αὐτίκα,
3127 2476 3224 2530 καὶ
3242 2474 3372 2548 πρὶν
3399 2474 3675 2545 ληφθῆναι
3698 2472 3873 2542 ὕπνῳ,

2282 2568 2487 2621 ἄϋπνον
2541 2566 3000 2637 διανυκτερεύειν,
3057 2566 3106 2620 εί
3151 2567 3420 2634 λογίζοιτο
3475 2566 3604 2636 περὶ
3661 2563 3874 2616 ἐκείνου

2290 2664 2439 2723 ὅπως
2471 2660 2580 2731 χρὴ
2615 2661 2902 2730 πολεμεῖν,
2940 2661 2998 2712 ἐν
3015 2659 3242 2730 ἀπόροις
3268 2659 3370 2713 ὑπὸ
3392 2657 3546 2720 δέους
3571 2655 3873 2720 καθεστώς.

2286 2754 2359 2806 Οὑ
2400 2755 2501 2823 μὲν
2525 2752 2645 2807 οὑδὲ
2676 2751 2819 2821 πρὸς
2859 2755 2992 2816 τοὺς
3013 2752 3117 2817 ἔξω
3141 2753 3205 2806 τὺ
3234 2752 3407 2816 πάθος
3437 2748 3830 2819 ἀπεκρύπτετο
3852 2789 3870 2816 ,

2284 2845 2398 2898 ἀλλ’
2425 2844 2730 2912 ἀναφανδὸν
2775 2843 2866 2897 καὶ
2902 2845 3039 2914 πρὸς
3073 2843 3388 2914 Τριϐαλοὺς
3416 2843 3513 2896 καὶ
3554 2842 3869 2912 Ῥωμαίους

2283 2937 2412 2998 τοὺς
2448 2936 2732 3001 συνόντας,
2776 2935 2979 3007 μηδένα
3027 2935 3336 3006 ἀνθρώπων
3377 2934 3531 3004 ἔλεγε
3581 2933 3670 2987 διὰ
3729 2933 3873 3003 βίου,

2289 3027 2426 3098 μήτε
2468 3027 2737 3098 πρότερον
2770 3027 2901 3099 μήθ’
2923 3023 3154 3098 ὕστερον
3190 3025 3383 3096 ὥσπερ
3410 3023 3874 3096 Καντακουζηνδν

604 3114 899 3186 imperium
933 3112 1185 3175 haberet,
1217 3113 1523 3182 respon-lit,
1581 3115 1700 3184 ejus
1745 3123 1891 3167 metu
1925 3113 2178 3168 adactum

2287 3117 2377 3171 τδν
2411 3118 2638 3188 βασιλέα
2670 3116 3053 3189 ἐκπεπλῆχθαι
3079 3117 3176 3172 καὶ
3206 3115 3522 3172 δεδοικέναι.
3553 3115 3666 3172 Καὶ
3701 3121 3761 3169 ἐν
3796 3117 3869 3189 τῇ

605 3205 658 3258 id
711 3205 908 3260 fecisse
946 3223 960 3259 :
990 3213 1042 3260 et
1077 3206 1315 3276 adjecit,
1353 3205 1489 3258 nihil
1524 3205 1746 3266 mirum,
1782 3203 1927 3273 quod
1982 3219 2042 3259 se
2074 3205 2182 3262 huc

2287 3210 2548 3284 συνουσία
2583 3209 2640 3264 δὲ
2695 3212 2906 3282 ἐκείνῃ,
2940 3211 3205 3282 ἐρομένου
3241 3209 3529 3281 βασιλέως,
3560 3211 3686 3264 ὅτου
3711 3209 3872 3280 χάριν

605 3297 957 3363 demisisset,
993 3298 1194 3353 mirum
1231 3298 1399 3368 magis
1433 3313 1540 3352 non
1581 3297 1745 3353 vilius
1792 3305 1952 3367 atque
1985 3297 2181 3369 despe-

605 3391 751 3443 ctius
779 3389 987 3457 aliquid
1018 3404 1237 3444 ausum.
1265 3389 1333 3442 At
1366 3391 1513 3444 enim
1541 3403 1663 3442 cum
1689 3388 1779 3441 tali
1817 3388 2014 3444 timore
2034 3389 2184 3445 labo-

609 3492 778 3543 raret,
832 3496 934 3535 nec
980 3496 1104 3535 eum
1141 3480 1437 3549 propalam
1495 3478 1743 3534 conﬁteri
1792 3479 2183 3546 erubesceret,

607 3569 783 3622 nibilo
825 3569 1006 3622 minus
1052 3569 1219 3622 urbes
1254 3567 1482 3622 reddere
1516 3569 1860 3625 detrectabat
1891 3587 1907 3624 :
1935 3572 2183 3642 rogabat-

606 3679 738 3731 que.
773 3663 852 3716 uti
887 3669 1097 3715 tantum
1146 3661 1326 3717 [mdes
1374 3663 1567 3730 iceret,
1601 3671 1892 3720 contentus
1927 3664 2184 3720 Berrhma

607 3757 896 3817 duntaxat.
929 3766 986 3809 et
1009 3753 1234 3822 Edessa,
1269 3757 1436 3828 790
1465 3759 1837 3829 castellisque,
1867 3766 1926 3814 el
1953 3760 2189 3830 oppidu-

608 3847 676 3902 lis
699 3847 846 3913 aliis,
874 3862 996 3916 quae
1029 3847 1094 3899 ad
1133 3863 1258 3901 ευιη
1293 3849 1647 3905 defecissent.
1692 3850 1755 3903 Et
1801 3851 2015 3923 iuratus
2043 3851 2189 3906 adir-

610 3941 818 4006 mahat,
854 3955 962 3993 non
1001 3956 1058 3994 se
1087 3941 1254 3994 urbes
1282 3941 1558 4010 cupidinis
1579 3943 1760 4011 potius
1777 3958 1942 4012 quam
1962 3944 2189 4014 pudoris

609 4046 742 4104 ergo
766 4032 1029 4088 all‘cctare
1062 4051 1076 4088 :
1114 4049 1276 4103 quem
1311 4034 1577 4104 pudorem
1609 4051 1718 4090 non
1752 4035 1896 4106 apud
1924 4036 2189 4093 domesti-

609 4142 705 4182 cos
753 4126 960 4191 modo,
999 4126 1093 4180 sed
1132 4127 1273 4181 alios
1308 4143 1528 4196 quoque
1563 4127 1883 4197 ubicunque
1931 4129 2189 4200 dynastas

610 4218 710 4272 sibi
733 4217 987 4283 incutiat,
1025 4215 1070 4270 si
1102 4226 1252 4270 metu
1293 4217 1648 4286 imperatoris
1694 4216 1833 4271 adeo
1856 4215 1881 4288 ι
1904 4217 2190 4287 perculsus

611 4309 973 4380 dejeclusque
998 4307 1290 4371 videatur,
1322 4316 1382 4361 ut
1411 4317 1489 4363 tot
1517 4308 1716 4378 oppida
1744 4307 1862 4364 sine
1892 4324 2068 4380 pugna
2093 4308 2191 4364 dc-

2283 3299 2560 3370 τοσαύτην
2613 3299 2962 3370 ὑπομείνειεν
3019 3300 3290 3373 αἰσχύνην
3338 3303 3451 3364 τοῖς
3473 3301 3574 3370 τῆς
3617 3296 3872 3363 Βενετίσς

2287 3388 2603 3463 βουλευταῖς
2638 3392 3051 3461 συγκαταλέξσς
3081 3393 3299 3460 ἑαυτὸν,
3343 3391 3567 3462 μείζονα
3595 3391 3689 3445 καὶ
3715 3405 3877 3464 περι.

2288 3486 2634 3556 φανεστέραν
2666 3487 3004 3558 συμπάντων
3049 3487 3274 3540 ἐκείνων
3303 3485 3445 3557 ἔχων
3469 3485 3635 3548 αὐτὸς
3672 3486 3875 3556 ἀρχὴν.

2285 3576 2373 3629 διὰ
2409 3575 2499 3628 τὸν
2546 3575 2761 3628 ἐκείνου.
2793 3575 2960 3645 φόϐον
2996 3574 3359 3644 ἀπεκρίνατο.
3395 3577 3506 3630 Καὶ
3538 3573 3874 3647 προσετίθει,

2292 3667 2461 3738 μηδὲν
2491 3661 2640 3722 εἶναι
2671 3668 3010 3738 Θαυμαστὸν,
3047 3671 3094 3722 εἰ
3117 3666 3345 3722 τοιαῦτα
3368 3667 3684 3737 ὑπομείνειε
3703 3683 3718 3698 ο
3752 3667 3876 3721 τοὺ·

2297 3758 2514 3812 ναντίον
2575 3761 2675 3829 μὲν
2727 3756 2841 3824 οὖν,
2876 3762 2968 3832 ὅτε
2997 3762 3075 3832 μὴ
3125 3761 3220 3814 καὶ
3278 3760 3416 3831 πρός
3475 3777 3529 3815 τι
3567 3761 3752 3832 χεῖρον
3781 3756 3876 3814 καὶ

2292 3852 2471 3923 πολλῷ
2500 3852 2832 3922 φαυλότερον
2863 3852 3160 3922 ἐξετράπη.
3195 3854 3413 3925 Καιπερ
3462 3852 3518 3908 δέ
3541 3850 3689 3907 οὕτω
3721 3852 3876 3916 δέους

2291 3941 2452 4012 ἔχων,
2483 3946 2578 3996 καὶ
2605 3943 2726 3995 οὑδέ
2756 3944 2894 4014 πρὸς
2921 3943 3126 4007 πάντας
3153 3945 3546 4014 αἰσχυνόμενος
3568 3945 3875 4016 ὁμολογεῖν,

2291 4031 2439 4098 ὅμως
2498 4030 2835 4099 ἀφίστασθαι
2900 4031 3007 4085 τῶν
3067 4032 3282 4086 πόλεων
3331 4033 3431 4088 οὐκ
3492 4031 3875 4106 ἤθελενιὰλῖ

2292 4122 2466 4173 ἐδεῖτο
2503 4121 2664 4190 μόνον
2703 4121 2974 4190 βασιλέως
3004 4126 3204 4194 χωρεῖν
3238 4125 3374 4194 πρὸς
3414 4125 3513 4191 τὰς
3547 4128 3873 4197 συμόάσεις.

2293 4213 2554 4284 Βέρροιαν
2599 4212 2769 4284 μόνην
2809 4215 3025 4284 ἔχοντα,
3053 4219 3147 4269 καὶ
3187 4217 3473 4286 Ἔδεσσαν,
3506 4220 3606 4273 καὶ
3631 4221 3704 4274 τὰ
3740 4217 3874 4274 ἄλλα

2294 4303 2555 4373 φρούρια,
2615 4306 2709 4357 καὶ
2763 4305 2861 4368 τὰς
2919 4306 3201 4376 πολίχνας,
3235 4308 3358 4362 ὅσαι
3419 4307 3871 4380 προσεχώρησαν.

611 4413 779 4468 serat,
818 4419 941 4474 qua
973 4408 1101 4472 post.
1159 4409 1364 4455 tantam
1403 4401 1707 4470 impensam
1755 4402 1961 4457 tamdiu
2007 4416 2182 4471 posse

2306 4395 2643 4467 Ἷσχυρίζετο
2694 4396 2753 4450 δὲ
2803 4397 2900 4452 καὶ
2927 4399 3126 4468 ὅρκους
3176 4402 3292 4462 τοῖς
3323 4401 3504 4469 λόγοις
3537 4400 3871 4474 προστιθεὶς,

613 4493 779 4558 derit,
832 4507 1179 4564 quorumque
1211 4506 1372 4546 causa
1403 4509 1527 4548 cum
1558 4493 1802 4548 exercitu
1838 4501 1917 4546 tot
1968 4493 2182 4549 labores

2293 4481 2365 4545 ὼς
2398 4484 2460 4537 οὐ
2495 4483 2809 4549 πλεονεξίας
2841 4484 3065 4556 μᾶλλον,
3096 4488 3418 4561 ἢαίσχύνης
3453 4491 3617 4546 ἕνεκα
3638 4491 3755 4546 τῶν
3779 4493 3877 4548 πό-

613 4593 669 4638 et
704 4583 1030 4638 discrimina
1085 4582 1396 4653 pertulerit.
1447 4583 1884 4639 Obstinationem
1933 4584 2034 4639 viri
2072 4600 2191 4639 cer-

619 4691 756 4730 nens
812 4677 1148 4744 imperator,
1183 4674 1284 4728 Mei
1340 4674 1565 4744 quidem
1616 4675 1877 4731 candoris
1924 4690 2052 4745 erga
2100 4684 2188 4740 te.

617 4767 798 4837 inquit
827 4810 842 4831 ,
869 4774 925 4822 et
955 4769 1102 4836 quod
1139 4768 1351 4820 nullum
1393 4782 1638 4836 unquam
1688 4767 1849 4822 amici
1882 4753 2120 4822 cilicium
2160 4781 2190 4821 a

617 4870 704 4908 me
743 4855 1048 4908 desiderari
1081 4868 1271 4924 passus
1314 4854 1416 4909 sim
1442 4893 1457 4919 ,
1501 4870 1626 4909 cum
1663 4859 2032 4924 praeteritum,
2077 4863 2189 4910 tum

620 4945 853 4997 maxime
888 4958 1130 5010 praesens
1161 4950 1377 5012 tempus
1411 4942 1612 4997 idoneo
1636 4951 1863 5009 possunt
1891 4956 2015 4997 esse
2038 4944 2193 4997 testi-

619 5037 824 5090 monio.
883 5035 1020 5100 Quia
1086 5034 1222 5088 nihil
1276 5028 1372 5089 tibi
1433 5032 1609 5090 facere
1663 5035 1993 5101 allubescit,
2043 5034 2190 5106 quod

615 5129 822 5198 justum
847 5129 1252 5196 honestumque
1281 5127 1372 5193 sit,
1411 5126 1601 5183 venire
1635 5144 1719 5182 me
1750 5129 1816 5183 ad
1850 5144 1998 5183 arma
2029 5144 2192 5202 opor-

620 5219 780 5281 tebit,
815 5220 964 5272 feras
1000 5216 1305 5270 imitantem
1330 5256 1343 5281 ,
1378 5232 1497 5286 qua
1526 5227 1846 5271 venatorum
1872 5219 2068 5290 jaculis
2093 5233 2192 5288 ap-

621 5313 826 5382 petitze,
858 5323 914 5365 et
938 5326 1036 5380 per
1061 5308 1226 5364 silvas
1250 5310 1486 5379 agitatae,
1521 5312 1759 5380 primum
1794 5312 2017 5382 quidem
2049 5313 2193 5383 iugi-

621 5412 743 5466 unt,
770 5412 826 5458 et
860 5412 1142 5456 certamen
1183 5416 1305 5453 cum
1357 5401 1673 5456 hominibus
1707 5415 1971 5472 quantum
2003 5405 2194 5461 valent

621 5495 888 5560 devitant,
934 5496 1000 5548 ad
1046 5492 1428 5547 necessitatem
1468 5504 1652 5548 autem
1684 5494 1939 5556 red-sem,
1973 5498 2193 5564 pericu-

623 5584 784 5656 loque
808 5588 919 5657 jam
955 5584 1240 5655 proximae,
1269 5598 1327 5639 se
1361 5593 1691 5639 convertunt
1723 5602 1737 5640 :
1769 5594 1824 5640 et
1849 5585 1979 5639 dum
2017 5586 2190 5642 vitam

621 5690 778 5732 suam
829 5675 1309 5732 vehementissime
1349 5676 1674 5743 delendum,
1733 5677 1838 5747 ipsi
1880 5678 2007 5732 vita:
2041 5680 2194 5734 nullo

623 5774 788 5831 modo
841 5784 1093 5848 parcunt.
1124 5771 1271 5827 idem
1307 5788 1437 5829 sane
1479 5787 1577 5842 ego
1610 5787 1757 5828 nunc
1784 5770 2004 5827 faciam.
2045 5770 2192 5828 Nihil

2295 4575 2435 4630 λεων
2469 4576 2833 4632 ἀντιποιοῖτο·
2867 4581 3225 4651 αἰσχύνεσθαι
3248 4585 3355 4656 γὰρ
3384 4585 3448 4638 οὑ
3483 4586 3614 4648 τοὺς
3641 4585 3875 4651 οἰκείους

2297 4673 2482 4739 μόνον,
2522 4671 2660 4726 ἀλλὰ
2699 4673 2945 4737 καὶτοὺς
2975 4674 3168 4737 ἄλλους
3208 4676 3547 4747 ὁπουδήποτε
3582 4677 3872 4744 δυνάστας,

2294 4763 2345 4815 εί
2371 4762 2625 4832 φαίνοντο
2675 4763 2931 4818 τοσοῦτον
2974 4767 3282 4836 ἡττημένος
3323 4768 3457 4840 πρὸς
3487 4769 3576 4822 τδν
3610 4768 3872 4841 βασιλέως

2295 4855 2483 4923 φόϐον,
2538 4856 2682 4910 ὥστε
2725 4856 2996 4911 τοσούτων
3028 4857 3237 4913 πόλεων
3269 4860 3471 4932 ἀμαχεὶ
3500 4865 3869 4935 παραχωρεῖν,

2293 4944 2360 5009 ἃς
2386 4947 2479 5000 ἐπὶ
2506 4947 2766 5001 τοσοῦτον
2807 4948 2999 5018 χρόνον
3025 4951 3330 5021 κτώμενος,
3366 4954 3628 5024 χρήματά
3657 4972 3717 5010 τε
3742 4956 3876 5011 ἀνα.

2297 5037 2462 5092 λώκει
2490 5040 2740 5106 πλεῖστα,
2775 5042 2868 5094 καὶ
2901 5041 3193 5108 τοσούτους
3224 5046 3420 5108 πόνους
3472 5049 3566 5101 καὶ
3596 5048 3872 5115 κινδύνους

2297 5131 2707 5203 ὑπομεμενήκει
2743 5133 2882 5204 μετὰ
2908 5135 3004 5204 τῆς
3029 5140 3312 5208 στρατιᾶς.
3350 5138 3613 5204 Βασιλεὺς
3643 5139 3700 5194 δὲ
3752 5139 3872 5195 ἐπεὶ
3932 5151 3941 5160 ’

2297 5223 2442 5294 ἐώρα
2479 5225 2808 5296 ἀσυμϐάτως
2842 5225 3059 5299 ἔχοντα,
3100 5229 3212 5300 Τὴν
3243 5232 3342 5298 μὲν
3366 5231 3529 5302 ἐμὴν.
3555 5229 3705 5298 εἷπε,
3737 5233 3870 5302 πρὸς

2299 5316 2358 5368 σὲ
2391 5317 2838 5388 εὐγνωμοσύνην,
2892 5320 2988 5373 καὶ
3018 5320 3093 5383 ὡς
3143 5323 3296 5377 οὐδὲν
3345 5323 3455 5378 τῶν
3491 5326 3630 5395 φίλῳ
3663 5341 3869 5397 προση-

2299 5408 2528 5474 κόντων,
2567 5407 2689 5463 οὔτε
2721 5410 3011 5482 πρότερον,
3046 5412 3159 5467 οὔθ’
3208 5413 3438 5488 ὕστερον
3478 5417 3744 5485 ἐνέλιπον,
3777 5419 3868 5474 καὶ

2298 5501 2326 5552 6
2362 5500 2648 5571 παρελθὼν
2705 5501 2803 5572 μὲν
2855 5505 3069 5574 χρόνος,
3103 5507 3199 5576 οὐχ
3228 5508 3431 5579 ἥκιστα
3464 5509 3521 5564 δὲ
3550 5513 3645 5566 καὶ
3683 5513 3713 5567 ὁ
3748 5513 3868 5568 νυνὶ

2299 5593 2492 5665 παρὼν
2525 5592 2824 5664 ἀξιόχρεως
2851 5601 3294 5668 συμμαρτυρεῖν.
3326 5599 3429 5654 Σοῦ
3457 5601 3515 5654 δὲ
3550 5602 3717 5674 μηδὲν
3747 5603 3870 5660 ἐθέ-

2299 5681 2483 5746 λοντος
2517 5683 2624 5738 τῶν
2650 5683 2876 5737 δικαίων
2913 5687 3088 5741 ποιεῖν
3132 5690 3228 5741 καὶ
3251 5693 3659 5762 προσηκόντων,
3695 5693 3863 5763 ἀνάγ-

2301 5794 2372 5848 κη
2404 5776 2541 5848 πρὸς
2576 5775 2668 5831 τὸν
2715 5776 2948 5849 πόλεμον
2991 5782 3211 5850 χωρεῖν,
3266 5784 3465 5839 ταυτὸν
3514 5785 3629 5851 τοῖς
3658 5784 3864 5855 θηρίοις
