  <div class='ocr_page' id='page_1' title='image "/cluster/home/n/w/nwhite01/storage/ocr_20150623/154/mdp.39015028978099/163.png"; bbox 0 0 4108 6280; ppageno 0'>
   <div class='ocr_carea' id='block_1_1' title="bbox 543 310 645 380">
    <p class='ocr_par' dir='ltr' id='par_1_1' title="bbox 543 310 645 380">
     <span class='ocr_line' id='line_1_1' title="bbox 543 310 645 380; baseline 0.01 -3"><span class='ocrx_word' id='word_1_1' title='bbox 543 310 645 380; x_wconf 75' lang='lat' dir='ltr'><strong>3U</strong></span> 
     </span>
    </p>
   </div>
   <div class='ocr_carea' id='block_1_2' title="bbox 1703 331 2584 401">
    <p class='ocr_par' dir='ltr' id='par_1_2' title="bbox 1703 331 2584 401">
     <span class='ocr_line' id='line_1_2' title="bbox 1703 331 2584 401; baseline 0.01 -11"><span class='ocrx_word' id='word_1_2' title='bbox 1703 331 2022 395; x_wconf 79' lang='lat' dir='ltr'><strong>JOANNIS</strong></span> <span class='ocrx_word' id='word_1_3' title='bbox 2059 335 2584 401; x_wconf 68' lang='lat' dir='ltr'><strong>CANTACUZENI</strong></span> 
     </span>
    </p>
   </div>
   <div class='ocr_carea' id='block_1_3' title="bbox 3691 331 3788 403">
    <p class='ocr_par' dir='ltr' id='par_1_3' title="bbox 3691 331 3788 403">
     <span class='ocr_line' id='line_1_3' title="bbox 3691 331 3788 403; baseline 0.052 -6"><span class='ocrx_word' id='word_1_4' title='bbox 3691 331 3788 403; x_wconf 78' lang='lat' dir='ltr'><strong>3i‘2</strong></span> 
     </span>
    </p>
   </div>
   <div class='ocr_carea' id='block_1_4' title="bbox 537 425 2123 518">
    <p class='ocr_par' dir='ltr' id='par_1_4' title="bbox 537 425 2115 509">
     <span class='ocr_line' id='line_1_4' title="bbox 537 425 2115 509; baseline 0.015 -36"><span class='ocrx_word' id='word_1_5' title='bbox 537 427 818 494; x_wconf 78' lang='lat' dir='ltr'><strong>juniorem</strong></span> <span class='ocrx_word' id='word_1_6' title='bbox 905 425 1291 496; x_wconf 70' lang='lat' dir='ltr'><strong>imperatorem</strong></span> <span class='ocrx_word' id='word_1_7' title='bbox 1363 434 1487 487; x_wconf 67' lang='lat' dir='ltr'><strong>inde</strong></span> <span class='ocrx_word' id='word_1_8' title='bbox 1567 435 1832 507; x_wconf 80' lang='lat' dir='ltr'><strong>Byzantio</strong></span> <span class='ocrx_word' id='word_1_9' title='bbox 1919 442 2115 509; x_wconf 83' lang='lat' dir='ltr'><strong>expelli</strong></span> 
     </span>
    </p>
   </div>
   <div class='ocr_carea' id='block_1_5' title="bbox 2227 425 3788 518">
    <p class='ocr_par' dir='ltr' id='par_1_5' title="bbox 2227 443 3788 518">
     <span class='ocr_line' id='line_1_5' title="bbox 2227 443 3788 518; baseline -0.001 -21"><span class='ocrx_word' id='word_1_10' title='bbox 2227 445 2388 510; x_wconf 65' lang='grc' dir='ltr'>δίναι,</span> <span class='ocrx_word' id='word_1_11' title='bbox 2438 448 2664 518; x_wconf 70' lang='grc' dir='ltr'>ἡνιῶντό</span> <span class='ocrx_word' id='word_1_12' title='bbox 2705 466 2762 499; x_wconf 80' lang='grc' dir='ltr'><strong>τε</strong></span> <span class='ocrx_word' id='word_1_13' title='bbox 2805 448 2901 501; x_wconf 76' lang='grc' dir='ltr'>καὶ</span> <span class='ocrx_word' id='word_1_14' title='bbox 2948 447 3326 518; x_wconf 78' lang='grc' dir='ltr'>ἐδυσχέραινον</span> <span class='ocrx_word' id='word_1_15' title='bbox 3375 445 3485 499; x_wconf 70' lang='grc' dir='ltr'>οὐκ</span> <span class='ocrx_word' id='word_1_16' title='bbox 3530 443 3788 508; x_wconf 77' lang='grc' dir='ltr'>ἀνεκτῶς,</span> 
     </span>
    </p>
   </div>
   <div class='ocr_carea' id='block_1_6' title="bbox 539 514 2115 602">
    <p class='ocr_par' dir='ltr' id='par_1_6' title="bbox 539 514 2115 602">
     <span class='ocr_line' id='line_1_6' title="bbox 539 514 2115 602; baseline 0.015 -37"><span class='ocrx_word' id='word_1_17' title='bbox 539 527 725 582; x_wconf 83' lang='lat' dir='ltr'><strong>posse.</strong></span> <span class='ocrx_word' id='word_1_18' title='bbox 772 514 824 567; x_wconf 93' lang='lat' dir='ltr'><strong>In</strong></span> <span class='ocrx_word' id='word_1_19' title='bbox 869 517 1061 584; x_wconf 85' lang='lat' dir='ltr'><strong>primis</strong></span> <span class='ocrx_word' id='word_1_20' title='bbox 1095 527 1276 573; x_wconf 86' lang='lat' dir='ltr'><strong>autem</strong></span> <span class='ocrx_word' id='word_1_21' title='bbox 1317 521 1558 578; x_wconf 79' lang='lat' dir='ltr'><strong>Joannes</strong></span> <span class='ocrx_word' id='word_1_22' title='bbox 1608 526 1823 584; x_wconf 85' lang='lat' dir='ltr'><strong>Peralta</strong></span> <span class='ocrx_word' id='word_1_23' title='bbox 1878 532 2115 602; x_wconf 63' lang='lat' dir='ltr'><strong>prasidii</strong></span> 
     </span>
    </p>
   </div>
   <div class='ocr_carea' id='block_1_7' title="bbox 543 608 2119 679">
    <p class='ocr_par' dir='ltr' id='par_1_7' title="bbox 543 608 2119 679">
     <span class='ocr_line' id='line_1_7' title="bbox 543 608 2119 679; baseline 0.015 -24"><span class='ocrx_word' id='word_1_24' title='bbox 543 608 835 672; x_wconf 72' lang='lat' dir='ltr'><strong>przefectus</strong></span> <span class='ocrx_word' id='word_1_25' title='bbox 867 609 1070 678; x_wconf 27' lang='lat' dir='ltr'><strong>et‘ipse</strong></span> <span class='ocrx_word' id='word_1_26' title='bbox 1119 612 1311 667; x_wconf 86' lang='lat' dir='ltr'><strong>orabat</strong></span> <span class='ocrx_word' id='word_1_27' title='bbox 1339 627 1394 670; x_wconf 86' lang='lat' dir='ltr'><strong>et</strong></span> <span class='ocrx_word' id='word_1_28' title='bbox 1428 617 1564 672; x_wconf 91' lang='lat' dir='ltr'><strong>alios</strong></span> <span class='ocrx_word' id='word_1_29' title='bbox 1601 620 1668 674; x_wconf 86' lang='lat' dir='ltr'><strong>ad</strong></span> <span class='ocrx_word' id='word_1_30' title='bbox 1707 622 1979 677; x_wconf 85' lang='lat' dir='ltr'><strong>orandum</strong></span> <span class='ocrx_word' id='word_1_31' title='bbox 2006 627 2119 679; x_wconf 82' lang='lat' dir='ltr'><strong>sol-</strong></span> 
     </span>
    </p>
   </div>
   <div class='ocr_carea' id='block_1_8' title="bbox 541 694 2118 778">
    <p class='ocr_par' dir='ltr' id='par_1_8' title="bbox 541 694 2118 778">
     <span class='ocr_line' id='line_1_8' title="bbox 541 694 2118 778; baseline 0.015 -32"><span class='ocrx_word' id='word_1_32' title='bbox 541 694 813 758; x_wconf 86' lang='lat' dir='ltr'><strong>licitabat,</strong></span> <span class='ocrx_word' id='word_1_33' title='bbox 842 707 902 750; x_wconf 91' lang='lat' dir='ltr'><strong>nt</strong></span> <span class='ocrx_word' id='word_1_34' title='bbox 963 699 1052 768; x_wconf 85' lang='lat' dir='ltr'><strong>qui</strong></span> <span class='ocrx_word' id='word_1_35' title='bbox 1112 702 1306 769; x_wconf 86' lang='lat' dir='ltr'><strong>perdiu</strong></span> <span class='ocrx_word' id='word_1_36' title='bbox 1337 718 1462 760; x_wconf 89' lang='lat' dir='ltr'><strong>cum</strong></span> <span class='ocrx_word' id='word_1_37' title='bbox 1497 707 1830 778; x_wconf 82' lang='lat' dir='ltr'><strong>imperatore</strong></span> <span class='ocrx_word' id='word_1_38' title='bbox 1868 721 2118 772; x_wconf 78' lang='lat' dir='ltr'><strong>versatus</strong></span> 
     </span>
    </p>
   </div>
   <div class='ocr_carea' id='block_1_9' title="bbox 542 788 2117 868">
    <p class='ocr_par' dir='ltr' id='par_1_9' title="bbox 542 788 2117 868">
     <span class='ocr_line' id='line_1_9' title="bbox 542 788 2117 868; baseline 0.013 -28"><span class='ocrx_word' id='word_1_39' title='bbox 542 788 734 841; x_wconf 88' lang='lat' dir='ltr'><strong>multis</strong></span> <span class='ocrx_word' id='word_1_40' title='bbox 762 805 817 844; x_wconf 89' lang='lat' dir='ltr'><strong>se</strong></span> <span class='ocrx_word' id='word_1_41' title='bbox 853 793 1114 859; x_wconf 80' lang='lat' dir='ltr'><strong>periculis</strong></span> <span class='ocrx_word' id='word_1_42' title='bbox 1163 795 1282 863; x_wconf 83' lang='lat' dir='ltr'><strong>ejus</strong></span> <span class='ocrx_word' id='word_1_43' title='bbox 1309 811 1474 852; x_wconf 88' lang='lat' dir='ltr'><strong>causa</strong></span> <span class='ocrx_word' id='word_1_44' title='bbox 1503 800 1815 868; x_wconf 86' lang='lat' dir='ltr'><strong>objecisset.</strong></span> <span class='ocrx_word' id='word_1_45' title='bbox 1850 802 2117 859; x_wconf 67' lang='lat' dir='ltr'><strong>Militare-</strong></span> 
     </span>
    </p>
   </div>
   <div class='ocr_carea' id='block_1_10' title="bbox 541 880 2120 962">
    <p class='ocr_par' dir='ltr' id='par_1_10' title="bbox 541 880 2120 962">
     <span class='ocr_line' id='line_1_10' title="bbox 541 880 2120 962; baseline 0.012 -31"><span class='ocrx_word' id='word_1_46' title='bbox 541 888 627 933; x_wconf 90' lang='lat' dir='ltr'><strong>rat</strong></span> <span class='ocrx_word' id='word_1_47' title='bbox 661 880 809 933; x_wconf 86' lang='lat' dir='ltr'><strong>enim</strong></span> <span class='ocrx_word' id='word_1_48' title='bbox 847 882 945 946; x_wconf 94' lang='lat' dir='ltr'><strong>illi,</strong></span> <span class='ocrx_word' id='word_1_49' title='bbox 986 885 1205 951; x_wconf 80' lang='lat' dir='ltr'><strong>quando</strong></span> <span class='ocrx_word' id='word_1_50' title='bbox 1239 887 1292 945; x_wconf 84' lang='lat' dir='ltr'><strong>in</strong></span> <span class='ocrx_word' id='word_1_51' title='bbox 1324 886 1579 946; x_wconf 76' lang='lat' dir='ltr'><strong>Triballis</strong></span> <span class='ocrx_word' id='word_1_52' title='bbox 1609 907 1706 962; x_wconf 89' lang='lat' dir='ltr'><strong>per</strong></span> <span class='ocrx_word' id='word_1_53' title='bbox 1757 893 1961 952; x_wconf 89' lang='lat' dir='ltr'><strong>bellum</strong></span> <span class='ocrx_word' id='word_1_54' title='bbox 2000 911 2120 950; x_wconf 85' lang='lat' dir='ltr'><strong>mo-</strong></span> 
     </span>
    </p>
   </div>
   <div class='ocr_carea' id='block_1_11' title="bbox 540 971 2117 1056">
    <p class='ocr_par' dir='ltr' id='par_1_11' title="bbox 540 971 2117 1056">
     <span class='ocr_line' id='line_1_11' title="bbox 540 971 2117 1056; baseline 0.01 -33"><span class='ocrx_word' id='word_1_55' title='bbox 540 971 790 1038; x_wconf 88' lang='lat' dir='ltr'><strong>rabatur,</strong></span> <span class='ocrx_word' id='word_1_56' title='bbox 824 983 875 1030; x_wconf 87' lang='lat' dir='ltr'><strong>el</strong></span> <span class='ocrx_word' id='word_1_57' title='bbox 933 981 1127 1056; x_wconf 83' lang='lat' dir='ltr'><strong>crebra</strong></span> <span class='ocrx_word' id='word_1_58' title='bbox 1175 995 1286 1034; x_wconf 73' lang='lat' dir='ltr'><strong>suae</strong></span> <span class='ocrx_word' id='word_1_59' title='bbox 1319 982 1374 1034; x_wconf 92' lang='lat' dir='ltr'><strong>in</strong></span> <span class='ocrx_word' id='word_1_60' title='bbox 1403 997 1530 1036; x_wconf 90' lang='lat' dir='ltr'><strong>eum</strong></span> <span class='ocrx_word' id='word_1_61' title='bbox 1590 987 1890 1042; x_wconf 73' lang='lat' dir='ltr'><strong>voluntatis</strong></span> <span class='ocrx_word' id='word_1_62' title='bbox 1917 986 2117 1042; x_wconf 88' lang='lat' dir='ltr'><strong>indicia</strong></span> 
     </span>
    </p>
   </div>
   <div class='ocr_carea' id='block_1_12' title="bbox 541 1066 2117 1149">
    <p class='ocr_par' dir='ltr' id='par_1_12' title="bbox 541 1066 2117 1149">
     <span class='ocr_line' id='line_1_12' title="bbox 541 1066 2117 1149; baseline 0.01 -30"><span class='ocrx_word' id='word_1_63' title='bbox 541 1066 789 1142; x_wconf 77' lang='lat' dir='ltr'><strong>dederat,</strong></span> <span class='ocrx_word' id='word_1_64' title='bbox 825 1069 962 1124; x_wconf 84' lang='lat' dir='ltr'><strong>nihil</strong></span> <span class='ocrx_word' id='word_1_65' title='bbox 1015 1082 1144 1126; x_wconf 86' lang='lat' dir='ltr'><strong>tunc</strong></span> <span class='ocrx_word' id='word_1_66' title='bbox 1192 1074 1531 1137; x_wconf 71' lang='lat' dir='ltr'><strong>immutatus,</strong></span> <span class='ocrx_word' id='word_1_67' title='bbox 1564 1078 1784 1146; x_wconf 85' lang='lat' dir='ltr'><strong>quando</strong></span> <span class='ocrx_word' id='word_1_68' title='bbox 1820 1072 1984 1133; x_wconf 81' lang='lat' dir='ltr'><strong>etiam</strong></span> <span class='ocrx_word' id='word_1_69' title='bbox 2024 1081 2117 1149; x_wconf 87' lang='lat' dir='ltr'><strong>qui</strong></span> 
     </span>
    </p>
   </div>
   <div class='ocr_carea' id='block_1_13' title="bbox 539 1159 2119 1240">
    <p class='ocr_par' dir='ltr' id='par_1_13' title="bbox 539 1159 2119 1240">
     <span class='ocr_line' id='line_1_13' title="bbox 539 1159 2119 1240; baseline 0.009 -28"><span class='ocrx_word' id='word_1_70' title='bbox 539 1159 876 1216; x_wconf 77' lang='lat' dir='ltr'><strong>videbantur</strong></span> <span class='ocrx_word' id='word_1_71' title='bbox 920 1164 1263 1232; x_wconf 84' lang='lat' dir='ltr'><strong>amicissimi,</strong></span> <span class='ocrx_word' id='word_1_72' title='bbox 1306 1183 1429 1222; x_wconf 88' lang='lat' dir='ltr'><strong>cum</strong></span> <span class='ocrx_word' id='word_1_73' title='bbox 1466 1168 1649 1228; x_wconf 83' lang='lat' dir='ltr'><strong>rebus.</strong></span> <span class='ocrx_word' id='word_1_74' title='bbox 1683 1180 1739 1225; x_wconf 89' lang='lat' dir='ltr'><strong>et</strong></span> <span class='ocrx_word' id='word_1_75' title='bbox 1781 1173 2119 1240; x_wconf 84' lang='lat' dir='ltr'><strong>temporibus</strong></span> 
     </span>
    </p>
   </div>
   <div class='ocr_carea' id='block_1_14' title="bbox 541 1250 2118 1334">
    <p class='ocr_par' dir='ltr' id='par_1_14' title="bbox 541 1250 2118 1334">
     <span class='ocr_line' id='line_1_14' title="bbox 541 1250 2118 1334; baseline 0.01 -28"><span class='ocrx_word' id='word_1_76' title='bbox 541 1252 703 1307; x_wconf 82' lang='lat' dir='ltr'><strong>ﬁdem</strong></span> <span class='ocrx_word' id='word_1_77' title='bbox 736 1259 982 1311; x_wconf 83' lang='lat' dir='ltr'><strong>mutasse</strong></span> <span class='ocrx_word' id='word_1_78' title='bbox 1015 1250 1349 1327; x_wconf 78' lang='lat' dir='ltr'><strong>deprehensi</strong></span> <span class='ocrx_word' id='word_1_79' title='bbox 1403 1274 1550 1316; x_wconf 87' lang='lat' dir='ltr'><strong>sunt.</strong></span> <span class='ocrx_word' id='word_1_80' title='bbox 1582 1263 1747 1333; x_wconf 77' lang='lat'><strong>875</strong></span> <span class='ocrx_word' id='word_1_81' title='bbox 1783 1264 2118 1334; x_wconf 84' lang='lat' dir='ltr'><strong>imperatore</strong></span> 
     </span>
    </p>
   </div>
   <div class='ocr_carea' id='block_1_15' title="bbox 539 1347 2116 1427">
    <p class='ocr_par' dir='ltr' id='par_1_15' title="bbox 539 1347 2116 1427">
     <span class='ocr_line' id='line_1_15' title="bbox 539 1347 2116 1427; baseline 0.008 -28"><span class='ocrx_word' id='word_1_82' title='bbox 539 1347 933 1415; x_wconf 84' lang='lat' dir='ltr'><strong>respondente,</strong></span> <span class='ocrx_word' id='word_1_83' title='bbox 976 1364 1166 1405; x_wconf 88' lang='lat' dir='ltr'><strong>eorum</strong></span> <span class='ocrx_word' id='word_1_84' title='bbox 1202 1352 1521 1421; x_wconf 71' lang='lat' dir='ltr'><strong>petitionem</strong></span> <span class='ocrx_word' id='word_1_85' title='bbox 1551 1355 1759 1424; x_wconf 80' lang='lat' dir='ltr'><strong>expleri</strong></span> <span class='ocrx_word' id='word_1_86' title='bbox 1785 1371 1890 1411; x_wconf 91' lang='lat' dir='ltr'><strong>non</strong></span> <span class='ocrx_word' id='word_1_87' title='bbox 1913 1372 2116 1427; x_wconf 81' lang='lat' dir='ltr'><strong>posse:</strong></span> 
     </span>
    </p>
   </div>
   <div class='ocr_carea' id='block_1_16' title="bbox 539 1439 2117 1511">
    <p class='ocr_par' dir='ltr' id='par_1_16' title="bbox 539 1439 2117 1511">
     <span class='ocr_line' id='line_1_16' title="bbox 539 1439 2117 1511; baseline 0.006 -18"><span class='ocrx_word' id='word_1_88' title='bbox 539 1455 649 1493; x_wconf 87' lang='lat' dir='ltr'><strong>non</strong></span> <span class='ocrx_word' id='word_1_89' title='bbox 713 1439 861 1494; x_wconf 87' lang='lat' dir='ltr'><strong>enini</strong></span> <span class='ocrx_word' id='word_1_90' title='bbox 897 1458 1057 1496; x_wconf 89' lang='lat' dir='ltr'><strong>suum</strong></span> <span class='ocrx_word' id='word_1_91' title='bbox 1113 1459 1256 1508; x_wconf 82' lang='lat' dir='ltr'><strong>esse,</strong></span> <span class='ocrx_word' id='word_1_92' title='bbox 1311 1447 1480 1500; x_wconf 83' lang='lat' dir='ltr'><strong>semel</strong></span> <span class='ocrx_word' id='word_1_93' title='bbox 1540 1445 1759 1500; x_wconf 83' lang='lat' dir='ltr'><strong>decreta</strong></span> <span class='ocrx_word' id='word_1_94' title='bbox 1798 1457 2117 1511; x_wconf 81' lang='lat' dir='ltr'><strong>retractare,</strong></span> 
     </span>
    </p>
   </div>
   <div class='ocr_carea' id='block_1_17' title="bbox 540 1533 2121 1609">
    <p class='ocr_par' dir='ltr' id='par_1_17' title="bbox 540 1533 2121 1609">
     <span class='ocr_line' id='line_1_17' title="bbox 540 1533 2121 1609; baseline 0.006 -24"><span class='ocrx_word' id='word_1_95' title='bbox 540 1533 890 1603; x_wconf 87' lang='lat' dir='ltr'><strong>instanteque</strong></span> <span class='ocrx_word' id='word_1_96' title='bbox 949 1546 1004 1588; x_wconf 88' lang='lat' dir='ltr'><strong>ut</strong></span> <span class='ocrx_word' id='word_1_97' title='bbox 1041 1536 1219 1589; x_wconf 91' lang='lat' dir='ltr'><strong>locum</strong></span> <span class='ocrx_word' id='word_1_98' title='bbox 1260 1536 1565 1602; x_wconf 90' lang='lat' dir='ltr'><strong>traderent,</strong></span> <span class='ocrx_word' id='word_1_99' title='bbox 1615 1548 1831 1609; x_wconf 81' lang='lat' dir='ltr'><strong>tempus</strong></span> <span class='ocrx_word' id='word_1_100' title='bbox 1867 1539 1934 1593; x_wconf 85' lang='lat' dir='ltr'><strong>ad</strong></span> <span class='ocrx_word' id='word_1_101' title='bbox 1981 1539 2121 1594; x_wconf 81' lang='lat' dir='ltr'><strong>deli-</strong></span> 
     </span>
    </p>
   </div>
   <div class='ocr_carea' id='block_1_18' title="bbox 543 1627 2115 1704">
    <p class='ocr_par' dir='ltr' id='par_1_18' title="bbox 543 1627 2115 1704">
     <span class='ocr_line' id='line_1_18' title="bbox 543 1627 2115 1704; baseline 0.006 -24"><span class='ocrx_word' id='word_1_102' title='bbox 543 1627 849 1682; x_wconf 83' lang='lat' dir='ltr'><strong>berandum</strong></span> <span class='ocrx_word' id='word_1_103' title='bbox 883 1629 1374 1700; x_wconf 81' lang='lat' dir='ltr'><strong>petiverunt,quid</strong></span> <span class='ocrx_word' id='word_1_104' title='bbox 1411 1632 1759 1698; x_wconf 84' lang='lat' dir='ltr'><strong>potissimum</strong></span> <span class='ocrx_word' id='word_1_105' title='bbox 1792 1633 2115 1704; x_wconf 83' lang='lat' dir='ltr'><strong>inciperent.</strong></span> 
     </span>
    </p>
   </div>
   <div class='ocr_carea' id='block_1_19' title="bbox 542 1720 2120 1790">
    <p class='ocr_par' dir='ltr' id='par_1_19' title="bbox 542 1720 2120 1790">
     <span class='ocr_line' id='line_1_19' title="bbox 542 1720 2120 1790; baseline 0.004 -17"><span class='ocrx_word' id='word_1_106' title='bbox 542 1731 602 1774; x_wconf 86' lang='lat' dir='ltr'><strong>ut</strong></span> <span class='ocrx_word' id='word_1_107' title='bbox 630 1720 736 1774; x_wconf 84' lang='lat' dir='ltr'><strong>sibi</strong></span> <span class='ocrx_word' id='word_1_108' title='bbox 767 1736 931 1788; x_wconf 79' lang='lat' dir='ltr'><strong>quam</strong></span> <span class='ocrx_word' id='word_1_109' title='bbox 987 1723 1190 1790; x_wconf 80' lang='lat' dir='ltr'><strong>Optime</strong></span> <span class='ocrx_word' id='word_1_110' title='bbox 1250 1722 1595 1778; x_wconf 83' lang='lat' dir='ltr'><strong>consuluisse</strong></span> <span class='ocrx_word' id='word_1_111' title='bbox 1635 1723 1976 1779; x_wconf 76' lang='lat' dir='ltr'><strong>viderentur.</strong></span> <span class='ocrx_word' id='word_1_112' title='bbox 1999 1724 2120 1790; x_wconf 82' lang='lat' dir='ltr'><strong>Quo</strong></span> 
     </span>
    </p>
   </div>
   <div class='ocr_carea' id='block_1_20' title="bbox 542 1788 2196 1892">
    <p class='ocr_par' dir='ltr' id='par_1_20' title="bbox 542 1788 2196 1892">
     <span class='ocr_line' id='line_1_20' title="bbox 542 1788 2196 1892; baseline 0.004 -28"><span class='ocrx_word' id='word_1_113' title='bbox 542 1826 827 1876; x_wconf 90' lang='lat' dir='ltr'><strong>concesso,</strong></span> <span class='ocrx_word' id='word_1_114' title='bbox 857 1814 924 1866; x_wconf 86' lang='lat' dir='ltr'><strong>eo</strong></span> <span class='ocrx_word' id='word_1_115' title='bbox 960 1815 1010 1867; x_wconf 91' lang='lat' dir='ltr'><strong>in</strong></span> <span class='ocrx_word' id='word_1_116' title='bbox 1049 1816 1190 1868; x_wconf 87' lang='lat' dir='ltr'><strong>atrio</strong></span> <span class='ocrx_word' id='word_1_117' title='bbox 1217 1815 1411 1869; x_wconf 92' lang='lat' dir='ltr'><strong>relicto</strong></span> <span class='ocrx_word' id='word_1_118' title='bbox 1445 1816 1547 1885; x_wconf 89' lang='lat' dir='ltr'><strong>ipsi</strong></span> <span class='ocrx_word' id='word_1_119' title='bbox 1593 1815 1953 1892; x_wconf 68' lang='lat' dir='ltr'><strong>immanem</strong></span> <span class='ocrx_word' id='word_1_120' title='bbox 1985 1831 2120 1872; x_wconf 89' lang='lat' dir='ltr'><strong>con-</strong></span> <span class='ocrx_word' id='word_1_121' title='bbox 2154 1788 2196 1847; x_wconf 71' lang='grc' dir='ltr'><strong>Β</strong></span> 
     </span>
    </p>
   </div>
   <div class='ocr_carea' id='block_1_21' title="bbox 541 1905 2122 1980">
    <p class='ocr_par' dir='ltr' id='par_1_21' title="bbox 541 1905 2122 1980">
     <span class='ocr_line' id='line_1_21' title="bbox 541 1905 2122 1980; baseline 0.006 -25"><span class='ocrx_word' id='word_1_122' title='bbox 541 1913 817 1959; x_wconf 74' lang='lat' dir='ltr'><strong>venerunt</strong></span> <span class='ocrx_word' id='word_1_123' title='bbox 858 1922 872 1958; x_wconf 90' lang='lat'><strong>:</strong></span> <span class='ocrx_word' id='word_1_124' title='bbox 919 1905 1010 1960; x_wconf 90' lang='lat' dir='ltr'><strong>ubi</strong></span> <span class='ocrx_word' id='word_1_125' title='bbox 1059 1905 1167 1963; x_wconf 81' lang='lat' dir='ltr'><strong>dux</strong></span> <span class='ocrx_word' id='word_1_126' title='bbox 1236 1921 1427 1962; x_wconf 85' lang='lat' dir='ltr'><strong>auctor</strong></span> <span class='ocrx_word' id='word_1_127' title='bbox 1475 1907 1598 1970; x_wconf 83' lang='lat' dir='ltr'><strong>fuit,</strong></span> <span class='ocrx_word' id='word_1_128' title='bbox 1626 1909 1996 1980; x_wconf 86' lang='lat' dir='ltr'><strong>juramentum</strong></span> <span class='ocrx_word' id='word_1_129' title='bbox 2053 1912 2122 1965; x_wconf 89' lang='lat' dir='ltr'><strong>ab</strong></span> 
     </span>
    </p>
   </div>
   <div class='ocr_carea' id='block_1_22' title="bbox 542 1991 2119 2068">
    <p class='ocr_par' dir='ltr' id='par_1_22' title="bbox 542 1991 2119 2068">
     <span class='ocr_line' id='line_1_22' title="bbox 542 1991 2119 2068; baseline 0.008 -24"><span class='ocrx_word' id='word_1_130' title='bbox 542 1991 872 2061; x_wconf 70' lang='lat' dir='ltr'><strong>imperatore</strong></span> <span class='ocrx_word' id='word_1_131' title='bbox 907 2007 1219 2064; x_wconf 82' lang='lat' dir='ltr'><strong>poscerent,</strong></span> <span class='ocrx_word' id='word_1_132' title='bbox 1251 1993 1554 2068; x_wconf 81' lang='lat' dir='ltr'><strong>Palacologo</strong></span> <span class='ocrx_word' id='word_1_133' title='bbox 1589 2014 1709 2054; x_wconf 88' lang='lat' dir='ltr'><strong>eam</strong></span> <span class='ocrx_word' id='word_1_134' title='bbox 1752 2015 1860 2055; x_wconf 92' lang='lat' dir='ltr'><strong>non</strong></span> <span class='ocrx_word' id='word_1_135' title='bbox 1888 2001 2119 2056; x_wconf 80' lang='lat' dir='ltr'><strong>traditu-</strong></span> 
     </span>
    </p>
   </div>
   <div class='ocr_carea' id='block_1_23' title="bbox 542 2085 2121 2154">
    <p class='ocr_par' dir='ltr' id='par_1_23' title="bbox 542 2085 2121 2154">
     <span class='ocr_line' id='line_1_23' title="bbox 542 2085 2121 2154; baseline 0.008 -20"><span class='ocrx_word' id='word_1_136' title='bbox 542 2090 767 2140; x_wconf 83' lang='lat' dir='ltr'><strong>rum.et</strong></span> <span class='ocrx_word' id='word_1_137' title='bbox 813 2091 873 2135; x_wconf 88' lang='lat' dir='ltr'><strong>ut</strong></span> <span class='ocrx_word' id='word_1_138' title='bbox 929 2086 1012 2137; x_wconf 80' lang='lat' dir='ltr'><strong>vel</strong></span> <span class='ocrx_word' id='word_1_139' title='bbox 1046 2099 1171 2138; x_wconf 92' lang='lat' dir='ltr'><strong>cum</strong></span> <span class='ocrx_word' id='word_1_140' title='bbox 1211 2085 1344 2154; x_wconf 86' lang='lat' dir='ltr'><strong>ipsis</strong></span> <span class='ocrx_word' id='word_1_141' title='bbox 1371 2096 1640 2152; x_wconf 85' lang='lat' dir='ltr'><strong>maneret.</strong></span> <span class='ocrx_word' id='word_1_142' title='bbox 1674 2089 1758 2143; x_wconf 73' lang='lat' dir='ltr'><strong>vel</strong></span> <span class='ocrx_word' id='word_1_143' title='bbox 1802 2089 1846 2144; x_wconf 91' lang='lat' dir='ltr'><strong>si</strong></span> <span class='ocrx_word' id='word_1_144' title='bbox 1880 2091 2121 2148; x_wconf 81' lang='lat' dir='ltr'><strong>obsideri</strong></span> 
     </span>
    </p>
   </div>
   <div class='ocr_carea' id='block_1_24' title="bbox 544 2173 2119 2250">
    <p class='ocr_par' dir='ltr' id='par_1_24' title="bbox 544 2173 2119 2250">
     <span class='ocr_line' id='line_1_24' title="bbox 544 2173 2119 2250; baseline 0.006 -22"><span class='ocrx_word' id='word_1_145' title='bbox 544 2173 738 2238; x_wconf 86' lang='lat' dir='ltr'><strong>nollet,</strong></span> <span class='ocrx_word' id='word_1_146' title='bbox 770 2173 825 2228; x_wconf 90' lang='lat' dir='ltr'><strong>in</strong></span> <span class='ocrx_word' id='word_1_147' title='bbox 863 2176 1122 2244; x_wconf 82' lang='lat' dir='ltr'><strong>palatium</strong></span> <span class='ocrx_word' id='word_1_148' title='bbox 1167 2193 1468 2247; x_wconf 73' lang='lat' dir='ltr'><strong>regressus,</strong></span> <span class='ocrx_word' id='word_1_149' title='bbox 1496 2179 1701 2235; x_wconf 85' lang='lat' dir='ltr'><strong>faceret</strong></span> <span class='ocrx_word' id='word_1_150' title='bbox 1725 2181 1871 2250; x_wconf 89' lang='lat' dir='ltr'><strong>quod</strong></span> <span class='ocrx_word' id='word_1_151' title='bbox 1901 2183 2119 2248; x_wconf 80' lang='lat' dir='ltr'><strong>liberet,</strong></span> 
     </span>
    </p>
   </div>
   <div class='ocr_carea' id='block_1_25' title="bbox 545 2268 2121 2340">
    <p class='ocr_par' dir='ltr' id='par_1_25' title="bbox 545 2268 2121 2340">
     <span class='ocr_line' id='line_1_25' title="bbox 545 2268 2121 2340; baseline 0.006 -17"><span class='ocrx_word' id='word_1_152' title='bbox 545 2284 602 2323; x_wconf 89' lang='lat' dir='ltr'><strong>se</strong></span> <span class='ocrx_word' id='word_1_153' title='bbox 634 2268 1020 2340; x_wconf 76' lang='lat' dir='ltr'><strong>Byzantiorum</strong></span> <span class='ocrx_word' id='word_1_154' title='bbox 1069 2271 1179 2325; x_wconf 79' lang='lat' dir='ltr'><strong>vim</strong></span> <span class='ocrx_word' id='word_1_155' title='bbox 1225 2287 1323 2340; x_wconf 89' lang='lat' dir='ltr'><strong>pro</strong></span> <span class='ocrx_word' id='word_1_156' title='bbox 1361 2286 1428 2325; x_wconf 89' lang='lat' dir='ltr'><strong>eo</strong></span> <span class='ocrx_word' id='word_1_157' title='bbox 1476 2272 1637 2328; x_wconf 79' lang='lat' dir='ltr'><strong>facile</strong></span> <span class='ocrx_word' id='word_1_158' title='bbox 1684 2275 2033 2331; x_wconf 85' lang='lat' dir='ltr'><strong>toleraturos.</strong></span> <span class='ocrx_word' id='word_1_159' title='bbox 2064 2277 2121 2333; x_wconf 90' lang='lat' dir='ltr'><strong>Si</strong></span> 
     </span>
    </p>
   </div>
   <div class='ocr_carea' id='block_1_26' title="bbox 545 2360 2121 2436">
    <p class='ocr_par' dir='ltr' id='par_1_26' title="bbox 545 2360 2121 2436">
     <span class='ocr_line' id='line_1_26' title="bbox 545 2360 2121 2436; baseline 0.006 -24"><span class='ocrx_word' id='word_1_160' title='bbox 545 2369 802 2414; x_wconf 89' lang='lat' dir='ltr'><strong>neutrum</strong></span> <span class='ocrx_word' id='word_1_161' title='bbox 839 2360 1117 2429; x_wconf 88' lang='lat' dir='ltr'><strong>probaret,</strong></span> <span class='ocrx_word' id='word_1_162' title='bbox 1167 2372 1221 2415; x_wconf 88' lang='lat' dir='ltr'><strong>et</strong></span> <span class='ocrx_word' id='word_1_163' title='bbox 1252 2377 1434 2430; x_wconf 67' lang='lat' dir='ltr'><strong>operae</strong></span> <span class='ocrx_word' id='word_1_164' title='bbox 1462 2364 1698 2432; x_wconf 88' lang='lat' dir='ltr'><strong>pretium</strong></span> <span class='ocrx_word' id='word_1_165' title='bbox 1730 2364 1960 2421; x_wconf 88' lang='lat' dir='ltr'><strong>duceret</strong></span> <span class='ocrx_word' id='word_1_166' title='bbox 1992 2381 2121 2436; x_wconf 91' lang='lat' dir='ltr'><strong>pro-</strong></span> 
     </span>
    </p>
   </div>
   <div class='ocr_carea' id='block_1_27' title="bbox 543 2452 2120 2529">
    <p class='ocr_par' dir='ltr' id='par_1_27' title="bbox 543 2452 2120 2529">
     <span class='ocr_line' id='line_1_27' title="bbox 543 2452 2120 2529; baseline 0.009 -28"><span class='ocrx_word' id='word_1_167' title='bbox 543 2452 913 2521; x_wconf 72' lang='lat' dir='ltr'><strong>pugnaculum</strong></span> <span class='ocrx_word' id='word_1_168' title='bbox 971 2454 1194 2517; x_wconf 72' lang='lat' dir='ltr'><strong>dctlere,</strong></span> <span class='ocrx_word' id='word_1_169' title='bbox 1241 2452 1566 2512; x_wconf 86' lang='lat' dir='ltr'><strong>dimissuros</strong></span> <span class='ocrx_word' id='word_1_170' title='bbox 1615 2455 1668 2511; x_wconf 92' lang='lat' dir='ltr'><strong>id</strong></span> <span class='ocrx_word' id='word_1_171' title='bbox 1719 2472 1972 2529; x_wconf 89' lang='lat' dir='ltr'><strong>quoque,</strong></span> <span class='ocrx_word' id='word_1_172' title='bbox 2017 2460 2120 2514; x_wconf 86' lang='lat' dir='ltr'><strong>fide</strong></span> 
     </span>
    </p>
   </div>
   <div class='ocr_carea' id='block_1_28' title="bbox 547 2543 2122 2620">
    <p class='ocr_par' dir='ltr' id='par_1_28' title="bbox 547 2543 2122 2620">
     <span class='ocr_line' id='line_1_28' title="bbox 547 2543 2122 2620; baseline 0.006 -25"><span class='ocrx_word' id='word_1_173' title='bbox 547 2543 703 2611; x_wconf 76' lang='lat' dir='ltr'><strong>prius</strong></span> <span class='ocrx_word' id='word_1_174' title='bbox 732 2559 857 2597; x_wconf 89' lang='lat' dir='ltr'><strong>cum</strong></span> <span class='ocrx_word' id='word_1_175' title='bbox 889 2553 1236 2599; x_wconf 81' lang='lat' dir='ltr'><strong>sacramento</strong></span> <span class='ocrx_word' id='word_1_176' title='bbox 1268 2555 1516 2615; x_wconf 86' lang='lat' dir='ltr'><strong>accepta,</strong></span> <span class='ocrx_word' id='word_1_177' title='bbox 1542 2561 1652 2601; x_wconf 89' lang='lat' dir='ltr'><strong>non</strong></span> <span class='ocrx_word' id='word_1_178' title='bbox 1686 2547 2122 2620; x_wconf 84' lang='lat' dir='ltr'><strong>ignavia,neque</strong></span> 
     </span>
    </p>
   </div>
   <div class='ocr_carea' id='block_1_29' title="bbox 545 2627 2121 2712">
    <p class='ocr_par' dir='ltr' id='par_1_29' title="bbox 545 2627 2121 2712">
     <span class='ocr_line' id='line_1_29' title="bbox 545 2627 2121 2712; baseline 0.006 -25"><span class='ocrx_word' id='word_1_179' title='bbox 545 2635 696 2704; x_wconf 85' lang='lat' dir='ltr'><strong>quod</strong></span> <span class='ocrx_word' id='word_1_180' title='bbox 750 2633 1072 2701; x_wconf 75' lang='lat' dir='ltr'><strong>deficerent,</strong></span> <span class='ocrx_word' id='word_1_181' title='bbox 1117 2636 1173 2692; x_wconf 93' lang='lat' dir='ltr'><strong>id</strong></span> <span class='ocrx_word' id='word_1_182' title='bbox 1231 2637 1454 2703; x_wconf 80' lang='lat' dir='ltr'><strong>fecisse,</strong></span> <span class='ocrx_word' id='word_1_183' title='bbox 1498 2639 1593 2694; x_wconf 88' lang='lat' dir='ltr'><strong>sed</strong></span> <span class='ocrx_word' id='word_1_184' title='bbox 1649 2627 1719 2695; x_wconf 60' lang='lat' dir='ltr'><strong>ut:</strong></span> <span class='ocrx_word' id='word_1_185' title='bbox 1757 2639 1806 2695; x_wconf 82' lang='lat' dir='ltr'><strong>ei</strong></span> <span class='ocrx_word' id='word_1_186' title='bbox 1860 2642 2121 2712; x_wconf 83' lang='lat' dir='ltr'><strong>primu,</strong></span> 
     </span>
    </p>
   </div>
   <div class='ocr_carea' id='block_1_30' title="bbox 535 2725 2120 2802">
    <p class='ocr_par' dir='ltr' id='par_1_30' title="bbox 535 2725 2120 2802">
     <span class='ocr_line' id='line_1_30' title="bbox 535 2725 2120 2802; baseline 0.006 -22"><span class='ocrx_word' id='word_1_187' title='bbox 535 2725 746 2782; x_wconf 56' lang='lat' dir='ltr'><strong>deinde</strong></span> <span class='ocrx_word' id='word_1_188' title='bbox 779 2727 1003 2785; x_wconf 86' lang='lat' dir='ltr'><strong>sibimet</strong></span> <span class='ocrx_word' id='word_1_189' title='bbox 1033 2743 1196 2800; x_wconf 85' lang='lat' dir='ltr'><strong>quam</strong></span> <span class='ocrx_word' id='word_1_190' title='bbox 1229 2731 1435 2799; x_wconf 81' lang='lat' dir='ltr'><strong>Optime</strong></span> <span class='ocrx_word' id='word_1_191' title='bbox 1474 2731 1878 2802; x_wconf 87' lang='lat' dir='ltr'><strong>prospicerent.</strong></span> <span class='ocrx_word' id='word_1_192' title='bbox 1904 2734 2120 2789; x_wconf 84' lang='lat' dir='ltr'><strong>Reban-</strong></span> 
     </span>
    </p>
   </div>
   <div class='ocr_carea' id='block_1_31' title="bbox 549 2821 2120 2896">
    <p class='ocr_par' dir='ltr' id='par_1_31' title="bbox 549 2821 2120 2896">
     <span class='ocr_line' id='line_1_31' title="bbox 549 2821 2120 2896; baseline 0.006 -23"><span class='ocrx_word' id='word_1_193' title='bbox 549 2831 637 2875; x_wconf 84' lang='lat' dir='ltr'><strong>tur</strong></span> <span class='ocrx_word' id='word_1_194' title='bbox 670 2821 844 2886; x_wconf 88' lang='lat' dir='ltr'><strong>enim,</strong></span> <span class='ocrx_word' id='word_1_195' title='bbox 873 2821 970 2878; x_wconf 88' lang='lat' dir='ltr'><strong>ubi</strong></span> <span class='ocrx_word' id='word_1_196' title='bbox 1007 2823 1060 2878; x_wconf 90' lang='lat' dir='ltr'><strong>id</strong></span> <span class='ocrx_word' id='word_1_197' title='bbox 1101 2825 1432 2881; x_wconf 87' lang='lat' dir='ltr'><strong>necessitate</strong></span> <span class='ocrx_word' id='word_1_198' title='bbox 1467 2842 1670 2896; x_wconf 86' lang='lat' dir='ltr'><strong>genero</strong></span> <span class='ocrx_word' id='word_1_199' title='bbox 1720 2827 2120 2895; x_wconf 85' lang='lat' dir='ltr'><strong>transdidisset,</strong></span> 
     </span>
    </p>
   </div>
   <div class='ocr_carea' id='block_1_32' title="bbox 547 2911 2123 2990">
    <p class='ocr_par' dir='ltr' id='par_1_32' title="bbox 547 2911 2123 2990">
     <span class='ocr_line' id='line_1_32' title="bbox 547 2911 2123 2990; baseline 0.008 -28"><span class='ocrx_word' id='word_1_200' title='bbox 547 2920 737 2980; x_wconf 85' lang='lat' dir='ltr'><strong>postea</strong></span> <span class='ocrx_word' id='word_1_201' title='bbox 767 2911 874 2966; x_wconf 89' lang='lat' dir='ltr'><strong>sibi</strong></span> <span class='ocrx_word' id='word_1_202' title='bbox 904 2913 1134 2982; x_wconf 80' lang='lat' dir='ltr'><strong>gratiam</strong></span> <span class='ocrx_word' id='word_1_203' title='bbox 1180 2916 1405 2969; x_wconf 88' lang='lat' dir='ltr'><strong>multam</strong></span> <span class='ocrx_word' id='word_1_204' title='bbox 1443 2917 1788 2984; x_wconf 88' lang='lat' dir='ltr'><strong>habiturum,</strong></span> <span class='ocrx_word' id='word_1_205' title='bbox 1823 2920 2123 2990; x_wconf 87' lang='lat' dir='ltr'><strong>multisque</strong></span> 
     </span>
    </p>
   </div>
   <div class='ocr_carea' id='block_1_33' title="bbox 548 3002 2122 3088">
    <p class='ocr_par' dir='ltr' id='par_1_33' title="bbox 548 3002 2122 3088">
     <span class='ocr_line' id='line_1_33' title="bbox 548 3002 2122 3088; baseline 0.005 -30"><span class='ocrx_word' id='word_1_206' title='bbox 548 3002 761 3059; x_wconf 79' lang='lat' dir='ltr'><strong>meritis</strong></span> <span class='ocrx_word' id='word_1_207' title='bbox 818 3016 1328 3073; x_wconf 77' lang='lat' dir='ltr'><strong>compensaturum,</strong></span> <span class='ocrx_word' id='word_1_208' title='bbox 1381 3011 1527 3088; x_wconf 80' lang='lat' dir='ltr'><strong>quod</strong></span> <span class='ocrx_word' id='word_1_209' title='bbox 1578 3010 1960 3066; x_wconf 84' lang='lat' dir='ltr'><strong>benevolentia</strong></span> <span class='ocrx_word' id='word_1_210' title='bbox 1994 3029 2122 3084; x_wconf 84' lang='lat' dir='ltr'><strong>erga</strong></span> 
     </span>
    </p>
   </div>
   <div class='ocr_carea' id='block_1_34' title="bbox 2218 538 3791 612">
    <p class='ocr_par' dir='ltr' id='par_1_34' title="bbox 2218 538 3791 612">
     <span class='ocr_line' id='line_1_34' title="bbox 2218 538 3791 612; baseline -0.003 -21"><span class='ocrx_word' id='word_1_211' title='bbox 2218 541 2310 591; x_wconf 75' lang='grc' dir='ltr'>καὶ</span> <span class='ocrx_word' id='word_1_212' title='bbox 2344 541 2585 594; x_wconf 77' lang='grc' dir='ltr'><strong>ἱκέτευον</strong></span> <span class='ocrx_word' id='word_1_213' title='bbox 2630 541 3058 611; x_wconf 76' lang='grc' dir='ltr'><strong>προσκυνοῦντες</strong></span> <span class='ocrx_word' id='word_1_214' title='bbox 3097 544 3171 612; x_wconf 80' lang='grc' dir='ltr'>μὴ</span> <span class='ocrx_word' id='word_1_215' title='bbox 3213 538 3446 594; x_wconf 83' lang='grc' dir='ltr'>τοιαῦτα</span> <span class='ocrx_word' id='word_1_216' title='bbox 3491 539 3753 607; x_wconf 75' lang='grc' dir='ltr'>πράττειν</span> <span class='ocrx_word' id='word_1_217' title='bbox 3777 552 3791 568; x_wconf 72' lang='grc' dir='ltr'><strong>ν</strong></span> 
     </span>
    </p>
   </div>
   <div class='ocr_carea' id='block_1_35' title="bbox 2219 624 3794 699">
    <p class='ocr_par' dir='ltr' id='par_1_35' title="bbox 2219 624 3794 699">
     <span class='ocr_line' id='line_1_35' title="bbox 2219 624 3794 699; baseline -0.004 -19"><span class='ocrx_word' id='word_1_218' title='bbox 2219 627 2294 690; x_wconf 79' lang='grc' dir='ltr'>ὡς</span> <span class='ocrx_word' id='word_1_219' title='bbox 2331 629 2513 699; x_wconf 72' lang='grc' dir='ltr'>ῥᾴδιον</span> <span class='ocrx_word' id='word_1_220' title='bbox 2550 629 2611 684; x_wconf 79' lang='grc' dir='ltr'>ὃν</span> <span class='ocrx_word' id='word_1_221' title='bbox 2641 631 2849 683; x_wconf 75' lang='grc' dir='ltr'>ἐκεῖθεν</span> <span class='ocrx_word' id='word_1_222' title='bbox 2897 628 3116 682; x_wconf 76' lang='grc' dir='ltr'>ἐπειδάν</span> <span class='ocrx_word' id='word_1_223' title='bbox 3171 629 3428 698; x_wconf 82' lang='grc' dir='ltr'>ἀφίκοιτο</span> <span class='ocrx_word' id='word_1_224' title='bbox 3459 628 3496 695; x_wconf 83' lang='grc' dir='ltr'><strong>ή</strong></span> <span class='ocrx_word' id='word_1_225' title='bbox 3546 624 3794 695; x_wconf 80' lang='grc' dir='ltr'>στρατιὰ,</span> 
     </span>
    </p>
   </div>
   <div class='ocr_carea' id='block_1_36' title="bbox 2221 715 3796 793">
    <p class='ocr_par' dir='ltr' id='par_1_36' title="bbox 2221 715 3796 793">
     <span class='ocr_line' id='line_1_36' title="bbox 2221 715 3796 793; baseline -0.003 -19"><span class='ocrx_word' id='word_1_226' title='bbox 2221 720 2447 790; x_wconf 78' lang='grc' dir='ltr'><strong>βασιλέα</strong></span> <span class='ocrx_word' id='word_1_227' title='bbox 2474 723 2566 777; x_wconf 82' lang='grc' dir='ltr'>τὸν</span> <span class='ocrx_word' id='word_1_228' title='bbox 2596 723 2740 788; x_wconf 82' lang='grc' dir='ltr'>νέον,</span> <span class='ocrx_word' id='word_1_229' title='bbox 2775 721 3072 787; x_wconf 77' lang='grc' dir='ltr'><strong>Βυζαντίου</strong></span> <span class='ocrx_word' id='word_1_230' title='bbox 3105 717 3717 793; x_wconf 79' lang='grc' dir='ltr'>ὲξελαύνειν.Μάλιστσ</span> <span class='ocrx_word' id='word_1_231' title='bbox 3744 715 3796 769; x_wconf 59' lang='grc' dir='ltr'>δὲ</span> 
     </span>
    </p>
   </div>
   <div class='ocr_carea' id='block_1_37' title="bbox 2223 810 3798 884">
    <p class='ocr_par' dir='ltr' id='par_1_37' title="bbox 2223 810 3798 884">
     <span class='ocr_line' id='line_1_37' title="bbox 2223 810 3798 884; baseline -0.005 -17"><span class='ocrx_word' id='word_1_232' title='bbox 2223 814 2495 880; x_wconf 78' lang='grc' dir='ltr'>Ντζιουάν</span> <span class='ocrx_word' id='word_1_233' title='bbox 2516 816 2770 884; x_wconf 86' lang='grc' dir='ltr'>Περάλτα</span> <span class='ocrx_word' id='word_1_234' title='bbox 2794 815 2821 868; x_wconf 86' lang='grc' dir='ltr'><strong>ό</strong></span> <span class='ocrx_word' id='word_1_235' title='bbox 2843 815 3049 869; x_wconf 87' lang='grc' dir='ltr'>τούτων</span> <span class='ocrx_word' id='word_1_236' title='bbox 3072 813 3319 884; x_wconf 78' lang='grc' dir='ltr'>ἡγεμὼν,</span> <span class='ocrx_word' id='word_1_237' title='bbox 3347 811 3518 875; x_wconf 79' lang='grc' dir='ltr'>αὑτός</span> <span class='ocrx_word' id='word_1_238' title='bbox 3541 827 3606 864; x_wconf 83' lang='grc' dir='ltr'><strong>τε</strong></span> <span class='ocrx_word' id='word_1_239' title='bbox 3635 810 3798 863; x_wconf 81' lang='grc' dir='ltr'>ὲδεῐτο</span> 
     </span>
    </p>
   </div>
   <div class='ocr_carea' id='block_1_38' title="bbox 2225 899 3798 976">
    <p class='ocr_par' dir='ltr' id='par_1_38' title="bbox 2225 899 3798 976">
     <span class='ocr_line' id='line_1_38' title="bbox 2225 899 3798 976; baseline -0.008 -15"><span class='ocrx_word' id='word_1_240' title='bbox 2225 905 2513 976; x_wconf 83' lang='grc' dir='ltr'>βασιλέως,</span> <span class='ocrx_word' id='word_1_241' title='bbox 2559 908 2812 971; x_wconf 74' lang='grc' dir='ltr'>καὶτοὺς</span> <span class='ocrx_word' id='word_1_242' title='bbox 2839 907 3032 973; x_wconf 78' lang='grc' dir='ltr'>ἄλλους</span> <span class='ocrx_word' id='word_1_243' title='bbox 3076 904 3318 967; x_wconf 68' lang='grc' dir='ltr'>ἔπειθεν,</span> <span class='ocrx_word' id='word_1_244' title='bbox 3362 899 3457 956; x_wconf 76' lang='grc' dir='ltr'>οἶα</span> <span class='ocrx_word' id='word_1_245' title='bbox 3502 903 3571 970; x_wconf 76' lang='grc' dir='ltr'>δὴ</span> <span class='ocrx_word' id='word_1_246' title='bbox 3614 900 3798 972; x_wconf 84' lang='grc' dir='ltr'>χρόνον</span> 
     </span>
    </p>
   </div>
   <div class='ocr_carea' id='block_1_39' title="bbox 2221 988 3800 1073">
    <p class='ocr_par' dir='ltr' id='par_1_39' title="bbox 2221 988 3800 1073">
     <span class='ocr_line' id='line_1_39' title="bbox 2221 988 3800 1073; baseline -0.004 -22"><span class='ocrx_word' id='word_1_247' title='bbox 2221 999 2343 1053; x_wconf 76' lang='grc' dir='ltr'>τινὰ</span> <span class='ocrx_word' id='word_1_248' title='bbox 2396 999 2593 1070; x_wconf 79' lang='grc' dir='ltr'>συχνὸν</span> <span class='ocrx_word' id='word_1_249' title='bbox 2651 1001 2752 1073; x_wconf 72' lang='grc' dir='ltr'><strong>ἤδη</strong></span> <span class='ocrx_word' id='word_1_250' title='bbox 2820 1000 3216 1069; x_wconf 81' lang='grc' dir='ltr'><strong>συγγενόμενος</strong></span> <span class='ocrx_word' id='word_1_251' title='bbox 3271 997 3349 1067; x_wconf 81' lang='grc' dir='ltr'><strong>τῷ</strong></span> <span class='ocrx_word' id='word_1_252' title='bbox 3406 988 3656 1068; x_wconf 75' lang='grc' dir='ltr'>βασιλεῖ,</span> <span class='ocrx_word' id='word_1_253' title='bbox 3714 995 3800 1045; x_wconf 83' lang='grc' dir='ltr'>καὶ</span> 
     </span>
    </p>
   </div>
   <div class='ocr_carea' id='block_1_40' title="bbox 2222 1081 3800 1163">
    <p class='ocr_par' dir='ltr' id='par_1_40' title="bbox 2222 1081 3800 1163">
     <span class='ocr_line' id='line_1_40' title="bbox 2222 1081 3800 1163; baseline -0.005 -15"><span class='ocrx_word' id='word_1_254' title='bbox 2222 1092 2451 1156; x_wconf 84' lang='grc' dir='ltr'>πολλοὺς</span> <span class='ocrx_word' id='word_1_255' title='bbox 2503 1093 2642 1163; x_wconf 71' lang='grc' dir='ltr'>ὑπὲρ</span> <span class='ocrx_word' id='word_1_256' title='bbox 2689 1092 2855 1146; x_wconf 76' lang='grc' dir='ltr'>αὑτοῦ</span> <span class='ocrx_word' id='word_1_257' title='bbox 2892 1091 3169 1156; x_wconf 83' lang='grc' dir='ltr'>κινδύνους</span> <span class='ocrx_word' id='word_1_258' title='bbox 3205 1091 3469 1151; x_wconf 83' lang='grc' dir='ltr'>ὑποστάς.</span> <span class='ocrx_word' id='word_1_259' title='bbox 3522 1081 3648 1142; x_wconf 79' lang='grc' dir='ltr'>Τών</span> <span class='ocrx_word' id='word_1_260' title='bbox 3697 1085 3800 1154; x_wconf 70' lang='grc' dir='ltr'>γὰρ</span> 
     </span>
    </p>
   </div>
   <div class='ocr_carea' id='block_1_41' title="bbox 2222 1180 3802 1257">
    <p class='ocr_par' dir='ltr' id='par_1_41' title="bbox 2222 1180 3802 1257">
     <span class='ocr_line' id='line_1_41' title="bbox 2222 1180 3802 1257; baseline -0.007 -17"><span class='ocrx_word' id='word_1_261' title='bbox 2222 1187 2418 1256; x_wconf 82' lang='grc' dir='ltr'>ἐκείνῳ</span> <span class='ocrx_word' id='word_1_262' title='bbox 2437 1187 2964 1257; x_wconf 78' lang='grc' dir='ltr'><strong>συστρατευομένων</strong></span> <span class='ocrx_word' id='word_1_263' title='bbox 2990 1181 3059 1257; x_wconf 74' lang='grc' dir='ltr'>ἦν</span> <span class='ocrx_word' id='word_1_264' title='bbox 3090 1185 3254 1254; x_wconf 78' lang='grc' dir='ltr'>ἡνίκα</span> <span class='ocrx_word' id='word_1_265' title='bbox 3285 1183 3566 1252; x_wconf 78' lang='grc' dir='ltr'>διέτριϐεν</span> <span class='ocrx_word' id='word_1_266' title='bbox 3593 1181 3654 1233; x_wconf 68' lang='grc' dir='ltr'>ἐν</span> <span class='ocrx_word' id='word_1_267' title='bbox 3680 1180 3802 1247; x_wconf 90' lang='grc' dir='ltr'>Τρι-</span> 
     </span>
    </p>
   </div>
   <div class='ocr_carea' id='block_1_42' title="bbox 2222 1269 3801 1348">
    <p class='ocr_par' dir='ltr' id='par_1_42' title="bbox 2222 1269 3801 1348">
     <span class='ocr_line' id='line_1_42' title="bbox 2222 1269 3801 1348; baseline -0.006 -16"><span class='ocrx_word' id='word_1_268' title='bbox 2222 1277 2404 1343; x_wconf 80' lang='grc' dir='ltr'>σαλόῖς</span> <span class='ocrx_word' id='word_1_269' title='bbox 2438 1279 2581 1334; x_wconf 80' lang='grc' dir='ltr'><strong>κατά</strong></span> <span class='ocrx_word' id='word_1_270' title='bbox 2615 1281 2707 1333; x_wconf 79' lang='grc' dir='ltr'><strong>τὸν</strong></span> <span class='ocrx_word' id='word_1_271' title='bbox 2740 1278 2835 1332; x_wconf 89' lang='grc' dir='ltr'><strong>τοῦ</strong></span> <span class='ocrx_word' id='word_1_272' title='bbox 2869 1278 3113 1346; x_wconf 82' lang='grc' dir='ltr'>πολέμου</span> <span class='ocrx_word' id='word_1_273' title='bbox 3140 1277 3356 1348; x_wconf 88' lang='grc' dir='ltr'>χρόνον,</span> <span class='ocrx_word' id='word_1_274' title='bbox 3394 1275 3493 1327; x_wconf 72' lang='grc' dir='ltr'><strong>καὶ</strong></span> <span class='ocrx_word' id='word_1_275' title='bbox 3541 1269 3801 1330; x_wconf 81' lang='grc' dir='ltr'><strong>πλείστας</strong></span> 
     </span>
    </p>
   </div>
   <div class='ocr_carea' id='block_1_43' title="bbox 2222 1362 3805 1442">
    <p class='ocr_par' dir='ltr' id='par_1_43' title="bbox 2222 1362 3805 1442">
     <span class='ocr_line' id='line_1_43' title="bbox 2222 1362 3805 1442; baseline -0.008 -17"><span class='ocrx_word' id='word_1_276' title='bbox 2222 1372 2527 1438; x_wconf 76' lang='grc' dir='ltr'>ἀποδείξεις</span> <span class='ocrx_word' id='word_1_277' title='bbox 2551 1372 2858 1442; x_wconf 76' lang='grc' dir='ltr'><strong>παρέσχετο</strong></span> <span class='ocrx_word' id='word_1_278' title='bbox 2881 1373 2977 1432; x_wconf 74' lang='grc' dir='ltr'>τῆς</span> <span class='ocrx_word' id='word_1_279' title='bbox 2998 1371 3076 1431; x_wconf 82' lang='grc' dir='ltr'><strong>είς</strong></span> <span class='ocrx_word' id='word_1_280' title='bbox 3097 1369 3261 1436; x_wconf 77' lang='grc' dir='ltr'>αὐτὸν</span> <span class='ocrx_word' id='word_1_281' title='bbox 3283 1368 3525 1429; x_wconf 81' lang='grc' dir='ltr'>εὐνοίας,</span> <span class='ocrx_word' id='word_1_282' title='bbox 3546 1362 3805 1432; x_wconf 79' lang='grc' dir='ltr'>οὐδεμίαν</span> 
     </span>
    </p>
   </div>
   <div class='ocr_carea' id='block_1_44' title="bbox 2222 1453 3803 1532">
    <p class='ocr_par' dir='ltr' id='par_1_44' title="bbox 2222 1453 3803 1532">
     <span class='ocr_line' id='line_1_44' title="bbox 2222 1453 3803 1532; baseline -0.008 -18"><span class='ocrx_word' id='word_1_283' title='bbox 2222 1461 2347 1515; x_wconf 82' lang='grc' dir='ltr'>κατ’</span> <span class='ocrx_word' id='word_1_284' title='bbox 2369 1466 2546 1516; x_wconf 69' lang='grc' dir='ltr'>ἐκεῖνο</span> <span class='ocrx_word' id='word_1_285' title='bbox 2577 1461 2772 1532; x_wconf 84' lang='grc' dir='ltr'>χρόνον</span> <span class='ocrx_word' id='word_1_286' title='bbox 2798 1461 3036 1522; x_wconf 75' lang='grc' dir='ltr'>ὑποστὰς</span> <span class='ocrx_word' id='word_1_287' title='bbox 3069 1457 3396 1529; x_wconf 76' lang='grc' dir='ltr'>μεταϐολὴν,</span> <span class='ocrx_word' id='word_1_288' title='bbox 3425 1457 3610 1527; x_wconf 69' lang='grc' dir='ltr'>ἡνίκα</span> <span class='ocrx_word' id='word_1_289' title='bbox 3638 1454 3733 1506; x_wconf 83' lang='grc' dir='ltr'>καὶ</span> <span class='ocrx_word' id='word_1_290' title='bbox 3756 1453 3803 1502; x_wconf 82' lang='grc' dir='ltr'>οἱ</span> 
     </span>
    </p>
   </div>
   <div class='ocr_carea' id='block_1_45' title="bbox 2227 1547 3805 1626">
    <p class='ocr_par' dir='ltr' id='par_1_45' title="bbox 2227 1547 3805 1626">
     <span class='ocr_line' id='line_1_45' title="bbox 2227 1547 3805 1626; baseline -0.009 -14"><span class='ocrx_word' id='word_1_291' title='bbox 2227 1556 2464 1626; x_wconf 80' lang='grc' dir='ltr'>μάλιστα</span> <span class='ocrx_word' id='word_1_292' title='bbox 2506 1555 2790 1618; x_wconf 85' lang='grc' dir='ltr'>δοκοῦντες</span> <span class='ocrx_word' id='word_1_293' title='bbox 2826 1551 2973 1608; x_wconf 82' lang='grc' dir='ltr'>εὖνοι</span> <span class='ocrx_word' id='word_1_294' title='bbox 3005 1549 3144 1607; x_wconf 77' lang='grc' dir='ltr'>εἶναι</span> <span class='ocrx_word' id='word_1_295' title='bbox 3190 1550 3557 1622; x_wconf 74' lang='grc' dir='ltr'><strong>ἐξηλέγχοντο</strong></span> <span class='ocrx_word' id='word_1_296' title='bbox 3606 1547 3805 1617; x_wconf 83' lang='grc' dir='ltr'>μεθαρ-</span> 
     </span>
    </p>
   </div>
   <div class='ocr_carea' id='block_1_46' title="bbox 2227 1638 3800 1718">
    <p class='ocr_par' dir='ltr' id='par_1_46' title="bbox 2227 1638 3800 1718">
     <span class='ocr_line' id='line_1_46' title="bbox 2227 1638 3800 1718; baseline -0.003 -17"><span class='ocrx_word' id='word_1_297' title='bbox 2227 1647 2484 1718; x_wconf 77' lang='grc' dir='ltr'>μόζοντες</span> <span class='ocrx_word' id='word_1_298' title='bbox 2536 1649 2764 1712; x_wconf 80' lang='grc' dir='ltr'>ἑαυτοὺς</span> <span class='ocrx_word' id='word_1_299' title='bbox 2809 1649 2930 1711; x_wconf 70' lang='grc' dir='ltr'>τοῖς</span> <span class='ocrx_word' id='word_1_300' title='bbox 2967 1647 3257 1716; x_wconf 81' lang='grc' dir='ltr'>πράγμασι</span> <span class='ocrx_word' id='word_1_301' title='bbox 3293 1645 3534 1705; x_wconf 74' lang='grc' dir='ltr'>καὶτοῖς</span> <span class='ocrx_word' id='word_1_302' title='bbox 3564 1638 3800 1706; x_wconf 68' lang='grc' dir='ltr'>καιροῖς.</span> 
     </span>
    </p>
   </div>
   <div class='ocr_carea' id='block_1_47' title="bbox 2223 1728 3800 1810">
    <p class='ocr_par' dir='ltr' id='par_1_47' title="bbox 2223 1728 3800 1810">
     <span class='ocr_line' id='line_1_47' title="bbox 2223 1728 3800 1810; baseline -0.007 -15"><span class='ocrx_word' id='word_1_303' title='bbox 2223 1742 2498 1810; x_wconf 77' lang='grc' dir='ltr'><strong>Βασιλέως</strong></span> <span class='ocrx_word' id='word_1_304' title='bbox 2526 1741 2581 1794; x_wconf 80' lang='grc' dir='ltr'>δὲ</span> <span class='ocrx_word' id='word_1_305' title='bbox 2607 1733 2845 1794; x_wconf 80' lang='grc' dir='ltr'>ἀδύνατα</span> <span class='ocrx_word' id='word_1_306' title='bbox 2879 1728 3302 1810; x_wconf 70' lang='grc' dir='ltr'>ἰσχυριζομένου</span> <span class='ocrx_word' id='word_1_307' title='bbox 3337 1735 3533 1802; x_wconf 79' lang='grc' dir='ltr'>ἀξιοῦν</span> <span class='ocrx_word' id='word_1_308' title='bbox 3565 1731 3800 1794; x_wconf 75' lang='grc' dir='ltr'>αὐτοὺς,</span> 
     </span>
    </p>
   </div>
   <div class='ocr_carea' id='block_1_48' title="bbox 2223 1824 3804 1903">
    <p class='ocr_par' dir='ltr' id='par_1_48' title="bbox 2223 1824 3804 1903">
     <span class='ocr_line' id='line_1_48' title="bbox 2223 1824 3804 1903; baseline -0.009 -16"><span class='ocrx_word' id='word_1_309' title='bbox 2223 1833 2287 1888; x_wconf 78' lang='grc' dir='ltr'>οὗ</span> <span class='ocrx_word' id='word_1_310' title='bbox 2313 1835 2422 1903; x_wconf 82' lang='grc' dir='ltr'><strong>γὰρ</strong></span> <span class='ocrx_word' id='word_1_311' title='bbox 2451 1832 2618 1886; x_wconf 86' lang='grc' dir='ltr'>αὑτοῦ</span> <span class='ocrx_word' id='word_1_312' title='bbox 2652 1829 2792 1887; x_wconf 68' lang='grc' dir='ltr'>εἶναι</span> <span class='ocrx_word' id='word_1_313' title='bbox 2822 1832 2890 1885; x_wconf 77' lang='grc' dir='ltr'>τὰ</span> <span class='ocrx_word' id='word_1_314' title='bbox 2922 1830 3271 1900; x_wconf 68' lang='grc' dir='ltr'>ἐψηφισμένα</span> <span class='ocrx_word' id='word_1_315' title='bbox 3311 1829 3681 1898; x_wconf 77' lang='grc' dir='ltr'>ἀνατρέπειν,</span> <span class='ocrx_word' id='word_1_316' title='bbox 3714 1824 3804 1877; x_wconf 77' lang='grc' dir='ltr'>καὶ</span> 
     </span>
    </p>
   </div>
   <div class='ocr_carea' id='block_1_49' title="bbox 2225 1918 3803 1996">
    <p class='ocr_par' dir='ltr' id='par_1_49' title="bbox 2225 1918 3803 1996">
     <span class='ocr_line' id='line_1_49' title="bbox 2225 1918 3803 1996; baseline -0.009 -16"><span class='ocrx_word' id='word_1_317' title='bbox 2225 1926 2539 1989; x_wconf 86' lang='grc' dir='ltr'>κελεύοντος</span> <span class='ocrx_word' id='word_1_318' title='bbox 2581 1926 2643 1978; x_wconf 80' lang='grc' dir='ltr'>τὸ</span> <span class='ocrx_word' id='word_1_319' title='bbox 2676 1923 2937 1996; x_wconf 81' lang='grc' dir='ltr'>φρούριον</span> <span class='ocrx_word' id='word_1_320' title='bbox 2970 1921 3350 1992; x_wconf 77' lang='grc' dir='ltr'>παραδιδόναιο</span> <span class='ocrx_word' id='word_1_321' title='bbox 3392 1919 3593 1996; x_wconf 67' lang='grc' dir='ltr'>καιρρν</span> <span class='ocrx_word' id='word_1_322' title='bbox 3642 1918 3803 1987; x_wconf 67' lang='grc' dir='ltr'>ᾔτουν</span> 
     </span>
    </p>
   </div>
   <div class='ocr_carea' id='block_1_50' title="bbox 2228 2012 3804 2088">
    <p class='ocr_par' dir='ltr' id='par_1_50' title="bbox 2228 2012 3804 2088">
     <span class='ocr_line' id='line_1_50' title="bbox 2228 2012 3804 2088; baseline -0.007 -17"><span class='ocrx_word' id='word_1_323' title='bbox 2228 2019 2366 2088; x_wconf 82' lang='grc' dir='ltr'>πρὸς</span> <span class='ocrx_word' id='word_1_324' title='bbox 2390 2017 2673 2088; x_wconf 82' lang='grc' dir='ltr'>διάσκεψιν</span> <span class='ocrx_word' id='word_1_325' title='bbox 2721 2016 2860 2071; x_wconf 85' lang='grc' dir='ltr'>ὥστε</span> <span class='ocrx_word' id='word_1_326' title='bbox 2885 2015 3281 2087; x_wconf 83' lang='grc' dir='ltr'>βουλεύσασθαι</span> <span class='ocrx_word' id='word_1_327' title='bbox 3309 2013 3394 2082; x_wconf 71' lang='grc' dir='ltr'><strong>ἐφ’</strong></span> <span class='ocrx_word' id='word_1_328' title='bbox 3415 2013 3676 2072; x_wconf 81' lang='grc' dir='ltr'>ἑαυτοὺς.</span> <span class='ocrx_word' id='word_1_329' title='bbox 3704 2012 3731 2064; x_wconf 81' lang='grc' dir='ltr'><strong>ὅ</strong></span> <span class='ocrx_word' id='word_1_330' title='bbox 3755 2025 3804 2061; x_wconf 87' lang='grc' dir='ltr'><strong>τι</strong></span> 
     </span>
    </p>
   </div>
   <div class='ocr_carea' id='block_1_51' title="bbox 2226 2100 3804 2181">
    <p class='ocr_par' dir='ltr' id='par_1_51' title="bbox 2226 2100 3804 2181">
     <span class='ocr_line' id='line_1_51' title="bbox 2226 2100 3804 2181; baseline -0.009 -18"><span class='ocrx_word' id='word_1_331' title='bbox 2226 2109 2548 2181; x_wconf 81' lang='grc' dir='ltr'>πράξαντες,</span> <span class='ocrx_word' id='word_1_332' title='bbox 2579 2109 2651 2162; x_wconf 84' lang='grc' dir='ltr'>τὰ</span> <span class='ocrx_word' id='word_1_333' title='bbox 2688 2106 2924 2178; x_wconf 82' lang='grc' dir='ltr'>μάλιστα</span> <span class='ocrx_word' id='word_1_334' title='bbox 2957 2104 3356 2178; x_wconf 65' lang='grc' dir='ltr'><strong>⁸λυσιτελοῦντα</strong></span> <span class='ocrx_word' id='word_1_335' title='bbox 3390 2104 3548 2171; x_wconf 69' lang='grc' dir='ltr'>σφίσι</span> <span class='ocrx_word' id='word_1_336' title='bbox 3579 2100 3804 2165; x_wconf 78' lang='grc' dir='ltr'>δόξωσιν</span> 
     </span>
    </p>
   </div>
   <div class='ocr_carea' id='block_1_52' title="bbox 2225 2187 3803 2270">
    <p class='ocr_par' dir='ltr' id='par_1_52' title="bbox 2225 2187 3803 2270">
     <span class='ocr_line' id='line_1_52' title="bbox 2225 2187 3803 2270; baseline -0.006 -20"><span class='ocrx_word' id='word_1_337' title='bbox 2225 2197 2483 2270; x_wconf 72' lang='grc' dir='ltr'>ᾑρῆσθαι.</span> <span class='ocrx_word' id='word_1_338' title='bbox 2523 2195 2986 2266; x_wconf 76' lang='grc' dir='ltr'>Ἐπιτετραφότος</span> <span class='ocrx_word' id='word_1_339' title='bbox 3007 2195 3062 2247; x_wconf 78' lang='grc' dir='ltr'>δὲ</span> <span class='ocrx_word' id='word_1_340' title='bbox 3089 2194 3181 2246; x_wconf 89' lang='grc' dir='ltr'><strong>τοῦ</strong></span> <span class='ocrx_word' id='word_1_341' title='bbox 3208 2192 3494 2263; x_wconf 85' lang='grc' dir='ltr'>βασιλέως,</span> <span class='ocrx_word' id='word_1_342' title='bbox 3528 2193 3592 2243; x_wconf 79' lang='grc' dir='ltr'>ἐν</span> <span class='ocrx_word' id='word_1_343' title='bbox 3616 2190 3693 2259; x_wconf 80' lang='grc' dir='ltr'>τῷ</span> <span class='ocrx_word' id='word_1_344' title='bbox 3713 2187 3803 2242; x_wconf 82' lang='grc' dir='ltr'><strong>τοῦ</strong></span> 
     </span>
    </p>
   </div>
   <div class='ocr_carea' id='block_1_53' title="bbox 2227 2277 3804 2358">
    <p class='ocr_par' dir='ltr' id='par_1_53' title="bbox 2227 2277 3804 2358">
     <span class='ocr_line' id='line_1_53' title="bbox 2227 2277 3804 2358; baseline -0.008 -16"><span class='ocrx_word' id='word_1_345' title='bbox 2227 2288 2491 2358; x_wconf 81' lang='grc' dir='ltr'>φρουρίου</span> <span class='ocrx_word' id='word_1_346' title='bbox 2529 2277 2800 2356; x_wconf 75' lang='grc' dir='ltr'>περιϐόλῳ</span> <span class='ocrx_word' id='word_1_347' title='bbox 2834 2284 3253 2347; x_wconf 80' lang='grc' dir='ltr'>καταλιπόντες,</span> <span class='ocrx_word' id='word_1_348' title='bbox 3292 2281 3416 2336; x_wconf 75' lang='grc' dir='ltr'>ἐπεὶ</span> <span class='ocrx_word' id='word_1_349' title='bbox 3451 2281 3608 2335; x_wconf 75' lang='grc' dir='ltr'>ἔνδον</span> <span class='ocrx_word' id='word_1_350' title='bbox 3653 2279 3804 2331; x_wconf 78' lang='grc' dir='ltr'>αὐτοὶ</span> 
     </span>
    </p>
   </div>
   <div class='ocr_carea' id='block_1_54' title="bbox 2222 2371 3804 2449">
    <p class='ocr_par' dir='ltr' id='par_1_54' title="bbox 2222 2371 3804 2449">
     <span class='ocr_line' id='line_1_54' title="bbox 2222 2371 3804 2449; baseline -0.008 -17"><span class='ocrx_word' id='word_1_351' title='bbox 2222 2378 2318 2432; x_wconf 87' lang='grc' dir='ltr'><strong>τοῦ</strong></span> <span class='ocrx_word' id='word_1_352' title='bbox 2355 2379 2568 2449; x_wconf 77' lang='grc' dir='ltr'>πύργου</span> <span class='ocrx_word' id='word_1_353' title='bbox 2621 2373 2785 2448; x_wconf 78' lang='grc' dir='ltr'>ἦσαν,</span> <span class='ocrx_word' id='word_1_354' title='bbox 2840 2371 3224 2430; x_wconf 76' lang='grc' dir='ltr'>συνεϐούλευεν</span> <span class='ocrx_word' id='word_1_355' title='bbox 3275 2375 3461 2435; x_wconf 82' lang='grc' dir='ltr'>αὐτοῖς</span> <span class='ocrx_word' id='word_1_356' title='bbox 3507 2376 3536 2426; x_wconf 84' lang='grc' dir='ltr'><strong>ό</strong></span> <span class='ocrx_word' id='word_1_357' title='bbox 3578 2373 3804 2441; x_wconf 77' lang='grc' dir='ltr'>ἡγεμὼν</span> 
     </span>
    </p>
   </div>
   <div class='ocr_carea' id='block_1_55' title="bbox 2223 2462 3805 2542">
    <p class='ocr_par' dir='ltr' id='par_1_55' title="bbox 2223 2462 3805 2542">
     <span class='ocr_line' id='line_1_55' title="bbox 2223 2462 3805 2542; baseline -0.008 -17"><span class='ocrx_word' id='word_1_358' title='bbox 2223 2473 2420 2542; x_wconf 82' lang='grc' dir='ltr'>ὅρκους</span> <span class='ocrx_word' id='word_1_359' title='bbox 2476 2471 2702 2540; x_wconf 78' lang='grc' dir='ltr'>βασιλέα</span> <span class='ocrx_word' id='word_1_360' title='bbox 2754 2470 3005 2522; x_wconf 79' lang='grc' dir='ltr'>ἀπαιτεῖν</span> <span class='ocrx_word' id='word_1_361' title='bbox 3060 2469 3135 2538; x_wconf 82' lang='grc' dir='ltr'>μὴ</span> <span class='ocrx_word' id='word_1_362' title='bbox 3191 2466 3403 2537; x_wconf 78' lang='grc' dir='ltr'>βασιλεῖ</span> <span class='ocrx_word' id='word_1_363' title='bbox 3447 2465 3527 2535; x_wconf 80' lang='grc' dir='ltr'>τῷ</span> <span class='ocrx_word' id='word_1_364' title='bbox 3578 2467 3687 2533; x_wconf 78' lang='grc' dir='ltr'><strong>νέῳ</strong></span> <span class='ocrx_word' id='word_1_365' title='bbox 3749 2462 3805 2514; x_wconf 78' lang='grc' dir='ltr'>τὸ</span> 
     </span>
    </p>
   </div>
   <div class='ocr_carea' id='block_1_56' title="bbox 2225 2553 3805 2636">
    <p class='ocr_par' dir='ltr' id='par_1_56' title="bbox 2225 2553 3805 2636">
     <span class='ocr_line' id='line_1_56' title="bbox 2225 2553 3805 2636; baseline -0.009 -17"><span class='ocrx_word' id='word_1_366' title='bbox 2225 2565 2488 2636; x_wconf 84' lang='grc' dir='ltr'>φρούριον</span> <span class='ocrx_word' id='word_1_367' title='bbox 2521 2563 2876 2634; x_wconf 70' lang='grc' dir='ltr'>παραδιδόναι</span> <span class='ocrx_word' id='word_1_368' title='bbox 2905 2579 2917 2591; x_wconf 88' lang='grc'>·</span> <span class='ocrx_word' id='word_1_369' title='bbox 2950 2561 3064 2616; x_wconf 81' lang='grc' dir='ltr'>ἀλλ’</span> <span class='ocrx_word' id='word_1_370' title='bbox 3091 2561 3124 2631; x_wconf 82' lang='grc' dir='ltr'><strong>ἢ</strong></span> <span class='ocrx_word' id='word_1_371' title='bbox 3148 2560 3383 2630; x_wconf 83' lang='grc' dir='ltr'>μένοντα</span> <span class='ocrx_word' id='word_1_372' title='bbox 3414 2557 3677 2628; x_wconf 80' lang='grc' dir='ltr'>κατέχειν</span> <span class='ocrx_word' id='word_1_373' title='bbox 3709 2553 3805 2607; x_wconf 76' lang='grc' dir='ltr'>σὺν</span> 
     </span>
    </p>
   </div>
   <div class='ocr_carea' id='block_1_57' title="bbox 2226 2650 3802 2727">
    <p class='ocr_par' dir='ltr' id='par_1_57' title="bbox 2226 2650 3802 2727">
     <span class='ocr_line' id='line_1_57' title="bbox 2226 2650 3802 2727; baseline -0.007 -16"><span class='ocrx_word' id='word_1_374' title='bbox 2226 2661 2432 2722; x_wconf 82' lang='grc' dir='ltr'>αὐτοῖς,</span> <span class='ocrx_word' id='word_1_375' title='bbox 2467 2658 2500 2726; x_wconf 79' lang='grc' dir='ltr'>ἢ</span> <span class='ocrx_word' id='word_1_376' title='bbox 2534 2659 2582 2710; x_wconf 85' lang='grc' dir='ltr'><strong>εί</strong></span> <span class='ocrx_word' id='word_1_377' title='bbox 2613 2659 2688 2727; x_wconf 78' lang='grc' dir='ltr'>μὴ</span> <span class='ocrx_word' id='word_1_378' title='bbox 2725 2655 2969 2727; x_wconf 77' lang='grc' dir='ltr'>βούλοιτο</span> <span class='ocrx_word' id='word_1_379' title='bbox 3000 2657 3166 2717; x_wconf 77' lang='grc' dir='ltr'>αὐτὸς</span> <span class='ocrx_word' id='word_1_380' title='bbox 3203 2652 3644 2723; x_wconf 73' lang='grc' dir='ltr'>πολιορκεῖσθαι,</span> <span class='ocrx_word' id='word_1_381' title='bbox 3673 2650 3802 2701; x_wconf 83' lang='grc' dir='ltr'>ἀνα-</span> 
     </span>
    </p>
   </div>
   <div class='ocr_carea' id='block_1_58' title="bbox 2225 2738 3801 2819">
    <p class='ocr_par' dir='ltr' id='par_1_58' title="bbox 2225 2738 3801 2819">
     <span class='ocr_line' id='line_1_58' title="bbox 2225 2738 3801 2819; baseline -0.008 -19"><span class='ocrx_word' id='word_1_382' title='bbox 2225 2751 2425 2819; x_wconf 78' lang='grc' dir='ltr'>χωρεῖν</span> <span class='ocrx_word' id='word_1_383' title='bbox 2475 2749 2530 2799; x_wconf 87' lang='grc' dir='ltr'>ὲν</span> <span class='ocrx_word' id='word_1_384' title='bbox 2586 2744 2900 2815; x_wconf 81' lang='grc' dir='ltr'>βασιλείοις,</span> <span class='ocrx_word' id='word_1_385' title='bbox 2934 2745 3026 2796; x_wconf 73' lang='grc' dir='ltr'>καὶ</span> <span class='ocrx_word' id='word_1_386' title='bbox 3069 2743 3336 2813; x_wconf 81' lang='grc' dir='ltr'>,πράττειν</span> <span class='ocrx_word' id='word_1_387' title='bbox 3381 2741 3409 2794; x_wconf 87' lang='grc' dir='ltr'><strong>δ</strong></span> <span class='ocrx_word' id='word_1_388' title='bbox 3439 2757 3492 2793; x_wconf 86' lang='grc' dir='ltr'><strong>τι</strong></span> <span class='ocrx_word' id='word_1_389' title='bbox 3549 2741 3620 2793; x_wconf 78' lang='grc' dir='ltr'>ἂν</span> <span class='ocrx_word' id='word_1_390' title='bbox 3650 2738 3801 2807; x_wconf 76' lang='grc' dir='ltr'>δοκῇ,</span> 
     </span>
    </p>
   </div>
   <div class='ocr_carea' id='block_1_59' title="bbox 2225 2830 3806 2908">
    <p class='ocr_par' dir='ltr' id='par_1_59' title="bbox 2225 2830 3806 2908">
     <span class='ocr_line' id='line_1_59' title="bbox 2225 2830 3806 2908; baseline -0.005 -17"><span class='ocrx_word' id='word_1_391' title='bbox 2225 2839 2425 2898; x_wconf 73' lang='grc' dir='ltr'>αὐτοὺς</span> <span class='ocrx_word' id='word_1_392' title='bbox 2447 2837 2628 2907; x_wconf 51' lang='grc' dir='ltr'>δὲ’ὲᾷν</span> <span class='ocrx_word' id='word_1_393' title='bbox 2659 2837 2751 2889; x_wconf 68' lang='grc' dir='ltr'><strong>τὸν</strong></span> <span class='ocrx_word' id='word_1_394' title='bbox 2777 2837 2916 2908; x_wconf 75' lang='grc' dir='ltr'>πρὸς</span> <span class='ocrx_word' id='word_1_395' title='bbox 2948 2835 3277 2901; x_wconf 77' lang='grc' dir='ltr'>Βυζαντίους</span> <span class='ocrx_word' id='word_1_396' title='bbox 3311 2832 3552 2903; x_wconf 87' lang='grc' dir='ltr'>πόλεμον</span> <span class='ocrx_word' id='word_1_397' title='bbox 3575 2830 3806 2886; x_wconf 78' lang='grc' dir='ltr'>διοίσον-</span> 
     </span>
    </p>
   </div>
   <div class='ocr_carea' id='block_1_60' title="bbox 2226 2926 3806 3002">
    <p class='ocr_par' dir='ltr' id='par_1_60' title="bbox 2226 2926 3806 3002">
     <span class='ocr_line' id='line_1_60' title="bbox 2226 2926 3806 3002; baseline -0.006 -16"><span class='ocrx_word' id='word_1_398' title='bbox 2226 2948 2326 2994; x_wconf 88' lang='grc' dir='ltr'><strong>τας</strong></span> <span class='ocrx_word' id='word_1_399' title='bbox 2371 2931 2589 3002; x_wconf 78' lang='grc' dir='ltr'>ῥᾳδίως.</span> <span class='ocrx_word' id='word_1_400' title='bbox 2623 2930 2685 2984; x_wconf 81' lang='lat' dir='ltr'><strong>Et</strong></span> <span class='ocrx_word' id='word_1_401' title='bbox 2741 2931 2797 2983; x_wconf 85' lang='grc' dir='ltr'>δὲ</span> <span class='ocrx_word' id='word_1_402' title='bbox 2859 2929 3224 3000; x_wconf 77' lang='grc' dir='ltr'>μηδοπότερον</span> <span class='ocrx_word' id='word_1_403' title='bbox 3265 2928 3441 2981; x_wconf 76' lang='grc' dir='ltr'>έλοιτο</span> <span class='ocrx_word' id='word_1_404' title='bbox 3496 2926 3612 2980; x_wconf 82' lang='grc' dir='ltr'><strong>τῶν</strong></span> <span class='ocrx_word' id='word_1_405' title='bbox 3657 2927 3806 2995; x_wconf 72' lang='grc' dir='ltr'>εἰρη-</span> 
     </span>
    </p>
   </div>
   <div class='ocr_carea' id='block_1_61' title="bbox 2230 3003 3801 3094">
    <p class='ocr_par' dir='ltr' id='par_1_61' title="bbox 2230 3003 3801 3094">
     <span class='ocr_line' id='line_1_61' title="bbox 2230 3003 3801 3094; baseline -0.006 -17"><span class='ocrx_word' id='word_1_406' title='bbox 2230 3026 2430 3094; x_wconf 78' lang='grc' dir='ltr'>μένων,</span> <span class='ocrx_word' id='word_1_407' title='bbox 2463 3022 2602 3077; x_wconf 85' lang='grc' dir='ltr'>ἀλλὰ</span> <span class='ocrx_word' id='word_1_408' title='bbox 2635 3003 2912 3092; x_wconf 74' lang='grc' dir='ltr'>προῦργου</span> <span class='ocrx_word' id='word_1_409' title='bbox 2966 3021 3165 3085; x_wconf 77' lang='grc' dir='ltr'>παντὸς</span> <span class='ocrx_word' id='word_1_410' title='bbox 3213 3022 3404 3092; x_wconf 77' lang='grc' dir='ltr'>ἠγεῖτο</span> <span class='ocrx_word' id='word_1_411' title='bbox 3433 3021 3494 3074; x_wconf 55' lang='lat' dir='ltr'><strong>te</strong></span> <span class='ocrx_word' id='word_1_412' title='bbox 3535 3019 3801 3090; x_wconf 80' lang='grc' dir='ltr'>φρούριον</span> 
     </span>
    </p>
   </div>
   <div class='ocr_carea' id='block_1_62' title="bbox 549 3096 2123 3191">
    <p class='ocr_par' dir='ltr' id='par_1_62' title="bbox 549 3096 2121 3175">
     <span class='ocr_line' id='line_1_62' title="bbox 549 3096 2121 3175; baseline 0.007 -25"><span class='ocrx_word' id='word_1_413' title='bbox 549 3111 632 3160; x_wconf 89' lang='lat' dir='ltr'><strong>sc,</strong></span> <span class='ocrx_word' id='word_1_414' title='bbox 655 3096 908 3168; x_wconf 57' lang='lat' dir='ltr'><strong>quaintis</strong></span> <span class='ocrx_word' id='word_1_415' title='bbox 943 3096 1124 3159; x_wconf 85' lang='lat' dir='ltr'><strong>inviti,</strong></span> <span class='ocrx_word' id='word_1_416' title='bbox 1153 3109 1213 3152; x_wconf 90' lang='lat' dir='ltr'><strong>ut</strong></span> <span class='ocrx_word' id='word_1_417' title='bbox 1248 3103 1616 3170; x_wconf 84' lang='lat' dir='ltr'><strong>apparuisset,</strong></span> <span class='ocrx_word' id='word_1_418' title='bbox 1647 3103 1748 3157; x_wconf 86' lang='lat' dir='ltr'><strong>sibi</strong></span> <span class='ocrx_word' id='word_1_419' title='bbox 1781 3105 2121 3175; x_wconf 80' lang='lat' dir='ltr'><strong>maximope-</strong></span> 
     </span>
    </p>
   </div>
   <div class='ocr_carea' id='block_1_63' title="bbox 2227 3096 3798 3191">
    <p class='ocr_par' dir='ltr' id='par_1_63' title="bbox 2228 3108 3798 3186">
     <span class='ocr_line' id='line_1_63' title="bbox 2228 3108 3798 3186; baseline -0.005 -18"><span class='ocrx_word' id='word_1_420' title='bbox 2228 3115 2610 3186; x_wconf 81' lang='grc' dir='ltr'>παραδιδόναι,</span> <span class='ocrx_word' id='word_1_421' title='bbox 2641 3113 3071 3183; x_wconf 82' lang='grc' dir='ltr'>ἀποπέμπεσθαι</span> <span class='ocrx_word' id='word_1_422' title='bbox 3104 3113 3197 3166; x_wconf 79' lang='grc' dir='ltr'>καὶ</span> <span class='ocrx_word' id='word_1_423' title='bbox 3229 3112 3413 3180; x_wconf 68' lang='grc' dir='ltr'>αὑτὸν,</span> <span class='ocrx_word' id='word_1_424' title='bbox 3443 3112 3634 3183; x_wconf 82' lang='grc' dir='ltr'>ὅρκοις</span> <span class='ocrx_word' id='word_1_425' title='bbox 3669 3108 3798 3178; x_wconf 81' lang='grc' dir='ltr'>πρό-</span> 
     </span>
    </p>
   </div>
   <div class='ocr_carea' id='block_1_64' title="bbox 545 3183 2123 3280">
    <p class='ocr_par' dir='ltr' id='par_1_64' title="bbox 545 3183 2123 3262">
     <span class='ocr_line' id='line_1_64' title="bbox 545 3183 2123 3262; baseline 0.006 -22"><span class='ocrx_word' id='word_1_426' title='bbox 545 3202 610 3241; x_wconf 88' lang='lat' dir='ltr'><strong>re</strong></span> <span class='ocrx_word' id='word_1_427' title='bbox 638 3183 998 3258; x_wconf 80' lang='lat' dir='ltr'><strong>profuissent.</strong></span> <span class='ocrx_word' id='word_1_428' title='bbox 1050 3186 1188 3244; x_wconf 90' lang='lat' dir='ltr'><strong>Iluic</strong></span> <span class='ocrx_word' id='word_1_429' title='bbox 1220 3191 1454 3246; x_wconf 88' lang='lat' dir='ltr'><strong>consilio</strong></span> <span class='ocrx_word' id='word_1_430' title='bbox 1499 3193 1755 3262; x_wconf 86' lang='lat' dir='ltr'><strong>protinus</strong></span> <span class='ocrx_word' id='word_1_431' title='bbox 1798 3194 1889 3249; x_wconf 87' lang='lat' dir='ltr'><strong>alii</strong></span> <span class='ocrx_word' id='word_1_432' title='bbox 1930 3196 2123 3250; x_wconf 82' lang='lat' dir='ltr'><strong>suifra-</strong></span> 
     </span>
    </p>
   </div>
   <div class='ocr_carea' id='block_1_65' title="bbox 2227 3183 3803 3280">
    <p class='ocr_par' dir='ltr' id='par_1_65' title="bbox 2229 3191 3803 3280">
     <span class='ocr_line' id='line_1_65' title="bbox 2229 3191 3803 3280; baseline -0.006 -19"><span class='ocrx_word' id='word_1_433' title='bbox 2229 3225 2386 3278; x_wconf 87' lang='grc' dir='ltr'>τερον</span> <span class='ocrx_word' id='word_1_434' title='bbox 2418 3208 2902 3280; x_wconf 65' lang='grc' dir='ltr'>πιστωσαμένους,</span> <span class='ocrx_word' id='word_1_435' title='bbox 2930 3206 3006 3270; x_wconf 82' lang='grc' dir='ltr'><strong>ὡς</strong></span> <span class='ocrx_word' id='word_1_436' title='bbox 3050 3205 3109 3259; x_wconf 81' lang='grc' dir='ltr'>οὐ</span> <span class='ocrx_word' id='word_1_437' title='bbox 3145 3191 3464 3260; x_wconf 78' lang='grc' dir='ltr'>διὰ-κακίαν</span> <span class='ocrx_word' id='word_1_438' title='bbox 3502 3204 3618 3259; x_wconf 74' lang='grc' dir='ltr'>οὐδ’</span> <span class='ocrx_word' id='word_1_439' title='bbox 3670 3202 3803 3255; x_wconf 85' lang='grc' dir='ltr'>ἀπο-</span> 
     </span>
    </p>
   </div>
   <div class='ocr_carea' id='block_1_66' title="bbox 543 3280 2126 3353">
    <p class='ocr_par' dir='ltr' id='par_1_66' title="bbox 543 3280 2126 3353">
     <span class='ocr_line' id='line_1_66' title="bbox 543 3280 2126 3353; baseline 0.006 -21"><span class='ocrx_word' id='word_1_440' title='bbox 543 3280 653 3349; x_wconf 80' lang='lat' dir='ltr'><strong>gati</strong></span> <span class='ocrx_word' id='word_1_441' title='bbox 692 3289 854 3345; x_wconf 84' lang='lat' dir='ltr'><strong>sunt;</strong></span> <span class='ocrx_word' id='word_1_442' title='bbox 878 3289 1078 3334; x_wconf 83' lang='lat' dir='ltr'><strong>norant</strong></span> <span class='ocrx_word' id='word_1_443' title='bbox 1107 3280 1254 3334; x_wconf 85' lang='lat' dir='ltr'><strong>enim</strong></span> <span class='ocrx_word' id='word_1_444' title='bbox 1292 3282 1603 3336; x_wconf 63' lang='lat' dir='ltr'><strong>ministrum</strong></span> <span class='ocrx_word' id='word_1_445' title='bbox 1630 3283 1976 3353; x_wconf 84' lang='lat' dir='ltr'><strong>imperatoris</strong></span> <span class='ocrx_word' id='word_1_446' title='bbox 2005 3301 2126 3341; x_wconf 82' lang='lat' dir='ltr'><strong>esse</strong></span> 
     </span>
    </p>
   </div>
   <div class='ocr_carea' id='block_1_67' title="bbox 546 3371 2125 3447">
    <p class='ocr_par' dir='ltr' id='par_1_67' title="bbox 546 3371 2125 3447">
     <span class='ocr_line' id='line_1_67' title="bbox 546 3371 2125 3447; baseline 0.004 -21"><span class='ocrx_word' id='word_1_447' title='bbox 546 3371 949 3446; x_wconf 83' lang='lat' dir='ltr'><strong>fidelissimum,</strong></span> <span class='ocrx_word' id='word_1_448' title='bbox 994 3373 1243 3441; x_wconf 89' lang='lat' dir='ltr'><strong>nihilque</strong></span> <span class='ocrx_word' id='word_1_449' title='bbox 1297 3384 1488 3430; x_wconf 88' lang='lat' dir='ltr'><strong>contra</strong></span> <span class='ocrx_word' id='word_1_450' title='bbox 1546 3385 1782 3431; x_wconf 86' lang='lat' dir='ltr'><strong>mentem</strong></span> <span class='ocrx_word' id='word_1_451' title='bbox 1823 3378 1940 3447; x_wconf 80' lang='lat' dir='ltr'><strong>ejus</strong></span> <span class='ocrx_word' id='word_1_452' title='bbox 1973 3395 2125 3433; x_wconf 86' lang='lat' dir='ltr'><strong>com-</strong></span> 
     </span>
    </p>
   </div>
   <div class='ocr_carea' id='block_1_68' title="bbox 543 3465 2127 3537">
    <p class='ocr_par' dir='ltr' id='par_1_68' title="bbox 543 3465 2127 3537">
     <span class='ocr_line' id='line_1_68' title="bbox 543 3465 2127 3537; baseline 0.006 -20"><span class='ocrx_word' id='word_1_453' title='bbox 543 3467 864 3521; x_wconf 86' lang='lat' dir='ltr'><strong>missurum.</strong></span> <span class='ocrx_word' id='word_1_454' title='bbox 919 3465 1060 3521; x_wconf 83' lang='lat' dir='ltr'><strong>Tum</strong></span> <span class='ocrx_word' id='word_1_455' title='bbox 1135 3474 1325 3537; x_wconf 88' lang='lat' dir='ltr'><strong>portas</strong></span> <span class='ocrx_word' id='word_1_456' title='bbox 1403 3470 1614 3525; x_wconf 86' lang='lat' dir='ltr'><strong>castelli</strong></span> <span class='ocrx_word' id='word_1_457' title='bbox 1676 3471 1823 3526; x_wconf 86' lang='lat' dir='ltr'><strong>intus</strong></span> <span class='ocrx_word' id='word_1_458' title='bbox 1880 3472 2127 3528; x_wconf 75' lang='lat' dir='ltr'><strong>vectibus</strong></span> 
     </span>
    </p>
   </div>
   <div class='ocr_carea' id='block_1_69' title="bbox 547 3559 2124 3636">
    <p class='ocr_par' dir='ltr' id='par_1_69' title="bbox 547 3559 2124 3636">
     <span class='ocr_line' id='line_1_69' title="bbox 547 3559 2124 3636; baseline 0.005 -24"><span class='ocrx_word' id='word_1_459' title='bbox 547 3559 885 3622; x_wconf 87' lang='lat' dir='ltr'><strong>munientes,</strong></span> <span class='ocrx_word' id='word_1_460' title='bbox 928 3574 956 3613; x_wconf 90' lang='lat' dir='ltr'><strong>a</strong></span> <span class='ocrx_word' id='word_1_461' title='bbox 991 3559 1300 3629; x_wconf 87' lang='lat' dir='ltr'><strong>pinnacnlis</strong></span> <span class='ocrx_word' id='word_1_462' title='bbox 1335 3562 1468 3629; x_wconf 85' lang='lat' dir='ltr'><strong>quid</strong></span> <span class='ocrx_word' id='word_1_463' title='bbox 1502 3564 1872 3628; x_wconf 80' lang='lat' dir='ltr'><strong>convenisset,</strong></span> <span class='ocrx_word' id='word_1_464' title='bbox 1916 3566 2124 3636; x_wconf 71' lang='lat' dir='ltr'><strong>signiﬁ-</strong></span> 
     </span>
    </p>
   </div>
   <div class='ocr_carea' id='block_1_70' title="bbox 547 3655 2128 3726">
    <p class='ocr_par' dir='ltr' id='par_1_70' title="bbox 547 3655 2128 3726">
     <span class='ocr_line' id='line_1_70' title="bbox 547 3655 2128 3726; baseline 0.004 -17"><span class='ocrx_word' id='word_1_465' title='bbox 547 3664 711 3709; x_wconf 84' lang='lat' dir='ltr'><strong>cant:</strong></span> <span class='ocrx_word' id='word_1_466' title='bbox 749 3656 952 3725; x_wconf 89' lang='lat' dir='ltr'><strong>quibus</strong></span> <span class='ocrx_word' id='word_1_467' title='bbox 971 3655 1288 3726; x_wconf 81' lang='lat' dir='ltr'><strong>&#39;imperator</strong></span> <span class='ocrx_word' id='word_1_468' title='bbox 1326 3659 1567 3726; x_wconf 79' lang='lat' dir='ltr'><strong>graviter</strong></span> <span class='ocrx_word' id='word_1_469' title='bbox 1607 3675 1752 3722; x_wconf 83' lang='lat' dir='ltr'><strong>mox,</strong></span> <span class='ocrx_word' id='word_1_470' title='bbox 1784 3669 1841 3715; x_wconf 87' lang='lat' dir='ltr'><strong>ut</strong></span> <span class='ocrx_word' id='word_1_471' title='bbox 1878 3661 2128 3716; x_wconf 84' lang='lat' dir='ltr'><strong>deserto-</strong></span> 
     </span>
    </p>
   </div>
   <div class='ocr_carea' id='block_1_71' title="bbox 548 3751 2123 3824">
    <p class='ocr_par' dir='ltr' id='par_1_71' title="bbox 548 3751 2123 3824">
     <span class='ocr_line' id='line_1_71' title="bbox 548 3751 2123 3824; baseline 0.006 -24"><span class='ocrx_word' id='word_1_472' title='bbox 548 3751 701 3805; x_wconf 82' lang='lat' dir='ltr'><strong>ribus</strong></span> <span class='ocrx_word' id='word_1_473' title='bbox 725 3765 1080 3813; x_wconf 79' lang='lat' dir='ltr'><strong>succensens,</strong></span> <span class='ocrx_word' id='word_1_474' title='bbox 1110 3767 1209 3821; x_wconf 89' lang='lat' dir='ltr'><strong>pro</strong></span> <span class='ocrx_word' id='word_1_475' title='bbox 1233 3751 1431 3807; x_wconf 83' lang='lat' dir='ltr'><strong>merito</strong></span> <span class='ocrx_word' id='word_1_476' title='bbox 1460 3761 1639 3807; x_wconf 89' lang='lat' dir='ltr'><strong>tamen</strong></span> <span class='ocrx_word' id='word_1_477' title='bbox 1666 3770 1762 3810; x_wconf 89' lang='lat' dir='ltr'><strong>eos</strong></span> <span class='ocrx_word' id='word_1_478' title='bbox 1786 3754 1981 3824; x_wconf 88' lang='lat' dir='ltr'><strong>punire</strong></span> <span class='ocrx_word' id='word_1_479' title='bbox 2017 3771 2123 3810; x_wconf 91' lang='lat' dir='ltr'><strong>non</strong></span> 
     </span>
    </p>
   </div>
   <div class='ocr_carea' id='block_1_72' title="bbox 550 3842 2124 3916">
    <p class='ocr_par' dir='ltr' id='par_1_72' title="bbox 550 3842 2124 3916">
     <span class='ocr_line' id='line_1_72' title="bbox 550 3842 2124 3916; baseline 0.004 -19"><span class='ocrx_word' id='word_1_480' title='bbox 550 3851 785 3912; x_wconf 80' lang='lat' dir='ltr'><strong>poterat.</strong></span> <span class='ocrx_word' id='word_1_481' title='bbox 820 3842 958 3898; x_wconf 89' lang='lat' dir='ltr'><strong>Cum</strong></span> <span class='ocrx_word' id='word_1_482' title='bbox 993 3857 1156 3913; x_wconf 82' lang='lat' dir='ltr'><strong>agere</strong></span> <span class='ocrx_word' id='word_1_483' title='bbox 1182 3859 1290 3911; x_wconf 84' lang='lat' dir='ltr'><strong>pro</strong></span> <span class='ocrx_word' id='word_1_484' title='bbox 1332 3859 1390 3899; x_wconf 88' lang='lat' dir='ltr'><strong>re</strong></span> <span class='ocrx_word' id='word_1_485' title='bbox 1412 3845 1550 3899; x_wconf 87' lang='lat' dir='ltr'><strong>nihil</strong></span> <span class='ocrx_word' id='word_1_486' title='bbox 1585 3855 1791 3916; x_wconf 83' lang='lat' dir='ltr'><strong>posset,</strong></span> <span class='ocrx_word' id='word_1_487' title='bbox 1820 3857 1878 3902; x_wconf 86' lang='lat' dir='ltr'><strong>et</strong></span> <span class='ocrx_word' id='word_1_488' title='bbox 1911 3861 2124 3903; x_wconf 89' lang='lat' dir='ltr'><strong>summa</strong></span> 
     </span>
    </p>
   </div>
   <div class='ocr_carea' id='block_1_73' title="bbox 548 3935 2127 4010">
    <p class='ocr_par' dir='ltr' id='par_1_73' title="bbox 548 3935 2127 4010">
     <span class='ocr_line' id='line_1_73' title="bbox 548 3935 2127 4010; baseline 0.003 -18"><span class='ocrx_word' id='word_1_489' title='bbox 548 3936 764 3992; x_wconf 85' lang='lat' dir='ltr'><strong>consilii</strong></span> <span class='ocrx_word' id='word_1_490' title='bbox 817 3936 1002 4006; x_wconf 89' lang='lat' dir='ltr'><strong>inopia</strong></span> <span class='ocrx_word' id='word_1_491' title='bbox 1059 3935 1498 4001; x_wconf 80' lang='lat' dir='ltr'><strong>conﬂictaretur,</strong></span> <span class='ocrx_word' id='word_1_492' title='bbox 1540 3939 1703 4010; x_wconf 81' lang='lat' dir='ltr'><strong>jussit</strong></span> <span class='ocrx_word' id='word_1_493' title='bbox 1748 3954 1940 3996; x_wconf 83' lang='lat' dir='ltr'><strong>omnes</strong></span> <span class='ocrx_word' id='word_1_494' title='bbox 1996 3955 2127 3996; x_wconf 91' lang='lat' dir='ltr'><strong>cum</strong></span> 
     </span>
    </p>
   </div>
   <div class='ocr_carea' id='block_1_74' title="bbox 548 4030 2126 4105">
    <p class='ocr_par' dir='ltr' id='par_1_74' title="bbox 548 4030 2126 4105">
     <span class='ocr_line' id='line_1_74' title="bbox 548 4030 2126 4105; baseline 0.003 -19"><span class='ocrx_word' id='word_1_495' title='bbox 548 4033 688 4089; x_wconf 88' lang='lat' dir='ltr'><strong>duce</strong></span> <span class='ocrx_word' id='word_1_496' title='bbox 751 4045 922 4086; x_wconf 90' lang='lat' dir='ltr'><strong>unum</strong></span> <span class='ocrx_word' id='word_1_497' title='bbox 958 4030 1012 4084; x_wconf 85' lang='lat' dir='ltr'><strong>in</strong></span> <span class='ocrx_word' id='word_1_498' title='bbox 1067 4031 1247 4086; x_wconf 80' lang='lat' dir='ltr'><strong>locum</strong></span> <span class='ocrx_word' id='word_1_499' title='bbox 1297 4046 1356 4086; x_wconf 91' lang='lat' dir='ltr'><strong>se</strong></span> <span class='ocrx_word' id='word_1_500' title='bbox 1391 4032 1662 4087; x_wconf 79' lang='lat' dir='ltr'><strong>conferre.</strong></span> <span class='ocrx_word' id='word_1_501' title='bbox 1719 4037 1797 4089; x_wconf 82' lang='lat' dir='ltr'><strong>Ac</strong></span> <span class='ocrx_word' id='word_1_502' title='bbox 1853 4035 2126 4105; x_wconf 87' lang='lat' dir='ltr'><strong>principio</strong></span> 
     </span>
    </p>
   </div>
   <div class='ocr_carea' id='block_1_75' title="bbox 548 4122 2127 4193">
    <p class='ocr_par' dir='ltr' id='par_1_75' title="bbox 548 4122 2127 4193">
     <span class='ocr_line' id='line_1_75' title="bbox 548 4122 2127 4193; baseline 0.003 -16"><span class='ocrx_word' id='word_1_503' title='bbox 548 4124 774 4193; x_wconf 81' lang='lat' dir='ltr'><strong>qtddcm</strong></span> <span class='ocrx_word' id='word_1_504' title='bbox 812 4124 999 4193; x_wconf 89' lang='lat' dir='ltr'><strong>lingua</strong></span> <span class='ocrx_word' id='word_1_505' title='bbox 1030 4123 1240 4186; x_wconf 72' lang='lat' dir='ltr'><strong>Italica,</strong></span> <span class='ocrx_word' id='word_1_506' title='bbox 1269 4122 1322 4176; x_wconf 90' lang='lat' dir='ltr'><strong>in</strong></span> <span class='ocrx_word' id='word_1_507' title='bbox 1350 4137 1459 4192; x_wconf 91' lang='lat' dir='ltr'><strong>qua</strong></span> <span class='ocrx_word' id='word_1_508' title='bbox 1491 4132 1610 4178; x_wconf 90' lang='lat' dir='ltr'><strong>erat</strong></span> <span class='ocrx_word' id='word_1_509' title='bbox 1651 4139 1762 4179; x_wconf 89' lang='lat' dir='ltr'><strong>non</strong></span> <span class='ocrx_word' id='word_1_510' title='bbox 1811 4127 1950 4181; x_wconf 89' lang='lat' dir='ltr'><strong>male</strong></span> <span class='ocrx_word' id='word_1_511' title='bbox 1967 4143 2127 4184; x_wconf 79' lang='lat' dir='ltr'><strong>exer-</strong></span> 
     </span>
    </p>
   </div>
   <div class='ocr_carea' id='block_1_76' title="bbox 549 4215 2127 4289">
    <p class='ocr_par' dir='ltr' id='par_1_76' title="bbox 549 4215 2127 4289">
     <span class='ocr_line' id='line_1_76' title="bbox 549 4215 2127 4289; baseline 0.001 -18"><span class='ocrx_word' id='word_1_512' title='bbox 549 4217 776 4275; x_wconf 84' lang='lat' dir='ltr'><strong>citatus.</strong></span> <span class='ocrx_word' id='word_1_513' title='bbox 799 4229 893 4270; x_wconf 86' lang='lat' dir='ltr'><strong>eos</strong></span> <span class='ocrx_word' id='word_1_514' title='bbox 921 4223 1314 4286; x_wconf 82' lang='lat' dir='ltr'><strong>percunctatus</strong></span> <span class='ocrx_word' id='word_1_515' title='bbox 1354 4225 1459 4277; x_wconf 89' lang='lat' dir='ltr'><strong>est,</strong></span> <span class='ocrx_word' id='word_1_516' title='bbox 1496 4215 1695 4285; x_wconf 85' lang='lat' dir='ltr'><strong>ecquid</strong></span> <span class='ocrx_word' id='word_1_517' title='bbox 1745 4217 1922 4286; x_wconf 84' lang='lat' dir='ltr'><strong>ipsum</strong></span> <span class='ocrx_word' id='word_1_518' title='bbox 1955 4234 2127 4289; x_wconf 80' lang='lat' dir='ltr'><strong>agno-</strong></span> 
     </span>
    </p>
   </div>
   <div class='ocr_carea' id='block_1_77' title="bbox 549 4305 2124 4377">
    <p class='ocr_par' dir='ltr' id='par_1_77' title="bbox 549 4305 2124 4377">
     <span class='ocr_line' id='line_1_77' title="bbox 549 4305 2124 4377; baseline 0.003 -15"><span class='ocrx_word' id='word_1_519' title='bbox 549 4317 789 4365; x_wconf 85' lang='lat' dir='ltr'><strong>scerent.</strong></span> <span class='ocrx_word' id='word_1_520' title='bbox 823 4305 1330 4376; x_wconf 81' lang='lat' dir='ltr'><strong>Respondentibus,</strong></span> <span class='ocrx_word' id='word_1_521' title='bbox 1361 4305 1550 4371; x_wconf 89' lang='lat' dir='ltr'><strong>etiam,</strong></span> <span class='ocrx_word' id='word_1_522' title='bbox 1583 4322 1704 4362; x_wconf 89' lang='lat' dir='ltr'><strong>esse</strong></span> <span class='ocrx_word' id='word_1_523' title='bbox 1739 4307 2124 4377; x_wconf 85' lang='lat' dir='ltr'><strong>imperatorem</strong></span> 
     </span>
    </p>
   </div>
   <div class='ocr_carea' id='block_1_78' title="bbox 547 4397 2128 4468">
    <p class='ocr_par' dir='ltr' id='par_1_78' title="bbox 547 4397 2128 4468">
     <span class='ocr_line' id='line_1_78' title="bbox 547 4397 2128 4468; baseline 0.004 -16"><span class='ocrx_word' id='word_1_524' title='bbox 547 4414 613 4455; x_wconf 83' lang='lat' dir='ltr'><strong>ac</strong></span> <span class='ocrx_word' id='word_1_525' title='bbox 659 4399 946 4453; x_wconf 88' lang='lat' dir='ltr'><strong>dominum</strong></span> <span class='ocrx_word' id='word_1_526' title='bbox 1004 4412 1204 4464; x_wconf 86' lang='lat' dir='ltr'><strong>suum,</strong></span> <span class='ocrx_word' id='word_1_527' title='bbox 1243 4397 1436 4467; x_wconf 85' lang='lat' dir='ltr'><strong>Igitur,</strong></span> <span class='ocrx_word' id='word_1_528' title='bbox 1483 4399 1716 4468; x_wconf 87' lang='lat' dir='ltr'><strong>subjecit</strong></span> <span class='ocrx_word' id='word_1_529' title='bbox 1748 4437 1764 4468; x_wconf 95' lang='lat'><strong>._</strong></span> <span class='ocrx_word' id='word_1_530' title='bbox 1813 4401 1856 4454; x_wconf 88' lang='lat' dir='ltr'><strong>si</strong></span> <span class='ocrx_word' id='word_1_531' title='bbox 1911 4402 2128 4458; x_wconf 84' lang='lat' dir='ltr'><strong>tradere</strong></span> 
     </span>
    </p>
   </div>
   <div class='ocr_carea' id='block_1_79' title="bbox 450 4465 2203 4563">
    <p class='ocr_par' dir='ltr' id='par_1_79' title="bbox 450 4465 2203 4563">
     <span class='ocr_line' id='line_1_79' title="bbox 450 4465 2203 4563; baseline -0.002 -17"><span class='ocrx_word' id='word_1_532' title='bbox 450 4560 451 4563; x_wconf 19' lang='grc' dir='ltr'><strong>η</strong></span> <span class='ocrx_word' id='word_1_533' title='bbox 549 4489 958 4561; x_wconf 84' lang='lat' dir='ltr'><strong>propugnacula</strong></span> <span class='ocrx_word' id='word_1_534' title='bbox 1032 4465 1342 4555; x_wconf 81' lang='lat' dir='ltr'><strong>nolueritis,</strong></span> <span class='ocrx_word' id='word_1_535' title='bbox 1396 4492 1489 4546; x_wconf 87' lang='lat' dir='ltr'><strong>sed</strong></span> <span class='ocrx_word' id='word_1_536' title='bbox 1558 4465 1954 4563; x_wconf 33' lang='lat' dir='ltr'><strong>seniclyrupta</strong></span> <span class='ocrx_word' id='word_1_537' title='bbox 2021 4494 2126 4550; x_wconf 84' lang='lat' dir='ltr'><strong>fide</strong></span> <span class='ocrx_word' id='word_1_538' title='bbox 2160 4489 2203 4543; x_wconf 90' lang='lat' dir='ltr'><strong>D</strong></span> 
     </span>
    </p>
   </div>
   <div class='ocr_carea' id='block_1_80' title="bbox 549 4580 2126 4654">
    <p class='ocr_par' dir='ltr' id='par_1_80' title="bbox 549 4580 2126 4654">
     <span class='ocr_line' id='line_1_80' title="bbox 549 4580 2126 4654; baseline 0.003 -17"><span class='ocrx_word' id='word_1_539' title='bbox 549 4583 824 4639; x_wconf 85' lang='lat' dir='ltr'><strong>hostiliter</strong></span> <span class='ocrx_word' id='word_1_540' title='bbox 850 4581 986 4636; x_wconf 89' lang='lat' dir='ltr'><strong>mihi</strong></span> <span class='ocrx_word' id='word_1_541' title='bbox 1036 4580 1316 4636; x_wconf 84' lang='lat' dir='ltr'><strong>adversari</strong></span> <span class='ocrx_word' id='word_1_542' title='bbox 1352 4582 1645 4648; x_wconf 88' lang='lat' dir='ltr'><strong>statuistis,</strong></span> <span class='ocrx_word' id='word_1_543' title='bbox 1667 4599 1778 4654; x_wconf 90' lang='lat' dir='ltr'><strong>quo</strong></span> <span class='ocrx_word' id='word_1_544' title='bbox 1805 4595 1966 4654; x_wconf 88' lang='lat' dir='ltr'><strong>pacto</strong></span> <span class='ocrx_word' id='word_1_545' title='bbox 2006 4601 2126 4641; x_wconf 83' lang='lat' dir='ltr'><strong>sce-</strong></span> 
     </span>
    </p>
   </div>
   <div class='ocr_carea' id='block_1_81' title="bbox 547 4676 2123 4744">
    <p class='ocr_par' dir='ltr' id='par_1_81' title="bbox 547 4676 2123 4744">
     <span class='ocr_line' id='line_1_81' title="bbox 547 4676 2123 4744; baseline 0.003 -13"><span class='ocrx_word' id='word_1_546' title='bbox 547 4679 634 4731; x_wconf 86' lang='lat' dir='ltr'><strong>lus</strong></span> <span class='ocrx_word' id='word_1_547' title='bbox 666 4684 910 4732; x_wconf 73' lang='lat' dir='ltr'><strong>vcslrum</strong></span> <span class='ocrx_word' id='word_1_548' title='bbox 937 4676 1186 4744; x_wconf 89' lang='lat' dir='ltr'><strong>puniam,</strong></span> <span class='ocrx_word' id='word_1_549' title='bbox 1209 4685 1395 4744; x_wconf 89' lang='lat' dir='ltr'><strong>postea</strong></span> <span class='ocrx_word' id='word_1_550' title='bbox 1414 4676 1760 4731; x_wconf 85' lang='lat' dir='ltr'><strong>commodius</strong></span> <span class='ocrx_word' id='word_1_551' title='bbox 1785 4676 2123 4735; x_wconf 85' lang='lat' dir='ltr'><strong>deliberabo.</strong></span> 
     </span>
    </p>
   </div>
   <div class='ocr_carea' id='block_1_82' title="bbox 546 4766 2129 4839">
    <p class='ocr_par' dir='ltr' id='par_1_82' title="bbox 546 4766 2129 4839">
     <span class='ocr_line' id='line_1_82' title="bbox 546 4766 2129 4839; baseline 0.001 -17"><span class='ocrx_word' id='word_1_552' title='bbox 546 4769 703 4822; x_wconf 89' lang='lat' dir='ltr'><strong>Nunc</strong></span> <span class='ocrx_word' id='word_1_553' title='bbox 731 4767 946 4820; x_wconf 88' lang='lat' dir='ltr'><strong>litteras</strong></span> <span class='ocrx_word' id='word_1_554' title='bbox 1000 4766 1183 4821; x_wconf 84' lang='lat' dir='ltr'><strong>statim</strong></span> <span class='ocrx_word' id='word_1_555' title='bbox 1215 4766 1280 4820; x_wconf 89' lang='lat' dir='ltr'><strong>ad</strong></span> <span class='ocrx_word' id='word_1_556' title='bbox 1309 4767 1558 4836; x_wconf 79' lang='lat' dir='ltr'><strong>regulum</strong></span> <span class='ocrx_word' id='word_1_557' title='bbox 1613 4768 1844 4832; x_wconf 85' lang='lat' dir='ltr'><strong>telluris,</strong></span> <span class='ocrx_word' id='word_1_558' title='bbox 1879 4785 2004 4839; x_wconf 68' lang='lat' dir='ltr'><strong>qua:</strong></span> <span class='ocrx_word' id='word_1_559' title='bbox 2033 4786 2129 4823; x_wconf 84' lang='lat' dir='ltr'><strong>vos</strong></span> 
     </span>
    </p>
   </div>
   <div class='ocr_carea' id='block_1_83' title="bbox 548 4858 2127 4931">
    <p class='ocr_par' dir='ltr' id='par_1_83' title="bbox 548 4858 2127 4931">
     <span class='ocr_line' id='line_1_83' title="bbox 548 4858 2127 4931; baseline 0.002 -19"><span class='ocrx_word' id='word_1_560' title='bbox 548 4861 694 4921; x_wconf 83' lang='lat' dir='ltr'><strong>tulit.</strong></span> <span class='ocrx_word' id='word_1_561' title='bbox 729 4861 962 4922; x_wconf 83' lang='lat' dir='ltr'><strong>mittam;</strong></span> <span class='ocrx_word' id='word_1_562' title='bbox 1001 4858 1202 4928; x_wconf 85' lang='lat' dir='ltr'><strong>quibus</strong></span> <span class='ocrx_word' id='word_1_563' title='bbox 1230 4858 1478 4926; x_wconf 88' lang='lat' dir='ltr'><strong>doceam,</strong></span> <span class='ocrx_word' id='word_1_564' title='bbox 1545 4874 1644 4914; x_wconf 78' lang='lat' dir='ltr'><strong>vos</strong></span> <span class='ocrx_word' id='word_1_565' title='bbox 1671 4869 1726 4913; x_wconf 87' lang='lat' dir='ltr'><strong>et</strong></span> <span class='ocrx_word' id='word_1_566' title='bbox 1763 4877 2127 4931; x_wconf 88' lang='lat' dir='ltr'><strong>unumquem-</strong></span> 
     </span>
    </p>
   </div>
   <div class='ocr_carea' id='block_1_84' title="bbox 547 4951 2129 5029">
    <p class='ocr_par' dir='ltr' id='par_1_84' title="bbox 547 4951 2129 5029">
     <span class='ocr_line' id='line_1_84' title="bbox 547 4951 2129 5029; baseline 0.001 -23"><span class='ocrx_word' id='word_1_567' title='bbox 547 4970 654 5023; x_wconf 88' lang='lat' dir='ltr'><strong>que</strong></span> <span class='ocrx_word' id='word_1_568' title='bbox 677 4953 1021 5014; x_wconf 83' lang='lat' dir='ltr'><strong>nominatim,</strong></span> <span class='ocrx_word' id='word_1_569' title='bbox 1051 4951 1463 5029; x_wconf 81' lang='lat' dir='ltr'><strong>perlidissimos,</strong></span> <span class='ocrx_word' id='word_1_570' title='bbox 1489 4952 1993 5022; x_wconf 85' lang='lat' dir='ltr'><strong>depravatissimos,</strong></span> <span class='ocrx_word' id='word_1_571' title='bbox 2029 4969 2129 5008; x_wconf 83' lang='lat' dir='ltr'><strong>nec</strong></span> 
     </span>
    </p>
   </div>
   <div class='ocr_carea' id='block_1_85' title="bbox 545 5045 2126 5117">
    <p class='ocr_par' dir='ltr' id='par_1_85' title="bbox 545 5045 2126 5117">
     <span class='ocr_line' id='line_1_85' title="bbox 545 5045 2126 5117; baseline 0.003 -19"><span class='ocrx_word' id='word_1_572' title='bbox 545 5048 748 5102; x_wconf 81' lang='lat' dir='ltr'><strong>vitiosa</strong></span> <span class='ocrx_word' id='word_1_573' title='bbox 786 5062 929 5101; x_wconf 84' lang='lat' dir='ltr'><strong>nuce</strong></span> <span class='ocrx_word' id='word_1_574' title='bbox 958 5045 1155 5115; x_wconf 85' lang='lat' dir='ltr'><strong>dignos</strong></span> <span class='ocrx_word' id='word_1_575' title='bbox 1185 5059 1348 5100; x_wconf 87' lang='lat' dir='ltr'><strong>esse:</strong></span> <span class='ocrx_word' id='word_1_576' title='bbox 1384 5047 1512 5115; x_wconf 84' lang='lat' dir='ltr'><strong>quia</strong></span> <span class='ocrx_word' id='word_1_577' title='bbox 1546 5062 1670 5101; x_wconf 90' lang='lat' dir='ltr'><strong>cum</strong></span> <span class='ocrx_word' id='word_1_578' title='bbox 1706 5063 1804 5117; x_wconf 80' lang='lat' dir='ltr'><strong>ego</strong></span> <span class='ocrx_word' id='word_1_579' title='bbox 1836 5047 2126 5102; x_wconf 84' lang='lat' dir='ltr'><strong>castellum</strong></span> 
     </span>
    </p>
   </div>
   <div class='ocr_carea' id='block_1_86' title="bbox 548 5139 2127 5209">
    <p class='ocr_par' dir='ltr' id='par_1_86' title="bbox 548 5139 2127 5209">
     <span class='ocr_line' id='line_1_86' title="bbox 548 5139 2127 5209; baseline -0.001 -13"><span class='ocrx_word' id='word_1_580' title='bbox 548 5139 914 5200; x_wconf 87' lang='lat' dir='ltr'><strong>tradidissem,</strong></span> <span class='ocrx_word' id='word_1_581' title='bbox 940 5153 1270 5208; x_wconf 82' lang='lat' dir='ltr'><strong>magnosque</strong></span> <span class='ocrx_word' id='word_1_582' title='bbox 1293 5148 1546 5208; x_wconf 83' lang='lat' dir='ltr'><strong>sumptus</strong></span> <span class='ocrx_word' id='word_1_583' title='bbox 1583 5139 1635 5193; x_wconf 92' lang='lat' dir='ltr'><strong>in</strong></span> <span class='ocrx_word' id='word_1_584' title='bbox 1657 5139 1926 5209; x_wconf 86' lang='lat' dir='ltr'><strong>stipendia</strong></span> <span class='ocrx_word' id='word_1_585' title='bbox 1949 5151 2127 5196; x_wconf 82' lang='lat' dir='ltr'><strong>vestra</strong></span> 
     </span>
    </p>
   </div>
   <div class='ocr_carea' id='block_1_87' title="bbox 546 5231 2129 5302">
    <p class='ocr_par' dir='ltr' id='par_1_87' title="bbox 546 5231 2129 5302">
     <span class='ocr_line' id='line_1_87' title="bbox 546 5231 2129 5302; baseline 0 -15"><span class='ocrx_word' id='word_1_586' title='bbox 546 5233 832 5295; x_wconf 78' lang='lat' dir='ltr'><strong>fecissem,</strong></span> <span class='ocrx_word' id='word_1_587' title='bbox 867 5243 922 5286; x_wconf 89' lang='lat' dir='ltr'><strong>et</strong></span> <span class='ocrx_word' id='word_1_588' title='bbox 948 5231 1086 5286; x_wconf 89' lang='lat' dir='ltr'><strong>nihil</strong></span> <span class='ocrx_word' id='word_1_589' title='bbox 1124 5246 1362 5301; x_wconf 82' lang='lat' dir='ltr'><strong>unquam</strong></span> <span class='ocrx_word' id='word_1_590' title='bbox 1404 5246 1504 5285; x_wconf 81' lang='lat' dir='ltr'><strong>vos</strong></span> <span class='ocrx_word' id='word_1_591' title='bbox 1525 5231 2034 5302; x_wconf 78' lang='lat' dir='ltr'><strong>oﬂ&#39;endissém,ipsi</strong></span> <span class='ocrx_word' id='word_1_592' title='bbox 2061 5249 2129 5287; x_wconf 87' lang='lat' dir='ltr'><strong>co</strong></span> 
     </span>
    </p>
   </div>
   <div class='ocr_carea' id='block_1_88' title="bbox 551 5324 2128 5395">
    <p class='ocr_par' dir='ltr' id='par_1_88' title="bbox 551 5324 2128 5395">
     <span class='ocr_line' id='line_1_88' title="bbox 551 5324 2128 5395; baseline -0.001 -15"><span class='ocrx_word' id='word_1_593' title='bbox 551 5341 640 5384; x_wconf 85' lang='lat' dir='ltr'><strong>me</strong></span> <span class='ocrx_word' id='word_1_594' title='bbox 669 5327 725 5379; x_wconf 91' lang='lat' dir='ltr'><strong>in</strong></span> <span class='ocrx_word' id='word_1_595' title='bbox 779 5339 992 5378; x_wconf 89' lang='lat' dir='ltr'><strong>summa</strong></span> <span class='ocrx_word' id='word_1_596' title='bbox 1022 5324 1353 5378; x_wconf 82' lang='lat' dir='ltr'><strong>necessitate</strong></span> <span class='ocrx_word' id='word_1_597' title='bbox 1384 5338 1520 5378; x_wconf 86' lang='lat' dir='ltr'><strong>mea</strong></span> <span class='ocrx_word' id='word_1_598' title='bbox 1551 5337 1647 5391; x_wconf 87' lang='lat' dir='ltr'><strong>per</strong></span> <span class='ocrx_word' id='word_1_599' title='bbox 1693 5324 1801 5378; x_wconf 81' lang='lat' dir='ltr'><strong>vim</strong></span> <span class='ocrx_word' id='word_1_600' title='bbox 1833 5336 1890 5380; x_wconf 92' lang='lat' dir='ltr'><strong>et</strong></span> <span class='ocrx_word' id='word_1_601' title='bbox 1922 5325 2128 5395; x_wconf 86' lang='lat' dir='ltr'><strong>iniqui-</strong></span> 
     </span>
    </p>
   </div>
   <div class='ocr_carea' id='block_1_89' title="bbox 550 5415 2128 5479">
    <p class='ocr_par' dir='ltr' id='par_1_89' title="bbox 550 5415 2128 5479">
     <span class='ocr_line' id='line_1_89' title="bbox 550 5415 2128 5479; baseline -0.001 -4"><span class='ocrx_word' id='word_1_602' title='bbox 550 5429 720 5474; x_wconf 85' lang='lat' dir='ltr'><strong>tatem</strong></span> <span class='ocrx_word' id='word_1_603' title='bbox 774 5418 1125 5473; x_wconf 87' lang='lat' dir='ltr'><strong>concorditer</strong></span> <span class='ocrx_word' id='word_1_604' title='bbox 1176 5415 1588 5479; x_wconf 79' lang='lat' dir='ltr'><strong>fraudareritis,</strong></span> <span class='ocrx_word' id='word_1_605' title='bbox 1641 5425 1698 5468; x_wconf 89' lang='lat' dir='ltr'><strong>ut</strong></span> <span class='ocrx_word' id='word_1_606' title='bbox 1748 5416 1892 5471; x_wconf 84' lang='lat' dir='ltr'><strong>inter</strong></span> <span class='ocrx_word' id='word_1_607' title='bbox 1936 5433 2128 5473; x_wconf 88' lang='lat' dir='ltr'><strong>omnes</strong></span> 
     </span>
    </p>
   </div>
   <div class='ocr_carea' id='block_1_90' title="bbox 549 5506 2124 5575">
    <p class='ocr_par' dir='ltr' id='par_1_90' title="bbox 549 5506 2124 5575">
     <span class='ocr_line' id='line_1_90' title="bbox 549 5506 2124 5575; baseline -0.003 -10"><span class='ocrx_word' id='word_1_608' title='bbox 549 5510 815 5566; x_wconf 82' lang='lat' dir='ltr'><strong>mortales</strong></span> <span class='ocrx_word' id='word_1_609' title='bbox 879 5510 1112 5562; x_wconf 86' lang='lat' dir='ltr'><strong>infames</strong></span> <span class='ocrx_word' id='word_1_610' title='bbox 1179 5508 1345 5570; x_wconf 83' lang='lat' dir='ltr'><strong>sitis,.</strong></span> <span class='ocrx_word' id='word_1_611' title='bbox 1385 5521 1551 5560; x_wconf 89' lang='lat' dir='ltr'><strong>nemo</strong></span> <span class='ocrx_word' id='word_1_612' title='bbox 1609 5506 1767 5561; x_wconf 78' lang='lat' dir='ltr'><strong>vobis</strong></span> <span class='ocrx_word' id='word_1_613' title='bbox 1825 5507 2124 5575; x_wconf 85' lang='lat' dir='ltr'><strong>quidquam</strong></span> 
     </span>
    </p>
   </div>
   <div class='ocr_carea' id='block_1_91' title="bbox 547 5601 2126 5667">
    <p class='ocr_par' dir='ltr' id='par_1_91' title="bbox 547 5601 2126 5667">
     <span class='ocr_line' id='line_1_91' title="bbox 547 5601 2126 5667; baseline -0.003 -9"><span class='ocrx_word' id='word_1_614' title='bbox 547 5603 760 5666; x_wconf 88' lang='lat' dir='ltr'><strong>credat,</strong></span> <span class='ocrx_word' id='word_1_615' title='bbox 855 5617 1048 5657; x_wconf 87' lang='lat' dir='ltr'><strong>omnes</strong></span> <span class='ocrx_word' id='word_1_616' title='bbox 1119 5615 1148 5653; x_wconf 87' lang='lat' dir='ltr'><strong>a</strong></span> <span class='ocrx_word' id='word_1_617' title='bbox 1216 5609 1552 5667; x_wconf 89' lang='lat' dir='ltr'><strong>conspectu,</strong></span> <span class='ocrx_word' id='word_1_618' title='bbox 1606 5607 1661 5653; x_wconf 88' lang='lat' dir='ltr'><strong>et</strong></span> <span class='ocrx_word' id='word_1_619' title='bbox 1737 5601 2126 5655; x_wconf 86' lang='lat' dir='ltr'><strong>communione</strong></span> 
     </span>
    </p>
   </div>
   <div class='ocr_carea' id='block_1_92' title="bbox 545 5690 2121 5763">
    <p class='ocr_par' dir='ltr' id='par_1_92' title="bbox 545 5690 2121 5763">
     <span class='ocr_line' id='line_1_92' title="bbox 545 5690 2121 5763; baseline -0.003 -13"><span class='ocrx_word' id='word_1_620' title='bbox 545 5709 728 5751; x_wconf 66' lang='lat' dir='ltr'><strong>vestra</strong></span> <span class='ocrx_word' id='word_1_621' title='bbox 761 5695 1056 5762; x_wconf 76' lang='lat' dir='ltr'><strong>refugiant.</strong></span> <span class='ocrx_word' id='word_1_622' title='bbox 1081 5693 1252 5763; x_wconf 74' lang='lat'><strong>876</strong></span> <span class='ocrx_word' id='word_1_623' title='bbox 1285 5690 1409 5745; x_wconf 69' lang='lat' dir='ltr'><strong>Haec</strong></span> <span class='ocrx_word' id='word_1_624' title='bbox 1450 5691 1517 5745; x_wconf 89' lang='lat' dir='ltr'><strong>ad</strong></span> <span class='ocrx_word' id='word_1_625' title='bbox 1549 5691 1776 5748; x_wconf 84' lang='lat' dir='ltr'><strong>Latinos</strong></span> <span class='ocrx_word' id='word_1_626' title='bbox 1801 5695 2121 5760; x_wconf 81' lang='lat' dir='ltr'><strong>imperator,</strong></span> 
     </span>
    </p>
   </div>
   <div class='ocr_carea' id='block_1_93' title="bbox 549 5783 2124 5861">
    <p class='ocr_par' dir='ltr' id='par_1_93' title="bbox 549 5783 2124 5861">
     <span class='ocr_line' id='line_1_93' title="bbox 549 5783 2124 5861; baseline -0.004 -16"><span class='ocrx_word' id='word_1_627' title='bbox 549 5791 645 5861; x_wconf 84' lang='lat' dir='ltr'><strong>qui</strong></span> <span class='ocrx_word' id='word_1_628' title='bbox 684 5791 736 5845; x_wconf 90' lang='lat' dir='ltr'><strong>in</strong></span> <span class='ocrx_word' id='word_1_629' title='bbox 772 5787 1006 5843; x_wconf 75' lang='lat' dir='ltr'><strong>maxime</strong></span> <span class='ocrx_word' id='word_1_630' title='bbox 1042 5794 1376 5841; x_wconf 88' lang='lat' dir='ltr'><strong>nocumento</strong></span> <span class='ocrx_word' id='word_1_631' title='bbox 1411 5793 1699 5854; x_wconf 84' lang='lat' dir='ltr'><strong>ponentes,</strong></span> <span class='ocrx_word' id='word_1_632' title='bbox 1741 5783 1961 5841; x_wconf 87' lang='lat' dir='ltr'><strong>sibimet</strong></span> <span class='ocrx_word' id='word_1_633' title='bbox 1998 5799 2124 5857; x_wconf 86' lang='lat' dir='ltr'><strong>per-</strong></span> 
     </span>
    </p>
   </div>
   <div class='ocr_carea' id='block_1_94' title="bbox 2232 3288 3803 3377">
    <p class='ocr_par' dir='ltr' id='par_1_94' title="bbox 2232 3288 3803 3377">
     <span class='ocr_line' id='line_1_94' title="bbox 2232 3288 3803 3377; baseline -0.008 -19"><span class='ocrx_word' id='word_1_634' title='bbox 2232 3303 2459 3358; x_wconf 85' lang='grc' dir='ltr'>στασίαν</span> <span class='ocrx_word' id='word_1_635' title='bbox 2523 3303 2876 3373; x_wconf 76' lang='grc' dir='ltr'>ὲννοήσαντες</span> <span class='ocrx_word' id='word_1_636' title='bbox 2921 3299 3086 3353; x_wconf 80' lang='grc' dir='ltr'>αὐτοῦ</span> <span class='ocrx_word' id='word_1_637' title='bbox 3134 3297 3361 3352; x_wconf 79' lang='grc' dir='ltr'>τοιαῦτα</span> <span class='ocrx_word' id='word_1_638' title='bbox 3413 3297 3649 3377; x_wconf 82' lang='grc' dir='ltr'>εἴλοντο,</span> <span class='ocrx_word' id='word_1_639' title='bbox 3688 3288 3803 3347; x_wconf 81' lang='grc' dir='ltr'>ἀλλ’</span> 
     </span>
    </p>
   </div>
   <div class='ocr_carea' id='block_1_95' title="bbox 2231 3383 3801 3463">
    <p class='ocr_par' dir='ltr' id='par_1_95' title="bbox 2231 3383 3801 3463">
     <span class='ocr_line' id='line_1_95' title="bbox 2231 3383 3801 3463; baseline -0.01 -17"><span class='ocrx_word' id='word_1_640' title='bbox 2231 3389 2381 3463; x_wconf 83' lang='grc' dir='ltr'>αὑτῷ</span> <span class='ocrx_word' id='word_1_641' title='bbox 2424 3407 2485 3443; x_wconf 78' lang='grc' dir='ltr'><strong>τε</strong></span> <span class='ocrx_word' id='word_1_642' title='bbox 2534 3389 2772 3459; x_wconf 80' lang='grc' dir='ltr'>πρῶτον,</span> <span class='ocrx_word' id='word_1_643' title='bbox 2827 3387 3018 3441; x_wconf 75' lang='grc' dir='ltr'>ἔπειτα</span> <span class='ocrx_word' id='word_1_644' title='bbox 3066 3388 3160 3440; x_wconf 84' lang='grc' dir='ltr'>καὶ</span> <span class='ocrx_word' id='word_1_645' title='bbox 3191 3387 3410 3450; x_wconf 75' lang='grc' dir='ltr'>ἑαυτοῖς</span> <span class='ocrx_word' id='word_1_646' title='bbox 3437 3388 3506 3440; x_wconf 77' lang='grc' dir='ltr'>τὰ</span> <span class='ocrx_word' id='word_1_647' title='bbox 3531 3383 3801 3456; x_wconf 77' lang='grc' dir='ltr'>κράτιστα</span> 
     </span>
    </p>
   </div>
   <div class='ocr_carea' id='block_1_96' title="bbox 2231 3473 3802 3555">
    <p class='ocr_par' dir='ltr' id='par_1_96' title="bbox 2231 3473 3802 3555">
     <span class='ocr_line' id='line_1_96' title="bbox 2231 3473 3802 3555; baseline -0.008 -17"><span class='ocrx_word' id='word_1_648' title='bbox 2231 3483 2665 3555; x_wconf 77' lang='grc' dir='ltr'>βεϐουλευμένοι.</span> <span class='ocrx_word' id='word_1_649' title='bbox 2724 3482 2919 3554; x_wconf 80' lang='grc' dir='ltr'>’ῼοντο</span> <span class='ocrx_word' id='word_1_650' title='bbox 2967 3480 3074 3550; x_wconf 79' lang='grc' dir='ltr'><strong>γὰρ</strong></span> <span class='ocrx_word' id='word_1_651' title='bbox 3122 3479 3286 3534; x_wconf 60' lang='grc' dir='ltr'>αὐτὸν</span> <span class='ocrx_word' id='word_1_652' title='bbox 3340 3479 3554 3549; x_wconf 76' lang='grc' dir='ltr'>ἀ·.άγκῃ</span> <span class='ocrx_word' id='word_1_653' title='bbox 3601 3476 3667 3532; x_wconf 73' lang='grc' dir='ltr'>τὸ</span> <span class='ocrx_word' id='word_1_654' title='bbox 3711 3473 3802 3526; x_wconf 81' lang='grc' dir='ltr'><strong>νῦν</strong></span> 
     </span>
    </p>
   </div>
   <div class='ocr_carea' id='block_1_97' title="bbox 2229 3566 3800 3651">
    <p class='ocr_par' dir='ltr' id='par_1_97' title="bbox 2229 3566 3800 3651">
     <span class='ocr_line' id='line_1_97' title="bbox 2229 3566 3800 3651; baseline -0.01 -18"><span class='ocrx_word' id='word_1_655' title='bbox 2229 3580 2355 3651; x_wconf 74' lang='grc' dir='ltr'>ἔχον</span> <span class='ocrx_word' id='word_1_656' title='bbox 2385 3578 2748 3648; x_wconf 84' lang='grc' dir='ltr'>παραδιδόντα</span> <span class='ocrx_word' id='word_1_657' title='bbox 2775 3576 2851 3647; x_wconf 81' lang='grc' dir='ltr'>τῷ</span> <span class='ocrx_word' id='word_1_658' title='bbox 2879 3593 2949 3641; x_wconf 87' lang='grc' dir='ltr'><strong>γα</strong></span> <span class='ocrx_word' id='word_1_659' title='bbox 2960 3575 3116 3645; x_wconf 68' lang='grc' dir='ltr'>μεριξ)</span> <span class='ocrx_word' id='word_1_660' title='bbox 3138 3573 3368 3642; x_wconf 75' lang='grc' dir='ltr'>ὓστερον</span> <span class='ocrx_word' id='word_1_661' title='bbox 3392 3573 3581 3635; x_wconf 78' lang='grc' dir='ltr'>αὐτοῖς</span> <span class='ocrx_word' id='word_1_662' title='bbox 3599 3566 3800 3636; x_wconf 76' lang='grc' dir='ltr'>πολλὴν</span> 
     </span>
    </p>
   </div>
   <div class='ocr_carea' id='block_1_98' title="bbox 2230 3665 3799 3743">
    <p class='ocr_par' dir='ltr' id='par_1_98' title="bbox 2230 3665 3799 3743">
     <span class='ocr_line' id='line_1_98' title="bbox 2230 3665 3799 3743; baseline -0.006 -18"><span class='ocrx_word' id='word_1_663' title='bbox 2230 3672 2468 3743; x_wconf 81' lang='grc' dir='ltr'>εἰδήσειν</span> <span class='ocrx_word' id='word_1_664' title='bbox 2497 3669 2685 3741; x_wconf 89' lang='grc' dir='ltr'>χάριν,</span> <span class='ocrx_word' id='word_1_665' title='bbox 2711 3670 2806 3722; x_wconf 77' lang='grc' dir='ltr'>καὶ</span> <span class='ocrx_word' id='word_1_666' title='bbox 2833 3667 3161 3739; x_wconf 72' lang='grc' dir='ltr'>ἀμείψεσθαι</span> <span class='ocrx_word' id='word_1_667' title='bbox 3185 3666 3410 3729; x_wconf 87' lang='grc' dir='ltr'>πολλαῖς</span> <span class='ocrx_word' id='word_1_668' title='bbox 3432 3665 3799 3735; x_wconf 76' lang='grc' dir='ltr'>εὐεργεσίαις,</span> 
     </span>
    </p>
   </div>
   <div class='ocr_carea' id='block_1_99' title="bbox 2228 3752 3798 3833">
    <p class='ocr_par' dir='ltr' id='par_1_99' title="bbox 2228 3752 3798 3833">
     <span class='ocr_line' id='line_1_99' title="bbox 2228 3752 3798 3833; baseline -0.01 -15"><span class='ocrx_word' id='word_1_669' title='bbox 2228 3766 2311 3818; x_wconf 83' lang='grc' dir='ltr'>ὅτι</span> <span class='ocrx_word' id='word_1_670' title='bbox 2342 3766 2442 3833; x_wconf 74' lang='grc' dir='ltr'>τῆς</span> <span class='ocrx_word' id='word_1_671' title='bbox 2490 3763 2571 3824; x_wconf 78' lang='grc' dir='ltr'><strong>είς</strong></span> <span class='ocrx_word' id='word_1_672' title='bbox 2631 3763 2791 3814; x_wconf 79' lang='grc' dir='ltr'>αὑτὸν</span> <span class='ocrx_word' id='word_1_673' title='bbox 2838 3761 3002 3814; x_wconf 72' lang='grc' dir='ltr'>ἕνεκα</span> <span class='ocrx_word' id='word_1_674' title='bbox 3054 3759 3288 3824; x_wconf 77' lang='grc' dir='ltr'>εὐνοίας,</span> <span class='ocrx_word' id='word_1_675' title='bbox 3343 3761 3435 3811; x_wconf 81' lang='grc' dir='ltr'>καὶ</span> <span class='ocrx_word' id='word_1_676' title='bbox 3487 3757 3719 3819; x_wconf 72' lang='grc' dir='ltr'>ἄκοντος</span> <span class='ocrx_word' id='word_1_677' title='bbox 3743 3752 3798 3804; x_wconf 82' lang='grc' dir='ltr'><strong>τδ</strong></span> 
     </span>
    </p>
   </div>
   <div class='ocr_carea' id='block_1_100' title="bbox 2227 3845 3799 3924">
    <p class='ocr_par' dir='ltr' id='par_1_100' title="bbox 2227 3845 3799 3924">
     <span class='ocr_line' id='line_1_100' title="bbox 2227 3845 3799 3924; baseline -0.008 -15"><span class='ocrx_word' id='word_1_678' title='bbox 2227 3856 2406 3911; x_wconf 81' lang='grc' dir='ltr'>δοκεῖν</span> <span class='ocrx_word' id='word_1_679' title='bbox 2438 3855 2507 3908; x_wconf 75' lang='grc' dir='ltr'><strong>τὰ</strong></span> <span class='ocrx_word' id='word_1_680' title='bbox 2561 3853 2798 3924; x_wconf 78' lang='grc' dir='ltr'>μάλιστα</span> <span class='ocrx_word' id='word_1_681' title='bbox 2837 3847 3226 3915; x_wconf 78' lang='grc' dir='ltr'>λυσιτελοῦντα</span> <span class='ocrx_word' id='word_1_682' title='bbox 3280 3848 3545 3920; x_wconf 76' lang='grc' dir='ltr'>ἔπραξαν.</span> <span class='ocrx_word' id='word_1_683' title='bbox 3591 3850 3657 3902; x_wconf 86' lang='grc' dir='ltr'>Ὀ</span> <span class='ocrx_word' id='word_1_684' title='bbox 3703 3845 3799 3915; x_wconf 78' lang='grc' dir='ltr'>μὲν</span> 
     </span>
    </p>
   </div>
   <div class='ocr_carea' id='block_1_101' title="bbox 2227 3933 3798 4001">
    <p class='ocr_par' dir='ltr' id='par_1_101' title="bbox 2227 3933 3798 4001">
     <span class='ocr_line' id='line_1_101' title="bbox 2227 3933 3798 4001; baseline -0.01 -1"><span class='ocrx_word' id='word_1_685' title='bbox 2227 3943 2322 4001; x_wconf 80' lang='grc' dir='ltr'>οὖν</span> <span class='ocrx_word' id='word_1_686' title='bbox 2351 3944 2583 4000; x_wconf 85' lang='grc' dir='ltr'>τοιαῦτα</span> <span class='ocrx_word' id='word_1_687' title='bbox 2616 3942 3019 3998; x_wconf 75' lang='grc' dir='ltr'>συνεϐούλευεν.</span> <span class='ocrx_word' id='word_1_688' title='bbox 3053 3941 3263 3994; x_wconf 75' lang='grc' dir='ltr'>Αὐτίκα</span> <span class='ocrx_word' id='word_1_689' title='bbox 3310 3939 3368 3992; x_wconf 75' lang='grc' dir='ltr'>δὲ</span> <span class='ocrx_word' id='word_1_690' title='bbox 3421 3937 3706 3993; x_wconf 68' lang='grc' dir='ltr'>ἐπείθοντο</span> <span class='ocrx_word' id='word_1_691' title='bbox 3752 3933 3798 3987; x_wconf 80' lang='lat' dir='ltr'><strong>oi</strong></span> 
     </span>
    </p>
   </div>
   <div class='ocr_carea' id='block_1_102' title="bbox 2229 4019 3799 4108">
    <p class='ocr_par' dir='ltr' id='par_1_102' title="bbox 2229 4019 3799 4108">
     <span class='ocr_line' id='line_1_102' title="bbox 2229 4019 3799 4108; baseline -0.009 -13"><span class='ocrx_word' id='word_1_692' title='bbox 2229 4019 2421 4095; x_wconf 58' lang='grc' dir='ltr'>ᾶλλοιέ</span> <span class='ocrx_word' id='word_1_693' title='bbox 2476 4038 2678 4108; x_wconf 75' lang='grc' dir='ltr'>ᾔδεσαν</span> <span class='ocrx_word' id='word_1_694' title='bbox 2726 4036 2836 4105; x_wconf 84' lang='grc' dir='ltr'>γὰρ</span> <span class='ocrx_word' id='word_1_695' title='bbox 2888 4035 3055 4089; x_wconf 76' lang='grc' dir='ltr'>αὐτὸν</span> <span class='ocrx_word' id='word_1_696' title='bbox 3098 4034 3209 4086; x_wconf 84' lang='grc' dir='ltr'>τῶν</span> <span class='ocrx_word' id='word_1_697' title='bbox 3268 4033 3611 4086; x_wconf 81' lang='grc' dir='ltr'>πιστοτάτων</span> <span class='ocrx_word' id='word_1_698' title='bbox 3673 4029 3799 4082; x_wconf 71' lang='grc' dir='ltr'>ὄντα</span> 
     </span>
    </p>
   </div>
   <div class='ocr_carea' id='block_1_103' title="bbox 2231 4118 3796 4208">
    <p class='ocr_par' dir='ltr' id='par_1_103' title="bbox 2231 4118 3796 4208">
     <span class='ocr_line' id='line_1_103' title="bbox 2231 4118 3796 4208; baseline -0.009 -25"><span class='ocrx_word' id='word_1_699' title='bbox 2231 4129 2458 4184; x_wconf 78' lang='grc' dir='ltr'>οἰκετῶν</span> <span class='ocrx_word' id='word_1_700' title='bbox 2485 4127 2563 4198; x_wconf 83' lang='grc' dir='ltr'>τῷ</span> <span class='ocrx_word' id='word_1_701' title='bbox 2604 4126 2837 4198; x_wconf 78' lang='grc' dir='ltr'>βασιλεῖ,</span> <span class='ocrx_word' id='word_1_702' title='bbox 2873 4127 2967 4180; x_wconf 82' lang='grc' dir='ltr'>καὶ</span> <span class='ocrx_word' id='word_1_703' title='bbox 3000 4124 3102 4177; x_wconf 81' lang='grc' dir='ltr'>οὐκ</span> <span class='ocrx_word' id='word_1_704' title='bbox 3146 4124 3210 4180; x_wconf 73' lang='grc' dir='ltr'>ἄν</span> <span class='ocrx_word' id='word_1_705' title='bbox 3256 4139 3310 4177; x_wconf 83' lang='grc' dir='ltr'><strong>τι</strong></span> <span class='ocrx_word' id='word_1_706' title='bbox 3363 4123 3470 4177; x_wconf 84' lang='grc' dir='ltr'><strong>τῶν</strong></span> <span class='ocrx_word' id='word_1_707' title='bbox 3525 4122 3602 4192; x_wconf 78' lang='grc' dir='ltr'>μὴ</span> <span class='ocrx_word' id='word_1_708' title='bbox 3663 4118 3796 4208; x_wconf 68' lang='grc' dir='ltr'>κατα</span> 
     </span>
    </p>
   </div>
   <div class='ocr_carea' id='block_1_104' title="bbox 2229 4211 3797 4291">
    <p class='ocr_par' dir='ltr' id='par_1_104' title="bbox 2229 4211 3797 4291">
     <span class='ocr_line' id='line_1_104' title="bbox 2229 4211 3797 4291; baseline -0.003 -18"><span class='ocrx_word' id='word_1_709' title='bbox 2229 4218 2458 4291; x_wconf 84' lang='grc' dir='ltr'>γνώμην</span> <span class='ocrx_word' id='word_1_710' title='bbox 2481 4218 2755 4288; x_wconf 73' lang='grc' dir='ltr'>πράξοντα</span> <span class='ocrx_word' id='word_1_711' title='bbox 2777 4213 2988 4284; x_wconf 73' lang='grc' dir='ltr'>ἐκείνῳ.</span> <span class='ocrx_word' id='word_1_712' title='bbox 3017 4215 3127 4268; x_wconf 74' lang='grc' dir='ltr'><strong>Καὶ</strong></span> <span class='ocrx_word' id='word_1_713' title='bbox 3145 4213 3242 4277; x_wconf 79' lang='grc' dir='ltr'>τὰς</span> <span class='ocrx_word' id='word_1_714' title='bbox 3265 4211 3360 4268; x_wconf 89' lang='grc' dir='ltr'><strong>τοῦ</strong></span> <span class='ocrx_word' id='word_1_715' title='bbox 3384 4212 3596 4280; x_wconf 82' lang='grc' dir='ltr'>πύργου</span> <span class='ocrx_word' id='word_1_716' title='bbox 3624 4211 3797 4268; x_wconf 77' lang='grc' dir='ltr'>πύλας</span> 
     </span>
    </p>
   </div>
   <div class='ocr_carea' id='block_1_105' title="bbox 2229 4304 3796 4378">
    <p class='ocr_par' dir='ltr' id='par_1_105' title="bbox 2229 4304 3796 4378">
     <span class='ocr_line' id='line_1_105' title="bbox 2229 4304 3796 4378; baseline -0.009 -12"><span class='ocrx_word' id='word_1_717' title='bbox 2229 4311 2444 4366; x_wconf 70' lang='grc' dir='ltr'>ἔνδοθεν</span> <span class='ocrx_word' id='word_1_718' title='bbox 2479 4309 2879 4378; x_wconf 77' lang='grc' dir='ltr'>ἀσφαλίσαντες</span> <span class='ocrx_word' id='word_1_719' title='bbox 2906 4306 3142 4377; x_wconf 65' lang='grc' dir='ltr'>μοχλοῖς,</span> <span class='ocrx_word' id='word_1_720' title='bbox 3167 4304 3390 4376; x_wconf 73' lang='grc' dir='ltr'>ἐδήλουν</span> <span class='ocrx_word' id='word_1_721' title='bbox 3408 4305 3476 4357; x_wconf 78' lang='grc' dir='ltr'>τὰ</span> <span class='ocrx_word' id='word_1_722' title='bbox 3500 4304 3796 4374; x_wconf 80' lang='grc' dir='ltr'>δεδογμένα</span> 
     </span>
    </p>
   </div>
   <div class='ocr_carea' id='block_1_106' title="bbox 2231 4397 3796 4469">
    <p class='ocr_par' dir='ltr' id='par_1_106' title="bbox 2231 4397 3796 4469">
     <span class='ocr_line' id='line_1_106' title="bbox 2231 4397 3796 4469; baseline -0.008 -11"><span class='ocrx_word' id='word_1_723' title='bbox 2231 4404 2340 4458; x_wconf 80' lang='grc' dir='ltr'>ἀπὸ</span> <span class='ocrx_word' id='word_1_724' title='bbox 2365 4403 2475 4456; x_wconf 80' lang='grc' dir='ltr'>τῶν</span> <span class='ocrx_word' id='word_1_725' title='bbox 2494 4399 2798 4466; x_wconf 74' lang='grc' dir='ltr'>ἐπάλξεων.</span> <span class='ocrx_word' id='word_1_726' title='bbox 2823 4399 3088 4464; x_wconf 77' lang='grc' dir='ltr'>Βασιλεὺς</span> <span class='ocrx_word' id='word_1_727' title='bbox 3112 4397 3169 4453; x_wconf 78' lang='grc' dir='ltr'>δὲ</span> <span class='ocrx_word' id='word_1_728' title='bbox 3191 4399 3457 4469; x_wconf 74' lang='grc' dir='ltr'>ἐξήπτετο</span> <span class='ocrx_word' id='word_1_729' title='bbox 3480 4398 3578 4465; x_wconf 78' lang='grc' dir='ltr'>μὲν</span> <span class='ocrx_word' id='word_1_730' title='bbox 3602 4397 3796 4450; x_wconf 81' lang='grc' dir='ltr'>αὐτίκα</span> 
     </span>
    </p>
   </div>
   <div class='ocr_carea' id='block_1_107' title="bbox 2231 4477 3807 4568">
    <p class='ocr_par' dir='ltr' id='par_1_107' title="bbox 2231 4477 3807 4568">
     <span class='ocr_line' id='line_1_107' title="bbox 2231 4477 3807 4568; baseline -0.007 -17"><span class='ocrx_word' id='word_1_731' title='bbox 2231 4497 2308 4568; x_wconf 79' lang='grc' dir='ltr'><strong>τῷ</strong></span> <span class='ocrx_word' id='word_1_732' title='bbox 2335 4495 2512 4568; x_wconf 83' lang='grc' dir='ltr'>θυμῷ,</span> <span class='ocrx_word' id='word_1_733' title='bbox 2543 4496 2638 4548; x_wconf 72' lang='grc' dir='ltr'>καὶ</span> <span class='ocrx_word' id='word_1_734' title='bbox 2668 4493 2735 4547; x_wconf 85' lang='grc' dir='ltr'><strong>δι’</strong></span> <span class='ocrx_word' id='word_1_735' title='bbox 2759 4495 2929 4563; x_wconf 79' lang='grc' dir='ltr'>ὀργῆς</span> <span class='ocrx_word' id='word_1_736' title='bbox 2957 4491 3155 4556; x_wconf 76' lang='grc' dir='ltr'>αὐτοὺς</span> <span class='ocrx_word' id='word_1_737' title='bbox 3184 4485 3296 4561; x_wconf 69' lang='grc' dir='ltr'>εἶχε</span> <span class='ocrx_word' id='word_1_738' title='bbox 3329 4494 3427 4560; x_wconf 79' lang='grc' dir='ltr'>τῆς</span> <span class='ocrx_word' id='word_1_739' title='bbox 3459 4477 3807 4550; x_wconf 62' lang='grc' dir='ltr'>ἀποστασίσέ</span> 
     </span>
    </p>
   </div>
   <div class='ocr_carea' id='block_1_108' title="bbox 2230 4582 3793 4657">
    <p class='ocr_par' dir='ltr' id='par_1_108' title="bbox 2230 4582 3793 4657">
     <span class='ocr_line' id='line_1_108' title="bbox 2230 4582 3793 4657; baseline -0.005 -15"><span class='ocrx_word' id='word_1_740' title='bbox 2230 4590 2431 4643; x_wconf 75' lang='grc' dir='ltr'><strong>ἕνεκα⁹</strong></span> <span class='ocrx_word' id='word_1_741' title='bbox 2492 4587 2756 4657; x_wconf 83' lang='grc' dir='ltr'>πράττειν</span> <span class='ocrx_word' id='word_1_742' title='bbox 2808 4586 2867 4638; x_wconf 78' lang='grc' dir='ltr'>δὲ</span> <span class='ocrx_word' id='word_1_743' title='bbox 2916 4583 3068 4652; x_wconf 77' lang='grc' dir='ltr'>οὐδὲν</span> <span class='ocrx_word' id='word_1_744' title='bbox 3120 4582 3340 4637; x_wconf 71' lang='grc' dir='ltr'>ἐδύνατο</span> <span class='ocrx_word' id='word_1_745' title='bbox 3387 4583 3496 4635; x_wconf 87' lang='grc' dir='ltr'>τῶν</span> <span class='ocrx_word' id='word_1_746' title='bbox 3549 4583 3793 4636; x_wconf 77' lang='grc' dir='ltr'>δεόντων.</span> 
     </span>
    </p>
   </div>
   <div class='ocr_carea' id='block_1_109' title="bbox 2233 4673 3794 4746">
    <p class='ocr_par' dir='ltr' id='par_1_109' title="bbox 2233 4673 3794 4746">
     <span class='ocr_line' id='line_1_109' title="bbox 2233 4673 3794 4746; baseline -0.008 -12"><span class='ocrx_word' id='word_1_747' title='bbox 2233 4678 2506 4734; x_wconf 83' lang='grc' dir='ltr'>Πάντοθεν</span> <span class='ocrx_word' id='word_1_748' title='bbox 2556 4678 2615 4731; x_wconf 77' lang='grc' dir='ltr'>δὲ</span> <span class='ocrx_word' id='word_1_749' title='bbox 2664 4675 2950 4746; x_wconf 73' lang='grc' dir='ltr'>ἀμηχανίᾳ</span> <span class='ocrx_word' id='word_1_750' title='bbox 3010 4673 3382 4746; x_wconf 80' lang='grc' dir='ltr'>περισχεθεὶς,</span> <span class='ocrx_word' id='word_1_751' title='bbox 3431 4674 3697 4737; x_wconf 84' lang='grc' dir='ltr'>κελεύσας</span> <span class='ocrx_word' id='word_1_752' title='bbox 3740 4673 3794 4724; x_wconf 69' lang='lat' dir='ltr'><strong>tv</strong></span> 
     </span>
    </p>
   </div>
   <div class='ocr_carea' id='block_1_110' title="bbox 2230 4765 3795 4840">
    <p class='ocr_par' dir='ltr' id='par_1_110' title="bbox 2230 4765 3795 4840">
     <span class='ocr_line' id='line_1_110' title="bbox 2230 4765 3795 4840; baseline -0.005 -15"><span class='ocrx_word' id='word_1_753' title='bbox 2230 4771 2420 4839; x_wconf 80' lang='grc' dir='ltr'>ταυτῷ</span> <span class='ocrx_word' id='word_1_754' title='bbox 2458 4769 2716 4840; x_wconf 81' lang='grc' dir='ltr'>γενέσθαι</span> <span class='ocrx_word' id='word_1_755' title='bbox 2751 4769 2962 4831; x_wconf 68' lang='grc' dir='ltr'>πάντας</span> <span class='ocrx_word' id='word_1_756' title='bbox 3009 4768 3126 4838; x_wconf 74' lang='grc' dir='ltr'>ἅμα</span> <span class='ocrx_word' id='word_1_757' title='bbox 3165 4769 3415 4838; x_wconf 81' lang='grc' dir='ltr'>ἡγεμόνι,</span> <span class='ocrx_word' id='word_1_758' title='bbox 3462 4767 3659 4837; x_wconf 84' lang='grc' dir='ltr'>πρῶτα</span> <span class='ocrx_word' id='word_1_759' title='bbox 3704 4765 3795 4836; x_wconf 79' lang='grc' dir='ltr'>μὲν</span> 
     </span>
    </p>
   </div>
   <div class='ocr_carea' id='block_1_111' title="bbox 2232 4856 3794 4934">
    <p class='ocr_par' dir='ltr' id='par_1_111' title="bbox 2232 4856 3794 4934">
     <span class='ocr_line' id='line_1_111' title="bbox 2232 4856 3794 4934; baseline -0.007 -17"><span class='ocrx_word' id='word_1_760' title='bbox 2232 4862 2423 4934; x_wconf 72' lang='grc' dir='ltr'>ἠρώτα</span> <span class='ocrx_word' id='word_1_761' title='bbox 2455 4864 2522 4932; x_wconf 73' lang='grc' dir='ltr'><strong>τῇ</strong></span> <span class='ocrx_word' id='word_1_762' title='bbox 2566 4861 2817 4916; x_wconf 86' lang='grc' dir='ltr'>Λατίνων</span> <span class='ocrx_word' id='word_1_763' title='bbox 2851 4859 3138 4930; x_wconf 80' lang='grc' dir='ltr'>διαλέκτῳ,</span> <span class='ocrx_word' id='word_1_764' title='bbox 3175 4858 3445 4929; x_wconf 78' lang='grc' dir='ltr'>ἐξήσκητο</span> <span class='ocrx_word' id='word_1_765' title='bbox 3486 4858 3596 4929; x_wconf 82' lang='grc' dir='ltr'>γὰρ</span> <span class='ocrx_word' id='word_1_766' title='bbox 3633 4856 3794 4927; x_wconf 77' lang='grc' dir='ltr'>αὐτὴν</span> 
     </span>
    </p>
   </div>
   <div class='ocr_carea' id='block_1_112' title="bbox 2235 4950 3794 5021">
    <p class='ocr_par' dir='ltr' id='par_1_112' title="bbox 2235 4950 3794 5021">
     <span class='ocr_line' id='line_1_112' title="bbox 2235 4950 3794 5021; baseline -0.009 -9"><span class='ocrx_word' id='word_1_767' title='bbox 2235 4956 2436 5020; x_wconf 84' lang='grc' dir='ltr'>καλῶς,</span> <span class='ocrx_word' id='word_1_768' title='bbox 2497 4956 2544 5007; x_wconf 86' lang='grc' dir='ltr'><strong>εί</strong></span> <span class='ocrx_word' id='word_1_769' title='bbox 2594 4953 2755 5009; x_wconf 83' lang='grc' dir='ltr'>αὑτὸν</span> <span class='ocrx_word' id='word_1_770' title='bbox 2796 4951 3237 5020; x_wconf 77' lang='grc' dir='ltr'>ἐπιγινώσκοιεν.</span> <span class='ocrx_word' id='word_1_771' title='bbox 3279 4950 3402 5004; x_wconf 83' lang='grc' dir='ltr'><strong>Τῶν</strong></span> <span class='ocrx_word' id='word_1_772' title='bbox 3436 4951 3497 5004; x_wconf 75' lang='grc' dir='ltr'>δὲ</span> <span class='ocrx_word' id='word_1_773' title='bbox 3544 4954 3794 5021; x_wconf 77' lang='grc' dir='ltr'>φαμένων</span> 
     </span>
    </p>
   </div>
   <div class='ocr_carea' id='block_1_113' title="bbox 2232 5041 3786 5123">
    <p class='ocr_par' dir='ltr' id='par_1_113' title="bbox 2232 5041 3786 5123">
     <span class='ocr_line' id='line_1_113' title="bbox 2232 5041 3786 5123; baseline -0.005 -22"><span class='ocrx_word' id='word_1_774' title='bbox 2232 5049 2449 5103; x_wconf 73' lang='grc' dir='ltr'>πάντων</span> <span class='ocrx_word' id='word_1_775' title='bbox 2483 5043 2624 5099; x_wconf 77' lang='grc' dir='ltr'>εἶναι</span> <span class='ocrx_word' id='word_1_776' title='bbox 2660 5043 2908 5123; x_wconf 58' lang='grc' dir='ltr'>βασιλέα,</span> <span class='ocrx_word' id='word_1_777' title='bbox 2945 5047 3036 5096; x_wconf 68' lang='grc' dir='ltr'>καὶ</span> <span class='ocrx_word' id='word_1_778' title='bbox 3052 5043 3317 5113; x_wconf 84' lang='grc' dir='ltr'>δεσπότην</span> <span class='ocrx_word' id='word_1_779' title='bbox 3353 5041 3524 5111; x_wconf 83' lang='grc' dir='ltr'>σφῶν,</span> <span class='ocrx_word' id='word_1_780' title='bbox 3562 5042 3786 5104; x_wconf 83' lang='grc' dir='ltr'>Οὐκοῦν,</span> 
     </span>
    </p>
   </div>
   <div class='ocr_carea' id='block_1_114' title="bbox 2231 5131 3791 5212">
    <p class='ocr_par' dir='ltr' id='par_1_114' title="bbox 2231 5131 3791 5212">
     <span class='ocr_line' id='line_1_114' title="bbox 2231 5131 3791 5212; baseline -0.008 -19"><span class='ocrx_word' id='word_1_781' title='bbox 2231 5140 2359 5212; x_wconf 74' lang='grc' dir='ltr'>ἔφη,</span> <span class='ocrx_word' id='word_1_782' title='bbox 2398 5139 2446 5191; x_wconf 73' lang='grc' dir='ltr'><strong>τί</strong></span> <span class='ocrx_word' id='word_1_783' title='bbox 2483 5137 2559 5208; x_wconf 81' lang='grc' dir='ltr'>μὴ</span> <span class='ocrx_word' id='word_1_784' title='bbox 2595 5137 2654 5190; x_wconf 82' lang='grc' dir='ltr'>τὸ</span> <span class='ocrx_word' id='word_1_785' title='bbox 2701 5137 2961 5207; x_wconf 84' lang='grc' dir='ltr'>φρούριον</span> <span class='ocrx_word' id='word_1_786' title='bbox 3001 5135 3220 5206; x_wconf 71' lang='grc' dir='ltr'>ἐθέλητε</span> <span class='ocrx_word' id='word_1_787' title='bbox 3257 5134 3630 5204; x_wconf 87' lang='grc' dir='ltr'>παραδιδόναι,</span> <span class='ocrx_word' id='word_1_788' title='bbox 3667 5131 3791 5188; x_wconf 77' lang='grc' dir='ltr'>ἀλλὰ</span> 
     </span>
    </p>
   </div>
   <div class='ocr_carea' id='block_1_115' title="bbox 2231 5225 3793 5297">
    <p class='ocr_par' dir='ltr' id='par_1_115' title="bbox 2231 5225 3793 5297">
     <span class='ocr_line' id='line_1_115' title="bbox 2231 5225 3793 5297; baseline -0.006 -11"><span class='ocrx_word' id='word_1_789' title='bbox 2231 5231 2488 5297; x_wconf 79' lang='grc' dir='ltr'>καθάπαξ</span> <span class='ocrx_word' id='word_1_790' title='bbox 2536 5231 2896 5292; x_wconf 79' lang='grc' dir='ltr'>ἀποστάντες,</span> <span class='ocrx_word' id='word_1_791' title='bbox 2941 5228 3144 5295; x_wconf 72' lang='grc' dir='ltr'>ἔγνωτε</span> <span class='ocrx_word' id='word_1_792' title='bbox 3195 5227 3334 5296; x_wconf 75' lang='grc' dir='ltr'>πρὸς</span> <span class='ocrx_word' id='word_1_793' title='bbox 3383 5225 3793 5297; x_wconf 81' lang='grc' dir='ltr'>πόλεμον.ὲμοὶ</span> 
     </span>
    </p>
   </div>
   <div class='ocr_carea' id='block_1_116' title="bbox 2232 5320 3788 5398">
    <p class='ocr_par' dir='ltr' id='par_1_116' title="bbox 2232 5320 3788 5398">
     <span class='ocr_line' id='line_1_116' title="bbox 2232 5320 3788 5398; baseline -0.005 -18"><span class='ocrx_word' id='word_1_794' title='bbox 2232 5328 2450 5398; x_wconf 81' lang='grc' dir='ltr'>χωρεῖν,</span> <span class='ocrx_word' id='word_1_795' title='bbox 2487 5325 2548 5377; x_wconf 85' lang='grc' dir='ltr'>τὸ</span> <span class='ocrx_word' id='word_1_796' title='bbox 2589 5323 2688 5391; x_wconf 86' lang='grc' dir='ltr'>μὲν</span> <span class='ocrx_word' id='word_1_797' title='bbox 2720 5324 2867 5384; x_wconf 67' lang='grc' dir='ltr'>ὅπως</span> <span class='ocrx_word' id='word_1_798' title='bbox 2901 5321 3006 5392; x_wconf 77' lang='grc' dir='ltr'>χρὴ</span> <span class='ocrx_word' id='word_1_799' title='bbox 3034 5321 3132 5390; x_wconf 84' lang='grc' dir='ltr'>τῆς</span> <span class='ocrx_word' id='word_1_800' title='bbox 3163 5321 3382 5382; x_wconf 79' lang='grc' dir='ltr'>ἀδικίας</span> <span class='ocrx_word' id='word_1_801' title='bbox 3414 5320 3788 5392; x_wconf 85' lang='grc' dir='ltr'>τιμωρεῖσθαι,</span> 
     </span>
    </p>
   </div>
   <div class='ocr_carea' id='block_1_117' title="bbox 2233 5407 3793 5489">
    <p class='ocr_par' dir='ltr' id='par_1_117' title="bbox 2233 5407 3793 5489">
     <span class='ocr_line' id='line_1_117' title="bbox 2233 5407 3793 5489; baseline -0.004 -19"><span class='ocrx_word' id='word_1_802' title='bbox 2233 5419 2459 5489; x_wconf 79' lang='grc' dir='ltr'>ὕστερον</span> <span class='ocrx_word' id='word_1_803' title='bbox 2493 5416 2654 5477; x_wconf 75' lang='grc' dir='ltr'>αὐτὸς</span> <span class='ocrx_word' id='word_1_804' title='bbox 2691 5407 3054 5484; x_wconf 81' lang='grc' dir='ltr'>βουλεύσομαι</span> <span class='ocrx_word' id='word_1_805' title='bbox 3095 5413 3276 5476; x_wconf 81' lang='grc' dir='ltr'>καλῶς</span> <span class='ocrx_word' id='word_1_806' title='bbox 3308 5430 3322 5444; x_wconf 89' lang='grc'><strong>·</strong></span> <span class='ocrx_word' id='word_1_807' title='bbox 3357 5413 3419 5465; x_wconf 77' lang='grc' dir='ltr'>τὸ</span> <span class='ocrx_word' id='word_1_808' title='bbox 3448 5412 3508 5467; x_wconf 71' lang='grc' dir='ltr'>δὲ</span> <span class='ocrx_word' id='word_1_809' title='bbox 3551 5413 3648 5468; x_wconf 88' lang='grc' dir='ltr'><strong>νῦν</strong></span> <span class='ocrx_word' id='word_1_810' title='bbox 3679 5413 3793 5482; x_wconf 84' lang='grc' dir='ltr'>ἔχον</span> 
     </span>
    </p>
   </div>
   <div class='ocr_carea' id='block_1_118' title="bbox 2231 5491 3790 5582">
    <p class='ocr_par' dir='ltr' id='par_1_118' title="bbox 2231 5491 3790 5582">
     <span class='ocr_line' id='line_1_118' title="bbox 2231 5491 3790 5582; baseline -0.004 -18"><span class='ocrx_word' id='word_1_811' title='bbox 2231 5511 2532 5582; x_wconf 70' lang='grc' dir='ltr'>γράμματα</span> <span class='ocrx_word' id='word_1_812' title='bbox 2561 5509 2763 5562; x_wconf 77' lang='grc' dir='ltr'>αὐτίκα</span> <span class='ocrx_word' id='word_1_813' title='bbox 2792 5491 2993 5576; x_wconf 72' lang='grc' dir='ltr'>πέμψω</span> <span class='ocrx_word' id='word_1_814' title='bbox 3011 5508 3147 5576; x_wconf 83' lang='grc' dir='ltr'>πρὸς</span> <span class='ocrx_word' id='word_1_815' title='bbox 3180 5507 3270 5558; x_wconf 81' lang='grc' dir='ltr'>τὸν</span> <span class='ocrx_word' id='word_1_816' title='bbox 3286 5506 3431 5578; x_wconf 80' lang='grc' dir='ltr'><strong>ρἧα</strong></span> <span class='ocrx_word' id='word_1_817' title='bbox 3457 5505 3556 5574; x_wconf 83' lang='grc' dir='ltr'><strong>τῆς</strong></span> <span class='ocrx_word' id='word_1_818' title='bbox 3587 5508 3790 5573; x_wconf 78' lang='grc' dir='ltr'>ἐξενεγ-</span> 
     </span>
    </p>
   </div>
   <div class='ocr_carea' id='block_1_119' title="bbox 2234 5597 3791 5669">
    <p class='ocr_par' dir='ltr' id='par_1_119' title="bbox 2234 5597 3791 5669">
     <span class='ocr_line' id='line_1_119' title="bbox 2234 5597 3791 5669; baseline -0.003 -15"><span class='ocrx_word' id='word_1_819' title='bbox 2234 5603 2433 5669; x_wconf 85' lang='grc' dir='ltr'>κούσης</span> <span class='ocrx_word' id='word_1_820' title='bbox 2464 5603 2567 5668; x_wconf 83' lang='grc' dir='ltr'>γῆς</span> <span class='ocrx_word' id='word_1_821' title='bbox 2611 5599 2778 5666; x_wconf 80' lang='grc' dir='ltr'>ὑμᾶς.</span> <span class='ocrx_word' id='word_1_822' title='bbox 2818 5597 3218 5657; x_wconf 60' lang='lat' dir='ltr'><strong>arcturo-admit;</strong></span> <span class='ocrx_word' id='word_1_823' title='bbox 3253 5597 3626 5665; x_wconf 83' lang='grc' dir='ltr'>ἀποφαίνοντα</span> <span class='ocrx_word' id='word_1_824' title='bbox 3656 5597 3791 5667; x_wconf 79' lang='grc' dir='ltr'>ὑμᾶς</span> 
     </span>
    </p>
   </div>
   <div class='ocr_carea' id='block_1_120' title="bbox 2235 5688 3787 5759">
    <p class='ocr_par' dir='ltr' id='par_1_120' title="bbox 2235 5688 3787 5759">
     <span class='ocr_line' id='line_1_120' title="bbox 2235 5688 3787 5759; baseline -0.003 -14"><span class='ocrx_word' id='word_1_825' title='bbox 2235 5693 2472 5746; x_wconf 74' lang='grc' dir='ltr'>ἕκαστον</span> <span class='ocrx_word' id='word_1_826' title='bbox 2504 5690 2790 5758; x_wconf 73' lang='grc' dir='ltr'>ὀνομαστὶ,</span> <span class='ocrx_word' id='word_1_827' title='bbox 2823 5691 2916 5744; x_wconf 79' lang='grc' dir='ltr'>καὶ</span> <span class='ocrx_word' id='word_1_828' title='bbox 2958 5689 3055 5750; x_wconf 75' lang='grc' dir='ltr'>τὰς</span> <span class='ocrx_word' id='word_1_829' title='bbox 3088 5688 3315 5759; x_wconf 81' lang='grc' dir='ltr'>γνώμας</span> <span class='ocrx_word' id='word_1_830' title='bbox 3347 5688 3787 5759; x_wconf 79' lang='grc' dir='ltr'>διεφθαρμένους,</span> 
     </span>
    </p>
   </div>
   <div class='ocr_carea' id='block_1_121' title="bbox 2235 5779 3791 5854">
    <p class='ocr_par' dir='ltr' id='par_1_121' title="bbox 2235 5779 3791 5854">
     <span class='ocr_line' id='line_1_121' title="bbox 2235 5779 3791 5854; baseline 0.001 -18"><span class='ocrx_word' id='word_1_831' title='bbox 2235 5785 2326 5837; x_wconf 69' lang='grc' dir='ltr'>καὶ</span> <span class='ocrx_word' id='word_1_832' title='bbox 2357 5783 2537 5848; x_wconf 80' lang='grc' dir='ltr'>ἀξίους</span> <span class='ocrx_word' id='word_1_833' title='bbox 2570 5782 2803 5849; x_wconf 70' lang='grc' dir='ltr'>οὐδενὸς,</span> <span class='ocrx_word' id='word_1_834' title='bbox 2838 5782 2920 5835; x_wconf 83' lang='grc' dir='ltr'>ὅτι</span> <span class='ocrx_word' id='word_1_835' title='bbox 2951 5783 3010 5834; x_wconf 80' lang='grc' dir='ltr'>τὸ</span> <span class='ocrx_word' id='word_1_836' title='bbox 3039 5780 3303 5854; x_wconf 78' lang='grc' dir='ltr'>φρούριον</span> <span class='ocrx_word' id='word_1_837' title='bbox 3326 5779 3462 5853; x_wconf 73' lang='grc' dir='ltr'>ἐμοῦ</span> <span class='ocrx_word' id='word_1_838' title='bbox 3490 5781 3791 5854; x_wconf 80' lang='grc' dir='ltr'>παραδεδω-</span> 
     </span>
    </p>
   </div>
  </div>
