4062 6282
569 338 679 405 343
1774 338 2101 409 JOANNIS
2139 347 2673 415 CANTACUZENI
3730 361 3829 429 3M

584 457 854 533 χρῆσθαι,
897 458 995 514 καὶ
1027 459 1224 531 μικρῖιν
1289 458 1518 532 ὕστερον
1546 459 1809 517 ἀπολύειν
1867 463 1976 518 τῶν
2004 464 2249 535 δεσμῶν.
2292 466 2510 538 Ἀφῆκα
2532 469 2579 524 δ’
2615 471 2684 525 ἂν
2711 472 2806 526 καὶ
2832 468 2950 538 νῦν,
3002 472 3052 530 εί
3099 473 3175 548 μή
3217 472 3321 546 τὴν
3361 474 3457 530 ἐπὶ
3499 474 3558 532 τὸ
3589 479 3826 550 ’χρῆσθαι

564 554 681 618 τοίς
716 556 1043 627 πράγμασιν
1087 553 1517 625 ἀπερισκέπτως
1565 557 1719 628 παρά
1773 556 1887 612 τῶν
1943 557 2156 612 πολλῶν
2200 554 2531 622 ὑπώπτευον
2597 569 2844 638 γραφήν.
2880 566 3099 639 Μικρὸν
3157 568 3216 622 δέ
3247 569 3473 639 ὕστερον
3498 569 3574 635 ῶς
3603 571 3669 626 ἀν
3717 572 3826 644 μετ’

566 646 857 712 εὐϐουλίας
886 650 983 704 καὶ
1016 649 1302 720 φροντίδος
1328 648 1476 703 δοκῶ
1539 651 1643 721 μέν
1673 653 1861 735 Δπάντα
1925 653 2212 724 πράττειν,
2253 656 2442 727 ἀνήσω
2466 658 2575 712 τῶν
2602 659 2842 734 δεσμῶν.
2876 658 3114 716 Τοιαῦτα
3142 662 3244 731 μὲν
3279 661 3646 729 Παλαιολόγος
3685 663 3712 716 ὁ
3737 665 3828 735 βα-

568 738 752 805 σιλεὺς
779 744 915 814 πρὸς
947 741 1176 813 βασιλέα
1202 741 1296 796 τδν
1327 741 1595 815 κηδεστὴν
1653 731 2028 815 ἐπηγγείλατο
2055 747 2149 801 ἐπὶ
2187 749 2245 801 τὸ
2273 746 2537 805 ἀπολύειν
2572 753 2666 808 τὸν
2701 731 2842 810 υίὸν.

1983 839 2210 898 CAPUT
2249 844 2436 901 XLVI.

570 926 974 1006 Cantacuzenns
1003 929 1066 1006 de
1093 929 1205 1006 ﬁlio
1258 947 1364 984 non
1420 931 1701 1006 exoculan
1730 935 1933 1006 gratias
1993 937 2127 1006 agit.
2166 936 2382 1004 Quanta
2434 943 2489 994 in
2547 943 2908 999 sollicitudine
2960 961 3026 1001 ac
3074 961 3298 1000 vnazrore
3355 945 3628 998 mnborum
3680 961 3829 1000 causa

638 1000 1090 1087 fuerit'frstcludit:
1133 1001 1405 1087 Quantum
1446 1005 1647 1058 sibimet
1686 1000 1999 1077 profuturus
2025 1000 2115 1074 εει,
2171 1000 2223 1063 ξι
2273 1013 2504 1065 vinctum
2564 1015 2843 1069 dimiserit.
2877 1000 3013 1071 Tota
3065 1032 3196 1087 pene
3224 1016 3395 1071 oratio
3427 1033 3485 1070 eo
3510 1025 3732 1086 spectat,
3781 1026 3832 1070 ut

641 1071 880 1124 custodia
919 1069 1202 1125 Matt/usus
1233 1072 1489 1127 soluatur.
1686 1069 1696 1077 ’
1786 1069 1795 1076 ’
2101 1069 2112 1074 ’
2271 1092 2274 1096 ’

635 1163 1058 1219 Cantacuzenus
1090 1164 1176 1220 his
1215 1167 1502 1235 promissis
1532 1167 1878 1231 bctissimus.
1903 1167 2156 1224 Primum

2334 1175 2797 1247 Καντακουζηνὸς
2841 1176 2897 1231 δὲ
2940 1177 2968 1230 ὁ
3015 1175 3295 1247 βασιλεὺς,
3343 1178 3539 1250 ἥδιστα
3569 1178 3831 1243 διατεθεὶς

567 1257 791 1324 quidem
832 1257 1057 1328 (inquit
1091 1259 1158 1314 ad
1199 1264 1511 1333 generum)
1554 1265 1766 1335 amplas
1826 1265 1924 1320 libi
1956 1265 2160 1336 gratias

2268 1263 2406 1336 πρὸς
2435 1266 2537 1332 τάς
2568 1268 2926 1337 ἐπαγγελίας,
2970 1269 3174 1340 Πρῶτα
3205 1269 3328 1341 μὲν,
3368 1264 3490 1322 εἷπε
3522 1270 3660 1342 πρὸς
3689 1270 3835 1341 βασιο

568 1367 689 1420 ago,
735 1349 884 1421 quod
929 1368 1249 1422 quanquam
1303 1356 1496 1412 multis
1557 1358 1924 1416 suadentibus
1967 1369 2024 1415 et
2060 1361 2162 1416 im-

569 1445 929 1512 pellentibus,
975 1455 1036 1500 ut
1073 1446 1247 1501 ﬁlium
1280 1463 1466 1504 meum
1500 1453 1678 1506 oculis
1717 1453 1969 1518 orbares,
2001 1462 2058 1508 et
2102 1454 2158 1510 in

570 1538 624 1592 id
671 1540 1015 1608 argumentis
1051 1539 1118 1613 ad
1159 1543 1608 1611 persuadendum
1647 1546 1820 1602 tinnis
1850 1548 2157 1613 utentibus,

565 1631 729 1702 895
761 1641 816 1684 tu
849 1632 1120 1701 sapientia
1161 1644 1218 1688 et
1248 1633 1496 1692 bonitate
1553 1648 1642 1693 tua
1676 1639 1825 1694 velut
1859 1656 1959 1711 pro
1981 1643 2159 1697 amico

566 1723 826 1791 plurimis
856 1725 978 1794 ejus
1013 1725 1350 1780 adversariis
1389 1736 1442 1782 te
1485 1743 1796 1800 Opponcns,
1829 1725 2040 1788 salvum
2075 1734 2158 1788 in-

568 1817 957 1887 columemque
1003 1821 1371 1875 conservaris.
1405 1821 1613 1880 Deinde
1651 1835 1706 1879 et
1739 1827 1884 1881 Deus
1920 1827 1988 1882 de
2017 1828 2160 1885 caelo

568 1907 640 1962 ob
677 1907 817 1962 hanc
849 1909 1164 1980 :equitatem
1209 1921 1264 1966 ct
1321 1915 1804 1971 mansuetudinem
1841 1933 1943 1989 pro
1991 1934 2058 1976 eo
2096 1935 2161 1977 ac

571 2001 806 2056 mereris
850 2013 902 2057 te
953 2004 1427 2072 remunerabitur,
1474 2018 1531 2062 ct
1578 2010 1714 2064 mihi
1764 2009 1889 2066 imis
1939 2026 2162 2082 semper

571 2095 828 2150 medullis
881 2097 1108 2151 infixum
1159 2098 1269 2152 erit
1316 2098 1422 2154 hoc
1472 2099 1825 2157 beneficium.
1888 2103 2159 2173 Equidem

567 2187 716 2243 bello
756 2187 902 2242 inter
933 2205 1033 2243 vos
1079 2190 1348 2260 gliscente
1384 2192 1571 2247 multis
1606 2195 1856 2264 jactabar
1890 2196 2163 2252 sollicitu-

568 2281 797 2336 dinibus
842 2281 1113 2352 quotidie,
1165 2292 1220 2337 et
1261 2283 1315 2338 in
1353 2283 1706 2341 incommoda
1760 2289 2004 2357 quredam
2040 2307 2164 2362 gra-

569 2375 796 2430 vissima
855 2376 1174 2431 necessario
1240 2376 1648 2436 devolvendum
1713 2399 1801 2437 me
1873 2384 2160 2441 timebam.

573 2469 709 2525 Nam
740 2471 792 2524 in
822 2473 1036 2527 ueteris
1065 2471 1324 2526 omnibus
1357 2473 1728 2543 utriscunque
1768 2476 1914 2531 inter
1957 2492 2016 2532 se
2063 2493 2165 2546 pu-

573 2565 861 2635 gnantium
924 2565 1230 2634 adhaareas,
1281 2576 1375 2621 aut
1421 2568 1686 2637 gratulari
1732 2568 1917 2634 datur,
1971 2571 2012 2623 si
2081 2570 2162 2625 vi-

573 2658 794 2724 cerint,
844 2669 941 2713 aut
986 2657 1279 2713 infortunii
1333 2673 1457 2716 esse
1513 2662 1862 2732 participem,
1926 2663 1969 2718 si
2031 2664 2161 2720 victi

523 2792 527 2796 .
573 2751 800 2806 fuerint.
837 2753 907 2806 At
936 2767 1069 2806 vero
1100 2753 1263 2826 patri,
1298 2751 1427 2808 ﬁliis
1460 2753 1608 2808 inter
1633 2768 1690 2809 sc
1719 2754 2158 2820 dcccrtantibus,

570 2843 797 2898 unicum
840 2845 972 2898 illud
1032 2845 1291 2902 solatium
1346 2845 1710 2916 relinquitur,
1762 2847 1807 2903 si
1851 2851 2021 2904 armis
2069 2850 2164 2904 ab-

566 2937 752 3007 jectis,
788 2938 852 2990 ad
881 2954 1072 3008 pacem
1108 2954 1167 2993 se
1199 2940 1353 3005 dent,
1385 2948 1441 2994 et
1469 2940 1610 2994 alter
1640 2941 1799 2996 alteri
1830 2941 1968 2997 bene
2005 2943 2164 2998 velit.

571 3028 668 3083 Sin
720 3045 816 3085 eos
865 3032 1048 3087 redire
1087 3047 1276 3086 secum
1311 3033 1366 3087 in
1401 3033 1634 3102 gratiam
1679 3036 1820 3090 nolle
1860 3036 2066 3101 videat,
2106 3044 2161 3091 et

571 3125 721 3181 ferro
772 3128 964 3197 magis,
1010 3144 1178 3198 quam
1230 3129 1418 3183 verbis
1473 3130 1665 3184 conari
1726 3130 1886 3185 linire
1935 3143 2160 3186 contro-

570 3221 805 3284 versias,
873 3221 1013 3274 nihil
1054 3230 1139 3276 est
1189 3221 1338 3292 quod
1390 3221 1636 3276 dolorem
1688 3232 1742 3277 et
1791 3223 2160 3279 calamitatem

571 3312 693 3383 ejus
721 3312 972 3383 mitigare
1033 3327 1094 3368 ac
1137 3312 1324 3369 levare
1365 3325 1554 3385 queat.
1591 3315 1806 3371 Utervis
1841 3315 1986 3371 enim
2026 3315 2164 3371 lilio—

573 3422 696 3460 rum
731 3406 950 3471 vicerit,
1001 3421 1112 3460 non
1167 3414 1380 3460 tantum
1430 3407 1724 3471 rccreabit,
1769 3409 1859 3478 qui
1911 3418 2163 3466 servatus

573 3499 766 3564 fuerit,
795 3508 1066 3569 quantum
1119 3498 1415 3560 cruciabit.
1457 3500 1553 3569 qui
1609 3500 1834 3556 fratrem
1872 3503 2158 3572 jugularit.

570 3591 730 3660 Quod
757 3591 800 3646 si
832 3591 1127 3663 contigerit
1159 3593 1325 3648 etiam
1366 3591 1559 3646 ambos
1596 3594 1802 3648 mutuis
1836 3594 2162 3652 vulneribus

572 3701 838 3760 appetere
911 3689 1096 3761 (quod
1173 3700 1228 3745 et
1289 3690 1419 3744 olim
1485 3677 1818 3760 quibusdam
1887 3693 2157 3749 accidisse

570 3783 830 3855 legimus)
859 3783 1006 3856 (65),
1040 3795 1153 3839 tum
1180 3800 1310 3839 vero
1343 3794 1528 3840 tantus
1553 3784 1806 3839 hauritur
1833 3801 2060 3852 maeror,
2105 3795 2163 3842 et

2263 1355 2359 1410 λὲα
2389 1357 2481 1410 τὸν
2498 1375 2569 1427 γα
2580 1358 2773 1430 μσρὸν,
2795 1359 2998 1424 πολλάς
3025 1360 3189 1424 αὐτός
3220 1377 3299 1436 σοι
3326 1361 3560 1432 χάριτας
3579 1361 3834 1434 ὁμολογῶ,

2262 1449 2347 1503 ὄτι
2398 1449 2579 1503 καίτοι
2615 1451 2830 1505 πολλῶν
2871 1452 3265 1524 ἐπικειμένων,
3304 1455 3398 1508 καὶ
3431 1454 3837 1527 παραινούντων

2264 1539 2668 1609 ἐκτυφλὼττειν
2715 1542 2806 1596 τὸν
2839 1545 2976 1611 υἱὸν,
3028 1545 3121 1598 καὶ
3170 1544 3377 1617 πολλήν
3422 1562 3550 1600 τινα
3592 1546 3836 1617 ἐχούσαις

2262 1632 2362 1703 τὴν
2394 1631 2569 1686 πειθὼ
2619 1634 2925 1705 χρωμένων
2971 1635 3340 1702 ἀποδείξεσιν,
3391 1629 3479 1700 αῖς
3524 1639 3622 1688 καὶ
3671 1637 3838 1690 πάντα

2262 1723 2508 1780 ὁντινοῦν
2540 1724 2608 1779 ἀν
2637 1725 2862 1781 ἔπεισαν
2888 1730 3010 1792 ταῖς
3047 1729 3444 1799 παραινέσεσιν
3476 1727 3659 1783 αὐτῶν
3685 1745 3841 1800 προσ-

2263 1817 2434 1889 ἔχειν,
2484 1818 2651 1884 αύτδς
2702 1820 2983 1894 ἐπιεικείᾳ
3030 1820 3201 1895 πολλῇ
3247 1822 3601 1894 χρησάμενος
3633 1824 3726 1878 καὶ
3756 1822 3841 1878 εύ-

2263 1912 2458 1986 6ουλίᾳ
2506 1913 2603 1967 καὶ
2651 1913 2892 1982 συνέσει,
2963 1913 3105 1970 σῶον
3148 1916 3496 1987 διετήρησας,
3549 1917 3736 1987 ὥσπερ
3780 1916 3841 1970 ἂν

2265 2005 2408 2077 ὑπὲρ
2433 2004 2590 2077 φίλου
2625 2007 2764 2079 πρὸς
2796 2006 3087 2071 πλείστους
3116 2008 3243 2074 τοὺς
3280 2009 3842 2078 ἀντικαθισταμένους

2264 2101 2682 2172 ἀγωνισάμενος
2741 2099 2883 2172 ὺπέρ
2937 2100 3186 2154 ἐκείνου*
3240 2100 3435 2155 ἔπειτα
3491 2099 3553 2156 δέ
3612 2103 3707 2158 καὶ
3751 2101 3840 2170 τῆς

2264 2195 2570 2260 ἐπιεικείας
2595 2193 2820 2266 ταύτης,
2850 2195 2945 2248 καὶ
2973 2193 3071 2265 τῆς
3098 2195 3438 2268 ἡμερότητος
3461 2192 3598 2259 Θεὸς
3626 2211 3684 2248 τε
3711 2193 3842 2248 ἀνω-

2265 2287 2358 2354 θεν
2392 2287 2690 2360 ἀμείψεται
2740 2287 2924 2356 ἀξίαις
2969 2287 3222 2361 δωρεαῖς,
3271 2288 3366 2343 καὶ
3407 2287 3543 2358 παρ’
3585 2289 3708 2358 ἐμοὶ
3749 2287 3842 2358 τὴν

2263 2382 2427 2454 χάριν
2460 2380 2606 2449 ἕξεις
2651 2381 3004 2452 ἀνάγραπτον
3052 2382 3108 2445 ἐς
3152 2380 3261 2438 ἀεί.
3309 2379 3453 2448 Ἐγὼ
3490 2381 3549 2434 δὲ
3589 2381 3843 2450 πρότερον

2269 2474 2372 2544 μὲν
2403 2473 2568 2545 ήνίκα
2603 2473 2733 2544 ὑμῖν
2762 2475 2789 2527 ὁ
2819 2473 2958 2544 πρὸς
2987 2472 3255 2544 ἀλλήλους
3287 2462 3529 2543 πόλεμος
3558 2470 3842 2546 ἀνήπτετο,

2273 2567 2495 2630 πολλαῖς
2517 2566 2828 2638 ἐϐαλλόμην
2854 2566 3127 2638 ὁσημέραι
3155 2571 3276 2631 ταῖς
3313 2566 3588 2638 φροντίσι,
3619 2566 3711 2619 καὶ
3741 2565 3842 2618 εει·

2273 2663 2382 2724 νοῖς
2449 2678 2593 2714 τισιν
2652 2645 2978 2731 ἀνηκέστοις
3049 2659 3374 2716 ὑπώπτευον
3433 2657 3842 2732 περιπεσεῖσθαι

2270 2752 2592 2822 ἀναγκαίως
2614 2769 2630 2784 ο
2658 2752 2753 2805 ἐπὶ
2781 2753 2890 2824 γὰρ
2918 2753 3028 2809 τῶν
3056 2751 3232 2808 ἄλλων
3259 2752 3546 2818 ἁπάντων,
3573 2751 3845 2821 ὁποτέροις

2270 2841 2337 2895 ἀν
2367 2841 2712 2911 πρόσθωνται
2738 2841 2848 2894 τῶν
2896 2841 3035 2912 πρὸς
3075 2841 3345 2915 ἀλλήλους
3380 2841 3782 2914 πολεμούντων,
3810 2839 3840 2912 ἢ

2272 2931 2600 3001 συνήδεσθαι
2646 2931 2974 3002 συμϐαίνει,
3025 2931 3093 2987 ἀν
3141 2933 3395 2998 νικῶσιν,
3440 2933 3474 3007 ἢ
3520 2930 3843 2996 τούναντίον,

2271 3028 2643 3098 συμμετέχειν
2686 3027 2784 3094 τῆς
2818 3027 3224 3099 κακοπραγίας,
3267 3025 3336 3081 ἀν
3385 3026 3666 3098 ἡττῶνται
3692 3042 3708 3059 ·
3744 3043 3844 3078 πα·

2269 3121 2460 3192 τρὶδέ,
2493 3120 2877 3191 πολεμούντων
2921 3121 3059 3192 πρὸς
3104 3119 3374 3191 ἀλλήλους
3405 3119 3520 3172 τῶν
3559 3118 3712 3184 υἱῶν,
3754 3115 3846 3188 μία

2275 3214 2412 3283 μόνη
2460 3213 2811 3285 παραμυθία,
2853 3213 2912 3267 τδ
2960 3200 3400 3278 καταλύσαντας,
3445 3212 3719 3276 λείπεται,
3759 3209 3845 3263 τὸν

2272 3308 2534 3378 πόλεμον,
2578 3308 2806 3378 εἰρήνην
2849 3308 3027 3377 ἄγειν,
3065 3309 3162 3363 καὶ
3208 3307 3463 3380 ἀλλήλοις
3495 3307 3722 3361 εὐνοεῖν.
3753 3302 3845 3356 Ἂν

2268 3399 2313 3452 δ’
2348 3399 2678 3470 ἀσυμϐάτως
2723 3401 2948 3471 ἔχοντας
2992 3401 3163 3475 ὁρώῃ,
3221 3402 3317 3456 καὶ
3359 3400 3542 3471 ξίφεσι
3588 3392 3843 3469 μᾶλλονή

2270 3494 2450 3564 λόγοις
2495 3494 2873 3566 πειρωμένους
2929 3493 3168 3550 διαλύειν
3216 3495 3318 3558 τάς
3363 3492 3655 3562 διαφορὰς,
3700 3486 3846 3542 οὐδέν

2271 3590 2439 3646 ἐστιὸ
2468 3589 2565 3661 τὴν
2599 3589 2777 3660 λύπην
2803 3589 3043 3645 διαλύειν
3072 3589 3276 3644 δύναιτ’
3305 3588 3372 3644 ἀν
3406 3589 3606 3660 ἐκείνῳ
3635 3584 3727 3639 καὶ
3756 3583 3846 3655 τὴν

2273 3684 2589 3755 συμφοράν.
2638 3684 2931 3754 Ὀπότερος
2977 3681 3087 3756 γάρ
3133 3681 3200 3737 ἂν
3247 3680 3424 3754 νικῴη
3458 3681 3572 3735 τῶν
3612 3675 3843 3741 utan/.06

2270 3776 2529 3832 τοσοῦτον
2577 3777 2845 3847 εὐφρανεί
2897 3776 3262 3848 περισωθεὶς,
3315 3777 3440 3830 ὅσον
3494 3775 3709 3830 ἀνιάσει
3760 3771 3844 3824 τὸν

571 3885 726 3932 tanta
779 3887 990 3947 patrem
1041 3877 1228 3935 obruit
1271 3878 1578 3942 calamitas,
1645 3887 1702 3931 ut
1751 3876 1820 3931 ad
1875 3878 2160 3934 immensi-

2270 3871 2497 3941 ἀδελφὺν
2526 3869 2866 3934 ἀπεκτονώς.
2897 3871 2995 3924 Ἂν
3022 3870 3080 3926 δέ
3113 3886 3244 3924 ποτε
3283 3869 3530 3941 συμϐαίη
3559 3866 3653 3922 καὶ
3675 3871 3844 3946 ἀμφο-

571 3980 738 4024 tatem
766 3971 887 4039 cjttl
923 3969 1188 4025 accedere
1214 3970 1352 4024 nihil
1394 3970 1587 4040 possit.
1619 3970 1751 4036 Quae
1779 3970 1996 4040 singula
2027 3970 2160 4025 dum

571 4068 1002 4135 contemplarer,
1065 4064 1276 4119 turbari
1316 4065 1536 4120 animus
1596 4079 1753 4120 meus
1819 4071 1876 4120 et
1937 4064 2163 4120 tristitia

569 4159 815 4217 suﬂ’undi
854 4159 1062 4229 capit;
1089 4174 1153 4214 ac
1187 4158 1337 4213 velut
1360 4160 1609 4230 jacentcs
1639 4170 1695 4214 et
1747 4158 2030 4236 exanimes
2048 4159 2164 4230 jam

571 4254 719 4310 lilio:
770 4251 983 4316 ambos,
1041 4261 1159 4316 aut,
1213 4251 1361 4322 quod
1426 4252 1611 4306 minus
1663 4251 1891 4307 crudele
1939 4253 2165 4316 est,‘al-

571 4357 754 4404 terum
779 4356 956 4410 certe,
990 4345 1158 4400 etiam
1195 4354 1492 4416 antequam
1523 4346 1590 4399 ad
1629 4362 1826 4401 manus
1854 4345 2163 4409 veniretur,

571 4439 866 4497 deﬂebam.
898 4438 1011 4496 Hoc
1036 4441 1184 4494 enim
1236 4439 1480 4494 credere
1504 4455 1590 4493 me
1622 4439 1875 4509 cogebat,
1917 4439 2063 4510 quod
2096 4439 2166 4495 de

572 4551 708 4607 pace
760 4535 905 4590 inter
954 4549 1050 4590 vos
1101 4533 1424 4603 neutiquam
1473 4532 1770 4587 convenire
1817 4546 1979 4602 posse
2039 4545 2166 4587 cer-

571 4627 818 4692 nebam;
865 4631 922 4682 et
969 4626 1117 4698 quod
1160 4624 1442 4680 obstinate
1484 4625 1806 4679 ira-mutua
1849 4623 2163 4690 ferveretis,

573 4705 902 4792 velletisque
947 4719 1098 4774 ferro
1149 4718 1564 4774 contentionem
1627 4717 1696 4772 de
1745 4718 1980 4787 imperio
2027 4717 2166 4773 diri-

571 4827 748 4869 mere.
790 4811 948 4867 Nunc
978 4811 1110 4882 quia
1149 4810 1232 4866 sic
1277 4809 1386 4865 Deo
1410 4809 1614 4870 visum.
1655 4817 1711 4863 et
1751 4809 1903 4864 illum
1941 4809 2165 4879 quidem

573 4921 757 4977 pugna
783 4913 978 4962 contra
1013 4900 1286 4956 Triballos
1319 4909 1562 4971 captum,
1589 4911 1755 4971 atque
1785 4917 1816 4956 a
1861 4899 2168 4956 victoribus

575 4998 674 5053 tibi
726 4996 987 5051 traditum
1036 4992 1270 5064 benigno
1328 4992 1751 5062 bu‘maniterqne
1811 4991 2164 5059 tractavisti,

575 5099 637 5146 et
683 5088 823 5144 nihil
858 5105 963 5160 pro
992 5087 1227 5158 pristino
1258 5087 1314 5142 in
1349 5086 1503 5142 illum
1537 5086 1665 5141 odio
1689 5083 1891 5150 fecisti,
1925 5085 2164 5153 primum

576 5182 802 5256 quidem
848 5184 918 5237 de
964 5181 1253 5251 utriusque
1303 5180 1481 5235 salute
1523 5178 1756 5237 Numini
1795 5178 2004 5249 gratias
2039 5192 2162 5246 ago,

2267 3965 2464 4034 τὲραυς
2496 3961 2590 4017 ὑπ’
2620 3962 2872 4032 ἀλλήλων
2922 3963 3111 4016 πεσεῖν
3153 3963 3296 4016 κατά
3325 3962 3427 4033 τὴν
3460 3962 3670 4032 μάχην,
3698 3958 3724 4013 δ
3755 3957 3846 4013 καὶ

2267 4056 2535 4129 πρότερόν
2571 4057 2704 4109 ποτε
2743 4073 2890 4109 τισιν
2938 4056 3213 4128 ἀκούομεν
3260 4054 3696 4127 συμϐεϐηκέναι,
3741 4049 3845 4105 οὐδ’

2267 4150 2510 4219 ἀθυμίας
2545 4147 2855 4220 ὑπερϐολὴν
2899 4148 3162 4213 ἐλλείπει,
3209 4147 3332 4202 ούδέ
3378 4146 3670 4218 συμφορᾶς
3700 4143 3841 4199 οὐδε·

2269 4246 2424 4317 μιᾶς.
2459 4244 2527 4297 Ἃ
2556 4245 2734 4300 πάντα
2767 4259 2860 4314 μοι
2913 4243 3178 4314 πρότερον
3231 4241 3503 4297 ἐννοοῦντι
3548 4240 3640 4294 καὶ
3682 4234 3840 4306 αὐτῷ,

2270 4332 2535 4410 σύγχυὲις
2563 4337 2714 4406 δεινὴ
2752 4336 2849 4391 καὶ
2883 4333 3094 4403 ἀθυμία
3139 4333 3239 4406 τὴν
3269 4334 3448 4406 ψυχὴν
3482 4333 3725 4402 κατεῖχε,
3755 4327 3843 4382 καὶ

2269 4430 2461 4500 ῶσπερ
2503 4429 2796 4500 κειμένους
2848 4428 3120 4500 ἐθρήνουν
3167 4427 3292 4490 τοὺς
3345 4427 3537 4490 υἱοὺς,
3587 4428 3680 4481 καὶ
3721 4421 3843 4493 πρὶν

2272 4523 2452 4579 ἐλθεῖν
2485 4526 2567 4587 εἰς
2599 4525 2811 4596 χεῖρας,
2841 4523 2874 4595 ἦ
2915 4523 2978 4576 τό
3005 4538 3068 4590 γε
3105 4519 3496 4593 μετριώτερον,
3523 4521 3615 4575 τὸν
3641 4517 3840 4589 ἕτερον.

2271 4617 2429 4672 Οὕτω
2461 4619 2568 4689 γὰρ
2599 4615 2883 4686 ἠνάγκαζε
2914 4615 3128 4670 πείθειν
3156 4615 3217 4669 τὸ
3245 4632 3304 4668 τε
3338 4613 3675 4684 ἀσυμϐάτως
3702 4613 3844 4683 ἐχονι

2269 4727 2365 4774 τας
2389 4711 2522 4782 ὁρᾷν
2548 4711 2693 4780 ὑμᾶς
2729 4710 2867 4778 πρὸς
2911 4708 3013 4779 τὴν
3067 4710 3316 4782 εἰρήνην,
3357 4709 3449 4762 καὶ
3491 4707 3553 4763 τὸ
3598 4702 3842 4770 καθάπαξ

2268 4800 2406 4872 ὀργῇ
2429 4803 2566 4871 πρὸς
2600 4801 2864 4872 ἀλλήλους
2889 4800 3174 4871 φέρεσθαι,
3205 4801 3298 4854 καὶ
3329 4799 3616 4870 βούλεσθαι
3647 4799 3840 4868 σιδήρῳ

2269 4895 2368 4966 τὴν
2408 4894 2542 4965 περὶ
2573 4894 2673 4963 τῆς
2729 4893 2906 4963 ἀρχῆς
2956 4893 3292 4961 φιλονεικίαν
3327 4892 3586 4948 διαλύειν.
3625 4892 3758 4947 Νυνὶ
3797 4888 3840 4945 δ’

2268 4986 2415 5041 οὕτω
2445 4986 2732 5056 κρίναντος
2759 4986 2854 5040 τοῦ
2882 4984 3060 5048 Θείου,
3095 4986 3353 5062 κάκείνου
3392 4985 3492 5054 μὲν
3515 4987 3572 5038 ἐν
3609 4988 3672 5057 τῇ
3711 4983 3838 5055 πρὸς

2270 5080 2578 5150 Τριὸαλοὺς
2602 5078 2827 5141 ἀλὸντος
2853 5078 3026 5150 μάχῃ,
3053 5077 3149 5132 καὶ
3176 5079 3609 5150 παραδεδομένου
3637 5095 3718 5133 σοι
3741 5075 3839 5130 ὑπὸ

2268 5173 2378 5228 τῶν
2410 5176 2830 5243 κρατησάντων,
2865 5172 2960 5226 σοῦ
2991 5173 3048 5224 δὲ
3089 5173 3312 5243 ἡμέρως
3350 5174 3701 5244 χρησαμένου
3746 5171 3838 5224 καὶ

577 5291 708 5331 cum
733 5289 824 5332 res
851 5285 1072 5330 nostras
1110 5273 1254 5328 adeo
1295 5274 1600 5327 clementer
1641 5270 1993 5340 temperavit,
2023 5269 2164 5323 utul-

2271 5265 2689 5339 φιλανθρώπως,
2728 5267 2828 5321 καὶ
2863 5267 3020 5321 οὐδὲν
3063 5270 3161 5338 τῆς
3192 5269 3325 5339 πρὶν
3354 5266 3616 5338 δοκούσης
3643 5267 3837 5336 δυσμε-

579 5378 803 5439 tamque
868 5364 1300 5425 sollicitudinem
1335 5372 1394 5419 et
1455 5364 1740 5432 angorem,
1783 5375 1945 5428 quem
1980 5361 2034 5414 in
2068 5375 2166 5430 pe-

577 5469 734 5517 ctore
763 5474 888 5516 meo
917 5475 1045 5530 erga
1084 5467 1382 5527 utrumque
1401 5455 1579 5525 pietas
1606 5451 1904 5519 excitabat,
1937 5455 2161 5508 exemit.

579 5551 790 5609 Deinde
832 5551 931 5607 tibi
985 5549 1346 5606 nihilominus
1375 5589 1390 5614 ,
1425 5548 1520 5618 qui
1562 5562 1688 5602 cum
1727 5560 1917 5617 posses
1949 5546 2005 5600 in
2033 5560 2161 5601 eum

578 5642 863 5716 puniendo
893 5641 1064 5714 896
1090 5655 1234 5714 aegre
1269 5639 1408 5696 mihi
1433 5637 1613 5694 facere
1632 5635 1894 5703 noluisti;
1936 5650 2036 5692 nec
2058 5636 2165 5692 hoc

2273 5362 2421 5421 νείας
2449 5359 2889 5430 ἐπιδεδειγμένον
2911 5358 3081 5425 ἀξιον,
3109 5361 3302 5428 πρῶτα
3323 5358 3424 5431 μέν
3444 5359 3541 5430 τῆς
3569 5359 3836 5429 ἑκατέρων

2275 5453 2550 5523 σωτηρίας
2565 5469 2642 5523 τῳ
2658 5452 2948 5524 Κρείττονι
2975 5451 3176 5515 πολλὰς
3198 5454 3298 5518 τάς
3322 5453 3552 5523 χάριτας
3573 5447 3830 5518 ὁμολογῶ,

2269 5540 2415 5596 οὕτω
2445 5543 2514 5596 τὰ
2538 5543 2785 5614 ἡμέτερα
2826 5542 3127 5614 διῳκηκὸτι
3173 5542 3592 5613 φιλανθρώπως,
3622 5543 3714 5594 καὶ
3740 5538 3830 5608 τῆς

2272 5634 2476 5703 πολλῆς
2501 5633 2867 5705 ἀπήλλαγμαι
2905 5634 3187 5707 φροντίδος
3223 5635 3318 5691 καὶ
3369 5633 3603 5706 ἀθυμίας
3628 5629 3726 5704 τῆς
3747 5626 3830 5702 ἐφ’

1825 5729 2044 5793 Jacobi
2078 5729 2345 5793 Pontani
2379 5736 2567 5794 nota).
2623 5819 2625 5821 ι

654 5839 767 5914 (45)
799 5837 1072 5915 Polynici,
1108 5835 1317 5896 Eteocli
1347 5837 1616 5896 fratribus
1637 5839 1781 5910 apud
1810 5837 2151 5911 Euripidem,
2192 5845 2250 5894 et
2278 5836 2519 5895 Statium
2545 5839 2602 5895 in
2632 5834 2936 5896 Thebaide.
