  <div class='ocr_page' id='page_1' title='image "/cluster/home/n/w/nwhite01/storage/ocr_20150623/154/mdp.39015028978099/180.png"; bbox 0 0 4108 6280; ppageno 0'>
   <div class='ocr_carea' id='block_1_1' title="bbox 251 298 361 366">
    <p class='ocr_par' dir='ltr' id='par_1_1' title="bbox 251 298 361 366">
     <span class='ocr_line' id='line_1_1' title="bbox 251 298 361 366; baseline 0 -1"><span class='ocrx_word' id='word_1_1' title='bbox 251 298 361 366; x_wconf 62' lang='lat'><strong>385</strong></span> 
     </span>
    </p>
   </div>
   <div class='ocr_carea' id='block_1_2' title="bbox 1418 302 2382 366">
    <p class='ocr_par' dir='ltr' id='par_1_2' title="bbox 1418 302 2382 366">
     <span class='ocr_line' id='line_1_2' title="bbox 1418 302 2382 366; baseline 0.002 -2"><span class='ocrx_word' id='word_1_2' title='bbox 1418 302 1964 365; x_wconf 74' lang='lat' dir='ltr'><strong>HISTORIARUM</strong></span> <span class='ocrx_word' id='word_1_3' title='bbox 2006 304 2242 365; x_wconf 75' lang='lat' dir='ltr'><strong>LIBER</strong></span> <span class='ocrx_word' id='word_1_4' title='bbox 2281 305 2382 366; x_wconf 75' lang='lat' dir='ltr'><strong>IV.</strong></span> 
     </span>
    </p>
   </div>
   <div class='ocr_carea' id='block_1_3' title="bbox 3405 304 3512 371">
    <p class='ocr_par' dir='ltr' id='par_1_3' title="bbox 3405 304 3512 371">
     <span class='ocr_line' id='line_1_3' title="bbox 3405 304 3512 371; baseline -0.065 0"><span class='ocrx_word' id='word_1_5' title='bbox 3405 304 3512 371; x_wconf 74' lang='grc'><strong>346</strong></span> 
     </span>
    </p>
   </div>
   <div class='ocr_carea' id='block_1_4' title="bbox 253 415 1845 491">
    <p class='ocr_par' dir='ltr' id='par_1_4' title="bbox 253 415 1825 491">
     <span class='ocr_line' id='line_1_4' title="bbox 253 415 1825 491; baseline 0 -22"><span class='ocrx_word' id='word_1_6' title='bbox 253 415 534 491; x_wconf 73' lang='grc' dir='ltr'>ικατὲροις</span> <span class='ocrx_word' id='word_1_7' title='bbox 563 418 625 470; x_wconf 81' lang='grc' dir='ltr'><strong>ἐκ</strong></span> <span class='ocrx_word' id='word_1_8' title='bbox 652 416 760 469; x_wconf 76' lang='grc' dir='ltr'><strong>τῶν</strong></span> <span class='ocrx_word' id='word_1_9' title='bbox 788 417 1070 486; x_wconf 81' lang='grc' dir='ltr'><strong>λογισμῶν</strong></span> <span class='ocrx_word' id='word_1_10' title='bbox 1101 415 1462 488; x_wconf 72' lang='grc' dir='ltr'><strong>ἐγγινομένης</strong></span> <span class='ocrx_word' id='word_1_11' title='bbox 1488 433 1504 447; x_wconf 78' lang='grc' dir='ltr'><strong>ο</strong></span> <span class='ocrx_word' id='word_1_12' title='bbox 1547 418 1741 471; x_wconf 74' lang='grc' dir='ltr'>ἔπειτα</span> <span class='ocrx_word' id='word_1_13' title='bbox 1767 417 1825 470; x_wconf 77' lang='grc' dir='ltr'>δὶ</span> 
     </span>
    </p>
   </div>
   <div class='ocr_carea' id='block_1_5' title="bbox 1950 415 3510 491">
    <p class='ocr_par' dir='ltr' id='par_1_5' title="bbox 1950 415 3510 488">
     <span class='ocr_line' id='line_1_5' title="bbox 1950 415 3510 488; baseline 0.002 -19"><span class='ocrx_word' id='word_1_14' title='bbox 1950 415 2221 481; x_wconf 78' lang='lat' dir='ltr'><strong>luntaxat,</strong></span> <span class='ocrx_word' id='word_1_15' title='bbox 2250 418 2347 472; x_wconf 88' lang='lat' dir='ltr'><strong>sed</strong></span> <span class='ocrx_word' id='word_1_16' title='bbox 2380 426 2434 472; x_wconf 88' lang='lat' dir='ltr'><strong>et</strong></span> <span class='ocrx_word' id='word_1_17' title='bbox 2462 418 2508 476; x_wconf 88' lang='lat' dir='ltr'><strong>si</strong></span> <span class='ocrx_word' id='word_1_18' title='bbox 2552 417 2684 488; x_wconf 85' lang='lat' dir='ltr'><strong>quid</strong></span> <span class='ocrx_word' id='word_1_19' title='bbox 2723 426 2891 473; x_wconf 84' lang='lat' dir='ltr'><strong>restat</strong></span> <span class='ocrx_word' id='word_1_20' title='bbox 2923 417 3201 488; x_wconf 70' lang='lat' dir='ltr'><strong>tristitite(</strong></span> <span class='ocrx_word' id='word_1_21' title='bbox 3222 434 3326 472; x_wconf 87' lang='lat' dir='ltr'><strong>non</strong></span> <span class='ocrx_word' id='word_1_22' title='bbox 3359 421 3510 473; x_wconf 82' lang='lat' dir='ltr'><strong>enim</strong></span> 
     </span>
    </p>
   </div>
   <div class='ocr_carea' id='block_1_6' title="bbox 257 505 1830 582">
    <p class='ocr_par' dir='ltr' id='par_1_6' title="bbox 257 505 1830 582">
     <span class='ocr_line' id='line_1_6' title="bbox 257 505 1830 582; baseline -0.003 -15"><span class='ocrx_word' id='word_1_23' title='bbox 257 513 352 567; x_wconf 74' lang='grc' dir='ltr'><strong>καὶ</strong></span> <span class='ocrx_word' id='word_1_24' title='bbox 405 513 487 565; x_wconf 82' lang='grc' dir='ltr'>σοὶ</span> <span class='ocrx_word' id='word_1_25' title='bbox 536 511 692 564; x_wconf 72' lang='grc' dir='ltr'>οὐδὲν</span> <span class='ocrx_word' id='word_1_26' title='bbox 737 505 924 581; x_wconf 77' lang='grc' dir='ltr'>ἦττον,</span> <span class='ocrx_word' id='word_1_27' title='bbox 975 511 1054 564; x_wconf 84' lang='grc' dir='ltr'>ὄτι</span> <span class='ocrx_word' id='word_1_28' title='bbox 1117 509 1412 582; x_wconf 79' lang='grc' dir='ltr'>δυνάμενος</span> <span class='ocrx_word' id='word_1_29' title='bbox 1445 509 1639 564; x_wconf 80' lang='grc' dir='ltr'>λυπεῖν</span> <span class='ocrx_word' id='word_1_30' title='bbox 1665 513 1724 561; x_wconf 66' lang='grc' dir='ltr'>ἐν</span> <span class='ocrx_word' id='word_1_31' title='bbox 1753 509 1830 578; x_wconf 80' lang='grc' dir='ltr'>τῷ</span> 
     </span>
    </p>
   </div>
   <div class='ocr_carea' id='block_1_7' title="bbox 252 603 1837 676">
    <p class='ocr_par' dir='ltr' id='par_1_7' title="bbox 252 603 1837 676">
     <span class='ocr_line' id='line_1_7' title="bbox 252 603 1837 676; baseline 0 -17"><span class='ocrx_word' id='word_1_32' title='bbox 252 606 460 659; x_wconf 66' lang='grc' dir='ltr'>εκείνον</span> <span class='ocrx_word' id='word_1_33' title='bbox 490 603 871 676; x_wconf 81' lang='grc' dir='ltr'>τιμωρεῖσθαι,</span> <span class='ocrx_word' id='word_1_34' title='bbox 908 605 1008 658; x_wconf 88' lang='grc' dir='ltr'><strong>οὐκ</strong></span> <span class='ocrx_word' id='word_1_35' title='bbox 1039 605 1350 674; x_wconf 76' lang='grc' dir='ltr'>ἠθέλησαςο</span> <span class='ocrx_word' id='word_1_36' title='bbox 1380 607 1442 658; x_wconf 87' lang='grc' dir='ltr'><strong>οὐ</strong></span> <span class='ocrx_word' id='word_1_37' title='bbox 1487 605 1591 674; x_wconf 86' lang='grc' dir='ltr'>μὴν</span> <span class='ocrx_word' id='word_1_38' title='bbox 1627 603 1744 658; x_wconf 79' lang='grc' dir='ltr'>ἀλλ’</span> <span class='ocrx_word' id='word_1_39' title='bbox 1783 604 1837 660; x_wconf 77' lang='grc' dir='ltr'><strong>εί</strong></span> 
     </span>
    </p>
   </div>
   <div class='ocr_carea' id='block_1_8' title="bbox 252 691 1835 768">
    <p class='ocr_par' dir='ltr' id='par_1_8' title="bbox 252 691 1835 768">
     <span class='ocr_line' id='line_1_8' title="bbox 252 691 1835 768; baseline -0.002 -16"><span class='ocrx_word' id='word_1_40' title='bbox 252 715 308 752; x_wconf 85' lang='grc' dir='ltr'><strong>τι</strong></span> <span class='ocrx_word' id='word_1_41' title='bbox 333 700 428 752; x_wconf 77' lang='grc' dir='ltr'><strong>καὶ</strong></span> <span class='ocrx_word' id='word_1_42' title='bbox 453 698 551 768; x_wconf 83' lang='grc' dir='ltr'>τῆς</span> <span class='ocrx_word' id='word_1_43' title='bbox 579 694 735 761; x_wconf 86' lang='grc' dir='ltr'>άνίας</span> <span class='ocrx_word' id='word_1_44' title='bbox 759 694 1117 750; x_wconf 70' lang='grc' dir='ltr'><strong>ὑπολέλειπτο</strong></span> <span class='ocrx_word' id='word_1_45' title='bbox 1157 695 1238 766; x_wconf 88' lang='grc' dir='ltr'><strong>(οὐ</strong></span> <span class='ocrx_word' id='word_1_46' title='bbox 1267 695 1376 766; x_wconf 82' lang='grc' dir='ltr'><strong>γάρ</strong></span> <span class='ocrx_word' id='word_1_47' title='bbox 1412 691 1505 751; x_wconf 78' lang='grc' dir='ltr'>οὖν</span> <span class='ocrx_word' id='word_1_48' title='bbox 1527 697 1835 767; x_wconf 81' lang='grc' dir='ltr'>ἀρνήσομαι</span> 
     </span>
    </p>
   </div>
   <div class='ocr_carea' id='block_1_9' title="bbox 255 788 1835 859">
    <p class='ocr_par' dir='ltr' id='par_1_9' title="bbox 255 788 1835 859">
     <span class='ocr_line' id='line_1_9' title="bbox 255 788 1835 859; baseline -0.001 -16"><span class='ocrx_word' id='word_1_49' title='bbox 255 790 353 854; x_wconf 86' lang='grc' dir='ltr'><strong>ὡς,</strong></span> <span class='ocrx_word' id='word_1_50' title='bbox 400 790 612 844; x_wconf 77' lang='grc' dir='ltr'>ἐκείνου</span> <span class='ocrx_word' id='word_1_51' title='bbox 645 789 954 859; x_wconf 74' lang='grc' dir='ltr'><strong>δεδεμένου,</strong></span> <span class='ocrx_word' id='word_1_52' title='bbox 998 789 1060 842; x_wconf 88' lang='grc' dir='ltr'><strong>οὐ</strong></span> <span class='ocrx_word' id='word_1_53' title='bbox 1101 788 1244 842; x_wconf 81' lang='grc' dir='ltr'>δοκῶ</span> <span class='ocrx_word' id='word_1_54' title='bbox 1287 789 1495 844; x_wconf 68' lang='grc' dir='ltr'>ἐλάττω</span> <span class='ocrx_word' id='word_1_55' title='bbox 1543 790 1835 858; x_wconf 84' lang='grc' dir='ltr'>ὑπομένειν</span> 
     </span>
    </p>
   </div>
   <div class='ocr_carea' id='block_1_10' title="bbox 257 883 1836 955">
    <p class='ocr_par' dir='ltr' id='par_1_10' title="bbox 257 883 1836 955">
     <span class='ocr_line' id='line_1_10' title="bbox 257 883 1836 955; baseline -0.001 -18"><span class='ocrx_word' id='word_1_56' title='bbox 257 884 346 938; x_wconf 74' lang='grc' dir='ltr'><strong>διὰ</strong></span> <span class='ocrx_word' id='word_1_57' title='bbox 386 886 487 955; x_wconf 75' lang='grc' dir='ltr'>τὴν</span> <span class='ocrx_word' id='word_1_58' title='bbox 522 884 870 954; x_wconf 82' lang='grc' dir='ltr'>συμπάθειαν</span> <span class='ocrx_word' id='word_1_59' title='bbox 918 885 1017 953; x_wconf 73' lang='grc' dir='ltr'>τὴν</span> <span class='ocrx_word' id='word_1_60' title='bbox 1061 883 1200 952; x_wconf 73' lang='grc' dir='ltr'>πρὸς</span> <span class='ocrx_word' id='word_1_61' title='bbox 1245 884 1498 948; x_wconf 68' lang='grc' dir='ltr'>ἐκεῖνον),</span> <span class='ocrx_word' id='word_1_62' title='bbox 1550 883 1836 954; x_wconf 70' lang='grc' dir='ltr'>ἀνῄρηκας</span> 
     </span>
    </p>
   </div>
   <div class='ocr_carea' id='block_1_11' title="bbox 254 973 1837 1042">
    <p class='ocr_par' dir='ltr' id='par_1_11' title="bbox 254 973 1837 1042">
     <span class='ocr_line' id='line_1_11' title="bbox 254 973 1837 1042; baseline -0.002 -14"><span class='ocrx_word' id='word_1_63' title='bbox 254 975 576 1029; x_wconf 84' lang='grc' dir='ltr'>παντάπασι</span> <span class='ocrx_word' id='word_1_64' title='bbox 626 977 765 1039; x_wconf 83' lang='grc' dir='ltr'>νυνὶ,</span> <span class='ocrx_word' id='word_1_65' title='bbox 805 974 1276 1042; x_wconf 74' lang='grc' dir='ltr'><strong>ἐπαγγειλάμενος</strong></span> <span class='ocrx_word' id='word_1_66' title='bbox 1322 975 1545 1042; x_wconf 82' lang='grc' dir='ltr'>άνήσειν</span> <span class='ocrx_word' id='word_1_67' title='bbox 1592 973 1700 1026; x_wconf 86' lang='grc' dir='ltr'>τῶν</span> <span class='ocrx_word' id='word_1_68' title='bbox 1748 975 1837 1026; x_wconf 84' lang='grc' dir='ltr'>δε-</span> 
     </span>
    </p>
   </div>
   <div class='ocr_carea' id='block_1_12' title="bbox 256 1066 1836 1138">
    <p class='ocr_par' dir='ltr' id='par_1_12' title="bbox 256 1066 1836 1138">
     <span class='ocr_line' id='line_1_12' title="bbox 256 1066 1836 1138; baseline 0 -18"><span class='ocrx_word' id='word_1_69' title='bbox 256 1067 412 1137; x_wconf 85' lang='grc' dir='ltr'>σμῶν</span> <span class='ocrx_word' id='word_1_70' title='bbox 449 1068 589 1137; x_wconf 83' lang='grc' dir='ltr'>μετά</span> <span class='ocrx_word' id='word_1_71' title='bbox 629 1066 828 1138; x_wconf 79' lang='grc' dir='ltr'>μικρόν</span> <span class='ocrx_word' id='word_1_72' title='bbox 855 1082 869 1096; x_wconf 89' lang='grc'>⁶</span> <span class='ocrx_word' id='word_1_73' title='bbox 919 1067 948 1120; x_wconf 78' lang='grc' dir='ltr'><strong>δ</strong></span> <span class='ocrx_word' id='word_1_74' title='bbox 1000 1069 1181 1132; x_wconf 82' lang='grc' dir='ltr'>καλῶς</span> <span class='ocrx_word' id='word_1_75' title='bbox 1207 1069 1456 1136; x_wconf 79' lang='grc' dir='ltr'><strong>ποιήσεις</strong></span> <span class='ocrx_word' id='word_1_76' title='bbox 1513 1067 1713 1138; x_wconf 70' lang='grc' dir='ltr'>ἀληθὲς</span> <span class='ocrx_word' id='word_1_77' title='bbox 1744 1067 1836 1121; x_wconf 72' lang='grc' dir='ltr'><strong>ἐπὶ</strong></span> 
     </span>
    </p>
   </div>
   <div class='ocr_carea' id='block_1_13' title="bbox 253 1156 1832 1231">
    <p class='ocr_par' dir='ltr' id='par_1_13' title="bbox 253 1156 1832 1231">
     <span class='ocr_line' id='line_1_13' title="bbox 253 1156 1832 1231; baseline -0.004 -18"><span class='ocrx_word' id='word_1_78' title='bbox 253 1160 376 1213; x_wconf 87' lang='grc' dir='ltr'>τῶν·</span> <span class='ocrx_word' id='word_1_79' title='bbox 397 1159 576 1228; x_wconf 76' lang='grc' dir='ltr'>ἔργων</span> <span class='ocrx_word' id='word_1_80' title='bbox 599 1158 886 1224; x_wconf 77' lang='grc' dir='ltr'><strong>ἀποδείξας</strong></span> <span class='ocrx_word' id='word_1_81' title='bbox 908 1170 929 1189; x_wconf 85' lang='grc'><strong><em>⁸</em></strong></span> <span class='ocrx_word' id='word_1_82' title='bbox 955 1159 1014 1214; x_wconf 83' lang='grc' dir='ltr'><strong>οὐ</strong></span> <span class='ocrx_word' id='word_1_83' title='bbox 1046 1158 1154 1229; x_wconf 80' lang='grc' dir='ltr'><strong>γὰρ</strong></span> <span class='ocrx_word' id='word_1_84' title='bbox 1191 1159 1328 1230; x_wconf 57' lang='grc' dir='ltr'>πρὶς</span> <span class='ocrx_word' id='word_1_85' title='bbox 1367 1156 1613 1225; x_wconf 73' lang='grc' dir='ltr'><strong>εὐδοξίαν</strong></span> <span class='ocrx_word' id='word_1_86' title='bbox 1651 1159 1832 1231; x_wconf 74' lang='grc' dir='ltr'>μόνον,</span> 
     </span>
    </p>
   </div>
   <div class='ocr_carea' id='block_1_14' title="bbox 254 1251 1830 1325">
    <p class='ocr_par' dir='ltr' id='par_1_14' title="bbox 254 1251 1830 1325">
     <span class='ocr_line' id='line_1_14' title="bbox 254 1251 1830 1325; baseline 0 -20"><span class='ocrx_word' id='word_1_87' title='bbox 254 1251 396 1306; x_wconf 74' lang='grc' dir='ltr'>ἀλλά</span> <span class='ocrx_word' id='word_1_88' title='bbox 436 1252 529 1305; x_wconf 79' lang='grc' dir='ltr'><strong>καὶ</strong></span> <span class='ocrx_word' id='word_1_89' title='bbox 564 1251 700 1323; x_wconf 72' lang='grc' dir='ltr'>πρὸς</span> <span class='ocrx_word' id='word_1_90' title='bbox 743 1251 1045 1317; x_wconf 80' lang='grc' dir='ltr'>ἀσφάλειαν</span> <span class='ocrx_word' id='word_1_91' title='bbox 1085 1253 1283 1322; x_wconf 82' lang='grc' dir='ltr'>άριστα</span> <span class='ocrx_word' id='word_1_92' title='bbox 1327 1253 1511 1324; x_wconf 80' lang='grc' dir='ltr'><strong>σαυτῷ</strong></span> <span class='ocrx_word' id='word_1_93' title='bbox 1542 1251 1830 1325; x_wconf 81' lang='grc' dir='ltr'>βουλεύσῃ.</span> 
     </span>
    </p>
   </div>
   <div class='ocr_carea' id='block_1_15' title="bbox 259 1339 1834 1410">
    <p class='ocr_par' dir='ltr' id='par_1_15' title="bbox 259 1339 1834 1410">
     <span class='ocr_line' id='line_1_15' title="bbox 259 1339 1834 1410; baseline -0.002 -16"><span class='ocrx_word' id='word_1_94' title='bbox 259 1340 364 1394; x_wconf 78' lang='grc' dir='ltr'><strong>’Δν</strong></span> <span class='ocrx_word' id='word_1_95' title='bbox 395 1341 496 1410; x_wconf 73' lang='grc' dir='ltr'>μὲν</span> <span class='ocrx_word' id='word_1_96' title='bbox 523 1342 632 1408; x_wconf 81' lang='grc' dir='ltr'><strong>γάρ</strong></span> <span class='ocrx_word' id='word_1_97' title='bbox 679 1340 768 1394; x_wconf 82' lang='grc' dir='ltr'><strong>διά</strong></span> <span class='ocrx_word' id='word_1_98' title='bbox 808 1339 924 1410; x_wconf 80' lang='grc' dir='ltr'>βίου</span> <span class='ocrx_word' id='word_1_99' title='bbox 977 1342 1229 1410; x_wconf 76' lang='grc' dir='ltr'><strong>κατέχειν</strong></span> <span class='ocrx_word' id='word_1_100' title='bbox 1265 1343 1323 1395; x_wconf 70' lang='grc' dir='ltr'>ιν</span> <span class='ocrx_word' id='word_1_101' title='bbox 1366 1340 1586 1410; x_wconf 81' lang='grc' dir='ltr'><strong>δεσμοῖς</strong></span> <span class='ocrx_word' id='word_1_102' title='bbox 1616 1340 1707 1392; x_wconf 73' lang='grc' dir='ltr'>τὸν</span> <span class='ocrx_word' id='word_1_103' title='bbox 1736 1355 1834 1406; x_wconf 82' lang='grc' dir='ltr'>γυ-</span> 
     </span>
    </p>
   </div>
   <div class='ocr_carea' id='block_1_16' title="bbox 253 1427 1839 1500">
    <p class='ocr_par' dir='ltr' id='par_1_16' title="bbox 253 1427 1839 1500">
     <span class='ocr_line' id='line_1_16' title="bbox 253 1427 1839 1500; baseline 0 -18"><span class='ocrx_word' id='word_1_104' title='bbox 253 1428 443 1491; x_wconf 77' lang='grc' dir='ltr'>ναικὸς</span> <span class='ocrx_word' id='word_1_105' title='bbox 472 1427 705 1496; x_wconf 78' lang='grc' dir='ltr'>ἀδελφὺν</span> <span class='ocrx_word' id='word_1_106' title='bbox 734 1427 1018 1500; x_wconf 79' lang='grc' dir='ltr'>διανοήσῃ,</span> <span class='ocrx_word' id='word_1_107' title='bbox 1047 1429 1243 1498; x_wconf 86' lang='grc' dir='ltr'>άδηλον</span> <span class='ocrx_word' id='word_1_108' title='bbox 1283 1429 1382 1498; x_wconf 73' lang='grc' dir='ltr'>μὲν</span> <span class='ocrx_word' id='word_1_109' title='bbox 1421 1431 1469 1482; x_wconf 83' lang='grc' dir='ltr'><strong>εί</strong></span> <span class='ocrx_word' id='word_1_110' title='bbox 1511 1429 1588 1499; x_wconf 82' lang='grc' dir='ltr'>μὴ</span> <span class='ocrx_word' id='word_1_111' title='bbox 1615 1429 1839 1498; x_wconf 82' lang='grc' dir='ltr'>διαδρά-</span> 
     </span>
    </p>
   </div>
   <div class='ocr_carea' id='block_1_17' title="bbox 253 1521 1836 1593">
    <p class='ocr_par' dir='ltr' id='par_1_17' title="bbox 253 1521 1836 1593">
     <span class='ocr_line' id='line_1_17' title="bbox 253 1521 1836 1593; baseline -0.001 -19"><span class='ocrx_word' id='word_1_112' title='bbox 253 1540 346 1576; x_wconf 85' lang='grc' dir='ltr'><strong>ναι</strong></span> <span class='ocrx_word' id='word_1_113' title='bbox 381 1521 629 1586; x_wconf 80' lang='grc' dir='ltr'>δυνηθεὶς</span> <span class='ocrx_word' id='word_1_114' title='bbox 676 1521 836 1585; x_wconf 76' lang='grc' dir='ltr'>αὖθις</span> <span class='ocrx_word' id='word_1_115' title='bbox 881 1522 1225 1593; x_wconf 74' lang='grc' dir='ltr'>πολεμησειο</span> <span class='ocrx_word' id='word_1_116' title='bbox 1273 1521 1596 1592; x_wconf 75' lang='grc' dir='ltr'>ἀδηλότερον</span> <span class='ocrx_word' id='word_1_117' title='bbox 1644 1522 1700 1575; x_wconf 74' lang='grc' dir='ltr'>δὶ</span> <span class='ocrx_word' id='word_1_118' title='bbox 1737 1522 1836 1590; x_wconf 85' lang='grc' dir='ltr'><strong>οὐχ</strong></span> 
     </span>
    </p>
   </div>
   <div class='ocr_carea' id='block_1_18' title="bbox 253 1613 1837 1686">
    <p class='ocr_par' dir='ltr' id='par_1_18' title="bbox 253 1613 1837 1686">
     <span class='ocr_line' id='line_1_18' title="bbox 253 1613 1837 1686; baseline 0.001 -18"><span class='ocrx_word' id='word_1_119' title='bbox 253 1615 484 1685; x_wconf 77' lang='grc' dir='ltr'>ἥκιστα,</span> <span class='ocrx_word' id='word_1_120' title='bbox 515 1618 563 1670; x_wconf 84' lang='grc' dir='ltr'><strong>εί</strong></span> <span class='ocrx_word' id='word_1_121' title='bbox 589 1616 664 1686; x_wconf 79' lang='grc' dir='ltr'>μὴ</span> <span class='ocrx_word' id='word_1_122' title='bbox 700 1616 793 1670; x_wconf 72' lang='grc' dir='ltr'><strong>καὶ</strong></span> <span class='ocrx_word' id='word_1_123' title='bbox 814 1619 1026 1685; x_wconf 84' lang='grc' dir='ltr'>νικήσει</span> <span class='ocrx_word' id='word_1_124' title='bbox 1053 1613 1475 1685; x_wconf 81' lang='grc' dir='ltr'>πεπολεμηκώς.</span> <span class='ocrx_word' id='word_1_125' title='bbox 1509 1616 1702 1670; x_wconf 78' lang='grc' dir='ltr'>Πολλοὶ</span> <span class='ocrx_word' id='word_1_126' title='bbox 1729 1615 1837 1686; x_wconf 83' lang='grc' dir='ltr'><strong>γὰρ</strong></span> 
     </span>
    </p>
   </div>
   <div class='ocr_carea' id='block_1_19' title="bbox 255 1705 1840 1778">
    <p class='ocr_par' dir='ltr' id='par_1_19' title="bbox 255 1705 1840 1778">
     <span class='ocr_line' id='line_1_19' title="bbox 255 1705 1840 1778; baseline 0.001 -20"><span class='ocrx_word' id='word_1_127' title='bbox 255 1705 525 1769; x_wconf 77' lang='grc' dir='ltr'>πολλάκις</span> <span class='ocrx_word' id='word_1_128' title='bbox 548 1709 612 1758; x_wconf 83' lang='grc' dir='ltr'><strong>ὲκ</strong></span> <span class='ocrx_word' id='word_1_129' title='bbox 649 1705 896 1776; x_wconf 76' lang='grc' dir='ltr'>μεγάλης</span> <span class='ocrx_word' id='word_1_130' title='bbox 925 1707 1098 1778; x_wconf 73' lang='grc' dir='ltr'>ἥττης</span> <span class='ocrx_word' id='word_1_131' title='bbox 1135 1709 1232 1760; x_wconf 79' lang='grc' dir='ltr'><strong>καὶ</strong></span> <span class='ocrx_word' id='word_1_132' title='bbox 1279 1707 1666 1778; x_wconf 75' lang='grc' dir='ltr'>κακοπραγίας</span> <span class='ocrx_word' id='word_1_133' title='bbox 1709 1709 1840 1760; x_wconf 82' lang='grc' dir='ltr'>ἀνα-</span> 
     </span>
    </p>
   </div>
   <div class='ocr_carea' id='block_1_20' title="bbox 257 1797 1840 1872">
    <p class='ocr_par' dir='ltr' id='par_1_20' title="bbox 257 1797 1840 1872">
     <span class='ocr_line' id='line_1_20' title="bbox 257 1797 1840 1872; baseline 0.001 -21"><span class='ocrx_word' id='word_1_134' title='bbox 257 1797 568 1867; x_wconf 76' lang='grc' dir='ltr'>σφήλαντες</span> <span class='ocrx_word' id='word_1_135' title='bbox 599 1798 980 1869; x_wconf 74' lang='grc' dir='ltr'>περιεγένοντο</span> <span class='ocrx_word' id='word_1_136' title='bbox 1007 1799 1116 1853; x_wconf 83' lang='grc' dir='ltr'><strong>τῶν</strong></span> <span class='ocrx_word' id='word_1_137' title='bbox 1145 1801 1443 1868; x_wconf 85' lang='grc' dir='ltr'>πολεμίων,</span> <span class='ocrx_word' id='word_1_138' title='bbox 1475 1803 1541 1854; x_wconf 79' lang='grc' dir='ltr'><strong>ἐκ</strong></span> <span class='ocrx_word' id='word_1_139' title='bbox 1563 1800 1673 1856; x_wconf 83' lang='grc' dir='ltr'>τῶν</span> <span class='ocrx_word' id='word_1_140' title='bbox 1704 1817 1840 1872; x_wconf 86' lang='grc' dir='ltr'>προ-</span> 
     </span>
    </p>
   </div>
   <div class='ocr_carea' id='block_1_21' title="bbox 256 1885 1838 1961">
    <p class='ocr_par' dir='ltr' id='par_1_21' title="bbox 256 1885 1838 1961">
     <span class='ocr_line' id='line_1_21' title="bbox 256 1885 1838 1961; baseline 0.002 -21"><span class='ocrx_word' id='word_1_141' title='bbox 256 1885 438 1957; x_wconf 66' lang='grc' dir='ltr'>τέρων</span> <span class='ocrx_word' id='word_1_142' title='bbox 483 1887 852 1956; x_wconf 76' lang='grc' dir='ltr'>ἀτυχημάτων</span> <span class='ocrx_word' id='word_1_143' title='bbox 892 1887 1288 1961; x_wconf 72' lang='grc' dir='ltr'>ὶμπειρότερον</span> <span class='ocrx_word' id='word_1_144' title='bbox 1339 1891 1676 1961; x_wconf 79' lang='grc' dir='ltr'>χρησάμενοι</span> <span class='ocrx_word' id='word_1_145' title='bbox 1723 1891 1838 1955; x_wconf 80' lang='grc' dir='ltr'>τοῖς</span> 
     </span>
    </p>
   </div>
   <div class='ocr_carea' id='block_1_22' title="bbox 257 1979 1839 2052">
    <p class='ocr_par' dir='ltr' id='par_1_22' title="bbox 257 1979 1839 2052">
     <span class='ocr_line' id='line_1_22' title="bbox 257 1979 1839 2052; baseline 0.003 -20"><span class='ocrx_word' id='word_1_146' title='bbox 257 1979 612 2050; x_wconf 76' lang='grc' dir='ltr'>πράγμασιν.</span> <span class='ocrx_word' id='word_1_147' title='bbox 653 1981 716 2034; x_wconf 77' lang='grc' dir='ltr'><strong>ει</strong></span> <span class='ocrx_word' id='word_1_148' title='bbox 757 1981 803 2033; x_wconf 85' lang='grc' dir='ltr'>δ’</span> <span class='ocrx_word' id='word_1_149' title='bbox 831 1979 941 2050; x_wconf 66' lang='grc' dir='ltr'>ἄρα</span> <span class='ocrx_word' id='word_1_150' title='bbox 977 1997 1060 2034; x_wconf 90' lang='grc' dir='ltr'><strong>σοι</strong></span> <span class='ocrx_word' id='word_1_151' title='bbox 1093 1982 1187 2034; x_wconf 74' lang='grc' dir='ltr'><strong>καὶ</strong></span> <span class='ocrx_word' id='word_1_152' title='bbox 1231 1979 1388 2034; x_wconf 79' lang='grc' dir='ltr'>τοῦτο</span> <span class='ocrx_word' id='word_1_153' title='bbox 1436 1983 1744 2052; x_wconf 80' lang='grc' dir='ltr'>περιέσται,</span> <span class='ocrx_word' id='word_1_154' title='bbox 1777 1982 1839 2036; x_wconf 73' lang='grc' dir='ltr'><strong>τὸ</strong></span> 
     </span>
    </p>
   </div>
   <div class='ocr_carea' id='block_1_23' title="bbox 256 2072 1839 2146">
    <p class='ocr_par' dir='ltr' id='par_1_23' title="bbox 256 2072 1839 2146">
     <span class='ocr_line' id='line_1_23' title="bbox 256 2072 1839 2146; baseline 0.001 -21"><span class='ocrx_word' id='word_1_155' title='bbox 256 2072 432 2144; x_wconf 75' lang='grc' dir='ltr'>πολλῇ</span> <span class='ocrx_word' id='word_1_156' title='bbox 467 2073 695 2145; x_wconf 67' lang='grc' dir='ltr'>προνοίᾳ</span> <span class='ocrx_word' id='word_1_157' title='bbox 728 2073 1056 2144; x_wconf 79' lang='grc' dir='ltr'>χρησαμένῳ</span> <span class='ocrx_word' id='word_1_158' title='bbox 1088 2077 1217 2144; x_wconf 76' lang='grc' dir='ltr'>περὶ</span> <span class='ocrx_word' id='word_1_159' title='bbox 1267 2077 1366 2142; x_wconf 73' lang='grc' dir='ltr'><strong>τήν</strong></span> <span class='ocrx_word' id='word_1_160' title='bbox 1415 2076 1624 2128; x_wconf 71' lang='grc' dir='ltr'>ἐκείνου</span> <span class='ocrx_word' id='word_1_161' title='bbox 1668 2074 1839 2146; x_wconf 77' lang='grc' dir='ltr'>φυλα-</span> 
     </span>
    </p>
   </div>
   <div class='ocr_carea' id='block_1_24' title="bbox 259 2162 1840 2238">
    <p class='ocr_par' dir='ltr' id='par_1_24' title="bbox 259 2162 1840 2238">
     <span class='ocr_line' id='line_1_24' title="bbox 259 2162 1840 2238; baseline 0.001 -18"><span class='ocrx_word' id='word_1_162' title='bbox 259 2166 388 2234; x_wconf 79' lang='grc' dir='ltr'><strong>κὴν.</strong></span> <span class='ocrx_word' id='word_1_163' title='bbox 431 2167 688 2236; x_wconf 72' lang='grc' dir='ltr'>κατέχειν</span> <span class='ocrx_word' id='word_1_164' title='bbox 740 2167 803 2219; x_wconf 70' lang='grc' dir='ltr'>ιν</span> <span class='ocrx_word' id='word_1_165' title='bbox 856 2165 1122 2235; x_wconf 73' lang='grc' dir='ltr'>ἀφύκτοις</span> <span class='ocrx_word' id='word_1_166' title='bbox 1166 2166 1255 2222; x_wconf 84' lang='grc' dir='ltr'><strong>διά</strong></span> <span class='ocrx_word' id='word_1_167' title='bbox 1303 2166 1444 2238; x_wconf 82' lang='grc' dir='ltr'>βίου,</span> <span class='ocrx_word' id='word_1_168' title='bbox 1479 2162 1698 2238; x_wconf 74' lang='grc' dir='ltr'>πρῶτον</span> <span class='ocrx_word' id='word_1_169' title='bbox 1739 2167 1840 2237; x_wconf 71' lang='grc' dir='ltr'>μὲν</span> 
     </span>
    </p>
   </div>
   <div class='ocr_carea' id='block_1_25' title="bbox 261 2259 1837 2333">
    <p class='ocr_par' dir='ltr' id='par_1_25' title="bbox 261 2259 1837 2333">
     <span class='ocr_line' id='line_1_25' title="bbox 261 2259 1837 2333; baseline 0.002 -20"><span class='ocrx_word' id='word_1_170' title='bbox 261 2259 488 2323; x_wconf 87' lang='grc' dir='ltr'>πολλαῖς</span> <span class='ocrx_word' id='word_1_171' title='bbox 517 2260 605 2312; x_wconf 79' lang='grc' dir='ltr'><strong>ἀεὶ</strong></span> <span class='ocrx_word' id='word_1_172' title='bbox 653 2259 874 2315; x_wconf 75' lang='grc' dir='ltr'>συνέσει</span> <span class='ocrx_word' id='word_1_173' title='bbox 926 2259 1021 2314; x_wconf 76' lang='grc' dir='ltr'><strong>καὶ</strong></span> <span class='ocrx_word' id='word_1_174' title='bbox 1073 2261 1352 2326; x_wconf 70' lang='grc' dir='ltr'>ποικίλαις</span> <span class='ocrx_word' id='word_1_175' title='bbox 1408 2264 1526 2324; x_wconf 83' lang='grc' dir='ltr'>ταίς</span> <span class='ocrx_word' id='word_1_176' title='bbox 1563 2262 1837 2333; x_wconf 81' lang='grc' dir='ltr'>φροντίσι,</span> 
     </span>
    </p>
   </div>
   <div class='ocr_carea' id='block_1_26' title="bbox 263 2352 1839 2428">
    <p class='ocr_par' dir='ltr' id='par_1_26' title="bbox 263 2352 1839 2428">
     <span class='ocr_line' id='line_1_26' title="bbox 263 2352 1839 2428; baseline 0.001 -21"><span class='ocrx_word' id='word_1_177' title='bbox 263 2355 360 2416; x_wconf 69' lang='grc' dir='ltr'><strong>καὶ</strong></span> <span class='ocrx_word' id='word_1_178' title='bbox 390 2352 630 2426; x_wconf 79' lang='grc' dir='ltr'>νύκτωρ,</span> <span class='ocrx_word' id='word_1_179' title='bbox 660 2355 756 2409; x_wconf 62' lang='grc' dir='ltr'><strong>καὶ</strong></span> <span class='ocrx_word' id='word_1_180' title='bbox 789 2353 908 2425; x_wconf 81' lang='grc' dir='ltr'>μεθ’</span> <span class='ocrx_word' id='word_1_181' title='bbox 944 2354 1165 2428; x_wconf 73' lang='grc' dir='ltr'>ήμὲραν</span> <span class='ocrx_word' id='word_1_182' title='bbox 1194 2355 1621 2427; x_wconf 76' lang='grc' dir='ltr'>λυμαινομέναις</span> <span class='ocrx_word' id='word_1_183' title='bbox 1645 2359 1730 2411; x_wconf 80' lang='grc' dir='ltr'><strong>ἀεὶ</strong></span> <span class='ocrx_word' id='word_1_184' title='bbox 1759 2356 1839 2428; x_wconf 82' lang='grc' dir='ltr'>τῷ</span> 
     </span>
    </p>
   </div>
   <div class='ocr_carea' id='block_1_27' title="bbox 261 2448 1840 2522">
    <p class='ocr_par' dir='ltr' id='par_1_27' title="bbox 261 2448 1840 2522">
     <span class='ocr_line' id='line_1_27' title="bbox 261 2448 1840 2522; baseline 0.003 -21"><span class='ocrx_word' id='word_1_185' title='bbox 261 2449 386 2521; x_wconf 81' lang='grc' dir='ltr'>βίῳ,</span> <span class='ocrx_word' id='word_1_186' title='bbox 420 2449 516 2504; x_wconf 74' lang='grc' dir='ltr'><strong>καὶ</strong></span> <span class='ocrx_word' id='word_1_187' title='bbox 539 2448 801 2516; x_wconf 82' lang='grc' dir='ltr'>οὐδεμίαν</span> <span class='ocrx_word' id='word_1_188' title='bbox 837 2448 1123 2521; x_wconf 79' lang='grc' dir='ltr'>συγχωρού</span> <span class='ocrx_word' id='word_1_189' title='bbox 1137 2467 1248 2513; x_wconf 64' lang='grc' dir='ltr'>ταις</span> <span class='ocrx_word' id='word_1_190' title='bbox 1283 2448 1546 2519; x_wconf 81' lang='grc' dir='ltr'>εὐθυμίας</span> <span class='ocrx_word' id='word_1_191' title='bbox 1584 2449 1840 2522; x_wconf 76' lang='grc' dir='ltr'>αἴσθησιν</span> 
     </span>
    </p>
   </div>
   <div class='ocr_carea' id='block_1_28' title="bbox 241 2541 1840 2612">
    <p class='ocr_par' dir='ltr' id='par_1_28' title="bbox 241 2541 1840 2612">
     <span class='ocr_line' id='line_1_28' title="bbox 241 2541 1840 2612; baseline 0.002 -17"><span class='ocrx_word' id='word_1_192' title='bbox 241 2541 586 2611; x_wconf 78' lang='grc' dir='ltr'>’λαμσάνειν.</span> <span class='ocrx_word' id='word_1_193' title='bbox 620 2543 696 2597; x_wconf 90' lang='grc' dir='ltr'>Οὐ</span> <span class='ocrx_word' id='word_1_194' title='bbox 730 2544 838 2612; x_wconf 77' lang='grc' dir='ltr'><strong>γάρ</strong></span> <span class='ocrx_word' id='word_1_195' title='bbox 879 2541 1008 2604; x_wconf 74' lang='grc' dir='ltr'>τοὺς</span> <span class='ocrx_word' id='word_1_196' title='bbox 1062 2544 1122 2594; x_wconf 70' lang='grc' dir='ltr'>ιν</span> <span class='ocrx_word' id='word_1_197' title='bbox 1166 2543 1307 2596; x_wconf 82' lang='grc' dir='ltr'>τέλει</span> <span class='ocrx_word' id='word_1_198' title='bbox 1346 2542 1638 2611; x_wconf 79' lang='grc' dir='ltr'>Ῥωμαίων</span> <span class='ocrx_word' id='word_1_199' title='bbox 1705 2546 1840 2598; x_wconf 85' lang='grc' dir='ltr'>ὐπο-</span> 
     </span>
    </p>
   </div>
   <div class='ocr_carea' id='block_1_29' title="bbox 263 2632 1840 2709">
    <p class='ocr_par' dir='ltr' id='par_1_29' title="bbox 263 2632 1840 2709">
     <span class='ocr_line' id='line_1_29' title="bbox 263 2632 1840 2709; baseline 0.001 -19"><span class='ocrx_word' id='word_1_200' title='bbox 263 2637 488 2690; x_wconf 81' lang='grc' dir='ltr'>πτεύειν</span> <span class='ocrx_word' id='word_1_201' title='bbox 526 2638 740 2708; x_wconf 80' lang='grc' dir='ltr'>ἀνάγκη</span> <span class='ocrx_word' id='word_1_202' title='bbox 767 2638 927 2706; x_wconf 84' lang='grc' dir='ltr'>μόνον</span> <span class='ocrx_word' id='word_1_203' title='bbox 958 2635 1278 2701; x_wconf 69' lang='grc' dir='ltr'>ἐπιϐούλους</span> <span class='ocrx_word' id='word_1_204' title='bbox 1313 2632 1473 2701; x_wconf 78' lang='grc' dir='ltr'>εἶναι,</span> <span class='ocrx_word' id='word_1_205' title='bbox 1499 2641 1563 2696; x_wconf 77' lang='grc' dir='ltr'>ἄν</span> <span class='ocrx_word' id='word_1_206' title='bbox 1591 2657 1644 2693; x_wconf 88' lang='grc' dir='ltr'><strong>τι</strong></span> <span class='ocrx_word' id='word_1_207' title='bbox 1670 2638 1840 2709; x_wconf 70' lang='grc' dir='ltr'>τύχῃς</span> 
     </span>
    </p>
   </div>
   <div class='ocr_carea' id='block_1_30' title="bbox 265 2727 1841 2803">
    <p class='ocr_par' dir='ltr' id='par_1_30' title="bbox 265 2727 1841 2803">
     <span class='ocr_line' id='line_1_30' title="bbox 265 2727 1841 2803; baseline 0.006 -24"><span class='ocrx_word' id='word_1_208' title='bbox 265 2727 404 2799; x_wconf 76' lang='grc' dir='ltr'>πρὸς</span> <span class='ocrx_word' id='word_1_209' title='bbox 451 2729 650 2792; x_wconf 77' lang='grc' dir='ltr'>αὐτοὺς</span> <span class='ocrx_word' id='word_1_210' title='bbox 700 2728 1185 2801; x_wconf 75' lang='grc' dir='ltr'>προσκεκρουκὼς,</span> <span class='ocrx_word' id='word_1_211' title='bbox 1240 2730 1376 2784; x_wconf 66' lang='grc' dir='ltr'>ἀλλὰ</span> <span class='ocrx_word' id='word_1_212' title='bbox 1429 2734 1524 2784; x_wconf 70' lang='grc' dir='ltr'><strong>καὶ</strong></span> <span class='ocrx_word' id='word_1_213' title='bbox 1575 2734 1699 2798; x_wconf 73' lang='grc' dir='ltr'>τοὺς</span> <span class='ocrx_word' id='word_1_214' title='bbox 1743 2735 1841 2803; x_wconf 75' lang='grc' dir='ltr'>τὴν</span> 
     </span>
    </p>
   </div>
   <div class='ocr_carea' id='block_1_31' title="bbox 258 2816 1841 2892">
    <p class='ocr_par' dir='ltr' id='par_1_31' title="bbox 258 2816 1841 2892">
     <span class='ocr_line' id='line_1_31' title="bbox 258 2816 1841 2892; baseline 0.001 -13"><span class='ocrx_word' id='word_1_215' title='bbox 258 2821 476 2879; x_wconf 68' lang='grc' dir='ltr'>ἐκείνου</span> <span class='ocrx_word' id='word_1_216' title='bbox 506 2816 754 2891; x_wconf 76' lang='grc' dir='ltr'>φυλακήν</span> <span class='ocrx_word' id='word_1_217' title='bbox 778 2823 1265 2892; x_wconf 79' lang='grc' dir='ltr'>πεπιστευμένους,</span> <span class='ocrx_word' id='word_1_218' title='bbox 1298 2824 1392 2877; x_wconf 74' lang='grc' dir='ltr'><strong>καὶ</strong></span> <span class='ocrx_word' id='word_1_219' title='bbox 1413 2826 1542 2887; x_wconf 75' lang='grc' dir='ltr'>τοὺς</span> <span class='ocrx_word' id='word_1_220' title='bbox 1573 2824 1841 2880; x_wconf 71' lang='grc' dir='ltr'>οίχειοτά-</span> 
     </span>
    </p>
   </div>
   <div class='ocr_carea' id='block_1_32' title="bbox 256 2908 1841 2990">
    <p class='ocr_par' dir='ltr' id='par_1_32' title="bbox 256 2908 1841 2990">
     <span class='ocr_line' id='line_1_32' title="bbox 256 2908 1841 2990; baseline 0.002 -21"><span class='ocrx_word' id='word_1_221' title='bbox 256 2929 392 2978; x_wconf 77' lang='grc' dir='ltr'>τους</span> <span class='ocrx_word' id='word_1_222' title='bbox 416 2912 630 2978; x_wconf 71' lang='grc' dir='ltr'>αὐτοὺς,</span> <span class='ocrx_word' id='word_1_223' title='bbox 662 2916 710 2966; x_wconf 88' lang='grc' dir='ltr'><strong>εί</strong></span> <span class='ocrx_word' id='word_1_224' title='bbox 747 2908 860 2967; x_wconf 72' lang='grc' dir='ltr'>οἷον</span> <span class='ocrx_word' id='word_1_225' title='bbox 887 2930 946 2968; x_wconf 86' lang='grc' dir='ltr'><strong>τε</strong></span> <span class='ocrx_word' id='word_1_226' title='bbox 979 2917 1174 2971; x_wconf 68' lang='grc' dir='ltr'>εἰπεῖν.</span> <span class='ocrx_word' id='word_1_227' title='bbox 1208 2915 1350 2985; x_wconf 79' lang='grc' dir='ltr'>Πρὸς</span> <span class='ocrx_word' id='word_1_228' title='bbox 1380 2919 1488 2988; x_wconf 85' lang='grc' dir='ltr'><strong>γάρ</strong></span> <span class='ocrx_word' id='word_1_229' title='bbox 1518 2917 1596 2988; x_wconf 79' lang='grc' dir='ltr'>τῷ</span> <span class='ocrx_word' id='word_1_230' title='bbox 1627 2921 1841 2990; x_wconf 82' lang='grc' dir='ltr'>ρᾳδίους</span> 
     </span>
    </p>
   </div>
   <div class='ocr_carea' id='block_1_33' title="bbox 258 3002 1842 3081">
    <p class='ocr_par' dir='ltr' id='par_1_33' title="bbox 258 3002 1842 3081">
     <span class='ocr_line' id='line_1_33' title="bbox 258 3002 1842 3081; baseline 0.003 -21"><span class='ocrx_word' id='word_1_231' title='bbox 258 3002 406 3060; x_wconf 72' lang='grc' dir='ltr'>εἶναι</span> <span class='ocrx_word' id='word_1_232' title='bbox 437 3005 563 3068; x_wconf 79' lang='grc' dir='ltr'><strong>τούς</strong></span> <span class='ocrx_word' id='word_1_233' title='bbox 583 3003 912 3074; x_wconf 79' lang='grc' dir='ltr'>ἀνθρώπους</span> <span class='ocrx_word' id='word_1_234' title='bbox 950 3007 1082 3074; x_wconf 67' lang='grc' dir='ltr'>πρδς</span> <span class='ocrx_word' id='word_1_235' title='bbox 1128 3006 1457 3076; x_wconf 76' lang='grc' dir='ltr'>μεταϐολάς,</span> <span class='ocrx_word' id='word_1_236' title='bbox 1497 3011 1592 3062; x_wconf 80' lang='grc' dir='ltr'><strong>καὶ</strong></span> <span class='ocrx_word' id='word_1_237' title='bbox 1630 3011 1842 3081; x_wconf 81' lang='grc' dir='ltr'>χαίρειν</span> 
     </span>
    </p>
   </div>
   <div class='ocr_carea' id='block_1_34' title="bbox 1933 511 3508 582">
    <p class='ocr_par' dir='ltr' id='par_1_34' title="bbox 1933 511 3508 582">
     <span class='ocr_line' id='line_1_34' title="bbox 1933 511 3508 582; baseline -0.001 -17"><span class='ocrx_word' id='word_1_238' title='bbox 1933 512 2169 581; x_wconf 78' lang='lat' dir='ltr'><strong>negabo,</strong></span> <span class='ocrx_word' id='word_1_239' title='bbox 2191 527 2258 566; x_wconf 91' lang='lat' dir='ltr'><strong>co</strong></span> <span class='ocrx_word' id='word_1_240' title='bbox 2289 511 2496 574; x_wconf 87' lang='lat' dir='ltr'><strong>vincto,</strong></span> <span class='ocrx_word' id='word_1_241' title='bbox 2525 511 2699 567; x_wconf 83' lang='lat' dir='ltr'><strong>videri</strong></span> <span class='ocrx_word' id='word_1_242' title='bbox 2727 511 2858 565; x_wconf 90' lang='lat' dir='ltr'><strong>mihi</strong></span> <span class='ocrx_word' id='word_1_243' title='bbox 2887 522 3112 582; x_wconf 82' lang='lat' dir='ltr'><strong>propter</strong></span> <span class='ocrx_word' id='word_1_244' title='bbox 3139 522 3344 567; x_wconf 77' lang='lat' dir='ltr'><strong>natura:</strong></span> <span class='ocrx_word' id='word_1_245' title='bbox 3373 528 3508 564; x_wconf 76' lang='lat' dir='ltr'><strong>eon-</strong></span> 
     </span>
    </p>
   </div>
   <div class='ocr_carea' id='block_1_35' title="bbox 1933 603 3508 674">
    <p class='ocr_par' dir='ltr' id='par_1_35' title="bbox 1933 603 3508 674">
     <span class='ocr_line' id='line_1_35' title="bbox 1933 603 3508 674; baseline -0.003 -14"><span class='ocrx_word' id='word_1_246' title='bbox 1933 619 2154 660; x_wconf 97' lang='lat' dir='ltr'><strong>sensum</strong></span> <span class='ocrx_word' id='word_1_247' title='bbox 2195 603 2387 658; x_wconf 88' lang='lat' dir='ltr'><strong>eadem</strong></span> <span class='ocrx_word' id='word_1_248' title='bbox 2427 603 2663 674; x_wconf 83' lang='lat' dir='ltr'><strong>perpeti,</strong></span> <span class='ocrx_word' id='word_1_249' title='bbox 2696 619 2819 672; x_wconf 65' lang='lat' dir='ltr'><strong>quae</strong></span> <span class='ocrx_word' id='word_1_250' title='bbox 2851 604 2943 658; x_wconf 82' lang='lat' dir='ltr'><strong>ille</strong></span> <span class='ocrx_word' id='word_1_251' title='bbox 2976 603 3332 673; x_wconf 83' lang='lat' dir='ltr'><strong>perpetitur),</strong></span> <span class='ocrx_word' id='word_1_252' title='bbox 3361 611 3416 656; x_wconf 90' lang='lat' dir='ltr'><strong>tu</strong></span> <span class='ocrx_word' id='word_1_253' title='bbox 3455 619 3508 656; x_wconf 89' lang='grc' dir='ltr'><strong>ιιι</strong></span> 
     </span>
    </p>
   </div>
   <div class='ocr_carea' id='block_1_36' title="bbox 1937 693 3510 764">
    <p class='ocr_par' dir='ltr' id='par_1_36' title="bbox 1937 693 3510 764">
     <span class='ocr_line' id='line_1_36' title="bbox 1937 693 3510 764; baseline 0 -17"><span class='ocrx_word' id='word_1_254' title='bbox 1937 695 2224 764; x_wconf 66' lang='lat' dir='ltr'><strong>prmsentia</strong></span> <span class='ocrx_word' id='word_1_255' title='bbox 2247 693 2493 748; x_wconf 78' lang='lat' dir='ltr'><strong>funditus</strong></span> <span class='ocrx_word' id='word_1_256' title='bbox 2512 693 3033 764; x_wconf 86' lang='lat' dir='ltr'><strong>sustulisti,quando</strong></span> <span class='ocrx_word' id='word_1_257' title='bbox 3057 694 3246 762; x_wconf 78' lang='lat' dir='ltr'><strong>paucis</strong></span> <span class='ocrx_word' id='word_1_258' title='bbox 3261 693 3457 750; x_wconf 88' lang='lat' dir='ltr'><strong>diebus</strong></span> <span class='ocrx_word' id='word_1_259' title='bbox 3478 709 3510 747; x_wconf 79' lang='grc' dir='ltr'><strong>ο</strong></span> 
     </span>
    </p>
   </div>
   <div class='ocr_carea' id='block_1_37' title="bbox 1936 785 3510 856">
    <p class='ocr_par' dir='ltr' id='par_1_37' title="bbox 1936 785 3510 856">
     <span class='ocr_line' id='line_1_37' title="bbox 1936 785 3510 856; baseline 0 -19"><span class='ocrx_word' id='word_1_260' title='bbox 1936 785 2172 840; x_wconf 86' lang='lat' dir='ltr'><strong>vinculis</strong></span> <span class='ocrx_word' id='word_1_261' title='bbox 2214 786 2570 840; x_wconf 76' lang='lat' dir='ltr'><strong>dimissurum</strong></span> <span class='ocrx_word' id='word_1_262' title='bbox 2623 787 2914 855; x_wconf 72' lang='lat' dir='ltr'><strong>recepisti;</strong></span> <span class='ocrx_word' id='word_1_263' title='bbox 2981 787 3127 856; x_wconf 89' lang='lat' dir='ltr'><strong>quod</strong></span> <span class='ocrx_word' id='word_1_264' title='bbox 3183 786 3231 841; x_wconf 85' lang='lat' dir='ltr'><strong>si</strong></span> <span class='ocrx_word' id='word_1_265' title='bbox 3287 802 3345 839; x_wconf 91' lang='lat' dir='ltr'><strong>re</strong></span> <span class='ocrx_word' id='word_1_266' title='bbox 3395 785 3510 855; x_wconf 83' lang='lat' dir='ltr'><strong>ipsa</strong></span> 
     </span>
    </p>
   </div>
   <div class='ocr_carea' id='block_1_38' title="bbox 1935 878 3510 949">
    <p class='ocr_par' dir='ltr' id='par_1_38' title="bbox 1935 878 3510 949">
     <span class='ocr_line' id='line_1_38' title="bbox 1935 878 3510 949; baseline 0.001 -19"><span class='ocrx_word' id='word_1_267' title='bbox 1935 879 2277 949; x_wconf 65' lang='lat' dir='ltr'><strong>pricstiteris.</strong></span> <span class='ocrx_word' id='word_1_268' title='bbox 2315 888 2463 933; x_wconf 85' lang='lat' dir='ltr'><strong>recte</strong></span> <span class='ocrx_word' id='word_1_269' title='bbox 2505 879 2722 934; x_wconf 77' lang='lat' dir='ltr'><strong>feceris.</strong></span> <span class='ocrx_word' id='word_1_270' title='bbox 2753 879 2972 933; x_wconf 86' lang='lat' dir='ltr'><strong>Etenim</strong></span> <span class='ocrx_word' id='word_1_271' title='bbox 3017 895 3128 933; x_wconf 89' lang='lat' dir='ltr'><strong>non</strong></span> <span class='ocrx_word' id='word_1_272' title='bbox 3167 878 3234 932; x_wconf 89' lang='lat' dir='ltr'><strong>ad</strong></span> <span class='ocrx_word' id='word_1_273' title='bbox 3267 879 3510 933; x_wconf 83' lang='lat' dir='ltr'><strong>celebri-</strong></span> 
     </span>
    </p>
   </div>
   <div class='ocr_carea' id='block_1_39' title="bbox 1938 971 3510 1035">
    <p class='ocr_par' dir='ltr' id='par_1_39' title="bbox 1938 971 3510 1035">
     <span class='ocr_line' id='line_1_39' title="bbox 1938 971 3510 1035; baseline 0.002 -12"><span class='ocrx_word' id='word_1_274' title='bbox 1938 977 2102 1024; x_wconf 86' lang='lat' dir='ltr'><strong>tatem</strong></span> <span class='ocrx_word' id='word_1_275' title='bbox 2140 971 2379 1025; x_wconf 87' lang='lat' dir='ltr'><strong>nominis</strong></span> <span class='ocrx_word' id='word_1_276' title='bbox 2417 982 2654 1035; x_wconf 87' lang='lat' dir='ltr'><strong>tantum,</strong></span> <span class='ocrx_word' id='word_1_277' title='bbox 2690 972 2786 1027; x_wconf 85' lang='lat' dir='ltr'><strong>sed</strong></span> <span class='ocrx_word' id='word_1_278' title='bbox 2833 973 2997 1026; x_wconf 88' lang='lat' dir='ltr'><strong>etiam</strong></span> <span class='ocrx_word' id='word_1_279' title='bbox 3040 974 3107 1026; x_wconf 88' lang='lat' dir='ltr'><strong>ad</strong></span> <span class='ocrx_word' id='word_1_280' title='bbox 3151 975 3510 1027; x_wconf 84' lang='lat' dir='ltr'><strong>securitatem</strong></span> 
     </span>
    </p>
   </div>
   <div class='ocr_carea' id='block_1_40' title="bbox 1940 1066 3514 1137">
    <p class='ocr_par' dir='ltr' id='par_1_40' title="bbox 1940 1066 3514 1137">
     <span class='ocr_line' id='line_1_40' title="bbox 1940 1066 3514 1137; baseline 0.003 -18"><span class='ocrx_word' id='word_1_281' title='bbox 1940 1066 2034 1119; x_wconf 93' lang='lat' dir='ltr'><strong>tibi</strong></span> <span class='ocrx_word' id='word_1_282' title='bbox 2067 1066 2273 1134; x_wconf 87' lang='lat' dir='ltr'><strong>optime</strong></span> <span class='ocrx_word' id='word_1_283' title='bbox 2302 1066 2576 1121; x_wconf 75' lang='lat' dir='ltr'><strong>consules.</strong></span> <span class='ocrx_word' id='word_1_284' title='bbox 2608 1066 2742 1120; x_wconf 74' lang='lat' dir='ltr'><strong>Nam</strong></span> <span class='ocrx_word' id='word_1_285' title='bbox 2775 1067 2817 1120; x_wconf 91' lang='lat' dir='ltr'><strong>si</strong></span> <span class='ocrx_word' id='word_1_286' title='bbox 2844 1069 3023 1137; x_wconf 86' lang='lat' dir='ltr'><strong>quoad</strong></span> <span class='ocrx_word' id='word_1_287' title='bbox 3053 1067 3289 1136; x_wconf 77' lang='lat' dir='ltr'><strong>Spirabit</strong></span> <span class='ocrx_word' id='word_1_288' title='bbox 3324 1070 3514 1123; x_wconf 79' lang='lat' dir='ltr'><strong>uxoris</strong></span> 
     </span>
    </p>
   </div>
   <div class='ocr_carea' id='block_1_41' title="bbox 1938 1153 3513 1220">
    <p class='ocr_par' dir='ltr' id='par_1_41' title="bbox 1938 1153 3513 1220">
     <span class='ocr_line' id='line_1_41' title="bbox 1938 1153 3513 1220; baseline 0.001 -8"><span class='ocrx_word' id='word_1_289' title='bbox 1938 1168 2046 1213; x_wconf 71' lang='lat' dir='ltr'><strong>tute</strong></span> <span class='ocrx_word' id='word_1_290' title='bbox 2085 1157 2308 1212; x_wconf 78' lang='lat' dir='ltr'><strong>fratrem</strong></span> <span class='ocrx_word' id='word_1_291' title='bbox 2361 1159 2613 1214; x_wconf 84' lang='lat' dir='ltr'><strong>custodia</strong></span> <span class='ocrx_word' id='word_1_292' title='bbox 2655 1160 3017 1215; x_wconf 83' lang='lat' dir='ltr'><strong>detinendum</strong></span> <span class='ocrx_word' id='word_1_293' title='bbox 3069 1153 3354 1220; x_wconf 73' lang='lat' dir='ltr'><strong>statueris.</strong></span> <span class='ocrx_word' id='word_1_294' title='bbox 3400 1163 3513 1216; x_wconf 76' lang='lat' dir='ltr'><strong>for-</strong></span> 
     </span>
    </p>
   </div>
   <div class='ocr_carea' id='block_1_42' title="bbox 1938 1250 3514 1324">
    <p class='ocr_par' dir='ltr' id='par_1_42' title="bbox 1938 1250 3514 1324">
     <span class='ocr_line' id='line_1_42' title="bbox 1938 1250 3514 1324; baseline 0.003 -18"><span class='ocrx_word' id='word_1_295' title='bbox 1938 1251 2105 1313; x_wconf 77' lang='lat' dir='ltr'><strong>sitan,</strong></span> <span class='ocrx_word' id='word_1_296' title='bbox 2149 1251 2194 1305; x_wconf 88' lang='lat' dir='ltr'><strong>si</strong></span> <span class='ocrx_word' id='word_1_297' title='bbox 2253 1250 2496 1322; x_wconf 76' lang='lat' dir='ltr'><strong>eﬂ‘ugere</strong></span> <span class='ocrx_word' id='word_1_298' title='bbox 2547 1253 2787 1316; x_wconf 81' lang='lat' dir='ltr'><strong>licuerit,</strong></span> <span class='ocrx_word' id='word_1_299' title='bbox 2835 1253 3038 1307; x_wconf 90' lang='lat' dir='ltr'><strong>bellum</strong></span> <span class='ocrx_word' id='word_1_300' title='bbox 3095 1253 3514 1324; x_wconf 81' lang='lat' dir='ltr'><strong>redintegrahit.</strong></span> 
     </span>
    </p>
   </div>
   <div class='ocr_carea' id='block_1_43' title="bbox 1937 1341 3504 1413">
    <p class='ocr_par' dir='ltr' id='par_1_43' title="bbox 1937 1341 3504 1413">
     <span class='ocr_line' id='line_1_43' title="bbox 1937 1341 3504 1413; baseline 0.002 -15"><span class='ocrx_word' id='word_1_301' title='bbox 1937 1341 2073 1398; x_wconf 87' lang='lat' dir='ltr'><strong>Illud</strong></span> <span class='ocrx_word' id='word_1_302' title='bbox 2123 1352 2306 1398; x_wconf 88' lang='lat' dir='ltr'><strong>autem</strong></span> <span class='ocrx_word' id='word_1_303' title='bbox 2345 1345 2502 1413; x_wconf 85' lang='lat' dir='ltr'><strong>longe</strong></span> <span class='ocrx_word' id='word_1_304' title='bbox 2533 1343 2986 1412; x_wconf 86' lang='lat' dir='ltr'><strong>incertissimum,</strong></span> <span class='ocrx_word' id='word_1_305' title='bbox 3037 1363 3105 1402; x_wconf 90' lang='lat' dir='ltr'><strong>an</strong></span> <span class='ocrx_word' id='word_1_306' title='bbox 3156 1364 3264 1402; x_wconf 89' lang='lat' dir='ltr'><strong>non</strong></span> <span class='ocrx_word' id='word_1_307' title='bbox 3310 1350 3504 1412; x_wconf 84' lang='lat' dir='ltr'><strong>etiam,</strong></span> 
     </span>
    </p>
   </div>
   <div class='ocr_carea' id='block_1_44' title="bbox 1941 1436 3518 1507">
    <p class='ocr_par' dir='ltr' id='par_1_44' title="bbox 1941 1436 3518 1507">
     <span class='ocr_line' id='line_1_44' title="bbox 1941 1436 3518 1507; baseline 0.002 -16"><span class='ocrx_word' id='word_1_308' title='bbox 1941 1437 2035 1492; x_wconf 90' lang='lat' dir='ltr'><strong>ubi</strong></span> <span class='ocrx_word' id='word_1_309' title='bbox 2088 1436 2410 1507; x_wconf 76' lang='lat' dir='ltr'><strong>pugnaverit</strong></span> <span class='ocrx_word' id='word_1_310' title='bbox 2456 1438 2637 1490; x_wconf 82' lang='lat' dir='ltr'><strong>victor</strong></span> <span class='ocrx_word' id='word_1_311' title='bbox 2679 1452 2948 1492; x_wconf 75' lang='lat' dir='ltr'><strong>evasurus</strong></span> <span class='ocrx_word' id='word_1_312' title='bbox 2995 1440 3087 1494; x_wconf 87' lang='lat' dir='ltr'><strong>sit.</strong></span> <span class='ocrx_word' id='word_1_313' title='bbox 3161 1440 3310 1495; x_wconf 82' lang='lat' dir='ltr'><strong>Multi</strong></span> <span class='ocrx_word' id='word_1_314' title='bbox 3368 1442 3518 1496; x_wconf 87' lang='lat' dir='ltr'><strong>enim</strong></span> 
     </span>
    </p>
   </div>
   <div class='ocr_carea' id='block_1_45' title="bbox 1939 1521 3517 1600">
    <p class='ocr_par' dir='ltr' id='par_1_45' title="bbox 1939 1521 3517 1600">
     <span class='ocr_line' id='line_1_45' title="bbox 1939 1521 3517 1600; baseline 0 -14"><span class='ocrx_word' id='word_1_315' title='bbox 1939 1545 2320 1600; x_wconf 62' lang='lat' dir='ltr'><strong>saepenumero</strong></span> <span class='ocrx_word' id='word_1_316' title='bbox 2355 1545 2520 1598; x_wconf 91' lang='lat' dir='ltr'><strong>parva</strong></span> <span class='ocrx_word' id='word_1_317' title='bbox 2567 1545 2691 1583; x_wconf 88' lang='lat' dir='ltr'><strong>cum</strong></span> <span class='ocrx_word' id='word_1_318' title='bbox 2727 1521 2944 1598; x_wconf 80' lang='lat' dir='ltr'><strong>jactura</strong></span> <span class='ocrx_word' id='word_1_319' title='bbox 2984 1548 3081 1586; x_wconf 90' lang='lat' dir='ltr'><strong>sua</strong></span> <span class='ocrx_word' id='word_1_320' title='bbox 3124 1533 3276 1592; x_wconf 80' lang='lat' dir='ltr'><strong>victi.</strong></span> <span class='ocrx_word' id='word_1_321' title='bbox 3327 1548 3517 1587; x_wconf 85' lang='lat' dir='ltr'><strong>rursus</strong></span> 
     </span>
    </p>
   </div>
   <div class='ocr_carea' id='block_1_46' title="bbox 1939 1623 3516 1693">
    <p class='ocr_par' dir='ltr' id='par_1_46' title="bbox 1939 1623 3516 1693">
     <span class='ocr_line' id='line_1_46' title="bbox 1939 1623 3516 1693; baseline 0.001 -15"><span class='ocrx_word' id='word_1_322' title='bbox 1939 1623 2133 1688; x_wconf 86' lang='lat' dir='ltr'><strong>erecti,</strong></span> <span class='ocrx_word' id='word_1_323' title='bbox 2193 1635 2246 1677; x_wconf 88' lang='lat' dir='ltr'><strong>et</strong></span> <span class='ocrx_word' id='word_1_324' title='bbox 2310 1623 2587 1693; x_wconf 63' lang='lat' dir='ltr'><strong>praeterita</strong></span> <span class='ocrx_word' id='word_1_325' title='bbox 2658 1623 2968 1678; x_wconf 86' lang='lat' dir='ltr'><strong>calamitate</strong></span> <span class='ocrx_word' id='word_1_326' title='bbox 3025 1625 3306 1679; x_wconf 86' lang='lat' dir='ltr'><strong>cautiores</strong></span> <span class='ocrx_word' id='word_1_327' title='bbox 3364 1626 3516 1687; x_wconf 81' lang='lat' dir='ltr'><strong>laeti.</strong></span> 
     </span>
    </p>
   </div>
   <div class='ocr_carea' id='block_1_47' title="bbox 1939 1713 3520 1786">
    <p class='ocr_par' dir='ltr' id='par_1_47' title="bbox 1939 1713 3520 1786">
     <span class='ocr_line' id='line_1_47' title="bbox 1939 1713 3520 1786; baseline 0 -18"><span class='ocrx_word' id='word_1_328' title='bbox 1939 1716 2179 1771; x_wconf 73' lang='lat' dir='ltr'><strong>victores</strong></span> <span class='ocrx_word' id='word_1_329' title='bbox 2205 1731 2335 1770; x_wconf 87' lang='lat' dir='ltr'><strong>suos</strong></span> <span class='ocrx_word' id='word_1_330' title='bbox 2363 1715 2703 1769; x_wconf 79' lang='lat' dir='ltr'><strong>devicerunt.</strong></span> <span class='ocrx_word' id='word_1_331' title='bbox 2729 1713 2885 1782; x_wconf 83' lang='lat' dir='ltr'><strong>Quod</strong></span> <span class='ocrx_word' id='word_1_332' title='bbox 2918 1715 2960 1772; x_wconf 91' lang='lat' dir='ltr'><strong>si</strong></span> <span class='ocrx_word' id='word_1_333' title='bbox 2996 1716 3156 1772; x_wconf 77' lang='lat' dir='ltr'><strong>facile</strong></span> <span class='ocrx_word' id='word_1_334' title='bbox 3187 1718 3367 1786; x_wconf 82' lang='lat' dir='ltr'><strong>possis</strong></span> <span class='ocrx_word' id='word_1_335' title='bbox 3386 1716 3520 1770; x_wconf 84' lang='lat' dir='ltr'><strong>dili-</strong></span> 
     </span>
    </p>
   </div>
   <div class='ocr_carea' id='block_1_48' title="bbox 1942 1807 3526 1879">
    <p class='ocr_par' dir='ltr' id='par_1_48' title="bbox 1942 1807 3526 1879">
     <span class='ocr_line' id='line_1_48' title="bbox 1942 1807 3526 1879; baseline 0.001 -19"><span class='ocrx_word' id='word_1_336' title='bbox 1942 1807 2092 1879; x_wconf 84' lang='lat' dir='ltr'><strong>genti</strong></span> <span class='ocrx_word' id='word_1_337' title='bbox 2139 1807 2491 1875; x_wconf 77' lang='lat' dir='ltr'><strong>providentia</strong></span> <span class='ocrx_word' id='word_1_338' title='bbox 2540 1823 2636 1876; x_wconf 90' lang='lat' dir='ltr'><strong>per</strong></span> <span class='ocrx_word' id='word_1_339' title='bbox 2669 1822 2887 1862; x_wconf 83' lang='lat' dir='ltr'><strong>onmem</strong></span> <span class='ocrx_word' id='word_1_340' title='bbox 2939 1807 3108 1862; x_wconf 80' lang='lat' dir='ltr'><strong>vitam</strong></span> <span class='ocrx_word' id='word_1_341' title='bbox 3153 1807 3526 1862; x_wconf 84' lang='lat' dir='ltr'><strong>adamantinis</strong></span> 
     </span>
    </p>
   </div>
   <div class='ocr_carea' id='block_1_49' title="bbox 1943 1898 3524 1970">
    <p class='ocr_par' dir='ltr' id='par_1_49' title="bbox 1943 1898 3524 1970">
     <span class='ocr_line' id='line_1_49' title="bbox 1943 1898 3524 1970; baseline -0.001 -14"><span class='ocrx_word' id='word_1_342' title='bbox 1943 1911 2080 1956; x_wconf 86' lang='lat' dir='ltr'><strong>eum</strong></span> <span class='ocrx_word' id='word_1_343' title='bbox 2115 1900 2353 1954; x_wconf 80' lang='lat' dir='ltr'><strong>vinculis</strong></span> <span class='ocrx_word' id='word_1_344' title='bbox 2406 1899 2712 1964; x_wconf 87' lang='lat' dir='ltr'><strong>custodire,</strong></span> <span class='ocrx_word' id='word_1_345' title='bbox 2760 1898 2998 1968; x_wconf 91' lang='lat' dir='ltr'><strong>primum</strong></span> <span class='ocrx_word' id='word_1_346' title='bbox 3040 1900 3263 1968; x_wconf 83' lang='lat' dir='ltr'><strong>quidem</strong></span> <span class='ocrx_word' id='word_1_347' title='bbox 3304 1916 3524 1970; x_wconf 79' lang='lat' dir='ltr'><strong>semper</strong></span> 
     </span>
    </p>
   </div>
   <div class='ocr_carea' id='block_1_50' title="bbox 1946 1990 3524 2060">
    <p class='ocr_par' dir='ltr' id='par_1_50' title="bbox 1946 1990 3524 2060">
     <span class='ocr_line' id='line_1_50' title="bbox 1946 1990 3524 2060; baseline -0.002 -14"><span class='ocrx_word' id='word_1_348' title='bbox 1946 1991 2193 2048; x_wconf 82' lang='lat' dir='ltr'><strong>molestis</strong></span> <span class='ocrx_word' id='word_1_349' title='bbox 2248 1990 2675 2060; x_wconf 81' lang='lat' dir='ltr'><strong>cogitationibus</strong></span> <span class='ocrx_word' id='word_1_350' title='bbox 2720 1990 3076 2055; x_wconf 77' lang='lat' dir='ltr'><strong>exereehere,</strong></span> <span class='ocrx_word' id='word_1_351' title='bbox 3128 2006 3249 2059; x_wconf 80' lang='lat' dir='ltr'><strong>quzc</strong></span> <span class='ocrx_word' id='word_1_352' title='bbox 3281 1990 3372 2043; x_wconf 89' lang='lat' dir='ltr'><strong>diu</strong></span> <span class='ocrx_word' id='word_1_353' title='bbox 3425 2006 3524 2043; x_wconf 88' lang='lat' dir='ltr'><strong>no-</strong></span> 
     </span>
    </p>
   </div>
   <div class='ocr_carea' id='block_1_51' title="bbox 1945 2081 3524 2153">
    <p class='ocr_par' dir='ltr' id='par_1_51' title="bbox 1945 2081 3524 2153">
     <span class='ocr_line' id='line_1_51' title="bbox 1945 2081 3524 2153; baseline 0 -17"><span class='ocrx_word' id='word_1_354' title='bbox 1945 2095 2148 2153; x_wconf 85' lang='lat' dir='ltr'><strong>ctuque</strong></span> <span class='ocrx_word' id='word_1_355' title='bbox 2181 2084 2348 2138; x_wconf 87' lang='lat' dir='ltr'><strong>vitam</strong></span> <span class='ocrx_word' id='word_1_356' title='bbox 2395 2093 2538 2136; x_wconf 87' lang='lat' dir='ltr'><strong>tuam</strong></span> <span class='ocrx_word' id='word_1_357' title='bbox 2577 2091 2839 2152; x_wconf 82' lang='lat' dir='ltr'><strong>carpant,</strong></span> <span class='ocrx_word' id='word_1_358' title='bbox 2864 2093 2917 2136; x_wconf 93' lang='lat' dir='ltr'><strong>et</strong></span> <span class='ocrx_word' id='word_1_359' title='bbox 2959 2096 3177 2136; x_wconf 83' lang='lat' dir='ltr'><strong>omnem</strong></span> <span class='ocrx_word' id='word_1_360' title='bbox 3227 2081 3524 2136; x_wconf 81' lang='lat' dir='ltr'><strong>hilaritatis</strong></span> 
     </span>
    </p>
   </div>
   <div class='ocr_carea' id='block_1_52' title="bbox 1944 2173 3519 2231">
    <p class='ocr_par' dir='ltr' id='par_1_52' title="bbox 1944 2173 3519 2231">
     <span class='ocr_line' id='line_1_52' title="bbox 1944 2173 3519 2231; baseline -0.004 0"><span class='ocrx_word' id='word_1_361' title='bbox 1944 2191 2170 2231; x_wconf 88' lang='lat' dir='ltr'><strong>sensum</strong></span> <span class='ocrx_word' id='word_1_362' title='bbox 2199 2174 2514 2230; x_wconf 79' lang='lat' dir='ltr'><strong>excludant.</strong></span> <span class='ocrx_word' id='word_1_363' title='bbox 2551 2174 2703 2228; x_wconf 87' lang='lat' dir='ltr'><strong>llaud</strong></span> <span class='ocrx_word' id='word_1_364' title='bbox 2740 2174 2888 2228; x_wconf 88' lang='lat' dir='ltr'><strong>enim</strong></span> <span class='ocrx_word' id='word_1_365' title='bbox 2933 2173 3110 2227; x_wconf 87' lang='lat' dir='ltr'><strong>solum</strong></span> <span class='ocrx_word' id='word_1_366' title='bbox 3147 2174 3519 2227; x_wconf 73' lang='lat' dir='ltr'><strong>[tertianorum</strong></span> 
     </span>
    </p>
   </div>
   <div class='ocr_carea' id='block_1_53' title="bbox 1945 2263 3524 2337">
    <p class='ocr_par' dir='ltr' id='par_1_53' title="bbox 1945 2263 3524 2337">
     <span class='ocr_line' id='line_1_53' title="bbox 1945 2263 3524 2337; baseline -0.001 -18"><span class='ocrx_word' id='word_1_367' title='bbox 1945 2281 2238 2337; x_wconf 84' lang='lat' dir='ltr'><strong>procerum</strong></span> <span class='ocrx_word' id='word_1_368' title='bbox 2273 2264 2502 2320; x_wconf 81' lang='lat' dir='ltr'><strong>insidias</strong></span> <span class='ocrx_word' id='word_1_369' title='bbox 2542 2274 2790 2319; x_wconf 83' lang='lat' dir='ltr'><strong>metuere</strong></span> <span class='ocrx_word' id='word_1_370' title='bbox 2831 2263 3128 2332; x_wconf 75' lang='lat' dir='ltr'><strong>Oportebit,</strong></span> <span class='ocrx_word' id='word_1_371' title='bbox 3167 2264 3212 2316; x_wconf 86' lang='lat' dir='ltr'><strong>si</strong></span> <span class='ocrx_word' id='word_1_372' title='bbox 3263 2263 3393 2332; x_wconf 86' lang='lat' dir='ltr'><strong>quid</strong></span> <span class='ocrx_word' id='word_1_373' title='bbox 3425 2279 3524 2317; x_wconf 85' lang='lat' dir='ltr'><strong>eos</strong></span> 
     </span>
    </p>
   </div>
   <div class='ocr_carea' id='block_1_54' title="bbox 1947 2355 3524 2426">
    <p class='ocr_par' dir='ltr' id='par_1_54' title="bbox 1947 2355 3524 2426">
     <span class='ocr_line' id='line_1_54' title="bbox 1947 2355 3524 2426; baseline -0.003 -12"><span class='ocrx_word' id='word_1_374' title='bbox 1947 2358 2285 2423; x_wconf 78' lang='lat' dir='ltr'><strong>oﬂcnderis,</strong></span> <span class='ocrx_word' id='word_1_375' title='bbox 2346 2358 2442 2412; x_wconf 88' lang='lat' dir='ltr'><strong>sed</strong></span> <span class='ocrx_word' id='word_1_376' title='bbox 2494 2365 2549 2412; x_wconf 92' lang='lat' dir='ltr'><strong>et</strong></span> <span class='ocrx_word' id='word_1_377' title='bbox 2596 2373 2692 2412; x_wconf 87' lang='lat' dir='ltr'><strong>eos</strong></span> <span class='ocrx_word' id='word_1_378' title='bbox 2741 2357 2940 2426; x_wconf 80' lang='lat' dir='ltr'><strong>quibus</strong></span> <span class='ocrx_word' id='word_1_379' title='bbox 3009 2357 3317 2410; x_wconf 85' lang='lat' dir='ltr'><strong>custodiam</strong></span> <span class='ocrx_word' id='word_1_380' title='bbox 3373 2355 3524 2410; x_wconf 88' lang='lat' dir='ltr'><strong>illius</strong></span> 
     </span>
    </p>
   </div>
   <div class='ocr_carea' id='block_1_55' title="bbox 1945 2445 3524 2516">
    <p class='ocr_par' dir='ltr' id='par_1_55' title="bbox 1945 2445 3524 2516">
     <span class='ocr_line' id='line_1_55' title="bbox 1945 2445 3524 2516; baseline -0.002 -11"><span class='ocrx_word' id='word_1_381' title='bbox 1945 2449 2311 2514; x_wconf 86' lang='lat' dir='ltr'><strong>commiseris,</strong></span> <span class='ocrx_word' id='word_1_382' title='bbox 2367 2458 2422 2502; x_wconf 87' lang='lat' dir='ltr'><strong>et</strong></span> <span class='ocrx_word' id='word_1_383' title='bbox 2473 2448 2640 2516; x_wconf 84' lang='lat' dir='ltr'><strong>ipsos,</strong></span> <span class='ocrx_word' id='word_1_384' title='bbox 2693 2450 2735 2502; x_wconf 82' lang='lat' dir='ltr'><strong>si</strong></span> <span class='ocrx_word' id='word_1_385' title='bbox 2783 2447 2888 2502; x_wconf 85' lang='lat' dir='ltr'><strong>dici</strong></span> <span class='ocrx_word' id='word_1_386' title='bbox 2936 2445 3017 2502; x_wconf 83' lang='lat' dir='ltr'><strong>fas</strong></span> <span class='ocrx_word' id='word_1_387' title='bbox 3057 2456 3159 2509; x_wconf 87' lang='lat' dir='ltr'><strong>est,</strong></span> <span class='ocrx_word' id='word_1_388' title='bbox 3208 2447 3524 2502; x_wconf 68' lang='lat' dir='ltr'><strong>[anuli-aris-</strong></span> 
     </span>
    </p>
   </div>
   <div class='ocr_carea' id='block_1_56' title="bbox 1946 2541 3522 2610">
    <p class='ocr_par' dir='ltr' id='par_1_56' title="bbox 1946 2541 3522 2610">
     <span class='ocr_line' id='line_1_56' title="bbox 1946 2541 3522 2610; baseline -0.006 -10"><span class='ocrx_word' id='word_1_389' title='bbox 1946 2545 2137 2600; x_wconf 84' lang='lat' dir='ltr'><strong>simos.</strong></span> <span class='ocrx_word' id='word_1_390' title='bbox 2167 2543 2538 2610; x_wconf 67' lang='lat' dir='ltr'><strong>Prmterqnam</strong></span> <span class='ocrx_word' id='word_1_391' title='bbox 2570 2546 2717 2595; x_wconf 88' lang='lat' dir='ltr'><strong>enim</strong></span> <span class='ocrx_word' id='word_1_392' title='bbox 2761 2541 2906 2610; x_wconf 90' lang='lat' dir='ltr'><strong>quod</strong></span> <span class='ocrx_word' id='word_1_393' title='bbox 2954 2541 3204 2609; x_wconf 80' lang='lat' dir='ltr'><strong>homines</strong></span> <span class='ocrx_word' id='word_1_394' title='bbox 3239 2541 3304 2593; x_wconf 88' lang='lat' dir='ltr'><strong>ad</strong></span> <span class='ocrx_word' id='word_1_395' title='bbox 3343 2551 3522 2592; x_wconf 90' lang='lat' dir='ltr'><strong>muta-</strong></span> 
     </span>
    </p>
   </div>
   <div class='ocr_carea' id='block_1_57' title="bbox 1945 2633 3520 2704">
    <p class='ocr_par' dir='ltr' id='par_1_57' title="bbox 1945 2633 3520 2704">
     <span class='ocr_line' id='line_1_57' title="bbox 1945 2633 3520 2704; baseline -0.003 -12"><span class='ocrx_word' id='word_1_396' title='bbox 1945 2636 2212 2692; x_wconf 84' lang='lat' dir='ltr'><strong>bilitatem</strong></span> <span class='ocrx_word' id='word_1_397' title='bbox 2260 2635 2416 2704; x_wconf 86' lang='lat' dir='ltr'><strong>proni</strong></span> <span class='ocrx_word' id='word_1_398' title='bbox 2471 2643 2618 2694; x_wconf 85' lang='lat' dir='ltr'><strong>sunt.</strong></span> <span class='ocrx_word' id='word_1_399' title='bbox 2649 2643 2705 2687; x_wconf 89' lang='lat' dir='ltr'><strong>et</strong></span> <span class='ocrx_word' id='word_1_400' title='bbox 2737 2634 2901 2688; x_wconf 84' lang='lat' dir='ltr'><strong>rebus</strong></span> <span class='ocrx_word' id='word_1_401' title='bbox 2935 2635 3092 2688; x_wconf 88' lang='lat' dir='ltr'><strong>novis</strong></span> <span class='ocrx_word' id='word_1_402' title='bbox 3128 2634 3441 2702; x_wconf 88' lang='lat' dir='ltr'><strong>capiuntur,</strong></span> <span class='ocrx_word' id='word_1_403' title='bbox 3474 2633 3520 2688; x_wconf 87' lang='lat' dir='ltr'><strong>si</strong></span> 
     </span>
    </p>
   </div>
   <div class='ocr_carea' id='block_1_58' title="bbox 1945 2724 3526 2796">
    <p class='ocr_par' dir='ltr' id='par_1_58' title="bbox 1945 2724 3526 2796">
     <span class='ocr_line' id='line_1_58' title="bbox 1945 2724 3526 2796; baseline -0.001 -12"><span class='ocrx_word' id='word_1_404' title='bbox 1945 2740 2000 2784; x_wconf 92' lang='lat' dir='ltr'><strong>et</strong></span> <span class='ocrx_word' id='word_1_405' title='bbox 2045 2727 2391 2782; x_wconf 83' lang='lat' dir='ltr'><strong>occasionem</strong></span> <span class='ocrx_word' id='word_1_406' title='bbox 2440 2726 2766 2794; x_wconf 83' lang='lat' dir='ltr'><strong>repererint,</strong></span> <span class='ocrx_word' id='word_1_407' title='bbox 2800 2743 2907 2796; x_wconf 85' lang='lat' dir='ltr'><strong>qua</strong></span> <span class='ocrx_word' id='word_1_408' title='bbox 2937 2727 3076 2780; x_wconf 89' lang='lat' dir='ltr'><strong>male</strong></span> <span class='ocrx_word' id='word_1_409' title='bbox 3105 2725 3172 2780; x_wconf 87' lang='lat' dir='ltr'><strong>de</strong></span> <span class='ocrx_word' id='word_1_410' title='bbox 3216 2741 3273 2780; x_wconf 87' lang='lat' dir='ltr'><strong>se</strong></span> <span class='ocrx_word' id='word_1_411' title='bbox 3313 2724 3526 2782; x_wconf 83' lang='lat' dir='ltr'><strong>meritis</strong></span> 
     </span>
    </p>
   </div>
   <div class='ocr_carea' id='block_1_59' title="bbox 1945 2818 3522 2888">
    <p class='ocr_par' dir='ltr' id='par_1_59' title="bbox 1945 2818 3522 2888">
     <span class='ocr_line' id='line_1_59' title="bbox 1945 2818 3522 2888; baseline -0.004 -11"><span class='ocrx_word' id='word_1_412' title='bbox 1945 2821 2202 2876; x_wconf 73' lang='lat' dir='ltr'><strong>facillime</strong></span> <span class='ocrx_word' id='word_1_413' title='bbox 2256 2835 2354 2888; x_wconf 88' lang='lat' dir='ltr'><strong>par</strong></span> <span class='ocrx_word' id='word_1_414' title='bbox 2410 2821 2748 2888; x_wconf 84' lang='lat' dir='ltr'><strong>reposituros</strong></span> <span class='ocrx_word' id='word_1_415' title='bbox 2808 2827 3054 2886; x_wconf 88' lang='lat' dir='ltr'><strong>sperent,</strong></span> <span class='ocrx_word' id='word_1_416' title='bbox 3111 2818 3284 2888; x_wconf 86' lang='lat' dir='ltr'><strong>magis</strong></span> <span class='ocrx_word' id='word_1_417' title='bbox 3330 2832 3522 2871; x_wconf 88' lang='lat' dir='ltr'><strong>eorum</strong></span> 
     </span>
    </p>
   </div>
   <div class='ocr_carea' id='block_1_60' title="bbox 1949 2911 3524 2983">
    <p class='ocr_par' dir='ltr' id='par_1_60' title="bbox 1949 2911 3524 2983">
     <span class='ocr_line' id='line_1_60' title="bbox 1949 2911 3524 2983; baseline -0.006 -11"><span class='ocrx_word' id='word_1_418' title='bbox 1949 2915 2316 2972; x_wconf 83' lang='lat' dir='ltr'><strong>inconstantia</strong></span> <span class='ocrx_word' id='word_1_419' title='bbox 2352 2922 2408 2967; x_wconf 87' lang='lat' dir='ltr'><strong>et</strong></span> <span class='ocrx_word' id='word_1_420' title='bbox 2441 2913 2599 2967; x_wconf 80' lang='lat' dir='ltr'><strong>dolus</strong></span> <span class='ocrx_word' id='word_1_421' title='bbox 2643 2911 3047 2983; x_wconf 81' lang='lat' dir='ltr'><strong>exspectandus</strong></span> <span class='ocrx_word' id='word_1_422' title='bbox 3098 2921 3204 2975; x_wconf 82' lang='lat' dir='ltr'><strong>est,</strong></span> <span class='ocrx_word' id='word_1_423' title='bbox 3256 2911 3304 2964; x_wconf 91' lang='lat' dir='ltr'><strong>si</strong></span> <span class='ocrx_word' id='word_1_424' title='bbox 3354 2924 3524 2980; x_wconf 87' lang='lat' dir='ltr'><strong>pr0pe</strong></span> 
     </span>
    </p>
   </div>
   <div class='ocr_carea' id='block_1_61' title="bbox 1949 3003 3526 3075">
    <p class='ocr_par' dir='ltr' id='par_1_61' title="bbox 1949 3003 3526 3075">
     <span class='ocr_line' id='line_1_61' title="bbox 1949 3003 3526 3075; baseline -0.003 -13"><span class='ocrx_word' id='word_1_425' title='bbox 1949 3009 2188 3064; x_wconf 90' lang='lat' dir='ltr'><strong>habeant</strong></span> <span class='ocrx_word' id='word_1_426' title='bbox 2238 3006 2470 3070; x_wconf 76' lang='lat' dir='ltr'><strong>scilicet,</strong></span> <span class='ocrx_word' id='word_1_427' title='bbox 2511 3005 2607 3075; x_wconf 91' lang='lat' dir='ltr'><strong>qui</strong></span> <span class='ocrx_word' id='word_1_428' title='bbox 2656 3013 2752 3060; x_wconf 87' lang='lat' dir='ltr'><strong>aut</strong></span> <span class='ocrx_word' id='word_1_429' title='bbox 2805 3005 2961 3060; x_wconf 84' lang='lat' dir='ltr'><strong>malis</strong></span> <span class='ocrx_word' id='word_1_430' title='bbox 3017 3021 3113 3058; x_wconf 84' lang='lat' dir='ltr'><strong>eos</strong></span> <span class='ocrx_word' id='word_1_431' title='bbox 3162 3003 3526 3073; x_wconf 82' lang='lat' dir='ltr'><strong>pr.csentibus</strong></span> 
     </span>
    </p>
   </div>
   <div class='ocr_carea' id='block_1_62' title="bbox 261 3095 1845 3196">
    <p class='ocr_par' dir='ltr' id='par_1_62' title="bbox 261 3095 1844 3169">
     <span class='ocr_line' id='line_1_62' title="bbox 261 3095 1844 3169; baseline 0.003 -17"><span class='ocrx_word' id='word_1_432' title='bbox 261 3095 355 3154; x_wconf 77' lang='grc' dir='ltr'><strong>ἀεὶ</strong></span> <span class='ocrx_word' id='word_1_433' title='bbox 383 3097 496 3160; x_wconf 76' lang='grc' dir='ltr'>τοῖς</span> <span class='ocrx_word' id='word_1_434' title='bbox 537 3099 949 3168; x_wconf 75' lang='grc' dir='ltr'>νεωτερισμοῖς,</span> <span class='ocrx_word' id='word_1_435' title='bbox 989 3097 1057 3151; x_wconf 74' lang='grc' dir='ltr'>ἃν</span> <span class='ocrx_word' id='word_1_436' title='bbox 1098 3099 1194 3152; x_wconf 78' lang='grc' dir='ltr'><strong>καὶ</strong></span> <span class='ocrx_word' id='word_1_437' title='bbox 1226 3100 1551 3169; x_wconf 73' lang='grc' dir='ltr'>προφάσεως</span> <span class='ocrx_word' id='word_1_438' title='bbox 1582 3117 1726 3166; x_wconf 89' lang='grc' dir='ltr'>τινος</span> <span class='ocrx_word' id='word_1_439' title='bbox 1756 3105 1844 3156; x_wconf 86' lang='grc' dir='ltr'>εὐ-</span> 
     </span>
    </p>
   </div>
   <div class='ocr_carea' id='block_1_63' title="bbox 1950 3095 3525 3196">
    <p class='ocr_par' dir='ltr' id='par_1_63' title="bbox 1951 3097 3525 3172">
     <span class='ocr_line' id='line_1_63' title="bbox 1951 3097 3525 3172; baseline -0.003 -15"><span class='ocrx_word' id='word_1_440' title='bbox 1951 3103 2169 3172; x_wconf 85' lang='lat' dir='ltr'><strong>eripiat,</strong></span> <span class='ocrx_word' id='word_1_441' title='bbox 2229 3108 2324 3154; x_wconf 87' lang='lat' dir='ltr'><strong>aut</strong></span> <span class='ocrx_word' id='word_1_442' title='bbox 2401 3098 2562 3154; x_wconf 80' lang='lat' dir='ltr'><strong>donis</strong></span> <span class='ocrx_word' id='word_1_443' title='bbox 2614 3113 2710 3153; x_wconf 86' lang='lat' dir='ltr'><strong>eos</strong></span> <span class='ocrx_word' id='word_1_444' title='bbox 2779 3112 2843 3151; x_wconf 90' lang='lat' dir='ltr'><strong>ac</strong></span> <span class='ocrx_word' id='word_1_445' title='bbox 2911 3097 3194 3153; x_wconf 79' lang='lat' dir='ltr'><strong>beneﬁciis</strong></span> <span class='ocrx_word' id='word_1_446' title='bbox 3257 3099 3525 3154; x_wconf 80' lang='lat' dir='ltr'><strong>cumulet.</strong></span> 
     </span>
    </p>
   </div>
   <div class='ocr_carea' id='block_1_64' title="bbox 269 3186 1842 3268">
    <p class='ocr_par' dir='ltr' id='par_1_64' title="bbox 269 3186 1842 3268">
     <span class='ocr_line' id='line_1_64' title="bbox 269 3186 1842 3268; baseline 0.004 -23"><span class='ocrx_word' id='word_1_447' title='bbox 269 3191 502 3258; x_wconf 72' lang='grc' dir='ltr'>πορῶσι,</span> <span class='ocrx_word' id='word_1_448' title='bbox 528 3191 596 3247; x_wconf 84' lang='grc' dir='ltr'>δι’</span> <span class='ocrx_word' id='word_1_449' title='bbox 623 3186 696 3264; x_wconf 81' lang='grc' dir='ltr'>ἦς</span> <span class='ocrx_word' id='word_1_450' title='bbox 734 3191 801 3246; x_wconf 78' lang='grc' dir='ltr'>ἂν</span> <span class='ocrx_word' id='word_1_451' title='bbox 843 3192 1154 3262; x_wconf 75' lang='grc' dir='ltr'>ἀμύνασθαι</span> <span class='ocrx_word' id='word_1_452' title='bbox 1181 3195 1357 3266; x_wconf 66' lang='grc' dir='ltr'>ῥᾷστα</span> <span class='ocrx_word' id='word_1_453' title='bbox 1386 3196 1512 3257; x_wconf 81' lang='grc' dir='ltr'>τοὺς</span> <span class='ocrx_word' id='word_1_454' title='bbox 1538 3193 1842 3268; x_wconf 76' lang='grc' dir='ltr'>λελυπηκό-</span> 
     </span>
    </p>
   </div>
   <div class='ocr_carea' id='block_1_65' title="bbox 263 3284 1842 3364">
    <p class='ocr_par' dir='ltr' id='par_1_65' title="bbox 263 3284 1842 3364">
     <span class='ocr_line' id='line_1_65' title="bbox 263 3284 1842 3364; baseline 0.004 -24"><span class='ocrx_word' id='word_1_455' title='bbox 263 3301 369 3350; x_wconf 82' lang='grc' dir='ltr'><strong>τας</strong></span> <span class='ocrx_word' id='word_1_456' title='bbox 405 3284 739 3357; x_wconf 78' lang='grc' dir='ltr'>δυνήσεσθαι</span> <span class='ocrx_word' id='word_1_457' title='bbox 786 3285 1088 3356; x_wconf 86' lang='grc' dir='ltr'>οίήσονται,</span> <span class='ocrx_word' id='word_1_458' title='bbox 1139 3287 1342 3357; x_wconf 72' lang='grc' dir='ltr'>μᾶλλον</span> <span class='ocrx_word' id='word_1_459' title='bbox 1386 3290 1492 3360; x_wconf 78' lang='grc' dir='ltr'><strong>χρὴ</strong></span> <span class='ocrx_word' id='word_1_460' title='bbox 1531 3291 1842 3364; x_wconf 73' lang='grc' dir='ltr'>προσδοκᾷν</span> 
     </span>
    </p>
   </div>
   <div class='ocr_carea' id='block_1_66' title="bbox 265 3377 1843 3451">
    <p class='ocr_par' dir='ltr' id='par_1_66' title="bbox 265 3377 1843 3451">
     <span class='ocr_line' id='line_1_66' title="bbox 265 3377 1843 3451; baseline 0.003 -19"><span class='ocrx_word' id='word_1_461' title='bbox 265 3377 664 3448; x_wconf 74' lang='grc' dir='ltr'>εὐμεταϐόλους</span> <span class='ocrx_word' id='word_1_462' title='bbox 706 3377 928 3431; x_wconf 70' lang='grc' dir='ltr'>ἔσεσθαι</span> <span class='ocrx_word' id='word_1_463' title='bbox 969 3380 1066 3432; x_wconf 78' lang='grc' dir='ltr'><strong>καὶ</strong></span> <span class='ocrx_word' id='word_1_464' title='bbox 1111 3377 1326 3451; x_wconf 74' lang='grc' dir='ltr'>ρᾳδίους</span> <span class='ocrx_word' id='word_1_465' title='bbox 1369 3379 1505 3450; x_wconf 75' lang='grc' dir='ltr'>πρὸς</span> <span class='ocrx_word' id='word_1_466' title='bbox 1550 3381 1843 3446; x_wconf 66' lang='grc' dir='ltr'>ιπιδουλὶς</span> 
     </span>
    </p>
   </div>
   <div class='ocr_carea' id='block_1_67' title="bbox 262 3469 1844 3544">
    <p class='ocr_par' dir='ltr' id='par_1_67' title="bbox 262 3469 1844 3544">
     <span class='ocr_line' id='line_1_67' title="bbox 262 3469 1844 3544; baseline 0.003 -18"><span class='ocrx_word' id='word_1_467' title='bbox 262 3471 496 3542; x_wconf 62' lang='grc' dir='ltr'>ἔχοντας</span> <span class='ocrx_word' id='word_1_468' title='bbox 542 3469 712 3541; x_wconf 68' lang='grc' dir='ltr'>ἐγγὺς</span> <span class='ocrx_word' id='word_1_469' title='bbox 748 3471 843 3524; x_wconf 76' lang='grc' dir='ltr'>τὸν</span> <span class='ocrx_word' id='word_1_470' title='bbox 886 3469 920 3531; x_wconf 74' lang='grc' dir='ltr'><strong>ἢ</strong></span> <span class='ocrx_word' id='word_1_471' title='bbox 969 3470 1077 3524; x_wconf 84' lang='grc' dir='ltr'><strong>τῶν</strong></span> <span class='ocrx_word' id='word_1_472' title='bbox 1123 3472 1412 3544; x_wconf 73' lang='grc' dir='ltr'>παρόντων</span> <span class='ocrx_word' id='word_1_473' title='bbox 1461 3474 1844 3540; x_wconf 77' lang='grc' dir='ltr'>ἀπαλλάξοντα</span> 
     </span>
    </p>
   </div>
   <div class='ocr_carea' id='block_1_68' title="bbox 264 3562 1836 3640">
    <p class='ocr_par' dir='ltr' id='par_1_68' title="bbox 264 3562 1836 3640">
     <span class='ocr_line' id='line_1_68' title="bbox 264 3562 1836 3640; baseline 0.003 -20"><span class='ocrx_word' id='word_1_474' title='bbox 264 3562 535 3634; x_wconf 77' lang='grc' dir='ltr'>κακῶν,ή</span> <span class='ocrx_word' id='word_1_475' title='bbox 583 3563 795 3618; x_wconf 84' lang='grc' dir='ltr'>πολλῶν</span> <span class='ocrx_word' id='word_1_476' title='bbox 825 3563 1175 3634; x_wconf 75' lang='grc' dir='ltr'>ὲμπλήσοντα</span> <span class='ocrx_word' id='word_1_477' title='bbox 1212 3565 1424 3635; x_wconf 84' lang='grc' dir='ltr'>δώρων,</span> <span class='ocrx_word' id='word_1_478' title='bbox 1461 3569 1554 3621; x_wconf 76' lang='grc' dir='ltr'><strong>καὶ</strong></span> <span class='ocrx_word' id='word_1_479' title='bbox 1585 3571 1836 3640; x_wconf 82' lang='grc' dir='ltr'>μεγάλων</span> 
     </span>
    </p>
   </div>
   <div class='ocr_carea' id='block_1_69' title="bbox 264 3654 1841 3725">
    <p class='ocr_par' dir='ltr' id='par_1_69' title="bbox 264 3654 1841 3725">
     <span class='ocr_line' id='line_1_69' title="bbox 264 3654 1841 3725; baseline 0.001 -13"><span class='ocrx_word' id='word_1_480' title='bbox 264 3657 572 3722; x_wconf 77' lang='grc' dir='ltr'>ἀξιώσοντα</span> <span class='ocrx_word' id='word_1_481' title='bbox 616 3655 726 3708; x_wconf 84' lang='grc' dir='ltr'>τῶν</span> <span class='ocrx_word' id='word_1_482' title='bbox 780 3655 1132 3725; x_wconf 83' lang='grc' dir='ltr'>εὐεργεσιῶν.</span> <span class='ocrx_word' id='word_1_483' title='bbox 1171 3654 1404 3710; x_wconf 81' lang='grc' dir='ltr'>Ἔπειτα</span> <span class='ocrx_word' id='word_1_484' title='bbox 1438 3657 1496 3713; x_wconf 71' lang='grc' dir='ltr'>δὲ</span> <span class='ocrx_word' id='word_1_485' title='bbox 1529 3660 1581 3714; x_wconf 86' lang='grc' dir='ltr'><strong>εί</strong></span> <span class='ocrx_word' id='word_1_486' title='bbox 1629 3677 1711 3714; x_wconf 84' lang='grc' dir='ltr'><strong>σοι</strong></span> <span class='ocrx_word' id='word_1_487' title='bbox 1745 3662 1841 3716; x_wconf 75' lang='grc' dir='ltr'><strong>καὶ</strong></span> 
     </span>
    </p>
   </div>
   <div class='ocr_carea' id='block_1_70' title="bbox 267 3737 1844 3826">
    <p class='ocr_par' dir='ltr' id='par_1_70' title="bbox 267 3737 1844 3826">
     <span class='ocr_line' id='line_1_70' title="bbox 267 3737 1844 3826; baseline 0.002 -21"><span class='ocrx_word' id='word_1_488' title='bbox 267 3749 417 3806; x_wconf 74' lang='grc' dir='ltr'>κατά</span> <span class='ocrx_word' id='word_1_489' title='bbox 443 3749 541 3821; x_wconf 74' lang='grc' dir='ltr'>τὴν</span> <span class='ocrx_word' id='word_1_490' title='bbox 573 3747 794 3820; x_wconf 77' lang='grc' dir='ltr'>ήλικίαν</span> <span class='ocrx_word' id='word_1_491' title='bbox 821 3737 980 3816; x_wconf 69' lang='grc' dir='ltr'>τήνδε</span> <span class='ocrx_word' id='word_1_492' title='bbox 1017 3747 1100 3817; x_wconf 82' lang='grc' dir='ltr'>(οὐ</span> <span class='ocrx_word' id='word_1_493' title='bbox 1120 3749 1228 3818; x_wconf 77' lang='grc' dir='ltr'><strong>γάρ</strong></span> <span class='ocrx_word' id='word_1_494' title='bbox 1258 3748 1542 3815; x_wconf 79' lang='grc' dir='ltr'>ἀδύνατον,</span> <span class='ocrx_word' id='word_1_495' title='bbox 1571 3752 1844 3826; x_wconf 80' lang='grc' dir='ltr'>ἀνθρώπῳ</span> 
     </span>
    </p>
   </div>
   <div class='ocr_carea' id='block_1_71' title="bbox 270 3839 1849 3912">
    <p class='ocr_par' dir='ltr' id='par_1_71' title="bbox 270 3839 1849 3912">
     <span class='ocr_line' id='line_1_71' title="bbox 270 3839 1849 3912; baseline 0.004 -16"><span class='ocrx_word' id='word_1_496' title='bbox 270 3860 334 3912; x_wconf 80' lang='grc' dir='ltr'><strong>γε</strong></span> <span class='ocrx_word' id='word_1_497' title='bbox 366 3843 504 3910; x_wconf 84' lang='grc' dir='ltr'>δντι)</span> <span class='ocrx_word' id='word_1_498' title='bbox 540 3844 625 3910; x_wconf 67' lang='grc' dir='ltr'><strong>ἐφ’</strong></span> <span class='ocrx_word' id='word_1_499' title='bbox 646 3841 792 3895; x_wconf 78' lang='grc' dir='ltr'>οὕτω</span> <span class='ocrx_word' id='word_1_500' title='bbox 819 3839 1032 3911; x_wconf 86' lang='grc' dir='ltr'>νηπίοις</span> <span class='ocrx_word' id='word_1_501' title='bbox 1067 3843 1307 3910; x_wconf 75' lang='grc' dir='ltr'>συμϐαίη</span> <span class='ocrx_word' id='word_1_502' title='bbox 1334 3847 1448 3907; x_wconf 74' lang='grc' dir='ltr'>τοῖς</span> <span class='ocrx_word' id='word_1_503' title='bbox 1481 3845 1690 3911; x_wconf 74' lang='grc' dir='ltr'>τέκνοις</span> <span class='ocrx_word' id='word_1_504' title='bbox 1713 3849 1849 3902; x_wconf 85' lang='grc' dir='ltr'>άπο-</span> 
     </span>
    </p>
   </div>
   <div class='ocr_carea' id='block_1_72' title="bbox 278 3933 1844 4004">
    <p class='ocr_par' dir='ltr' id='par_1_72' title="bbox 278 3933 1844 4004">
     <span class='ocr_line' id='line_1_72' title="bbox 278 3933 1844 4004; baseline 0.003 -19"><span class='ocrx_word' id='word_1_505' title='bbox 278 3936 553 4003; x_wconf 68' lang='grc' dir='ltr'>ἰνήσκειν,</span> <span class='ocrx_word' id='word_1_506' title='bbox 581 3933 734 3994; x_wconf 74' lang='grc' dir='ltr'>ἐλπὶς</span> <span class='ocrx_word' id='word_1_507' title='bbox 767 3933 998 3995; x_wconf 73' lang='grc' dir='ltr'>ἐκείνοις</span> <span class='ocrx_word' id='word_1_508' title='bbox 1023 3933 1250 4002; x_wconf 84' lang='grc' dir='ltr'>οὐδεμία</span> <span class='ocrx_word' id='word_1_509' title='bbox 1281 3935 1586 4004; x_wconf 75' lang='grc' dir='ltr'>εὐπραγίας</span> <span class='ocrx_word' id='word_1_510' title='bbox 1619 3937 1844 3992; x_wconf 77' lang='grc' dir='ltr'>ἀπολεί-</span> 
     </span>
    </p>
   </div>
   <div class='ocr_carea' id='block_1_73' title="bbox 272 4025 1847 4100">
    <p class='ocr_par' dir='ltr' id='par_1_73' title="bbox 272 4025 1847 4100">
     <span class='ocr_line' id='line_1_73' title="bbox 272 4025 1847 4100; baseline 0.006 -22"><span class='ocrx_word' id='word_1_511' title='bbox 272 4046 456 4084; x_wconf 76' lang='grc' dir='ltr'>πεται.</span> <span class='ocrx_word' id='word_1_512' title='bbox 499 4027 572 4081; x_wconf 76' lang='grc' dir='ltr'><strong>Τὸ</strong></span> <span class='ocrx_word' id='word_1_513' title='bbox 602 4026 702 4098; x_wconf 71' lang='grc' dir='ltr'>μὲν</span> <span class='ocrx_word' id='word_1_514' title='bbox 753 4027 862 4097; x_wconf 84' lang='grc' dir='ltr'>γὰρ</span> <span class='ocrx_word' id='word_1_515' title='bbox 892 4027 993 4095; x_wconf 74' lang='grc' dir='ltr'>τὴν</span> <span class='ocrx_word' id='word_1_516' title='bbox 1023 4025 1199 4099; x_wconf 75' lang='grc' dir='ltr'>ἀρχὴν</span> <span class='ocrx_word' id='word_1_517' title='bbox 1234 4028 1434 4091; x_wconf 74' lang='grc' dir='ltr'>αὐτοὺς</span> <span class='ocrx_word' id='word_1_518' title='bbox 1472 4029 1673 4083; x_wconf 81' lang='grc' dir='ltr'>ίθύνειν</span> <span class='ocrx_word' id='word_1_519' title='bbox 1707 4035 1847 4100; x_wconf 77' lang='grc' dir='ltr'>μετὰ</span> 
     </span>
    </p>
   </div>
   <div class='ocr_carea' id='block_1_74' title="bbox 271 4115 1847 4189">
    <p class='ocr_par' dir='ltr' id='par_1_74' title="bbox 271 4115 1847 4189">
     <span class='ocr_line' id='line_1_74' title="bbox 271 4115 1847 4189; baseline 0.001 -18"><span class='ocrx_word' id='word_1_520' title='bbox 271 4119 372 4189; x_wconf 81' lang='grc' dir='ltr'>τῆς</span> <span class='ocrx_word' id='word_1_521' title='bbox 419 4116 626 4188; x_wconf 75' lang='grc' dir='ltr'>μητρὸς</span> <span class='ocrx_word' id='word_1_522' title='bbox 657 4116 741 4184; x_wconf 61' lang='grc' dir='ltr'><strong>ἔφ’</strong></span> <span class='ocrx_word' id='word_1_523' title='bbox 779 4115 923 4168; x_wconf 71' lang='grc' dir='ltr'>οὕτω</span> <span class='ocrx_word' id='word_1_524' title='bbox 971 4117 1232 4185; x_wconf 85' lang='grc' dir='ltr'>χαλεποῖς</span> <span class='ocrx_word' id='word_1_525' title='bbox 1264 4119 1496 4186; x_wconf 69' lang='grc' dir='ltr'>καιροῖς,</span> <span class='ocrx_word' id='word_1_526' title='bbox 1527 4119 1622 4170; x_wconf 75' lang='grc' dir='ltr'><strong>καὶ</strong></span> <span class='ocrx_word' id='word_1_527' title='bbox 1649 4119 1847 4173; x_wconf 78' lang='grc' dir='ltr'>δυσκόο</span> 
     </span>
    </p>
   </div>
   <div class='ocr_carea' id='block_1_75' title="bbox 271 4206 1851 4280">
    <p class='ocr_par' dir='ltr' id='par_1_75' title="bbox 271 4206 1851 4280">
     <span class='ocr_line' id='line_1_75' title="bbox 271 4206 1851 4280; baseline -0.003 -17"><span class='ocrx_word' id='word_1_528' title='bbox 271 4213 408 4273; x_wconf 83' lang='grc' dir='ltr'>λοις,</span> <span class='ocrx_word' id='word_1_529' title='bbox 449 4209 543 4263; x_wconf 78' lang='grc' dir='ltr'><strong>καὶ</strong></span> <span class='ocrx_word' id='word_1_530' title='bbox 580 4207 899 4261; x_wconf 84' lang='grc' dir='ltr'>παντάπασι</span> <span class='ocrx_word' id='word_1_531' title='bbox 926 4206 1345 4280; x_wconf 71' lang='grc' dir='ltr'>διεφθαρμένοις</span> <span class='ocrx_word' id='word_1_532' title='bbox 1376 4211 1698 4279; x_wconf 72' lang='grc' dir='ltr'>πράγμασιν</span> <span class='ocrx_word' id='word_1_533' title='bbox 1724 4214 1851 4266; x_wconf 76' lang='grc' dir='ltr'><strong>ἁδύ.</strong></span> 
     </span>
    </p>
   </div>
   <div class='ocr_carea' id='block_1_76' title="bbox 279 4303 1849 4378">
    <p class='ocr_par' dir='ltr' id='par_1_76' title="bbox 279 4303 1849 4378">
     <span class='ocr_line' id='line_1_76' title="bbox 279 4303 1849 4378; baseline 0.001 -18"><span class='ocrx_word' id='word_1_534' title='bbox 279 4323 456 4360; x_wconf 79' lang='grc' dir='ltr'>νατον.</span> <span class='ocrx_word' id='word_1_535' title='bbox 473 4305 735 4361; x_wconf 53' lang='grc' dir='ltr'>,λείπεται</span> <span class='ocrx_word' id='word_1_536' title='bbox 765 4303 822 4356; x_wconf 80' lang='grc' dir='ltr'>δὲ</span> <span class='ocrx_word' id='word_1_537' title='bbox 843 4304 876 4374; x_wconf 84' lang='grc' dir='ltr'>ἢ</span> <span class='ocrx_word' id='word_1_538' title='bbox 901 4303 994 4356; x_wconf 83' lang='grc' dir='ltr'>τὸν</span> <span class='ocrx_word' id='word_1_539' title='bbox 1017 4303 1425 4375; x_wconf 70' lang='grc' dir='ltr'>φρουρούμενον</span> <span class='ocrx_word' id='word_1_540' title='bbox 1446 4305 1652 4358; x_wconf 72' lang='grc' dir='ltr'>ἐκεῖνον</span> <span class='ocrx_word' id='word_1_541' title='bbox 1678 4324 1849 4378; x_wconf 82' lang='grc' dir='ltr'>προσ·</span> 
     </span>
    </p>
   </div>
   <div class='ocr_carea' id='block_1_77' title="bbox 282 4395 1852 4466">
    <p class='ocr_par' dir='ltr' id='par_1_77' title="bbox 282 4395 1852 4466">
     <span class='ocr_line' id='line_1_77' title="bbox 282 4395 1852 4466; baseline -0.001 -15"><span class='ocrx_word' id='word_1_542' title='bbox 282 4396 684 4466; x_wconf 70' lang='grc' dir='ltr'>ταλεσαμίνους</span> <span class='ocrx_word' id='word_1_543' title='bbox 733 4397 936 4457; x_wconf 82' lang='grc' dir='ltr'>πάντας</span> <span class='ocrx_word' id='word_1_544' title='bbox 975 4395 1038 4446; x_wconf 80' lang='grc' dir='ltr'><strong>ὲκ</strong></span> <span class='ocrx_word' id='word_1_545' title='bbox 1083 4395 1427 4463; x_wconf 76' lang='grc' dir='ltr'>συνθήματος</span> <span class='ocrx_word' id='word_1_546' title='bbox 1455 4396 1727 4466; x_wconf 73' lang='grc' dir='ltr'>αἱρεῖσθαι</span> <span class='ocrx_word' id='word_1_547' title='bbox 1763 4398 1852 4465; x_wconf 83' lang='grc' dir='ltr'><strong>βα·</strong></span> 
     </span>
    </p>
   </div>
   <div class='ocr_carea' id='block_1_78' title="bbox 1954 3183 3520 3258">
    <p class='ocr_par' dir='ltr' id='par_1_78' title="bbox 1954 3183 3520 3258">
     <span class='ocr_line' id='line_1_78' title="bbox 1954 3183 3520 3258; baseline -0.006 -6"><span class='ocrx_word' id='word_1_548' title='bbox 1954 3195 2225 3252; x_wconf 64' lang='lat' dir='ltr'><strong>Praeterea</strong></span> <span class='ocrx_word' id='word_1_549' title='bbox 2275 3193 2317 3246; x_wconf 90' lang='lat' dir='ltr'><strong>si</strong></span> <span class='ocrx_word' id='word_1_550' title='bbox 2373 3201 2424 3246; x_wconf 90' lang='lat' dir='ltr'><strong>te</strong></span> <span class='ocrx_word' id='word_1_551' title='bbox 2474 3189 2637 3244; x_wconf 87' lang='lat' dir='ltr'><strong>hodie</strong></span> <span class='ocrx_word' id='word_1_552' title='bbox 2693 3183 2883 3244; x_wconf 66' lang='lat' dir='ltr'><strong>liberis</strong></span> <span class='ocrx_word' id='word_1_553' title='bbox 2933 3189 3040 3244; x_wconf 87' lang='lat' dir='ltr'><strong>tuis</strong></span> <span class='ocrx_word' id='word_1_554' title='bbox 3095 3191 3276 3243; x_wconf 84' lang='lat' dir='ltr'><strong>adhuc</strong></span> <span class='ocrx_word' id='word_1_555' title='bbox 3337 3191 3520 3258; x_wconf 80' lang='lat' dir='ltr'><strong>parvis</strong></span> 
     </span>
    </p>
   </div>
   <div class='ocr_carea' id='block_1_79' title="bbox 1957 3281 3525 3348">
    <p class='ocr_par' dir='ltr' id='par_1_79' title="bbox 1957 3281 3525 3348">
     <span class='ocr_line' id='line_1_79' title="bbox 1957 3281 3525 3348; baseline -0.003 -6"><span class='ocrx_word' id='word_1_556' title='bbox 1957 3303 2107 3342; x_wconf 87' lang='lat' dir='ltr'><strong>mors</strong></span> <span class='ocrx_word' id='word_1_557' title='bbox 2150 3301 2180 3340; x_wconf 87' lang='lat' dir='ltr'><strong>e</strong></span> <span class='ocrx_word' id='word_1_558' title='bbox 2226 3283 2410 3340; x_wconf 89' lang='lat' dir='ltr'><strong>medio</strong></span> <span class='ocrx_word' id='word_1_559' title='bbox 2440 3285 2593 3336; x_wconf 86' lang='lat' dir='ltr'><strong>tollat</strong></span> <span class='ocrx_word' id='word_1_560' title='bbox 2635 3282 2838 3348; x_wconf 85' lang='lat' dir='ltr'><strong>(homo</strong></span> <span class='ocrx_word' id='word_1_561' title='bbox 2879 3283 3026 3336; x_wconf 89' lang='lat' dir='ltr'><strong>cnim</strong></span> <span class='ocrx_word' id='word_1_562' title='bbox 3070 3292 3231 3338; x_wconf 87' lang='lat' dir='ltr'><strong>natus</strong></span> <span class='ocrx_word' id='word_1_563' title='bbox 3270 3296 3394 3336; x_wconf 88' lang='lat' dir='ltr'><strong>cum</strong></span> <span class='ocrx_word' id='word_1_564' title='bbox 3424 3281 3525 3347; x_wconf 84' lang='lat' dir='ltr'><strong>sis,</strong></span> 
     </span>
    </p>
   </div>
   <div class='ocr_carea' id='block_1_80' title="bbox 1955 3375 3529 3441">
    <p class='ocr_par' dir='ltr' id='par_1_80' title="bbox 1955 3375 3529 3441">
     <span class='ocr_line' id='line_1_80' title="bbox 1955 3375 3529 3441; baseline -0.004 -6"><span class='ocrx_word' id='word_1_565' title='bbox 1955 3379 2257 3435; x_wconf 83' lang='lat' dir='ltr'><strong>humanum</strong></span> <span class='ocrx_word' id='word_1_566' title='bbox 2293 3376 2430 3430; x_wconf 87' lang='lat' dir='ltr'><strong>nihil</strong></span> <span class='ocrx_word' id='word_1_567' title='bbox 2464 3391 2493 3430; x_wconf 86' lang='lat' dir='ltr'><strong>a</strong></span> <span class='ocrx_word' id='word_1_568' title='bbox 2531 3383 2582 3429; x_wconf 89' lang='lat' dir='ltr'><strong>te</strong></span> <span class='ocrx_word' id='word_1_569' title='bbox 2614 3375 2852 3429; x_wconf 80' lang='lat' dir='ltr'><strong>alienum</strong></span> <span class='ocrx_word' id='word_1_570' title='bbox 2891 3375 3096 3429; x_wconf 81' lang='lat' dir='ltr'><strong>ducere</strong></span> <span class='ocrx_word' id='word_1_571' title='bbox 3134 3375 3362 3441; x_wconf 85' lang='lat' dir='ltr'><strong>debes),</strong></span> <span class='ocrx_word' id='word_1_572' title='bbox 3392 3391 3529 3429; x_wconf 76' lang='lat' dir='ltr'><strong>con-</strong></span> 
     </span>
    </p>
   </div>
   <div class='ocr_carea' id='block_1_81' title="bbox 1954 3459 3528 3536">
    <p class='ocr_par' dir='ltr' id='par_1_81' title="bbox 1954 3459 3528 3536">
     <span class='ocr_line' id='line_1_81' title="bbox 1954 3459 3528 3536; baseline -0.005 -6"><span class='ocrx_word' id='word_1_573' title='bbox 1954 3459 2290 3530; x_wconf 71' lang='lat' dir='ltr'><strong>clamataest</strong></span> <span class='ocrx_word' id='word_1_574' title='bbox 2329 3484 2522 3525; x_wconf 90' lang='lat' dir='ltr'><strong>eorum</strong></span> <span class='ocrx_word' id='word_1_575' title='bbox 2555 3468 2815 3524; x_wconf 75' lang='lat' dir='ltr'><strong>felicitas.</strong></span> <span class='ocrx_word' id='word_1_576' title='bbox 2849 3467 2983 3522; x_wconf 78' lang='lat' dir='ltr'><strong>Nam</strong></span> <span class='ocrx_word' id='word_1_577' title='bbox 3021 3467 3168 3536; x_wconf 87' lang='lat' dir='ltr'><strong>ipsos</strong></span> <span class='ocrx_word' id='word_1_578' title='bbox 3195 3484 3318 3522; x_wconf 85' lang='lat' dir='ltr'><strong>cum</strong></span> <span class='ocrx_word' id='word_1_579' title='bbox 3355 3477 3528 3522; x_wconf 85' lang='lat' dir='ltr'><strong>matre</strong></span> 
     </span>
    </p>
   </div>
   <div class='ocr_carea' id='block_1_82' title="bbox 1954 3559 3530 3639">
    <p class='ocr_par' dir='ltr' id='par_1_82' title="bbox 1954 3559 3530 3639">
     <span class='ocr_line' id='line_1_82' title="bbox 1954 3559 3530 3639; baseline -0.004 -21"><span class='ocrx_word' id='word_1_580' title='bbox 1954 3565 2264 3639; x_wconf 70' lang='lat' dir='ltr'><strong>gubernare</strong></span> <span class='ocrx_word' id='word_1_581' title='bbox 2311 3563 2624 3630; x_wconf 89' lang='lat' dir='ltr'><strong>imperium,</strong></span> <span class='ocrx_word' id='word_1_582' title='bbox 2681 3559 3023 3629; x_wconf 85' lang='lat' dir='ltr'><strong>temporibus</strong></span> <span class='ocrx_word' id='word_1_583' title='bbox 3067 3559 3202 3614; x_wconf 88' lang='lat' dir='ltr'><strong>adeo</strong></span> <span class='ocrx_word' id='word_1_584' title='bbox 3247 3559 3399 3613; x_wconf 84' lang='lat' dir='ltr'><strong>duris</strong></span> <span class='ocrx_word' id='word_1_585' title='bbox 3467 3575 3530 3611; x_wconf 88' lang='lat' dir='ltr'><strong>ac</strong></span> 
     </span>
    </p>
   </div>
   <div class='ocr_carea' id='block_1_83' title="bbox 1952 3651 3530 3721">
    <p class='ocr_par' dir='ltr' id='par_1_83' title="bbox 1952 3651 3530 3721">
     <span class='ocr_line' id='line_1_83' title="bbox 1952 3651 3530 3721; baseline -0.004 -10"><span class='ocrx_word' id='word_1_586' title='bbox 1952 3656 2289 3720; x_wconf 77' lang='lat' dir='ltr'><strong>dimcilibus,</strong></span> <span class='ocrx_word' id='word_1_587' title='bbox 2315 3655 2481 3710; x_wconf 87' lang='lat' dir='ltr'><strong>rebus</strong></span> <span class='ocrx_word' id='word_1_588' title='bbox 2512 3652 2737 3707; x_wconf 89' lang='lat' dir='ltr'><strong>omnino</strong></span> <span class='ocrx_word' id='word_1_589' title='bbox 2781 3653 3013 3717; x_wconf 88' lang='lat' dir='ltr'><strong>eversis,</strong></span> <span class='ocrx_word' id='word_1_590' title='bbox 3056 3651 3395 3721; x_wconf 79' lang='lat' dir='ltr'><strong>impossibile</strong></span> <span class='ocrx_word' id='word_1_591' title='bbox 3423 3662 3530 3704; x_wconf 81' lang='lat' dir='ltr'><strong>est.</strong></span> 
     </span>
    </p>
   </div>
   <div class='ocr_carea' id='block_1_84' title="bbox 1960 3743 3527 3817">
    <p class='ocr_par' dir='ltr' id='par_1_84' title="bbox 1960 3743 3527 3817">
     <span class='ocr_line' id='line_1_84' title="bbox 1960 3743 3527 3817; baseline -0.006 -16"><span class='ocrx_word' id='word_1_592' title='bbox 1960 3745 2313 3817; x_wconf 79' lang='lat' dir='ltr'><strong>Relinquitur</strong></span> <span class='ocrx_word' id='word_1_593' title='bbox 2336 3761 2487 3813; x_wconf 88' lang='lat' dir='ltr'><strong>ergo,</strong></span> <span class='ocrx_word' id='word_1_594' title='bbox 2519 3753 2578 3799; x_wconf 88' lang='lat' dir='ltr'><strong>ut</strong></span> <span class='ocrx_word' id='word_1_595' title='bbox 2607 3753 2701 3797; x_wconf 92' lang='lat' dir='ltr'><strong>aut</strong></span> <span class='ocrx_word' id='word_1_596' title='bbox 2735 3743 2890 3798; x_wconf 84' lang='lat' dir='ltr'><strong>illum</strong></span> <span class='ocrx_word' id='word_1_597' title='bbox 2928 3743 3021 3813; x_wconf 91' lang='lat' dir='ltr'><strong>qui</strong></span> <span class='ocrx_word' id='word_1_598' title='bbox 3045 3743 3157 3812; x_wconf 84' lang='lat' dir='ltr'><strong>jam</strong></span> <span class='ocrx_word' id='word_1_599' title='bbox 3191 3743 3527 3802; x_wconf 82' lang='lat' dir='ltr'><strong>cusmditur,</strong></span> 
     </span>
    </p>
   </div>
   <div class='ocr_carea' id='block_1_85' title="bbox 1956 3836 3530 3906">
    <p class='ocr_par' dir='ltr' id='par_1_85' title="bbox 1956 3836 3530 3906">
     <span class='ocr_line' id='line_1_85' title="bbox 1956 3836 3530 3906; baseline -0.005 -12"><span class='ocrx_word' id='word_1_600' title='bbox 1956 3839 2257 3900; x_wconf 86' lang='lat' dir='ltr'><strong>advocetis,</strong></span> <span class='ocrx_word' id='word_1_601' title='bbox 2292 3851 2529 3906; x_wconf 79' lang='lat' dir='ltr'><strong>eumque</strong></span> <span class='ocrx_word' id='word_1_602' title='bbox 2559 3836 2804 3891; x_wconf 90' lang='lat' dir='ltr'><strong>omnium</strong></span> <span class='ocrx_word' id='word_1_603' title='bbox 2846 3851 3110 3890; x_wconf 89' lang='lat' dir='ltr'><strong>consensu</strong></span> <span class='ocrx_word' id='word_1_604' title='bbox 3140 3839 3530 3903; x_wconf 79' lang='lat' dir='ltr'><strong>imperatorem</strong></span> 
     </span>
    </p>
   </div>
   <div class='ocr_carea' id='block_1_86' title="bbox 1950 3929 3534 4004">
    <p class='ocr_par' dir='ltr' id='par_1_86' title="bbox 1950 3929 3534 4004">
     <span class='ocr_line' id='line_1_86' title="bbox 1950 3929 3534 4004; baseline -0.005 -13"><span class='ocrx_word' id='word_1_605' title='bbox 1950 3933 2190 4004; x_wconf 73' lang='lat' dir='ltr'><strong>eligatis,</strong></span> <span class='ocrx_word' id='word_1_606' title='bbox 2240 3941 2338 3986; x_wconf 89' lang='lat' dir='ltr'><strong>aut</strong></span> <span class='ocrx_word' id='word_1_607' title='bbox 2382 3930 2549 3984; x_wconf 69' lang='lat' dir='ltr'><strong>alium</strong></span> <span class='ocrx_word' id='word_1_608' title='bbox 2602 3931 2938 3999; x_wconf 79' lang='lat' dir='ltr'><strong>quempiam,</strong></span> <span class='ocrx_word' id='word_1_609' title='bbox 2985 3933 3077 3998; x_wconf 88' lang='lat' dir='ltr'><strong>qui</strong></span> <span class='ocrx_word' id='word_1_610' title='bbox 3133 3929 3292 3999; x_wconf 80' lang='lat' dir='ltr'><strong>longe</strong></span> <span class='ocrx_word' id='word_1_611' title='bbox 3347 3929 3534 3998; x_wconf 76' lang='lat' dir='ltr'><strong>plures</strong></span> 
     </span>
    </p>
   </div>
   <div class='ocr_carea' id='block_1_87' title="bbox 1957 4021 3534 4092">
    <p class='ocr_par' dir='ltr' id='par_1_87' title="bbox 1957 4021 3534 4092">
     <span class='ocr_line' id='line_1_87' title="bbox 1957 4021 3534 4092; baseline -0.006 -9"><span class='ocrx_word' id='word_1_612' title='bbox 1957 4027 2041 4083; x_wconf 84' lang='lat' dir='ltr'><strong>sui</strong></span> <span class='ocrx_word' id='word_1_613' title='bbox 2081 4023 2362 4079; x_wconf 85' lang='lat' dir='ltr'><strong>studiosos</strong></span> <span class='ocrx_word' id='word_1_614' title='bbox 2409 4023 2686 4088; x_wconf 85' lang='lat' dir='ltr'><strong>habuerit,</strong></span> <span class='ocrx_word' id='word_1_615' title='bbox 2741 4021 3106 4092; x_wconf 78' lang='lat' dir='ltr'><strong>solertiorque</strong></span> <span class='ocrx_word' id='word_1_616' title='bbox 3151 4032 3205 4075; x_wconf 87' lang='lat' dir='ltr'><strong>et</strong></span> <span class='ocrx_word' id='word_1_617' title='bbox 3250 4023 3315 4075; x_wconf 87' lang='lat' dir='ltr'><strong>ad</strong></span> <span class='ocrx_word' id='word_1_618' title='bbox 3366 4023 3534 4090; x_wconf 88' lang='lat' dir='ltr'><strong>impe-</strong></span> 
     </span>
    </p>
   </div>
   <div class='ocr_carea' id='block_1_88' title="bbox 1959 4115 3528 4189">
    <p class='ocr_par' dir='ltr' id='par_1_88' title="bbox 1959 4115 3528 4189">
     <span class='ocr_line' id='line_1_88' title="bbox 1959 4115 3528 4189; baseline -0.004 -14"><span class='ocrx_word' id='word_1_619' title='bbox 1959 4120 2191 4175; x_wconf 86' lang='lat' dir='ltr'><strong>randum</strong></span> <span class='ocrx_word' id='word_1_620' title='bbox 2236 4118 2414 4189; x_wconf 86' lang='lat' dir='ltr'><strong>aptior</strong></span> <span class='ocrx_word' id='word_1_621' title='bbox 2454 4117 2726 4171; x_wconf 87' lang='lat' dir='ltr'><strong>videatur.</strong></span> <span class='ocrx_word' id='word_1_622' title='bbox 2775 4116 2828 4170; x_wconf 92' lang='lat' dir='ltr'><strong>Si</strong></span> <span class='ocrx_word' id='word_1_623' title='bbox 2887 4115 3070 4183; x_wconf 76' lang='lat' dir='ltr'><strong>itaque</strong></span> <span class='ocrx_word' id='word_1_624' title='bbox 3129 4117 3218 4168; x_wconf 90' lang='lat' dir='ltr'><strong>ille</strong></span> <span class='ocrx_word' id='word_1_625' title='bbox 3272 4115 3528 4184; x_wconf 74' lang='lat' dir='ltr'><strong>eligatur,</strong></span> 
     </span>
    </p>
   </div>
   <div class='ocr_carea' id='block_1_89' title="bbox 1959 4202 3535 4272">
    <p class='ocr_par' dir='ltr' id='par_1_89' title="bbox 1959 4202 3535 4272">
     <span class='ocr_line' id='line_1_89' title="bbox 1959 4202 3535 4272; baseline -0.004 -7"><span class='ocrx_word' id='word_1_626' title='bbox 1959 4220 2173 4266; x_wconf 86' lang='lat' dir='ltr'><strong>certum</strong></span> <span class='ocrx_word' id='word_1_627' title='bbox 2221 4220 2304 4262; x_wconf 90' lang='lat' dir='ltr'><strong>est</strong></span> <span class='ocrx_word' id='word_1_628' title='bbox 2363 4207 2519 4272; x_wconf 90' lang='lat' dir='ltr'><strong>mihi,</strong></span> <span class='ocrx_word' id='word_1_629' title='bbox 2572 4207 2934 4262; x_wconf 82' lang='lat' dir='ltr'><strong>nihilominus</strong></span> <span class='ocrx_word' id='word_1_630' title='bbox 3005 4202 3441 4267; x_wconf 70' lang='lat' dir='ltr'><strong>elabiiraturum,</strong></span> <span class='ocrx_word' id='word_1_631' title='bbox 3475 4213 3535 4259; x_wconf 91' lang='lat' dir='ltr'><strong>ut</strong></span> 
     </span>
    </p>
   </div>
   <div class='ocr_carea' id='block_1_90' title="bbox 1959 4299 3532 4371">
    <p class='ocr_par' dir='ltr' id='par_1_90' title="bbox 1959 4299 3532 4371">
     <span class='ocr_line' id='line_1_90' title="bbox 1959 4299 3532 4371; baseline -0.006 -11"><span class='ocrx_word' id='word_1_632' title='bbox 1959 4307 2115 4361; x_wconf 87' lang='lat' dir='ltr'><strong>illum</strong></span> <span class='ocrx_word' id='word_1_633' title='bbox 2162 4304 2320 4359; x_wconf 84' lang='lat' dir='ltr'><strong>liberi</strong></span> <span class='ocrx_word' id='word_1_634' title='bbox 2359 4304 2436 4358; x_wconf 91' lang='lat' dir='ltr'><strong>tui</strong></span> <span class='ocrx_word' id='word_1_635' title='bbox 2491 4302 2917 4357; x_wconf 75' lang='lat' dir='ltr'><strong>mansuetiorem</strong></span> <span class='ocrx_word' id='word_1_636' title='bbox 2959 4299 3336 4371; x_wconf 77' lang='lat' dir='ltr'><strong>experiantur,</strong></span> <span class='ocrx_word' id='word_1_637' title='bbox 3371 4314 3532 4367; x_wconf 84' lang='lat' dir='ltr'><strong>quam</strong></span> 
     </span>
    </p>
   </div>
   <div class='ocr_carea' id='block_1_91' title="bbox 1961 4389 3532 4468">
    <p class='ocr_par' dir='ltr' id='par_1_91' title="bbox 1961 4389 3532 4468">
     <span class='ocr_line' id='line_1_91' title="bbox 1961 4389 3532 4468; baseline -0.008 -13"><span class='ocrx_word' id='word_1_638' title='bbox 1961 4401 2051 4455; x_wconf 90' lang='lat' dir='ltr'><strong>ille</strong></span> <span class='ocrx_word' id='word_1_639' title='bbox 2096 4409 2146 4454; x_wconf 84' lang='lat' dir='ltr'><strong>te</strong></span> <span class='ocrx_word' id='word_1_640' title='bbox 2174 4400 2511 4468; x_wconf 73' lang='lat' dir='ltr'><strong>esperietur,</strong></span> <span class='ocrx_word' id='word_1_641' title='bbox 2550 4397 2594 4451; x_wconf 89' lang='lat' dir='ltr'><strong>si</strong></span> <span class='ocrx_word' id='word_1_642' title='bbox 2626 4397 2870 4450; x_wconf 88' lang='lat' dir='ltr'><strong>clausum</strong></span> <span class='ocrx_word' id='word_1_643' title='bbox 2906 4399 2961 4448; x_wconf 90' lang='lat' dir='ltr'><strong>in</strong></span> <span class='ocrx_word' id='word_1_644' title='bbox 3006 4408 3229 4448; x_wconf 89' lang='lat' dir='ltr'><strong>carcere</strong></span> <span class='ocrx_word' id='word_1_645' title='bbox 3260 4406 3431 4457; x_wconf 73' lang='lat' dir='ltr'><strong>usque</strong></span> <span class='ocrx_word' id='word_1_646' title='bbox 3464 4389 3532 4444; x_wconf 88' lang='lat' dir='ltr'><strong>ad</strong></span> 
     </span>
    </p>
   </div>
   <div class='ocr_carea' id='block_1_92' title="bbox 285 4480 1845 4557">
    <p class='ocr_par' dir='ltr' id='par_1_92' title="bbox 285 4481 1845 4554">
     <span class='ocr_line' id='line_1_92' title="bbox 285 4481 1845 4554; baseline -0.001 -14"><span class='ocrx_word' id='word_1_647' title='bbox 285 4488 450 4551; x_wconf 71' lang='grc' dir='ltr'>κλέα,</span> <span class='ocrx_word' id='word_1_648' title='bbox 504 4484 684 4554; x_wconf 73' lang='grc' dir='ltr'>ἣτῶν</span> <span class='ocrx_word' id='word_1_649' title='bbox 736 4483 915 4536; x_wconf 80' lang='grc' dir='ltr'>ἄλλων</span> <span class='ocrx_word' id='word_1_650' title='bbox 959 4481 1077 4547; x_wconf 73' lang='grc' dir='ltr'>ἕνα,</span> <span class='ocrx_word' id='word_1_651' title='bbox 1137 4481 1192 4544; x_wconf 76' lang='grc' dir='ltr'>ὃς</span> <span class='ocrx_word' id='word_1_652' title='bbox 1235 4482 1301 4535; x_wconf 74' lang='grc' dir='ltr'>ἂν</span> <span class='ocrx_word' id='word_1_653' title='bbox 1355 4483 1593 4551; x_wconf 86' lang='grc' dir='ltr'>μάλιστα</span> <span class='ocrx_word' id='word_1_654' title='bbox 1634 4485 1845 4548; x_wconf 79' lang='grc' dir='ltr'>πλείους</span> 
     </span>
    </p>
   </div>
   <div class='ocr_carea' id='block_1_93' title="bbox 1950 4480 3532 4557">
    <p class='ocr_par' dir='ltr' id='par_1_93' title="bbox 1964 4480 3532 4557">
     <span class='ocr_line' id='line_1_93' title="bbox 1964 4480 3532 4557; baseline -0.007 -15"><span class='ocrx_word' id='word_1_655' title='bbox 1964 4499 2194 4544; x_wconf 90' lang='lat' dir='ltr'><strong>mortem</strong></span> <span class='ocrx_word' id='word_1_656' title='bbox 2229 4488 2543 4550; x_wconf 82' lang='lat' dir='ltr'><strong>retinueris,</strong></span> <span class='ocrx_word' id='word_1_657' title='bbox 2579 4495 2638 4540; x_wconf 87' lang='lat' dir='ltr'><strong>ut</strong></span> <span class='ocrx_word' id='word_1_658' title='bbox 2677 4487 2901 4557; x_wconf 75' lang='lat' dir='ltr'><strong>gravius</strong></span> <span class='ocrx_word' id='word_1_659' title='bbox 2933 4485 3069 4539; x_wconf 88' lang='lat' dir='ltr'><strong>nihil</strong></span> <span class='ocrx_word' id='word_1_660' title='bbox 3105 4485 3294 4537; x_wconf 84' lang='lat' dir='ltr'><strong>addas.</strong></span> <span class='ocrx_word' id='word_1_661' title='bbox 3334 4480 3427 4536; x_wconf 91' lang='lat' dir='ltr'><strong>Sin</strong></span> <span class='ocrx_word' id='word_1_662' title='bbox 3465 4480 3532 4532; x_wconf 87' lang='lat' dir='ltr'><strong>ad</strong></span> 
     </span>
    </p>
   </div>
   <div class='ocr_carea' id='block_1_94' title="bbox 275 4575 1861 4651">
    <p class='ocr_par' dir='ltr' id='par_1_94' title="bbox 275 4575 1861 4651">
     <span class='ocr_line' id='line_1_94' title="bbox 275 4575 1861 4651; baseline -0.003 -17"><span class='ocrx_word' id='word_1_663' title='bbox 275 4580 436 4651; x_wconf 83' lang='grc' dir='ltr'>σχοίη</span> <span class='ocrx_word' id='word_1_664' title='bbox 462 4579 591 4640; x_wconf 83' lang='grc' dir='ltr'><strong>τούς</strong></span> <span class='ocrx_word' id='word_1_665' title='bbox 624 4577 994 4640; x_wconf 84' lang='grc' dir='ltr'>σπουδαστάς,</span> <span class='ocrx_word' id='word_1_666' title='bbox 1040 4578 1136 4628; x_wconf 73' lang='grc' dir='ltr'><strong>καὶ</strong></span> <span class='ocrx_word' id='word_1_667' title='bbox 1177 4575 1483 4646; x_wconf 81' lang='grc' dir='ltr'>δεινότερος</span> <span class='ocrx_word' id='word_1_668' title='bbox 1511 4577 1720 4648; x_wconf 83' lang='grc' dir='ltr'>δοκοίη,</span> <span class='ocrx_word' id='word_1_669' title='bbox 1764 4579 1861 4632; x_wconf 76' lang='grc' dir='ltr'><strong>καὶ</strong></span> 
     </span>
    </p>
   </div>
   <div class='ocr_carea' id='block_1_95' title="bbox 279 4668 1888 4745">
    <p class='ocr_par' dir='ltr' id='par_1_95' title="bbox 279 4668 1888 4745">
     <span class='ocr_line' id='line_1_95' title="bbox 279 4668 1888 4745; baseline -0.004 -16"><span class='ocrx_word' id='word_1_670' title='bbox 279 4673 484 4745; x_wconf 73' lang='grc' dir='ltr'>μᾶλλον</span> <span class='ocrx_word' id='word_1_671' title='bbox 512 4673 702 4741; x_wconf 79' lang='grc' dir='ltr'>ἄρχειν</span> <span class='ocrx_word' id='word_1_672' title='bbox 728 4668 1056 4738; x_wconf 72' lang='grc' dir='ltr'>ἐπιτήδειος.</span> <span class='ocrx_word' id='word_1_673' title='bbox 1091 4669 1186 4720; x_wconf 72' lang='lat' dir='ltr'><strong>“Av</strong></span> <span class='ocrx_word' id='word_1_674' title='bbox 1219 4669 1319 4738; x_wconf 81' lang='grc' dir='ltr'>μὲν</span> <span class='ocrx_word' id='word_1_675' title='bbox 1343 4669 1437 4723; x_wconf 88' lang='grc' dir='ltr'><strong>οὐν</strong></span> <span class='ocrx_word' id='word_1_676' title='bbox 1468 4671 1676 4728; x_wconf 69' lang='grc' dir='ltr'>ἐκεῖνος</span> <span class='ocrx_word' id='word_1_677' title='bbox 1707 4673 1888 4742; x_wconf 53' lang='grc' dir='ltr'>αίρεον</span> 
     </span>
    </p>
   </div>
   <div class='ocr_carea' id='block_1_96' title="bbox 275 4755 1855 4834">
    <p class='ocr_par' dir='ltr' id='par_1_96' title="bbox 275 4755 1855 4834">
     <span class='ocr_line' id='line_1_96' title="bbox 275 4755 1855 4834; baseline -0.004 -15"><span class='ocrx_word' id='word_1_678' title='bbox 275 4766 425 4834; x_wconf 79' lang='grc' dir='ltr'>θείη.</span> <span class='ocrx_word' id='word_1_679' title='bbox 465 4764 607 4818; x_wconf 83' lang='grc' dir='ltr'>δοκῶ</span> <span class='ocrx_word' id='word_1_680' title='bbox 638 4781 729 4832; x_wconf 85' lang='grc' dir='ltr'><strong>μοι</strong></span> <span class='ocrx_word' id='word_1_681' title='bbox 766 4761 932 4831; x_wconf 69' lang='grc' dir='ltr'>μηδὲν</span> <span class='ocrx_word' id='word_1_682' title='bbox 992 4755 1178 4833; x_wconf 80' lang='grc' dir='ltr'>ἦττον,</span> <span class='ocrx_word' id='word_1_683' title='bbox 1209 4759 1305 4812; x_wconf 76' lang='grc' dir='ltr'><strong>καὶ</strong></span> <span class='ocrx_word' id='word_1_684' title='bbox 1348 4760 1512 4822; x_wconf 75' lang='grc' dir='ltr'>αὐτὸς</span> <span class='ocrx_word' id='word_1_685' title='bbox 1542 4760 1855 4829; x_wconf 64' lang='grc' dir='ltr'>φιλονεικήε</span> 
     </span>
    </p>
   </div>
   <div class='ocr_carea' id='block_1_97' title="bbox 278 4849 1857 4926">
    <p class='ocr_par' dir='ltr' id='par_1_97' title="bbox 278 4849 1857 4926">
     <span class='ocr_line' id='line_1_97' title="bbox 278 4849 1857 4926; baseline -0.006 -14"><span class='ocrx_word' id='word_1_686' title='bbox 278 4875 398 4913; x_wconf 83' lang='grc' dir='ltr'>σειν</span> <span class='ocrx_word' id='word_1_687' title='bbox 442 4854 794 4926; x_wconf 73' lang='grc' dir='ltr'>ἡμερώτερος</span> <span class='ocrx_word' id='word_1_688' title='bbox 839 4849 1124 4919; x_wconf 76' lang='grc' dir='ltr'>φανεῖσθαι</span> <span class='ocrx_word' id='word_1_689' title='bbox 1154 4853 1267 4913; x_wconf 80' lang='grc' dir='ltr'>τοῖς</span> <span class='ocrx_word' id='word_1_690' title='bbox 1308 4852 1468 4903; x_wconf 79' lang='grc' dir='ltr'>παισὶ</span> <span class='ocrx_word' id='word_1_691' title='bbox 1514 4854 1624 4914; x_wconf 78' lang='grc' dir='ltr'>τοῖς</span> <span class='ocrx_word' id='word_1_692' title='bbox 1659 4851 1857 4922; x_wconf 81' lang='grc' dir='ltr'>σοί;,ἦ</span> 
     </span>
    </p>
   </div>
   <div class='ocr_carea' id='block_1_98' title="bbox 276 4926 1857 5014">
    <p class='ocr_par' dir='ltr' id='par_1_98' title="bbox 276 4926 1857 5014">
     <span class='ocr_line' id='line_1_98' title="bbox 276 4926 1857 5014; baseline -0.006 -11"><span class='ocrx_word' id='word_1_693' title='bbox 276 4948 442 5008; x_wconf 72' lang='grc' dir='ltr'>αὐτὸς</span> <span class='ocrx_word' id='word_1_694' title='bbox 474 4947 668 5013; x_wconf 70' lang='grc' dir='ltr'>ἐκείνῳ</span> <span class='ocrx_word' id='word_1_695' title='bbox 696 4926 905 5014; x_wconf 72' lang='grc' dir='ltr'>ὤφθης.</span> <span class='ocrx_word' id='word_1_696' title='bbox 939 4939 1111 4995; x_wconf 81' lang='grc' dir='ltr'>Τοῦτο</span> <span class='ocrx_word' id='word_1_697' title='bbox 1145 4941 1200 4994; x_wconf 69' lang='grc' dir='ltr'>δὲ</span> <span class='ocrx_word' id='word_1_698' title='bbox 1227 4941 1382 4996; x_wconf 77' lang='grc' dir='ltr'>οὐδὲν</span> <span class='ocrx_word' id='word_1_699' title='bbox 1419 4943 1608 5011; x_wconf 73' lang='grc' dir='ltr'>ἕτερόν</span> <span class='ocrx_word' id='word_1_700' title='bbox 1645 4945 1794 4995; x_wconf 80' lang='grc' dir='ltr'>ἐστιν</span> <span class='ocrx_word' id='word_1_701' title='bbox 1824 4942 1857 5014; x_wconf 82' lang='grc' dir='ltr'>ἢ</span> 
     </span>
    </p>
   </div>
   <div class='ocr_carea' id='block_1_99' title="bbox 276 5035 1859 5107">
    <p class='ocr_par' dir='ltr' id='par_1_99' title="bbox 276 5035 1859 5107">
     <span class='ocr_line' id='line_1_99' title="bbox 276 5035 1859 5107; baseline -0.004 -12"><span class='ocrx_word' id='word_1_702' title='bbox 276 5042 342 5095; x_wconf 66' lang='grc' dir='ltr'>ὲν</span> <span class='ocrx_word' id='word_1_703' title='bbox 395 5038 754 5106; x_wconf 78' lang='grc' dir='ltr'>δεσμωτηρίῳ</span> <span class='ocrx_word' id='word_1_704' title='bbox 792 5035 1231 5089; x_wconf 74' lang='grc' dir='ltr'>κατακλείσαντα</span> <span class='ocrx_word' id='word_1_705' title='bbox 1267 5036 1522 5106; x_wconf 78' lang='grc' dir='ltr'>κατέχειν</span> <span class='ocrx_word' id='word_1_706' title='bbox 1570 5037 1659 5091; x_wconf 70' lang='grc' dir='ltr'><strong>διὰ</strong></span> <span class='ocrx_word' id='word_1_707' title='bbox 1718 5036 1859 5107; x_wconf 83' lang='grc' dir='ltr'>βίου,</span> 
     </span>
    </p>
   </div>
   <div class='ocr_carea' id='block_1_100' title="bbox 277 5128 1860 5200">
    <p class='ocr_par' dir='ltr' id='par_1_100' title="bbox 277 5128 1860 5200">
     <span class='ocr_line' id='line_1_100' title="bbox 277 5128 1860 5200; baseline 0.001 -18"><span class='ocrx_word' id='word_1_708' title='bbox 277 5130 378 5187; x_wconf 78' lang='grc' dir='ltr'><strong>καὶ</strong></span> <span class='ocrx_word' id='word_1_709' title='bbox 417 5130 584 5200; x_wconf 79' lang='grc' dir='ltr'>μηδέν</span> <span class='ocrx_word' id='word_1_710' title='bbox 638 5147 690 5182; x_wconf 89' lang='grc' dir='ltr'><strong>τι</strong></span> <span class='ocrx_word' id='word_1_711' title='bbox 742 5128 1046 5197; x_wconf 72' lang='grc' dir='ltr'>δεινότερον</span> <span class='ocrx_word' id='word_1_712' title='bbox 1088 5128 1278 5198; x_wconf 75' lang='grc' dir='ltr'>ἕτερον</span> <span class='ocrx_word' id='word_1_713' title='bbox 1329 5129 1673 5198; x_wconf 79' lang='grc' dir='ltr'>προσθεῖναι.</span> <span class='ocrx_word' id='word_1_714' title='bbox 1718 5129 1781 5184; x_wconf 83' lang='grc' dir='ltr'>Εί</span> <span class='ocrx_word' id='word_1_715' title='bbox 1815 5130 1860 5183; x_wconf 89' lang='grc' dir='ltr'>δ’</span> 
     </span>
    </p>
   </div>
   <div class='ocr_carea' id='block_1_101' title="bbox 277 5219 1863 5293">
    <p class='ocr_par' dir='ltr' id='par_1_101' title="bbox 277 5219 1863 5293">
     <span class='ocr_line' id='line_1_101' title="bbox 277 5219 1863 5293; baseline -0.004 -13"><span class='ocrx_word' id='word_1_716' title='bbox 277 5225 371 5293; x_wconf 65' lang='grc' dir='ltr'><strong>ἐφ’</strong></span> <span class='ocrx_word' id='word_1_717' title='bbox 405 5220 596 5293; x_wconf 72' lang='grc' dir='ltr'>ιτερόν</span> <span class='ocrx_word' id='word_1_718' title='bbox 616 5239 764 5287; x_wconf 87' lang='grc' dir='ltr'>τινα,</span> <span class='ocrx_word' id='word_1_719' title='bbox 792 5222 931 5291; x_wconf 84' lang='grc' dir='ltr'>ὅπερ</span> <span class='ocrx_word' id='word_1_720' title='bbox 959 5219 1195 5289; x_wconf 82' lang='grc' dir='ltr'>μάλιστα</span> <span class='ocrx_word' id='word_1_721' title='bbox 1219 5222 1555 5292; x_wconf 76' lang='grc' dir='ltr'>ἀπεύχομαι,</span> <span class='ocrx_word' id='word_1_722' title='bbox 1587 5223 1863 5292; x_wconf 74' lang='grc' dir='ltr'>μεταϐαίη</span> 
     </span>
    </p>
   </div>
   <div class='ocr_carea' id='block_1_102' title="bbox 277 5297 1864 5388">
    <p class='ocr_par' dir='ltr' id='par_1_102' title="bbox 277 5297 1864 5388">
     <span class='ocr_line' id='line_1_102' title="bbox 277 5297 1864 5388; baseline -0.002 -17"><span class='ocrx_word' id='word_1_723' title='bbox 277 5297 518 5388; x_wconf 71' lang='grc' dir='ltr'>ήάρχὴ,</span> <span class='ocrx_word' id='word_1_724' title='bbox 542 5315 688 5370; x_wconf 78' lang='grc' dir='ltr'>ὀκνῶ</span> <span class='ocrx_word' id='word_1_725' title='bbox 722 5315 822 5386; x_wconf 78' lang='grc' dir='ltr'>μὲν</span> <span class='ocrx_word' id='word_1_726' title='bbox 845 5316 1022 5369; x_wconf 74' lang='grc' dir='ltr'>εἰπεῖν</span> <span class='ocrx_word' id='word_1_727' title='bbox 1048 5315 1144 5370; x_wconf 77' lang='grc' dir='ltr'><strong>καὶ</strong></span> <span class='ocrx_word' id='word_1_728' title='bbox 1189 5316 1353 5386; x_wconf 76' lang='grc' dir='ltr'>μέχρι</span> <span class='ocrx_word' id='word_1_729' title='bbox 1392 5316 1552 5384; x_wconf 83' lang='grc' dir='ltr'>λόγου</span> <span class='ocrx_word' id='word_1_730' title='bbox 1599 5316 1864 5387; x_wconf 68' lang='grc' dir='ltr'>δακνόμεε</span> 
     </span>
    </p>
   </div>
   <div class='ocr_carea' id='block_1_103' title="bbox 280 5407 1866 5480">
    <p class='ocr_par' dir='ltr' id='par_1_103' title="bbox 280 5407 1866 5480">
     <span class='ocr_line' id='line_1_103' title="bbox 280 5407 1866 5480; baseline -0.002 -15"><span class='ocrx_word' id='word_1_731' title='bbox 280 5426 375 5472; x_wconf 83' lang='grc' dir='ltr'><strong>νος</strong></span> <span class='ocrx_word' id='word_1_732' title='bbox 401 5412 467 5480; x_wconf 78' lang='grc' dir='ltr'>τῇ</span> <span class='ocrx_word' id='word_1_733' title='bbox 499 5410 798 5480; x_wconf 50' lang='grc' dir='ltr'><strong>προσδοκίᾳ⁵</strong></span> <span class='ocrx_word' id='word_1_734' title='bbox 817 5407 926 5461; x_wconf 80' lang='grc' dir='ltr'><strong>τῶν</strong></span> <span class='ocrx_word' id='word_1_735' title='bbox 955 5408 1184 5462; x_wconf 65' lang='grc' dir='ltr'>δεινῶν</span> <span class='ocrx_word' id='word_1_736' title='bbox 1215 5407 1371 5472; x_wconf 72' lang='grc' dir='ltr'>ἐλπὶς</span> <span class='ocrx_word' id='word_1_737' title='bbox 1398 5408 1451 5462; x_wconf 78' lang='grc' dir='ltr'>δὲ</span> <span class='ocrx_word' id='word_1_738' title='bbox 1481 5409 1708 5478; x_wconf 78' lang='grc' dir='ltr'>οὐδεμία</span> <span class='ocrx_word' id='word_1_739' title='bbox 1732 5411 1866 5463; x_wconf 81' lang='grc' dir='ltr'>ἁπο-</span> 
     </span>
    </p>
   </div>
   <div class='ocr_carea' id='block_1_104' title="bbox 279 5498 1865 5571">
    <p class='ocr_par' dir='ltr' id='par_1_104' title="bbox 279 5498 1865 5571">
     <span class='ocr_line' id='line_1_104' title="bbox 279 5498 1865 5571; baseline -0.001 -17"><span class='ocrx_word' id='word_1_740' title='bbox 279 5501 534 5554; x_wconf 83' lang='grc' dir='ltr'>λείπεται</span> <span class='ocrx_word' id='word_1_741' title='bbox 567 5499 644 5569; x_wconf 77' lang='grc' dir='ltr'>μὴ</span> <span class='ocrx_word' id='word_1_742' title='bbox 671 5500 730 5554; x_wconf 88' lang='grc' dir='ltr'><strong>οὐ</strong></span> <span class='ocrx_word' id='word_1_743' title='bbox 767 5499 973 5563; x_wconf 80' lang='grc' dir='ltr'>πάντας</span> <span class='ocrx_word' id='word_1_744' title='bbox 1012 5499 1185 5571; x_wconf 77' lang='grc' dir='ltr'>ἄρδην</span> <span class='ocrx_word' id='word_1_745' title='bbox 1219 5498 1544 5554; x_wconf 79' lang='grc' dir='ltr'>ἀπολέσθαι.</span> <span class='ocrx_word' id='word_1_746' title='bbox 1577 5500 1638 5553; x_wconf 76' lang='lat' dir='ltr'><strong>Et</strong></span> <span class='ocrx_word' id='word_1_747' title='bbox 1660 5499 1706 5551; x_wconf 86' lang='grc' dir='ltr'>δ’</span> <span class='ocrx_word' id='word_1_748' title='bbox 1729 5500 1865 5571; x_wconf 79' lang='grc' dir='ltr'>ὅπερ</span> 
     </span>
    </p>
   </div>
   <div class='ocr_carea' id='block_1_105' title="bbox 281 5592 1867 5664">
    <p class='ocr_par' dir='ltr' id='par_1_105' title="bbox 281 5592 1867 5664">
     <span class='ocr_line' id='line_1_105' title="bbox 281 5592 1867 5664; baseline -0.001 -16"><span class='ocrx_word' id='word_1_749' title='bbox 281 5595 450 5658; x_wconf 73' lang='grc' dir='ltr'>αὐτὸς</span> <span class='ocrx_word' id='word_1_750' title='bbox 483 5595 664 5648; x_wconf 66' lang='grc' dir='ltr'>ἑκοντὶ</span> <span class='ocrx_word' id='word_1_751' title='bbox 704 5594 956 5664; x_wconf 79' lang='grc' dir='ltr'>προείλου</span> <span class='ocrx_word' id='word_1_752' title='bbox 988 5592 1084 5648; x_wconf 83' lang='grc' dir='ltr'>νῦν</span> <span class='ocrx_word' id='word_1_753' title='bbox 1120 5594 1216 5652; x_wconf 73' lang='grc' dir='ltr'><strong>καὶ</strong></span> <span class='ocrx_word' id='word_1_754' title='bbox 1262 5594 1346 5658; x_wconf 85' lang='grc' dir='ltr'><strong>είς</strong></span> <span class='ocrx_word' id='word_1_755' title='bbox 1385 5595 1547 5662; x_wconf 65' lang='grc' dir='ltr'>ἔργον</span> <span class='ocrx_word' id='word_1_756' title='bbox 1589 5594 1867 5664; x_wconf 75' lang='grc' dir='ltr'>ἐθελήσεις</span> 
     </span>
    </p>
   </div>
   <div class='ocr_carea' id='block_1_106' title="bbox 279 5684 1864 5758">
    <p class='ocr_par' dir='ltr' id='par_1_106' title="bbox 279 5684 1864 5758">
     <span class='ocr_line' id='line_1_106' title="bbox 279 5684 1864 5758; baseline -0.004 -15"><span class='ocrx_word' id='word_1_757' title='bbox 279 5687 536 5755; x_wconf 72' lang='grc' dir='ltr'>ἀγαγεῖν,</span> <span class='ocrx_word' id='word_1_758' title='bbox 566 5687 767 5758; x_wconf 69' lang='grc' dir='ltr'>ἄριστα</span> <span class='ocrx_word' id='word_1_759' title='bbox 790 5686 888 5758; x_wconf 71' lang='grc' dir='ltr'><strong>ἔσῃ</strong></span> <span class='ocrx_word' id='word_1_760' title='bbox 925 5684 1111 5757; x_wconf 82' lang='grc' dir='ltr'>σαυτῷ</span> <span class='ocrx_word' id='word_1_761' title='bbox 1136 5701 1197 5741; x_wconf 87' lang='grc' dir='ltr'><strong>τε</strong></span> <span class='ocrx_word' id='word_1_762' title='bbox 1231 5687 1466 5752; x_wconf 70' lang='grc' dir='ltr'>κάκείνῳ</span> <span class='ocrx_word' id='word_1_763' title='bbox 1496 5684 1864 5754; x_wconf 77' lang='grc' dir='ltr'>βεϐουλευμέ-</span> 
     </span>
    </p>
   </div>
   <div class='ocr_carea' id='block_1_107' title="bbox 277 5776 1862 5852">
    <p class='ocr_par' dir='ltr' id='par_1_107' title="bbox 277 5776 1862 5852">
     <span class='ocr_line' id='line_1_107' title="bbox 277 5776 1862 5852; baseline -0.003 -16"><span class='ocrx_word' id='word_1_764' title='bbox 277 5795 396 5843; x_wconf 80' lang='grc' dir='ltr'>νος.</span> <span class='ocrx_word' id='word_1_765' title='bbox 440 5779 675 5843; x_wconf 76' lang='grc' dir='ltr'>Ἐκεῖνός</span> <span class='ocrx_word' id='word_1_766' title='bbox 701 5796 758 5831; x_wconf 83' lang='grc' dir='ltr'><strong>τε</strong></span> <span class='ocrx_word' id='word_1_767' title='bbox 781 5781 891 5852; x_wconf 78' lang='grc' dir='ltr'><strong>γάρ</strong></span> <span class='ocrx_word' id='word_1_768' title='bbox 915 5779 1023 5832; x_wconf 82' lang='grc' dir='ltr'><strong>τῶν</strong></span> <span class='ocrx_word' id='word_1_769' title='bbox 1045 5777 1274 5852; x_wconf 37' lang='grc' dir='ltr'>,δεσμῶν</span> <span class='ocrx_word' id='word_1_770' title='bbox 1300 5776 1620 5845; x_wconf 74' lang='grc' dir='ltr'>ἀπολυθεὶς,</span> <span class='ocrx_word' id='word_1_771' title='bbox 1658 5777 1746 5831; x_wconf 83' lang='grc' dir='ltr'><strong>άεί</strong></span> <span class='ocrx_word' id='word_1_772' title='bbox 1778 5794 1862 5832; x_wconf 84' lang='grc' dir='ltr'><strong>σοι</strong></span> 
     </span>
    </p>
   </div>
   <div class='ocr_carea' id='block_1_108' title="bbox 1959 4573 3535 4649">
    <p class='ocr_par' dir='ltr' id='par_1_108' title="bbox 1959 4573 3535 4649">
     <span class='ocr_line' id='line_1_108' title="bbox 1959 4573 3535 4649; baseline -0.005 -16"><span class='ocrx_word' id='word_1_773' title='bbox 1959 4580 2125 4633; x_wconf 83' lang='lat' dir='ltr'><strong>alium</strong></span> <span class='ocrx_word' id='word_1_774' title='bbox 2181 4583 2472 4649; x_wconf 84' lang='lat' dir='ltr'><strong>quemdam</strong></span> <span class='ocrx_word' id='word_1_775' title='bbox 2523 4579 2700 4648; x_wconf 86' lang='lat' dir='ltr'><strong>(quod</strong></span> <span class='ocrx_word' id='word_1_776' title='bbox 2750 4577 2891 4630; x_wconf 88' lang='lat' dir='ltr'><strong>Deus</strong></span> <span class='ocrx_word' id='word_1_777' title='bbox 2937 4576 3186 4641; x_wconf 86' lang='lat' dir='ltr'><strong>avertat)</strong></span> <span class='ocrx_word' id='word_1_778' title='bbox 3244 4573 3535 4642; x_wconf 83' lang='lat' dir='ltr'><strong>imperium</strong></span> 
     </span>
    </p>
   </div>
   <div class='ocr_carea' id='block_1_109' title="bbox 1961 4665 3533 4737">
    <p class='ocr_par' dir='ltr' id='par_1_109' title="bbox 1961 4665 3533 4737">
     <span class='ocr_line' id='line_1_109' title="bbox 1961 4665 3533 4737; baseline -0.006 -12"><span class='ocrx_word' id='word_1_779' title='bbox 1961 4671 2344 4737; x_wconf 73' lang='lat' dir='ltr'><strong>transferatur,</strong></span> <span class='ocrx_word' id='word_1_780' title='bbox 2378 4687 2486 4724; x_wconf 92' lang='lat' dir='ltr'><strong>non</strong></span> <span class='ocrx_word' id='word_1_781' title='bbox 2527 4670 2705 4723; x_wconf 89' lang='lat' dir='ltr'><strong>audeo</strong></span> <span class='ocrx_word' id='word_1_782' title='bbox 2740 4668 2949 4734; x_wconf 84' lang='lat' dir='ltr'><strong>dicere,</strong></span> <span class='ocrx_word' id='word_1_783' title='bbox 2978 4667 3110 4737; x_wconf 85' lang='lat' dir='ltr'><strong>quid</strong></span> <span class='ocrx_word' id='word_1_784' title='bbox 3157 4667 3402 4720; x_wconf 80' lang='lat' dir='ltr'><strong>futurum</strong></span> <span class='ocrx_word' id='word_1_785' title='bbox 3439 4665 3533 4726; x_wconf 84' lang='lat' dir='ltr'><strong>sit,</strong></span> 
     </span>
    </p>
   </div>
   <div class='ocr_carea' id='block_1_110' title="bbox 1957 4755 3536 4832">
    <p class='ocr_par' dir='ltr' id='par_1_110' title="bbox 1957 4755 3536 4832">
     <span class='ocr_line' id='line_1_110' title="bbox 1957 4755 3536 4832; baseline -0.006 -13"><span class='ocrx_word' id='word_1_786' title='bbox 1957 4776 2013 4819; x_wconf 92' lang='lat' dir='ltr'><strong>et</strong></span> <span class='ocrx_word' id='word_1_787' title='bbox 2044 4765 2159 4832; x_wconf 91' lang='lat' dir='ltr'><strong>ipsa</strong></span> <span class='ocrx_word' id='word_1_788' title='bbox 2201 4764 2467 4817; x_wconf 88' lang='lat' dir='ltr'><strong>malorum</strong></span> <span class='ocrx_word' id='word_1_789' title='bbox 2493 4761 2833 4826; x_wconf 81' lang='lat' dir='ltr'><strong>exspectatio</strong></span> <span class='ocrx_word' id='word_1_790' title='bbox 2855 4761 3022 4812; x_wconf 87' lang='lat' dir='ltr'><strong>etiam</strong></span> <span class='ocrx_word' id='word_1_791' title='bbox 3056 4772 3244 4811; x_wconf 84' lang='lat' dir='ltr'><strong>vocem</strong></span> <span class='ocrx_word' id='word_1_792' title='bbox 3278 4755 3410 4810; x_wconf 89' lang='lat' dir='ltr'><strong>mihi</strong></span> <span class='ocrx_word' id='word_1_793' title='bbox 3448 4755 3536 4809; x_wconf 89' lang='lat' dir='ltr'><strong>iu-</strong></span> 
     </span>
    </p>
   </div>
   <div class='ocr_carea' id='block_1_111' title="bbox 1960 4845 3536 4924">
    <p class='ocr_par' dir='ltr' id='par_1_111' title="bbox 1960 4845 3536 4924">
     <span class='ocr_line' id='line_1_111' title="bbox 1960 4845 3536 4924; baseline -0.005 -15"><span class='ocrx_word' id='word_1_794' title='bbox 1960 4855 2222 4910; x_wconf 87' lang='lat' dir='ltr'><strong>tercludit</strong></span> <span class='ocrx_word' id='word_1_795' title='bbox 2268 4872 2282 4908; x_wconf 90' lang='lat'>:</span> <span class='ocrx_word' id='word_1_796' title='bbox 2344 4867 2449 4907; x_wconf 82' lang='lat' dir='ltr'><strong>nec</strong></span> <span class='ocrx_word' id='word_1_797' title='bbox 2487 4851 2814 4924; x_wconf 27' lang='lat' dir='ltr'><strong>iquidqnam</strong></span> <span class='ocrx_word' id='word_1_798' title='bbox 2856 4852 2990 4920; x_wconf 25' lang='lat' dir='ltr'><strong>,spci</strong></span> <span class='ocrx_word' id='word_1_799' title='bbox 3055 4857 3328 4918; x_wconf 88' lang='lat' dir='ltr'><strong>superest,</strong></span> <span class='ocrx_word' id='word_1_800' title='bbox 3403 4845 3536 4916; x_wconf 84' lang='lat' dir='ltr'><strong>quin</strong></span> 
     </span>
    </p>
   </div>
   <div class='ocr_carea' id='block_1_112' title="bbox 1959 4939 3538 5014">
    <p class='ocr_par' dir='ltr' id='par_1_112' title="bbox 1959 4939 3538 5014">
     <span class='ocr_line' id='line_1_112' title="bbox 1959 4939 3538 5014; baseline -0.005 -14"><span class='ocrx_word' id='word_1_801' title='bbox 1959 4961 2151 5001; x_wconf 87' lang='lat' dir='ltr'><strong>omnes</strong></span> <span class='ocrx_word' id='word_1_802' title='bbox 2199 4945 2532 5000; x_wconf 89' lang='lat' dir='ltr'><strong>omnimodis</strong></span> <span class='ocrx_word' id='word_1_803' title='bbox 2578 4959 2885 5014; x_wconf 85' lang='lat' dir='ltr'><strong>pereamus.</strong></span> <span class='ocrx_word' id='word_1_804' title='bbox 2963 4943 3031 4996; x_wconf 77' lang='lat' dir='ltr'><strong>At</strong></span> <span class='ocrx_word' id='word_1_805' title='bbox 3081 4943 3148 5006; x_wconf 88' lang='lat' dir='ltr'><strong>si,</strong></span> <span class='ocrx_word' id='word_1_806' title='bbox 3196 4939 3340 5011; x_wconf 90' lang='lat' dir='ltr'><strong>quod</strong></span> <span class='ocrx_word' id='word_1_807' title='bbox 3391 4953 3538 4993; x_wconf 90' lang='lat' dir='ltr'><strong>nunc</strong></span> 
     </span>
    </p>
   </div>
   <div class='ocr_carea' id='block_1_113' title="bbox 1962 5038 3536 5112">
    <p class='ocr_par' dir='ltr' id='par_1_113' title="bbox 1962 5038 3536 5112">
     <span class='ocr_line' id='line_1_113' title="bbox 1962 5038 3536 5112; baseline -0.005 -16"><span class='ocrx_word' id='word_1_808' title='bbox 1962 5041 2297 5112; x_wconf 59' lang='lat' dir='ltr'><strong>nltroiapud</strong></span> <span class='ocrx_word' id='word_1_809' title='bbox 2341 5040 2583 5094; x_wconf 90' lang='lat' dir='ltr'><strong>animum</strong></span> <span class='ocrx_word' id='word_1_810' title='bbox 2629 5039 2985 5110; x_wconf 83' lang='lat' dir='ltr'><strong>preposulsti,</strong></span> <span class='ocrx_word' id='word_1_811' title='bbox 3033 5039 3194 5093; x_wconf 86' lang='lat' dir='ltr'><strong>etiam</strong></span> <span class='ocrx_word' id='word_1_812' title='bbox 3225 5053 3387 5106; x_wconf 88' lang='lat' dir='ltr'><strong>opere</strong></span> <span class='ocrx_word' id='word_1_813' title='bbox 3418 5038 3536 5104; x_wconf 74' lang='lat' dir='ltr'><strong>ipso</strong></span> 
     </span>
    </p>
   </div>
   <div class='ocr_carea' id='block_1_114' title="bbox 1959 5132 3536 5206">
    <p class='ocr_par' dir='ltr' id='par_1_114' title="bbox 1959 5132 3536 5206">
     <span class='ocr_line' id='line_1_114' title="bbox 1959 5132 3536 5206; baseline -0.006 -14"><span class='ocrx_word' id='word_1_814' title='bbox 1959 5137 2184 5206; x_wconf 75' lang='lat' dir='ltr'><strong>explere</strong></span> <span class='ocrx_word' id='word_1_815' title='bbox 2215 5135 2470 5198; x_wconf 86' lang='lat' dir='ltr'><strong>volueris,</strong></span> <span class='ocrx_word' id='word_1_816' title='bbox 2523 5133 2590 5188; x_wconf 84' lang='lat' dir='ltr'><strong>de</strong></span> <span class='ocrx_word' id='word_1_817' title='bbox 2624 5143 2674 5189; x_wconf 85' lang='lat' dir='ltr'><strong>te</strong></span> <span class='ocrx_word' id='word_1_818' title='bbox 2710 5133 2826 5203; x_wconf 83' lang='lat' dir='ltr'><strong>ipso</strong></span> <span class='ocrx_word' id='word_1_819' title='bbox 2879 5143 3042 5202; x_wconf 81' lang='lat' dir='ltr'><strong>atque</strong></span> <span class='ocrx_word' id='word_1_820' title='bbox 3071 5133 3135 5186; x_wconf 90' lang='lat' dir='ltr'><strong>de</strong></span> <span class='ocrx_word' id='word_1_821' title='bbox 3167 5133 3256 5185; x_wconf 82' lang='lat' dir='ltr'><strong>illo</strong></span> <span class='ocrx_word' id='word_1_822' title='bbox 3283 5132 3536 5199; x_wconf 76' lang='lat' dir='ltr'><strong>pneclare</strong></span> 
     </span>
    </p>
   </div>
   <div class='ocr_carea' id='block_1_115' title="bbox 1965 5223 3538 5297">
    <p class='ocr_par' dir='ltr' id='par_1_115' title="bbox 1965 5223 3538 5297">
     <span class='ocr_line' id='line_1_115' title="bbox 1965 5223 3538 5297; baseline -0.003 -16"><span class='ocrx_word' id='word_1_823' title='bbox 1965 5229 2288 5282; x_wconf 83' lang='lat' dir='ltr'><strong>mereberis.</strong></span> <span class='ocrx_word' id='word_1_824' title='bbox 2339 5226 2502 5297; x_wconf 70' lang='grc'><strong>897</strong></span> <span class='ocrx_word' id='word_1_825' title='bbox 2543 5226 2678 5280; x_wconf 83' lang='lat' dir='ltr'><strong>Nam</strong></span> <span class='ocrx_word' id='word_1_826' title='bbox 2726 5235 2781 5278; x_wconf 88' lang='lat' dir='ltr'><strong>et</strong></span> <span class='ocrx_word' id='word_1_827' title='bbox 2827 5225 2917 5279; x_wconf 89' lang='lat' dir='ltr'><strong>ille</strong></span> <span class='ocrx_word' id='word_1_828' title='bbox 2970 5225 3254 5278; x_wconf 79' lang='lat' dir='ltr'><strong>absolutus</strong></span> <span class='ocrx_word' id='word_1_829' title='bbox 3307 5223 3538 5276; x_wconf 82' lang='lat' dir='ltr'><strong>vinculis</strong></span> 
     </span>
    </p>
   </div>
   <div class='ocr_carea' id='block_1_116' title="bbox 1965 5317 3540 5389">
    <p class='ocr_par' dir='ltr' id='par_1_116' title="bbox 1965 5317 3540 5389">
     <span class='ocr_line' id='line_1_116' title="bbox 1965 5317 3540 5389; baseline -0.003 -14"><span class='ocrx_word' id='word_1_830' title='bbox 1965 5329 2283 5375; x_wconf 85' lang='lat' dir='ltr'><strong>constanter</strong></span> <span class='ocrx_word' id='word_1_831' title='bbox 2330 5334 2395 5374; x_wconf 89' lang='lat' dir='ltr'><strong>ac</strong></span> <span class='ocrx_word' id='word_1_832' title='bbox 2439 5329 2705 5389; x_wconf 86' lang='lat' dir='ltr'><strong>perpetuo</strong></span> <span class='ocrx_word' id='word_1_833' title='bbox 2739 5317 2833 5371; x_wconf 76' lang='lat' dir='ltr'><strong>tibi</strong></span> <span class='ocrx_word' id='word_1_834' title='bbox 2875 5318 2940 5371; x_wconf 91' lang='lat' dir='ltr'><strong>dc</strong></span> <span class='ocrx_word' id='word_1_835' title='bbox 2998 5318 3263 5371; x_wconf 72' lang='lat' dir='ltr'><strong>beneficio</strong></span> <span class='ocrx_word' id='word_1_836' title='bbox 3314 5327 3540 5385; x_wconf 68' lang='lat' dir='ltr'><strong>accepto</strong></span> 
     </span>
    </p>
   </div>
   <div class='ocr_carea' id='block_1_117' title="bbox 1963 5399 3540 5484">
    <p class='ocr_par' dir='ltr' id='par_1_117' title="bbox 1963 5399 3540 5484">
     <span class='ocr_line' id='line_1_117' title="bbox 1963 5399 3540 5484; baseline -0.001 -19"><span class='ocrx_word' id='word_1_837' title='bbox 1963 5415 2168 5484; x_wconf 82' lang='lat' dir='ltr'><strong>gratias</strong></span> <span class='ocrx_word' id='word_1_838' title='bbox 2201 5421 2344 5484; x_wconf 84' lang='lat' dir='ltr'><strong>aget,</strong></span> <span class='ocrx_word' id='word_1_839' title='bbox 2389 5425 2455 5466; x_wconf 75' lang='lat' dir='ltr'><strong>ac</strong></span> <span class='ocrx_word' id='word_1_840' title='bbox 2501 5399 2553 5466; x_wconf 83' lang='lat' dir='ltr'><strong>te</strong></span> <span class='ocrx_word' id='word_1_841' title='bbox 2581 5413 2764 5466; x_wconf 77' lang='lat' dir='ltr'><strong>vivum</strong></span> <span class='ocrx_word' id='word_1_842' title='bbox 2814 5427 2912 5480; x_wconf 81' lang='lat' dir='ltr'><strong>pro</strong></span> <span class='ocrx_word' id='word_1_843' title='bbox 2947 5413 3340 5466; x_wconf 78' lang='lat' dir='ltr'><strong>Lenemcrcnte</strong></span> <span class='ocrx_word' id='word_1_844' title='bbox 3375 5427 3540 5482; x_wconf 76' lang='lat' dir='ltr'><strong>agno-</strong></span> 
     </span>
    </p>
   </div>
   <div class='ocr_carea' id='block_1_118' title="bbox 1963 5501 3541 5572">
    <p class='ocr_par' dir='ltr' id='par_1_118' title="bbox 1963 5501 3541 5572">
     <span class='ocr_line' id='line_1_118' title="bbox 1963 5501 3541 5572; baseline 0.001 -16"><span class='ocrx_word' id='word_1_845' title='bbox 1963 5512 2101 5567; x_wconf 86' lang='lat' dir='ltr'><strong>scet,</strong></span> <span class='ocrx_word' id='word_1_846' title='bbox 2139 5501 2408 5572; x_wconf 80' lang='lat' dir='ltr'><strong>factisque</strong></span> <span class='ocrx_word' id='word_1_847' title='bbox 2442 5502 2579 5571; x_wconf 89' lang='lat' dir='ltr'><strong>ipsis</strong></span> <span class='ocrx_word' id='word_1_848' title='bbox 2601 5503 2768 5572; x_wconf 86' lang='lat' dir='ltr'><strong>digno</strong></span> <span class='ocrx_word' id='word_1_849' title='bbox 2796 5503 2982 5556; x_wconf 87' lang='lat' dir='ltr'><strong>datum</strong></span> <span class='ocrx_word' id='word_1_850' title='bbox 3013 5520 3135 5557; x_wconf 84' lang='lat' dir='ltr'><strong>esse</strong></span> <span class='ocrx_word' id='word_1_851' title='bbox 3163 5503 3541 5558; x_wconf 82' lang='lat' dir='ltr'><strong>demonstrare</strong></span> 
     </span>
    </p>
   </div>
   <div class='ocr_carea' id='block_1_119' title="bbox 1961 5594 3539 5670">
    <p class='ocr_par' dir='ltr' id='par_1_119' title="bbox 1961 5594 3539 5670">
     <span class='ocr_line' id='line_1_119' title="bbox 1961 5594 3539 5670; baseline 0 -21"><span class='ocrx_word' id='word_1_852' title='bbox 1961 5596 2283 5661; x_wconf 87' lang='lat' dir='ltr'><strong>aunitetur;</strong></span> <span class='ocrx_word' id='word_1_853' title='bbox 2316 5605 2438 5664; x_wconf 86' lang='lat' dir='ltr'><strong>post</strong></span> <span class='ocrx_word' id='word_1_854' title='bbox 2473 5594 2686 5648; x_wconf 89' lang='lat' dir='ltr'><strong>obitum</strong></span> <span class='ocrx_word' id='word_1_855' title='bbox 2713 5610 2846 5649; x_wconf 86' lang='lat' dir='ltr'><strong>vero</strong></span> <span class='ocrx_word' id='word_1_856' title='bbox 2879 5604 3053 5657; x_wconf 90' lang='lat' dir='ltr'><strong>tuum,</strong></span> <span class='ocrx_word' id='word_1_857' title='bbox 3088 5601 3131 5651; x_wconf 83' lang='lat' dir='ltr'><strong>si</strong></span> <span class='ocrx_word' id='word_1_858' title='bbox 3176 5596 3248 5670; x_wconf 84' lang='lat' dir='ltr'><strong>ita</strong></span> <span class='ocrx_word' id='word_1_859' title='bbox 3271 5596 3539 5660; x_wconf 81' lang='lat' dir='ltr'><strong>evenerit,</strong></span> 
     </span>
    </p>
   </div>
   <div class='ocr_carea' id='block_1_120' title="bbox 1964 5689 3541 5758">
    <p class='ocr_par' dir='ltr' id='par_1_120' title="bbox 1964 5689 3541 5758">
     <span class='ocr_line' id='line_1_120' title="bbox 1964 5689 3541 5758; baseline -0.003 -16"><span class='ocrx_word' id='word_1_860' title='bbox 1964 5689 2091 5743; x_wconf 76' lang='lat' dir='ltr'><strong>ﬁliis</strong></span> <span class='ocrx_word' id='word_1_861' title='bbox 2129 5690 2238 5745; x_wconf 89' lang='lat' dir='ltr'><strong>tuis</strong></span> <span class='ocrx_word' id='word_1_862' title='bbox 2274 5689 2392 5742; x_wconf 71' lang='lat' dir='ltr'><strong>erit‘</strong></span> <span class='ocrx_word' id='word_1_863' title='bbox 2412 5689 2619 5751; x_wconf 86' lang='lat' dir='ltr'><strong>omnia,</strong></span> <span class='ocrx_word' id='word_1_864' title='bbox 2647 5697 2702 5741; x_wconf 90' lang='lat' dir='ltr'><strong>et</strong></span> <span class='ocrx_word' id='word_1_865' title='bbox 2730 5703 3055 5757; x_wconf 80' lang='lat' dir='ltr'><strong>quacunque</strong></span> <span class='ocrx_word' id='word_1_866' title='bbox 3085 5689 3292 5742; x_wconf 85' lang='lat' dir='ltr'><strong>ratione</strong></span> <span class='ocrx_word' id='word_1_867' title='bbox 3321 5689 3541 5758; x_wconf 81' lang='lat' dir='ltr'><strong>poterit,</strong></span> 
     </span>
    </p>
   </div>
   <div class='ocr_carea' id='block_1_121' title="bbox 1963 5777 3542 5848">
    <p class='ocr_par' dir='ltr' id='par_1_121' title="bbox 1963 5777 3542 5848">
     <span class='ocr_line' id='line_1_121' title="bbox 1963 5777 3542 5848; baseline -0.003 -14"><span class='ocrx_word' id='word_1_868' title='bbox 1963 5789 2157 5835; x_wconf 81' lang='lat' dir='ltr'><strong>contra</strong></span> <span class='ocrx_word' id='word_1_869' title='bbox 2197 5778 2449 5833; x_wconf 80' lang='lat' dir='ltr'><strong>inituin</strong></span> <span class='ocrx_word' id='word_1_870' title='bbox 2501 5778 2585 5834; x_wconf 82' lang='lat' dir='ltr'><strong>eis</strong></span> <span class='ocrx_word' id='word_1_871' title='bbox 2639 5777 3027 5848; x_wconf 73' lang='lat' dir='ltr'><strong>opituhbitur,</strong></span> <span class='ocrx_word' id='word_1_872' title='bbox 3078 5777 3542 5846; x_wconf 67' lang='lat' dir='ltr'><strong>cuuservabitqtte</strong></span> 
     </span>
    </p>
   </div>
  </div>
