  <div class='ocr_page' id='page_1' title='image "/cluster/home/n/w/nwhite01/storage/ocr_20150623/154/mdp.39015028978099/197.png"; bbox 0 0 4086 6288; ppageno 0'>
   <div class='ocr_carea' id='block_1_1' title="bbox 470 359 578 424">
    <p class='ocr_par' dir='ltr' id='par_1_1' title="bbox 470 359 578 424">
     <span class='ocr_line' id='line_1_1' title="bbox 470 359 578 424; baseline -0.019 -1"><span class='ocrx_word' id='word_1_1' title='bbox 470 359 578 424; x_wconf 77' lang='grc' dir='ltr'><strong>3ῗ9</strong></span> 
     </span>
    </p>
   </div>
   <div class='ocr_carea' id='block_1_2' title="bbox 1638 354 2527 420">
    <p class='ocr_par' dir='ltr' id='par_1_2' title="bbox 1638 354 2527 420">
     <span class='ocr_line' id='line_1_2' title="bbox 1638 354 2527 420; baseline 0.002 -5"><span class='ocrx_word' id='word_1_2' title='bbox 1638 354 1960 415; x_wconf 75' lang='lat' dir='ltr'><strong>JOANNIS</strong></span> <span class='ocrx_word' id='word_1_3' title='bbox 1998 356 2527 420; x_wconf 79' lang='lat' dir='ltr'><strong>CANTACUZENI</strong></span> 
     </span>
    </p>
   </div>
   <div class='ocr_carea' id='block_1_3' title="bbox 3603 359 3708 423">
    <p class='ocr_par' dir='ltr' id='par_1_3' title="bbox 3603 359 3708 423">
     <span class='ocr_line' id='line_1_3' title="bbox 3603 359 3708 423; baseline 0 0"><span class='ocrx_word' id='word_1_4' title='bbox 3603 359 3708 423; x_wconf 78' lang='lat'><strong>380</strong></span> 
     </span>
    </p>
   </div>
   <div class='ocr_carea' id='block_1_4' title="bbox 475 469 2064 548">
    <p class='ocr_par' dir='ltr' id='par_1_4' title="bbox 475 469 2051 542">
     <span class='ocr_line' id='line_1_4' title="bbox 475 469 2051 542; baseline -0.003 -14"><span class='ocrx_word' id='word_1_5' title='bbox 475 491 621 532; x_wconf 79' lang='lat' dir='ltr'><strong>rans.</strong></span> <span class='ocrx_word' id='word_1_6' title='bbox 653 471 884 540; x_wconf 81' lang='lat' dir='ltr'><strong>Quidam</strong></span> <span class='ocrx_word' id='word_1_7' title='bbox 929 486 1054 525; x_wconf 75' lang='lat' dir='ltr'><strong>vero</strong></span> <span class='ocrx_word' id='word_1_8' title='bbox 1085 486 1113 526; x_wconf 77' lang='grc' dir='ltr'>ιι</span> <span class='ocrx_word' id='word_1_9' title='bbox 1141 471 1297 526; x_wconf 86' lang='lat' dir='ltr'><strong>vobis</strong></span> <span class='ocrx_word' id='word_1_10' title='bbox 1325 470 1430 525; x_wconf 89' lang='lat' dir='ltr'><strong>huc</strong></span> <span class='ocrx_word' id='word_1_11' title='bbox 1467 469 1850 542; x_wconf 74' lang='lat' dir='ltr'><strong>pervenientes</strong></span> <span class='ocrx_word' id='word_1_12' title='bbox 1897 479 2051 524; x_wconf 87' lang='lat' dir='ltr'><strong>retu-</strong></span> 
     </span>
    </p>
   </div>
   <div class='ocr_carea' id='block_1_5' title="bbox 2166 469 3706 548">
    <p class='ocr_par' dir='ltr' id='par_1_5' title="bbox 2166 473 3706 548">
     <span class='ocr_line' id='line_1_5' title="bbox 2166 473 3706 548; baseline -0.001 -19"><span class='ocrx_word' id='word_1_13' title='bbox 2166 475 2445 546; x_wconf 62' lang='grc' dir='ltr'>Ξπεδέχου,</span> <span class='ocrx_word' id='word_1_14' title='bbox 2504 475 2588 529; x_wconf 74' lang='grc' dir='ltr'><strong>ἵνα</strong></span> <span class='ocrx_word' id='word_1_15' title='bbox 2618 474 2691 545; x_wconf 77' lang='grc' dir='ltr'>μὴ</span> <span class='ocrx_word' id='word_1_16' title='bbox 2753 474 3114 530; x_wconf 81' lang='grc' dir='ltr'><strong>ἀπεστέλλετο</strong></span> <span class='ocrx_word' id='word_1_17' title='bbox 3164 473 3398 530; x_wconf 73' lang='grc' dir='ltr'>ἐνταῦθα</span> <span class='ocrx_word' id='word_1_18' title='bbox 3442 476 3474 546; x_wconf 77' lang='grc' dir='ltr'><strong>ἡ</strong></span> <span class='ocrx_word' id='word_1_19' title='bbox 3528 476 3706 548; x_wconf 71' lang='grc' dir='ltr'>γραφὴ</span> 
     </span>
    </p>
   </div>
   <div class='ocr_carea' id='block_1_6' title="bbox 471 562 2048 634">
    <p class='ocr_par' dir='ltr' id='par_1_6' title="bbox 471 562 2048 634">
     <span class='ocr_line' id='line_1_6' title="bbox 471 562 2048 634; baseline -0.004 -12"><span class='ocrx_word' id='word_1_20' title='bbox 471 570 654 622; x_wconf 83' lang='lat' dir='ltr'><strong>lerunt</strong></span> <span class='ocrx_word' id='word_1_21' title='bbox 697 567 854 631; x_wconf 87' lang='lat' dir='ltr'><strong>tuihi,</strong></span> <span class='ocrx_word' id='word_1_22' title='bbox 903 565 1047 634; x_wconf 91' lang='lat' dir='ltr'><strong>quod</strong></span> <span class='ocrx_word' id='word_1_23' title='bbox 1090 565 1278 633; x_wconf 87' lang='lat' dir='ltr'><strong>cupias</strong></span> <span class='ocrx_word' id='word_1_24' title='bbox 1323 563 1734 632; x_wconf 80' lang='lat' dir='ltr'><strong>responsionem</strong></span> <span class='ocrx_word' id='word_1_25' title='bbox 1786 563 1928 618; x_wconf 88' lang='lat' dir='ltr'><strong>hanc</strong></span> <span class='ocrx_word' id='word_1_26' title='bbox 1959 562 2048 619; x_wconf 86' lang='lat' dir='ltr'><strong>vel</strong></span> 
     </span>
    </p>
   </div>
   <div class='ocr_carea' id='block_1_7' title="bbox 474 654 2049 725">
    <p class='ocr_par' dir='ltr' id='par_1_7' title="bbox 474 654 2049 725">
     <span class='ocr_line' id='line_1_7' title="bbox 474 654 2049 725; baseline 0 -15"><span class='ocrx_word' id='word_1_27' title='bbox 474 657 778 725; x_wconf 75' lang='lat' dir='ltr'><strong>apologiam</strong></span> <span class='ocrx_word' id='word_1_28' title='bbox 842 655 950 709; x_wconf 90' lang='lat' dir='ltr'><strong>huc</strong></span> <span class='ocrx_word' id='word_1_29' title='bbox 1011 671 1119 708; x_wconf 89' lang='lat' dir='ltr'><strong>non</strong></span> <span class='ocrx_word' id='word_1_30' title='bbox 1179 655 1460 709; x_wconf 81' lang='lat' dir='ltr'><strong>remissam</strong></span> <span class='ocrx_word' id='word_1_31' title='bbox 1529 669 1670 718; x_wconf 88' lang='lat' dir='ltr'><strong>esse,</strong></span> <span class='ocrx_word' id='word_1_32' title='bbox 1725 654 2049 725; x_wconf 68' lang='lat' dir='ltr'><strong>paenituisse</strong></span> 
     </span>
    </p>
   </div>
   <div class='ocr_carea' id='block_1_8' title="bbox 473 747 2048 818">
    <p class='ocr_par' dir='ltr' id='par_1_8' title="bbox 473 747 2048 818">
     <span class='ocr_line' id='line_1_8' title="bbox 473 747 2048 818; baseline -0.001 -14"><span class='ocrx_word' id='word_1_33' title='bbox 473 752 622 804; x_wconf 79' lang='lat' dir='ltr'><strong>enim</strong></span> <span class='ocrx_word' id='word_1_34' title='bbox 667 761 716 804; x_wconf 89' lang='lat' dir='ltr'><strong>te</strong></span> <span class='ocrx_word' id='word_1_35' title='bbox 757 750 906 803; x_wconf 82' lang='lat' dir='ltr'><strong>facti.</strong></span> <span class='ocrx_word' id='word_1_36' title='bbox 962 749 1226 802; x_wconf 75' lang='lat' dir='ltr'><strong>Praeterea</strong></span> <span class='ocrx_word' id='word_1_37' title='bbox 1275 748 1464 801; x_wconf 90' lang='lat' dir='ltr'><strong>ethoc</strong></span> <span class='ocrx_word' id='word_1_38' title='bbox 1499 747 1851 815; x_wconf 87' lang='lat' dir='ltr'><strong>addiderunt,</strong></span> <span class='ocrx_word' id='word_1_39' title='bbox 1901 749 2048 818; x_wconf 87' lang='lat' dir='ltr'><strong>quod</strong></span> 
     </span>
    </p>
   </div>
   <div class='ocr_carea' id='block_1_9' title="bbox 472 840 2050 910">
    <p class='ocr_par' dir='ltr' id='par_1_9' title="bbox 472 840 2050 910">
     <span class='ocr_line' id='line_1_9' title="bbox 472 840 2050 910; baseline 0.002 -14"><span class='ocrx_word' id='word_1_40' title='bbox 472 843 647 903; x_wconf 67' lang='lat' dir='ltr'><strong>dicas.</strong></span> <span class='ocrx_word' id='word_1_41' title='bbox 683 840 971 906; x_wconf 88' lang='lat' dir='ltr'><strong>Quomodo</strong></span> <span class='ocrx_word' id='word_1_42' title='bbox 1006 841 1267 910; x_wconf 82' lang='lat' dir='ltr'><strong>possibile</strong></span> <span class='ocrx_word' id='word_1_43' title='bbox 1298 849 1380 894; x_wconf 83' lang='lat' dir='ltr'><strong>est</strong></span> <span class='ocrx_word' id='word_1_44' title='bbox 1416 842 1528 896; x_wconf 87' lang='lat' dir='ltr'><strong>Deo</strong></span> <span class='ocrx_word' id='word_1_45' title='bbox 1554 856 1671 895; x_wconf 83' lang='lat' dir='ltr'><strong>esse</strong></span> <span class='ocrx_word' id='word_1_46' title='bbox 1699 842 1893 896; x_wconf 85' lang='lat' dir='ltr'><strong>Filium</strong></span> <span class='ocrx_word' id='word_1_47' title='bbox 1932 842 2050 899; x_wconf 84' lang='lat' dir='ltr'><strong>sine</strong></span> 
     </span>
    </p>
   </div>
   <div class='ocr_carea' id='block_1_10' title="bbox 475 934 2052 1005">
    <p class='ocr_par' dir='ltr' id='par_1_10' title="bbox 475 934 2052 1005">
     <span class='ocr_line' id='line_1_10' title="bbox 475 934 2052 1005; baseline 0.001 -17"><span class='ocrx_word' id='word_1_48' title='bbox 475 937 743 990; x_wconf 81' lang='lat' dir='ltr'><strong>muliere?</strong></span> <span class='ocrx_word' id='word_1_49' title='bbox 792 935 844 988; x_wconf 85' lang='lat' dir='ltr'><strong>Si</strong></span> <span class='ocrx_word' id='word_1_50' title='bbox 889 938 1041 1005; x_wconf 15' lang='lat' dir='ltr'><strong>cnim.</strong></span> <span class='ocrx_word' id='word_1_51' title='bbox 1076 934 1268 988; x_wconf 79' lang='lat' dir='ltr'><strong>Filium</strong></span> <span class='ocrx_word' id='word_1_52' title='bbox 1313 935 1499 999; x_wconf 84' lang='lat' dir='ltr'><strong>habet,</strong></span> <span class='ocrx_word' id='word_1_53' title='bbox 1536 951 1605 989; x_wconf 77' lang='lat' dir='ltr'><strong>en</strong></span> <span class='ocrx_word' id='word_1_54' title='bbox 1658 934 1950 990; x_wconf 84' lang='lat' dir='ltr'><strong>dissidium</strong></span> <span class='ocrx_word' id='word_1_55' title='bbox 1997 945 2052 992; x_wconf 91' lang='lat' dir='ltr'><strong>et</strong></span> 
     </span>
    </p>
   </div>
   <div class='ocr_carea' id='block_1_11' title="bbox 477 1025 2049 1097">
    <p class='ocr_par' dir='ltr' id='par_1_11' title="bbox 477 1025 2049 1097">
     <span class='ocr_line' id='line_1_11' title="bbox 477 1025 2049 1097; baseline 0.001 -17"><span class='ocrx_word' id='word_1_56' title='bbox 477 1027 641 1080; x_wconf 81' lang='lat' dir='ltr'><strong>factio</strong></span> <span class='ocrx_word' id='word_1_57' title='bbox 675 1027 818 1080; x_wconf 78' lang='lat' dir='ltr'><strong>inter</strong></span> <span class='ocrx_word' id='word_1_58' title='bbox 846 1027 994 1096; x_wconf 86' lang='lat' dir='ltr'><strong>ipsos</strong></span> <span class='ocrx_word' id='word_1_59' title='bbox 1018 1036 1118 1081; x_wconf 88' lang='lat' dir='ltr'><strong>est.</strong></span> <span class='ocrx_word' id='word_1_60' title='bbox 1153 1025 1440 1092; x_wconf 87' lang='lat' dir='ltr'><strong>Quomodo</strong></span> <span class='ocrx_word' id='word_1_61' title='bbox 1469 1027 1632 1080; x_wconf 87' lang='lat' dir='ltr'><strong>etiam</strong></span> <span class='ocrx_word' id='word_1_62' title='bbox 1662 1027 1921 1097; x_wconf 83' lang='lat' dir='ltr'><strong>possibile</strong></span> <span class='ocrx_word' id='word_1_63' title='bbox 1946 1038 2049 1094; x_wconf 86' lang='lat' dir='ltr'><strong>est,</strong></span> 
     </span>
    </p>
   </div>
   <div class='ocr_carea' id='block_1_12' title="bbox 475 1117 2052 1184">
    <p class='ocr_par' dir='ltr' id='par_1_12' title="bbox 475 1117 2052 1184">
     <span class='ocr_line' id='line_1_12' title="bbox 475 1117 2052 1184; baseline 0.003 -12"><span class='ocrx_word' id='word_1_64' title='bbox 475 1132 541 1172; x_wconf 78' lang='lat' dir='ltr'><strong>ex</strong></span> <span class='ocrx_word' id='word_1_65' title='bbox 580 1119 688 1171; x_wconf 88' lang='lat' dir='ltr'><strong>Deo</strong></span> <span class='ocrx_word' id='word_1_66' title='bbox 731 1117 1006 1173; x_wconf 84' lang='lat' dir='ltr'><strong>hominem</strong></span> <span class='ocrx_word' id='word_1_67' title='bbox 1065 1119 1218 1172; x_wconf 78' lang='lat' dir='ltr'><strong>ﬁeri?</strong></span> <span class='ocrx_word' id='word_1_68' title='bbox 1284 1121 1440 1182; x_wconf 89' lang='lat' dir='ltr'><strong>item,</strong></span> <span class='ocrx_word' id='word_1_69' title='bbox 1506 1120 1618 1184; x_wconf 82' lang='lat' dir='ltr'><strong>Qua</strong></span> <span class='ocrx_word' id='word_1_70' title='bbox 1666 1120 1877 1176; x_wconf 86' lang='lat' dir='ltr'><strong>ratione</strong></span> <span class='ocrx_word' id='word_1_71' title='bbox 1927 1138 2052 1177; x_wconf 91' lang='lat' dir='ltr'><strong>cum</strong></span> 
     </span>
    </p>
   </div>
   <div class='ocr_carea' id='block_1_13' title="bbox 481 1211 2053 1282">
    <p class='ocr_par' dir='ltr' id='par_1_13' title="bbox 481 1211 2053 1282">
     <span class='ocr_line' id='line_1_13' title="bbox 481 1211 2053 1282; baseline 0.003 -18"><span class='ocrx_word' id='word_1_72' title='bbox 481 1214 622 1266; x_wconf 75' lang='lat' dir='ltr'><strong>lteus</strong></span> <span class='ocrx_word' id='word_1_73' title='bbox 665 1211 849 1274; x_wconf 79' lang='lat' dir='ltr'><strong>fuerit,</strong></span> <span class='ocrx_word' id='word_1_74' title='bbox 903 1212 1068 1265; x_wconf 89' lang='lat' dir='ltr'><strong>homo</strong></span> <span class='ocrx_word' id='word_1_75' title='bbox 1109 1211 1283 1267; x_wconf 83' lang='lat' dir='ltr'><strong>factus</strong></span> <span class='ocrx_word' id='word_1_76' title='bbox 1325 1211 1445 1266; x_wconf 85' lang='lat' dir='ltr'><strong>est?</strong></span> <span class='ocrx_word' id='word_1_77' title='bbox 1480 1213 1778 1276; x_wconf 66' lang='lat' dir='ltr'><strong>Praeterea,</strong></span> <span class='ocrx_word' id='word_1_78' title='bbox 1816 1215 1961 1282; x_wconf 89' lang='lat' dir='ltr'><strong>quod</strong></span> <span class='ocrx_word' id='word_1_79' title='bbox 2008 1215 2053 1269; x_wconf 89' lang='lat' dir='ltr'><strong>si</strong></span> 
     </span>
    </p>
   </div>
   <div class='ocr_carea' id='block_1_14' title="bbox 475 1303 2053 1370">
    <p class='ocr_par' dir='ltr' id='par_1_14' title="bbox 475 1303 2053 1370">
     <span class='ocr_line' id='line_1_14' title="bbox 475 1303 2053 1370; baseline -0.003 -10"><span class='ocrx_word' id='word_1_80' title='bbox 475 1303 730 1361; x_wconf 83' lang='lat' dir='ltr'><strong>Chrisms</strong></span> <span class='ocrx_word' id='word_1_81' title='bbox 779 1304 919 1360; x_wconf 83' lang='lat' dir='ltr'><strong>Deus</strong></span> <span class='ocrx_word' id='word_1_82' title='bbox 946 1315 1064 1359; x_wconf 88' lang='lat' dir='ltr'><strong>erat</strong></span> <span class='ocrx_word' id='word_1_83' title='bbox 1093 1313 1147 1358; x_wconf 85' lang='lat' dir='ltr'><strong>et</strong></span> <span class='ocrx_word' id='word_1_84' title='bbox 1197 1305 1289 1358; x_wconf 91' lang='lat' dir='ltr'><strong>Dei</strong></span> <span class='ocrx_word' id='word_1_85' title='bbox 1336 1303 1527 1370; x_wconf 85' lang='lat' dir='ltr'><strong>Filios,</strong></span> <span class='ocrx_word' id='word_1_86' title='bbox 1565 1320 1664 1358; x_wconf 93' lang='lat' dir='ltr'><strong>cur</strong></span> <span class='ocrx_word' id='word_1_87' title='bbox 1715 1321 1826 1359; x_wconf 88' lang='lat' dir='ltr'><strong>non</strong></span> <span class='ocrx_word' id='word_1_88' title='bbox 1879 1305 2053 1360; x_wconf 82' lang='lat' dir='ltr'><strong>homi-</strong></span> 
     </span>
    </p>
   </div>
   <div class='ocr_carea' id='block_1_15' title="bbox 478 1396 2054 1467">
    <p class='ocr_par' dir='ltr' id='par_1_15' title="bbox 478 1396 2054 1467">
     <span class='ocr_line' id='line_1_15' title="bbox 478 1396 2054 1467; baseline 0.003 -17"><span class='ocrx_word' id='word_1_89' title='bbox 478 1413 604 1451; x_wconf 84' lang='lat' dir='ltr'><strong>nem</strong></span> <span class='ocrx_word' id='word_1_90' title='bbox 639 1399 724 1451; x_wconf 87' lang='lat' dir='ltr'><strong>vel</strong></span> <span class='ocrx_word' id='word_1_91' title='bbox 763 1397 911 1452; x_wconf 86' lang='lat' dir='ltr'><strong>nudo</strong></span> <span class='ocrx_word' id='word_1_92' title='bbox 956 1406 1050 1451; x_wconf 89' lang='lat' dir='ltr'><strong>aut</strong></span> <span class='ocrx_word' id='word_1_93' title='bbox 1094 1398 1209 1452; x_wconf 90' lang='lat' dir='ltr'><strong>solo</strong></span> <span class='ocrx_word' id='word_1_94' title='bbox 1242 1396 1411 1451; x_wconf 86' lang='lat' dir='ltr'><strong>verbo</strong></span> <span class='ocrx_word' id='word_1_95' title='bbox 1437 1398 1695 1465; x_wconf 85' lang='lat' dir='ltr'><strong>servavit,</strong></span> <span class='ocrx_word' id='word_1_96' title='bbox 1745 1398 1841 1452; x_wconf 80' lang='lat' dir='ltr'><strong>sed</strong></span> <span class='ocrx_word' id='word_1_97' title='bbox 1900 1399 2054 1467; x_wconf 80' lang='lat' dir='ltr'><strong>quasi</strong></span> 
     </span>
    </p>
   </div>
   <div class='ocr_carea' id='block_1_16' title="bbox 481 1490 2055 1565">
    <p class='ocr_par' dir='ltr' id='par_1_16' title="bbox 481 1490 2055 1565">
     <span class='ocr_line' id='line_1_16' title="bbox 481 1490 2055 1565; baseline 0.001 -20"><span class='ocrx_word' id='word_1_98' title='bbox 481 1492 802 1558; x_wconf 76' lang='lat' dir='ltr'><strong>impotentia</strong></span> <span class='ocrx_word' id='word_1_99' title='bbox 838 1491 1158 1560; x_wconf 86' lang='lat' dir='ltr'><strong>impeditus,</strong></span> <span class='ocrx_word' id='word_1_100' title='bbox 1193 1490 1355 1544; x_wconf 89' lang='lat' dir='ltr'><strong>homo</strong></span> <span class='ocrx_word' id='word_1_101' title='bbox 1379 1491 1555 1565; x_wconf 79' lang='lat' dir='ltr'><strong>factus</strong></span> <span class='ocrx_word' id='word_1_102' title='bbox 1585 1503 1688 1555; x_wconf 86' lang='lat' dir='ltr'><strong>est,</strong></span> <span class='ocrx_word' id='word_1_103' title='bbox 1713 1501 2055 1561; x_wconf 74' lang='lat' dir='ltr'><strong>mortemque</strong></span> 
     </span>
    </p>
   </div>
   <div class='ocr_carea' id='block_1_17' title="bbox 482 1583 2052 1652">
    <p class='ocr_par' dir='ltr' id='par_1_17' title="bbox 482 1583 2052 1652">
     <span class='ocr_line' id='line_1_17' title="bbox 482 1583 2052 1652; baseline 0.001 -15"><span class='ocrx_word' id='word_1_104' title='bbox 482 1583 651 1638; x_wconf 88' lang='lat' dir='ltr'><strong>subiit</strong></span> <span class='ocrx_word' id='word_1_105' title='bbox 683 1592 743 1636; x_wconf 88' lang='lat' dir='ltr'><strong>ut</strong></span> <span class='ocrx_word' id='word_1_106' title='bbox 767 1584 1045 1637; x_wconf 83' lang='lat' dir='ltr'><strong>hominem</strong></span> <span class='ocrx_word' id='word_1_107' title='bbox 1079 1583 1350 1637; x_wconf 87' lang='lat' dir='ltr'><strong>salvaret?</strong></span> <span class='ocrx_word' id='word_1_108' title='bbox 1381 1583 1632 1652; x_wconf 85' lang='lat' dir='ltr'><strong>Insuper,</strong></span> <span class='ocrx_word' id='word_1_109' title='bbox 1661 1585 1703 1637; x_wconf 91' lang='lat' dir='ltr'><strong>si</strong></span> <span class='ocrx_word' id='word_1_110' title='bbox 1740 1585 1882 1638; x_wconf 82' lang='lat' dir='ltr'><strong>Deus</strong></span> <span class='ocrx_word' id='word_1_111' title='bbox 1911 1593 2052 1649; x_wconf 85' lang='lat' dir='ltr'><strong>erat,</strong></span> 
     </span>
    </p>
   </div>
   <div class='ocr_carea' id='block_1_18' title="bbox 481 1675 2057 1746">
    <p class='ocr_par' dir='ltr' id='par_1_18' title="bbox 481 1675 2057 1746">
     <span class='ocr_line' id='line_1_18' title="bbox 481 1675 2057 1746; baseline 0.002 -18"><span class='ocrx_word' id='word_1_112' title='bbox 481 1676 759 1745; x_wconf 88' lang='lat' dir='ltr'><strong>quomodo</strong></span> <span class='ocrx_word' id='word_1_113' title='bbox 792 1691 984 1744; x_wconf 87' lang='lat' dir='ltr'><strong>passus</strong></span> <span class='ocrx_word' id='word_1_114' title='bbox 1014 1675 1136 1730; x_wconf 83' lang='lat' dir='ltr'><strong>est?</strong></span> <span class='ocrx_word' id='word_1_115' title='bbox 1171 1676 1312 1729; x_wconf 90' lang='lat' dir='ltr'><strong>Deus</strong></span> <span class='ocrx_word' id='word_1_116' title='bbox 1348 1677 1494 1729; x_wconf 90' lang='lat' dir='ltr'><strong>enim</strong></span> <span class='ocrx_word' id='word_1_117' title='bbox 1537 1691 1645 1728; x_wconf 88' lang='lat' dir='ltr'><strong>non</strong></span> <span class='ocrx_word' id='word_1_118' title='bbox 1692 1677 1912 1746; x_wconf 78' lang='lat' dir='ltr'><strong>patitur.</strong></span> <span class='ocrx_word' id='word_1_119' title='bbox 1951 1677 2057 1731; x_wconf 86' lang='lat' dir='ltr'><strong>De-</strong></span> 
     </span>
    </p>
   </div>
   <div class='ocr_carea' id='block_1_19' title="bbox 2152 563 3699 641">
    <p class='ocr_par' dir='ltr' id='par_1_19' title="bbox 2152 563 3699 641">
     <span class='ocr_line' id='line_1_19' title="bbox 2152 563 3699 641; baseline -0.002 -17"><span class='ocrx_word' id='word_1_120' title='bbox 2152 573 2247 624; x_wconf 65' lang='grc' dir='ltr'><strong>καλ⁸</strong></span> <span class='ocrx_word' id='word_1_121' title='bbox 2277 563 2545 638; x_wconf 78' lang='grc' dir='ltr'>ἀπολογία</span> <span class='ocrx_word' id='word_1_122' title='bbox 2582 570 2787 639; x_wconf 72' lang='grc' dir='ltr'>ἐκείνη.</span> <span class='ocrx_word' id='word_1_123' title='bbox 2840 569 3237 641; x_wconf 84' lang='grc' dir='ltr'>Μετεμελήθης</span> <span class='ocrx_word' id='word_1_124' title='bbox 3271 571 3398 640; x_wconf 87' lang='grc' dir='ltr'><strong>γὰρ,</strong></span> <span class='ocrx_word' id='word_1_125' title='bbox 3458 565 3613 622; x_wconf 75' lang='grc' dir='ltr'>εἷπον</span> <span class='ocrx_word' id='word_1_126' title='bbox 3648 569 3699 622; x_wconf 77' lang='grc' dir='ltr'>δὲ</span> 
     </span>
    </p>
   </div>
   <div class='ocr_carea' id='block_1_20' title="bbox 2153 660 3709 731">
    <p class='ocr_par' dir='ltr' id='par_1_20' title="bbox 2153 660 3709 731">
     <span class='ocr_line' id='line_1_20' title="bbox 2153 660 3709 731; baseline -0.001 -15"><span class='ocrx_word' id='word_1_127' title='bbox 2153 664 2246 716; x_wconf 77' lang='grc' dir='ltr'>καὶ</span> <span class='ocrx_word' id='word_1_128' title='bbox 2272 660 2430 716; x_wconf 81' lang='grc' dir='ltr'>τοῦτο</span> <span class='ocrx_word' id='word_1_129' title='bbox 2453 665 2501 715; x_wconf 76' lang='grc' dir='ltr'>οἱ</span> <span class='ocrx_word' id='word_1_130' title='bbox 2529 661 2708 727; x_wconf 70' lang='grc' dir='ltr'><strong>αὐτοὶ,</strong></span> <span class='ocrx_word' id='word_1_131' title='bbox 2739 663 2820 717; x_wconf 83' lang='grc' dir='ltr'>ὅτι</span> <span class='ocrx_word' id='word_1_132' title='bbox 2854 662 3052 731; x_wconf 81' lang='grc' dir='ltr'>λέγεις,</span> <span class='ocrx_word' id='word_1_133' title='bbox 3077 660 3200 726; x_wconf 76' lang='grc' dir='ltr'><strong>Πῶς</strong></span> <span class='ocrx_word' id='word_1_134' title='bbox 3226 661 3336 714; x_wconf 75' lang='grc' dir='ltr'>ἐστι</span> <span class='ocrx_word' id='word_1_135' title='bbox 3360 661 3605 722; x_wconf 68' lang='grc' dir='ltr'>δυνατδνζ</span> <span class='ocrx_word' id='word_1_136' title='bbox 3623 661 3709 715; x_wconf 82' lang='grc' dir='ltr'>τὸν</span> 
     </span>
    </p>
   </div>
   <div class='ocr_carea' id='block_1_21' title="bbox 2150 736 3714 827">
    <p class='ocr_par' dir='ltr' id='par_1_21' title="bbox 2150 736 3714 827">
     <span class='ocr_line' id='line_1_21' title="bbox 2150 736 3714 827; baseline -0.004 -19"><span class='ocrx_word' id='word_1_137' title='bbox 2150 755 2286 809; x_wconf 75' lang='grc' dir='ltr'>θεὸν</span> <span class='ocrx_word' id='word_1_138' title='bbox 2311 755 2456 827; x_wconf 70' lang='grc' dir='ltr'>ἔχειν</span> <span class='ocrx_word' id='word_1_139' title='bbox 2495 736 2622 809; x_wconf 76' lang='grc' dir='ltr'>υἱὸν</span> <span class='ocrx_word' id='word_1_140' title='bbox 2664 755 2792 810; x_wconf 81' lang='grc' dir='ltr'><strong>ἄνευ</strong></span> <span class='ocrx_word' id='word_1_141' title='bbox 2847 754 3134 824; x_wconf 82' lang='grc' dir='ltr'><strong>γυναικὸς;</strong></span> <span class='ocrx_word' id='word_1_142' title='bbox 3193 755 3239 808; x_wconf 82' lang='grc' dir='ltr'>εί</span> <span class='ocrx_word' id='word_1_143' title='bbox 3270 753 3376 824; x_wconf 79' lang='grc' dir='ltr'><strong>γὰρ</strong></span> <span class='ocrx_word' id='word_1_144' title='bbox 3406 754 3520 806; x_wconf 69' lang='grc' dir='ltr'>υἱὸν</span> <span class='ocrx_word' id='word_1_145' title='bbox 3569 746 3714 821; x_wconf 76' lang='grc' dir='ltr'><strong>εἶχεν.</strong></span> 
     </span>
    </p>
   </div>
   <div class='ocr_carea' id='block_1_22' title="bbox 2149 846 3711 921">
    <p class='ocr_par' dir='ltr' id='par_1_22' title="bbox 2149 846 3711 921">
     <span class='ocr_line' id='line_1_22' title="bbox 2149 846 3711 921; baseline -0.004 -18"><span class='ocrx_word' id='word_1_146' title='bbox 2149 849 2360 914; x_wconf 82' lang='grc' dir='ltr'>ὀΘεδς,</span> <span class='ocrx_word' id='word_1_147' title='bbox 2396 848 2504 903; x_wconf 75' lang='grc' dir='ltr'>ἰδοὺ</span> <span class='ocrx_word' id='word_1_148' title='bbox 2532 849 2738 921; x_wconf 79' lang='grc' dir='ltr'>σχίσμα</span> <span class='ocrx_word' id='word_1_149' title='bbox 2793 848 2886 902; x_wconf 73' lang='grc' dir='ltr'>καὶ</span> <span class='ocrx_word' id='word_1_150' title='bbox 2949 848 3140 910; x_wconf 82' lang='grc' dir='ltr'><strong>στάσις</strong></span> <span class='ocrx_word' id='word_1_151' title='bbox 3193 848 3250 899; x_wconf 85' lang='grc' dir='ltr'><strong>ὲν</strong></span> <span class='ocrx_word' id='word_1_152' title='bbox 3307 847 3458 915; x_wconf 84' lang='grc' dir='ltr'>μέσῳ</span> <span class='ocrx_word' id='word_1_153' title='bbox 3515 846 3711 897; x_wconf 78' lang='grc' dir='ltr'><strong>αὐτῶν.</strong></span> 
     </span>
    </p>
   </div>
   <div class='ocr_carea' id='block_1_23' title="bbox 2151 932 3714 1009">
    <p class='ocr_par' dir='ltr' id='par_1_23' title="bbox 2151 932 3714 1009">
     <span class='ocr_line' id='line_1_23' title="bbox 2151 932 3714 1009; baseline -0.005 -15"><span class='ocrx_word' id='word_1_154' title='bbox 2151 940 2264 994; x_wconf 78' lang='lat' dir='ltr'><strong>Kal</strong></span> <span class='ocrx_word' id='word_1_155' title='bbox 2292 934 2410 1004; x_wconf 79' lang='grc' dir='ltr'><strong>πῶς</strong></span> <span class='ocrx_word' id='word_1_156' title='bbox 2438 942 2555 994; x_wconf 80' lang='grc' dir='ltr'>ἐστι</span> <span class='ocrx_word' id='word_1_157' title='bbox 2582 940 2805 997; x_wconf 78' lang='grc' dir='ltr'>δυνατὸν</span> <span class='ocrx_word' id='word_1_158' title='bbox 2831 940 2963 994; x_wconf 76' lang='grc' dir='ltr'><strong>Θεὸν</strong></span> <span class='ocrx_word' id='word_1_159' title='bbox 2989 938 3243 1009; x_wconf 81' lang='grc' dir='ltr'>γενέσθαι</span> <span class='ocrx_word' id='word_1_160' title='bbox 3268 938 3552 1006; x_wconf 70' lang='grc' dir='ltr'>ἄνθρωπον</span> <span class='ocrx_word' id='word_1_161' title='bbox 3575 953 3586 999; x_wconf 93' lang='grc'><strong>;</strong></span> <span class='ocrx_word' id='word_1_162' title='bbox 3617 932 3714 989; x_wconf 73' lang='grc' dir='ltr'><strong>Καὶ</strong></span> 
     </span>
    </p>
   </div>
   <div class='ocr_carea' id='block_1_24' title="bbox 2151 1027 3712 1104">
    <p class='ocr_par' dir='ltr' id='par_1_24' title="bbox 2151 1027 3712 1104">
     <span class='ocr_line' id='line_1_24' title="bbox 2151 1027 3712 1104; baseline -0.006 -18"><span class='ocrx_word' id='word_1_163' title='bbox 2151 1033 2256 1086; x_wconf 83' lang='grc' dir='ltr'>τίνι</span> <span class='ocrx_word' id='word_1_164' title='bbox 2288 1037 2476 1104; x_wconf 73' lang='grc' dir='ltr'>τρόπῳ</span> <span class='ocrx_word' id='word_1_165' title='bbox 2523 1033 2654 1092; x_wconf 72' lang='grc' dir='ltr'>Θεὸς</span> <span class='ocrx_word' id='word_1_166' title='bbox 2689 1030 2788 1096; x_wconf 82' lang='grc' dir='ltr'>ὢν,</span> <span class='ocrx_word' id='word_1_167' title='bbox 2823 1033 3045 1101; x_wconf 82' lang='grc' dir='ltr'><strong>γέγονεν</strong></span> <span class='ocrx_word' id='word_1_168' title='bbox 3101 1030 3424 1100; x_wconf 79' lang='grc' dir='ltr'>ἀνθρωποςς</span> <span class='ocrx_word' id='word_1_169' title='bbox 3479 1028 3586 1080; x_wconf 76' lang='grc' dir='ltr'><strong>Καὶ</strong></span> <span class='ocrx_word' id='word_1_170' title='bbox 3615 1027 3712 1092; x_wconf 85' lang='grc' dir='ltr'>ὃτι,</span> 
     </span>
    </p>
   </div>
   <div class='ocr_carea' id='block_1_25' title="bbox 2153 1118 3713 1196">
    <p class='ocr_par' dir='ltr' id='par_1_25' title="bbox 2153 1118 3713 1196">
     <span class='ocr_line' id='line_1_25' title="bbox 2153 1118 3713 1196; baseline -0.006 -18"><span class='ocrx_word' id='word_1_171' title='bbox 2153 1126 2199 1179; x_wconf 86' lang='grc' dir='ltr'>εί</span> <span class='ocrx_word' id='word_1_172' title='bbox 2230 1121 2297 1196; x_wconf 82' lang='grc' dir='ltr'><strong>ἦν</strong></span> <span class='ocrx_word' id='word_1_173' title='bbox 2327 1125 2459 1189; x_wconf 79' lang='grc' dir='ltr'>θεὸς</span> <span class='ocrx_word' id='word_1_174' title='bbox 2487 1128 2512 1177; x_wconf 83' lang='grc' dir='ltr'>ὁ</span> <span class='ocrx_word' id='word_1_175' title='bbox 2545 1125 2799 1194; x_wconf 79' lang='grc' dir='ltr'>Χριστὸς,</span> <span class='ocrx_word' id='word_1_176' title='bbox 2838 1124 2930 1177; x_wconf 79' lang='grc' dir='ltr'>καὶ</span> <span class='ocrx_word' id='word_1_177' title='bbox 2959 1121 3092 1176; x_wconf 83' lang='grc' dir='ltr'><strong>Θεοῦ</strong></span> <span class='ocrx_word' id='word_1_178' title='bbox 3129 1119 3395 1188; x_wconf 75' lang='grc' dir='ltr'>Υἱὸς,πὼς</span> <span class='ocrx_word' id='word_1_179' title='bbox 3421 1120 3522 1171; x_wconf 81' lang='grc' dir='ltr'>οὐκ</span> <span class='ocrx_word' id='word_1_180' title='bbox 3551 1118 3713 1171; x_wconf 74' lang='grc' dir='ltr'>ἔσωσε</span> 
     </span>
    </p>
   </div>
   <div class='ocr_carea' id='block_1_26' title="bbox 2152 1208 3713 1286">
    <p class='ocr_par' dir='ltr' id='par_1_26' title="bbox 2152 1208 3713 1286">
     <span class='ocr_line' id='line_1_26' title="bbox 2152 1208 3713 1286; baseline -0.007 -16"><span class='ocrx_word' id='word_1_181' title='bbox 2152 1216 2241 1270; x_wconf 86' lang='grc' dir='ltr'>τδν</span> <span class='ocrx_word' id='word_1_182' title='bbox 2304 1217 2593 1286; x_wconf 79' lang='grc' dir='ltr'>ἄνθρωπον</span> <span class='ocrx_word' id='word_1_183' title='bbox 2623 1216 2780 1286; x_wconf 64' lang='grc' dir='ltr'><strong>⁸ψιλῷ</strong></span> <span class='ocrx_word' id='word_1_184' title='bbox 2839 1215 3002 1285; x_wconf 83' lang='grc' dir='ltr'>λόγῳ,</span> <span class='ocrx_word' id='word_1_185' title='bbox 3053 1211 3388 1282; x_wconf 82' lang='grc' dir='ltr'>ἀλλ’ὦσπερ</span> <span class='ocrx_word' id='word_1_186' title='bbox 3447 1208 3713 1263; x_wconf 82' lang='grc' dir='ltr'>ἀδυνατῶν</span> 
     </span>
    </p>
   </div>
   <div class='ocr_carea' id='block_1_27' title="bbox 2154 1300 3715 1378">
    <p class='ocr_par' dir='ltr' id='par_1_27' title="bbox 2154 1300 3715 1378">
     <span class='ocr_line' id='line_1_27' title="bbox 2154 1300 3715 1378; baseline -0.006 -17"><span class='ocrx_word' id='word_1_187' title='bbox 2154 1309 2370 1377; x_wconf 73' lang='grc' dir='ltr'>ἐγένετο</span> <span class='ocrx_word' id='word_1_188' title='bbox 2418 1307 2746 1378; x_wconf 85' lang='grc' dir='ltr'>ἄνθρωπος,</span> <span class='ocrx_word' id='word_1_189' title='bbox 2801 1309 2895 1360; x_wconf 79' lang='grc' dir='ltr'>καὶ</span> <span class='ocrx_word' id='word_1_190' title='bbox 2951 1304 3247 1368; x_wconf 80' lang='grc' dir='ltr'><strong>ἀπέθανεν,</strong></span> <span class='ocrx_word' id='word_1_191' title='bbox 3304 1306 3391 1357; x_wconf 81' lang='grc' dir='ltr'>ἵνα</span> <span class='ocrx_word' id='word_1_192' title='bbox 3428 1304 3576 1373; x_wconf 74' lang='grc' dir='ltr'><strong>σώσῃ</strong></span> <span class='ocrx_word' id='word_1_193' title='bbox 3631 1300 3715 1353; x_wconf 81' lang='grc' dir='ltr'><strong>τὸν</strong></span> 
     </span>
    </p>
   </div>
   <div class='ocr_carea' id='block_1_28' title="bbox 2153 1393 3715 1470">
    <p class='ocr_par' dir='ltr' id='par_1_28' title="bbox 2153 1393 3715 1470">
     <span class='ocr_line' id='line_1_28' title="bbox 2153 1393 3715 1470; baseline -0.004 -16"><span class='ocrx_word' id='word_1_194' title='bbox 2153 1400 2477 1470; x_wconf 76' lang='grc' dir='ltr'>ἀνθρωπονς</span> <span class='ocrx_word' id='word_1_195' title='bbox 2519 1401 2625 1453; x_wconf 76' lang='grc' dir='ltr'><strong>Καὶ</strong></span> <span class='ocrx_word' id='word_1_196' title='bbox 2659 1401 2779 1453; x_wconf 70' lang='grc' dir='ltr'><strong>ἐπεὶ</strong></span> <span class='ocrx_word' id='word_1_197' title='bbox 2818 1400 2948 1462; x_wconf 80' lang='grc' dir='ltr'>Θεὸς</span> <span class='ocrx_word' id='word_1_198' title='bbox 2987 1394 3077 1470; x_wconf 81' lang='grc' dir='ltr'>ἦν,</span> <span class='ocrx_word' id='word_1_199' title='bbox 3121 1398 3237 1460; x_wconf 82' lang='grc' dir='ltr'><strong>πῶς</strong></span> <span class='ocrx_word' id='word_1_200' title='bbox 3290 1397 3530 1461; x_wconf 74' lang='grc' dir='ltr'>ἔπαθεν;</span> <span class='ocrx_word' id='word_1_201' title='bbox 3586 1393 3715 1448; x_wconf 73' lang='grc' dir='ltr'><strong>Οὐδὲ</strong></span> 
     </span>
    </p>
   </div>
   <div class='ocr_carea' id='block_1_29' title="bbox 2156 1485 3722 1562">
    <p class='ocr_par' dir='ltr' id='par_1_29' title="bbox 2156 1485 3722 1562">
     <span class='ocr_line' id='line_1_29' title="bbox 2156 1485 3722 1562; baseline -0.006 -16"><span class='ocrx_word' id='word_1_202' title='bbox 2156 1493 2263 1561; x_wconf 75' lang='grc' dir='ltr'><strong>γὰρ</strong></span> <span class='ocrx_word' id='word_1_203' title='bbox 2303 1493 2501 1562; x_wconf 81' lang='grc' dir='ltr'><strong>πάσχει</strong></span> <span class='ocrx_word' id='word_1_204' title='bbox 2531 1492 2683 1555; x_wconf 74' lang='grc' dir='ltr'><strong>Θεὸς.</strong></span> <span class='ocrx_word' id='word_1_205' title='bbox 2717 1493 2826 1545; x_wconf 76' lang='grc' dir='ltr'><strong>Καὶ</strong></span> <span class='ocrx_word' id='word_1_206' title='bbox 2856 1492 2939 1545; x_wconf 74' lang='grc' dir='ltr'><strong>ὅτι</strong></span> <span class='ocrx_word' id='word_1_207' title='bbox 2970 1492 3127 1562; x_wconf 76' lang='grc' dir='ltr'>ἡμεῖς</span> <span class='ocrx_word' id='word_1_208' title='bbox 3177 1491 3222 1542; x_wconf 82' lang='lat' dir='ltr'><strong>oi</strong></span> <span class='ocrx_word' id='word_1_209' title='bbox 3250 1485 3566 1558; x_wconf 67' lang='grc' dir='ltr'><strong>Χριστιανοὶ</strong></span> <span class='ocrx_word' id='word_1_210' title='bbox 3592 1501 3722 1557; x_wconf 79' lang='grc' dir='ltr'>παρ-</span> 
     </span>
    </p>
   </div>
   <div class='ocr_carea' id='block_1_30' title="bbox 2158 1581 3720 1654">
    <p class='ocr_par' dir='ltr' id='par_1_30' title="bbox 2158 1581 3720 1654">
     <span class='ocr_line' id='line_1_30' title="bbox 2158 1581 3720 1654; baseline -0.005 -16"><span class='ocrx_word' id='word_1_211' title='bbox 2158 1585 2409 1654; x_wconf 77' lang='grc' dir='ltr'>έδημεν,</span> <span class='ocrx_word' id='word_1_212' title='bbox 2459 1584 2553 1638; x_wconf 66' lang='grc' dir='ltr'>καὶ</span> <span class='ocrx_word' id='word_1_213' title='bbox 2612 1584 2987 1650; x_wconf 83' lang='grc' dir='ltr'>κατελύσαμεν</span> <span class='ocrx_word' id='word_1_214' title='bbox 3044 1581 3136 1636; x_wconf 68' lang='grc' dir='ltr'>τὸν</span> <span class='ocrx_word' id='word_1_215' title='bbox 3188 1581 3480 1635; x_wconf 76' lang='grc' dir='ltr'>Μωσαῖκὲν</span> <span class='ocrx_word' id='word_1_216' title='bbox 3544 1582 3720 1649; x_wconf 76' lang='grc' dir='ltr'>νόμον,</span> 
     </span>
    </p>
   </div>
   <div class='ocr_carea' id='block_1_31' title="bbox 2158 1673 3724 1748">
    <p class='ocr_par' dir='ltr' id='par_1_31' title="bbox 2158 1673 3724 1748">
     <span class='ocr_line' id='line_1_31' title="bbox 2158 1673 3724 1748; baseline -0.004 -18"><span class='ocrx_word' id='word_1_217' title='bbox 2158 1675 2571 1748; x_wconf 79' lang='grc' dir='ltr'><strong>κατηγοροῦμεν</strong></span> <span class='ocrx_word' id='word_1_218' title='bbox 2597 1674 2653 1728; x_wconf 82' lang='grc' dir='ltr'>δὲ</span> <span class='ocrx_word' id='word_1_219' title='bbox 2693 1673 2786 1729; x_wconf 78' lang='grc' dir='ltr'>καὶ</span> <span class='ocrx_word' id='word_1_220' title='bbox 2818 1675 3220 1746; x_wconf 84' lang='grc' dir='ltr'>κατακρίνομεν</span> <span class='ocrx_word' id='word_1_221' title='bbox 3259 1675 3401 1746; x_wconf 69' lang='grc' dir='ltr'>ὑμᾶς</span> <span class='ocrx_word' id='word_1_222' title='bbox 3439 1673 3516 1735; x_wconf 86' lang='grc' dir='ltr'>ὼς</span> <span class='ocrx_word' id='word_1_223' title='bbox 3568 1673 3724 1741; x_wconf 73' lang='grc' dir='ltr'>δῆθεν</span> 
     </span>
    </p>
   </div>
   <div class='ocr_carea' id='block_1_32' title="bbox 484 1768 2064 1839">
    <p class='ocr_par' dir='ltr' id='par_1_32' title="bbox 484 1768 2055 1837">
     <span class='ocr_line' id='line_1_32' title="bbox 484 1768 2055 1837; baseline -0.001 -15"><span class='ocrx_word' id='word_1_224' title='bbox 484 1769 650 1834; x_wconf 84' lang='lat' dir='ltr'><strong>nique</strong></span> <span class='ocrx_word' id='word_1_225' title='bbox 695 1768 840 1837; x_wconf 88' lang='lat' dir='ltr'><strong>quod</strong></span> <span class='ocrx_word' id='word_1_226' title='bbox 879 1785 976 1822; x_wconf 84' lang='lat' dir='ltr'><strong>nos</strong></span> <span class='ocrx_word' id='word_1_227' title='bbox 1013 1770 1104 1837; x_wconf 90' lang='lat' dir='ltr'><strong>qui</strong></span> <span class='ocrx_word' id='word_1_228' title='bbox 1150 1768 1428 1824; x_wconf 78' lang='lat' dir='ltr'><strong>Christum</strong></span> <span class='ocrx_word' id='word_1_229' title='bbox 1484 1770 1824 1834; x_wconf 78' lang='lat' dir='ltr'><strong>protitcmur.</strong></span> <span class='ocrx_word' id='word_1_230' title='bbox 1877 1777 2055 1822; x_wconf 86' lang='lat' dir='ltr'><strong>trans-</strong></span> 
     </span>
    </p>
   </div>
   <div class='ocr_carea' id='block_1_33' title="bbox 2166 1768 3699 1839">
    <p class='ocr_par' dir='ltr' id='par_1_33' title="bbox 2166 1768 3699 1839">
     <span class='ocr_line' id='line_1_33' title="bbox 2166 1768 3699 1839; baseline -0.005 -17"><span class='ocrx_word' id='word_1_231' title='bbox 2166 1770 2343 1832; x_wconf 81' lang='grc' dir='ltr'>κακῶς</span> <span class='ocrx_word' id='word_1_232' title='bbox 2381 1773 2476 1822; x_wconf 78' lang='grc' dir='ltr'><strong>καὶ</strong></span> <span class='ocrx_word' id='word_1_233' title='bbox 2509 1771 2941 1838; x_wconf 73' lang='grc' dir='ltr'><strong>πεπλανημένως</strong></span> <span class='ocrx_word' id='word_1_234' title='bbox 2991 1768 3347 1839; x_wconf 74' lang='grc' dir='ltr'><strong>κρατοῦντας.</strong></span> <span class='ocrx_word' id='word_1_235' title='bbox 3395 1768 3508 1819; x_wconf 83' lang='grc' dir='ltr'><strong>Καὶ</strong></span> <span class='ocrx_word' id='word_1_236' title='bbox 3562 1783 3699 1817; x_wconf 80' lang='grc' dir='ltr'>κατα</span> 
     </span>
    </p>
   </div>
   <div class='ocr_carea' id='block_1_34' title="bbox 483 1834 2064 1930">
    <p class='ocr_par' dir='ltr' id='par_1_34' title="bbox 483 1861 2054 1930">
     <span class='ocr_line' id='line_1_34' title="bbox 483 1861 2054 1930; baseline 0.001 -21"><span class='ocrx_word' id='word_1_237' title='bbox 483 1862 798 1930; x_wconf 76' lang='lat' dir='ltr'><strong>grediamur</strong></span> <span class='ocrx_word' id='word_1_238' title='bbox 828 1871 883 1915; x_wconf 90' lang='lat' dir='ltr'><strong>et</strong></span> <span class='ocrx_word' id='word_1_239' title='bbox 926 1862 1202 1916; x_wconf 78' lang='lat' dir='ltr'><strong>solvamus</strong></span> <span class='ocrx_word' id='word_1_240' title='bbox 1254 1862 1423 1930; x_wconf 78' lang='lat' dir='ltr'><strong>legem</strong></span> <span class='ocrx_word' id='word_1_241' title='bbox 1478 1861 1789 1923; x_wconf 65' lang='lat' dir='ltr'><strong>Stesaicant,</strong></span> <span class='ocrx_word' id='word_1_242' title='bbox 1837 1862 2054 1912; x_wconf 78' lang='lat' dir='ltr'><strong>incus-c-</strong></span> 
     </span>
    </p>
   </div>
   <div class='ocr_carea' id='block_1_35' title="bbox 2166 1834 3730 1930">
    <p class='ocr_par' dir='ltr' id='par_1_35' title="bbox 2166 1834 3730 1930">
     <span class='ocr_line' id='line_1_35' title="bbox 2166 1834 3730 1930; baseline -0.019 -9"><span class='ocrx_word' id='word_1_243' title='bbox 2166 1859 2419 1930; x_wconf 80' lang='grc' dir='ltr'><strong>κρίνομεν</strong></span> <span class='ocrx_word' id='word_1_244' title='bbox 2447 1860 2624 1929; x_wconf 78' lang='grc' dir='ltr'>ἡμεῖς,</span> <span class='ocrx_word' id='word_1_245' title='bbox 2666 1859 2716 1910; x_wconf 78' lang='grc' dir='ltr'><strong>οἱ</strong></span> <span class='ocrx_word' id='word_1_246' title='bbox 2744 1834 2884 1923; x_wconf 76' lang='grc' dir='ltr'>διξιοι</span> <span class='ocrx_word' id='word_1_247' title='bbox 2908 1834 3262 1927; x_wconf 70' lang='grc' dir='ltr'>κατηγορίας,</span> <span class='ocrx_word' id='word_1_248' title='bbox 3298 1857 3440 1925; x_wconf 76' lang='grc' dir='ltr'>ὑμᾶς</span> <span class='ocrx_word' id='word_1_249' title='bbox 3471 1854 3596 1914; x_wconf 71' lang='grc' dir='ltr'>τοὺς</span> <span class='ocrx_word' id='word_1_250' title='bbox 3623 1851 3730 1914; x_wconf 76' lang='grc' dir='ltr'><strong>ἀξξ..</strong></span> 
     </span>
    </p>
   </div>
   <div class='ocr_carea' id='block_1_36' title="bbox 486 1952 2059 2022">
    <p class='ocr_par' dir='ltr' id='par_1_36' title="bbox 486 1952 2059 2022">
     <span class='ocr_line' id='line_1_36' title="bbox 486 1952 2059 2022; baseline -0.003 -12"><span class='ocrx_word' id='word_1_251' title='bbox 486 1969 610 2010; x_wconf 88' lang='lat' dir='ltr'><strong>mos</strong></span> <span class='ocrx_word' id='word_1_252' title='bbox 652 1970 780 2009; x_wconf 86' lang='lat' dir='ltr'><strong>vero</strong></span> <span class='ocrx_word' id='word_1_253' title='bbox 811 1963 863 2009; x_wconf 90' lang='lat' dir='ltr'><strong>et</strong></span> <span class='ocrx_word' id='word_1_254' title='bbox 894 1955 1222 2008; x_wconf 84' lang='lat' dir='ltr'><strong>damnemus</strong></span> <span class='ocrx_word' id='word_1_255' title='bbox 1256 1969 1371 2015; x_wconf 82' lang='lat' dir='ltr'><strong>vos,</strong></span> <span class='ocrx_word' id='word_1_256' title='bbox 1415 1962 1473 2007; x_wconf 91' lang='lat' dir='ltr'><strong>ut</strong></span> <span class='ocrx_word' id='word_1_257' title='bbox 1503 1953 1595 2022; x_wconf 85' lang='lat' dir='ltr'><strong>qui</strong></span> <span class='ocrx_word' id='word_1_258' title='bbox 1641 1952 1802 2021; x_wconf 89' lang='lat' dir='ltr'><strong>impie</strong></span> <span class='ocrx_word' id='word_1_259' title='bbox 1838 1958 1893 2005; x_wconf 90' lang='lat' dir='ltr'><strong>et</strong></span> <span class='ocrx_word' id='word_1_260' title='bbox 1925 1952 2059 2005; x_wconf 78' lang='lat' dir='ltr'><strong>falso</strong></span> 
     </span>
    </p>
   </div>
   <div class='ocr_carea' id='block_1_37' title="bbox 486 2044 2057 2116">
    <p class='ocr_par' dir='ltr' id='par_1_37' title="bbox 486 2044 2057 2116">
     <span class='ocr_line' id='line_1_37' title="bbox 486 2044 2057 2116; baseline -0.002 -13"><span class='ocrx_word' id='word_1_261' title='bbox 486 2047 738 2103; x_wconf 86' lang='lat' dir='ltr'><strong>eamdem</strong></span> <span class='ocrx_word' id='word_1_262' title='bbox 777 2046 1106 2102; x_wconf 78' lang='lat' dir='ltr'><strong>observetis.</strong></span> <span class='ocrx_word' id='word_1_263' title='bbox 1157 2046 1299 2100; x_wconf 89' lang='lat' dir='ltr'><strong>Fieri</strong></span> <span class='ocrx_word' id='word_1_264' title='bbox 1351 2047 1555 2115; x_wconf 81' lang='lat' dir='ltr'><strong>itaque,</strong></span> <span class='ocrx_word' id='word_1_265' title='bbox 1609 2053 1670 2099; x_wconf 90' lang='lat' dir='ltr'><strong>ut</strong></span> <span class='ocrx_word' id='word_1_266' title='bbox 1706 2061 1810 2099; x_wconf 88' lang='lat' dir='ltr'><strong>nos</strong></span> <span class='ocrx_word' id='word_1_267' title='bbox 1840 2044 1932 2116; x_wconf 90' lang='lat' dir='ltr'><strong>qui</strong></span> <span class='ocrx_word' id='word_1_268' title='bbox 1965 2061 2057 2100; x_wconf 84' lang='lat' dir='ltr'><strong>ac-</strong></span> 
     </span>
    </p>
   </div>
   <div class='ocr_carea' id='block_1_38' title="bbox 489 2137 2059 2207">
    <p class='ocr_par' dir='ltr' id='par_1_38' title="bbox 489 2137 2059 2207">
     <span class='ocr_line' id='line_1_38' title="bbox 489 2137 2059 2207; baseline -0.002 -13"><span class='ocrx_word' id='word_1_269' title='bbox 489 2138 832 2194; x_wconf 83' lang='lat' dir='ltr'><strong>cusationem</strong></span> <span class='ocrx_word' id='word_1_270' title='bbox 889 2153 1286 2204; x_wconf 85' lang='lat' dir='ltr'><strong>merueramus,</strong></span> <span class='ocrx_word' id='word_1_271' title='bbox 1340 2154 1439 2192; x_wconf 88' lang='lat' dir='ltr'><strong>vos</strong></span> <span class='ocrx_word' id='word_1_272' title='bbox 1489 2139 1636 2207; x_wconf 88' lang='lat' dir='ltr'><strong>ipsos</strong></span> <span class='ocrx_word' id='word_1_273' title='bbox 1687 2137 1780 2206; x_wconf 88' lang='lat' dir='ltr'><strong>qui</strong></span> <span class='ocrx_word' id='word_1_274' title='bbox 1845 2138 2059 2193; x_wconf 87' lang='lat' dir='ltr'><strong>laudem</strong></span> 
     </span>
    </p>
   </div>
   <div class='ocr_carea' id='block_1_39' title="bbox 492 2230 2062 2301">
    <p class='ocr_par' dir='ltr' id='par_1_39' title="bbox 492 2230 2062 2301">
     <span class='ocr_line' id='line_1_39' title="bbox 492 2230 2062 2301; baseline 0.001 -15"><span class='ocrx_word' id='word_1_275' title='bbox 492 2231 791 2297; x_wconf 83' lang='lat' dir='ltr'><strong>meruistis,</strong></span> <span class='ocrx_word' id='word_1_276' title='bbox 841 2232 1294 2287; x_wconf 76' lang='lat' dir='ltr'><strong>condemnemus.</strong></span> <span class='ocrx_word' id='word_1_277' title='bbox 1332 2231 1486 2298; x_wconf 90' lang='lat' dir='ltr'><strong>ltem,</strong></span> <span class='ocrx_word' id='word_1_278' title='bbox 1526 2233 1671 2301; x_wconf 89' lang='lat' dir='ltr'><strong>quod</strong></span> <span class='ocrx_word' id='word_1_279' title='bbox 1708 2241 1762 2287; x_wconf 91' lang='lat' dir='ltr'><strong>et</strong></span> <span class='ocrx_word' id='word_1_280' title='bbox 1810 2230 2062 2287; x_wconf 82' lang='lat' dir='ltr'><strong>Christus</strong></span> 
     </span>
    </p>
   </div>
   <div class='ocr_carea' id='block_1_40' title="bbox 489 2319 2064 2391">
    <p class='ocr_par' dir='ltr' id='par_1_40' title="bbox 489 2319 2064 2391">
     <span class='ocr_line' id='line_1_40' title="bbox 489 2319 2064 2391; baseline 0.001 -18"><span class='ocrx_word' id='word_1_281' title='bbox 489 2321 557 2375; x_wconf 89' lang='lat' dir='ltr'><strong>de</strong></span> <span class='ocrx_word' id='word_1_282' title='bbox 598 2319 875 2374; x_wconf 81' lang='lat' dir='ltr'><strong>Mahomet</strong></span> <span class='ocrx_word' id='word_1_283' title='bbox 923 2320 1252 2374; x_wconf 87' lang='lat' dir='ltr'><strong>vaticinatus</strong></span> <span class='ocrx_word' id='word_1_284' title='bbox 1302 2320 1392 2383; x_wconf 86' lang='lat' dir='ltr'><strong>sit,</strong></span> <span class='ocrx_word' id='word_1_285' title='bbox 1448 2322 1736 2391; x_wconf 88' lang='lat' dir='ltr'><strong>ipsumque</strong></span> <span class='ocrx_word' id='word_1_286' title='bbox 1783 2337 2064 2378; x_wconf 88' lang='lat' dir='ltr'><strong>commen-</strong></span> 
     </span>
    </p>
   </div>
   <div class='ocr_carea' id='block_1_41' title="bbox 491 2410 2064 2480">
    <p class='ocr_par' dir='ltr' id='par_1_41' title="bbox 491 2410 2064 2480">
     <span class='ocr_line' id='line_1_41' title="bbox 491 2410 2064 2480; baseline 0.001 -16"><span class='ocrx_word' id='word_1_287' title='bbox 491 2410 735 2476; x_wconf 86' lang='lat' dir='ltr'><strong>daverit;</strong></span> <span class='ocrx_word' id='word_1_288' title='bbox 778 2411 1032 2480; x_wconf 82' lang='lat' dir='ltr'><strong>quodque</strong></span> <span class='ocrx_word' id='word_1_289' title='bbox 1062 2425 1265 2464; x_wconf 89' lang='lat' dir='ltr'><strong>nomen</strong></span> <span class='ocrx_word' id='word_1_290' title='bbox 1307 2412 1422 2480; x_wconf 78' lang='lat' dir='ltr'><strong>ejus</strong></span> <span class='ocrx_word' id='word_1_291' title='bbox 1455 2423 1510 2467; x_wconf 91' lang='lat' dir='ltr'><strong>et</strong></span> <span class='ocrx_word' id='word_1_292' title='bbox 1567 2414 1619 2466; x_wconf 93' lang='lat' dir='ltr'><strong>in</strong></span> <span class='ocrx_word' id='word_1_293' title='bbox 1671 2414 1844 2468; x_wconf 87' lang='lat' dir='ltr'><strong>veteri</strong></span> <span class='ocrx_word' id='word_1_294' title='bbox 1901 2413 2064 2468; x_wconf 84' lang='lat' dir='ltr'><strong>Musis</strong></span> 
     </span>
    </p>
   </div>
   <div class='ocr_carea' id='block_1_42' title="bbox 491 2502 2063 2573">
    <p class='ocr_par' dir='ltr' id='par_1_42' title="bbox 491 2502 2063 2573">
     <span class='ocr_line' id='line_1_42' title="bbox 491 2502 2063 2573; baseline 0.001 -15"><span class='ocrx_word' id='word_1_295' title='bbox 491 2505 615 2572; x_wconf 76' lang='lat' dir='ltr'><strong>lege</strong></span> <span class='ocrx_word' id='word_1_296' title='bbox 647 2512 704 2556; x_wconf 90' lang='lat' dir='ltr'><strong>et</strong></span> <span class='ocrx_word' id='word_1_297' title='bbox 745 2503 798 2556; x_wconf 92' lang='lat' dir='ltr'><strong>in</strong></span> <span class='ocrx_word' id='word_1_298' title='bbox 835 2503 1133 2573; x_wconf 79' lang='lat' dir='ltr'><strong>Evangelio</strong></span> <span class='ocrx_word' id='word_1_299' title='bbox 1190 2502 1527 2572; x_wconf 86' lang='lat' dir='ltr'><strong>descriptum</strong></span> <span class='ocrx_word' id='word_1_300' title='bbox 1584 2504 1884 2560; x_wconf 68' lang='lat' dir='ltr'><strong>Christiani</strong></span> <span class='ocrx_word' id='word_1_301' title='bbox 1938 2522 2063 2561; x_wconf 90' lang='lat' dir='ltr'><strong>cum</strong></span> 
     </span>
    </p>
   </div>
   <div class='ocr_carea' id='block_1_43' title="bbox 493 2596 2066 2666">
    <p class='ocr_par' dir='ltr' id='par_1_43' title="bbox 493 2596 2066 2666">
     <span class='ocr_line' id='line_1_43' title="bbox 493 2596 2066 2666; baseline 0.003 -14"><span class='ocrx_word' id='word_1_302' title='bbox 493 2597 680 2652; x_wconf 86' lang='lat' dir='ltr'><strong>multis</strong></span> <span class='ocrx_word' id='word_1_303' title='bbox 707 2596 829 2651; x_wconf 88' lang='lat' dir='ltr'><strong>aliis</strong></span> <span class='ocrx_word' id='word_1_304' title='bbox 865 2597 1148 2666; x_wconf 84' lang='lat' dir='ltr'><strong>ejecerint.</strong></span> <span class='ocrx_word' id='word_1_305' title='bbox 1189 2596 1293 2652; x_wconf 88' lang='lat' dir='ltr'><strong>Sed</strong></span> <span class='ocrx_word' id='word_1_306' title='bbox 1337 2608 1394 2652; x_wconf 91' lang='lat' dir='ltr'><strong>et</strong></span> <span class='ocrx_word' id='word_1_307' title='bbox 1429 2601 1534 2653; x_wconf 90' lang='lat' dir='ltr'><strong>hoe</strong></span> <span class='ocrx_word' id='word_1_308' title='bbox 1561 2599 1616 2653; x_wconf 91' lang='lat' dir='ltr'><strong>hi</strong></span> <span class='ocrx_word' id='word_1_309' title='bbox 1645 2600 1809 2654; x_wconf 83' lang='lat' dir='ltr'><strong>iidem</strong></span> <span class='ocrx_word' id='word_1_310' title='bbox 1836 2600 2066 2656; x_wconf 85' lang='lat' dir='ltr'><strong>addide-</strong></span> 
     </span>
    </p>
   </div>
   <div class='ocr_carea' id='block_1_44' title="bbox 495 2690 2066 2765">
    <p class='ocr_par' dir='ltr' id='par_1_44' title="bbox 495 2690 2066 2765">
     <span class='ocr_line' id='line_1_44' title="bbox 495 2690 2066 2765; baseline 0.002 -21"><span class='ocrx_word' id='word_1_311' title='bbox 495 2699 646 2754; x_wconf 90' lang='lat' dir='ltr'><strong>runt,</strong></span> <span class='ocrx_word' id='word_1_312' title='bbox 678 2690 823 2765; x_wconf 81' lang='lat' dir='ltr'><strong>quod</strong></span> <span class='ocrx_word' id='word_1_313' title='bbox 853 2691 1044 2761; x_wconf 79' lang='lat' dir='ltr'><strong>cupias</strong></span> <span class='ocrx_word' id='word_1_314' title='bbox 1087 2691 1387 2760; x_wconf 75' lang='lat' dir='ltr'><strong>apologiam</strong></span> <span class='ocrx_word' id='word_1_315' title='bbox 1421 2701 1662 2746; x_wconf 77' lang='lat' dir='ltr'><strong>nostram</strong></span> <span class='ocrx_word' id='word_1_316' title='bbox 1705 2692 2066 2762; x_wconf 78' lang='lat' dir='ltr'><strong>copiosiorem</strong></span> 
     </span>
    </p>
   </div>
   <div class='ocr_carea' id='block_1_45' title="bbox 493 2781 2067 2850">
    <p class='ocr_par' dir='ltr' id='par_1_45' title="bbox 493 2781 2067 2850">
     <span class='ocr_line' id='line_1_45' title="bbox 493 2781 2067 2850; baseline 0.003 -17"><span class='ocrx_word' id='word_1_317' title='bbox 493 2791 551 2835; x_wconf 84' lang='lat' dir='ltr'><strong>et</strong></span> <span class='ocrx_word' id='word_1_318' title='bbox 575 2781 852 2850; x_wconf 87' lang='lat' dir='ltr'><strong>puriorem</strong></span> <span class='ocrx_word' id='word_1_319' title='bbox 882 2781 1090 2837; x_wconf 89' lang='lat' dir='ltr'><strong>haberi.</strong></span> <span class='ocrx_word' id='word_1_320' title='bbox 1119 2781 1214 2836; x_wconf 91' lang='lat' dir='ltr'><strong>His</strong></span> <span class='ocrx_word' id='word_1_321' title='bbox 1244 2783 1428 2850; x_wconf 88' lang='lat' dir='ltr'><strong>itaque</strong></span> <span class='ocrx_word' id='word_1_322' title='bbox 1466 2783 1724 2850; x_wconf 75' lang='lat' dir='ltr'><strong>cognitis,</strong></span> <span class='ocrx_word' id='word_1_323' title='bbox 1758 2784 1867 2836; x_wconf 88' lang='lat' dir='ltr'><strong>inst</strong></span> <span class='ocrx_word' id='word_1_324' title='bbox 1893 2795 2067 2838; x_wconf 87' lang='lat' dir='ltr'><strong>tutum</strong></span> 
     </span>
    </p>
   </div>
   <div class='ocr_carea' id='block_1_46' title="bbox 498 2870 2073 2942">
    <p class='ocr_par' dir='ltr' id='par_1_46' title="bbox 498 2870 2073 2942">
     <span class='ocr_line' id='line_1_46' title="bbox 498 2870 2073 2942; baseline 0.003 -18"><span class='ocrx_word' id='word_1_325' title='bbox 498 2880 651 2924; x_wconf 90' lang='lat' dir='ltr'><strong>tuum</strong></span> <span class='ocrx_word' id='word_1_326' title='bbox 694 2870 1071 2941; x_wconf 87' lang='lat' dir='ltr'><strong>comprobavi.</strong></span> <span class='ocrx_word' id='word_1_327' title='bbox 1105 2871 1434 2942; x_wconf 85' lang='lat' dir='ltr'><strong>Quicunque</strong></span> <span class='ocrx_word' id='word_1_328' title='bbox 1480 2874 1626 2925; x_wconf 80' lang='lat' dir='ltr'><strong>enim</strong></span> <span class='ocrx_word' id='word_1_329' title='bbox 1677 2873 1956 2927; x_wconf 77' lang='lat' dir='ltr'><strong>veritatem</strong></span> <span class='ocrx_word' id='word_1_330' title='bbox 1989 2874 2073 2928; x_wconf 83' lang='lat' dir='ltr'><strong>in-</strong></span> 
     </span>
    </p>
   </div>
   <div class='ocr_carea' id='block_1_47' title="bbox 496 2962 2074 3031">
    <p class='ocr_par' dir='ltr' id='par_1_47' title="bbox 496 2962 2074 3031">
     <span class='ocr_line' id='line_1_47' title="bbox 496 2962 2074 3031; baseline 0.003 -16"><span class='ocrx_word' id='word_1_331' title='bbox 496 2962 805 3031; x_wconf 80' lang='lat' dir='ltr'><strong>quisiverit,</strong></span> <span class='ocrx_word' id='word_1_332' title='bbox 839 2963 1087 3017; x_wconf 86' lang='lat' dir='ltr'><strong>eamdem</strong></span> <span class='ocrx_word' id='word_1_333' title='bbox 1141 2963 1371 3018; x_wconf 86' lang='lat' dir='ltr'><strong>invenit.</strong></span> <span class='ocrx_word' id='word_1_334' title='bbox 1428 2964 1757 3018; x_wconf 80' lang='lat' dir='ltr'><strong>Mnsuhnani</strong></span> <span class='ocrx_word' id='word_1_335' title='bbox 1806 2965 1954 3018; x_wconf 85' lang='lat' dir='ltr'><strong>enim</strong></span> <span class='ocrx_word' id='word_1_336' title='bbox 1993 2966 2074 3020; x_wconf 90' lang='lat' dir='ltr'><strong>in-</strong></span> 
     </span>
    </p>
   </div>
   <div class='ocr_carea' id='block_1_48' title="bbox 500 3053 2072 3129">
    <p class='ocr_par' dir='ltr' id='par_1_48' title="bbox 500 3053 2072 3129">
     <span class='ocr_line' id='line_1_48' title="bbox 500 3053 2072 3129; baseline 0.003 -23"><span class='ocrx_word' id='word_1_337' title='bbox 500 3053 768 3109; x_wconf 87' lang='lat' dir='ltr'><strong>terdicere</strong></span> <span class='ocrx_word' id='word_1_338' title='bbox 802 3055 1000 3118; x_wconf 85' lang='lat' dir='ltr'><strong>solent,</strong></span> <span class='ocrx_word' id='word_1_339' title='bbox 1039 3071 1107 3110; x_wconf 90' lang='lat' dir='ltr'><strong>ne</strong></span> <span class='ocrx_word' id='word_1_340' title='bbox 1128 3056 1350 3129; x_wconf 83' lang='lat' dir='ltr'><strong>quidam</strong></span> <span class='ocrx_word' id='word_1_341' title='bbox 1386 3056 1609 3110; x_wconf 89' lang='lat' dir='ltr'><strong>illorum</strong></span> <span class='ocrx_word' id='word_1_342' title='bbox 1649 3071 1772 3109; x_wconf 91' lang='lat' dir='ltr'><strong>cum</strong></span> <span class='ocrx_word' id='word_1_343' title='bbox 1804 3055 2072 3110; x_wconf 83' lang='lat' dir='ltr'><strong>Christia-</strong></span> 
     </span>
    </p>
   </div>
   <div class='ocr_carea' id='block_1_49' title="bbox 2160 1944 3728 2020">
    <p class='ocr_par' dir='ltr' id='par_1_49' title="bbox 2160 1944 3728 2020">
     <span class='ocr_line' id='line_1_49' title="bbox 2160 1944 3728 2020; baseline -0.004 -16"><span class='ocrx_word' id='word_1_344' title='bbox 2160 1969 2256 2013; x_wconf 89' lang='grc' dir='ltr'><strong>ους</strong></span> <span class='ocrx_word' id='word_1_345' title='bbox 2307 1950 2551 2005; x_wconf 76' lang='grc' dir='ltr'>ἐπαίνου.</span> <span class='ocrx_word' id='word_1_346' title='bbox 2590 1952 2698 2004; x_wconf 81' lang='grc' dir='ltr'>Καί</span> <span class='ocrx_word' id='word_1_347' title='bbox 2738 1952 2818 2005; x_wconf 87' lang='grc' dir='ltr'><strong>ὅτι</strong></span> <span class='ocrx_word' id='word_1_348' title='bbox 2866 1952 2894 2003; x_wconf 81' lang='grc' dir='ltr'><strong>ὀ</strong></span> <span class='ocrx_word' id='word_1_349' title='bbox 2927 1948 3159 2020; x_wconf 71' lang='grc' dir='ltr'>Χριστὸς</span> <span class='ocrx_word' id='word_1_350' title='bbox 3207 1950 3434 2018; x_wconf 79' lang='grc' dir='ltr'>προεῖπε</span> <span class='ocrx_word' id='word_1_351' title='bbox 3471 1945 3598 2016; x_wconf 69' lang='grc' dir='ltr'>περὶ</span> <span class='ocrx_word' id='word_1_352' title='bbox 3637 1944 3728 1998; x_wconf 81' lang='grc' dir='ltr'><strong>τοῦ</strong></span> 
     </span>
    </p>
   </div>
   <div class='ocr_carea' id='block_1_50' title="bbox 2161 2040 3730 2114">
    <p class='ocr_par' dir='ltr' id='par_1_50' title="bbox 2161 2040 3730 2114">
     <span class='ocr_line' id='line_1_50' title="bbox 2161 2040 3730 2114; baseline -0.006 -15"><span class='ocrx_word' id='word_1_353' title='bbox 2161 2045 2435 2112; x_wconf 86' lang='grc' dir='ltr'>Μωάμεθ,</span> <span class='ocrx_word' id='word_1_354' title='bbox 2471 2043 2566 2098; x_wconf 72' lang='grc' dir='ltr'>καὶ</span> <span class='ocrx_word' id='word_1_355' title='bbox 2639 2045 2914 2114; x_wconf 77' lang='grc' dir='ltr'><strong>ἐπῄνεσεν</strong></span> <span class='ocrx_word' id='word_1_356' title='bbox 2969 2041 3149 2108; x_wconf 70' lang='grc' dir='ltr'>αὐτὸν,</span> <span class='ocrx_word' id='word_1_357' title='bbox 3197 2041 3294 2095; x_wconf 68' lang='grc' dir='ltr'>καὶ</span> <span class='ocrx_word' id='word_1_358' title='bbox 3344 2040 3730 2110; x_wconf 77' lang='grc' dir='ltr'><strong>γεγραμμένον</strong></span> 
     </span>
    </p>
   </div>
   <div class='ocr_carea' id='block_1_51' title="bbox 2162 2130 3732 2211">
    <p class='ocr_par' dir='ltr' id='par_1_51' title="bbox 2162 2130 3732 2211">
     <span class='ocr_line' id='line_1_51' title="bbox 2162 2130 3732 2211; baseline -0.004 -22"><span class='ocrx_word' id='word_1_359' title='bbox 2162 2136 2446 2205; x_wconf 75' lang='grc' dir='ltr'><strong>εὑρίσκετο</strong></span> <span class='ocrx_word' id='word_1_360' title='bbox 2471 2135 2529 2188; x_wconf 81' lang='grc' dir='ltr'>τὸ</span> <span class='ocrx_word' id='word_1_361' title='bbox 2549 2137 2718 2206; x_wconf 84' lang='grc' dir='ltr'>δνομα</span> <span class='ocrx_word' id='word_1_362' title='bbox 2742 2134 2903 2190; x_wconf 82' lang='grc' dir='ltr'>αὑτοῦ</span> <span class='ocrx_word' id='word_1_363' title='bbox 2931 2137 2987 2188; x_wconf 84' lang='grc' dir='ltr'>ἐν</span> <span class='ocrx_word' id='word_1_364' title='bbox 3008 2137 3084 2204; x_wconf 79' lang='grc' dir='ltr'>τῷ</span> <span class='ocrx_word' id='word_1_365' title='bbox 3113 2133 3204 2187; x_wconf 85' lang='grc' dir='ltr'>τοῦ</span> <span class='ocrx_word' id='word_1_366' title='bbox 3227 2133 3473 2211; x_wconf 76' lang='grc' dir='ltr'>Μωσέως</span> <span class='ocrx_word' id='word_1_367' title='bbox 3500 2130 3732 2199; x_wconf 79' lang='grc' dir='ltr'><strong>παλαιῷ,</strong></span> 
     </span>
    </p>
   </div>
   <div class='ocr_carea' id='block_1_52' title="bbox 2164 2222 3733 2299">
    <p class='ocr_par' dir='ltr' id='par_1_52' title="bbox 2164 2222 3733 2299">
     <span class='ocr_line' id='line_1_52' title="bbox 2164 2222 3733 2299; baseline -0.004 -18"><span class='ocrx_word' id='word_1_368' title='bbox 2164 2229 2258 2281; x_wconf 72' lang='grc' dir='ltr'><strong>καὶ</strong></span> <span class='ocrx_word' id='word_1_369' title='bbox 2306 2230 2365 2282; x_wconf 85' lang='grc' dir='ltr'><strong>ὲν</strong></span> <span class='ocrx_word' id='word_1_370' title='bbox 2412 2227 2489 2298; x_wconf 84' lang='grc' dir='ltr'><strong>τῷ</strong></span> <span class='ocrx_word' id='word_1_371' title='bbox 2524 2228 2881 2299; x_wconf 80' lang='grc' dir='ltr'><strong>Εὑαγγελίῳ,</strong></span> <span class='ocrx_word' id='word_1_372' title='bbox 2935 2230 2981 2281; x_wconf 83' lang='grc' dir='ltr'>οί</span> <span class='ocrx_word' id='word_1_373' title='bbox 3019 2229 3076 2281; x_wconf 75' lang='grc' dir='ltr'>δὲ</span> <span class='ocrx_word' id='word_1_374' title='bbox 3126 2228 3444 2296; x_wconf 70' lang='grc' dir='ltr'>Χριστιανοὶ</span> <span class='ocrx_word' id='word_1_375' title='bbox 3486 2222 3733 2289; x_wconf 77' lang='grc' dir='ltr'>ἐξέϐαλον</span> 
     </span>
    </p>
   </div>
   <div class='ocr_carea' id='block_1_53' title="bbox 2165 2316 3733 2391">
    <p class='ocr_par' dir='ltr' id='par_1_53' title="bbox 2165 2316 3733 2391">
     <span class='ocr_line' id='line_1_53' title="bbox 2165 2316 3733 2391; baseline -0.003 -17"><span class='ocrx_word' id='word_1_376' title='bbox 2165 2321 2296 2374; x_wconf 80' lang='grc' dir='ltr'>αὐτὸ</span> <span class='ocrx_word' id='word_1_377' title='bbox 2330 2322 2468 2391; x_wconf 81' lang='grc' dir='ltr'>μετὰ</span> <span class='ocrx_word' id='word_1_378' title='bbox 2496 2321 2606 2377; x_wconf 83' lang='grc' dir='ltr'>τῶν</span> <span class='ocrx_word' id='word_1_379' title='bbox 2633 2322 2825 2377; x_wconf 75' lang='grc' dir='ltr'>ἄλλων.</span> <span class='ocrx_word' id='word_1_380' title='bbox 2862 2318 3026 2375; x_wconf 77' lang='grc' dir='ltr'>Εἶπον</span> <span class='ocrx_word' id='word_1_381' title='bbox 3057 2321 3151 2374; x_wconf 76' lang='grc' dir='ltr'>καὶ</span> <span class='ocrx_word' id='word_1_382' title='bbox 3185 2319 3340 2374; x_wconf 86' lang='grc' dir='ltr'>τοῦτο</span> <span class='ocrx_word' id='word_1_383' title='bbox 3393 2321 3440 2372; x_wconf 85' lang='lat' dir='ltr'><strong>ol</strong></span> <span class='ocrx_word' id='word_1_384' title='bbox 3475 2316 3733 2380; x_wconf 77' lang='grc' dir='ltr'>ἐλθόντες,</span> 
     </span>
    </p>
   </div>
   <div class='ocr_carea' id='block_1_54' title="bbox 2164 2404 3736 2486">
    <p class='ocr_par' dir='ltr' id='par_1_54' title="bbox 2164 2404 3736 2486">
     <span class='ocr_line' id='line_1_54' title="bbox 2164 2404 3736 2486; baseline -0.004 -19"><span class='ocrx_word' id='word_1_385' title='bbox 2164 2413 2245 2467; x_wconf 83' lang='grc' dir='ltr'><strong>ὅτι</strong></span> <span class='ocrx_word' id='word_1_386' title='bbox 2299 2414 2590 2484; x_wconf 76' lang='grc' dir='ltr'><strong>ἀπεδέχου,</strong></span> <span class='ocrx_word' id='word_1_387' title='bbox 2627 2415 2712 2469; x_wconf 77' lang='grc' dir='ltr'><strong>ἶνα</strong></span> <span class='ocrx_word' id='word_1_388' title='bbox 2758 2404 2965 2486; x_wconf 72' lang='grc' dir='ltr'>ἡπρός</span> <span class='ocrx_word' id='word_1_389' title='bbox 3011 2414 3070 2468; x_wconf 86' lang='grc' dir='ltr'><strong>σέ</strong></span> <span class='ocrx_word' id='word_1_390' title='bbox 3110 2431 3210 2484; x_wconf 86' lang='grc' dir='ltr'><strong>μου</strong></span> <span class='ocrx_word' id='word_1_391' title='bbox 3261 2411 3535 2481; x_wconf 70' lang='grc' dir='ltr'>ἀπολογία</span> <span class='ocrx_word' id='word_1_392' title='bbox 3595 2407 3736 2478; x_wconf 83' lang='grc' dir='ltr'>εὑρί-</span> 
     </span>
    </p>
   </div>
   <div class='ocr_carea' id='block_1_55' title="bbox 2168 2501 3738 2578">
    <p class='ocr_par' dir='ltr' id='par_1_55' title="bbox 2168 2501 3738 2578">
     <span class='ocr_line' id='line_1_55' title="bbox 2168 2501 3738 2578; baseline -0.005 -18"><span class='ocrx_word' id='word_1_393' title='bbox 2168 2522 2330 2560; x_wconf 82' lang='grc' dir='ltr'>σκετο</span> <span class='ocrx_word' id='word_1_394' title='bbox 2347 2506 2742 2576; x_wconf 83' lang='grc' dir='ltr'>πλατυκωτέρα</span> <span class='ocrx_word' id='word_1_395' title='bbox 2765 2506 2860 2560; x_wconf 76' lang='grc' dir='ltr'><strong>καὶ</strong></span> <span class='ocrx_word' id='word_1_396' title='bbox 2878 2507 3017 2560; x_wconf 78' lang='grc' dir='ltr'>καθα</span> <span class='ocrx_word' id='word_1_397' title='bbox 3025 2505 3256 2578; x_wconf 86' lang='grc' dir='ltr'>ρωτέρα.</span> <span class='ocrx_word' id='word_1_398' title='bbox 3274 2503 3446 2558; x_wconf 86' lang='grc' dir='ltr'>Τοῦτο</span> <span class='ocrx_word' id='word_1_399' title='bbox 3470 2501 3738 2572; x_wconf 80' lang='grc' dir='ltr'><strong>γνωρίσας</strong></span> 
     </span>
    </p>
   </div>
   <div class='ocr_carea' id='block_1_56' title="bbox 2168 2591 3737 2668">
    <p class='ocr_par' dir='ltr' id='par_1_56' title="bbox 2168 2591 3737 2668">
     <span class='ocr_line' id='line_1_56' title="bbox 2168 2591 3737 2668; baseline -0.004 -21"><span class='ocrx_word' id='word_1_400' title='bbox 2168 2594 2304 2662; x_wconf 75' lang='grc' dir='ltr'><strong>ἐγὼ,</strong></span> <span class='ocrx_word' id='word_1_401' title='bbox 2338 2593 2694 2662; x_wconf 59' lang='lat' dir='ltr'><strong>massam</strong></span> <span class='ocrx_word' id='word_1_402' title='bbox 2745 2613 2837 2648; x_wconf 92' lang='grc' dir='ltr'>σου</span> <span class='ocrx_word' id='word_1_403' title='bbox 2875 2598 2964 2648; x_wconf 73' lang='grc' dir='ltr'>τὸν</span> <span class='ocrx_word' id='word_1_404' title='bbox 3000 2593 3234 2668; x_wconf 50' lang='grc' dir='ltr'>τρόπον(</span> <span class='ocrx_word' id='word_1_405' title='bbox 3259 2596 3372 2656; x_wconf 81' lang='grc' dir='ltr'>Πᾶς</span> <span class='ocrx_word' id='word_1_406' title='bbox 3405 2593 3518 2665; x_wconf 80' lang='grc' dir='ltr'><strong>γὰρ</strong></span> <span class='ocrx_word' id='word_1_407' title='bbox 3544 2595 3570 2646; x_wconf 85' lang='grc' dir='ltr'>ὀ</span> <span class='ocrx_word' id='word_1_408' title='bbox 3601 2591 3737 2662; x_wconf 84' lang='grc' dir='ltr'>μετά</span> 
     </span>
    </p>
   </div>
   <div class='ocr_carea' id='block_1_57' title="bbox 2171 2685 3740 2759">
    <p class='ocr_par' dir='ltr' id='par_1_57' title="bbox 2171 2685 3740 2759">
     <span class='ocr_line' id='line_1_57' title="bbox 2171 2685 3740 2759; baseline -0.001 -19"><span class='ocrx_word' id='word_1_409' title='bbox 2171 2689 2410 2751; x_wconf 83' lang='grc' dir='ltr'>σπουδῆς</span> <span class='ocrx_word' id='word_1_410' title='bbox 2441 2687 2624 2758; x_wconf 77' lang='grc' dir='ltr'>ζητῶν</span> <span class='ocrx_word' id='word_1_411' title='bbox 2655 2690 2754 2759; x_wconf 78' lang='grc' dir='ltr'><strong>τὴν</strong></span> <span class='ocrx_word' id='word_1_412' title='bbox 2782 2690 3066 2755; x_wconf 86' lang='grc' dir='ltr'>ἀλήθειαν,</span> <span class='ocrx_word' id='word_1_413' title='bbox 3100 2689 3350 2759; x_wconf 76' lang='grc' dir='ltr'>εὑρίσκει</span> <span class='ocrx_word' id='word_1_414' title='bbox 3375 2688 3568 2758; x_wconf 76' lang='grc' dir='ltr'>αὐτὴν,</span> <span class='ocrx_word' id='word_1_415' title='bbox 3607 2687 3657 2739; x_wconf 85' lang='grc' dir='ltr'><strong>οί</strong></span> <span class='ocrx_word' id='word_1_416' title='bbox 3687 2685 3740 2738; x_wconf 80' lang='grc' dir='ltr'>δὲ</span> 
     </span>
    </p>
   </div>
   <div class='ocr_carea' id='block_1_58' title="bbox 2169 2773 3741 2850">
    <p class='ocr_par' dir='ltr' id='par_1_58' title="bbox 2169 2773 3741 2850">
     <span class='ocr_line' id='line_1_58' title="bbox 2169 2773 3741 2850; baseline -0.004 -14"><span class='ocrx_word' id='word_1_417' title='bbox 2169 2780 2581 2850; x_wconf 82' lang='grc' dir='ltr'>Μουσουλμάνοι</span> <span class='ocrx_word' id='word_1_418' title='bbox 2655 2781 3059 2850; x_wconf 74' lang='grc' dir='ltr'><strong>ἐμποδίζουσιν,</strong></span> <span class='ocrx_word' id='word_1_419' title='bbox 3131 2782 3214 2833; x_wconf 81' lang='grc' dir='ltr'><strong>ἵνα</strong></span> <span class='ocrx_word' id='word_1_420' title='bbox 3247 2773 3609 2848; x_wconf 75' lang='grc' dir='ltr'><strong>διαλέγωνται</strong></span> <span class='ocrx_word' id='word_1_421' title='bbox 3659 2794 3741 2830; x_wconf 82' lang='grc' dir='ltr'><strong>τι·</strong></span> 
     </span>
    </p>
   </div>
   <div class='ocr_carea' id='block_1_59' title="bbox 2173 2863 3742 2951">
    <p class='ocr_par' dir='ltr' id='par_1_59' title="bbox 2173 2863 3742 2943">
     <span class='ocr_line' id='line_1_59' title="bbox 2173 2863 3742 2943; baseline -0.002 -17"><span class='ocrx_word' id='word_1_422' title='bbox 2173 2890 2261 2937; x_wconf 82' lang='grc' dir='ltr'>νες</span> <span class='ocrx_word' id='word_1_423' title='bbox 2299 2874 2356 2940; x_wconf 72' lang='grc' dir='ltr'><strong>ἐξ</strong></span> <span class='ocrx_word' id='word_1_424' title='bbox 2417 2872 2596 2927; x_wconf 78' lang='grc' dir='ltr'>αὐτῶν</span> <span class='ocrx_word' id='word_1_425' title='bbox 2641 2873 2780 2943; x_wconf 68' lang='grc' dir='ltr'>μετὰ</span> <span class='ocrx_word' id='word_1_426' title='bbox 2811 2875 2911 2926; x_wconf 76' lang='grc' dir='ltr'><strong>τῶν</strong></span> <span class='ocrx_word' id='word_1_427' title='bbox 2940 2871 3303 2943; x_wconf 80' lang='grc' dir='ltr'>Χριστιανῶν,</span> <span class='ocrx_word' id='word_1_428' title='bbox 3343 2872 3418 2933; x_wconf 85' lang='grc' dir='ltr'><strong>ὡς</strong></span> <span class='ocrx_word' id='word_1_429' title='bbox 3451 2871 3624 2936; x_wconf 75' lang='grc' dir='ltr'>ἔοικε,</span> <span class='ocrx_word' id='word_1_430' title='bbox 3648 2863 3742 2941; x_wconf 74' lang='grc' dir='ltr'><strong>’μή</strong></span> 
     </span>
    </p>
   </div>
   <div class='ocr_carea' id='block_1_60' title="bbox 2176 2964 3745 3037">
    <p class='ocr_par' dir='ltr' id='par_1_60' title="bbox 2176 2964 3745 3037">
     <span class='ocr_line' id='line_1_60' title="bbox 2176 2964 3745 3037; baseline -0.004 -16"><span class='ocrx_word' id='word_1_431' title='bbox 2176 2984 2305 3021; x_wconf 86' lang='grc' dir='ltr'>ποτε</span> <span class='ocrx_word' id='word_1_432' title='bbox 2325 2967 2711 3037; x_wconf 60' lang='grc' dir='ltr'><strong>Δδιαλεγόμενοι</strong></span> <span class='ocrx_word' id='word_1_433' title='bbox 2745 2968 2884 3036; x_wconf 78' lang='grc' dir='ltr'>πρὸς</span> <span class='ocrx_word' id='word_1_434' title='bbox 2921 2966 3202 3034; x_wconf 72' lang='grc' dir='ltr'>ἀλλήλους,</span> <span class='ocrx_word' id='word_1_435' title='bbox 3264 2965 3453 3034; x_wconf 79' lang='grc' dir='ltr'><strong>γνῶσιι</strong></span> <span class='ocrx_word' id='word_1_436' title='bbox 3489 2964 3745 3037; x_wconf 68' lang='grc' dir='ltr'>καθαρῶς</span> 
     </span>
    </p>
   </div>
   <div class='ocr_carea' id='block_1_61' title="bbox 2174 3023 3746 3129">
    <p class='ocr_par' dir='ltr' id='par_1_61' title="bbox 2174 3023 3746 3129">
     <span class='ocr_line' id='line_1_61' title="bbox 2174 3023 3746 3129; baseline -0.004 -17"><span class='ocrx_word' id='word_1_437' title='bbox 2174 3060 2274 3128; x_wconf 76' lang='grc' dir='ltr'>τὴν</span> <span class='ocrx_word' id='word_1_438' title='bbox 2297 3023 2593 3128; x_wconf 46' lang='grc' dir='ltr'><strong>ἐλήθειάνί-</strong></span> <span class='ocrx_word' id='word_1_439' title='bbox 2618 3059 2681 3111; x_wconf 83' lang='lat' dir='ltr'><strong>Ol</strong></span> <span class='ocrx_word' id='word_1_440' title='bbox 2714 3059 2769 3112; x_wconf 79' lang='grc' dir='ltr'>δὲ</span> <span class='ocrx_word' id='word_1_441' title='bbox 2791 3023 3125 3129; x_wconf 61' lang='grc' dir='ltr'><strong>⁸Χριστιανοὶ.</strong></span> <span class='ocrx_word' id='word_1_442' title='bbox 3163 3023 3521 3129; x_wconf 61' lang='grc' dir='ltr'>θαρροῦντες</span> <span class='ocrx_word' id='word_1_443' title='bbox 3548 3023 3746 3122; x_wconf 50' lang='grc' dir='ltr'>είςῖιὴν</span> 
     </span>
    </p>
   </div>
   <div class='ocr_carea' id='block_1_62' title="bbox 497 3145 2064 3230">
    <p class='ocr_par' dir='ltr' id='par_1_62' title="bbox 497 3145 2064 3218">
     <span class='ocr_line' id='line_1_62' title="bbox 497 3145 2064 3218; baseline 0.001 -19"><span class='ocrx_word' id='word_1_444' title='bbox 497 3146 586 3199; x_wconf 90' lang='lat' dir='ltr'><strong>nis</strong></span> <span class='ocrx_word' id='word_1_445' title='bbox 626 3145 940 3215; x_wconf 80' lang='lat' dir='ltr'><strong>disputent;</strong></span> <span class='ocrx_word' id='word_1_446' title='bbox 997 3148 1259 3200; x_wconf 90' lang='lat' dir='ltr'><strong>nimirum</strong></span> <span class='ocrx_word' id='word_1_447' title='bbox 1300 3149 1371 3202; x_wconf 91' lang='lat' dir='ltr'><strong>ob</strong></span> <span class='ocrx_word' id='word_1_448' title='bbox 1410 3149 1534 3213; x_wconf 83' lang='lat' dir='ltr'><strong>hoc,</strong></span> <span class='ocrx_word' id='word_1_449' title='bbox 1582 3161 1846 3218; x_wconf 83' lang='lat' dir='ltr'><strong>quantum</strong></span> <span class='ocrx_word' id='word_1_450' title='bbox 1885 3148 2064 3203; x_wconf 79' lang='lat' dir='ltr'><strong>videre</strong></span> 
     </span>
    </p>
   </div>
   <div class='ocr_carea' id='block_1_63' title="bbox 2166 3145 3758 3230">
    <p class='ocr_par' dir='ltr' id='par_1_63' title="bbox 2177 3146 3758 3219">
     <span class='ocr_line' id='line_1_63' title="bbox 2177 3146 3758 3219; baseline -0.003 -15"><span class='ocrx_word' id='word_1_451' title='bbox 2177 3149 2426 3219; x_wconf 80' lang='grc' dir='ltr'>καθαρὰν</span> <span class='ocrx_word' id='word_1_452' title='bbox 2470 3150 2651 3204; x_wconf 80' lang='grc' dir='ltr'>πίστιν</span> <span class='ocrx_word' id='word_1_453' title='bbox 2714 3149 2918 3213; x_wconf 79' lang='grc' dir='ltr'>αὓτῶν,</span> <span class='ocrx_word' id='word_1_454' title='bbox 2957 3151 3051 3204; x_wconf 77' lang='grc' dir='ltr'>καὶ</span> <span class='ocrx_word' id='word_1_455' title='bbox 3113 3152 3198 3213; x_wconf 83' lang='grc' dir='ltr'>εἰς</span> <span class='ocrx_word' id='word_1_456' title='bbox 3250 3149 3394 3219; x_wconf 77' lang='grc' dir='ltr'><strong>ᾇπερ</strong></span> <span class='ocrx_word' id='word_1_457' title='bbox 3453 3146 3758 3218; x_wconf 71' lang='grc' dir='ltr'>κρατοῦσιν</span> 
     </span>
    </p>
   </div>
   <div class='ocr_carea' id='block_1_64' title="bbox 502 3238 2070 3310">
    <p class='ocr_par' dir='ltr' id='par_1_64' title="bbox 502 3238 2070 3310">
     <span class='ocr_line' id='line_1_64' title="bbox 502 3238 2070 3310; baseline 0.001 -20"><span class='ocrx_word' id='word_1_458' title='bbox 502 3245 606 3300; x_wconf 87' lang='lat' dir='ltr'><strong>est,</strong></span> <span class='ocrx_word' id='word_1_459' title='bbox 641 3253 706 3291; x_wconf 89' lang='lat' dir='ltr'><strong>ne</strong></span> <span class='ocrx_word' id='word_1_460' title='bbox 751 3239 958 3293; x_wconf 91' lang='lat' dir='ltr'><strong>mutuis</strong></span> <span class='ocrx_word' id='word_1_461' title='bbox 1000 3238 1495 3306; x_wconf 88' lang='lat' dir='ltr'><strong>disceptationibus</strong></span> <span class='ocrx_word' id='word_1_462' title='bbox 1538 3241 1843 3308; x_wconf 79' lang='lat' dir='ltr'><strong>exercitati,</strong></span> <span class='ocrx_word' id='word_1_463' title='bbox 1881 3255 2070 3310; x_wconf 88' lang='lat' dir='ltr'><strong>puram</strong></span> 
     </span>
    </p>
   </div>
   <div class='ocr_carea' id='block_1_65' title="bbox 502 3323 2073 3400">
    <p class='ocr_par' dir='ltr' id='par_1_65' title="bbox 502 3323 2073 3400">
     <span class='ocr_line' id='line_1_65' title="bbox 502 3323 2073 3400; baseline 0.001 -18"><span class='ocrx_word' id='word_1_464' title='bbox 502 3323 787 3384; x_wconf 71' lang='lat' dir='ltr'><strong>vernalem</strong></span> <span class='ocrx_word' id='word_1_465' title='bbox 825 3339 1146 3400; x_wconf 81' lang='lat' dir='ltr'><strong>agnoscant.</strong></span> <span class='ocrx_word' id='word_1_466' title='bbox 1177 3330 1474 3391; x_wconf 78' lang='lat' dir='ltr'><strong>Christiani</strong></span> <span class='ocrx_word' id='word_1_467' title='bbox 1526 3341 1717 3385; x_wconf 89' lang='lat' dir='ltr'><strong>contra</strong></span> <span class='ocrx_word' id='word_1_468' title='bbox 1750 3347 1871 3385; x_wconf 90' lang='lat' dir='ltr'><strong>cum</strong></span> <span class='ocrx_word' id='word_1_469' title='bbox 1907 3331 2073 3385; x_wconf 87' lang='lat' dir='ltr'><strong>animi</strong></span> 
     </span>
    </p>
   </div>
   <div class='ocr_carea' id='block_1_66' title="bbox 501 3416 2077 3489">
    <p class='ocr_par' dir='ltr' id='par_1_66' title="bbox 501 3416 2077 3489">
     <span class='ocr_line' id='line_1_66' title="bbox 501 3416 2077 3489; baseline 0 -18"><span class='ocrx_word' id='word_1_470' title='bbox 501 3416 701 3473; x_wconf 82' lang='lat' dir='ltr'><strong>ﬁducia</strong></span> <span class='ocrx_word' id='word_1_471' title='bbox 756 3418 1056 3472; x_wconf 88' lang='lat' dir='ltr'><strong>innitentes</strong></span> <span class='ocrx_word' id='word_1_472' title='bbox 1097 3433 1247 3487; x_wconf 70' lang='lat' dir='ltr'><strong>pura:</strong></span> <span class='ocrx_word' id='word_1_473' title='bbox 1296 3434 1406 3473; x_wconf 72' lang='lat' dir='ltr'><strong>sua:</strong></span> <span class='ocrx_word' id='word_1_474' title='bbox 1441 3419 1590 3483; x_wconf 80' lang='lat' dir='ltr'><strong>ﬁdei,</strong></span> <span class='ocrx_word' id='word_1_475' title='bbox 1632 3428 1686 3474; x_wconf 89' lang='lat' dir='ltr'><strong>et</strong></span> <span class='ocrx_word' id='word_1_476' title='bbox 1723 3420 1907 3481; x_wconf 91' lang='lat' dir='ltr'><strong>rectis,</strong></span> <span class='ocrx_word' id='word_1_477' title='bbox 1949 3434 2077 3489; x_wconf 87' lang='lat' dir='ltr'><strong>pro-</strong></span> 
     </span>
    </p>
   </div>
   <div class='ocr_carea' id='block_1_67' title="bbox 502 3509 2078 3581">
    <p class='ocr_par' dir='ltr' id='par_1_67' title="bbox 502 3509 2078 3581">
     <span class='ocr_line' id='line_1_67' title="bbox 502 3509 2078 3581; baseline -0.003 -15"><span class='ocrx_word' id='word_1_478' title='bbox 502 3511 646 3566; x_wconf 86' lang='lat' dir='ltr'><strong>batis</strong></span> <span class='ocrx_word' id='word_1_479' title='bbox 693 3510 970 3580; x_wconf 90' lang='lat' dir='ltr'><strong>verisque,</strong></span> <span class='ocrx_word' id='word_1_480' title='bbox 1018 3525 1140 3580; x_wconf 68' lang='lat' dir='ltr'><strong>quae</strong></span> <span class='ocrx_word' id='word_1_481' title='bbox 1185 3509 1506 3578; x_wconf 77' lang='lat' dir='ltr'><strong>observant,</strong></span> <span class='ocrx_word' id='word_1_482' title='bbox 1560 3511 1851 3581; x_wconf 80' lang='lat' dir='ltr'><strong>dogmatis,</strong></span> <span class='ocrx_word' id='word_1_483' title='bbox 1900 3511 2078 3564; x_wconf 89' lang='lat' dir='ltr'><strong>nullos</strong></span> 
     </span>
    </p>
   </div>
   <div class='ocr_carea' id='block_1_68' title="bbox 499 3603 2073 3675">
    <p class='ocr_par' dir='ltr' id='par_1_68' title="bbox 499 3603 2073 3675">
     <span class='ocr_line' id='line_1_68' title="bbox 499 3603 2073 3675; baseline -0.002 -16"><span class='ocrx_word' id='word_1_484' title='bbox 499 3605 727 3660; x_wconf 88' lang='lat' dir='ltr'><strong>omnino</strong></span> <span class='ocrx_word' id='word_1_485' title='bbox 776 3618 1001 3658; x_wconf 90' lang='lat' dir='ltr'><strong>suorum</strong></span> <span class='ocrx_word' id='word_1_486' title='bbox 1065 3603 1393 3675; x_wconf 68' lang='lat' dir='ltr'><strong>impertiant,</strong></span> <span class='ocrx_word' id='word_1_487' title='bbox 1457 3604 1550 3660; x_wconf 88' lang='lat' dir='ltr'><strong>sed</strong></span> <span class='ocrx_word' id='word_1_488' title='bbox 1610 3603 1805 3675; x_wconf 75' lang='lat' dir='ltr'><strong>singuli</strong></span> <span class='ocrx_word' id='word_1_489' title='bbox 1860 3603 2073 3658; x_wconf 90' lang='lat' dir='ltr'><strong>illorutn</strong></span> 
     </span>
    </p>
   </div>
   <div class='ocr_carea' id='block_1_69' title="bbox 503 3694 2078 3770">
    <p class='ocr_par' dir='ltr' id='par_1_69' title="bbox 503 3694 2078 3770">
     <span class='ocr_line' id='line_1_69' title="bbox 503 3694 2078 3770; baseline -0.002 -18"><span class='ocrx_word' id='word_1_490' title='bbox 503 3696 847 3770; x_wconf 78' lang='lat' dir='ltr'><strong>conﬁdenter</strong></span> <span class='ocrx_word' id='word_1_491' title='bbox 883 3705 938 3750; x_wconf 87' lang='lat' dir='ltr'><strong>et</strong></span> <span class='ocrx_word' id='word_1_492' title='bbox 964 3695 1140 3752; x_wconf 88' lang='lat' dir='ltr'><strong>libere</strong></span> <span class='ocrx_word' id='word_1_493' title='bbox 1171 3712 1294 3750; x_wconf 87' lang='lat' dir='ltr'><strong>cum</strong></span> <span class='ocrx_word' id='word_1_494' title='bbox 1340 3696 1626 3769; x_wconf 80' lang='lat' dir='ltr'><strong>omnibus,</strong></span> <span class='ocrx_word' id='word_1_495' title='bbox 1657 3694 2078 3770; x_wconf 81' lang='lat' dir='ltr'><strong>quibuscunque</strong></span> 
     </span>
    </p>
   </div>
   <div class='ocr_carea' id='block_1_70' title="bbox 501 3771 2076 3857">
    <p class='ocr_par' dir='ltr' id='par_1_70' title="bbox 501 3771 2076 3857">
     <span class='ocr_line' id='line_1_70' title="bbox 501 3771 2076 3857; baseline -0.003 -15"><span class='ocrx_word' id='word_1_496' title='bbox 501 3771 748 3850; x_wconf 77' lang='lat' dir='ltr'><strong>libuerit,</strong></span> <span class='ocrx_word' id='word_1_497' title='bbox 788 3785 1064 3856; x_wconf 85' lang='lat' dir='ltr'><strong>disputare</strong></span> <span class='ocrx_word' id='word_1_498' title='bbox 1123 3786 1319 3841; x_wconf 88' lang='lat' dir='ltr'><strong>solent.</strong></span> <span class='ocrx_word' id='word_1_499' title='bbox 1381 3785 1462 3842; x_wconf 84' lang='lat' dir='ltr'><strong>En</strong></span> <span class='ocrx_word' id='word_1_500' title='bbox 1506 3786 1676 3857; x_wconf 80' lang='lat' dir='ltr'><strong>igitur</strong></span> <span class='ocrx_word' id='word_1_501' title='bbox 1715 3787 1870 3857; x_wconf 81' lang='lat' dir='ltr'><strong>juxta</strong></span> <span class='ocrx_word' id='word_1_502' title='bbox 1910 3785 2076 3839; x_wconf 85' lang='lat' dir='ltr'><strong>animi</strong></span> 
     </span>
    </p>
   </div>
   <div class='ocr_carea' id='block_1_71' title="bbox 504 3877 2078 3947">
    <p class='ocr_par' dir='ltr' id='par_1_71' title="bbox 504 3877 2078 3947">
     <span class='ocr_line' id='line_1_71' title="bbox 504 3877 2078 3947; baseline -0.004 -11"><span class='ocrx_word' id='word_1_503' title='bbox 504 3879 584 3936; x_wconf 89' lang='lat' dir='ltr'><strong>tui</strong></span> <span class='ocrx_word' id='word_1_504' title='bbox 629 3881 979 3943; x_wconf 85' lang='lat' dir='ltr'><strong>sententiam,</strong></span> <span class='ocrx_word' id='word_1_505' title='bbox 1025 3879 1403 3934; x_wconf 83' lang='lat' dir='ltr'><strong>defensionem</strong></span> <span class='ocrx_word' id='word_1_506' title='bbox 1447 3893 1621 3932; x_wconf 87' lang='lat' dir='ltr'><strong>meam</strong></span> <span class='ocrx_word' id='word_1_507' title='bbox 1673 3877 1850 3947; x_wconf 85' lang='lat' dir='ltr'><strong>quoad</strong></span> <span class='ocrx_word' id='word_1_508' title='bbox 1886 3887 2078 3946; x_wconf 86' lang='lat' dir='ltr'><strong>potero</strong></span> 
     </span>
    </p>
   </div>
   <div class='ocr_carea' id='block_1_72' title="bbox 505 3968 2078 4042">
    <p class='ocr_par' dir='ltr' id='par_1_72' title="bbox 505 3968 2078 4042">
     <span class='ocr_line' id='line_1_72' title="bbox 505 3968 2078 4042; baseline -0.006 -12"><span class='ocrx_word' id='word_1_509' title='bbox 505 3973 808 4038; x_wconf 86' lang='lat' dir='ltr'><strong>instituam,</strong></span> <span class='ocrx_word' id='word_1_510' title='bbox 836 3987 900 4028; x_wconf 89' lang='lat' dir='ltr'><strong>ea</strong></span> <span class='ocrx_word' id='word_1_511' title='bbox 928 3973 1137 4027; x_wconf 86' lang='lat' dir='ltr'><strong>scilicet</strong></span> <span class='ocrx_word' id='word_1_512' title='bbox 1170 3971 1499 4035; x_wconf 85' lang='lat' dir='ltr'><strong>edisserens,</strong></span> <span class='ocrx_word' id='word_1_513' title='bbox 1533 3970 1601 4026; x_wconf 86' lang='lat' dir='ltr'><strong>de</strong></span> <span class='ocrx_word' id='word_1_514' title='bbox 1640 3970 1844 4042; x_wconf 84' lang='lat' dir='ltr'><strong>quibus</strong></span> <span class='ocrx_word' id='word_1_515' title='bbox 1873 3968 1940 4023; x_wconf 92' lang='lat' dir='ltr'><strong>ad</strong></span> <span class='ocrx_word' id='word_1_516' title='bbox 1979 3983 2078 4022; x_wconf 89' lang='lat' dir='ltr'><strong>nos</strong></span> 
     </span>
    </p>
   </div>
   <div class='ocr_carea' id='block_1_73' title="bbox 505 4062 2078 4137">
    <p class='ocr_par' dir='ltr' id='par_1_73' title="bbox 505 4062 2078 4137">
     <span class='ocr_line' id='line_1_73' title="bbox 505 4062 2078 4137; baseline -0.003 -17"><span class='ocrx_word' id='word_1_517' title='bbox 505 4064 755 4120; x_wconf 82' lang='lat' dir='ltr'><strong>scribens</strong></span> <span class='ocrx_word' id='word_1_518' title='bbox 795 4063 1118 4119; x_wconf 86' lang='lat' dir='ltr'><strong>dubitavisti</strong></span> <span class='ocrx_word' id='word_1_519' title='bbox 1150 4073 1204 4118; x_wconf 91' lang='lat' dir='ltr'><strong>et</strong></span> <span class='ocrx_word' id='word_1_520' title='bbox 1245 4063 1618 4134; x_wconf 75' lang='lat' dir='ltr'><strong>interrogasti.</strong></span> <span class='ocrx_word' id='word_1_521' title='bbox 1649 4063 1815 4131; x_wconf 84' lang='lat' dir='ltr'><strong>Atqui</strong></span> <span class='ocrx_word' id='word_1_522' title='bbox 1843 4062 1961 4137; x_wconf 59' lang='lat' dir='ltr'><strong>hate</strong></span> <span class='ocrx_word' id='word_1_523' title='bbox 1983 4068 2078 4116; x_wconf 84' lang='lat' dir='ltr'><strong>tua</strong></span> 
     </span>
    </p>
   </div>
   <div class='ocr_carea' id='block_1_74' title="bbox 506 4152 2080 4226">
    <p class='ocr_par' dir='ltr' id='par_1_74' title="bbox 506 4152 2080 4226">
     <span class='ocr_line' id='line_1_74' title="bbox 506 4152 2080 4226; baseline -0.004 -14"><span class='ocrx_word' id='word_1_524' title='bbox 506 4164 658 4222; x_wconf 89' lang='lat' dir='ltr'><strong>sunt,</strong></span> <span class='ocrx_word' id='word_1_525' title='bbox 690 4173 723 4209; x_wconf 85' lang='grc' dir='ltr'>ο</span> <span class='ocrx_word' id='word_1_526' title='bbox 752 4161 892 4210; x_wconf 82' lang='lat' dir='ltr'><strong>bone</strong></span> <span class='ocrx_word' id='word_1_527' title='bbox 938 4155 1271 4226; x_wconf 86' lang='lat' dir='ltr'><strong>Sampsates,</strong></span> <span class='ocrx_word' id='word_1_528' title='bbox 1304 4152 1490 4210; x_wconf 80' lang='lat' dir='ltr'><strong>verba.</strong></span> <span class='ocrx_word' id='word_1_529' title='bbox 1527 4157 1641 4226; x_wconf 82' lang='lat' dir='ltr'><strong>Ego</strong></span> <span class='ocrx_word' id='word_1_530' title='bbox 1673 4171 1803 4210; x_wconf 85' lang='lat' dir='ltr'><strong>vero</strong></span> <span class='ocrx_word' id='word_1_531' title='bbox 1832 4155 1964 4225; x_wconf 88' lang='lat' dir='ltr'><strong>quid</strong></span> <span class='ocrx_word' id='word_1_532' title='bbox 1996 4153 2080 4207; x_wconf 89' lang='lat' dir='ltr'><strong>di-</strong></span> 
     </span>
    </p>
   </div>
   <div class='ocr_carea' id='block_1_75' title="bbox 507 4245 2082 4315">
    <p class='ocr_par' dir='ltr' id='par_1_75' title="bbox 507 4245 2082 4315">
     <span class='ocr_line' id='line_1_75' title="bbox 507 4245 2082 4315; baseline -0.001 -14"><span class='ocrx_word' id='word_1_533' title='bbox 507 4263 635 4303; x_wconf 85' lang='lat' dir='ltr'><strong>cere</strong></span> <span class='ocrx_word' id='word_1_534' title='bbox 674 4256 768 4303; x_wconf 88' lang='lat' dir='ltr'><strong>aut</strong></span> <span class='ocrx_word' id='word_1_535' title='bbox 811 4245 962 4315; x_wconf 89' lang='lat' dir='ltr'><strong>loqui</strong></span> <span class='ocrx_word' id='word_1_536' title='bbox 1013 4245 1200 4310; x_wconf 88' lang='lat' dir='ltr'><strong>velim,</strong></span> <span class='ocrx_word' id='word_1_537' title='bbox 1250 4255 1305 4299; x_wconf 90' lang='lat' dir='ltr'><strong>et</strong></span> <span class='ocrx_word' id='word_1_538' title='bbox 1343 4246 1486 4300; x_wconf 88' lang='lat' dir='ltr'><strong>unde</strong></span> <span class='ocrx_word' id='word_1_539' title='bbox 1544 4245 1810 4301; x_wconf 85' lang='lat' dir='ltr'><strong>orationis</strong></span> <span class='ocrx_word' id='word_1_540' title='bbox 1865 4260 2082 4300; x_wconf 90' lang='lat' dir='ltr'><strong>sumere</strong></span> 
     </span>
    </p>
   </div>
   <div class='ocr_carea' id='block_1_76' title="bbox 510 4335 2079 4405">
    <p class='ocr_par' dir='ltr' id='par_1_76' title="bbox 510 4335 2079 4405">
     <span class='ocr_line' id='line_1_76' title="bbox 510 4335 2079 4405; baseline -0.003 -12"><span class='ocrx_word' id='word_1_541' title='bbox 510 4339 751 4398; x_wconf 87' lang='lat' dir='ltr'><strong>initium.</strong></span> <span class='ocrx_word' id='word_1_542' title='bbox 777 4352 885 4392; x_wconf 90' lang='lat' dir='ltr'><strong>non</strong></span> <span class='ocrx_word' id='word_1_543' title='bbox 908 4336 1069 4391; x_wconf 90' lang='lat' dir='ltr'><strong>video</strong></span> <span class='ocrx_word' id='word_1_544' title='bbox 1095 4354 1109 4389; x_wconf 92' lang='lat'><strong>:</strong></span> <span class='ocrx_word' id='word_1_545' title='bbox 1133 4335 1360 4402; x_wconf 85' lang='lat' dir='ltr'><strong>veritus,</strong></span> <span class='ocrx_word' id='word_1_546' title='bbox 1385 4353 1452 4394; x_wconf 92' lang='lat' dir='ltr'><strong>ne</strong></span> <span class='ocrx_word' id='word_1_547' title='bbox 1475 4335 1572 4396; x_wconf 83' lang='lat' dir='ltr'><strong>tibi</strong></span> <span class='ocrx_word' id='word_1_548' title='bbox 1595 4337 1773 4391; x_wconf 89' lang='lat' dir='ltr'><strong>simile</strong></span> <span class='ocrx_word' id='word_1_549' title='bbox 1796 4336 2079 4405; x_wconf 83' lang='lat' dir='ltr'><strong>quiddam,</strong></span> 
     </span>
    </p>
   </div>
   <div class='ocr_carea' id='block_1_77' title="bbox 2176 3241 3748 3316">
    <p class='ocr_par' dir='ltr' id='par_1_77' title="bbox 2176 3241 3748 3316">
     <span class='ocr_line' id='line_1_77' title="bbox 2176 3241 3748 3316; baseline -0.001 -21"><span class='ocrx_word' id='word_1_550' title='bbox 2176 3244 2311 3316; x_wconf 81' lang='grc' dir='ltr'>ὀρθὰ</span> <span class='ocrx_word' id='word_1_551' title='bbox 2353 3246 2447 3298; x_wconf 70' lang='grc' dir='ltr'>καὶ</span> <span class='ocrx_word' id='word_1_552' title='bbox 2502 3244 2679 3314; x_wconf 82' lang='grc' dir='ltr'><strong>ἀληθῆ</strong></span> <span class='ocrx_word' id='word_1_553' title='bbox 2736 3243 3005 3314; x_wconf 76' lang='grc' dir='ltr'><strong>δόγματα,</strong></span> <span class='ocrx_word' id='word_1_554' title='bbox 3061 3243 3173 3296; x_wconf 82' lang='grc' dir='ltr'><strong>οὐδ’</strong></span> <span class='ocrx_word' id='word_1_555' title='bbox 3202 3243 3337 3306; x_wconf 77' lang='grc' dir='ltr'>ὅλως</span> <span class='ocrx_word' id='word_1_556' title='bbox 3389 3241 3748 3312; x_wconf 74' lang='grc' dir='ltr'>ἐμποδίζουσι</span> 
     </span>
    </p>
   </div>
   <div class='ocr_carea' id='block_1_78' title="bbox 2175 3324 3755 3406">
    <p class='ocr_par' dir='ltr' id='par_1_78' title="bbox 2175 3324 3755 3406">
     <span class='ocr_line' id='line_1_78' title="bbox 2175 3324 3755 3406; baseline -0.003 -17"><span class='ocrx_word' id='word_1_557' title='bbox 2175 3353 2328 3399; x_wconf 83' lang='grc' dir='ltr'>τινας</span> <span class='ocrx_word' id='word_1_558' title='bbox 2383 3336 2440 3400; x_wconf 79' lang='grc' dir='ltr'>ἐξ</span> <span class='ocrx_word' id='word_1_559' title='bbox 2486 3336 2689 3399; x_wconf 83' lang='grc' dir='ltr'>αὐτῶν,</span> <span class='ocrx_word' id='word_1_560' title='bbox 2715 3324 2849 3388; x_wconf 71' lang='grc' dir='ltr'>ἀλλὰ</span> <span class='ocrx_word' id='word_1_561' title='bbox 2881 3338 3018 3403; x_wconf 86' lang='grc' dir='ltr'><strong>μετά</strong></span> <span class='ocrx_word' id='word_1_562' title='bbox 3050 3334 3230 3406; x_wconf 71' lang='grc' dir='ltr'>πάσης</span> <span class='ocrx_word' id='word_1_563' title='bbox 3257 3335 3438 3398; x_wconf 83' lang='grc' dir='ltr'>ἀδείας</span> <span class='ocrx_word' id='word_1_564' title='bbox 3474 3335 3569 3389; x_wconf 76' lang='grc' dir='ltr'><strong>καὶ</strong></span> <span class='ocrx_word' id='word_1_565' title='bbox 3605 3334 3755 3401; x_wconf 75' lang='grc' dir='ltr'>ἐξου-</span> 
     </span>
    </p>
   </div>
   <div class='ocr_carea' id='block_1_79' title="bbox 2180 3419 3757 3496">
    <p class='ocr_par' dir='ltr' id='par_1_79' title="bbox 2180 3419 3757 3496">
     <span class='ocr_line' id='line_1_79' title="bbox 2180 3419 3757 3496; baseline 0 -17"><span class='ocrx_word' id='word_1_566' title='bbox 2180 3428 2297 3490; x_wconf 89' lang='grc' dir='ltr'>σίας</span> <span class='ocrx_word' id='word_1_567' title='bbox 2327 3423 2409 3489; x_wconf 77' lang='grc' dir='ltr'><strong>εἷς</strong></span> <span class='ocrx_word' id='word_1_568' title='bbox 2433 3429 2668 3489; x_wconf 78' lang='grc' dir='ltr'>ἕκαστος</span> <span class='ocrx_word' id='word_1_569' title='bbox 2706 3427 2887 3480; x_wconf 81' lang='grc' dir='ltr'>αὐτῶν</span> <span class='ocrx_word' id='word_1_570' title='bbox 2911 3427 3217 3496; x_wconf 80' lang='grc' dir='ltr'>διαλέγεται</span> <span class='ocrx_word' id='word_1_571' title='bbox 3248 3426 3384 3494; x_wconf 80' lang='grc' dir='ltr'><strong>μετά</strong></span> <span class='ocrx_word' id='word_1_572' title='bbox 3405 3428 3624 3481; x_wconf 84' lang='grc' dir='ltr'>πάντων</span> <span class='ocrx_word' id='word_1_573' title='bbox 3680 3419 3757 3480; x_wconf 72' lang='grc' dir='ltr'>ὧν</span> 
     </span>
    </p>
   </div>
   <div class='ocr_carea' id='block_1_80' title="bbox 2179 3519 3752 3591">
    <p class='ocr_par' dir='ltr' id='par_1_80' title="bbox 2179 3519 3752 3591">
     <span class='ocr_line' id='line_1_80' title="bbox 2179 3519 3752 3591; baseline 0.002 -20"><span class='ocrx_word' id='word_1_574' title='bbox 2179 3520 2458 3590; x_wconf 74' lang='grc' dir='ltr'>βούλεταιο</span> <span class='ocrx_word' id='word_1_575' title='bbox 2488 3521 2580 3573; x_wconf 75' lang='grc' dir='ltr'><strong>καὶ</strong></span> <span class='ocrx_word' id='word_1_576' title='bbox 2611 3520 2886 3589; x_wconf 74' lang='grc' dir='ltr'>ὀρέγεται.</span> <span class='ocrx_word' id='word_1_577' title='bbox 2913 3519 3025 3573; x_wconf 75' lang='lat' dir='ltr'><strong>Kal</strong></span> <span class='ocrx_word' id='word_1_578' title='bbox 3065 3519 3174 3583; x_wconf 66' lang='grc' dir='ltr'>ἰδοὺ</span> <span class='ocrx_word' id='word_1_579' title='bbox 3205 3519 3345 3574; x_wconf 84' lang='grc' dir='ltr'><strong>κατά</strong></span> <span class='ocrx_word' id='word_1_580' title='bbox 3377 3520 3478 3590; x_wconf 83' lang='grc' dir='ltr'><strong>τὴν</strong></span> <span class='ocrx_word' id='word_1_581' title='bbox 3544 3521 3643 3591; x_wconf 79' lang='grc' dir='ltr'><strong>σὴν</strong></span> <span class='ocrx_word' id='word_1_582' title='bbox 3667 3520 3752 3574; x_wconf 85' lang='grc' dir='ltr'>θέ-</span> 
     </span>
    </p>
   </div>
   <div class='ocr_carea' id='block_1_81' title="bbox 2176 3598 3752 3682">
    <p class='ocr_par' dir='ltr' id='par_1_81' title="bbox 2176 3598 3752 3682">
     <span class='ocr_line' id='line_1_81' title="bbox 2176 3598 3752 3682; baseline -0.003 -16"><span class='ocrx_word' id='word_1_583' title='bbox 2176 3613 2334 3681; x_wconf 76' lang='grc' dir='ltr'>λησιν</span> <span class='ocrx_word' id='word_1_584' title='bbox 2391 3614 2568 3681; x_wconf 62' lang='grc' dir='ltr'>μέλλω</span> <span class='ocrx_word' id='word_1_585' title='bbox 2595 3612 3031 3682; x_wconf 78' lang='grc' dir='ltr'><strong>ἀπολογήσεσθαι</strong></span> <span class='ocrx_word' id='word_1_586' title='bbox 3082 3613 3225 3667; x_wconf 79' lang='grc' dir='ltr'>κατὰ</span> <span class='ocrx_word' id='word_1_587' title='bbox 3255 3613 3344 3679; x_wconf 70' lang='grc' dir='ltr'><strong>ξτὸ</strong></span> <span class='ocrx_word' id='word_1_588' title='bbox 3369 3598 3600 3667; x_wconf 85' lang='grc' dir='ltr'>δυνατόν</span> <span class='ocrx_word' id='word_1_589' title='bbox 3641 3627 3752 3682; x_wconf 88' lang='grc' dir='ltr'>μοι,</span> 
     </span>
    </p>
   </div>
   <div class='ocr_carea' id='block_1_82' title="bbox 2179 3700 3751 3776">
    <p class='ocr_par' dir='ltr' id='par_1_82' title="bbox 2179 3700 3751 3776">
     <span class='ocr_line' id='line_1_82' title="bbox 2179 3700 3751 3776; baseline -0.001 -18"><span class='ocrx_word' id='word_1_590' title='bbox 2179 3706 2305 3775; x_wconf 74' lang='grc' dir='ltr'>περὶ</span> <span class='ocrx_word' id='word_1_591' title='bbox 2332 3702 2406 3758; x_wconf 83' lang='grc' dir='ltr'><strong>ὧν</strong></span> <span class='ocrx_word' id='word_1_592' title='bbox 2436 3707 2556 3758; x_wconf 69' lang='grc' dir='ltr'>τότε</span> <span class='ocrx_word' id='word_1_593' title='bbox 2586 3705 2854 3775; x_wconf 75' lang='grc' dir='ltr'>ἔγραψας,</span> <span class='ocrx_word' id='word_1_594' title='bbox 2902 3706 2997 3760; x_wconf 73' lang='grc' dir='ltr'>καὶ</span> <span class='ocrx_word' id='word_1_595' title='bbox 3024 3700 3100 3759; x_wconf 85' lang='grc' dir='ltr'><strong>ὧν</strong></span> <span class='ocrx_word' id='word_1_596' title='bbox 3125 3706 3264 3760; x_wconf 82' lang='grc' dir='ltr'><strong>κατά</strong></span> <span class='ocrx_word' id='word_1_597' title='bbox 3311 3705 3372 3758; x_wconf 80' lang='grc' dir='ltr'>τὸ</span> <span class='ocrx_word' id='word_1_598' title='bbox 3403 3705 3590 3776; x_wconf 77' lang='grc' dir='ltr'>παρὸν</span> <span class='ocrx_word' id='word_1_599' title='bbox 3628 3705 3751 3776; x_wconf 73' lang='grc' dir='ltr'><strong>ἐζή-</strong></span> 
     </span>
    </p>
   </div>
   <div class='ocr_carea' id='block_1_83' title="bbox 2177 3792 3752 3870">
    <p class='ocr_par' dir='ltr' id='par_1_83' title="bbox 2177 3792 3752 3870">
     <span class='ocr_line' id='line_1_83' title="bbox 2177 3792 3752 3870; baseline 0 -18"><span class='ocrx_word' id='word_1_600' title='bbox 2177 3815 2349 3869; x_wconf 84' lang='grc' dir='ltr'>τησας</span> <span class='ocrx_word' id='word_1_601' title='bbox 2415 3801 2506 3852; x_wconf 76' lang='grc' dir='ltr'>καὶ</span> <span class='ocrx_word' id='word_1_602' title='bbox 2552 3799 2866 3868; x_wconf 75' lang='grc' dir='ltr'>ἠρώτησας.</span> <span class='ocrx_word' id='word_1_603' title='bbox 2918 3796 3108 3852; x_wconf 85' lang='grc' dir='ltr'><strong>Ταῦτὰ</strong></span> <span class='ocrx_word' id='word_1_604' title='bbox 3161 3814 3258 3851; x_wconf 88' lang='grc' dir='ltr'>σου</span> <span class='ocrx_word' id='word_1_605' title='bbox 3312 3798 3381 3853; x_wconf 82' lang='grc' dir='ltr'><strong>τὰ</strong></span> <span class='ocrx_word' id='word_1_606' title='bbox 3432 3800 3679 3870; x_wconf 78' lang='grc' dir='ltr'>ῥήματα,</span> <span class='ocrx_word' id='word_1_607' title='bbox 3710 3792 3752 3852; x_wconf 81' lang='grc' dir='ltr'>ὦ</span> 
     </span>
    </p>
   </div>
   <div class='ocr_carea' id='block_1_84' title="bbox 2178 3889 3756 3962">
    <p class='ocr_par' dir='ltr' id='par_1_84' title="bbox 2178 3889 3756 3962">
     <span class='ocr_line' id='line_1_84' title="bbox 2178 3889 3756 3962; baseline -0.001 -18"><span class='ocrx_word' id='word_1_608' title='bbox 2178 3889 2310 3944; x_wconf 81' lang='grc' dir='ltr'>καλὲ</span> <span class='ocrx_word' id='word_1_609' title='bbox 2362 3889 2658 3960; x_wconf 69' lang='grc' dir='ltr'>Σαμψατὴν</span> <span class='ocrx_word' id='word_1_610' title='bbox 2683 3932 2699 3956; x_wconf 93' lang='grc'><strong>,</strong></span> <span class='ocrx_word' id='word_1_611' title='bbox 2734 3889 2846 3958; x_wconf 74' lang='grc' dir='ltr'><strong>ἐγὼ</strong></span> <span class='ocrx_word' id='word_1_612' title='bbox 2873 3890 2930 3944; x_wconf 75' lang='grc' dir='ltr'>δὲ</span> <span class='ocrx_word' id='word_1_613' title='bbox 2972 3891 3029 3944; x_wconf 81' lang='grc' dir='ltr'><strong>τί</strong></span> <span class='ocrx_word' id='word_1_614' title='bbox 3063 3891 3240 3962; x_wconf 78' lang='grc' dir='ltr'>μέλλω</span> <span class='ocrx_word' id='word_1_615' title='bbox 3290 3891 3466 3944; x_wconf 72' lang='grc' dir='ltr'>εἰπεῖν</span> <span class='ocrx_word' id='word_1_616' title='bbox 3515 3893 3610 3946; x_wconf 72' lang='grc' dir='ltr'>καὶ</span> <span class='ocrx_word' id='word_1_617' title='bbox 3663 3893 3756 3944; x_wconf 80' lang='grc' dir='ltr'>λα-</span> 
     </span>
    </p>
   </div>
   <div class='ocr_carea' id='block_1_85' title="bbox 2177 3979 3756 4053">
    <p class='ocr_par' dir='ltr' id='par_1_85' title="bbox 2177 3979 3756 4053">
     <span class='ocr_line' id='line_1_85' title="bbox 2177 3979 3756 4053; baseline -0.001 -18"><span class='ocrx_word' id='word_1_618' title='bbox 2177 3983 2358 4052; x_wconf 79' lang='grc' dir='ltr'>λῆσαι,</span> <span class='ocrx_word' id='word_1_619' title='bbox 2390 3982 2482 4035; x_wconf 87' lang='grc' dir='ltr'><strong>καὶ</strong></span> <span class='ocrx_word' id='word_1_620' title='bbox 2515 3981 2682 4035; x_wconf 78' lang='grc' dir='ltr'>πόθεν</span> <span class='ocrx_word' id='word_1_621' title='bbox 2724 3981 3018 4051; x_wconf 78' lang='grc' dir='ltr'>ἄρξασθαι,</span> <span class='ocrx_word' id='word_1_622' title='bbox 3066 3983 3129 4034; x_wconf 84' lang='grc' dir='ltr'>οὐ</span> <span class='ocrx_word' id='word_1_623' title='bbox 3174 3982 3454 4050; x_wconf 85' lang='grc' dir='ltr'><strong>γινώσκω,</strong></span> <span class='ocrx_word' id='word_1_624' title='bbox 3491 3979 3756 4053; x_wconf 75' lang='grc' dir='ltr'>ἐνθυμού-</span> 
     </span>
    </p>
   </div>
   <div class='ocr_carea' id='block_1_86' title="bbox 2182 4072 3755 4146">
    <p class='ocr_par' dir='ltr' id='par_1_86' title="bbox 2182 4072 3755 4146">
     <span class='ocr_line' id='line_1_86' title="bbox 2182 4072 3755 4146; baseline -0.001 -19"><span class='ocrx_word' id='word_1_625' title='bbox 2182 4091 2341 4146; x_wconf 77' lang='grc' dir='ltr'>μενος</span> <span class='ocrx_word' id='word_1_626' title='bbox 2364 4074 2577 4126; x_wconf 78' lang='grc' dir='ltr'>τὸ“τῶν</span> <span class='ocrx_word' id='word_1_627' title='bbox 2637 4072 3088 4143; x_wconf 78' lang='grc' dir='ltr'>ὀφθαλμιώντων,</span> <span class='ocrx_word' id='word_1_628' title='bbox 3128 4075 3200 4145; x_wconf 79' lang='grc' dir='ltr'>μή</span> <span class='ocrx_word' id='word_1_629' title='bbox 3240 4091 3369 4128; x_wconf 76' lang='grc' dir='ltr'>ποτε</span> <span class='ocrx_word' id='word_1_630' title='bbox 3427 4074 3526 4128; x_wconf 73' lang='grc' dir='ltr'>καὶ</span> <span class='ocrx_word' id='word_1_631' title='bbox 3570 4074 3628 4128; x_wconf 82' lang='grc' dir='ltr'><strong>ὲν</strong></span> <span class='ocrx_word' id='word_1_632' title='bbox 3672 4073 3755 4127; x_wconf 74' lang='grc' dir='ltr'><strong>σοὶ</strong></span> 
     </span>
    </p>
   </div>
   <div class='ocr_carea' id='block_1_87' title="bbox 2180 4166 3753 4238">
    <p class='ocr_par' dir='ltr' id='par_1_87' title="bbox 2180 4166 3753 4238">
     <span class='ocr_line' id='line_1_87' title="bbox 2180 4166 3753 4238; baseline -0.001 -18"><span class='ocrx_word' id='word_1_633' title='bbox 2180 4169 2424 4237; x_wconf 83' lang='grc' dir='ltr'>γένηται,</span> <span class='ocrx_word' id='word_1_634' title='bbox 2463 4168 2662 4219; x_wconf 75' lang='grc' dir='ltr'>ἐκεῖνοι</span> <span class='ocrx_word' id='word_1_635' title='bbox 2709 4166 2818 4237; x_wconf 75' lang='grc' dir='ltr'><strong>γὰρ</strong></span> <span class='ocrx_word' id='word_1_636' title='bbox 2863 4167 3114 4230; x_wconf 78' lang='grc' dir='ltr'><strong>ἀσθενεῖς</strong></span> <span class='ocrx_word' id='word_1_637' title='bbox 3183 4168 3405 4238; x_wconf 80' lang='grc' dir='ltr'>ἔχοντας</span> <span class='ocrx_word' id='word_1_638' title='bbox 3430 4169 3533 4231; x_wconf 82' lang='grc' dir='ltr'>τὰς</span> <span class='ocrx_word' id='word_1_639' title='bbox 3586 4167 3753 4237; x_wconf 60' lang='lat' dir='ltr'><strong>bii/etc,</strong></span> 
     </span>
    </p>
   </div>
   <div class='ocr_carea' id='block_1_88' title="bbox 2181 4258 3755 4331">
    <p class='ocr_par' dir='ltr' id='par_1_88' title="bbox 2181 4258 3755 4331">
     <span class='ocr_line' id='line_1_88' title="bbox 2181 4258 3755 4331; baseline 0 -21"><span class='ocrx_word' id='word_1_640' title='bbox 2181 4261 2241 4311; x_wconf 74' lang='grc' dir='ltr'>τὸ</span> <span class='ocrx_word' id='word_1_641' title='bbox 2265 4258 2358 4311; x_wconf 86' lang='grc' dir='ltr'>τοῦ</span> <span class='ocrx_word' id='word_1_642' title='bbox 2395 4258 2545 4328; x_wconf 82' lang='grc' dir='ltr'>ἡλίου</span> <span class='ocrx_word' id='word_1_643' title='bbox 2580 4261 2696 4326; x_wconf 80' lang='grc' dir='ltr'>φῶς</span> <span class='ocrx_word' id='word_1_644' title='bbox 2745 4259 3209 4329; x_wconf 80' lang='grc' dir='ltr'>ἀποστρέφονται,</span> <span class='ocrx_word' id='word_1_645' title='bbox 3246 4260 3344 4312; x_wconf 71' lang='grc' dir='ltr'>καὶ</span> <span class='ocrx_word' id='word_1_646' title='bbox 3374 4260 3432 4311; x_wconf 73' lang='grc' dir='ltr'>εν</span> <span class='ocrx_word' id='word_1_647' title='bbox 3463 4259 3546 4331; x_wconf 81' lang='grc' dir='ltr'>τῷ</span> <span class='ocrx_word' id='word_1_648' title='bbox 3578 4259 3755 4312; x_wconf 79' lang='grc' dir='ltr'>σκότει</span> 
     </span>
    </p>
   </div>
   <div class='ocr_carea' id='block_1_89' title="bbox 2185 4343 3757 4418">
    <p class='ocr_par' dir='ltr' id='par_1_89' title="bbox 2185 4343 3757 4418">
     <span class='ocr_line' id='line_1_89' title="bbox 2185 4343 3757 4418; baseline 0.001 -21"><span class='ocrx_word' id='word_1_649' title='bbox 2185 4347 2381 4418; x_wconf 77' lang='grc' dir='ltr'>μᾶλλον</span> <span class='ocrx_word' id='word_1_650' title='bbox 2405 4345 2796 4401; x_wconf 82' lang='grc' dir='ltr'>ἀναπαύονται.</span> <span class='ocrx_word' id='word_1_651' title='bbox 2832 4344 2989 4399; x_wconf 73' lang='grc' dir='ltr'>Οὕτω</span> <span class='ocrx_word' id='word_1_652' title='bbox 3048 4347 3141 4400; x_wconf 80' lang='grc' dir='ltr'>καὶ</span> <span class='ocrx_word' id='word_1_653' title='bbox 3189 4347 3253 4400; x_wconf 76' lang='grc' dir='ltr'>σὺ</span> <span class='ocrx_word' id='word_1_654' title='bbox 3304 4347 3463 4410; x_wconf 80' lang='grc' dir='ltr'>αὐτὸς</span> <span class='ocrx_word' id='word_1_655' title='bbox 3501 4343 3757 4416; x_wconf 66' lang='grc' dir='ltr'>ἀληθείας</span> 
     </span>
    </p>
   </div>
   <div class='ocr_carea' id='block_1_90' title="bbox 509 4426 2064 4510">
    <p class='ocr_par' dir='ltr' id='par_1_90' title="bbox 509 4426 2064 4501">
     <span class='ocr_line' id='line_1_90' title="bbox 509 4426 2064 4501; baseline -0.003 -15"><span class='ocrx_word' id='word_1_656' title='bbox 509 4431 656 4501; x_wconf 86' lang='lat' dir='ltr'><strong>quod</strong></span> <span class='ocrx_word' id='word_1_657' title='bbox 690 4431 773 4484; x_wconf 82' lang='lat' dir='ltr'><strong>his</strong></span> <span class='ocrx_word' id='word_1_658' title='bbox 802 4428 892 4493; x_wconf 86' lang='lat' dir='ltr'><strong>qui</strong></span> <span class='ocrx_word' id='word_1_659' title='bbox 945 4427 1118 4484; x_wconf 86' lang='lat' dir='ltr'><strong>oculis</strong></span> <span class='ocrx_word' id='word_1_660' title='bbox 1149 4429 1428 4495; x_wconf 77' lang='lat' dir='ltr'><strong>laborant,</strong></span> <span class='ocrx_word' id='word_1_661' title='bbox 1469 4429 1783 4498; x_wconf 79' lang='lat' dir='ltr'><strong>contigerit.</strong></span> <span class='ocrx_word' id='word_1_662' title='bbox 1829 4426 1894 4482; x_wconf 77' lang='lat' dir='ltr'><strong>lli</strong></span> <span class='ocrx_word' id='word_1_663' title='bbox 1935 4428 2064 4482; x_wconf 81' lang='lat' dir='ltr'><strong>enin</strong></span> 
     </span>
    </p>
   </div>
   <div class='ocr_carea' id='block_1_91' title="bbox 2166 4426 3759 4510">
    <p class='ocr_par' dir='ltr' id='par_1_91' title="bbox 2183 4426 3759 4510">
     <span class='ocr_line' id='line_1_91' title="bbox 2183 4426 3759 4510; baseline 0 -17"><span class='ocrx_word' id='word_1_664' title='bbox 2183 4439 2420 4500; x_wconf 75' lang='grc' dir='ltr'>ἀκούσας</span> <span class='ocrx_word' id='word_1_665' title='bbox 2457 4439 2680 4507; x_wconf 78' lang='grc' dir='ltr'>ῥήματα</span> <span class='ocrx_word' id='word_1_666' title='bbox 2721 4440 2811 4491; x_wconf 66' lang='grc' dir='ltr'>καὶ</span> <span class='ocrx_word' id='word_1_667' title='bbox 2844 4426 3218 4510; x_wconf 83' lang='grc' dir='ltr'><strong>δικαιοσύνης,</strong></span> <span class='ocrx_word' id='word_1_668' title='bbox 3245 4439 3345 4509; x_wconf 78' lang='grc' dir='ltr'><strong>τὴν</strong></span> <span class='ocrx_word' id='word_1_669' title='bbox 3378 4439 3476 4509; x_wconf 77' lang='grc' dir='ltr'>μὲν</span> <span class='ocrx_word' id='word_1_670' title='bbox 3500 4438 3759 4509; x_wconf 80' lang='grc' dir='ltr'>ἀλήθειαν</span> 
     </span>
    </p>
   </div>
   <div class='ocr_carea' id='block_1_92' title="bbox 510 4518 2064 4602">
    <p class='ocr_par' dir='ltr' id='par_1_92' title="bbox 510 4518 2064 4595">
     <span class='ocr_line' id='line_1_92' title="bbox 510 4518 2064 4595; baseline -0.002 -19"><span class='ocrx_word' id='word_1_671' title='bbox 510 4538 633 4576; x_wconf 90' lang='lat' dir='ltr'><strong>cum</strong></span> <span class='ocrx_word' id='word_1_672' title='bbox 683 4520 830 4574; x_wconf 87' lang='lat' dir='ltr'><strong>visus</strong></span> <span class='ocrx_word' id='word_1_673' title='bbox 855 4520 967 4574; x_wconf 90' lang='lat' dir='ltr'><strong>sint</strong></span> <span class='ocrx_word' id='word_1_674' title='bbox 1013 4519 1413 4595; x_wconf 84' lang='lat' dir='ltr'><strong>imbecillioris,</strong></span> <span class='ocrx_word' id='word_1_675' title='bbox 1461 4518 1593 4574; x_wconf 80' lang='lat' dir='ltr'><strong>solis</strong></span> <span class='ocrx_word' id='word_1_676' title='bbox 1632 4518 1817 4573; x_wconf 89' lang='lat' dir='ltr'><strong>radios</strong></span> <span class='ocrx_word' id='word_1_677' title='bbox 1866 4518 2064 4573; x_wconf 30' lang='lat' dir='ltr'><strong>lumen!</strong></span> 
     </span>
    </p>
   </div>
   <div class='ocr_carea' id='block_1_93' title="bbox 2166 4518 3756 4602">
    <p class='ocr_par' dir='ltr' id='par_1_93' title="bbox 2188 4529 3756 4602">
     <span class='ocr_line' id='line_1_93' title="bbox 2188 4529 3756 4602; baseline -0.003 -16"><span class='ocrx_word' id='word_1_678' title='bbox 2188 4534 2600 4602; x_wconf 83' lang='grc' dir='ltr'>ἀποστραφῆναι</span> <span class='ocrx_word' id='word_1_679' title='bbox 2663 4531 2899 4600; x_wconf 82' lang='grc' dir='ltr'>μέλλεις,</span> <span class='ocrx_word' id='word_1_680' title='bbox 2934 4532 3031 4585; x_wconf 70' lang='grc' dir='ltr'>καὶ</span> <span class='ocrx_word' id='word_1_681' title='bbox 3098 4531 3158 4587; x_wconf 85' lang='grc' dir='ltr'>τὺ</span> <span class='ocrx_word' id='word_1_682' title='bbox 3209 4530 3324 4600; x_wconf 82' lang='grc' dir='ltr'><strong>φῶς</strong></span> <span class='ocrx_word' id='word_1_683' title='bbox 3367 4533 3467 4601; x_wconf 82' lang='grc' dir='ltr'><strong>τῆς</strong></span> <span class='ocrx_word' id='word_1_684' title='bbox 3501 4529 3756 4602; x_wconf 80' lang='grc' dir='ltr'>ἀληθείας</span> 
     </span>
    </p>
   </div>
   <div class='ocr_carea' id='block_1_94' title="bbox 511 4608 2064 4692">
    <p class='ocr_par' dir='ltr' id='par_1_94' title="bbox 511 4609 2064 4686">
     <span class='ocr_line' id='line_1_94' title="bbox 511 4609 2064 4686; baseline -0.005 -15"><span class='ocrx_word' id='word_1_685' title='bbox 511 4632 620 4686; x_wconf 81' lang='lat' dir='ltr'><strong>que</strong></span> <span class='ocrx_word' id='word_1_686' title='bbox 672 4623 1017 4679; x_wconf 87' lang='lat' dir='ltr'><strong>aversantur,</strong></span> <span class='ocrx_word' id='word_1_687' title='bbox 1071 4622 1128 4668; x_wconf 93' lang='lat' dir='ltr'><strong>et</strong></span> <span class='ocrx_word' id='word_1_688' title='bbox 1182 4613 1236 4667; x_wconf 90' lang='lat' dir='ltr'><strong>in</strong></span> <span class='ocrx_word' id='word_1_689' title='bbox 1293 4609 1539 4685; x_wconf 84' lang='lat' dir='ltr'><strong>tenebris</strong></span> <span class='ocrx_word' id='word_1_690' title='bbox 1597 4611 1784 4681; x_wconf 89' lang='lat' dir='ltr'><strong>potius</strong></span> <span class='ocrx_word' id='word_1_691' title='bbox 1831 4609 2064 4665; x_wconf 72' lang='lat' dir='ltr'><strong>desidert</strong></span> 
     </span>
    </p>
   </div>
   <div class='ocr_carea' id='block_1_95' title="bbox 2166 4608 3758 4692">
    <p class='ocr_par' dir='ltr' id='par_1_95' title="bbox 2187 4608 3758 4692">
     <span class='ocr_line' id='line_1_95' title="bbox 2187 4608 3758 4692; baseline 0 -19"><span class='ocrx_word' id='word_1_692' title='bbox 2187 4622 2434 4691; x_wconf 84' lang='grc' dir='ltr'><strong>μισῆσαι,</strong></span> <span class='ocrx_word' id='word_1_693' title='bbox 2471 4613 2566 4673; x_wconf 65' lang='grc' dir='ltr'><strong>καὶ</strong></span> <span class='ocrx_word' id='word_1_694' title='bbox 2622 4621 2714 4673; x_wconf 67' lang='grc' dir='ltr'><strong>ἐπὶ</strong></span> <span class='ocrx_word' id='word_1_695' title='bbox 2769 4621 2831 4672; x_wconf 78' lang='grc' dir='ltr'>τὸ</span> <span class='ocrx_word' id='word_1_696' title='bbox 2868 4621 3094 4688; x_wconf 81' lang='grc' dir='ltr'>μάταιον</span> <span class='ocrx_word' id='word_1_697' title='bbox 3145 4608 3354 4682; x_wconf 68' lang='grc' dir='ltr'>σκότος’,</span> <span class='ocrx_word' id='word_1_698' title='bbox 3399 4622 3457 4672; x_wconf 82' lang='grc' dir='ltr'><strong>ὲν</strong></span> <span class='ocrx_word' id='word_1_699' title='bbox 3503 4613 3548 4688; x_wconf 78' lang='grc' dir='ltr'>ᾧ</span> <span class='ocrx_word' id='word_1_700' title='bbox 3611 4619 3758 4692; x_wconf 80' lang='grc' dir='ltr'>εὑρί-</span> 
     </span>
    </p>
   </div>
   <div class='ocr_carea' id='block_1_96' title="bbox 512 4704 2064 4787">
    <p class='ocr_par' dir='ltr' id='par_1_96' title="bbox 512 4704 2064 4781">
     <span class='ocr_line' id='line_1_96' title="bbox 512 4704 2064 4781; baseline -0.005 -17"><span class='ocrx_word' id='word_1_701' title='bbox 512 4710 772 4781; x_wconf 76' lang='lat' dir='ltr'><strong>gaudent.</strong></span> <span class='ocrx_word' id='word_1_702' title='bbox 819 4710 895 4763; x_wconf 91' lang='lat' dir='ltr'><strong>Ita</strong></span> <span class='ocrx_word' id='word_1_703' title='bbox 929 4708 1097 4763; x_wconf 88' lang='lat' dir='ltr'><strong>etiam</strong></span> <span class='ocrx_word' id='word_1_704' title='bbox 1131 4706 1230 4761; x_wconf 91' lang='lat' dir='ltr'><strong>tibi</strong></span> <span class='ocrx_word' id='word_1_705' title='bbox 1267 4706 1512 4761; x_wconf 81' lang='lat' dir='ltr'><strong>veritatis</strong></span> <span class='ocrx_word' id='word_1_706' title='bbox 1556 4715 1613 4760; x_wconf 91' lang='lat' dir='ltr'><strong>et</strong></span> <span class='ocrx_word' id='word_1_707' title='bbox 1653 4704 1880 4775; x_wconf 72' lang='lat' dir='ltr'><strong>iustitia:</strong></span> <span class='ocrx_word' id='word_1_708' title='bbox 1919 4704 2064 4759; x_wconf 78' lang='lat' dir='ltr'><strong>verb:</strong></span> 
     </span>
    </p>
   </div>
   <div class='ocr_carea' id='block_1_97' title="bbox 2166 4704 3754 4787">
    <p class='ocr_par' dir='ltr' id='par_1_97' title="bbox 2187 4712 3754 4787">
     <span class='ocr_line' id='line_1_97' title="bbox 2187 4712 3754 4787; baseline -0.001 -22"><span class='ocrx_word' id='word_1_709' title='bbox 2187 4728 2294 4784; x_wconf 81' lang='grc' dir='ltr'><strong>σκῃ</strong></span> <span class='ocrx_word' id='word_1_710' title='bbox 2359 4712 2456 4768; x_wconf 89' lang='grc' dir='ltr'>νῦν</span> <span class='ocrx_word' id='word_1_711' title='bbox 2509 4713 2965 4787; x_wconf 82' lang='grc' dir='ltr'>ὲπαναπαυθῆναι</span> <span class='ocrx_word' id='word_1_712' title='bbox 3023 4714 3246 4782; x_wconf 75' lang='grc' dir='ltr'>μᾶλλον,</span> <span class='ocrx_word' id='word_1_713' title='bbox 3291 4713 3481 4786; x_wconf 83' lang='grc' dir='ltr'>ὥσπερ</span> <span class='ocrx_word' id='word_1_714' title='bbox 3540 4716 3754 4776; x_wconf 75' lang='grc' dir='ltr'>ἐκεῖνοι,</span> 
     </span>
    </p>
   </div>
   <div class='ocr_carea' id='block_1_98' title="bbox 511 4797 2064 4875">
    <p class='ocr_par' dir='ltr' id='par_1_98' title="bbox 511 4797 2063 4871">
     <span class='ocr_line' id='line_1_98' title="bbox 511 4797 2063 4871; baseline -0.005 -13"><span class='ocrx_word' id='word_1_715' title='bbox 511 4804 757 4859; x_wconf 87' lang='lat' dir='ltr'><strong>audienti</strong></span> <span class='ocrx_word' id='word_1_716' title='bbox 803 4803 1090 4871; x_wconf 83' lang='lat' dir='ltr'><strong>contingit.</strong></span> <span class='ocrx_word' id='word_1_717' title='bbox 1146 4801 1448 4855; x_wconf 83' lang='lat' dir='ltr'><strong>Veritatem</strong></span> <span class='ocrx_word' id='word_1_718' title='bbox 1505 4800 1653 4855; x_wconf 89' lang='lat' dir='ltr'><strong>enim</strong></span> <span class='ocrx_word' id='word_1_719' title='bbox 1722 4797 2063 4853; x_wconf 85' lang='lat' dir='ltr'><strong>aversaberis</strong></span> 
     </span>
    </p>
   </div>
   <div class='ocr_carea' id='block_1_99' title="bbox 2166 4797 3758 4875">
    <p class='ocr_par' dir='ltr' id='par_1_99' title="bbox 2187 4797 3758 4875">
     <span class='ocr_line' id='line_1_99' title="bbox 2187 4797 3758 4875; baseline -0.003 -15"><span class='ocrx_word' id='word_1_720' title='bbox 2187 4797 2324 4875; x_wconf 76' lang='grc' dir='ltr'>ὅπερ</span> <span class='ocrx_word' id='word_1_721' title='bbox 2370 4803 2707 4875; x_wconf 79' lang='grc' dir='ltr'><strong>ἀπεύχομαι.</strong></span> <span class='ocrx_word' id='word_1_722' title='bbox 2761 4804 2953 4874; x_wconf 83' lang='grc' dir='ltr'>Ὅμως</span> <span class='ocrx_word' id='word_1_723' title='bbox 3010 4803 3297 4874; x_wconf 75' lang='grc' dir='ltr'>θαρρήσας</span> <span class='ocrx_word' id='word_1_724' title='bbox 3337 4806 3416 4867; x_wconf 83' lang='grc' dir='ltr'><strong>είς</strong></span> <span class='ocrx_word' id='word_1_725' title='bbox 3475 4803 3573 4875; x_wconf 74' lang='grc' dir='ltr'><strong>τὴν</strong></span> <span class='ocrx_word' id='word_1_726' title='bbox 3603 4820 3758 4874; x_wconf 77' lang='grc' dir='ltr'>φυσι-</span> 
     </span>
    </p>
   </div>
   <div class='ocr_carea' id='block_1_100' title="bbox 513 4879 2064 4971">
    <p class='ocr_par' dir='ltr' id='par_1_100' title="bbox 513 4887 2064 4964">
     <span class='ocr_line' id='line_1_100' title="bbox 513 4887 2064 4964; baseline -0.005 -16"><span class='ocrx_word' id='word_1_727' title='bbox 513 4897 753 4964; x_wconf 86' lang='lat' dir='ltr'><strong>odioqne</strong></span> <span class='ocrx_word' id='word_1_728' title='bbox 800 4892 1050 4959; x_wconf 86' lang='lat' dir='ltr'><strong>habebis,</strong></span> <span class='ocrx_word' id='word_1_729' title='bbox 1091 4893 1264 4946; x_wconf 90' lang='lat' dir='ltr'><strong>multo</strong></span> <span class='ocrx_word' id='word_1_730' title='bbox 1296 4891 1480 4961; x_wconf 88' lang='lat' dir='ltr'><strong>potius</strong></span> <span class='ocrx_word' id='word_1_731' title='bbox 1535 4889 1763 4959; x_wconf 86' lang='lat' dir='ltr'><strong>cupiens</strong></span> <span class='ocrx_word' id='word_1_732' title='bbox 1821 4891 1879 4943; x_wconf 87' lang='lat' dir='ltr'><strong>in</strong></span> <span class='ocrx_word' id='word_1_733' title='bbox 1936 4887 2064 4941; x_wconf 77' lang='lat' dir='ltr'><strong>vani</strong></span> 
     </span>
    </p>
   </div>
   <div class='ocr_carea' id='block_1_101' title="bbox 2166 4879 3758 4971">
    <p class='ocr_par' dir='ltr' id='par_1_101' title="bbox 2190 4879 3758 4971">
     <span class='ocr_line' id='line_1_101' title="bbox 2190 4879 3758 4971; baseline -0.001 -19"><span class='ocrx_word' id='word_1_734' title='bbox 2190 4879 2293 4968; x_wconf 79' lang='grc' dir='ltr'>κὴν</span> <span class='ocrx_word' id='word_1_735' title='bbox 2333 4898 2535 4966; x_wconf 85' lang='grc' dir='ltr'>γνῶσιν</span> <span class='ocrx_word' id='word_1_736' title='bbox 2573 4898 2640 4971; x_wconf 81' lang='grc' dir='ltr'><strong>ἣν</strong></span> <span class='ocrx_word' id='word_1_737' title='bbox 2666 4897 2818 4967; x_wconf 84' lang='grc' dir='ltr'><strong>παρά</strong></span> <span class='ocrx_word' id='word_1_738' title='bbox 2849 4898 2931 4950; x_wconf 72' lang='grc' dir='ltr'>σοι</span> <span class='ocrx_word' id='word_1_739' title='bbox 2964 4896 3094 4960; x_wconf 76' lang='grc' dir='ltr'>Θεὸς</span> <span class='ocrx_word' id='word_1_740' title='bbox 3121 4896 3456 4968; x_wconf 76' lang='grc' dir='ltr'>ἐδωρήσατο,</span> <span class='ocrx_word' id='word_1_741' title='bbox 3504 4897 3640 4951; x_wconf 76' lang='grc' dir='ltr'>ἀλλὰ</span> <span class='ocrx_word' id='word_1_742' title='bbox 3696 4895 3758 4968; x_wconf 75' lang='grc' dir='ltr'>δὴ</span> 
     </span>
    </p>
   </div>
   <div class='ocr_carea' id='block_1_102' title="bbox 515 4977 2064 5064">
    <p class='ocr_par' dir='ltr' id='par_1_102' title="bbox 515 4977 2064 5053">
     <span class='ocr_line' id='line_1_102' title="bbox 515 4977 2064 5053; baseline -0.005 -14"><span class='ocrx_word' id='word_1_743' title='bbox 515 4986 621 5049; x_wconf 88' lang='lat' dir='ltr'><strong>his,</strong></span> <span class='ocrx_word' id='word_1_744' title='bbox 652 4983 854 5053; x_wconf 84' lang='lat' dir='ltr'><strong>quibus</strong></span> <span class='ocrx_word' id='word_1_745' title='bbox 890 4998 1039 5037; x_wconf 90' lang='lat' dir='ltr'><strong>nunc</strong></span> <span class='ocrx_word' id='word_1_746' title='bbox 1080 4983 1374 5037; x_wconf 88' lang='lat' dir='ltr'><strong>immersus</strong></span> <span class='ocrx_word' id='word_1_747' title='bbox 1398 4997 1482 5045; x_wconf 86' lang='lat' dir='ltr'><strong>es,</strong></span> <span class='ocrx_word' id='word_1_748' title='bbox 1534 4979 1777 5036; x_wconf 86' lang='lat' dir='ltr'><strong>tenebris</strong></span> <span class='ocrx_word' id='word_1_749' title='bbox 1815 4977 2064 5032; x_wconf 88' lang='lat' dir='ltr'><strong>desidere</strong></span> 
     </span>
    </p>
   </div>
   <div class='ocr_carea' id='block_1_103' title="bbox 2166 4977 3756 5064">
    <p class='ocr_par' dir='ltr' id='par_1_103' title="bbox 2195 4987 3756 5064">
     <span class='ocr_line' id='line_1_103' title="bbox 2195 4987 3756 5064; baseline -0.003 -17"><span class='ocrx_word' id='word_1_750' title='bbox 2195 4995 2288 5046; x_wconf 80' lang='grc' dir='ltr'>καὶ</span> <span class='ocrx_word' id='word_1_751' title='bbox 2322 4994 2400 5056; x_wconf 84' lang='grc' dir='ltr'><strong>εἰς</strong></span> <span class='ocrx_word' id='word_1_752' title='bbox 2440 5003 2540 5064; x_wconf 75' lang='grc' dir='ltr'><strong>την</strong></span> <span class='ocrx_word' id='word_1_753' title='bbox 2571 4989 2810 5062; x_wconf 82' lang='grc' dir='ltr'>μάθησιν</span> <span class='ocrx_word' id='word_1_754' title='bbox 2851 4992 2948 5044; x_wconf 75' lang='grc' dir='ltr'>καὶ</span> <span class='ocrx_word' id='word_1_755' title='bbox 2996 4989 3279 5043; x_wconf 77' lang='grc' dir='ltr'>παίδευσιν</span> <span class='ocrx_word' id='word_1_756' title='bbox 3328 4991 3396 5061; x_wconf 73' lang='grc' dir='ltr'><strong>ἣν</strong></span> <span class='ocrx_word' id='word_1_757' title='bbox 3457 4987 3756 5061; x_wconf 69' lang='grc' dir='ltr'>ἐδιδάχθης,</span> 
     </span>
    </p>
   </div>
   <div class='ocr_carea' id='block_1_104' title="bbox 512 5069 2064 5152">
    <p class='ocr_par' dir='ltr' id='par_1_104' title="bbox 512 5069 2064 5151">
     <span class='ocr_line' id='line_1_104' title="bbox 512 5069 2064 5151; baseline -0.005 -21"><span class='ocrx_word' id='word_1_758' title='bbox 512 5074 657 5130; x_wconf 83' lang='lat' dir='ltr'><strong>sicut</strong></span> <span class='ocrx_word' id='word_1_759' title='bbox 685 5083 742 5127; x_wconf 86' lang='lat' dir='ltr'><strong>et</strong></span> <span class='ocrx_word' id='word_1_760' title='bbox 767 5073 858 5126; x_wconf 78' lang='lat' dir='ltr'><strong>‘illi</strong></span> <span class='ocrx_word' id='word_1_761' title='bbox 883 5071 951 5126; x_wconf 90' lang='lat' dir='ltr'><strong>de</strong></span> <span class='ocrx_word' id='word_1_762' title='bbox 985 5071 1189 5140; x_wconf 89' lang='lat' dir='ltr'><strong>quibus</strong></span> <span class='ocrx_word' id='word_1_763' title='bbox 1220 5072 1382 5126; x_wconf 87' lang='lat' dir='ltr'><strong>modo</strong></span> <span class='ocrx_word' id='word_1_764' title='bbox 1411 5070 1673 5126; x_wconf 82' lang='lat' dir='ltr'><strong>diximus.</strong></span> <span class='ocrx_word' id='word_1_765' title='bbox 1706 5069 1863 5151; x_wconf 78' lang='lat' dir='ltr'><strong>Quod</strong></span> <span class='ocrx_word' id='word_1_766' title='bbox 1910 5078 2064 5124; x_wconf 89' lang='lat' dir='ltr'><strong>tamet</strong></span> 
     </span>
    </p>
   </div>
   <div class='ocr_carea' id='block_1_105' title="bbox 2166 5069 3760 5152">
    <p class='ocr_par' dir='ltr' id='par_1_105' title="bbox 2194 5074 3760 5152">
     <span class='ocr_line' id='line_1_105' title="bbox 2194 5074 3760 5152; baseline -0.002 -17"><span class='ocrx_word' id='word_1_767' title='bbox 2194 5081 2276 5136; x_wconf 83' lang='grc' dir='ltr'><strong>ετι</strong></span> <span class='ocrx_word' id='word_1_768' title='bbox 2305 5083 2363 5134; x_wconf 83' lang='grc' dir='ltr'>δὲ</span> <span class='ocrx_word' id='word_1_769' title='bbox 2395 5082 2490 5135; x_wconf 67' lang='grc' dir='ltr'><strong>καὶ</strong></span> <span class='ocrx_word' id='word_1_770' title='bbox 2537 5081 2706 5152; x_wconf 77' lang='grc' dir='ltr'>ὀρθὴν</span> <span class='ocrx_word' id='word_1_771' title='bbox 2741 5082 2836 5136; x_wconf 80' lang='grc' dir='ltr'>καὶ</span> <span class='ocrx_word' id='word_1_772' title='bbox 2877 5080 3050 5152; x_wconf 80' lang='grc' dir='ltr'>καλὴν</span> <span class='ocrx_word' id='word_1_773' title='bbox 3120 5080 3444 5150; x_wconf 85' lang='grc' dir='ltr'>συνείδησιν,</span> <span class='ocrx_word' id='word_1_774' title='bbox 3502 5074 3760 5151; x_wconf 72' lang='grc' dir='ltr'><strong>ἦν’παρὰ</strong></span> 
     </span>
    </p>
   </div>
   <div class='ocr_carea' id='block_1_106' title="bbox 517 5159 2064 5242">
    <p class='ocr_par' dir='ltr' id='par_1_106' title="bbox 517 5159 2064 5231">
     <span class='ocr_line' id='line_1_106' title="bbox 517 5159 2064 5231; baseline -0.005 -11"><span class='ocrx_word' id='word_1_775' title='bbox 517 5180 585 5220; x_wconf 84' lang='lat' dir='ltr'><strong>ne</strong></span> <span class='ocrx_word' id='word_1_776' title='bbox 616 5163 728 5229; x_wconf 79' lang='lat' dir='ltr'><strong>ﬁat,</strong></span> <span class='ocrx_word' id='word_1_777' title='bbox 775 5165 1063 5231; x_wconf 78' lang='lat' dir='ltr'><strong>deprecor.</strong></span> <span class='ocrx_word' id='word_1_778' title='bbox 1137 5163 1532 5218; x_wconf 84' lang='lat' dir='ltr'><strong>Verumtamen</strong></span> <span class='ocrx_word' id='word_1_779' title='bbox 1583 5161 1770 5216; x_wconf 89' lang='lat' dir='ltr'><strong>innata</strong></span> <span class='ocrx_word' id='word_1_780' title='bbox 1826 5160 1922 5215; x_wconf 88' lang='lat' dir='ltr'><strong>illa</strong></span> <span class='ocrx_word' id='word_1_781' title='bbox 1971 5159 2064 5214; x_wconf 89' lang='lat' dir='ltr'><strong>tibi</strong></span> 
     </span>
    </p>
   </div>
   <div class='ocr_carea' id='block_1_107' title="bbox 2166 5159 3761 5242">
    <p class='ocr_par' dir='ltr' id='par_1_107' title="bbox 2197 5169 3761 5242">
     <span class='ocr_line' id='line_1_107' title="bbox 2197 5169 3761 5242; baseline -0.003 -15"><span class='ocrx_word' id='word_1_782' title='bbox 2197 5173 2407 5227; x_wconf 84' lang='grc' dir='ltr'>πολλῶν</span> <span class='ocrx_word' id='word_1_783' title='bbox 2470 5171 2616 5240; x_wconf 73' lang='grc' dir='ltr'><strong>ἔχειν</strong></span> <span class='ocrx_word' id='word_1_784' title='bbox 2668 5170 3131 5242; x_wconf 78' lang='grc' dir='ltr'>μεμαρτύρησαι,</span> <span class='ocrx_word' id='word_1_785' title='bbox 3187 5170 3349 5225; x_wconf 73' lang='grc' dir='ltr'>ἅτινα</span> <span class='ocrx_word' id='word_1_786' title='bbox 3389 5169 3654 5242; x_wconf 75' lang='grc' dir='ltr'>ὁδηγῆσαί</span> <span class='ocrx_word' id='word_1_787' title='bbox 3704 5185 3761 5222; x_wconf 88' lang='grc' dir='ltr'>σε</span> 
     </span>
    </p>
   </div>
   <div class='ocr_carea' id='block_1_108' title="bbox 519 5256 2064 5337">
    <p class='ocr_par' dir='ltr' id='par_1_108' title="bbox 519 5256 2062 5337">
     <span class='ocr_line' id='line_1_108' title="bbox 519 5256 2062 5337; baseline -0.004 -15"><span class='ocrx_word' id='word_1_788' title='bbox 519 5283 681 5337; x_wconf 90' lang='lat' dir='ltr'><strong>quam</strong></span> <span class='ocrx_word' id='word_1_789' title='bbox 724 5267 867 5320; x_wconf 86' lang='lat' dir='ltr'><strong>Deus</strong></span> <span class='ocrx_word' id='word_1_790' title='bbox 896 5263 1490 5335; x_wconf 85' lang='lat' dir='ltr'><strong>concessit,judicandi</strong></span> <span class='ocrx_word' id='word_1_791' title='bbox 1535 5256 2062 5334; x_wconf 32' lang='lat' dir='ltr'><strong>cognitionep&#39;disci</strong></span> 
     </span>
    </p>
   </div>
   <div class='ocr_carea' id='block_1_109' title="bbox 2166 5256 3763 5337">
    <p class='ocr_par' dir='ltr' id='par_1_109' title="bbox 2197 5259 3763 5333">
     <span class='ocr_line' id='line_1_109' title="bbox 2197 5259 3763 5333; baseline -0.003 -17"><span class='ocrx_word' id='word_1_792' title='bbox 2197 5263 2336 5333; x_wconf 82' lang='grc' dir='ltr'>πρὸς</span> <span class='ocrx_word' id='word_1_793' title='bbox 2362 5261 2454 5316; x_wconf 83' lang='grc' dir='ltr'><strong>τὸν</strong></span> <span class='ocrx_word' id='word_1_794' title='bbox 2475 5264 2575 5332; x_wconf 82' lang='grc' dir='ltr'><strong>τῆς</strong></span> <span class='ocrx_word' id='word_1_795' title='bbox 2604 5261 2857 5330; x_wconf 76' lang='grc' dir='ltr'>ἀληθείας</span> <span class='ocrx_word' id='word_1_796' title='bbox 2886 5261 3002 5314; x_wconf 74' lang='grc' dir='ltr'>ὁδὸν</span> <span class='ocrx_word' id='word_1_797' title='bbox 3037 5260 3119 5330; x_wconf 74' lang='grc' dir='ltr'><strong>(οὐ</strong></span> <span class='ocrx_word' id='word_1_798' title='bbox 3165 5260 3274 5330; x_wconf 79' lang='grc' dir='ltr'><strong>γὰρ</strong></span> <span class='ocrx_word' id='word_1_799' title='bbox 3317 5260 3428 5318; x_wconf 77' lang='grc' dir='ltr'><strong>τῶν</strong></span> <span class='ocrx_word' id='word_1_800' title='bbox 3478 5260 3684 5313; x_wconf 85' lang='grc' dir='ltr'>πολλῶν</span> <span class='ocrx_word' id='word_1_801' title='bbox 3730 5259 3763 5328; x_wconf 77' lang='grc' dir='ltr'><strong>ἡ</strong></span> 
     </span>
    </p>
   </div>
   <div class='ocr_carea' id='block_1_110' title="bbox 521 5347 2064 5440">
    <p class='ocr_par' dir='ltr' id='par_1_110' title="bbox 521 5361 2064 5440">
     <span class='ocr_line' id='line_1_110' title="bbox 521 5361 2064 5440; baseline -0.003 -20"><span class='ocrx_word' id='word_1_802' title='bbox 521 5369 684 5440; x_wconf 80' lang='lat' dir='ltr'><strong>plinis</strong></span> <span class='ocrx_word' id='word_1_803' title='bbox 713 5382 931 5436; x_wconf 83' lang='lat' dir='ltr'><strong>quoque</strong></span> <span class='ocrx_word' id='word_1_804' title='bbox 978 5376 1031 5422; x_wconf 90' lang='lat' dir='ltr'><strong>et</strong></span> <span class='ocrx_word' id='word_1_805' title='bbox 1083 5365 1428 5420; x_wconf 80' lang='lat' dir='ltr'><strong>institutione</strong></span> <span class='ocrx_word' id='word_1_806' title='bbox 1463 5364 1713 5428; x_wconf 88' lang='lat' dir='ltr'><strong>honesta,</strong></span> <span class='ocrx_word' id='word_1_807' title='bbox 1735 5379 1850 5434; x_wconf 81' lang='lat' dir='ltr'><strong>qua</strong></span> <span class='ocrx_word' id='word_1_808' title='bbox 1877 5361 2064 5418; x_wconf 87' lang='lat' dir='ltr'><strong>iusti-tu</strong></span> 
     </span>
    </p>
   </div>
   <div class='ocr_carea' id='block_1_111' title="bbox 2166 5347 3764 5440">
    <p class='ocr_par' dir='ltr' id='par_1_111' title="bbox 2201 5347 3764 5427">
     <span class='ocr_line' id='line_1_111' title="bbox 2201 5347 3764 5427; baseline -0.004 -18"><span class='ocrx_word' id='word_1_809' title='bbox 2201 5355 2422 5424; x_wconf 82' lang='grc' dir='ltr'>γνῶσις)</span> <span class='ocrx_word' id='word_1_810' title='bbox 2453 5356 2553 5426; x_wconf 74' lang='grc' dir='ltr'>ήδη</span> <span class='ocrx_word' id='word_1_811' title='bbox 2582 5357 2653 5419; x_wconf 76' lang='grc' dir='ltr'><strong>ὡς</strong></span> <span class='ocrx_word' id='word_1_812' title='bbox 2685 5357 2817 5427; x_wconf 80' lang='grc' dir='ltr'>ὁρᾷς</span> <span class='ocrx_word' id='word_1_813' title='bbox 2869 5355 3066 5424; x_wconf 69' lang='grc' dir='ltr'>γράφω</span> <span class='ocrx_word' id='word_1_814' title='bbox 3093 5369 3200 5418; x_wconf 86' lang='grc' dir='ltr'>σοι,</span> <span class='ocrx_word' id='word_1_815' title='bbox 3249 5354 3344 5406; x_wconf 76' lang='grc' dir='ltr'>καὶ</span> <span class='ocrx_word' id='word_1_816' title='bbox 3372 5347 3484 5406; x_wconf 79' lang='grc' dir='ltr'>οἷον</span> <span class='ocrx_word' id='word_1_817' title='bbox 3516 5350 3764 5422; x_wconf 78' lang='grc' dir='ltr'>ἀμνημο-</span> 
     </span>
    </p>
   </div>
   <div class='ocr_carea' id='block_1_112' title="bbox 528 5443 2064 5527">
    <p class='ocr_par' dir='ltr' id='par_1_112' title="bbox 528 5455 2064 5527">
     <span class='ocr_line' id='line_1_112' title="bbox 528 5455 2064 5527; baseline -0.002 -15"><span class='ocrx_word' id='word_1_818' title='bbox 528 5469 614 5514; x_wconf 90' lang='lat' dir='ltr'><strong>tus</strong></span> <span class='ocrx_word' id='word_1_819' title='bbox 632 5475 716 5522; x_wconf 90' lang='lat' dir='ltr'><strong>es,</strong></span> <span class='ocrx_word' id='word_1_820' title='bbox 750 5459 975 5526; x_wconf 82' lang='lat' dir='ltr'><strong>insuper</strong></span> <span class='ocrx_word' id='word_1_821' title='bbox 996 5457 1226 5511; x_wconf 87' lang='lat' dir='ltr'><strong>honesta</strong></span> <span class='ocrx_word' id='word_1_822' title='bbox 1258 5466 1314 5512; x_wconf 90' lang='lat' dir='ltr'><strong>et</strong></span> <span class='ocrx_word' id='word_1_823' title='bbox 1346 5457 1580 5527; x_wconf 73' lang='lat' dir='ltr'><strong>integna,</strong></span> <span class='ocrx_word' id='word_1_824' title='bbox 1611 5471 1771 5524; x_wconf 85' lang='lat' dir='ltr'><strong>quam</strong></span> <span class='ocrx_word' id='word_1_825' title='bbox 1812 5455 1907 5510; x_wconf 89' lang='lat' dir='ltr'><strong>tibi</strong></span> <span class='ocrx_word' id='word_1_826' title='bbox 1941 5455 2064 5509; x_wconf 84' lang='lat' dir='ltr'><strong>mult</strong></span> 
     </span>
    </p>
   </div>
   <div class='ocr_carea' id='block_1_113' title="bbox 2166 5443 3764 5527">
    <p class='ocr_par' dir='ltr' id='par_1_113' title="bbox 2202 5443 3764 5520">
     <span class='ocr_line' id='line_1_113' title="bbox 2202 5443 3764 5520; baseline -0.003 -18"><span class='ocrx_word' id='word_1_827' title='bbox 2202 5452 2370 5520; x_wconf 84' lang='grc' dir='ltr'>νήσας</span> <span class='ocrx_word' id='word_1_828' title='bbox 2428 5448 2490 5501; x_wconf 75' lang='grc' dir='ltr'><strong>τὸ</strong></span> <span class='ocrx_word' id='word_1_829' title='bbox 2540 5450 2638 5518; x_wconf 79' lang='grc' dir='ltr'><strong>τῆς</strong></span> <span class='ocrx_word' id='word_1_830' title='bbox 2673 5451 2812 5519; x_wconf 81' lang='grc' dir='ltr'><strong>ὲμῆς</strong></span> <span class='ocrx_word' id='word_1_831' title='bbox 2864 5448 3102 5509; x_wconf 86' lang='grc' dir='ltr'>διανοίας</span> <span class='ocrx_word' id='word_1_832' title='bbox 3162 5445 3370 5512; x_wconf 79' lang='grc' dir='ltr'>στενὸν,</span> <span class='ocrx_word' id='word_1_833' title='bbox 3438 5448 3532 5500; x_wconf 80' lang='grc' dir='ltr'>καὶ</span> <span class='ocrx_word' id='word_1_834' title='bbox 3575 5446 3636 5498; x_wconf 78' lang='grc' dir='ltr'><strong>τὸ</strong></span> <span class='ocrx_word' id='word_1_835' title='bbox 3666 5443 3764 5512; x_wconf 82' lang='grc' dir='ltr'>τῆς</span> 
     </span>
    </p>
   </div>
   <div class='ocr_carea' id='block_1_114' title="bbox 526 5535 2064 5618">
    <p class='ocr_par' dir='ltr' id='par_1_114' title="bbox 526 5546 2064 5618">
     <span class='ocr_line' id='line_1_114' title="bbox 526 5546 2064 5618; baseline -0.005 -12"><span class='ocrx_word' id='word_1_836' title='bbox 526 5551 798 5612; x_wconf 61' lang='lat' dir='ltr'><strong>tribuunt,</strong></span> <span class='ocrx_word' id='word_1_837' title='bbox 846 5548 1182 5603; x_wconf 87' lang='lat' dir='ltr'><strong>conscientia</strong></span> <span class='ocrx_word' id='word_1_838' title='bbox 1235 5549 1378 5618; x_wconf 74' lang='lat' dir='ltr'><strong>(qua:</strong></span> <span class='ocrx_word' id='word_1_839' title='bbox 1428 5546 1611 5602; x_wconf 88' lang='lat' dir='ltr'><strong>omnia</strong></span> <span class='ocrx_word' id='word_1_840' title='bbox 1662 5556 1712 5601; x_wconf 90' lang='lat' dir='ltr'><strong>te</strong></span> <span class='ocrx_word' id='word_1_841' title='bbox 1749 5549 1805 5601; x_wconf 88' lang='lat' dir='ltr'><strong>in</strong></span> <span class='ocrx_word' id='word_1_842' title='bbox 1853 5547 2064 5601; x_wconf 85' lang='lat' dir='ltr'><strong>veritati</strong></span> 
     </span>
    </p>
   </div>
   <div class='ocr_carea' id='block_1_115' title="bbox 2166 5535 3763 5618">
    <p class='ocr_par' dir='ltr' id='par_1_115' title="bbox 2205 5535 3763 5614">
     <span class='ocr_line' id='line_1_115' title="bbox 2205 5535 3763 5614; baseline -0.006 -18"><span class='ocrx_word' id='word_1_843' title='bbox 2205 5543 2450 5609; x_wconf 86' lang='grc' dir='ltr'>ἀμαθίας</span> <span class='ocrx_word' id='word_1_844' title='bbox 2482 5542 2577 5595; x_wconf 78' lang='grc' dir='ltr'>καὶ</span> <span class='ocrx_word' id='word_1_845' title='bbox 2609 5540 2897 5614; x_wconf 70' lang='grc' dir='ltr'>ἀγροικίας</span> <span class='ocrx_word' id='word_1_846' title='bbox 2929 5540 3181 5602; x_wconf 73' lang='grc' dir='ltr'>ἀσθενὲς,</span> <span class='ocrx_word' id='word_1_847' title='bbox 3208 5538 3520 5609; x_wconf 72' lang='grc' dir='ltr'>ἠϐουλήθην</span> <span class='ocrx_word' id='word_1_848' title='bbox 3567 5535 3763 5590; x_wconf 80' lang='grc' dir='ltr'>ἀπολο-</span> 
     </span>
    </p>
   </div>
   <div class='ocr_carea' id='block_1_116' title="bbox 538 5628 2064 5708">
    <p class='ocr_par' dir='ltr' id='par_1_116' title="bbox 538 5638 2064 5708">
     <span class='ocr_line' id='line_1_116' title="bbox 538 5638 2064 5708; baseline -0.004 -10"><span class='ocrx_word' id='word_1_849' title='bbox 538 5647 681 5698; x_wconf 81' lang='lat' dir='ltr'><strong>viam</strong></span> <span class='ocrx_word' id='word_1_850' title='bbox 732 5640 993 5696; x_wconf 85' lang='lat' dir='ltr'><strong>inducere</strong></span> <span class='ocrx_word' id='word_1_851' title='bbox 1031 5639 1279 5708; x_wconf 87' lang='lat' dir='ltr'><strong>possunt)</strong></span> <span class='ocrx_word' id='word_1_852' title='bbox 1315 5638 1458 5702; x_wconf 77' lang='lat' dir='ltr'><strong>freti,</strong></span> <span class='ocrx_word' id='word_1_853' title='bbox 1497 5639 1644 5693; x_wconf 90' lang='lat' dir='ltr'><strong>hunc</strong></span> <span class='ocrx_word' id='word_1_854' title='bbox 1688 5639 1931 5692; x_wconf 80' lang='lat' dir='ltr'><strong>laborem</strong></span> <span class='ocrx_word' id='word_1_855' title='bbox 1979 5653 2064 5692; x_wconf 74' lang='lat' dir='ltr'><strong>sos</strong></span> 
     </span>
    </p>
   </div>
   <div class='ocr_carea' id='block_1_117' title="bbox 2166 5628 3763 5708">
    <p class='ocr_par' dir='ltr' id='par_1_117' title="bbox 2205 5628 3763 5703">
     <span class='ocr_line' id='line_1_117' title="bbox 2205 5628 3763 5703; baseline -0.003 -17"><span class='ocrx_word' id='word_1_856' title='bbox 2205 5636 2464 5703; x_wconf 82' lang='grc' dir='ltr'>γίσασθαι</span> <span class='ocrx_word' id='word_1_857' title='bbox 2511 5635 2605 5687; x_wconf 78' lang='grc' dir='ltr'>καὶ</span> <span class='ocrx_word' id='word_1_858' title='bbox 2647 5634 2820 5699; x_wconf 77' lang='grc' dir='ltr'>δεῖξαι</span> <span class='ocrx_word' id='word_1_859' title='bbox 2867 5633 3006 5702; x_wconf 77' lang='grc' dir='ltr'>πρὸς</span> <span class='ocrx_word' id='word_1_860' title='bbox 3067 5633 3149 5698; x_wconf 78' lang='grc' dir='ltr'><strong>σὲ,</strong></span> <span class='ocrx_word' id='word_1_861' title='bbox 3200 5633 3330 5703; x_wconf 74' lang='grc' dir='ltr'><strong>περὶ</strong></span> <span class='ocrx_word' id='word_1_862' title='bbox 3377 5628 3453 5688; x_wconf 81' lang='grc' dir='ltr'><strong>ὧν</strong></span> <span class='ocrx_word' id='word_1_863' title='bbox 3497 5629 3763 5698; x_wconf 78' lang='grc' dir='ltr'><strong>ἐζήτησας</strong></span> 
     </span>
    </p>
   </div>
   <div class='ocr_carea' id='block_1_118' title="bbox 533 5719 2064 5808">
    <p class='ocr_par' dir='ltr' id='par_1_118' title="bbox 533 5730 2064 5808">
     <span class='ocr_line' id='line_1_118' title="bbox 533 5730 2064 5808; baseline -0.005 -17"><span class='ocrx_word' id='word_1_864' title='bbox 533 5736 800 5808; x_wconf 81' lang='lat' dir='ltr'><strong>cepimus.</strong></span> <span class='ocrx_word' id='word_1_865' title='bbox 832 5733 944 5788; x_wconf 80' lang='lat' dir='ltr'><strong>Nec</strong></span> <span class='ocrx_word' id='word_1_866' title='bbox 973 5733 1123 5788; x_wconf 90' lang='lat' dir='ltr'><strong>enim</strong></span> <span class='ocrx_word' id='word_1_867' title='bbox 1155 5732 1458 5786; x_wconf 86' lang='lat' dir='ltr'><strong>multorum</strong></span> <span class='ocrx_word' id='word_1_868' title='bbox 1480 5742 1538 5785; x_wconf 90' lang='lat' dir='ltr'><strong>et</strong></span> <span class='ocrx_word' id='word_1_869' title='bbox 1566 5731 1844 5785; x_wconf 88' lang='lat' dir='ltr'><strong>variorum</strong></span> <span class='ocrx_word' id='word_1_870' title='bbox 1880 5730 1995 5782; x_wconf 62' lang='lat' dir='ltr'><strong>hac</strong></span> <span class='ocrx_word' id='word_1_871' title='bbox 2022 5745 2064 5784; x_wconf 80' lang='lat' dir='ltr'><strong>et</strong></span> 
     </span>
    </p>
   </div>
   <div class='ocr_carea' id='block_1_119' title="bbox 2166 5719 3762 5808">
    <p class='ocr_par' dir='ltr' id='par_1_119' title="bbox 2213 5719 3762 5796">
     <span class='ocr_line' id='line_1_119' title="bbox 2213 5719 3762 5796; baseline -0.006 -15"><span class='ocrx_word' id='word_1_872' title='bbox 2213 5729 2304 5781; x_wconf 70' lang='grc' dir='ltr'><strong>καὶ</strong></span> <span class='ocrx_word' id='word_1_873' title='bbox 2363 5725 2676 5796; x_wconf 70' lang='grc' dir='ltr'>ἠρώτησας,</span> <span class='ocrx_word' id='word_1_874' title='bbox 2739 5725 2834 5793; x_wconf 81' lang='grc' dir='ltr'>ἀφ’</span> <span class='ocrx_word' id='word_1_875' title='bbox 2873 5719 2947 5779; x_wconf 83' lang='grc' dir='ltr'><strong>ὧν</strong></span> <span class='ocrx_word' id='word_1_876' title='bbox 2981 5725 3192 5796; x_wconf 69' lang='grc' dir='ltr'>ἡκουσά</span> <span class='ocrx_word' id='word_1_877' title='bbox 3247 5741 3305 5777; x_wconf 83' lang='grc' dir='ltr'>τε</span> <span class='ocrx_word' id='word_1_878' title='bbox 3346 5725 3437 5777; x_wconf 74' lang='grc' dir='ltr'>καὶ</span> <span class='ocrx_word' id='word_1_879' title='bbox 3470 5720 3762 5791; x_wconf 76' lang='grc' dir='ltr'>ἐδιδάχθην,</span> 
     </span>
    </p>
   </div>
   <div class='ocr_carea' id='block_1_120' title="bbox 538 5813 2064 5899">
    <p class='ocr_par' dir='ltr' id='par_1_120' title="bbox 538 5819 2064 5899">
     <span class='ocr_line' id='line_1_120' title="bbox 538 5819 2064 5899; baseline -0.004 -17"><span class='ocrx_word' id='word_1_880' title='bbox 538 5827 795 5899; x_wconf 75' lang='lat' dir='ltr'><strong>cognitio.</strong></span> <span class='ocrx_word' id='word_1_881' title='bbox 839 5825 999 5882; x_wconf 80' lang='lat' dir='ltr'><strong>Nunc</strong></span> <span class='ocrx_word' id='word_1_882' title='bbox 1032 5834 1234 5892; x_wconf 85' lang='lat' dir='ltr'><strong>autem,</strong></span> <span class='ocrx_word' id='word_1_883' title='bbox 1281 5832 1342 5880; x_wconf 87' lang='lat' dir='ltr'><strong>ut</strong></span> <span class='ocrx_word' id='word_1_884' title='bbox 1372 5824 1486 5895; x_wconf 89' lang='lat' dir='ltr'><strong>ipse</strong></span> <span class='ocrx_word' id='word_1_885' title='bbox 1515 5819 1690 5890; x_wconf 83' lang='lat' dir='ltr'><strong>vides,</strong></span> <span class='ocrx_word' id='word_1_886' title='bbox 1726 5822 1791 5878; x_wconf 87' lang='lat' dir='ltr'><strong>ad</strong></span> <span class='ocrx_word' id='word_1_887' title='bbox 1827 5828 1877 5877; x_wconf 88' lang='lat' dir='ltr'><strong>te</strong></span> <span class='ocrx_word' id='word_1_888' title='bbox 1901 5820 2064 5877; x_wconf 75' lang='lat' dir='ltr'><strong>scribt</strong></span> 
     </span>
    </p>
   </div>
   <div class='ocr_carea' id='block_1_121' title="bbox 2166 5813 3763 5899">
    <p class='ocr_par' dir='ltr' id='par_1_121' title="bbox 2211 5813 3763 5890">
     <span class='ocr_line' id='line_1_121' title="bbox 2211 5813 3763 5890; baseline -0.009 -14"><span class='ocrx_word' id='word_1_889' title='bbox 2211 5820 2532 5890; x_wconf 84' lang='grc' dir='ltr'>ἀνοιγέντων</span> <span class='ocrx_word' id='word_1_890' title='bbox 2571 5820 2678 5873; x_wconf 85' lang='grc' dir='ltr'>τῶν</span> <span class='ocrx_word' id='word_1_891' title='bbox 2711 5817 3004 5890; x_wconf 68' lang='grc' dir='ltr'>ὀφθαλμῶν</span> <span class='ocrx_word' id='word_1_892' title='bbox 3043 5834 3142 5889; x_wconf 82' lang='grc' dir='ltr'><strong>μου</strong></span> <span class='ocrx_word' id='word_1_893' title='bbox 3173 5816 3306 5873; x_wconf 83' lang='grc' dir='ltr'>Θεοῦ</span> <span class='ocrx_word' id='word_1_894' title='bbox 3342 5816 3613 5885; x_wconf 80' lang='grc' dir='ltr'>συνάρσει,</span> <span class='ocrx_word' id='word_1_895' title='bbox 3652 5813 3763 5864; x_wconf 71' lang='grc' dir='ltr'><strong>ἐπι.</strong></span> 
     </span>
    </p>
   </div>
  </div>
