4086 6288
368 405 467 473 38i

1330 422 1637 485 CONTRA
1678 423 2176 486 ΜΑΗΟΜΕΤΕΜ
2222 426 2597 486 APOLOGIA
2642 423 2691 488 I.

3520 414 3634 487 382

368 523 697 610 στραφέντος
725 527 834 582 ἀπὸ
893 532 1016 602 τῆς
1030 535 1263 604 ματαίας
1317 540 1411 593 καὶ
1446 538 1954 609 πατροπαραδότου

2062 550 2116 595 et
2145 539 2303 609 quasi
2328 539 2535 595 oblitus
2566 537 2768 610 ingenii
2802 537 2934 601 mei,
2980 538 3266 593 tenuitatis
3293 546 3349 592 et
3378 536 3633 608 inscitia,

368 599 665 711 θρῖισκείᾶς
700 621 834 692 πρὸς
873 599 975 694 τὴν
1005 599 1283 700 ἀκραιφνῆ
1342 633 1440 684 καὶ
1492 599 1797 702 ἀμῶμητον
1853 629 1947 685 τοῦ

368 706 605 779 Χεῑιστοῦ
652 712 854 776 πίστιν,
879 717 974 769 καὶ
994 715 1095 789 τὴν
1124 721 1225 791 τῆς
1247 721 1509 793 ἀληθείας
1562 721 1707 777 ὀδόν.
1762 723 1953 793 Παρα-

372 798 719 858 καλῶτοίνυν
752 806 978 867 ,ἀκούειν
1024 812 1279 877 συνετῶς.
1315 813 1451 869 Οὐδὲ
1478 814 1588 883 γὰρ
1636 815 1733 869 ἀπ’
1777 816 1952 885 ἐμαυ-

368 890 461 945 τοῦ
515 894 698 964 μέλλω
730 894 985 970 λαλήσειν
1016 902 1155 972 πρὸς
1178 903 1261 973 σὲ,
1306 905 1424 959 οὐδὲ
1477 905 1541 971 ἐξ
1569 899 1645 961 ὧν
1694 907 1857 978 ὑμεῖς
1888 908 1949 960 οὐ

370 986 768 1057 παραδέχεσθε,
819 989 1073 1069 sufﬁxi)
1117 993 1227 1049 τῶν
1275 997 1476 1067 βίϐλων
1503 992 1581 1054 ὧν
1636 999 1843 1063 πάντες
1900 1002 1950 1052 οί

370 1073 787 1149 Μουσουλμάνοι
820 1083 1173 1153 ὁμολογοῦσιν
1226 1085 1368 1142 εἶναι
1400 1087 1621 1155 ἀληθεῖς
1666 1091 1760 1143 καὶ
1790 1089 1952 1159 ἁγίας

371 1166 623 1241 Γραφάς,
659 1174 753 1227 καὶ
781 1174 893 1230 ἀπὸ
929 1175 1027 1230 τοῦ
1055 1178 1194 1233 Θεοῦ
1223 1179 1535 1249 δεδομένας.
1584 1180 1794 1255 meum
1834 1184 1953 1236 τοί-

373 1278 494 1327 νυν,
529 1264 603 1335 μή
633 1280 767 1320 ποτε
793 1267 974 1342 «seu;
1002 1269 1306 1341 παρόμοιον
1328 1275 1445 1337 τοῖς
1470 1273 1781 1344 ἱσταμένοις
1812 1275 1950 1328 ὲπάυ

373 1374 451 1411 νω
484 1356 799 1430 θησαυρῶν,
836 1360 929 1416 καὶ
964 1362 1041 1435 μὴ
1071 1351 1444 1433 γινώσκουσιν
1489 1366 1625 1421 ἔνθα
1681 1367 1950 1430 ἵστανται,

374 1450 469 1503 καὶ
494 1452 547 1504 τί
599 1450 716 1507 ἐστι
758 1452 985 1525 πλησίον
1010 1455 1248 1522 τούτοις.
1296 1458 1407 1512 Καὶ
1438 1460 1549 1530 γὰρ
1595 1461 1794 1513 ἐκεῖνοι
1826 1477 1955 1529 σχε-

372 1541 461 1598 δδν
489 1543 549 1596 έν
574 1545 695 1609 ταῖς
729 1546 940 1602 ἑαυτῶν
966 1548 1157 1621 χερσὶν
1200 1548 1384 1620 έχουσι
1420 1552 1512 1605 τὸν
1556 1551 1733 1622 μέγαν
1791 1551 1957 1607 πλοῦ-

370 1648 487 1703 τον,
510 1636 621 1691 ἀπὸ
646 1632 951 1707 δὲ’ἀγνοίας
994 1641 1202 1696 τούτων
1231 1644 1422 1706 κεναῖς
1456 1644 1791 1714 ἀπέρχονται
1818 1647 1941 1707 ταῖς

373 1728 554 1799 χερσὶ,
574 1782 575 1785 η
594 1730 691 1782 καὶ
721 1731 839 1794 τοῖς
877 1729 1199 1803 ἱσταμένοις,
1227 1734 1395 1802 μέσον
1444 1734 1678 1804 ποτίμου
1709 1736 1802 1788 καὶ
1829 1735 1955 1786 διει-

374 1819 645 1891 δεστάτης
662 1817 954 1894 βρώσεως,
970 1826 1067 1879 καὶ
1080 1827 1480 1897 ἀπερχομένοις
1504 1827 1754 1896 διψῶσιν.
1789 1827 1952 1881 ’Δλλὰ

2052 630 2502 701 rusticitatisqne,
2555 646 2671 711 qua.
2719 644 2961 700 premor,
3032 628 3299 684 rationem
3358 628 3636 700 Apologia:

2053 727 2257 775 nostrae
2294 721 2526 776 reddere
2573 720 2809 783 institui,
2840 728 2894 775 et
2933 718 3227 774 ostendere
3275 731 3339 774 ea
3389 719 3515 786 tibi,
3565 720 3630 774 de

2051 800 2257 881 quibus
2289 813 2593 868 dubitando
2623 812 3051 882 interrogavisti,
3096 802 3331 881 quorum
3362 812 3605 882 cognitio

2054 920 2176 959 nem
2222 905 2339 975 ipse
2377 906 2607 961 auribus
2639 907 2858 977 percepi
2891 916 2946 960 et
2984 906 3167 960 animo
3210 905 3440 961 edoctus
3486 918 3632 972 sum,

2052 997 2149 1053 Dei
2179 998 2384 1052 auxilio
2410 996 2671 1053 nimirum
2710 996 2886 1054 oculis
2924 999 3062 1054 meis
3106 999 3333 1067 apertis,
3362 1013 3561 1069 meque
3603 1014 3636 1053 ε

2058 1103 2217 1153 vana,
2251 1104 2528 1158 perversa,
2561 1106 2591 1145 a
2620 1092 2871 1160 patribus
2908 1091 3104 1147 tradita
3134 1090 3529 1160 superstitione
3564 1088 3635 1143 ad

2054 1179 2326 1235 sinceram
2364 1192 2419 1236 et
2450 1182 2783 1252 inculpatam
2830 1182 3035 1240 Christi
3087 1182 3248 1237 [idem
3285 1191 3341 1237 et
3389 1182 3649 1237 veritatis

2052 1273 2197 1327 viam
2240 1281 2527 1329 converso.
2554 1274 2757 1330 Hortor
2787 1275 2993 1346 itaque,
3041 1284 3103 1330 ut
3141 1283 3388 1329 attentus
3418 1274 3636 1331 audias.

2053 1363 2205 1420 Nihil
2231 1366 2377 1420 enim
2403 1381 2471 1421 ex
2500 1381 2587 1421 me
2612 1368 2861 1423 dicturus
2887 1383 3033 1431 sum,
3075 1382 3256 1437 neque
3299 1382 3366 1420 ex
3402 1366 3486 1420 his
3515 1379 3638 1435 quae

2056 1473 2085 1512 a
2111 1456 2269 1514 vobis
2298 1473 2409 1513 non
2439 1459 2807 1530 recipiuntur,
2839 1460 2935 1516 sed
2978 1474 3169 1515 eorum
3213 1469 3335 1516 utar
3366 1458 3638 1514 librorum

2060 1549 2417 1615 testimoniis,
2467 1567 2608 1621 quos
2656 1566 2848 1607 omnes
2896 1551 3227 1607 Musulmani
3271 1566 3369 1622 pro
3399 1549 3548 1605 veris
3582 1560 3639 1606 et

2056 1643 2423 1698 sacrosanctis
2473 1644 2781 1714 Scripturis
2816 1661 2845 1699 ιι
2898 1645 3008 1699 Deo
3047 1643 3190 1699 datis
3234 1653 3641 1714 agnoscunt‘et

2060 1733 2321 1791 fatentur.
2361 1733 2469 1790 Fac
2505 1735 2693 1807 igitur,
2736 1724 2811 1792 ne
2839 1736 2937 1791 tibi
2981 1737 3125 1791 idem
3156 1737 3460 1805 contingat,
3490 1733 3640 1805 quod

2062 1828 2129 1882 iis
2154 1827 2249 1897 qui
2275 1828 2551 1885 thesauris
2576 1828 2629 1884 in
2655 1836 2855 1883 terram
2889 1828 3121 1885 defossis
3149 1828 3491 1896 insistentes,
3522 1828 3644 1882 cui-

374 1913 535 1983 γενοῦ
569 1916 757 1987 ὅμοιος
802 1922 918 1980 τοῖς
962 1915 1202 1973 κοπιῶσι
1256 1920 1357 1972 καὶ
1406 1919 1673 1990 ἱδροῦσιν,
1723 1920 1810 1974 ῐνα
1864 1922 1956 1974 τὸν

2062 1936 2185 1975 nam
2230 1922 2309 1976 rei
2355 1921 2632 1980 insistant.
2661 1930 2718 1977 et
2747 1920 3008 1992 quidnam
3040 1922 3176 1992 ipsis
3210 1922 3519 1991 proximum
3544 1920 3640 1985 sit,

374 2008 761 2079 κεκρυμμένον
791 2007 888 2063 καὶ
917 2009 1141 2081 ,ἀφανῆ
1189 2010 1467 2083 θησαυρὸν
1536 2011 1815 2067 ὲκόἁλωσι
1860 2013 1957 2065 καὶ

376 2100 711 2173 κερδήσωσι,
743 2106 840 2156 καὶ
871 2103 997 2157 licet
1023 2103 1095 2157 τὰ
1130 2105 1242 2168 τοίς
1274 2103 1506 2159 ἀσεϐέσι
1552 2106 1650 2159 καὶ
1690 2105 1958 2176 ἀμαθέσιν

377 2194 723 2266 ἀγνοούμενα
752 2194 889 2250 Θεοῦ
916 2195 1076 2265 λόγια
1104 2196 1207 2269 ήδη
1239 2196 1380 2268 πρὸς
1412 2196 1479 2250 τὸ
1504 2197 1683 2269 παρὸν
1713 2198 1958 2269 ἐγχειρί-

378 2286 563 2352 ζονταί
627 2304 735 2355 σοι,
783 2287 1049 2359 πρόσεξον
1109 2288 1196 2342 ἵνα
1250 2288 1406 2359 νμετά
1463 2290 1955 2359 μεμεριμνημὲνου

375 2378 583 2434 σκοποῦ
628 2380 724 2434 καὶ
746 2382 1011 2452 ἀκριϐοῦς
1048 2380 1349 2446 ἐξετάσεως
1390 2380 1614 2453 διέλθῃς
1662 2380 1823 2442 αὐτὰ.
1859 2382 1957 2435 καὶ

376 2470 667 2544 δμπληθῇς
695 2472 847 2539 θείας
870 2471 1125 2543 γνώσεως
1149 2473 1243 2527 καὶ
1274 2472 1554 2543 ἀληθείας.
1592 2474 1822 2543 Μεγάλη
1848 2472 1959 2545 γάρ

375 2567 530 2621 ἐστιν
585 2566 624 2637 ἡ
654 2566 765 2621 τῶν
792 2565 1138 2637 Χριστιανῶν
1184 2555 1387 2631 πίστις,
1418 2566 1515 2618 καὶ
1555 2564 1699 2636 μέγα
1753 2568 1961 2638 μυστή-

379 2658 509 2729 ριόν,
533 2659 653 2714 itm
678 2658 782 2732 τῆς
804 2658 902 2714 τοῦ
943 2657 1077 2714 Υἰοῦ
1102 2656 1198 2712 τοῦ
1224 2655 1363 2711 Θεοῦ
1395 2657 1729 2727 σαρκώσεως
1765 2658 1959 2729 nam-

377 2750 555 2814 θεσις.

2060 2027 2167 2066 non
2199 2014 2534 2093 intelligunt.
2572 2014 2635 2068 Hi
2665 2014 2811 2069 enim
2844 2015 3093 2091 ingentes
3142 2013 3369 2093 divitias
3425 2020 3643 2074 tantum

2055 2118 2165 2158 non
2204 2090 2256 2158 in
2291 2106 2547 2162 manibus
2589 2107 2876 2171 habentes,
2903 2090 3128 2177 propter
3149 2090 3516 2177 ignorantiam
3542 2106 3643 2161 ba-

2057 2207 2183 2247 rum
2225 2196 2415 2273 uacuis
2450 2195 2740 2252 discedunt
2788 2197 3061 2252 manibus.
3099 2195 3194 2251 Vel
3231 2213 3300 2252 ne
3331 2196 3417 2253 his
3446 2195 3645 2252 similis

2057 2290 2178 2354 llas,
2212 2290 2307 2360 qui
2339 2289 2671 2344 dulcissima)
2701 2298 2891 2360 potstu
2940 2299 2995 2344 et
3032 2289 3436 2360 limpidissimzn
3502 2287 3644 2345 assi-

2058 2393 2266 2437 Stentes
2282 2382 2623 2451 scaturigini,
2643 2382 2909 2437 sitibundi
2944 2391 3121 2439 tamen
3153 2382 3466 2437 discedunt.
3494 2380 3643 2449 Quin

2056 2474 2243 2543 potius
2273 2473 2578 2528 laboriosos
2610 2473 2732 2527 illos
2766 2482 2822 2528 et
2864 2474 3125 2529 sudantes
3167 2474 3409 2539 imitare,
3455 2470 3551 2544 qui
3585 2472 3642 2527 in

2062 2569 2167 2620 hoc
2201 2576 2354 2629 sunt,
2388 2574 2451 2635 ut
2479 2567 2756 2621 defossum
2794 2567 2945 2623 illum
2976 2576 3032 2623 et
3084 2566 3468 2623 absconditum
3521 2566 3646 2622 the-

2060 2658 2286 2714 saurum
2310 2656 2597 2723 eﬁ‘odiant,
2629 2670 2684 2715 et
2717 2663 2870 2716 lucro
2904 2642 3174 2716 ditentur.
3215 2660 3372 2714 Tunc
3410 2658 3640 2722 etenim,

2059 2765 2187 2821 quat
2211 2750 2394 2819 impiis
2416 2761 2476 2805 et
2514 2750 2754 2806 indoctis
2788 2752 2985 2824 ignota_
3000 2762 3150 2816 sunt,
3184 2752 3277 2808 Dei
3323 2752 3550 2809 oracula
3584 2749 3641 2806 in
3677 2821 3682 2825 _

378 2846 801 2919 pmcntiarum
827 2845 925 2904 tibi
960 2846 1227 2914 revelata,
1258 2863 1360 2904 ceu
1395 2845 1452 2902 in
1499 2860 1694 2902 manus
1740 2845 2047 2902 tradentur.
2081 2844 2317 2899 Attende
2347 2843 2538 2913 igitur,
2592 2853 2652 2898 ut
2719 2859 2888 2914 scopo
2950 2853 3006 2901 et
3071 2845 3354 2915 proposito
3404 2843 3645 2914 diligen-

378 2946 471 2997 tor
511 2939 885 3009 considerato,
945 2949 1003 2997 et
1042 2941 1291 3016 diligenti
1334 2941 1499 2998 simul
1547 2937 1968 3009 investigatione
2005 2935 2124 2991 haec
2158 2945 2351 2991 nostra
2392 2937 2559 3006 legas,
2627 2944 2686 2991 ut
2734 2935 2922 2991 divina
2953 2935 3187 2991 scientia
3226 2936 3391 2992 simul
3416 2943 3472 2991 et
3499 2936 3647 2992 veri-

364 3042 497 3092 ‘tate
522 3033 824 3105 impleatis.
847 3033 1041 3107 Magna
1060 3042 1145 3093 est
1202 3033 1354 3091 enim
1376 3032 1818 3091 Christianorum
1878 3028 2033 3085 ﬁdes.
2077 3036 2132 3084 et
2160 3042 2416 3098 unguium
2446 3027 2768 3100 mysterium
2810 3037 2898 3083 est
2930 3026 3132 3111 Christi
3162 3027 3287 3084 Filii
3325 3027 3423 3084 Dei
3454 3029 3645 3085 incar-

381 3130 624 3196 nationis
648 3130 957 3200 negotium.

940 3184 1070 3278 luet
1116 3224 1344 3279 δυνατὸν
1371 3224 1464 3291 τδν
1492 3224 1632 3279 Θεὸν
1653 3221 1800 3291 ἔχειν
1831 3218 1951 3273 υίδν

2127 3216 2180 3271 ι.
2212 3213 2518 3281 Quomodo,
2540 3213 2745 3284 inquis,
2776 3213 3037 3285 possibile
3050 3228 3133 3271 εει
3159 3212 3272 3271 Deo
3297 3228 3419 3269 esse
3442 3184 3645 3280 Filium

388 3320 522 3376 ἄνευ
565 3317 863 3387 γυναικόςς
891 3315 1027 3381 Καὶ,
1072 3316 1196 3380 Πῶς
1236 3317 1352 3369 ἐστι
1396 3314 1622 3369 δυνατὸν
1652 3308 1954 3379 Osiri-{svs-

384 3414 509 3468 σθαι
553 3410 877 3482 ἀνθρωπονς
909 3411 1021 3475 ,Τίς
1045 3411 1104 3467 δὲ
1128 3410 1239 3465 τῶν
1267 3410 1442 3481 ἀγίῳν
1472 3408 1688 3475 ἐδίδαξε
1735 3405 1836 3478 τὴν
1866 3420 1957 3458 το-

382 3507 589 3579 σαύτην
614 3502 905 3572 ἀσέδειανς
939 3504 1011 3559 Ἦ
1045 3505 1201 3569 ποῖος
1234 3502 1346 3560 τῶν
1372 3501 1674 3574 προφητῶν
1700 3501 1758 3554 ιν
1791 3500 1958 3583 ὀπτα-

382 3598 476 3671 σίᾳ
523 3597 690 3653 τοῦτο
745 3596 1067 3666 ὲθεάσατσς
1106 3598 1218 3653 Καὶ
1269 3598 1338 3652 ob
1387 3596 1491 3668 μὶν
1533 3594 1728 3650 ταῦτα’
1793 3593 1958 3664 ἡμεῖς

383 3692 439 3759 δὲ
472 3691 710 3763 λέγομεν
735 3689 935 3755 οὕτως·
970 3690 1095 3746 Ὅτι
1152 3688 1256 3763 μὶν
1290 3689 1422 3755 Θεός
1449 3691 1599 3743 εστιν
1644 3686 1675 3742 δ
1724 3687 1958 3757 ποιητὴς

384 3783 605 3839 πάντων
642 3782 860 3857 ὁρατῶν
882 3798 944 3837 τε
985 3780 1083 3837 καὶ
1109 3784 1382 3854 ἀοράτων,
1444 3781 1831 3854 ἐδιδάχθημεν,
1864 3781 1961 3834 καὶ

384 3873 727 3946 ὲγνῶκαμεν,
755 3866 859 3930 ’καὶ
884 3872 1237 3943 πιστεύομεν,
1270 3874 1367 3929 καὶ
1386 3872 1779 3943 ὁμολογοῦμενο
1822 3870 1878 3925 τί
1903 3869 1961 3925 δέ

387 3969 502 4021 ἔστι
529 3965 685 4033 Θεδς,
709 3962 834 4019 οὔτε
861 3946 1395 4036 εδιδάχθημεν,ὀῦτε
1436 3960 1787 4035 ἐγνώκαμεν,
1844 3961 1962 4016 ἀλλ’

386 4055 512 4116 οὗτε
553 4056 695 4119 ὅλως
744 4054 841 4111 ἰπὶ
867 4055 968 4127 τὴν
1004 4053 1236 4123 καρδίαν
1258 4053 1416 4124 ἡμῶν
1444 4052 1613 4123 ἀνέὸη
1644 4052 1741 4108 τοῦ
1768 4050 1965 4115 trocmi-

386 4128 890 4219 totfhusGﬂpatt-o;
947 4148 987 4219 ἦ
1016 4145 1287 4214 δξέτασις.
1344 4148 1458 4202 Καὶ
1509 4146 1595 4200 ὃτι
1645 4148 1675 4201 ὁ
1729 4143 1965 4216 Χριστὸς

390 4243 520 4307 Υίὶς
546 4241 643 4295 καὶ
662 4240 836 4307 Λόγος
856 4237 952 4292 τοῦ
983 4235 1122 4291 Θεοῦ
1170 4237 1312 4303 εστι,
1342 4236 1439 4291 καὶ
1474 4234 1608 4298 Θεός
1639 4237 1782 4303 ἐστι,
1805 4235 1967 4315 τοῦτο

392 4333 486 4389 καὶ
511 4326 893 4403 ἰδιδάχθημεν,
946 4328 1045 4385 καὶ
1072 4330 1416 4398 ἐγνώκαμεν,
1471 4328 1565 4380 καὶ
1612 4327 1967 4397 πιστεύομεν,

392 4428 487 4483 καὶ
514 4424 906 4499 ὁμολογοῦμεν.
936 4421 1061 4483 Πῶς
1080 4421 1139 4478 δέ
1163 4422 1316 4475 ἔστιν
1375 4423 1409 4493 ἡ
1454 4420 1654 4474 τούτου
1686 4421 1967 4492 γέννησις,

391 4522 553 4593 ἡμεῖς
582 4518 687 4574 οὐκ
716 4516 962 4588 οίδαμεν,
985 4514 1113 4570 οὔτε
1143 4514 1667 4587 ιδιδάχθημεν,’ἀλλ’
1700 4513 1830 4569 οὔτε
1859 4515 1970 4581 ἒξε-

2057 3311 2176 3369 sine
2198 3309 2474 3364 muliere?
2495 3307 2781 3375 Quomodo
2795 3308 2923 3363 item
2945 3307 3088 3363 Deus
3104 3308 3267 3363 homo
3280 3308 3399 3381 ﬁeri
3418 3317 3599 3379 potest
3621 3292 3650 3366 ῗ

2055 3401 2189 3471 Quis
2213 3390 2452 3471 denique
2477 3408 2792 3456 sanctorum
2817 3400 2959 3455 hanc
2978 3399 3168 3455 docuit
3191 3407 3398 3455 tantam
3444 3399 3646 3471 impie-

2059 3506 2227 3553 tatem
2246 3538 2259 3563 ,
2286 3504 2382 3549 aut
2404 3494 2657 3564 quisnam
2684 3493 3077 3564 prophetarum
3103 3492 3209 3548 hoc
3233 3507 3337 3567 per
3372 3491 3646 3548 visionem

2059 3589 2384 3659 conspexit?
2413 3589 2478 3642 Et
2514 3588 2629 3643 haec
2655 3585 2879 3657 quidem
2910 3594 2965 3642 tu
2993 3586 3173 3652 dicis;
3207 3580 3411 3656 quib‘us
3434 3600 3535 3641 nos
3568 3585 3650 3641 sic

2061 3682 2474 3751 respondemus.
2504 3678 2661 3745 Quod
2685 3679 2829 3735 Deus
2846 3689 3065 3735 creator
3088 3679 3161 3734 sit
3188 3683 3438 3735 omnium
3455 3678 3648 3734 visibi-

2061 3775 2196 3831 lium
2224 3786 2280 3831 et
2301 3773 2688 3838 invisibilium,
2715 3771 3009 3829 didicimus
3031 3772 3198 3828 etiam
3220 3786 3343 3841 nos,
3365 3771 3653 3843 cognosci-

2063 3865 2503 3935 mus,credimus
2524 3864 2858 3930 etfatemur;
2889 3863 3021 3934 quid
3041 3880 3167 3919 vero
3195 3865 3340 3919 Deus
3357 3864 3447 3923 sit.
3468 3878 3651 3934 neque

2063 3961 2244 4018 edocti
2268 3974 2480 4022 sumus,
2499 3975 2678 4028 neque
2709 3957 3086 4030 intelligimus,
3107 3958 3214 4013 imo
3234 3974 3302 4012 ne
3323 3957 3651 4014 inanimum

2012 4102 2017 4109 .
2065 4054 2287 4127 quidem
2309 4050 3010 4123 incidithujusimpietatis
3050 4050 3357 4120 inquisitio.
3386 4049 3654 4107 Similiter

2064 4144 2341 4201 Christum
2381 4151 2437 4199 et
2462 4141 2663 4197 Filium
2692 4150 2750 4198 et
2772 4140 3011 4196 Verbum
3042 4138 3136 4194 Dei
3163 4153 3318 4205 esse,
3358 4138 3649 4211 Deumque

2061 4242 2270 4313 ipsum,
2302 4238 2618 4302 didicimus,
2642 4237 3048 4309 cognoscimus,
3072 4235 3353 4292 credimus
3392 4242 3450 4289 et
3479 4233 3648 4290 conli-

2068 4339 2288 4387 temur:
2316 4328 2491 4400 qualis
2517 4344 2647 4383 vero
2674 4327 2822 4383 illius
2851 4328 2923 4383 sit
2944 4329 3251 4397 generatio,
3277 4342 3378 4382 nos
3409 4342 3511 4381 nec
3538 4324 3643 4381 sci—

2070 4437 2212 4486 mus,
2232 4435 2335 4477 nec
2353 4419 2533 4477 edocti
2561 4433 2773 4485 sumus,
2786 4431 2966 4487 neque
2998 4416 3162 4473 etiam
3186 4416 3240 4471 in
3257 4424 3522 4472 aeternum
3534 4414 3649 4468 hoc

2071 4516 2355 4585 inquirere
2387 4514 2664 4573 volumus,
2683 4526 2782 4565 ceu
2812 4509 3066 4579 impium,
3087 4517 3143 4563 et
3164 4523 3192 4562 a
3211 4507 3522 4562 Christiana
3543 4505 3649 4560 title

392 4581 580 4679 τάζείν
612 4581 885 4683 μέλλομεν
914 4581 1050 4666 αὐτὸ
1073 4608 1156 4673 είς
1180 4608 1275 4662 τὸν
1292 4581 1503 4675 ⁷ιείῶνιι,
1532 4606 1611 4671 ὥς
1638 4607 1831 4670 ἀσεϐὲς
1873 4609 1962 4662 καὶ

2075 4606 2405 4694 etfeligione
2419 4620 2580 4676 quam
2598 4602 2830 4657 maxime
2844 4600 3251 4665 alicnum.Quin
3268 4598 3652 4668 mquanimiter

394 4708 707 4779 ἀπόϐλητον
763 4704 869 4775 τῆς
906 4703 1019 4758 τῶν
1068 4700 1416 4774 Χριστιανῶν
1466 4700 1707 4763 πίστεώς
1761 4716 1822 4753 τε
1873 4703 1971 4753 καὶ

394 4797 806 4862 καταστάσεως.
857 4794 1001 4851 Ἀλλ’
1034 4795 1239 4868 ἐπίσης
1291 4792 1600 4865 φρονοῦμεν
1652 4791 1971 4861 ἀγνοεῖσθαι

396 4895 493 4968 sal.
516 4890 772 4964 ἀγγέλοις
809 4890 907 4944 καὶ
945 4887 1255 4960 ἀνθρώποις
1280 4888 1343 4943 τὸ
1370 4886 1617 4941 τοιοῦτον
1635 4886 1777 4958 ὑπὲρ
1808 4888 1973 4957 φύσιν

378 4982 722 5058 μυστήριον.
777 4978 1060 5035 οῦτω’καὶ
1087 4978 1184 5031 ἀπὶ
1217 4979 1315 5049 τῆς
1353 4978 1829 5049 ενανθρωπήσεως
1876 4978 1975 5031 αὑ-

392 5074 511 5140 τοῦ,
552 5072 640 5127 ὅτι
667 5069 883 5142 ὶγένετο
908 5067 1220 5141 ἀνθρωπος,
1280 5069 1378 5124 καὶ
1433 5067 1822 5139 ἐδιδάχθημεν,
1878 5067 1976 5122 καὶ

399 5164 739 5237 ιγνώκαμεν,
772 5163 871 5218 καὶ
904 5161 1256 5233 πιστεύομεν·
1281 5161 1342 5215 τὸ
1369 5160 1426 5216 δὲ
1453 5160 1626 5226 ὅπως,
1679 5160 1743 5213 οὺ
1808 5160 1977 5229 γινώ-

402 5273 624 5330 σκομεν,
659 5254 778 5311 ἀλλ’
828 5240 1017 5326 ὥσπερ
1054 5252 1358 5325 ἀγνοοῦμεν
1404 5253 1505 5325 τὴν
1555 5255 1621 5306 ἐκ
1669 5251 1811 5307 Θεοῦ
1880 5253 1977 5307 καὶ

406 5345 617 5420 Πατρδς
648 5344 817 5401 αὐτοῦ
844 5345 1121 5416 γέννησιν,
1148 5342 1326 5408 οὕτως
1373 5342 1680 5414 ἀγνοοῦμεν
1743 5344 1838 5397 καὶ
1875 5342 1977 5415 τὴν

401 5440 465 5493 ὲκ
492 5439 595 5510 τῆς
618 5436 786 5507 ἁγίας
821 5434 988 5491 αὑτοῦ
1027 5438 1236 5507 μητρὸς
1262 5435 1486 5505 Μαρίας
1514 5436 1615 5506 τῆς
1670 5436 1975 5505 Παρθένου.

410 5530 597 5603 Ὑμεῖς
611 5530 670 5586 δὲ
691 5527 1112 5600 οίγινώσκοντες
1133 5529 1197 5583 τὸ
1214 5529 1308 5583 τοῦ
1329 5527 1465 5582 Θεοῦ
1486 5529 1770 5597 ἀδύνατον,
1790 5530 1978 5598 λέγετε

401 5624 628 5695 γὰρ,ὃτι
647 5622 773 5687 Πῶς
793 5621 1151 5677 δστιδυνατθιν
1184 5620 1331 5693 ἔχειν
1357 5621 1485 5675 Υίδν
1524 5622 1617 5675 τὸν
1636 5622 1811 5690 Θεόνς
1845 5624 1979 5678 πάν-

348 5723 352 5730 ’
402 5727 503 5773 τως
554 5709 616 5776 ἐξ
654 5704 731 5764 ὧν
788 5709 1013 5779 λέγετε,
1054 5708 1345 5777 γινώσκειν
1380 5711 1605 5782 μέλλετε
1650 5714 1748 5767 καὶ
1789 5715 1850 5767 τὸ
1883 5714 1977 5767 τοῦ

404 5800 536 5857 Θεοῦ
603 5801 855 5859 δυνατόν.
934 5802 1048 5858 Καὶ
1107 5803 1354 5868 διδάξατέ
1450 5804 1609 5875 ὑμεῖς
1685 5807 1737 5859 οί
1809 5807 1981 5863 πολλά

410 5893 599 5967 εἰδότες
663 5893 814 5985 ἡμᾶς
861 5895 988 5960 τοὺς
1048 5894 1277 5966 ἀμαθεῖς
1348 5898 1439 5952 καὶ
1513 5898 1849 5979 ἀγροίκους,
1896 5901 1979 5967 τίς

2071 4689 2339 4752 sentimus
2367 4695 2505 4751 etab
2520 4694 2729 4764 angelis
2747 4703 2802 4749 et
2824 4693 2894 4746 ab
2928 4690 3244 4747 hominibus
3276 4689 3406 4743 illud
3430 4701 3646 4742 omnem

2072 4793 2326 4846 naturam
2357 4788 2631 4844 excedens
2648 4787 2971 4859 mysterium
2987 4784 3245 4856 ignorari.
3258 4782 3436 4851 Atque
3454 4781 3648 4834 eadem

2076 4882 2241 4939 nobis
2296 4882 2365 4937 de
2416 4880 2801 4936 incarnatione
2847 4878 2996 4933 illius
3034 4885 3121 4931 est
3169 4876 3459 4931 sententia.
3491 4873 3649 4938 Quod

2073 4977 2221 5032 enim
2254 4975 2416 5029 homo
2438 4973 2614 5028 factus
2636 4971 2728 5036 sit,
2754 4979 2815 5025 et
2834 4970 3016 5026 edocti
3045 4984 3257 5032 sumus,
3281 4975 3337 5022 et
3368 4968 3653 5037 cognosci-

2076 5077 2275 5126 muset
2304 5066 2598 5123 credimus.
2623 5064 2910 5132 Quomodo
2945 5072 3131 5118 autem
3155 5062 3321 5116 homo
3357 5060 3535 5117 factus
3557 5063 3649 5129 sit,

2075 5164 2413 5233 ignoramus.
2436 5155 2545 5216 Sed
2576 5156 3041 5229 quemadmodum
3068 5157 3385 5228 ignoramus
3418 5156 3565 5211 illius
3584 5170 3651 5216 ex

2077 5255 2191 5311 Deo
2217 5260 2274 5307 et
2308 5252 2469 5307 Patre
2506 5249 2940 5321 generationem,
2973 5246 3053 5301 sic
3100 5248 3265 5301 etiam
3296 5260 3418 5300 eam
3450 5261 3556 5317 qua
3583 5262 3652 5301 ex

2076 5355 2255 5401 matre
2297 5360 2397 5401 sua
2437 5352 2623 5399 sancta
2654 5340 2822 5396 Maria
2861 5338 3075 5409 virgine
3108 5347 3274 5393 natus
3321 5348 3408 5391 est
3432 5376 3448 5400 ,
3487 5336 3653 5392 nobis

2077 5440 2477 5510 incompertam
2514 5451 2633 5492 esse
2654 5433 2915 5489 fatemur.
2945 5432 3056 5487 Vos
3081 5444 3234 5491 vero.
3264 5430 3359 5500 qui
3378 5428 3509 5498 quid
3542 5429 3654 5483 Deo

2078 5529 2417 5599 impossibile
2442 5528 2532 5590 sit,
2572 5522 2877 5594 intelligitis
2916 5521 3124 5585 (dicitis
3164 5519 3337 5583 enim,
3368 5518 3654 5585 Quomodo

2081 5622 2343 5694 possibile
2377 5629 2462 5676 est
2487 5628 2549 5673 ut
2578 5619 2721 5672 Dens
2754 5616 2955 5672 habeat
2984 5614 3247 5683 Filium?)
3281 5613 3473 5668 eadem
3503 5622 3653 5669 certe

2080 5713 2292 5766 ratione
2320 5724 2427 5780 qua
2463 5708 2567 5763 hoc
2603 5706 2818 5771 dicitis,
2855 5704 2987 5777 quid
3030 5706 3198 5760 etiam
3247 5704 3357 5761 Deo
3392 5702 3653 5773 possibile

2080 5801 2529 5873 sitJintelligetis.
2548 5800 2657 5856 Vos
2684 5800 2853 5871 igitur
2883 5797 3177 5854 multarum
3208 5811 3393 5853 rer-tm
3418 5796 3651 5854 scientia

2081 5896 2316 5973 pmditi,
2336 5886 2530 5952 docete
2554 5908 2656 5951 nos
2681 5894 2933 5952 indoctos
2952 5903 3009 5951 et
3037 5891 3228 5960 rudes,
3275 5902 3524 5964 quaenam
3543 5886 3641 5947 Dei
