4086 6288
294 371 387 438 ιη

1239 366 1546 428 CONTRA
1593 365 2082 427 MAHOMETEM
2127 365 2510 427 APOLOGlA
2554 368 2606 429 .l.

3415 372 3525 443 418

289 483 512 546 παιδίον,
557 481 853 554 προφήτης
899 479 1160 549 Ὑψίστου
1193 480 1466 551 κληθήσῃο
1500 481 1840 550 προπορεύσι

1963 477 2288 546 vocaberis,-
2333 481 2555 550 pracibis
2605 481 2753 538 enim
2789 493 2914 539 ante
2965 483 3158 540 t‘aciem
3198 485 3429 550 Domini,
3459 489 3528 544 ad

290 581 392 648 γὰρ
424 575 528 644 πρὸ
568 573 869 645 προσώπου
915 571 1122 644 Κυρίου
1159 572 1452 642 ἑτοιμάσαι
1475 572 1628 634 ὁδοὺς
1658 571 1848 637 αὑτοῦ,
1886 611 1888 614 μ

290 668 377 724 τοῦ
405 665 586 722 δοῦναι
615 667 821 736 γνῶσιν
846 667 1124 736 σωτηρίας
1154 666 1233 735 τῷ
1273 665 1388 736 λαῴ
1418 664 1584 718 αὑτοῦ
1610 667 1669 716 ὲν
1703 666 1842 734 ἀφέ-

1959 570 2265 638 parandum
2293 571 2409 627 vias
2449 575 2595 643 ejus,
2623 576 2691 627 ad
2725 576 2960 630 dandum
2996 577 3282 634 scientiam
3335 580 3533 635 salutis

1953 665 2160 735 populo
2203 664 2524 735 ipsius'per
2571 666 2950 722 remissionem
3001 681 3348 738 peccatorum
3382 673 3529 741 ejus,

291 777 368 813 σει
430 758 716 830 ἁμαρτιῶν
761 759 971 824 αὐτῶν,
1005 757 1094 812 διὰ
1144 759 1429 828 σπλάγχνα
1483 758 1666 820 ἐλέους
1713 755 1840 810 Θεοῦ

1952 766 2053 823 per
2079 753 2294 808 viscera
2320 755 2715 810 n'tisericordia:
2749 756 2839 810 Dei
2877 759 3052 812 nostri
3081 760 3169 813 ³⁸⁸.
3206 779 3224 811 ι
3263 759 3531 818 Joannem

287 848 450 920 ήμῶν.
485 866 502 899 ι
538 848 761 911 Πάντως
793 848 822 901 ὁ
849 848 944 902 τοῦ
967 849 1238 919 Ζαχαρίου
1267 849 1377 911 υίὸς
1396 847 1644 923 Ἰωάννης
1676 848 1840 918 μέγας

1949 856 2101 902 certe
2141 844 2424 903 Zachariae
2483 848 2655 902 filium
2703 865 2956 919 maguum
3003 850 3326 921 prophetam
3359 855 3533 910 fuisse

286 943 560 1012 προφήτης
617 939 956 1008 εὑρίσκεται,
989 941 1174 1004 καθὼς
1229 947 1325 995 καὶ
1376 943 1578 1005 πάντες
1607 944 1657 996 ei
1690 943 1846 996 Mou-

289 1032 578 1102 σουλμάνοι
600 1032 983 1101 ὁμολογοῦσιν.
1018 1034 1086 1087 Τί
1115 1033 1169 1086 δὲ
1200 1035 1614 1105 προεφήτευσεν
1640 1053 1656 1101 ;
1683 1034 1847 1090 ’Ἄλλο

281 1127 425 1180 οὐδὲν
475 1120 898 1204 ἀναφαίνεταιῆ
937 1126 1068 1198 περὶ
1107 1126 1204 1180 τοῦ
1236 1128 1499 1197 Χριστοῦ,
1533 1125 1714 1191 καθὼς
1753 1127 1848 1182 καὶ

279 1222 629 1291 προείπομεν.
671 1221 808 1274 Τίνα
850 1220 912 1276 δὲ
963 1221 1121 1276 καλεῖ
1149 1224 1178 1276 ὸ
1213 1223 1493 1293 Ζαχαρίας
1526 1222 1796 1292 Ὕψιστον
1825 1238 1842 1288 ;

277 1312 377 1366 Τὸν
405 1311 666 1384 Χριστόν.
695 1313 830 1384 Περὶ
855 1313 1023 1368 αὑτοῦ
1049 1314 1142 1368 καὶ
1167 1316 1279 1384 γὰρ
1298 1311 1419 1370 εἷπε
1443 1317 1523 1384 τὸ,
1561 1333 1580 1368 ι
1626 1315 1846 1388 Προφή-

277 1419 371 1474 της
413 1404 672 1474 Ὑψίστου
719 1404 998 1480 κληθήσῃ.
1026 1424 1046 1460 ι

345 1504 441 1562 ις’.
493 1500 620 1552 Ἔτι
694 1498 967 1570 Ἱερεμίας
1003 1502 1032 1554 ὀ
1065 1499 1355 1572 προφήτης
1395 1501 1596 1556 οὑτωσί
1653 1519 1840 1574 φησιν,

279 1604 296 1638 ι
333 1579 498 1649 οὗτος
521 1587 551 1639 ὁ
580 1586 713 1650 Θεὸς
753 1589 786 1658 ή
797 1587 915 1656 μῶν
939 1605 955 1622 ο
987 1589 1048 1641 οὐ
1079 1589 1464 1661 λογισθήσεται
1489 1591 1675 1662 ἕτερος
1707 1593 1844 1662 πρὸς

271 1680 446 1734 αὐτόν.
492 1679 721 1749 Ἑξεῦρε
760 1681 944 1734 πᾶσαν
995 1682 1114 1735 ὁδὸν
1145 1683 1483 1753 ἐπιστήμης,
1511 1684 1608 1737 καὶ
1635 1684 1841 1738 ἔδωκεν

269 1771 430 1843 αὐτὴν
479 1771 679 1827 ’ἰακὼὸ
736 1773 813 1844 τῷ
865 1773 1018 1829 παιδὶ
1064 1773 1232 1828 αὐτοῦ
1259 1814 1278 1840 ,
1349 1776 1446 1830 καὶ
1505 1776 1722 1847 Ἰσραὴλ
1763 1775 1841 1846 τῷ

268 1865 608 1936 ἠγαπημένῳ
636 1865 731 1919 ὑπ’
763 1865 949 1922 αὐτοῦ.
983 1869 1141 1922 Μετὰ
1171 1868 1230 1921 δὲ
1259 1868 1435 1923 ταῦτα
1467 1869 1562 1924 ἐπὶ
1590 1871 1689 1941 τῆς
1731 1870 1836 1941 γῆς

267 1955 441 2028 ὤφθη,
472 1958 575 2012 καὶ
600 1961 712 2023 τοίς
738 1959 1045 2032 ἀνθρώποις
1089 1963 1530 2034 συνανεστρὰφη.
1565 1982 1584 2018 ι
1612 1961 1758 2035 Αὕτη
1803 1966 1839 2036 ἡ

269 2049 446 2120 βίϐλος
479 2051 595 2104 τῶν
640 2053 1080 2123 προσταγμάτων
1108 2053 1208 2108 τοῦ
1235 2054 1394 2110 Θεοῦ.
1434 2051 1588 2120 Εἶδες
1621 2072 1840 2128 προφη-

267 2144 412 2206 τείας
441 2142 778 2215 λαμπούσας
805 2146 948 2217 ὑπὲρ
977 2147 1075 2201 τὸν
1104 2148 1288 2218 ἥλιονς
1332 2149 1460 2202 Ὀτι
1504 2149 1606 2220 μὲν
1634 2149 1837 2214 πάντες

235 2237 315 2292 ὀί
343 2239 636 2310 προφῆται
665 2239 756 2294 διὰ
789 2242 1067 2313 διαφόρων
1110 2240 1310 2307 λέξεων
1349 2242 1591 2314 λέγουσι,
1641 2244 1844 2309 πάντες

265 2330 319 2383 δὲ
357 2329 750 2400 συμφωνοῦσιν
781 2333 865 2397 είς
903 2334 966 2388 τὸ
1017 2333 1188 2398 αὐτὸ,
1244 2335 1367 2390 ius!
1417 2336 1446 2388 6
1502 2335 1666 2400 αὐτὸς
1707 2336 1843 2402 Θεός

267 2427 409 2478 ἐστιν
439 2427 466 2477 ὁ
503 2423 687 2481 λαλῶν
712 2423 805 2480 διὰ
838 2424 1111 2500 στόματος
1139 2427 1342 2494 αὐτῶν,
1393 2428 1552 2483 τοῦτο
1592 2429 1842 2486 τοιοῦτον

266 2514 362 2571 ἔνι.
403 2516 554 2571 Ἀλλ’
593 2517 747 2588 ὅμως
796 2518 874 2581 ὡς
912 2519 971 2573 ἐν
1019 2518 1238 2589 συνόψει
1271 2517 1427 2576 εἷπον
1456 2521 1566 2577 ὅτε
1615 2520 1844 2588 Ἡσαΐας

268 2613 358 2664 καὶ
397 2609 677 2682 Ἱερεμίας
699 2625 719 2644 ⁶
751 2613 781 2668 ὁ
819 2612 919 2682 μὲν
957 2628 1039 2666 τοι
1075 2613 1304 2677 Ἡσαΐας
1325 2611 1517 2682 εἰπὼν,
1549 2613 1631 2669 ὅτι
1661 2634 1681 2668 ι
1711 2617 1845 2671 Παι-

266 2703 367 2758 δίον
383 2703 657 2777 ἐγεννήθη
672 2709 704 2776 ή
715 2708 805 2776 μίν
818 2706 913 2760 καὶ
932 2705 1154 2777 ibdem}:
1173 2707 1446 2778 ἐπήγαγε,
1481 2727 1500 2760 ι
1535 2707 1668 2773 Θεὸς
1694 2710 1845 2780 ίσχυ·

269 2798 374 2868 ρός·
401 2817 421 2850 ι
448 2798 477 2850 6
495 2798 559 2851 δὲ
595 2797 868 2868 Ἱερεμίας
886 2797 1058 2852 είπὼν
1081 2841 1096 2866 ,
1117 2799 1201 2852 ὅτι
1224 2794 1423 2865 ιΟὗτος
1451 2804 1479 2854 ὁ
1506 2800 1638 2866 Θεὸς
1665 2804 1844 2875 ήμῶνο

265 2889 322 2941 οὐ
347 2889 740 2960 λογισθήσεται
783 2888 970 2963 ἔτερος
1019 2891 1364 2963 πρὸςῇαῠτὸν,
1396 2911 1416 2945 ι
1458 2893 1646 2961 λέγει,
1681 2914 1701 2948 ‹
1722 2895 1847 2958 Ἐπὶ

263 2980 356 3048 τῆς
389 2956 494 3050 γῆς
531 2956 714 3051 ὤφθη,
752 2982 846 3035 καὶ
876 2956 987 3046 τοῖς
1014 2956 1322 3053 ἀνθριῦποις
1349 2956 1792 3056 -συνανεστ-ράφη.

265 3073 336 3126 οὐ
368 3072 536 3143 μόνον
564 3072 674 3144 γὰρ
703 3073 833 3143 περὶ
881 3073 978 3127 τοῦ
1006 3074 1246 3146 Χριστοῦ
1300 3077 1720 3149 προεφήτευσαν
1753 3082 1846 3134 καὶ

1949 949 2186 1005 constat,
2215 940 2466 995 omnium
2499 956 2721 1011 quoque
2763 942 3231 998 Musulmanorum
3281 945 3535 1001 testium.-

1950 1031 2233 1099 nio.‘Quid
2265 1048 2396 1088 vero
2433 1033 2523 1088 hic
2569 1032 2960 1104 prophetavit?
3005 1034 3152 1089 Nihil
3179 1035 3327 1090 aliud
3364 1049 3529 1106 quam

1945 1123 2227 1180 Christum
2253 1124 2554 1191 denotarit,
2587 1125 3050 1196 quemadmodum
3074 1140 3239 1196 supra
3263 1128 3514 1198 exposui-

1947 1231 2093 1272 mus.
2117 1216 2416 1272 Zacharias
2445 1233 2602 1286 vero,
2646 1233 2940 1289 quemnam
2969 1218 3314 1274 Altissimum
3351 1223 3530 1275 nomi-

1946 1308 2082 1363 nat?
2112 1308 2390 1364 Christum
2441 1309 2671 1366 scilicet.
2715 1311 2790 1366 De
2832 1311 2923 1366 illo
2970 1313 3117 1366 enim
3149 1312 3255 1367 hoc
3292 1312 3525 1380 dixerat,

1951 1420 1968 1452 ι
1998 1401 2265 1469 Propheta
2293 1399 2556 1455 Altissimi
2587 1401 2894 1458 vocaberis.
2936 1421 2957 1456 ι

2018 1491 2104 1546 16.
2131 1492 2301 1546 Porro
2321 1490 2610 1546 Jeremiam
2636 1493 2960 1566 prophetam
2985 1496 3065 1552 sic
3093 1497 3365 1554 dicentem
3391 1501 3526 1574 legi-

1943 1598 2066 1638 mus
2093 1601 2108 1637 :
2138 1601 2157 1634 ‹
2189 1583 2287 1639 llic
2307 1593 2390 1638 est
2413 1583 2556 1639 Deus
2576 1594 2782 1651 noster,
2809 1598 2866 1642 et
2887 1587 3028 1643 alius
3049 1590 3200 1660 juxta
3237 1591 3383 1648 hunc
3412 1609 3523 1648 non

1944 1677 2308 1746 reputabitur.
2335 1675 2545 1730 Invenit
2581 1691 2801 1732 omnem
2833 1678 2973 1732 viam
2997 1680 3259 1749 scientia,
3286 1691 3343 1738 et
3371 1685 3525 1741 dedit

1941 1781 2060 1820 eam
2077 1765 2246 1822 Jacoh
2262 1781 2422 1822 servo
2445 1782 2567 1835 suo,
2595 1776 2653 1824 et
2679 1769 2864 1825 lsraeli
2886 1771 3089 1827 dilecto
3120 1787 3241 1828 suo.
3267 1773 3390 1830 Post
3410 1775 3531 1832 hate
3626 1774 3628 1777 ’

1941 1866 2152 1915 autem"
2177 1874 2347 1930 super
2391 1871 2594 1916 terram
2645 1861 2796 1917 visus
2831 1872 2938 1930 est,
2966 1874 3025 1920 et
3057 1879 3181 1921 cum
3209 1867 3530 1925 hominibus

1943 1961 2306 2008 conversatus
2331 1960 2438 2009 est.
2461 1973 2481 2004 ι
2502 1953 2602 2010 Hic
2628 1963 2710 2010 est
2735 1955 2875 2012 liber
2903 1957 3286 2014 mandatorum
3309 1958 3425 2015 Dei.
3442 1961 3524 2017 En

1951 2044 2053 2100 tibi
2083 2047 2302 2101 oracula
2353 2046 2469 2102 sole
2521 2047 2914 2117 splendidiora.
2945 2048 3082 2105 Cum
3137 2051 3285 2106 enim
3321 2053 3521 2122 singuli

1943 2133 2342 2206 prophetarum
2393 2135 2629 2194 diversis
2702 2145 2934 2194 utantur
2979 2139 3202 2196 dicendi
3249 2141 3521 2218 formulis,

1944 2239 2136 2280 omnes
2166 2235 2347 2280 tamen
2379 2227 2434 2282 in
2458 2242 2629 2283 unum
2669 2229 3048 2296 consentiunt,
3073 2222 3532 2304 quandoquidem

1944 2315 2090 2372 Deus
2114 2324 2222 2383 est,
2251 2317 2346 2386 qui
2406 2317 2522 2373 haec
2541 2325 2597 2372 et
2631 2319 2832 2375 similia
2877 2335 2976 2390 per
3001 2335 3066 2378 os
3099 2322 3342 2393 ipsorum
3375 2323 3529 2381 laetu.

1946 2416 2035 2464 tus
2089 2419 2195 2464 est.
2230 2406 2619 2464 Verumtamen
2678 2425 2781 2466 ceu
2841 2425 2912 2468 ex
2957 2415 3238 2471 communi
3288 2419 3524 2487 quadam

1944 2501 2422 2572 contemplatione
2471 2503 2756 2560 vaticinati
2788 2515 2938 2572 sunt,
2970 2515 3026 2562 et
3081 2507 3250 2566 isaias
3294 2520 3348 2568 et
3370 2512 3524 2569 lere—

1945 2593 2105 2648 mias.
2130 2593 2302 2650 Isaias
2327 2594 2553 2666 quidem
2583 2597 2637 2651 in
2666 2596 2816 2654 hunc
2845 2600 3070 2656 modum
3101 2620 3115 2656 :
3149 2621 3168 2655 ι
3201 2603 3340 2659 Puer
3360 2616 3524 2661 natus

1951 2693 2040 2740 est
2067 2685 2252 2752 nobis,
2287 2696 2346 2742 et
2377 2687 2521 2743 ﬁlius
2547 2689 2709 2745 datus
2736 2698 2821 2747 est
2843 2691 3040 2757 nobis;
3070 2711 3088 2745 ›
3121 2695 3322 2766 quibus
3346 2698 3521 2760 aditu,

1952 2795 1971 2828 ι
2006 2777 2152 2834 Deus
2182 2778 2364 2841 fortis,
2397 2798 2417 2832 ι
2446 2789 2552 2836 etc.
2573 2781 2840 2838 Jeremias
2865 2799 2993 2840 vero
3009 2785 3088 2841 sic
3109 2787 3294 2843 dicens
3325 2805 3339 2843 :
3374 2808 3391 2840 c
3425 2789 3525 2844 llic
3577 2836 3583 2843 .

1936 2874 2031 2925 est
2063 2871 2207 2952 Deus
2230 2880 2437 2938 noster,
2463 2889 2571 2929 non
2608 2876 2960 2945 reputabitur
2991 2879 3135 2933 alius
3164 2878 3316 2952 juxta
3353 2882 3523 2938 hunc.

1947 2958 2124 3031 Super
2157 2971 2359 3018 terram
2404 2965 2556 3022 visus
2595 2977 2703 3034 est,
2727 2978 2781 3024 et
2814 2967 3275 3026 cumbomiuibus
3297 2988 3527 3028 conxer-

1947 3063 2099 3110 satus
2151 3065 2257 3113 est.
2299 3075 2318 3110 ι
2362 3057 2481 3113 Non
2525 3059 2671 3114 enim
2719 3062 2789 3118 de
2835 3063 2954 3118 solo
2999 3061 3222 3120 Christo
3247 3065 3525 3141 vaticinati

266 3159 414 3219 εἷπον
445 3167 498 3220 oi
538 3168 839 3237 προφῆται,
887 3167 1026 3221 ἀλλὰ
1073 3168 1168 3222 καὶ
1198 3170 1328 3239 περὶ
1357 3171 1455 3240 τῆς
1483 3171 1645 3240 ἁγίας
1673 3172 1840 3227 αὐτοῦ

1949 3159 2076 3202 sunt
2099 3151 2400 3220 prophetae,
2424 3167 2618 3208 verum
2659 3154 2825 3209 etiam
2866 3153 2935 3210 de
2967 3165 3316 3212 sacrosancta
3372 3157 3524 3215 illius

267 3259 468 3332 μητρὸς
503 3262 605 3316 καὶ
640 3261 943 3332 Παρθένου,
997 3263 1162 3318 ᾶτινα
1194 3265 1286 3320 διὰ
1320 3265 1383 3319 τὸ
1413 3265 1622 3337 πλῆθος
1653 3268 1837 3337 εἰάθη-

264 3352 380 3404 σαν.
436 3350 557 3405 Καὶ
616 3350 727 3404 ἰδοὺ
776 3354 908 3423 περὶ
954 3353 1064 3407 τῶν
1090 3354 1369 3410 ὀπτασιῶν
1403 3357 1510 3414 τῶν
1539 3357 1710 3427 ἁγίων
1743 3361 1838 3413 καὶ

261 3441 366 3495 τῶν
397 3442 766 3515 προφητικῶν
791 3445 1004 3516 ῥήσεων
1029 3444 1232 3509 ἱκανῶς
1252 3447 1580 3518 εἰρήκαμεν.
1607 3450 1837 3520 Ἱδωμεν

260 3535 323 3616 δε
367 3537 462 3591 καὶ
516 3537 603 3599 είς
657 3537 722 3589 τὸ
769 3536 900 3607 ἑξῆς
949 3538 1004 3591 τί
1039 3537 1291 3609 βούλεται
1341 3540 1524 3594 καὶτὸ
1557 3543 1709 3605 τέλος
1736 3544 1836 3597 αὐ-

259 3623 384 3660 των.

328 3699 413 3764 ιξ’.
450 3700 648 3763 Ὅπως
696 3700 979 3772 ἀπεστάλη
1017 3701 1078 3770 ἐξ
1106 3703 1343 3774 οὐρανοῦ
1388 3703 1632 3776 Γαϐριὴλ
1676 3708 1704 3759 ὁ
1736 3707 1836 3777 ἀρν

259 3790 529 3863 χάγγελος
583 3792 1046 3868 εὐαγγελίσασθαι
1091 3798 1158 3867 τῇ
1194 3796 1327 3867 ἁγίᾳ
1360 3796 1621 3866 Παρθένῳ
1647 3799 1837 3871 Μαρίᾳ

260 3886 359 3958 τήν,
385 3880 682 3956 σύλληψιν,
727 3889 824 3943 καὶ
878 3889 1030 3949 ὅπως
1087 3889 1352 3942 συνέλαῦε
1407 3889 1500 3942 τὸν
1554 3888 1645 3942 τοῦ
1698 3891 1834 3944 Θεοῦ

258 3979 470 4049 Λόγον,
525 3978 626 4033 καὶ
682 3980 842 4051 (ipsi;
910 3979 1305 4050 ὁμολογοῦντες
1357 3981 1578 4050 λέγετε,
1609 3980 1713 4036 κᾶν
1739 3985 1836 4039 καὶ

257 4069 430 4138 ὀρθῶς
463 4068 548 4140 μὴ
579 4070 908 4140 φρονοῦν-τάς
960 4072 1085 4123 ἐστε
1142 4075 1272 4143 περὶ
1326 4071 1547 4137 τούτου,
1579 4072 1834 4142 λέγοντες

253 4155 336 4208 ὅτι
391 4155 691 4226 ἄνθρωπον
748 4156 902 4224 ψιλὸν
950 4157 1244 4229 ἐγέννησεν
1295 4159 1328 4229 ἡ
1389 4161 1683 4229 Παρθένος,
1737 4166 1834 4215 καὶ

259 4247 318 4298 οὐ
346 4244 507 4313 Θεὸν,
545 4243 970 4307 ἀκολουθοῦντες
998 4249 1112 4310 τοῖς
1141 4243 1235 4300 τοῦ
1247 4244 1544 4316 Νεστορξου
1574 4247 1830 4317 δόγμασι⁸

259 4338 352 4391 καὶ
409 4337 497 4392 ὅτι
558 4337 849 4411 ἄνθρωπος
879 4337 978 4409 μὲν
1010 4331 1076 4409 ἦν
1105 4340 1134 4391 6
1170 4339 1430 4407 Χριστὸς,
1463 4340 1752 4412 ἄνθρωπος
1777 4342 1833 4396 δὲ

261 4428 438 4499 μέγας
468 4428 572 4484 καὶ
603 4420 762 4496 ἅγιος
797 4430 890 4482 καὶ
923 4428 1146 4500 ὑψηλὸς,
1178 4425 1289 4492 οἷος
1327 4428 1452 4484 οὕτε
1484 4431 1591 4501 πρὸ
1618 4432 1831 4486 ἐκείνου

1945 3251 2141 3306 matre,
2173 3239 2398 3314 Virgine
2444 3243 2635 3310 Maria,
2664 3261 2785 3316 qum
2833 3246 3055 3317 quidem
3104 3264 3252 3305 nunc
3300 3263 3523 3322 prop:cr

1947 3334 2172 3389 nimiam
2204 3334 2578 3405 prolixitatem
2635 3337 2977 3395 omittemus.
3009 3339 3077 3395 Et
3135 3338 3249 3395 haec
3298 3341 3523 3410 quidem

1945 3428 2015 3482 de
2045 3437 2360 3482 sanctorum
2416 3428 2848 3484 revelationibus
2895 3435 2951 3485 et
2988 3430 3374 3502 prophetarum
3399 3446 3524 3488 ora-

1942 3518 2082 3573 culis
2113 3516 2449 3573 suilicienter
2505 3520 2743 3575 diximus
2776 3539 2790 3575 :
2823 3535 2972 3576 nunc
3006 3537 3137 3578 vero
3171 3524 3294 3595 quis
3324 3523 3524 3581 horum

1942 3610 2189 3666 omnium
2226 3611 2348 3668 linis
2379 3613 2473 3678 sit,
2507 3613 2941 3670 consideremus.

2014 3702 2103 3756 17.
2131 3701 2288 3769 Quod
2340 3719 2472 3757 sane
2523 3706 2887 3776 archangelus
2907 3705 3124 3761 Gabriel
3154 3707 3368 3764 caelitus
3393 3710 3529 3764 mis-

1943 3810 2040 3850 sus
2071 3795 2141 3850 sit
2167 3793 2307 3850 divae
2333 3794 2533 3866 virgini
2563 3795 2746 3852 Mariae
2798 3801 3209 3868 conceptionem
3240 3800 3528 3855 nuntiatu-

1943 3905 2058 3953 rus,
2089 3896 2146 3943 et
2174 3886 2320 3959 quod
2358 3887 2474 3945 haec
2503 3889 2620 3958 ipsa
2648 3889 2742 3944 Dei
2779 3892 3028 3946 Verbum
3061 3891 3400 3961 conceperit,
3425 3907 3526 3948 vos

1945 3977 2046 4047 ipsi
2086 3978 2419 4034 amrmantcs
2450 3978 2790 4034 confitemini
2818 3979 3105 4049 :quamvis
3134 3978 3310 4034 dehis
3340 3979 3525 4035 minus

1943 4074 2091 4122 recte
2123 4067 2398 4132 sentiatis,
2444 4081 2571 4122 cum
2625 4067 2814 4122 dicitis
2858 4066 3322 4138 nimirum,-quod
3355 4067 3524 4139 Virgo

1941 4158 2228 4215 hominem
2281 4158 2486 4213 nudum
2543 4161 2845 4228 pepererit,
2882 4169 2937 4214 et
2969 4175 3077 4222 non
3110 4159 3279 4214 Deum
3326 4161 3524 4231 (secuti

1944 4252 2090 4308 haud
2121 4250 2288 4306 dubie
2307 4250 2546 4307 Nestorii
2567 4249 2810 4323 dogma),
2831 4258 2886 4307 et
2904 4251 3050 4321 quod
3075 4249 3327 4309 Christus
3357 4249 3526 4310 homo

1943 4359 2154 4407 tantum
2209 4351 2394 4414 fuerit,
2451 4336 2616 4406 homo
2669 4359 2852 4405 autem
2913 4366 3161 4422 magnus,
3215 4363 3436 4409 sanctus
3467 4363 3524 4409 et

1940 4422 2230 4513 augustos,
2271 4457 2381 4514 quo
2425 4442 2666 4499 sanctior
2704 4452 2830 4497 ante
2877 4442 3028 4497 hunc
3078 4453 3240 4499 natus
3289 4458 3395 4499 non
3425 4445 3520 4510 sit,

258 4523 485 4590 ιγίνετο
540 4520 846 4594 ἁγιώτερος
876 4521 1071 4588 αὐτοῦ,
1119 4523 1240 4576 οὐδὲ
1279 4525 1418 4594 μετὰ
1443 4523 1618 4578 ταῦτα
1646 4527 1837 4597 γεννή-

1945 4549 2128 4603 neque
2178 4533 2516 4598 nasciturus,
2569 4533 2664 4588 sed
2717 4533 2868 4589 hunc
2921 4533 3166 4588 omnium
3238 4534 3522 4590 hominum

259 4628 433 4682 σεται,
467 4612 590 4667 ἀλλ’
624 4612 786 4678 αὑτός
835 4615 984 4667 ἐστιν
1015 4615 1044 4668 6
1095 4614 1312 4670 πάντων
1343 4615 1647 4687 ἀνθρώπων
1670 4616 1838 4685 ἁγιώ-

255 4688 434 4780 τερος.
500 4706 697 4776 Ἡμεῖς
733 4705 792 4759 δὲ
840 4705 1174 4777 πιστεύομεν
1232 4709 1327 4761 καὶ
1385 4707 1696 4780 φρονοῦμεν
1741 4710 1836 4762 καὶ

254 4797 518 4868 λέγομεν,
548 4797 630 4851 ὅτι
676 4799 842 4861 αὐτὸς
895 4799 925 4852 6
969 4799 1204 4870 Χριστὸς
1237 4801 1403 4863 αὑτός
1443 4802 1593 4855 ἐστιν
1629 4800 1658 4853 6
1708 4800 1833 4863 Υίὸς

253 4891 347 4946 τοῦ
387 4891 534 4946 Θεοῦ
579 4889 674 4945 τοῦ
711 4891 934 4957 ζῶντος,
966 4893 995 4945 6
1044 4891 1251 4964 ἀληθὴς
1298 4891 1452 4956 Θεὸς,
1499 4895 1526 4946 ὁ
1555 4894 1835 4964 γεννηθεὶς

256 4987 320 5040 ἐκ
383 4985 489 5057 τῆς
534 4971 632 5040 ’ἀεὶ
669 4984 944 5057 παρθένου
1006 4984 1227 5056 Μαρίας
1285 4985 1414 5039 ἄνευ
1478 4984 1693 5056 ἀνδρὸς.
1741 4989 1836 5040 καὶ

259 5080 388 5144 Υίὸς
427 5079 509 5134 ὢν
542 5078 636 5134 τοῦ
691 5078 854 5144 Θεοῦ,
903 5080 996 5132 καὶ
1049 5078 1182 5141 Θεὸς
1244 5075 1593 5149 προαιώνιος,
1656 5077 1835 5130 λασὼν

261 5175 448 5246 σάρκα
486 5173 550 5238 ἐξ
584 5173 780 5243 αὐτῆς,
825 5172 920 5226 καὶ
963 5161 1258 5242 γενόμενος
1293 5171 1606 5242 ἄνθρωπος,
1643 5169 1702 5222 ὂν
1738 5169 1838 5223 καὶ

260 5261 596 5332 πιστεύομεν
628 5257 773 5316 εἶναι
824 5262 958 5315 Θεόν
998 5278 1057 5314 τε
1097 5261 1193 5314 καὶ
1230 5261 1545 5330 ἄνθρωπον.
1589 5261 1836 5326 Παρελὰ-

260 5359 431 5428 Εομεν
467 5358 529 5410 δὲ
576 5356 738 5413 τοῦτο
773 5357 868 5413 καὶ
907 5358 1270 5430 ἐδιδάχθημεν
1313 5359 1421 5413 ἀπό
1472 5375 1530 5412 τε
1577 5357 1670 5412 τοῦ
1709 5374 1838 5428 προ-

262 5452 434 5523 φήτου
466 5452 774 5517 Μωῦσέως,
819 5451 914 5507 τοῦ
953 5452 1140 5520 Δαόὶδ,
1175 5453 1272 5506 καὶ
1303 5453 1525 5506 πάντων
1553 5455 1662 5506 τῶν
1698 5470 1837 5524 προ-

257 5548 450 5618 Win»
487 5546 596 5602 τῶν
641 5548 942 5616 γεγονότων
964 5547 1077 5602 ἀπό
1111 5564 1170 5600 τε
1202 5548 1296 5600 τοῦ
1325 5547 1606 5609 Μωῦσέως
1643 5549 1836 5618 μέχρις

265 5638 329 5693 ἂν
354 5637 492 5710 ἔλθῃ
521 5641 549 5694 6
576 5638 837 5707 Χριστὸς,
861 5639 891 5693 6
919 5640 1050 5696 παρ’
1076 5639 1302 5722 ἐκείνων
1330 5641 1830 5727 προφήτεωίμιτιενοςτ

320 5821 389 5853 ³³⁸
418 5817 572 5878 Luc.
606 5834 646 5887 ι,
681 5817 863 5874 76-78.

1943 4641 2067 4681 esse
2097 4625 2532 4681 sanctissimum.
2582 4623 2696 4705 Nos
2744 4639 2874 4681 vero
2927 4625 3224 4690 credimus,
3256 4630 3524 4683 sentimus

1942 4727 1997 4773 et
2023 4717 2283 4780 fatemur,
2303 4717 2450 4787 quod
2475 4717 2590 4786 ipse
2628 4717 2902 4783 Christus,
2951 4717 3041 4772 ille
3073 4717 3240 4781 idem,
3268 4717 3519 4787 inquam,

1889 4866 1900 4878 ,
1944 4810 2118 4866 Filius
2152 4811 2224 4866 sit
2258 4811 2352 4864 Dei
2405 4810 2661 4870 viventis,
2715 4809 2860 4864 Deus
2904 4824 3088 4871 verus,
3117 4811 3208 4878 qui
3240 4817 3400 4864 natus
3434 4818 3522 4867 est

1942 4917 2008 4956 ex
2031 4902 2196 4956 Maria
2214 4901 2420 4972 virgine
2448 4903 2566 4955 sine
2589 4901 2690 4955 viri
2711 4913 3030 4971 congressu,
3063 4901 3250 4961 Filius.
3273 4901 3518 4970 inquam,

1945 4996 2038 5050 Dei
2103 4995 2174 5047 sit
2231 5004 2286 5048 et
2349 4994 2491 5048 Deus
2550 4993 2620 5047 ab
2670 5003 2896 5059 αξιοι-ιω,
2927 4992 3019 5062 qui
3050 5007 3267 5048 carnem
3311 5006 3376 5047 cx
3404 4992 3519 5062 ipsa

1904 5087 2321 5161 assumpserit,
2373 5097 2426 5139 et
2475 5086 2642 5140 homo
2692 5084 2870 5138 [actus
2918 5085 3008 5152 sit,
3070 5099 3233 5154 quem
3271 5084 3520 5139 simulet

1947 5184 2114 5236 Deum
2151 5193 2207 5236 et
2254 5182 2532 5236 hominem
2579 5193 2702 5235 esse
2749 5177 3042 5234 credimus.
3102 5178 3226 5232 llrec
3262 5193 3392 5231 vero
3411 5175 3518 5233 de-

1943 5274 2284 5345 sumpsimus
2334 5291 2363 5328 a
2411 5274 2676 5344 propheta
2720 5273 2892 5336 Mose,
2923 5271 3144 5337 Davide,
3176 5280 3231 5326 ct
3261 5271 3520 5328 omnibus

1951 5365 2090 5429 aliis,
2125 5369 2214 5435 qui
2262 5373 2380 5434 post
2419 5365 2622 5420 Mosem
2656 5378 2826 5433 usque
2850 5361 2918 5416 ad
2941 5361 3167 5427 Christi,
3191 5360 3283 5432 qui
3310 5361 3378 5414 ab
3409 5359 3520 5419 illis

1944 5457 2240 5529 praedictus
2278 5457 2400 5520 fuit,
2445 5456 2741 5512 adventum
2773 5453 3110 5520 ﬂoruerunt;
3143 5453 3252 5508 imo
3279 5453 3345 5508 ab
3384 5452 3520 5525 ipsis

1943 5551 2106 5603 etiam
2157 5549 2381 5611 sanctis,
2410 5548 2502 5616 qui
2537 5556 2664 5602 ante
2702 5545 2867 5602 Hosis
2908 5555 3147 5616 tempora
3174 5543 3517 5603 visionesvi-

1942 5640 2176 5707 derunt;
2226 5647 2492 5708 przetcrea
2548 5637 2616 5692 ab
2648 5637 2768 5708 ipso
2814 5637 2976 5694 etiam
3005 5636 3250 5703 Christo,
3275 5645 3332 5692 ct
3365 5631 3513 5693 illius
