4086 6288
455 357 563 421 M7

1657 353 1984 417 JOANNIS
2025 349 2575 414 CANTACUZENH

3599 344 3700 408 448

455 466 611 528 dic't,
640 461 1028 534 desumpserit,
1061 476 1169 516 nou
1205 460 1384 524 video,
1421 460 1512 514 sed
1541 461 1887 532 cogitationis
1925 476 2038 515 sure

2170 460 2334 531 ἰὺρὼν
2368 462 2475 530 γὰρ
2514 457 2836 529 ἀνθρώπους
2866 457 3096 527 ἀμιθείς
3131 456 3227 510 καὶ
3263 453 3573 526 ἀγροίκους.
3613 459 3706 510 καὶ

458 561 714 630 ﬁgmenta
742 569 892 614 sunt.
927 559 1186 616 Homines
1216 558 1364 612 enim
1419 569 1610 614 nactus
1647 558 1901 613 indoctos
1952 575 2044 611 ru-

455 653 671 722 desque
700 652 946 721 nihilque
979 652 1091 707 fere
1115 667 1143 703 a
1170 651 1344 704 brutis
1377 650 1706 705 animalibus
1729 651 2043 706 diﬁ'erentes

461 748 693 816 (Arabes
727 747 872 800 enim
908 753 1156 814 pastores
1183 743 1334 812 sunt)
1385 759 1447 798 ea
1482 760 1602 814 qua:
1636 744 1870 814 propria,
1901 744 2044 799 ratio

462 847 749 906 pepererat
801 835 1057 906 ﬁgmenta
1107 836 1316 897 docuit,
1371 833 1440 888 de
1491 833 1688 902 quibus
1739 834 2043 889 silebimus.

464 925 582 982 Non
613 927 760 981 enim
833 927 1128 997 primarius
1179 925 1350 980 nostri
1404 925 1636 978 instituti
1694 939 1892 992 scopus
1938 933 2044 987 est,

463 1019 931 1074 Musulmanorum
965 1019 1178 1096 iniquas
1230 1026 1285 1071 et
1328 1018 1597 1071 erraticas
1623 1017 1905 1070 confutare
1932 1015 2049 1085 opi-

463 1112 680 1176 niones,
717 1111 810 1166 sed
850 1113 1225 1165 tantummodo
1255 1118 1540 1180 augustam
1579 1110 1746 1172 illam,
1777 1118 2045 1171 sanctam,

459 1205 662 1275 justam
705 1213 760 1260 et
820 1205 1099 1259 honestam
1129 1203 1561 1274 Christianorum
1591 1203 1906 1273 religionem
1953 1217 2049 1257 ex—

466 1313 692 1368 ponere.
744 1296 925 1365 Qttare
984 1296 1324 1351 redeundum
1382 1297 1449 1350 ad
1499 1296 1574 1361 id,
1614 1297 1772 1363 [unde
1815 1294 2046 1365 digressi

475 1405 689 1445 sumus.

539 1548 595 1604 4.
631 1547 767 1602 Cum
801 1548 969 1602 Adam
1003 1548 1144 1602 ﬁlios
1175 1548 1455 1617 genuisset
1501 1556 1554 1600 et
1583 1545 1743 1608 ﬁlias,
1769 1554 1825 1600 et
1855 1544 2061 1600 iisdem.

465 1641 726 1696 similiter
763 1641 901 1696 ﬁlios
932 1651 986 1697 et
1052 1641 1188 1694 ﬁlias
1234 1640 1706 1711 progignentibus,
1751 1640 2051 1694 humanum

471 1749 642 1803 genus
674 1749 837 1802 super
884 1743 1082 1788 terram
1122 1733 1545 1800 multiplicatum
1582 1741 1688 1786 est.
1724 1730 1829 1786 Sed
1880 1732 2052 1785 Adam

469 1841 594 1888 cum
650 1827 759 1881 Eva
818 1842 915 1881 sua
981 1825 1229 1896 quamvis
1278 1825 1490 1880 seducti
1550 1841 1578 1879 a
1627 1824 1868 1891 diabolo,
1917 1825 2048 1880 dum
2079 1799 2180 1896 Bf‘
2221 1795 2321 1867 μὲν

470 1918 818 1973 divinitatem
876 1917 1167 1980 affectant,
1224 1917 1538 1988 paradisum
1600 1931 1819 1985 quoque
1886 1912 2049 1984 quem

472 2010 751 2066 habebant
806 2009 1138 2073 amisissent,
1204 2009 1568 2064 nihilominus
1635 2018 1817 2062 tamen
1883 2008 2052 2062 Deum

472 2101 864 2169 ador-avorum,
904 2110 1208 2156 creatorem
1241 2110 1296 2155 et
1329 2101 1588 2155 factorem
1620 2115 1803 2154 suum.
1849 2098 2054 2153 [lorum

476 2203 659 2248 autem
701 2193 899 2262 posteri
942 2209 1065 2248 cum
1103 2210 1130 2246 a
1173 2196 1400 2248 veritate
1442 2193 1812 2257 deﬂexissent,
1852 2194 2059 2248 incide-

477 2297 608 2341 runt
647 2289 699 2340 in
749 2286 987 2341 nefanda
1018 2289 1246 2351 scelera,
1278 2301 1445 2355 Opera
1483 2273 1756 2341 horrenda
1794 2287 1968 2348 dictu,
2004 2295 2058 2340 et

476 2391 698 2450 peccata
732 2381 875 2449 ipsas
902 2392 1110 2435 naturae
1155 2381 1305 2451 leges
1346 2379 1688 2447 excedentia,
1719 2396 1840 2449 qua:
1875 2380 2054 2433 virum

475 2477 678 2530 bonum
735 2491 836 2529 nec.
885 2477 1173 2528 nominare
1225 2472 1446 2541 quidem
1483 2473 1660 2527 decet.
1697 2472 1807 2527 Nec
1845 2481 2054 2526 tantum

478 2572 534 2623 in
587 2569 737 2624 hisee
795 2569 976 2636 pravis
1032 2570 1354 2638 multisque,
1389 2576 1449 2621 ut
1503 2567 1764 2629 diximus,
1821 2565 2059 2635 peccatis

477 2672 853 2733 peccaverunt
887 2678 902 2722 ;
937 2661 1031 2714 sed
1082 2661 1274 2713 relicm
1303 2658 1467 2712 etiam
1507 2658 1618 2712 Deo
1648 2656 1772 2712 οωίί
1800 2667 1855 2711 et
1902 2663 2059 2709 terra:

479 2763 748 2810 creatore.
783 2752 1157 2806 adoraverunt
1185 2761 1493 2809 creaturas.
1523 2759 1579 2802 et
1604 2747 2062 2817 creaturamlplus

466 2857 642 2909 quam
663 2843 1002 2895 Creatorem.
1027 2840 1089 2894 lli
1121 2841 1266 2894 enim
1286 2841 1455 2895 solem
1479 2841 1864 2899 adoraverunt,
1881 2838 1960 2893 illi
1981 2839 2067 2891 lu-

481 2950 630 2995 natn,
661 2934 750 2987 alii
777 2935 981 3007 stellas,
1005 2945 1059 2987 et
1079 2934 1192 2988 hare
1222 2933 1404 2987 omnia
1436 2931 1718 3002 ipsiusDci
1736 2931 1957 2986 nomine
1975 2930 2062 2984 di-

483 3027 632 3097 gnati
652 3037 796 3094 sunt.
830 3026 894 3080 Et
922 3026 1383 3096 quemadmodum
1417 3026 1470 3079 i'n
1509 3026 1748 3079 tenebris
1778 3022 2064 3094 profundis

484 3122 924 3184 antbulantcs,ca
947 3128 1070 3190 "quae
1091 3120 1221 3189 ipsis
1248 3119 1551 3189 propinqua
1577 3126 1705 3173 sunt
1727 3134 1837 3172 non
1856 3117 2061 3182 vident,

478 3213 587 3276 alia
613 3229 743 3267 vero
772 3228 892 3282 quae
915 3226 1180 3280 nuSquam
1207 3220 1483 3276 sunt,esse
1509 3210 1894 3281 imaginantur,
1915 3208 2065 3263 itaet
2092 3183 2135 3241 θ

486 3306 593 3360 illis
614 3306 862 3374 contigit.
883 3304 1124 3374 Longius
1145 3304 1291 3358 enim
1311 3318 1343 3356 a
1370 3319 1496 3358 vera
1517 3303 1639 3358 luce
1656 3302 1910 3372 digressi,
1931 3307 1987 3354 et
2011 3300 2063 3354 in

487 3402 732 3456 tenebris
747 3399 1068 3469 ignorantia:
1082 3397 1622 3464 ambulantes,Deum
1643 3395 1862 3466 quidem
1875 3409 2066 3450 verum

487 3495 716 3548 aversati
744 3501 892 3557 sunt,
927 3502 980 3548 et
1015 3494 1156 3548 idola
1193 3491 1509 3557 coltterunt,
1530 3501 1585 3545 et
1618 3488 1882 3544 iniisdem
1905 3487 2068 3542 laetati

484 3589 709 3652 sunt.Et
727 3567 1210 3659 [Egyptiijiquidem
1233 3586 1423 3642 bovem
1443 3563 2070 3651 adorabant,et'aquam;

489 3679 731 3734 Africani
772 3695 954 3747 ovem,
989 3680 1107 3735 ludi
1154 3681 1367 3741 vinum,
1416 3676 1509 3731 alii
1542 3675 1739 3744 ﬂuvios
1782 3685 1838 3729 et
1870 3674 2070 3738 fontes,

487 3773 580 3828 alii
622 3783 831 3827 statuas
881 3783 1204 3836 erexerunt,
1235 3781 1291 3826 et
1339 3770 1492 3825 stulti
1548 3783 1809 3823 manuum
1846 3769 2070 3820 suarum

489 3883 657 3935 npera
689 3883 784 3937 pro
813 3866 918 3921 diis
944 3867 1257 3922 coluerunt.
1295 3863 1498 3918 Desino
1527 3874 1856 3916 enumerare
1886 3857 2074 3929 singu-

491 3960 671 4022 larum
707 3962 989 4031 regionum
1015 3975 1253 4021 errores,
1280 3966 1502 4027 propter
1534 3954 1803 4009 inﬁnitam
1836 3952 2070 4020 copiam.

491 4055 572 4123 Ex
609 4055 691 4108 liis
721 4062 864 4108 enim
905 4070 1005 4109 ceu
1044 4051 1489 4123 particulnribus,
1526 4048 1907 4116 unusquisque
1944 4044 2075 4098 rell-

490 4165 603 4217 qua
639 4145 860 4216 qttoque
896 4161 1233 4216 cognoscere
1277 4144 1498 4213 poterit.
1534 4142 1926 4196 Verumtamen
1966 4153 2076 4191 nun

490 4226 563 4298 eo
614 4259 786 4310 usque
839 4251 1050 4294 tantum
1105 4240 1324 4294 illorum
1355 4237 1611 4292 vecordia
1649 4232 1938 4304 processit,
1981 4228 2074 4284 sed

496 4349 556 4394 et
599 4335 819 4408 Scythis
853 4349 972 4388 unus
1002 4343 1119 4388 erat
1148 4334 1252 4386 deo
1282 4347 1384 4387 suo
1418 4346 1514 4385 eos
1542 4327 1635 4398 qui
1671 4342 1734 4380 ex
1778 4323 2078 4393 naufragiis

498 4430 692 4483 salvati
740 4436 917 4490 erant,
972 4423 1280 4488 immolare,
1320 4430 1596 4494 quotquot
1642 4419 1833 4474 saltem
1881 4419 2078 4487 depre-

2142 551 2252 608 οἷον
2282 555 2434 608 οὐδὲν
2457 554 2564 607 τῶν
2588 553 2796 621 ἀλόγων
2832 550 2986 616 ζώων
3019 551 3398 622 διαφέροντας,
3424 553 3708 621 κτηνοτρό-

2129 653 2233 714 ’φοι
2275 647 2385 715 γὰρ
2415 646 2736 713 εὑρίσκοντο
2767 645 3024 715 Ἄραϐες·
3053 643 3257 710 ἐδίδαξε
3291 644 3386 712 τῆς
3419 643 3552 707 ίδίας
3583 643 3709 698 ἀναν·

2146 740 2444 809 πλάσματα
2473 738 2712 798 διανοίας
2757 737 2914 789 ἅτινα
2957 735 3273 802 σιωπῶμεν,
3302 735 3422 788 ἐπεὶ
3446 735 3545 788 οὐκ
3567 735 3713 788 ἔστιν

2146 835 2306 897 αὐτὸς
2347 832 2760 901 προηγούμενος
2803 831 2830 882 ὁ
2873 830 3094 896 σκοπὸς,
3125 830 3186 882 τὸ
3216 830 3432 896 ἐλέγξαι
3475 829 3574 890 τὰς
3610 827 3715 881 τῶν

2146 924 2583 994 Μουσουλμάνων
2609 922 2950 994 παρανομίας
2971 922 3070 975 καὶ⁵
3095 923 3516 991 πεπλανημένας
3540 919 3715 984 δόξας,

2147 1019 2283 1073 ἀλλὰ
2317 1019 2475 1086 μόνον
2511 1018 2681 1080 δείξαι
2714 1017 2772 1068 τὺ
2806 1015 2913 1066 τῶν
2943 1012 3286 1084 Χριστιανῶν
3328 1011 3492 1075 σέϐας
3525 1011 3714 1078 ἅγιον,

2148 1113 2242 1164 καὶ
2286 1110 2515 1174 δίκαιον,
2571 1107 2666 1163 καὶ
2718 1107 2900 1161 καλόν.
2962 1103 3102 1160 Ἀλλ’
3145 1106 3283 1158 ἰτέον
3331 1103 3454 1158 ὅθεν
3500 1102 3718 1173 ἐξήλθο-

2153 1221 2273 1275 μεν.

2226 1515 2288 1567 δ’.
2336 1513 2701 1582 Γεννήσαντος
2729 1510 2822 1563 τοῦ
2876 1509 3046 1577 ’Δδέιμ
3078 1507 3224 1569 υἱοὺς
3257 1503 3354 1558 καὶ
3379 1502 3723 1570 θυγατέρας,

2154 1613 2424 1664 κάκείνων
2443 1608 2819 1676 γεννησάντων
2845 1604 3044 1674 ὁμοίως
3081 1602 3230 1662 υἱοὺς
3263 1601 3358 1654 καὶ
3396 1596 3725 1665 θυγατέρας,

2155 1703 2463 1773 ἐπληθύνθη
2486 1702 2545 1754 τὸ
2579 1700 2734 1770 γένος
2763 1700 2854 1752 ἐπὶ
2881 1698 2980 1768 τῆς
3002 1696 3108 1765 γῆς
3132 1696 3237 1748 τῶν
3267 1690 3594 1761 ἀνθρώπων.
3624 1687 3731 1740 Καὶ

2363 1796 2534 1864 Ἀδὰμ
2569 1795 2663 1847 καί
2691 1795 2725 1864 ἡ
2758 1787 2868 1845 Εὕα
2901 1788 3267 1858 πλανηθέντες
3289 1785 3392 1837 ὑπὸ
3419 1781 3511 1836 τοῦ
3544 1779 3730 1834 διασό-

2157 1890 2269 1952 λου,
2305 1889 2400 1941 καὶ
2434 1888 2751 1948 ἐλπίσαντες
2791 1883 3045 1953 γενέσθαι
3074 1881 3207 1944 θεοὶ,
3239 1877 3532 1933 ἀπώλεσαν
3554 1875 3645 1927 καὶ
3675 1872 3734 1924 ὃν

2157 1977 2301 2052 εἶχον
2348 1978 2692 2048 παράδεισον.
2725 1975 2919 2046 Ὅμως
2966 1972 3025 2026 δὲ
3067 1969 3440 2042 προσεκύνουν
3479 1967 3569 2018 τὸν
3603 1963 3734 2016 Θεδν

2155 2079 2247 2127 τὸν
2277 2073 2608 2143 δημιουργὸν
2638 2071 2731 2124 καὶ
2757 2070 3006 2139 πλάστην
3038 2065 3232 2120 αὐτῶν.
3265 2065 3329 2117 Ut
3353 2062 3400 2114 δ’
3420 2060 3483 2125 ἐξ
3511 2059 3735 2112 ἐκείνων

2159 2185 2339 2235 παρατ
2351 2166 2614 2238 ραπέντες
2643 2165 2750 2218 ἀπὸ
2779 2165 2878 2233 τῆς
2910 2160 3168 2232 ἀληθείας
3193 2155 3452 2211 ἐνέπεσον
3497 2154 3577 2226 είς
3607 2150 3737 2206 ἀθε-

2162 2263 2348 2329 μίτους
2392 2260 2617 2326 πράξεις
2654 2258 2746 2309 καὶ
2795 2255 3201 2327 ἀρῤητουργίας
3235 2249 3332 2304 καὶ
3375 2252 3532 2318 παρά
3574 2244 3736 2314 φύσιν

2158 2353 2455 2422 ἁμαρτίας,
2479 2351 2544 2412 ἃς
2574 2350 2694 2404 οὐδὲ
2720 2348 2943 2417 θεμιτὸν
2972 2347 3148 2399 εἰπεῖν
3171 2345 3310 2404 ὅλως
3337 2338 3614 2410 ἀνθρώπῳ
3639 2337 3741 2391 σώ-

2160 2463 2337 2515 φρονι.
2375 2445 2463 2514 Μὴ
2498 2445 2661 2512 μόνον
2687 2446 2743 2497 δέ
2776 2443 3023 2513 ἥμαρτον
3045 2441 3106 2492 ἐν
3128 2440 3407 2500 τοιαύταις
3439 2434 3740 2505 ἁμαρτίαις

2161 2539 2383 2602 πολλαῖς
2423 2541 2517 2592 καὶ
2551 2541 2770 2603 κακαῖς,
2817 2538 2893 2600 ὼς
2929 2538 3177 2605 εἴπομεν,
3215 2531 3335 2586 ἀλλ’
3367 2529 3606 2598 ἀφέντες
3649 2525 3743 2580 τὸν

2161 2636 2296 2689 Θεὸν
2318 2635 2408 2688 τὸν
2431 2633 2660 2705 ποιητὴν
2689 2633 2785 2685 τοῦ
2815 2617 3047 2702 οὐρανοῦ
3080 2627 3178 2681 καὶ
3204 2625 3305 2693 τῆς
3335 2624 3440 2693 γῆς
3471 2618 3742 2694 προσεκύ-

2163 2745 2332 2798 νησαν
2357 2730 2419 2780 τὰ
2439 2727 2736 2795 κτίσματα,
2761 2727 2857 2779 καὶ
2882 2721 3151 2790 ἐσεϐάσθη
3162 2738 3257 2774 σαν
3276 2718 3374 2788 τὴν
3393 2716 3573 2771 κτίσιν
3591 2713 3743 2783 παρὰ

2153 2822 2254 2875 τὸν
2285 2820 2569 2875 κτίσαντα.
2612 2820 2721 2871 Καὶ
2747 2817 2796 2871 oi
2837 2820 2941 2886 μὲν
2978 2813 3402 2887 προσεκύνησαν
3429 2809 3522 2863 τὸν
3566 2809 3629 2880 ἢ)
3644 2823 3743 2868 ιον,

2164 2917 2213 2970 oi
2241 2918 2295 2969 δὲ
2318 2914 2417 2986 τὴν
2451 2915 2702 2985 σελήνην,
2725 2915 2774 2965 oi
2800 2913 2856 2966 δὲ
2880 2910 3008 2973 τοὺς
3035 2910 3295 2979 ἀστέρας,
3330 2905 3424 2960 καὶ
3459 2902 3744 2972 ὠνόμαζον

2164 3011 2261 3062 καὶ
2293 3008 2523 3061 ἐκάλουν
2553 3005 2688 3059 αὐτὰ
2720 3003 2896 3068 θεούς.
2934 3003 3046 3057 Καὶ
3067 3000 3257 3070 ὥσπερ
3282 3001 3334 3051 οί
3365 2999 3421 3050 ἐν
3455 2994 3746 3068 βαθυτάτῳ

2168 3102 2348 3155 σκότει
2395 3100 2774 3170 πορευόμενοι,
2821 3098 2890 3152 τὰ
2926 3096 3039 3166 ,μὲν
3073 3094 3301 3165 πλησίον
3331 3091 3518 3146 αὐτῶν
3569 3088 3746 3158 ἀληθῆ

2169 3197 2266 3266 οὐχ
2292 3194 2479 3266 ὁρῶσι,
2506 3196 2573 3247 τὰ
2597 3193 2653 3248 δὲ
2685 3191 2759 3264 μὴ
2783 3191 2910 3244 δντα
2937 3191 3011 3251 ὡς
3035 3189 3162 3242 ὄντα
3192 3185 3578 3256 φαντάζονται,
3606 3181 3750 3234 οὕτω

2171 3291 2268 3343 καὶ
2285 3289 2373 3342 ἐπ’
2397 3291 2646 3353 ἐκείνοις.
2670 3286 3088 3358 Μακρυνθέντες
3107 3284 3216 3352 γὰρ
3238 3283 3345 3336 ἀπο
3374 3279 3466 3333 τοῦ
3489 3277 3748 3348 ἀληθινοῦ

2173 3385 2374 3452 φωτὸς,
2396 3385 2468 3436 τὰ
2488 3386 2545 3437 ἐν
2569 3382 2648 3451 τῷ
2669 3383 2851 3435 σκότει
2873 3382 2970 3450 τῆς
2999 3377 3273 3445 ἀγνωσίας
3292 3373 3750 3448 περιπατοῦντες,

2172 3478 2266 3531 τὸν
2299 3477 2399 3546 μὲν
2442 3475 2700 3547 ἀληθινὸν
2738 3474 2868 3526 Θεὸν
2902 3471 3333 3540 ἀπεστρέφοντο,
3367 3469 3435 3520 τὰ
3461 3467 3523 3519 δὲ
3557 3464 3752 3517 εἴδωλα

2173 3570 2515 3640 ἠσπάσαντο,
2545 3569 2637 3623 καί
2668 3570 2755 3622 ἐπ’
2785 3570 2965 3630 αὐτοῖς
2985 3565 3303 3636 ἠγάλλοντο.
3329 3563 3439 3619 Καὶ
3459 3561 3752 3625 Αἰγύπτιοι

2177 3667 2277 3736 μὲν
2304 3663 2674 3734 προσεκύνουν
2719 3662 2812 3715 τὸν
2854 3660 2982 3731 βοῦν
3034 3658 3128 3712 καὶ
3162 3657 3224 3711 τὺ
3263 3656 3426 3721 ὕδωρ,
3463 3653 3664 3714 Alﬁus;
3697 3651 3755 3702 δὲ

2173 3756 2236 3808 τὸ
2271 3756 2542 3827 πρόόατον
2565 3795 2578 3817 ,
2611 3755 2661 3806 οἱ
2694 3754 2750 3806 δὲ
2786 3752 2939 3806 Ἰνδοὶ
2966 3752 3059 3804 τὸν
3087 3745 3253 3814 οἶνον,
3277 3748 3457 3816 ἐτεροι
3495 3745 3552 3800 δὲ
3589 3761 3757 3797 ποτα-

2178 3848 2312 3916 μοὺς
2333 3849 2426 3901 καὶ
2459 3849 2688 3918 κρήνας,
2717 3847 2893 3916 ἕτεροι
2923 3845 2979 3898 δὲ
3029 3843 3248 3897 ἐποίουν
3277 3839 3629 3908 ἀνδριάντας,
3667 3838 3758 3890 καί

2177 3941 2247 3993 τὰ
2280 3941 2418 4010 ἔργα
2446 3940 2553 3992 τῶν
2593 3939 2796 4010 χειρῶν
2832 3937 3012 3990 αὐτῶν
3069 3935 3146 3996 ὡς
3187 3934 3343 3996 θεοὺς
3384 3932 3759 4002 προσεκύνουν

2175 4035 2227 4086 οί
2261 4032 2506 4102 μάταιοι.
2553 4033 2784 4100 Ἀφίημι
2832 4032 2940 4101 γὰρ
2974 4027 3312 4098 ἀπαριθμεῖν
3353 4026 3472 4087 ἐνὸς
3518 4027 3756 4079 ὲκάστου

2177 4129 2344 4182 τόπου
2396 4127 2604 4198 πλάνην
2654 4127 2742 4179 διὰ
2773 4127 2836 4179 τὺ
2869 4125 3003 4178 πολὺ
3033 4127 3135 4194 τῆς
3178 4123 3417 4190 γραφῆς.
3465 4121 3603 4172 Ἀπὸ
3651 4121 3758 4184 γὰρ

2176 4222 2406 4275 τουτωνὶ
2456 4220 2563 4272 τῶν
2615 4219 2856 4287 μερικῶν
2906 4219 3014 4279 πᾶς
3055 4231 3140 4277 τις
3185 4213 3406 4267 δύναται
3441 4212 3650 4279 γνῶναι
3693 4211 3760 4261 τὰ

2178 4315 2360 4368 λοιπά.
2409 4314 2486 4368 Οὐ
2543 4314 2702 4382 μόνον
2740 4313 2797 4365 δὲ
2839 4313 2998 4382 μέχρι
3031 4309 3223 4364 τούτου
3273 4307 3404 4377 ἔστη
3457 4309 3489 4373 ἠ
3531 4305 3758 4358 ἐκείνων

2179 4409 2432 4472 ἀπόνοια,
2461 4408 2598 4461 ἀλλὰ
2628 4409 2720 4459 καὶ
2739 4408 2852 4468 τοῖς
2878 4403 3112 4464 Σκύθαις
3135 4398 3200 4472 ἦν
3230 4401 3347 4464 ἔθος
3369 4400 3520 4453 θύειν
3541 4399 3620 4467 τῷ
3654 4397 3760 4464 θεῷ

499 4522 666 4586 bendi
699 4530 952 4590 possent;
981 4521 1170 4588 sicque
1204 4533 1344 4586 quos
1378 4517 1601 4585 propria
1641 4519 1957 4567 servaverat
1987 4523 2068 4563 so-

2182 4500 2362 4555 αύτῶν
2396 4500 2521 4561 τοὺς
2567 4498 2674 4551 ἀπὸ
2706 4497 2980 4564 ναυαγίων
3015 4492 3439 4565 περισωθέντας.
3491 4489 3610 4542 Κᾶν
3649 4489 3760 4539 ὅσοι

496 4617 684 4682 μαῖα,
743 4615 963 4668 illorum
1014 4609 1328 4666 trueidabat
1356 4605 1675 4662 crudelitas.
1719 4603 1822 4658 Alii
1858 4617 2078 4656 rursum

503 4711 760 4770 immincs
788 4708 930 4761 bello
960 4713 1149 4774 captos
1194 4711 1572 4765 numerantes,
1610 4714 1642 4754 e
1688 4697 1939 4754 centenis
1968 4699 2083 4750 sin—

503 4804 646 4878 gulis
681 4818 846 4854 unum
878 4798 1258 4853 immolabant.
1289 4795 1367 4849 En
1403 4794 1496 4847 tibi
1523 4793 1718 4856 caedes,
1749 4801 1803 4845 et
1838 4789 2082 4844 crudeli-

505 4906 672 4954 tatem
708 4895 964 4947 omnibus
996 4890 1172 4945 brutis
1204 4899 1260 4944 et
1291 4888 1423 4942 feris
1470 4885 1816 4940 ferociorem.
1859 4883 2082 4938 Nullum

508 4992 706 5046 animal
739 5007 863 5048 cum
906 4987 1123 5059 generis
1156 4987 1238 5040 sui
1281 4993 1536 5039 consorte
1563 4989 1786 5051 pugnat,
1820 4993 1921 5033 nec
1951 4978 2083 5033 illud

509 5085 723 5153 perdit;
766 5084 821 5137 bi
853 5098 979 5136 vero
1028 5083 1160 5149 ipsis
1208 5079 1341 5134 feris
1377 5077 1536 5146 longe
1572 5074 1928 5128 immaninres
1969 5086 2088 5126 esse

509 5178 934 5234 convincuntur.
976 5175 1094 5229 Non
1123 5175 1268 5228 enim
1307 5168 1624 5240 peregrinos
1657 5165 1820 5221 modo
1855 5173 1910 5220 et
1953 5163 2088 5218 alie-

511 5275 740 5342 nigenas
771 5271 1117 5328 occiderunt.
1168 5283 1356 5322 verum
1407 5269 1572 5317 etiam
1616 5260 1823 5314 fratres
1863 5267 1919 5313 et
1963 5272 2094 5312 san-

506 5369 675 5440 guiue
723 5368 968 5437 junctos.
999 5362 1287 5418 Cretenses
1315 5359 1459 5412 enim
1498 5365 1554 5409 et
1605 5352 1914 5415 l‘bmnices,
1965 5366 2089 5402 cum

508 5439 681 5515 eorda
733 5459 998 5511 haberent
1038 5467 1146 5506 azrc
1188 5451 1433 5512 duriora,
1468 5444 1810 5500 daemonibus
1842 5439 2092 5510 proprios

514 5553 658 5613 ﬁlios
708 5560 762 5605 et
815 5547 956 5603 ﬁlias
991 5543 1394 5602 sacriﬁcabant.
1446 5537 1720 5594 therum
1777 5535 2092 5604 priusquam

515 5643 631 5702 haec
663 5643 890 5705 ﬁerent,
931 5638 1197 5693 diluvium
1233 5632 1347 5687 Νοέ
1401 5630 1739 5701 temporibus
1784 5626 2094 5689 inundavit,

520 5737 758 5806 etaquis
807 5735 1091 5791 submersa
1133 5739 1216 5786 est
1266 5728 1446 5782 onmis
1489 5727 1670 5780 anima
1723 5724 1936 5784 vivens,
1985 5732 2091 5776 tam

526 5829 766 5894 hominis
791 5842 954 5908 quam
982 5825 1225 5881 omnium
1259 5823 1487 5880 aliorum
1537 5818 1873 5880 animalium,
1904 5815 2096 5870 volati-

2183 4597 2290 4666 ἄρα
2328 4596 2424 4648 καὶ
2453 4592 2792 4664 εὑρίσκοντο,
2824 4591 2918 4644 καὶ
2952 4587 3044 4651 οὓς
3077 4589 3112 4657 ὴ
3146 4586 3371 4655 πρόνοια
3404 4582 3600 4646 ἔσωζε,
3634 4577 3759 4632 τού-

2183 4709 2307 4754 τους
2345 4691 2544 4743 ἐκεῖνοι
2579 4687 2855 4756 ἐφόνευον.
2895 4685 3112 4753 Ἐτεροι
3147 4681 3333 4743 πάλιν,
3359 4677 3518 4748 εἰπερ
3547 4678 3627 4736 εἰς
3667 4673 3764 4725 πό-

2183 4786 2348 4857 λεμον
2367 4783 2644 4854 ἐζώγρουν
2666 4780 2819 4844 τινάς
2857 4779 2968 4832 τῶν
3008 4778 3104 4831 ἀνθ
3116 4775 3335 4846 ρώπων,
3361 4770 3586 4833 τούτους
3614 4766 3765 4838 ἀριθ-

2191 4879 2420 4948 μῶντες
2458 4875 2561 4929 ἀνὰ
2593 4871 2785 4927 ἑκατὸν
2825 4869 2978 4923 ἔθυον
3016 4868 3133 4922 ἕνα.
3178 4861 3322 4926 Εἶδες
3372 4858 3768 4930 ἀπανθρωπίαν

2190 4971 2286 5021 καὶ
2311 4967 2592 5035 ὠμότητα.
2629 4963 2723 5016 καὶ
2751 4961 2933 5014 αὐτῶν
2965 4960 3072 5010 τῶν
3106 4955 3316 5022 ἀλόγων
3348 4951 3503 5016 ζώων
3532 4947 3633 5000 καὶ
3670 4946 3765 5013 θη-

2194 5062 2325 5134 ρίων
2356 5055 2819 5127 Θηριωδεστέρανς
2853 5052 2968 5105 Πᾶν
2997 5049 3135 5113 ζῶον
3167 5048 3225 5099 οὐ
3265 5046 3495 5115 μάχεται
3525 5039 3605 5109 τῷ
3637 5039 3766 5107 ὁμου

2194 5130 2346 5223 γενεῖ
2374 5149 2543 5219 αὐτῷ,
2571 5148 2690 5202 οὐδὲ
2718 5145 2966 5215 φθείρει,
2999 5144 3196 5195 ἐκεῖνοι
3225 5139 3280 5191 δὲ
3313 5139 3409 5189 καὶ
3439 5133 3620 5188 αὐτῶν
3658 5130 3769 5182 τῶν

2196 5248 2402 5318 θηρίων
2435 5242 2795 5312 ὰπηνὲστεροι
2816 5237 3150 5306 εὑρίσκοντο.
3181 5233 3256 5285 Οὐ
3293 5229 3452 5300 μόνον
3475 5227 3584 5295 γὰρ
3613 5225 3772 5278 ἀλλο-

2196 5317 2398 5402 δαποὺς
2435 5339 2530 5391 καὶ
2581 5336 2763 5401 ξένους
2807 5329 3128 5399 ἀνθρώπους
3175 5326 3452 5394 ἐφόνευον,
3501 5320 3637 5373 ἀλλὰ
3674 5317 3768 5370 καὶ

2197 5436 2323 5496 τοὺς
2359 5431 2644 5502 ὁμογνίους
2666 5467 2680 5490 ,
2705 5427 2802 5480 καὶ
2850 5423 2972 5476 καθ’
2999 5417 3137 5490 αἷμα
3182 5417 3485 5486 συγγενεῖ..
3514 5412 3625 5466 Καὶ
3661 5409 3768 5477 γαρ

2198 5530 2245 5581 οἱ
2279 5528 2494 5597 Κρῆτες
2525 5523 2618 5575 καὶ
2646 5519 2892 5578 Φοίνικες
2921 5515 3046 5576 τοὺς
3077 5512 3286 5597 ἑαυτῶν
3320 5507 3516 5567 παῖδας
3546 5505 3640 5555 καὶ
3670 5504 3768 5553 Ou-

2199 5591 2607 5690 ya‘cé'patgélluov
2641 5617 2751 5676 τοῖς
2784 5611 3052 5680 δαίμοσιν,
3083 5608 3129 5659 οἱ
3149 5591 3636 5675 χαλκὸσπλαγχνοι.
3661 5593 3770 5662 Πρὸ

2201 5717 2271 5769 δὲ’
2304 5714 2506 5766 τούτων
2549 5709 2764 5778 ἐγένετο
2794 5707 2822 5758 ὁ
2849 5700 3233 5769 κατακλυσμὸς
3284 5702 3340 5750 ἐν
3368 5697 3485 5757 ταῖς
3536 5691 3769 5762 ἡμέραις

2203 5809 2296 5861 τοῦ
2319 5807 2463 5868 NtL-e,
2488 5803 2580 5856 καὶ
2602 5801 2873 5854 ἀπέθαν;ν
2892 5801 2948 5851 ἐν
2972 5799 3083 5859 τοῖς
3109 5794 3260 5852 ὕδασι
3287 5793 3437 5846 πᾶσα
3457 5786 3601 5858 ψυχὴ
3619 5783 3770 5847 ζῶσα
