4072 6258
467 326 577 393 459

1652 325 1974 397 JOANNIS
2014 324 2546 387 CANTACUZENI

3610 318 3717 388 460

465 443 593 500 dam
621 442 739 497 solo
771 439 940 496 verbo
967 449 1027 497 et
1059 441 1314 496 mandato
1351 456 1453 498 suo
1491 439 1737 498 fecerat?
1769 441 1876 497 Sed
1909 453 2040 511 quo

2156 435 2284 509 ἦσαν
2309 439 2636 512 θεωροῦντες
2693 440 2758 494 τὰ
2789 436 3332 511 τοιαῦταθαύματα,
3362 437 3614 493 τοσοῦτον
3641 438 3716 508 τῷ

465 536 627 606 plura
665 534 753 592 his
781 532 978 590 similia
1023 533 1289 588 miracula
1311 547 1498 588 coram
1527 533 1736 595 vident,
1769 545 1839 587 eo
1867 532 2040 602 magis

465 627 549 681 ita
581 634 636 680 et
665 625 850 681 furore
882 623 1309 679 tumultuantur.
1332 622 1539 680 Deinde
1570 630 1896 694 tempestate
1919 631 2045 676 orta

466 715 786 774 vehementi
817 717 981 781 simul
1009 726 1064 772 et
1095 732 1290 787 magna
1325 717 1380 770 in
1413 718 1572 792 mari,
1595 716 1735 770 adeo
1761 725 1823 770 ut
1861 717 2040 780 navis,

465 810 521 868 in
549 825 656 880 qua
686 821 846 866 erant
871 808 1071 866 Christi
1092 808 1740 880 discipuli,obtegeretur
1761 808 2045 872 ﬂuctibus,

2146 534 2304 604 θυμῷ
2343 532 2701 604 ἠνωχλοῦντο.
2727 534 2847 588 Ἔτι
2878 533 3145 598 κλύδωνος
3171 532 3456 602 γεγονότος
3486 531 3716 603 σφοδροῦ

2143 624 2238 680 καὶ
2280 627 2517 696 μεγάλου
2554 628 2613 679 ὲν
2644 629 2710 697 τῇ
2765 626 3032 697 θαλάσσῃ,
3061 625 3218 679 ὥστε-
3256 623 3631 681 καλύπτεσθαι
3661 624 3719 676 τδ

2144 718 2347 784 πλοῖον,
2385 719 2445 772 ἐν
2469 711 2512 787 ᾧ
2543 714 2681 792 ἦσαν
2705 722 2751 773 oi
2774 720 2865 774 τοῦ
2897 720 3140 795 Χριστοῦ
3173 723 3443 790 μαθηταὶ,
3478 720 3588 775 ὑπὸ
3613 721 3721 775 τῶν

2146 814 2429 892 κυμάτων,
2459 812 2697 884 ἔκραξαν
2723 806 2868 867 οὗτοι
2901 817 3111 886 μεγάλῃ
3151 819 3216 886 τῇ
3248 818 3423 886 φωνῇ,
3449 815 3721 883 λέγοντες,

470 912 673 974 magna.
708 917 842 956 voce
898 901 1000 971 ipsi
1030 901 1484 957 exclamaverunt
1512 900 1759 956 dicentes
1788 918 1803 954 :
1835 917 1854 952 ι
1886 899 2043 966 Jesu,

2156 921 2170 954 r
2213 895 2412 972 Ἰησοῦ,
2447 903 2621 955 σῶσον
2653 902 3234 974 ἡμᾶςιάπολλύμεθα.
3261 924 3280 957 ι
3313 904 3725 973 ΚαὶόΧριστὸς

468 1009 627 1053 serva
668 1008 790 1055 nos.
827 993 1093 1061 perimus.
1146 1010 1166 1044 ι
1223 991 1478 1047 Christus
1521 1003 1707 1054 autem
1759 992 1863 1063 ipsi
1905 992 2042 1046 mari

2156 991 2295 1056 λέγει
2321 995 2386 1063 τῇ
2420 991 2665 1064 θαλάσσῃ
2697 992 3030 1057 δεσποτικῶς
3056 993 3223 1049 οὕτω
3255 994 3347 1047 καὶ
3365 992 3723 1057 ὲξουσιωὸὦς.

471 1085 764 1146 imperiose
782 1085 944 1138 simul
963 1093 1016 1139 et
1037 1099 1161 1138 cum
1182 1085 1506 1138 auctoritate
1522 1085 1802 1155 praecipit:
1832 1103 1852 1136 ι
1876 1086 2045 1150 Tace,

2156 1083 2419 1151 ιΣιὼπα,
2478 1085 2804 1156 πεφίμωσο*
2838 1104 2856 1138 ι
2888 1084 2980 1138 καί
3034 1083 3193 1149 εὐθὺς
3246 1086 3464 1154 ἐγένετο
3518 1084 3726 1155 γαλήνη

468 1178 814 1238 obmutesce,
857 1193 875 1227 ι
910 1184 966 1230 et
1007 1176 1192 1229 statim
1245 1175 1385 1230 facta
1419 1186 1503 1230 est
1537 1175 1901 1246 tranquillitas
1931 1191 2049 1232 ma-

2156 1175 2402 1245 μεγάλη.
2460 1179 2522 1232 οι
2579 1178 2757 1231 τοίνυν
2821 1177 3064 1231 Ἰουδαῖοι
3113 1177 3317 1240 ίδὸντες
3364 1178 3426 1230 τὸ
3486 1175 3729 1230 τοιοῦτον

468 1284 596 1338 gna.
652 1267 824 1324 Judaei
881 1269 1065 1338 itaque
1116 1267 1231 1324 viso
1279 1268 1385 1324 hoc
1437 1268 1718 1338 in0pinato
1775 1270 2044 1325 miraculo

2156 1268 2452 1338 παράδοξον
2478 1262 2691 1340 θαῦμα,
2717 1274 2808 1324 καὶ
2832 1269 3219 1338 ἐκπλαγέντες,
3251 1267 3490 1336 ἔκραξαν
3517 1268 3730 1338 μεγάλῃ

471 1360 714 1426 attoniti,
747 1376 940 1431 magna
963 1376 1115 1435 voce
1137 1361 1518 1416 clamaverunt
1548 1378 1562 1414 :
1601 1381 1620 1413 ι
1651 1360 1784 1428 Quis
1814 1371 1900 1418 est
1931 1364 2043 1428 hic,

2156 1365 2212 1433 τῇ
2245 1365 2395 1434 φωνῇ
2449 1363 2544 1417 καὶ
2581 1359 2756 1428 εἷπον,
2792 1383 2811 1417 ι
2853 1364 2950 1428 Τίς
2982 1366 3132 1419 ἐστιν
3183 1357 3353 1430 οὗτος,
3395 1364 3478 1416 ὅτι
3533 1353 3729 1438 καὶ,ρί

473 1452 620 1523 quod
669 1461 727 1508 et
770 1454 920 1508 venti
966 1462 1022 1508 et
1070 1467 1218 1507 mare
1255 1453 1332 1508 illi
1378 1452 1753 1508 obcdiunt“?
1785 1474 1805 1506 ι
1842 1455 2042 1510 Verum

2156 1458 2338 1526 Ξνεμοι
2362 1458 2455 1511 καὶ
2489 1458 2523 1527 ἡ
2575 1456 2819 1513 Θάλασσα
2881 1458 3248 1512 ὑπακούουσιν
3283 1457 3461 1527 accc);
3501 1475 3520 1510 ι
3571 1454 3729 1512 Ἀλλὰ

476 1557 658 1602 tamen
689 1545 954 1600 miracula
989 1544 1250 1600 viderunt
1294 1544 1528 1608 infinita,
1573 1555 1630 1601 et
1660 1556 1915 1602 naturam
1963 1563 2050 1601 re-

2156 1551 2216 1605 τὲ
2253 1553 2350 1622 μὲν
2372 1551 2630 1621 θαύματα
2663 1551 2732 1604 τὰ
2752 1554 2952 1621 ἄπειρα
2983 1552 3210 1605 ἕόλεπον
3236 1550 3330 1605 καὶ
3372 1550 3512 1620 ὑπὲρ
3540 1551 3728 1619 φύσιν,

473 1653 596 1691 rum
625 1640 1048 1708 exsuperantia;
1086 1638 1188 1706 ipsi
1217 1651 1347 1691 vero
1372 1652 1599 1708 prorsus
1640 1639 2053 1711 incorrigibiles

2156 1647 2346 1698 ἐκεῖνοι
2379 1645 2434 1697 δὲ
2469 1643 2660 1715 ἔμενον
2687 1645 2964 1706 παντελῶς
2989 1641 3322 1716 ἂδιὸρϐωτοι.
3345 1643 3439 1698 Διά
3456 1662 3541 1699 τοι
3570 1645 3730 1698 τοῦτο

474 1737 900 1799 permanserunt
937 1744 952 1782 :
987 1727 1132 1783 unde
1173 1737 1230 1783 et
1273 1726 1525 1784 Christus
1564 1727 1631 1784 ad
1681 1730 1833 1799 ipsos
1862 1733 1993 1787 dicit
2030 1750 2045 1784 :

2156 1737 2247 1789 καὶ
2275 1739 2302 1790 ὁ
2337 1736 2570 1809 Χριστὸς
2635 1736 2785 1805 ἔλεγε
2818 1736 2954 1805 πρὸς
3024 1738 3242 1802 αὐτοὺς,
3307 1756 3325 1789 ι
3372 1737 3514 1804 Ἐγώ
3547 1739 3727 1808 εἰμι’ίι

481 1843 500 1874 ι
532 1821 643 1891 Ego
695 1837 817 1878 sum
853 1823 1057 1878 ostium
1086 1821 1156 1876 ".
1199 1840 1217 1873 ι
1255 1822 1321 1877 Ει
1352 1823 1482 1878 alibi
1526 1841 1542 1879 :
1573 1821 1686 1893 E30
1714 1840 1832 1878 sum
1866 1826 1953 1881 via
1980 1827 2050 1880 ⁷⁸.

2156 1825 2335 1895 θύραο
2362 1844 2382 1877 ι
2446 1826 2537 1879 καὶ
2599 1824 2860 1896 ἀλλαχοῦ,
2926 1845 2945 1878 ι
2977 1825 3116 1895 Ἐγώ
3152 1829 3268 1896 είμι
3319 1830 3352 1898 ὴ
3391 1827 3542 1890 ὁδός·
3577 1845 3597 1878 ι
3636 1827 3728 1882 καὶ

475 1916 690 1972 Rursus
725 1913 893 1969 alibi:
928 1934 949 1968 ι
986 1913 1100 1986 Ego
1140 1929 1262 1969 sum
1294 1915 1496 1970 veritas
1517 1915 1588 1971 ".
1649 1916 1804 1982 Quod
1835 1918 1881 1972 si
1916 1917 2051 1973 mihi

2156 1913 2308 1978 αὖθις
2350 1915 2618 1988 ¹ἀλλαχοῦ,
2661 1935 2679 1968 ι
2724 1916 2864 1982 Ἐγώ
2907 1919 3022 1988 είμι
3055 1919 3088 1988 ἡ
3144 1919 3370 1988 ἀλήθεια
3396 1937 3408 1949 ν
3438 1940 3455 1969 ι
3496 1918 3614 1982 καλ,
3646 1919 3728 1972 ὅτι

471 2022 586 2064 non
638 2005 897 2071 creditis,
971 2005 1058 2061 vel
1129 2006 1390 2076 operibus
1451 2007 1663 2062 credite
1695 2007 1782 2062 η’.
1848 2025 1883 2060 ι-
1927 2006 2053 2063 Hec

473 2111 608 2153 vero
657 2095 913 2154 Christus
967 2096 1128 2162 dixit,
1186 2104 1250 2152 ut
1300 2097 1397 2168 qui
1440 2096 1700 2153 obcaecati
1750 2110 1911 2153 erant
1955 2097 2054 2154 Ju-

474 2187 580 2243 daei
611 2230 627 2256 ,
694 2197 1095 2259 cognoscerent
1169 2186 1319 2259 quod
1393 2187 1578 2242 nullus
1648 2187 2050 2266 prophetarum

474 2290 535 2338 et
588 2293 910 2338 sanctorum
972 2288 1120 2335 tanta
1186 2265 1312 2338 cum
1369 2278 1700 2335 auctoritate
1742 2265 2054 2335 'sermoncs

475 2390 630 2445 suos,
693 2381 755 2430 ut
819 2373 1112 2440 Dominus,
1168 2372 1480 2444 protulerit,
1528 2373 1624 2429 sed
1677 2372 1888 2445 seipsos
1940 2388 2055 2429 scr-

474 2483 577 2524 vos
611 2475 670 2523 et
694 2467 978 2524 ministros
1023 2481 1147 2521 esse
1185 2465 1569 2521 ostenderunt.
1633 2465 1891 2523 Christus
1922 2482 2053 2521 vero

476 2579 587 2619 non
617 2563 717 2629 sic,
783 2561 878 2616 sed
925 2577 1026 2616 ceu
1074 2561 1340 2634 Dominus
1372 2571 1426 2617 et
1483 2563 1737 2631 princeps
1789 2574 2054 2617 creatura:

475 2671 602 2713 cum
625 2652 951 2711 auctoritate
982 2651 1121 2707 dixit
1149 2662 1204 2707 et
1251 2652 1381 2707 fecit
1409 2655 1593 2708 omnia
1626 2653 1800 2706 instar
1838 2651 1956 2707 Dei.
1989 2649 2055 2707 Et

477 2762 611 2802 sane
643 2761 709 2800 ex
738 2745 941 2816 populo
985 2754 1039 2800 et
1083 2744 1261 2799 turbis
1308 2759 1502 2813 magna
1545 2744 1832 2797 hominum
1865 2743 2052 2798 multi-

479 2842 612 2894 tudo
643 2841 696 2894 in
738 2840 890 2893 illum
929 2836 1202 2902 credidit;
1234 2852 1298 2892 ex
1357 2837 1554 2892 scribis
1580 2851 1729 2899 vero,
1763 2835 2054 2891 Pharisaeis

477 2945 533 2990 et
569 2931 914 3002 principibus
943 2930 1104 2999 pauci
1123 2940 1178 2984 et
1210 2927 1399 2984 faciles
1419 2939 1727 2983 numeratu.
1763 2927 1858 2982 llis
1886 2928 2055 3000 igitur

477 3017 868 3088 sic'absoiutis,
897 3031 952 3077 et
983 3021 1148 3076 tantis
1181 3021 1522 3090 inﬁnitisque
1553 3019 1716 3075 editis
1751 3018 2049 3086 miraculis,

478 3128 646 3188 atque
671 3115 924 3173 doctrina
950 3129 1079 3170 vera
1116 3130 1214 3183 per
1263 3125 1375 3168 tres
1404 3128 1578 3168 annos
1609 3115 1906 3168 continuos
1940 3112 2054 3167 sin-

2156 2025 2174 2058 ι
2197 2007 2316 2060 Κᾶν
2364 2006 2485 2076 ἐμοὶ
2526 2009 2597 2076 μὴ
2649 2008 2962 2076 πιστεύητε,
2998 2011 3110 2072 τοῖς
3140 2009 3325 2080 ἔργοις
3355 2009 3666 2062 πιστεύετε.
3701 2029 3723 2060 ι

2152 2098 2342 2153 Ταῦτα
2379 2099 2438 2152 δὶ
2481 2099 2670 2167 ἔλεγεν
2697 2102 2723 2153 ὁ
2752 2100 3010 2169 Χριστὸς,
3042 2099 3130 2154 iv:
3175 2100 3381 2169 γνῶσιν
3435 2103 3483 2154 οί
3518 2086 3730 2153 ὲοκοτὶ-

2153 2189 2341 2258 σμένοι
2383 2186 2624 2242 Ἰουδαῖοι
2654 2190 2734 2243 ὅτι
2794 2188 2971 2252 οὐδεὶς
3031 2189 3140 2241 τῶν
3199 2189 3502 2261 προφητῶν
3555 2187 3729 2260 ἦτῶν

2151 2282 2322 2350 ἁγίων
2348 2278 2472 2334 εἶπέ
2505 2298 2634 2336 ποτε
2667 2281 2858 2349 λόγους
2881 2281 3318 2347 ἐξουσιαστικοῦς
3337 2280 3412 2344 ὡς
3430 2281 3727 2353 Δεσπότης,

2153 2375 2267 2430 ἀλλ’
2306 2375 2579 2429 ἐδείκνυον
2608 2375 2836 2438 ἑαυτοὺς
2865 2374 3083 2438 δούλους
3106 2375 3200 2427 καὶ
3221 2373 3501 2444 ὑπηρέτας
3537 2374 3727 2429 αὐτοῦ·

2153 2471 2181 2521 ὁ
2219 2468 2518 2540 δὲΧριστδς
2534 2467 2632 2536 οὐχ
2667 2464 2859 2531 οὕτως,
2883 2463 2996 2519 ἀλλ’
3012 2465 3082 2527 ὡς
3112 2463 3389 2534 Δεσπότης
3413 2464 3507 2515 καὶ
3527 2462 3733 2534 Κύριος

2153 2559 2249 2628 τῆς
2285 2549 2509 2620 κτίσεως
2533 2558 2710 2625 ἔλεγε,
2736 2558 2831 2609 καὶ
2865 2556 3102 2626 ἔπραττε
3164 2557 3286 2610 κατ’
3343 2554 3592 2622 ἐξουσίαν
3649 2553 3733 2616 ὡς

2154 2651 2306 2717 Θεός.
2334 2654 2440 2706 Καὶ
2463 2653 2572 2705 ἀπὸ
2604 2650 2702 2720 μὲν
2737 2650 2828 2702 τοῦ
2858 2649 3015 2719 ὄχλου
3049 2647 3144 2702 καὶ
3163 2645 3254 2701 τοῦ
3282 2645 3408 2700 λαοῦ
3449 2646 3732 2700 ἐπίστευον

2158 2744 2336 2815 πλήθη
2399 2742 2571 2796 πολλὰ
2632 2741 2724 2795 καὶ
2759 2741 2961 2810 ἄπειρα
3015 2742 3093 2802 είς
3121 2739 3300 2805 αὑτὸν,
3353 2738 3460 2792 ἀπο
3517 2738 3574 2791 δὲ
3624 2736 3733 2793 τῶν

2154 2835 2528 2908 γραμματέων
2557 2834 2649 2886 καὶ
2679 2833 2988 2902 Φαρισαίων
3024 2833 3115 2885 καὶ
3136 2833 3243 2884 τῶν
3263 2831 3538 2902 ἀρχόντων
3559 2829 3736 2898 ὀλίγοι

2155 2927 2250 2980 καὶ
2303 2925 2681 2998 εὐαρίθμητοι.
2717 2924 2935 2976 Τούτων
2986 2917 3138 2992 γοῦν
3175 2921 3317 2975 οὕτω
3370 2917 3734 2989 τελουμένων,

2157 3019 2253 3070 καὶ.
2312 3015 2582 3068 τοσούτων
2637 3013 2881 3080 ἀπείρων
2948 3011 3245 3083 θαυμάτων
3304 3009 3735 3080 ἐνεργουμένων,

2159 3109 2254 3162 καὶ
2285 3107 2407 3160 καθ’
2442 3086 2679 3174 ὲκᾶστην
2712 3104 2928 3174 ἡμέραν
2984 3101 3296 3164 ἁδιακόπως
3323 3101 3553 3172 χρόνους
3581 3101 3732 3168 τρεῖς

479 3181 624 3282 gulis
659 3208 854 3264 diebus
894 3221 992 3277 per
1031 3181 1312 3260 Christum
1362 3204 1704 3269 annuntiata,
1740 3202 2053 3273 proferente

2160 3201 2497 3270 λαλουμένης
2529 3196 2876 3260 διδασκαλίας
2935 3195 3084 3266 παρὰ
3103 3193 3195 3248 τοῦ
3216 3191 3490 3268 Χριστοῦ,
3523 3192 3618 3246 καὶ
3646 3192 3739 3246 ποῖ

480 3302 650 3358 etiam
702 3284 805 3354 illo
853 3311 1250 3365 nonnunquam
1292 3294 1685 3365 prophetarum
1743 3296 2058 3350 testimonia

486 3396 618 3465 (non
644 3390 790 3463 quod
816 3389 1143 3446 tesﬁmoniis
1171 3389 1401 3442 aliorum
1432 3388 1500 3442 de
1533 3403 1590 3442 se
1619 3388 1908 3457 indigeret,
1960 3386 2059 3442 sed

483 3492 710 3558 propter
729 3479 1165 3538 incredulitatem
1189 3479 1569 3534 etJudasorum
1586 3481 1752 3533 animi
1772 3479 2055 3546 duritiam,

484 3590 603 3636 tum
637 3575 877 3646 denique
916 3583 1139 3644 propter
1163 3572 1449 3627 hominum
1482 3571 2066 3642 intirmitatem),non—

488 3684 769 3742 nunquam
788 3668 952 3723 etiam
979 3667 1082 3720 hoc
1107 3667 1313 3722 citante
1340 3663 1710 3718 Abrahamum
1733 3674 1824 3718 aut
1849 3662 2056 3728 Mosen,

485 3762 745 3834 inprimis
780 3774 910 3816 vero
952 3758 1122 3813 Deum
1166 3757 1343 3824 ipsum
1375 3755 1592 3809 Patrem
1640 3765 1820 3819 suum,
1859 3753 2064 3809 Iudaeis

485 3865 674 3917 autem
711 3847 1390 3908 nihilominusincurabili
1435 3845 1625 3900 inorbo
1653 3847 1796 3900 circa
1829 3845 1946 3899 huic
1971 3846 2059 3898 ia-

487 3947 829 4010 borantibus,
851 3959 950 3997 nec
967 3940 1242 4012 propriam
1261 3937 1479 3993 illorum
1502 3936 1731 3992 salutem
1752 3936 2065 3991 volentibus

2163 3296 2263 3367 μὲν
2302 3293 2557 3364 φέροντος
2586 3289 2750 3344 αὑτοῦ
2787 3289 3097 3359 μαρτυρίας
3130 3287 3212 3352 είς
3248 3285 3414 3356 μέσον
3463 3285 3575 3341 ἀπὸ
3627 3284 3739 3337 τῶν

2163 3386 2479 3460 προφητῶν,
2514 3385 2612 3453 οὐχ
2640 3383 2715 3446 ὡς
2744 3381 2937 3454 χρείαν
2955 3382 3171 3452 ἔχοντος
3192 3379 3395 3450 ἑτέρων
3434 3376 3738 3449 μαρτυρίας

2163 3480 2303 3551 ὑπὲρ
2329 3477 2515 3539 αὐτοῦ,
2547 3474 2682 3528 Θεοῦ
2721 3474 2894 3538 ὁντος,
2917 3473 3054 3526 ἀλλὰ
3195 3473 3294 3542 τὴν
3341 3469 3602 3526 ἀπιστίαν
3644 3468 3739 3524 καὶ

2165 3565 2602 3638 σκληροκαρδίαν
2636 3564 2744 3617 τῶν
2793 3561 3084 3628 Ἰουδαίων,
3114 3561 3195 3616 ἔτι
3224 3560 3280 3614 δὲ
3306 3563 3398 3617 καὶ
3455 3561 3739 3615 ἀσθένειαν

2163 3662 2271 3717 τῶν
2324 3656 2648 3730 ἀνθρώπων,
2684 3659 2777 3710 ποῖ
2811 3659 2868 3710 δὲ
2907 3657 3164 3726 φέροντος
3212 3655 3302 3708 τόν
3347 3670 3410 3706 τε
3483 3649 3740 3721 Ἀϐραὰμ

2165 3756 2261 3812 καὶ
2294 3755 2384 3810 τὸν
2416 3754 2644 3814 Μωσέα.
2677 3751 2878 3821 μᾶλλον
2932 3750 2988 3802 δὲ
3042 3749 3133 3801 τὸν
3188 3746 3320 3815 Θεὸν
3371 3745 3469 3800 καὶ
3519 3745 3740 3812 Πατέρα

2165 3848 2354 3914 αὑτοῦ,
2393 3848 2489 3902 καὶ
2541 3847 2650 3901 τῶν
2713 3845 2982 3900 Ἰουδαίων
3035 3843 3118 3896 ἔτι
3147 3841 3236 3896 διὰ
3284 3837 3460 3894 ταῦτα
3502 3837 3738 3898 ἀνιάτως

2166 3944 2482 4009 νοσούντων,
2505 3942 2599 3996 καὶ⁹
2629 3940 2702 4010 μὴ
2731 3938 3066 4010 βουλομένων
3089 3935 3184 4007 τὴν
3200 3933 3412 3988 ἑαυτῶν
3439 3933 3738 4002 σωτηρίας,

489 4042 798 4104 admittere,
830 4039 1038 4091 relictis
1069 4033 1155 4089 his
1174 4031 1430 4088 Christus
1477 4045 1539 4083 ea
1568 4042 1690 4100 quas
1721 4027 1787 4082 ad
1841 4027 2053 4082 univer-

2167 4037 2328 4104 ἀφεὶς
2362 4035 2561 4097 αὐτοὺς
2588 4036 2616 4086 ὁ
2672 4031 2927 4103 Χριστὸς,
2969 4029 3172 4100 ἤρξατο
3225 4027 3484 4098 πράττειν
3537 4024 3605 4079 τὰ
3644 4023 3739 4093 τῆς

489 4137 660 4193 salem
694 4133 865 4188 totius
891 4126 1077 4182 mundi
1108 4125 1338 4181 salutem
1381 4123 1591 4178 faciunt
1617 4137 1777 4192 agerc
1803 4121 1970 4190 carpit
2010 4129 2053 4174 el

2169 4127 2445 4196 σωτηρίας
2477 4123 2570 4178 τοῦ
2628 4124 2834 4192 κόσμου
2874 4120 3202 4186 καθολικῶς,
3260 4119 3356 4172 καὶ
3406 4118 3586 4188 λέγειν
3627 4117 3740 4180 τοῖς

488 4230 673 4283 dicere
692 4221 976 4293 discipulis
1008 4220 1121 4275 suis
1146 4231 1395 4287 quaenam
1435 4213 1513 4269 illi
1545 4224 1732 4270 essent
1753 4222 2018 4268 eventura
2048 4229 2053 4264 :

2172 4219 2437 4288 μαθηταῖς
2468 4214 2632 4269 αὑτοῦ
2668 4215 2733 4268 τὰ
2768 4213 3029 4284 μέλλοντα
3083 4211 3232 4282 αὐτῷ
3266 4210 3584 4280 συμϐαίνειν
3622 4223 3639 4240 ο
3661 4210 3740 4261 δτι

494 4341 514 4373 ι
553 4319 692 4375 Ecce
720 4316 886 4378 enim,
925 4293 1120 4382 inquit,
1158 4305 1508 4364 ascendimus
1535 4305 1987 4376 Hierosolymam,
2013 4315 2053 4357 ei

2177 4329 2193 4363 ι
2244 4311 2372 4363 Ἰδοὺ
2404 4308 2769 4382 ἀναϐαίνομεν
2795 4310 2872 4370 εἰς
2903 4304 3277 4375 Ἰεροσόλυμα,
3299 4302 3397 4357 καὶ
3428 4305 3456 4355 ὀ
3489 4302 3618 4364 Υίδς
3650 4299 3741 4355 τοῦ

498 4411 668 4468 Filius
688 4406 926 4464 hominis
970 4404 1216 4459 tradetur
1235 4399 1584 4472 principibus
1613 4398 1959 4451 sacerdotum
2013 4408 2053 4447 et

2171 4404 2457 4475 ἀνθρώπου
2480 4401 2912 4473 παραδοθήσεται
2946 4400 3055 4462 τοῖς
3083 4397 3398 4469 ἀρχιερεῦσι
3423 4395 3518 4449 καί⁵
3567 4411 3745 4466 γραμ-

489 4502 706 4566 scribis,
722 4496 1048 4567 tradentque
1059 4509 1184 4550 eum
1203 4492 1474 4564 gentibus,
1488 4487 1904 4559 etﬂageilabunt
1918 4500 2053 4550 eum,

2178 4495 2427 4569 ματεῦσι,
2464 4495 2556 4548 καὶ
2589 4477 3014 4563 ⁴’τιταροιδὼοουσιν
3068 4490 3229 4542 αὐτὸν
3258 4491 3369 4549 τοῖς
3423 4488 3625 4553 ἔθνεσι,
3651 4489 3744 4539 καὶ

492 4608 548 4653 et
569 4589 800 4651 illudeut
823 4591 922 4656 illi,
939 4599 994 4644 et
1014 4587 1284 4657 despuent
1304 4586 1358 4639 in
1375 4581 1549 4649 illum,
1565 4582 1813 4639 occident
1829 4580 2003 4644 illum,
2017 4595 2047 4633 e

2174 4587 2613 4661 μαστιγώσουσιν
2668 4586 2852 4651 αὑτὸν,
2883 4585 2976 4637 καὶ
3030 4573 3388 4651 ἐμπαίξουσθ
3448 4579 3622 4650 αὐτῷ,
3652 4579 3744 4634 καὶ

491 4689 651 4746 tertia
684 4682 772 4740 die
797 4690 1043 4751 resurget
1067 4697 1082 4744 ;
1103 4691 1156 4733 et
1178 4674 1379 4732 auditis
1402 4675 1486 4730 his
1507 4673 1761 4742 discipuli
1786 4672 1905 4741 ejus
1940 4684 2048 4725 tum

2171 4686 2536 4756 ἐμπτύσουσιν
2561 4679 2730 4751 αὐτῷ,
2760 4680 2854 4734 καὶ
2887 4675 3274 4732 ἀποκτενοῦσιν
3319 4675 3504 4740 αὑτὸν,
3537 4677 3632 4730 καὶ
3675 4675 3744 4746 τῇ

491 4794 614 4836 rore
631 4778 810 4832 allecti
839 4784 967 4830 sunt
1003 4770 1239 4828 valde".
1276 4789 1294 4822 ι
1350 4767 1535 4821 «Tunc
1560 4763 2053 4835 subduxitdiscipu'

2178 4775 2336 4844 τρίτη
2392 4772 2573 4842 ᾑμέρᾳ
2619 4769 3003 4836 ἀναστήσεται.
3053 4765 3164 4818 Καὶ
3219 4762 3555 4827 ἀκούσαντες
3587 4762 3746 4817 τοῦτο

488 4874 570 4925 los
593 4881 725 4924 suos
745 4865 1018 4927 Christus,
1047 4871 1105 4917 et
1131 4860 1383 4915 ascendit
1410 4859 1463 4911 in
1489 4867 1728 4910 montem
1747 4854 1989 4914 Thabor.
2020 4867 2048 4907 e

2172 4868 2223 4918 oi
2258 4865 2498 4934 μαθηταὶ
2531 4860 2720 4925 αὑτοῦ,
2757 4858 3106 4928 ἐλυπήθησαν
3167 4856 3395 4926 σφόδρα,
3434 4858 3528 4909 καὶ
3552 4853 3748 4924 ἐταρά-

491 4963 706 5017 reiulsit
737 4959 908 5014 facies
937 4957 1106 5020 illius,
1129 4953 1333 5008 Christi
1364 4951 1593 5024 scilicet,
1631 4947 1750 5018 plus
1771 4962 1933 5017 quam
1962 4949 2053 5011 sol,

2176 4959 2434 5029 χθησαν.ι
2451 4957 2579 5009 Τότε
2606 4953 2965 5022 ὲπαίρειτοῦς
2989 4949 3233 5019 μαθητὰς
3253 4946 3418 5002 αὑτοῦ
3437 4948 3465 5001 ὁ
3489 4944 3744 5014 Χριστὸς,

490 5067 547 5112 et
565 5054 889 5109 vestimenta
912 5050 1063 5104 illius
1083 5048 1222 5101 facta
1248 5045 1474 5098 fuerunt
1492 5041 1658 5096 veluti
1687 5041 2053 5097 nix.Vidente:

2176 5051 2271 5104 καὶ
2327 5048 2494 5117 ἀνέθη
2543 5047 2634 5100 ἐπὶ
2681 5045 2740 5099 τὸ
2795 5044 2917 5116 ὅρος
2951 5043 3010 5096 τὸ
3043 5040 3263 5109 Θαϐὼρ,
3314 5039 3412 5093 καὶ
3454 5038 3746 5108 ἐλαμψετδ

487 5163 619 5203 νει-ο
654 5143 909 5214 discipuli
953 5140 1304 5212 splendorem
1360 5137 1512 5191 iaciei
1547 5136 1714 5201 illius,
1747 5135 2053 5189 ceciderunt

2173 5142 2469 5208 πρόσωπον
2502 5137 2668 5191 αὑτοῦ
2721 5137 2783 5208 δὴ
2824 5134 2916 5188 τοῦ
2973 5131 3210 5204 Χριστοῦ
3262 5131 3400 5204 ὑπὲρ
3435 5132 3526 5185 τὸν
3573 5132 3742 5201 ἥλιον,

490 5246 543 5298 in
575 5251 817 5303 terram;
841 5252 950 5291 non
977 5234 1121 5289 enim
1154 5231 1570 5303 poteranthuuc
1604 5228 1769 5285 ferre.
1800 5229 2053 5284 Viderunt

2169 5234 2238 5287 τὰ
2267 5233 2321 5286 δὲ
2348 5232 2538 5302 ίμὰεια
2566 5229 2727 5283 αὐτοῦ
2752 5229 2966 5297 ἐγένετο
2985 5226 3154 5279 λευκὰ
3182 5225 3312 5277 ὡσεὶ
3342 5223 3489 5291 χιών.
3527 5224 3746 5284 ἰδὸ.πς

488 5344 673 5391 autem
696 5340 750 5387 et
782 5329 970 5384 Mosen
995 5337 1050 5381 et
1073 5326 1240 5381 Etiam
1267 5341 1390 5379 cum
1423 5323 1640 5377 Christo
1669 5321 2053 5390 colloquentes,

2174 5321 2227 5374 δὲ
2251 5322 2299 5374 oi
2335 5320 2574 5392 μαθηταὶ
2604 5321 2702 5389 τὴν
2733 5318 3097 5388 λαμπρότητα
3115 5313 3206 5366 τοῦ
3235 5305 3528 5384 προσώπου
3555 5312 3744 5377 αὑτοῦ,

488 5429 662 5488 forma
685 5425 873 5485 servili
899 5423 966 5478 ⁷⁸.
993 5421 1148 5477 Nunc
1181 5421 1365 5490 itaque
1385 5419 1485 5470 hoc
1507 5416 1706 5470 factum
1741 5414 2024 5469 considera
2048 5431 2053 5466 :

2177 5416 2373 5468 ἔπεσον
2413 5415 2490 5476 εἰς
2549 5413 2646 5482 τὴν
2695 5410 2833 5481 γῆν·
2888 5408 2948 5462 οὺ
3001 5408 3108 5476 γὰρ
3162 5406 3506 5477 ἠδυνήθησαν
3562 5406 3745 5473 φέρειν

495 5523 672 5592 primo
699 5516 923 5588 quidem
951 5524 1008 5568 ut
1039 5508 1274 5582 apostoli
1297 5509 1412 5564 viso
1439 5509 1730 5578 splendore
1761 5507 2053 5560 divinitatis

2173 5508 2363 5578 αὑτήν.
2397 5503 2546 5559 Εἶδον
2579 5505 2633 5557 δὲ
2667 5503 2759 5557 καὶ
2792 5502 2882 5554 τὸν
2909 5499 3154 5569 Μωῡσῆν
3184 5498 3276 5552 καὶ
3308 5499 3397 5552 τὸν
3439 5497 3626 5551 Ἡλίαν
3658 5496 3742 5550 τὸν

488 5588 601 5670 suae
631 5623 783 5670 certo
815 5609 1206 5680 intelligerent,
1224 5602 1370 5675 quod
1393 5618 1489 5657 sua
1521 5611 1716 5671 sponte
1753 5607 1808 5660 et
1838 5598 2053 5668 prOpria

2174 5601 2462 5670 προφήτην
2491 5595 2628 5668 μετὰ
2642 5595 2735 5648 τοῦ
2761 5592 2995 5664 Χριστοῦ
3018 5590 3406 5672 συλλαλοῦντας
3435 5593 3492 5644 ὲν
3515 5588 3746 5660 δουλικῷ

558 5724 825 5782 "Matth.
872 5741 980 5789 xw,
1012 5724 1205 5788 25-55;
1248 5720 1516 5791 Marc._vr,
1555 5721 1622 5776 53
1656 5731 1812 5788 seqq.
1913 5717 1958 5747 τ’
1987 5715 2144 5771 Joan.
2185 5731 2236 5783 x,
2271 5716 2323 5773 9.
2427 5717 2471 5750 "
2504 5716 2660 5775 Joan.
2706 5729 2815 5779 xw,
2839 5711 2891 5768 6.
2992 5712 3036 5744 "
3065 5705 3199 5767 ibid.
3284 5710 3352 5744 ’ν
3376 5709 3536 5767 Joan.
3569 5727 3623 5780 ι,
3651 5711 3743 5769 38.

489 5800 538 5836 ”
578 5795 772 5860 Matth.
821 5813 938 5868 xw,
984 5797 1076 5853 21.
1155 5795 1200 5825 ⁷⁸
1239 5792 1437 5848 Matth.
1484 5808 1618 5858 xm,
1651 5792 1676 5844 i
1711 5804 1867 5862 seqq.

2427 5717 2471 5750 "
2504 5716 2660 5775 Joan.
2706 5729 2815 5779 xw,
2839 5711 2891 5768 6.
