4072 6258
221 215 319 282 473

1157 214 1460 276 CONTRA
1499 214 1987 281 ΜΑΗΟΜΕΤΕΜ
2031 214 2412 278 APOLOGIA
2447 215 2526 280 Ιῐ.

3348 213 3455 283 ιιι

282 348 332 400 ιη
355 367 366 382 .
411 325 751 395 Ἐκέντησαν
777 325 876 396 τὴν
909 323 1152 396 πλευρὰν
1179 325 1346 380 αὐτοῦ
1382 326 1520 397 μετὰ
1568 326 1774 393 ξίφους.

1954 327 2043 382 18.
2092 325 2470 406 ϐοηξίοὰετυηι
2519 323 2664 382 latus
2699 323 2872 397 ipsius
2912 324 3122 380 lancea.
3151 325 3219 381 Et
3250 324 3320 383 de
3347 326 3465 384 hoc

217 421 308 475 Καὶ
327 419 470 487 λέγει
501 418 799 488 Ζαχαρίας,
834 435 851 468 ι
889 416 1307 485 Ἐπισλέψονται
1339 419 1477 489 πρὸς
1501 434 1569 488 με
1608 419 1685 483 si;
1719 417 1777 471 ὃν

218 507 583 575 ἐξεκέντησαν.
620 523 639 558 ι

283 595 368 654 ιθ⁹.
413 599 743 669 Ἐσκοτίσθη
769 602 795 652 ὁ
821 601 968 671 ἣλιος
1001 602 1392 672 εὑρισκομένου
1423 601 1516 655 τοῦ
1540 599 1777 672 Χριστοῦ

219 696 274 746 ὲν
305 691 375 760 τῷ
408 691 628 764 σταυρῷ
663 692 771 745 ἀπὸ
796 693 945 763 ὥρας
973 693 1140 764 ἕκτης
1171 693 1276 756 ἕως
1332 692 1483 766 ὥρας
1527 693 1776 764 ὲννάτης.

215 785 310 842 Καὶ
340 784 487 852 λέγει
520 787 818 854 Ζαχαρίας,
863 806 878 836 ι
919 781 1084 854 Καὶίή
1120 785 1303 855 ἡμέρα
1345 785 1528 856 ἐκείνη
1561 784 1777 855 γνωστὴ

218 877 291 949 τῷ
333 877 536 948 Κυρίῳ,
591 878 686 932 καὶ
709 881 807 950 οὐχ
848 877 1057 949 ἡμέρα,
1093 879 1188 932 καὶ
1239 879 1300 931 οὐ
1346 878 1462 944 νὺξ,
1498 879 1592 932 καὶ
1642 877 1780 948 πρὸς

216 967 447 1037 ἑσπέραν
475 969 592 1036 φῶς
638 969 932 1033 Eat-annui.
959 970 1111 1024 ἔσται
1167 967 1370 1040 Κύριος
1417 970 1497 1035 εἰς
1548 969 1777 1043 βασιλέα

217 1059 308 1113 iul.
364 1061 546 1113 πᾶσαν
566 1060 673 1131 ,τὴν
705 1063 830 1133 γῆν.
895 1063 982 1117 'Ev
1015 1065 1080 1136 τῇ
1134 1064 1322 1135 ἡμέρᾳ
1391 1063 1579 1136 ἐκείνῃ
1629 1062 1782 1117 ἐσται

215 1150 405 1222 Κύριος
433 1147 534 1218 εἷς,
568 1155 659 1207 καὶ
691 1155 751 1207 τὸ
779 1157 950 1227 ὄνομα
982 1154 1145 1210 αὐτοῦ
1173 1155 1254 1215 ἓν.
1283 1175 1300 1208 ι
1337 1156 1609 1228 Πρόσεξον
1625 1156 1781 1224 γοῦν,

213 1247 315 1299 ἀπὸ
340 1246 574 1311 κτίσεως
609 1248 821 1318 κόσμου
861 1250 894 1319 ἠ
933 1250 1034 1317 νὺξ
1072 1249 1378 1322 διαδέχεται
1411 1251 1512 1320 τὴν
1544 1251 1783 1322 ἡμέραν,

212 1340 363 1408 καὶὴ
416 1339 599 1410 ἡμέρα
626 1340 726 1411 τὴν
774 1341 964 1396 νύκτα.
1016 1342 1143 1419 ᾚπὶ
1181 1343 1237 1396 δὲ
1267 1343 1368 1414 τῆς
1420 1343 1511 1397 τοῦ
1541 1341 1780 1414 Χριστοῦ

213 1426 572 1497 σταυρώσεως
623 1430 720 1499 οὐχ
776 1429 972 1496 οὕτως,
1053 1431 1170 1484 ἀλλ’
1211 1433 1504 1505 ἐσκοτίσθη
1541 1436 1569 1487 ὁ
1608 1434 1783 1505 ἥλιος,

213 1521 304 1575 καὶ
342 1522 391 1574 εἰ
424 1521 528 1592 μὲν
558 1522 701 1576 κατὰ
739 1524 838 1588 τὴν
868 1523 1134 1589 πολλάκις
1186 1527 1434 1597 συνήθως
1486 1524 1786 1596 γινομένην

209 1612 549 1668 ἔπισκότισιν
576 1609 669 1668 τοῦ
706 1614 861 1686 ἡλίου
894 1617 951 1669 ἐν
982 1615 1060 1686 τῷ
1116 1616 1294 1687 καιρῷ
1340 1618 1440 1688 τῆς
1474 1616 1640 1670 αὑτοῦ
1696 1618 1788 1670 ἐκ·

210 1703 441 1771 λείψεως
474 1706 710 1774 ἐγένετο,
756 1708 857 1761 οὐκ
907 1707 974 1761 ἂν
1012 1709 1139 1778 περὶ
1178 1708 1348 1778 αὐτῆς
1376 1709 1563 1777 ἔλεγεν
1588 1710 1616 1762 ὀ
1652 1725 1788 1780 προ-

209 1793 409 1864 φήτης,
435 1795 517 1857 ὡς
544 1794 599 1847 δὲ
632 1795 858 1849 ᾶλλοτὲ.
886 1811 1037 1849 ποτε.
1085 1794 1240 1850 ἐπεὶ
1295 1795 1352 1849 δὲ
1396 1798 1429 1866 ἡ
1492 1795 1591 1867 μὲν
1643 1794 1786 1850 κατὰ

210 1885 370 1956 φύσιν
404 1884 504 1938 τοῦ
569 1884 719 1956 ἡλίου
777 1885 1020 1958 ἔκλειψις
1073 1887 1168 1940 καὶ
1219 1889 1558 1952 ἑπισκότισις
1607 1889 1664 1941 ἐν
1711 1887 1787 1958 τῷ

209 1977 388 2050 καιρῷ
411 1978 514 2044 τῆς
547 1979 686 2046 μετά
713 1981 812 2047 τῆς
835 1980 1068 2050 σελήνης
1102 1980 1324 2034 συνόδου
1354 1981 1588 2050 γίνεται,
1628 1982 1688 2033 ἑν
1726 1979 1786 2034 δι

210 2073 276 2141 τῇ
303 2069 885 2143 τεσσαρεσκαιδεκάτῃ
925 2071 1112 2144 ἡμέρα
1161 2072 1332 2139 αὐτῆς
1368 2071 1645 2140 οὐδέποτε,
1671 2071 1789 2125 ἀλλ’

210 2162 331 2216 οὐδὲ
359 2165 536 2234 χωρεί
568 2162 658 2217 ἵνα
681 2162 909 2235 γένηταί
947 2181 1104 2230 ποτε,
1135 2165 1223 2219 διὰ
1251 2165 1409 2218 τοῦτο
1444 2165 1519 2226 ὡς
1550 2164 1788 2231 ἐξαίσιον

212 2257 308 2309 καὶ
333 2254 660 2324 θαυμαστὸν
683 2255 777 2309 καὶ
817 2255 960 2327 ὑπὲρ
1020 2254 1184 2326 φύσιν
1229 2258 1462 2326 πρᾶγμα
1515 2258 1791 2328 ἐσημειὼ-

213 2364 344 2401 σατο
369 2349 401 2401 ὁ
429 2347 774 2417 προφητικδς
829 2346 1009 2414 λόγος,
1059 2347 1147 2401 ἵνα
1191 2348 1395 2416 γνῶσιν
1436 2349 1485 2403 οί
1533 2350 1788 2420 ἄφρονες.

212 2439 306 2491 καὶ
337 2438 388 2490 οἱ
422 2439 499 2508 μὴ
549 2438 766 2507 ἔχοντες
819 2438 1073 2508 αἴσθησιν
1116 2441 1358 2496 λάϐωσιν
1397 2441 1674 2512 αἴσθησιν,
1710 2443 1792 2496 δτι

211 2527 304 2579 ἐπὶ
334 2526 414 2596 τῷ
439 2524 538 2580 τοῦ
569 2527 808 2597 Χριστοῦ
841 2526 1006 2581 πάθει
1054 2531 1084 2581 ὁ
1129 2528 1281 2601 ἥλιος
1337 2530 1648 2602 ἐσκοτίσθη,
1702 2516 1794 2584 καί⁵

211 2621 262 2673 oi
289 2619 518 2689 μάταιοι
553 2619 663 2673 τῶν
689 2619 992 2690 ἀνθρώπιον
1017 2620 1117 2675 οὐκ
1156 2623 1483 2676 ἐπίστευσαν
1510 2625 1591 2678 ὅτι
1629 2624 1794 2688 αὑτός

211 2713 364 2767 ἔστιν
390 2713 422 2768 ὁ
472 2713 634 2776 Θεός.
667 2714 736 2768 Δί
765 2715 961 2786 πέτραι
1009 2715 1359 2788 ἐσχίσθησαν,
1416 2719 1511 2771 τοῦ
1560 2716 1690 2771 ναοῦ
1733 2718 1793 2771 τ’)

213 2807 624 2877 καταπέτασμα
691 2806 916 2878 ἐσχίσθη
992 2809 1071 2871 εις
1127 2807 1219 2862 δύο
1272 2809 1381 2863 ἀπὸ
1427 2809 1638 2864 ἄνωθεν
1691 2811 1796 2876 ἕως

212 2892 383 2953 κάτω.
421 2898 508 2954 Τὰ
543 2902 785 2972 μνημεῖα
835 2901 1209 2972 ἀνεῴχθησαν,
1240 2886 1335 2957 καὶ
1359 2902 1534 2958 πολλὰ
1567 2905 1795 2975 σώματα

1881 419 2174 474 Zacharias
2219 437 2234 474 :
2285 436 2305 471 ι
2356 417 2673 489 Respicient
2731 418 2785 472 in
2842 432 2951 483 me,
2985 432 3147 488 quem
3204 433 3454 490 pupuge-

1879 519 2012 564 runt
2034 513 2078 563 ².
2115 528 2134 561 ι

1951 601 2040 656 l9.
2081 601 2485 657 Obtenebratus
2553 607 2639 656 est
2680 599 2783 667 sol,
2817 592 3041 655 Christo
3111 600 3168 654 in
3236 615 3455 656 crucem

1878 692 2187 765 suspenso,
2236 695 2305 749 ab
2358 695 2490 750 hora
2535 702 2686 749 sexta
2752 708 2924 763 usque
2969 692 3035 746 ad
3090 692 3287 747 horam
3353 709 3459 746 no—

1878 803 2029 842 nam.
2080 786 2146 842 Et
2195 788 2276 842 sic
2307 787 2438 842 dicit
2490 785 2836 844 Zacharias:
2875 803 2892 837 ι
2926 786 2994 840 Ει
3022 785 3140 841 dies
3186 786 3302 842 hzec
3367 801 3461 842 co-

1881 876 2205 948 gnoscibilis
2229 877 2487 940 Domino,
2515 885 2573 931 et
2603 891 2713 932 non
2743 876 2882 943 dies,
2930 885 2990 932 et
3056 893 3164 932 non
3226 892 3354 942 nox,
3406 887 3464 930 et

1880 971 1984 1029 sub
2043 985 2331 1040 vesperam
2399 970 2508 1046 erit
2571 968 2702 1036 lux,
2771 976 2828 1024 et
2895 969 3166 1024 Dominus
3236 971 3346 1023 erit
3407 968 3461 1021 in

1881 1079 2064 1136 regem
2110 1079 2291 1136 super
2341 1063 2652 1119 universam
2723 1071 2947 1118 terram.
2983 1062 3045 1117 In
3094 1062 3184 1118 die
3236 1061 3326 1116 illa
3359 1060 3465 1114 erit

1886 1158 2148 1214 Dominus
2198 1171 2362 1221 unus,
2404 1166 2461 1210 et
2502 1171 2705 1211 nomen
2735 1151 2857 1226 ejus
2903 1155 3132 1210 unum’.
3169 1172 3187 1208 ι
3226 1152 3466 1208 Attende

1883 1250 2071 1324 igitur.
2105 1250 2149 1305 Α
2170 1249 2455 1305 creatione
2485 1249 2603 1320 ipsa
2635 1249 2826 1303 mundi
2855 1262 2961 1302 nox
2992 1246 3137 1302 diem
3167 1245 3468 1315 excipit,et

1882 1343 2143 1400 similiter
2187 1341 2307 1397 dies
2335 1349 2590 1406 noctem;
2655 1338 2708 1393 in
2766 1338 3023 1409 passione
3057 1351 3190 1392 vero
3246 1335 3467 1390 Domini

1884 1449 1996 1488 non
2050 1433 2153 1501 sic,
2210 1433 2307 1489 sed
2371 1431 2893 1487 solobtcnebratns
2921 1439 3028 1485 est.
3073 1428 3233 1495 Quod
3264 1427 3310 1482 si
3340 1441 3470 1480 vero

1881 1527 2036 1598 juxta
2075 1541 2448 1592 communem,
2481 1541 2602 1596 qua:
2665 1526 2864 1594 amplus
2928 1523 3251 1592 contingere
3303 1520 3466 1586 solet,

1888 1620 2403 1677 obtenebrationem
2446 1620 2578 1676 solis
2630 1617 2855 1688 eclipsis
2890 1616 3232 1685 contigisset,
3263 1628 3471 1685 nequa-

1887 1728 2050 1784 quam
2083 1711 2149 1768 de
2183 1703 2310 1780 hac,
2339 1720 2398 1767 ut
2427 1727 2528 1768 nec
2562 1709 2718 1776 alibi,
2749 1711 3014 1782 prapheta
3046 1707 3306 1773 dixisset;
3341 1720 3468 1761 cum

1886 1805 2210 1860 naturaliter
2280 1804 2412 1860 solis
2469 1803 2806 1880 eclipsis'eo
2859 1809 3106 1870 tempore
3150 1798 3470 1868 contingere

1887 1900 2079 1965 soleat,
2118 1914 2227 1968 quo
2265 1898 2392 1952 luna
2423 1912 2548 1952 cum
2591 1896 2706 1951 sole
2751 1895 3044 1965 conjuncta
3085 1896 3195 1954 est,
3225 1890 3371 1959 quod
3414 1890 3470 1943 in

1889 1988 2102 2044 decima
2133 1995 2328 2057 quarta
2360 1985 2510 2040 illius
2539 1983 2627 2038 die
2660 1997 2940 2051 nunquam
2968 1979 3050 2044 ﬁt,
3096 1993 3199 2033 nec
3229 1990 3469 2057 unquam

1887 2083 2016 2138 erit.
2059 2081 2356 2151 Propterea
2415 2093 2516 2134 ceu
2569 2077 2922 2146 stupendam,
2976 2045 3358 2128 admirandam
3416 2045 3473 2122 ei

1891 2182 2102 2225 naturae
2151 2170 2303 2239 leges
2355 2169 2714 2224 excedentem
2751 2182 2866 2220 rem
2902 2164 3255 2236 propheticus
3290 2177 3474 2217 sermo

1892 2253 2136 2328 dcnom,
2167 2270 2226 2315 ut
2256 2269 2309 2315 et
2341 2259 2718 2330 imprudentes
2763 2258 3089 2327 intelligant,
3111 2265 3167 2310 et
3187 2255 3279 2324 qui
3308 2269 3472 2311 sensu

1893 2362 2083 2410 carent
2109 2367 2335 2407 sensum
2373 2351 2668 2421 recipiant,
2692 2348 2841 2420 quod
2884 2348 2938 2401 in
2979 2345 3186 2402 Christi
3220 2345 3476 2416 passione

1894 2447 1973 2503 sol
2006 2446 2402 2502 obtcnebratus
2451 2452 2554 2506 est.
2607 2453 2658 2504 et
2699 2429 3296 2497 vanissimi'ho’mines
3359 2451 3474 2492 non

1894 2539 2270 2596 crediderunt.
2323 2537 2500 2592 Petra:
2552 2535 2919 2599 dissilierunt,
2951 2532 3140 2602 templi
3189 2517 3372 2586 velum
3417 2529 3473 2583 in

1895 2633 2033 2688 duas
2061 2641 2250 2703 partes
2270 2629 2499 2684 scissum
2529 2638 2612 2682 est
2642 2643 2670 2680 a
2709 2642 2926 2682 summo
2958 2640 3133 2694 usque
3177 2624 3242 2678 ad
3280 2623 3473 2687 imum,

1897 2733 2252 2779 monumenta
2290 2728 2478 2791 aperta
2508 2726 2662 2785 sunt,
2691 2725 2746 2774 et
2781 2718 2951 2772 multa
2993 2718 3222 2785 Corpora
3251 2724 3474 2769 sancto-

1899 2832 2022 2874 rum
2041 2815 2132 2887 qui
2157 2814 2590 2878 odermierant,
2615 2799 3476 2880 surrexerunt(quemadmodum

1901 2917 2152 2964 sanctum
2205 2906 2564 2978 Evangelium
2619 2901 2871 2974 testatur)
2932 2911 2988 2956 et
3053 2902 3284 2971 ingressi
3351 2908 3482 2954 sunt

210 2990 320 3044 τῶν
353 2994 790 3063 κεκοιμημένων
819 2994 992 3063 ἁγίων
1009 2994 1215 3067 ἠγέρθη
1244 2996 1344 3066 (ὡς
1370 2996 1516 3067 λέγει
1549 2999 1608 3053 τὸ
1640 3000 1794 3068 ἅγιον

1902 3000 2355 3080 Hierosolymam.
2377 3009 2429 3053 et
2449 3005 2822 3068 apparuerunt
2837 2995 3026 3050 multis
3047 3013 3062 3062 ;
3086 2995 3178 3049 sed
3195 2993 3479 3049 vanissimi

209 3085 606 3153 Εὖαγγέλιον),
633 3087 725 3140 καὶ
749 3087 998 3156 εἰσῆλθον
1029 3089 1106 3153 τίς
1137 3090 1238 3159 τὴν
1282 3089 1663 3162 Ἰερουσαλὴμ,
1691 3096 1786 3146 καὶ

210 3173 661 3243 ἐνεφανίσθησαν
706 3175 939 3251 πολλοῖς.
964 3178 1059 3230 καὶ
1092 3178 1144 3230 οι
1186 3178 1407 3248 μάταιοι
1439 3179 1547 3234 τῶν
1583 3183 1791 3253 ἀνθρώ-

1900 3092 2148 3148 homines
2181 3106 2287 3146 non
2309 3089 2683 3152 c'rediderunt,
2712 3102 2906 3142 verum
2944 3085 3365 3141 obtenebratum
3397 3090 3483 3139 est

1899 3187 2140 3244 insciens
2175 3199 2270 3240 cor
2301 3184 2542 3245 illorum,
2587 3191 2643 3237 et
2672 3183 2724 3235 in
2753 3180 2996 3235 tenebris
3026 3189 3443 3234 conversautur.

209 3284 328 3320 πων
376 3267 482 3322 οὐκ
540 3267 907 3338 ἐπίστευσαν,
963 3267 1082 3323 ἀλλ’
1126 3271 1398 3343 ἐπωρώθη
1463 3273 1496 3345 η
1547 3273 1809 3342 ἀσύνετος
1865 3277 2046 3334 αὐτῶν
2106 3274 2370 3348 ,καρδία,
2450 3274 2545 3328 καλ⁸
2628 3272 2686 3326 ὲν
2754 3273 2821 3342 τῇ
2891 3269 3082 3342 σκοτίᾳ
3162 3266 3488 3341 περιπολεύ-

204 3377 378 3418 ονται.

255 3461 347 3514 κ’.
395 3455 700 3512 Ἀπέθανε.
751 3457 859 3510 Καὶ
887 3457 1037 3527 λέγει
1100 3459 1353 3523 Ἡσαΐας,
1405 3480 1425 3513 ι
1481 3463 1596 3516 Οὐκ
1655 3462 1804 3519 ἔστιν

205 3543 352 3612 εἶδος
385 3549 569 3618 αὐτῷ,
619 3547 738 3601 οὐδὲ
769 3548 988 3612 κάλλος.
1027 3549 1132 3628 Kal.
1193 3551 1412 3625 είδομεν
1467 3557 1654 3621 αὐτὸν,
1711 3557 1803 3611 καὶ

209 3643 312 3695 οὐκ
335 3638 492 3714 εἶχεν
519 3638 686 3706 εἶδος,
725 3643 848 3696 οὐδὲ
880 3643 1099 3709 κάλλος,
1129 3643 1265 3698 ἀλλὰ
1327 3646 1389 3698 τὸ
1447 3641 1588 3709 εἶδος
1637 3647 1803 3702 αὑτοῦ

207 3731 435 3807 ἄτιμον,
464 3735 726 3789 ἐκλεῖπον
751 3734 812 3787 τὸ
837 3731 980 3799 εἶδος
1004 3723 1170 3789 αὑτοῦ
1195 3737 1346 3809 παρὰ
1373 3737 1501 3802 τοὺς
1524 3739 1672 3801 υἱοὺς
1693 3740 1802 3793 τῶν

206 3825 549 3897 ἀνθρώπων.
596 3844 613 3879 ι
648 3827 783 3898 Περὶ
807 3828 863 3880 δὲ
882 3826 977 3881 τοῦ
1025 3831 1259 3900 σταυροῦ
1313 3830 1512 3884 κείσθω
1563 3833 1590 3885 ὁ
1623 3831 1804 3900 λόγος,

205 3924 303 3975 καὶ
329 3921 392 3973 ιν
412 3921 500 3990 τῷ
528 3922 868 3991 προσήκοντι
902 3921 1083 3992 καιρῷ
1127 3920 1386 3993 ἐροῦμεν,

280 4017 394 4065 ια’.
428 4012 889 4082 Παρεστήκεισαν
921 4011 978 4064 δὲ
1004 4011 1082 4083 τῷ
1137 4014 1420 4086 σταυρῷή
1477 4012 1659 4088 μήτηρ
1710 4016 1807 4071 τοῦ
1864 4028 1865 4031 ‘

214 4101 426 4173 Ἰησοῦ,
464 4102 568 4156 καὶ
601 4104 666 4155 ἐκ
695 4101 803 4156 τῶν
848 4102 1106 4174 μαθητῶν
1160 4104 1322 4159 αὐτοῦ
1353 4107 1382 4159 ὀ
1437 4107 1707 4178 Ἰωάννης.
1742 4107 1810 4162 Τί

203 4190 261 4245 δὲ
307 4195 407 4246 καὶ
433 4192 580 4262 περὶ
602 4190 789 4246 τούτου
820 4192 986 4262 λέγει,
1028 4194 1303 4250 ἀκουσον.’
1325 4213 1344 4246 ι
1380 4191 1489 4250 Ἦν
1523 4198 1808 4268 ἄνθρωπος

1970 3465 2062 3520 20.
2105 3464 2359 3522 Christus
2408 3463 2729 3534 exspiravit.
2776 3462 2844 3517 Et
2875 3461 3042 3516 Isaias
3073 3460 3210 3516 dicit
3247 3475 3265 3516 :
3304 3478 3323 3511 ι
3360 3458 3480 3514 Non

1901 3565 1986 3612 est
2022 3557 2099 3611 illi
2128 3557 2361 3628 species,
2389 3571 2570 3627 neque
2601 3555 2807 3620 decor;
2844 3565 2901 3609 et
2931 3553 3172 3607 vidimus
3205 3567 3355 3618 cuni,
3383 3565 3484 3605 nec

1901 3646 2142 3706 habebat
2177 3649 2439 3718 speciem,
2475 3662 2654 3719 neque
2696 3645 2976 3700 decorem.
3023 3643 3130 3698 Sed
3165 3643 3338 3697 forma
3367 3643 3485 3713 ejus

1901 3741 2231 3796 inhonorata
2275 3748 2332 3796 et
2363 3739 2621 3796 deﬁciens
2669 3753 2781 3808 prae
2815 3735 2941 3808 ﬁliis
2972 3735 3256 3799 hominum
3281 3732 3336 3788 ⁸..
3361 3752 3379 3785 ι
3409 3733 3486 3789 De

1904 3845 2068 3888 cruce
2124 3832 2268 3901 vero:
2291 3847 2474 3887 sermo
2506 3840 2689 3886 noster
2719 3832 2833 3901 jam
2877 3828 3077 3894 sileat;
3109 3827 3176 3883 de
3204 3826 3308 3890 hac
3335 3824 3485 3881 enim

1892 3936 2007 3982 suo
2034 3922 2158 3977 loco
2187 3931 2244 3977 et
2274 3930 2523 3991 tempore
2552 3920 2829 3977 dicemus.
3201 3903 3204 3905 λ

1973 4013 2069 4068 2|.
2117 4014 2430 4068 Astiterunt
2463 4021 2646 4066 autem
2674 4009 2825 4066 cruci
2869 4016 3047 4071 mater
3075 4007 3230 4074 Jesu,
3257 4013 3316 4061 et
3346 4020 3490 4064 unus

1904 4101 2302 4176 discipulorum
2355 4105 2505 4161 illius
2567 4103 2841 4160 Joannes.
2875 4100 3022 4169 Quid
3051 4107 3234 4156 autem
3282 4099 3351 4187 d‘e
3381 4098 3492 4152 hoc

1905 4198 2142 4264 dicatur,
2178 4198 2335 4255 audi.
2399 4216 2418 4249 ι
2458 4197 2592 4252 Erat
2623 4197 2790 4251 homo
2820 4193 3216 4264 Hierosolymis
3258 4189 3349 4246 cui
3390 4205 3493 4245 no-

202 4285 264 4338 ιν
305 4283 705 4357 Ἰερουσαλὴμ,
737 4279 782 4354 ᾧ
805 4285 976 4355 δνομα
1032 4287 1279 4357 Συμεὼν,
1316 4291 1409 4342 καὶ
1441 4291 1469 4341 ὁ
1521 4290 1797 4362 ἅνθρωπος

1907 4308 2030 4347 men
2069 4294 2318 4357 Simeon,
2390 4298 2446 4346 et
2478 4292 2645 4346 homo
2694 4290 2796 4346 iste
2820 4290 3004 4361 justus
3031 4296 3087 4344 et
3125 4287 3285 4359 pius;
3315 4294 3370 4341 et
3402 4302 3495 4339 re-

205 4368 366 4438 οὖτος
391 4377 561 4446 ἅγιος
588 4379 681 4430 καὶ
705 4376 931 4442 δίκαιος,
958 4380 1051 4432 καὶ
1074 4374 1142 4450 ἦν
1164 4380 1313 4452 αὐτῷ
1361 4383 1810 4454 κεχρηματισμέ-

203 4485 297 4522 νον
333 4468 452 4523 ὑπὸ
483 4467 590 4523 τοῦ
609 4467 744 4522 Θεοῦ
777 4467 854 4540 μὴ
887 4470 1015 4524 ίδιῖν
1051 4469 1304 4536 θάνατον,
1356 4472 1459 4537 ἕως
1486 4469 1549 4529 οὗ
1576 4476 1663 4549 ἴδῃ
1714 4476 1808 4530 τὸν

205 4561 631 4632 ΧριστόνρΚαὶ
653 4561 731 4624 ὡς
759 4563 1054 4640 ἀπήγαγον
1071 4565 1151 4628 είς
1184 4566 1245 4619 τὸ
1275 4566 1420 4637 ἱερὸν
1461 4571 1650 4622 τοῦτον
1681 4586 1810 4622 παι-

204 4652 320 4709 δίον
346 4653 512 4721 ὄντα,
557 4653 655 4706 ἰπὶ
682 4653 762 4726 τῷ
793 4654 1078 4725 πληρῶσαι
1105 4657 1173 4711 τὰ
1199 4659 1255 4710 ὲν
1284 4658 1360 4729 τῷ
1389 4660 1540 4732 νόμῳ
1565 4678 1816 4732 γεγραμ-

210 4747 356 4817 μένα
382 4748 522 4815 περὶ
548 4746 741 4811 αὐτοῦ,
775 4747 869 4800 καὶ
894 4746 1055 4810 αὐτὸς
1079 4750 1106 4802 ὁ
1132 4749 1355 4819 Συμεὼν
1393 4752 1610 4816 ἐδέξατο
1648 4752 1814 4806 αὐτὸν

201 4840 299 4894 τὸν
329 4827 588 4910 Χριστὸν
623 4842 680 4892 ἐν
705 4843 826 4904 ταῖς
852 4841 1118 4909 ἀγκάλαις
1142 4842 1328 4907 αὐτοῦ,
1372 4843 1550 4915 ἱερεὺς
1579 4844 1688 4913 γὰρ
1720 4840 1811 4916 ἦν,

204 4935 305 4987 καὶ
329 4929 490 4999 εἶπε,
522 4951 544 4985 ‹
583 4931 698 4985 Νῦν
722 4932 980 4996 ἀπολύεις
1003 4934 1094 4988 τὸν
1146 4935 1332 4989 δοῦλόν
1368 4952 1484 5000 σου,
1537 4937 1809 5002 Δέσποτα,

205 5027 355 5083 κατὰ
378 5028 446 5079 τὸ
485 5025 650 5097 ῥῆμά
671 5042 768 5078 σου
816 5026 875 5078 ἰν
898 5026 1110 5098 εἰρήνῃ,
1138 5028 1221 5080 ὅτι
1249 5025 1390 5081 εἶδον
1438 5029 1487 5080 οἱ
1538 5028 1810 5098 ὀφθαλμοί

209 5137 318 5190 μου
349 5120 413 5173 τὸ
448 5118 732 5188 σωτήριόν
767 5135 883 5182 σου,
934 5119 962 5172 ὃ
985 5121 1284 5190 ἡτοίμασας
1324 5121 1465 5176 κατὰ
1519 5121 1811 5191 πρόσωπον

205 5217 442 5271 πάντων
473 5211 594 5266 τῶν
624 5211 790 5277 λαῶν,
825 5212 940 5282 φῶς
988 5214 1064 5276 είς
1093 5214 1438 5283 ἀποκάλυψιν
1490 5212 1682 5278 ἐθνῶν,
1717 5212 1813 5269 καὶ

206 5306 376 5374 δόξαν
409 5304 554 5360 λαοῦ
587 5314 682 5358 σον
728 5304 965 5376 Ἰσραήλ.
1008 5324 1026 5357 ι
1073 5307 1176 5359 Καὶ
1208 5307 1470 5377 στραφεὶς
1529 5305 1665 5374 πρὸς
1709 5304 1811 5377 τὴν

209 5397 507 5471 Παρθένον
539 5391 731 5452 εἶπεν*
766 5415 787 5450 ι
833 5397 965 5452 Ἰδοὺ
989 5390 1145 5460 οὗτος
1167 5400 1342 5452 κεῖται
1373 5401 1453 5463 είς
1485 5399 1693 5453 πτῶσιν
1713 5402 1810 5453 καὶ

209 5493 533 5556 ἀνάστασιν
557 5489 773 5547 πολλῶν
810 5491 870 5545 ὲν
897 5489 974 5562 τῷ
1024 5490 1262 5562 Ἰσραὴλ,
1299 5492 1393 5546 καὶ
1437 5492 1518 5557 είς
1583 5493 1810 5563 σημεῖον

1905 4400 2168 4454 Sponsum
2204 4395 2495 4454 acceperat
2532 4399 2563 4437 a
2590 4384 2731 4448 Deo,
2756 4396 2867 4436 non
2901 4379 3148 4435 visurum
3175 4393 3234 4433 se
3261 4385 3496 4431 mortem

1911 4476 2019 4532 nisi
2050 4475 2206 4546 prius
2231 4475 2515 4529 Christum
2548 4471 2782 4528 videret.
2809 4468 3025 4524 Etcum
3059 4467 3238 4536 ipsum
3261 4477 3492 4534 puerum

1909 4569 2093 4624 adhuc
2128 4567 2185 4623 in
2216 4566 2482 4635 templum
2532 4563 2878 4625 attulissent,
2926 4560 2992 4614 ad
3038 4553 3379 4626 implendum
3428 4566 3495 4606 ca

1915 4674 2039 4730 quae
2075 4659 2131 4714 in
2162 4658 2281 4729 lege
2315 4654 2586 4725 descripta
2617 4662 2766 4717 sunt,
2799 4652 2945 4708 idem
2983 4649 3075 4704 ille
3105 4647 3386 4704 Christum
3437 4646 3492 4698 in

1916 4751 2076 4805 ulnas
2106 4763 2234 4804 suas
2277 4747 2520 4818 suscepit
2547 4743 2826 4818 (sacerdos
2867 4743 3014 4795 enim
3053 4737 3192 4809 erat)
3214 4745 3269 4792 et
3306 4733 3444 4789 dixit
3476 4750 3491 4786 :

1914 4840 2070 4898 Nunc
2119 4839 2355 4896 dimittis
2411 4853 2626 4894 servum
2660 4845 2834 4900 tuum,
2868 4831 3130 4895 Domine,
3188 4823 3494 4883 secundum

1910 4937 2140 4991 verbum
2177 4943 2334 4989 tuum
2387 4933 2442 4986 in
2496 4945 2652 5002 pace,
2719 4927 2978 4994 quoniam
3031 4923 3291 4979 viderunt
3350 4919 3498 4975 oculi

1917 5028 2026 5082 mei
2090 5027 2330 5082 salutare
2380 5035 2553 5090 tuum,
2588 5020 2736 5094 quod
2791 5016 3050 5090 paravisti
3111 5023 3239 5069 ante
3299 5011 3495 5067 faciem

1919 5121 2163 5176 omnium
2197 5119 2552 5190 p0pnlorum,
2591 5117 2776 5170 iumen
2820 5111 2875 5166 in
2923 5109 3316 5165 revelationcm
3362 5119 3497 5175 gen-

1921 5215 2159 5275 liutn,_et
2181 5210 2409 5284 gloriam
2428 5209 2613 5281 populi
2638 5208 2713 5264 tui
2734 5206 2915 5261 Israel.
2953 5223 2970 5255 ι
3003 5203 3071 5258 Ει
3092 5214 3396 5256 conversus
3427 5198 3497 5252 ad

1919 5305 2187 5376 virginem
2233 5303 2454 5358 Mariam
2492 5303 2628 5356 dixit
2671 5319 2684 5355 :
2726 5298 2918 5370 cgEcce
2946 5296 3158 5368 positus
3196 5299 3280 5348 est
3318 5291 3408 5346 hic
3439 5292 3501 5343 in

1919 5398 2134 5452 ruinam
2194 5407 2252 5452 et
2285 5395 2748 5452 resurrectionem
2796 5389 3094 5445 multorum
3141 5388 3196 5441 in
3229 5382 3416 5448 Israel,
3440 5389 3510 5436 et

1917 5488 1971 5545 in
2004 5490 2219 5562 signum
2266 5491 2357 5546 cui
2408 5487 2827 5545 contradicitur.
2854 5483 2921 5538 Et
2972 5491 3118 5536 tuam
3151 5479 3330 5551 ipsius
3371 5472 3511 5532 an?—

284 5669 329 5708 ιι
350 5668 603 5731 Zachar,
630 5663 874 5733 311,10.-
926 5662 950 5698 ³
981 5661 1212 5723 Zachar.
1239 5663 1438 5735 nv,_6,
1472 5665 1527 5721 7».
1601 5665 1623 5697 ⁸
1657 5664 1759 5721 lsa.
1793 5678 1910 5733 un,
1948 5661 2105 5732 2,,5.
