4072 6258
625 325 736 394 479

1825 337 1858 398 J
1870 336 2144 401 CANle
2175 337 2705 404 CANTACUZENI

3755 347 3848 415 L80

624 456 895 517 templum
961 445 1107 501 hunc
1168 447 1325 504 nihili
1396 449 1578 506 duxit.
1635 453 1759 522 ipse
1830 466 2119 523 peccatum
2181 469 2211 514 e

2320 457 2424 513 καὶ
2466 458 2634 524 αὐτὸς
2647 459 2951 533 ἠτιμάσθη,
2993 462 3088 517 καὶ
3113 463 3211 520 ούκ
3232 427 3518 535 ’ἐλογίσατό
3555 485 3607 522 τι
3636 467 3730 542 τὴν
3754 469 3854 525 ἀτι-

622 537 811 593 medio
868 538 1113 606 sustulit,
1179 549 1236 595 et
1275 544 1390 612 ipse
1441 558 1540 614 pro
1591 544 1755 601 nobis
1807 546 2048 602 afﬂictus
2098 559 2204 615 est,

621 639 679 684 et
709 629 824 699 ipse
871 631 1197 686 vulneratus
1227 642 1312 688 est
1341 641 1568 704 propter
1615 635 1936 707 iniquitates
1989 649 2208 696 nostras

624 729 688 775 ut
731 721 856 777 illas
901 721 1146 787 deleret,
1193 733 1248 780 et
1296 726 1473 782 livore
1523 727 1673 782 illius
1729 745 1829 786 nos
1870 745 2063 788 omnes
2104 748 2207 788 sa-

621 813 738 871 nati
773 831 987 873 sumus.
1028 817 1206 872 Moses
1229 834 1357 874 vero
1391 821 1470 876 sic
1494 821 1668 875 dixit:
1700 841 1718 872 ε
1741 823 2010 879 Videbitis
2038 825 2206 880 vitam

622 917 864 963 vestram
910 925 1232 982 suspensam
1269 922 1395 969 ante
1426 916 1621 970 oculos
1665 925 1878 972 vestros
1897 917 1941 971 ⁸.
1982 935 2003 970 ι
2038 917 2208 988 Cujus

625 998 773 1054 enim
793 1001 902 1054 vita
933 1001 1195 1071 suspendi
1219 1015 1398 1074 potest
1417 1014 1544 1062 ante
1569 1007 1759 1064 oculos
1785 1009 2016 1080 alicujus
2037 1009 2211 1065 ?Nul-

622 1089 734 1145 lius
751 1092 999 1147 omnino.
1027 1093 1133 1149 Sed
1161 1096 1311 1150 solus
1331 1095 1589 1153 Christus
1616 1099 1671 1153 in
1712 1114 1876 1160 cruce
1905 1117 2209 1172 suspensus

625 1189 730 1242 est.
759 1183 851 1251 qui
874 1193 959 1238 est
981 1184 1091 1239 vita
1121 1186 1331 1241 mundi.
1362 1188 1483 1258 ipse
1504 1191 1739 1261 eoimjde
1771 1206 1829 1246 se
1847 1191 2023 1247 dixit:
2055 1211 2071 1243 ι
2097 1194 2208 1264 Ego

623 1285 744 1326 sum
785 1273 920 1339 vit»,
962 1290 1064 1345 ego
1099 1293 1222 1332 sum
1249 1279 1359 1346 via,
1407 1295 1508 1350 ego
1538 1297 1658 1336 sum
1704 1283 1967 1340 veritas’.
2002 1304 2020 1337 ι
2051 1285 2208 1340 Nunc

626 1363 892 1419 nimirum
949 1366 1260 1441 intelligis,
1325 1373 1626 1441 prophetas
1676 1375 1841 1430 etiam
1901 1377 1970 1432 de
2033 1387 2210 1433 morte

623 1453 853 1525 Christi,
885 1461 1350 1530 quemadmodum
1395 1464 1463 1519 de
1507 1465 1736 1535 reliquis
1773 1469 2050 1535 omnibus,
2090 1485 2210 1526 esse

623 1547 976 1606 vaticinatos.
1011 1552 1262 1622 Agnosce
1297 1556 1487 1627 igitur,
1514 1557 1660 1626 quod
1703 1559 1932 1616 indubie
1958 1560 2212 1618 Christus

624 1638 744 1710 ipse
777 1651 1030 1699 mortuus
1077 1647 1170 1701 sit.
1198 1647 1290 1703 ille
1339 1649 1458 1720 ipse
1496 1652 1644 1705 enim
1679 1652 1979 1708 cruciﬁxus
2031 1665 2114 1709 est
2154 1664 2212 1711 et

625 1741 900 1798 mortuus,
933 1746 988 1790 et
1047 1753 1158 1794 non
1207 1739 1370 1804 alius,
1426 1751 1489 1796 ut
1537 1758 1636 1799 vos
1689 1743 1872 1801 dicere
1903 1745 2114 1801 soletis.
2145 1746 2213 1804 Et

623 1824 800 1882 livore
857 1829 1005 1884 illius
1046 1847 1240 1888 omnes
1289 1845 1464 1890 sanati
1521 1853 1734 1901 sumus,
1769 1847 1825 1893 et
1879 1849 2057 1894 morte
2094 1840 2214 1911 ejus

627 1931 821 1977 omnes
881 1939 1074 1981 sumus
1146 1926 1441 1996 viviﬁcati,
1493 1938 1549 1985 et
1608 1932 2017 1990 resurrectione
2067 1933 2214 1990 illius

626 2026 820 2068 omnes
877 2016 1224 2086 vicimus,’et
1271 2035 1432 2076 cruce
1465 2021 1614 2078 illius
1654 2024 1858 2080 abolita
1896 2033 1980 2080 est
2007 2025 2214 2080 diaboli

628 2110 877 2176 tyrannis
936 2112 1238 2182 mortisque
1300 2115 1569 2184 potentia.
1604 2115 1662 2170 Si
1707 2132 1838 2172 vero
1881 2117 2006 2188 quis
2062 2134 2213 2175 nunc

626 2196 854 2267 objieiat
891 2218 906 2252 :
941 2201 1045 2267 Qui
1104 2202 1271 2273 igitur
1320 2206 1612 2277 contingit,
1656 2219 1715 2262 ut
1761 2207 2016 2265 homines
2044 2212 2212 2266 etiam

625 2305 778 2346 nunc
811 2293 1145 2362 moriantur,
1174 2306 1230 2352 et
1262 2298 1518 2354 diabolus
1546 2300 1730 2355 adhuc
1776 2301 1916 2356 liber
1945 2305 2061 2357 sit?
2097 2314 2215 2358 ten-

625 2391 744 2437 tare
773 2385 919 2439 enim
958 2387 1212 2444 homines
1239 2405 1585 2461 nequaquam
1627 2390 1851 2458 desinit,
1876 2393 1970 2449 sed
1997 2409 2214 2450 summo

623 2477 810 2532 studio
841 2495 1032 2536 omnes
1078 2481 1144 2537 ad
1187 2483 1524 2552 peccandum
1558 2485 1791 2551 incitat;
1827 2485 1958 2541 huic
2001 2502 2104 2542 nos
2134 2487 2213 2544 sic

624 2570 1088 2639 respondebimus
1131 2590 1146 2630 :
1184 2575 1338 2642 Haec,
1392 2593 1555 2647 quam
1620 2595 1724 2633 nos
1795 2589 2031 2635 mortem
2090 2597 2213 2638 esse

622 2669 902 2729 putamus,
948 2681 1096 2720 mors
1140 2682 1249 2722 non
1283 2678 1408 2735 est,
1441 2668 1536 2724 sed
1570 2683 1820 2724 somnus.
1867 2670 2008 2726 Olim
2063 2671 2211 2726 enim

624 2755 774 2816 mers
829 2762 953 2817 talis
982 2773 1123 2827 erat,
1176 2779 1300 2833 qua:
1348 2764 1768 2820 resurrectione
1823 2764 2067 2831 carebat,
2114 2755 2212 2822 sed

622 2851 1016 2911 detinebantur
1052 2857 1106 2912 in
1155 2857 1374 2912 inferno
1409 2858 1630 2923 animae,
1663 2873 1812 2914 nunc
1867 2874 1999 2914 vero
2034 2875 2216 2913 resur-

620 2941 872 3000 rectione
935 2946 1096 3002 nobis
1128 2963 1158 3002 a
1202 2948 1311 3004 Deo
1361 2947 1587 3014 donata,
1620 2957 1882 3018 tanquam
1919 2963 1984 3003 ex
2019 2963 2213 3005 somno

621 3040 995 3110 resurrecturi
1029 3055 1220 3097 sumus
1261 3056 1453 3098 omnes
1487 3041 1764 3107 homines.
1797 3051 1905 3097 tam
1945 3043 2018 3114 pii
2046 3057 2210 3114 quam

2317 552 2467 622 μίαν.
2510 553 2684 617 Αὐτὸς
2730 548 2832 625 ἦρε
2863 554 2963 627 τὴν
3009 550 3290 629 ἁμαρτίαν
3342 560 3408 612 ἐκ
3451 559 3545 613 τοῦ
3577 559 3752 629 μέσον,
3777 561 3856 616 καὶ

2313 647 2482 709 αύτδς
2513 644 2765 718 ὠδυνήθη
2795 648 2938 719 ὑπὲρ
2961 651 3144 722 ἡμῶν,
3165 652 3260 706 καὶ⁷
3281 652 3446 716 αύτδς
3473 653 3856 724 ἐτρωματίσθη

2314 738 2403 792 διὰ
2436 739 2537 802 τὰς
2576 739 2814 809 ἀνομίας
2865 741 3046 812 ἡμῶν,
3082 743 3167 798 Eva
3229 745 3406 812 αὐτὰς
3457 746 3748 817 ἀπαλείψῃο
3779 748 3859 800 καὶ

2313 831 2393 902 τῷ
2469 830 2700 902 μώλωπι
2757 831 2927 888 αὑτοῦ
2970 833 3136 904 ἡμεῖς
3189 833 3392 898 πάντες
3447 837 3697 905 ῑάθημεν.
3730 836 3785 892 '0
3813 837 3860 892 δὲ

2313 924 2581 996 Μωοῠσῆς
2615 922 2790 989 οὕτως
2810 927 3062 998 ειρηκεν,
3098 946 3117 979 t
3159 927 3394 999 Ὀψεσθε
3428 928 3528 996 τὴν
3554 928 3697 1000 ζωὴν
3725 929 3860 998 ἡμῶν

2317 1019 2680 1088 κρεμαμένην
2703 1017 2970 1073 ἀπέναντι
2995 1019 3104 1074 τῶν
3135 1020 3435 1092 ὀφθαλμῶν
3461 1022 3637 1091 ὑμῶν.
3677 1040 3695 1074 ι
3728 1020 3861 1087 Τίνος

2319 1109 2434 1181 ζωὴ
2461 1111 2688 1166 δύναται
2727 1111 3112 1183 κρεμασθῆναι
3161 1114 3423 1167 ἀπέναντι
3459 1116 3569 1168 τῶν
3595 1114 3862 1184 ὀφθαλμῶν

2318 1203 2474 1271 ὑμῶν
2502 1221 2517 1269 ;
2548 1204 2775 1266 Πάντως
2803 1203 3040 1283 ούδενός.
3080 1205 3243 1260 Ἀλλά
3271 1207 3366 1260 καὶ
3402 1207 3564 1276 μόνος
3599 1209 3626 1260 6
3659 1206 3864 1276 Χριστὸς

2317 1290 2634 1363 ἐκρεμάσθη
2683 1294 2780 1346 ἐπὶ
2811 1290 2908 1346 τοῦ
2957 1293 3218 1363 σταυροῦ,
3275 1294 3333 1358 ὃς
3372 1296 3580 1364 ἐστινή
3631 1295 3738 1361 ζωὴ
3785 1294 3864 1349 τοῦ

2319 1381 2547 1450 κόσμου.
2583 1381 2753 1443 Αὐτὸς
2778 1382 2885 1452 γὰρ
2913 1380 3105 1451 εἴρηκε
3142 1382 3273 1450 περὶ
3301 1381 3491 1445 αὐτοῦ,
3539 1401 3560 1432 ι
3615 1381 3748 1447 Ἐγώ
3770 1381 3865 1452 ειμι

2319 1472 2351 1540 ἡ
2384 1471 2518 1542 ζωὴ,
2545 1472 2657 1542 ἐγὼ
2690 1475 2723 1542 ἠ
2757 1471 2894 1539 666;,
2926 1473 3039 1541 ἐγὼ
3071 1477 3103 1545 ή
3138 1474 3395 1544 ἀλήθεια.
3434 1492 3454 1525 ι
3495 1475 3725 1535 Βλέπεις
3767 1475 3884 1537 πῶς.

2320 1560 2480 1618 εἷπον
2511 1566 2562 1619 οί
2592 1569 2872 1639 προφῆται
2905 1569 3036 1639 περὶ
3063 1567 3158 1621 τοῦ
3221 1567 3458 1622 θανάτου
3495 1567 3594 1621 τοῦ
3633 1565 3867 1638 Χριστοῦ,

2320 1654 2394 1718 ὡς
2428 1658 2677 1730 καὶπερὶ
2710 1660 2821 1713 τῶν
2864 1662 3042 1717 ἀλλων
3090 1661 3348 1726 πάντων;
3387 1661 3487 1714 Διά
3525 1659 3685 1716 τοῦτο
3728 1661 3869 1729 γίνω-

2322 1767 2420 1804 σκε
2451 1751 2536 1806 ὅτι
2577 1751 3033 1823 ὁμολογουμένως
3086 1753 3360 1809 ἀπέθανεν
3411 1754 3439 1807 6
3495 1753 3752 1823 Χριστος,
3791 1751 3869 1804 καὶ

2316 1841 2481 1906 αὐτός
2507 1845 2704 1899 ἐστινδ
2757 1845 3099 1916 σταυρωθεὶς
3145 1844 3238 1901 καὶ
3285 1843 3603 1913 ἀποθανὼν,
3655 1844 3744 1898 καὶ
3786 1843 3870 1897 οὐκ

2315 1934 2500 2005 ἄλλος,
2527 1938 2601 2002 ὡς
2633 1938 2793 2008 ὑμεῖς
2825 1939 3013 2006 λέγετε
3033 1955 3048 1970 ·
3079 1937 3273 2009 καὶτῷ
3315 1937 3550 2006 μώλωπι
3581 1935 3745 1992 αὐτοῦ
3761 1935 3872 1990 πάνυ

2315 2047 2408 2094 τες
2450 2030 2707 2103 ίάθημεν,
2741 2031 2840 2086 καὶ
2864 2031 2944 2101 τῷ
2975 2030 3192 2102 θανάτῳ
3236 2031 3402 2088 αὐτοῦ
3462 2030 3670 2096 πάντες
3727 2030 3872 2094 ἐζωο-

2315 2126 2647 2196 ποιήθημεν,
2681 2129 2777 2180 καὶ
2825 2129 2892 2196 τῇ
2943 2127 3244 2181 ἀναστάσει
3278 2126 3446 2181 αὐτοῦ
3482 2127 3690 2189 πάντες
3714 2124 3874 2193 ἐνική-

2315 2239 2512 2290 σαμεν,
2542 2220 2636 2274 καὶ
2666 2219 2743 2291 τῷ
2777 2219 2998 2290 σταυρῷ
3027 2217 3195 2273 αὐτοῦ
3229 2218 3560 2289 κατηργηθη
3589 2219 3622 2290 ἡ
3649 2216 3741 2271 τοῦ
3781 2217 3873 2270 δια-

2314 2307 2471 2361 ϐόλου
2500 2307 2778 2378 τυραννὶς,
2805 2309 2902 2362 καὶ
2929 2308 3026 2361 τοῦ
3076 2306 3312 2362 θανάτου
3342 2309 3401 2362 τὸ
3454 2309 3678 2380 κρᾴτος.
3734 2308 3800 2359 Eli
3836 2306 3875 2358 δ’

2314 2400 2445 2462 ἴσως
2479 2400 2597 2470 ἐρεῖ
2623 2417 2708 2461 τις
2735 2401 2818 2454 ὅτι
2852 2399 2964 2455 Καὶ
2993 2399 3110 2465 πῶς
3140 2402 3258 2454 ἐστι
3292 2401 3474 2466 τοῦτο,
3509 2403 3638 2456 ἐπεὶ
3677 2400 3874 2456 κατὰτὸ

2323 2491 2500 2563 παρὸν
2524 2492 2573 2546 ol
2633 2493 2916 2564 ἄνθρωποι
2955 2493 3422 2566 ἀποθνήσκουσιν,
3454 2497 3554 2549 καὶ
3588 2499 3617 2551 6
3655 2495 3874 2557 διάϐολος

2313 2583 2396 2638 ἔτι
2430 2585 2719 2656 ἐλεύθερός
2745 2589 2886 2650 ἐστι,
2935 2586 3118 2640 διόλου
3178 2589 3290 2658 γάρ
3326 2587 3619 2657 πειράζειν
3648 2589 3766 2650 τοὺς
3793 2587 3874 2642 ἀν·

2315 2664 2568 2745 θρώπους
2589 2675 2650 2729 ού
2683 2675 2939 2741 παύεται,
3001 2675 3137 2730 ἀλλά
3160 2677 3374 2748 μεγάλῃ
3404 2680 3470 2747 τῇ
3535 2678 3740 2748 σπουδῇ
3787 2677 3875 2730 διε-

2313 2767 2491 2838 ⁴γείρει
2523 2767 2705 2822 πάντα
2739 2768 3032 2840 ἄνθρωπον
3058 2769 3438 2838 ἁμαρτάνειν;
3461 2771 3629 2838 ἡμεῖς
3667 2767 3874 2839 ἐροῦμεν

2315 2861 2448 2931 πρὸς
2471 2860 2635 2916 αὐτὸν
2669 2859 2876 2926 οὓτως,
2921 2861 3005 2915 ὅτι
3034 2861 3062 2914 6
3113 2860 3468 2930 νομιζόμενος
3528 2859 3754 2922 θάνατος
3791 2858 3874 2911 οὒκ

2315 2951 2707 3018 ἐστιθάνατος,
2741 2950 2878 3006 ἀλλὰ
2901 2950 3088 3015 ῦπνος.
3133 2950 3270 3004 Τότε
3301 2949 3412 3020 γὰρ
3465 2945 3539 3020 ἦν
3581 2951 3611 3003 6
3671 2947 3874 3010 θάνατος

2315 3045 2565 3110 θάνατος,
2593 3045 2683 3099 ὅτε
2711 3044 2812 3099 οὐκ
2839 3037 2906 3116 ἦν
2937 3044 3259 3105 ἀνάστασις,
3304 3041 3441 3096 ἀλλὰ
3491 3044 3804 3113 κατείχοντο
3829 3040 3875 3094 ei

623 3125 799 3198 impii.
831 3130 897 3184 Et
923 3131 1230 3198 considera,
1252 3149 1457 3203 quaeso,
1479 3150 1595 3189 rem
1638 3136 1981 3191 tremendam
2007 3146 2064 3193 et
2082 3136 2211 3192 hor-

2316 3138 2484 3208 ψυχαὶ
2509 3137 2614 3190 ὑπὸ
2645 3135 2739 3190 τοῦ
2799 3136 2950 3208 ᾅδου.
2989 3135 3105 3190 Νῦν
3155 3135 3212 3189 δέ
3267 3135 3393 3188 ἐπεὶ
3450 3135 3706 3207 ἐδωρήθη
3734 3135 3870 3233 ⁸ἡμῖν

623 3221 862 3277 ribilem.
898 3223 956 3276 ln
989 3221 1268 3281 hominem
1317 3227 1465 3282 enim
1525 3227 1828 3284 ratione’et
1861 3243 2031 3284 sensu
2075 3245 2216 3300 pra:-

624 3311 801 3367 ditum
848 3312 918 3367 ab
945 3314 1152 3369 Adamo
1183 3331 1332 3370 mors
1365 3317 1635 3386 regnavit,
1678 3321 1731 3372 in
1763 3331 1982 3373 omnem
2037 3319 2218 3375 homi-

623 3419 930 3472 nem;nec
997 3419 1120 3464 erat
1197 3410 1532 3465 resurrectio
1592 3411 1648 3465 in
1715 3412 2035 3484 hominibus
2095 3415 2214 3469 sine

621 3495 868 3567 Christo,
906 3502 1370 3570 quemadmodum
1393 3503 1678 3573 prophetae
1713 3505 1896 3560 testati
1932 3516 2080 3560 sunt.
2108 3506 2213 3563 Per

623 3588 830 3648 Christi
867 3608 1000 3647 vero
1035 3606 1268 3648 mortem
1326 3609 1474 3649 mors
1515 3593 1605 3649 illa
1645 3594 1858 3667 dejeeta
1901 3607 1989 3652 est
2034 3607 2089 3651 et
2123 3613 2216 3652 su-

624 3696 841 3754 perata,
871 3687 1134 3756 venitque
1185 3687 1520 3743 resurrectio
1573 3702 1590 3742 :
1639 3697 1696 3743 et
1726 3699 1902 3744 morte
1933 3691 2212 3745 confracta

623 3775 892 3831 liberatus
926 3787 1008 3832 est
1043 3786 1188 3833 totus
1216 3776 1458 3834 mundus
1504 3793 1535 3832 a
1569 3785 1838 3848 petestatc
1869 3777 2102 3841 Satanae.
2157 3788 2213 3834 et

625 3871 919 3928 credentes
946 3874 999 3928 in
1033 3873 1310 3930 Christum
1335 3885 1514 3932 etnon
1533 3878 1846 3933 credentes.
1875 3877 2100 3944 Omnes,
2128 3879 2213 3934 iu—

625 3982 813 4037 quam.
848 3985 876 4022 a
928 3969 1216 4038 tyrannide
1259 3969 1460 4026 diaboli
1496 3981 1626 4027 sunt
1669 3971 1912 4028 liberati.
1956 3971 2025 4027 Et
2053 3987 2208 4040 sane,

627 4059 734 4114 nisi
768 4059 1100 4116 Musulmani
1137 4061 1431 4117 crederent
1457 4064 1919 4120 resurrectionem
1949 4078 2092 4132 esse,
2126 4080 2215 4119 ra-

630 4152 812 4208 tiones
857 4163 1039 4210 certas
1088 4154 1433 4221 aﬂ‘crremus,
1490 4156 1692 4227 quibus
1749 4173 1872 4212 eant
1925 4171 2214 4227 possemus

627 4244 1032 4316 comprobare;
1065 4261 1192 4301 cum
1221 4262 1350 4302 vero
1376 4248 1564 4318 etipsi
1593 4248 1840 4304 eamdem
1875 4249 2213 4320 amplectan-

628 4343 720 4388 tur
757 4342 815 4390 et
840 4346 1180 4406 exspectent,
1219 4352 1689 4407 supervacaneum
1725 4339 1856 4394 mihi
1896 4340 2117 4395 videtur
2144 4340 2213 4396 de

624 4427 712 4482 illa
744 4429 932 4485 multis
965 4430 1258 4485 disserere.
1308 4431 1580 4485 Cancrum
1615 4431 1719 4486 hoc
1747 4431 1924 4486 solum
1955 4431 2211 4500 dicimus,

2318 3227 2470 3298 παρά
2495 3225 2632 3280 Θεοῦ
2657 3227 2706 3296 ξή
2771 3227 3089 3290 ἀνάστασις,
3151 3223 3229 3289 ὡς
3284 3222 3343 3291 ἐξ
3399 3222 3578 3278 ὕπνου
3634 3223 3874 3295 μέλλομεν

2316 3318 2621 3388 ἀναστῆναι
2653 3319 2854 3383 πάντες
2885 3319 3185 3390 ἄνθρωποι,
3233 3317 3289 3371 οἵ
3319 3335 3376 3370 τε
3415 3317 3690 3383 εὐσεϐεῖς,
3734 3316 3784 3369 οἴ
3824 3331 3875 3366 τι

2315 3411 2557 3474 ἀσεϐεῖς.
2593 3411 2704 3464 Καὶ
2733 3412 2926 3466 σκόπει
2987 3412 3222 3481 πρᾶγμα
3257 3411 3488 3480 φοϐερὸν
3543 3411 3640 3465 καὶ
3695 3407 3875 3478 φρίκης

2317 3505 2486 3575 γέμον
2525 3505 2606 3568 εἷς
2625 3504 2913 3573 ἄνθρωπον
2945 3505 3134 3577 ἔχοντα
3155 3503 3280 3559 νοῦν
3321 3505 3418 3556 καὶ
3444 3503 3726 3574 αἴσθησιν.
3764 3500 3877 3553 ’Δπδ

2315 3595 2411 3650 τοῦ
2466 3595 2639 3666 Ἀδὰμ
2673 3595 3026 3651 ἐϐασίλευσεν
3057 3599 3084 3651 6
3111 3598 3344 3659 θάνατος
3369 3597 3447 3658 είς
3475 3595 3664 3650 πάντα
3691 3594 3876 3662 ἀνθρω·

2317 3705 2440 3755 πον,
2479 3689 2573 3742 καὶ
2597 3683 2699 3744 οὐκ
2728 3685 2796 3762 ἧν
2833 3691 3130 3755 ἀνάστασις
3165 3691 3223 3743 ἐν
3252 3690 3368 3754 τοῖς
3418 3687 3737 3760 ἀνθρώποις
3768 3687 3876 3740 ἄνευ

2317 3779 2413 3833 τοῦ
2453 3781 2714 3852 Χριστοῦ,
2751 3780 2935 3846 καθὼς
2964 3781 3118 3854 παρὰ
3138 3781 3247 3836 τῶν
3274 3782 3578 3854 προφητῶν
3625 3776 3879 3852 μεμαρτύο

2319 3886 2503 3940 ρηται.
2541 3869 2638 3924 Διά
2664 3870 2721 3924 δέ
2749 3870 2842 3924 τοῦ
2875 3871 3111 3926 θανάτου
3153 3869 3250 3925 τοῦ
3281 3868 3523 3942 Χριστοῦ
3590 3869 3876 3936 κατεϐλήθη

2317 3963 2345 4014 6
2377 3961 2634 4027 θάνατος,
2668 3963 2763 4017 καὶ
2792 3959 2960 4034 ἦλθεν
2982 3965 3016 4034 ἡ
3061 3963 3382 4028 ἀνάστασις,
3415 3964 3510 4016 καὶ
3573 3959 3878 4016 καταλυθένο

2315 4071 2407 4119 τος
2437 4054 2530 4107 τοῦ
2558 4054 2816 4122 θανάτου,
2866 4053 3218 4126 ἠλευθερώθη
3273 4053 3419 4120 ἅπας
3449 4055 3478 4107 6
3541 4054 3748 4125 κόσμος
3786 4049 3878 4103 ἀπὸ

2315 4146 2416 4218 τῆς
2450 4147 2702 4214 ἐξουσίας
2721 4147 2812 4203 τοῦ
2845 4149 3084 4215 Σατανᾶ,
3127 4148 3220 4202 καὶ
3269 4148 3320 4201 oi
3367 4146 3770 4208 πιστεύσαντες
3796 4142 3877 4196 καὶ

2315 4243 2366 4297 ol
2400 4243 2476 4314 μὴ
2501 4243 2896 4306 πιστεύσαντες
2931 4244 3011 4306 είς
3042 4241 3133 4296 τὸν
3161 4240 3402 4312 Χριστὸν
3435 4242 3532 4311 τῆς
3587 4235 3876 4311 τυραννίδος

2314 4337 2410 4391 τοῦ
2454 4335 2708 4390 διαϐόλου
2793 4337 2994 4399 πάντες
3059 4332 3535 4405 ἠλευθερώθησαν.
3607 4332 3716 4387 Καὶ
3767 4331 3875 4389 ista;

2316 4430 2478 4498 εἰπερ
2512 4429 2670 4483 οὐδὲν
2693 4429 2981 4483 ἐπίστευον
3034 4429 3084 4482 ol
3118 4425 3542 4497 Μουσουλμάνοι
3593 4421 3733 4478 εἶναι
3767 4420 3875 4475 ἀνά·

625 4519 1096 4592 quemadmodnm
1131 4521 1451 4592 accepimus
1478 4531 1535 4578 ct
1567 4535 1760 4576 sumus
1793 4522 1976 4578 edocti
2018 4538 2084 4577 ex
2121 4538 2210 4578 sa-

2320 4537 2530 4585 στασιν,
2572 4519 2837 4590 ἐλέγομεν
2867 4519 2936 4573 ἂν
2966 4519 3164 4590 λόγους
3219 4519 3548 4582 δεικνύντας
3601 4510 3874 4572 εἷναιταύο

621 4630 714 4670 cra
747 4614 1057 4684 Scriptura,
1098 4630 1263 4684 quam
1295 4622 1354 4671 et
1381 4614 1716 4669 Musulmani
1743 4629 1953 4669 sacram
1981 4629 2102 4670 esse
2124 4612 2210 4669 fa-

2316 4628 2420 4685 την
2458 4611 2665 4684 ἀληθῆ.
2707 4611 2863 4667 Ἐπεὶ
2893 4612 2951 4666 δέ
2987 4611 3085 4666 καὶ
3118 4611 3276 4665 avi-col
3331 4611 3644 4682 στέργουσι,
3678 4607 3770 4664 καὶ
3794 4607 3873 4661 ἐκ·

626 4715 833 4776 tentur,
858 4703 1063 4761 Christi
1087 4708 1430 4762 resurrectio
1458 4706 1560 4762 toti
1583 4705 1792 4762 mundo
1824 4705 2053 4762 utilitati
2084 4703 2208 4762 fuit.

620 4797 698 4855 De
747 4796 967 4854 diabolo
1018 4810 1204 4855 autem
1249 4801 1334 4855 sic
1382 4800 1620 4856 dicimus
1658 4797 1962 4864 :Quamvis
2027 4797 2211 4854 adhuc

620 4889 868 4944 nondum
897 4892 1300 4946 condemnatus
1348 4891 1418 4946 sit
1452 4891 1502 4945 in
1535 4890 1715 4945 locum
1751 4890 2039 4960 proprium
2090 4904 2212 4960 pa:-

623 4996 729 5046 nae,
781 4994 1071 5053 propterea
1098 4983 1244 5052 quod
1270 4983 1561 5054 judicium.
1597 4986 1743 5053 quod
1785 4981 2040 5039 Christus
2061 4981 2209 5055 judi-

622 5083 850 5130 caturus
902 5085 1008 5137 est.
1059 5077 1304 5130 nondum
1347 5085 1686 5131 transactum
1735 5075 1826 5141 sit,
1875 5077 1980 5132 hoc
2027 5088 2210 5133 tamen

623 5166 881 5221 veniente
911 5167 1168 5222 diabolus
1193 5169 1373 5238 ignem
1408 5167 1760 5224 haereditabit
1787 5169 2209 5242 inexstinguibi-

622 5260 759 5326 leni,
783 5262 876 5330 qui
907 5261 1058 5314 illum
1093 5270 1296 5316 manet.
1346 5261 1414 5316 Et
1437 5263 1691 5330 quamvis
1730 5263 1982 5318 videatur
2012 5263 2104 5318 ille
2126 5263 2207 5326 vi-

623 5368 776 5418 vere,
809 5367 907 5423 pro
940 5365 1157 5407 mortuo
1187 5365 1368 5408 tamen
1401 5365 1483 5410 est
1516 5356 1821 5421 habendus,
1867 5358 2096 5428 perinde
2142 5373 2207 5414 ac

627 5442 671 5499 si
706 5443 980 5499 homicida
1011 5445 1229 5518 aliquis,
1268 5447 1507 5517 aut-fur,
1538 5450 1745 5507 aliusve
1785 5453 2084 5522 quispiam,
2112 5452 2210 5524 qui

626 5539 861 5609 capitale
908 5542 1134 5613 aliquod
1181 5543 1461 5598 commisit
1496 5541 1730 5608 facinus,
1764 5561 1793 5599 a
1841 5561 1968 5615 rege
2014 5544 2210 5616 capitis

625 5630 903 5704 supplicio
932 5633 1277 5709 adjudicatus
1308 5634 1498 5702 fuerit,
1528 5635 1658 5693 licet
1688 5647 1809 5706 post
1841 5636 1984 5694 hanc
2017 5651 2052 5692 ο
2082 5653 2210 5709 rege

705 5823 730 5857 ⁸
769 5821 928 5878 Deut.
956 5839 1150 5893 xxvm,
1182 5820 1269 5880 66.
1347 5827 1368 5858 ο
1409 5821 1563 5879 Joan.
1617 5839 1726 5890 1W,
1764 5819 1817 5877 6.

2311 4703 2562 4776 δέχονται
2589 4703 2794 4775 ταύτην
2813 4702 2879 4776 δὴ
2925 4704 3026 4774 τὴν
3079 4703 3401 4769 ἀνάστασιν,
3444 4701 3709 4774 περισσὸν
3753 4700 3871 4770 ﬁm-

2317 4813 2418 4868 μαι
2477 4797 2658 4867 λέγειν
2700 4800 2799 4851 καὶ
2861 4797 3098 4866 γράφειν
3137 4796 3267 4868 περὶ
3297 4795 3522 4864 ταύτης.
3558 4794 3796 4864 Λέγομεν
3825 4789 3872 4842 δὲ

2315 4891 2476 4962 μόνον
2505 4889 2686 4955 τοῦτο,
2712 4891 2796 4945 ὅτι
2824 4890 3009 4954 καθὼς
3051 4887 3440 4959 παρελάϐομεν
3480 4888 3573 4941 καὶ
3601 4883 3862 4954 ἐδιδάχθη·

2317 4998 2418 5052 μεν
2443 4982 2554 5036 ἀπὺ
2591 4982 2688 5052 τῆς
2719 4981 2882 5051 ἁγίας
2907 4981 3155 5052 Γραφῆς,
3203 4981 3269 5052 ἢν
3300 4980 3395 5034 καὶ
3439 4981 3490 5034 οἱ
3527 4973 3867 5046 Μουσουλμά·

2315 5094 2397 5131 νοι
2428 5075 2591 5145 ἁγίαν
2617 5074 2898 5140 καλοῦσιν,
2940 5077 2974 5147 ἡ
3006 5075 3102 5129 τοῦ
3133 5075 3374 5147 Χριστοῦ
3416 5075 3716 5136 ἀνάστασις
3745 5065 3866 5137 ὡφε-

2313 5171 2436 5224 λεια
2462 5170 2680 5239 ἐγένετο
2704 5171 2766 5224 ἐν
2793 5171 2902 5240 ὅλῳ
2928 5168 3005 5239 τῷ
3036 5169 3247 5241 κόσμῳ.
3275 5169 3410 5238 Περὶ
3442 5168 3500 5221 δέ
3529 5167 3628 5221 τοῦ
3647 5163 3864 5220 διαϐόλου

2316 5265 2550 5335 λέγομεν
2584 5263 2761 5328 τοῦτο,
2793 5264 2875 5319 ὅτι
2905 5265 2954 5316 εί
2983 5264 3075 5323 καὶ
3099 5264 3284 5335 ἀκμὴν
3313 5263 3376 5316 οὺ
3417 5257 3770 5322 κατεδικάσθη
3792 5253 3866 5306 εὕ-

2317 5357 2602 5429 ρῐσκεσθαι
2628 5355 2709 5420 εἰς
2742 5356 2835 5410 τὸν
2870 5357 3002 5410 ῐδιον
3026 5357 3190 5408 τόπον
3221 5355 3314 5409 τὸν
3343 5353 3442 5425 τῆς
3484 5353 3771 5415 κολάσεως,
3791 5345 3862 5399 διὰ

2313 5449 2375 5501 τὸ
2418 5451 2494 5520 μὴ
2525 5449 2808 5517 γεγονέναι
2839 5447 2940 5518 τὴν
2965 5445 3148 5516 κρίσιν
3206 5443 3416 5513 ἀκμὴν,
3452 5442 3520 5517 ἦν
3549 5442 3732 5515 μιλλιι
3761 5435 3861 5506 ιιρῖ-

2317 5560 2430 5595 νειν
2459 5545 2486 5597 ὀ
2514 5541 2750 5614 Χριστός
2781 5556 2794 5572 ⁸
2850 5539 2970 5596 ἀλλ’
3002 5533 3097 5593 οῦν
3153 5537 3402 5602 ἐλθόντος
3451 5537 3663 5597 τούτου,
3702 5529 3859 5605 μέλλει

2319 5637 2755 5710 κληρονομήσειν
2799 5637 2827 5690 6
2852 5634 3094 5700 διάϐολος
3117 5635 3180 5691 τὸ
3208 5633 3571 5705 ἀτελεύτητον
3590 5630 3717 5699 πῦρ,
3745 5627 3858 5692 ὅπερ
