4072 6258
547 349 652 416 483

1741 343 2059 410 IOANNIS
2102 345 2627 409 CANTACUZENI

3668 351 3788 416 ,484

539 463 590 515 si
624 433 733 516 scis
753 499 768 526 ,
798 459 1164 524 intellectum,
1193 455 1414 528 quando
1445 454 1584 512 facta
1604 464 1734 532 sunt
1757 455 1948 512 astra?
1975 456 2118 512 Lau-

2226 455 2521 510 ἑπιστασαι
2585 457 2826 524 σύνεσιν,
2852 457 2941 511 ὅτε
2972 457 3238 530 ἐγεννήθη
3269 458 3466 530 ἄστρα,
3495 460 3698 532 ﬂuctv”
3719 479 3788 534 iu

542 552 820 610 (laverunt
849 565 940 607 me
970 567 1108 608 voce
1153 567 1348 622 magna
1391 553 1584 605 omnes
1639 548 1818 620 angeli
1867 549 2011 612 mei,
2061 555 2120 603 et

539 645 961 701 celebraverunt
992 644 1232 712 hymnis.
1279 643 1541 698 Conclusi
1577 650 1761 696 autem
1794 656 1960 695 mare
1993 657 2120 711 por.

539 737 632 801 tis.
675 745 730 792 et
777 737 932 807 posui
982 738 1061 792 illi
1111 738 1401 800 terminos,
1456 734 1681 805 dixique
1733 735 1863 804 illi:
1901 733 2119 790 Huous-

538 845 648 901 que
674 832 886 894 venies.
919 838 977 884 et
1023 845 1134 884 non
1201 828 1644 900 transgredieris,
1695 827 1792 885 sed
1842 828 1897 882 in
1945 825 2117 897 teipso

535 906 875 977 collidentur
911 919 1014 975 tibi
1051 919 1253 976 ﬂuctus
1300 921 1400 974 tui.
1452 922 1732 975 Annuntia
1762 919 1894 974 mihi
1935 938 1947 974 :
1985 935 2114 973 num

537 1023 598 1068 tu
627 1023 852 1084 accepto
878 1013 1002 1068 luto
1030 1011 1277 1067 formasti
1313 1013 1558 1078 animal,
1597 1022 1649 1068 et
1688 1026 1944 1065 sermone
1975 995 2112 1080 prm-

537 1108 714 1162 ditum
778 1105 1007 1175 posuisti
1061 1105 1194 1159 illud
1242 1120 1408 1175 super
1459 1104 1705 1159 terram?
1745 1104 1886 1158 Num
1935 1104 1985 1157 in
2029 1118 2117 1158 ve-

537 1199 718 1270 stigiis
750 1197 930 1270 abyssi
954 1197 1373 1252 deambulavisti
1393 1198 1415 1250 ?
1438 1198 1850 1267 Aperiunturne
1881 1198 1975 1251 tibi
2005 1213 2115 1268 pra:

537 1291 734 1345 timore
785 1290 968 1362 ianua:
1002 1290 1217 1356 mortis,
1260 1301 1316 1346 et
1343 1291 1615 1361 ianitores
1653 1291 1851 1346 inferni
1897 1299 1948 1346 te
1997 1291 2115 1346 viso

536 1383 921 1451 stupuerunt“
939 1381 989 1436 ἵ»
1024 1382 1382 1452 Respondens
1399 1398 1528 1438 vero
1547 1381 1672 1449 Job,
1692 1383 1828 1438 dixit
1845 1384 2110 1438 Domino:

543 1471 712 1530 «Novi
757 1475 903 1544 quod
944 1476 1127 1530 omnia
1169 1477 1366 1544 possis,
1403 1484 1459 1530 et
1503 1475 1849 1545 impossibile
1898 1474 1994 1532 tibi
2027 1485 2113 1531 est

537 1567 700 1622 nihil.
732 1565 940 1622 Auditu
963 1567 1110 1621 enim
1141 1567 1293 1622 auris
1316 1566 1501 1622 audivi
1532 1575 1583 1621 te
1618 1571 1790 1636 prius,
1813 1583 1960 1622 nunc
1985 1581 2114 1623 vero

534 1661 734 1717 oculos
778 1676 938 1717 meus
969 1662 1109 1719 vidit
1137 1662 1262 1716 te”.
1290 1680 1309 1713 ι
1346 1659 1691 1715 Andivistinc
1717 1661 1782 1716 de
1809 1669 1984 1716 morte
2010 1660 2115 1714 Do-

536 1754 671 1809 mini
698 1754 1044 1824 prophetiam
1097 1754 1239 1810 hanc
1269 1754 1632 1809 clarissimam
1675 1764 1734 1808 et
1781 1752 2116 1823 splendid-is-

538 1847 773 1900 simam?
807 1848 928 1916 lpse
952 1847 1106 1900 enim
1138 1846 1283 1900 Deus
1309 1846 1377 1900 de
1404 1861 1464 1901 se
1493 1845 1706 1909 dicens,
1742 1847 1887 1914 quod
1913 1844 2113 1898 funda-

536 1937 678 1992 verit
713 1947 938 2005 terram,
983 1936 1134 2007 quod
1169 1938 1419 2006 posuerit
1456 1935 1596 1991 mari
1634 1935 1923 2000 terminos,
1962 1933 2112 2004 quod

537 2026 940 2082 celebraverint
969 2042 1096 2081 eum
1126 2026 1306 2096 angeli
1339 2026 1464 2092 sui,
1522 2026 1664 2080 idem
1705 2027 1800 2080 ille
1839 2025 1975 2080 dicit
2010 2025 2111 2095 ipsi

535 2119 640 2174 Job
676 2138 690 2173 :
719 2139 738 2172 ι
762 2120 903 2175 Num
928 2128 1152 2188 accepto
1173 2119 1290 2174 luto
1329 2119 1634 2174 formavisti
1662 2120 1890 2183 animal,
1918 2128 1972 2174 et
1998 2135 2116 2174 ser-

538 2229 703 2270 mone
733 2215 1021 2283 preditum
1049 2215 1279 2285 posuisti
1314 2213 1446 2268 illud
1477 2229 1645 2284 super.
1692 2214 1934 2271 terram?
1971 2214 2111 2269 Num

539 2308 599 2362 in
651 2308 897 2378 vestigiis
953 2308 1136 2379 abyssi
1189 2307 1652 2362 deambulavisti‘l
1714 2304 2133 2377 Aperienturne'

544 2399 644 2454 tibi
669 2416 782 2470 prae
811 2399 1010 2454 timore
1035 2399 1217 2469 ianum
1250 2399 1460 2463 mortis,
1493 2408 1546 2454 et
1584 2413 1713 2453 num
1735 2399 2006 2469 ianitores
2034 2399 2117 2452 in-

540 2493 683 2550 ferni
723 2501 774 2547 te
803 2493 920 2548 viso
958 2491 1354 2562 stupuerunt?»
1396 2491 1562 2557 Quid,
1595 2507 1798 2562 quaeso,
1828 2491 1912 2545 his
1936 2492 2136 2563 innuit~

536 2583 714 2648 aliud,
742 2599 908 2654 quam
946 2601 960 2637 :
996 2583 1111 2654 Ego
1166 2584 1311 2641 Deus
1372 2599 1491 2637 sum
1547 2584 1643 2653 qui
1680 2583 1784 2637 feci
1828 2583 1962 2648 haec,
2017 2569 2130 2653 ego.

537 2675 730 2746 aperui
773 2683 958 2745 portas
980 2675 1200 2742 mortis;
1234 2675 1430 2729 timore
1459 2674 1602 2728 enim
1628 2676 1731 2730 mei
1749 2685 1952 2745 aperta:
1966 2682 2116 2737 sunt,

537 2778 596 2824 et
625 2763 712 2823 me
749 2769 864 2824 viso
900 2768 956 2822 in
991 2768 1209 2822 inferno
1243 2777 1579 2836 stupuerunt
1609 2769 1882 2839 ianitores
1944 2766 2115 2821 illius.

537 2861 932 2918 Verumtamen
967 2861 1228 2930 quidnam
1271 2876 1411 2930 opus
1458 2871 1543 2915 est
1601 2863 1741 2915 hanc
1774 2860 2116 2930 prophetiam

540 2953 940 3023 interpretari?
990 2952 1175 3006 Talem
1232 2953 1379 3006 enim
1417 2968 1545 3007 esse
1591 2949 1862 3015 videmus,
1921 2961 1980 3006 ut
2033 2952 2115 3006 vel

540 3048 704 3116 plane
735 3046 988 3115 stupidus
1012 3054 1070 3099 et
1091 3044 1243 3099 rudis
1271 3058 1390 3098 eam
1440 3043 1730 3115 intelligat.
1765 3045 1903 3099 Illud
1943 3046 2115 3107 enim,

547 3138 716 3194 «Viso
755 3153 841 3193 me
877 3138 1149 3210 ianitores
1209 3137 1410 3192 inferni
1472 3148 1854 3208 stupuerunt,»
1910 3139 2115 3194 Christi

541 3233 1009 3286 resurrectionem
1051 3246 1174 3284 cum
1201 3230 1533 3285 auctoritate
1577 3231 1761 3285 divina
1793 3233 2118 3301 potentique

540 3325 750 3378 virtute
776 3323 974 3378 factam
1009 3323 1312 3394 signiﬁcat,
1343 3334 1606 3394 pranerea
1631 3327 1945 3378 universam
1967 3323 2115 3377 illam

544 3413 750 3468 inferni
785 3414 1090 3484 mortisque
1143 3416 1598 3471 destructionem.
1637 3414 1782 3481 Quin
1835 3426 1891 3471 et
1925 3410 2114 3471 ‘David

544 3506 859 3562 luculenter
899 3507 980 3561 sic
1017 3506 1154 3562 dicit
1189 3524 1204 3562 :
1244 3526 1262 3560 ι
1298 3507 1419 3562 Non
1480 3507 1831 3577 derelinques
1880 3508 2116 3561 animam

548 3593 727 3652 meam
759 3598 815 3652 in
843 3596 1083 3663 inferno,
1114 3614 1298 3669 neque
1333 3597 1493 3652 dabis
1533 3608 1594 3652 ut
1619 3609 1842 3653 salictus
1883 3613 2007 3653 tuus
2036 3598 2119 3651 vi-

547 3692 675 3747 deat
704 3691 1191 3762 corruptionem“.
1227 3709 1246 3744 ι
1279 3690 1466 3745 Tertia
1495 3690 1640 3745 enim
1696 3691 1787 3746 die
1818 3691 2119 3746 resurrexit

547 3783 835 3849 Dominus,
897 3798 1002 3846 nec
1061 3786 1476 3854 corruptionem
1523 3784 1695 3839 sensit
1727 3799 1929 3855 corpus
1969 3784 2119 3843 illius

546 3886 982 3932 sacrosanctum.
1024 3875 1242 3931 Mortuo
1286 3876 1434 3929 enim
1463 3874 1576 3935 illo,
1603 3877 2014 3932 sanctissimum
2049 3879 2118 3932 il-

546 3968 682 4022 lius
707 3983 909 4038 corpus
945 3968 1151 4038 Joseph
1181 3967 1348 4022 simul
1380 3977 1436 4022 et
1461 3968 1814 4034 Nicodemus,
1866 3979 1924 4023 ut
1953 3983 2118 4040 supra

549 4051 810 4127 diximus,
852 4062 1205 4116 involverunt
1236 4059 1491 4121 sindone,
1549 4061 1768 4131 myrrha
1821 4070 1877 4115 et
1907 4077 2120 4118 aroma-

551 4151 725 4207 tibus.
762 4152 827 4207 Et
857 4151 926 4206 de
956 4153 1235 4222 sepultura
1267 4153 1416 4206 illius
1442 4151 1574 4222 Magi
1609 4167 1828 4222 quoque
1871 4154 1926 4209 in
1959 4149 2120 4208 Beth-

547 4244 688 4300 lccm
704 4243 990 4299 venientes
1012 4244 1480 4314 prophetaverunt
1503 4243 1622 4312 ipso
1641 4253 1794 4312 nato,
1820 4244 2120 4301 offerentes

551 4335 633 4389 illi
666 4348 886 4400 aurum,
922 4335 1053 4389 thus
1095 4345 1149 4388 et
1180 4336 1479 4405 myrrham.
1723 4404 1729 4411 ι

618 4419 710 4476 94.
747 4421 1022 4476 Dixerunt
1047 4421 1221 4476 Judaei
1248 4422 1461 4477 Pilato:
1503 4422 1672 4478 «lube
1703 4423 1905 4477 muniri
1933 4426 2118 4493 sepul-

2218 551 2397 620 φωνῇ’
2430 544 2644 622 μὲγάλῃ
2675 553 2876 614 πάντες
2928 552 3153 624 hyalo!
3208 569 3315 621 μου
3366 554 3461 607 καὶ
3507 553 3788 625 ὕμνησαν,

2221 642 2470 712 Ἔφραξα
2500 643 2557 696 δὲ
2584 639 2859 700 θάλασσαν
2890 647 3111 708 πύλαις,
3140 645 3344 716 ἐθέμην
3369 640 3426 699 δὲ
3465 646 3605 716 αὐτῇ
3640 646 3783 718 ὅρια,

2217 737 2314 790 καὶ
2373 730 2527 791 εἷπον
2584 737 2748 808 αὐτῇ,
2804 737 2984 809 Μέχρι
3033 738 3228 792 τούτου
3265 740 3484 810 ἐλεύσῃ,
3543 739 3645 794 καὶ
3689 740 3784 812 οὐχ

2187 828 2529 901 λὺπερδήσῃ,
2582 829 2699 882 ἀλλ’
2743 829 2801 882 ὲν
2849 831 3048 901 σεαυτῇ
3078 831 3552 902 ,συντριϐήσονταξ
3600 847 3693 884 σου
3721 832 3788 884 τά

2220 921 2464 990 κύματα.
2501 919 2846 990 ’Λνάγγειλὰν
2873 939 2984 992 μοι,
3009 925 3057 976 el
3093 924 3158 976 σὺ
3191 923 3372 978 λαϐὼν
3398 923 3594 996 πηλὸν,
3625 923 3787 976 ἔπλα-

2220 1031 2318 1078 σας
2345 1015 2504 1080 ζῶον,
2531 1015 2625 1067 καὶ
2653 1015 2884 1086 λάλητδν
2914 1015 3045 1069 αὐτὸ
3084 1015 3208 1070 ἔθου
3260 1020 3353 1071 ἐπὶ
3403 1016 3502 1086 τῆς
3554 1018 3680 1086 γῆς,
3730 1019 3787 1069 ἐν

2216 1107 2272 1160 δὲ
2326 1106 2532 1177 ι’χνεσιν
2597 1106 2838 1160 ἀϐύσσου
2883 1110 3319 1178 περιεπάτησσς,
3377 1109 3687 1176 ἀνοεγονται
3737 1108 3788 1159 δέ

2219 1217 2298 1252 σοι
2331 1199 2482 1269 φόϐῳ
2508 1199 2677 1252 πύλαι
2714 1198 2947 1252 θανάτου
2975 1241 2988 1263 ,
3028 1201 3265 1267 πυλωροὶ
3302 1202 3356 1254 δὲ
3412 1201 3540 1270 ᾅδου
3576 1200 3788 1260 ’ἰδόντες

2218 1308 2274 1344 σε
2302 1292 2540 1362 ἔπτηξαν
2570 1311 2584 1360 ;
2616 1312 2633 1344 r
2689 1291 3006 1346 ’Υπολαὸὼν
3041 1293 3097 1344 δὲ
3137 1291 3253 1346 Ίὼε
3283 1292 3358 1362 τῷ
3387 1292 3582 1362 Κυρίῳ
3603 1292 3750 1362 λέγει
3773 1333 3789 1357 ,

2223 1405 2240 1435 ι
2283 1380 2412 1440 Οἶδα
2443 1386 2529 1439 ὅτι
2579 1385 2758 1439 πάντα
2812 1385 3062 1450 δύνασαι,
3095 1387 3346 1439 ἀδυνατεῖ
3383 1386 3438 1437 δέ
3497 1402 3584 1437 σοι
3614 1383 3785 1437 οὐδέν.

2228 1475 2390 1544 Ἀκοῇ
2430 1476 2530 1545 μὲν
2560 1476 2669 1546 γὰρ
2694 1476 2833 1539 ὠτὸς
2882 1476 3080 1546 ἦκουόν
3120 1492 3216 1529 σου
3265 1477 3325 1528 τὸ
3357 1476 3652 1544 πρότερον,
3696 1472 3787 1527 νῦν

2215 1565 2268 1619 δὲ
2297 1566 2325 1617 6
2371 1566 2650 1636 ὀφθαλμός
2687 1584 2791 1635 μου
2823 1567 3039 1637 ἐώρακέ
3071 1584 3151 1620 σε.
3191 1585 3212 1618 ι
3253 1568 3527 1639 ’Δκήκοας
3586 1568 3684 1620 καὶ
3714 1567 3790 1626 εἰς

2215 1657 2304 1708 τὸν
2335 1655 2427 1709 τοῦ
2463 1656 2668 1727 Κυρίου
2701 1657 2934 1711 θάνατον
2993 1658 3336 1730 προφητείαν
3383 1659 3789 1726 καθαρωτάτην

2215 1767 2272 1802 τε
2302 1751 2394 1804 καὶ
2423 1751 2895 1819 ὑπερλάμπουσαν
2924 1767 2940 1816 ;
2975 1751 3145 1815 Αὐτὸς
3175 1751 3286 1820 γάρ
3317 1752 3346 1805 δ
3380 1748 3519 1814 Geo;
3546 1748 3576 1804 δ
3619 1751 3786 1820 λέγων

2217 1842 2344 1911 περὶ
2397 1841 2614 1907 ἑαυτοῦ,
2646 1841 2727 1893 ὅτι
2787 1842 3116 1913 ἑθεμελίωσε
3141 1846 3242 1913 τὴν
3278 1843 3406 1912 γῆν,
3451 1844 3537 1897 ὃτι
3595 1843 3788 1913 ἔθηκεν

2215 1933 2337 2001 ὅρια
2365 1936 2428 2002 τῇ
2483 1932 2749 2005 θαλάσσῃ,
2783 1934 2863 1987 δτι
2895 1933 3147 2005 ὕμνησαν
3176 1935 3342 1990 αὐτὸν
3371 1935 3420 1987 οἱ
3446 1937 3671 2005 ἄγγελοι
3697 1933 3795 1992 αὐτ

2215 2022 2310 2076 τοῦ
2338 2023 2548 2086 ’.αὐτὸς
2577 2024 2727 2093 λέγει
2771 2025 2849 2094 τῷ
2900 2025 3044 2089 Ἰὼϐ,
3085 2044 3107 2078 ι
3145 2028 3237 2097 Μή
3271 2044 3352 2079 τοι
3386 2027 3572 2081 λαϐὼν
3625 2025 3791 2096 πηλὸν

2215 2115 2457 2176 ἔπλασας
2487 2112 2649 2181 ζῶον,
2681 2117 2777 2168 καὶ⁵
2807 2115 3036 2187 λαλητδν
3072 2117 3207 2170 αὐτὸ
3235 2117 3359 2171 ἔθου
3396 2117 3489 2172 ἐπὶ
3528 2118 3636 2187 τῆς
3670 2117 3790 2187 γῆς.

2215 2211 2248 2280 ἢ
2303 2210 2362 2261 ὲν
2409 2209 2615 2279 ἴχνεσιν
2659 2210 2899 2263 ἀϐύσσου
2949 2212 3404 2280 περιεπάτησαςς
3457 2212 3790 2279 ’Δνοῑγονται

2213 2299 2271 2352 δέ
2303 2316 2384 2352 σοι
2417 2300 2567 2371 φὸσῳ
2617 2299 2782 2352 πύλαι
2835 2299 3092 2364 θανάτου,
3119 2301 3364 2373 πυλωροὶ
3417 2300 3471 2354 δὲ
3494 2299 3792 2373 ᾂδουἾδάνο

2215 2406 2304 2452 τες
2333 2407 2394 2443 σε
2423 2390 2697 2459 ἔπτηξανς
2734 2407 2752 2441 ι
2790 2390 2854 2444 Τί
2901 2391 3064 2444 τοῦτο
3093 2393 3290 2459 λέγων,
3346 2391 3380 2463 ἦ
3427 2393 3512 2445 ὃτι
3571 2392 3719 2462 Ἐγὼ
3763 2393 3790 2445 6

2214 2482 2343 2545 Θεὸς
2374 2481 2403 2533 6
2435 2482 2663 2554 ποιήσας
2693 2481 2867 2535 ταῦτα
2891 2496 2909 2515 ο
2958 2483 3069 2550 ἐγὼ
3113 2482 3301 2552 ἦνοιξα
3337 2485 3435 2549 τάς
3470 2485 3669 2548 ,πύλας
3700 2484 3788 2538 τοῦ

2217 2574 2468 2629 θανάτουο
2490 2576 2563 2644 τῷ
2588 2575 2695 2645 γὰρ
2727 2575 2874 2647 φόϐῳ
2906 2593 3008 2644 μου
3029 2576 3378 2647 ἠνοίχθησαν,
3402 2579 3494 2631 καὶ
3523 2579 3630 2648 ἐμὲ
3660 2578 3790 2631 ἰδόν-

2214 2682 2307 2729 τες
2337 2667 2394 2718 ὲν
2448 2665 2526 2734 τῷ
2561 2663 2686 2736 ᾄδῃ,
2718 2665 2961 2736 ἔπτηξαν
2997 2667 3046 2720 oi
3080 2667 3321 2736 πυλωροὶ
3364 2668 3551 2722 αὐτοῦ.
3609 2667 3789 2736 Ὅμως

2215 2755 2360 2816 τινος
2403 2754 2718 2825 ἐξηγήσεως
2764 2755 2936 2809 δεῖται
2967 2757 3000 2826 ἡ
3031 2757 3282 2828 παροῦσα
3335 2759 3668 2828 προφητεία,
3702 2757 3788 2810 οὗ·

2217 2865 2324 2910 τως
2376 2849 2744 2918 εὐρισκομένη
2775 2843 2935 2918 δήλη,
2983 2849 3059 2915 ὡς
3091 2851 3184 2902 καὶ
3210 2851 3301 2903 τὸν
3325 2853 3526 2922 ’πάντη
3559 2852 3792 2921 ἀνόητον

2224 2942 2318 2992 καὶ
2342 2940 2532 3011 ἀμαθῆ
2567 2942 2757 3009 νοῆσαι
2787 2939 2991 3012 ταύτην
3017 2959 3032 3009 ;
3073 2942 3146 2995 Τὸ
3174 2943 3306 3013 γάρ.
3341 2964 3359 2995 ι
3385 2943 3606 3007 Ἰδόντες
3642 2961 3710 3012 με
3740 2941 3789 2995 ol

2224 3029 2466 3098 πυλωροὶ
2493 3031 2586 3083 τοῦ
2637 3030 2765 3101 eam;
2802 3030 3068 3099 ἔπτηξαν,
3109 3051 3127 3083 ι
3163 3033 3264 3104 τὴν
3295 3036 3432 3105 μετὰ
3466 3035 3787 3104 αὑθεντικῆς

2222 3121 2408 3192 θεῖκῆς
2433 3139 2490 3175 τε
2525 3124 2639 3190 ἅμα
2704 3126 2799 3176 καὶ
2847 3123 3262 3193 ὲξουσιαστικῆς
3309 3127 3594 3196 δυνάμεως
3638 3142 3789 3196 γεγο-

2221 3217 2375 3268 νυῖαν
2406 3216 2502 3268 τοῦ
2537 3215 2776 3289 Χριστοῦ
2811 3217 3108 3270 ἀνάστασιν
3137 3219 3308 3287 δηλοῖ,
3345 3221 3424 3271 ἐτι
3468 3237 3520 3288 τε
3563 3221 3676 3290 μὴν
3701 3221 3790 3271 καὶ

2201 3307 2318 3377 ,τὴν
2346 3307 2711 3377 παντελῆ-καὶ
2740 3308 2972 3361 καθόλου
3000 3307 3097 3361 τοῦ
3127 3307 3254 3380 ᾅδου
3302 3310 3398 3363 καὶ
3426 3309 3520 3363 τοῦ
3558 3311 3788 3365 θανάτου

2220 3401 2538 3456 κατάλυσιν.
2580 3402 2742 3454 Ἀλλὰ
2790 3403 2883 3456 καὶ
2912 3403 2940 3455 6
2989 3403 3153 3458 Δαδὶδ
3197 3404 3500 3476 διαρῤήδην
3529 3404 3677 3457 οὕτω
3710 3404 3791 3455 λέ-

2218 3512 2328 3561 γει,
2377 3495 2459 3548 ὅτι
2511 3512 2530 3546 ι
2563 3497 2678 3548 Οὐκ
2721 3495 3141 3566 ἐγκαταλείψεις
3189 3498 3286 3568 τὴν
3332 3497 3515 3569 ψυχήν
3559 3517 3668 3569 μου
3715 3500 3792 3561 ei;

2220 3587 2377 3658 ᾅδην,
2408 3587 2529 3640 οὐδὲ
2557 3587 2749 3651 δώσεις
2779 3589 2872 3641 τὸν
2899 3588 3044 3642 ὅσιόν
3085 3606 3179 3642 σου
3216 3589 3346 3642 ἰδεῖν
3394 3590 3699 3660 διαφθοράν
3719 3628 3735 3646 .
3767 3608 3786 3641 ι

2221 3682 2302 3752 Τῇ
2344 3684 2503 3753 τρίτῃ
2535 3682 2643 3752 γάρ
2674 3683 2859 3753 ἡμέρᾳ
2891 3683 3087 3754 ἀνέστη
3113 3685 3142 3736 ὁ
3185 3683 3411 3755 Κύριος,
3452 3688 3547 3738 καὶ
3574 3686 3792 3754 διαφθοο

2223 3776 2323 3849 ράν
2354 3777 2453 3830 οὐκ
2481 3776 2698 3842 ἐδέξατο
2726 3777 2785 3828 τὸ
2817 3775 2972 3843 ἆγιον
2994 3774 3160 3831 αὑτοῦ
3189 3777 3368 3847 σῶμα.
3407 3777 3791 3838 Ἀποθανόντος

2222 3870 2329 3940 γάρ
2372 3869 2558 3934 αὐτοῦ,
2594 3868 2864 3935 ὲνετύλιξε
2907 3870 2968 3920 τὸ
3000 3871 3262 3938 πανάγιον
3290 3869 3454 3923 αὑτοῦ
3489 3870 3648 3942 σῶμα
3681 3871 3706 3923 ὃ
3736 3885 3791 3920 τε

2234 3961 2432 4033 Ἰωσὴφ
2457 3963 2550 4015 καὶ
2577 3961 2910 4030 Νικόδημος,
2929 3962 3002 4026 ὡς
3029 3964 3340 4034 ἔμπροσθεν
3366 3963 3616 4034 εἴπομεν,
3663 3967 3790 4036 μετὰ

2224 4056 2480 4119 σινδόνος,
2515 4055 2610 4107 καὶ
2648 4053 2892 4124 σμύρνης
2936 4055 3030 4107 καὶ
3062 4059 3390 4126 ἀρωμάτων,
3420 4058 3531 4110 Καὶ
3555 4060 3791 4127 προεφή-

2219 4165 2419 4202 τευσαν
2443 4166 2504 4200 πε
2517 4151 2568 4218 ρὶ
2585 4146 2680 4200 τοῦ
2708 4148 3080 4218 ἐνταφιασμοῦ
3107 4151 3270 4204 αὐτοῦ
3301 4154 3350 4204 οἱ
3370 4157 3430 4202 ὲν
3459 4156 3524 4224 τῇ
3550 4154 3790 4221 Βηθλεὲμ

2209 4239 2467 4302 ,ἐλθόντες
2508 4239 2710 4308 Μάγοι,
2757 4240 3111 4310 γεννηθέντος
3137 4242 3328 4308 αὐτοῦ,
3355 4245 3447 4296 καὶ
3473 4247 3793 4315 κομίσαντες

2221 4328 2371 4397 αὐτῷ
2404 4329 2495 4381 τόν
2542 4345 2602 4379 τε
2651 4329 2870 4398 χρυσὸν,
2896 4330 2986 4382 τὸν
3007 4329 3247 4398 λίϐανον,
3278 4338 3373 4387 καὶ
3395 4335 3496 4404 τὴν
3531 4338 3792 4406 σμύρναν.

2295 4423 2394 4477 κδ’.
2431 4417 2601 4476 Εἶπον
2643 4425 2692 4474 οἱ
2762 4423 3005 4478 Ἰουδαῖοι
3045 4425 3125 4495 τῷ
3177 4427 3419 4497 Πιλάτῳ,
3475 4445 3494 4480 ι
3529 4431 3793 4484 Κέλευσον

546 4525 724 4567 crum.
761 4531 779 4562 ι
819 4509 883 4564 Ει
919 4511 1024 4566 nisi
1051 4511 1320 4566 munitum
1358 4509 1552 4568 fuisset
1578 4515 1732 4579 illud,
1780 4516 2118 4570 occasionem

2229 4507 2628 4584 ἀσφαλισθῆναι
2663 4514 2751 4567 τὸν
2797 4515 2994 4583 τάφον.
3022 4535 3042 4568 1
3106 4515 3213 4570 Καὶ
3244 4518 3294 4569 el.
3325 4519 3423 4587 μὲν
3463 4518 3538 4589 μὴ
3571 4519 3794 4590 ἠσφαλί-

550 4603 874 4658 habuissent
942 4603 1407 4657 resurrectionem
1464 4605 1790 4670 cavillandi,
1850 4605 2117 4673 dicentes,

546 4695 842 4764 quod-non
875 4694 1143 4750 adfuisset
1189 4693 1352 4765 digna
1404 4704 1462 4750 et
1519 4695 1798 4751 suiliciens
1848 4697 2119 4753 custodia.

547 4786 755 4844 Verum
813 4800 939 4839 cum
975 4784 1274 4838 ornnil'aria
1325 4785 1574 4840 custodia
1618 4795 1675 4840 et
1722 4784 2004 4856 diligentia
2036 4788 2123 4841 his

547 4879 847 4935 commissa
887 4877 1078 4941 fuerit,
1106 4877 1310 4930 nullam
1356 4878 1582 4931 omnino
1627 4879 1971 4932 occasionem
1998 4879 2128 4934 reli—

551 4987 714 5040 quam
770 4971 975 5024 habent
1023 4970 1416 5025 rcsurrectioni
1477 4971 1630 5025 illius
1677 4971 2121 5027 contradicendi.

551 5065 628 5118 Ita
663 5065 808 5116 enim
877 5073 935 5115 ut
989 5063 1283 5130 cupiebant
1345 5062 1752 5131 volebanlque,
1812 5065 2126 5132 sepulcrum

551 5155 817 5210 custodiri
855 5167 1218 5209 curaverunt.
1281 5155 1445 5223 Lapis
1490 5157 1636 5208 enim
1671 5156 1802 5210 huic
1832 5155 2126 5224 impositus

551 5259 635 5302 est
671 5250 882 5315 ingens,
914 5262 1072 5314 quem
1102 5248 1268 5300 etiam
1295 5247 1475 5315 sigillo
1499 5247 1967 5314 obsignaverunt:
1993 5250 2123 5318 quin

553 5351 609 5394 et
648 5340 886 5392 militum
923 5349 1158 5392 turmam
1201 5339 1268 5393 ad
1299 5341 1604 5393 custodiam
1637 5341 1806 5409 huius
1831 5343 2125 5396 constitue-

556 5442 708 5487 runt.
762 5431 1028 5486 Caeterum
1088 5442 1148 5486 ut
1189 5432 1522 5500 ingratorum
1564 5433 1878 5486 Judaeoruin
1920 5434 2123 5488 ell'rena

555 5524 887 5578 obturentur
922 5524 1088 5588 labia,
1131 5525 1260 5592 quid
1305 5524 1398 5586 iit,
1452 5534 1506 5576 et
1556 5525 1845 5593 qualenam
1882 5536 2126 5595 tempore

557 5617 984 5671 resurrectionis
1049 5612 1254 5672 Christi
1307 5616 1494 5671 editur
1532 5615 1900 5671 miraculum?
1946 5619 2126 5672 Terrae

657 5800 699 5830 '°
738 5799 840 5854 Job
889 5814 1110 5862 xxxvm,
1147 5797 1300 5852 5-H.
1412 5797 1448 5826 "
1493 5797 1594 5852 Job
1635 5812 1763 5862 xui,
1814 5797 1917 5852 l-5.

2228 4608 2352 4672 ζετο
2381 4611 2407 4660 6
2442 4609 2633 4673 τάφος,
2669 4603 2813 4676 εἶχον
2859 4610 2928 4661 ἂν
2981 4608 3111 4672 ἴσως
3147 4611 3422 4679 πρόφασιν
3453 4604 3599 4667 οὗτοι
3646 4629 3794 4668 συκο-

2230 4701 2627 4770 φαντῆσαιτὴν
2667 4701 2972 4754 ἀνάστασιν
2999 4740 3014 4764 ,
3065 4701 3314 4770 λέγοντες
3339 4704 3426 4758 ὅτι
3472 4705 3576 4758 οὐκ
3625 4709 3796 4775 ἐγένε-

2231 4808 2292 4843 το
2332 4791 2365 4859 ἡ
2423 4791 2780 4860 προσήκουσα
2826 4793 3127 4860 ἀσφάλεια.
3191 4795 3363 4849 ”Αλλ’
3413 4799 3537 4851 ἐπεὶ
3587 4801 3622 4870 ἡ
3658 4803 3797 4856 πᾶσα

2231 4887 2328 4936 καὶ
2355 4883 2586 4935 παντοία
2632 4885 2876 4956 προσοχὴ
2907 4884 3001 4938 καὶ
3033 4885 3302 4955 ἀσφάλεια
3345 4889 3573 4953 ἐκείνοις
3614 4892 3792 4946 ἐπετέ-

2229 4991 2476 5042 τραπτο,
2536 4975 2792 5043 οὐδεμίαν
2847 4977 3119 5045 πρόφασιν
3170 4979 3388 5049 ἔχουσιν
3437 4985 3615 5036 εἰπεῖν
3671 4986 3794 5045 ὅλως

2230 5067 2482 5135 περὶτῆς
2531 5068 2875 5131 ἀναστάσεως
2901 5069 2996 5122 τοῦ
3041 5071 3299 5140 Χριστοῦ.
3339 5073 3428 5136 Ὠς
3475 5080 3581 5144 γάρ
3613 5076 3790 5148 ἤθελον

2231 5159 2326 5209 καὶ
2351 5159 2652 5226 Medione,
2679 5160 2850 5224 οὕτως
2881 5164 3208 5233 ἐποιήσαντο
3256 5169 3347 5219 καὶ
3378 5169 3473 5237 τὴν
3513 5169 3605 5222 τοῦ
3637 5173 3792 5238 τάφου

2232 5253 2550 5320 ἀσφάλειαν.
2584 5253 2740 5315 Λίθος
2774 5254 2883 5325 γάρ
2904 5255 3065 5325 ὲτὲθη
3090 5257 3275 5311 ἐπάνω
3297 5259 3391 5312 τοῦ
3421 5261 3594 5330 τάφου
3632 5266 3792 5333 μέγας

2238 5345 2462 5413 σφόδρα,
2487 5348 2579 5398 καὶ
2604 5348 2858 5416 σφραγῖδι
2879 5348 3279 5419 ὲσφραγίσαντο
3302 5350 3511 5406 τοῦτον.
3542 5355 3652 5408 Καὶ
3677 5357 3794 5422 τάγ·

2237 5455 2314 5506 μα
2343 5440 2689 5508 στρατιωτῶν
2730 5440 3036 5512 ἐτάχθησαν
3081 5444 3162 5507 εἰς
3202 5445 3447 5518 φυλακὴν
3491 5450 3588 5503 καὶ
3624 5450 3790 5518 ἁσφὰ-

2235 5530 2382 5581 λειαν
2434 5530 2637 5584 αὐτοῦ.
2712 5533 2850 5585 Ἀλλ’
2910 5533 2997 5588 ἵνα
3042 5536 3369 5608 ὲμφραγῶσι
3416 5540 3484 5593 τά
3539 5541 3787 5595 ἀπύλωτα

2237 5622 2480 5691 στόματα
2517 5625 2626 5678 τῶν
2661 5626 2970 5699 ἀχαρίστων
3006 5627 3294 5700 Ἰουδαίων,
3323 5631 3376 5684 τί
3415 5635 3667 5703 γίνεταις
3705 5636 3791 5688 καὶ

2029 5800 2073 5830 ⁸⁸
2116 5795 2254 5854 Psal.
2294 5814 2380 5866 xv,
2428 5800 2513 5855 ιο.
