4072 6258
211 378 312 442 185

1171 370 1468 431 CONTRA
1511 369 1997 430 MAHOMETEM
2041 367 2414 428 APOLOGIA
2457 369 2536 430 ΙΙ.

3337 374 3443 440 486

207 491 261 542 τί
306 486 807 558 Θαυματουργεῖται
854 486 919 555 τῇ
971 482 1090 555 ὥρᾳ.
1135 483 1236 552 τῆς
1289 482 1636 544 ἀναστάσεως
1684 480 1777 532 τοῦ

1890 488 2072 534 motus
2113 479 2172 532 lit
2207 463 2417 549 ingens,
2469 487 2526 533 et
2571 477 2773 533 milites
2801 478 3056 546 sepulcro
3084 479 3447 536 custodiendo

209 581 486 655 Χριστοῦ;
521 578 754 653 Σεισμὺς
796 577 1006 644 γίνεται
1055 575 1251 643 μέγας,
1286 575 1379 624 καί
1424 573 1530 625 ἀπὸ
1561 569 1653 622 τοῦ
1689 570 1783 636 φό-

206 677 301 730 6ou
354 673 535 726 αὐτῶν
584 672 632 723 οἱ
667 668 1036 738 φυλάσσοντες
1084 665 1176 718 τὸν
1233 666 1400 732 τάφον
1450 661 1781 732 στρατιῶται

206 765 452 833 ἐγένοντο
481 763 617 815 ὡσεὶ
647 759 852 829 νεκροί.
895 758 954 811 '0
981 758 1036 809 δὲ
1060 755 1292 824 Χριστὸς
1331 750 1646 808 καταλιπὼν
1680 750 1780 818 τὴν

208 857 419 910 σινδόνα
444 852 895 921 ὲντετυλιγμένην
921 850 1061 920 μετά
1086 849 1195 901 τῶν
1225 848 1554 917 ἀρωμάτων,
1578 844 1778 912 ἀνέστη

203 950 267 1001 ἐκ
290 946 387 1001 τοῦ
417 945 609 1014 τάφου.
646 943 755 996 Καὶ
798 941 944 1010 λέγει
963 940 1130 1009 nacta
1155 941 1236 1006 τὸ,
1271 958 1290 990 ι
1332 939 1606 1006 Ἐσπέρας
1631 934 1781 989 αὐλι-

202 1040 468 1109 σθήσεται
501 1035 796 1104 κλαυθμὸς,
845 1034 938 1088 καὶ
985 1034 1062 1095 είς
1106 1032 1166 1084 τδ
1193 1029 1336 1101 πρωῒ
1381 1027 1722 1097 ἀγαλλίασιςο
1754 1045 1775 1080 ι

201 1129 482 1198 κλαυθμὴς
521 1127 618 1197 μὲν
680 1127 768 1178 διὰ
820 1125 918 1196 τὴν
969 1126 1169 1194 ταφὴν,
1226 1122 1546 1192 ἀγαλλίασις
1597 1120 1780 1175 δὲδιά

199 1219 298 1290 τὴν
329 1222 654 1284 ἀνάστασιν.
722 1214 890 1283 Εἶδες,
945 1217 1143 1288 μᾶλλον
1171 1215 1228 1270 δὲ
1257 1215 1501 1285 ἀκήκοας
1527 1214 1776 1268 αὺθεντι-

197 1315 302 1382 χὴν
345 1315 446 1367 καὶ
488 1312 675 1381 θεῖκὴν
703 1311 800 1363 καὶ
848 1309 1174 1380 δεσποτικὴν
1218 1308 1474 1378 τοιαύτην
1526 1305 1778 1372 ἐξουσίαν

197 1401 294 1454 καὶ
339 1398 704 1464 δυναστείαν;
756 1398 870 1453 Οὐκ
915 1396 1298 1466 ὲξεθαμὸήθης
1332 1396 1427 1449 καὶ
1475 1395 1778 1464 ἐξεπλάγης

197 1491 334 1562 πρὸς
365 1493 584 1556 ταῦτα;
619 1492 802 1560 Ἔχεις
840 1489 1054 1552 πάντως
1084 1490 1257 1542 εἰπεῖν
1294 1490 1376 1540 ὅτι
1416 1485 1591 1552 οὕτως
1635 1489 1775 1553 ἐστὶ,

194 1582 291 1633 καὶ
317 1582 420 1632 οὐκ
447 1579 644 1640 ἄλλως.
674 1581 784 1632 Καὶ
813 1577 920 1646 γὰρ
949 1577 1064 1639 πῶς
1089 1579 1204 1629 ἐστι
1250 1577 1474 1631 δυνατὸν
1516 1579 1778 1648 ἐσμυρνι-

199 1676 402 1744 σμένον
459 1677 616 1745 σῶμα
640 1672 976 1743 χωρισθῆναι
1001 1672 1100 1741 τῆς
1135 1672 1388 1734 σινδόνος,
1423 1674 1518 1729 καὶ
1544 1671 1775 1742 εὐρεθῆ-

196 1786 282 1820 ναι
309 1767 770 1837 ὲντετυλιγμὲνην
812 1763 957 1820 σώαν
989 1767 1082 1817 καὶ
1130 1765 1395 1836 ἀκεραίαν
1432 1767 1567 1832 μετά
1600 1764 1774 1817 τοιούο

191 1876 301 1911 των
348 1859 689 1928 κολλητικῶν
737 1856 1046 1927 ἀρωμάτων
1075 1872 1092 1922 ;
1136 1858 1360 1922 Πάντως
1393 1858 1486 1910 καὶ
1520 1856 1684 1909 τοῦτο
1711 1856 1772 1910 ἓν

193 1951 340 2002 ἐστιν
380 1953 451 2003 ἐκ
497 1950 605 2002 τῶν
648 1946 740 2001 τοῦ
793 1945 1022 2018 Χριστοῦ
1075 1946 1325 2017 μεγάλων
1375 1946 1467 1998 καὶ
1517 1944 1772 2011 ἐξαισίων

193 2041 519 2111 θαυμάτων.
587 2037 1044 2093 ’Δποκεκῦλισται
1081 2038 1138 2091 δὲ
1170 2039 1262 2091 καὶ
1301 2040 1330 2090 6
1366 2037 1531 2104 λΙΘος,
1569 2037 1653 2091 ἵνα
1700 2033 1804 2105 μὴ’

192 2136 498 2203 νομίσωσιν
526 2135 574 2187 oi.
615 2133 854 2188 Ἰουδαῖοι
888 2134 968 2186 ὅτι
998 2135 1026 2185 6
1053 2116 1286 2204 Χριστὸς
1319 2131 1397 2183 ἔτι
1425 2133 1481 2182 ὲν
1509 2129 1580 2199 τῷ
1619 2131 1774 2200 τάφῳ

192 2229 543 2297 εὑρίσκεται,
570 2229 902 2292 ἀναστάντος
925 2226 1112 2280 αὐτοῦ·
1151 2227 1265 2279 ἀλλ’
1297 2226 1404 2279 ἀπό
1435 2242 1492 2277 τε
1524 2224 1616 2277 τοῦ
1667 2241 1776 2277 σει·-

200 2320 338 2388 σμοῦ
392 2323 492 2373 καὶ
539 2320 633 2374 τοῦ
671 2321 842 2387 λίθου,
887 2321 968 2374 ἔτι
998 2337 1056 2372 τε
1108 2316 1202 2371 τοῦ
1244 2318 1525 2387 σουδαρίω
1557 2319 1773 2389 καὶτῆς

199 2413 435 2474 σινδόνος
461 2414 602 2482 μετά
624 2413 727 2464 τῶν
754 2411 1061 2479 ἀρωμάτων
1084 2409 1260 2462 αὐτῶν
1285 2409 1554 2478 κειμένων
1579 2407 1771 2474 οὕτως,

198 2505 270 2565 ὼς
317 2507 574 2574 εἴπομεν,
624 2499 852 2556 ἔλθωσιν
908 2505 986 2564 είς
1022 2501 1294 2570 αἴσθησιν,
1345 2504 1442 2555 καὶ
1495 2499 1773 2570 μνησϐὦσι

201 2584 298 2648 σοῦ’
328 2596 543 2665 Κυρίου
574 2598 858 2668 είρηκότος
889 2597 968 2648 ὅτι
1006 2615 1024 2647 ι
1060 2594 1246 2658 Οὐδεὶς
1275 2593 1424 2664 αἴρει
1468 2595 1566 2665 τὴν
1597 2593 1773 2665 ψυχήν

205 2704 306 2753 μου
371 2688 470 2739 ἀπ’
533 2686 690 2756 ἐμοῦ.
750 2688 1029 2751 Ἐξουσίαν
1073 2687 1180 2756 ἔχω
1247 2686 1416 2739 Θείναι
1459 2687 1776 2755 αὐτὴν,καὶ

203 2779 447 2844 εξουσίαν
478 2778 592 2849 ἔχω
623 2779 784 2832 πάλιν
804 2779 985 2830 λαϐεῖν
1009 2779 1175 2848 αὐτήν
1207 2795 1251 2832 ι.
1287 2777 1426 2830 Ἀλλ’
1456 2777 1563 2830 οὐδ’
1602 2777 1775 2842 οὕτως

206 2871 439 2940 συνῆκαν
481 2872 534 2922 ot
558 2869 807 2936 τάλανες,
838 2869 1176 2933 ἀλλ’ἕδωκαν
1207 2868 1444 2939 ἀργύρια
1469 2870 1579 2932 τοῖς
1610 2884 1773 2938 στρα-

206 2962 438 3027 τιώταις,
472 2963 563 3014 ἵνα
587 2961 834 3031 κρύψωσι
857 2961 954 3030 τὴν
985 2961 1078 3012 τοῦ
1107 2960 1340 3030 Χριστοῦ
1387 2959 1715 3020 ἀνάστασιν.

274 3052 369 3106 κε’.
414 3054 474 3107 Ὁ
538 3053 720 3121 μέντοι
769 3054 1004 3122 Χριστὸς
1062 3055 1298 3116 ἀναστὰς
1346 3053 1440 3106 καὶ
1492 3052 1661 3105 ἐλθὼν
1698 3054 1776 3115 είς

189 3149 326 3213 ¹’τοὺς
358 3151 720 3213 αποστόλους,
755 3148 903 3216 λέγει
939 3149 1140 3212 αὐτοῖς,
1184 3166 1199 3197 ι
1241 3147 1446 3218 Εἰρήνη
1477 3148 1624 3216 ὑμῖν.
1660 3163 1681 3198 ι
1711 3146 1774 3199 Οἱ

203 3239 254 3292 δὲ
283 3243 566 3314 ἐχάρησαν
600 3239 795 3304 ἰδόντες
823 3241 1007 3296 αὐτόν.
1039 3237 1129 3304 Εἷς
1153 3240 1208 3293 δὲ
1234 3241 1293 3308 ἐξ
1317 3240 1553 3294 αὺτῶνό
1574 3239 1774 3310 Θωμᾶς

204 3333 386 3404 ἔτυχεν
436 3335 742 3406 ἀποδημῷν
773 3338 839 3404 τῇ
870 3333 989 3405 ὥρᾳ
1009 3336 1204 3406 ταύτῃ.
1248 3335 1512 3395 Ἀκούσας
1557 3333 1614 3386 δὲ
1647 3337 1778 3405 περὶ

201 3429 557 3496 ἀναστάσεως
595 3428 688 3480 τοῦ
741 3427 979 3498 Χριστοῦ
1016 3421 1198 3494 εἶπεν,
1231 3445 1250 3477 ι
1312 3426 1438 3482 Ἐὰν
1469 3427 1544 3496 μὴ
1587 3425 1682 3478 ῑδω
1718 3429 1777 3479 tv

204 3522 319 3583 ταῖς
348 3525 544 3590 χερσὶν
577 3519 741 3573 αὑτοῦ
774 3519 867 3574 τὸν
888 3503 1058 3572 τύπον
1085 3519 1195 3574 τῶν
1231 3519 1399 3588 ἥλων,
1447 3520 1541 3571 καὶ
1571 3519 1666 3572 ἐὰν
1701 3516 1776 3588 μὴ

207 3612 379 3682 βάλλω
415 3616 523 3684 τὴν
555 3613 710 3684 χεῖρά
742 3631 845 3685 μου
873 3615 951 3677 είς
981 3613 1078 3684 τὴν
1117 3612 1358 3682 πλευρὰν
1390 3611 1578 3678 αὐτοῦ,
1609 3612 1669 3663 οὐ
1700 3611 1776 3681 μὴ

204 3709 501 3762 πιστεύσω.
537 3726 556 3757 ›
598 3707 706 3760 Καὶ
736 3706 1066 3777 ψηλαφήσας
1102 3707 1130 3760 6
1169 3705 1393 3775 Θωμᾶς,
1435 3697 1562 3776 εὗρε
1592 3705 1652 3757 τὸ
1682 3705 1778 3774 ζη-

202 3803 488 3874 τούμενον,
520 3806 613 3857 καὶ
644 3804 782 3872 μέγα
812 3801 1127 3872 ἀνεϐόησεν,
1168 3821 1188 3856 ι
1228 3796 1288 3854 Ὃ
1306 3799 1505 3870 Κύριός
1535 3814 1659 3868 μου,
1683 3798 1777 3850 καὶ

202 3897 230 3947 6
276 3893 405 3959 Θεός
459 3909 595 3964 μου.
634 3912 653 3946 ι
697 3893 832 3946 Οὐδὲ
880 3896 990 3961 γὰρ
1034 3889 1244 3956 ἁπλῶς,
1299 3892 1393 3945 καὶ
1438 3888 1517 3951 ὡς
1545 3889 1771 3956 ἔτυχενο

202 3985 318 4037 οὐδὲ
341 3984 700 4056 χαριζόμενοι
723 3985 772 4038 οἱ
797 3984 1085 4038 ἀπόστολοι
1116 3982 1299 4052 ελεγον
1329 3983 1423 4034 καὶ
1452 3981 1773 4049 ὡμολόγουν

203 4073 288 4124 τὸν
311 4072 552 4143 Χριστὸν
574 4072 728 4137 Θεὸν,
752 4071 886 4124 ἀλλά
911 4069 1052 4140 μετὰ
1074 4071 1272 4141 πολλῆς
1296 4071 1567 4140 προσοχῆς
1595 4084 1653 4122 τε
1683 4068 1777 4121 καὶ

204 4165 464 4234 σκέψεως.
529 4163 639 4218 Καὶ
669 4164 696 4215 6
730 4163 964 4234 Χριστὸς
995 4163 1142 4229 λέγει
1176 4166 1312 4232 πρὸς
1351 4161 1514 4214 αὑτὸν
1544 4199 1558 4227 ,
1600 4179 1621 4214 ι
1653 4161 1774 4214 ’Ότι

205 4253 450 4328 ἑώρακάς
504 4275 574 4328 με
609 4257 1003 4320 πεπίστευκας.
1071 4256 1347 4326 Μακάριοι
1413 4254 1465 4307 οἱ
1521 4255 1596 4325 μὴ
1644 4253 1778 4307 ίδόν-

205 4365 293 4410 τες
317 4349 412 4404 καὶ
436 4350 859 4409 πιστεύσαντες.
901 4366 923 4402 ι
977 4349 1134 4403 Μετά
1179 4346 1309 4416 γοῦν
1337 4347 1436 4419 τὴν
1475 4348 1775 4400 ἀνάστασιν

208 4441 555 4509 καρτερήσας
581 4440 608 4492 6
641 4438 878 4506 Χριστὸς
912 4440 1121 4510 ἡμέρας
1174 4439 1585 4506 τεσσαράκοντα
1638 4436 1777 4507 μετὰ

210 4531 316 4586 τῶν
341 4532 678 4600 ἀποστόλων,
708 4533 802 4585 καὶ
832 4531 1046 4596 διδάξας
1098 4530 1313 4597 αὐτοὺς,
1344 4529 1547 4584 ἔδωκεν
1589 4529 1774 4592 αὐτοῖς
1807 4554 1850 4612 υ

209 4623 452 4688 ἐξουσίαν
482 4626 624 4678 κατά
655 4623 760 4677 τῶν
793 4624 1087 4694 δαιμόνων,
1128 4624 1223 4677 καὶ
1261 4623 1490 4692 δύναμιν
1521 4624 1768 4695 ἐνεργεῖν

211 4708 487 4788 Θαύματα,
516 4720 673 4771 ἅτινα
715 4718 887 4771 ὲποίει
915 4716 1226 4788 όΧριστὸς,
1272 4715 1368 4771 καὶ
1413 4717 1544 4780 ὅσας
1587 4717 1770 4788 ἀμαρο

209 4811 325 4874 τίας
349 4810 410 4863 λύ
421 4827 606 4865 σουσιν
625 4811 716 4864 ἐπὶ
737 4811 838 4882 γῆς
859 4811 982 4880 τῆς,
1008 4810 1092 4862 ἵνα
1127 4802 1226 4863 ὦσι
1255 4810 1347 4863 καὶ
1374 4812 1431 4864 ὲν
1458 4811 1534 4881 τῷ
1558 4807 1775 4881 οὐρανῷ

212 4901 518 4972 λελυμέναι,
552 4904 643 4956 καὶ
665 4903 795 4966 ὅσας
826 4903 1081 4972 δήσουσιν
1120 4903 1210 4954 ἐπὶ
1251 4905 1347 4970 τῆς
1385 4900 1514 4970 γῆς,
1544 4901 1630 4954 ἶνα
1672 4896 1774 4955 ὦσι

213 4993 301 5043 καὶ
330 4994 386 5043 ὲν
415 4994 494 5061 τῷ
523 4991 739 5061 οὐρανῷ
777 4993 1081 5063 δεδεμέναι.
1109 4992 1200 5062 Μὴ
1238 4992 1399 5061 μόνον
1437 4990 1492 5043 δὲ
1540 4990 1589 5044 σί
1637 4990 1768 5044 ἀπό·
1811 5029 1813 5034 .

215 5085 402 5150 στολοι,
425 5085 558 5137 ἀλλὰ
586 5087 677 5136 καὶ
709 5085 906 5147 πάντες
928 5085 973 5136 οἱ
1002 5087 1080 5146 είς
1105 5084 1196 5135 τὸν
1226 5083 1460 5154 Χριστὸν
1482 5097 1773 5134 maturau-

215 5178 386 5240 κότες,
423 5179 518 5230 καὶ
544 5179 686 5231 κατά
713 5180 805 5231 τὸν
837 5178 994 5246 λόγον
1027 5178 1121 5228 καὶ
1155 5175 1253 5244 τὴν
1301 5173 1650 5227 διδασκαλίαν
1674 5171 1769 5225 τοῦ

216 5269 541 5339 Εὑαγγελίου
615 5276 1114 5340 περιπατήσαντες,
1159 5272 1259 5334 τὴν
1311 5268 1483 5339 αὐτὴν
1514 5266 1768 5332 ἐξουσίαν

1881 571 2128 642 deputati
2160 574 2392 627 mortuis
2423 571 2732 626 redduntur
2764 570 2998 627 similes.
3033 571 3287 627 Christus
3312 587 3446 626 vero

1881 661 2072 716 relicta
2108 661 2340 718 sindone
2389 676 2514 715 cum
2561 659 2903 715 aromatibus
2932 659 3135 732 quibus
3167 659 3447 713 involutus

1881 752 2082 818 fuerat,
2150 753 2392 807 surrexit
2439 766 2469 806 e
2517 751 2796 820 sepulcro.
2858 751 2921 805 Et
2977 751 3040 805 de
3082 751 3186 806 hoc
3239 750 3442 806 David:

1888 843 2156 913 «Vespere
2183 843 2469 898 occinetur
2491 843 2693 906 luctus,
2715 849 2769 896 et
2807 856 2968 897 mane
2995 841 3290 897 exsultatio
3319 841 3383 895 ¹³.
3418 860 3439 892 ο

1879 933 2134 990 Ploratus
2189 934 2413 1005 quidem
2471 944 2697 1004 propter
2742 934 3446 1004 sepulturan‘t,-exsuitatio

1877 1036 2060 1081 autem
2098 1017 2324 1097 propter
2353 1027 2841 1105 resurrectionem.
2862 1026 3120 1092 Vidistin,
3155 1027 3264 1082 imo
3289 1026 3448 1082 audi-

1878 1118 2003 1172 visti
2038 1119 2209 1189 magis
2242 1130 2530 1189 augustam
2569 1119 2739 1187 illam,
2797 1120 3038 1174 divinam
3071 1130 3127 1174 et
3161 1127 3443 1187 potentem

1881 1210 2137 1266 virtutem
2168 1222 2222 1266 et
2251 1211 2587 1291 potentiam?
2628 1214 2706 1264 An
2743 1225 2846 1265 non
2875 1212 3241 1282 obstupescis.
3272 1220 3328 1267 et
3360 1222 3446 1266 at-

1882 1304 2088 1358 tonitus
2122 1305 2184 1358 ad
2223 1306 2338 1359 haec
2388 1305 2676 1360 redderis?
2726 1304 3032 1366 Fatendum
3082 1307 3308 1362 omnino
3361 1317 3447 1362 est

1881 1409 1996 1450 rem
2027 1397 2106 1449 sic
2140 1409 2198 1449 se
2247 1395 2450 1450 habere
2474 1437 2489 1458 ,
2534 1408 2590 1450 et
2619 1381 2731 1450 non
2759 1396 2942 1452 aliter.
2987 1397 3270 1462 Quomodo
3292 1400 3442 1454 enim

1878 1483 2015 1538 alias
2059 1484 2317 1554 possibile
2349 1485 2550 1552 fuerat,
2582 1488 2803 1558 myrrha
2836 1488 3118 1544 conditum
3173 1505 3375 1560 corpus
3412 1507 3443 1545 α

1876 1577 2109 1631 sindone
2139 1593 2303 1648 posse
2344 1581 2533 1634 revelli
2578 1591 2633 1636 et
2669 1581 2873 1646 evolvi,
2904 1597 3135 1653 eamque
3164 1584 3440 1640 evolutam

1879 1670 2110 1723 inveniri
2142 1671 2408 1740 integram
2445 1689 2748 1745 puramque
2782 1690 2906 1729 cum
2945 1685 3026 1730 tot
3059 1675 3290 1733 viscosis
3322 1694 3445 1733 aro-

1879 1762 2158 1818 matibus?
2217 1762 2327 1820 Hoc
2379 1774 2527 1820 certe
2554 1755 2743 1820 ‘unum
2794 1763 2966 1823 etiam
3017 1778 3198 1824 estex
3231 1772 3444 1842 magnis
3511 1787 3514 1791 ·

1805 1844 1847 1903 Β
1879 1851 1988 1906 illis
2019 1861 2076 1906 et
2130 1855 2418 1924 stupendis
2450 1849 2655 1912 Christi
2690 1859 2996 1915 miraculis.
3054 1859 3161 1915 Sed
3199 1873 3257 1916 et
3306 1863 3445 1932 lapis

1876 1945 2168 2002 devolutus
2219 1960 2322 2012 est,
2376 1964 2443 2003 ne
2494 1950 2666 2006 διιάεί
2716 1960 2973 2024 putarent
3004 1951 3305 2021 Christum;
3348 1955 3440 2025 qui

1876 2049 2278 2109 resurrexerat,
2310 2041 2489 2096 adhuc
2520 2042 2577 2096 in
2609 2044 2866 2111 sepulcro
2894 2045 3080 2113 jacere
3101 2086 3116 2110 ,
3159 2059 3346 2102 verum
3384 2057 3444 2101 ut

1875 2147 1976 2198 per
2006 2140 2164 2185 terra:
2196 2145 2399 2188 motum
2436 2145 2490 2188 et
2523 2136 2783 2206 lapidem,
2819 2145 2932 2191 tum
2959 2139 3123 2195 etiam
3149 2136 3356 2194 sudarii
3389 2151 3444 2196 et

1877 2224 2128 2279 sindonis
2165 2226 2372 2282 indicio
2402 2243 2526 2283 cum
2561 2231 2899 2287 aromatibus
2928 2231 3055 2298 illic,
3094 2243 3154 2287 ut
3183 2233 3438 2290 diximus.

1870 2319 2106 2389 jacentis
2129 2320 2180 2373 in
2207 2323 2574 2391 cognitionem
2602 2325 2976 2392 pervenirent,
2994 2333 3052 2379 et
3079 2329 3440 2380 recordaren-

1878 2423 1966 2467 tur
1996 2413 2288 2466 verborum
2317 2413 2522 2470 Christi
2551 2431 2565 2470 :
2596 2415 2804 2472 «Nemo
2832 2416 3233 2474 tollitanimam
3266 2432 3440 2474 meam

1877 2523 1905 2556 a
1942 2521 2046 2559 me.
2084 2506 2410 2562 Potestatem
2449 2507 2625 2561 habeo
2659 2507 2896 2574 ponendi
2931 2524 3079 2572 eam,
3112 2518 3170 2564 et
3197 2507 3443 2580 potestne

1880 2607 1984 2651 tem
2019 2595 2194 2651 habeo
2225 2614 2416 2654 rursus
2456 2599 2709 2653 sumendi
2738 2614 2857 2654 eam
2880 2600 2983 2654 ⁸⁸.»
3023 2601 3222 2657 Verum
3268 2619 3446 2674 neque

1877 2689 1955 2743 sic
2005 2689 2401 2745 intellexerunt
2443 2691 2665 2760 miseri,
2711 2692 2806 2746 sed
2861 2693 3123 2763 pecunias
3175 2691 3446 2750 dederunt

1878 2779 2169 2846 militibus,
2203 2781 2297 2850 qui
2328 2780 2534 2836 Christi
2570 2783 3031 2838 resurrectionem
3060 2784 3442 2842 obscurarent.

1950 3045 2044 3101 25.
2098 3045 2352 3101 Christus
2388 3061 2553 3116 porro
2596 3060 2719 3101 cum
2757 3048 3174 3114 resurrexisset,
3217 3048 3446 3107 veniens

1878 3139 1944 3196 ad
1989 3140 2266 3209 apostolos
2320 3139 2478 3203 dixit,
2522 3139 2660 3195 «Pax
2707 3141 2884 3197 vobis.
2919 3159 2940 3192 ι
2973 3140 3056 3197 illi
3112 3156 3293 3198 autem
3343 3145 3447 3201 hoc

1880 3234 1998 3288 viso
2027 3235 2198 3305 gavisi
2234 3245 2384 3289 sunt.
2436 3233 2595 3290 Unus
2643 3249 2774 3290 vero
2805 3236 3003 3292 horum
3041 3237 3279 3294 Thomas
3307 3237 3447 3296 forte

1879 3324 1968 3379 illa
2001 3326 2136 3381 hora
2175 3342 2280 3381 non
2306 3327 2500 3380 aderat
2533 3327 2662 3381 illis.
2730 3328 2867 3382 Cum
2914 3339 3095 3385 autem
3145 3331 3212 3386 de
3241 3331 3445 3388 Christi

1881 3416 2279 3470 resurrectione
2329 3415 2651 3481 audivisset,
2680 3417 2816 3472 dixit
2847 3435 2862 3475 :
2902 3438 2920 3470 ι
2956 3419 3071 3474 Nisi
3102 3421 3219 3490 ipse
3259 3422 3450 3481 videro

1881 3506 1934 3559 in
1968 3506 2221 3560 manibus
2255 3506 2402 3563 illius
2430 3507 2580 3577 signa
2611 3508 2918 3577 ciavordm,
2941 3522 2994 3565 et
3027 3511 3312 3569 i'mmisero
3333 3529 3451 3568 ma-

1879 3612 2009 3659 num
2046 3609 2220 3652 meam
2262 3597 2316 3649 in
2374 3598 2517 3651 latus
2544 3599 2689 3667 ejus,
2745 3615 2854 3655 non
2898 3600 3144 3658 credam.
3185 3621 3206 3665 ι
3246 3604 3450 3676 [lisque

1881 3687 2240 3742 contrectatis
2288 3688 2550 3754 Thomas,
2600 3691 2747 3757 quod
2787 3693 3069 3761 quaerebat
3116 3695 3346 3761 invenit,
3395 3707 3451 3751 et

1879 3780 2047 3833 altum
2077 3779 2425 3844 exclamavit,
2463 3781 2759 3837 tDominus
2786 3784 2962 3850 naeus,
2989 3794 3046 3838 et
3067 3785 3211 3840 Deus
3235 3802 3442 3842 meus.)

1878 3872 2065 3943 Neque
2114 3874 2260 3928 enim
2312 3874 2548 3944 simplici
2602 3875 2842 3945 quodam
2889 3887 2944 3933 et
2993 3875 3222 3934 l’ortui'to
3259 3880 3446 3948 modo,

1879 3973 2140 4034 tanquam
2179 3967 2541 4036 gratiﬁcaturi
2569 3965 2852 4023 Christum
2895 3971 3125 4040 apostoli
3159 3969 3448 4040 Deumdi-

1879 4056 2079 4112 cebant
2102 4069 2158 4112 et
2187 4057 2610 4126 conﬁtebantur,
2640 4059 2736 4115 sed
2783 4077 2906 4115 cum
2928 4078 3118 4134 magna
3143 4065 3451 4122 reverentia

1885 4159 1942 4204 et
1981 4151 2190 4205 studio.
2227 4149 2483 4206 Christus
2518 4163 2699 4206 autem
2726 4152 2861 4208 dicit
2893 4154 2970 4208 illi
3009 4173 3025 4208 :
3066 4153 3234 4222 «Quia
3264 4155 3448 4212 vidiSti

1881 4255 1992 4305 me,
2029 4242 2337 4297 credidisti.
2375 4242 2522 4297 Beati
2551 4243 2646 4313 qui
2675 4259 2781 4299 non
2812 4245 3064 4302 videntes
3094 4247 3438 4302 credunt”.9

1881 4332 2010 4389 Post
2035 4335 2498 4390 resurrectionem
2545 4335 2712 4405 igitur
2739 4335 2997 4393 Christus
3033 4353 3157 4410 cum
3188 4341 3450 4408 apostolis

1882 4440 2255 4484 commoratus
2276 4439 2359 4484 est
2385 4430 2503 4485 dies
2521 4430 2920 4500 quadraginta;
2942 4443 2998 4488 et
3022 4448 3145 4488 cum
3167 4433 3450 4489 docuisset

1881 4539 1997 4586 eos,
2027 4523 2177 4578 dedit
2205 4524 2312 4578 illis
2337 4534 2659 4592 potestatem
2679 4536 2866 4581 contra
2885 4527 3181 4594 daemones,
3204 4539 3255 4583 et
3274 4528 3451 4583 virtu-

1883 4624 1988 4668 tem
2001 4614 2195 4670 edendi
2215 4616 2497 4677 tniracula,
2510 4632 2629 4686 qua:
2641 4615 2890 4672 Christus
2903 4617 3134 4672 faciebat
3147 4628 3226 4683 ,et
3239 4626 3297 4672 ut
3314 4633 3451 4687 qua:-

1880 4722 2093 4778 cunque
2107 4709 2161 4762 in
2176 4716 2317 4761 terra
2333 4709 2668 4763 remitterent
2686 4720 2929 4777 peccata,
2945 4724 3006 4764 ea
3022 4709 3224 4765 incmlo
3235 4725 3452 4779 quoque

1882 4810 2069 4856 essent
2094 4802 2357 4870 remissa;
2384 4812 2438 4856 et
2457 4812 2515 4856 ut
2533 4817 2876 4872 quaecunque
2896 4806 2946 4858 in
2969 4815 3114 4857 terra
3132 4803 3451 4873 iigarent,iu

1883 4892 2022 4947 caelo
2041 4892 2206 4946 etiam
2224 4904 2405 4948 essent
2426 4893 2606 4963 ligata.
2652 4896 2769 4950 Non
2795 4907 2974 4950 tamen
3007 4897 3238 4966 apostoli
3261 4894 3445 4960 modo,

1884 4999 2072 5040 verum
2099 5003 2290 5041 omnes
2314 4987 2532 5043 Christo
2562 4988 2872 5053 credentes,
2906 4990 2995 5058 qui
3025 4989 3178 5058 juxta
3219 4987 3446 5043 verbum

1877 5090 1932 5133 et
1961 5080 2236 5151 Evangelii
2263 5080 2567 5136 doctrinam
2601 5084 2807 5146 vivunt,
2831 5085 3080 5136 eamdem
3120 5091 3448 5152 potestatem

1878 5183 1933 5231 et
1954 5179 2214 5230 virtutem
2241 5191 2271 5229 a
2293 5175 2511 5230 Christo
2535 5186 2886 5245 acceperunt,
2914 5190 3078 5245 quam
3110 5185 3163 5229 et
3193 5173 3451 5242 apostoli,

1878 5264 2180 5337 eademque
2223 5283 2346 5322 cum
2380 5267 2641 5338 apostolis
2675 5268 2847 5322 sancti
2880 5268 3146 5321 miracula
3184 5266 3450 5321 fecerunt.

213 5372 304 5422 καὶ
339 5373 566 5442 δύναμιν
603 5370 796 5424 ἔλαϐον
861 5370 969 5423 ἀπὸ
1013 5368 1107 5421 τοῦ
1179 5365 1441 5432 Χριστοῦ,
1491 5365 1680 5421 ὁποίαν
1733 5364 1828 5417 καὶ
1855 5367 1904 5417 o‘t
1938 5365 2246 5431 ἀπόστολοι,
2283 5367 2373 5418 καὶ
2399 5365 2466 5417 τὰ
2499 5365 2638 5418 αὐτὰ
2669 5364 2924 5432 Θαύματα
2960 5363 3180 5415 ἐποίουν
3207 5365 3257 5414 oi.
3284 5361 3450 5428 ἅγιοι,

215 5461 354 5529 ἅπερ
382 5465 475 5518 καὶ
513 5467 566 5517 οἱ
585 5463 900 5517 ἀπόστολοι.

280 5563 391 5621 ις’.
424 5555 504 5627 Τῇ
537 5557 592 5610 δὲ
625 5555 1032 5626 τεσσαρακοστῇ
1074 5553 1256 5624 ἡμέρᾳ
1295 5547 1536 5620 ἀπῆλθεν
1563 5549 1587 5601 6
1641 5549 1772 5618 Χρι-

218 5648 334 5712 στδς
381 5650 518 5719 μετά
563 5649 670 5701 τῶν
723 5647 980 5720 μαθητῶν
1033 5645 1199 5701 αὑτοῦ
1247 5644 1324 5709 εἰς
1379 5641 1438 5694 τὸ
1487 5640 1608 5711 ὅρος
1667 5643 1774 5695 τῶν

317 5832 359 5864 ¹³
400 5832 540 5889 Psal.
573 5849 698 5902 xxx,
731 5831 785 5890 6.

1951 5550 2042 5604 96.
2086 5551 2180 5605 Die
2211 5560 2392 5604 autem
2429 5550 2843 5620 quadragesima
2876 5549 3004 5602 abiit
3038 5546 3288 5601 Christus
3326 5558 3450 5598 cum

1882 5645 2148 5713 apostolis
2194 5647 2246 5699 in
2291 5655 2530 5699 montem
2577 5641 2855 5699 Oiivarum
2887 5640 3272 5709 Hierosolyma:
3322 5637 3457 5690 vici-

891 5826 938 5861 “
971 5826 1130 5885 Joan.
1156 5843 1211 5894 ι,
1252 5825 1335 5882 l8.
1417 5825 1460 5859 "
1498 5825 1654 5883 Joan.
1685 5842 1774 5893 xx,
1802 5823 1992 5881 26—29.
