4120 6290
479 379 583 446 591

1664 379 1987 445 JOANNIS
2027 380 2563 445 CANTACUZENI

3605 383 3711 447 ξιθέ

473 495 624 549 omni
673 479 902 550 scientia
945 497 1230 561 destituta,
1279 511 1623 567 nequaquam
1653 513 1682 551 a
1715 511 1845 550 vero
1886 495 2046 550 aber-

2152 494 2274 548 ὲπεὶ
2302 497 2397 549 καὶ
2422 498 2452 549 6
2477 496 2751 567 χείριστος
2789 497 2888 552 οὐκ
2905 497 3080 568 ﬁdem
3114 494 3382 568 ἀμέτοχος
3422 493 3596 566 πάντη
3628 497 3717 549 τοῦ

471 587 694 643 raverit.
722 587 863 654 Quid
885 588 1033 643 enim
1063 589 1308 645 deterius
1339 599 1423 646 est
1453 590 1696 654 homine,
1720 590 1812 658 qui
1835 587 2046 642 ratione

469 690 528 736 et
579 679 891 735 eruditione
943 680 1239 735 destitutus
1296 683 1412 735 est?
1466 681 1855 736 Verumtamen
1920 693 2046 733 cum

470 784 574 825 nec
627 770 901 840 pessimus
951 771 1198 840 quisque
1236 773 1385 827 omni
1430 774 1572 827 bono
1631 770 1685 824 in
1729 769 2044 824 universum

470 868 682 926 careat,
717 861 854 916 nihil
879 871 1075 918 tamen
1109 863 1212 916 hoc
1242 861 1532 932 profuerit.
1566 860 1648 916 En
1680 861 1823 915 enim
1860 858 2046 913 miseri

471 953 680 1008 Arabes
731 953 861 1029 dum
896 954 1036 1010 bona
1085 965 1357 1024 qumrunt,
1414 954 1471 1006 in
1524 951 1667 1007 mala
1706 951 2045 1014 inciderunt,

467 1053 522 1098 et
551 1045 693 1100 viam
727 1043 919 1099 salutis
961 1052 1285 1115 appetentes
1311 1045 1365 1098 in
1400 1042 1731 1113 profundum
1776 1040 2045 1113 perditio-

467 1135 554 1189 nis
583 1133 789 1203 delapsi
833 1142 980 1190 sunt.
1015 1133 1288 1189 Mahomet
1339 1132 1485 1189 enim
1522 1133 1622 1186 hos
1660 1147 1727 1186 ex
1767 1131 1864 1186 via
1898 1129 2045 1184 veri-

469 1226 598 1281 tutis
654 1225 913 1281 seductos
970 1226 1026 1280 in
1067 1233 1280 1279 montes
1312 1224 1540 1280 abduxit
1584 1233 1640 1278 et
1695 1221 2042 1285 solitudines,

469 1315 732 1386 locosque
775 1330 914 1385 quos
955 1332 1064 1372 non
1099 1316 1326 1388 inspicit
1376 1315 1662 1378 Dominus,
1701 1322 1763 1369 ut
1793 1328 1903 1368 non
1938 1313 2043 1367 im-

470 1409 672 1464 merito
711 1422 873 1463 orare
904 1407 1249 1472 debuissent,
1285 1407 1519 1462 dicendo
1555 1424 1568 1460 :
1610 1423 1630 1458 ι
1676 1404 1904 1461 Custodi
1939 1419 2044 1459 nos

469 1517 500 1555 ι
552 1501 748 1572 laqueo
791 1514 954 1569 quem
981 1509 1286 1570 posuerunt
1314 1499 1493 1560 nobis.
1517 1506 1572 1554 et
1601 1498 1669 1554 ab
1698 1495 2045 1554 oﬂendiculis

469 1595 815 1664 operantium
846 1593 1216 1663 iniquitatem.
1252 1592 1538 1649 Constitue
1563 1585 1793 1646 Domine
1831 1589 2046 1661 legisla-

471 1698 645 1741 torem
677 1701 844 1757 super
873 1701 997 1743 nos.
1033 1705 1051 1736 ι
1084 1686 1202 1742 Non
1235 1694 1415 1741 tamen
1457 1692 1744 1756 propterea
1787 1697 1886 1752 pro
1952 1683 2044 1754 ju-

479 1778 583 1832 stis
615 1777 983 1844 habebuntur,
1032 1787 1095 1832 ut
1137 1776 1230 1850 qui
1281 1777 1511 1839 fortasse
1545 1776 1641 1832 Dei
1679 1775 2042 1840 voluntatem,

2151 587 2390 656 ἀγαθοῦ·
2445 591 2492 642 εἰ
2539 589 2582 643 δ’
2615 587 2727 656 οὖν,
2765 594 2844 654 εἰς
2873 591 2933 645 τὸ
2961 591 3130 662 μηδὲν
3158 590 3438 660 ἐχώρησεν
3465 588 3548 642 ἂν.
3584 588 3716 642 Ἰδοὺ

2151 681 2245 734 καὶ
2275 682 2325 735 οἰ
2371 682 2600 746 τάλανες
2637 684 2877 755 Ἀραόες
2928 684 3114 752 ἀγαθὰ
3170 681 3488 754 ζητοῦντες,
3537 683 3719 745 κακοῖς

2148 772 2427 841 ἐνέτυχον,
2457 775 2551 828 καὶ
2573 773 2696 826 ὁδὸν
2719 774 2994 844 σωτηρίας
3017 773 3322 839 αἰτοῦντες,
3346 773 3428 834 εἰς
3449 769 3719 841 βάραθρον

2149 865 2427 930 ἀπωλείας
2456 866 2740 920 ἐνέπεσον.
2775 867 2836 921 '0
2866 866 2975 934 γὰρ
3007 863 3248 934 “(odim-:0
3278 863 3464 917 οὑτοσὶ
3515 865 3599 938 ἔκ,
3624 865 3721 934 τῆς

2147 953 2268 1010 ὀδοῦ
2317 956 2419 1026 τῆς
2459 956 2722 1028 ἀληθείας
2755 955 2980 1018 τούτους
3025 953 3334 1024 πλανήσας,
3378 954 3459 1016 εἰς
3499 945 3600 1025 ὅρη
3635 956 3723 1008 καὶ

2147 1046 2384 1117 ἐρημίας
2413 1047 2701 1118 εἰσήγαγε,
2751 1049 2846 1100 καὶ
2895 1046 3099 1108 τόπους
3129 1043 3224 1108 οὓς
3283 1043 3383 1098 οὐκ
3435 1043 3724 1097 ἐπισκοπεῖ

2147 1138 2351 1209 Κύριος
2379 1155 2393 1171 ·
2423 1139 2519 1194 καὶ
2553 1139 2776 1203 δικαίως
2799 1139 3031 1209 ηὔξαντο
3056 1139 3122 1194 ἂν
3148 1137 3418 1200 εἰπόντες,
3447 1155 3466 1189 ι
3491 1134 3723 1200 Φύλαξον

2148 1231 2316 1302 ἡμᾶς,
2348 1233 2566 1304 Κύριε,
2595 1235 2704 1288 ἀπὸ
2737 1233 2989 1302 παγίδος,
3016 1228 3085 1305 ἧς
3135 1231 3542 1302 συνεστήσαντο
3575 1229 3723 1300 ημῖν,

2148 1326 2245 1380 καὶ
2282 1325 2390 1380 ἀπὸ
2416 1326 2736 1380 σκανδάλων
2761 1326 2869 1380 τῶν
2908 1325 3299 1396 ἐργαζομένων
3342 1322 3444 1392 τὴν
3472 1319 3723 1385 ἀνομίαν.

2149 1416 2526 1486 Κατάστησον,
2555 1417 2728 1487 Κύριε
2754 1458 2770 1483 ,
2798 1417 3096 1489 νομοθέτην
3131 1415 3217 1485 ἔφ’
3247 1415 3416 1485 ἡμᾶς.
3453 1432 3474 1466 ι
3506 1410 3724 1466 Ἀλλτού

2149 1509 2299 1580 παρὰ
2333 1508 2493 1565 τοῦτο
2518 1508 2877 1574 δικαιοῦνται,
2911 1509 2989 1572 ὡς
3031 1509 3108 1579 μὴ
3136 1508 3340 1570 εἰδότες
3373 1506 3514 1578 τάχα
3553 1504 3613 1559 τὺ
3634 1502 3725 1558 τοῦ

2145 1601 2281 1654 Θεοῦ
2313 1601 2626 1672 θᾶλημα,τὸ
2654 1601 2900 1668 δίκαιον,
2932 1601 3027 1655 καὶ
3057 1601 3236 1667 ἅγιον,
3273 1600 3364 1653 καὶ
3409 1598 3725 1668 εὐάρεστον.

2146 1695 2238 1758 Εἰς
2261 1696 2444 1750 πᾶσαν
2467 1698 2562 1751 καὶ
2591 1695 2696 1768 γὰρ
2720 1696 2819 1767 τὴν
2847 1694 2952 1765 γῆν
2984 1692 3210 1764 ἐξῆλθεν
3230 1694 3257 1743 6
3285 1693 3394 1745 τῶν
3415 1689 3728 1744 ἀποστόλων

2148 1783 2409 1854 φθόγγος,
2457 1785 2554 1839 καὶ
2583 1785 2665 1844 εἰς
2705 1785 2892 1838 πᾶσαν
2923 1782 3023 1854 τὴν
3056 1783 3393 1851 οἰκουμένην
3442 1778 3729 1849 ἐκηρύχθη

464 1872 695 1940 justum,
746 1880 1019 1934 sanctum,
1063 1871 1285 1940 Deoque
1335 1868 1600 1940 placitum
1645 1868 2043 1938 ignoraverint.

2152 1842 2210 1924 τδ
2265 1842 2630 1942 Εὐαγγέλιον,
2648 1842 2955 1934 *Ἰουδαίοις
2978 1842 2991 1854 ’
3011 1886 3073 1922 τε
3106 1871 3200 1923 καὶ
3222 1842 3359 1932 ’τοῖς
3396 1842 3608 1920 ἔθνεσίν
3628 1842 3730 1927 ⁷εἰς

468 1964 526 2016 In
595 1964 905 2018 universam
962 1963 1112 2018 enim
1173 1972 1376 2018 terram
1433 1961 1608 2018 exivit
1665 1960 2043 2032 apostolorum

467 2069 658 2120 sonus,
688 2065 745 2110 et
775 2053 1128 2123 Evangelium
1159 2054 1212 2108 in
1244 2063 1417 2108 totum
1448 2054 1636 2108 orbem
1657 2052 2044 2106 annuntiatum

465 2155 550 2200 est
596 2153 654 2202 et
681 2144 887 2203 Iudaeis
939 2155 996 2201 ct
1029 2147 1303 2215 gentibus,
1353 2147 1409 2200 in
1467 2144 1842 2200 testimonium
1891 2143 2041 2214 ipsis.

465 2235 637 2303 Quale
672 2252 802 2293 vero
852 2237 1096 2309 gentium
1128 2235 1546 2293 testimonium?
1579 2235 1762 2306 ipsum
1803 2236 2046 2306 Evange-

466 2327 627 2394 lium,
683 2329 799 2399 ipsa
854 2327 1197 2399 pradicatio,
1248 2329 1367 2398 ipsa
1423 2326 1678 2383 doctrina
1736 2326 2042 2397 sapientum

468 2419 990 2491 apostolorum,qui
1020 2418 1376 2490 Evangelium
1407 2417 2041 2472 annuntiaveruntomni

466 2522 756 2580 'creaturaz,
788 2526 822 2568 e
867 2512 1070 2583 quibus
1126 2511 1217 2567 alii
1265 2509 1489 2582 quidem
1535 2511 1769 2566 veritate
1827 2511 2042 2581 cognita

467 2603 836 2659 adoraverunt
887 2601 1289 2672 colueruntque
1341 2599 1519 2656 solum
1580 2602 1752 2656 Deum
1809 2615 2042 2665 verum;

465 2693 562 2748 alii
584 2681 717 2748 vero
741 2693 805 2748 ad
835 2709 899 2748 ea
936 2709 1057 2762 qua:
1093 2691 1447 2757 dicebantur,
1481 2707 1590 2747 non
1628 2691 1822 2747 intenti
1849 2704 2040 2755 erant;

468 2786 560 2841 alii
597 2800 815 2852 rursum
858 2784 926 2840 ad
974 2792 1189 2854 tempus
1217 2781 1428 2848 ﬁdeles,
1465 2791 1654 2854 postea
1694 2783 1747 2837 in
1781 2782 2045 2853 perditio-

466 2880 554 2935 his
578 2879 900 2934 barathrum
924 2877 1128 2932 reversi
1166 2885 1319 2940 sunt,
1359 2885 1415 2930 et
1453 2874 1704 2944 quamvis
1733 2874 2044 2928 idololatra:

465 2984 577 3028 non
609 2969 836 3035 fuerint,
878 2979 939 3022 ut
968 2969 1142 3038 prius,
1171 2967 1224 3023 in
1261 2967 1409 3022 aliud
1459 2978 1639 3021 tamen
1681 2967 2042 3036 prmcipitium

470 3063 701 3133 apriori
760 3062 899 3116 nihil
962 3060 1225 3116 diﬂ’erens
1290 3061 1624 3114 inciderunt.
1692 3058 1790 3112 llic
1861 3058 2044 3127 itaque

470 3159 708 3227 primum
757 3164 1037 3226 parentem
1081 3170 1238 3210 suum
1274 3155 1548 3209 diabolum
1599 3153 1810 3208 scilicet
1859 3153 2042 3206 imita-

2152 1962 2457 2036 μαρτύριον
2487 1963 2697 2028 αὐτοῖς.
2735 1962 2896 2018 Ποίόν
2926 1964 3046 2016 ἐστι
3078 1963 3138 2017 τὸ
3170 1962 3282 2015 τῶν
3314 1960 3488 2014 ὲθνῶν
3523 1959 3731 2030 μαρτύ-

2151 2075 2300 2128 ριον;
2332 2057 2476 2111 Αὐτὸ
2511 2058 2570 2112 τὸ
2602 2056 2958 2127 Εὑαγγέλιον,
2989 2055 3120 2109 αὐτὸ
3163 2053 3225 2108 τὸ
3263 2056 3557 2124 κήρυγμα.
3593 2049 3730 2120 αὐτὴ

2148 2152 2182 2221 ἡ
2213 2149 2532 2202 διδασκαλία
2563 2149 2675 2203 τῶν
2707 2147 2891 2218 σοφῶν
2932 2147 3275 2221 ἀποστόλων,
3303 2145 3413 2198 τῶν
3456 2142 3730 2214 κηρυξάν-

2146 2219 2255 2295 των
2295 2241 2354 2293 τὸ
2394 2239 2727 2308 Εὑαγγέλιον
2759 2239 2816 2293 ὲν
2851 2240 3006 2310 πάσῃ
3055 2239 3122 2308 τῇ
3158 2219 3356 2291 κτίσει.
3400 2235 3521 2302 ’Δφ’
3569 2228 3635 2306 ἧς
3680 2228 3730 2286 οι

2151 2329 2250 2399 μὲν
2288 2331 2510 2397 γνόντες
2541 2329 2634 2398 τὴν
2665 2329 2929 2399 ἀλήθειαν
2963 2327 3386 2400 προσεκύνησαν
3416 2328 3514 2380 καὶ
3540 2324 3731 2379 ἐσεσὰ-

2150 2417 2357 2489 σθησαν
2389 2419 2482 2472 τὸν
2518 2421 2679 2489 μόνον
2730 2413 2907 2488 ἀληθῆ
2940 2418 3097 2482 Θεὸν,
3123 2419 3171 2471 οἰ
3201 2417 3257 2472 δὲ
3311 2416 3472 2470 οὐδὲν
3526 2417 3734 2490 προση-

2148 2527 2316 2564 καντο
2341 2511 2450 2565 τῶν
2482 2511 2817 2581 λεγομένων,
2851 2511 2906 2565 ὀί
2932 2511 2990 2564 δὲ
3023 2501 3161 2582 πρδς
3193 2511 3376 2579 ὀλίγον
3404 2503 3733 2564 πιστεύσανὲ

2146 2621 2258 2668 τες,
2278 2606 2439 2658 πάλιν
2468 2605 2963 2675 ὲπανεστρὰφησαν
2991 2605 3070 2669 εἰς
3096 2607 3158 2658 τὸ
3189 2603 3597 2672 τῆς”ἀποιλείαε
3633 2603 3734 2676 βά-

2149 2695 2371 2766 ραθρον.
2415 2697 2525 2752 Καὶ
2547 2697 2630 2750 ὅτι
2678 2697 2777 2766 μὲν
2807 2695 3198 2768 εἰδωλολάτραι
3227 2696 3329 2750 οὒκ
3357 2698 3614 2766 ιγένοντο
3658 2692 3734 2759 ὠς

2148 2786 2208 2840 τὸ
2240 2788 2391 2857 πρὶν,
2422 2787 2752 2857 περιέπεσον
2783 2786 2840 2840 δὲ
2874 2787 3047 2858 ἑτέρῳ
3091 2786 3346 2858 κρημνῷ,
3378 2785 3475 2839 τοῦ
3508 2784 3730 2856 πρώτου

2151 2875 2320 2945 μηδὲν
2347 2875 2684 2945 διαφέροντι,
2715 2867 2868 2936 οὗτος
2894 2874 2987 2926 τὸν
3015 2875 3148 2928 ἰδιον
3184 2873 3399 2944 πατέρα
3433 2874 3530 2927 τὸν
3550 2871 3733 2927 διάϐο-

2144 2964 2239 3017 λον
2281 2963 2687 3034 μιμησάμενος,
2745 2963 2804 3026 ὃς
2866 2961 3049 3015 πεσὼν
3084 2961 3161 3024 ὡς
3211 2962 3474 3033 ἀστραπὴ
3527 2965 3593 3015 ἐκ
3638 2959 3734 3015 τοῦ

2145 3059 2374 3128 ούρανοῦ
2409 3057 2545 3124 μετὰ
2573 3057 2635 3109 τὸ
2662 3055 3038 3128 ἀπορριςνῆναι
3065 3056 3160 3108 τοῦ
3224 3056 3355 3108 ἰδίου
3400 3071 3734 3124 κατοικητη-

2154 3149 2297 3221 ρίου,
2325 3149 2425 3202 66v.
2458 3151 2521 3219 ἑᾷ
2549 3165 2655 3202 τινι
2699 3149 2807 3201 τῶν
2862 3145 3170 3218 ἀνθρώπων
3210 3147 3555 3218 ἀπείραστῳ,
3595 3146 3735 3202 ἀλλὰ

473 3261 578 3312 ius,
607 3247 702 3317 qui
731 3262 832 3302 ceu
862 3247 1044 3316 fulgur
1071 3246 1212 3301 caelo
1238 3245 1518 3316 delapsus,
1547 3256 1834 3316 postquam
1869 3259 1897 3297 a
1923 3258 2046 3314 pro-

2155 3243 2362 3305 πὰντας
2391 3239 2869 3310 συγκληρονόμους
2920 3235 3086 3291 αὑτοῦ
3110 3229 3211 3307 τῆς
3237 3235 3540 3317 τοῦτπυρδς
3582 3237 3736 3304 γεέν-

473 3343 589 3412 pria
649 3343 812 3397 domo
866 3341 1114 3412 deiectus
1174 3348 1278 3405 est,
1327 3339 1540 3394 nullum
1593 3339 1874 3393 hominem
1935 3353 2045 3392 non

473 3441 667 3497 leniat,
705 3444 894 3485 verum
925 3429 1220 3484 universos
1250 3429 1390 3499 ignis
1420 3428 1685 3500 gehennae
1713 3439 1768 3484 et
1796 3429 2048 3484 tenebra-

471 3540 593 3579 rum
624 3515 941 3587 cohaaredes
971 3521 1152 3578 facere
1185 3529 1438 3587 conatur,
1466 3531 1523 3577 et
1563 3523 1884 3593 peregrinos
1914 3521 2047 3577 alie-

474 3631 684 3686 nosque
715 3631 744 3669 a
773 3616 884 3670 Deo
934 3614 1209 3679 reddere;
1266 3612 1346 3670 sic
1391 3614 1505 3679 ille,
1558 3615 1802 3683 inquam,
1834 3613 2044 3689 infelix

474 3709 750 3763 Mahomet
789 3723 898 3762 non
927 3707 1139 3761 destitit
1165 3720 1363 3761 curare
1413 3704 1689 3776 quomodo
1724 3720 1916 3759 omnes
1946 3707 2047 3760 ho-

473 3801 708 3854 minesa
760 3799 855 3853 Dei
888 3797 1096 3855 familia
1149 3796 1520 3851 abstraheret.
1579 3795 1810 3851 Etcum
1867 3796 2048 3852 omnis

473 3887 639 3942 homo
667 3885 990 3940 delictorum
1029 3900 1253 3939 suorum
1292 3884 1560 3940 rationem
1607 3885 1926 3940 redditurus
1976 3887 2048 3940 sit

477 3979 532 4032 in
563 3979 650 4033 die
683 3977 897 4049 iudicii,
931 3992 1095 4047 quam
1151 3978 1385 4032 obsecro
1431 3977 1737 4047 apologiam
1795 3978 2048 4034 instituet

473 4071 675 4126 stultus
703 4067 994 4134 Mahomet,
1024 4069 1120 4139 qui
1169 4077 1372 4124 tantam
1421 4070 1706 4125 hominum
1742 4071 2050 4125 multitudi-

473 4178 600 4218 nem
629 4178 659 4216 a
695 4162 808 4216 Deo
841 4161 1212 4215 abalienavit?
1250 4160 1398 4217 Licet
1431 4164 1578 4218 enim
1617 4178 1781 4218 nemo
1814 4180 1844 4218 e
1880 4169 2047 4224 manu

475 4255 572 4311 Dei
602 4253 818 4324 eripere
852 4252 1026 4323 possit
1050 4269 1198 4321 eum,
1228 4255 1320 4326 qui
1373 4256 1548 4310 salute
1592 4257 1790 4327 dignus
1817 4266 1923 4324 est,
1959 4257 2049 4313 hic

470 4354 659 4399 tamen
687 4343 781 4398 Dei
814 4343 1069 4400 inimicus
1094 4354 1341 4416 apparet,
1372 4351 1729 4416 quantumvis
1754 4347 1934 4417 reipsa
1963 4348 2049 4402 in-

479 4436 672 4494 firmus
718 4435 809 4489 sit.

549 4618 599 4670 1.
638 4614 738 4670 Hic
768 4613 960 4670 morbo
1004 4615 1211 4672 caduco
1250 4616 1534 4682 laborans,
1570 4618 1750 4674 morbi
1804 4630 2050 4692 tempore

2155 3351 2252 3404 νης
2281 3331 2376 3385 καὶ
2412 3331 2508 3384 τοῦ
2540 3330 2770 3390 σκότους
2815 3329 3036 3381 σπεύδει
3086 3332 3359 3401 ποιήσειν,
3398 3330 3498 3382 καὶ
3550 3326 3736 3393 ξένους

2156 3427 2250 3481 καὶ
2277 3424 2593 3495 ἀλλοτρίους
2622 3425 2716 3474 τοῦ
2755 3421 2893 3474 Θεοῦ
2943 3421 3390 3492 ἀπεργάσασθαι.
3424 3421 3540 3475 Καὶ
3570 3422 3600 3474 6
3622 3417 3734 3472 διί-

2153 3521 2300 3583 λαιος
2347 3519 2526 3572 τοίνυν
2565 3510 2719 3580 οὗτος
2749 3517 2774 3569 6
2805 3516 3048 3585 Μωάμεθ
3099 3517 3222 3570 ὅσον
3285 3515 3344 3567 τὸ
3411 3513 3537 3568 κατ’
3570 3513 3734 3566 αὐτὸν

2154 3615 2254 3666 οὐκ
2307 3611 2550 3681 ἠμέλησε
2581 3608 2675 3662 τοῦ
2727 3609 2907 3662 πάντα
2956 3607 3247 3680 ἄνθρωπον
3289 3608 3606 3676 ἀποστῆσαι
3635 3605 3736 3673 τῆς

2154 3707 2248 3757 τοῦ
2281 3703 2416 3756 Θεοῦ
2447 3700 2796 3763 οἰκειώσεως.
2832 3693 2940 3752 Kal;
2995 3699 3077 3752 ὅτι
3125 3697 3227 3768 μὲν
3280 3700 3388 3761 πᾶς
3444 3696 3736 3768 ἄνθρωπος

2155 3796 2313 3864 λόγον
2355 3793 2541 3862 ὑφέξει
2569 3792 2712 3863 ὑπὲρ
2738 3791 2844 3844 τῶν
2877 3791 3022 3843 ἰδίων
3049 3789 3548 3861 πλημμελημάτων
3574 3792 3632 3842 ὲν
3661 3789 3737 3857 τῷ

2153 3887 2334 3960 καιρῷ
2386 3889 2484 3954 τῆς
2515 3887 2774 3950 ὲτάσεως,
2808 3887 2974 3938 παντί
3016 3901 3120 3937 που
3157 3883 3342 3954 δῆλον.
3393 3883 3457 3939 '0
3488 3885 3546 3939 δὲ
3573 3884 3740 3939 Μωά-

2159 3984 2258 4053 μεθ
2298 3984 2324 4033 6
2357 3979 2642 4040 τοσούτους
2673 3978 2765 4030 καὶ
2794 3976 3069 4041 τοιούτους
3090 3977 3393 4046 πλανήσας.
3429 3977 3525 4032 καὶ
3550 3976 3738 4041 ξένους

2157 4075 2252 4126 καὶ
2293 4071 2604 4139 ἀλλοτρίους
2642 4068 2777 4122 Θεοῦ
2810 4067 3153 4138 πεποιηκὼς,
3186 4069 3343 4130 ποίας
3381 4069 3448 4122 ἂν
3493 4069 3738 4134 τεύξοιτο

2157 4160 2451 4222 ἀπολογίας
2490 4159 2517 4208 6
2555 4159 2822 4224 μάταιοςς
2858 4157 2983 4210 ’Ὀτι
3009 4157 3066 4210 δὲ
3105 4156 3280 4221 οὐδεὶς
3302 4158 3530 4210 δύναται
3557 4158 3738 4229 ἁρπά-

2159 4271 2251 4309 σαι
2309 4255 2372 4305 ὲκ
2411 4254 2510 4322 τῆς
2565 4251 2747 4320 χειρὸς
2781 4249 2875 4303 τοῦ
2926 4249 3064 4304 Θεοῦ
3104 4250 3196 4303 τὸν
3228 4250 3377 4316 ἄξιον
3433 4251 3734 4322 σωτηρίας,

2158 4346 2251 4399 καὶ
2281 4345 2438 4399 τοῦτο
2467 4346 2577 4405 τοῖς
2647 4345 2782 4396 πᾶσι
2853 4344 3124 4414 φανερόνο
3173 4344 3291 4397 ἀλλ’
3354 4346 3500 4411 ὅμως
3546 4343 3738 4413 ἐχθρὸς

2156 4439 2249 4493 τοῦ
2277 4438 2413 4493 Θεοῦ
2452 4438 2832 4504 ἀναφαίνεται,
2882 4440 2928 4490 εἰ
2963 4437 3057 4490 καὶ
3082 4435 3311 4508 ἀσθενὴς
3355 4439 3526 4501 ὅντως
3556 4437 3739 4508 ὑπάρ-

2193 4550 2263 4588 ει.

2193 4552 2263 4588 ει.

2157 4552 2189 4604 χ
2234 4623 2304 4682 α’.
2355 4619 2526 4686 Οῦτος
2571 4624 2858 4677 ἀσθένειαν
2916 4621 3211 4692 ἐπιληψίας
3266 4623 3459 4688 νοσῶν,
3494 4627 3559 4694 τῇ
3618 4621 3738 4694 ὥρᾳ

478 4707 606 4761 hinc
646 4706 773 4761 inde
802 4703 1123 4760 volvebatur
1155 4719 1435 4776 spumans.
1461 4706 1604 4772 Quid
1636 4721 1768 4777 ergo
1797 4709 2046 4780 impleta-

2152 4718 2244 4770 τοῦ
2279 4716 2486 4777 πάθους
2535 4714 2779 4767 ἐκυλίετο
2830 4714 3101 4784 ἀφρίζων.
3143 4713 3208 4765 Τί
3258 4713 3386 4780 γοῦν
3419 4717 3738 4789 μηχανᾶται

479 4802 551 4854 tis
611 4801 863 4854 inventor
907 4798 1386 4854 comminiscitur?
1449 4800 1682 4856 Simulat
1740 4817 1800 4857 se
1855 4819 1963 4858 non
2023 4820 2054 4860 a

481 4892 692 4956 morbo,
721 4891 817 4947 sed
841 4908 876 4946 a
909 4891 1020 4947 Deo
1059 4892 1315 4950 detineri.
1348 4892 1576 4948 Dicebat
1609 4894 1756 4948 enim
1789 4911 1867 4960 se,
1904 4888 2052 4967 quod

478 4985 792 5054 archangeli
839 4982 1113 5039 Gabrielis
1159 4994 1517 5053 conspectum
1572 4986 1716 5042 ferre
1772 4991 2055 5058 nequiret,

479 5091 578 5134 ceu
615 5086 892 5129 mortuum
922 5075 1119 5131 collabi
1140 5092 1156 5141 ;
1178 5087 1302 5145 post
1331 5077 1597 5132 visionem
1631 5094 1760 5133 vero
1787 5081 2054 5149 d:vinain,

478 5169 906 5236 divinorumque
938 5170 1253 5238 dogmatum
1306 5170 1677 5238 cognitionem
1711 5175 1777 5226 ad
1815 5189 1938 5228 sese
1971 5191 2054 5230 re-

480 5261 632 5326 dire;
683 5261 1017 5316 destinatum
1063 5259 1273 5315 scilicet
1321 5247 1440 5316 se’a
1476 5262 1586 5316 Deo
1609 5279 1751 5328 esse,
1803 5276 1860 5318 ut
1909 5282 2055 5336 qua:-

481 5370 697 5425 cunque
749 5354 958 5408 videret
1003 5365 1061 5409 et
1097 5354 1310 5408 audiret
1355 5363 1412 5408 et.
1457 5373 1484 5409 a
1542 5357 1651 5411 Deo
1691 5359 1960 5425 disceret,
1997 5362 2047 5416 in

485 5449 722 5504 universi
751 5447 940 5500 mundi
969 5446 1259 5501 utilitatem
1304 5447 1698 5504 manifestaret.
1756 5453 1819 5505 Et
1876 5455 2050 5523 primo

480 5542 702 5612 quidem
731 5539 1083 5611 semetipsum
1127 5542 1448 5611 pmphetam
1489 5545 1801 5612 appellavit,
1851 5559 1906 5602 et
1956 5549 2048 5604 Dei

485 5633 814 5703 apostolum.

554 5819 612 5875 2.
650 5818 854 5874 Deinde
913 5816 1114 5873 librum
1154 5815 1463 5872 divinorum
1522 5817 1835 5888 dogmatum
1891 5821 2059 5875 colle-

2157 4811 2186 4862 6
2231 4809 2330 4878 τῆς
2380 4809 2580 4870 κακίας
2631 4806 2968 4876 ὲφευρετής;
3024 4806 3413 4878 ’Υποκρίνεται
3466 4807 3543 4878 μὴ
3595 4803 3742 4860 εἶναι

2156 4901 2476 4972 ἐπίληπτος,
2539 4899 2676 4952 ἀλλὰ
2739 4899 2940 4965 μᾶλλον
3005 4899 3328 4967 θεόληπτος.
3392 4901 3484 4969 Μὴ
3552 4899 3740 4969 φέρων

2158 4992 2267 5059 γὰρ
2319 4991 2474 5057 ἔλεγε
2526 4991 2625 5059 τὴν
2684 4989 2778 5042 τοῦ
2827 4988 3069 5059 Γαϐριὴλ
3117 4990 3466 5060 ἀρχαγγέλου
3500 4978 3740 5060 θεωρίαν

2159 5077 2316 5144 οὗτος
2360 5083 2580 5136 πίπτειν
2637 5083 2769 5134 ὡσεὶ
2831 5083 3027 5153 νεκρός
3060 5098 3073 5112 ·
3126 5084 3265 5145 μετὰ
3317 5081 3374 5133 δὲ
3435 5083 3534 5153 τὴν
3590 5083 3741 5134 θείαν

2160 5173 2426 5228 ὀπτασίαν
2485 5177 2579 5227 καὶ
2627 5173 2933 5242 κατάληψιν
2989 5174 3094 5224 τῶν
3138 5173 3232 5225 τοῦ
3283 5174 3417 5226 Θεοῦ
3465 5173 3742 5242 διδαγμά-

2165 5283 2306 5331 των,
2366 5267 2529 5320 πάλιν
2585 5266 2663 5328 εἰς
2717 5266 2908 5319 ἑαυτὸν
2970 5266 3392 5334 ἐπανέρχεσθαι.
3468 5264 3745 5337 Ὀριοθεὶς

2161 5362 2362 5423 τοίνυν,
2408 5359 2481 5423 ὥς
2546 5377 2701 5430 φησι,
2761 5359 2913 5430 παρὰ
2960 5359 3118 5425 Θεοῦ,
3181 5361 3268 5412 ίνα
3330 5360 3429 5412 ὅσα
3485 5375 3544 5410 τε
3609 5352 3742 5421 εἶδε,

2163 5454 2256 5505 καὶ
2311 5455 2410 5507 ὅσα
2467 5454 2697 5522 ἀκήκοε,
2750 5454 2846 5506 καὶ
2898 5453 2996 5505 ὅσα
3051 5455 3202 5521 παρὰ
3262 5451 3398 5504 Θεοῦ
3461 5451 3739 5520 ἐδιδάχθη,

2160 5547 2294 5615 δῆλα
2334 5548 2536 5618 ποιήσῃ
2594 5550 2669 5610 εἰς
2731 5546 2997 5616 ὠφέλειαν
3063 5546 3156 5599 τοῦ
3237 5546 3444 5616 κόσμου
3516 5546 3742 5607 παντὸς,

2175 5641 2382 5706 πρῶτον
2423 5640 2525 5709 μὲν
2572 5643 2826 5694 ἐκάλεσεν
2880 5641 3070 5694 ἑαυτὸν
3119 5642 3429 5710 προφήτην,
3468 5639 3563 5691 καὶ
3608 5639 3744 5691 Θεοῦ

2163 5731 2482 5785 ἀπόστολον.

2241 5818 2308 5892 β’.
2364 5823 2596 5877 Ἔπειτα
2653 5825 3050 5896 συνεγράψατσν
3089 5823 3294 5896 βιϐλίον
3322 5865 3335 5891 ,
3373 5823 3532 5878 Οεέων
3577 5839 3748 5895 apoc-
