4026 6268
373 288 478 356 595

1549 282 1874 346 JOANNIS
1909 279 2443 349 CANTACUZENI

371 401 640 458 Dominus
662 398 962 455 :Cornibus
985 396 1105 455 istis
1131 394 1418 452 ventilabis
1441 395 1675 468 Syriam,
1699 412 1733 450 ο
1760 410 1853 451 rex
1875 395 1950 454 ³.»

2069 396 2156 450 τοῦ
2197 395 2465 467 βασιλέως
2504 395 2616 452 τῶν
2659 389 2931 449 Ἰουδαίων
2986 388 3218 463 Ἀκαᾶσ,
3264 386 3523 444 ἀπελθών
3557 403 3646 452 τις

377 495 480 550 Hic
531 504 716 550 autem
762 493 910 548 illius
962 491 1148 548 verbis
1206 505 1520 562 persuasus,
1571 506 1696 545 cum
1751 490 1957 563 populo

375 600 654 658 egressus,
700 583 984 655 propriam
1018 597 1238 654 quoque
1283 583 1451 638 vitam
1481 580 1741 654 perdidit.
1790 581 1856 637 Et
1897 581 1953 636 hi

374 674 601 747 quidem
638 673 1005 744 permissione
1034 672 1246 743 singula
1271 672 1387 730 haec
1418 673 1718 739 faciebant,
1745 681 1805 729 et
1834 662 1965 729 inii;

375 768 582 836 delium
608 760 848 824 vindicta
869 767 1101 820 aliorum
1123 773 1243 819 erat
1261 765 1583 822 admonitio.
1603 764 1956 837 Quaecunque

373 871 559 917 autem
587 876 760 914 vanus
793 859 883 917 hic
910 859 1062 926 fecit,
1102 861 1286 919 omnia
1318 862 1384 916 ad
1417 858 1702 916 interitum
1735 867 1791 916 et
1835 874 1957 930 per-

373 953 640 1010 ditionem
688 954 772 1009 sui
830 955 1096 1024 temporis
1143 955 1453 1018 hominum,
1511 962 1568 1010 et
1607 953 1953 1024 sequentium

379 1058 442 1099 se
472 1047 736 1102 inStituit.
772 1045 1002 1116 Scripsit
1041 1063 1171 1103 sane
1214 1045 1490 1104 Maltomet
1531 1047 1759 1112 librum,
1791 1060 1954 1116 quem

376 1135 552 1211 legem
579 1138 672 1195 Dei
703 1139 1069 1206 salutiferam,
1113 1151 1169 1197 et
1207 1139 1524 1196 divinorum
1551 1149 1954 1212 praeceptorum

375 1231 757 1288 collectionem
814 1233 1140 1301 nominavit,
1197 1234 1366 1290 veluti
1410 1235 1464 1288 in
1511 1231 1957 1304 praecedentibus

376 1323 584 1382 dietum
642 1335 745 1380 est.
802 1325 923 1391 Hic,
977 1328 1221 1395 inquam,
1292 1328 1613 1382 universum
1677 1326 1814 1395 legis
1859 1341 1959 1396 per

382 1419 566 1490 ipsum
602 1418 726 1476 lata:
758 1420 1034 1490 negotium
1069 1420 1244 1476 tribus
1270 1420 1447 1475 modis
1477 1417 1762 1483 stabilivit,
1796 1433 1955 1489 paena

379 1527 580 1582 nempe
625 1520 683 1568 et
733 1513 1042 1585 tyrannide,
1098 1513 1386 1569 mendacio
1442 1523 1495 1568 et
1550 1512 1850 1584 impostura
1901 1523 1958 1567 et

377 1607 680 1684 hypocrisi,
733 1607 1015 1677 voluptate
1071 1608 1358 1677 permista,
1409 1604 1480 1663 de
1532 1607 1733 1678 quibus
1790 1605 1956 1660 etiam

379 1701 638 1769 superius
698 1702 749 1754 in
813 1710 1005 1772 quarta
1058 1700 1322 1772 Apologia
1372 1698 1636 1767 diximus,
1685 1710 1955 1772 quantum

378 1807 514 1849 tunc
540 1793 729 1862 licuit;
767 1810 958 1849 verum
989 1803 1046 1848 et
1071 1810 1218 1850 nunc
1247 1810 1353 1848 non
1386 1793 1596 1865 pigebit
1644 1793 1836 1849 eadem
1869 1790 1953 1848 di-

378 1901 526 1946 cere.
562 1901 684 1957 quae
714 1887 857 1942 Deus
890 1888 974 1943 ori
997 1895 1186 1943 nostro
1214 1886 1498 1942 indiderit.
1525 1887 1753 1956 Magnus
1780 1885 1872 1940 ille
1901 1892 1958 1941 et

377 1976 576 2030 beatus
622 1977 817 2043 Moses,
859 1987 918 2032 ut
953 1978 1225 2033 nemiuem
1277 1978 1434 2040 latet,
1480 1993 1511 2032 a
1565 1978 1677 2052 Deo
1723 1984 1785 2032 ut
1815 1976 1958 2032 ﬁlios

384 2070 550 2127 israei
603 2069 834 2141 Egypto
872 2069 1154 2134 educeret,
1210 2071 1411 2124 missus
1458 2080 1598 2136 erat,
1650 2071 1961 2135 instructus

384 2172 511 2217 ante
570 2163 873 2229 miraculis,
922 2164 1095 2234 signis
1140 2173 1195 2219 et
1245 2162 1523 2235 prodigiis.
1583 2162 1715 2218 Post
1747 2162 1954 2224 exitum

380 2272 512 2311 vero
547 2256 793 2327 Egypti,
824 2267 880 2312 et
911 2259 1057 2311 illam
1095 2259 1150 2326 in
1180 2259 1402 2315 deserto
1439 2262 1956 2324 commorationem,

383 2349 495 2403 imo
520 2364 764 2414 errores,
798 2349 936 2404 nihil
969 2349 1181 2403 minora
1211 2349 1495 2421 prioribus
1529 2349 1647 2405 istis
1677 2348 1958 2404 miraculis

382 2455 482 2508 per
514 2443 678 2495 istum
730 2441 875 2495 Deus
904 2440 1178 2506 exhibuit,
1224 2441 1319 2498 sed
1357 2442 1560 2513 majora
1595 2434 1770 2495 multo
1810 2439 1956 2495 haud

380 2526 565 2582 dubie.
606 2529 733 2583 Post
767 2539 999 2594 tantam
1032 2530 1197 2600 igitur
1248 2531 1640 2587 miraculorum
1697 2532 1957 2587 virtutem

382 2619 602 2675 locutus
641 2636 763 2675 cum
797 2621 890 2676 illo
921 2632 1005 2679 est
1037 2623 1320 2688 Dominus,
1350 2639 1459 2677 non
1510 2621 1564 2678 in
1597 2624 1820 2695 angulo,
1865 2631 1959 2679 aut

381 2701 730 2780 abscondito,
780 2713 875 2769 sed
917 2730 1101 2770 coram
1156 2717 1283 2770 totis
1312 2715 1534 2781 castris,
1580 2729 1634 2772 et
1680 2718 1828 2771 omni
1859 2714 1960 2770 Ju-

383 2808 628 2861 daeorum
665 2802 1019 2862 multitudine
1055 2809 1243 2877 (opera
1275 2810 1421 2862 enim
1455 2810 1593 2864 lucis
1622 2809 1678 2863 in
1703 2810 1827 2864 luce
1859 2825 1958 2864 ex-

384 2896 691 2967 hibentur),
747 2907 802 2952 et
850 2906 978 2954 tunc
1026 2916 1123 2968 per
1174 2897 1380 2956 Mosem
1427 2917 1645 2956 servum
1693 2902 1844 2956 illius
1873 2903 1960 2958 lex

386 2989 500 3052 lata
531 3001 630 3055 est,
662 2999 715 3043 et
748 3006 876 3047 sane
907 2992 1250 3058 conﬁrmata,
1284 2991 1550 3047 ratiﬁcata
1591 3003 1646 3052 et
1683 2995 1962 3049 constabi-

2057 490 2169 542 τῶν
2212 486 2716 560 ψευδοπροφητῶν,
2766 484 2944 558 dvorsa
2994 481 3148 556 αὐτῷ
3204 481 3492 548 Σεδεκίας,
3547 477 3652 535 καὶ

2057 584 2290 655 ποιήσας
2321 586 2534 654 κέρατα
2565 580 2790 652 σιδηρᾶ.
2817 578 2950 650 ἔστη
2983 576 3299 649 ἔμπροσθεν
3332 574 3443 629 ’τοῦ
3490 573 3652 645 βασι-

2055 679 2215 743 λέως,
2241 677 2438 746 λέγων,
2476 673 2659 746 «ﬂuida
2690 675 2840 743 λέγει
2867 672 3076 746 Κύριος
3099 689 3115 706 ·
3157 671 3250 728 Ἐν
3275 669 3496 730 τούτοις
3533 667 3657 731 τοις

2057 771 2252 841 κέρασι
2307 771 2554 838 κερατιεῐ
2611 766 2711 838 τὴν
2761 764 2963 838 Συρίαν
3007 762 3040 818 δ
3100 761 3382 838 βασιλεύς.
3433 777 3467 812 ις
3504 757 3568 814 Ὀ
3588 756 3648 812 δὲ

2056 863 2302 926 πεισθεὶς
2355 863 2471 930 τοῖς
2521 860 2736 914 ἐκείνου
2791 859 3061 934 ῥήμασιν,
3104 854 3379 919 ἀπελθὼν,
3421 852 3531 907 σὺν
3580 853 3653 922 τῇ

2057 955 2150 1011 τοῦ
2181 953 2317 1009 λαοῦ
2363 950 2619 1015 ἀπώλεσε
2651 952 2750 1008 καὶ
2777 952 2878 1022 τὴν
2905 946 3102 1006 ἑαυτοῦ
3135 946 3305 1019 ζωήν.
3337 945 3456 1002 Καὶ
3507 942 3650 1000 lui—

2059 1067 2140 1104 νοι
2174 1048 2278 1121 μὲν
2307 1046 2712 1121 παραχωρήσει
2754 1044 2904 1108 Θεοῦ,
2945 1041 3168 1098 ἐποίουν
3200 1040 3347 1112 ἅπερ
3393 1035 3648 1100 ἐποίουν,

2058 1145 2155 1199 καὶ
2209 1144 2245 1212 ἠ
2305 1140 2417 1196 τῶν
2471 1139 2848 1194 ἀπειθούντων
2902 1136 3186 1206 ἐκδίκησις
3244 1132 3477 1203 ἰγιίνετο
3536 1127 3648 1182 τῶν

2058 1234 2262 1305 ἐτέρων
2325 1230 2742 1302 σωφρονισμόςο
2780 1229 2926 1302 ειπερ
2980 1227 3039 1282 δὲ
3089 1226 3263 1282 ἐποίει
3316 1224 3418 1280 καὶ
3474 1223 3506 1276 δ
3542 1220 3647 1292 μά-

2056 1345 2207 1393 ταιος
2237 1320 2416 1393 οὗτος,
2444 1326 2513 1382 τὰ
2558 1323 2736 1381 πάντα
2773 1323 2949 1379 ἐποίει
2988 1320 3316 1394 gemam;
3353 1317 3454 1373 καὶ
3485 1318 3647 1372 ἀπω-

2057 1423 2180 1492 λείᾳ
2217 1419 2329 1476 τῶν
2365 1419 2490 1473 τότε
2535 1417 2968 1491 εὑρισκομένων,
2989 1417 3085 1471 καὶ
3133 1415 3244 1468 τῶν
3288 1413 3442 1485 μετὰ
3471 1409 3651 1466 ταῦτα

2058 1513 2542 1583 ἀκολουθησάντων
2581 1511 2765 1580 αὐτῷ..
2791 1509 2944 1565 ﬂocci
2979 1508 3166 1566 τοίνυν
3209 1508 3239 1560 δ
3278 1504 3532 1576 Ιωάμεθ
3571 1503 3648 1575 βι-

2060 1608 2229 1672 ϐλίον,
2254 1607 2393 1676 ὅπερ
2437 1605 2604 1674 νόμον
2656 1603 2794 1657 Θεοῦ
2847 1601 3135 1674 σωτήριον,
3164 1599 3261 1656 καί
3307 1596 3651 1665 συναγωγὴν

2059 1700 2218 1754 θείων
2248 1697 2688 1771 προσταγμάτων
2716 1695 2990 1767 ὠνόμασε,
3019 1694 3204 1766 καθὼς
3255 1693 3549 1765 εἰρήσεται
3591 1690 3650 1742 ὲν

2064 1795 2174 1858 τοῖς
2227 1792 2558 1865 ἔμπροσθεν.
2604 1785 2773 1854 οὗτος
2836 1789 3208 1860 συνεστήσατο
3261 1786 3366 1857 τὴν
3422 1784 3652 1840 ἃπασαν

2063 1884 2453 1958 πραγματείαν
2485 1882 2581 1937 τοῦ
2627 1882 2760 1951 παρ’
2789 1878 2953 1951 αὐτοῦ
3002 1877 3317 1942 ἐκτεθέντος
3344 1877 3526 1946 νόμου
3561 1872 3648 1926 διὰ

2063 1980 2231 2047 τριῶν
2256 1978 2497 2050 τρόπων,
2543 1976 2757 2046 ποινῆς,
2793 1974 2959 2047 φημὶ,
2991 1974 3086 2028 καὶ
3132 1970 3479 2044 τυραννίδος,
3514 1969 3653 2039 ψεύο

2063 2075 2186 2139 δους
2232 2089 2291 2126 τε
2338 2071 2434 2128 καὶ
2480 2071 2725 2139 ἀπάτης,
2765 2070 2864 2124 καὶ
2906 2063 3652 2145 ὑποκρίσεωςμεμιγμένης

2067 2166 2280 2238 ἡδοναῖς
2301 2204 2316 2228 ,
2371 2167 2496 2234 περὶ
2556 2155 2633 2219 ὧν
2681 2163 2779 2216 καὶ
2833 2162 3139 2229 φθάσαντες
3189 2160 3430 2229 εἴπομεν
3478 2161 3543 2211 ἐν
3585 2157 3650 2225 τῇ

2063 2260 2301 2330 τετάρτῃ
2330 2256 2623 2328 ἀπολογίᾳ,
2651 2256 2777 2309 ὅσον
2808 2256 2903 2309 καὶ
2932 2255 3182 2324 εῐπομεν.
3229 2251 3397 2307 Ἀλλὰ
3426 2251 3529 2308 καὶ
3555 2246 3650 2304 viis

2065 2352 2166 2406 ούκ
2198 2353 2504 2423 δκνήσομεν
2536 2348 2692 2416 λέξαι
2711 2346 2842 2418 περὶ
2865 2347 3084 2414 τούτου,
3105 2348 3229 2402 ὅσον
3257 2347 3326 2402 ἂν
3353 2345 3651 2420 χορηγήσει

2065 2445 2094 2496 ὁ
2126 2445 2256 2508 ego;
2290 2447 2350 2498 ὲν
2387 2443 2466 2514 τῷ
2516 2445 2744 2514 στόματι
2779 2442 2955 2515 ἡμῶν.
3002 2441 3062 2495 '0
3113 2441 3389 2512 μακάριος
3444 2440 3653 2502 ἐκεῖνος

2066 2539 2160 2592 καὶ
2206 2539 2380 2607 μέγας
2435 2539 2664 2608 Μωσῆς,
2715 2537 2790 2602 ὡς
2836 2537 3020 2590 ίσασιν
3066 2535 3328 2598 ἅπαντες,
3360 2533 3650 2599 ἀπεστάλη

2067 2631 2216 2702 παρὰ
2264 2631 2400 2683 θεοῦ
2445 2630 2639 2700 ἐξᾶραι
2683 2630 2810 2692 τοὺς
2861 2629 3012 2691 υἱοὺς
3050 2625 3269 2697 Ἰσραὴλ
3312 2626 3380 2680 ὲκ
3415 2625 3527 2694 γῆς
3557 2623 3650 2677 Δί-

2066 2724 2301 2793 γὺπτου,
2345 2722 2824 2793 περιφραξαμένου
2869 2719 3034 2774 αὐτὸν
3083 2718 3330 2788 θαύμασι
3376 2716 3651 2787 πρότερον
3703 2723 3711 2729 ”

2068 2817 2163 2870 καὶ
2200 2816 2448 2886 σημείοις
2480 2817 2574 2868 καὶ
2607 2815 2818 2884 τέρασι.
2850 2812 3006 2867 Μετὰ
3046 2811 3103 2866 δὲ
3128 2810 3229 2882 τὴν
3253 2809 3316 2875 ἐξ
3360 2809 3648 2877 Αἰγύπτου

2067 2909 2267 2975 ἔξοδον,
2319 2909 2413 2967 καὶ
2471 2909 2568 2980 τὴν
2619 2908 2700 2970 είς
2762 2907 2860 2978 τὴν
2907 2906 3116 2976 ἔρημον
3177 2903 3567 2974 προσεδρείαν,
3612 2901 3647 2972 ἧ

2071 3001 2272 3071 μᾶλλον
2315 3003 2489 3053 εἰπεῖν
2528 3002 2756 3070 πλάνην,
2803 2983 2955 3053 οὐδὲν
3000 2992 3165 3069 ἦττον
3205 2994 3314 3049 τῶν
3360 2993 3651 3067 προτέρων

392 3081 487 3134 lita
543 3091 625 3135 est
673 3079 930 3135 omnibus
962 3096 1060 3138 ceu
1105 3081 1189 3135 lex
1236 3098 1264 3135 a
1311 3081 1424 3136 Deo
1449 3079 1669 3136 etclitus
1700 3081 1961 3137 demissa.

2071 3093 2364 3163 θαυμάτων
2403 3091 2702 3156 ἐνεδείξατο
2731 3093 2759 3144 δ
2787 3090 2918 3151 Θεὸς
2966 3089 3034 3144 δι’
3079 3088 3270 3155 αὐτοῦ,
3298 3087 3442 3142 ἀλλὰ
3473 3085 3653 3157 πολλῷ

388 3173 519 3228 Post
569 3170 733 3244 hujus
774 3183 959 3228 autem
1015 3170 1538 3245 promulgationem,
1582 3188 1649 3228 ne
1682 3183 1811 3230 tunc
1844 3174 1965 3244 qui-

389 3268 517 3323 dem
553 3267 820 3320 miracula
865 3277 1245 3332 cessaverunt,
1280 3266 1374 3322 sed
1421 3277 1475 3322 et
1507 3266 1613 3323 hoc
1657 3266 1873 3324 vivente
1912 3279 1968 3324 et

387 3359 671 3423 defuncto,
715 3374 811 3428 per
843 3357 1008 3414 Josue
1053 3358 1224 3412 illium
1254 3358 1402 3425 Non,
1434 3361 1681 3430 aliosque
1714 3359 1969 3416 similiter

388 3453 530 3509 iacta
561 3459 709 3506 sunt.
745 3451 886 3517 Quin
924 3462 980 3505 et
1010 3451 1292 3522 propheta:
1333 3451 1548 3523 magnis
1575 3462 1630 3515 et
1678 3453 1967 3523 stupendis

394 3545 672 3603 miraculis
708 3548 872 3602 editis
912 3548 1228 3603 claruerunt
1253 3548 1320 3602 ad
1350 3563 1494 3604 verte
1525 3547 1652 3604 ﬁdei
1681 3545 1972 3604 certitudiq

389 3655 538 3712 nem.
576 3639 758 3695 Helias
793 3641 1013 3710 quidem
1040 3640 1216 3695 tribus
1238 3640 1419 3704 annis,
1439 3648 1495 3696 et
1518 3641 1684 3710 paulo
1712 3641 1967 3710 amplius,

389 3730 560 3788 caelos
588 3733 878 3786 conclusos
913 3731 1150 3802 aperuit,
1181 3741 1428 3786 mortuos
1471 3730 1778 3795 suscitavit,
1805 3732 1973 3789 sacri-.

392 3825 572 3879 licium
609 3824 768 3895 aquis
811 3824 1077 3880 incendit.
1120 3823 1387 3879 Similiter
1418 3831 1474 3878 et
1500 3823 1737 3891 Eliseus,
1765 3832 1821 3878 et
1853 3824 1967 3879 alii.

390 3919 448 3974 ln
489 3916 965 3974 consummatione
1013 3925 1198 3971 autem
1251 3914 1574 3969 szeculorum
1631 3914 1973 3970 descendens

389 4009 666 4073 Christus,
699 4024 806 4062 non
844 4016 900 4063 ut
934 4024 1128 4062 servus
1159 4008 1331 4062 instar
1377 4008 1619 4073 illorum,
1654 4007 1747 4063 sed
1778 4018 1838 4065 ut
1873 4007 1972 4061 ho-

395 4117 516 4159 rum
547 4102 846 4166 Dominus;
881 4111 937 4154 et
974 4100 1287 4154 testimonia
1321 4115 1426 4154 non
1461 4109 1520 4153 ut
1565 4101 1847 4171 prophetae
1891 4116 1975 4153 re-

394 4195 628 4265 cipiens,
662 4194 755 4247 sed
793 4203 852 4266 ut
881 4194 1033 4247 illum
1083 4191 1309 4248 decebat
1347 4203 1613 4249 creaturae
1659 4194 1837 4248 omnis
1868 4193 1972 4247 Do-

397 4289 607 4342 minum
663 4297 717 4342 et
762 4286 1152 4351 Conditorem;
1201 4302 1303 4341 nec
1357 4296 1614 4356 tanquam
1665 4287 1970 4342 testimonii

399 4382 639 4453 indigus,
683 4381 773 4436 sed
808 4394 1032 4452 propter
1067 4379 1352 4440 hominum
1397 4379 1758 4452 ignorantiam
1788 4391 1841 4436 et
1872 4382 1974 4439 im-

2074 3185 2277 3260 μείζον⁹
2314 3185 2676 3255 ἁσυγκρίτως.
2716 3184 2872 3238 Μετὰ
2908 3183 3092 3252 μέντοι
3124 3181 3223 3252 τὴν
3250 3181 3528 3234 τοσούτων
3559 3178 3653 3233 καὶ

2071 3278 2405 3348 τηλικούτων
2452 3277 2748 3346 θαυμάτων
2793 3277 3075 3347 ἐνέργειαν
3107 3273 3335 3344 ὲλάλησε
3366 3273 3511 3343 πρὸς
3550 3271 3650 3326 αύ-

2070 3374 2164 3438 τιδν
2214 3376 2243 3426 ὁ
2290 3372 2446 3435 Θεὸς,
2477 3372 2576 3426 οὐκ
2633 3373 2691 3424 ὲν
2744 3370 2918 3440 γωνίᾳ
2975 3368 3072 3445 καί
3128 3365 3493 3440 παραβύστῳ,
3535 3364 3651 3420 ἀλλ’

2070 3466 2302 3523 ινὼπιον
2351 3466 2533 3534 πάσης
2581 3465 2675 3534 τῆς
2726 3462 3109 3532 παρεμδολῆς,
3150 3460 3246 3515 καὶ
3296 3459 3507 3522 παντὸς
3555 3457 3648 3512 τοῦ

2072 3555 2311 3627 πλήθους
2359 3555 2467 3608 τῶν
2509 3553 2799 3608 Ἰουδαίων.
2840 3552 2921 3607 Τὰ
2965 3553 3073 3622 γὰρ
3119 3551 3259 3624 ἔργα
3310 3551 3409 3605 τοῦ
3473 3549 3649 3622 φωτὸς

2073 3649 2131 3699 ὲν
2184 3645 2262 3714 τῷ
2315 3646 2456 3713 φωτὶ
2497 3644 2827 3707 δείκνυνται,
2892 3643 2988 3696 καὶ
3040 3641 3228 3696 ἔκτοτε
3281 3641 3442 3714 ἐδόθη
3500 3639 3649 3709 παρὰ

2072 3737 2209 3791 Θεοῦ
2238 3743 2266 3790 ὁ
2287 3737 2449 3806 νόμος
2478 3736 2562 3788 διὰ
2604 3735 2848 3798 Μωσέως
2876 3732 2972 3788 τοῦ
3007 3734 3196 3787 δούλου
3229 3732 3422 3791 αὐτοῦ.
3456 3734 3647 3786 Τοίνυν

2073 3834 2167 3886 καὶ
2219 3830 2496 3900 ἐπιστώθη
2555 3830 2649 3882 καὶ
2707 3827 2962 3898 ἐκυρώθη
3023 3829 3118 3880 καὶ
3168 3825 3478 3896 ἐϐεϐαιώθη
3537 3827 3645 3889 τοῖς

2075 3923 2240 3978 πᾶσιν
2297 3925 2370 3988 ὡς
2433 3923 2542 3977 ἀπὸ
2591 3922 2728 3976 Θεοῦ
2781 3923 2874 3975 καὶ
2929 3920 2988 3986 ἐξ
3031 3920 3268 3991 ούρανοῦ
3307 3919 3579 3989 κατῆλθεν
3621 3921 3650 3970 ὁ

2074 4016 2317 4080 τοιοῦτος
2357 4009 2546 4087 νόμος.
2579 4015 2836 4069 Μετὰ-δὲ
2884 4015 2945 4067 τὸ
2992 4013 3279 4084 ἐκτεθῆναι
3315 4013 3529 4077 τοῦτον,
3554 4012 3648 4066 οὐκ

2074 4111 2323 4176 ἐξέλιπον
2367 4107 2439 4162 τὰ
2472 4106 2751 4178 θαύματα,
2790 4107 2924 4161 ἀλλὰ
2957 4108 3050 4162 καὶ
3081 4110 3139 4162 ἐν
3185 4111 3250 4175 τῇ
3286 4109 3401 4179 ζωῇ
3441 4106 3644 4165 τούτου,

2074 4203 2171 4256 καὶ
2216 4200 2372 4265 αὖθις
2428 4202 2566 4270 μετὰ
2620 4201 2723 4272 τὴν
2782 4199 3040 4270 τελευτὴν
3097 4200 3289 4265 αὐτοῦ,
3320 4199 3412 4255 διά
3455 4215 3514 4253 τε
3560 4197 3647 4249 τοῦ

2076 4293 2236 4364 Ναυῆ
2281 4291 2456 4362 Ἰησοῦ
2509 4293 2602 4344 καὶ
2658 4292 2860 4361 ἑτέρων
2902 4277 3165 4356 ὡσαύτως
3196 4294 3460 4358 ἐγίνοντο.
3495 4290 3647 4344 Ἀλλὰ

2076 4388 2170 4439 καὶ
2225 4387 2277 4438 oi
2341 4386 2616 4456 προφῆται
2691 4385 2902 4456 μεγάλα
2968 4386 3062 4439 καὶ
3123 4383 3338 4452 ἐξαίσια
3398 4385 3646 4455 θαύματα

409 4477 758 4535 becillitate‘m
816 4479 1093 4549 (magnum
1166 4477 1311 4541 enim
1375 4493 1565 4532 revera
1606 4487 1688 4533 est
1746 4477 1866 4532 Filii
1923 4485 1964 4532 el

2081 4482 2409 4552 εἰργάσαντο
2442 4482 2521 4544 είς
2570 4478 2949 4552 πληροφορίαν
2994 4479 3092 4548 τῆς
3127 4468 3361 4548 ἀληθοῦς
3400 4479 3646 4539 πίστεως.

404 4571 569 4627 Verbi
592 4572 683 4627 Dei
712 4573 765 4626 in
786 4558 967 4625 carnis
987 4568 1462 4624 administratione
1493 4570 1814 4643 negotium).
1872 4566 1978 4623 Te-

398 4664 670 4721 stimoniis
702 4666 887 4736 igitur,
916 4674 976 4718 ut
1010 4661 1213 4719 dictum
1248 4674 1350 4728 est,
1372 4664 1712 4733 acceptis(ut
1735 4664 1787 4715 in
1818 4650 1979 4730 supe-

400 4755 637 4814 rioribus
667 4758 948 4830 Apologiis
1004 4753 1319 4825 singulatim
1374 4764 1428 4808 et
1462 4754 1709 4810 dilucide
1743 4754 1970 4808 demon~

399 4851 738 4920 stravimus),
790 4851 1005 4906 exorsis
1061 4849 1130 4904 ab
1185 4847 1376 4903 Adami
1429 4849 1728 4912 creatione,
1779 4847 1908 4901 item
1944 4861 1974 4900 a

397 4946 531 5010 Noe,
593 4944 891 5007 Abraham,
957 4944 1128 5002 lsaac,
1185 4940 1374 5005 Jacob,
1429 4941 1594 5003 lose,
1643 4939 1866 5004 Davide,
1920 4947 1975 4991 et

401 5037 688 5107 prophetis
738 5035 1012 5098 omnibus,
1055 5034 1192 5103 quin
1237 5034 1403 5087 etiam
1458 5035 1508 5086 in
1548 5033 1831 5087 nativitate
1879 5046 1976 5085 sua

401 5130 469 5184 ab
516 5131 646 5197 ipsis
681 5128 906 5197 angelis,
962 5128 1130 5196 magis
1179 5136 1231 5178 et
1267 5126 1461 5190 stella;
1516 5135 1570 5180 et
1623 5121 1766 5193 quod
1821 5119 1979 5193 longe

409 5225 703 5278 maximum
749 5232 852 5285 est,
893 5222 946 5286 in
1004 5220 1275 5290 baptismo
1307 5220 1401 5274 Dei
1434 5220 1609 5273 Patris
1645 5233 1796 5281 voce,
1842 5235 1857 5266 ι
1898 5215 1978 5269 Tu

403 5331 467 5373 es
504 5316 672 5370 Filius
720 5330 874 5369 meus
916 5313 1170 5378 dilectus,
1203 5314 1254 5365 in
1293 5328 1400 5383 quo
1434 5313 1561 5364 mihi
1597 5309 1978 5378 complacitum

402 5411 582 5476 est‘,»
619 5408 834 5472 (omitto
853 5408 998 5463 enim
1032 5422 1177 5461 nunc
1212 5407 1392 5460 dicere
1421 5406 1567 5459 edita
1599 5406 1668 5459 ab
1699 5405 1814 5482 ipso
1848 5412 1982 5457 tem-

410 5521 543 5575 pore
595 5501 1028 5576 conversationis
1076 5517 1189 5556 suae
1239 5501 1380 5554 inter
1419 5499 1668 5554 homines
1723 5499 1977 5552 miracula

404 5609 456 5657 et
494 5598 736 5668 prodigia
783 5613 996 5667 magna,
1030 5611 1150 5666 quae
1185 5595 1352 5648 multa
1400 5599 1611 5648 suntet
1657 5593 1976 5647 innumera-

525 5791 586 5848 lli
620 5790 746 5861 Reg.
783 5802 915 5852 χχιι,
949 5787 1037 5840 Η.
1119 5785 1137 5818 ⁸
1176 5783 1359 5839 Matth.
1401 5801 1481 5844 ιιι,
1530 5785 1607 5837 i7.

2087 4577 2149 4630 ὀ
2180 4577 2364 4642 μέντοι
2395 4575 2579 4637 Ἠλίας
2608 4575 2666 4628 ὲν
2697 4577 2875 4645 τρισὶν
2908 4575 3054 4627 ἔτεσι
3085 4577 3178 4630 καὶ
3201 4575 3396 4644 μικρόν
3419 4591 3470 4626 τι
3498 4571 3642 4642 πρὸς,

2081 4669 2301 4733 κλείσας
2335 4670 2461 4731 τοὺς
2494 4667 2779 4735 οὐρανοὺς,
2817 4669 3082 4737 ἀνὲκμους
3115 4667 3404 4738 πεποίηκε,
3428 4663 3644 4734 νεκρούς

2079 4781 2138 4816 τε
2168 4763 2454 4831 ἀνέστησε,
2486 4760 2577 4815 καὶ
2628 4759 2820 4814 θυσίαν
2845 4759 3002 4813 ὕδατι.
3046 4760 3291 4829 ἔφλεξεν.
3344 4758 3571 4828 Ὁμοίως
3593 4755 3645 4808 δὲ

2079 4860 2174 4912 καὶ
2209 4857 2506 4921 Ἐλισσαιὲ,
2546 4855 2638 4908 καὶ
2670 4854 2718 4909 oi
2746 4853 2943 4924 ἕτεροι.
2989 4853 3112 4907 Ἐπὶ
3141 4852 3197 4904 δὲ
3233 4850 3512 4922 συντελείᾳ
3545 4848 3642 4902 τῶν

2083 4949 2297 5002 αἰώνων
2346 4945 2622 5000 κατελθὼν
2673 4947 2700 4999 δ
2756 4944 3012 5012 Χριστὸς,
3057 4946 3158 5014 οὐχ
3204 4942 3278 5005 ὡς
3326 4941 3527 5004 δοῦλος,
3574 4939 3641 4999 ὼς

2088 5043 2184 5098 καὶ
2228 5036 2392 5104 οὗτοι,
2425 5039 2540 5093 ἀλλ’
2585 5037 2658 5100 ὡς
2714 5036 2979 5108 δεσπότης
3034 5039 3128 5088 καὶ
3192 5036 3379 5107 κύριος
3427 5035 3634 5092 τούτων,

2088 5138 2182 5182 καὶ
2242 5128 2423 5182 λαϐὼν
2461 5129 2561 5189 τὰς
2602 5126 2932 5198 μαρτυρίας,
2969 5129 3065 5194 οὺχ
3117 5125 3192 5186 ὡς
3240 5129 3288 5178 οἱ
3354 5125 3637 5194 προφῆται,

2085 5219 2202 5271 ἀλλ’
2264 5219 2338 5283 ὼς
2391 5213 2460 5289 ἦν
2518 5217 2729 5289 πρέπον
2781 5214 2957 5286 τούτῳ
3019 5216 3092 5279 ὡς
3140 5216 3379 5284 δεσπότῃ
3433 5215 3522 5268 καὶ
3557 5213 3639 5280 δη-

2088 5312 2335 5383 μιουργῷ
2381 5311 2480 5380 τῆς
2530 5311 2784 5371 κτίσεως.
2822 5309 2882 5362 οὖ
2922 5313 3031 5379 μὴν
3075 5311 3121 5362 δ’
3156 5309 3230 5371 ὡς
3260 5311 3448 5380 χρείαν
3475 5309 3638 5376 ἔχοντι

2088 5405 2393 5476 μαρτυρίας
2454 5403 2636 5466 τινῶν,
2670 5402 2785 5479 αλλ’
2833 5403 2864 5473 ἦ
2905 5401 2995 5456 διὰ
3043 5407 3144 5472 τὴν
3189 5402 3299 5455 τῶν
3347 5400 3638 5471 ἀνθρώπων

2084 5499 2356 5564 ἀγνωσίαν
2422 5515 2478 5548 τε
2539 5497 2632 5550 καὶ
2690 5498 2974 5549 ἀσθένειαν
3004 5494 3173 5566 (μέγα
3216 5496 3308 5550 καὶ
3352 5497 3457 5565 γάρ
3503 5495 3636 5546 ἐστιν

2083 5592 2247 5653 ὅντως
2299 5591 2356 5642 τὸ
2398 5590 2494 5660 τῆς
2549 5592 2817 5661 ἐνσὰρκου
2865 5589 3179 5658 οἰκονομίας
3230 5587 3325 5642 τοῦ
3378 5584 3500 5641 Υίοιῦ
3551 5581 3632 5637 καὶ
