4026 6268
166 319 353 387 ίῦθτ

1268 317 1566 380 CONTRA
1596 312 2084 379 MAHOMETEM
2124 310 2414 376 ORATIO
2449 309 2504 377 Ῑ.

3385 304 3496 373 598

238 438 415 505 Λόγου
471 434 571 491 τοῦ
625 433 764 491 Θεοῦ
830 433 1174 507 μυστήριον).
1230 436 1428 490 Λαϐὼν
1485 434 1668 490 τοίνυν
1716 432 1816 496 τὰς

1926 429 2074 494 bilia,
2101 429 2263 487 etiam
2313 427 2371 483 in
2413 439 2659 500 tempore
2687 425 2958 500 passionis
3002 438 3115 482 sua
3148 429 3204 481 et
3250 437 3499 482 resurre-

243 528 569 604 μαρτυρίας,
598 526 965 599 ὡςβῖρηται,
1002 527 1185 593 καθὼς
1224 529 1283 581 ἐν
1325 530 1449 592 ταῖς
1498 527 1816 600 ἔμπροσθεν

239 620 556 691 ἀπολογίαις
583 619 729 674 κατὰ
775 619 943 691 μέρος
975 620 1165 688 σαφῶς
1210 620 1621 686 ἀποδέδεικται,
1645 619 1819 690 ἀρξα-

239 714 409 788 μένας
453 714 563 768 ἀπό
602 732 663 768 τε
710 714 809 786 τῆς
854 712 950 769 τοῦ
992 713 1165 785 Ἀδὰμ
1196 713 1470 777 πλάσεως,
1504 714 1585 767 ἔτι
1618 731 1679 768 τε
1720 710 1818 767 τοῦ

238 807 384 875 Νῶε,
435 808 534 861 τοῦ
576 806 854 879 Ἀϐραὰμ,
911 807 1121 871 Ἰσαὰκ,
1165 808 1260 863 καὶ
1323 805 1542 870 Ἰακὼϐ,
1572 806 1819 869 Μωσέως

235 898 295 956 τε
331 904 427 955 καὶ
459 903 649 967 Ααὸὶδ,
678 902 775 956 καὶ
811 900 1031 957 πάντων
1067 902 1177 955 τῶν
1205 899 1526 971 προφητῶν,
1557 899 1694 954 ἀλλὰ
1722 900 1823 953 καὶ⁵

239 995 297 1049 ὲν
340 997 409 1067 τῇ
450 992 646 1048 τούτου
682 994 933 1066 γεννήσει
972 995 1127 1075 ξιταρά
1169 1011 1227 1047 τε
1263 994 1374 1048 τῶν
1407 993 1680 1062 ἀγγέλων,
1711 992 1823 1048 τῶν

241 1090 458 1159 μάγων,
490 1090 586 1142 καὶ
630 1087 726 1143 τοῦ
758 1089 1010 1159 ἀστέρος,
1049 1091 1144 1145 καὶ
1190 1090 1254 1142 τὸ
1284 1088 1348 1160 δὴ
1396 1086 1580 1158 πολλῷ
1607 1088 1818 1158 μεῖζον,

237 1181 297 1236 ιν
320 1184 389 1253 τῇ
434 1183 629 1236 τούτου
664 1180 917 1251 βαπτίσει
948 1180 1048 1254 τὴν
1091 1181 1241 1253 παρὰ
1270 1180 1365 1237 τοῦ
1411 1180 1546 1237 Θεοῦ
1579 1181 1671 1234 καὶ
1702 1181 1820 1234 Πα-

238 1274 363 1345 τρὸς
392 1274 601 1346 φωνην,
624 1274 721 1344 τὴν
749 1292 769 1327 ι
804 1275 879 1330 Σὺ
913 1271 965 1329 εἴ
991 1275 1020 1329 6
1052 1274 1183 1339 Υἱός
1223 1291 1323 1345 μου
1356 1276 1386 1328 6
1415 1273 1722 1344 ἀγαπητὸς,
1761 1273 1821 1327 ἐν

241 1358 287 1435 ᾧ
326 1365 601 1436 εὐδόκησα
655 1385 674 1418 ι
722 1366 820 1436 (ἐῶ
873 1368 985 1437 γὰρ
1040 1366 1220 1435 λέγειν
1264 1367 1334 1421 τὰ
1376 1366 1640 1435 γεγονότα
1692 1364 1825 1434 παρ’

240 1456 409 1513 αὐτοῦ
439 1459 501 1512 ὲν
533 1458 613 1530 τῷ
658 1456 839 1531 καιρῷ
868 1459 970 1529 τῆς
1003 1457 1144 1530 μετὰ
1176 1458 1286 1512 τῶν
1322 1458 1630 1529 ἀνθρώπων
1652 1455 1822 1510 αὑτοῦ

240 1551 591 1623 ἀναστροφῆς
637 1550 894 1621 θαύματα
936 1552 1033 1604 καὶ
1065 1550 1280 1620 μεγάλα
1334 1550 1619 1620 τεράστια.
1653 1548 1824 1602 πολλά

238 1658 297 1697 τε
326 1643 455 1697 ὅντα
484 1643 578 1697 καὶ
612 1643 959 1716 ἀναρίθμητα
986 1643 1044 1697 ἐν
1076 1660 1137 1696 τε
1168 1642 1245 1713 τῷ
1283 1642 1462 1715 καιρῷ
1489 1642 1584 1696 τοῦ
1614 1642 1823 1709 πάθους

240 1730 403 1786 αὐτοῦ
456 1731 554 1787 καὶ
607 1732 706 1801 τῆς
762 1734 1139 1796 ἀναστάσεως,
1194 1732 1332 1788 ἀλλὰ
1382 1736 1482 1788 καὶ
1536 1732 1678 1805 μετὰ
1724 1735 1823 1803 τὴν

244 1824 569 1899 ἀνάστασιν)
589 1843 605 1859 ο
630 1826 752 1880 τότε
780 1826 1011 1891 ἐξέδωκε
1026 1828 1117 1881 τὸν
1146 1827 1237 1881 τοῦ
1264 1828 1601 1898 Εὐαγγε).ίου
1629 1828 1814 1899 νόμον.

255 1916 415 1972 Ἀλλὰ
447 1917 782 1989 παραϐραχῦ
816 1917 1180 1988 διαπέφευγεν
1226 1921 1376 1995 ἡμᾶς
1422 1921 1455 1994 ἡ
1503 1921 1562 1981 ἐν
1597 1919 1675 1992 τῷ
1707 1920 1818 1975 Θα-

241 2007 429 2079 σωρίω
456 2010 555 2064 τοῦ
597 2009 852 2081 Σωτῆρος
893 2012 1051 2082 ἡμῶν
1084 2015 1538 2085 μεταμὸρφωσις.
1569 2030 1587 2063 ι
1616 2011 1819 2083 θαὸὼρ

238 2100 371 2174 γὰρ,
402 2102 573 2175 φησιν
610 2105 639 2157 6
665 2103 847 2167 Δαϐὶδ,
890 2105 988 2158 καὶ
1020 2105 1239 2177 Ἑρμῶν
1279 2106 1337 2160 ὲν
1365 2106 1443 2175 τῷ
1475 2106 1701 2173 ὀνόματί
1724 2122 1819 2158 σου

240 2195 628 2264 ἁγαλλιάσεται
663 2217 681 2249 ι
713 2198 821 2251 Kal.
849 2197 986 2263 πῶς,
1010 2193 1055 2252 ὦ
1088 2199 1328 2270 μακάριε
1345 2200 1530 2263 Δαϐἰδ,
1550 2200 1585 2271 ἡ
1613 2198 1820 2271 ἄψυχος

228 2285 342 2358 νῦλη
393 2289 831 2357 ἁγαλλιάσεται;
882 2292 1017 2361 Ναὶ,
1077 2293 1231 2364 φησὶ,
1288 2293 1364 2363 μὴ
1400 2293 1585 2358 ἁπλῶς
1630 2294 1720 2348 καὶ
1746 2292 1821 2357 ὡς

240 2380 417 2453 ἔτυχε,
477 2382 618 2455 μηδὲ
668 2384 1006 2450 ἐπιπολαίως
1055 2387 1312 2457 θεωρεῖτε
1351 2386 1421 2441 τὰ
1464 2388 1560 2441 τοῦ
1610 2388 1818 2457 Κυρίου

240 2476 519 2546 τεράστια,
562 2476 678 2531 ἀλλ’
707 2477 984 2547 ὲγκύψατε
1027 2479 1106 2542 είς
1141 2478 1201 2532 τὸ
1229 2479 1337 2534 τῶν
1384 2480 1673 2551 νοημάτων
1719 2478 1818 2550 βά-

243 2568 354 2634 θος,
387 2570 483 2624 καὶ
535 2570 784 2641 μεγάλην
828 2571 1093 2645 εὑρήσετε
1144 2573 1245 2644 τὴν
1303 2573 1592 2642 ὠφέλειαν.
1644 2573 1820 2645 Δεῦρο

241 2657 418 2712 τοίνυν
477 2654 856 2728 σκεψώμεθα,
905 2659 989 2723 τίς
1039 2661 1189 2714 ἐστιν
1244 2665 1276 2731 ἡ
1324 2661 1419 2715 τοῦ
1477 2663 1819 2737 πατριάρχου

245 2748 552 2822 είσήγησις.
621 2769 640 2803 ι
676 2751 876 2822 Θαδὼρ
926 2753 1019 2807 καὶ
1063 2752 1315 2825 Ἑρμῶν,
1379 2756 1582 2827 φησὶν,
1640 2757 1697 2814 ιν
1740 2756 1820 2828 τῷ

243 2840 471 2911 ὀνόματί
509 2859 608 2897 σου
658 2844 1104 2912 ἀγαλλιάσονται.
1134 2865 1154 2899 ι
1195 2845 1410 2918 Ὥσπερ
1440 2848 1549 2918 γὰρ
1603 2848 1695 2902 ἐπὶ
1739 2849 1820 2920 τῷ

240 2933 333 2987 τοῦ
368 2934 585 3004 Κυρίου
617 2924 804 3001 πάθει
826 2935 976 2989 πᾶσα
1006 2938 1039 3006 ή
1072 2935 1252 3000 κτίσις
1296 2937 1751 3007 ἐσκυθρώπασεν,
1782 2940 1818 3011 ἦ

242 3038 300 3077 τε
341 3024 477 3093 ἁγία
516 3025 686 3078 αὐτοῦ
736 3027 942 3096 μήτηρ,
988 3024 1043 3079 o't'
1092 3042 1150 3077 τε
1185 3026 1497 3090 ἀπόστολοι,
1542 3027 1678 3080 ἀλλὰ
1726 3030 1820 3081 καὶ

244 3117 444 3183 πάντες
470 3118 521 3172 οἱ
556 3119 765 3184 πιστοὶ,
796 3118 893 3173 καὶ
939 3120 969 3173 6
1010 3120 1109 3188 μὲν
1140 3120 1289 3189 ἥλιος
1329 3120 1643 3193 ἐσκοτίσθη,
1676 3122 1708 3192 ἡ
1745 3123 1815 3190 γῆ
1844 3153 1889 3213 c

242 3209 298 3264 δὲ
332 3211 583 3281 ἐσείσθη.
634 3212 728 3266 καὶ
760 3213 816 3265 αί
848 3212 1045 3282 πέτραι
1097 3212 1451 3285 ἐσχίσθησαν,
1485 3216 1546 3267 τὸ
1576 3218 1816 3289 καταπέο

243 3319 427 3372 τασμα
452 3304 748 3374 διερῤἀγη,
780 3306 831 3356 οἱ
869 3304 927 3359 δὲ
961 3305 1184 3374 ἄγγελοι
1220 3306 1542 3377 ἐξέστησαν,
1583 3306 1817 3378 ὁρῶντες

244 3393 303 3447 τὸ
334 3395 482 3459 ξένον
522 3395 619 3449 τοῦ
651 3396 788 3450 Θεοῦ
819 3398 997 3467 Λόγου
1038 3381 1372 3469 μυστήριον·
1402 3380 1548 3453 οὕτω
1593 3401 1689 3455 καὶ
1725 3403 1820 3454 ἐπὶ

247 3485 339 3540 τοῦ
367 3484 529 3559 ὅρους
573 3486 772 3559 Θασὼρ
799 3492 950 3545 πᾶσα
993 3492 1027 3561 ἡ
1065 3491 1242 3556 κτίσις
1290 3492 1678 3563 ἠγαλλιάσατο,
1710 3495 1820 3551 ἀπὸ

250 3579 347 3648 μὲν
378 3563 490 3635 τιῖίν
514 3580 764 3652 ἀψύχων,
797 3582 872 3645 ὡς
896 3585 961 3639 ἐκ
988 3586 1169 3657 πάσης
1190 3585 1291 3655 τῆς
1330 3586 1434 3657 γῆς
1458 3590 1551 3641 καὶ
1582 3589 1691 3645 τῶν
1714 3607 1820 3660 φυ-

247 3671 376 3735 τῶν,
421 3673 631 3743 Θαῦὼρη
663 3676 757 3729 καὶ
800 3675 1039 3748 Ἐρμὼν,
1089 3679 1199 3731 ἀπὸ
1239 3680 1293 3733 δὲ
1323 3682 1431 3735 τῶν
1466 3683 1523 3735 ὲν
1570 3684 1820 3753 αἰσθήσει

245 3764 465 3829 ζώντων
498 3766 569 3821 τὰ
618 3768 677 3820 ὲν
711 3765 788 3839 τῷ
818 3767 1089 3841 Θαϐωρίῳ
1140 3766 1275 3835 ζῶα,
1315 3771 1423 3825 ἀπὸ
1470 3771 1576 3825 τῶν
1607 3774 1823 3845 νεκρῶν

244 3854 508 3928 Μωΰσῆς,
540 3857 649 3911 ἀπὸ
671 3859 779 3912 τῶν
810 3861 1031 3925 ζώντων
1062 3860 1268 3931 Πέτρος
1315 3861 1411 3915 καὶ
1446 3862 1697 3930 Ἰἁκωόος
1727 3868 1824 3921 καὶ

256 3949 538 4023 Ἰωάννης.
575 3950 709 4006 Ἀπὸ
739 3951 797 4005 δὲ
826 3953 929 4024 τῆς
960 3953 1150 4026 ἐτέρας
1178 3953 1335 4025 ξένης
1362 3956 1455 4009 καὶ
1488 3956 1827 4027 ἐνηλλαγμέ-

245 4060 342 4115 νης
372 4044 524 4117 ζωῆς
581 4045 682 4116 τῆς
728 4047 865 4117 μήτε
912 4047 1265 4122 ἀνθρωπίνης
1315 4051 1453 4121 μήτε
1502 4050 1823 4123 ἁγγελικῆς,

245 4137 381 4191 ἀλλὰ
434 4138 541 4210 τῆς
587 4139 684 4192 τοῦ
727 4140 900 4212 Ἑνὼχ
936 4141 1032 4194 καὶ
1072 4141 1279 4207 Ἠλίου,
1335 4143 1500 4207 αὐτὸς
1551 4145 1579 4198 6
1614 4144 1824 4210 Ἠλίας,

246 4231 337 4283 καὶ
376 4230 433 4298 ἐξ
462 4228 697 4300 οὐρανοῦ
741 4233 938 4303 νεφέλη
966 4232 1205 4306 φωτεινὴ
1233 4232 1328 4287 καὶ
1359 4237 1407 4287 οί
1440 4234 1683 4301 ἄγγελοι.
1719 4236 1829 4290 Καὶ

250 4321 357 4377 non
389 4321 594 4394 Θαόὼρ
628 4323 720 4376 καὶ
768 4322 987 4395 Ἑρμῶν
1024 4325 1122 4378 σὺν
1164 4324 1313 4395 πάσῃ
1349 4326 1413 4396 τῇ
1452 4326 1628 4379 κτίσει
1658 4326 1829 4395 ἠγαλσ

1919 520 2140 587 ctionis,
2190 527 2246 579 et
2282 526 2407 591 post
2452 518 2613 586 hanc)
2645 518 3059 595 comprobatus,
3110 525 3242 573 tunc
3269 514 3494 572 demum

1919 613 2200 686 Evangelii
2250 613 2424 685 legem
2459 613 2712 687 protulit.
2757 612 3030 670 Caeterum
3077 608 3191 667 fere
3238 607 3499 664 transfor-

1919 705 2217 762 mationem
2238 704 2543 761 Salvatoris
2563 703 2738 760 nostri
2758 704 2813 760 in
2841 703 3062 759 Thabor
3091 710 3281 758 monte
3299 700 3492 756 factam

1919 797 2383 870 praeterieramus.
2440 816 2459 850 ι
2513 791 2738 855 Thabor
2788 795 2958 858 enim.
2999 793 3181 865 inquit
3220 790 3407 857 David,
3441 798 3500 847 et

1921 888 2165 944 llermon
2229 888 2285 943 in
2331 887 2553 943 nomine
2613 897 2705 942 tuo
2749 884 3171 941 exsultabunt‘.
3213 902 3232 935 ι
3265 882 3331 937 Et
3358 896 3500 954 quo-

1922 978 2109 1041 modo,
2138 994 2172 1033 ο
2201 978 2344 1038 bone
2397 976 2591 1044 David,
2639 977 2940 1036 inanimata
2970 973 3267 1032 exsultabit
3320 982 3495 1028 mate—

1922 1072 2044 1127 ria?
2088 1071 2204 1138 Nat,
2254 1069 2455 1142 inquit,
2493 1086 2601 1127 non
2634 1070 2861 1126 fortuito
2891 1084 3060 1144 casu,
3097 1082 3273 1140 neque
3315 1067 3519 1127 obiter,

1922 1167 2142 1223 Domini
2173 1166 2424 1239 prodigia
2453 1165 2729 1237 inspicite,
2760 1165 2855 1222 sed
2910 1163 3195 1224 recondito
3244 1162 3299 1217 in
3344 1159 3495 1231 cogi-

1928 1258 2195 1313 tationum
2223 1256 2679 1330 profunditatem,
2718 1265 2776 1313 et
2823 1272 3078 1327 magnum
3110 1252 3495 1327 deprchende-

1927 1350 1997 1405 tis
2046 1349 2422 1414 commodum.
2476 1348 2589 1420 Age
2647 1349 2833 1419 itaque
2892 1347 3195 1409 videamus,
3237 1356 3495 1415 quaenam

1922 1435 2252 1513 patriarcha:
2303 1440 2555 1497 doctrina
2606 1439 2678 1496 sit
2726 1456 2741 1493 :
2802 1460 2819 1492 ι
2867 1436 3084 1493 Thabor
3134 1448 3190 1493 et
3234 1436 3493 1502 Hermon,

1926 1534 2124 1607 inquit,
2154 1535 2211 1590 in
2245 1534 2465 1589 nomine
2509 1542 2604 1587 tuo
2650 1532 3029 1592 exsultabunt.
3077 1549 3095 1581 ι
3132 1528 3500 1597 Quemadmo-

1927 1627 2057 1683 dum
2108 1627 2256 1683 enim
2314 1627 2366 1680 in
2421 1624 2641 1680 Domini
2694 1626 2949 1696 passione
3004 1622 3193 1679 omnis
3245 1629 3500 1677 creatura

1929 1717 2167 1775 tristitia:
2204 1720 2356 1792 signa
2392 1715 2587 1783 edidit,
2622 1728 2810 1773 sancta
2847 1715 3102 1773 videlicet
3122 1714 3270 1770 illius
3304 1721 3498 1778 mater,

1927 1810 2181 1879 apostoli,
2212 1817 2269 1865 et
2296 1824 2489 1865 omnes
2522 1805 2731 1874 ﬁdeles,
2761 1808 2893 1880 quin
2920 1817 2975 1869 ct
3006 1807 3086 1866 sol
3112 1806 3501 1863 obtenchratus

1927 1908 2031 1961 est,
2075 1908 2219 1954 terra
2254 1914 2545 1963 concussa,
2578 1910 2634 1955 et
2682 1909 2855 1971 petra:
2903 1901 3106 1963 scissae,
3162 1898 3344 1955 velum
3389 1895 3503 1953 dis-

1928 2001 2151 2064 ruptum
2206 2003 2309 2058 est,
2357 2003 2415 2047 et
2459 1994 2562 2063 ipsi
2593 1992 2767 2066 angeli
2821 1992 2886 2049 ad
2936 2008 3139 2047 novum
3193 1990 3356 2047 Verbi
3404 1987 3501 2046 Dei

1929 2086 2254 2156 mysterium
2286 2086 2693 2157 obstupuerunt
2726 2103 2739 2139 :
2772 2085 2852 2141 sic
2881 2085 3048 2143 etiam
3075 2083 3131 2139 in
3156 2092 3340 2139 monte
3357 2081 3502 2139 Tha—

1927 2175 2029 2230 bor
2062 2176 2242 2230 omnis
2275 2183 2524 2231 creatura
2571 2174 2888 2239 exsultavit,
2923 2189 2991 2229 ex
3017 2172 3333 2229 inauimatis
3378 2171 3505 2242 qui-

1928 2264 2055 2322 dem
2083 2264 2243 2335 quasi
2271 2273 2382 2320 tota
2412 2273 2558 2319 terra
2586 2272 2647 2320 et
2665 2263 2887 2333 plantis,
2914 2263 3136 2318 Thabor
3160 2270 3217 2323 et
3241 2260 3499 2327 Hei-mon;

1926 2372 1994 2413 ex
2016 2357 2125 2414 illis
2144 2372 2276 2414 vero
2307 2371 2428 2428 quae
2455 2372 2619 2413 sensu
2654 2356 2865 2421 vivunt,
2896 2371 3018 2427 quae
3044 2357 3099 2413 in
3130 2354 3351 2411 Thabor
3375 2363 3506 2411 sunt

1928 2449 2184 2506 animalia
2220 2467 2232 2504 :
2274 2465 2343 2505 ex
2386 2450 2620 2505 mortuis
2680 2448 2893 2514 Moses;
2938 2434 3004 2503 ex
3057 2448 3363 2503 viventibus
3406 2446 3504 2502 Pe-

1929 2552 2069 2609 trus,
2109 2541 2345 2598 Iacobus
2379 2550 2431 2597 et
2458 2540 2734 2608 Joannes;
2767 2556 2833 2598 ex
2866 2540 2975 2600 vita
3020 2548 3202 2595 autem
3243 2538 3333 2595 illa
3365 2552 3503 2593 nova

1927 2640 1981 2689 et
2006 2632 2311 2699 immutata,
2359 2648 2480 2704 qua:
2535 2647 2638 2688 nec
2687 2633 2922 2687 humana
2972 2648 3076 2688 nec
3104 2631 3348 2703 angelica
3398 2640 3503 2693 est,

1929 2723 2023 2780 sed
2069 2724 2287 2798 qualem
2339 2723 2526 2786 Enoclt
2563 2733 2618 2779 et
2650 2723 2799 2779 Elias
2844 2733 3029 2791 agunt.
3068 2725 3185 2794 ipse
3220 2722 3402 2788 Elias;
3439 2736 3505 2777 ex

1927 2817 2069 2875 ctnlo
2090 2826 2273 2873 autem
2326 2818 2500 2876 nubes
2525 2815 2704 2873 lucida
2736 2826 2797 2887 et.
2821 2815 3015 2889 angeli.
3048 2816 3114 2878 Et
3134 2830 3263 2872 ecce
3289 2813 3509 2869 Thabor

1927 2921 1985 2967 et
2042 2908 2280 2967 Hermon
2342 2926 2468 2968 cum
2529 2911 2678 2965 omni
2728 2919 2977 2968 creatura
3021 2908 3438 2967 exsultaverunt
3490 2928 3503 2964 :

1928 3004 2170 3061 Hermon
2214 3006 2271 3060 in
2320 3004 2613 3075 baptismo,
2648 3003 2868 3060 Thabor
2915 3004 2968 3059 in
3000 3003 3505 3058 transformatione.

1929 3098 1987 3154 in
2016 3112 2125 3168 quo
2154 3097 2408 3169 negotio?
2431 3096 2489 3152 In
2520 3113 2653 3153 voce
2680 3096 2775 3151 Dei
2807 3096 2984 3151 Patris
2999 3096 3067 3151 de
3097 3095 3378 3168 unigenito
3406 3110 3508 3150 suo

1923 3190 2082 3257 Filio,
2113 3205 2220 3261 qua
2264 3190 2423 3256 dixit,
2482 3209 2501 3242 ι
2540 3190 2640 3247 Hic
2667 3198 2749 3246 est
2786 3190 2954 3246 Filius
2980 3204 3135 3246 meus
3158 3187 3413 3254 dilectus,
3449 3188 3507 3242 in

1921 3297 2031 3353 quo
2066 3282 2200 3336 mihi
2232 3282 2618 3354 complacitum
2651 3291 2753 3349 est,
2785 3284 2965 3352 ipsum
2999 3281 3186 3338 audite
3211 3283 3254 3337 ⁸.
3298 3300 3317 3333 ι
3350 3280 3419 3335 Εῑ
3452 3280 3507 3335 in

1923 3374 2179 3445 passione
2217 3374 2440 3445 quidem
2476 3376 2659 3430 omnis
2709 3385 2957 3429 creatura
2995 3375 3359 3440 alienabatur,
3397 3388 3509 3429 om-

1921 3466 2121 3537 niaque
2153 3465 2658 3537 permiscebantur;
2694 3469 2748 3521 in
2778 3464 3076 3523 Salvatoris
3109 3476 3293 3529 autem
3330 3477 3511 3524 trans.

1921 3557 2250 3614 formatione
2292 3561 2472 3637 omnis
2519 3572 2769 3617 creatura
2797 3562 3105 3617 exsultabat
3143 3573 3367 3633 propter
3399 3578 3502 3619 uo-

1924 3664 2049 3706 mcn
2083 3650 2223 3709 Filio
2274 3651 2371 3715 Dei
2424 3652 2630 3709 datum.
2684 3653 2791 3721 Sed
2838 3652 3177 3715 redeundum
3224 3671 3313 3723 eo,
3358 3655 3505 3713 unde

1925 3756 2119 3798 sumus
2148 3742 2402 3816 digressi.
2436 3745 2613 3803 Moses
2645 3747 2887 3817 quidem.
2924 3757 2983 3801 ut
3009 3747 3222 3804 dictum
3268 3757 3374 3813 cst,
3416 3742 3507 3807 ac;

1926 3842 2085 3905 cepto
2123 3836 2277 3906 prius
2310 3852 2338 3891 a
2374 3838 2487 3900 Deo
2524 3838 2915 3901 miraculorum
2954 3840 3289 3906 testimonio,
3328 3841 3504 3912 legem

1929 3928 2070 3984 tulit.
2128 3928 2418 4007 Propheta:
2468 3940 2654 3987 autem
2716 3933 3105 3997 vaticiniorum
3160 3947 3398 3997 eventu,
3450 3943 3507 3988 et

1928 4035 2327 4093 nonnunquam
2378 4024 2667 4085 miraculis
2716 4042 2941 4097 quoque
2996 4037 3129 4083 sunt
3172 4026 3505 4085 continuati.

1927 4118 2180 4177 Christus
2202 4121 2370 4177 etiam
2403 4122 2532 4190 illis,
2568 4138 2692 4193 quae
2744 4125 3142 4191 recensuimus,
3174 4126 3507 4182 testimoniis

1929 4212 2212 4280 probatus,
2261 4221 2316 4267 et
2359 4212 2591 4271 inﬁnitis
2635 4215 2935 4278 miraculis.
2976 4217 3090 4287 ipse
3137 4233 3359 4288 quoque
3409 4232 3505 4273 ore

1930 4304 2138 4361 docuit.
2183 4304 2303 4361 Post
2356 4306 2505 4361 illius
2552 4315 2735 4364 autem
2780 4310 3208 4377 assumptionem
3248 4307 3503 4380 discipuli

244 4412 526 4480 λιάσαντο,
573 4414 794 4487 Ἐρμὼν
818 4416 876 4468 ὲν
904 4418 972 4487 τῇ
1010 4394 1412 4485 ﬂumineam.
1436 4416 1637 4490 Θαϐὼρ
1759 4420 1823 4490 τῇ

1936 4397 2105 4467 hujus
2137 4394 2496 4469 Evangelium
2531 4402 2999 4471 conscripserunt,
3035 4401 3248 4472 ipsique
3308 4405 3509 4459 ϐοτηε·-

248 4505 698 4578 μεταμορφώσει.
727 4506 851 4561 Ἐπὶ
899 4509 1009 4562 τίνι
1038 4510 1369 4580 πράγματι;
1406 4510 1528 4564 Ἐπὶ
1559 4511 1653 4563 τοῦ
1690 4511 1823 4565 Θεοῦ

1934 4498 2079 4559 runt,
2107 4492 2385 4547 miraculis
2421 4493 2525 4547 sibi
2570 4492 2729 4549 ﬁdem
2770 4494 3108 4551 vindicantes
3145 4515 3158 4551 :
3190 4509 3500 4553 nontamen

246 4600 343 4653 καὶ
372 4600 591 4670 Πατρδς
622 4586 773 4672 φωνῇ
812 4600 952 4672 ὑπὲρ
993 4600 1086 4656 τοῦ
1118 4600 1445 4671 μονογενοῦς
1467 4603 1635 4661 αὑτοῦ
1671 4603 1825 4668 Υίοῦ,

246 4692 338 4760 τῇ,
375 4708 395 4743 ι
432 4686 602 4755 Οὗτός
634 4693 785 4745 ἐστιν
815 4691 844 4745 6
869 4692 1005 4755 Υἱός,
1034 4709 1139 4762 μου
1168 4695 1194 4745 6
1225 4694 1528 4763 ἀγαπητὸς,
1574 4694 1632 4746 ὲν
1668 4688 1713 4762 ᾧ
1741 4696 1830 4749 εὑ-

247 4782 451 4855 δὸκησα
480 4801 495 4816 ·
526 4785 693 4839 αὐτοῦ
724 4785 974 4840 ἀκούετε.
1013 4803 1033 4838 ι
1074 4787 1185 4844 Καὶ
1226 4788 1320 4840 ἐπὶ
1359 4789 1458 4857 μὲν
1484 4786 1579 4841 τοῦ
1623 4789 1828 4852 πάθους

249 4875 282 4946 η
309 4878 460 4931 πᾶσα
499 4877 678 4941 κτίσις
714 4878 1013 4949 ἠλλοιοῦτο.
1048 4880 1145 4932 καὶ
1176 4878 1243 4932 τά
1270 4879 1445 4934 πάντα
1477 4881 1683 4952 ἀναμὶξ
1706 4882 1829 4950 ἐγέ-

191 4982 195 4986 '
248 4986 367 5025 νετο
390 4988 404 5003 ·
442 4972 501 5025 ὲν
531 4970 587 5025 δὲ
612 4973 680 5041 τῇ
724 4971 817 5026 τοῦ
852 4971 1105 5042 Σωτῆρος
1140 4973 1568 5044 μεταμορφώσει
1609 4975 1757 5028 πᾶσα
1792 4976 1825 5045 ἡ

181 5123 184 5128 _
249 5062 423 5130 κτίσις
450 5064 721 5136 ἠγάλλετο
748 5065 841 5118 ἐπὶ
863 5064 940 5139 τῷ
972 5064 1262 5134 λαληθέντι
1284 5065 1510 5134 ὀνόματι
1537 5064 1634 5119 τοῦ
1667 5065 1822 5121 Υίοῦ.

261 5153 402 5210 Ἀλλ’
440 5160 728 5211 ἐπανιτέον
781 5157 902 5212 ὅθεν
947 5157 1272 5228 ἐξήλθομεν.
1313 5156 1376 5213 ’0
1426 5140 1525 5228 μὲν
1583 5159 1827 5228 Μωῠσῆς

249 5248 468 5318 πρῶτον
498 5249 703 5316 λαϐὼν,
752 5249 934 5312 καθὼς
981 5251 1221 5322 εἴρηται,
1257 5250 1356 5323 τὴν
1397 5252 1506 5305 duo
1559 5252 1654 5306 τοῦ
1688 5252 1825 5307 Θεοῦ

1931 4582 2212 4639 miraculis
2241 4580 2608 4647 solummodo,
2637 4585 2732 4640 sed
2763 4588 2928 4641 etiam
2975 4596 3199 4657 propter
3242 4590 3504 4659 optimam

1931 4691 2113 4730 rerum
2163 4673 2720 4742 administrationem,
2773 4677 2934 4733 [idem
2986 4678 3344 4735 merebantur
3373 4697 3508 4751 apo-

1932 4769 2081 4824 stoli.
2115 4768 2299 4823 Primo
2334 4769 2483 4823 enim
2514 4784 2640 4824 cum
2682 4769 2781 4825 hos
2806 4773 3114 4828 exacuisset
3142 4771 3417 4837 Christus,
3450 4785 3508 4832 et

1931 4875 2030 4916 ceu
2063 4860 2270 4917 ferreos
2299 4860 2517 4917 iecisset
2546 4871 2601 4918 et
2626 4862 3031 4930 adamantinos,
3065 4860 3130 4921 ad
3163 4867 3509 4936 praedicatio-
3536 4903 3546 4921 .

1933 4969 2057 5013 netu
2090 4954 2293 5019 emisit,
2333 4954 2522 5011 dicens
2551 4956 2660 5011 illis
2692 4975 2704 5010 :
2742 4975 2762 5009 ι
2796 4958 2937 5015 Bece
2965 4960 3122 5013 mitto
3150 4975 3248 5015 vos
3279 4973 3338 5016 ut
3370 4976 3506 5016 oves

1933 5047 1989 5104 in
2026 5046 2207 5103 medio
2233 5049 2485 5118 luporum
2511 5049 2554 5103 τ.
2593 5068 2613 5103 ι
2652 5048 2871 5104 Hivero
2906 5050 3266 5107 humilitatem
3299 5053 3504 5120 induti,

1931 5136 2184 5194 leonibus
2225 5136 2691 5194 tormidabiliorcs
2741 5153 3134 5211 apparuerunt.
3185 5143 3305 5199 Non
3352 5144 3502 5200 enim

1934 5230 2164 5285 audacia
2195 5231 2335 5289 tollit
2361 5231 2671 5296 audaciam,
2704 5234 2801 5288 sed
2834 5236 3065 5305 aequitas
3107 5248 3162 5291 et
3191 5236 3497 5295 humilitas.

251 5344 345 5397 καὶ
374 5344 483 5398 τῶν
509 5344 807 5415 θαυμάτων
833 5345 1168 5417 μαρτυρίαν,
1190 5322 1401 5410 ἐξέδοτο
1432 5347 1527 5400 τὸν
1557 5348 1747 5418 νόμον,
1774 5350 1823 5402 ol

1936 5340 1955 5374 ι
1990 5322 2192 5379 Luceat
2242 5324 2413 5389 enim,
2452 5325 2933 5396 inquitChristus,
2977 5330 3067 5385 lux
3101 5340 3281 5386 vestra
3313 5346 3499 5387 coram

252 5436 307 5491 δὲ
336 5439 616 5510 προφῆται
640 5437 737 5508 τὴν
769 5437 995 5493 ἔκϐασιν
1023 5437 1133 5492 τῶν
1158 5429 1534 5510 προφητείῶν,
1566 5441 1716 5493 ἐστιν
1736 5442 1825 5493 ὅτε

252 5528 357 5607 uol,
374 5531 481 5585 τῶν
514 5531 834 5602 θαυμάτων.
880 5532 939 5585 Ὀ
969 5533 1025 5585 δὲ
1051 5531 1285 5604 Χριστὸς
1318 5532 1459 5604 ἔχων
1483 5538 1584 5597 τὰς
1617 5551 1825 5606 μαρτυ-

256 5619 397 5690 ρίας,
426 5622 493 5687 ἃς
510 5622 821 5695 φθάσαντες
842 5624 1093 5695 είπομεν,
1123 5625 1216 5679 καὶ
1237 5624 1302 5678 τὰ
1320 5624 1521 5694 ἄπειρα
1542 5625 1822 5693 θαύματα,

1928 5415 2268 5485 hominibus,
2299 5427 2360 5472 ut
2392 5415 2615 5475 videant
2659 5435 2826 5491 opera
2874 5430 3054 5476 vestra
3102 5422 3261 5487 bona,
3305 5433 3357 5476 et
3384 5424 3501 5493 glo-

1929 5510 2145 5566 riﬁcent
2193 5512 2407 5567 Patrem
2451 5521 2695 5569 vestrum
2742 5515 2837 5585 qui
2885 5515 2939 5569 in
2969 5516 3125 5571 curiis
3164 5516 3310 5570 est'.
3364 5535 3382 5568 ι
3432 5517 3503 5570 Ει

1932 5602 2051 5658 haec
2102 5602 2326 5672 quidem
2374 5615 2459 5662 est
2511 5606 2588 5662 rei
2618 5607 2837 5674 veritas,
2871 5602 3017 5685 quod
3054 5609 3161 5663 vita
3212 5608 3420 5677 integra
3447 5616 3501 5662 et

326 5798 345 5829 '
385 5797 520 5857 Psal.
553 5815 825 5871 Lnxvm,
862 5802 947 5857 13.
1028 5801 1262 5857 ‘Matth.
1301 5818 1429 5872 xvn,
1469 5804 1520 5859 5.
1600 5804 1619 5836 ⁷
1660 5803 1850 5861 Matth.
1885 5820 1935 5871 κ,
1972 5802 2060 5861 l6.
2137 5803 2159 5835 ⁸
2185 5803 2375 5860 Matth.
2415 5820 2469 5870 v,
2502 5804 2589 5860 16.
