4026 6268
450 337 560 403 603

1656 360 1975 428 JOANNIS
2010 367 2532 434 CANTACUZENI

3585 375 3688 439 604

446 454 756 514 doctrinam
786 461 931 518 hanc
954 478 982 518 a
1013 464 1128 521 Deo
1178 482 1284 522 non
1321 474 1732 540 promanavisse
1752 518 1767 544 ,
1794 480 2017 536 rationi-

2126 487 2214 556 ῥεῖ
2263 487 2513 554 ἕκαστος,
2547 490 2645 545 καὶ
2676 490 2826 561 λέγει
2879 485 3278 562 καὶθμολογεί
3308 493 3391 547 δτι
3431 492 3532 547 οῦκ
3583 494 3692 546 εστι
3739 555 3746 559 ,

449 555 554 606 bus
574 555 960 611 consentaneis
979 557 1084 613 hoc
1109 556 1585 632 demonstrantes;
1618 570 1809 627 timore
1837 574 2028 632 mortis

445 655 626 700 autem
659 648 882 717 cedunt,
931 661 985 706 et
1011 665 1320 723 sequuntur
1352 657 1709 729 impietatem.
1741 665 1860 721 Non
1893 683 2024 737 par-

448 750 575 788 vum
616 749 793 807 tamen
840 758 905 797 ex
939 741 1136 800 horum
1175 746 1454 817 impietate
1489 766 1867 824 argumentum
1915 761 2029 816 col-

445 823 676 893 ligitur,
717 830 861 900 quod
908 833 999 899 qui
1047 835 1182 889 tales
1238 847 1386 907 sunt,
1429 823 1871 903 Christianorum
1922 848 2026 906 do-

444 929 623 985 gmata
657 923 882 977 omnino
907 925 1175 995 ignorent.

519 1011 569 1065 7.
613 1013 877 1070 Praeterea
922 1017 1142 1086 quidam
1174 1035 1238 1075 ex
1271 1021 1590 1082 doctoribus
1619 1027 1813 1086 horum
1843 1031 1897 1087 in
1941 1032 2025 1089 di-

442 1102 648 1170 gnitate
666 1103 1012 1162 Chelibarum
1041 1115 1394 1181 constitutus,
1415 1120 1752 1177 nomine.....
1770 1139 1894 1178 cum
1908 1126 2020 1198 jam

444 1195 748 1261 exspiraret
771 1239 782 1257 .
817 1214 1033 1254 crucem
1070 1219 1237 1270 penes
1263 1222 1320 1262 se
1341 1207 1482 1264 ferre
1505 1209 1884 1280 deprehensus
1910 1195 2018 1276 est.

444 1283 571 1350 Qua
622 1287 674 1340 in
711 1300 933 1357 pectore
979 1293 1122 1349 illius
1157 1297 1375 1354 inventa
1406 1342 1420 1363 ,
1474 1301 1844 1376 intelligentes
1873 1309 2022 1367 hunc

443 1379 656 1433 occulte
695 1379 1072 1442 Chrisnanum
1113 1389 1280 1445 fuisse
1304 1432 1318 1455 ,
1371 1409 1478 1449 non
1507 1411 1574 1450 eo
1616 1397 1723 1454 loci
1753 1402 1844 1456 ubi
1879 1401 2022 1460 Cha-

445 1469 659 1526 libades
690 1475 910 1542 sepeliri
940 1478 1184 1535 solemne
1215 1495 1317 1547 eSt,
1355 1485 1507 1540 illum
1543 1491 1897 1558 sepelierunt,
1925 1496 2017 1551 sed

443 1560 496 1614 in
536 1561 644 1617 alio
683 1565 750 1616 ab
781 1565 885 1623 hoc
922 1580 1216 1628 semotum.
1269 1574 1371 1640 Qui
1417 1579 1560 1633 enim
1613 1581 1756 1637 inter
1788 1584 1890 1641 hos
1935 1601 2020 1642 sa-

445 1653 748 1723 pientiores
776 1671 830 1715 et
871 1665 1260 1732 prudentiores
1283 1681 1431 1739 sunt,
1461 1688 1568 1727 non
1596 1675 1843 1746 ignorant
1865 1695 2019 1735 erro—

443 1762 557 1802 rem
599 1766 757 1805 suum
784 1794 796 1812 .
851 1766 905 1811 et
943 1757 1300 1826 imposturam
1329 1804 1344 1827 ,
1411 1765 1503 1821 sed
1553 1768 1748 1836 partim
1791 1771 2012 1841 quidem

441 1853 669 1909 propter
696 1844 944 1902 timorem
983 1852 1330 1919 praedictum,
1363 1859 1560 1925 partim
1590 1876 1720 1916 vero
1750 1862 1878 1932 quia
1913 1864 2017 1920 hu-

443 1945 656 1986 manam
691 1935 916 2005 gloriam
961 1941 1134 2009 magis
1157 1955 1344 1997 amant
1395 1963 1556 2016 quam
1601 1951 1830 2021 gloriam
1875 1955 1969 2011 Dei
1997 1995 2012 2018 ,

443 2023 677 2079 occlusis
719 2030 914 2084 animae
944 2032 1122 2086 oculis
1173 2033 1224 2086 in
1259 2037 1500 2093 tenebris
1537 2041 1928 2113 obambulant;
1961 2057 2017 2102 et

441 2114 637 2171 timore
696 2120 887 2174 mortis
944 2121 1106 2191 hujus
1165 2129 1469 2196 corporalis
1533 2133 1734 2192 animae
1781 2148 2012 2194 mortem

439 2211 753 2277 acquirunt.
803 2214 861 2267 ln
909 2213 1244 2273 Christianis
1268 2231 1448 2276 autent
1475 2236 1666 2280 contra
1700 2227 1816 2283 ﬁeri
1842 2230 2015 2299 solet;

440 2304 639 2361 timore
690 2309 836 2363 enim
894 2313 1090 2366 mortis
1139 2315 1356 2380 animae,
1409 2320 1750 2392 corporalem
1787 2323 1934 2379 illam
1965 2335 2018 2379 et

442 2405 725 2453 externam
788 2417 911 2456 cum
944 2404 1223 2474 voluptate
1257 2417 1642 2466 contemnunt.
1673 2411 2018 2472 Christiano-

436 2505 557 2544 rum
594 2495 740 2548 enim
771 2494 906 2551 ﬁdes
939 2496 1096 2570 longe
1124 2500 1337 2571 lateque
1388 2502 1454 2556 ab
1487 2502 1569 2559 his
1599 2505 1890 2578 discrepat.
1922 2509 2015 2564 Ar~

437 2591 582 2638 ctam
614 2587 760 2640 enim
790 2600 851 2644 et
881 2601 1165 2661 angustam
1203 2594 1460 2652 Christus
1497 2597 1629 2654 dicit
1669 2601 1810 2656 viam
1848 2619 1971 2660 esse
1998 2645 2013 2671 ,

435 2691 558 2747 quae
593 2695 694 2734 nos
724 2680 789 2734 ad
820 2683 984 2736 vitam
1026 2684 1273 2744 deducit.
1879 2678 1884 2684 ’

513 2768 567 2822 8.
605 2770 670 2825 Et
694 2771 869 2842 legem
905 2774 1147 2846 quidem,
1182 2781 1523 2849 utdiximus,
1553 2800 1582 2838 a
1611 2785 1855 2843 damone
1878 2787 2018 2844 didi-

435 2858 531 2926 cit;
561 2861 927 2922 nihilominus
959 2875 1138 2923 tamen
1170 2871 1224 2926 in
1260 2873 1547 2932 haereticos
1579 2881 1843 2947 quosdam
1881 2882 2021 2938 inci-

435 2948 598 3017 dens,
631 2952 844 3024 reliqua
874 2961 1172 3029 assumpsit
1204 2979 1218 3026 ;
1251 2972 1307 3019 et
1345 2978 1372 3016 a
1411 2965 1614 3022 Jacobs
1661 2968 1881 3040 quidem
1913 2971 2019 3028 Ba-

435 3061 568 3100 enra
607 3046 661 3101 in
701 3048 938 3106 Nestorii
981 3051 1331 3125 dogmatibus
1379 3059 1664 3118 institutus
1714 3074 1819 3129 est,
1852 3079 2015 3134 quem

2130 581 2281 650 παρὰ
2313 581 2450 637 Θεοῦ
2489 585 2552 638 τὸ
2581 585 2854 656 διδαχθὲν,
2882 587 3063 654 λόγοις
3110 587 3356 650 πιθανοῖς
3381 588 3538 641 τοῦτο
3568 585 3695 640 ἀπο-

2127 672 2460 741 δεικνύντες.
2486 677 2577 748 Τῷ
2601 679 2753 750 φόϐῳ
2780 679 2837 734 δὲ
2876 679 2969 734 τοῦ
3002 679 3239 735 θανάτου
3271 681 3576 742 ὑπείκουσι,
3606 679 3694 733 καὶ

2127 763 2482 822 ἀκολουθοῦσι
2528 772 2596 840 τῇ
2633 770 2877 843 ἀσεδείᾳ.
2909 772 3020 826 Οὐκ
3047 761 3228 841 ὀλίγον
3247 771 3303 826 δὲ
3334 772 3694 842 συμϐάλλεται

2125 861 2193 931 τῇ
2244 862 2475 917 ἐκείνων
2527 865 2756 938 ᾀσεδείᾳ
2788 867 2883 919 καὶ
2911 843 2974 919 τὸ
3008 866 3294 930 παντελῶς
3344 866 3695 938 εὑρίσκεσθαι

2125 951 2456 1021 ἀγνοοῦντας
2480 935 2700 1022 τούτους
2734 959 2802 1013 τὰ
2833 959 2941 1012 τῶν
2982 957 3349 1030 Χριστιανῶν.

2196 1044 2262 1110 ζ’.
2309 1047 2491 1118 Ὀμῶς
2522 1050 2616 1104 καὶ
2650 1051 2714 1105 ἑκ
2744 1051 2856 1106 τῶν
2882 1051 3220 1106 διδασκάλων
3251 1049 3433 1104 αὐτῶν
3464 1045 3567 1113 εἷς,
3598 1068 3693 1119 χα-

2122 1139 2287 1210 λιφᾶς
2311 1140 2373 1193 τὸ
2415 1141 2631 1212 ἀξίωμα
2664 1142 3122 1214 δνομα,αῦτῷ...,
3166 1145 3226 1196 ὲν
3273 1143 3354 1213 τῷ
3395 1141 3574 1212 καιρῷ
3605 1142 3692 1205 τῆς

2121 1230 2382 1300 τελευτῆς
2416 1231 2585 1286 αὐτοῦ
2619 1231 2819 1302 εὑρέθη
2851 1231 3086 1299 σταυρὸν
3117 1232 3298 1302 φέρων
3334 1230 3458 1301 μεθ’
3483 1229 3692 1284 ἑαυτοῦ.

2121 1323 2392 1408 Εῦρόντες
2425 1325 2483 1378 δὲ
2529 1325 2621 1378 τὸν
2673 1325 2907 1397 σταυρὸν
2932 1327 2994 1380 ἐν
3032 1325 3112 1400 τῷ
3137 1324 3328 1395 στήθει
3367 1324 3565 1390 αὐτοῦ,
3611 1325 3695 1376 καὶ

2122 1414 2567 1484 κατανοήσαντες
2611 1417 2693 1470 ὅτι
2749 1415 3508 1501 κεκρυμμένοςΧριστιανός
3535 1417 3698 1475 ἐστιν,

2121 1508 2219 1561 οὐκ
2246 1507 2456 1578 ἔθαψαν
2487 1510 2653 1564 αὑτὸν
2694 1511 2752 1566 ἐν
2775 1505 2819 1579 ᾧ
2857 1512 3008 1581 τόπῳ
3050 1511 3284 1566 ἔθαπτον
3313 1510 3444 1572 τοὺς
3475 1508 3695 1578 χαλιφά-

2119 1601 2235 1667 δας,
2274 1601 2392 1656 ἀλλ’
2419 1603 2479 1655 ὲν
2507 1604 2682 1675 ἑτέρῳ
2713 1605 2905 1675 χωρίς.
2956 1605 3018 1658 Οί
3064 1604 3176 1674 γὰρ
3209 1602 3363 1671 σοφοὶ
3395 1601 3489 1655 καὶ
3525 1601 3701 1669 φρόνι-

2123 1710 2211 1764 μοι
2245 1693 2468 1750 ἐκείνων
2494 1695 2595 1749 οὐκ
2624 1696 2762 1749 εἰσὶν
2786 1695 3109 1765 ἀγνοοῦντες
3133 1695 3230 1766 τὴν
3245 1695 3474 1749 ἐκείνων
3495 1696 3699 1762 πλάνην

2121 1801 2180 1837 τε
2217 1785 2314 1838 καὶ
2342 1787 2584 1856 ἀπάτην.
2635 1788 2796 1841 Ἀλλὰ
2823 1789 2883 1840 τὸ
2918 1789 3020 1858 μὲν
3045 1786 3135 1842 διὰ
3168 1787 3258 1841 τὸν
3293 1786 3588 1857 εἰρημένον
3612 1786 3702 1856 φό-

2121 1872 2237 1936 ϐον,
2265 1873 2327 1926 τὸ
2356 1875 2401 1926 δ’
2432 1876 2515 1928 ὅτι
2541 1876 2798 1944 ἀγαπῶσι
2834 1875 2992 1941 δόξαν
3025 1874 3134 1929 τῶν
3156 1875 3469 1945 ἀνθρώπων
3498 1876 3694 1945 μᾶλλον

2119 1964 2261 2034 ὑπὲρ
2283 1966 2384 2035 τὴν
2414 1964 2573 2030 δόξαν
2595 1967 2690 2020 τοῦ
2723 1966 2884 2033 Θεοῦ,
2936 1966 3208 2038 μύσαντες
3241 1969 3364 2031 τοὺς
3398 1966 3503 2036 τῆς
3529 1965 3698 2036 ψυχῆς

2117 2057 2460 2128 ὀφθαλμοὺς,
2506 2060 2564 2113 ὲν
2603 2061 2681 2130 τῷ
2731 2062 2912 2114 σκότει
2963 2061 3443 2131 περιπολεύονται,
3486 2062 3582 2115 καὶ
3627 2059 3700 2128 τῷ

2119 2151 2421 2221 σωματικῷ
2451 2151 2603 2222 φόϐῳ
2649 2152 2740 2206 τοῦ
2773 2154 3012 2209 θανάτου
3052 2155 3138 2208 τὸν
3171 2153 3407 2223 ψυχικὸν
3442 2153 3698 2224 κληροῦνη

2117 2255 2229 2295 ται.
2274 2238 2396 2292 Ἐπὶ
2434 2239 2489 2293 δὲ
2519 2239 2627 2294 τῶν
2658 2241 3006 2312 Χριστιανῶν
3045 2244 3144 2313 οὐχ
3193 2241 3392 2306 οὕτως,
3441 2241 3583 2295 ἀλλὰ
3627 2241 3700 2309 τῷ

2120 2329 2271 2400 φόϐῳ
2295 2329 2386 2385 τοῦ
2419 2331 2654 2402 ψυχικοῦ
2692 2332 2947 2398 θανάτου,
2977 2334 3071 2387 τοῦ
3103 2333 3423 2403 σωματικοῦ
3463 2333 3564 2386 καὶ
3595 2333 3701 2386 ὕλι-

2121 2419 2216 2472 κοῦ
2261 2421 2354 2472 καὶ
2389 2420 2635 2488 ἐνηδόνου
2668 2421 3125 2490 καταφρονοῦσιν.
3170 2422 3232 2474 Ἦ
3283 2422 3390 2491 γὰρ
3417 2422 3533 2475 τῶν
3565 2422 3696 2491 Χρι·

2122 2511 2354 2565 στιανῶν
2385 2511 2567 2576 πίστις
2601 2513 2822 2582 μακράν
2852 2531 2956 2568 που
2983 2515 3078 2566 καὶ
3111 2513 3296 2584 πόρρω
3321 2512 3440 2566 ἐστὶ
3473 2513 3695 2566 τούτων.

2120 2601 2319 2674 Στενὴν
2369 2604 2475 2674 γὰρ
2516 2605 2610 2658 καὶ
2653 2603 3023 2675 τεθλιμμένην
3064 2605 3268 2677 ἔφησεν
3301 2607 3329 2658 ὁ
3357 2606 3572 2677 Κύριος
3602 2605 3697 2677 τὴν

2118 2694 2256 2759 ὁδὸν,
2297 2693 2394 2765 τὴν
2427 2695 2508 2758 είς
2532 2695 2678 2768 ζωὴν
2709 2699 2853 2768 ἡμᾶς
2880 2701 3229 2766 ἀπάγουσαν.
3638 2760 3643 2763 _

2195 2786 2264 2857 η’.
2302 2789 2410 2841 Καὶ
2441 2789 2694 2860 ἐδιδάχθη
2745 2791 2844 2860 μὲν
2874 2795 2901 2844 ό
2942 2792 3128 2862 νόμος,
3167 2792 3242 2855 ὡς
3276 2793 3522 2864 εἴρηται,
3557 2793 3700 2862 παρὰ

2120 2882 2218 2936 τοῦ
2251 2881 2543 2952 δαίμονοςο
2581 2885 2733 2953 ὅμως
2788 2885 2882 2938 καί
2912 2903 3053 2939 τισιν
3098 2885 3397 2956 αἱρετικοῖς
3437 2883 3697 2955 ὲντυίὼν,

2121 2975 2189 3030 τὰ
2221 2975 2496 3030 ὑπόλοιπα
2547 2976 2945 3046 προσελάϐετο.
2984 2978 3092 3032 Καὶ
3119 2976 3270 3048 παρὰ
3319 2978 3417 3048 μὲν
3443 2978 3546 3030 τοῦ
3597 2979 3697 3030 ἰαο

2123 3066 2240 3120 κὼϐ
2271 3067 2365 3120 τοῦ
2410 3068 2626 3140 Βαενρᾶ
2677 3065 2746 3140 ἦν
2775 3070 3004 3141 μυηθεὶς
3037 3071 3104 3124 τὰ
3139 3071 3233 3124 τοῦ
3277 3071 3599 3143 Νεστορίου,
3646 3068 3699 3120 ὃν

433 3149 489 3193 et
538 3150 726 3210 postea
773 3145 1018 3212 occidit;
1077 3163 1104 3203 a
1139 3147 1346 3220 Judaeis
1396 3163 1579 3209 autem
1637 3155 1967 3224 quibusdam
1998 3198 2012 3222 ,

2127 3162 2266 3231 μετὰ
2290 3163 2484 3232 καιρὸν
2513 3163 2808 3217 ἀπέκτεινε
2831 3181 2845 3196 ο
2875 3164 3028 3235 παρά
3071 3165 3126 3219 δὲ
3195 3164 3466 3217 Ἰουδαίων
3518 3161 3696 3226 τινῶν,

436 3231 674 3288 Phinees
703 3236 963 3291 nimirum
1006 3247 1061 3293 et
1095 3241 1293 3308 Audio,
1325 3259 1490 3313 quem
1536 3246 1652 3316 ipse
1685 3254 1895 3302 mutato
1922 3263 2020 3304 no-

436 3323 584 3378 mine
616 3326 887 3382 Audulam
923 3331 1159 3396 vocavit,
1193 3343 1363 3404 atque
1392 3335 1598 3404 Salom,
1632 3353 1794 3409 quem
1823 3339 2018 3395 Perse-

434 3417 542 3470 lem
564 3420 998 3489 cognominavit,
1037 3424 1204 3479 multa
1229 3429 1393 3482 etiam
1423 3432 1796 3500 transumpsit,
1831 3433 2021 3503 sicque

435 3511 601 3566 etiam
658 3513 713 3566 in
766 3510 1126 3572 Nestorianos
1205 3520 1413 3592 aliquot
1474 3524 1723 3581 incidens
1771 3527 2017 3582 omnium

437 3590 775 3672 impietatem
813 3605 1052 3678 collegit.
1077 3590 1425 3684 Quapropter
1467 3613 1522 3669 in
1554 3615 1825 3671 Alcorano
1849 3618 2016 3673 multa

436 3694 853 3767 invenirelicet,
881 3717 945 3757 ex
975 3703 1136 3759 modo
1176 3706 1339 3762 dictis
1387 3707 1666 3779 descripta
1695 3709 2018 3765 haeresibus.

436 3788 496 3845 Si
525 3792 670 3849 enim
719 3809 902 3850 mores
961 3796 1136 3852 bonos
1187 3815 1544 3871 corrumpere
1584 3803 1852 3857 malorum
1890 3818 2021 3858 con-

439 3884 682 3939 versatio
711 3895 913 3957 potest,
949 3901 1155 3958 quanto
1197 3893 1371 3963 magis
1405 3894 1543 3949 si'ea
1575 3895 1630 3950 in
1661 3911 1855 3963 pravos
1883 3912 2020 3974 imo-

436 3991 524 4031 res
566 3976 870 4034 inciderit?
901 3979 1039 4035 Cum
1075 3984 1240 4054 igitur
1293 3985 1468 4055 legem
1498 4001 1529 4040 a
1562 3985 1810 4041 daemone
1862 4001 2019 4041 acoe-

434 4053 606 4138 pisset
633 4071 922 4137 Mahomet,
956 4053 1262 4144 quidialiud
1311 4053 1465 4132 illum
1499 4080 1677 4135 facere
1705 4089 1800 4136 aut
1834 4079 2018 4135 dicere

435 4162 765 4232 oportebat,
825 4180 989 4235 quam
1033 4183 1097 4222 ea
1156 4183 1278 4237 quae
1314 4172 1396 4224 sui
1435 4183 1593 4225 erant
1629 4171 1911 4241 magistri?
1953 4172 2019 4225 Et

436 4254 898 4324 quemadmodum
953 4257 1044 4311 ille
1078 4256 1218 4312 fastu
1254 4260 1535 4326 laborans,
1574 4272 1864 4331 postquam
1897 4260 2016 4330 lap-

435 4363 528 4402 sus
556 4356 660 4412 est,
707 4349 890 4404 statim
931 4351 1152 4406 mentiri
1188 4354 1387 4424 cmpit,
1435 4355 1515 4412 sic
1545 4357 1708 4411 etiam
1741 4356 2017 4411 Mahomet

433 4457 503 4498 ex
530 4442 784 4510 superbia
814 4453 870 4497 et
904 4443 1188 4499 mendacio
1221 4447 1366 4516 loqui
1397 4448 1566 4519 cmpit
1590 4458 1646 4504 et
1677 4449 1944 4504 scribere.

441 4534 449 4541 ’
500 4538 556 4593 9.
586 4535 661 4592 De
691 4537 874 4608 seipse
902 4539 1431 4613 enimjactabundus
1459 4539 1672 4598 dicitin
1705 4541 1853 4597 hunc
1888 4556 2010 4596 mo-

436 4628 567 4684 dum
611 4651 622 4685 :
655 4631 711 4687 Si
751 4649 945 4688 omnes
981 4635 1232 4690 honnnes
1260 4635 1634 4702 conveniant,
1671 4651 1865 4714 omnes
1896 4637 2046 4709 spi-'

2121 3251 2218 3304 τοῦ
2258 3268 2316 3304 τε
2353 3252 2539 3314 Φινεὲς
2593 3253 2687 3306 καὶ
2717 3253 2937 3318 Αὑδιοῦ,
2994 3255 3178 3308 ὅντινα
3242 3252 3495 3309 Αὑδουὶᾶ
3527 3269 3698 3322 μετω·

2123 3344 2472 3415 νόμασε,κα“ι
2525 3326 2978 3417 Σαλὼμ“,ῶσπερ
3043 3346 3256 3416 Σελὲμ,
3298 3344 3432 3399 ἀλλὰ
3488 3346 3554 3413 δὴ
3611 3345 3701 3399 καὶ

2120 3438 2265 3490 τισὶν
2308 3437 2698 3508 Νεστοριανοῖς
2745 3438 3008 3507 ἐντυχὼν,
3063 3440 3161 3507 τὴν
3224 3437 3443 3493 πάντων
3509 3439 3701 3492 κακίαν

2122 3527 2418 3597 ἐσώρευσε.
2462 3529 2563 3583 Διά
2596 3548 2677 3583 τοι
2703 3529 2863 3583 τοῦτο
2912 3531 2970 3583 ἐν
2999 3530 3075 3600 τῷ
3127 3531 3347 3604 Κορῤὰν
3398 3531 3576 3586 πολλά
3605 3547 3699 3600 ,τις

2124 3621 2348 3691 εὑρήσει
2385 3623 2752 3692 γεγραμμένα
2779 3625 2844 3677 ἐκ
2882 3623 2994 3678 τῶν
3026 3625 3295 3696 ῥηθεισῶν
3324 3627 3613 3696 αἱρέσεων.
3642 3627 3699 3679 Εί

2122 3714 2230 3787 γὰρ
2257 3715 2362 3784 ήθη
2396 3715 2614 3789 χρηστὰ
2645 3712 2752 3769 οἶδε
2798 3717 3045 3785 φθείρειν
3087 3718 3271 3788 ὁμιλία
3331 3719 3506 3790 κακὴ,
3557 3721 3701 3785 πόσῳ

2124 3807 2327 3876 μᾶλλον
2357 3807 2513 3879 ἤθεσι
2568 3809 2824 3878 πονηροῖς
2883 3810 3222 3881 ἐντυχοῦσας
3276 3810 3477 3865 Λαϐὼν
3527 3813 3701 3866 τοίνυν

2119 3899 2218 3969 τὴν
2250 3917 2322 3952 πα
2333 3900 2402 3970 ρὰ
2424 3899 2518 3954 τοῦ
2543 3901 2799 3971 δαίμονος
2822 3901 3045 3972 διδαχὴν
3067 3906 3095 3957 ό
3125 3903 3396 3972 Μωάμεθ,
3426 3903 3486 3958 τί
3516 3903 3698 3974 ἕτερον

2121 3995 2227 4049 ἔδει
2260 3995 2522 4065 πράττειν
2554 3999 2646 4049 καὶ
2693 3997 2874 4066 λέγειν
2913 3998 2946 4068 ἢ
2995 3999 3081 4054 τὰ,
3117 3997 3215 4052 τοῦ
3245 3999 3576 4053 διδασκάλου
3615 3997 3690 4050 αὑ·

2119 4088 2252 4155 τοῦ;
2287 4090 2400 4143 Καὶ
2449 4089 2637 4160 ὥσπερ
2687 4092 2892 4152 ἐκεῖνος
2914 4091 3150 4164 νοσήσας
3175 4090 3272 4163 τὴν
3325 4092 3584 4162 ἔπαρσιν,
3611 4090 3693 4143 καί

2121 4185 2331 4245 πεσὼν,
2366 4178 2529 4241 εὐθὺς
2564 4179 2631 4231 ἐκ
2676 4168 2771 4234 τοῦ
2797 4179 3029 4249 ψεύδους
3061 4179 3290 4252 ἤρξατο.
3339 4180 3488 4235 οὕτω
3542 4181 3636 4234 καὶ
3673 4179 3700 4230 ό

2121 4270 2367 4340 Μωάμεθ
2393 4271 2450 4338 ἐξ
2483 4272 2867 4342 ὑπερηφανίας
2898 4273 2996 4327 καὶ
3013 4272 3245 4343 ψεύδους
3269 4271 3274 4274 ’
3295 4270 3506 4344 ῆρξατο
3527 4273 3701 4341 λέγειν

2122 4365 2215 4418 καὶ
2265 4364 2516 4434 γράφειν.

2197 4544 2262 4601 θ’.
2306 4545 2823 4618 Μεγαλορρημονῶν
2887 4546 2996 4618 γὰρ
3071 4546 3201 4618 περὶ
3257 4546 3467 4614 αὑτοῦ,
3504 4547 3699 4604 οὑτωσί

2126 4655 2259 4707 φησι
2323 4638 2466 4692 κατὰ
2518 4639 2686 4704 λέξιν,
2738 4639 2814 4702 ὡς
2871 4639 2934 4692 El
2983 4639 3184 4704 πάντες
3239 4639 3520 4713 ἅνθρωποι
3586 4660 3700 4695 συνῆ

437 4725 576 4779 ritus
605 4733 660 4780 et
684 4740 881 4782 omnes
911 4729 1090 4798 angeli
1118 4728 1304 4792 talem,
1350 4727 1569 4798 qualem
1603 4743 1727 4800 ego,
1758 4730 2015 4787 Alcorra-

2128 4731 2385 4802 αχθεῖεν,
2449 4734 2545 4785 καὶ
2618 4732 2792 4785 πάντα
2852 4733 2918 4785 τὰ
2976 4732 3300 4804 πνεύματα,
3360 4735 3454 4787 καὶ
3504 4735 3698 4794 πάντες

436 4832 567 4870 num
605 4834 933 4889 componere
961 4834 1070 4874 non
1104 4827 1380 4889 poterunt.
1421 4819 1553 4875 item
1590 4819 1642 4874 in
1680 4821 1856 4890 capite
1881 4821 2018 4877 Ela-

434 4906 566 4970 εἰσιν,
599 4905 754 4975 quasi
790 4923 1022 4976 persona
1052 4908 1148 4963 Dei
1181 4909 1446 4978 loquens,
1483 4910 1563 4964 sic
1597 4911 1776 4980 inquit
1808 4931 1822 4966 :
1855 4912 2010 4981 Quod

435 4998 483 5051 si
515 4997 660 5051 hunc.
696 4999 1054 5053 Alcorranum
1085 4999 1138 5054 in
1181 5001 1418 5070 aliquem
1451 5005 1716 5058 montium
1752 5005 2015 5062 immitte-

438 5106 646 5152 remus.
677 5093 874 5150 timore
902 5093 1049 5147 illius
1066 5104 1121 5148 et
1150 5094 1412 5163 religione
1443 5111 1567 5168 erga
1595 5097 1747 5151 illum
1780 5099 2019 5154 disrum-

439 5191 683 5257 peretur.
718 5183 834 5236 Non
870 5193 1048 5237 tamen
1086 5197 1148 5238 cx
1178 5183 1264 5239 his
1300 5187 1676 5242 tantummodo
1731 5191 1913 5246 verbis
1955 5191 2020 5246 il-

441 5274 548 5330 lius
581 5265 842 5345 jictantia
896 5275 1355 5346 deprehenditur,
1406 5279 1499 5334 sed
1564 5281 1728 5337 etiam
1789 5283 1846 5339 in
1896 5283 2021 5340 aliis

441 5370 631 5424 multis
663 5371 915 5434 ell'ertur,
944 5373 1110 5427 sicuti
1145 5373 1307 5442 paulo
1340 5385 1463 5443 post
1501 5387 1688 5430 nostra
1715 5378 1891 5431 oratio
1923 5393 2019 5434 ex-

441 5471 627 5534 ponet.
667 5465 708 5516 A
751 5463 869 5516 solo
892 5463 1004 5518 Deo
1032 5466 1179 5521 enim
1207 5465 1340 5520 dicit
1379 5466 1736 5521 Alcorranum
1768 5469 2018 5541 intelligi,

442 5557 513 5614 ah
551 5556 868 5612 hominibus
898 5574 1027 5612 vero
1059 5575 1430 5630 nequaquam.
1466 5563 1735 5617 Catternm
1761 5575 2023 5634 agnoscat

441 5655 777 5707 vanissimas
806 5654 1019 5720 doctor,
1044 5655 1190 5726 quod
1217 5659 1482 5727 sapientia
1513 5675 1608 5715 sua
1640 5674 1748 5714 non
1779 5675 1807 5712 e
1835 5675 2026 5728 super-

447 5749 535 5803 nis
557 5756 662 5812 est,
697 5745 792 5804 sed
840 5759 1079 5815 terrena,
1113 5751 1366 5806 animalis
1389 5761 1444 5808 et
1470 5750 1826 5808 dastnoniaca.
1870 5773 1887 5804 ι
1923 5753 2022 5807 Do-

447 5845 634 5907 minus
655 5843 823 5910 enim,
863 5843 1038 5913 inquit
1067 5843 1257 5911 David,
1301 5847 1462 5903 ducet
1495 5855 1811 5902 mansuetos
1859 5847 1911 5901 in
1939 5847 2024 5918 ju-

2125 4822 2373 4892 ἄγγελοι,
2423 4825 2525 4878 οὐκ
2593 4824 2658 4878 ἂν
2716 4825 2964 4880 δύναιντο
2996 4827 3218 4894 ποιῆσαι
3277 4828 3522 4882 τοιοῦτον
3556 4829 3694 4898 Koe-

2125 4917 2260 4989 ῥὰν,
2298 4921 2479 4971 ὁποῖον
2509 4921 2639 4988 ἐγώ.
2679 4919 2801 4972 Ἔτι
2841 4920 2897 4972 ἐν
2946 4917 3026 4988 τῷ
3086 4919 3367 4991 κεφαλαίῳ
3406 4921 3487 4991 τῷ
3530 4923 3698 4976 Ἐλιι·

2122 5009 2262 5078 σιὰρ
2314 5009 2391 5072 ὡς
2456 5011 2521 5062 ὲκ
2575 5007 2868 5077 προσώπου
2931 5006 3026 5061 τοῦ
3082 5007 3216 5062 Θεοῦ
3251 5009 3451 5063 οὑτωσὶ
3509 5026 3692 5079 φησιν’

2134 5102 2222 5165 Ὦς
2280 5103 2327 5154 εί
2388 5101 2716 5172 ἐπέμψαμεν
2771 5100 2927 5154 τοῦτο
2979 5103 3040 5153 τὸ
3093 5102 3311 5172 Κορῤὰν
3356 5103 3438 5166 εἰς
3477 5102 3537 5157 ἓν
3588 5103 3693 5155 τῶν

2123 5195 2289 5263 ὁρῶν,
2321 5195 2609 5266 σχισθῆναι
2646 5193 2872 5263 ἔμελλεν
2932 5194 3038 5248 ὑπὸ
3092 5193 3187 5248 τοῦ
3225 5196 3391 5265 φόδου
3445 5199 3538 5250 καὶ
3600 5199 3695 5266 τῆς

2125 5289 2264 5361 πρὸς
2299 5290 2435 5343 αὐτὸ
2469 5289 2781 5351 εὐλαϐείας.
2831 5287 2924 5358 Μὴ
2953 5287 3113 5356 μόνον
3151 5287 3195 5340 δ’
3225 5291 3282 5343 ἐν
3305 5291 3411 5352 τοῖς
3436 5290 3693 5353 τοιούτοις

2131 5387 2339 5457 ῥήμασι
2376 5382 2885 5456 μεγαλορρημονῶν
2915 5381 3255 5452 εὑρίσκεται,
3309 5381 3443 5436 ἀλλὰ
3487 5385 3586 5436 καὶ
3641 5383 3692 5434 ἐν

2133 5479 2343 5547 ἑτέροις
2381 5475 2765 5547 ὑπεραίρεται,
2811 5473 2998 5536 καθὼς
3028 5473 3317 5544 μετολίγον
3348 5475 3376 5527 ὁ
3414 5473 3567 5542 λόγος
3600 5473 3691 5541 δη-

2128 5567 2314 5623 λώσει.
2342 5566 2502 5637 Παρὰ
2562 5565 2672 5632 γὰρ
2710 5567 2856 5633 μόνῳ
2894 5563 2975 5633 τῷ
3024 5560 3143 5646 Θεῷ
3181 5579 3314 5632 φησι
3377 5562 3608 5614 νοεῖσθαι
3635 5561 3692 5612 τὸ

2130 5661 2373 5733 Κοῤῥὰν,
2408 5658 2560 5729 παρᾶ
2599 5658 2659 5733 δ’.
2688 5655 2999 5723 ἀνθρώποις
3033 5654 3304 5725 οὐδαμῶς.
3345 5654 3500 5707 Ἀλλᾶ
3542 5670 3692 5720 γινω-

2135 5729 2314 5804 σκέτω
2347 5751 2374 5803 ὁ
2419 5749 2572 5811 κενὸς
2602 5729 2761 5808 οὗτος
2790 5745 3112 5811 διδάσκοι).ος
3138 5744 3219 5797 ὃτι
3254 5744 3352 5798 οὐκ
3384 5743 3524 5797 ἐστιν
3556 5741 3688 5811 αῦτη

2135 5847 2166 5916 ἡ
2199 5845 2359 5915 σοφία
2391 5841 2624 5903 ἄνωθεν,
2656 5840 2772 5893 ἀλλ’
2829 5838 3068 5908 ἐπίγειος
3100 5837 3325 5909 ψυχικὴ,
3369 5836 3457 5889 καὶ
3507 5836 3690 5903 δαιμο-
