4120 6290
299 344 411 410 605

288 485 502 553 νιώδης.
573 505 591 535 ι
631 486 829 558 Κύριος
883 489 993 560 γὰρ
1025 532 1038 556 ,
1117 495 1252 562 φησὶ
1316 496 1484 548 Δαϐ“ιδ
1516 539 1530 562 ,

289 581 481 650 πραεῖς
529 581 591 634 ὲν
629 583 834 653 κρίσει,
887 586 1088 652 διδάξει
1147 590 1341 656 πραεῖς
1399 589 1555 651 ὁδοὺς
1608 589 1799 644 αὑτοῦ.
1844 610 1863 642 ι

294 693 314 728 ι
359 673 767 746 Ὗπερηφάνοις
805 679 882 741 δὶς
920 683 1087 749 φησιν
1121 681 1392 752 Σολομὼν,
1425 686 1454 737 6
1489 683 1692 754 Κύριος
1722 687 1870 740 ἀντι·

287 765 598 834 τάσσεται,
655 773 937 834 ταπεινοῖς
990 773 1046 825 δὲ
1104 772 1285 827 δίδωσι
1348 777 1532 848 χάριν.
1573 795 1593 830 ι
1649 779 1709 832 ΕΞ
1761 779 1872 846 γὰρ

285 859 598 931 ἀκάθαρτος
634 862 782 932 παρὰ
808 862 929 933 Θεῷ
961 866 1068 929 πᾶς
1101 865 1522 938 ὑψηλοκάρδιος,
1550 871 1632 933 τις
1665 874 1690 925 6
1710 871 1872 924 δυνύι⁴

197 954 201 959 ’
287 967 452 1018 μενος
497 952 795 1024 καθαρίσαι
837 954 1042 1034 αὑτόν;
1088 956 1201 1010 Καὶ
1244 958 1292 1011 εἰ
1344 959 1375 1010 6
1432 956 1630 1029 Κύριος
1672 961 1874 1030 ὑπερη-

285 1044 483 1113 φάνοις
521 1047 973 1118 άντιστάσσεται,
997 1049 1084 1116 τίς
1114 1054 1142 1105 6
1196 1050 1479 1124 βοηθήσων
1531 1054 1685 1123 αὐτῷ
1717 1073 1731 1120 ;
1763 1055 1872 1111 Kal.

283 1136 334 1188 εξ
359 1137 387 1189 6
411 1134 618 1205 Κύριος
643 1136 906 1207 ὁδηγήσει
941 1141 1136 1208 πραεῖς
1174 1141 1232 1193 ἐν
1297 1143 1503 1214 κρίσει,
1554 1142 1758 1209 διδάξει
1813 1141 1872 1197 δὲ

284 1227 489 1295 πραεῖς
518 1227 671 1290 ὀδοὺς
702 1226 891 1294 αὐτοῦ,
926 1229 1018 1283 τὸν
1045 1229 1281 1296 ἀλαζόνα
1317 1233 1414 1286 καὶ
1443 1234 1765 1304 ἐπηρμένον
1786 1236 1873 1294 τίς

283 1317 553 1389 ὁδηγήσει
581 1321 659 1384 εις
679 1319 799 1375 ὁδὸν
828 1324 1108 1394 σωτηρίας
1177 1328 1273 1379 καὶ
1324 1327 1583 1397 ἀληθείας
1613 1344 1667 1395 ;,,
1688 1328 1754 1382 Ti
1816 1330 1873 1382 δὲ

285 1417 416 1484 περὶ
452 1413 548 1468 τοῦ
582 1415 834 1493 ψεύδους,
864 1418 892 1471 ὃ
945 1419 1242 1484 διαπαντὸς
1277 1421 1600 1493 ὑποϐάθραν
1654 1424 1751 1478 καὶ
1784 1423 1870 1477 θεο

289 1507 481 1572 μὲλιον
539 1510 709 1565 αὑτοῦ
758 1511 1020 1579 τέθεικες
1064 1512 1166 1566 Καὶ
1209 1515 1365 1570 οὐδέν
1413 1518 1531 1570 ἐστι
1577 1517 1688 1570 τῶν
1738 1518 1873 1590 παρ’

287 1601 526 1665 ἐκεινοις
554 1602 862 1673 λεχθέντων
893 1605 1122 1676 ἄμοιρον
1171 1608 1428 1676 ψεύδους,
1463 1609 1600 1663 ἀλλὰ
1652 1611 1721 1662 τὰ
1774 1611 1873 1682 μέν

286 1696 394 1747 εἰσι
446 1694 679 1751 καθόλου
705 1698 798 1752 καὶ
840 1700 1083 1769 παντελῆ
1115 1701 1291 1772 ψεύδη
1318 1702 1415 1756 καὶ
1452 1701 1770 1776 πλάσματα,
1805 1703 1874 1756 τὰ

281 1781 343 1838 δὲ
381 1779 725 1856 δραξάμενος
781 1787 962 1858 ἴχνους
988 1791 1274 1861 ἀληθείας,
1331 1791 1556 1849 πλάττει
1604 1795 1873 1865 τεράστια

1285 374 1585 438 CONTRA
1630 377 2118 438 MAHOMETEM
2163 378 2453 441 ORATIO
2493 380 2547 444 Ῑ.

3456 378 3565 444 606

1608 498 1868 567 ὁδηγήσει
1903 503 1952 558 Α
1977 493 2144 562 dicio,
2176 496 2407 552 docebit
2434 505 2751 552 mansuetos
2786 496 2902 554 vias
2937 496 3148 552 suas".
3189 514 3204 547 l
3242 513 3259 548 ι
3297 492 3567 564 Superbia

1971 589 2117 646 enim
2162 591 2340 660 inquit
2369 588 2656 653 Solomon,
2694 589 2908 644 resistit
2938 588 3233 652 Dominus;
3260 587 3566 643 humilibus

1969 681 2116 736 enim
2145 679 2238 734 dat
2262 681 2492 751 gratiam
2548 681 2612 736 ιδ.
2649 700 2668 733 ι
2726 679 2780 736 Si
2809 682 2954 736 enim
3012 679 3332 735 immundus
3381 694 3564 734 eorum

1971 774 2084 828 Deo
2121 785 2430 844 reputatur,
2465 775 2724 846 quisquis
2752 775 2939 829 animo
2974 773 3280 840 extollitur,
3308 772 3563 840 quisnam

1973 867 2124 922 hunc
2182 867 2451 922 mundare
2510 868 2760 938 poterit?
2809 867 2968 924 Etsi
3013 866 3278 922 Dominus
3311 867 3567 936 superbis

1975 959 2202 1025 resistit,
2236 960 2359 1030 quis
2393 962 2526 1015 huic
2557 959 2926 1016 auxiliaturus
2966 960 3092 1015 est?
3125 960 3194 1014 Et
3224 961 3267 1014 si
3296 959 3567 1014 Dominus

1973 1053 2128 1109 ducit
2177 1063 2497 1109 mansuetos
2552 1053 2605 1107 in
2655 1053 2867 1123 judicio
2897 1095 2909 1118 ,
2956 1061 3013 1106 et
3053 1058 3372 1106 mansuetos
3400 1049 3566 1106 docet

1977 1144 2090 1197 vias
2119 1159 2248 1198 suas
2271 1185 2286 1206 ,
2324 1152 2675 1214 arrogantem
2721 1153 2776 1198 et
2817 1144 3115 1212 superbum
3150 1142 3274 1211 quis
3305 1142 3472 1195 ducet
3505 1141 3563 1196 in

1975 1233 2118 1288 viam
2159 1234 2352 1288 salutis
2381 1244 2437 1288 et
2485 1233 2773 1288 veritatis?
2809 1233 2950 1299 Quid
2998 1236 3127 1288 vero
3174 1233 3243 1288 de
3271 1232 3565 1287 mendacio

1975 1326 2022 1380 is
2090 1327 2183 1395 qui
2224 1326 2330 1380 hoc
2369 1341 2468 1381 ceu
2509 1325 2681 1380 basim
2719 1337 2774 1381 et
2811 1325 3231 1380 fundamentum
3264 1341 3425 1380 suum
3449 1325 3564 1380 col-

1973 1421 2196 1480 locavit.
2235 1431 2292 1477 et
2330 1436 2358 1476 a
2390 1437 2502 1491 quo
2533 1421 2672 1477 nihil
2704 1423 2825 1476 sine
2873 1422 3159 1478 mendacio
3194 1422 3401 1477 dictum
3453 1421 3567 1477 sit?

1973 1513 2245 1568 Czeterum
2311 1513 2414 1567 alia
2470 1514 2697 1583 quidem
2762 1515 2816 1568 in
2871 1517 3190 1570 universum
3237 1527 3293 1570 et
3340 1517 3568 1570 omnino

1975 1606 2113 1663 falsa
2160 1619 2216 1661 et
2251 1606 2371 1661 [icta
2406 1617 2558 1672 sunt,
2591 1606 2694 1660 alia
2723 1621 2876 1672 vero,
2912 1607 3162 1662 veritatis
3196 1607 3419 1677 aliquod
3476 1622 3568 1663 vc-

1974 1700 2199 1771 stigium
2243 1685 2460 1762 nactus.
2495 1700 2811 1772 prodigiosa
2847 1699 3074 1754 omnino
3102 1712 3152 1756 et
3194 1699 3433 1755 absurda
3469 1697 3566 1754 θοι

1974 1795 2073 1868 git.
2108 1793 2176 1848 Et
2208 1792 2672 1862 quemadmodum
2702 1793 2888 1847 nullus
2914 1803 2998 1848 est
3021 1808 3304 1857 sensuum,
3338 1792 3431 1862 qui
3456 1807 3568 1848 non

284 1877 384 1930 καὶ
410 1878 682 1934 ἀλλόκοτα
756 1881 1084 1953 πράγματα.
1151 1884 1262 1937 Καὶ
1308 1885 1500 1960 ὥσπερ
1574 1889 1674 1942 οὐκ
1723 1889 1876 1946 ἐστιν

1982 1895 2126 1941 tactu
2165 1888 2338 1941 instar
2374 1886 2616 1942 vehiculi
2647 1895 2852 1947 utatur;
2885 1887 2965 1940 sic
3019 1884 3202 1939 nullus
3238 1895 3320 1939 est
3366 1884 3435 1938 ab
3465 1884 3570 1940 hoc

282 1972 544 2044 αἴσθησις
568 1977 600 2044 ἢ
629 1974 705 2044 μὴ
732 1975 931 2047 ἔχουσα
961 1977 1060 2050 τὴν
1085 1980 1232 2049 ἁφὴν
1279 1981 1429 2035 ὥσπε
1441 2001 1471 2053 ρ
1502 1983 1600 2054 δχη
1612 2001 1707 2051 μα,
1733 1984 1878 2038 οὕτω

281 2064 599 2135 οὐδὲλόγος
640 2066 855 2138 λεχθεὶς
906 2071 1039 2142 παρ’
1073 2072 1309 2140 ἐκείνου,
1369 2075 1518 2139 ὅστις
1571 2078 1675 2131 οὐκ
1727 2078 1876 2132 ἔστιν

281 2157 484 2228 ψεῦδος
512 2159 788 2239 σαφὲς,ᾼῆ
827 2163 1011 2232 μίγμα
1046 2163 1283 2234 ψεύδους
1320 2168 1416 2220 καὶ
1462 2168 1742 2236 ἀληθείας.
1777 2171 1874 2237 Τίς

281 2250 396 2319 γὰρ
425 2251 536 2306 τῶν
559 2253 810 2308 ὁπωσοῦν
843 2255 1078 2332 ἐχόντων
1117 2258 1320 2327 γνῶσιν
1359 2260 1421 2313 οὐ
1461 2261 1738 2330 λογίσεται
1767 2281 1871 2318 κα-

285 2343 459 2415 θαρὸν
482 2347 712 2417 πλάσμα
746 2349 842 2401 καὶ⁵
867 2346 1086 2418 ψεῦδος,
1115 2350 1198 2405 ὅτι
1232 2351 1541 2407 διαϐάλλων
1581 2358 1676 2408 τὸν
1703 2355 1860 2419 Θεὸν,

281 2439 439 2506 λέγει
495 2440 758 2510 περὶτοῦ
809 2432 1032 2514 Κοβρἁ
1084 2444 1160 2508 ὡς
1219 2447 1284 2500 ὲκ
1327 2445 1624 2516 προσώπου
1682 2449 1872 2514 αὑτοῦ,

285 2530 372 2583 Ετι
403 2529 466 2582 Εἰ
497 2530 580 2595 εἰς
617 2529 676 2582 ἒν
707 2532 816 2584 τῶν
849 2532 1022 2603 ὁρέων
1078 2535 1418 2606 ἐπέμψαμεν,
1441 2537 1597 2599 αὐτὸ,
1651 2537 1874 2609 σχισθῆο

287 2639 379 2676 ναι
407 2623 640 2695 ἔμελλεν
673 2624 740 2678 ἂν
771 2624 876 2679 ὑπὸ
923 2625 1017 2680 τοῦ
1067 2626 1239 2695 φόϐου
1302 2632 1396 2680 καὶ
1441 2628 1540 2698 τῆς
1581 2629 1871 2694 εὐλαϐείας

285 2717 495 2790 αὐτοῦ..
533 2718 695 2772 Ἀλλὰ
739 2720 838 2772 καὶ
889 2720 1142 2791 περὶτοῦ
1180 2722 1444 2792 ἄρχοντος
1496 2723 1761 2792 Γαϐριὴλ,
1797 2724 1873 2786 ὡς

286 2812 418 2867 ὅταν
450 2812 594 2884 φέρῃ
624 2810 817 2866 τοῦτον
849 2811 1242 2884 διαλεγόμενον
1271 2815 1422 2884 αὐτῷ
1449 2817 1508 2870 ἐν
1545 2820 1610 2886 τῇ
1637 2815 1758 2889 ὥρᾳ
1778 2817 1874 2869 τοῦ

288 2907 500 2970 πάθους
520 2906 710 2961 αὐτοῦ.

363 3007 417 3054 ι’.
445 2999 548 3055 Καὶ
581 3001 714 3070 περὶ
740 3001 835 3054 τοῦ
868 3003 1132 3072 ὀνόματος
1165 3005 1330 3059 αὑτοῦ
1357 3004 1449 3058 τοῦ
1500 3007 1774 3077 Μωάμεθ,
1801 3007 1878 3070 ὡς

287 3094 608 3164 εὑρίσκεται
634 3096 693 3159 ἐξ
732 3097 904 3152 ἀϊδίου
946 3100 1342 3169 γεγραμμένον
1403 3103 1460 3152 ἐν
1513 3103 1624 3165 τοῖς
1684 3101 1878 3167 δεξιοῖς

294 3190 488 3262 μέρεσι
522 3190 618 3245 τοῦ
650 3191 970 3246 δεσποτικοῦ
1002 3193 1194 3264 θρόνου
1225 3198 1281 3248 ὲν
1303 3195 1378 3264 τῷ
1402 3197 1664 3266 ἀνωτέρω
1697 3197 1872 3267 μέρει.

288 3283 400 3338 Καὶ
439 3283 519 3338 ὅτι
550 3284 680 3354 περὶ
707 3283 876 3337 αὐτοῦ
912 3285 1274 3355 προφητεύων
1299 3289 1326 3341 6
1349 3289 1586 3357 Χριστὸς
1611 3291 1720 3351 τοῖς
1743 3289 1878 3352 υἱοῖς

302 3374 542 3446 Ἰσραὴλ,
590 3375 767 3440 οὕτως
802 3378 1041 3449 εἴρηκεν,
1105 3379 1548 3452 Εὑαγγελὶζομαι
1596 3383 1729 3450 ὑμῖν
1790 3382 1880 3435 τὸν

289 3468 592 3524 ἀπόστολον
617 3469 711 3522 τοῦ
761 3467 918 3536 Θεοῦ,
949 3471 1041 3525 τὸν
1093 3472 1291 3541 ἥξοντα
1357 3474 1472 3544 μετ’
1515 3462 1639 3545 ἐμὲ,
1692 3477 1784 3529 καὶ
1820 3476 1880 3529 τὸ

289 3563 460 3632 δνομα
492 3561 660 3618 αὐτοῦ
690 3564 957 3635 Μωάμεθ.
1004 3565 1160 3618 Ἐπεὶ
1187 3566 1244 3620 δὲ
1286 3567 1409 3620 οὕτε
1443 3571 1502 3622 ἐν
1554 3571 1622 3640 τῇ
1667 3570 1884 3641 Παλαιᾷ

289 3655 604 3726 εὑρίσκεται
631 3657 847 3729 Γραφῇ,
887 3655 1012 3711 οὔτε
1039 3660 1096 3710 ὲν
1129 3661 1194 3730 τῇ
1231 3659 1370 3729 Νέᾳ,
1398 3660 1514 3714 ἀλλ’
1566 3661 1680 3716 ἔστι
1713 3665 1882 3731 σαφὲς

287 3749 509 3818 ψεῦδος,
541 3750 818 3821 ἐκήρυξαν
852 3753 946 3804 καὶ
978 3751 1288 3805 ὲπλάσαντο
1318 3756 1366 3807 οἱ
1398 3755 1608 3815 ἐκείνου
1642 3756 1883 3827 διάδοχοι

288 3841 363 3904 ὡς
396 3841 558 3912 δῆθεν
577 3841 756 3913 φθόνῳ
777 3843 1077 3913 τρωθέντες
1108 3845 1360 3909 ἐξέϐαλον
1379 3846 1513 3902 αὐτὸ
1533 3848 1582 3899 οἱ
1619 3846 1718 3918 μὲν
1751 3850 1886 3902 Ίουο

289 3935 424 3990 δαίοι
463 3933 694 4005 ἀπδςτῆς
723 3937 963 4000 παλαιᾶς
993 3937 1240 4008 Γραφῆς,
1264 3940 1310 3992 οἱ
1335 3939 1388 3993 δὲ
1432 3940 1749 4010 Χριστιανοὶ
1777 3941 1884 3996 ἀπὸ

290 4027 384 4081 τοῦ
408 4027 765 4104 Εὐάγγελίου.
783 4029 972 4101 Ἡμεῖς
998 4030 1055 4084 δὲ
1075 4031 1231 4084 τοῦτο
1248 4033 1460 4104 τρανῶς
1478 4036 1536 4087 ὲν
1558 4038 1626 4105 τῇ
1650 4037 1884 4110 τετάρτῃ

215 4158 219 4161 -
258 4121 558 4193 ,ἀπολογίᾳ
582 4121 926 4191 ἐλέγξαντες,
961 4125 1323 4196 ἀπεδείξαμεν
1384 4128 1530 4192 ὅπως
1566 4129 1682 4183 ἐστὶ
1719 4129 1886 4199 σαφὲς

291 4211 513 4282 ψεῦδος.
553 4214 656 4268 Διὰ
703 4215 861 4269 τοῦτο
902 4219 1162 4288 περισσὸν
1202 4221 1294 4273 καὶ
1343 4221 1617 4290 παρέλκον
1649 4222 1884 4292 ἥγημαι,

291 4310 362 4363 τὰ
389 4309 530 4364 αὐτὰ
557 4311 651 4364 καὶ
676 4314 803 4382 περ)⁵
826 4314 934 4366 τῶν
954 4314 1131 4367 αὐτῶν
1159 4314 1419 4379 πολλάκις
1455 4318 1792 4389 ἐπιχειρεῖν.’

366 4410 460 4459 ια’.
494 4402 637 4471 Ἔτι,
668 4406 782 4461 Οὐκ
809 4400 992 4477 ἦλθον,
1048 4407 1205 4479 φησι,
1236 4409 1323 4463 διὰ
1374 4410 1688 4480 θαυμάτων,
1756 4411 1891 4465 ἀλλὰ

293 4495 380 4550 διὰ
406 4494 594 4565 ξίφους
647 4500 743 4552 καὶ
767 4499 1038 4568 τιμωρίας
1063 4517 1076 4532 ο
1120 4503 1215 4554 καὶ
1267 4504 1378 4565 τοῖς
1436 4505 1510 4574 μὴ
1548 4506 1889 4574 πειθομένοις

1904 3236 1950 3300 C

1977 1980 2162 2035 dictus
2189 1994 2411 2045 sermo,
2480 1979 2578 2050 qui
2629 1993 2736 2032 non
2769 1988 2865 2034 aut
2908 1977 3201 2034 manifeste
3235 1976 3471 2033 mendax
3514 1984 3570 2029 et

1979 2071 2148 2126 falsus
2175 2069 2274 2133 sit,
2302 2080 2398 2125 aut
2422 2086 2485 2123 ex
2522 2069 2811 2124 mendacio
2840 2079 2896 2124 et
2921 2068 3159 2122 veritate
3188 2067 3406 2122 mistus.
3434 2064 3574 2131 Quis

1978 2166 2128 2220 enim
2162 2165 2249 2219 vel
2293 2165 2505 2218 tantilla
2536 2163 2854 2233 cognitione
2890 2159 3173 2230 praeditus,
3208 2174 3320 2214 non
3347 2155 3570 2228 judica-

1984 2270 2066 2313 ret
2098 2260 2241 2315 inter
2266 2258 2494 2324 simplex
2524 2255 2841 2327 ﬁgmentum
2903 2253 3252 2323 falsumque?
3282 2250 3428 2322 quod
3459 2250 3570 2303 Deo

1980 2355 2318 2416 obtrectans,
2351 2352 2419 2405 de
2453 2349 2757 2404 Alcorrano
2797 2349 2953 2420 quasi
2982 2349 3038 2402 in
3080 2347 3302 2417 propria
3333 2358 3570 2412 persona

1979 2447 2248 2517 loquitur,
2283 2444 2437 2510 Quod
2482 2443 2524 2497 si
2567 2444 2620 2497 in
2669 2442 2906 2513 aliquem
2953 2442 3226 2497 montium
3256 2440 3576 2495 miserimus

1986 2538 2164 2603 illum,
2201 2535 2585 2606 disrumpetur
2625 2537 2813 2604 utique
2845 2549 2960 2605 pra:
2992 2534 3190 2587 timore
3222 2542 3279 2586 et.
3307 2529 3574 2602 religione

1983 2634 2188 2702 hujus;
2247 2630 2380 2699 quin
2433 2629 2606 2683 etiam
2657 2630 2762 2682 hoc
2818 2626 2887 2683 de
2933 2625 3265 2697 archangelo
3306 2621 3572 2692 Gabriel‘,

1982 2740 2146 2795 quem
2179 2724 2283 2779 sub
2331 2731 2579 2792 tempore
2646 2718 2822 2775 morbi
2859 2719 2944 2773 sui
3012 2732 3201 2774 secum
3247 2716 3571 2787 loquentem

1984 2818 2216 2876 inducit.

2046 3006 2142 3063 ⁸10.
2183 3007 2479 3068 Praeterea,
2513 3002 2659 3074 quod
2683 3003 2750 3058 de
2786 3003 3008 3058 nomine
3041 3016 3144 3057 suo
3181 3001 3458 3059 Mahomet
3495 3000 3574 3058 ef-

1982 3101 2162 3167 ﬁnxit,
2195 3099 2339 3172 quod
2366 3115 2432 3154 ex
2460 3107 2669 3154 aeterno
2687 3096 2953 3166 scriptum
2988 3095 3303 3150 inveniatur
3334 3093 3388 3148 in
3422 3094 3572 3149 fasti-

1980 3196 2071 3265 gio
2110 3194 2318 3249 dextrae
2373 3190 2548 3261 partis
2583 3190 2763 3245 throni
2799 3189 2971 3243 divini
3008 3181 3024 3246 ξ
3058 3186 3319 3259 quodque
3376 3188 3444 3243 de
3475 3187 3571 3242 illo

1983 3285 2318 3343 vaticinatus
2344 3283 2603 3340 Christus
2654 3280 2782 3337 llliis
2807 3282 2977 3338 Israel
3013 3280 3256 3337 dixerit:
3288 3281 3571 3334 Annuntio

1965 3379 2161 3444 tvohis,
2203 3378 2511 3456 apostolum
2549 3376 2644 3431 Dei
2678 3385 2976 3431 venturum
3019 3383 3144 3446 post
3198 3387 3288 3429 me
3315 3414 3330 3440 ,
3365 3389 3570 3429 nomen

1984 3472 2064 3528 illi
2098 3471 2395 3527 Mahomet.
2435 3469 2572 3527 Cum
2600 3485 2731 3525 vero
2761 3486 2860 3525 nec
2885 3469 2939 3522 in
2975 3466 3161 3524 Veteri
3193 3483 3297 3524 nec
3333 3469 3387 3523 in
3416 3466 3572 3522 Novo

1988 3567 2346 3622 Testamento
2409 3564 2729 3637 hujusmodi
2790 3565 3064 3634 scriptura
3135 3563 3468 3628 inveniatur,
3515 3569 3572 3618 et

1985 3658 2337 3714 mendacium
2393 3657 2466 3712 sit
2498 3656 2935 3727 apertissimum,
2971 3655 3234 3710 dixerunt
3266 3655 3573 3711 ﬁnxerunt-

1986 3765 2093 3822 que
2127 3765 2476 3805 successores
2503 3749 2688 3820 hujus,
2717 3748 2987 3819 quosdam
3040 3747 3246 3802 invidia
3294 3755 3473 3803 motos
3507 3745 3572 3802 il-

1985 3840 2080 3896 lud
2113 3841 2448 3911 expunxisse
2471 3881 2485 3904 ,
2520 3839 2742 3897 Judaeos
2780 3840 3002 3911 quidem
3051 3855 3118 3896 ex
3155 3839 3330 3896 veteri
3381 3839 3576 3895 Testa-

1985 3943 2200 4000 mento,
2228 3932 2574 3988 Christianos
2607 3942 2794 3988 autem
2839 3947 2906 3988 ex
2953 3931 3270 4004 Evangelia.
3301 3931 3415 3988 Nos
3437 3947 3570 3987 vero

1989 4024 2232 4082 dilucide
2265 4025 2370 4081 hoc
2403 4025 2457 4079 in
2491 4033 2688 4096 quarta
2715 4024 2980 4095 Apologia
3013 4025 3320 4090 confutato,
3345 4024 3576 4081 demoné

1990 4119 2292 4174 stravimus
2317 4133 2482 4188 quam
2511 4127 2698 4189 aperte
2724 4117 2831 4174 hoc
2861 4117 3058 4173 falsum
3099 4119 3203 4186 sit;
3235 4130 3578 4190 quapropter»

1991 4227 2465 4282 supervacaneum
2524 4223 2578 4266 et
2638 4212 3017 4282 importunum
3048 4211 3341 4278 existimo,
3378 4213 3570 4271 eadem

1991 4315 2042 4361 et
2072 4306 2139 4361 de
2173 4305 2364 4360 iisdem
2403 4305 2602 4372 saepius
2629 4303 2928 4376 disputare.

2067 4399 2152 4452 tl.
2184 4398 2266 4453 Ad
2316 4399 2434 4454 hzec
2467 4419 2480 4454 :
2517 4398 2634 4454 Non
2668 4399 2793 4454 veni
2824 4440 2838 4462 ,
2896 4399 3096 4470 inquit,
3137 4415 3237 4473 per
3267 4400 3530 4484 mjracula
3553 4444 3571 4471 ,

1993 4491 2088 4546 sed
2134 4507 2234 4562 per
2273 4490 2510 4561 gladium
2562 4501 2619 4546 et
2667 4490 2958 4561 supplicia,
3009 4490 3188 4563 iisque
3217 4492 3312 4563 qui
3366 4501 3573 4549 nostrae

295 4588 372 4662 τῷ
403 4583 660 4665 ἡμετέρῳ
681 4591 836 4664 νόμῳ
864 4595 959 4648 καὶ
995 4597 1060 4666 τῇ
1113 4596 1326 4666 διδαχῇ,
1360 4595 1591 4661 θάνατος
1635 4598 1790 4654 ἔσται
1845 4601 1878 4671 ἡ

1991 4584 2098 4655 legi
2129 4594 2186 4640 et
2214 4585 2480 4640 doctrina
2508 4599 2619 4640 non
2637 4583 2928 4650 obediunt,
2960 4585 3155 4640 mortis
3182 4601 3340 4656 paena
3371 4586 3577 4642 consti-

295 4685 620 4758 τιμωρία,ἧ
656 4687 856 4765 φδρους
915 4687 1233 4742 διδότωσαν.
1276 4687 1342 4742 Τί
1408 4689 1611 4756 toﬁ-so;
1661 4691 1886 4756 Πάντως

296 4776 392 4828 οὐκ
418 4775 633 4848 illud]
678 4777 1002 4848 βουλόμενος
1049 4779 1344 4832 συσκιάσαι
1398 4779 1498 4850 τὴν
1549 4781 1744 4834 ἑαυτοῦ
1782 4801 1886 4852 μα-

296 4868 554 4938 ταιότητα
613 4867 708 4923 καὶ
762 4868 1085 4937 ἀσθένειαν,
1140 4869 1263 4922 ἐπεὶ
1295 4869 1420 4924 οὕτε
1467 4870 1565 4943 τὴν
1623 4873 1728 4924 ἀπὸ
1780 4873 1888 4925 τῶν

298 4958 337 5011 Γ
342 4959 556 5030 ραφῶν,
584 4959 724 5014 ὀὔτε
777 4961 874 5031 τὴν
907 4960 996 5013 διὰ
1064 4961 1356 5030 θαυμάτων
1397 4959 1511 5034 εἶχε
1563 4968 1888 5036 ’μαρτυρίαν

297 5051 391 5102 καὶ
431 5050 502 5102 τὰ
529 5051 720 5115 πιστὰ,
753 5053 1069 5121 μηχανᾶται
1095 5051 1184 5105 τὸν
1213 5053 1395 5121 φόνον,
1425 5055 1511 5106 ἵνα
1544 5053 1632 5106 διὰ
1666 5054 1760 5108 τοῦ
1798 5056 1890 5124 φό-

299 5144 392 5198 ϐου
429 5145 644 5216 ἐκφύγῃ
679 5147 770 5198 τὸν
819 5145 1060 5216 ἔλεγχον,
1121 5146 1148 5198 ὂ
1187 5148 1279 5199 καὶ
1333 5147 1573 5216 γέγονεν.
1634 5149 1724 5218 Τῴ
1775 5153 1884 5221 γὰρ

242 5289 246 5292 .
301 5239 450 5306 φόϐῳ
484 5225 593 5290 ’τοῦ
629 5238 862 5291 θανάτου
900 5239 1294 5311 παρῃτήσαντο
1347 5239 1449 5309 μὲν
1505 5242 1595 5294 τὸν
1637 5241 1880 5312 ἔλεγχον,

301 5328 504 5396 μᾶλλον
530 5327 587 5380 δὲ
617 5327 716 5397 τὴν
761 5326 1045 5398 ἀλήθειαν,
1085 5333 1178 5380 καὶ
1215 5329 1538 5397 ἠσπάσαντο
1572 5331 1632 5385 τὸ
1685 5331 1909 5402 ψεῦδος.

303 5421 395 5472 καὶ
425 5419 525 5490 τὴν
554 5419 854 5473 ἀπώλειαν.
886 5420 1051 5472 ’Ὥστε
1084 5423 1178 5475 καὶ
1205 5424 1253 5474 οἱ
1299 5422 1532 5494 διάδοχοι
1576 5424 1766 5477 τούτου
1814 5427 1879 5498 τῇ

301 5510 420 5584 ὥρᾳ
472 5513 567 5580 τῆς
600 5511 965 5587 διδασκαλίας
1022 5514 1223 5579 αὐτῶν,
1267 5514 1418 5583 ξίφος
1464 5515 1750 5585 γυμνοῦσι,
1789 5521 1882 5572 καὶ

307 5607 514 5659 τιθέασι
552 5605 718 5676 μέσον
751 5608 957 5675 αὐτῶν,
989 5607 1238 5676 λέγοντες
1268 5608 1344 5672 ὡς
1371 5612 1433 5662 εχ
1459 5608 1755 5678 προσώπου
1786 5611 1881 5662 τοῦ

305 5697 571 5769 Μωάμεθ,
605 5696 741 5753 Τάδε
774 5703 937 5769 φησιν
967 5701 994 5754 ὁ
1027 5702 1333 5772 προφήτης
1371 5702 1581 5773 Μέχρις
1614 5702 1680 5756 ἂν
1711 5701 1773 5756 τὸ
1800 5701 1880 5770 ξί-

320 5868 326 5874 ·
379 5859 424 5889 "
455 5855 600 5915 Psal.
639 5874 787 5927 xxrv,
817 5858 868 5914 9.
950 5861 994 5895 "
1033 5861 1194 5917 Prov.
1226 5871 1305 5928 Ill,
1329 5864 1423 5920 34.

1993 4686 2203 4742 tuatur,
2262 4685 2358 4731 aut
2412 4677 2616 4731 tributa
2665 4676 2931 4748 pendant.
2963 4674 3235 4743 Quidnam
3271 4675 3413 4733 hoc?
3452 4677 3573 4736 Non

1991 4770 2141 4825 aliud
2179 4779 2350 4837 certe,
2389 4785 2553 4840 quam
2587 4779 2768 4841 tegere
2808 4767 3001 4827 volens
3040 4786 3193 4826 suam
3235 4771 3409 4841 ipsius
3438 4771 3578 4826 stul-

1993 4865 2170 4920 titiam
2201 4862 2695 4927 et'iniirmitatem,
2724 4877 2849 4918 cum
2878 4878 2982 4918 nec
3017 4861 3426 4934 Scripturarum
3474 4877 3586 4918 nec,

1992 4957 2381 5012 miraculorum
2442 4956 2773 5012 auctoritate
2830 4956 2989 5012 ﬁdem
3041 4955 3351 5021 inveniret,
3400 4956 3579 5012 caedes

1991 5053 2271 5116 adornat,
2335 5062 2397 5104 ut
2455 5052 2651 5106 timore
2707 5051 3192 5123 reprehensionem
3256 5048 3523 5123 eﬂugeret
3559 5090 3573 5114 ,

1991 5146 2140 5216 quod
2173 5145 2342 5199 etiam
2399 5145 2607 5200 evenit.
2641 5144 2861 5199 Timore
2916 5145 3064 5200 enim
3103 5144 3296 5198 mortis
3326 5144 3579 5199 confuta-

1997 5240 2225 5306 tionem,
2267 5239 2376 5294 imo
2409 5240 2697 5294 veritatem
2719 5227 3128 5302 devitaverunt,
3162 5249 3216 5292 et
3235 5238 3577 5292 mendacium

1990 5332 2286 5403 amplexati
2344 5341 2511 5398 sunt,
2553 5343 2720 5401 atque
2758 5331 3123 5402 perditionem
3173 5348 3185 5384 :
3231 5331 3370 5385 adeo
3422 5339 3482 5384 ut
3521 5342 3580 5385 et

1991 5439 2346 5480 successores
2373 5423 2539 5494 hujus
2567 5438 2633 5478 eo
2658 5433 2927 5494 tempore,
2951 5438 3061 5493 quo
3090 5421 3395 5477 doctrinam
3422 5437 3579 5477 suam

1990 5519 2290 5589 eXplicant,
2324 5517 2577 5571 strictum
2614 5516 2855 5589 gladium
2883 5518 2937 5571 in
2963 5513 3203 5572 medium
3238 5515 3459 5570 illorum
3485 5514 3582 5571 de-

1996 5620 2224 5681 ponant,
2259 5619 2519 5681 tanquam
2552 5611 2655 5666 sub
2679 5611 3006 5668 Mahometis
3031 5625 3264 5680 persona
3297 5609 3576 5664 dicentes:

1992 5699 2121 5760 Haec
2154 5701 2288 5759 dicit
2319 5702 2588 5776 propheta
2629 5724 2639 5756 :
2674 5703 2863 5773 Quoad
2910 5704 3123 5776 gladius
3153 5710 3468 5775 permanet,
3505 5715 3580 5762 en
