4120 6290
494 291 600 356 607
1679 284 1925 348 JOANN
1939 285 2006 345 [S
2046 283 2577 347 CANTACUZENI
3657 280 3774 350 603

492 411 661 465 etiam
693 425 812 465 mea
860 409 944 464 lex
994 418 1316 480 permanet;
1365 409 1546 479 gladio
1595 419 1780 463 autem
1815 408 2109 468 sublato..

2210 422 2277 467 ›ος
2313 406 2551 472 ἵσταται,
2594 407 2704 461 ίδοὺ
2732 405 2873 462 καὶὸ
2907 407 3039 479 ὲμδς
3075 409 3239 477 νόμος
3281 405 3522 462 ἵσταται.
3551 404 3784 476 [laps]-

496 505 663 560 etiam
701 504 791 558 illa
826 504 1165 558 destruetur.
1197 502 1264 557 Et
1297 503 1441 573 quod
1483 513 1800 572 peccatores
1850 503 2073 573 quidem

2215 498 2364 561 όντος
2397 499 2453 552 δὲ
2481 500 2575 552 τοῦ
2610 499 2818 568 ξίφους,
2850 499 2945 556 καὶ
2969 501 2997 554 6
3021 500 3184 570 νόμος
3215 497 3534 568 λυθήσεται.
3558 497 3670 551 Καὶ
3690 494 3775 551 δτι

496 597 741 668 gladium
771 613 929 652 suum
973 607 1161 652 centra
1208 598 1465 652 Davidcm
1495 599 1843 662 strinxerint,
1897 606 1952 653 et
1997 597 2080 651 in-

502 689 783 743 tenderint
825 704 989 742 arcus
1028 704 1157 743 suos
1190 689 1255 742 ad
1301 689 1609 745 feriendum
1659 701 1840 745 rectos
1885 692 2078 753 corde,

502 778 792 832 manifesto
846 787 1083 832 constat.
1129 777 1237 832 Sed
1287 779 1501 848 gladius
1545 779 1790 849 ipsorum
1834 788 2082 836 transeat.

504 873 558 926 in
591 887 684 927 cor
715 879 934 933 eorum”.
973 881 1029 927 et
1054 888 1218 927 arcus
1264 874 1477 926 illorum
1524 881 1904 928 conterantur.
1931 876 2082 940 Quo-

503 962 650 1017 niam
684 963 907 1018 brachia
936 975 1293 1032 peccatorum
1320 975 1701 1034 conterentur,
1740 967 1915 1036 iniqui
1950 984 2082 1022 vero

505 1055 891 1124 expellentur,
943 1065 999 1110 et
1057 1071 1247 1112 semen
1306 1057 1597 1127 impiorum
1661 1061 2082 1130 exstirpabitur.

506 1144 810 1199 Paucorum
839 1146 985 1201 enim
1018 1156 1137 1214 est,
1169 1159 1227 1202 et
1269 1159 1561 1204 numerato
1600 1149 1864 1216 facilium,
1891 1167 1994 1208 eos
2017 1153 2086 1208 de

509 1234 770 1292 felicitate
803 1243 857 1292 in
892 1247 1124 1293 mortem
1174 1238 1431 1306 dejicere.
1463 1239 1811 1311 Quapropter
1841 1245 2088 1300 veritatis

512 1336 677 1382 testes
733 1337 788 1382 et
823 1329 1004 1401 magni
1058 1339 1112 1384 ιι
1162 1332 1375 1396 sancti,
1413 1341 1469 1387 ct
1517 1333 1670 1403 regni
1702 1335 1799 1388 Dei
1845 1334 2090 1391 baaredcs

511 1419 638 1475 facti
671 1432 824 1477 sunt.
937 1426 940 1429 λ

584 1603 671 1658 ιε.
707 1604 876 1661 Porro
894 1609 1057 1664 etiam
1093 1611 1199 1667 hoc
1231 1612 1480 1682 praecipit
1511 1612 1806 1681 Mabomet,
1841 1631 1908 1670 ne
1943 1616 2091 1685 quis-

513 1709 677 1764 quam
705 1699 787 1751 sui
821 1701 1032 1756 ordinis
1064 1717 1187 1756 cum
1217 1705 1402 1774 aliquo
1427 1704 1867 1770 Christianorum
1901 1707 2094 1778 dispu-

519 1798 618 1848 tet.
658 1805 812 1844 suam
850 1794 1024 1862 ipsius
1057 1796 1430 1852 inlirmitatem
1465 1810 1740 1855 metuens.
1772 1800 1914 1867 Quin
1949 1802 2093 1856 idem

517 1895 714 1937 rursus
741 1885 872 1940 alibi
904 1888 1206 1957 interdicit,
1245 1907 1313 1945 ne
1346 1893 1470 1960 quis
1511 1893 1757 1964 disputet
1783 1894 1966 1949 verbis
1997 1895 2100 1950 du-

517 1974 597 2029 ris
646 1985 700 2030 et
733 1978 949 2033 acerbis
998 1995 1122 2039 cum
1161 1983 1347 2052 aliquo
1377 1985 1606 2040 alterius
1647 1994 1810 2041 Secta:
1843 1987 2098 2052 homine,

519 2067 617 2121 sed
650 2068 869 2125 blandis
907 2089 921 2125 :
954 2071 1073 2126 Non
1107 2074 1279 2140 enim,
1319 2076 1519 2146 inquit,
1559 2079 1799 2133 hominis
1834 2091 1915 2133 est
1948 2095 2100 2134 enm-

521 2172 749 2228 ponere,
783 2163 877 2217 sed
929 2163 1100 2220 solius
1133 2165 1227 2220 Dei
1251 2183 1265 2232 ;
1293 2176 1341 2221 et
1374 2187 1388 2223 :
1425 2166 1637 2238 Singuli
1685 2170 1752 2224 de
1788 2170 1985 2239 seipsis
2013 2186 2102 2225 so-

522 2247 612 2311 lis,
643 2261 697 2304 et
743 2264 853 2330 non
883 2252 950 2308 de
983 2254 1105 2309 aliis
1142 2257 1411 2312 rationem
1447 2259 1709 2314 reddant.
1744 2261 1824 2314 En
1857 2260 1961 2316 sibi
1996 2261 2103 2332 ipsi

523 2341 930 2408 contradicens,
961 2354 1018 2400 et
1046 2349 1382 2404 contrarius.
1431 2351 1551 2405 Non
1585 2354 1732 2407 enim
1763 2355 1814 2407 in
1853 2353 1958 2408 hoc
1988 2364 2107 2410 tan-

527 2441 640 2484 tum
675 2436 878 2503 capite,
915 2436 1010 2491 sed
1045 2439 1098 2504 in
1144 2448 1252 2494 tota
1281 2440 1400 2512 lege
1430 2457 1526 2496 sua
1563 2444 1858 2512 instabilis,
1893 2446 2103 2499 inordi-

527 2536 688 2580 natus
713 2537 768 2580 et
797 2527 1084 2584 dissimilis
1112 2531 1216 2586 sibi
1251 2546 1500 2602 apparet.
1527 2545 1588 2598 et
1622 2537 1678 2590 in
1708 2537 1966 2592 omnibus
1991 2538 2105 2593 fere

524 2617 748 2687 scriptis
773 2619 888 2673 suis
922 2621 1039 2690 ipse
1058 2626 1302 2692 seipsum
1329 2626 1615 2681 confutare
1647 2629 2102 2697 deprehenditur.

527 2705 1005 2775 Quemadmodum
1055 2717 1202 2770 enim
1241 2727 1426 2773 mente
1483 2729 1677 2790 captus
1735 2732 1792 2776 et
1845 2723 2106 2793 ignorans

526 2817 778 2869 quamam
808 2814 1133 2873 argumenta
1169 2807 1280 2862 sint
1310 2819 1365 2865 et
1388 2809 1664 2880 dogmata,
1694 2812 1762 2868 de
1786 2814 1988 2884 quibus
2021 2816 2108 2870 di-

527 2912 656 2953 cere
687 2897 950 2964 instituit,
985 2917 1236 2971 quaanam
1260 2906 1368 2959 sint
1405 2907 1606 2980 media,
1632 2916 1686 2962 et
1709 2909 1932 2975 quinam
1961 2909 2106 2965 linis:

529 2987 611 3043 sic
644 2989 812 3044 etiam
862 2991 916 3045 in
952 2995 1174 3065 scriptis
1209 2995 1324 3050 suis
1357 2998 1487 3066 agit.
1517 2998 1637 3051 Non
1685 2998 1832 3053 enim
1868 3009 2109 3054 tanturn-

2122 1750 2171 1811 B

2186 591 2285 660 μὲν
2312 590 2587 661 ῥομφαίαν
2641 593 2952 646 ἐσπάσαντο
3001 592 3051 645 οἱ
3101 591 3419 664 ἁμαρτωλοὶ
3478 588 3626 644 κατά
3683 593 3777 643 τδν

2182 682 2367 748 Δαῢὶδ,
2395 686 2486 736 καὶ
2523 683 2800 738 ἐνέτειναν
2837 683 2990 748 τόξον
3013 681 3191 738 αὐτῶν
3246 680 3340 736 τοῦ
3394 680 3603 750 σφάξαι
3648 679 3778 741 τοὺς

2184 775 2361 837 εὐθεῖς
2389 777 2456 847 τῇ
2486 776 2709 848 καρδίᾳ,
2743 774 2900 829 τοῦτο
2930 775 3198 846 πρόδηλον
3219 775 3316 829 καὶ
3349 771 3616 842 φανερὸν,
3660 771 3780 826 ἀλλ’

2169 868 2221 940 ’ἡ
2251 872 2494 942 ῥομφαία
2534 870 2716 924 αὐτῶν
2756 869 2985 922 εἰσέλθοι
3031 868 3114 932 είς
3147 867 3246 930 τάς
3301 867 3540 937 καρδίας
3570 863 3778 929 αὐτῶν,

2185 965 2281 1016 καὶ
2309 964 2376 1016 τὰ
2408 961 2536 1026 τόξα
2560 960 2737 1016 αὐτῶν
2776 959 3122 1031 συντριϐείη,
3161 960 3247 1014 ὅτι
3282 957 3576 1031 βραχίονες
3601 959 3783 1029 ἀμαρ-

2187 1054 2374 1108 τωλῶν
2429 1055 2900 1128 συντριϐήσονται,
2939 1049 3134 1123 ἄνομοι
3180 1052 3239 1107 δὲ
3278 1047 3776 1127 ἐκδιωχθήσονται,

2189 1148 2282 1202 καὶ
2310 1149 2531 1218 σπέρμα
2560 1147 2775 1202 ἀσεϐῶν
2810 1143 3350 1216 ἐξολοορευθήσεται.
3391 1142 3519 1196 Τῶν
3553 1142 3663 1212 γὰρ
3678 1142 3793 1195 ὀλι-

2189 1257 2303 1306 γων
2335 1240 2429 1292 καὶ
2463 1238 2851 1314 εὐαριθμήτων
2876 1240 2994 1292 ἐστὶ
3031 1237 3094 1291 τὸ
3145 1236 3358 1308 ῥίπτειν
3391 1235 3628 1296 ἑαυτοὺς
3645 1233 3788 1303 ὑπὲρ

2192 1333 2287 1387 τοῦ
2319 1331 2526 1400 ἀγαθοῦ
2551 1334 2629 1396 εἰς
2653 1332 2903 1388 θάνατον.
2942 1333 3041 1386 Διὰ
3071 1330 3232 1385 τοῦτο
3268 1332 3379 1402 γὰρ
3416 1329 3470 1384 οἱ
3511 1328 3615 1399 τῆς
3654 1327 3790 1396 ἀληε

2194 1425 2343 1490 θείας
2369 1427 2652 1498 μάρτυρες
2684 1425 2911 1496 μεγάλοι
2931 1426 3022 1481 καὶ
3051 1423 3223 1494 ἅγιοι,
3261 1423 3358 1479 καὶ
3386 1423 3488 1493 τῆς
3518 1419 3614 1476 τοῦ
3647 1418 3791 1476 Θεοῦ

2195 1517 2474 1589 βασιλείας
2503 1518 2830 1589 κληρονόμοι
2863 1518 3175 1591 γεγόνασιν.

2270 1611 2358 1682 ιβ’.
2396 1611 2516 1665 Ἔτι
2538 1609 2698 1665 τοῦτο
2722 1611 3034 1666 ἐντέλλεται
3079 1612 3108 1665 6
3145 1608 3419 1681 Μωάμεθ,
3464 1606 3557 1663 ἵνα
3613 1606 3795 1671 οὐδεὶς

2197 1705 2296 1774 τῆς
2323 1683 2530 1759 ἐκείνου
2567 1705 2802 1775 φατρίας
2835 1705 2973 1768 ὅλως
3001 1703 3144 1775 μιτά
3203 1703 3537 1773 Χριστιανοῦ
3609 1701 3790 1757 διαλέ-

2208 1797 2391 1865 Εηται,
2423 1800 2526 1866 τὴν
2559 1797 2757 1852 ἑαυτοῦ
2798 1797 3090 1852 ἀσθένειαν
3124 1795 3403 1860 δεδοικώς.
3468 1795 3673 1850 Καίτοι
3725 1809 3791 1863 γε

2199 1885 2356 1953 αὖθις
2389 1891 2416 1943 6
2445 1891 2608 1953 αὑτὺς
2640 1891 2699 1944 ὲν
2726 1890 2940 1961 ἑτέροις
2992 1889 3180 1953 τόποις
3215 1887 3531 1942 tutntur.
3563 1886 3642 1959 μὴ
3679 1887 3794 1942 διας

2199 1978 2458 2046 λέγεσθαι
2486 1978 2665 2048 λόγοις
2697 1980 2928 2050 τραχέσι
2957 1983 3055 2034 καὶ
3093 1979 3390 2049 αὐστηροῖς
3439 1996 3550 2033 τινι
3595 1980 3793 2048 ἐτέρας

2201 2069 2490 2140 αἱρέσεως,
2519 2069 2631 2124 ἀλλ’
2660 2070 2865 2140 ἡπίοις.
2907 2071 2982 2124 οὐ
3037 2071 3147 2142 γὰρ
3200 2071 3520 2140 ἀνθρώπου,
3582 2070 3791 2142 φησὶν,

2201 2164 2320 2215 ἐστὶ
2352 2161 2413 2215 τὸ
2443 2160 2820 2230 καταρτίζειν,
2849 2161 2982 2214 ἀλλὰ
3009 2163 3172 2233 μόνου
3195 2160 3355 2225 Θεοῦ.
3386 2162 3487 2214 καὶ
3513 2160 3794 2222 Ἕκαστος

2204 2254 2347 2326 ὑπὲρ
2373 2253 2538 2307 αὑτοῦ
2584 2253 2770 2320 μόνου,
2801 2253 2917 2307 ἀλλ’
2948 2255 3047 2324 οὐχ
3097 2255 3236 2324 ὑπὲρ
3273 2255 3467 2324 ἑτέρου
3509 2253 3671 2323 λόγον
3690 2252 3792 2311 δὼο

2206 2364 2309 2406 σει,
2357 2346 2517 2409 αὐτὸς
2569 2347 2765 2400 ἑαυτὸν
2821 2346 3122 2414 ἀντιλέγων
3179 2347 3273 2399 καὶ
3327 2345 3675 2414 ἀνατρέπων.
3715 2344 3793 2397 Ού

2209 2440 2367 2508 μόνον
2411 2439 2521 2509 γὰρ
2546 2440 2602 2491 ἐν
2642 2439 2720 2508 τῷ
2753 2439 2981 2509 παρόντι
3024 2438 3325 2507 κεφαλαίῳ,
3380 2437 3504 2494 ἀλλ’
3534 2441 3594 2491 ἐν
3632 2438 3791 2491 παντὶ

2205 2529 2285 2596 τῷ
2313 2530 2462 2600 νόμῳ
2505 2528 2671 2584 αὐτοῦ
2706 2531 2939 2592 ἀστατος
2979 2531 3073 2583 καὶ
3096 2529 3334 2593 ἄτακτος
3383 2531 3480 2584 καὶ
3507 2528 3792 2598 ἀνώμαλος

2208 2623 2594 2691 ἀναφαίνεται,
2623 2624 2717 2675 καὶ
2750 2622 2934 2692 σχεδὸν
2963 2623 3022 2674 ὲν
3054 2621 3190 2674 πᾶσι
3223 2623 3336 2684 τοῖς
3359 2621 3459 2674 ὑπ’
3505 2619 3793 2687 αὐτοῦιγε-

2207 2713 2554 2786 γραμμένοις
2613 2713 2776 2777 αὑτδς
2830 2711 3025 2767 ἑαυτὸν
3081 2712 3400 2783 εὑρίσκεται
3447 2712 3788 2783 ἀνατρέπων.

2211 2809 2422 2877 Ὠσπερ
2458 2806 2569 2876 γὰρ
2605 2807 2947 2877 μαινόμενος,
2976 2806 3071 2859 καὶ
3107 2805 3184 2877 μὴ
3214 2805 3506 2874 γινώσκων
3538 2804 3685 2859 ποῖαί
3716 2803 3794 2856 εἷο

2176 2935 2179 2946 ε
2213 2919 2298 2954 σιν
2317 2903 2372 2954 αἱ
2404 2901 2690 2964 ὑποθέσεις
2729 2901 2823 2954 καὶ
2871 2900 2941 2954 τά
2971 2901 3243 2971 δόγματα,
3284 2900 3444 2956 ἅτινα
3480 2901 3687 2971 ἦρξατο
3707 2899 3790 2954 λέ-

2211 3009 2351 3058 γειν,
2386 2993 2510 3046 τίνα
2540 2993 2610 3047 τά
2647 2993 2808 3062 μέσα,
2845 2992 2937 3047 καὶ
2973 2997 3102 3048 ποῖα
3139 2993 3209 3046 τὰ
3238 2994 3395 3065 τέλη,
3456 2994 3604 3048 οὕτω
3663 2993 3795 3062 γρά-

534 3083 696 3137 modo
729 3099 849 3152 quae
875 3083 928 3138 in
954 3102 1064 3140 uno
1098 3089 1319 3157 scripsit
1345 3092 1548 3159 capite,
1582 3090 1636 3144 in
1673 3093 1844 3147 altero
1874 3093 2109 3147 destruit

2215 3104 2331 3154 φων
2358 3087 2523 3149 ποιεῖ,
2554 3085 2630 3154 μὴ
2668 3088 2830 3156 μόνον
2859 3087 3006 3154 ἅπερ
3042 3088 3103 3140 ὲν
3133 3087 3215 3140 ἑνὶ
3240 3087 3525 3156 κεφαλαίῳ
3545 3087 3788 3158 γράφων,

533 3183 588 3227 et
617 3173 904 3244 impugnat
925 3215 939 3240 ,
972 3177 1064 3232 sed
1090 3178 1308 3247 saepius.
1328 3197 1448 3250 quae
1484 3183 1537 3236 in
1561 3183 1835 3251 principio
1863 3185 2129 3252 ejusdem-

533 3267 733 3336 capitis
765 3268 1112 3324 conﬁrmavit
1131 3309 1145 3333 ,
1179 3271 1327 3327 circa
1350 3273 1510 3328 linem
1529 3275 1774 3330 confutat
1799 3286 1855 3331 et
1883 3278 2114 3333 subver-

535 3358 624 3413 tit.
679 3360 780 3414 Vix
808 3361 957 3416 enim
1006 3371 1063 3418 et
1095 3363 1389 3419 diﬁiculter
1435 3367 1491 3420 in
1533 3368 1712 3437 capita
1777 3381 1829 3423 et
1863 3370 2110 3424 ordinem

535 3451 744 3530 digesta
783 3463 935 3516 sunt,
976 3471 1100 3525 quae
1134 3455 1226 3511 ille
1267 3457 1529 3522 tradidit;
1565 3461 1702 3515 adeo
1734 3471 1792 3517 ιιι
1835 3464 2114 3518 contradi-

533 3544 739 3599 ctionis
766 3545 908 3601 ratio
926 3549 1180 3604 ordinem
1219 3552 1512 3620 przecedat.
1545 3553 1690 3608 Idem
1723 3556 1872 3608 enim
1907 3555 1993 3609 bic
2019 3556 2111 3624 qui

537 3636 806 3706 praecipit,
839 3653 909 3694 ne
931 3654 1056 3694 cum
1092 3641 1376 3711 aliquibus
1400 3643 1630 3698 alterius
1654 3645 1919 3699 doctrinm.
1950 3645 2116 3700 disci-

537 3727 683 3796 pulis
741 3726 1116 3799 digladientur
1177 3737 1361 3790 verbis
1414 3738 1626 3807 asperis
1667 3737 1969 3802 durisque,
2017 3738 2113 3792 sed

537 3816 750 3875 blandis
777 3829 833 3875 et
863 3824 1163 3878 mansuetis
1196 3830 1277 3893 (ut
1309 3828 1475 3882 etiam
1522 3829 1578 3882 in
1609 3828 1788 3898 capite
1840 3828 2109 3882 Eltem‘um

539 3910 786 3982 seipsum
816 3913 1046 3970 laudans
1061 3916 1198 3972 dicit
1219 3936 1232 3970 :
1255 3917 1369 3972 Non
1393 3919 1496 3973 hoc
1523 3920 1835 3989 COgentium
1858 3931 1962 3982 est,
1982 3922 2114 3988 etc.)

540 4001 684 4070 Quin
715 4005 884 4062 etiam
921 4009 976 4062 in
1013 4011 1194 4079 capite
1227 4010 1576 4081 Elmipucara
1599 4054 1614 4077 ,
1642 4013 1790 4082 quod
1835 4012 2015 4067 bovem
2047 4013 2118 4066 si-

540 4096 787 4165 gniﬁcat,
820 4098 900 4153 sic
923 4099 1042 4154 ait:
1073 4100 1132 4156 lu
1164 4101 1285 4170 lege
1327 4100 1424 4157 Dei
1457 4119 1567 4157 non
1603 4113 1690 4158 est
1723 4104 1824 4164 vis.
1857 4105 2116 4174 quoniam

543 4185 691 4255 quod
748 4203 967 4258 aequum
1025 4200 1138 4256 est,
1184 4191 1296 4262 jam
1361 4199 1489 4247 aute
1522 4191 1809 4248 deﬁnitum
1857 4207 1974 4259 est;
2031 4194 2121 4248 hic

545 4277 716 4343 idem,
751 4280 998 4350 inquam,
1026 4282 1109 4338 sui
1148 4283 1303 4352 quasi
1339 4285 1565 4346 oblitus,
1602 4286 1849 4355 prmcipit
1881 4286 2071 4342 dicens
2102 4303 2116 4340 :

541 4367 753 4430 Nostra
806 4374 912 4445 legi
966 4391 1074 4431 non
1133 4376 1502 4442 obedientes,
1562 4379 1756 4434 mortis
1787 4381 2118 4449 supplicium

2215 3181 2271 3232 ὲν
2300 3180 2472 3250 ἑτέρῳ
2500 3174 2760 3232 καταλύει
2791 3181 2885 3233 καὶ
2916 3179 3219 3248 ἀντιλέγει,
3236 3178 3378 3234 ἀλλά
3401 3181 3502 3237 καὶ
3535 3179 3789 3240 πολλάκις

2214 3271 2359 3342 ἅπερ
2386 3272 2542 3342 ὲινίτῇ
2573 3272 2718 3341 ἀρχῇ
2753 3270 2850 3324 τοῦ
2878 3270 3047 3325 αὐτοῦ
3074 3257 3076 3260 ’
3104 3270 3400 3338 κεφαλαίου
3454 3269 3793 3326 διαϐεϐαιοῦ-

2214 3381 2327 3429 ται,
2357 3363 2488 3432 περὶ
2515 3363 2576 3415 τὸ
2603 3364 2760 3427 τέλος
2794 3364 3016 3434 συγχέει
3035 3381 3098 3418 τε
3134 3363 3227 3418 καὶ
3276 3364 3597 3435 ἀνατρέπει.
3630 3363 3791 3425 Μόλις

2215 3457 2324 3526 γὰρ
2358 3459 2450 3511 καὶ
2488 3459 2586 3512 σὺν
2617 3457 2708 3528 βίᾳ
2746 3457 3084 3529 εἰσήχθησαν
3125 3457 3519 3526 κεφαλαιωδῶς
3550 3457 3646 3512 καὶ
3697 3457 3792 3512 σὺν

2215 3545 2367 3610 τάξει
2394 3547 2462 3600 τὰ
2492 3548 2623 3618 παρ’
2656 3548 2870 3602 ἐκείνου
2908 3548 3201 3621 λεγόμενα,
3260 3550 3412 3613 ὅπως
3470 3551 3567 3603 καὶ
3616 3549 3647 3602 6
3696 3548 3792 3614 τῆς

2217 3640 2531 3710 ἀντιλογίας
2564 3641 2726 3710 λόγος
2775 3640 2880 3710 ὁδῷ
2915 3643 3010 3696 καὶ¹
3036 3641 3191 3709 τάξει
3224 3641 3524 3714 προϐαίνῃ.
3559 3643 3668 3696 Καὶ
3689 3639 3794 3709 γὰρ

2219 3731 2378 3797 αὐτὸς
2413 3724 2566 3796 οὗτος
2596 3736 2624 3787 6
2669 3733 3088 3803 ἐντελλόμενος,
3159 3732 3248 3787 ἵνα
3326 3732 3401 3805 μὴ
3447 3729 3792 3800 διαλέγωνται

2216 3842 2360 3879 τισιν
2393 3826 2581 3896 ἑτέρου
2615 3825 2887 3896 δόγματος
2921 3827 2981 3880 ὲν
3034 3826 3213 3894 λόγοις
3262 3830 3494 3898 τραχέσι
3514 3826 3607 3881 καὶ
3633 3824 3792 3892 σκλη-

2222 3918 2358 3987 ροῖς,
2388 3915 2503 3971 ἀλλ’
2535 3917 2717 3987 ηπίοις
2752 3917 2847 3970 καὶ
2885 3916 3239 3987 προσηνέσιν,
3281 3917 3358 3980 ὡς
3391 3919 3486 3972 καὶ
3530 3919 3588 3972 ὲν
3611 3916 3685 3986 τῷ
3708 3931 3792 3969 κιο

2221 4009 2434 4080 φαλαίῳ
2461 4008 2539 4079 τῷ
2587 4009 2936 4078 Ἐλτενιοὺμ
2969 4008 3164 4065 ἑαυτὸν
3215 4009 3456 4063 ἐπαινῶν
3497 4009 3662 4077 λέγει,
3699 4006 3791 4060 οὐκ

2223 4099 2339 4153 ἐστι
2361 4100 2471 4154 τῶν
2501 4100 2958 4170 ἀναγκαζόντων.
2998 4100 3162 4156 una
3186 4101 3280 4154 καὶ
3312 4103 3369 4155 ἐν
3417 4101 3491 4172 τῷ
3524 4097 3790 4169 κεφαλαίῳ

2219 4189 2299 4262 τῷ
2338 4189 2750 4273 Ἐλμπωεαρῷ
2773 4191 2913 4263 ὅπερ
2979 4192 3340 4264 ἑρμηνεύεται
3368 4192 3548 4258 βοῦς,
3602 4186 3790 4246 οὑτωσί

2223 4300 2410 4355 φησιν,
2442 4284 2526 4339 ὅτι
2556 4283 2645 4340 Ἐν
2677 4285 2753 4354 τῷ
2773 4279 2937 4355 ,νόμῳ
2981 4282 3076 4338 τοῦ
3100 4284 3244 4339 «Θεοῦ
3262 4286 3362 4338 οὐκ
3415 4285 3530 4339 ἔστι
3573 4285 3678 4353 βία,
3713 4280 3788 4334 ὅτι

2221 4376 2282 4430 τὸ
2311 4375 2427 4430 ἴσον
2454 4375 2689 4448 ιῷρχῆς
2718 4377 2819 4448 ἤδη
2857 4376 3162 4448 διώρισται·
3229 4380 3390 4442 αὐτὸς
3440 4370 3593 4434 οὗτος
3645 4370 3788 4431 αὖθις

546 4476 784 4533 maneat,
835 4478 930 4524 aut
986 4468 1192 4524 tributa
1246 4471 1487 4526 solvant.
1524 4473 1592 4527 Et
1629 4472 1762 4541 quid
1795 4484 1970 4528 morte
2005 4475 2109 4528 rio‘

2229 4469 2625 4550 ἐπιλαθόμενος
2654 4470 2962 4524 ἐντέλλεται
2980 4470 3176 4539 λέγων,
3210 4472 3252 4523 Τ
3256 4475 3334 4534 οἷς
3361 4472 3437 4543 μὴ
3463 4468 3788 4538 πειθομένοις

544 4562 752 4628 lentius
781 4571 888 4628 est,
916 4578 951 4616 ο
993 4563 1280 4634 legislator
1311 4565 1655 4622 vanissime?
1688 4567 1751 4620 Et
1781 4567 2060 4636 quomodo
2093 4586 2122 4623 a

546 4656 661 4711 Deo
709 4666 891 4712 ortum
938 4673 1061 4712 esse
1117 4658 1418 4726 diceretur,
1475 4660 1624 4730 quod
1683 4662 1863 4716 scelus
1916 4662 2127 4715 scelere

545 4744 905 4820 compensat?
935 4751 1181 4810 Avaritia
1214 4753 1363 4808 enim
1394 4755 1556 4809 caedis
1583 4753 1825 4808 furorem
1890 4756 2121 4824 mitigat.

545 4841 753 4897 Natura
785 4841 932 4897 enim
963 4841 1226 4907 humana.
1257 4842 1390 4909 quin
1425 4843 1607 4912 potius
1647 4843 1917 4908 homines,
1952 4853 2007 4898 et
2032 4860 2127 4899 na-

551 4943 687 4986 tura
721 4934 868 4986 illius
902 4933 1171 4990 formator
1202 4943 1258 4990 et
1283 4935 1468 5005 opifex
1492 4934 1646 5023 Deus‘
1667 4973 1682 4998 ,
1737 4936 1897 4991 talem
1927 4935 2131 4992 consti-

552 5032 656 5082 tuit
692 5028 999 5093 hominem,
1034 5036 1093 5081 ut
1127 5043 1234 5093 una
1261 5041 1388 5082 cum
1424 5027 1550 5082 aliis
1584 5028 1781 5102 animae
1806 5027 1952 5081 illius
1981 5027 2128 5082 indi-

550 5120 694 5173 d’erit
724 5118 1253 5186 concupiscentiam,
1293 5119 1458 5174 animi
1507 5117 1687 5174 zelum
1721 5129 1778 5174 et
1815 5118 2126 5186 fervorem,

547 5221 716 5281 atque
750 5212 1017 5267 rationem
1050 5229 1064 5265 :
1096 5222 1156 5267 ut
1208 5228 1306 5282 per
1358 5212 1822 5283 concupiscentia
1871 5213 2129 5267 aﬂ‘ectum

553 5315 699 5361 amet
731 5315 786 5360 et
817 5305 1009 5376 diligat
1061 5322 1338 5361 summum
1402 5307 1609 5362 bonum
1636 5350 1651 5374 ,
1687 5309 1832 5378 quod
1882 5320 1967 5364 est
2013 5308 2130 5378 ipse

544 5399 721 5463 Deus,
751 5414 1082 5468 omnemque
1113 5400 1383 5471 justitiam
1409 5409 1464 5455 et
1486 5402 1772 5467 virtutem,
1803 5418 1923 5471 quae
1958 5401 2132 5456 instar

555 5492 716 5546 scala:
745 5498 876 5546 sunt
936 5491 1178 5547 animam
1229 5492 1295 5548 ad
1332 5493 1510 5564 ipsum
1543 5495 1712 5549 Deum
1759 5494 2126 5563 pet‘duccnlis.

557 5584 714 5651 Quod
741 5584 786 5640 si
819 5595 1002 5642 autem
1029 5585 1173 5642 forte
1204 5589 1649 5658 concupiscentia
1681 5605 1711 5642 a
1742 5603 1871 5642 vero
1901 5598 1954 5642 et
1982 5597 2131 5642 recto

558 5662 750 5733 amore
776 5677 1156 5742 declinaverit,
1191 5691 1245 5735 et
1275 5697 1374 5750 pro
1400 5681 1607 5735 dextris
1633 5681 1686 5735 in
1715 5681 1986 5736 contraria
2017 5695 2131 5736 cte-

476 5834 477 5837 η
559 5773 702 5845 perit
755 5780 984 5841 nutare,
1041 5775 1190 5829 zelus
1247 5776 1345 5830 istc
1399 5775 1564 5830 animi
1608 5785 1798 5829 contra
1829 5775 2130 5828 dretnoncm

2225 4566 2338 4625 τοῖς
2366 4563 2660 4634 ἡμετέροις
2706 4563 2945 4634 δόγμασι
2997 4563 3230 4628 θάνατος
3281 4564 3421 4617 ἔστω
3475 4557 3784 4632 ήλτιμωρία.

2224 4658 2815 4729 ἢφόρουςδιδότωσαν.
2867 4657 2978 4710 Καὶ
3008 4657 3058 4710 τί
3107 4658 3410 4728 βιαιότερον
3452 4655 3696 4711 θανάτου,
3747 4642 3788 4700 ὦ

2227 4751 2352 4804 κενὲ
2384 4749 2687 4821 νομοθέτα;
2721 4750 2830 4804 Καὶ
2866 4750 2983 4814 πῶς
3013 4753 3163 4822 παρά
3215 4749 3353 4803 Θεοῦ
3406 4751 3467 4803 τὸ
3511 4745 3674 4814 κακίᾳ
3703 4758 3789 4794 κα·-

2227 4842 2352 4896 κίαν
2391 4840 3087 4911 ἀμεῖάνςῷιλοχρηματία
3121 4841 3227 4911 γὰρ
3273 4842 3363 4895 τὸν
3393 4840 3482 4894 τοῦ
3515 4838 3667 4908 φόνου
3706 4833 3788 4884 Θυ-

2231 4934 2331 5006 μδν
2360 4936 2762 5006 κατεπράῦνεν.
2815 4933 2880 4987 Ἦ
2909 4932 3018 5004 γάρ
3078 4935 3239 5003 φύσις
3302 4934 3414 4988 τῶν
3481 4929 3783 5000 ἀνθρώπων,

2233 5029 2431 5099 μᾶλλον
2457 5027 2513 5081 δὲ
2537 5028 2563 5080 ὁ
2593 5027 2686 5080 τοῦ
2722 5027 3013 5098 ἀνθρώπου
3072 5027 3168 5080 καὶ
3213 5024 3317 5096 τῆς
3370 5026 3536 5095 αὐτῆς
3589 5019 3786 5090 φύσεως

2230 5120 2478 5191 πλάστης
2511 5122 2606 5173 καὶ
2633 5119 2964 5190 δημιουργὸς
3015 5118 3150 5182 Θεδς
3200 5119 3374 5183 οὕτως
3431 5117 3591 5172 αὑτὸν
3635 5125 3786 5174 ,κατε-

2233 5212 2532 5279 σκεύασεν,¹
2585 5212 2692 5265 ὃτιι
2743 5212 2881 5280 μετά
2923 5210 3034 5264 τῶν
3077 5211 3252 5265 ἄλλων
3317 5210 3569 5279 ἐνέθηκεν
3616 5205 3670 5257 ἂν
3722 5198 3782 5267 τῇ

2230 5306 2376 5375 ψυχῇ
2410 5305 2579 5359 αὐτοῦ
2606 5305 2666 5357 τό
2689 5322 2750 5358 τε
2775 5303 3200 5375 ἐπιθυμητικὸν,
3224 5303 3284 5358 τὸ
3308 5303 3556 5372 θυμικὸν,
3604 5294 3691 5348 καὶ
3727 5288 3782 5340 τὸ

2232 5401 2472 5469 λογικὸν,
2503 5399 2593 5451 ἴνα
2625 5400 2716 5452 διὰ
2738 5398 2833 5451 τοῦ
2855 5396 3257 5468 ἐπιθυμητικοῦ
3289 5398 3390 5466 ἐρᾷ
3445 5393 3537 5448 καὶ
3580 5387 3781 5458 ἑφίηται

2233 5492 2328 5547 τοῦ
2358 5493 2530 5562 ἀκρου
2563 5490 2799 5560 ἀγαθοῦ,
2851 5491 2990 5559 ὅπερ
3014 5490 3173 5543 ἐστὶν
3196 5492 3224 5544 6
3280 5488 3437 5552 Θεὸς,
3475 5484 3564 5538 καὶ
3618 5480 3782 5542 πάσης

2233 5582 2582 5652 δικαιοσύνης
2633 5584 2727 5635 καὶ
2762 5572 2988 5652 ἀρετῆς,
3016 5582 3220 5645 αἵτινες
3241 5577 3439 5652 οἷάπερ
3468 5593 3548 5639 τις
3590 5563 3775 5636 κλίμαξ

2236 5680 2407 5742 εἰσιν,
2428 5675 2729 5742 ἀνάγουσαι
2765 5673 2972 5743 ταύτην
3001 5675 3082 5737 είς
3116 5674 3268 5728 Θεόν.
3301 5673 3366 5728 Ei
3390 5672 3437 5726 δ’
3469 5670 3594 5728 ἴσως
3617 5673 3784 5728 παρα·

2238 5772 2420 5842 τραπῇ
2453 5769 2512 5823 τὸ
2542 5768 2942 5841 ἐπιθυμητικὸν
2971 5768 3064 5822 τοῦ
3101 5765 3262 5840 ὀρθοῦ
3310 5765 3524 5836 ἔρωτος,
3563 5756 3651 5820 κ-ιὶ
3672 5747 3780 5806 ἀντὶ
