4026 6268
223 383 328 450 609

1218 370 1523 437 CONTRA
1557 369 2048 434 MAHOMETEM
2091 366 2376 431 ORATIO
2415 368 2461 430 Ῐ.

3377 361 3485 426 610

225 500 332 557 τῶν
354 492 539 566 δεξιῶν
566 491 736 567 νεύσῃ
776 489 918 565 πρὸς
970 489 1318 558 τὰἐναντία,
1363 486 1722 558 κινηθήσεται
1772 486 1800 538 ό

1916 495 2315 554 permoventur,
2366 491 2419 536 et
2475 481 2699 535 humani
2736 479 2952 552 generis
2988 479 3320 550 perditorem
3367 494 3486 534 ser-

229 589 388 664 θυμδς
421 587 564 645 κατά
594 584 692 641 τοῦ
718 586 994 657 δαίμονος,
1061 583 1156 637 καὶ
1203 583 1296 636 τὶν
1354 578 1801 652 ἅνθρωπόλεθρον

224 682 342 752 ὅφιν
375 677 597 746 διώξας,
627 677 784 732 ισται
814 675 892 746 τῷ
917 673 1208 747 ἡττηθέντι
1258 672 1451 744 ὁδηγός
1487 671 1592 740 τῆς
1630 669 1805 724 ἀπλαο

226 773 340 837 νοῦς
370 773 461 828 καὶ
491 770 708 835 εὐθείας
740 767 886 825 ὁδοῦ.
920 768 983 821 Et
1012 768 1071 820 δέ
1101 767 1193 821 καὶ
1221 767 1250 820 ό
1274 763 1446 836 θυμὸς
1481 763 1650 835 ἀργὸς
1683 765 1803 834 pei-

231 884 323 930 νας
354 865 445 919 καὶ
477 863 863 934 ἀνενέργητος,
906 861 940 932 ἢ
971 860 1216 930 κινηθεὶς
1250 859 1377 930 μὲν,
1405 857 1467 911 οὐ
1523 856 1666 910 κατὰ
1707 855 1803 910 τοῦ

222 959 391 1031 ὄφεως
421 959 499 1026 δὲ,
552 957 688 1012 ἀλλὰ
713 956 854 1012 κατὰ
905 953 999 1009 τοῦ
1059 953 1334 1025 ὀμοφυοῦς
1385 949 1554 1008 αὑτοῦ
1589 948 1805 1020 ἀνθρώ·

223 1069 345 1119 που,
378 1051 498 1105 τότε
531 1049 592 1104 τὸ
614 1047 859 1118 λογικὸν,
888 1045 1170 1114 τουτέστιν
1192 1045 1221 1097 ό
1247 1042 1475 1115 ἡγεμὼν
1506 1041 1603 1097 καὶ¹
1621 1041 1807 1113 ἅρχων

222 1145 363 1213 νοῦς,
388 1144 578 1216 ὥσπερ
624 1162 706 1207 τις
739 1146 934 1215 κριτὴς
974 1139 1198 1212 ίσχυρδς
1239 1138 1338 1192 καὶ
1363 1138 1663 1197 ἀδέκαστος
1680 1135 1804 1187 ἐπι-

220 1237 400 1292 τάττει
447 1235 588 1291 αὺτὰ
631 1234 771 1290 κατὰ
801 1233 985 1303 χώραν
1040 1232 1247 1304 μένειν,
1305 1229 1402 1284 καὶ
1454 1229 1690 1283 ἕκαστον
1746 1226 1806 1279 ἐν

219 1329 284 1399 τῇ
317 1326 468 1396 τάξει
516 1325 704 1383 αὑτοῦ.
741 1325 841 1379 Διά
874 1342 956 1378 τοι
986 1323 1148 1378 τοῦτο
1178 1324 1240 1376 τδ
1277 1323 1378 1392 μὲν
1400 1317 1805 1390 ἐπιθυμητικὸν

220 1414 457 1471 τέθεικεν
501 1415 530 1468 ὁ
566 1414 787 1470 πάντων
815 1413 1149 1483 δημιουργὸς
1183 1415 1242 1464 ἐν
1292 1409 1372 1482 τῷ
1431 1409 1632 1479 ἥπατι,
1668 1408 1807 1474 ὅπερ

221 1502 365 1554 ἐστὶν
396 1499 507 1555 ὑπὸ
536 1499 636 1572 τὴν
671 1501 922 1570 καρδίαν,
959 1500 1020 1553 τὸ
1046 1499 1104 1553 δὲ
1131 1498 1367 1570 θυμικὸν
1395 1499 1453 1551 ἐν
1482 1499 1549 1568 τῇ
1583 1493 1806 1566 καρδίᾳ,

219 1594 338 1662 ἦτις
362 1593 686 1662 ὑπέρκειται
716 1591 811 1644 τοῦ
841 1592 1077 1662 ἥπατος,
1121 1592 1197 1654 ὡς
1244 1589 1632 1662 ἀρχικωτέραο
1670 1587 1730 1640 τὸ
1750 1586 1809 1641 ὁὶ

219 1683 433 1752 λογικὸν
461 1686 522 1738 ἐν
551 1683 628 1756 τῷ
662 1683 976 1754 ἐγκεφάλῳ,
1005 1683 1068 1746 ὃς
1099 1685 1251 1736 ἐστιν
1312 1682 1503 1734 ἐπάνω
1563 1679 1807 1746 πάντων,

219 1774 407 1847 ὥσπερ
448 1792 536 1840 τις
593 1774 853 1846 βασιλεὺς
906 1776 1000 1827 καὶ
1052 1771 1280 1844 ἡγεμὼν
1318 1771 1414 1825 καὶ
1465 1773 1652 1842 ἄρχων
1713 1773 1810 1825 καὶ

1905 584 2125 646 pentem
2169 585 2516 646 persecutus,
2567 572 3030 644 concupiscentiae
3070 582 3341 643 superata:
3373 573 3489 627 dux.

1904 667 1978 722 sit
2009 668 2065 722 in
2105 667 2189 722 via
2226 676 2370 722 recta
2401 675 2458 722 et
2490 665 2776 722 erroribus
2805 675 3050 720 carente.
3080 663 3236 731 Quod
3265 664 3311 720 si
3356 678 3484 718 vero

1904 758 2078 814 etiam
2111 757 2201 815 hic
2256 759 2424 814 animi
2476 760 2627 814 zelus
2673 758 2887 812 Otiosus
2918 766 2973 811 et
3023 752 3332 813 desidiosus
3365 773 3491 826 per-

1905 847 2195 913 manserit,
2219 858 2315 903 aut
2364 859 2650 919 permotus
2668 864 2775 902 non
2809 857 2998 902 contra
3027 860 3359 912 serpentem,
3392 849 3487 902 sed

1907 940 2191 996 hominem
2217 941 2321 996 sibi
2351 951 2642 1012 cognatum
2667 941 2937 1011 insurgat,
2965 948 3094 995 tunc
3126 943 3288 1005 ratio,
3322 941 3372 995 id
3405 951 3490 997 est

1908 1032 2020 1088 dux
2049 1041 2106 1088 et
2139 1033 2401 1104 princeps
2431 1034 2548 1102 ipsa
2586 1049 2744 1088 mens
2785 1035 2958 1088 instar
2999 1033 3204 1103 judicia
3247 1033 3408 1088 fortis
3435 1044 3492 1087 et

1909 1121 2243 1192 incorrupti,
2277 1121 2428 1178 hunc
2463 1123 2606 1176 intra
2640 1124 2906 1178 terminos
2936 1124 3242 1178 consistere
3272 1124 3486 1193 jubeat,

1909 1214 2240 1287 singulaque
2269 1231 2431 1271 suum
2478 1215 2732 1272 ordinem
2785 1217 3090 1272 custodire.
3143 1221 3492 1288 Quapropter

1907 1310 2075 1363 etiam
2101 1311 2351 1364 omnium
2378 1309 2562 1380 opifex
2599 1307 3066 1384 concupiscentia:
3095 1309 3281 1364 sedem
3329 1309 3382 1363 in
3410 1309 3495 1380 je—

1908 1414 2037 1454 core
2065 1401 2391 1466 consuluit,
2423 1400 2570 1470 quod
2625 1399 2778 1455 cordi
2837 1399 3121 1471 subiacet;
3177 1399 3314 1453 iram
3363 1413 3494 1453 vero

1912 1501 2008 1546 aut
2038 1492 2209 1547 animi
2242 1493 2422 1547 zelum
2479 1492 2532 1545 in
2565 1492 2730 1546 corde
2761 1491 3070 1554 collocavit,
3112 1491 3258 1561 quod
3307 1491 3494 1562 jccore

1911 1595 2014 1639 ceu
2049 1582 2410 1654 principalior
2447 1598 2594 1652 pars,
2625 1589 2711 1637 est
2757 1585 3049 1653 superius:
3100 1582 3330 1638 rationis
3359 1586 3495 1638 vero

1911 1675 2098 1731 sedem
2135 1674 2264 1730 fecit
2292 1675 2604 1740 cerebrum,
2641 1676 2786 1743 quod
2813 1675 3061 1728 omnium
3084 1689 3360 1728 sutumqu
3386 1687 3495 1738 est,

1913 1783 2015 1824 ceu
2043 1783 2136 1823 rex
2172 1768 2448 1839 quispiam
2473 1807 2488 1832 ,
2529 1768 2641 1822 dux
2669 1775 2726 1822 et
2777 1769 3032 1837 princeps
3091 1767 3146 1821 in
3181 1766 3363 1820 omnia
3394 1782 3496 1835 po-

219 1869 468 1936 ἐεουσίαν
499 1867 815 1938 ἐχωνκατὰ
852 1865 1097 1932 πάντων,
1157 1866 1236 1935 μὴ
1301 1867 1466 1934 μόνον
1526 1865 1636 1918 τῶν
1683 1866 1805 1919 κατ’

1916 1869 2170 1919 testatem
2207 1861 2422 1917 habens
2448 1901 2464 1927 ,
2499 1877 2609 1915 non
2662 1861 2840 1916 solum
2878 1862 2947 1916 ab
2973 1861 3058 1914 his
3095 1876 3216 1930 quae
3260 1861 3402 1915 circa
3437 1876 3500 1915 se

219 1958 383 2016 αὑτὸν
424 1957 893 2032 τῷάὐτεξουσίῳ
945 1958 1220 2030 τιμηθεὶς,
1285 1956 1423 2012 ἀλλὰ
1485 1958 1581 2010 καὶ
1631 1959 1812 2026 πάσης

219 2052 490 2123 αἰσθητῆς
519 2051 758 2120 φύσεως,
784 2049 968 2112 καθὼς
997 2051 1090 2103 ἐπὶ
1142 2049 1236 2103 τοῦ
1275 2049 1471 2120 Ἀδὰμ,
1502 2049 1582 2102 ἔτι
1617 2065 1679 2102 τε
1715 2045 1812 2101 τοῦ

168 2134 172 2137 “
218 2140 362 2208 Νῶε,
397 2142 497 2197 καὶ
522 2140 631 2196 τῶν
687 2143 763 2195 ἐν·
797 2143 865 2212 τῇ
910 2141 1125 2211 Παλαιᾷ
1152 2157 1232 2200 ,τε
1280 2140 1377 2193 καὶ
1413 2139 1527 2210 Νέᾳ
1569 2137 1812 2210 Διαθήκῃ

217 2233 432 2300 τρανῶς
468 2234 881 2304 πεφανέρωται.
909 2233 1022 2288 Καὶ
1051 2231 1142 2286 διὰ
1189 2231 1352 2286 τοῦτο
1385 2232 1495 2294 πᾶς
1527 2229 1815 2307 ἄνθρωπος

145 2381 148 2384 .
218 2327 362 2400 κατὰ
391 2327 510 2382 τῶν
544 2325 738 2383 παθῶν
795 2326 1003 2397 ὀφείλει
1053 2324 1299 2398 χρῆσθαι
1347 2324 1427 2396 τῷ
1485 2323 1664 2394 θυμῷ,
1718 2324 1816 2378 καὶ

220 2417 345 2474 καθ’
363 2420 704 2493 οἱουδήτινος
737 2420 1066 2491 πράγματος
1117 2418 1448 2491 χωρίζοντας
1501 2417 1664 2471 αὐτὸν
1717 2416 1813 2471 τοῦ

222 2509 380 2564 Θεοῦ.
415 2509 560 2566 Ὀὃέ
611 2507 861 2581 Μωάμεθ
915 2508 1040 2564 ἀντὶ
1099 2507 1212 2563 τῶν
1260 2506 1452 2562 παθῶν
1517 2506 1661 2562 κατὰ
1716 2507 1813 2561 τοῦ

221 2597 502 2667 όμοφυοῦς
552 2596 845 2670 ἀνθρώπου
877 2595 1059 2668 τούτῳ
1091 2596 1392 2667 ἐχρήσατο,
1446 2590 1537 2653 οἷά
1576 2613 1684 2650 τινι
1717 2595 1816 2665 θη-

223 2688 322 2759 ρίῳ
348 2688 718 2760 ὰπηνεστάτιρ
761 2687 861 2742 καὶ
911 2685 1203 2759 ἀνημέρῳ,
1237 2686 1286 2740 εί
1329 2686 1404 2757 μή
1463 2703 1580 2749 πως
1632 2688 1700 2758 τῇ
1732 2703 1818 2754 cpt.

223 2779 568 2853 λοχρηματίᾳ
593 2780 687 2834 τὸν
723 2778 917 2852 θυμὸν,
951 2778 1028 2854 ὡς
1056 2780 1276 2848 είρηται
1328 2777 1715 2848 καταπραΰνῃ.
1754 2776 1815 2829 '0

222 2871 267 2926 δ’
290 2874 473 2938 -αὑτὸς
513 2869 670 2936 αὖθις
705 2874 763 2925 ἐν
795 2869 873 2942 τῷ
903 2869 1186 2940 κεφαλαίῳ
1217 2867 1297 2940 τῷ
1325 2869 1466 2937 Ἕμ,
1491 2865 1680 2938 ὥσπερ
1707 2866 1816 2919 τῶν

224 2965 440 3021 πάντων
495 2964 912 3036 ἐπιλαθόμενος,
951 2960 1129 3026 οὕτως
1159 2959 1410 3032 εἴρηκεν,
1443 2960 1527 3013 ὅτι
1581 2958 1703 3011 Τῶν
1734 2958 1818 3011 δε-

223 3059 467 3130 χομένων
499 3059 634 3113 Θεὸν
657 3058 848 3129 ἕτερον
901 3055 1043 3128 πλὴν
1100 3053 1198 3110 τοῦ
1227 3053 1366 3108 Θεοῦ
1403 3052 1731 3130 τοῦτουήοὺκ
1765 3046 1818 3103 εί

223 3154 286 3207 σὺ
309 3152 664 3223 παιδαγωγὸς
704 3149 737 3221 ἢ
789 3147 1155 3220 ἐπιμελητὴς,
1197 3147 1319 3200 επεὶ
1369 3143 1531 3198 τοῧτο
1584 3145 1818 3230 τετήρη-

1921 1965 2053 2010 sunt
2080 1967 2308 2026 propter
2331 1953 2568 2010 liberum
2591 1956 2676 2010 sui
2704 1955 2992 2010 arbitrium
3027 1954 3379 2020 honoratum,
3401 1955 3499 2011 sed

1913 2047 1977 2101 ad
2013 2047 2161 2101 omni
2225 2054 2416 2101 natura
2447 2061 2612 2101 sensu
2646 2047 2869 2116 praedita
2922 2047 3393 2116 quemadmodum
3442 2049 3497 2100 in

1912 2137 2144 2198 Adamo.
2177 2137 2233 2192 in
2290 2137 2442 2202 Noe,
2484 2137 2718 2208 aliisque
2767 2147 2874 2191 tam
2911 2138 2965 2191 in
3023 2137 3205 2194 Veteri
3237 2137 3497 2207 quamin

1913 2228 2066 2284 Novo
2093 2228 2446 2284 Testamento
2477 2229 2818 2284 declaratum
2869 2238 2975 2284 est.
3011 2230 3358 2302 Quapropter
3379 2249 3502 2302 qu.-

1911 2319 2050 2376 libet
2083 2320 2250 2375 homo
2279 2329 2470 2375 contra
2500 2322 2730 2376 aii'ectus
2761 2321 2840 2376 ira
2865 2323 2943 2377 uti
2978 2321 3164 2388 debet,
3214 2332 3270 2377 et
3310 2323 3502 2376 advrt—

1912 2426 2009 2467 sus
2041 2411 2349 2482 quamlibet
2376 2427 2492 2467 rem
2524 2428 2646 2482 quze
2689 2415 2868 2482 ipsum
2898 2430 2927 2467 a
2967 2413 3077 2468 Deo
3110 2414 3357 2469 abducit.
3390 2414 3502 2468 illa-

1919 2502 2108 2558 homet
2138 2517 2274 2558 vero
2302 2518 2410 2556 non
2442 2509 2635 2558 contra
2670 2503 2922 2568 allectus,
2962 2504 3055 2558 sed
3082 2514 3371 2573 cognatum
3395 2503 3501 2559 sibi

1899 2595 2197 2648 hominem
2225 2594 2329 2649 hac
2370 2602 2636 2664 tanquam
2668 2594 2784 2649 fera
2813 2596 3180 2650 immitissima
3210 2607 3267 2650 et
3306 2576 3503 2650 crude-

1915 2688 2124 2743 lissima
2159 2702 2290 2742 usus
2316 2694 2419 2754 est,
2447 2687 2552 2742 nisi
2608 2687 2756 2756 quod
2784 2688 3032 2754 avaritia,
3063 2699 3121 2742 ut
3155 2689 3362 2743 dictum
3393 2699 3502 2756 est;

1918 2782 2056 2838 iram
2077 2780 2330 2836 nonnihil
2360 2779 2652 2849 mitigavit.
2686 2778 2831 2832 Idem
2861 2795 2992 2834 vero
3019 2781 3293 2835 rursusvin
3319 2783 3503 2850 capite

1920 2873 2019 2928 Em
2045 2917 2058 2939 ,
2098 2881 2356 2942 tanquam
2387 2872 2632 2926 omnium
2664 2871 2873 2926 oblitus
2906 2912 2920 2936 ,
2961 2873 3041 2927 sic
3081 2871 3218 2926 dixit
3246 2890 3258 2926 :
3297 2875 3500 2928 Eorum

1919 2968 2010 3037 qui
2065 2967 2237 3021 Deum
2261 2965 2432 3020 alium
2466 2981 2631 3036 quam
2666 2965 2813 3020 hunc
2841 2966 3137 3034 recipiunt,
3173 2975 3227 3021 tu
3254 2968 3504 3037 ptcdago-

1919 3074 2018 3128 gus
2071 3075 2178 3114 non
2212 3074 2294 3124 es,
2331 3073 2433 3114 nec
2478 3067 2809 3128 procurator
2845 3075 2859 3111 :
2904 3058 3169 3127 quoniam
3208 3058 3352 3115 Deus
3399 3061 3504 3116 hoc

1920 3137 2025 3205 sibi
2075 3151 2181 3221 ipsi
2231 3150 2555 3206 reservavit.
2596 3151 2663 3204 Et
2689 3152 2940 3221 quisnam
2985 3152 3133 3206 alius
3179 3151 3506 3208 Mahometis

222 3249 368 3301 κενό
419 3245 564 3309 Θεδς
619 3243 822 3315 ἐαυτῷ.
862 3242 975 3296 Καὶ
1018 3240 1102 3306 τίς
1141 3238 1210 3293 ἂν
1277 3237 1468 3308 ἔτερος
1522 3237 1813 3307 γενήσεται

1916 3253 2210 3299 accusator
2251 3250 2358 3298 tam
2414 3244 2596 3316 gravis
2653 3242 2858 3310 fuerit,
2917 3238 3084 3316 quam
3137 3245 3253 3315 ipse
3291 3255 3381 3299 est
3414 3243 3502 3300 sui

222 3338 514 3408 ἀξιόλογος
552 3338 863 3408 κατήγορος
899 3333 995 3388 τοῦ
1041 3331 1310 3405 Μωάμεθ,
1344 3331 1422 3395 ὡς
1470 3330 1634 3393 αὐτὸς
1679 3329 1813 3383 ἐαυ-

220 3431 360 3500 τοῦ;
420 3431 765 3502 Βουλόμενος
813 3430 947 3500 γὰρ
972 3426 1283 3495 ἀντιλέγειν
1333 3427 1432 3489 τὰς
1466 3425 1714 3497 Γραφὰς,
1748 3423 1814 3486 ἃς

217 3521 436 3586 δικαίας
471 3521 570 3576 καὶ
596 3519 760 3589 ἁγίας
788 3521 1076 3584 ἐκάλεσεν,
1108 3521 1137 3572 ό
1158 3519 1214 3572 δέ
1258 3517 1320 3572 οῦ
1386 3516 1551 3587 μόνον
1609 3515 1816 3578 ταύτας

219 3615 482 3684 φαίνεται
528 3613 851 3682 ἀντιλέγων,
883 3612 1022 3668 ἀλλὰ
1081 3611 1274 3684 σχεδὸν
1337 3612 1395 3666 ἐν
1440 3612 1608 3664 πᾶσιν
1651 3608 1816 3672 αὐτὸς

219 3707 398 3779 ἑαυτῷ
425 3707 770 3764 ἀντιπίπτει.
789 3707 878 3760 Ἐν
902 3703 1106 3777 γὰρτῷ
1132 3703 1414 3775 κεφαλαίῳ
1433 3703 1510 3774 τῷ
1535 3699 1814 3765 Ἐλνεσᾶ,

217 3801 357 3872 ὅπερ
381 3799 760 3872 ἑρμηνεύεται
801 3795 1122 3867 γυναῖκες,
1156 3795 1360 3849 οὑτωσί
1409 3810 1574 3864 φησιν
1595 3808 1610 3822 ’
1640 3793 1704 3846 Εἰ
1737 3792 1814 3860 μὴ

219 3893 371 3962 παρὰ
394 3891 542 3947 Θεοῦ
578 3887 648 3963 ἦν
674 3893 738 3944 τὸ
778 3889 1027 3962 Κορρὰν,
1069 3887 1269 3943 πολλαὶ
1304 3886 1680 3955 ἐναντιότητες
1720 3886 1815 3938 εὑ-

220 3986 509 4052 ρίσκοιντο
535 3983 599 4038 ἂν
630 3985 690 4035 ἐν
731 3982 901 4052 αὐτῷ.
951 3981 1045 4051 Μὴ
1090 3979 1390 4050 δυνάμενος
1427 3977 1610 4032 τοίνυν
1660 3978 1842 4030 ἀντο..

217 4073 506 4143 φθαλμείν
541 4072 677 4142 πρὸς
708 4071 805 4133 τὰς
836 4069 1082 4142 Γραφὰς,
1117 4067 1430 4139 ἐξανάγκης
1480 4067 1817 4136 καταφεῦγει

215 4165 277 4216 ἐν
299 4165 378 4234 τῷ
407 4163 607 4234 ψεύδει
629 4202 646 4228 ,
681 4162 756 4226 ὼς
787 4162 952 4234 δῆθεν
983 4161 1096 4216 ἀπὸ
1119 4161 1260 4215 Θεοῦ
1285 4161 1393 4214 εἰσι
1419 4161 1488 4215 τὰ
1520 4160 1812 4230 λεγόμενα.

217 4257 331 4311 Καὶ
383 4257 512 4321 πῶς
543 4256 652 4310 ἀπὸ
677 4255 834 4322 Θεοῦ,
868 4255 1102 4325 ψεύδους
1129 4254 1348 4308 διάκονε
1385 4252 1480 4306 καὶ
1508 4255 1773 4323 γεννῆτορ
1798 4266 1814 4318 ;

219 4347 398 4402 Ἔνθα
430 4345 550 4416 γὰρ
580 4342 801 4415 ψεῦδος,
834 4343 965 4406 Θεὸς
997 4342 1100 4395 οὐκ
1152 4342 1307 4396 ἐστι·
1358 4344 1454 4397 καὶ
1483 4342 1619 4395 ὅπου
1657 4341 1816 4405 Θεὸς,

214 4440 278 4492 τὸ
298 4439 510 4509 ψεῦδος
540 4437 906 4508 ἀπελήλαται.
950 4435 1028 4490 Οὐ
1064 4435 1177 4506 γὰρ
1205 4435 1474 4503 ὑπομένει
1506 4434 1567 4486 τ’)
1621 4432 1818 4497 σκότος

1919 3338 2138 3410 ipsius?
2173 3337 2380 3393 Voleus
2410 3337 2560 3391 enim
2597 3336 2902 3407 Scripturis
2931 3337 3332 3401 contradicere,
3365 3351 3505 3408 quas

1918 3439 2078 3484 antea
2103 3432 2279 3501 justas
2305 3438 2360 3484 et
2389 3439 2609 3484 sanctas
2633 3429 2869 3492 vocavit,
2898 3445 3004 3484 non
3026 3429 3112 3484 his
3145 3437 3354 3484 tantum
3375 3444 3505 3484 con-

1921 3522 2192 3576 tradicere
2225 3519 2682 3591 deprehenditur,
2733 3521 2827 3577 sed
2851 3521 2904 3575 in
2946 3521 3203 3575 omnibus
3234 3521 3347 3575 fere
3389 3521 3506 3590 ipse

1917 3614 2021 3669 sibi
2057 3613 2155 3684 ipsi
2181 3624 2264 3669 est
2287 3615 2624 3669 contrarius.
2655 3614 2713 3668 In
2745 3613 2923 3682 capite
2953 3611 3099 3667 enim
3121 3612 3504 3682 Eluesa,quod

1919 3705 2164 3761 mulieres
2189 3706 2481 3776 signiﬁcat,
2509 3707 2587 3760 sic
2621 3705 2799 3775 inquit
2831 3723 2844 3758 :
2876 3704 2988 3760 Nisi
3019 3721 3048 3760 a
3081 3706 3192 3760 Deo
3233 3714 3380 3760 esset
3404 3704 3502 3759 Al-

1919 3815 2207 3866 coranum,
2240 3801 2409 3854 multa
2455 3799 2506 3853 in
2544 3815 2612 3855 eo
2649 3797 3026 3854 invenirentur
3057 3799 3502 3855 contradictoris.

1917 3893 2054 3950 Cum
2088 3909 2220 3950 sane
2241 3894 2473 3965 ipsemet
2504 3909 2612 3948 non
2639 3901 2824 3963 posset
2854 3894 2970 3948 suis
2998 3893 3172 3949 oculis
3191 3893 3506 3965 Scripturas

1917 3987 2126 4042 intueri
2153 4030 2167 4052 ,
2206 3987 2520 4044 necessario
2545 3987 2784 4056 confugit
2811 3987 2879 4041 ad
2931 3987 3238 4051 mendacia,
3265 3988 3505 4057 quasiea

1919 4096 2039 4152 quae
2071 4081 2332 4135 dicuntur
2365 4096 2397 4135 a
2433 4081 2542 4136 Deo
2570 4080 2700 4135 sint.
2735 4077 2801 4133 Et
2829 4081 3108 4150 quomodo
3135 4096 3164 4135 a
3187 4080 3299 4136 Deo
3325 4080 3501 4144 esses.

1919 4174 2193 4228 mendacii
2231 4174 2486 4228 minister
2509 4183 2564 4229 ct
2589 4184 2744 4243 pater
2769 4173 2914 4230 iUbi
2940 4175 3090 4229 enim
3117 4174 3502 4240 mendacium,

1921 4266 1996 4322 ibi
2033 4266 2175 4322 Deus
2221 4266 2401 4321 locum
2457 4283 2568 4320 non
2602 4263 2811 4332 habet;
2852 4277 2908 4324 et
2951 4267 3042 4322 ubi
3085 4267 3229 4326 Deus
3257 4276 3384 4330 est,
3427 4267 3505 4323 ibi

1922 4358 2266 4412 mendacium
2295 4356 2514 4413 defecit.
2543 4357 2967 4413 Tenebrn-enim
3001 4357 3227 4413 luminis
3260 4373 3503 4429 praesen-

1923 4449 2055 4503 tiam
2091 4463 2200 4502 non
2245 4447 2568 4510 sustinent,
2619 4445 3085 4515 quemadmodum
3139 4460 3243 4501 nec
3278 4445 3508 4500 morbus

215 4530 315 4603 τὴν
356 4531 459 4586 τοῦ
504 4531 682 4600 φωτὸς
712 4529 1043 4600 παρουσίαν,
1094 4529 1170 4591 ὡς
1222 4527 1343 4582 οὐδὲ
1391 4528 1548 4591 νόσος
1601 4525 1813 4596 ὑγιείας

1921 4541 2155 4600 sanitate
2195 4540 2524 4597 succedente
2555 4539 2829 4594 subsistit.

219 4623 604 4696 ἐπιλαϐούσης
638 4623 879 4678 ἵσταται.

289 4718 382 4784 ιγ’.
431 4718 561 4770 Ἔτι
595 4715 839 4788 ἀρχηγὸν
891 4716 988 4769 καὶ
1038 4714 1363 4776 διδάσκαλον
1424 4713 1619 4767 ἑαυτὸν
1677 4707 1818 4766 εἶναι

215 4805 400 4874 λέγων
467 4803 564 4858 τοῦ
616 4806 810 4875 νόμον,
883 4806 1052 4877 ὅνπερ
1101 4807 1216 4868 τοῖς
1282 4805 1513 4874 ἀνόμοις
1579 4803 1817 4870 ἐξέθετο,

214 4899 314 4953 καὶ
356 4897 459 4951 τοῦ
523 4895 855 4969 Κυρῤὰν,ὃν
903 4897 1308 4968 συνεγράψατο,
1366 4899 1470 4950 οὑκ
1527 4897 1816 4968 ᾐσχύνετο.

213 4992 499 5064 Φησὶγὰρ
534 4991 617 5044 ὅτι
650 4990 679 5042 ό
712 4989 861 5053 Νῶε,
907 4977 943 5042 δ
983 4991 1257 5060 Ἀϐραὰμ,
1290 4991 1318 5043 ο
1377 4991 1588 5054 Ἰσαὰκ,
1639 4991 1666 5042 ό
1709 4990 1815 5042 Ἰα-

218 5083 361 5147 κὼό,
402 5083 545 5138 ἀλλὰ
580 5083 679 5134 καὶ
712 5084 762 5135 οἱ
797 5082 892 5136 τοῦ
926 5083 1165 5154 Χριστοῦ
1201 5083 1491 5138 ἀπόστολοι
1534 5083 1627 5136 τοῦ
1647 5080 1814 5135 αὐτοῦ

215 5170 510 5240 δόγματος
540 5168 707 5244 ἦσαν.
757 5174 870 5226 Καὶ
921 5175 1038 5237 πῶς
1085 5171 1181 5226 τοῦ
1223 5174 1389 5227 αὐτοῦ
1443 5173 1717 5243 δόγματος
1769 5172 1818 5224 oi

219 5265 550 5332 ἀπόστολοι,
590 5265 641 5318 οἱ
671 5267 779 5337 πρὸ
832 5266 921 5319 oo"
960 5266 1322 5336 γεννηθέντες
1378 5267 1597 5338 χρόνοις
1646 5265 1819 5318 ἐπτι-

223 5359 464 5424 κοσίοις,
500 5359 660 5429 εἴπερ
685 5360 1023 5430 σὺιάρχηγὸς
1084 5358 1176 5413 τοῦ
1235 5359 1546 5426 δόγματοςς
1603 5358 1726 5420 Πῶς
1765 5357 1822 5409 δὲ

224 5453 325 5503 καὶ
379 5453 434 5504 οἱ
476 5451 581 5520 πρὸ
643 5453 890 5514 ἐκείνων,
922 5454 950 5505 ὅ
1008 5468 1068 5505 τε
1137 5450 1419 5524 Ἀϐραὰμ,
1466 5452 1559 5530 καέ
1603 5451 1817 5516 Ἰσαὰκ,

224 5544 324 5598 καὶ
370 5542 570 5596 Ἰακὼϐ
600 5544 963 5614 γεννηθέντες
997 5545 1248 5615 χρόνοις;
1283 5546 1407 5610 Πῶς
1431 5546 1477 5600 δ’
1495 5541 1651 5610 αὖθις
1672 5546 1818 5611 Νῶε,

225 5637 255 5689 6
290 5637 407 5707 πρὸ
432 5637 644 5691 τούτων
679 5640 904 5709 χρόνους
937 5641 1363 5710 τετρακοσίουςς
1401 5641 1462 5694 Ei
1502 5641 1604 5711 μὲν
1628 5639 1719 5693 οὖν
1756 5641 1820 5692 σὺ

230 5723 283 5782 ei
313 5731 343 5782 ὁ
376 5731 625 5800 ἀρχηγὸς
657 5734 754 5786 καὶ
805 5733 905 5802 τῆς
945 5733 1145 5797 κακίας
1183 5734 1509 5806 ἐφευρετὴς,
1538 5734 1676 5804 ὅπερ
1705 5733 1822 5786 ἐστὶ

229 5822 328 5877 καὶ
360 5823 614 5894 ἀλήθεια,
664 5826 838 5900 ψεύδῃ
865 5828 1039 5898 λέγων
1098 5823 1241 5884 εἶναι
1272 5829 1515 5894 ἐκείνους
1538 5828 1633 5882 τοῦ
1696 5846 1821 5901 μιας

1995 4719 2080 4774 15.
2108 4719 2378 4774 Praeterea
2408 4720 2603 4772 ducem
2627 4726 2682 4771 et
2712 4719 3031 4788 magistrum
3069 4731 3129 4771 se
3157 4714 3346 4772 dicens
3377 4729 3504 4771 esse

1919 4809 2076 4881 legis,
2107 4826 2270 4880 quam
2301 4810 2510 4881 iniquis
2546 4809 2691 4876 tuiit,
2724 4808 3012 4865 Alcorrani
3045 4809 3223 4879 ipsum
3255 4822 3363 4862 non
3395 4823 3500 4878 pu-

1920 4904 2064 4960 duit.
2089 4903 2231 4956 Dicit
2263 4903 2430 4963 enim,
2461 4903 2608 4972 quod
2636 4903 2771 4965 Noe,
2804 4902 2864 4952 Al
2891 4900 3100 4959 raham.
3125 4900 3288 4964 lsaac,
3311 4899 3499 4965 Jacob,

1922 4995 2016 5056 sed
2047 5003 2102 5049 et
2127 4994 2301 5064 ipsius
2327 4993 2529 5049 Christi
2559 4992 2789 5063 apostoli
2824 4992 3072 5063 ejusdem
3103 4980 3239 5063 legis
3263 5000 3502 5049 sectato-

1922 5105 2012 5144 res
2043 5088 2271 5144 fuerint.
2305 5089 2370 5142 Ει
2396 5090 2673 5158 quomodo
2695 5088 2946 5158 ejusdem
2974 5087 3246 5157 dogmatis
3267 5085 3503 5156 apostoli

1921 5183 2166 5244 fuerunt,
2195 5181 2287 5250 qui
2331 5183 2653 5250 priusquam
2690 5189 2745 5234 tu
2791 5180 3125 5241 nascereris,
3157 5180 3322 5233 annis
3354 5179 3509 5234 vise.

1924 5283 2053 5326 runt
2101 5272 2322 5326 circiter
2371 5270 2753 5340 septingentis,
2808 5271 2852 5325 si
2905 5278 2960 5323 tu
3021 5270 3292 5340 dogmatis
3342 5269 3507 5337 hujus

1923 5374 2116 5420 auctor
2139 5365 2234 5419 es?
2260 5362 2548 5442 Quomodo
2573 5377 2702 5418 vero
2740 5361 3039 5425 Abraham,
3070 5362 3218 5416 Ιδιιπ
3240 5359 3503 5427 etJacob,

1927 5468 2006 5516 tot
2040 5468 2167 5514 ante
2199 5457 2299 5513 hos
2351 5455 2566 5512 saeculis
2606 5454 2716 5510 nati
2747 5473 2758 5507 :
2809 5453 3086 5523 qumnodo
3131 5454 3330 5510 iterum
3365 5453 3504 5517 Noe,

1923 5552 2015 5621 qui
2055 5559 2185 5604 ante
2238 5548 2340 5603 hos
2392 5548 2529 5602 vixit
2558 5547 2719 5602 annis
2781 5546 3004 5600 circiter
3046 5543 3507 5615 quadringentis?

1924 5642 2078 5708 Quod
2117 5641 2162 5695 si
2216 5650 2272 5696 tu
2312 5640 2476 5711 igitur
2503 5649 2694 5695 auctor
2723 5649 2774 5693 et
2818 5639 3070 5694 inventor
3098 5634 3397 5707 impietatis
3443 5648 3506 5688 es

1929 5734 2199 5803 (utetiam
2225 5749 2299 5795 es.
2313 5736 2554 5803 revera),
2579 5731 2718 5787 falso
2748 5733 2885 5787 dicis
2904 5730 3029 5786 illos
3054 5727 3255 5797 impuri
3283 5726 3500 5793 dagma-

1925 5828 1996 5884 tis
2044 5827 2280 5885 asseclas
2323 5827 2526 5903 fuisse.
2559 5825 2616 5885 Si
2657 5839 2808 5896 vero,
2841 5835 2902 5885 ut
2935 5824 3089 5892 iacis,
3147 5821 3268 5880 illos
3309 5815 3502 5875 eadem
