4120 6290
551 329 659 399 611

1769 327 2094 389 JOANNIS
2131 324 2658 390 CANTACUZENI

3717 333 3821 401 διε

553 445 765 505 sentire
792 443 1018 509 asseris,
1042 455 1268 498 rursum
1302 440 1574 500 mendacii
1607 443 1975 508 oonvinccris,
2003 441 2148 513 quod

2266 443 2354 514 ροῦ
2387 441 2607 496 removi
2657 441 2930 514 δόγματος
2955 455 2967 471 ·
2995 442 3044 496 εί
3064 440 3112 496 δ’
3141 441 3218 508 ὡς
3250 442 3431 515 λέγεις
3456 445 3527 500 τὰ
3561 447 3698 506 αὐτὰ
3730 455 3824 508 χά.

557 549 610 596 te
647 540 784 610 legis
817 546 1102 593 auctorem
1138 535 1412 592 nomines.
1447 534 1557 591 Nec
1605 535 1754 591 enim
1780 538 1983 607 poterit
2020 537 2145 614 fons

553 648 622 689 ex
660 647 770 687 uno
812 630 1118 701 eodemque
1156 629 1331 686 canali
1369 643 1568 700 aquam
1606 629 1826 686 dulcem
1877 631 2044 686 simul
2088 621 2147 688 et

556 739 801 781 amaram
827 723 1142 789 effundere,
1175 722 1262 778 vel
1297 738 1483 777 verum
1515 730 1572 778 et
1594 721 1814 778 falsum.
1848 722 1956 780 Sed
1997 723 2146 795 quod

561 821 680 892 ipse
719 835 818 890 per
854 816 1221 889 ignorantiam
1260 816 1360 872 tibi
1391 813 1764 880 contradicas,
1801 832 1994 872 verum
2037 829 2144 873 est.

555 909 827 976 Quoniam
862 909 997 964 ﬁdes
1044 923 1156 964 non
1213 907 1266 962 vi
1317 923 1421 963 nec
1462 907 1794 963 necessitate
1821 907 2006 974 datur,
2049 907 2145 964 sed

555 1001 844 1057 electionis
903 1010 960 1055 et
989 999 1292 1057 voluntatis
1339 1009 1442 1056 est.
1480 999 1799 1072 Corporalla
1834 1001 1982 1056 enim
2036 1002 2147 1058 vim

559 1095 808 1148 sentiunt
835 1109 850 1159 ;
878 1093 1061 1148 anima
1096 1106 1251 1157 vero,
1275 1098 1330 1148 et
1355 1107 1478 1163 qua:
1502 1092 1649 1148 illius
1679 1102 1828 1155 sunt,
1864 1109 1971 1148 non
1992 1095 2142 1150 item.

558 1185 667 1242 Sed
703 1186 887 1240 anima
924 1185 1334 1258 quodammodo
1367 1185 1454 1240 sui
1507 1185 1650 1257 juris
1691 1195 1798 1252 est,
1839 1195 1896 1241 et
1927 1187 2145 1252 libera;

555 1283 704 1354 quod
739 1283 887 1339 enim
930 1281 1111 1338 credit
1135 1292 1190 1338 et
1235 1282 1373 1344 vult,
1416 1281 1554 1335 illud
1592 1291 1740 1335 amat
1765 1290 1821 1336 et
1861 1278 2149 1350 amplecti-

556 1354 667 1432 tui‘.
701 1376 856 1445 Quod
878 1385 1062 1432 autem
1094 1377 1145 1428 vi
1181 1374 1475 1445 contingit,
1504 1384 1714 1452 motum
1759 1389 1790 1428 a
1823 1373 2006 1443 seipso
2038 1387 2147 1427 non

559 1468 730 1526 habet
766 1486 780 1524 τ
811 1469 961 1540 quod
998 1479 1186 1524 autem
1226 1468 1464 1540 propria:
1511 1477 1720 1523 natura:
1765 1475 2059 1538 repugnat,
2094 1477 2150 1521 et

496 1561 499 1565 ”
553 1563 783 1630 aliunde
817 1573 1089 1628 movetur,
1119 1563 1336 1617 firmum
1370 1576 1478 1617 non
1511 1571 1626 1629 est;
1656 1570 1713 1616 et
1750 1563 1895 1632 quod
1931 1561 2149 1615 ﬁrmum

559 1673 668 1712 non
721 1667 822 1723 est,
863 1673 963 1712 nec
1008 1657 1177 1713 etiam
1221 1656 1418 1712 stabile
1475 1660 1603 1711 erit.
1639 1653 1918 1726 Evangelii
1964 1668 2148 1708 autem

561 1751 647 1805 lex
677 1759 734 1802 et
781 1749 938 1804 ﬁrma
978 1759 1083 1812 est,
1116 1757 1169 1804 et
1213 1746 1448 1811 stabilis,
1491 1757 1718 1819 propter
1750 1745 1962 1816 proprii
2006 1746 2152 1816 juris

2256 536 2476 601 κείνους
2506 539 2752 610 φρονεῖν,
2785 538 2879 590 καί
2912 535 3056 590 οὕτω
3077 537 3254 610 ψεύδῃ
3316 541 3565 614 ἀρχηγὸν
3606 548 3823 600 σεαυτὸν

2257 631 2575 686 ἀποκαλῶν.
2615 633 2726 686 Καὶ
2747 632 2856 701 γὰρ
2888 631 2948 686 οὐ
2991 631 3218 686 δύναται
3246 635 3398 707 πηγὴ
3446 636 3509 689 ὲκ
3549 639 3644 709 τῆς
3665 640 3825 711 αὐτῆς

2259 724 2359 778 καὶ
2419 725 2551 799 μιᾶς
2586 723 2728 794 ὀπῆς
2762 723 2982 795 βλύζειν
3021 725 3174 794 νᾶμα
3219 726 3393 794 γλυκὺ
3456 729 3548 797 καὶ
3615 734 3823 801 πικρὸν,

2260 817 2379 889 ἢτοι
2419 816 2619 886 ψεῦδος
2660 811 2755 870 διαὶ
2779 817 3062 890 ἀλήθειαν.
3095 819 3238 872 ἈΠ’
3261 821 3400 891 ὅπερ
3429 822 3592 885 αὐτὸς
3623 824 3826 892 ἀγνοῶν

2258 908 2637 982 καταγγέλλῃ,
2671 908 2832 964 τοῦτό
2872 913 3024 964 ἐστιν
3056 913 3090 983 ἡ
3127 911 3382 983 ἀλήθεια,
3431 913 3515 966 ὅτι
3560 917 3593 986 ἡ
3653 915 3829 979 πίστις

2257 1004 2362 1058 οὐκ
2386 1001 2502 1054 ἔστι
2535 1001 2633 1066 τῆς
2661 1001 2782 1072 βίας
2818 1002 2913 1057 καὶ
2945 1001 3046 1072 τῆς
3068 1005 3337 1076 ἀνάγκης,
3359 1004 3496 1060 ἀλλά
3519 1007 3616 1077 τῆς
3644 1025 3833 1079 προαι.

2262 1097 2464 1168 ρὲσιως
2505 1096 2601 1151 καὶ
2633 1095 2927 1168 θελήσεως.
2957 1097 3037 1150 Τὰ
3073 1097 3190 1167 γὰρ
3251 1099 3547 1170 σωματικὰ
3593 1099 3829 1170 δέχονται

2256 1190 2318 1242 τὸ
2345 1190 2540 1261 βίαιον,
2568 1189 2638 1243 τά
2667 1189 2722 1244 δὲ
2747 1188 2958 1260 ψυχικά
2985 1190 3084 1260 οὐχ
3121 1189 3318 1256 οὓτως.
3358 1191 3501 1245 Ἀλλ’
3529 1191 3604 1256 ὡς
3650 1191 3832 1258 αὐτεξ-

2256 1281 2439 1346 ούσιος
2487 1283 2582 1336 καὶ
2635 1282 2897 1353 ἐλευθέρα
2945 1284 2977 1355 ἠ
3044 1282 3212 1356 ψυχὴ,
3258 1285 3396 1357 ὅπερ
3449 1285 3693 1341 πιστεύει
3743 1289 3830 1340 καὶ

2261 1375 2541 1449 βούλεται,
2598 1375 2758 1430 τοῦτο
2822 1378 2916 1432 καὶ
2975 1380 3200 1459 στέργει
3243 1380 3336 1434 καὶ
3379 1380 3615 1452 δέχεται.
3667 1380 3739 1434 Th
3780 1381 3834 1435 δὲ

2262 1471 2403 1540 μετά
2439 1468 2563 1538 βίας
2591 1470 2920 1541 γιγνόμενον
2946 1471 3050 1526 οὒκ
3090 1471 3208 1543 ἔχει
3240 1475 3335 1542 ἀφ’
3357 1475 3564 1530 ἑαυτοῦ
3621 1474 3718 1547 τὴν
3750 1469 3833 1531 ii-

2260 1583 2439 1635 νηοιν,
2476 1567 2597 1636 ἦτοι
2637 1566 2794 1638 παρὰ
2820 1566 2924 1636 τὴν
2980 1566 3122 1620 ιδίαν
3173 1568 3371 1637 φύσινο
3410 1569 3509 1623 καὶ
3545 1568 3607 1623 sit
3646 1568 3837 1641 ὲιέρωυ

2259 1661 2354 1713 θεν
2387 1659 2718 1727 κινούμενον
2747 1660 2847 1714 οὐκ
2892 1659 3007 1730 ἔχει
3071 1662 3136 1715 τὸ
3189 1661 3412 1732 βέϐαιον
3443 1678 3461 1696 ο
3496 1661 3596 1718 καὶ
3653 1663 3715 1718 τὸ
3766 1662 3838 1733 μὴ

2257 1751 2383 1822 ἕχον
2411 1751 2473 1804 τὸ
2503 1751 2725 1820 βέϐαιον
2759 1753 2862 1805 οὐκ
2892 1752 3008 1824 ἔχει
3047 1755 3104 1808 τὸ
3149 1757 3406 1827 μόνιμον.
3460 1755 3607 1811 Ἀλλ’
3661 1757 3691 1809 ό
3743 1756 3837 1825 μὲν

557 1848 910 1911 potestatem,
933 1848 988 1895 et
1017 1840 1189 1909 ipsius
1213 1841 1552 1894 voluntatem
1575 1837 1792 1892 animae.
1823 1857 1839 1888 ι
1868 1836 1970 1904 Qui
2009 1837 2157 1890 enim

2266 1844 2355 1898 τοῦ
2379 1843 2723 1912 Εὖαγγελίου
2758 1845 2924 1914 νόμος
2951 1845 3067 1917 ἔχει
3119 1847 3181 1900 τὸ
3234 1847 3455 1918 βέϐαιόν
3499 1866 3558 1904 τε
3609 1849 3702 1903 καὶ
3747 1849 3843 1916 μόο

562 1941 766 2002 potest,
801 1931 983 2003 inquit
1022 1930 1300 1992 Christus,
1336 1946 1556 2000 capere,
1589 1931 1768 2000 capiat
1797 1929 1863 1983 ⁸³.
1908 1949 1926 1982 ι
1961 1928 2152 1982 Maha-

562 2025 727 2079 metis
755 2024 841 2079 lex
879 2039 981 2080 nec
1010 2023 1166 2079 ﬁrma
1205 2034 1313 2089 est,
1349 2039 1452 2080 nec
1481 2023 1719 2089 stabilis,
1767 2038 1836 2080 eo
1880 2022 2027 2093 quod
2057 2037 2183 2093 per'

562 2119 803 2190 gladium
853 2131 910 2176 et
960 2121 1070 2175 vim
1114 2120 1578 2186 administretur;
1616 2120 1746 2176 licet
1792 2120 1887 2174 Dei
1925 2118 2155 2192 judiciis

566 2218 735 2287 hujus
764 2213 1020 2286 impietas
1049 2213 1300 2281 dilatata,
1337 2223 1392 2269 et
1429 2214 1646 2269 viribus
1683 2221 1846 2268 aucta
1891 2211 1984 2267 sit.
2039 2209 2150 2268 Sed

563 2315 832 2378 quantum
864 2321 896 2360 a
931 2305 1074 2361 ccalo
1123 2313 1266 2360 terra
1301 2304 1491 2370 distat,
1542 2311 1755 2358 tantum
1797 2301 1891 2358 Dei
1926 2301 2156 2359 consilia

562 2400 634 2454 ab
658 2398 918 2455 humanis
948 2397 1235 2464 differunt,
1265 2405 1321 2452 et
1366 2397 1517 2454 illius
1554 2395 1917 2466 cogitationes
1945 2396 2017 2451 ab
2049 2395 2157 2450 hu-

564 2490 746 2545 manis
770 2487 1228 2560 cegitationibus,
1258 2487 1729 2559 quemadmodum
1761 2495 1818 2542 et
1847 2486 1964 2556 ipse
2012 2487 2157 2544 Deus

564 2599 665 2654 per
695 2582 890 2638 lsaiam
940 2581 1266 2652 prapltetam
1311 2578 1606 2636 manifeste
1657 2579 1987 2637 declaravit.
2021 2579 2156 2635 Pro.

567 2684 754 2744 pterca
783 2689 882 2728 nos
936 2688 1158 2744 quoque
1218 2688 1343 2728 cum
1379 2671 1550 2727 Paulo
1581 2671 1840 2742 theolugo
1873 2667 2153 2726 dicimus:

573 2787 592 2820 ι
628 2767 674 2821 Ο
721 2765 1157 2838 profunditatem
1195 2765 1514 2821 divitiarum
1560 2763 1847 2834 sapientiae
1887 2772 1945 2818 et
1970 2763 2160 2834 cogni-

569 2860 736 2916 tionis
771 2859 862 2914 Dei
897 2876 914 2917 :
953 2872 1117 2930 quam
1149 2856 1476 2913 abscondita
1519 2867 1673 2913 :sunt
1733 2855 1942 2928 judicia
1987 2856 2154 2920 illius,

569 2965 624 3009 et
675 2968 786 3008 non
826 2952 1247 3024 investigabiles
1285 2953 1389 3008 vite
1435 2953 1593 3024 ejus!
1641 2950 1775 3018 Quis
1804 2950 1952 3006 enim
2003 2948 2160 3005 novit

571 3055 811 3101 mentem
840 3046 1108 3102 Domini?
1152 3031 1414 3116 antiquis
1439 3045 1517 3100 illi
1550 3046 1655 3101 fuit
1677 3061 1706 3100 a
1741 3043 1991 3100 consiliis
2021 3045 2094 3097 "‘3
2135 3061 2155 3096 ι

2261 1954 2422 2007 νιμον
2466 1937 2556 1991 διὰ
2586 1938 2648 1990 τὺ
2679 1936 3040 2003 αὐτεξούσιον
3079 1940 3177 1995 καὶ
3220 1940 3323 2011 τὴν
3375 1941 3486 1996 ἀπὸ
3519 1944 3617 2012 τῆς
3667 1937 3841 2011 ψυχῆς

2260 2030 2485 2101 θέλησιν
2515 2044 2531 2061 °
2571 2049 2590 2083 ι
2632 2029 2692 2084 ⁸0
2739 2030 3042 2102 δυνάμενος
3093 2032 3204 2104 γάρ
3231 2073 3246 2098 ,
3315 2032 3486 2105 φησιν
3533 2036 3564 2088 ό
3619 2033 3842 2104 Κύριος,

2259 2125 2469 2194 χωρεῖν
2513 2124 2785 2194 χωρείτω.
2831 2141 2850 2175 ι
2900 2124 2960 2178 '0
2985 2124 3045 2179 δὲ
3082 2123 3178 2180 τοῦ
3234 2125 3484 2197 Μωάμεθ
3521 2126 3686 2198 νόμος
3747 2126 3844 2181 οὐκ

2259 2214 2376 2286 ἔχει
2413 2214 2476 2269 τὸ
2505 2214 2728 2286 βέϐαιον
2755 2215 2854 2271 καὶ
2879 2217 3135 2288 μόνιμον,
3188 2217 3280 2273 διὰ
3344 2217 3407 2271 τὺ
3473 2220 3615 2290 μετὰ
3665 2219 3850 2287 ξίφους

2263 2308 2360 2360 καὶ
2416 2306 2518 2362 σὺν
2545 2305 2646 2380 βίᾳ
2699 2309 3093 2365 πολιτεύεσθαι
3138 2309 3357 2376 τοῦτον,
3409 2311 3520 2366 κᾶν
3581 2310 3677 2365 καὶ
3727 2310 3849 2381 πρί-

2266 2416 2454 2470 μασιν.
2481 2394 2565 2466 οἷς
2593 2397 2703 2455 οίδε
2759 2401 2917 2466 Θεὸς,
2965 2404 3059 2458 καὶ
3124 2403 3436 2477 ὲπλατύνθη
3467 2407 3566 2460 καὶ
3617 2403 3849 2476 ἐπεκρά-

2262 2495 2497 2566 τησενή
2557 2494 2749 2548 τούτου
2809 2495 3062 2552 ἀσέϐεια.
3133 2498 3277 2552 Ἀλλ’
3336 2497 3535 2572 ὥσπερ
3588 2498 3782 2568 ἀπέχει
3823 2498 3875 2550 s-

2265 2588 2499 2659 οὐρανὸς
2529 2588 2639 2640 ἀπὸ
2669 2587 2770 2659 τῆς
2825 2588 2951 2658 γῆς,
3000 2588 3175 2655 οὕτως
3219 2591 3528 2663 ἀπέχουσιν
3584 2593 3640 2647 αἱ
3666 2589 3852 2663 βουλαὶ

2269 2680 2365 2733 τοῦ
2400 2679 2537 2733 Θεοῦ
2572 2681 2681 2734 ἀπὸ
2713 2681 2820 2734 τῶν
2856 2681 3240 2752 ἀνθρωπίνων,
3271 2685 3365 2740 καὶ
3401 2685 3478 2738 τά
3516 2685 3713 2739 τούτου
3738 2683 3853 2738 δια·

2269 2773 2524 2843 νοήματα
2571 2771 2680 2825 ἀπὸ
2742 2774 2853 2827 τῶν
2906 2775 3268 2846 ἀνθρωπίνων
3326 2775 3596 2843 ὡσαύτως
3647 2779 3856 2848 διανοη·

2271 2863 2484 2934 μάτων,
2552 2863 2735 2927 καθὼς
2800 2866 2964 2929 αὐτὸς
3019 2867 3049 2919 ό
3091 2866 3226 2931 Θεὸς
3272 2867 3364 2921 διὰ
3413 2868 3514 2923 τοῦ
3573 2869 3852 2942 προφήτου

2281 2955 2510 3011 Ἡσαΐου
2543 2956 2758 3027 τρανῶς
2799 2957 3124 3030 διεσάφησε.
3156 2963 3256 3014 Διά
3305 2962 3467 3018 τοῦτο
3499 2964 3601 3018 σὺν
3629 2964 3705 3036 τῷ
3734 2963 3856 3033 θεη-

2268 3048 2417 3118 γόρῳ
2463 3045 2664 3120 Παύλῳ
2696 3052 2794 3104 καὶ
2826 3051 2986 3122 ἡμεῖς
3036 3054 3303 3124 εἴπωμεν,
3338 3073 3359 3106 ε
3404 3051 3476 3109 Ὦ
3506 3056 3672 3128 βάθος
3699 3057 3858 3112 πλού-

572 3136 740 3196 Novit
778 3141 928 3195 enim
978 3139 1248 3195 Dominus
1282 3140 1405 3210 pios
1440 3137 1741 3203 custodire,
1779 3139 1999 3208 iniquos
2030 3153 2157 3192 vero

2271 3158 2365 3198 του
2395 3143 2490 3195 καὶ
2528 3142 2721 3214 σοφίας
2745 3148 2842 3198 καὶ
2872 3144 3130 3214 γνώσεως
3159 3145 3319 3217 Θεοῦ,
3344 3147 3420 3214 ὡς
3453 3149 3857 3223 ἀνεξερεύνητα

572 3246 800 3288 servare
830 3228 898 3284 ad
933 3230 1079 3285 diem
1103 3230 1325 3300 judicii,
1355 3231 1668 3301 puniendos
1706 3230 1832 3300 igne
1865 3232 2157 3300 sempiter-

2271 3234 2340 3287 τὰ
2365 3237 2612 3305 κρίματα
2645 3237 2838 3304 αὐτοῦ,
2867 3239 2962 3292 καὶ
2996 3237 3398 3313 ἀνεξιχνίαστοι
3429 3245 3489 3297 αἱ
3523 3219 3637 3298 ὁδοί
3669 3219 3855 3300 αὐτοῦ.

575 3337 668 3378 uo.
698 3320 817 3376 Lux
851 3321 1003 3377 enim
1034 3321 1336 3391 impiorum
1361 3321 1752 3392 exstinguitur.
1795 3323 2025 3393 Insuper
2057 3321 2157 3376 hoc

2266 3323 2361 3386 Τίς
2402 3326 2509 3394 γὰρ
2535 3325 2680 3393 ἔγνω
2714 3327 2838 3380 νοῦν
2897 3327 3129 3400 Κυρίου,
3168 3331 3200 3400 ῆ
3238 3331 3324 3395 τίς
3343 3332 3658 3403 σύμϐουλος
3691 3331 3858 3390 αὑτοῦ

569 3416 712 3471 dicit
754 3414 1038 3471 Mabomet
1086 3434 1099 3472 :
1149 3416 1271 3472 Non
1323 3418 1453 3473 veni
1502 3418 1680 3488 legem
1737 3418 2157 3474 conﬁrmaturus

2266 3417 2514 3486 ἐγένετος
2549 3437 2570 3472 ›
2592 3414 2712 3472 Οῐόε
2733 3422 2840 3490 γὰρ
2863 3421 3066 3494 Κύριος
3083 3422 3325 3508 εὐσεϐεῖς
3353 3425 3608 3495 ῥύεσθαι,
3627 3427 3860 3498 ἀνόμους

572 3510 882 3574 miraculis,
903 3509 1000 3565 sed
1033 3523 1132 3579 per
1161 3509 1424 3580 gladium.
1455 3510 1524 3565 Et
1551 3512 1654 3566 hoc
1677 3525 1805 3566 vere
1835 3510 1977 3565 dixit
2008 3527 2023 3576 ;
2062 3512 2157 3565 mi-

2266 3508 2539 3576 oé'r‘qpsiv
2566 3509 2646 3569 είς
2699 3509 2920 3579 ἡμέραν
2952 3511 3212 3580 κρίσεως,
3264 3515 3675 3586 κολαζομένους
3731 3517 3860 3572 αἰω-

574 3602 891 3658 raculorum
919 3601 1068 3657 enim
1094 3603 1295 3668 virtus,
1327 3603 1642 3658 divinorum
1673 3612 1759 3658 est
1779 3618 2074 3658 munerum
2105 3613 2157 3659 et

2267 3594 2363 3665 νίῳ
2393 3595 2546 3666 πυρὶ.
2577 3594 2697 3658 Φῶς
2743 3600 2852 3666 γὰρ
2888 3598 3101 3652 ἀσεϐῶν
3156 3599 3471 3659 σϐέννυται.
3530 3605 3656 3660 Ἔτι
3707 3604 3861 3660 τοῦτό

575 3695 790 3751 dctum.
826 3695 892 3750 Et
925 3710 1178 3766 quaenam
1207 3695 1337 3750 boni
1364 3711 1490 3750 cum
1537 3698 1681 3750 malo
1710 3704 1795 3751 est
1822 3697 2157 3752 communio?

2268 3703 2435 3755 φησιν
2468 3685 2495 3737 ὁ
2526 3687 2794 3757 Μωάμεθ,
2829 3687 2905 3752 ὡς
2948 3689 3092 3759 Ἐγὼ
3121 3688 3409 3765 ούκῆλοον
3463 3696 3561 3752 τὸν
3597 3697 3762 3770 νόμον
3779 3697 3862 3753 se

573 3787 737 3844 Nulla
760 3789 1008 3844 omnino.
1035 3788 1142 3845 Sed
1175 3789 1645 3859 quemadmodum
1670 3792 1874 3844 malum
1904 3797 2164 3860 tanquam

576 3895 684 3933 non
725 3897 755 3934 a
794 3877 906 3961 Deo
937 3879 1183 3946 factum,
1216 3894 1326 3934 non
1373 3880 1602 3950 proprie
1657 3895 1756 3949 per
1793 3894 1851 3934 se
1882 3879 2164 3945 subsistit,

574 3982 673 4038 sed
706 3991 931 4052 propter
981 3981 1112 4037 boni
1154 3981 1438 4037 interitum
1465 3991 1524 4036 et
1555 3982 1872 4048 defectum,
1907 3992 2166 4052 tauquam

576 4087 674 4142 per
707 4073 967 4126 accidens
1019 4073 1071 4124 in
1107 4072 1177 4125 iis
1205 4072 1409 4141 quibus
1455 4071 1730 4141 contingit
1777 4072 2116 4143 perspicitur
2151 4088 2165 4126 ι

581 4168 654 4219 ita
694 4165 831 4220 mihi
881 4165 948 4217 de
1005 4163 1334 4219 Mahometis
1373 4164 1622 4219 doctrina
1670 4164 1874 4218 factum
1925 4163 2168 4234 videtur,

575 4256 725 4324 quod
778 4253 1010 4308 interitu
1043 4261 1098 4307 et
1126 4253 1349 4310 defectu
1383 4269 1639 4309 verorum
1692 4255 1788 4310 Dei
1827 4254 2168 4323 dogmatum,

2269 3776 2564 3847 θαυμάτων
2603 3778 3004 3843 πιστώσασθαι.
3038 3781 3177 3836 ἀλλά
3209 3785 3300 3839 διὰ
3327 3783 3540 3856 ξίφους.
3579 3791 3691 3844 Καὶ
3706 3788 3862 3845 τοῦτο

2269 3869 2487 3940 ἀληθῶς
2528 3872 2770 3943 εἴρηκεν.
2815 3874 2879 3928 Ἢ
2906 3874 3015 3948 γὰρ
3045 3875 3155 3931 τῶν
3190 3876 3488 3950 θαυμάτων
3519 3882 3773 3954 ἐνέργεια
3805 3881 3863 3937 ἓν

2270 3963 2388 4015 ἐστι
2420 3963 2529 4016 τῶν
2558 3964 2652 4016 τοῦ
2705 3965 2842 4018 Θεοῦ
2907 3969 3265 4040 χαρισμάτων
3305 3971 3400 4025 καὶ
3445 3973 3700 4046 δωρεῶν.
3760 3973 3865 4027 Καὶ

2270 4055 2356 4118 τίς
2410 4058 2664 4110 κοινωνία
2725 4058 2899 4112 κακοῦ
2935 4078 2993 4114 τε
3029 4063 3124 4116 καὶ
3151 4063 3400 4133 ἁγαθοῦ;
3445 4066 3678 4132 Πάντως
3712 4066 3864 4120 οῦδε-

2279 4147 2402 4217 μία.
2451 4148 2596 4203 Ἀλλ’
2635 4149 2826 4220 ῶσπερ
2858 4152 2918 4206 τὸ
2936 4155 3106 4207 κακὸν
3139 4155 3215 4220 ῶς
3267 4156 3344 4229 μὴ
3374 4159 3532 4230 παρά
3579 4159 3677 4215 τοῦ
3729 4157 3861 4213 Θεοῦ

2277 4239 2504 4308 γεγονὸς
2529 4241 2632 4295 οὐκ
2661 4240 2776 4312 ἔχει
2839 4243 2977 4298 ίδίαν
3019 4245 3342 4315 ὑπόστασιν,
3390 4250 3531 4304 ἀλλά
3589 4252 3744 4323 παρὰ
3796 4253 3862 4323 τῇ

569 4361 677 4416 per
710 4343 966 4400 accidens
997 4359 1137 4399 nova
1178 4351 1234 4399 et
1265 4345 1556 4414 peregrina
1605 4345 1692 4400 iex
1725 4345 1997 4416 eruperit,
2032 4345 2157 4416 quin

2275 4331 2598 4386 ἅποπτώσει
2634 4334 2728 4387 καὶ
2758 4334 2994 4405 ἐλλείψει
3028 4336 3126 4390 τοῦ
3187 4337 3395 4406 ἀγαθοῦ
3455 4343 3606 4397 κατά
3662 4343 3866 4413 συμϐε-

583 4435 766 4506 potius
807 4449 837 4488 a
866 4435 1102 4492 veritate
1133 4443 1190 4489 et
1211 4434 1324 4489 Deo
1355 4433 1556 4494 aliena.
1581 4433 1860 4499 Quantum
1886 4436 2035 4490 enim
2069 4435 2157 4491 hor

2276 4425 2446 4496 ϐηχὸς
2490 4426 2780 4498 θεωρεῖται
2819 4432 2879 4483 ὲν
2923 4424 3006 4494 οἷς
3028 4429 3096 4486 ἂν
3124 4431 3374 4502 γένηται,
3399 4433 3550 4491 οὕτω
3615 4452 3708 4508 μοι
3755 4435 3863 4491 νόει

584 4538 787 4591 malum
836 4544 940 4601 est,
981 4544 1131 4590 tanta
1172 4536 1340 4590 etiam
1389 4543 1473 4590 est
1507 4536 1846 4602 absurditas,
1872 4546 1930 4591 et
1959 4538 2157 4593 inordi-

2277 4518 2369 4572 καὶ
2408 4521 2502 4573 ἐπὶ
2529 4523 2644 4586 τοῖς
2679 4522 2772 4574 τοῦ
2828 4524 3078 4593 Μωάμεθ
3120 4524 3413 4596 δόγμασιν,
3464 4527 3546 4592 ὡς
3606 4531 3681 4600 τῇ
3733 4531 3864 4582 ἀπο-

578 4636 703 4682 nata
740 4641 920 4681 rerum
964 4625 1242 4680 confusio.
1270 4624 1750 4690 Quemadmodum
1785 4627 1932 4680 enim
1961 4627 2157 4682 malum

2278 4613 2476 4669 πτώσει
2509 4617 2605 4668 καὶ
2631 4615 2871 4684 ἐλλείψει
2895 4616 3002 4670 τῶν
3028 4617 3123 4671 τοῦ
3157 4618 3290 4672 Θεοῦ
3311 4619 3534 4692 ἀληθῶν
3555 4623 3861 4696 δογμάτων,

581 4729 806 4792 propter
834 4720 964 4776 boni
997 4719 1277 4775 defectum
1308 4729 1556 4790 apparet,
1593 4721 1773 4790 ipsum
1813 4735 1944 4775 vero
1971 4735 2069 4791 per
2111 4736 2157 4776 se

2279 4707 2419 4762 κατά
2464 4708 2814 4778 συμϐεϐηκὸς
2842 4709 3202 4778 ἀναφαίνεταί
3227 4727 3311 4774 τις
3341 4709 3497 4777 ξενος
3559 4714 3660 4768 καὶ
3714 4712 3866 4767 ἁλλό-

575 4814 890 4871 substantia
962 4824 1114 4868 caret
1160 4832 1174 4891 ξ
1225 4822 1285 4868 et
1349 4814 1576 4868 morbus
1619 4822 1847 4883 prapter
1893 4813 2168 4882 sanitatis,

582 4907 950 4978 confusioque
1005 4917 1234 4977 propter
1273 4906 1487 4961 ordinis
1531 4906 1808 4962 defectum
1867 4908 2167 4975 enascitur,

534 4994 540 5002 ’
587 5000 666 5053 sic
702 5007 752 5054 et
797 4996 1125 5051 Mabometis
1158 4996 1245 5050 lex
1285 5006 1510 5066 propter
1541 5011 1683 5051 verae
1710 4996 1849 5067 legis
1889 4997 2168 5051 defectum

574 5104 684 5155 per
718 5087 978 5144 accidens
1008 5095 1169 5141 enata
1219 5089 1585 5158 conspicitur,
1617 5097 1828 5143 rectum
1877 5089 2162 5154 simulans,

584 5193 712 5235 cum
743 5179 858 5248 ipsa
893 5194 990 5249 per
1015 5194 1074 5233 se
1121 5195 1272 5234 mera
1304 5179 1378 5235 sit
1429 5181 1746 5237 absurditas
1791 5192 1846 5237 et
1892 5181 2169 5249 confusio,

585 5270 893 5340 animaeque
939 5271 1187 5339 morbus,
1231 5274 1342 5328 imo
1376 5289 1548 5330 mors.
1592 5274 1831 5329 Tantum
1876 5275 2026 5329 enim
2058 5274 2170 5328 Ma-

589 5361 826 5415 liometis
871 5361 956 5415 lex
998 5361 1127 5416 boni
1168 5361 1445 5434 particeps
1478 5372 1586 5425 est,
1643 5363 1696 5417 in
1738 5371 2008 5433 quantum
2045 5364 2171 5433 quis

2280 4819 2437 4864 κοτος
2469 4803 2655 4872 νόμος,
2691 4803 2896 4871 μᾶλλον
2919 4805 2977 4857 δὲ
3030 4803 3313 4874 ἀλλότριος
3363 4808 3542 4878 πάντη
3579 4807 3682 4878 τῆς
3735 4805 3864 4876 ἀληο

2279 4892 2432 4957 θείας
2463 4895 2559 4946 καὶ
2618 4894 2712 4946 τοῦ
2745 4892 2905 4948 Θεοῦ.
2942 4893 3189 4953 Καθόσον
3236 4897 3346 4968 γάρ
3392 4898 3511 4951 ἐστι
3562 4898 3625 4952 τὸ
3673 4900 3860 4964 κακὸν,

2278 4988 2421 5042 κατὰ
2451 4986 2702 5042 τοσοῦτόν
2730 4991 2880 5042 ἐστιν
2908 4991 3100 5059 ἀλογία
3136 4993 3231 5046 καὶ
3265 4993 3482 5060 ἀταξία.
3514 4996 3728 5066 Ὠσπερ
3759 5000 3862 5064 γὰρ

2275 5081 2338 5134 τὸ
2370 5083 2537 5134 κακὸν
2573 5081 2728 5153 παρά
2759 5086 2856 5154 τὴν
2885 5085 3190 5138 ἀπόστασιν
3224 5086 3318 5140 τοῦ
3342 5085 3558 5154 ἀγαθοῦ
3594 5087 3859 5157 φαίνεται,
3899 5147 3901 5149 ι

2280 5175 2414 5228 αὐτὸ
2443 5174 2500 5228 δὲ
2529 5177 2652 5229 καθ’
2685 5176 2818 5229 αὐτὸ
2844 5177 2946 5230 οὐκ
2977 5178 3092 5248 ἔχει
3142 5181 3438 5233 ύπόστασίν
3484 5197 3633 5248 τινα,
3699 5185 3786 5234 καὶ
3833 5182 3864 5249 ἡ

2281 5268 2436 5330 νόσος
2473 5268 2622 5337 παρὰ
2658 5268 2899 5337 τὴντῆς
2954 5269 3188 5336 ὑγιείας,
3249 5271 3344 5324 καὶ
3379 5272 3412 5339 ἡ
3465 5271 3672 5336 ἀταξία
3720 5272 3866 5341 παρά
3963 5317 3965 5321 ,

2275 5363 2374 5428 τὴν
2409 5363 2509 5430 τῆς
2543 5361 2781 5430 τάξεως,
2812 5359 2955 5414 οὕτω
2979 5364 3116 5416 καὶὸ
3136 5364 3227 5416 τοῦ
3255 5363 3500 5433 Μωάμεθ
3526 5366 3696 5434 νόμος
3721 5367 3864 5435 παρά

585 5453 692 5508 sibi
734 5453 1062 5508 benefacere
1111 5455 1356 5510 videtur.
1405 5454 1606 5510 Nullus
1650 5457 1800 5510 enim
1854 5457 2082 5521 malum,
2111 5467 2157 5510 ut

2275 5452 2374 5522 τὴν
2412 5454 2506 5506 τοῦ
2543 5452 2781 5524 ἀληθοῦς
2811 5454 2980 5525 νόμον
3017 5456 3164 5509 κατὰ
3189 5457 3545 5528 συμϐεϐηκός
3576 5459 3863 5528 θεωρεῖται

586 5547 769 5614 τείρεα
805 5553 911 5610 est,
943 5547 1317 5616 conspiciens,
1348 5563 1412 5602 ea
1437 5564 1560 5618 qua!
1591 5547 1912 5610 committit,
1942 5548 2168 5604 faceret.

589 5634 756 5692 Suam
816 5639 983 5708 igitur
1033 5639 1210 5709 ipsius
1256 5637 1634 5694 inﬁrmitatem
1679 5649 2026 5708 perspectam
2079 5643 2172 5694 ba-

661 5827 707 5862 “
747 5824 942 5882 Matth.
986 5841 1104 5893 xIx,
1153 5824 1239 5881 12.
1321 5825 1365 5856 ²⁸
1414 5825 1574 5880 Rom.
1621 5837 1697 5892 χι,
1735 5823 1823 5890 ‘55,
1865 5821 1952 5879 54.

2278 5545 2716 5615 ὑποκρινόμενος
2761 5546 2821 5600 τὸ
2864 5547 3048 5617 ὀρθόν.
3110 5551 3282 5614 Αὐτὸς
3311 5551 3369 5604 δὲ
3394 5550 3524 5603 καθ’
3554 5552 3724 5605 αὐτὸν
3745 5551 3862 5612 ὅλος

2275 5639 2426 5692 ἐστὶν
2459 5640 2651 5708 ἀλογία
2677 5643 2770 5695 καὶ
2798 5644 3019 5712 ἀταξία,
3041 5648 3134 5699 καὶ
3155 5645 3309 5710 νόσος
3338 5645 3545 5716 ψυχῆς,
3564 5647 3774 5718 μᾶλλον
3807 5645 3863 5699 δὲ
