4026 6268
393 371 498 440 613

1399 381 1700 445 CONTRA
1751 376 2245 442 MAHOMETEM
2283 376 2567 439 ORATIO
2610 378 2656 443 Ι.

3543 382 3650 449 οιι

394 495 647 560 θάνατος.
671 496 828 549 Κατά
850 495 1102 551 τοσοῦτον
1133 497 1224 551 καὶ
1251 497 1362 568 γὰρ
1385 498 1606 569 μετέχει
1638 499 1668 552 ό
1689 499 1783 552 τοῦ
1809 496 1969 552 Minci-

2078 496 2235 561 bens,
2270 497 2614 552 mendacium
2653 497 2917 565 assumit;
2953 495 3173 554 simulat
3197 507 3380 555 autem
3404 498 3644 556 divinam

399 587 500 656 μεθ
531 587 696 659 νόμος
719 587 810 641 τοῦ
841 588 1068 655 ἀγαθοῦ,
1101 589 1331 644 καθόσον
1374 590 1553 644 δοκεῖν
1592 589 1754 661 μόνον
1790 591 1972 654 καλῶς

398 681 598 734 ποιεῖν.
631 679 826 743 Οὐδεὶς
851 681 963 752 γὰρ
985 685 1064 746 είς
1099 683 1274 738 κακὸν
1303 682 1633 738 ἀποδλέπων
1661 687 1808 738 ποιεί
1826 684 1972 755 ἀπερ

399 769 496 821 καὶ
519 769 689 823 ποιεῖ.
723 769 1085 840 Κατανοήσας
1107 772 1300 826 τοίνυν
1320 772 1422 844 τὴν
1446 771 1644 826 ἑαυτοῦ
1661 773 1970 839 ἀσθένειαν,

399 859 696 917 ὑποδύεται
725 862 829 932 μὲν
853 863 915 916 τὸ
942 862 1161 932 ψεῦδος,
1191 866 1554 937 ὑποκρίνεται
1582 864 1640 919 δὲ
1692 865 1838 919 θεῖον
1881 864 1971 919 v6-

400 969 503 1022 μον
543 951 683 1007 εῖναι
710 954 778 1008 τὰ
818 953 948 1026 παρ’
976 955 1143 1011 αὑτοῦ
1204 958 1525 1029 δεδογμένα.
1566 958 1721 1012 Ἐπεὶ
1752 957 1810 1012 δὲ
1869 958 1972 1016 οὐκ

397 1041 512 1117 εἶχε
540 1046 638 1119 τὴν
669 1046 758 1101 διὰ
783 1047 1082 1120 θαυμάτων
1119 1050 1272 1122 παρά
1310 1049 1448 1105 Θεοῦ
1507 1052 1838 1124 μαρτυρίαν,
1894 1051 1972 1115 ὡς

398 1141 636 1210 εῐρηται,
671 1141 765 1195 καὶ
794 1142 846 1195 τί
877 1141 1022 1211 λέγω
1051 1143 1150 1213 τὴν
1185 1141 1293 1196 τῶν
1328 1144 1657 1213 θαυμάτωνς
1702 1144 1836 1198 Ἀπὸ
1859 1144 1970 1214 γὰρ

398 1233 508 1288 τῶν
543 1232 904 1304 χαρισμάτων
937 1234 1042 1287 καὶ
1078 1235 1320 1305 δωρεῶν,
1370 1230 1446 1292 ὧν
1475 1231 1625 1305 εἶχον
1680 1235 1792 1290 ἀπὸ
1835 1235 1968 1289 Θεοῦ

399 1325 449 1376 ot
499 1324 810 1393 ἀπόστολοι,
846 1325 907 1380 τὺ
946 1325 1174 1396 ἔσχατον
1224 1329 1443 1383 πάντων
1496 1329 1592 1382 καὶ
1659 1327 1972 1382 τελευταῖον

403 1416 436 1484 ἡ
467 1416 578 1470 τῶν
607 1415 874 1484 γλωσσῶν
894 1434 1130 1490 χνωσις,
1180 1423 1277 1474 καὶ
1326 1420 1488 1490 ἔσχον
1530 1422 1627 1474 καὶ
1659 1420 1867 1489 ταύτην
1895 1420 1970 1486 ὡς

399 1501 713 1558 διδάσκαλοι
743 1505 841 1576 τῆς
874 1507 1222 1578 οἰκουμένης,
1245 1510 1330 1560 ἵνα
1362 1507 1491 1562 ἔνθα
1512 1507 1578 1562 ἂν
1607 1507 1970 1575 πορεύωνται,

399 1595 716 1662 γινώσκωσι
744 1595 844 1670 τὴν
871 1595 966 1651 τοῦ
1015 1598 1206 1662 ιθνους
1265 1596 1546 1653 διάλεκτον
1599 1599 1740 1653 κατὰ
1789 1599 1972 1654 πᾶσαν

397 1687 797 1765 ἀκρίϐειαν.”Εί
852 1690 962 1762 γὰρ
986 1692 1087 1745 οὐκ
1124 1689 1422 1761 ἐγίνωσκον
1445 1692 1512 1746 τὰ
1556 1691 1846 1763 λεγόμενα,
1901 1687 1972 1764 ἦν

397 1779 582 1842 αὐτοῖς
609 1782 802 1851 χρῆσις
835 1784 1122 1854 ἑρμηνέων
1159 1782 1437 1853 διαφόρων
1485 1785 1564 1847 είς
1599 1784 1831 1854 δήλωσιν
1861 1783 1968 1838 τῶν

2072 589 2248 659 legem
2295 603 2440 653 esse,
2483 604 2606 659 quae
2653 589 2721 644 ab
2769 590 2888 667 ipso
2940 590 3272 660 traduntur;
3311 593 3567 663 quoniam
3613 613 3646 650 a

2072 679 2210 745 Deo,
2242 689 2302 733 ut
2351 679 2559 734 dictum
2608 689 2713 744 est,
2763 680 3146 735 miraculorum
3193 683 3503 737 testimonia
3538 683 3656 738 non'

2071 770 2331 828 habebat.
2385 770 2494 825 Sed
2543 772 2678 840 quid
2727 771 2799 828 de
2856 772 3248 829 miraculorum
3314 777 3648 838 testimoniis

2028 854 2034 862 ’
2072 861 2320 932 loquor?
2360 861 2440 915 Ex
2499 860 2848 917 charismatis
2891 861 3038 917 enim
3073 871 3127 916 et
3171 863 3412 928 dotibus,
3441 880 3578 934 quas
3614 881 3646 920 a

2071 954 2185 1010 Deo
2240 954 2517 1010 habebant
2549 954 2805 1023 apostoli,
2857 955 3145 1010 minimum
3189 965 3245 1011 et
3299 965 3644 1027 postremum

2073 1054 2196 1100 erat
2239 1044 2384 1100 inter
2439 1046 2644 1130 omnia,
2695 1046 3008 1117 linguarum
3066 1047 3342 1119 cognitio;
3400 1036 3457 1104 et
3505 1049 3646 1104 hanc

2071 1137 2294 1208 quidem
2319 1152 2418 1192 ceu
2448 1137 2702 1192 doctores
2723 1138 2871 1192 orbis
2893 1138 3190 1204 habebant,
3218 1149 3277 1194 ut
3315 1155 3644 1210 quocunque

2072 1230 2581 1300 proficiscerentur,
2647 1231 2825 1302 gentis
2889 1233 3134 1304 linguam
3189 1242 3418 1289 nossent
3478 1250 3644 1305 quam

2072 1307 2419 1380 exactissime
2469 1324 2595 1395 (nisi
2634 1326 2782 1381 enim
2810 1341 2930 1396 quae
2971 1327 3299 1382 dicebantur
3345 1328 3645 1383 intellexis-

2072 1425 2216 1492 sent,
2250 1417 2418 1473 variis
2464 1433 2600 1487 opus
2650 1418 2842 1474 luisset
2893 1420 3306 1490 interpretibus,
3340 1421 3404 1475 ad
3452 1436 3644 1476 eorum

2071 1524 2197 1578 quae
2218 1509 2473 1580 utrinque
2503 1511 2832 1565 dicebantur
2857 1509 3330 1581 declarationem).
3357 1512 3644 1579 Quomodo

2073 1602 2240 1672 igitur
2271 1601 2360 1658 hic
2382 1616 2440 1659 se
2465 1603 2795 1658 catholicum
2819 1611 2875 1656 et
2900 1604 3141 1659 universi
3172 1605 3322 1658 orbis
3352 1605 3640 1662 doctorem

2071 1688 2342 1752 nominat,
2387 1689 2481 1758 qui
2534 1703 2601 1743 ex
2648 1689 2906 1747 omnibus
2942 1692 3104 1746 donis
3149 1706 3219 1746 ne
3261 1693 3490 1748 minimo
3523 1695 3649 1764 qui-

2072 1774 2196 1830 dem
2239 1777 2545 1833 instructus
2590 1778 2713 1833 est?
2744 1778 2865 1848 Ipse
2907 1781 3053 1834 enim
3100 1780 3170 1836 de
3218 1783 3402 1853 seipso
3448 1784 3650 1855 inquit,

398 1873 533 1943 παρ’
566 1874 894 1945 ἀμφοτέρων
945 1874 1254 1945 λεγομένων
1298 1892 1313 1907 ·
1363 1876 1479 1940 πῶς
1523 1869 1680 1940 οὗτος
1717 1875 1969 1946 ὀνομάζει

2074 1864 2224 1934 quod
2251 1867 2413 1920 aliam
2444 1881 2611 1937 quam
2640 1868 2812 1923 solam
2847 1869 3089 1929 Arabum
3120 1871 3362 1943 linguam
3410 1889 3520 1931 non
3554 1892 3653 1930 no-

398 1964 590 2019 ἑαυτὸν
622 1964 930 2032 καθολικὺν,
967 1968 1062 2023 καὶ
1090 1968 1294 2032 παντὸς
1321 1969 1414 2023 τοῦ
1456 1970 1663 2040 κόσμου
1717 1969 1972 2024 διδάσκα-

396 2058 512 2126 λον,
557 2056 617 2121 ὃς
641 2061 701 2112 οὺ
737 2060 1002 2130 μετέσχεν
1031 2059 1094 2113 ἐκ
1119 2061 1338 2114 πάντων
1381 2061 1441 2114 τι
1499 2061 1725 2132 ἔσχατον
1758 2081 1772 2128 ;
1804 2059 1970 2126 Αὐτὸς

396 2149 506 2220 γάρ
537 2165 673 2218 φησι
709 2149 838 2218 περὶ
863 2147 1082 2215 ἑαυτοῦ,
1111 2149 1185 2213 ὡς
1216 2151 1275 2203 οὐ
1305 2151 1562 2219 γινώσκει
1585 2150 1779 2220 ἑτέραν
1813 2151 1969 2222 ᾕτὴν

399 2241 507 2294 τῶν
551 2239 800 2312 Ἀράὄων
829 2244 921 2294 καὶ
948 2240 1120 2312 μόνην
1141 2241 1438 2307 διάλεκτον,
1468 2241 1608 2296 ὥστε
1627 2244 1722 2296 καὶ
1749 2242 1809 2294 τὸ
1828 2243 1970 2313 Κορ-

400 2336 502 2407 ράν
522 2333 782 2406 ἀραδιστὶ
827 2333 962 2405 πρὸς
995 2334 1163 2390 αὐτοῦ
1217 2334 1460 2406 ἐξεδόθη,
1510 2335 1588 2398 ὡς
1619 2335 1782 2398 αὐτὸς
1810 2327 1969 2398 οὗτος

400 2426 615 2497 τρανῶς
645 2425 995 2498 ὡμολόγησε.
1021 2427 1121 2482 Διά
1149 2426 1308 2482 τοῦτο
1341 2427 1436 2480 καὶ⁹
1491 2425 1830 2496 καταφεύγει
1886 2427 1967 2489 εἰς

399 2516 498 2586 τὴν
532 2509 627 2571 τοῦ
656 2517 840 2586 ξίφους
863 2515 1076 2586 ποινὴν,
1103 2515 1222 2588 ἦτοι
1252 2517 1344 2570 τὸν
1377 2516 1562 2584 φόνον,
1587 2497 1686 2570 καὶ
1719 2517 1966 2577 εἰκότως.

414 2606 474 2658 Ὀ
513 2607 623 2676 γὰρ
675 2607 867 2659 τούτου
909 2604 1227 2668 διδάσκαλος
1273 2605 1368 2660 καὶ
1417 2605 1620 2675 πατὴρ,
1685 2605 1970 2674 ἀνθρωπο-

405 2698 596 2762 κτόνος
632 2693 700 2768 ἦν
732 2697 991 2769 ὲξαρχῆς,
1016 2697 1111 2752 καὶ
1150 2699 1210 2751 ὲν
1261 2699 1327 2768 τῇ
1365 2695 1594 2768 ἀληθείᾳ
1623 2697 1720 2767 οὐχ
1738 2695 1966 2765 ἔστηκε.

404 2785 478 2844 τὸ
513 2791 617 2861 γὰρ
641 2788 895 2859 δαίμονος
923 2790 1090 2844 κακὸν
1127 2788 1189 2841 τὸ
1226 2789 1376 2859 παρά
1409 2790 1498 2842 τὸν
1527 2787 1814 2857 ἀγαθοειδῆ
1845 2786 1969 2840 νοῦν

405 2887 556 2938 ἐστιν
585 2878 758 2937 εἶναι’
789 2881 970 2952 ψυχῆς
994 2881 1050 2934 δὲ
1079 2881 1139 2934 τὸ
1192 2881 1342 2952 παρά
1399 2881 1556 2949 λόγον
1577 2899 1590 2912 ο
1627 2881 1880 2950 σώματος
1910 2881 1967 2934 δὲ

398 2976 461 3029 τὸ
494 2973 648 3046 παρά
687 2973 871 3043 φύσιν.
901 2973 976 3028 Ἀ
1032 2990 1156 3028 τινα
1191 2973 1407 3044 τρανῶς
1459 2973 1848 3042 ἀναφαίνονται
1911 2976 1966 3027 ἐν

400 3070 511 3130 τοῖς
537 3065 630 3120 τοῦ
653 3065 900 3136 Μωάμεθ
947 3064 1303 3138 διδάγμασιν.
1359 3065 1422 3117 Ἣ
1475 3067 1583 3136 γὰρ
1630 3065 1823 3133 ἀλογία
1876 3068 1968 3120 καὶ

399 3158 617 3224 ἀταξία,
679 3160 740 3212 τό
764 3175 824 3210 τε
860 3157 1056 3227 ψεῦδος
1105 3159 1202 3212 καὶ
1236 3159 1270 3230 ἡ
1313 3158 1408 3212 τοῦ
1436 3157 1526 3211 νοῦ
1588 3159 2040 3260 ὲπισκότησιςμΟ

399 3249 699 3323 διαρρήδην
719 3247 1072 3320 γινώσκεται.
1127 3247 1365 3318 ἰδωμεν
1411 3248 1468 3301 δὲ
1499 3249 1616 3313 πῶς
1649 3247 1778 3317 παρ’
1824 3249 1968 3302 ὲκεί-

401 3362 502 3398 νου
538 3346 632 3397 καὶ
666 3342 728 3395 τδ
759 3344 910 3414 παρά
938 3341 1102 3412 φύσιν
1126 3341 1459 3404 διδάσκεται,
1489 3343 1583 3394 καὶ
1608 3342 1802 3394 σκόπει
1823 3343 1970 3404 ὅπως

399 3436 574 3490 ἐστίν.
625 3434 688 3490 Ἦ
745 3435 906 3505 φύσις
946 3435 1046 3489 οὐκ
1097 3429 1238 3487 οἶδεν
1287 3433 1422 3503 αὑτὴ
1481 3433 1682 3504 ἑαυτὴν
1737 3433 1966 3500 ἀνελεῖν,

399 3528 516 3580 ἀλλ’
549 3528 742 3596 ἀλογος
771 3528 871 3597 μὲν
913 3526 1045 3582 οὖσα
1069 3529 1248 3580 πάντα
1299 3527 1440 3579 κατά
1491 3525 1650 3593 λόγον
1688 3527 1852 3580 ποιεῖ.
1908 3526 1969 3580 'O

397 3621 454 3674 δὲ
486 3621 734 3688 Μωάμεθ
783 3619 988 3688 οὑτοσὶ,
1033 3622 1178 3689 ἅπερ
1214 3619 1282 3673 τὰ
1309 3619 1480 3685 ἄλογα
1527 3618 1642 3682 ζῶα
1676 3618 1736 3672 οὐ
1793 3619 1969 3689 πρὰτο

395 3729 550 3767 τουσι
580 3713 684 3781 (τίς
713 3715 822 3783 γὰρ
863 3709 973 3766 εἶδε
1009 3711 1148 3778 ζῶον
1181 3710 1277 3766 τοῦ
1312 3711 1480 3765 αὑτοῦ
1529 3713 1623 3764 καὶ
1663 3713 1852 3781 ὁμοίου
1873 3713 1969 3780 γέ-

397 3821 523 3866 νους
557 3786 973 3872 ἀναιρετικόν;)
1020 3801 1113 3855 τὸν
1182 3800 1382 3869 ὁμοίως
1433 3799 1579 3869 αὐτῷ
1635 3805 1780 3870 χειρὶ
1833 3802 1967 3853 θεοῦ

399 3895 713 3950 πλασθέντα
753 3893 1048 3962 ἄνθρωπον
1067 3891 1308 3962 ἀφειδῶς
1359 3889 1609 3962 φονεύειν
1627 3891 1969 3959 ’ὲδίδαξωβς

398 3992 620 4044 πάντων
672 3987 781 4042 τῶν
826 3987 1032 4059 θηρίων
1065 3985 1497 4058 θηριωδέστερος
1549 3987 1802 4056 φαίνεται
1874 3989 1968 4040 καὶ

397 4081 669 4151 ἀπηνέστε
682 4096 794 4149 ρος,
822 4077 900 4142 ὡς
923 4076 1020 4131 καὶ
1033 4077 1143 4130 ἀπὸ
1168 4075 1262 4129 τοῦ
1298 4076 1677 4146 ῥηθησομένου
1729 4077 1966 4145 φανήσε-

398 4189 490 4226 ται
518 4167 926 4242 καθαρώτερον.
961 4167 1193 4236 Λέγεται
1238 4162 1372 4237 παρ’
1413 4165 1592 4220 αὐτῶν
1615 4207 1630 4232 ,
1653 4164 1728 4228 ὡς
1788 4181 1970 4234 παρα.

397 4265 596 4336 χθῆναί
627 4280 758 4316 ποτε
802 4261 939 4332 πρὸς
964 4260 1055 4313 τὸν
1082 4261 1247 4314 αὐτὸν
1280 4259 1527 4329 Μωάμεθ
1563 4257 1650 4312 τὸν
1693 4261 1828 4329 πρὸς
1865 4275 1972 4312 πα-

399 4357 526 4428 τρὸς
557 4354 698 4409 θετον
725 4351 911 4419 αὑτοῦ,
941 4353 1034 4406 καὶ
1058 4353 1204 4423 ἐρεῖν
1245 4351 1428 4418 αὐτοῦ,
1464 4350 1528 4404 Τί
1557 4368 1649 4422 μοι
1682 4352 1960 4421 συμδήσε-

396 4466 510 4516 ται,
542 4442 588 4502 ὧ
615 4446 920 4515 ἀδελφιδοῦ,
938 4447 1094 4518 εἴπερ
1111 4446 1212 4500 οὐκ
1231 4445 1587 4517 ἀκολουθήσω
1614 4446 1692 4514 τῷ
1715 4446 1967 4517 ὑμετέρῳ

2071 1955 2216 2009 verit
2245 1970 2259 2008 :
2294 1971 2465 2024 quare
2498 1967 2554 2011 ct
2579 1957 3158 2016 Alcorranum‘eaden‘i
3187 1962 3370 2034 lingua
3405 1962 3653 2033 promul-

2071 2049 2302 2118 gaverit,
2335 2057 2396 2104 ut
2419 2050 2538 2118 ipse
2573 2049 2810 2106 dilucide
2840 2052 3128 2109 confessus
3158 2064 3260 2111 est.
3298 2057 3648 2129 Quapropter

2072 2137 2140 2192 ad
2183 2139 2346 2210 gladii
2388 2153 2604 2209 postiam
2635 2142 2903 2212 confugit,
2947 2154 3003 2200 et
3036 2145 3270 2210 eadem;
3311 2163 3411 2202 nec
3447 2150 3643 2204 inime-

2075 2231 2200 2285 rito.
2241 2229 2414 2302 Hujus
2440 2235 2585 2287 enim
2617 2242 2918 2305 praeceptor
2944 2244 3000 2291 et
3033 2246 3191 2308 pater
3225 2239 3496 2296 homicida
3523 2251 3643 2298 erat

2072 2325 2141 2379 ab
2179 2323 2360 2390 initio,
2407 2333 2463 2379 et
2514 2327 2568 2379 in
2609 2329 2841 2383 veritate
2901 2343 3011 2383 non
3061 2330 3215 2385 stetit
3249 2332 3316 2386 ‘°.
3370 2331 3641 2388 Daemonis

2071 2416 2440 2472 eniin'vitium
2491 2419 2658 2473 menti
2697 2419 3194 2492 bonaa'repuguare
3229 2433 3486 2492 oportet;
3523 2425 3642 2480 ani-

2073 2525 2173 2563 ma:
2221 2522 2356 2563 vero
2412 2508 2605 2563 vitium
2657 2510 2877 2578 rationi,
2907 2515 3146 2582 corpori,
3179 2523 3236 2568 et
3280 2515 3381 2584 ipsi
3434 2525 3641 2571 natura:

2072 2600 2411 2655 contrarium
2447 2608 2552 2653 est.
2601 2601 2733 2667 Qua:
2775 2603 3059 2658 manifeste
3091 2605 3146 2658 in
3177 2604 3502 2660 Mahometis
3543 2604 3642 2662 do-

2072 2694 2248 2750 ctrina
2281 2700 2568 2762 apparent.
2603 2693 2928 2750 Absurditas
2958 2698 3106 2750 enim
3154 2707 3211 2752 et
3240 2699 3512 2764 conlusio,
3544 2701 3644 2758 l’al-

2069 2803 2192 2842 sum
2229 2784 2469 2853 denique
2497 2794 2554 2838 et
2579 2785 2778 2840 mentis
2806 2772 3099 2844 cicrrcatio
3123 2790 3268 2846 clare
3302 2807 3643 2861 cognoscun-

2072 2888 2182 2934 tur.
2248 2877 2541 2935 Videamus
2597 2890 2802 2939 autem.
2863 2879 3139 2946 quomodo
3195 2882 3263 2936 ab
3317 2882 3443 2945 hoc.
3491 2883 3640 2952 quod

2072 2982 2271 3040 praeter
2315 2984 2568 3029 naturam
2619 2962 2735 3035 est,
2762 2970 3048 3035 doceatur,
3080 2979 3136 3026 et
3187 2972 3346 3041 quale
3381 2973 3514 3027 illud
3570 2977 3642 3027 sit

2071 3063 2386 3119 Considera.
2422 3065 2629 3120 Natura
2661 3063 2895 3133 seipsam
2936 3063 3252 3118 interimere
3288 3068 3511 3135 nequit:
3547 3067 3638 3122 sed

2071 3169 2195 3209 cum
2255 3155 2370 3225 ipsa
2402 3156 2473 3211 sit
2511 3156 2670 3220 ratio,
2702 3154 2886 3208 omnia
2919 3169 3042 3208 cum
3093 3156 3301 3210 ratione
3345 3156 3492 3211 facit.
3530 3157 3641 3214 Ma—

2073 3246 2258 3304 homet
2287 3264 2418 3305 vero
2472 3249 2563 3328 lue
2614 3264 2734 3319 quae
2766 3249 2922 3303 bruta
2953 3249 3208 3304 animalia
3252 3265 3359 3304 non
3411 3235 3636 3314 faciunt,

2072 3341 2219 3409 (quis
2260 3342 2406 3396 enim
2443 3341 2648 3395 animal
2685 3340 2908 3410 aliquod
2945 3341 3078 3396 vidit
3125 3339 3272 3395 aliud
3312 3341 3458 3410 quod
3491 3344 3641 3413 ejus-

2071 3431 2193 3485 dem
2227 3447 2412 3486 secum
2438 3439 2524 3486 est
2554 3431 2768 3499 generis
2797 3432 3161 3503 interﬁcere?)
3187 3432 3462 3487 hominem
3491 3436 3644 3490 simi-

2073 3532 2173 3587 ter,
2214 3531 2273 3577 ut
2302 3524 2438 3592 ipse,
2476 3523 2566 3576 Dei
2603 3538 2766 3577 manu
2803 3522 3125 3590 formatum,
3157 3525 3277 3580 sine
3307 3527 3456 3580 omni
3490 3543 3640 3580 com-

2071 3614 2428 3670 miseratione
2476 3615 2731 3670 occidere
2781 3615 3007 3680 docuit;
3045 3616 3138 3686 qui
3193 3617 3449 3672 omnibus
3510 3617 3641 3673 feris

2071 3716 2297 3775 apparet
2337 3707 2570 3761 l'erocior
2600 3716 2655 3761 ct
2700 3710 2983 3770 immitior,
3031 3719 3086 3762 nt
3111 3723 3174 3760 ex
3212 3725 3278 3763 co
3307 3710 3451 3778 quod
3480 3710 3641 3764 modo

2069 3796 2306 3858 dicetur.
2346 3799 2547 3856 clarius
2580 3801 2888 3869 apparebit.
2930 3800 3129 3856 Fertur
3161 3804 3309 3857 enim
3348 3803 3416 3856 ab
3461 3804 3591 3872 ipsis
3625 3823 3638 3856 :

2070 3889 2383 3944 Adductum
2419 3894 2695 3960 quondam
2743 3908 2864 3948 esse
2906 3894 2973 3948 ad
3033 3895 3214 3964 ipsum
3278 3895 3638 3951 Mahometem

2068 3993 2324 4054 patruum
2363 3983 2531 4046 illius,
2559 3995 2616 4039 et
2644 3983 2849 4040 dixisse
2886 3985 2998 4040 illi:
3033 3986 3172 4052 Quid
3219 3988 3353 4042 mihi
3397 3990 3653 4054 eveniet;

2069 4094 2320 4148 onepos,
2375 4079 2418 4132 si
2456 4089 2644 4134 vestrm
2696 4079 2800 4150 legi
2854 4095 2963 4134 non
3022 4083 3302 4151 paruero?
3357 4081 3454 4135 Hic
3511 4098 3642 4138 vero

2070 4170 2355 4239 respondit
2393 4188 2405 4225 :
2439 4169 2558 4226 Non
2587 4171 2755 4233 aliud,
2793 4187 2825 4226 ο
2860 4181 3074 4242 patrue,
3113 4189 3278 4243 quam
3311 4175 3456 4243 quod
3491 4177 3641 4231 occi-

2069 4263 2193 4318 dam
2225 4276 2294 4320 te.
2330 4263 2424 4318 llle
2465 4277 2595 4317 vero
2648 4283 2659 4317 :
2702 4263 2901 4318 Annon
2934 4264 3037 4318 alia
3074 4280 3231 4334 poena
3265 4265 3478 4320 result?
3510 4264 3628 4320 Non

2068 4354 2193 4420 alia,
2231 4354 2532 4425 respondit.
2566 4355 2804 4410 Patruus
2827 4355 3260 4426 ,Obteinperabo
3306 4358 3398 4414 tibi
3437 4361 3636 4428 itaque,

2073 4449 2276 4520 inquit,
2334 4447 2388 4503 in
2427 4448 2854 4518 quibuscunqne
2898 4449 3178 4515 volueris;
3225 4451 3409 4521 lingua
3457 4463 3637 4507 autem

396 4543 586 4614 νόμως
630 4541 689 4594 ⁸0
720 4540 778 4594 δὲ
811 4535 988 4605 εἶπεν,
1019 4540 1132 4609 Ούχ
1159 4539 1344 4609 ἔτερόν
1375 4555 1449 4604 τι,
1487 4538 1518 4606 ἢ
1554 4538 1837 4590 ἀποκτενῶ
1875 4554 1956 4604 σε,

2071 4543 2210 4608 sola,
2264 4557 2375 4596 non
2409 4540 2596 4604 corde,
2653 4541 2817 4610 idque
2880 4550 3026 4595 metu
3079 4542 3246 4612 gladii
3298 4545 3636 4612 compulsus.

395 4625 441 4685 ὧ
472 4631 604 4686 θεῖε.
659 4629 717 4684 ⁸0
743 4628 799 4680 δὲ
832 4624 1006 4691 εἶπεν,
1043 4628 1157 4681 Οὐκ
1185 4626 1393 4680 ἔνεστιν
1433 4626 1596 4696 ἑτέρα
1653 4643 1739 4690 τις
1795 4644 1967 4696 τιμω-

398 4722 490 4791 ρία
515 4736 530 4784 ;
557 4719 726 4776 Οῦδὲν
753 4719 968 4790 ἕτερον,
999 4719 1126 4786 ἔφη.
1164 4718 1222 4769 'O
1261 4716 1316 4770 δὲ
1377 4717 1538 4783 θεῖος,
1582 4715 1965 4786 Ἀκολουθήσω

300 4817 304 4819 ⁴
397 4828 459 4866 σε
519 4813 721 4878 τοίνυν,
781 4812 908 4881 ἔφη,
970 4811 1055 4880 ἐφ’
1095 4806 1292 4882 οἷσπερ
1348 4810 1528 4880 βούλει
1561 4825 1575 4839 ο
1633 4809 1849 4881 γλώσσῃ
1906 4811 1965 4865 δὲ

395 4904 693 4977 μόνῃ,ἀλλ’
716 4905 775 4958 οὐ
807 4902 1024 4974 καρδίᾳ,
1063 4903 1139 4974 τῷ
1158 4903 1265 4956 δέει
1297 4901 1390 4956 τοῦ
1407 4901 1614 4970 ξίφους.
1634 4903 1968 4972 Ἀναγκαζό-

397 5017 560 5071 μενος
585 4998 641 5052 δὲ
666 5002 761 5052 καὶ
789 5001 816 5052 ὁ
839 4997 952 5067 μὰρ
1001 4997 1089 5073 (T)
1125 4998 1258 5071 παρ’
1303 4993 1488 5061 αὐτοῦ,
1515 4995 1542 5047 ό
1579 4993 1690 5051 υἱὸς
1720 4996 1964 5067 δηλονότι

394 5093 492 5148 τοῦ
525 5090 920 5162 Κατεμπλαδῆ,
964 5086 1110 5153 εἷπε,
1163 5089 1358 5159 Κύριε,
1396 5089 1461 5140 σὺ
1511 5086 1658 5152 οἶδας
1698 5089 1778 5141 ὅτι
1818 5091 1964 5159 μόνῳ

392 5184 475 5254 τῷ
514 5184 607 5237 τοῦ
632 5184 863 5237 θανάτου
889 5181 1041 5251 φόϐῳ
1073 5182 1293 5250 γίνομαι
1344 5181 1436 5233 τοῦ
1465 5181 1753 5251 δόγματος.
1803 5182 1965 5234 Ἀλλά

396 5279 493 5331 καὶ
535 5280 564 5331 ό
603 5276 717 5341 υίὸς
747 5275 843 5330 τοῦ
881 5277 1214 5344 Ἐμπιαστᾶ,
1243 5279 1334 5328 καὶ
1379 5275 1537 5338 αὐτος
1588 5267 1743 5336 οὗτος
1796 5275 1965 5328 εἰπὼν

393 5371 470 5432 ὡς
495 5369 586 5439 Τῷ
615 5370 768 5440 φόϐῳ
817 5368 912 5421 τοῦ
948 5368 1132 5437 ξίφους
1166 5369 1259 5423 καὶ
1313 5369 1406 5422 τοῦ
1459 5369 1691 5421 θανάτου
1747 5371 1967 5438 γίνομαι

393 5463 485 5515 τοῦ
511 5461 804 5529 δόγματος.
848 5460 1066 5514 Στέλλει
1119 5462 1310 5512 ἔπειτα
1367 5463 1615 5532 κρυφίως
1662 5462 1966 5532 γράμματα

395 5555 475 5616 είς
501 5553 599 5624 τὴν
623 5553 819 5608 Μακκὲ
874 5551 1080 5624 χώραν,
1137 5554 1222 5606 ἵνα
1276 5555 1354 5622 μὴ
1409 5552 1776 5623 πλανηθῶσιν,
1827 5553 1965 5608 ἀλλά

395 5645 874 5716 σκὲψωνταιῦπως
909 5645 1193 5715 ἐκφύγωσι
1217 5647 1310 5698 τὸν
1345 5646 1444 5700 τοῦ
1472 5646 1660 5714 ξίφους
1698 5649 1962 5701 κίνδινον.

393 5739 582 5796 Ταῦτα
615 5742 792 5797 πάντα
819 5740 1245 5812 παρείληθησαν
1275 5740 1381 5796 ἀπό
1414 5757 1470 5794 τε
1502 5741 1594 5794 τοῦ
1623 5743 1846 5814 1(ορρἀ
1868 5744 1962 5797 καὶ

471 5930 517 5964 ⁸⁵
551 5927 712 5986 Joan.
754 5944 872 5996 vui,
913 5928 1005 5984 44.

2071 4635 2306 4689 Coactus
2369 4644 2548 4688 tamen
2591 4633 2658 4686 ab
2695 4633 2787 4687 illo
2840 4633 3006 4686 etiam
3064 4633 3208 4687 ﬁlius
3252 4634 3637 4705 Catempladaa,

2073 4727 2210 4781 dixit
2243 4743 2257 4780 :
2313 4725 2562 4792 Domine,
2591 4725 2734 4778 scias
2762 4740 2846 4778 me
2901 4724 3018 4779 solo
3053 4727 3246 4780 mortis
3293 4724 3490 4783 timore
3537 4732 3644 4783 do-

2072 4820 2305 4875 ctrinam
2369 4820 2506 4873 lianc
2564 4819 2832 4888 recipere.
2869 4817 3138 4876 Ceterum
3202 4828 3258 4875 et
3313 4821 3457 4876 ﬁlius
3515 4821 3639 4876 Em—

2073 4915 2260 4984 piastae
2289 4911 2427 4964 idem
2460 4910 2593 4966 dicit
2622 4933 2635 4968 :
2679 4910 2898 4965 Timore
2932 4912 3125 4968 mortis
3147 4922 3203 4966 et
3235 4910 3400 4981 gladii
3437 4912 3660 4968 doctri-‘

2074 5020 2199 5056 nam
2219 5003 2366 5071 hanc
2395 5002 2586 5056 subeo.
2618 5001 2821 5055 Deinde
2849 5003 2990 5055 clam
3027 5003 3237 5056 litteras
3273 5004 3438 5058 mittit
3468 5005 3519 5058 in
3555 5023 3639 5059 re-

2071 5096 2289 5166 gionem
2336 5091 2561 5154 Meciire.
2595 5109 2664 5148 ne
2721 5104 2929 5157 errent,
2983 5095 3077 5148 sed
3133 5095 3470 5164 prospicient
3529 5097 3633 5151 sibi

2072 5187 2348 5258 quomodo
2405 5183 2566 5254 gladii
2613 5187 2917 5254 periculum
2959 5187 3168 5257 possint
3218 5188 3483 5258 ellugere.
3516 5189 3640 5244 Haec

2074 5282 2258 5337 omnia
2289 5296 2355 5335 ex
2387 5280 2687 5333 Alcon-ano
2725 5289 2778 5332 et
2825 5267 2947 5333 aliis
2986 5279 3142 5334 libris
3170 5281 3454 5351 desumpta
3488 5291 3639 5338 sunt.

2073 5374 2556 5442 Verumtamengin
2604 5369 2783 5439 capite
2830 5371 2986 5425 Bonis
3015 5373 3265 5428 concedit
3292 5391 3413 5445 qua:
3447 5383 3640 5432 contra
3681 5388 3687 5393 '

2073 5472 2324 5516 naturam
2358 5462 2425 5514 ad
2465 5457 2778 5514 faciendum
2835 5459 3040 5514 nefaria
3102 5471 3247 5530 sunt,
3311 5480 3431 5533 quae
3475 5466 3640 5520 etiam

2071 5555 2223 5629 dictu
2315 5561 2442 5608 sunt
2525 5550 2859 5622 turpissima.
2933 5553 3304 5625 Quoscunque
3365 5558 3511 5609 enim
3543 5573 3644 5626 ap-

2072 5645 2421 5719 prelienderit
2479 5647 2770 5718 impietas,
2826 5651 2878 5702 in
2927 5645 3026 5702 hos
3053 5666 3152 5704 ceu
3207 5652 3428 5702 morbus
3479 5664 3643 5705 omne

2074 5743 2274 5798 malum
2346 5754 2582 5801 exercet.
2671 5744 3027 5800 Dissimilium
3105 5741 3251 5797 cnim
3329 5738 3646 5798 commistio
