  <div class='ocr_page' id='page_1' title='image "/cluster/home/n/w/nwhite01/storage/ocr_20150623/154/mdp.39015028978099/338.png"; bbox 0 0 4120 6290; ppageno 0'>
   <div class='ocr_carea' id='block_1_1' title="bbox 315 381 416 448">
    <p class='ocr_par' dir='ltr' id='par_1_1' title="bbox 315 381 416 448">
     <span class='ocr_line' id='line_1_1' title="bbox 315 381 416 448; baseline 0.02 -2"><span class='ocrx_word' id='word_1_1' title='bbox 315 381 416 448; x_wconf 82' lang='lat'><strong>661</strong></span> 
     </span>
    </p>
   </div>
   <div class='ocr_carea' id='block_1_2' title="bbox 1293 384 2594 452">
    <p class='ocr_par' dir='ltr' id='par_1_2' title="bbox 1293 384 2594 452">
     <span class='ocr_line' id='line_1_2' title="bbox 1293 384 2594 452; baseline 0.002 -5"><span class='ocrx_word' id='word_1_2' title='bbox 1293 385 1595 450; x_wconf 72' lang='lat' dir='ltr'><strong>CONTRA</strong></span> <span class='ocrx_word' id='word_1_3' title='bbox 1632 384 2117 452; x_wconf 70' lang='grc' dir='ltr'><strong>ΜᾹΗΟΜΕΤΕΜ</strong></span> <span class='ocrx_word' id='word_1_4' title='bbox 2156 386 2443 452; x_wconf 72' lang='lat' dir='ltr'><strong>ORATIO</strong></span> <span class='ocrx_word' id='word_1_5' title='bbox 2475 388 2594 450; x_wconf 84' lang='grc' dir='ltr'><strong>ῘῖῙ.</strong></span> 
     </span>
    </p>
   </div>
   <div class='ocr_carea' id='block_1_3' title="bbox 3447 377 3556 451">
    <p class='ocr_par' dir='ltr' id='par_1_3' title="bbox 3447 377 3556 451">
     <span class='ocr_line' id='line_1_3' title="bbox 3447 377 3556 451; baseline 0.018 -2"><span class='ocrx_word' id='word_1_6' title='bbox 3447 377 3556 451; x_wconf 76' lang='grc'><strong>662</strong></span> 
     </span>
    </p>
   </div>
   <div class='ocr_carea' id='block_1_4' title="bbox 318 498 1913 584">
    <p class='ocr_par' dir='ltr' id='par_1_4' title="bbox 318 499 1913 582">
     <span class='ocr_line' id='line_1_4' title="bbox 318 499 1913 582; baseline 0.001 -28"><span class='ocrx_word' id='word_1_7' title='bbox 318 499 629 582; x_wconf 57' lang='grc' dir='ltr'><strong>καωσῦνῃς,</strong></span> <span class='ocrx_word' id='word_1_8' title='bbox 677 499 956 556; x_wconf 77' lang='grc' dir='ltr'><strong>τουτέστιν</strong></span> <span class='ocrx_word' id='word_1_9' title='bbox 1001 503 1030 556; x_wconf 90' lang='lat'><strong>6</strong></span> <span class='ocrx_word' id='word_1_10' title='bbox 1084 502 1345 572; x_wconf 84' lang='grc' dir='ltr'><strong>Χριστὸς,</strong></span> <span class='ocrx_word' id='word_1_11' title='bbox 1396 504 1520 566; x_wconf 71' lang='grc' dir='ltr'><strong>τοὺς</strong></span> <span class='ocrx_word' id='word_1_12' title='bbox 1577 503 1689 567; x_wconf 66' lang='grc' dir='ltr'><strong>είςί</strong></span> <span class='ocrx_word' id='word_1_13' title='bbox 1717 503 1913 580; x_wconf 32' lang='grc' dir='ltr'><strong>αὑτὸν.</strong></span> 
     </span>
    </p>
   </div>
   <div class='ocr_carea' id='block_1_5' title="bbox 2008 498 3557 584">
    <p class='ocr_par' dir='ltr' id='par_1_5' title="bbox 2008 498 3557 576">
     <span class='ocr_line' id='line_1_5' title="bbox 2008 498 3557 576; baseline 0.001 -19"><span class='ocrx_word' id='word_1_14' title='bbox 2008 504 2152 559; x_wconf 70' lang='lat' dir='ltr'><strong>:tia’m</strong></span> <span class='ocrx_word' id='word_1_15' title='bbox 2202 505 2484 560; x_wconf 85' lang='lat' dir='ltr'><strong>rationalis</strong></span> <span class='ocrx_word' id='word_1_16' title='bbox 2531 504 2622 559; x_wconf 85' lang='lat' dir='ltr'><strong>ille</strong></span> <span class='ocrx_word' id='word_1_17' title='bbox 2667 502 2895 576; x_wconf 67' lang='lat' dir='ltr'><strong>justitim</strong></span> <span class='ocrx_word' id='word_1_18' title='bbox 2942 502 3035 562; x_wconf 86' lang='lat' dir='ltr'><strong>Sol</strong></span> <span class='ocrx_word' id='word_1_19' title='bbox 3076 501 3451 570; x_wconf 80' lang='lat' dir='ltr'><strong>Christus,&#39;in</strong></span> <span class='ocrx_word' id='word_1_20' title='bbox 3495 498 3557 559; x_wconf 83' lang='lat' dir='ltr'><strong>se</strong></span> 
     </span>
    </p>
   </div>
   <div class='ocr_carea' id='block_1_6' title="bbox 320 595 1932 668">
    <p class='ocr_par' dir='ltr' id='par_1_6' title="bbox 320 595 1932 668">
     <span class='ocr_line' id='line_1_6' title="bbox 320 595 1932 668; baseline -0.002 -20"><span class='ocrx_word' id='word_1_21' title='bbox 320 595 669 659; x_wconf 80' lang='grc' dir='ltr'><strong>πιστεύοντας</strong></span> <span class='ocrx_word' id='word_1_22' title='bbox 713 597 965 667; x_wconf 76' lang='grc' dir='ltr'><strong>ἐμπιπλᾷ</strong></span> <span class='ocrx_word' id='word_1_23' title='bbox 1004 596 1197 668; x_wconf 78' lang='grc' dir='ltr'><strong>νοητοῦ</strong></span> <span class='ocrx_word' id='word_1_24' title='bbox 1242 598 1441 667; x_wconf 80' lang='grc' dir='ltr'><strong>φωτός,</strong></span> <span class='ocrx_word' id='word_1_25' title='bbox 1481 599 1668 652; x_wconf 67' lang='grc' dir='ltr'><strong>Πᾶσιν</strong></span> <span class='ocrx_word' id='word_1_26' title='bbox 1699 596 1753 650; x_wconf 81' lang='grc' dir='ltr'><strong>δὲ</strong></span> <span class='ocrx_word' id='word_1_27' title='bbox 1783 597 1880 665; x_wconf 74' lang='grc' dir='ltr'><strong>ἄγι-</strong></span> <span class='ocrx_word' id='word_1_28' title='bbox 1917 595 1932 607; x_wconf 70' lang='grc'>⁶</span> 
     </span>
    </p>
   </div>
   <div class='ocr_carea' id='block_1_7' title="bbox 317 684 1884 766">
    <p class='ocr_par' dir='ltr' id='par_1_7' title="bbox 317 684 1884 766">
     <span class='ocr_line' id='line_1_7' title="bbox 317 684 1884 766; baseline 0.001 -25"><span class='ocrx_word' id='word_1_29' title='bbox 317 703 464 741; x_wconf 87' lang='grc' dir='ltr'><strong>νοιαν</strong></span> <span class='ocrx_word' id='word_1_30' title='bbox 499 689 594 741; x_wconf 81' lang='grc' dir='ltr'><strong>καὶ</strong></span> <span class='ocrx_word' id='word_1_31' title='bbox 623 689 835 766; x_wconf 69' lang='grc' dir='ltr'><strong>πλάνην</strong></span> <span class='ocrx_word' id='word_1_32' title='bbox 865 688 1078 743; x_wconf 75' lang='grc' dir='ltr'><strong>ἐλαύνει</strong></span> <span class='ocrx_word' id='word_1_33' title='bbox 1125 691 1190 742; x_wconf 76' lang='grc' dir='ltr'><strong>ἐκ</strong></span> <span class='ocrx_word' id='word_1_34' title='bbox 1222 692 1411 745; x_wconf 82' lang='grc' dir='ltr'><strong>πασῶν</strong></span> <span class='ocrx_word' id='word_1_35' title='bbox 1456 691 1668 760; x_wconf 78' lang='grc' dir='ltr'><strong>ψυχῶν,</strong></span> <span class='ocrx_word' id='word_1_36' title='bbox 1699 684 1788 752; x_wconf 75' lang='grc' dir='ltr'><strong>αἷς</strong></span> <span class='ocrx_word' id='word_1_37' title='bbox 1811 689 1884 746; x_wconf 17' lang='grc' dir='ltr'><strong>,ἂν</strong></span> 
     </span>
    </p>
   </div>
   <div class='ocr_carea' id='block_1_8' title="bbox 321 776 1882 856">
    <p class='ocr_par' dir='ltr' id='par_1_8' title="bbox 321 776 1882 856">
     <span class='ocr_line' id='line_1_8' title="bbox 321 776 1882 856; baseline 0.001 -26"><span class='ocrx_word' id='word_1_38' title='bbox 321 777 630 846; x_wconf 71' lang='grc' dir='ltr'><strong>ἐγγένηται,</strong></span> <span class='ocrx_word' id='word_1_39' title='bbox 665 776 909 841; x_wconf 70' lang='grc' dir='ltr'><strong>καὶτοὺς</strong></span> <span class='ocrx_word' id='word_1_40' title='bbox 943 780 1164 856; x_wconf 82' lang='grc' dir='ltr'><strong>νοεροὺς</strong></span> <span class='ocrx_word' id='word_1_41' title='bbox 1189 780 1370 834; x_wconf 82' lang='grc' dir='ltr'><strong>αὐτῶν</strong></span> <span class='ocrx_word' id='word_1_42' title='bbox 1399 779 1713 849; x_wconf 78' lang='grc' dir='ltr'><strong>ὀφθαλμοὺς</strong></span> <span class='ocrx_word' id='word_1_43' title='bbox 1744 780 1882 832; x_wconf 82' lang='grc' dir='ltr'><strong>ἀπο-</strong></span> 
     </span>
    </p>
   </div>
   <div class='ocr_carea' id='block_1_9' title="bbox 319 867 1884 945">
    <p class='ocr_par' dir='ltr' id='par_1_9' title="bbox 319 867 1884 945">
     <span class='ocr_line' id='line_1_9' title="bbox 319 867 1884 945; baseline 0.001 -23"><span class='ocrx_word' id='word_1_44' title='bbox 319 867 592 940; x_wconf 79' lang='grc' dir='ltr'><strong>καθαίρει.</strong></span> <span class='ocrx_word' id='word_1_45' title='bbox 627 872 875 941; x_wconf 66' lang='grc' dir='ltr'><strong>Καὶγάρ</strong></span> <span class='ocrx_word' id='word_1_46' title='bbox 917 871 1106 942; x_wconf 81' lang='grc' dir='ltr'><strong>ὥσπερ</strong></span> <span class='ocrx_word' id='word_1_47' title='bbox 1134 875 1168 945; x_wconf 78' lang='grc' dir='ltr'>ἠ</span> <span class='ocrx_word' id='word_1_48' title='bbox 1207 871 1399 937; x_wconf 80' lang='grc' dir='ltr'><strong>ἄγνοια</strong></span> <span class='ocrx_word' id='word_1_49' title='bbox 1439 871 1744 944; x_wconf 76' lang='grc' dir='ltr'><strong>διαιρετικὴ</strong></span> <span class='ocrx_word' id='word_1_50' title='bbox 1774 870 1884 924; x_wconf 87' lang='grc' dir='ltr'><strong>τῶν</strong></span> 
     </span>
    </p>
   </div>
   <div class='ocr_carea' id='block_1_10' title="bbox 323 956 1886 1032">
    <p class='ocr_par' dir='ltr' id='par_1_10' title="bbox 323 956 1886 1032">
     <span class='ocr_line' id='line_1_10' title="bbox 323 956 1886 1032; baseline 0.001 -20"><span class='ocrx_word' id='word_1_51' title='bbox 323 956 762 1026; x_wconf 75' lang='grc' dir='ltr'><strong>πεπλανημένων</strong></span> <span class='ocrx_word' id='word_1_52' title='bbox 807 962 976 1026; x_wconf 77' lang='grc' dir='ltr'><strong>ἐστὶν,</strong></span> <span class='ocrx_word' id='word_1_53' title='bbox 1018 961 1189 1022; x_wconf 78' lang='grc' dir='ltr'><strong>οὕτως</strong></span> <span class='ocrx_word' id='word_1_54' title='bbox 1231 964 1264 1032; x_wconf 84' lang='grc' dir='ltr'><strong>ἡ</strong></span> <span class='ocrx_word' id='word_1_55' title='bbox 1312 962 1408 1014; x_wconf 91' lang='grc' dir='ltr'><strong>τοῦ</strong></span> <span class='ocrx_word' id='word_1_56' title='bbox 1460 957 1654 1031; x_wconf 85' lang='grc' dir='ltr'><strong>νοητόῦ</strong></span> <span class='ocrx_word' id='word_1_57' title='bbox 1709 959 1886 1029; x_wconf 87' lang='grc' dir='ltr'><strong>φωτὸς</strong></span> 
     </span>
    </p>
   </div>
   <div class='ocr_carea' id='block_1_11' title="bbox 324 1051 1888 1126">
    <p class='ocr_par' dir='ltr' id='par_1_11' title="bbox 324 1051 1888 1126">
     <span class='ocr_line' id='line_1_11' title="bbox 324 1051 1888 1126; baseline 0.003 -24"><span class='ocrx_word' id='word_1_58' title='bbox 324 1051 600 1120; x_wconf 79' lang='grc' dir='ltr'><strong>παρουσία</strong></span> <span class='ocrx_word' id='word_1_59' title='bbox 633 1053 948 1121; x_wconf 77' lang='grc' dir='ltr'><strong>συναγωγὸς</strong></span> <span class='ocrx_word' id='word_1_60' title='bbox 977 1055 1070 1106; x_wconf 73' lang='grc' dir='ltr'><strong>καὶ</strong></span> <span class='ocrx_word' id='word_1_61' title='bbox 1108 1053 1341 1124; x_wconf 77' lang='grc' dir='ltr'><strong>ἑνωτικὴ</strong></span> <span class='ocrx_word' id='word_1_62' title='bbox 1370 1053 1474 1107; x_wconf 83' lang='grc' dir='ltr'><strong>τῶν</strong></span> <span class='ocrx_word' id='word_1_63' title='bbox 1501 1054 1888 1126; x_wconf 79' lang='grc' dir='ltr'><strong>φωτιζομένων</strong></span> 
     </span>
    </p>
   </div>
   <div class='ocr_carea' id='block_1_12' title="bbox 321 1141 1890 1219">
    <p class='ocr_par' dir='ltr' id='par_1_12' title="bbox 321 1141 1890 1219">
     <span class='ocr_line' id='line_1_12' title="bbox 321 1141 1890 1219; baseline 0.003 -24"><span class='ocrx_word' id='word_1_64' title='bbox 321 1141 453 1196; x_wconf 69' lang='grc' dir='ltr'><strong>δστί.</strong></span> <span class='ocrx_word' id='word_1_65' title='bbox 483 1145 581 1198; x_wconf 85' lang='grc' dir='ltr'><strong>Διά</strong></span> <span class='ocrx_word' id='word_1_66' title='bbox 620 1143 754 1212; x_wconf 85' lang='grc' dir='ltr'><strong>γοῦν</strong></span> <span class='ocrx_word' id='word_1_67' title='bbox 793 1145 949 1199; x_wconf 74' lang='grc' dir='ltr'><strong>τοῦτ’)</strong></span> <span class='ocrx_word' id='word_1_68' title='bbox 987 1148 1083 1200; x_wconf 76' lang='grc' dir='ltr'><strong>καὶ</strong></span> <span class='ocrx_word' id='word_1_69' title='bbox 1111 1148 1139 1199; x_wconf 88' lang='lat'><strong>6</strong></span> <span class='ocrx_word' id='word_1_70' title='bbox 1167 1148 1404 1219; x_wconf 81' lang='grc' dir='ltr'><strong>Χριστὸς</strong></span> <span class='ocrx_word' id='word_1_71' title='bbox 1434 1148 1642 1215; x_wconf 78' lang='grc' dir='ltr'><strong>ἔλεγεν,</strong></span> <span class='ocrx_word' id='word_1_72' title='bbox 1679 1165 1697 1199; x_wconf 78' lang='grc' dir='ltr'><strong>ι</strong></span> <span class='ocrx_word' id='word_1_73' title='bbox 1747 1146 1890 1215; x_wconf 80' lang='grc' dir='ltr'>Ἐγὼ</span> 
     </span>
    </p>
   </div>
   <div class='ocr_carea' id='block_1_13' title="bbox 321 1235 1890 1309">
    <p class='ocr_par' dir='ltr' id='par_1_13' title="bbox 321 1235 1890 1309">
     <span class='ocr_line' id='line_1_13' title="bbox 321 1235 1890 1309; baseline 0.003 -21"><span class='ocrx_word' id='word_1_74' title='bbox 321 1235 442 1304; x_wconf 80' lang='grc' dir='ltr'><strong>είμι-</strong></span> <span class='ocrx_word' id='word_1_75' title='bbox 461 1236 524 1288; x_wconf 93' lang='grc' dir='ltr'><strong>τὸ</strong></span> <span class='ocrx_word' id='word_1_76' title='bbox 554 1237 670 1307; x_wconf 87' lang='grc' dir='ltr'><strong>φῶς</strong></span> <span class='ocrx_word' id='word_1_77' title='bbox 702 1238 796 1292; x_wconf 83' lang='grc' dir='ltr'><strong>τοῦ</strong></span> <span class='ocrx_word' id='word_1_78' title='bbox 849 1238 1079 1309; x_wconf 72' lang='grc' dir='ltr'><strong>κόσμου,</strong></span> <span class='ocrx_word' id='word_1_79' title='bbox 1112 1241 1209 1293; x_wconf 76' lang='grc' dir='ltr'><strong>καὶ</strong></span> <span class='ocrx_word' id='word_1_80' title='bbox 1266 1240 1301 1294; x_wconf 85' lang='grc' dir='ltr'><strong>’ὁ</strong></span> <span class='ocrx_word' id='word_1_81' title='bbox 1343 1240 1617 1293; x_wconf 82' lang='grc' dir='ltr'><strong>πιστεύων</strong></span> <span class='ocrx_word' id='word_1_82' title='bbox 1658 1241 1737 1301; x_wconf 80' lang='grc' dir='ltr'><strong>εἰς</strong></span> <span class='ocrx_word' id='word_1_83' title='bbox 1791 1239 1890 1305; x_wconf 76' lang='grc' dir='ltr'><strong>ἐμὲ</strong></span> 
     </span>
    </p>
   </div>
   <div class='ocr_carea' id='block_1_14' title="bbox 323 1329 1890 1412">
    <p class='ocr_par' dir='ltr' id='par_1_14' title="bbox 323 1329 1890 1412">
     <span class='ocr_line' id='line_1_14' title="bbox 323 1329 1890 1412; baseline -0.001 -28"><span class='ocrx_word' id='word_1_84' title='bbox 323 1332 382 1384; x_wconf 84' lang='grc' dir='ltr'><strong>οὐ</strong></span> <span class='ocrx_word' id='word_1_85' title='bbox 416 1335 493 1403; x_wconf 73' lang='grc' dir='ltr'><strong>μὴ</strong></span> <span class='ocrx_word' id='word_1_86' title='bbox 521 1333 878 1412; x_wconf 74' lang='grc' dir='ltr'><strong>περιπατήσῃ</strong></span> <span class='ocrx_word' id='word_1_87' title='bbox 911 1334 969 1386; x_wconf 80' lang='grc' dir='ltr'><strong>ὲν</strong></span> <span class='ocrx_word' id='word_1_88' title='bbox 991 1336 1058 1404; x_wconf 76' lang='grc' dir='ltr'><strong>τῇ</strong></span> <span class='ocrx_word' id='word_1_89' title='bbox 1096 1331 1308 1402; x_wconf 78' lang='grc' dir='ltr'><strong>σκοτίᾳ,</strong></span> <span class='ocrx_word' id='word_1_90' title='bbox 1349 1352 1366 1384; x_wconf 77' lang='grc' dir='ltr'><strong>ι</strong></span> <span class='ocrx_word' id='word_1_91' title='bbox 1409 1331 1510 1402; x_wconf 81' lang='grc' dir='ltr'><strong>τῆς</strong></span> <span class='ocrx_word' id='word_1_92' title='bbox 1556 1331 1763 1400; x_wconf 78' lang='grc' dir='ltr'><strong>πλάνης</strong></span> <span class='ocrx_word' id='word_1_93' title='bbox 1795 1329 1890 1400; x_wconf 84' lang='grc' dir='ltr'><strong>δη·-</strong></span> 
     </span>
    </p>
   </div>
   <div class='ocr_carea' id='block_1_15' title="bbox 320 1419 1893 1492">
    <p class='ocr_par' dir='ltr' id='par_1_15' title="bbox 320 1419 1893 1492">
     <span class='ocr_line' id='line_1_15' title="bbox 320 1419 1893 1492; baseline 0.001 -20"><span class='ocrx_word' id='word_1_94' title='bbox 320 1419 518 1485; x_wconf 80' lang='grc' dir='ltr'><strong>λονότι,</strong></span> <span class='ocrx_word' id='word_1_95' title='bbox 568 1439 585 1474; x_wconf 86' lang='lat' dir='ltr'><strong>t</strong></span> <span class='ocrx_word' id='word_1_96' title='bbox 623 1421 740 1475; x_wconf 74' lang='grc' dir='ltr'><strong>ἀλλ’</strong></span> <span class='ocrx_word' id='word_1_97' title='bbox 779 1421 888 1489; x_wconf 80' lang='grc' dir='ltr'><strong>ἕξει</strong></span> <span class='ocrx_word' id='word_1_98' title='bbox 920 1421 981 1475; x_wconf 90' lang='grc' dir='ltr'><strong>τὸ</strong></span> <span class='ocrx_word' id='word_1_99' title='bbox 1037 1422 1153 1491; x_wconf 77' lang='grc' dir='ltr'><strong>φῶς</strong></span> <span class='ocrx_word' id='word_1_100' title='bbox 1199 1422 1297 1492; x_wconf 85' lang='grc' dir='ltr'><strong>τῆς</strong></span> <span class='ocrx_word' id='word_1_101' title='bbox 1330 1421 1496 1492; x_wconf 74' lang='grc' dir='ltr'><strong>ζωῆς,</strong></span> <span class='ocrx_word' id='word_1_102' title='bbox 1537 1440 1556 1472; x_wconf 79' lang='grc' dir='ltr'><strong>ι</strong></span> <span class='ocrx_word' id='word_1_103' title='bbox 1593 1420 1690 1474; x_wconf 68' lang='grc' dir='ltr'><strong>καὶ</strong></span> <span class='ocrx_word' id='word_1_104' title='bbox 1729 1420 1893 1489; x_wconf 76' lang='grc' dir='ltr'><strong>ἕτερα</strong></span> 
     </span>
    </p>
   </div>
   <div class='ocr_carea' id='block_1_16' title="bbox 320 1508 1892 1585">
    <p class='ocr_par' dir='ltr' id='par_1_16' title="bbox 320 1508 1892 1585">
     <span class='ocr_line' id='line_1_16' title="bbox 320 1508 1892 1585; baseline -0.001 -19"><span class='ocrx_word' id='word_1_105' title='bbox 320 1511 419 1567; x_wconf 80' lang='grc' dir='ltr'><strong>ὅσα</strong></span> <span class='ocrx_word' id='word_1_106' title='bbox 452 1516 737 1584; x_wconf 77' lang='grc' dir='ltr'><strong>μετολίγον</strong></span> <span class='ocrx_word' id='word_1_107' title='bbox 768 1519 795 1568; x_wconf 78' lang='lat'><strong>6</strong></span> <span class='ocrx_word' id='word_1_108' title='bbox 819 1516 975 1584; x_wconf 80' lang='grc' dir='ltr'>λόγος</span> <span class='ocrx_word' id='word_1_109' title='bbox 1011 1508 1146 1585; x_wconf 84' lang='grc' dir='ltr'><strong>δῆλα</strong></span> <span class='ocrx_word' id='word_1_110' title='bbox 1175 1517 1408 1585; x_wconf 79' lang='grc' dir='ltr'><strong>ποιήσει.</strong></span> <span class='ocrx_word' id='word_1_111' title='bbox 1447 1515 1599 1567; x_wconf 73' lang='grc' dir='ltr'><strong>Ἐπεὶ</strong></span> <span class='ocrx_word' id='word_1_112' title='bbox 1630 1512 1784 1580; x_wconf 85' lang='grc' dir='ltr'><strong>γοῦν,</strong></span> <span class='ocrx_word' id='word_1_113' title='bbox 1816 1512 1892 1575; x_wconf 87' lang='grc' dir='ltr'><strong>ὡς</strong></span> 
     </span>
    </p>
   </div>
   <div class='ocr_carea' id='block_1_17' title="bbox 320 1602 1925 1680">
    <p class='ocr_par' dir='ltr' id='par_1_17' title="bbox 320 1602 1925 1680">
     <span class='ocr_line' id='line_1_17' title="bbox 320 1602 1925 1680; baseline -0.002 -21"><span class='ocrx_word' id='word_1_114' title='bbox 320 1606 538 1676; x_wconf 71' lang='grc' dir='ltr'><strong>εἴρηται</strong></span> <span class='ocrx_word' id='word_1_115' title='bbox 574 1607 630 1659; x_wconf 71' lang='grc' dir='ltr'><strong>ἐν</strong></span> <span class='ocrx_word' id='word_1_116' title='bbox 665 1605 744 1676; x_wconf 81' lang='grc' dir='ltr'><strong>τῷ</strong></span> <span class='ocrx_word' id='word_1_117' title='bbox 773 1605 1054 1676; x_wconf 77' lang='grc' dir='ltr'><strong>κεφαλαίῳ</strong></span> <span class='ocrx_word' id='word_1_118' title='bbox 1082 1606 1161 1675; x_wconf 85' lang='grc' dir='ltr'><strong>τῷ</strong></span> <span class='ocrx_word' id='word_1_119' title='bbox 1205 1604 1489 1680; x_wconf 50' lang='grc' dir='ltr'><strong>ἶΕλμαῖδᾶ,</strong></span> <span class='ocrx_word' id='word_1_120' title='bbox 1522 1602 1708 1666; x_wconf 83' lang='grc' dir='ltr'><strong>διττὰς</strong></span> <span class='ocrx_word' id='word_1_121' title='bbox 1752 1605 1925 1661; x_wconf 73' lang='grc' dir='ltr'><strong>ἁποο,</strong></span> 
     </span>
    </p>
   </div>
   <div class='ocr_carea' id='block_1_18' title="bbox 319 1693 1897 1769">
    <p class='ocr_par' dir='ltr' id='par_1_18' title="bbox 319 1693 1897 1769">
     <span class='ocr_line' id='line_1_18' title="bbox 319 1693 1897 1769; baseline -0.003 -17"><span class='ocrx_word' id='word_1_122' title='bbox 319 1693 515 1764; x_wconf 79' lang='grc' dir='ltr'><strong>δείξεις</strong></span> <span class='ocrx_word' id='word_1_123' title='bbox 544 1699 724 1769; x_wconf 82' lang='grc' dir='ltr'><strong>φέρων</strong></span> <span class='ocrx_word' id='word_1_124' title='bbox 755 1699 1068 1768; x_wconf 82' lang='grc' dir='ltr'><strong>εὑρίσκεται</strong></span> <span class='ocrx_word' id='word_1_125' title='bbox 1095 1698 1235 1753; x_wconf 80' lang='grc' dir='ltr'><strong>κατὰ</strong></span> <span class='ocrx_word' id='word_1_126' title='bbox 1276 1697 1368 1750; x_wconf 88' lang='grc' dir='ltr'><strong>τοῦ</strong></span> <span class='ocrx_word' id='word_1_127' title='bbox 1408 1697 1651 1767; x_wconf 81' lang='grc' dir='ltr'><strong>Χριστοῦ</strong></span> <span class='ocrx_word' id='word_1_128' title='bbox 1679 1698 1708 1749; x_wconf 89' lang='grc' dir='ltr'>ὀ</span> <span class='ocrx_word' id='word_1_129' title='bbox 1731 1695 1897 1750; x_wconf 86' lang='grc' dir='ltr'><strong>Μωά-</strong></span> 
     </span>
    </p>
   </div>
   <div class='ocr_carea' id='block_1_19' title="bbox 323 1790 1894 1862">
    <p class='ocr_par' dir='ltr' id='par_1_19' title="bbox 323 1790 1894 1862">
     <span class='ocr_line' id='line_1_19' title="bbox 323 1790 1894 1862; baseline -0.003 -17"><span class='ocrx_word' id='word_1_130' title='bbox 323 1792 446 1862; x_wconf 82' lang='grc' dir='ltr'><strong>μεθ,</strong></span> <span class='ocrx_word' id='word_1_131' title='bbox 479 1792 742 1847; x_wconf 80' lang='grc' dir='ltr'><strong>δεικνύων</strong></span> <span class='ocrx_word' id='word_1_132' title='bbox 767 1791 838 1854; x_wconf 84' lang='grc' dir='ltr'><strong>ὡς</strong></span> <span class='ocrx_word' id='word_1_133' title='bbox 867 1790 966 1860; x_wconf 80' lang='grc' dir='ltr'><strong>οὐκ</strong></span> <span class='ocrx_word' id='word_1_134' title='bbox 991 1790 1105 1846; x_wconf 79' lang='grc' dir='ltr'><strong>ἔστι</strong></span> <span class='ocrx_word' id='word_1_135' title='bbox 1137 1791 1290 1854; x_wconf 83' lang='grc' dir='ltr'><strong>Θεὸς,</strong></span> <span class='ocrx_word' id='word_1_136' title='bbox 1315 1791 1396 1843; x_wconf 83' lang='grc' dir='ltr'><strong>διὸ</strong></span> <span class='ocrx_word' id='word_1_137' title='bbox 1448 1790 1708 1844; x_wconf 71' lang='grc' dir='ltr'><strong>οὐδέποτε</strong></span> <span class='ocrx_word' id='word_1_138' title='bbox 1739 1790 1894 1860; x_wconf 74' lang='grc' dir='ltr'><strong>εἴρη-</strong></span> 
     </span>
    </p>
   </div>
   <div class='ocr_carea' id='block_1_20' title="bbox 1985 587 3608 670">
    <p class='ocr_par' dir='ltr' id='par_1_20' title="bbox 1985 587 3608 670">
     <span class='ocr_line' id='line_1_20' title="bbox 1985 587 3608 670; baseline 0.002 -20"><span class='ocrx_word' id='word_1_139' title='bbox 1985 596 2273 652; x_wconf 80' lang='lat' dir='ltr'><strong>credentes</strong></span> <span class='ocrx_word' id='word_1_140' title='bbox 2316 599 2440 656; x_wconf 87' lang='lat' dir='ltr'><strong>luce</strong></span> <span class='ocrx_word' id='word_1_141' title='bbox 2491 597 2678 666; x_wconf 79' lang='lat' dir='ltr'><strong>implet</strong></span> <span class='ocrx_word' id='word_1_142' title='bbox 2726 597 2998 664; x_wconf 77' lang='lat' dir='ltr'><strong>rationali,</strong></span> <span class='ocrx_word' id='word_1_143' title='bbox 3030 587 3359 668; x_wconf 83' lang='lat' dir='ltr'><strong>omnemque</strong></span> <span class='ocrx_word' id='word_1_144' title='bbox 3405 598 3608 670; x_wconf 25' lang='lat' dir='ltr'><strong>igne-~-</strong></span> 
     </span>
    </p>
   </div>
   <div class='ocr_carea' id='block_1_21' title="bbox 1986 687 3554 761">
    <p class='ocr_par' dir='ltr' id='par_1_21' title="bbox 1986 687 3554 761">
     <span class='ocr_line' id='line_1_21' title="bbox 1986 687 3554 761; baseline 0.002 -19"><span class='ocrx_word' id='word_1_145' title='bbox 1986 689 2214 744; x_wconf 84' lang='lat' dir='ltr'><strong>rantiam</strong></span> <span class='ocrx_word' id='word_1_146' title='bbox 2243 700 2297 746; x_wconf 90' lang='lat' dir='ltr'><strong>et</strong></span> <span class='ocrx_word' id='word_1_147' title='bbox 2320 697 2566 745; x_wconf 72' lang='lat' dir='ltr'><strong>errarent</strong></span> <span class='ocrx_word' id='word_1_148' title='bbox 2606 703 2674 746; x_wconf 81' lang='lat' dir='ltr'><strong>ex</strong></span> <span class='ocrx_word' id='word_1_149' title='bbox 2703 690 3012 758; x_wconf 77' lang='lat' dir='ltr'><strong>animabus,</strong></span> <span class='ocrx_word' id='word_1_150' title='bbox 3040 687 3240 761; x_wconf 72' lang='lat' dir='ltr'><strong>quibus</strong></span> <span class='ocrx_word' id='word_1_151' title='bbox 3279 689 3554 756; x_wconf 82' lang='lat' dir='ltr'><strong>inciderit,</strong></span> 
     </span>
    </p>
   </div>
   <div class='ocr_carea' id='block_1_22' title="bbox 1984 781 3559 855">
    <p class='ocr_par' dir='ltr' id='par_1_22' title="bbox 1984 781 3559 855">
     <span class='ocr_line' id='line_1_22' title="bbox 1984 781 3559 855; baseline -0.001 -19"><span class='ocrx_word' id='word_1_152' title='bbox 1984 781 2242 851; x_wconf 69' lang='lat' dir='ltr'><strong>expellit,</strong></span> <span class='ocrx_word' id='word_1_153' title='bbox 2308 790 2364 838; x_wconf 90' lang='lat' dir='ltr'><strong>et</strong></span> <span class='ocrx_word' id='word_1_154' title='bbox 2407 783 2634 838; x_wconf 84' lang='lat' dir='ltr'><strong>vitiosos</strong></span> <span class='ocrx_word' id='word_1_155' title='bbox 2683 784 2898 837; x_wconf 85' lang='lat' dir='ltr'><strong>illarum</strong></span> <span class='ocrx_word' id='word_1_156' title='bbox 2968 784 3157 843; x_wconf 80' lang='lat' dir='ltr'><strong>oculos</strong></span> <span class='ocrx_word' id='word_1_157' title='bbox 3217 790 3434 855; x_wconf 78' lang='lat' dir='ltr'><strong>purgat.</strong></span> <span class='ocrx_word' id='word_1_158' title='bbox 3486 781 3559 838; x_wconf 83' lang='lat' dir='ltr'><strong>Et</strong></span> 
     </span>
    </p>
   </div>
   <div class='ocr_carea' id='block_1_23' title="bbox 1989 869 3561 944">
    <p class='ocr_par' dir='ltr' id='par_1_23' title="bbox 1989 869 3561 944">
     <span class='ocr_line' id='line_1_23' title="bbox 1989 869 3561 944; baseline 0.001 -18"><span class='ocrx_word' id='word_1_159' title='bbox 1989 875 2453 944; x_wconf 80' lang='lat' dir='ltr'><strong>quemadmodum</strong></span> <span class='ocrx_word' id='word_1_160' title='bbox 2516 874 2824 944; x_wconf 76' lang='lat' dir='ltr'><strong>ignorantia</strong></span> <span class='ocrx_word' id='word_1_161' title='bbox 2882 875 3234 930; x_wconf 73' lang='lat' dir='ltr'><strong>errantes-et</strong></span> <span class='ocrx_word' id='word_1_162' title='bbox 3299 869 3561 929; x_wconf 75' lang='lat' dir='ltr'><strong>seductos</strong></span> 
     </span>
    </p>
   </div>
   <div class='ocr_carea' id='block_1_24' title="bbox 1990 965 3560 1038">
    <p class='ocr_par' dir='ltr' id='par_1_24' title="bbox 1990 965 3560 1038">
     <span class='ocr_line' id='line_1_24' title="bbox 1990 965 3560 1038; baseline -0.001 -16"><span class='ocrx_word' id='word_1_163' title='bbox 1990 967 2224 1038; x_wconf 79' lang='lat' dir='ltr'><strong>dissipat</strong></span> <span class='ocrx_word' id='word_1_164' title='bbox 2267 968 2401 1023; x_wconf 86' lang='lat' dir='ltr'><strong>hinc</strong></span> <span class='ocrx_word' id='word_1_165' title='bbox 2441 967 2587 1033; x_wconf 86' lang='lat' dir='ltr'><strong>inde,</strong></span> <span class='ocrx_word' id='word_1_166' title='bbox 2636 967 2713 1021; x_wconf 86' lang='lat' dir='ltr'><strong>sic</strong></span> <span class='ocrx_word' id='word_1_167' title='bbox 2747 966 3030 1024; x_wconf 71' lang='lat' dir='ltr'><strong>rationalis</strong></span> <span class='ocrx_word' id='word_1_168' title='bbox 3077 966 3217 1021; x_wconf 87' lang='lat' dir='ltr'><strong>lucis</strong></span> <span class='ocrx_word' id='word_1_169' title='bbox 3269 965 3560 1034; x_wconf 66' lang='lat' dir='ltr'><strong>praesentia</strong></span> 
     </span>
    </p>
   </div>
   <div class='ocr_carea' id='block_1_25' title="bbox 1989 1054 3560 1131">
    <p class='ocr_par' dir='ltr' id='par_1_25' title="bbox 1989 1054 3560 1131">
     <span class='ocr_line' id='line_1_25' title="bbox 1989 1054 3560 1131; baseline -0.003 -17"><span class='ocrx_word' id='word_1_170' title='bbox 1989 1075 2083 1117; x_wconf 86' lang='lat' dir='ltr'><strong>eos</strong></span> <span class='ocrx_word' id='word_1_171' title='bbox 2113 1062 2204 1131; x_wconf 89' lang='lat' dir='ltr'><strong>qui</strong></span> <span class='ocrx_word' id='word_1_172' title='bbox 2242 1061 2620 1116; x_wconf 81' lang='lat' dir='ltr'><strong>illuminantur</strong></span> <span class='ocrx_word' id='word_1_173' title='bbox 2643 1058 2868 1129; x_wconf 74' lang='lat' dir='ltr'><strong>colligit.</strong></span> <span class='ocrx_word' id='word_1_174' title='bbox 2895 1066 2950 1114; x_wconf 91' lang='lat' dir='ltr'><strong>et</strong></span> <span class='ocrx_word' id='word_1_175' title='bbox 2976 1057 3029 1113; x_wconf 90' lang='lat' dir='ltr'><strong>in</strong></span> <span class='ocrx_word' id='word_1_176' title='bbox 3059 1072 3225 1112; x_wconf 89' lang='lat' dir='ltr'><strong>unum</strong></span> <span class='ocrx_word' id='word_1_177' title='bbox 3256 1054 3560 1127; x_wconf 73' lang='lat' dir='ltr'><strong>coniungit.</strong></span> 
     </span>
    </p>
   </div>
   <div class='ocr_carea' id='block_1_26' title="bbox 1991 1146 3565 1224">
    <p class='ocr_par' dir='ltr' id='par_1_26' title="bbox 1991 1146 3565 1224">
     <span class='ocr_line' id='line_1_26' title="bbox 1991 1146 3565 1224; baseline -0.003 -19"><span class='ocrx_word' id='word_1_178' title='bbox 1991 1150 2333 1221; x_wconf 75' lang='lat' dir='ltr'><strong>Quapropter</strong></span> <span class='ocrx_word' id='word_1_179' title='bbox 2373 1151 2489 1221; x_wconf 84' lang='lat' dir='ltr'><strong>ipse</strong></span> <span class='ocrx_word' id='word_1_180' title='bbox 2537 1148 2790 1207; x_wconf 82' lang='lat' dir='ltr'><strong>Christus</strong></span> <span class='ocrx_word' id='word_1_181' title='bbox 2836 1147 3055 1224; x_wconf 86' lang='lat' dir='ltr'><strong>inquit:</strong></span> <span class='ocrx_word' id='word_1_182' title='bbox 3092 1167 3109 1202; x_wconf 81' lang='grc' dir='ltr'><strong>ι</strong></span> <span class='ocrx_word' id='word_1_183' title='bbox 3153 1149 3267 1219; x_wconf 76' lang='lat' dir='ltr'><strong>Ego</strong></span> <span class='ocrx_word' id='word_1_184' title='bbox 3310 1156 3430 1202; x_wconf 82' lang='lat' dir='ltr'><strong>Sum</strong></span> <span class='ocrx_word' id='word_1_185' title='bbox 3466 1146 3565 1202; x_wconf 72' lang='lat' dir='ltr'><strong>lu:</strong></span> 
     </span>
    </p>
   </div>
   <div class='ocr_carea' id='block_1_27' title="bbox 1993 1236 3562 1313">
    <p class='ocr_par' dir='ltr' id='par_1_27' title="bbox 1993 1236 3562 1313">
     <span class='ocr_line' id='line_1_27' title="bbox 1993 1236 3562 1313; baseline -0.004 -15"><span class='ocrx_word' id='word_1_186' title='bbox 1993 1243 2205 1298; x_wconf 87' lang='lat' dir='ltr'><strong>mundi.</strong></span> <span class='ocrx_word' id='word_1_187' title='bbox 2250 1245 2317 1299; x_wconf 90' lang='lat' dir='ltr'><strong>Et</strong></span> <span class='ocrx_word' id='word_1_188' title='bbox 2367 1244 2460 1313; x_wconf 89' lang='lat' dir='ltr'><strong>qui</strong></span> <span class='ocrx_word' id='word_1_189' title='bbox 2515 1244 2570 1298; x_wconf 93' lang='lat' dir='ltr'><strong>in</strong></span> <span class='ocrx_word' id='word_1_190' title='bbox 2621 1257 2708 1297; x_wconf 89' lang='lat' dir='ltr'><strong>me</strong></span> <span class='ocrx_word' id='word_1_191' title='bbox 2752 1240 2968 1309; x_wconf 75' lang='lat' dir='ltr'><strong>credit,</strong></span> <span class='ocrx_word' id='word_1_192' title='bbox 2997 1256 3106 1295; x_wconf 81' lang='lat' dir='ltr'><strong>non</strong></span> <span class='ocrx_word' id='word_1_193' title='bbox 3149 1236 3457 1294; x_wconf 80' lang='lat' dir='ltr'><strong>ambulabit</strong></span> <span class='ocrx_word' id='word_1_194' title='bbox 3506 1237 3562 1292; x_wconf 83' lang='lat' dir='ltr'><strong>in</strong></span> 
     </span>
    </p>
   </div>
   <div class='ocr_carea' id='block_1_28' title="bbox 1995 1329 3561 1401">
    <p class='ocr_par' dir='ltr' id='par_1_28' title="bbox 1995 1329 3561 1401">
     <span class='ocr_line' id='line_1_28' title="bbox 1995 1329 3561 1401; baseline -0.004 -15"><span class='ocrx_word' id='word_1_195' title='bbox 1995 1334 2236 1389; x_wconf 83' lang='lat' dir='ltr'><strong>tenebris</strong></span> <span class='ocrx_word' id='word_1_196' title='bbox 2259 1368 2274 1398; x_wconf 85' lang='lat'><strong>,</strong></span> <span class='ocrx_word' id='word_1_197' title='bbox 2310 1351 2328 1384; x_wconf 77' lang='grc' dir='ltr'><strong>ι</strong></span> <span class='ocrx_word' id='word_1_198' title='bbox 2367 1347 2626 1388; x_wconf 86' lang='lat' dir='ltr'><strong>errorum</strong></span> <span class='ocrx_word' id='word_1_199' title='bbox 2666 1337 2894 1401; x_wconf 84' lang='lat' dir='ltr'><strong>nempe,</strong></span> <span class='ocrx_word' id='word_1_200' title='bbox 2948 1350 2964 1382; x_wconf 76' lang='grc' dir='ltr'><strong>ι</strong></span> <span class='ocrx_word' id='word_1_201' title='bbox 2995 1329 3090 1387; x_wconf 84' lang='lat' dir='ltr'><strong>sed</strong></span> <span class='ocrx_word' id='word_1_202' title='bbox 3119 1329 3341 1384; x_wconf 81' lang='lat' dir='ltr'><strong>habebit</strong></span> <span class='ocrx_word' id='word_1_203' title='bbox 3383 1329 3561 1384; x_wconf 81' lang='lat' dir='ltr'><strong>lucem</strong></span> 
     </span>
    </p>
   </div>
   <div class='ocr_carea' id='block_1_29' title="bbox 1995 1421 3566 1495">
    <p class='ocr_par' dir='ltr' id='par_1_29' title="bbox 1995 1421 3566 1495">
     <span class='ocr_line' id='line_1_29' title="bbox 1995 1421 3566 1495; baseline -0.001 -17"><span class='ocrx_word' id='word_1_204' title='bbox 1995 1426 2120 1482; x_wconf 75' lang='lat' dir='ltr'><strong>vitae</strong></span> <span class='ocrx_word' id='word_1_205' title='bbox 2147 1426 2218 1490; x_wconf 82' lang='lat'><strong>&#39;°,</strong></span> <span class='ocrx_word' id='word_1_206' title='bbox 2259 1444 2276 1476; x_wconf 75' lang='grc' dir='ltr'><strong>ι</strong></span> <span class='ocrx_word' id='word_1_207' title='bbox 2313 1433 2368 1480; x_wconf 89' lang='lat' dir='ltr'><strong>et</strong></span> <span class='ocrx_word' id='word_1_208' title='bbox 2397 1425 2629 1494; x_wconf 86' lang='lat' dir='ltr'><strong>reliqua,</strong></span> <span class='ocrx_word' id='word_1_209' title='bbox 2659 1437 2788 1495; x_wconf 61' lang='lat' dir='ltr'><strong>quas</strong></span> <span class='ocrx_word' id='word_1_210' title='bbox 2809 1424 2989 1478; x_wconf 75' lang='lat' dir='ltr'><strong>oratio</strong></span> <span class='ocrx_word' id='word_1_211' title='bbox 3028 1427 3216 1478; x_wconf 84' lang='lat' dir='ltr'><strong>nostra</strong></span> <span class='ocrx_word' id='word_1_212' title='bbox 3245 1421 3409 1492; x_wconf 87' lang='lat' dir='ltr'><strong>paulo</strong></span> <span class='ocrx_word' id='word_1_213' title='bbox 3439 1428 3566 1492; x_wconf 89' lang='lat' dir='ltr'><strong>post</strong></span> 
     </span>
    </p>
   </div>
   <div class='ocr_carea' id='block_1_30' title="bbox 1995 1510 3569 1589">
    <p class='ocr_par' dir='ltr' id='par_1_30' title="bbox 1995 1510 3569 1589">
     <span class='ocr_line' id='line_1_30' title="bbox 1995 1510 3569 1589; baseline -0.003 -16"><span class='ocrx_word' id='word_1_214' title='bbox 1995 1526 2250 1589; x_wconf 79' lang='lat' dir='ltr'><strong>exponet.</strong></span> <span class='ocrx_word' id='word_1_215' title='bbox 2298 1512 2563 1584; x_wconf 84' lang='lat' dir='ltr'><strong>Quoniam</strong></span> <span class='ocrx_word' id='word_1_216' title='bbox 2620 1517 2787 1586; x_wconf 71' lang='lat' dir='ltr'><strong>igitur</strong></span> <span class='ocrx_word' id='word_1_217' title='bbox 2841 1516 2896 1571; x_wconf 92' lang='lat' dir='ltr'><strong>in</strong></span> <span class='ocrx_word' id='word_1_218' title='bbox 2942 1516 3122 1586; x_wconf 84' lang='lat' dir='ltr'><strong>capite</strong></span> <span class='ocrx_word' id='word_1_219' title='bbox 3166 1510 3472 1578; x_wconf 79' lang='lat' dir='ltr'><strong>Helmaida‘,</strong></span> <span class='ocrx_word' id='word_1_220' title='bbox 3508 1523 3569 1568; x_wconf 89' lang='lat' dir='ltr'><strong>ut</strong></span> 
     </span>
    </p>
   </div>
   <div class='ocr_carea' id='block_1_31' title="bbox 1995 1607 3570 1674">
    <p class='ocr_par' dir='ltr' id='par_1_31' title="bbox 1995 1607 3570 1674">
     <span class='ocr_line' id='line_1_31' title="bbox 1995 1607 3570 1674; baseline -0.001 -10"><span class='ocrx_word' id='word_1_221' title='bbox 1995 1609 2205 1664; x_wconf 86' lang='lat' dir='ltr'><strong>dictum</strong></span> <span class='ocrx_word' id='word_1_222' title='bbox 2247 1616 2352 1674; x_wconf 88' lang='lat' dir='ltr'><strong>est,</strong></span> <span class='ocrx_word' id='word_1_223' title='bbox 2393 1607 2608 1664; x_wconf 89' lang='lat' dir='ltr'><strong>duabus</strong></span> <span class='ocrx_word' id='word_1_224' title='bbox 2653 1619 2846 1664; x_wconf 89' lang='lat' dir='ltr'><strong>contra</strong></span> <span class='ocrx_word' id='word_1_225' title='bbox 2894 1607 3170 1664; x_wconf 76' lang='lat' dir='ltr'><strong>Citrisut&#39;m</strong></span> <span class='ocrx_word' id='word_1_226' title='bbox 3222 1607 3570 1662; x_wconf 83' lang='lat' dir='ltr'><strong>demonstra-</strong></span> 
     </span>
    </p>
   </div>
   <div class='ocr_carea' id='block_1_32' title="bbox 2001 1695 3575 1771">
    <p class='ocr_par' dir='ltr' id='par_1_32' title="bbox 2001 1695 3575 1771">
     <span class='ocr_line' id='line_1_32' title="bbox 2001 1695 3575 1771; baseline -0.005 -14"><span class='ocrx_word' id='word_1_227' title='bbox 2001 1700 2242 1771; x_wconf 85' lang='lat' dir='ltr'><strong>tionibus</strong></span> <span class='ocrx_word' id='word_1_228' title='bbox 2273 1699 2528 1755; x_wconf 82' lang='lat' dir='ltr'><strong>innititur</strong></span> <span class='ocrx_word' id='word_1_229' title='bbox 2551 1699 2841 1764; x_wconf 78' lang='lat' dir='ltr'><strong>Mahomet,</strong></span> <span class='ocrx_word' id='word_1_230' title='bbox 2878 1699 3177 1754; x_wconf 70' lang='lat' dir='ltr'><strong>oetendens</strong></span> <span class='ocrx_word' id='word_1_231' title='bbox 3206 1697 3366 1752; x_wconf 83' lang='lat' dir='ltr'><strong>hunc</strong></span> <span class='ocrx_word' id='word_1_232' title='bbox 3396 1695 3575 1752; x_wconf 81' lang='lat' dir='ltr'><strong>Deum-</strong></span> 
     </span>
    </p>
   </div>
   <div class='ocr_carea' id='block_1_33' title="bbox 1999 1790 3576 1864">
    <p class='ocr_par' dir='ltr' id='par_1_33' title="bbox 1999 1790 3576 1864">
     <span class='ocr_line' id='line_1_33' title="bbox 1999 1790 3576 1864; baseline -0.004 -14"><span class='ocrx_word' id='word_1_233' title='bbox 1999 1809 2109 1850; x_wconf 92' lang='lat' dir='ltr'><strong>non</strong></span> <span class='ocrx_word' id='word_1_234' title='bbox 2159 1809 2300 1861; x_wconf 80' lang='lat' dir='ltr'><strong>esse,</strong></span> <span class='ocrx_word' id='word_1_235' title='bbox 2354 1809 2420 1848; x_wconf 91' lang='lat' dir='ltr'><strong>eo</strong></span> <span class='ocrx_word' id='word_1_236' title='bbox 2466 1792 2614 1864; x_wconf 91' lang='lat' dir='ltr'><strong>quod</strong></span> <span class='ocrx_word' id='word_1_237' title='bbox 2656 1792 2909 1848; x_wconf 83' lang='lat' dir='ltr'><strong>Christus</strong></span> <span class='ocrx_word' id='word_1_238' title='bbox 2945 1806 3212 1863; x_wconf 85' lang='lat' dir='ltr'><strong>nusquam</strong></span> <span class='ocrx_word' id='word_1_239' title='bbox 3259 1790 3461 1846; x_wconf 79' lang='lat' dir='ltr'><strong>dixerit</strong></span> <span class='ocrx_word' id='word_1_240' title='bbox 3509 1797 3576 1845; x_wconf 84' lang='lat' dir='ltr'><strong>se</strong></span> 
     </span>
    </p>
   </div>
   <div class='ocr_carea' id='block_1_34' title="bbox 291 1868 1913 1957">
    <p class='ocr_par' dir='ltr' id='par_1_34' title="bbox 291 1880 1891 1956">
     <span class='ocr_line' id='line_1_34' title="bbox 291 1880 1891 1956; baseline -0.003 -17"><span class='ocrx_word' id='word_1_241' title='bbox 291 1903 414 1940; x_wconf 75' lang='lat' dir='ltr'><strong>~-xsv</strong></span> <span class='ocrx_word' id='word_1_242' title='bbox 449 1881 644 1940; x_wconf 82' lang='grc' dir='ltr'><strong>ἑαυτὸν</strong></span> <span class='ocrx_word' id='word_1_243' title='bbox 673 1886 805 1940; x_wconf 84' lang='grc' dir='ltr'><strong>Θεὸν</strong></span> <span class='ocrx_word' id='word_1_244' title='bbox 843 1886 871 1938; x_wconf 97' lang='lat'><strong>6</strong></span> <span class='ocrx_word' id='word_1_245' title='bbox 906 1885 1160 1956; x_wconf 82' lang='grc' dir='ltr'><strong>Χριστὸς,</strong></span> <span class='ocrx_word' id='word_1_246' title='bbox 1197 1880 1292 1937; x_wconf 69' lang='grc' dir='ltr'><strong>καὶ</strong></span> <span class='ocrx_word' id='word_1_247' title='bbox 1333 1884 1415 1937; x_wconf 78' lang='grc' dir='ltr'><strong>ὅτι</strong></span> <span class='ocrx_word' id='word_1_248' title='bbox 1463 1885 1574 1947; x_wconf 83' lang='grc' dir='ltr'><strong>τοῖς</strong></span> <span class='ocrx_word' id='word_1_249' title='bbox 1617 1883 1891 1952; x_wconf 77' lang='grc' dir='ltr'><strong>Ἰουδαίοις</strong></span> 
     </span>
    </p>
   </div>
   <div class='ocr_carea' id='block_1_35' title="bbox 2008 1868 3570 1957">
    <p class='ocr_par' dir='ltr' id='par_1_35' title="bbox 2008 1875 3570 1957">
     <span class='ocr_line' id='line_1_35' title="bbox 2008 1875 3570 1957; baseline -0.003 -14"><span class='ocrx_word' id='word_1_250' title='bbox 2008 1889 2172 1943; x_wconf 80' lang='lat' dir='ltr'><strong>Deum</strong></span> <span class='ocrx_word' id='word_1_251' title='bbox 2198 1902 2318 1943; x_wconf 87' lang='lat' dir='ltr'><strong>esse</strong></span> <span class='ocrx_word' id='word_1_252' title='bbox 2345 1904 2361 1955; x_wconf 88' lang='lat'><strong>;</strong></span> <span class='ocrx_word' id='word_1_253' title='bbox 2385 1895 2500 1940; x_wconf 84' lang='lat' dir='ltr'><strong>tum</strong></span> <span class='ocrx_word' id='word_1_254' title='bbox 2535 1886 2679 1957; x_wconf 88' lang='lat' dir='ltr'><strong>quod</strong></span> <span class='ocrx_word' id='word_1_255' title='bbox 2713 1885 2917 1941; x_wconf 72' lang='lat' dir='ltr'><strong>Iudaeis</strong></span> <span class='ocrx_word' id='word_1_256' title='bbox 2951 1883 3270 1956; x_wconf 74' lang='lat' dir='ltr'><strong>praeceperit</strong></span> <span class='ocrx_word' id='word_1_257' title='bbox 3299 1901 3312 1942; x_wconf 90' lang='lat'><strong>:</strong></span> <span class='ocrx_word' id='word_1_258' title='bbox 3357 1903 3375 1936; x_wconf 82' lang='grc' dir='ltr'><strong>ι</strong></span> <span class='ocrx_word' id='word_1_259' title='bbox 3418 1875 3570 1938; x_wconf 76' lang='lat' dir='ltr'><strong>Ado-</strong></span> 
     </span>
    </p>
   </div>
   <div class='ocr_carea' id='block_1_36' title="bbox 318 1967 1894 2042">
    <p class='ocr_par' dir='ltr' id='par_1_36' title="bbox 318 1967 1894 2042">
     <span class='ocr_line' id='line_1_36' title="bbox 318 1967 1894 2042; baseline 0 -18"><span class='ocrx_word' id='word_1_260' title='bbox 318 1967 478 2027; x_wconf 74' lang='grc' dir='ltr'><strong>εἶπεν</strong></span> <span class='ocrx_word' id='word_1_261' title='bbox 509 1973 589 2027; x_wconf 83' lang='grc' dir='ltr'><strong>ὅτι</strong></span> <span class='ocrx_word' id='word_1_262' title='bbox 631 1992 650 2025; x_wconf 79' lang='lat' dir='ltr'><strong>t</strong></span> <span class='ocrx_word' id='word_1_263' title='bbox 685 1968 1052 2042; x_wconf 76' lang='grc' dir='ltr'><strong>Προσκυνείτε</strong></span> <span class='ocrx_word' id='word_1_264' title='bbox 1089 1972 1180 2027; x_wconf 86' lang='grc' dir='ltr'><strong>τὸν</strong></span> <span class='ocrx_word' id='word_1_265' title='bbox 1227 1971 1360 2025; x_wconf 87' lang='grc' dir='ltr'><strong>Θεόν</strong></span> <span class='ocrx_word' id='word_1_266' title='bbox 1393 1988 1494 2041; x_wconf 88' lang='grc' dir='ltr'><strong>μου</strong></span> <span class='ocrx_word' id='word_1_267' title='bbox 1532 1971 1626 2024; x_wconf 78' lang='grc' dir='ltr'><strong>καὶ</strong></span> <span class='ocrx_word' id='word_1_268' title='bbox 1670 1971 1803 2024; x_wconf 88' lang='grc' dir='ltr'><strong>Θεὸν</strong></span> <span class='ocrx_word' id='word_1_269' title='bbox 1833 1972 1894 2024; x_wconf 81' lang='grc' dir='ltr'><strong>ὑ-</strong></span> 
     </span>
    </p>
   </div>
   <div class='ocr_carea' id='block_1_37' title="bbox 322 2058 1898 2137">
    <p class='ocr_par' dir='ltr' id='par_1_37' title="bbox 322 2058 1898 2137">
     <span class='ocr_line' id='line_1_37' title="bbox 322 2058 1898 2137; baseline -0.001 -19"><span class='ocrx_word' id='word_1_270' title='bbox 322 2064 463 2133; x_wconf 82' lang='grc' dir='ltr'><strong>μῶν,</strong></span> <span class='ocrx_word' id='word_1_271' title='bbox 507 2066 604 2118; x_wconf 78' lang='grc' dir='ltr'><strong>καὶ</strong></span> <span class='ocrx_word' id='word_1_272' title='bbox 631 2062 837 2137; x_wconf 80' lang='grc' dir='ltr'><strong>Κύριόν</strong></span> <span class='ocrx_word' id='word_1_273' title='bbox 871 2083 974 2137; x_wconf 81' lang='grc' dir='ltr'><strong>μου</strong></span> <span class='ocrx_word' id='word_1_274' title='bbox 1002 2068 1095 2121; x_wconf 71' lang='grc' dir='ltr'><strong>καῖ</strong></span> <span class='ocrx_word' id='word_1_275' title='bbox 1126 2064 1331 2134; x_wconf 80' lang='grc' dir='ltr'><strong>Κύριον</strong></span> <span class='ocrx_word' id='word_1_276' title='bbox 1357 2063 1511 2133; x_wconf 81' lang='grc' dir='ltr'>ὑμῶν</span> <span class='ocrx_word' id='word_1_277' title='bbox 1535 2079 1548 2094; x_wconf 93' lang='grc'><strong>·</strong></span> <span class='ocrx_word' id='word_1_278' title='bbox 1591 2082 1608 2115; x_wconf 86' lang='grc'>›</span> <span class='ocrx_word' id='word_1_279' title='bbox 1641 2062 1799 2132; x_wconf 80' lang='grc' dir='ltr'><strong>δεῦρο</strong></span> <span class='ocrx_word' id='word_1_280' title='bbox 1829 2058 1898 2133; x_wconf 66' lang='grc' dir='ltr'><strong>δὴ</strong></span> 
     </span>
    </p>
   </div>
   <div class='ocr_carea' id='block_1_38' title="bbox 321 2148 1896 2230">
    <p class='ocr_par' dir='ltr' id='par_1_38' title="bbox 321 2148 1896 2230">
     <span class='ocr_line' id='line_1_38' title="bbox 321 2148 1896 2230; baseline -0.002 -20"><span class='ocrx_word' id='word_1_281' title='bbox 321 2148 917 2230; x_wconf 68' lang='grc' dir='ltr'><strong>σκεψώμεθαπερὶτῆς</strong></span> <span class='ocrx_word' id='word_1_282' title='bbox 941 2155 1233 2228; x_wconf 71' lang='grc' dir='ltr'><strong>προτέρας,</strong></span> <span class='ocrx_word' id='word_1_283' title='bbox 1253 2156 1469 2222; x_wconf 77' lang='grc' dir='ltr'><strong>ἔπειτα,</strong></span> <span class='ocrx_word' id='word_1_284' title='bbox 1488 2156 1621 2209; x_wconf 86' lang='grc' dir='ltr'><strong>Θεοῦ</strong></span> <span class='ocrx_word' id='word_1_285' title='bbox 1640 2156 1896 2222; x_wconf 75' lang='grc' dir='ltr'><strong>διδόντος,</strong></span> 
     </span>
    </p>
   </div>
   <div class='ocr_carea' id='block_1_39' title="bbox 320 2242 1898 2323">
    <p class='ocr_par' dir='ltr' id='par_1_39' title="bbox 320 2242 1898 2323">
     <span class='ocr_line' id='line_1_39' title="bbox 320 2242 1898 2323; baseline -0.001 -19"><span class='ocrx_word' id='word_1_286' title='bbox 320 2252 578 2319; x_wconf 74' lang='grc' dir='ltr'><strong>καὶπερὶ</strong></span> <span class='ocrx_word' id='word_1_287' title='bbox 610 2254 708 2322; x_wconf 77' lang='grc' dir='ltr'><strong>τῆς</strong></span> <span class='ocrx_word' id='word_1_288' title='bbox 747 2251 1027 2323; x_wconf 82' lang='grc' dir='ltr'><strong>δευτέρας.</strong></span> <span class='ocrx_word' id='word_1_289' title='bbox 1070 2242 1391 2320; x_wconf 79' lang='grc' dir='ltr'><strong>’Δρξὼμεθα</strong></span> <span class='ocrx_word' id='word_1_290' title='bbox 1433 2250 1611 2302; x_wconf 85' lang='grc' dir='ltr'><strong>τοίνυν</strong></span> <span class='ocrx_word' id='word_1_291' title='bbox 1658 2250 1764 2304; x_wconf 85' lang='grc' dir='ltr'><strong>ἀπὸ</strong></span> <span class='ocrx_word' id='word_1_292' title='bbox 1799 2250 1898 2319; x_wconf 82' lang='grc' dir='ltr'><strong>τῆς</strong></span> 
     </span>
    </p>
   </div>
   <div class='ocr_carea' id='block_1_40' title="bbox 327 2332 1898 2414">
    <p class='ocr_par' dir='ltr' id='par_1_40' title="bbox 327 2332 1898 2414">
     <span class='ocr_line' id='line_1_40' title="bbox 327 2332 1898 2414; baseline -0.001 -16"><span class='ocrx_word' id='word_1_293' title='bbox 327 2343 419 2398; x_wconf 85' lang='grc' dir='ltr'><strong>τοῦ</strong></span> <span class='ocrx_word' id='word_1_294' title='bbox 480 2343 726 2414; x_wconf 80' lang='grc' dir='ltr'><strong>Μωάμεθ</strong></span> <span class='ocrx_word' id='word_1_295' title='bbox 775 2344 1087 2414; x_wconf 75' lang='grc' dir='ltr'><strong>ὁμολογίας.</strong></span> <span class='ocrx_word' id='word_1_296' title='bbox 1123 2333 1294 2408; x_wconf 73' lang='grc' dir='ltr'><strong>Οὗτος</strong></span> <span class='ocrx_word' id='word_1_297' title='bbox 1335 2339 1437 2398; x_wconf 60' lang='grc' dir='ltr'><strong>’τὸν</strong></span> <span class='ocrx_word' id='word_1_298' title='bbox 1479 2332 1712 2414; x_wconf 79' lang='grc' dir='ltr'><strong>Χριστὸν</strong></span> <span class='ocrx_word' id='word_1_299' title='bbox 1741 2332 1898 2412; x_wconf 82' lang='grc' dir='ltr'><strong>λόγον</strong></span> 
     </span>
    </p>
   </div>
   <div class='ocr_carea' id='block_1_41' title="bbox 322 2428 1898 2512">
    <p class='ocr_par' dir='ltr' id='par_1_41' title="bbox 322 2428 1898 2512">
     <span class='ocr_line' id='line_1_41' title="bbox 322 2428 1898 2512; baseline 0.006 -22"><span class='ocrx_word' id='word_1_300' title='bbox 322 2428 486 2503; x_wconf 74' lang='grc' dir='ltr'><strong>Θεοῦ,</strong></span> <span class='ocrx_word' id='word_1_301' title='bbox 523 2441 616 2493; x_wconf 79' lang='grc' dir='ltr'><strong>καὶ</strong></span> <span class='ocrx_word' id='word_1_302' title='bbox 650 2438 827 2511; x_wconf 76' lang='grc' dir='ltr'><strong>ψυχὴν</strong></span> <span class='ocrx_word' id='word_1_303' title='bbox 850 2441 1010 2505; x_wconf 83' lang='grc' dir='ltr'><strong>Θεοῦ,</strong></span> <span class='ocrx_word' id='word_1_304' title='bbox 1041 2441 1137 2494; x_wconf 75' lang='grc' dir='ltr'><strong>καὶ</strong></span> <span class='ocrx_word' id='word_1_305' title='bbox 1165 2441 1335 2512; x_wconf 82' lang='grc' dir='ltr'><strong>πνοὴν</strong></span> <span class='ocrx_word' id='word_1_306' title='bbox 1364 2439 1501 2493; x_wconf 83' lang='grc' dir='ltr'><strong>Θεοῦ</strong></span> <span class='ocrx_word' id='word_1_307' title='bbox 1543 2441 1690 2509; x_wconf 75' lang='grc' dir='ltr'><strong>λέγει</strong></span> <span class='ocrx_word' id='word_1_308' title='bbox 1734 2437 1898 2499; x_wconf 77' lang='grc' dir='ltr'><strong>εἶναι.</strong></span> 
     </span>
    </p>
   </div>
   <div class='ocr_carea' id='block_1_42' title="bbox 327 2522 1903 2603">
    <p class='ocr_par' dir='ltr' id='par_1_42' title="bbox 327 2522 1903 2603">
     <span class='ocr_line' id='line_1_42' title="bbox 327 2522 1903 2603; baseline -0.001 -19"><span class='ocrx_word' id='word_1_309' title='bbox 327 2531 516 2596; x_wconf 83' lang='grc' dir='ltr'><strong>καθὼς</strong></span> <span class='ocrx_word' id='word_1_310' title='bbox 545 2533 782 2603; x_wconf 82' lang='grc' dir='ltr'><strong>είρηται,</strong></span> <span class='ocrx_word' id='word_1_311' title='bbox 817 2532 912 2586; x_wconf 76' lang='grc' dir='ltr'><strong>καὶ</strong></span> <span class='ocrx_word' id='word_1_312' title='bbox 939 2522 1027 2586; x_wconf 68' lang='grc' dir='ltr'><strong>τὰ</strong></span> <span class='ocrx_word' id='word_1_313' title='bbox 1061 2534 1212 2602; x_wconf 87' lang='grc' dir='ltr'><strong>παρᾶ</strong></span> <span class='ocrx_word' id='word_1_314' title='bbox 1241 2532 1335 2586; x_wconf 88' lang='grc' dir='ltr'><strong>τοῦ</strong></span> <span class='ocrx_word' id='word_1_315' title='bbox 1379 2530 1618 2603; x_wconf 81' lang='grc' dir='ltr'><strong>Χριστοῦ</strong></span> <span class='ocrx_word' id='word_1_316' title='bbox 1653 2532 1747 2585; x_wconf 70' lang='grc' dir='ltr'><strong>καὶ</strong></span> <span class='ocrx_word' id='word_1_317' title='bbox 1794 2533 1903 2584; x_wconf 85' lang='grc' dir='ltr'><strong>τῶν</strong></span> 
     </span>
    </p>
   </div>
   <div class='ocr_carea' id='block_1_43' title="bbox 327 2611 1898 2700">
    <p class='ocr_par' dir='ltr' id='par_1_43' title="bbox 327 2611 1898 2700">
     <span class='ocr_line' id='line_1_43' title="bbox 327 2611 1898 2700; baseline -0.001 -23"><span class='ocrx_word' id='word_1_318' title='bbox 327 2624 648 2680; x_wconf 78' lang='grc' dir='ltr'><strong>ἀποστόλων</strong></span> <span class='ocrx_word' id='word_1_319' title='bbox 676 2627 956 2696; x_wconf 72' lang='grc' dir='ltr'><strong>γραφέντα</strong></span> <span class='ocrx_word' id='word_1_320' title='bbox 983 2611 1418 2700; x_wconf 75' lang='grc' dir='ltr'><strong>καὶπραχθέντα</strong></span> <span class='ocrx_word' id='word_1_321' title='bbox 1449 2629 1506 2678; x_wconf 85' lang='grc' dir='ltr'><strong>ἐν</strong></span> <span class='ocrx_word' id='word_1_322' title='bbox 1539 2625 1613 2694; x_wconf 77' lang='grc' dir='ltr'><strong>τῷ</strong></span> <span class='ocrx_word' id='word_1_323' title='bbox 1654 2624 1898 2693; x_wconf 79' lang='grc' dir='ltr'><strong>Εὑαγγε-</strong></span> 
     </span>
    </p>
   </div>
   <div class='ocr_carea' id='block_1_44' title="bbox 313 2717 1904 2792">
    <p class='ocr_par' dir='ltr' id='par_1_44' title="bbox 313 2717 1904 2792">
     <span class='ocr_line' id='line_1_44' title="bbox 313 2717 1904 2792; baseline -0.001 -20"><span class='ocrx_word' id='word_1_324' title='bbox 313 2717 430 2792; x_wconf 64' lang='grc' dir='ltr'><strong>’λίφ</strong></span> <span class='ocrx_word' id='word_1_325' title='bbox 461 2719 650 2774; x_wconf 82' lang='grc' dir='ltr'><strong>δίκαια</strong></span> <span class='ocrx_word' id='word_1_326' title='bbox 700 2721 793 2772; x_wconf 70' lang='grc' dir='ltr'><strong>καὶ</strong></span> <span class='ocrx_word' id='word_1_327' title='bbox 827 2720 956 2788; x_wconf 73' lang='grc' dir='ltr'><strong>ἅγια</strong></span> <span class='ocrx_word' id='word_1_328' title='bbox 993 2721 1085 2774; x_wconf 76' lang='grc' dir='ltr'><strong>καὶ</strong></span> <span class='ocrx_word' id='word_1_329' title='bbox 1120 2719 1306 2773; x_wconf 84' lang='grc' dir='ltr'><strong>τέλεια</strong></span> <span class='ocrx_word' id='word_1_330' title='bbox 1355 2720 1445 2772; x_wconf 71' lang='grc' dir='ltr'><strong>καὶ</strong></span> <span class='ocrx_word' id='word_1_331' title='bbox 1473 2718 1651 2788; x_wconf 78' lang='grc' dir='ltr'><strong>ἀληθῆ</strong></span> <span class='ocrx_word' id='word_1_332' title='bbox 1694 2718 1904 2788; x_wconf 80' lang='grc' dir='ltr'><strong>ὡμολό-</strong></span> 
     </span>
    </p>
   </div>
   <div class='ocr_carea' id='block_1_45' title="bbox 332 2806 1906 2886">
    <p class='ocr_par' dir='ltr' id='par_1_45' title="bbox 332 2806 1906 2886">
     <span class='ocr_line' id='line_1_45' title="bbox 332 2806 1906 2886; baseline -0.003 -19"><span class='ocrx_word' id='word_1_333' title='bbox 332 2829 498 2884; x_wconf 81' lang='grc' dir='ltr'><strong>γησε.</strong></span> <span class='ocrx_word' id='word_1_334' title='bbox 523 2806 634 2868; x_wconf 66' lang='grc' dir='ltr'><strong>Καὶ</strong></span> <span class='ocrx_word' id='word_1_335' title='bbox 658 2811 960 2886; x_wconf 62' lang='grc' dir='ltr'><strong>δικαίωςίή</strong></span> <span class='ocrx_word' id='word_1_336' title='bbox 990 2811 1098 2884; x_wconf 80' lang='grc' dir='ltr'><strong>γὰρ</strong></span> <span class='ocrx_word' id='word_1_337' title='bbox 1116 2814 1208 2868; x_wconf 88' lang='grc' dir='ltr'><strong>τοῦ</strong></span> <span class='ocrx_word' id='word_1_338' title='bbox 1228 2811 1436 2886; x_wconf 81' lang='grc' dir='ltr'><strong>Κυρίου</strong></span> <span class='ocrx_word' id='word_1_339' title='bbox 1461 2812 1686 2884; x_wconf 80' lang='grc' dir='ltr'><strong>ἀλήθεια</strong></span> <span class='ocrx_word' id='word_1_340' title='bbox 1711 2813 1789 2873; x_wconf 86' lang='grc' dir='ltr'><strong>είς</strong></span> <span class='ocrx_word' id='word_1_341' title='bbox 1815 2813 1906 2864; x_wconf 88' lang='grc' dir='ltr'><strong>τὸν</strong></span> 
     </span>
    </p>
   </div>
   <div class='ocr_carea' id='block_1_46' title="bbox 334 2891 1907 2978">
    <p class='ocr_par' dir='ltr' id='par_1_46' title="bbox 334 2891 1907 2978">
     <span class='ocr_line' id='line_1_46' title="bbox 334 2891 1907 2978; baseline -0.001 -18"><span class='ocrx_word' id='word_1_342' title='bbox 334 2907 516 2962; x_wconf 79' lang='grc' dir='ltr'><strong>αἰῶνα</strong></span> <span class='ocrx_word' id='word_1_343' title='bbox 549 2903 721 2978; x_wconf 78' lang='grc' dir='ltr'><strong>μένει.</strong></span> <span class='ocrx_word' id='word_1_344' title='bbox 760 2907 892 2962; x_wconf 85' lang='grc' dir='ltr'><strong>Ἀπὸ</strong></span> <span class='ocrx_word' id='word_1_345' title='bbox 926 2909 1035 2978; x_wconf 85' lang='grc' dir='ltr'><strong>γὰρ</strong></span> <span class='ocrx_word' id='word_1_346' title='bbox 1060 2906 1152 2960; x_wconf 89' lang='grc' dir='ltr'><strong>τοῦ</strong></span> <span class='ocrx_word' id='word_1_347' title='bbox 1184 2907 1360 2975; x_wconf 80' lang='grc' dir='ltr'><strong>Λόγου</strong></span> <span class='ocrx_word' id='word_1_348' title='bbox 1391 2907 1483 2960; x_wconf 86' lang='grc' dir='ltr'><strong>τοῦ</strong></span> <span class='ocrx_word' id='word_1_349' title='bbox 1524 2891 1683 2961; x_wconf 57' lang='grc' dir='ltr'><strong>Θεοῦ</strong></span> <span class='ocrx_word' id='word_1_350' title='bbox 1705 2905 1765 2959; x_wconf 80' lang='grc' dir='ltr'><strong>οὐ</strong></span> <span class='ocrx_word' id='word_1_351' title='bbox 1812 2906 1907 2959; x_wconf 82' lang='lat'><strong>66-</strong></span> 
     </span>
    </p>
   </div>
   <div class='ocr_carea' id='block_1_47' title="bbox 334 2989 1912 3070">
    <p class='ocr_par' dir='ltr' id='par_1_47' title="bbox 334 2989 1912 3070">
     <span class='ocr_line' id='line_1_47' title="bbox 334 2989 1912 3070; baseline -0.001 -16"><span class='ocrx_word' id='word_1_352' title='bbox 334 3017 499 3054; x_wconf 81' lang='grc' dir='ltr'><strong>ναται</strong></span> <span class='ocrx_word' id='word_1_353' title='bbox 522 2989 762 3067; x_wconf 68' lang='grc' dir='ltr'><strong>ἐξελθεῖν</strong></span> <span class='ocrx_word' id='word_1_354' title='bbox 806 2994 1020 3070; x_wconf 79' lang='grc' dir='ltr'><strong>ψεῦδος.</strong></span> <span class='ocrx_word' id='word_1_355' title='bbox 1053 2999 1262 3054; x_wconf 89' lang='grc' dir='ltr'><strong>Ταυτὸν</strong></span> <span class='ocrx_word' id='word_1_356' title='bbox 1291 3001 1400 3069; x_wconf 82' lang='grc' dir='ltr'><strong>γάρ</strong></span> <span class='ocrx_word' id='word_1_357' title='bbox 1442 3000 1590 3054; x_wconf 77' lang='grc' dir='ltr'><strong>ἐστιν</strong></span> <span class='ocrx_word' id='word_1_358' title='bbox 1624 3002 1800 3052; x_wconf 73' lang='grc' dir='ltr'><strong>εἰπεῖν</strong></span> <span class='ocrx_word' id='word_1_359' title='bbox 1828 2991 1912 3052; x_wconf 76' lang='grc' dir='ltr'><strong>ὅτῐ</strong></span> 
     </span>
    </p>
   </div>
   <div class='ocr_carea' id='block_1_48' title="bbox 331 3083 1906 3165">
    <p class='ocr_par' dir='ltr' id='par_1_48' title="bbox 331 3083 1906 3165">
     <span class='ocr_line' id='line_1_48' title="bbox 331 3083 1906 3165; baseline 0.001 -18"><span class='ocrx_word' id='word_1_360' title='bbox 331 3096 364 3147; x_wconf 88' lang='lat'><strong>6</strong></span> <span class='ocrx_word' id='word_1_361' title='bbox 411 3090 547 3156; x_wconf 88' lang='grc' dir='ltr'><strong>Θεὸς</strong></span> <span class='ocrx_word' id='word_1_362' title='bbox 585 3089 683 3146; x_wconf 79' lang='grc' dir='ltr'><strong>οὐκ</strong></span> <span class='ocrx_word' id='word_1_363' title='bbox 712 3087 826 3146; x_wconf 77' lang='grc' dir='ltr'><strong>ἔστι</strong></span> <span class='ocrx_word' id='word_1_364' title='bbox 862 3093 1016 3158; x_wconf 84' lang='grc' dir='ltr'><strong>Θεὸς,</strong></span> <span class='ocrx_word' id='word_1_365' title='bbox 1053 3095 1146 3147; x_wconf 82' lang='grc' dir='ltr'><strong>καὶ</strong></span> <span class='ocrx_word' id='word_1_366' title='bbox 1175 3095 1210 3165; x_wconf 80' lang='grc' dir='ltr'>ἠ</span> <span class='ocrx_word' id='word_1_367' title='bbox 1265 3092 1494 3164; x_wconf 81' lang='grc' dir='ltr'><strong>ἀλήθεια</strong></span> <span class='ocrx_word' id='word_1_368' title='bbox 1539 3083 1735 3162; x_wconf 71' lang='grc' dir='ltr'><strong>ψεῦδὸς</strong></span> <span class='ocrx_word' id='word_1_369' title='bbox 1769 3095 1906 3160; x_wconf 79' lang='grc' dir='ltr'><strong>ἐστι,</strong></span> 
     </span>
    </p>
   </div>
   <div class='ocr_carea' id='block_1_49' title="bbox 337 3184 1911 3254">
    <p class='ocr_par' dir='ltr' id='par_1_49' title="bbox 337 3184 1911 3254">
     <span class='ocr_line' id='line_1_49' title="bbox 337 3184 1911 3254; baseline -0.001 -14"><span class='ocrx_word' id='word_1_370' title='bbox 337 3187 433 3240; x_wconf 73' lang='grc' dir='ltr'><strong>καὶ</strong></span> <span class='ocrx_word' id='word_1_371' title='bbox 457 3186 521 3240; x_wconf 89' lang='grc' dir='ltr'><strong>τὸ</strong></span> <span class='ocrx_word' id='word_1_372' title='bbox 545 3184 661 3254; x_wconf 82' lang='grc' dir='ltr'><strong>φῶς</strong></span> <span class='ocrx_word' id='word_1_373' title='bbox 693 3186 901 3250; x_wconf 82' lang='grc' dir='ltr'><strong>σκότος.</strong></span> <span class='ocrx_word' id='word_1_374' title='bbox 940 3186 1073 3240; x_wconf 78' lang='grc' dir='ltr'><strong>Ἰδοὺ</strong></span> <span class='ocrx_word' id='word_1_375' title='bbox 1113 3185 1243 3254; x_wconf 86' lang='grc' dir='ltr'><strong>γοῦν</strong></span> <span class='ocrx_word' id='word_1_376' title='bbox 1277 3188 1338 3240; x_wconf 87' lang='grc' dir='ltr'><strong>τὸ</strong></span> <span class='ocrx_word' id='word_1_377' title='bbox 1371 3187 1570 3242; x_wconf 80' lang='grc' dir='ltr'><strong>ἄτοπον</strong></span> <span class='ocrx_word' id='word_1_378' title='bbox 1603 3187 1697 3240; x_wconf 77' lang='grc' dir='ltr'><strong>καὶ</strong></span> <span class='ocrx_word' id='word_1_379' title='bbox 1721 3188 1749 3239; x_wconf 89' lang='lat'><strong>6</strong></span> <span class='ocrx_word' id='word_1_380' title='bbox 1779 3185 1911 3240; x_wconf 86' lang='grc' dir='ltr'><strong>Μω-</strong></span> 
     </span>
    </p>
   </div>
   <div class='ocr_carea' id='block_1_50' title="bbox 335 3273 1910 3346">
    <p class='ocr_par' dir='ltr' id='par_1_50' title="bbox 335 3273 1910 3346">
     <span class='ocr_line' id='line_1_50' title="bbox 335 3273 1910 3346; baseline -0.002 -18"><span class='ocrx_word' id='word_1_381' title='bbox 335 3274 483 3346; x_wconf 83' lang='grc' dir='ltr'><strong>άμεθ</strong></span> <span class='ocrx_word' id='word_1_382' title='bbox 511 3275 732 3345; x_wconf 82' lang='grc' dir='ltr'><strong>νοήσας,</strong></span> <span class='ocrx_word' id='word_1_383' title='bbox 760 3274 1068 3344; x_wconf 82' lang='grc' dir='ltr'><strong>κατέφυγεν</strong></span> <span class='ocrx_word' id='word_1_384' title='bbox 1091 3275 1170 3337; x_wconf 85' lang='grc' dir='ltr'><strong>είς</strong></span> <span class='ocrx_word' id='word_1_385' title='bbox 1201 3276 1261 3328; x_wconf 91' lang='grc' dir='ltr'><strong>τὸ</strong></span> <span class='ocrx_word' id='word_1_386' title='bbox 1296 3275 1374 3345; x_wconf 84' lang='grc' dir='ltr'><strong>μή</strong></span> <span class='ocrx_word' id='word_1_387' title='bbox 1401 3290 1531 3328; x_wconf 84' lang='grc' dir='ltr'><strong>ποτε</strong></span> <span class='ocrx_word' id='word_1_388' title='bbox 1563 3274 1654 3332; x_wconf 84' lang='grc' dir='ltr'><strong>τὸν</strong></span> <span class='ocrx_word' id='word_1_389' title='bbox 1675 3273 1910 3344; x_wconf 86' lang='grc' dir='ltr'><strong>Χριστὸν</strong></span> 
     </span>
    </p>
   </div>
   <div class='ocr_carea' id='block_1_51' title="bbox 337 3365 1913 3442">
    <p class='ocr_par' dir='ltr' id='par_1_51' title="bbox 337 3365 1913 3442">
     <span class='ocr_line' id='line_1_51' title="bbox 337 3365 1913 3442; baseline -0.001 -19"><span class='ocrx_word' id='word_1_390' title='bbox 337 3368 472 3442; x_wconf 77' lang='grc' dir='ltr'><strong>περὶ</strong></span> <span class='ocrx_word' id='word_1_391' title='bbox 500 3368 693 3423; x_wconf 74' lang='grc' dir='ltr'><strong>ἑαυτοῦ</strong></span> <span class='ocrx_word' id='word_1_392' title='bbox 721 3368 893 3422; x_wconf 74' lang='grc' dir='ltr'><strong>εἰπεῖν</strong></span> <span class='ocrx_word' id='word_1_393' title='bbox 925 3369 1008 3421; x_wconf 84' lang='grc' dir='ltr'><strong>ὅτι</strong></span> <span class='ocrx_word' id='word_1_394' title='bbox 1035 3367 1162 3433; x_wconf 47' lang='grc' dir='ltr'><strong>ἔστι,</strong></span> <span class='ocrx_word' id='word_1_395' title='bbox 1182 3366 1335 3431; x_wconf 80' lang='grc' dir='ltr'><strong>Θεός.</strong></span> <span class='ocrx_word' id='word_1_396' title='bbox 1380 3365 1575 3439; x_wconf 81' lang='grc' dir='ltr'><strong>Ἥμεϊς</strong></span> <span class='ocrx_word' id='word_1_397' title='bbox 1611 3368 1741 3439; x_wconf 77' lang='grc' dir='ltr'><strong>γοῦν</strong></span> <span class='ocrx_word' id='word_1_398' title='bbox 1773 3368 1828 3422; x_wconf 75' lang='grc' dir='ltr'><strong>ἐν</strong></span> <span class='ocrx_word' id='word_1_399' title='bbox 1853 3386 1913 3423; x_wconf 83' lang='grc' dir='ltr'><strong>τε</strong></span> 
     </span>
    </p>
   </div>
   <div class='ocr_carea' id='block_1_52' title="bbox 337 3455 1963 3533">
    <p class='ocr_par' dir='ltr' id='par_1_52' title="bbox 337 3455 1963 3533">
     <span class='ocr_line' id='line_1_52' title="bbox 337 3455 1963 3533; baseline -0.001 -20"><span class='ocrx_word' id='word_1_400' title='bbox 337 3463 408 3533; x_wconf 70' lang='grc' dir='ltr'><strong>τῇ</strong></span> <span class='ocrx_word' id='word_1_401' title='bbox 451 3457 651 3531; x_wconf 82' lang='grc' dir='ltr'><strong>πρώτῃ</strong></span> <span class='ocrx_word' id='word_1_402' title='bbox 676 3457 947 3530; x_wconf 74' lang='grc' dir='ltr'><strong>ἀπολογίᾳ</strong></span> <span class='ocrx_word' id='word_1_403' title='bbox 970 3459 1066 3513; x_wconf 77' lang='grc' dir='ltr'><strong>καὶ</strong></span> <span class='ocrx_word' id='word_1_404' title='bbox 1108 3455 1338 3532; x_wconf 79' lang='grc' dir='ltr'><strong>δευτέρᾳ</strong></span> <span class='ocrx_word' id='word_1_405' title='bbox 1371 3459 1462 3512; x_wconf 73' lang='grc' dir='ltr'><strong>καὶ</strong></span> <span class='ocrx_word' id='word_1_406' title='bbox 1495 3462 1651 3531; x_wconf 80' lang='grc' dir='ltr'><strong>τρίτῃ</strong></span> <span class='ocrx_word' id='word_1_407' title='bbox 1702 3459 1914 3512; x_wconf 86' lang='grc' dir='ltr'><strong>πεπλα-</strong></span> <span class='ocrx_word' id='word_1_408' title='bbox 1958 3507 1963 3512; x_wconf 82' lang='lat'><strong>.</strong></span> 
     </span>
    </p>
   </div>
   <div class='ocr_carea' id='block_1_53' title="bbox 334 3547 1914 3626">
    <p class='ocr_par' dir='ltr' id='par_1_53' title="bbox 334 3547 1914 3626">
     <span class='ocr_line' id='line_1_53' title="bbox 334 3547 1914 3626; baseline -0.003 -15"><span class='ocrx_word' id='word_1_409' title='bbox 334 3547 629 3625; x_wconf 74' lang='grc' dir='ltr'><strong>τυσμένως</strong></span> <span class='ocrx_word' id='word_1_410' title='bbox 658 3554 754 3609; x_wconf 81' lang='grc' dir='ltr'><strong>καὶ</strong></span> <span class='ocrx_word' id='word_1_411' title='bbox 774 3553 984 3626; x_wconf 81' lang='grc' dir='ltr'><strong>τρανῶς</strong></span> <span class='ocrx_word' id='word_1_412' title='bbox 1002 3551 1381 3623; x_wconf 79' lang='grc' dir='ltr'><strong>ἀπεδείξαμεν,</strong></span> <span class='ocrx_word' id='word_1_413' title='bbox 1415 3553 1525 3606; x_wconf 85' lang='grc' dir='ltr'><strong>ἀπό</strong></span> <span class='ocrx_word' id='word_1_414' title='bbox 1555 3572 1611 3607; x_wconf 88' lang='grc' dir='ltr'><strong>τε</strong></span> <span class='ocrx_word' id='word_1_415' title='bbox 1633 3551 1726 3606; x_wconf 86' lang='grc' dir='ltr'><strong>τοῦ</strong></span> <span class='ocrx_word' id='word_1_416' title='bbox 1744 3554 1914 3622; x_wconf 76' lang='grc' dir='ltr'><strong>Ἀδὰμ</strong></span> 
     </span>
    </p>
   </div>
   <div class='ocr_carea' id='block_1_54' title="bbox 336 3638 1916 3716">
    <p class='ocr_par' dir='ltr' id='par_1_54' title="bbox 336 3638 1916 3716">
     <span class='ocr_line' id='line_1_54' title="bbox 336 3638 1916 3716; baseline -0.001 -16"><span class='ocrx_word' id='word_1_417' title='bbox 336 3644 448 3709; x_wconf 71' lang='grc' dir='ltr'><strong>ἕως</strong></span> <span class='ocrx_word' id='word_1_418' title='bbox 500 3645 600 3715; x_wconf 82' lang='grc' dir='ltr'><strong>τῆς</strong></span> <span class='ocrx_word' id='word_1_419' title='bbox 645 3638 882 3714; x_wconf 80' lang='grc' dir='ltr'><strong>Χριστοῦ</strong></span> <span class='ocrx_word' id='word_1_420' title='bbox 935 3645 1242 3716; x_wconf 82' lang='grc' dir='ltr'><strong>γεννήσεως</strong></span> <span class='ocrx_word' id='word_1_421' title='bbox 1294 3646 1442 3708; x_wconf 78' lang='grc' dir='ltr'><strong>ὅπως</strong></span> <span class='ocrx_word' id='word_1_422' title='bbox 1496 3647 1916 3716; x_wconf 80' lang='grc' dir='ltr'><strong>προεφήτευσαν</strong></span> 
     </span>
    </p>
   </div>
   <div class='ocr_carea' id='block_1_55' title="bbox 339 3730 1912 3809">
    <p class='ocr_par' dir='ltr' id='par_1_55' title="bbox 339 3730 1912 3809">
     <span class='ocr_line' id='line_1_55' title="bbox 339 3730 1912 3809; baseline -0.003 -14"><span class='ocrx_word' id='word_1_423' title='bbox 339 3739 550 3802; x_wconf 78' lang='grc' dir='ltr'><strong>πάντες</strong></span> <span class='ocrx_word' id='word_1_424' title='bbox 578 3740 626 3792; x_wconf 90' lang='grc' dir='ltr'><strong>οἱ</strong></span> <span class='ocrx_word' id='word_1_425' title='bbox 657 3737 958 3809; x_wconf 80' lang='grc' dir='ltr'><strong>προφῆται,</strong></span> <span class='ocrx_word' id='word_1_426' title='bbox 986 3738 1134 3798; x_wconf 85' lang='grc' dir='ltr'><strong>ὅπως</strong></span> <span class='ocrx_word' id='word_1_427' title='bbox 1186 3730 1328 3789; x_wconf 76' lang='grc' dir='ltr'><strong>εἶδον</strong></span> <span class='ocrx_word' id='word_1_428' title='bbox 1364 3738 1411 3789; x_wconf 88' lang='lat' dir='ltr'><strong>0i</strong></span> <span class='ocrx_word' id='word_1_429' title='bbox 1457 3736 1730 3808; x_wconf 79' lang='grc' dir='ltr'><strong>Πατὲρες,</strong></span> <span class='ocrx_word' id='word_1_430' title='bbox 1762 3738 1912 3800; x_wconf 86' lang='grc' dir='ltr'><strong>ὃπως</strong></span> 
     </span>
    </p>
   </div>
   <div class='ocr_carea' id='block_1_56' title="bbox 342 3828 1914 3904">
    <p class='ocr_par' dir='ltr' id='par_1_56' title="bbox 342 3828 1914 3904">
     <span class='ocr_line' id='line_1_56' title="bbox 342 3828 1914 3904; baseline -0.004 -16"><span class='ocrx_word' id='word_1_431' title='bbox 342 3833 615 3904; x_wconf 68' lang='grc' dir='ltr'><strong>ἐλάλησεν</strong></span> <span class='ocrx_word' id='word_1_432' title='bbox 643 3831 805 3896; x_wconf 76' lang='grc' dir='ltr'><strong>αὐτὸς</strong></span> <span class='ocrx_word' id='word_1_433' title='bbox 828 3833 854 3885; x_wconf 89' lang='lat'><strong>6</strong></span> <span class='ocrx_word' id='word_1_434' title='bbox 877 3830 1006 3894; x_wconf 83' lang='grc' dir='ltr'><strong>Θεὸς</strong></span> <span class='ocrx_word' id='word_1_435' title='bbox 1039 3832 1133 3883; x_wconf 70' lang='grc' dir='ltr'><strong>καὶ</strong></span> <span class='ocrx_word' id='word_1_436' title='bbox 1159 3829 1347 3901; x_wconf 76' lang='grc' dir='ltr'><strong>Πατὴρ</strong></span> <span class='ocrx_word' id='word_1_437' title='bbox 1374 3831 1500 3902; x_wconf 81' lang='grc' dir='ltr'><strong>περὶ</strong></span> <span class='ocrx_word' id='word_1_438' title='bbox 1531 3828 1625 3882; x_wconf 87' lang='grc' dir='ltr'><strong>τοῦ</strong></span> <span class='ocrx_word' id='word_1_439' title='bbox 1651 3828 1914 3899; x_wconf 86' lang='grc' dir='ltr'><strong>Χριστοῦ,</strong></span> 
     </span>
    </p>
   </div>
   <div class='ocr_carea' id='block_1_57' title="bbox 341 3906 1919 3995">
    <p class='ocr_par' dir='ltr' id='par_1_57' title="bbox 341 3906 1919 3995">
     <span class='ocr_line' id='line_1_57' title="bbox 341 3906 1919 3995; baseline -0.007 -11"><span class='ocrx_word' id='word_1_440' title='bbox 341 3923 444 3984; x_wconf 68' lang='grc' dir='ltr'><strong>καὶ</strong></span> <span class='ocrx_word' id='word_1_441' title='bbox 479 3925 728 3995; x_wconf 74' lang='grc' dir='ltr'><strong>φανερῶς</strong></span> <span class='ocrx_word' id='word_1_442' title='bbox 761 3906 857 3978; x_wconf 51' lang='grc' dir='ltr'><strong>καὶ</strong></span> <span class='ocrx_word' id='word_1_443' title='bbox 915 3921 1300 3993; x_wconf 61' lang='grc' dir='ltr'><strong>ἀναμφιωλως</strong></span> <span class='ocrx_word' id='word_1_444' title='bbox 1329 3920 1623 3992; x_wconf 64' lang='grc' dir='ltr'><strong>ἀπεδείχθη</strong></span> <span class='ocrx_word' id='word_1_445' title='bbox 1668 3922 1763 3974; x_wconf 73' lang='grc' dir='ltr'><strong>καὶ</strong></span> <span class='ocrx_word' id='word_1_446' title='bbox 1796 3921 1919 3974; x_wconf 85' lang='grc' dir='ltr'><strong>ἀνε-</strong></span> 
     </span>
    </p>
   </div>
   <div class='ocr_carea' id='block_1_58' title="bbox 341 3996 1917 4095">
    <p class='ocr_par' dir='ltr' id='par_1_58' title="bbox 341 3996 1917 4095">
     <span class='ocr_line' id='line_1_58' title="bbox 341 3996 1917 4095; baseline -0.009 -15"><span class='ocrx_word' id='word_1_447' title='bbox 341 4023 496 4095; x_wconf 76' lang='grc' dir='ltr'><strong>φάνη</strong></span> <span class='ocrx_word' id='word_1_448' title='bbox 523 4021 654 4084; x_wconf 79' lang='grc' dir='ltr'><strong>Θεὸς</strong></span> <span class='ocrx_word' id='word_1_449' title='bbox 685 4020 779 4073; x_wconf 74' lang='grc' dir='ltr'><strong>καὶ</strong></span> <span class='ocrx_word' id='word_1_450' title='bbox 811 4015 946 4071; x_wconf 82' lang='grc' dir='ltr'><strong>Θεοῦ</strong></span> <span class='ocrx_word' id='word_1_451' title='bbox 977 4014 1122 4080; x_wconf 65' lang='grc' dir='ltr'><strong>Υἱὸς,</strong></span> <span class='ocrx_word' id='word_1_452' title='bbox 1148 4018 1242 4074; x_wconf 75' lang='grc' dir='ltr'><strong>καὶ</strong></span> <span class='ocrx_word' id='word_1_453' title='bbox 1270 4015 1396 4077; x_wconf 80' lang='grc' dir='ltr'><strong>Υἱὸς</strong></span> <span class='ocrx_word' id='word_1_454' title='bbox 1426 4014 1732 4084; x_wconf 84' lang='grc' dir='ltr'><strong>ἀνθρώπου.</strong></span> <span class='ocrx_word' id='word_1_455' title='bbox 1761 3996 1917 4095; x_wconf 79' lang='grc' dir='ltr'><strong>Μετὰ</strong></span> 
     </span>
    </p>
   </div>
   <div class='ocr_carea' id='block_1_59' title="bbox 340 4090 1918 4182">
    <p class='ocr_par' dir='ltr' id='par_1_59' title="bbox 340 4090 1918 4182">
     <span class='ocr_line' id='line_1_59' title="bbox 340 4090 1918 4182; baseline -0.008 -10"><span class='ocrx_word' id='word_1_456' title='bbox 340 4090 402 4172; x_wconf 70' lang='grc' dir='ltr'><strong>δὲ</strong></span> <span class='ocrx_word' id='word_1_457' title='bbox 435 4090 497 4171; x_wconf 85' lang='grc' dir='ltr'><strong>τὸ</strong></span> <span class='ocrx_word' id='word_1_458' title='bbox 537 4102 789 4169; x_wconf 74' lang='grc' dir='ltr'><strong>Ἰωάννου</strong></span> <span class='ocrx_word' id='word_1_459' title='bbox 833 4113 1117 4182; x_wconf 76' lang='grc' dir='ltr'><strong>βάπτισμα</strong></span> <span class='ocrx_word' id='word_1_460' title='bbox 1161 4110 1257 4162; x_wconf 73' lang='grc' dir='ltr'><strong>καὶ</strong></span> <span class='ocrx_word' id='word_1_461' title='bbox 1302 4110 1394 4162; x_wconf 73' lang='grc' dir='ltr'><strong>τον</strong></span> <span class='ocrx_word' id='word_1_462' title='bbox 1427 4107 1657 4161; x_wconf 81' lang='grc' dir='ltr'><strong>θάνατον</strong></span> <span class='ocrx_word' id='word_1_463' title='bbox 1707 4090 1918 4161; x_wconf 72' lang='grc' dir='ltr'><strong>ἐκείνου</strong></span> 
     </span>
    </p>
   </div>
   <div class='ocr_carea' id='block_1_60' title="bbox 343 4200 1919 4286">
    <p class='ocr_par' dir='ltr' id='par_1_60' title="bbox 343 4200 1919 4286">
     <span class='ocr_line' id='line_1_60' title="bbox 343 4200 1919 4286; baseline -0.009 -21"><span class='ocrx_word' id='word_1_464' title='bbox 343 4210 556 4286; x_wconf 68' lang='grc' dir='ltr'><strong>ἥρεατο</strong></span> <span class='ocrx_word' id='word_1_465' title='bbox 587 4200 752 4272; x_wconf 74' lang='grc' dir='ltr'><strong>αὗτὸς</strong></span> <span class='ocrx_word' id='word_1_466' title='bbox 790 4207 817 4259; x_wconf 90' lang='lat'><strong>6</strong></span> <span class='ocrx_word' id='word_1_467' title='bbox 867 4205 1102 4275; x_wconf 82' lang='grc' dir='ltr'><strong>Χριστὸς</strong></span> <span class='ocrx_word' id='word_1_468' title='bbox 1140 4200 1589 4270; x_wconf 77' lang='grc' dir='ltr'><strong>εὐαγγελίζεσθαι</strong></span> <span class='ocrx_word' id='word_1_469' title='bbox 1632 4202 1729 4270; x_wconf 81' lang='grc' dir='ltr'><strong>τὴν</strong></span> <span class='ocrx_word' id='word_1_470' title='bbox 1762 4201 1919 4271; x_wconf 78' lang='grc' dir='ltr'><strong>βασι-</strong></span> 
     </span>
    </p>
   </div>
   <div class='ocr_carea' id='block_1_61' title="bbox 347 4288 1920 4364">
    <p class='ocr_par' dir='ltr' id='par_1_61' title="bbox 347 4288 1920 4364">
     <span class='ocr_line' id='line_1_61' title="bbox 347 4288 1920 4364; baseline -0.01 -6"><span class='ocrx_word' id='word_1_471' title='bbox 347 4305 502 4359; x_wconf 87' lang='grc' dir='ltr'><strong>λείαν</strong></span> <span class='ocrx_word' id='word_1_472' title='bbox 549 4301 647 4355; x_wconf 85' lang='grc' dir='ltr'><strong>τοῦ</strong></span> <span class='ocrx_word' id='word_1_473' title='bbox 681 4297 843 4354; x_wconf 85' lang='grc' dir='ltr'><strong>Θεοῦ.</strong></span> <span class='ocrx_word' id='word_1_474' title='bbox 894 4296 1005 4352; x_wconf 76' lang='grc' dir='ltr'><strong>Καὶ</strong></span> <span class='ocrx_word' id='word_1_475' title='bbox 1030 4295 1118 4349; x_wconf 79' lang='grc' dir='ltr'><strong>ὅτι</strong></span> <span class='ocrx_word' id='word_1_476' title='bbox 1170 4293 1270 4364; x_wconf 80' lang='grc' dir='ltr'><strong>μὲν</strong></span> <span class='ocrx_word' id='word_1_477' title='bbox 1310 4291 1592 4363; x_wconf 80' lang='grc' dir='ltr'><strong>κηρύττων</strong></span> <span class='ocrx_word' id='word_1_478' title='bbox 1634 4291 1731 4342; x_wconf 78' lang='grc' dir='ltr'><strong>οὐκ</strong></span> <span class='ocrx_word' id='word_1_479' title='bbox 1792 4288 1920 4342; x_wconf 80' lang='grc' dir='ltr'><strong>ὲὸόα</strong></span> 
     </span>
    </p>
   </div>
   <div class='ocr_carea' id='block_1_62' title="bbox 346 4379 1919 4464">
    <p class='ocr_par' dir='ltr' id='par_1_62' title="bbox 346 4379 1919 4464">
     <span class='ocr_line' id='line_1_62' title="bbox 346 4379 1919 4464; baseline -0.011 -16"><span class='ocrx_word' id='word_1_480' title='bbox 346 4390 564 4464; x_wconf 80' lang='grc' dir='ltr'><strong>συχνῶς</strong></span> <span class='ocrx_word' id='word_1_481' title='bbox 589 4392 672 4446; x_wconf 83' lang='grc' dir='ltr'><strong>ὅτι</strong></span> <span class='ocrx_word' id='word_1_482' title='bbox 707 4379 851 4458; x_wconf 77' lang='grc' dir='ltr'><strong>Ἕγὼ</strong></span> <span class='ocrx_word' id='word_1_483' title='bbox 905 4390 1020 4457; x_wconf 85' lang='grc' dir='ltr'><strong>είμι</strong></span> <span class='ocrx_word' id='word_1_484' title='bbox 1053 4387 1081 4440; x_wconf 90' lang='lat'><strong>6</strong></span> <span class='ocrx_word' id='word_1_485' title='bbox 1126 4383 1257 4447; x_wconf 81' lang='grc' dir='ltr'><strong>Θεὸς</strong></span> <span class='ocrx_word' id='word_1_486' title='bbox 1285 4386 1313 4436; x_wconf 87' lang='lat'><strong>6</strong></span> <span class='ocrx_word' id='word_1_487' title='bbox 1362 4381 1540 4435; x_wconf 84' lang='grc' dir='ltr'><strong>λαλῶν</strong></span> <span class='ocrx_word' id='word_1_488' title='bbox 1577 4380 1699 4452; x_wconf 83' lang='grc' dir='ltr'><strong>μεθ’</strong></span> <span class='ocrx_word' id='word_1_489' title='bbox 1744 4379 1919 4450; x_wconf 80' lang='grc' dir='ltr'><strong>ὑμῶν,</strong></span> 
     </span>
    </p>
   </div>
   <div class='ocr_carea' id='block_1_63' title="bbox 345 4472 1921 4550">
    <p class='ocr_par' dir='ltr' id='par_1_63' title="bbox 345 4472 1921 4550">
     <span class='ocr_line' id='line_1_63' title="bbox 345 4472 1921 4550; baseline -0.011 -9"><span class='ocrx_word' id='word_1_490' title='bbox 345 4486 524 4549; x_wconf 74' lang='grc' dir='ltr'><strong>οὔτως</strong></span> <span class='ocrx_word' id='word_1_491' title='bbox 553 4483 724 4548; x_wconf 73' lang='grc' dir='ltr'><strong>ἐστὶν,</strong></span> <span class='ocrx_word' id='word_1_492' title='bbox 761 4479 952 4550; x_wconf 83' lang='grc' dir='ltr'><strong>ὥσπερ</strong></span> <span class='ocrx_word' id='word_1_493' title='bbox 989 4477 1108 4531; x_wconf 78' lang='grc' dir='ltr'><strong>οὐδὲ</strong></span> <span class='ocrx_word' id='word_1_494' title='bbox 1146 4473 1400 4546; x_wconf 76' lang='grc' dir='ltr'><strong>βασιλεὺς</strong></span> <span class='ocrx_word' id='word_1_495' title='bbox 1443 4473 1762 4545; x_wconf 76' lang='grc' dir='ltr'><strong>περιπατῶ-ι</strong></span> <span class='ocrx_word' id='word_1_496' title='bbox 1799 4472 1921 4543; x_wconf 83' lang='grc' dir='ltr'><strong>βοᾷ,</strong></span> 
     </span>
    </p>
   </div>
   <div class='ocr_carea' id='block_1_64' title="bbox 346 4565 1919 4648">
    <p class='ocr_par' dir='ltr' id='par_1_64' title="bbox 346 4565 1919 4648">
     <span class='ocr_line' id='line_1_64' title="bbox 346 4565 1919 4648; baseline -0.011 -15"><span class='ocrx_word' id='word_1_497' title='bbox 346 4581 434 4635; x_wconf 78' lang='grc' dir='ltr'><strong>ὅτι</strong></span> <span class='ocrx_word' id='word_1_498' title='bbox 459 4577 602 4648; x_wconf 81' lang='grc' dir='ltr'><strong>Ἐγώ</strong></span> <span class='ocrx_word' id='word_1_499' title='bbox 629 4578 744 4646; x_wconf 86' lang='grc' dir='ltr'><strong>εἰμι</strong></span> <span class='ocrx_word' id='word_1_500' title='bbox 767 4577 794 4628; x_wconf 88' lang='lat'><strong>6</strong></span> <span class='ocrx_word' id='word_1_501' title='bbox 817 4571 1093 4643; x_wconf 78' lang='grc' dir='ltr'><strong>βασιλεὺς,</strong></span> <span class='ocrx_word' id='word_1_502' title='bbox 1119 4567 1234 4623; x_wconf 76' lang='grc' dir='ltr'><strong>ἀλλ’</strong></span> <span class='ocrx_word' id='word_1_503' title='bbox 1263 4567 1368 4622; x_wconf 84' lang='grc' dir='ltr'><strong>ἀπὸ</strong></span> <span class='ocrx_word' id='word_1_504' title='bbox 1389 4566 1482 4619; x_wconf 86' lang='grc' dir='ltr'><strong>τοῦ</strong></span> <span class='ocrx_word' id='word_1_505' title='bbox 1511 4565 1796 4634; x_wconf 87' lang='grc' dir='ltr'><strong>μεγαλείου</strong></span> <span class='ocrx_word' id='word_1_506' title='bbox 1824 4567 1919 4617; x_wconf 76' lang='grc' dir='ltr'><strong>καὶ</strong></span> 
     </span>
    </p>
   </div>
   <div class='ocr_carea' id='block_1_65' title="bbox 348 4657 1921 4743">
    <p class='ocr_par' dir='ltr' id='par_1_65' title="bbox 348 4657 1921 4743">
     <span class='ocr_line' id='line_1_65' title="bbox 348 4657 1921 4743; baseline -0.013 -14"><span class='ocrx_word' id='word_1_507' title='bbox 348 4677 452 4743; x_wconf 80' lang='grc' dir='ltr'><strong>τῆς</strong></span> <span class='ocrx_word' id='word_1_508' title='bbox 484 4673 642 4741; x_wconf 77' lang='grc' dir='ltr'><strong>δόξης</strong></span> <span class='ocrx_word' id='word_1_509' title='bbox 675 4670 776 4739; x_wconf 74' lang='grc' dir='ltr'><strong>τῆς</strong></span> <span class='ocrx_word' id='word_1_510' title='bbox 805 4663 971 4720; x_wconf 81' lang='grc' dir='ltr'><strong>αὐτοῦ</strong></span> <span class='ocrx_word' id='word_1_511' title='bbox 1003 4661 1252 4730; x_wconf 77' lang='grc' dir='ltr'><strong>ἐξουσίας</strong></span> <span class='ocrx_word' id='word_1_512' title='bbox 1279 4660 1373 4714; x_wconf 70' lang='grc' dir='ltr'><strong>καὶ</strong></span> <span class='ocrx_word' id='word_1_513' title='bbox 1407 4657 1690 4729; x_wconf 79' lang='grc' dir='ltr'><strong>δυνάμεως</strong></span> <span class='ocrx_word' id='word_1_514' title='bbox 1719 4658 1921 4722; x_wconf 86' lang='grc' dir='ltr'><strong>πάντες</strong></span> 
     </span>
    </p>
   </div>
   <div class='ocr_carea' id='block_1_66' title="bbox 349 4750 1922 4835">
    <p class='ocr_par' dir='ltr' id='par_1_66' title="bbox 349 4750 1922 4835">
     <span class='ocr_line' id='line_1_66' title="bbox 349 4750 1922 4835; baseline -0.01 -13"><span class='ocrx_word' id='word_1_515' title='bbox 349 4760 544 4822; x_wconf 84' lang='grc' dir='ltr'><strong>τοῦτον</strong></span> <span class='ocrx_word' id='word_1_516' title='bbox 572 4762 942 4835; x_wconf 81' lang='grc' dir='ltr'><strong>διακρίνουσιν</strong></span> <span class='ocrx_word' id='word_1_517' title='bbox 993 4757 1102 4814; x_wconf 83' lang='grc' dir='ltr'><strong>ἀπὸ</strong></span> <span class='ocrx_word' id='word_1_518' title='bbox 1148 4755 1254 4810; x_wconf 87' lang='grc' dir='ltr'><strong>τῶν</strong></span> <span class='ocrx_word' id='word_1_519' title='bbox 1302 4753 1506 4809; x_wconf 82' lang='grc' dir='ltr'><strong>δούλων</strong></span> <span class='ocrx_word' id='word_1_520' title='bbox 1537 4752 1703 4806; x_wconf 81' lang='grc' dir='ltr'><strong>αὑτοῦ</strong></span> <span class='ocrx_word' id='word_1_521' title='bbox 1729 4769 1743 4784; x_wconf 90' lang='grc'><strong>·</strong></span> <span class='ocrx_word' id='word_1_522' title='bbox 1776 4750 1922 4807; x_wconf 74' lang='grc' dir='ltr'><strong>οὓτω</strong></span> 
     </span>
    </p>
   </div>
   <div class='ocr_carea' id='block_1_67' title="bbox 355 4846 1923 4926">
    <p class='ocr_par' dir='ltr' id='par_1_67' title="bbox 355 4846 1923 4926">
     <span class='ocr_line' id='line_1_67' title="bbox 355 4846 1923 4926; baseline -0.012 -10"><span class='ocrx_word' id='word_1_523' title='bbox 355 4863 450 4916; x_wconf 78' lang='grc' dir='ltr'><strong>καὶ</strong></span> <span class='ocrx_word' id='word_1_524' title='bbox 477 4863 569 4914; x_wconf 72' lang='grc' dir='ltr'><strong>ἐπὶ</strong></span> <span class='ocrx_word' id='word_1_525' title='bbox 593 4861 687 4912; x_wconf 82' lang='grc' dir='ltr'><strong>τοῦ</strong></span> <span class='ocrx_word' id='word_1_526' title='bbox 721 4853 987 4926; x_wconf 82' lang='grc' dir='ltr'><strong>Χριστοῦ.</strong></span> <span class='ocrx_word' id='word_1_527' title='bbox 1025 4851 1144 4907; x_wconf 79' lang='grc' dir='ltr'><strong>Κᾶν</strong></span> <span class='ocrx_word' id='word_1_528' title='bbox 1195 4852 1290 4903; x_wconf 72' lang='grc' dir='ltr'><strong>καὶ</strong></span> <span class='ocrx_word' id='word_1_529' title='bbox 1319 4849 1398 4918; x_wconf 83' lang='grc' dir='ltr'><strong>τῷ</strong></span> <span class='ocrx_word' id='word_1_530' title='bbox 1433 4847 1661 4922; x_wconf 78' lang='grc' dir='ltr'><strong>στόματι</strong></span> <span class='ocrx_word' id='word_1_531' title='bbox 1714 4846 1923 4916; x_wconf 82' lang='grc' dir='ltr'><strong>συχυῶς</strong></span> 
     </span>
    </p>
   </div>
   <div class='ocr_carea' id='block_1_68' title="bbox 355 4926 1926 5020">
    <p class='ocr_par' dir='ltr' id='par_1_68' title="bbox 355 4926 1926 5020">
     <span class='ocr_line' id='line_1_68' title="bbox 355 4926 1926 5020; baseline -0.022 -11"><span class='ocrx_word' id='word_1_532' title='bbox 355 4956 458 5009; x_wconf 79' lang='grc' dir='ltr'><strong>οὐκ</strong></span> <span class='ocrx_word' id='word_1_533' title='bbox 484 4951 670 5020; x_wconf 75' lang='grc' dir='ltr'><strong>ἔλεγεν</strong></span> <span class='ocrx_word' id='word_1_534' title='bbox 700 4934 782 5002; x_wconf 66' lang='grc' dir='ltr'><strong>ὅτι</strong></span> <span class='ocrx_word' id='word_1_535' title='bbox 827 4945 968 5014; x_wconf 71' lang='grc' dir='ltr'><strong>Ἐγώ</strong></span> <span class='ocrx_word' id='word_1_536' title='bbox 999 4945 1112 5014; x_wconf 79' lang='grc' dir='ltr'><strong>είμι</strong></span> <span class='ocrx_word' id='word_1_537' title='bbox 1154 4945 1182 4995; x_wconf 88' lang='grc' dir='ltr'>ὁ</span> <span class='ocrx_word' id='word_1_538' title='bbox 1221 4941 1373 5008; x_wconf 83' lang='grc' dir='ltr'><strong>Θεὸς,</strong></span> <span class='ocrx_word' id='word_1_539' title='bbox 1422 4939 1561 4993; x_wconf 75' lang='grc' dir='ltr'><strong>ἀλλά</strong></span> <span class='ocrx_word' id='word_1_540' title='bbox 1597 4926 1660 5005; x_wconf 44' lang='grc' dir='ltr'><strong>ἦε</strong></span> <span class='ocrx_word' id='word_1_541' title='bbox 1699 4940 1809 4999; x_wconf 89' lang='grc' dir='ltr'><strong>τοῖς</strong></span> <span class='ocrx_word' id='word_1_542' title='bbox 1838 4935 1926 5006; x_wconf 71' lang='grc' dir='ltr'><strong>ἕρ-</strong></span> 
     </span>
    </p>
   </div>
   <div class='ocr_carea' id='block_1_69' title="bbox 357 5028 1925 5118">
    <p class='ocr_par' dir='ltr' id='par_1_69' title="bbox 357 5028 1925 5118">
     <span class='ocr_line' id='line_1_69' title="bbox 357 5028 1925 5118; baseline -0.017 -14"><span class='ocrx_word' id='word_1_543' title='bbox 357 5065 477 5118; x_wconf 85' lang='grc' dir='ltr'><strong>γοις</strong></span> <span class='ocrx_word' id='word_1_544' title='bbox 515 5040 674 5101; x_wconf 66' lang='grc' dir='ltr'><strong>τοῦτο</strong></span> <span class='ocrx_word' id='word_1_545' title='bbox 727 5041 1016 5095; x_wconf 78' lang='grc' dir='ltr'><strong>ἐδείκνυεν.</strong></span> <span class='ocrx_word' id='word_1_546' title='bbox 1056 5033 1198 5089; x_wconf 66' lang='grc' dir='ltr'><strong>Ἀλλ’</strong></span> <span class='ocrx_word' id='word_1_547' title='bbox 1226 5035 1373 5104; x_wconf 83' lang='grc' dir='ltr'><strong>ὅμως</strong></span> <span class='ocrx_word' id='word_1_548' title='bbox 1407 5033 1508 5086; x_wconf 81' lang='grc' dir='ltr'><strong>οὐκ</strong></span> <span class='ocrx_word' id='word_1_549' title='bbox 1544 5031 1784 5102; x_wconf 74' lang='grc' dir='ltr'><strong>ἔκρυπτε</strong></span> <span class='ocrx_word' id='word_1_550' title='bbox 1828 5028 1925 5101; x_wconf 79' lang='grc' dir='ltr'><strong>τὴν</strong></span> 
     </span>
    </p>
   </div>
   <div class='ocr_carea' id='block_1_70' title="bbox 359 5121 1929 5207">
    <p class='ocr_par' dir='ltr' id='par_1_70' title="bbox 359 5121 1929 5207">
     <span class='ocr_line' id='line_1_70' title="bbox 359 5121 1929 5207; baseline -0.017 -10"><span class='ocrx_word' id='word_1_551' title='bbox 359 5139 529 5197; x_wconf 78' lang='grc' dir='ltr'><strong>αὑτοῦ</strong></span> <span class='ocrx_word' id='word_1_552' title='bbox 560 5137 814 5207; x_wconf 86' lang='grc' dir='ltr'><strong>θεότητα,</strong></span> <span class='ocrx_word' id='word_1_553' title='bbox 869 5132 988 5185; x_wconf 78' lang='grc' dir='ltr'><strong>οὐδὲ</strong></span> <span class='ocrx_word' id='word_1_554' title='bbox 1041 5129 1130 5182; x_wconf 87' lang='grc' dir='ltr'><strong>τὸν</strong></span> <span class='ocrx_word' id='word_1_555' title='bbox 1179 5126 1347 5181; x_wconf 81' lang='grc' dir='ltr'><strong>αὑτοῦ</strong></span> <span class='ocrx_word' id='word_1_556' title='bbox 1383 5125 1603 5194; x_wconf 77' lang='grc' dir='ltr'><strong>Πατέρα</strong></span> <span class='ocrx_word' id='word_1_557' title='bbox 1650 5123 1744 5176; x_wconf 68' lang='grc' dir='ltr'><strong>καὶ</strong></span> <span class='ocrx_word' id='word_1_558' title='bbox 1775 5121 1929 5183; x_wconf 88' lang='grc' dir='ltr'><strong>Θεὸν,</strong></span> 
     </span>
    </p>
   </div>
   <div class='ocr_carea' id='block_1_71' title="bbox 359 5212 1928 5292">
    <p class='ocr_par' dir='ltr' id='par_1_71' title="bbox 359 5212 1928 5292">
     <span class='ocr_line' id='line_1_71' title="bbox 359 5212 1928 5292; baseline -0.017 -1"><span class='ocrx_word' id='word_1_559' title='bbox 359 5236 481 5292; x_wconf 81' lang='grc' dir='ltr'><strong>οὐδὲ</strong></span> <span class='ocrx_word' id='word_1_560' title='bbox 506 5231 710 5288; x_wconf 68' lang='grc' dir='ltr'><strong>ἐκώλυε</strong></span> <span class='ocrx_word' id='word_1_561' title='bbox 738 5228 866 5290; x_wconf 74' lang='grc' dir='ltr'><strong>τοὺς</strong></span> <span class='ocrx_word' id='word_1_562' title='bbox 892 5223 1054 5281; x_wconf 81' lang='grc' dir='ltr'><strong>αὐτὸν</strong></span> <span class='ocrx_word' id='word_1_563' title='bbox 1075 5218 1490 5291; x_wconf 77' lang='grc' dir='ltr'><strong>ὠμολογοῦντας</strong></span> <span class='ocrx_word' id='word_1_564' title='bbox 1522 5214 1653 5268; x_wconf 80' lang='grc' dir='ltr'><strong>Θεὸν</strong></span> <span class='ocrx_word' id='word_1_565' title='bbox 1679 5214 1769 5267; x_wconf 73' lang='grc' dir='ltr'><strong>καὶ</strong></span> <span class='ocrx_word' id='word_1_566' title='bbox 1794 5212 1928 5266; x_wconf 84' lang='grc' dir='ltr'><strong>Θεοῦ</strong></span> 
     </span>
    </p>
   </div>
   <div class='ocr_carea' id='block_1_72' title="bbox 361 5305 1930 5393">
    <p class='ocr_par' dir='ltr' id='par_1_72' title="bbox 361 5305 1930 5393">
     <span class='ocr_line' id='line_1_72' title="bbox 361 5305 1930 5393; baseline -0.016 -9"><span class='ocrx_word' id='word_1_567' title='bbox 361 5328 516 5384; x_wconf 84' lang='grc' dir='ltr'><strong>Υίόν.</strong></span> <span class='ocrx_word' id='word_1_568' title='bbox 558 5323 620 5379; x_wconf 86' lang='lat'><strong>&#39;0</strong></span> <span class='ocrx_word' id='word_1_569' title='bbox 653 5318 760 5393; x_wconf 71' lang='grc' dir='ltr'><strong>γᾶρ</strong></span> <span class='ocrx_word' id='word_1_570' title='bbox 793 5316 1089 5387; x_wconf 82' lang='grc' dir='ltr'><strong>Ναθαναὴλ</strong></span> <span class='ocrx_word' id='word_1_571' title='bbox 1140 5314 1310 5368; x_wconf 77' lang='grc' dir='ltr'><strong>εἰπὼν</strong></span> <span class='ocrx_word' id='word_1_572' title='bbox 1355 5313 1435 5364; x_wconf 85' lang='grc' dir='ltr'><strong>ὅτι</strong></span> <span class='ocrx_word' id='word_1_573' title='bbox 1490 5327 1507 5361; x_wconf 83' lang='grc' dir='ltr'><strong>ι</strong></span> <span class='ocrx_word' id='word_1_574' title='bbox 1555 5310 1626 5362; x_wconf 83' lang='grc' dir='ltr'><strong>Σὺ</strong></span> <span class='ocrx_word' id='word_1_575' title='bbox 1660 5305 1709 5360; x_wconf 74' lang='grc' dir='ltr'><strong>εἴ</strong></span> <span class='ocrx_word' id='word_1_576' title='bbox 1747 5310 1773 5360; x_wconf 84' lang='lat'><strong>6</strong></span> <span class='ocrx_word' id='word_1_577' title='bbox 1804 5305 1930 5368; x_wconf 84' lang='grc' dir='ltr'><strong>Υίὸς</strong></span> 
     </span>
    </p>
   </div>
   <div class='ocr_carea' id='block_1_73' title="bbox 361 5402 1931 5482">
    <p class='ocr_par' dir='ltr' id='par_1_73' title="bbox 361 5402 1931 5482">
     <span class='ocr_line' id='line_1_73' title="bbox 361 5402 1931 5482; baseline -0.015 -7"><span class='ocrx_word' id='word_1_578' title='bbox 361 5420 455 5476; x_wconf 84' lang='grc' dir='ltr'><strong>τοῦ</strong></span> <span class='ocrx_word' id='word_1_579' title='bbox 479 5415 637 5482; x_wconf 80' lang='grc' dir='ltr'><strong>Θεοῦ,</strong></span> <span class='ocrx_word' id='word_1_580' title='bbox 669 5415 734 5468; x_wconf 79' lang='grc' dir='ltr'><strong>σὺ</strong></span> <span class='ocrx_word' id='word_1_581' title='bbox 766 5410 817 5467; x_wconf 72' lang='lat' dir='ltr'><strong>ei</strong></span> <span class='ocrx_word' id='word_1_582' title='bbox 851 5413 878 5465; x_wconf 90' lang='lat'><strong>6</strong></span> <span class='ocrx_word' id='word_1_583' title='bbox 911 5409 1164 5482; x_wconf 80' lang='grc' dir='ltr'><strong>βασιλεὺς</strong></span> <span class='ocrx_word' id='word_1_584' title='bbox 1204 5406 1296 5460; x_wconf 87' lang='grc' dir='ltr'><strong>τοῦ</strong></span> <span class='ocrx_word' id='word_1_585' title='bbox 1349 5402 1586 5474; x_wconf 83' lang='grc' dir='ltr'><strong>Ἰσραὴλ,</strong></span> <span class='ocrx_word' id='word_1_586' title='bbox 1623 5422 1642 5454; x_wconf 75' lang='grc' dir='ltr'><strong>ι</strong></span> <span class='ocrx_word' id='word_1_587' title='bbox 1673 5402 1771 5458; x_wconf 82' lang='grc' dir='ltr'><strong>οὐκ</strong></span> <span class='ocrx_word' id='word_1_588' title='bbox 1802 5403 1931 5453; x_wconf 75' lang='grc' dir='ltr'><strong>επε-</strong></span> 
     </span>
    </p>
   </div>
   <div class='ocr_carea' id='block_1_74' title="bbox 359 5496 1931 5589">
    <p class='ocr_par' dir='ltr' id='par_1_74' title="bbox 359 5496 1931 5589">
     <span class='ocr_line' id='line_1_74' title="bbox 359 5496 1931 5589; baseline -0.017 -18"><span class='ocrx_word' id='word_1_589' title='bbox 359 5513 576 5589; x_wconf 75' lang='grc' dir='ltr'><strong>τιμήθη</strong></span> <span class='ocrx_word' id='word_1_590' title='bbox 594 5511 788 5584; x_wconf 84' lang='grc' dir='ltr'><strong>ὥσπερ</strong></span> <span class='ocrx_word' id='word_1_591' title='bbox 815 5510 863 5562; x_wconf 87' lang='grc' dir='ltr'><strong>οί</strong></span> <span class='ocrx_word' id='word_1_592' title='bbox 893 5511 952 5562; x_wconf 83' lang='grc' dir='ltr'><strong>ὲν</strong></span> <span class='ocrx_word' id='word_1_593' title='bbox 987 5504 1272 5574; x_wconf 72' lang='grc' dir='ltr'><strong>Λυκαονία</strong></span> <span class='ocrx_word' id='word_1_594' title='bbox 1301 5500 1616 5572; x_wconf 80' lang='grc' dir='ltr'><strong>βουλόμενοι</strong></span> <span class='ocrx_word' id='word_1_595' title='bbox 1647 5496 1931 5589; x_wconf 75' lang='grc' dir='ltr'><strong>ὁμολογῆ-</strong></span> 
     </span>
    </p>
   </div>
   <div class='ocr_carea' id='block_1_75' title="bbox 363 5588 1932 5668">
    <p class='ocr_par' dir='ltr' id='par_1_75' title="bbox 363 5588 1932 5668">
     <span class='ocr_line' id='line_1_75' title="bbox 363 5588 1932 5668; baseline -0.013 -4"><span class='ocrx_word' id='word_1_596' title='bbox 363 5588 456 5664; x_wconf 86' lang='grc' dir='ltr'><strong>σαι</strong></span> <span class='ocrx_word' id='word_1_597' title='bbox 485 5609 580 5663; x_wconf 83' lang='grc' dir='ltr'><strong>τόν</strong></span> <span class='ocrx_word' id='word_1_598' title='bbox 605 5623 665 5661; x_wconf 90' lang='grc' dir='ltr'><strong>τε</strong></span> <span class='ocrx_word' id='word_1_599' title='bbox 688 5595 903 5659; x_wconf 84' lang='grc' dir='ltr'><strong>Παῦλον</strong></span> <span class='ocrx_word' id='word_1_600' title='bbox 936 5602 1028 5654; x_wconf 73' lang='grc' dir='ltr'><strong>καὶ</strong></span> <span class='ocrx_word' id='word_1_601' title='bbox 1060 5596 1346 5668; x_wconf 74' lang='grc' dir='ltr'><strong>Βαρνάϐαν</strong></span> <span class='ocrx_word' id='word_1_602' title='bbox 1389 5593 1566 5657; x_wconf 75' lang='grc' dir='ltr'><strong>θεοὺς,</strong></span> <span class='ocrx_word' id='word_1_603' title='bbox 1607 5593 1704 5645; x_wconf 60' lang='grc' dir='ltr'><strong>κοιλ⁵</strong></span> <span class='ocrx_word' id='word_1_604' title='bbox 1748 5588 1932 5643; x_wconf 81' lang='grc' dir='ltr'><strong>θύσειν</strong></span> 
     </span>
    </p>
   </div>
   <div class='ocr_carea' id='block_1_76' title="bbox 363 5683 1931 5769">
    <p class='ocr_par' dir='ltr' id='par_1_76' title="bbox 363 5683 1931 5769">
     <span class='ocr_line' id='line_1_76' title="bbox 363 5683 1931 5769; baseline -0.017 -8"><span class='ocrx_word' id='word_1_605' title='bbox 363 5702 570 5769; x_wconf 76' lang='grc' dir='ltr'><strong>αὐτοῖς,</strong></span> <span class='ocrx_word' id='word_1_606' title='bbox 590 5700 666 5766; x_wconf 83' lang='grc' dir='ltr'><strong>ὡς</strong></span> <span class='ocrx_word' id='word_1_607' title='bbox 692 5699 856 5766; x_wconf 85' lang='grc' dir='ltr'><strong>θεοῖς,</strong></span> <span class='ocrx_word' id='word_1_608' title='bbox 875 5692 1288 5765; x_wconf 76' lang='grc' dir='ltr'><strong>ὲπετιμήθησαν</strong></span> <span class='ocrx_word' id='word_1_609' title='bbox 1313 5688 1444 5760; x_wconf 83' lang='grc' dir='ltr'><strong>παρ’</strong></span> <span class='ocrx_word' id='word_1_610' title='bbox 1469 5683 1649 5741; x_wconf 81' lang='grc' dir='ltr'><strong>αὐτῶν</strong></span> <span class='ocrx_word' id='word_1_611' title='bbox 1667 5683 1931 5737; x_wconf 81' lang='grc' dir='ltr'><strong>εἰπόντων</strong></span> 
     </span>
    </p>
   </div>
   <div class='ocr_carea' id='block_1_77' title="bbox 1997 1975 3568 2043">
    <p class='ocr_par' dir='ltr' id='par_1_77' title="bbox 1997 1975 3568 2043">
     <span class='ocr_line' id='line_1_77' title="bbox 1997 1975 3568 2043; baseline -0.003 -7"><span class='ocrx_word' id='word_1_612' title='bbox 1997 1991 2112 2036; x_wconf 80' lang='lat' dir='ltr'><strong>rate</strong></span> <span class='ocrx_word' id='word_1_613' title='bbox 2165 1980 2336 2036; x_wconf 91' lang='lat' dir='ltr'><strong>Deum</strong></span> <span class='ocrx_word' id='word_1_614' title='bbox 2383 1995 2566 2035; x_wconf 90' lang='lat' dir='ltr'><strong>meum</strong></span> <span class='ocrx_word' id='word_1_615' title='bbox 2616 1987 2672 2035; x_wconf 90' lang='lat' dir='ltr'><strong>et</strong></span> <span class='ocrx_word' id='word_1_616' title='bbox 2717 1977 2894 2033; x_wconf 88' lang='lat' dir='ltr'><strong>Deum</strong></span> <span class='ocrx_word' id='word_1_617' title='bbox 2954 1985 3232 2043; x_wconf 77' lang='lat' dir='ltr'><strong>vestrum,</strong></span> <span class='ocrx_word' id='word_1_618' title='bbox 3276 1975 3568 2032; x_wconf 87' lang='lat' dir='ltr'><strong>Dominum</strong></span> 
     </span>
    </p>
   </div>
   <div class='ocr_carea' id='block_1_78' title="bbox 1999 2069 3569 2143">
    <p class='ocr_par' dir='ltr' id='par_1_78' title="bbox 1999 2069 3569 2143">
     <span class='ocr_line' id='line_1_78' title="bbox 1999 2069 3569 2143; baseline -0.004 -15"><span class='ocrx_word' id='word_1_619' title='bbox 1999 2088 2176 2129; x_wconf 89' lang='lat' dir='ltr'><strong>meum</strong></span> <span class='ocrx_word' id='word_1_620' title='bbox 2216 2081 2271 2128; x_wconf 91' lang='lat' dir='ltr'><strong>et</strong></span> <span class='ocrx_word' id='word_1_621' title='bbox 2300 2073 2591 2128; x_wconf 90' lang='lat' dir='ltr'><strong>Dominum</strong></span> <span class='ocrx_word' id='word_1_622' title='bbox 2633 2083 2872 2128; x_wconf 89' lang='lat' dir='ltr'><strong>vestrum</strong></span> <span class='ocrx_word' id='word_1_623' title='bbox 2904 2088 2919 2138; x_wconf 90' lang='lat'><strong>;</strong></span> <span class='ocrx_word' id='word_1_624' title='bbox 2965 2090 2983 2124; x_wconf 67' lang='grc' dir='ltr'>ν</span> <span class='ocrx_word' id='word_1_625' title='bbox 3019 2069 3353 2143; x_wconf 80' lang='lat' dir='ltr'><strong>agedumd‘e</strong></span> <span class='ocrx_word' id='word_1_626' title='bbox 3395 2069 3569 2140; x_wconf 79' lang='lat' dir='ltr'><strong>prima</strong></span> 
     </span>
    </p>
   </div>
   <div class='ocr_carea' id='block_1_79' title="bbox 1993 2161 3569 2237">
    <p class='ocr_par' dir='ltr' id='par_1_79' title="bbox 1993 2161 3569 2237">
     <span class='ocr_line' id='line_1_79' title="bbox 1993 2161 3569 2237; baseline -0.003 -18"><span class='ocrx_word' id='word_1_627' title='bbox 1993 2166 2105 2237; x_wconf 84' lang='lat' dir='ltr'><strong>jam</strong></span> <span class='ocrx_word' id='word_1_628' title='bbox 2140 2165 2446 2234; x_wconf 78' lang='lat' dir='ltr'><strong>videamus,</strong></span> <span class='ocrx_word' id='word_1_629' title='bbox 2483 2166 2610 2220; x_wconf 87' lang='lat' dir='ltr'><strong>dein</strong></span> <span class='ocrx_word' id='word_1_630' title='bbox 2663 2165 2773 2220; x_wconf 90' lang='lat' dir='ltr'><strong>Deo</strong></span> <span class='ocrx_word' id='word_1_631' title='bbox 2811 2165 3030 2221; x_wconf 78' lang='lat' dir='ltr'><strong>volente</strong></span> <span class='ocrx_word' id='word_1_632' title='bbox 3060 2166 3226 2219; x_wconf 85' lang='lat' dir='ltr'><strong>etiam</strong></span> <span class='ocrx_word' id='word_1_633' title='bbox 3270 2161 3569 2218; x_wconf 71' lang='lat' dir='ltr'><strong>secundam</strong></span> 
     </span>
    </p>
   </div>
   <div class='ocr_carea' id='block_1_80' title="bbox 2000 2239 3638 2329">
    <p class='ocr_par' dir='ltr' id='par_1_80' title="bbox 2000 2239 3638 2329">
     <span class='ocr_line' id='line_1_80' title="bbox 2000 2239 3638 2329; baseline -0.004 -13"><span class='ocrx_word' id='word_1_634' title='bbox 2000 2261 2380 2318; x_wconf 83' lang='lat' dir='ltr'><strong>discutiemus.</strong></span> <span class='ocrx_word' id='word_1_635' title='bbox 2407 2259 2750 2328; x_wconf 72' lang='lat' dir='ltr'><strong>Incipiamus</strong></span> <span class='ocrx_word' id='word_1_636' title='bbox 2786 2259 2969 2329; x_wconf 80' lang='lat' dir='ltr'><strong>itaque</strong></span> <span class='ocrx_word' id='word_1_637' title='bbox 3008 2260 3075 2313; x_wconf 87' lang='lat' dir='ltr'><strong>ab</strong></span> <span class='ocrx_word' id='word_1_638' title='bbox 3100 2253 3216 2326; x_wconf 80' lang='lat' dir='ltr'><strong>ipsa</strong></span> <span class='ocrx_word' id='word_1_639' title='bbox 3248 2253 3572 2310; x_wconf 81' lang='lat' dir='ltr'><strong>Mabometis</strong></span> <span class='ocrx_word' id='word_1_640' title='bbox 3635 2239 3638 2242; x_wconf 3' lang='lat'><strong>6</strong></span> 
     </span>
    </p>
   </div>
   <div class='ocr_carea' id='block_1_81' title="bbox 2002 2335 3648 2414">
    <p class='ocr_par' dir='ltr' id='par_1_81' title="bbox 2002 2335 3648 2414">
     <span class='ocr_line' id='line_1_81' title="bbox 2002 2335 3648 2414; baseline -0.004 -6"><span class='ocrx_word' id='word_1_641' title='bbox 2002 2351 2369 2410; x_wconf 77' lang='lat' dir='ltr'><strong>confessione.</strong></span> <span class='ocrx_word' id='word_1_642' title='bbox 2402 2352 2503 2407; x_wconf 77' lang='lat' dir='ltr'><strong>llic</strong></span> <span class='ocrx_word' id='word_1_643' title='bbox 2529 2350 2812 2406; x_wconf 83' lang='lat' dir='ltr'><strong>Christum</strong></span> <span class='ocrx_word' id='word_1_644' title='bbox 2844 2361 3154 2406; x_wconf 79' lang='lat' dir='ltr'><strong>sermonem</strong></span> <span class='ocrx_word' id='word_1_645' title='bbox 3184 2335 3301 2414; x_wconf 90' lang='lat' dir='ltr'><strong>Dei,</strong></span> <span class='ocrx_word' id='word_1_646' title='bbox 3333 2347 3571 2402; x_wconf 81' lang='lat' dir='ltr'><strong>animam</strong></span> <span class='ocrx_word' id='word_1_647' title='bbox 3645 2397 3648 2401; x_wconf 87' lang='lat'><strong>.</strong></span> 
     </span>
    </p>
   </div>
   <div class='ocr_carea' id='block_1_82' title="bbox 2003 2440 3575 2515">
    <p class='ocr_par' dir='ltr' id='par_1_82' title="bbox 2003 2440 3575 2515">
     <span class='ocr_line' id='line_1_82' title="bbox 2003 2440 3575 2515; baseline -0.004 -16"><span class='ocrx_word' id='word_1_648' title='bbox 2003 2445 2123 2511; x_wconf 72' lang='lat' dir='ltr'><strong>Dei,</strong></span> <span class='ocrx_word' id='word_1_649' title='bbox 2163 2455 2219 2501; x_wconf 90' lang='lat' dir='ltr'><strong>et</strong></span> <span class='ocrx_word' id='word_1_650' title='bbox 2248 2445 2502 2515; x_wconf 84' lang='lat' dir='ltr'><strong>spiritum</strong></span> <span class='ocrx_word' id='word_1_651' title='bbox 2537 2443 2654 2509; x_wconf 80' lang='lat' dir='ltr'><strong>Dei.</strong></span> <span class='ocrx_word' id='word_1_652' title='bbox 2702 2453 2764 2498; x_wconf 91' lang='lat' dir='ltr'><strong>ut</strong></span> <span class='ocrx_word' id='word_1_653' title='bbox 2809 2444 3018 2503; x_wconf 87' lang='lat' dir='ltr'><strong>dictum</strong></span> <span class='ocrx_word' id='word_1_654' title='bbox 3056 2451 3162 2507; x_wconf 89' lang='lat' dir='ltr'><strong>est,</strong></span> <span class='ocrx_word' id='word_1_655' title='bbox 3210 2445 3389 2496; x_wconf 85' lang='lat' dir='ltr'><strong>vocat.</strong></span> <span class='ocrx_word' id='word_1_656' title='bbox 3436 2440 3575 2494; x_wconf 87' lang='lat' dir='ltr'><strong>Item</strong></span> 
     </span>
    </p>
   </div>
   <div class='ocr_carea' id='block_1_83' title="bbox 2004 2531 3572 2609">
    <p class='ocr_par' dir='ltr' id='par_1_83' title="bbox 2004 2531 3572 2609">
     <span class='ocr_line' id='line_1_83' title="bbox 2004 2531 3572 2609; baseline -0.004 -17"><span class='ocrx_word' id='word_1_657' title='bbox 2004 2555 2127 2608; x_wconf 76' lang='lat' dir='ltr'><strong>quae</strong></span> <span class='ocrx_word' id='word_1_658' title='bbox 2156 2539 2222 2593; x_wconf 88' lang='lat' dir='ltr'><strong>de</strong></span> <span class='ocrx_word' id='word_1_659' title='bbox 2257 2538 2475 2595; x_wconf 86' lang='lat' dir='ltr'><strong>Christo</strong></span> <span class='ocrx_word' id='word_1_660' title='bbox 2509 2549 2564 2595; x_wconf 89' lang='lat' dir='ltr'><strong>et</strong></span> <span class='ocrx_word' id='word_1_661' title='bbox 2607 2537 2872 2609; x_wconf 86' lang='lat' dir='ltr'><strong>apostolis</strong></span> <span class='ocrx_word' id='word_1_662' title='bbox 2919 2537 2975 2590; x_wconf 88' lang='lat' dir='ltr'><strong>in</strong></span> <span class='ocrx_word' id='word_1_663' title='bbox 3023 2532 3318 2605; x_wconf 71' lang='lat' dir='ltr'><strong>Evangelio</strong></span> <span class='ocrx_word' id='word_1_664' title='bbox 3367 2531 3572 2588; x_wconf 85' lang='lat' dir='ltr'><strong>descri-</strong></span> 
     </span>
    </p>
   </div>
   <div class='ocr_carea' id='block_1_84' title="bbox 2007 2620 3576 2702">
    <p class='ocr_par' dir='ltr' id='par_1_84' title="bbox 2007 2620 3576 2702">
     <span class='ocr_line' id='line_1_84' title="bbox 2007 2620 3576 2702; baseline -0.004 -16"><span class='ocrx_word' id='word_1_665' title='bbox 2007 2633 2231 2696; x_wconf 87' lang='lat' dir='ltr'><strong>buntur,</strong></span> <span class='ocrx_word' id='word_1_666' title='bbox 2262 2632 2423 2702; x_wconf 85' lang='lat' dir='ltr'><strong>justa,</strong></span> <span class='ocrx_word' id='word_1_667' title='bbox 2457 2638 2671 2692; x_wconf 88' lang='lat' dir='ltr'><strong>sancta.</strong></span> <span class='ocrx_word' id='word_1_668' title='bbox 2717 2628 2961 2700; x_wconf 69' lang='lat' dir='ltr'><strong>perlecta</strong></span> <span class='ocrx_word' id='word_1_669' title='bbox 3008 2631 3062 2684; x_wconf 89' lang='lat' dir='ltr'><strong>et</strong></span> <span class='ocrx_word' id='word_1_670' title='bbox 3094 2641 3223 2683; x_wconf 86' lang='lat' dir='ltr'><strong>vera</strong></span> <span class='ocrx_word' id='word_1_671' title='bbox 3251 2638 3372 2682; x_wconf 86' lang='lat' dir='ltr'><strong>esse</strong></span> <span class='ocrx_word' id='word_1_672' title='bbox 3400 2620 3576 2680; x_wconf 52' lang='lat' dir='ltr'><strong>coniid</strong></span> 
     </span>
    </p>
   </div>
   <div class='ocr_carea' id='block_1_85' title="bbox 2009 2715 3573 2786">
    <p class='ocr_par' dir='ltr' id='par_1_85' title="bbox 2009 2715 3573 2786">
     <span class='ocr_line' id='line_1_85' title="bbox 2009 2715 3573 2786; baseline -0.006 -5"><span class='ocrx_word' id='word_1_673' title='bbox 2009 2734 2186 2786; x_wconf 85' lang='lat' dir='ltr'><strong>tetur;</strong></span> <span class='ocrx_word' id='word_1_674' title='bbox 2217 2734 2272 2782; x_wconf 90' lang='lat' dir='ltr'><strong>et</strong></span> <span class='ocrx_word' id='word_1_675' title='bbox 2310 2725 2492 2780; x_wconf 88' lang='lat' dir='ltr'><strong>bene:</strong></span> <span class='ocrx_word' id='word_1_676' title='bbox 2543 2741 2562 2776; x_wconf 71' lang='grc' dir='ltr'><strong>ι</strong></span> <span class='ocrx_word' id='word_1_677' title='bbox 2595 2720 2809 2778; x_wconf 75' lang='lat' dir='ltr'><strong>Veritas</strong></span> <span class='ocrx_word' id='word_1_678' title='bbox 2845 2721 2991 2777; x_wconf 86' lang='lat' dir='ltr'><strong>enim</strong></span> <span class='ocrx_word' id='word_1_679' title='bbox 3037 2717 3254 2779; x_wconf 82' lang='lat' dir='ltr'><strong>Domini</strong></span> <span class='ocrx_word' id='word_1_680' title='bbox 3291 2723 3472 2773; x_wconf 84' lang='lat' dir='ltr'><strong>manet</strong></span> <span class='ocrx_word' id='word_1_681' title='bbox 3513 2715 3573 2773; x_wconf 91' lang='lat' dir='ltr'><strong>in</strong></span> 
     </span>
    </p>
   </div>
   <div class='ocr_carea' id='block_1_86' title="bbox 2007 2809 3576 2883">
    <p class='ocr_par' dir='ltr' id='par_1_86' title="bbox 2007 2809 3576 2883">
     <span class='ocr_line' id='line_1_86' title="bbox 2007 2809 3576 2883; baseline -0.008 -8"><span class='ocrx_word' id='word_1_682' title='bbox 2007 2825 2274 2875; x_wconf 65' lang='lat' dir='ltr'><strong>aeternum</strong></span> <span class='ocrx_word' id='word_1_683' title='bbox 2308 2819 2374 2872; x_wconf 85' lang='grc'><strong>⁷¹.</strong></span> <span class='ocrx_word' id='word_1_684' title='bbox 2412 2836 2430 2869; x_wconf 77' lang='grc' dir='ltr'><strong>ι</strong></span> <span class='ocrx_word' id='word_1_685' title='bbox 2478 2817 2519 2870; x_wconf 80' lang='grc' dir='ltr'>Α</span> <span class='ocrx_word' id='word_1_686' title='bbox 2553 2826 2805 2873; x_wconf 84' lang='lat' dir='ltr'><strong>sermone</strong></span> <span class='ocrx_word' id='word_1_687' title='bbox 2848 2814 3052 2883; x_wconf 83' lang='lat' dir='ltr'><strong>quippe</strong></span> <span class='ocrx_word' id='word_1_688' title='bbox 3091 2811 3182 2866; x_wconf 88' lang='lat' dir='ltr'><strong>Dei</strong></span> <span class='ocrx_word' id='word_1_689' title='bbox 3227 2809 3576 2866; x_wconf 80' lang='lat' dir='ltr'><strong>mendacium</strong></span> 
     </span>
    </p>
   </div>
   <div class='ocr_carea' id='block_1_87' title="bbox 2009 2900 3578 2982">
    <p class='ocr_par' dir='ltr' id='par_1_87' title="bbox 2009 2900 3578 2982">
     <span class='ocr_line' id='line_1_87' title="bbox 2009 2900 3578 2982; baseline -0.009 -12"><span class='ocrx_word' id='word_1_690' title='bbox 2009 2900 2161 2970; x_wconf 75' lang='lat' dir='ltr'><strong>exire</strong></span> <span class='ocrx_word' id='word_1_691' title='bbox 2202 2911 2426 2982; x_wconf 84' lang='lat' dir='ltr'><strong>nequit;</strong></span> <span class='ocrx_word' id='word_1_692' title='bbox 2476 2911 2620 2966; x_wconf 87' lang='lat' dir='ltr'><strong>idem</strong></span> <span class='ocrx_word' id='word_1_693' title='bbox 2667 2908 2815 2964; x_wconf 87' lang='lat' dir='ltr'><strong>enim</strong></span> <span class='ocrx_word' id='word_1_694' title='bbox 2849 2912 2993 2962; x_wconf 78' lang='lat' dir='ltr'><strong>esset</strong></span> <span class='ocrx_word' id='word_1_695' title='bbox 3019 2905 3204 2960; x_wconf 83' lang='lat' dir='ltr'><strong>dicere</strong></span> <span class='ocrx_word' id='word_1_696' title='bbox 3251 2901 3578 2959; x_wconf 36' lang='lat' dir='ltr'><strong>Deum‘non&#39;</strong></span> 
     </span>
    </p>
   </div>
   <div class='ocr_carea' id='block_1_88' title="bbox 2008 2997 3580 3068">
    <p class='ocr_par' dir='ltr' id='par_1_88' title="bbox 2008 2997 3580 3068">
     <span class='ocr_line' id='line_1_88' title="bbox 2008 2997 3580 3068; baseline -0.008 -5"><span class='ocrx_word' id='word_1_697' title='bbox 2008 3023 2132 3063; x_wconf 81' lang='lat' dir='ltr'><strong>esse</strong></span> <span class='ocrx_word' id='word_1_698' title='bbox 2181 3006 2391 3068; x_wconf 67' lang='lat' dir='ltr'><strong>Deum,</strong></span> <span class='ocrx_word' id='word_1_699' title='bbox 2439 3013 2494 3060; x_wconf 86' lang='lat' dir='ltr'><strong>et</strong></span> <span class='ocrx_word' id='word_1_700' title='bbox 2545 3002 2834 3058; x_wconf 77' lang='lat' dir='ltr'><strong>veritatem</strong></span> <span class='ocrx_word' id='word_1_701' title='bbox 2889 2998 3274 3061; x_wconf 78' lang='lat' dir='ltr'><strong>mendacium,</strong></span> <span class='ocrx_word' id='word_1_702' title='bbox 3331 2997 3580 3052; x_wconf 83' lang='lat' dir='ltr'><strong>lucemve</strong></span> 
     </span>
    </p>
   </div>
   <div class='ocr_carea' id='block_1_89' title="bbox 2013 3087 3582 3167">
    <p class='ocr_par' dir='ltr' id='par_1_89' title="bbox 2013 3087 3582 3167">
     <span class='ocr_line' id='line_1_89' title="bbox 2013 3087 3582 3167; baseline -0.007 -11"><span class='ocrx_word' id='word_1_703' title='bbox 2013 3099 2287 3156; x_wconf 82' lang='lat' dir='ltr'><strong>tenebras.</strong></span> <span class='ocrx_word' id='word_1_704' title='bbox 2347 3097 2625 3165; x_wconf 72' lang='lat' dir='ltr'><strong>Maitomet</strong></span> <span class='ocrx_word' id='word_1_705' title='bbox 2673 3095 2843 3167; x_wconf 72' lang='lat' dir='ltr'><strong>igitur</strong></span> <span class='ocrx_word' id='word_1_706' title='bbox 2901 3092 3244 3148; x_wconf 82' lang='lat' dir='ltr'><strong>absurditate</strong></span> <span class='ocrx_word' id='word_1_707' title='bbox 3292 3091 3370 3145; x_wconf 86' lang='lat' dir='ltr'><strong>rei</strong></span> <span class='ocrx_word' id='word_1_708' title='bbox 3420 3087 3582 3145; x_wconf 47' lang='lat' dir='ltr'><strong>inte}.</strong></span> 
     </span>
    </p>
   </div>
   <div class='ocr_carea' id='block_1_90' title="bbox 2013 3176 3639 3261">
    <p class='ocr_par' dir='ltr' id='par_1_90' title="bbox 2013 3176 3639 3261">
     <span class='ocr_line' id='line_1_90' title="bbox 2013 3176 3639 3261; baseline -0.01 -11"><span class='ocrx_word' id='word_1_709' title='bbox 2013 3195 2175 3261; x_wconf 88' lang='lat' dir='ltr'><strong>lecta,</strong></span> <span class='ocrx_word' id='word_1_710' title='bbox 2220 3194 2286 3250; x_wconf 89' lang='lat' dir='ltr'><strong>ad</strong></span> <span class='ocrx_word' id='word_1_711' title='bbox 2327 3194 2433 3249; x_wconf 79' lang='lat' dir='ltr'><strong>hoc</strong></span> <span class='ocrx_word' id='word_1_712' title='bbox 2468 3189 2742 3257; x_wconf 76' lang='lat' dir='ltr'><strong>confugit,</strong></span> <span class='ocrx_word' id='word_1_713' title='bbox 2775 3187 3055 3244; x_wconf 82' lang='lat' dir='ltr'><strong>Christum</strong></span> <span class='ocrx_word' id='word_1_714' title='bbox 3114 3196 3384 3253; x_wconf 80' lang='lat' dir='ltr'><strong>nusquam</strong></span> <span class='ocrx_word' id='word_1_715' title='bbox 3416 3176 3485 3235; x_wconf 74' lang='lat' dir='ltr'><strong>de</strong></span> <span class='ocrx_word' id='word_1_716' title='bbox 3525 3183 3587 3235; x_wconf 76' lang='lat' dir='ltr'><strong>su</strong></span> <span class='ocrx_word' id='word_1_717' title='bbox 3637 3240 3639 3242; x_wconf 32' lang='grc' dir='ltr'><strong>η</strong></span> 
     </span>
    </p>
   </div>
   <div class='ocr_carea' id='block_1_91' title="bbox 2014 3272 3588 3361">
    <p class='ocr_par' dir='ltr' id='par_1_91' title="bbox 2014 3272 3588 3361">
     <span class='ocr_line' id='line_1_91' title="bbox 2014 3272 3588 3361; baseline -0.01 -18"><span class='ocrx_word' id='word_1_718' title='bbox 2014 3288 2159 3361; x_wconf 87' lang='lat' dir='ltr'><strong>quod</strong></span> <span class='ocrx_word' id='word_1_719' title='bbox 2216 3286 2360 3342; x_wconf 87' lang='lat' dir='ltr'><strong>Deus</strong></span> <span class='ocrx_word' id='word_1_720' title='bbox 2403 3286 2472 3341; x_wconf 87' lang='lat' dir='ltr'><strong>sit</strong></span> <span class='ocrx_word' id='word_1_721' title='bbox 2505 3283 2728 3339; x_wconf 85' lang='lat' dir='ltr'><strong>dixisse.</strong></span> <span class='ocrx_word' id='word_1_722' title='bbox 2777 3278 2892 3336; x_wconf 82' lang='lat' dir='ltr'><strong>Nos</strong></span> <span class='ocrx_word' id='word_1_723' title='bbox 2932 3280 3117 3349; x_wconf 84' lang='lat' dir='ltr'><strong>itaque</strong></span> <span class='ocrx_word' id='word_1_724' title='bbox 3166 3277 3223 3332; x_wconf 86' lang='lat' dir='ltr'><strong>iit</strong></span> <span class='ocrx_word' id='word_1_725' title='bbox 3262 3272 3456 3346; x_wconf 79' lang='lat' dir='ltr'><strong>prima,</strong></span> <span class='ocrx_word' id='word_1_726' title='bbox 3501 3283 3588 3330; x_wconf 78' lang='lat' dir='ltr'><strong>so-</strong></span> 
     </span>
    </p>
   </div>
   <div class='ocr_carea' id='block_1_92' title="bbox 2016 3367 3581 3446">
    <p class='ocr_par' dir='ltr' id='par_1_92' title="bbox 2016 3367 3581 3446">
     <span class='ocr_line' id='line_1_92' title="bbox 2016 3367 3581 3446; baseline -0.009 -11"><span class='ocrx_word' id='word_1_727' title='bbox 2016 3380 2193 3436; x_wconf 84' lang='lat' dir='ltr'><strong>conda</strong></span> <span class='ocrx_word' id='word_1_728' title='bbox 2236 3388 2290 3433; x_wconf 90' lang='lat' dir='ltr'><strong>et</strong></span> <span class='ocrx_word' id='word_1_729' title='bbox 2332 3379 2490 3433; x_wconf 87' lang='lat' dir='ltr'><strong>tertia</strong></span> <span class='ocrx_word' id='word_1_730' title='bbox 2538 3376 2799 3446; x_wconf 80' lang='lat' dir='ltr'><strong>Apologia</strong></span> <span class='ocrx_word' id='word_1_731' title='bbox 2838 3374 3060 3444; x_wconf 88' lang='lat' dir='ltr'><strong>copiose</strong></span> <span class='ocrx_word' id='word_1_732' title='bbox 3113 3369 3278 3426; x_wconf 89' lang='lat' dir='ltr'><strong>simul</strong></span> <span class='ocrx_word' id='word_1_733' title='bbox 3330 3376 3388 3424; x_wconf 91' lang='lat' dir='ltr'><strong>et</strong></span> <span class='ocrx_word' id='word_1_734' title='bbox 3434 3367 3581 3424; x_wconf 81' lang='lat' dir='ltr'><strong>clare</strong></span> 
     </span>
    </p>
   </div>
   <div class='ocr_carea' id='block_1_93' title="bbox 2018 3458 3583 3540">
    <p class='ocr_par' dir='ltr' id='par_1_93' title="bbox 2018 3458 3583 3540">
     <span class='ocr_line' id='line_1_93' title="bbox 2018 3458 3583 3540; baseline -0.009 -12"><span class='ocrx_word' id='word_1_735' title='bbox 2018 3473 2536 3537; x_wconf 74' lang='lat' dir='ltr'><strong>demonstravimus,</strong></span> <span class='ocrx_word' id='word_1_736' title='bbox 2569 3469 2636 3524; x_wconf 90' lang='lat' dir='ltr'><strong>ab</strong></span> <span class='ocrx_word' id='word_1_737' title='bbox 2662 3470 2784 3540; x_wconf 86' lang='lat' dir='ltr'><strong>ipso</strong></span> <span class='ocrx_word' id='word_1_738' title='bbox 2816 3466 3025 3523; x_wconf 83' lang='lat' dir='ltr'><strong>Adamo</strong></span> <span class='ocrx_word' id='word_1_739' title='bbox 3062 3480 3238 3535; x_wconf 89' lang='lat' dir='ltr'><strong>usque</strong></span> <span class='ocrx_word' id='word_1_740' title='bbox 3271 3461 3337 3518; x_wconf 89' lang='lat' dir='ltr'><strong>ad</strong></span> <span class='ocrx_word' id='word_1_741' title='bbox 3373 3458 3583 3518; x_wconf 76' lang='lat' dir='ltr'><strong>Christi</strong></span> 
     </span>
    </p>
   </div>
   <div class='ocr_carea' id='block_1_94' title="bbox 2016 3541 3588 3636">
    <p class='ocr_par' dir='ltr' id='par_1_94' title="bbox 2016 3541 3588 3636">
     <span class='ocr_line' id='line_1_94' title="bbox 2016 3541 3588 3636; baseline -0.01 -17"><span class='ocrx_word' id='word_1_742' title='bbox 2016 3564 2468 3636; x_wconf 76' lang='lat' dir='ltr'><strong>generationem,</strong></span> <span class='ocrx_word' id='word_1_743' title='bbox 2528 3559 2674 3630; x_wconf 86' lang='lat' dir='ltr'><strong>quod</strong></span> <span class='ocrx_word' id='word_1_744' title='bbox 2737 3558 3018 3628; x_wconf 69' lang='lat' dir='ltr'><strong>prophetae</strong></span> <span class='ocrx_word' id='word_1_745' title='bbox 3065 3559 3260 3610; x_wconf 86' lang='lat' dir='ltr'><strong>omnes</strong></span> <span class='ocrx_word' id='word_1_746' title='bbox 3304 3541 3588 3606; x_wconf 76' lang='lat' dir='ltr'><strong>vaticinati</strong></span> 
     </span>
    </p>
   </div>
   <div class='ocr_carea' id='block_1_95' title="bbox 2018 3643 3591 3726">
    <p class='ocr_par' dir='ltr' id='par_1_95' title="bbox 2018 3643 3591 3726">
     <span class='ocr_line' id='line_1_95' title="bbox 2018 3643 3591 3726; baseline -0.01 -14"><span class='ocrx_word' id='word_1_747' title='bbox 2018 3657 2149 3718; x_wconf 86' lang='lat' dir='ltr'><strong>sint,</strong></span> <span class='ocrx_word' id='word_1_748' title='bbox 2183 3656 2326 3726; x_wconf 88' lang='lat' dir='ltr'><strong>quod</strong></span> <span class='ocrx_word' id='word_1_749' title='bbox 2352 3655 2537 3710; x_wconf 88' lang='lat' dir='ltr'><strong>Patres</strong></span> <span class='ocrx_word' id='word_1_750' title='bbox 2567 3652 2826 3718; x_wconf 83' lang='lat' dir='ltr'><strong>viderint,</strong></span> <span class='ocrx_word' id='word_1_751' title='bbox 2851 3649 2999 3720; x_wconf 86' lang='lat' dir='ltr'><strong>quod</strong></span> <span class='ocrx_word' id='word_1_752' title='bbox 3024 3648 3138 3718; x_wconf 90' lang='lat' dir='ltr'><strong>ipse</strong></span> <span class='ocrx_word' id='word_1_753' title='bbox 3173 3647 3315 3701; x_wconf 87' lang='lat' dir='ltr'><strong>Deus</strong></span> <span class='ocrx_word' id='word_1_754' title='bbox 3343 3650 3398 3699; x_wconf 89' lang='lat' dir='ltr'><strong>et</strong></span> <span class='ocrx_word' id='word_1_755' title='bbox 3427 3643 3591 3700; x_wconf 81' lang='lat' dir='ltr'><strong>Pater</strong></span> 
     </span>
    </p>
   </div>
   <div class='ocr_carea' id='block_1_96' title="bbox 1982 3736 3611 3812">
    <p class='ocr_par' dir='ltr' id='par_1_96' title="bbox 1982 3736 3611 3812">
     <span class='ocr_line' id='line_1_96' title="bbox 1982 3736 3611 3812; baseline -0.01 -4"><span class='ocrx_word' id='word_1_756' title='bbox 1982 3804 1985 3808; x_wconf 91' lang='lat'><strong>.</strong></span> <span class='ocrx_word' id='word_1_757' title='bbox 2019 3750 2086 3805; x_wconf 90' lang='lat' dir='ltr'><strong>de</strong></span> <span class='ocrx_word' id='word_1_758' title='bbox 2121 3749 2343 3804; x_wconf 82' lang='lat' dir='ltr'><strong>Christo</strong></span> <span class='ocrx_word' id='word_1_759' title='bbox 2371 3750 2588 3802; x_wconf 90' lang='lat' dir='ltr'><strong>locutus</strong></span> <span class='ocrx_word' id='word_1_760' title='bbox 2628 3746 2723 3808; x_wconf 88' lang='lat' dir='ltr'><strong>sit,</strong></span> <span class='ocrx_word' id='word_1_761' title='bbox 2753 3753 2808 3798; x_wconf 84' lang='lat' dir='ltr'><strong>et</strong></span> <span class='ocrx_word' id='word_1_762' title='bbox 2837 3742 2984 3812; x_wconf 88' lang='lat' dir='ltr'><strong>quod</strong></span> <span class='ocrx_word' id='word_1_763' title='bbox 3017 3736 3306 3795; x_wconf 79' lang='lat' dir='ltr'><strong>manifeste</strong></span> <span class='ocrx_word' id='word_1_764' title='bbox 3335 3737 3611 3807; x_wconf 81' lang='lat' dir='ltr'><strong>citraque-</strong></span> 
     </span>
    </p>
   </div>
   <div class='ocr_carea' id='block_1_97' title="bbox 2018 3825 3593 3897">
    <p class='ocr_par' dir='ltr' id='par_1_97' title="bbox 2018 3825 3593 3897">
     <span class='ocr_line' id='line_1_97' title="bbox 2018 3825 3593 3897; baseline -0.01 0"><span class='ocrx_word' id='word_1_765' title='bbox 2018 3855 2235 3897; x_wconf 85' lang='lat' dir='ltr'><strong>omnem</strong></span> <span class='ocrx_word' id='word_1_766' title='bbox 2269 3837 2695 3894; x_wconf 82' lang='lat' dir='ltr'><strong>controversiam</strong></span> <span class='ocrx_word' id='word_1_767' title='bbox 2740 3835 3155 3891; x_wconf 87' lang='lat' dir='ltr'><strong>demonstratus</strong></span> <span class='ocrx_word' id='word_1_768' title='bbox 3189 3825 3265 3884; x_wconf 68' lang='lat' dir='ltr'><strong>et”</strong></span> <span class='ocrx_word' id='word_1_769' title='bbox 3280 3827 3593 3884; x_wconf 73' lang='lat' dir='ltr'><strong>declaratus</strong></span> 
     </span>
    </p>
   </div>
   <div class='ocr_carea' id='block_1_98' title="bbox 2020 3914 3591 3990">
    <p class='ocr_par' dir='ltr' id='par_1_98' title="bbox 2020 3914 3591 3990">
     <span class='ocr_line' id='line_1_98' title="bbox 2020 3914 3591 3990; baseline -0.009 -4"><span class='ocrx_word' id='word_1_770' title='bbox 2020 3934 2089 3987; x_wconf 87' lang='lat' dir='ltr'><strong>sit</strong></span> <span class='ocrx_word' id='word_1_771' title='bbox 2136 3931 2286 3986; x_wconf 85' lang='lat' dir='ltr'><strong>Deus</strong></span> <span class='ocrx_word' id='word_1_772' title='bbox 2336 3939 2392 3984; x_wconf 88' lang='lat' dir='ltr'><strong>et</strong></span> <span class='ocrx_word' id='word_1_773' title='bbox 2441 3929 2533 3983; x_wconf 86' lang='lat' dir='ltr'><strong>Dei</strong></span> <span class='ocrx_word' id='word_1_774' title='bbox 2586 3927 2775 3990; x_wconf 79' lang='lat' dir='ltr'><strong>Filius,</strong></span> <span class='ocrx_word' id='word_1_775' title='bbox 2829 3934 2889 3980; x_wconf 88' lang='lat' dir='ltr'><strong>et</strong></span> <span class='ocrx_word' id='word_1_776' title='bbox 2934 3914 3108 3978; x_wconf 84' lang='lat' dir='ltr'><strong>Filius</strong></span> <span class='ocrx_word' id='word_1_777' title='bbox 3155 3921 3413 3977; x_wconf 69' lang='lat' dir='ltr'><strong>ho‘mit‘tis.</strong></span> <span class='ocrx_word' id='word_1_778' title='bbox 3462 3918 3591 3974; x_wconf 86' lang='lat' dir='ltr'><strong>Post</strong></span> 
     </span>
    </p>
   </div>
   <div class='ocr_carea' id='block_1_99' title="bbox 2022 4012 3590 4095">
    <p class='ocr_par' dir='ltr' id='par_1_99' title="bbox 2022 4012 3590 4095">
     <span class='ocr_line' id='line_1_99' title="bbox 2022 4012 3590 4095; baseline -0.01 -14"><span class='ocrx_word' id='word_1_779' title='bbox 2022 4025 2348 4095; x_wconf 78' lang='lat' dir='ltr'><strong>baptismum</strong></span> <span class='ocrx_word' id='word_1_780' title='bbox 2389 4036 2518 4075; x_wconf 80' lang='lat' dir='ltr'><strong>vero</strong></span> <span class='ocrx_word' id='word_1_781' title='bbox 2569 4018 2797 4075; x_wconf 80' lang='lat' dir='ltr'><strong>Joannis</strong></span> <span class='ocrx_word' id='word_1_782' title='bbox 2823 4059 2837 4084; x_wconf 93' lang='lat'><strong>,</strong></span> <span class='ocrx_word' id='word_1_783' title='bbox 2890 4028 2946 4073; x_wconf 86' lang='lat' dir='ltr'><strong>et</strong></span> <span class='ocrx_word' id='word_1_784' title='bbox 2977 4026 3213 4072; x_wconf 85' lang='lat' dir='ltr'><strong>mortem</strong></span> <span class='ocrx_word' id='word_1_785' title='bbox 3256 4015 3424 4079; x_wconf 86' lang='lat' dir='ltr'><strong>illius,</strong></span> <span class='ocrx_word' id='word_1_786' title='bbox 3471 4012 3590 4083; x_wconf 82' lang='lat' dir='ltr'><strong>ipso</strong></span> 
     </span>
    </p>
   </div>
   <div class='ocr_carea' id='block_1_100' title="bbox 2020 4102 3590 4181">
    <p class='ocr_par' dir='ltr' id='par_1_100' title="bbox 2020 4102 3590 4181">
     <span class='ocr_line' id='line_1_100' title="bbox 2020 4102 3590 4181; baseline -0.008 -11"><span class='ocrx_word' id='word_1_787' title='bbox 2020 4117 2185 4170; x_wconf 80' lang='lat' dir='ltr'><strong>etiam</strong></span> <span class='ocrx_word' id='word_1_788' title='bbox 2220 4113 2472 4169; x_wconf 84' lang='lat' dir='ltr'><strong>Christus</strong></span> <span class='ocrx_word' id='word_1_789' title='bbox 2508 4125 2734 4181; x_wconf 79' lang='lat' dir='ltr'><strong>regnum</strong></span> <span class='ocrx_word' id='word_1_790' title='bbox 2774 4108 2874 4166; x_wconf 79' lang='lat' dir='ltr'><strong>Dei</strong></span> <span class='ocrx_word' id='word_1_791' title='bbox 2904 4108 3202 4179; x_wconf 64' lang='lat' dir='ltr'><strong>praedicare</strong></span> <span class='ocrx_word' id='word_1_792' title='bbox 3245 4105 3434 4175; x_wconf 71' lang='lat' dir='ltr'><strong>cmpit.</strong></span> <span class='ocrx_word' id='word_1_793' title='bbox 3482 4102 3590 4158; x_wconf 87' lang='lat' dir='ltr'><strong>Sed</strong></span> 
     </span>
    </p>
   </div>
   <div class='ocr_carea' id='block_1_101' title="bbox 2021 4196 3594 4278">
    <p class='ocr_par' dir='ltr' id='par_1_101' title="bbox 2021 4196 3594 4278">
     <span class='ocr_line' id='line_1_101' title="bbox 2021 4196 3594 4278; baseline -0.007 -17"><span class='ocrx_word' id='word_1_794' title='bbox 2021 4208 2164 4278; x_wconf 85' lang='lat' dir='ltr'><strong>quod</strong></span> <span class='ocrx_word' id='word_1_795' title='bbox 2207 4206 2351 4260; x_wconf 88' lang='lat' dir='ltr'><strong>inter</strong></span> <span class='ocrx_word' id='word_1_796' title='bbox 2392 4201 2940 4272; x_wconf 80' lang='lat' dir='ltr'><strong>praedicandumnon</strong></span> <span class='ocrx_word' id='word_1_797' title='bbox 2974 4200 3293 4270; x_wconf 86' lang='lat' dir='ltr'><strong>frequenter</strong></span> <span class='ocrx_word' id='word_1_798' title='bbox 3318 4196 3594 4252; x_wconf 78' lang='lat' dir='ltr'><strong>exclama-</strong></span> 
     </span>
    </p>
   </div>
   <div class='ocr_carea' id='block_1_102' title="bbox 2021 4290 3590 4369">
    <p class='ocr_par' dir='ltr' id='par_1_102' title="bbox 2021 4290 3590 4369">
     <span class='ocr_line' id='line_1_102' title="bbox 2021 4290 3590 4369; baseline -0.008 -13"><span class='ocrx_word' id='word_1_799' title='bbox 2021 4302 2200 4356; x_wconf 80' lang='lat' dir='ltr'><strong>verit:</strong></span> <span class='ocrx_word' id='word_1_800' title='bbox 2228 4299 2340 4369; x_wconf 85' lang='lat' dir='ltr'><strong>Ego</strong></span> <span class='ocrx_word' id='word_1_801' title='bbox 2373 4297 2515 4351; x_wconf 91' lang='lat' dir='ltr'><strong>Deus</strong></span> <span class='ocrx_word' id='word_1_802' title='bbox 2548 4311 2671 4350; x_wconf 86' lang='lat' dir='ltr'><strong>sum</strong></span> <span class='ocrx_word' id='word_1_803' title='bbox 2697 4293 2791 4364; x_wconf 87' lang='lat' dir='ltr'><strong>qui</strong></span> <span class='ocrx_word' id='word_1_804' title='bbox 2823 4293 3106 4350; x_wconf 87' lang='lat' dir='ltr'><strong>vobiscum</strong></span> <span class='ocrx_word' id='word_1_805' title='bbox 3140 4290 3359 4363; x_wconf 83' lang='lat' dir='ltr'><strong>loquor,</strong></span> <span class='ocrx_word' id='word_1_806' title='bbox 3397 4291 3590 4347; x_wconf 82' lang='lat' dir='ltr'><strong>verum</strong></span> 
     </span>
    </p>
   </div>
   <div class='ocr_carea' id='block_1_103' title="bbox 2022 4383 3590 4462">
    <p class='ocr_par' dir='ltr' id='par_1_103' title="bbox 2022 4383 3590 4462">
     <span class='ocr_line' id='line_1_103' title="bbox 2022 4383 3590 4462; baseline -0.007 -14"><span class='ocrx_word' id='word_1_807' title='bbox 2022 4402 2139 4448; x_wconf 87' lang='lat' dir='ltr'><strong>est:</strong></span> <span class='ocrx_word' id='word_1_808' title='bbox 2170 4389 2633 4462; x_wconf 78' lang='lat' dir='ltr'><strong>quemadmodum</strong></span> <span class='ocrx_word' id='word_1_809' title='bbox 2673 4402 2775 4443; x_wconf 88' lang='lat' dir='ltr'><strong>nec</strong></span> <span class='ocrx_word' id='word_1_810' title='bbox 2807 4399 2899 4443; x_wconf 85' lang='lat' dir='ltr'><strong>rex</strong></span> <span class='ocrx_word' id='word_1_811' title='bbox 2941 4385 3306 4443; x_wconf 80' lang='lat' dir='ltr'><strong>obambulans</strong></span> <span class='ocrx_word' id='word_1_812' title='bbox 3342 4383 3546 4438; x_wconf 86' lang='lat' dir='ltr'><strong>elamat</strong></span> <span class='ocrx_word' id='word_1_813' title='bbox 3572 4400 3590 4437; x_wconf 75' lang='grc' dir='ltr'><strong>ι</strong></span> 
     </span>
    </p>
   </div>
   <div class='ocr_carea' id='block_1_104' title="bbox 2021 4474 3596 4555">
    <p class='ocr_par' dir='ltr' id='par_1_104' title="bbox 2021 4474 3596 4555">
     <span class='ocr_line' id='line_1_104' title="bbox 2021 4474 3596 4555; baseline -0.01 -13"><span class='ocrx_word' id='word_1_814' title='bbox 2021 4485 2136 4555; x_wconf 79' lang='lat' dir='ltr'><strong>Ego</strong></span> <span class='ocrx_word' id='word_1_815' title='bbox 2180 4499 2272 4538; x_wconf 79' lang='lat' dir='ltr'><strong>rex</strong></span> <span class='ocrx_word' id='word_1_816' title='bbox 2336 4498 2497 4550; x_wconf 85' lang='lat' dir='ltr'><strong>sum;</strong></span> <span class='ocrx_word' id='word_1_817' title='bbox 2539 4489 2914 4537; x_wconf 78' lang='lat' dir='ltr'><strong>verumtamen</strong></span> <span class='ocrx_word' id='word_1_818' title='bbox 2960 4496 3028 4536; x_wconf 83' lang='lat' dir='ltr'><strong>ex</strong></span> <span class='ocrx_word' id='word_1_819' title='bbox 3079 4474 3481 4549; x_wconf 82' lang='lat' dir='ltr'><strong>magniﬁcentia</strong></span> <span class='ocrx_word' id='word_1_820' title='bbox 3540 4480 3596 4528; x_wconf 89' lang='lat' dir='ltr'><strong>et</strong></span> 
     </span>
    </p>
   </div>
   <div class='ocr_carea' id='block_1_105' title="bbox 1949 4567 3596 4650">
    <p class='ocr_par' dir='ltr' id='par_1_105' title="bbox 1949 4567 3596 4650">
     <span class='ocr_line' id='line_1_105' title="bbox 1949 4567 3596 4650; baseline -0.008 -17"><span class='ocrx_word' id='word_1_821' title='bbox 1949 4581 2000 4650; x_wconf 76' lang='grc' dir='ltr'><strong>ι)</strong></span> <span class='ocrx_word' id='word_1_822' title='bbox 2026 4576 2196 4649; x_wconf 77' lang='lat' dir='ltr'><strong>gloria</strong></span> <span class='ocrx_word' id='word_1_823' title='bbox 2248 4574 2590 4629; x_wconf 85' lang='lat' dir='ltr'><strong>auctoritatis</strong></span> <span class='ocrx_word' id='word_1_824' title='bbox 2636 4582 2689 4628; x_wconf 91' lang='lat' dir='ltr'><strong>et</strong></span> <span class='ocrx_word' id='word_1_825' title='bbox 2719 4571 2980 4648; x_wconf 65' lang='lat' dir='ltr'><strong>potentiaer</strong></span> <span class='ocrx_word' id='word_1_826' title='bbox 3015 4571 3164 4626; x_wconf 84' lang='lat' dir='ltr'><strong>illius</strong></span> <span class='ocrx_word' id='word_1_827' title='bbox 3194 4581 3388 4625; x_wconf 87' lang='lat' dir='ltr'><strong>omnes</strong></span> <span class='ocrx_word' id='word_1_828' title='bbox 3442 4567 3596 4621; x_wconf 83' lang='lat' dir='ltr'><strong>hunc</strong></span> 
     </span>
    </p>
   </div>
   <div class='ocr_carea' id='block_1_106' title="bbox 2030 4658 3600 4738">
    <p class='ocr_par' dir='ltr' id='par_1_106' title="bbox 2030 4658 3600 4738">
     <span class='ocr_line' id='line_1_106' title="bbox 2030 4658 3600 4738; baseline -0.008 -12"><span class='ocrx_word' id='word_1_829' title='bbox 2030 4687 2059 4726; x_wconf 86' lang='lat' dir='ltr'><strong>a</strong></span> <span class='ocrx_word' id='word_1_830' title='bbox 2099 4669 2275 4726; x_wconf 76' lang='lat' dir='ltr'><strong>servis</strong></span> <span class='ocrx_word' id='word_1_831' title='bbox 2299 4675 2529 4738; x_wconf 87' lang='lat' dir='ltr'><strong>possunt</strong></span> <span class='ocrx_word' id='word_1_832' title='bbox 2571 4666 2887 4720; x_wconf 87' lang='lat' dir='ltr'><strong>discernere</strong></span> <span class='ocrx_word' id='word_1_833' title='bbox 2914 4671 2931 4716; x_wconf 76' lang='lat'><strong>:‘</strong></span> <span class='ocrx_word' id='word_1_834' title='bbox 2981 4662 3060 4717; x_wconf 89' lang='lat' dir='ltr'><strong>sic</strong></span> <span class='ocrx_word' id='word_1_835' title='bbox 3088 4661 3250 4715; x_wconf 84' lang='lat' dir='ltr'><strong>etiam</strong></span> <span class='ocrx_word' id='word_1_836' title='bbox 3291 4660 3346 4714; x_wconf 88' lang='lat' dir='ltr'><strong>in</strong></span> <span class='ocrx_word' id='word_1_837' title='bbox 3379 4658 3600 4713; x_wconf 86' lang='lat' dir='ltr'><strong>Christo</strong></span> 
     </span>
    </p>
   </div>
   <div class='ocr_carea' id='block_1_107' title="bbox 2031 4738 3594 4827">
    <p class='ocr_par' dir='ltr' id='par_1_107' title="bbox 2031 4738 3594 4827">
     <span class='ocr_line' id='line_1_107' title="bbox 2031 4738 3594 4827; baseline -0.006 -11"><span class='ocrx_word' id='word_1_838' title='bbox 2031 4761 2112 4816; x_wconf 83' lang='lat' dir='ltr'><strong>fit.</strong></span> <span class='ocrx_word' id='word_1_839' title='bbox 2150 4738 2416 4827; x_wconf 29' lang='lat' dir='ltr'><strong>Quamvis.</strong></span> <span class='ocrx_word' id='word_1_840' title='bbox 2440 4757 2584 4812; x_wconf 89' lang='lat' dir='ltr'><strong>enim</strong></span> <span class='ocrx_word' id='word_1_841' title='bbox 2610 4770 2704 4810; x_wconf 87' lang='lat' dir='ltr'><strong>ore</strong></span> <span class='ocrx_word' id='word_1_842' title='bbox 2738 4769 2839 4808; x_wconf 90' lang='lat' dir='ltr'><strong>suo</strong></span> <span class='ocrx_word' id='word_1_843' title='bbox 2868 4769 2974 4806; x_wconf 91' lang='lat' dir='ltr'><strong>non</strong></span> <span class='ocrx_word' id='word_1_844' title='bbox 3004 4752 3324 4822; x_wconf 89' lang='lat' dir='ltr'><strong>frequenter</strong></span> <span class='ocrx_word' id='word_1_845' title='bbox 3353 4749 3553 4804; x_wconf 82' lang='lat' dir='ltr'><strong>dixerit</strong></span> <span class='ocrx_word' id='word_1_846' title='bbox 3579 4767 3594 4806; x_wconf 90' lang='lat'><strong>:</strong></span> 
     </span>
    </p>
   </div>
   <div class='ocr_carea' id='block_1_108' title="bbox 2028 4843 3599 4925">
    <p class='ocr_par' dir='ltr' id='par_1_108' title="bbox 2028 4843 3599 4925">
     <span class='ocr_line' id='line_1_108' title="bbox 2028 4843 3599 4925; baseline -0.009 -15"><span class='ocrx_word' id='word_1_847' title='bbox 2028 4856 2141 4925; x_wconf 75' lang='lat' dir='ltr'><strong>Ego</strong></span> <span class='ocrx_word' id='word_1_848' title='bbox 2170 4855 2312 4908; x_wconf 90' lang='lat' dir='ltr'><strong>Deus</strong></span> <span class='ocrx_word' id='word_1_849' title='bbox 2345 4866 2490 4917; x_wconf 86' lang='lat' dir='ltr'><strong>sum,</strong></span> <span class='ocrx_word' id='word_1_850' title='bbox 2527 4848 2799 4919; x_wconf 85' lang='lat' dir='ltr'><strong>operibus</strong></span> <span class='ocrx_word' id='word_1_851' title='bbox 2834 4856 3011 4900; x_wconf 88' lang='lat' dir='ltr'><strong>tamen</strong></span> <span class='ocrx_word' id='word_1_852' title='bbox 3042 4845 3148 4900; x_wconf 86' lang='lat' dir='ltr'><strong>hoc</strong></span> <span class='ocrx_word' id='word_1_853' title='bbox 3185 4844 3332 4900; x_wconf 90' lang='lat' dir='ltr'><strong>idem</strong></span> <span class='ocrx_word' id='word_1_854' title='bbox 3366 4843 3599 4897; x_wconf 81' lang='lat' dir='ltr'><strong>demon-</strong></span> 
     </span>
    </p>
   </div>
   <div class='ocr_carea' id='block_1_109' title="bbox 2025 4933 3596 5015">
    <p class='ocr_par' dir='ltr' id='par_1_109' title="bbox 2025 4933 3596 5015">
     <span class='ocr_line' id='line_1_109' title="bbox 2025 4933 3596 5015; baseline -0.008 -11"><span class='ocrx_word' id='word_1_855' title='bbox 2025 4948 2239 5004; x_wconf 87' lang='lat' dir='ltr'><strong>stravit.</strong></span> <span class='ocrx_word' id='word_1_856' title='bbox 2292 4945 2479 5015; x_wconf 86' lang='lat' dir='ltr'><strong>Neque</strong></span> <span class='ocrx_word' id='word_1_857' title='bbox 2518 4953 2697 4997; x_wconf 86' lang='lat' dir='ltr'><strong>tamen</strong></span> <span class='ocrx_word' id='word_1_858' title='bbox 2744 4955 2897 4995; x_wconf 91' lang='lat' dir='ltr'><strong>suam</strong></span> <span class='ocrx_word' id='word_1_859' title='bbox 2950 4933 3291 4994; x_wconf 74' lang='lat' dir='ltr'><strong>divinitatem</strong></span> <span class='ocrx_word' id='word_1_860' title='bbox 3329 4935 3596 5001; x_wconf 82' lang='lat' dir='ltr'><strong>occuluit,</strong></span> 
     </span>
    </p>
   </div>
   <div class='ocr_carea' id='block_1_110' title="bbox 2028 5030 3599 5110">
    <p class='ocr_par' dir='ltr' id='par_1_110' title="bbox 2028 5030 3599 5110">
     <span class='ocr_line' id='line_1_110' title="bbox 2028 5030 3599 5110; baseline -0.006 -15"><span class='ocrx_word' id='word_1_861' title='bbox 2028 5055 2206 5110; x_wconf 87' lang='lat' dir='ltr'><strong>neque</strong></span> <span class='ocrx_word' id='word_1_862' title='bbox 2247 5039 2411 5094; x_wconf 84' lang='lat' dir='ltr'><strong>etiam</strong></span> <span class='ocrx_word' id='word_1_863' title='bbox 2446 5037 2613 5091; x_wconf 88' lang='lat' dir='ltr'><strong>Deum</strong></span> <span class='ocrx_word' id='word_1_864' title='bbox 2654 5034 2870 5088; x_wconf 85' lang='lat' dir='ltr'><strong>Patrem</strong></span> <span class='ocrx_word' id='word_1_865' title='bbox 2915 5048 3108 5089; x_wconf 85' lang='lat' dir='ltr'><strong>suum:</strong></span> <span class='ocrx_word' id='word_1_866' title='bbox 3146 5046 3247 5086; x_wconf 86' lang='lat' dir='ltr'><strong>nec</strong></span> <span class='ocrx_word' id='word_1_867' title='bbox 3276 5032 3442 5085; x_wconf 88' lang='lat' dir='ltr'><strong>etiam</strong></span> <span class='ocrx_word' id='word_1_868' title='bbox 3478 5030 3599 5085; x_wconf 89' lang='lat' dir='ltr'><strong>illos</strong></span> 
     </span>
    </p>
   </div>
   <div class='ocr_carea' id='block_1_111' title="bbox 2030 5123 3599 5201">
    <p class='ocr_par' dir='ltr' id='par_1_111' title="bbox 2030 5123 3599 5201">
     <span class='ocr_line' id='line_1_111' title="bbox 2030 5123 3599 5201; baseline -0.004 -14"><span class='ocrx_word' id='word_1_869' title='bbox 2030 5133 2288 5195; x_wconf 84' lang='lat' dir='ltr'><strong>inhibuit,</strong></span> <span class='ocrx_word' id='word_1_870' title='bbox 2334 5132 2425 5201; x_wconf 90' lang='lat' dir='ltr'><strong>qui</strong></span> <span class='ocrx_word' id='word_1_871' title='bbox 2473 5146 2530 5185; x_wconf 87' lang='lat' dir='ltr'><strong>se</strong></span> <span class='ocrx_word' id='word_1_872' title='bbox 2558 5139 2614 5184; x_wconf 91' lang='lat' dir='ltr'><strong>et</strong></span> <span class='ocrx_word' id='word_1_873' title='bbox 2648 5131 2823 5186; x_wconf 86' lang='lat' dir='ltr'><strong>Deum</strong></span> <span class='ocrx_word' id='word_1_874' title='bbox 2844 5141 2983 5191; x_wconf 85' lang='lat' dir='ltr'><strong>esse,</strong></span> <span class='ocrx_word' id='word_1_875' title='bbox 3024 5128 3078 5180; x_wconf 81' lang='lat' dir='ltr'><strong>et</strong></span> <span class='ocrx_word' id='word_1_876' title='bbox 3097 5123 3199 5181; x_wconf 82' lang='lat' dir='ltr'><strong>Dei</strong></span> <span class='ocrx_word' id='word_1_877' title='bbox 3237 5123 3435 5179; x_wconf 86' lang='lat' dir='ltr'><strong>Filium</strong></span> <span class='ocrx_word' id='word_1_878' title='bbox 3469 5141 3599 5181; x_wconf 89' lang='lat' dir='ltr'><strong>eon-</strong></span> 
     </span>
    </p>
   </div>
   <div class='ocr_carea' id='block_1_112' title="bbox 2031 5213 3600 5279">
    <p class='ocr_par' dir='ltr' id='par_1_112' title="bbox 2031 5213 3600 5279">
     <span class='ocr_line' id='line_1_112' title="bbox 2031 5213 3600 5279; baseline -0.007 0"><span class='ocrx_word' id='word_1_879' title='bbox 2031 5224 2156 5279; x_wconf 82' lang='lat' dir='ltr'><strong>fessi</strong></span> <span class='ocrx_word' id='word_1_880' title='bbox 2194 5230 2343 5277; x_wconf 85' lang='lat' dir='ltr'><strong>sunt.</strong></span> <span class='ocrx_word' id='word_1_881' title='bbox 2372 5217 2661 5275; x_wconf 81' lang='lat' dir='ltr'><strong>Nathaniel</strong></span> <span class='ocrx_word' id='word_1_882' title='bbox 2705 5217 2854 5271; x_wconf 88' lang='lat' dir='ltr'><strong>enim</strong></span> <span class='ocrx_word' id='word_1_883' title='bbox 2885 5213 3112 5269; x_wconf 84' lang='lat' dir='ltr'><strong>dicens:</strong></span> <span class='ocrx_word' id='word_1_884' title='bbox 3147 5231 3166 5267; x_wconf 77' lang='grc' dir='ltr'><strong>ι</strong></span> <span class='ocrx_word' id='word_1_885' title='bbox 3207 5213 3286 5268; x_wconf 86' lang='lat' dir='ltr'><strong>Tu</strong></span> <span class='ocrx_word' id='word_1_886' title='bbox 3319 5229 3379 5268; x_wconf 86' lang='lat' dir='ltr'><strong>es</strong></span> <span class='ocrx_word' id='word_1_887' title='bbox 3429 5213 3600 5269; x_wconf 81' lang='lat' dir='ltr'><strong>Filius</strong></span> 
     </span>
    </p>
   </div>
   <div class='ocr_carea' id='block_1_113' title="bbox 2029 5307 3600 5383">
    <p class='ocr_par' dir='ltr' id='par_1_113' title="bbox 2029 5307 3600 5383">
     <span class='ocr_line' id='line_1_113' title="bbox 2029 5307 3600 5383; baseline -0.008 -10"><span class='ocrx_word' id='word_1_888' title='bbox 2029 5319 2148 5383; x_wconf 89' lang='lat' dir='ltr'><strong>Dei,</strong></span> <span class='ocrx_word' id='word_1_889' title='bbox 2189 5325 2244 5371; x_wconf 84' lang='lat' dir='ltr'><strong>tu</strong></span> <span class='ocrx_word' id='word_1_890' title='bbox 2291 5331 2352 5370; x_wconf 89' lang='lat' dir='ltr'><strong>es</strong></span> <span class='ocrx_word' id='word_1_891' title='bbox 2404 5329 2498 5367; x_wconf 78' lang='lat' dir='ltr'><strong>rex</strong></span> <span class='ocrx_word' id='word_1_892' title='bbox 2535 5309 2750 5365; x_wconf 85' lang='lat' dir='ltr'><strong>lsraelis</strong></span> <span class='ocrx_word' id='word_1_893' title='bbox 2780 5311 2881 5375; x_wconf 67' lang='lat' dir='ltr'><strong>&quot;,i</strong></span> <span class='ocrx_word' id='word_1_894' title='bbox 2914 5324 3025 5363; x_wconf 90' lang='lat' dir='ltr'><strong>non</strong></span> <span class='ocrx_word' id='word_1_895' title='bbox 3075 5307 3445 5378; x_wconf 83' lang='lat' dir='ltr'><strong>reprehensus</strong></span> <span class='ocrx_word' id='word_1_896' title='bbox 3494 5316 3600 5373; x_wconf 87' lang='lat' dir='ltr'><strong>est,</strong></span> 
     </span>
    </p>
   </div>
   <div class='ocr_carea' id='block_1_114' title="bbox 2032 5393 3600 5476">
    <p class='ocr_par' dir='ltr' id='par_1_114' title="bbox 2032 5393 3600 5476">
     <span class='ocr_line' id='line_1_114' title="bbox 2032 5393 3600 5476; baseline -0.008 -13"><span class='ocrx_word' id='word_1_897' title='bbox 2032 5417 2094 5464; x_wconf 87' lang='lat' dir='ltr'><strong>ut</strong></span> <span class='ocrx_word' id='word_1_898' title='bbox 2126 5407 2181 5461; x_wconf 87' lang='lat' dir='ltr'><strong>hi</strong></span> <span class='ocrx_word' id='word_1_899' title='bbox 2212 5406 2304 5476; x_wconf 89' lang='lat' dir='ltr'><strong>qui</strong></span> <span class='ocrx_word' id='word_1_900' title='bbox 2325 5403 2615 5476; x_wconf 62' lang='lat' dir='ltr'><strong>Lycaoniae</strong></span> <span class='ocrx_word' id='word_1_901' title='bbox 2641 5399 2868 5455; x_wconf 87' lang='lat' dir='ltr'><strong>Paulum</strong></span> <span class='ocrx_word' id='word_1_902' title='bbox 2899 5409 2954 5454; x_wconf 87' lang='lat' dir='ltr'><strong>et</strong></span> <span class='ocrx_word' id='word_1_903' title='bbox 2977 5399 3281 5453; x_wconf 85' lang='lat' dir='ltr'><strong>Darnabam</strong></span> <span class='ocrx_word' id='word_1_904' title='bbox 3314 5393 3447 5452; x_wconf 83' lang='lat' dir='ltr'><strong>deos</strong></span> <span class='ocrx_word' id='word_1_905' title='bbox 3477 5411 3600 5451; x_wconf 87' lang='lat' dir='ltr'><strong>esse</strong></span> 
     </span>
    </p>
   </div>
   <div class='ocr_carea' id='block_1_115' title="bbox 2031 5488 3596 5565">
    <p class='ocr_par' dir='ltr' id='par_1_115' title="bbox 2031 5488 3596 5565">
     <span class='ocr_line' id='line_1_115' title="bbox 2031 5488 3596 5565; baseline -0.01 -10"><span class='ocrx_word' id='word_1_906' title='bbox 2031 5498 2386 5561; x_wconf 86' lang='lat' dir='ltr'><strong>sentiebant,</strong></span> <span class='ocrx_word' id='word_1_907' title='bbox 2452 5496 2693 5565; x_wconf 89' lang='lat' dir='ltr'><strong>ipsisque</strong></span> <span class='ocrx_word' id='word_1_908' title='bbox 2743 5501 2999 5562; x_wconf 87' lang='lat' dir='ltr'><strong>tanquam</strong></span> <span class='ocrx_word' id='word_1_909' title='bbox 3064 5490 3170 5545; x_wconf 89' lang='lat' dir='ltr'><strong>diis</strong></span> <span class='ocrx_word' id='word_1_910' title='bbox 3227 5488 3596 5546; x_wconf 85' lang='lat' dir='ltr'><strong>sacrificaturi</strong></span> 
     </span>
    </p>
   </div>
   <div class='ocr_carea' id='block_1_116' title="bbox 2033 5580 3598 5656">
    <p class='ocr_par' dir='ltr' id='par_1_116' title="bbox 2033 5580 3598 5656">
     <span class='ocr_line' id='line_1_116' title="bbox 2033 5580 3598 5656; baseline -0.008 -12"><span class='ocrx_word' id='word_1_911' title='bbox 2033 5598 2211 5652; x_wconf 85' lang='lat' dir='ltr'><strong>erant,</strong></span> <span class='ocrx_word' id='word_1_912' title='bbox 2261 5587 2528 5656; x_wconf 76' lang='lat' dir='ltr'><strong>increpari</strong></span> <span class='ocrx_word' id='word_1_913' title='bbox 2576 5594 2705 5641; x_wconf 85' lang='lat' dir='ltr'><strong>sunt</strong></span> <span class='ocrx_word' id='word_1_914' title='bbox 2753 5584 2821 5639; x_wconf 86' lang='lat' dir='ltr'><strong>ab</strong></span> <span class='ocrx_word' id='word_1_915' title='bbox 2863 5583 2996 5656; x_wconf 87' lang='lat' dir='ltr'><strong>ipsis</strong></span> <span class='ocrx_word' id='word_1_916' title='bbox 3040 5580 3391 5637; x_wconf 88' lang='lat' dir='ltr'><strong>dicentibus:</strong></span> <span class='ocrx_word' id='word_1_917' title='bbox 3429 5597 3448 5632; x_wconf 76' lang='grc' dir='ltr'><strong>ι</strong></span> <span class='ocrx_word' id='word_1_918' title='bbox 3486 5580 3598 5633; x_wconf 86' lang='lat' dir='ltr'><strong>De-</strong></span> 
     </span>
    </p>
   </div>
   <div class='ocr_carea' id='block_1_117' title="bbox 2032 5673 3587 5748">
    <p class='ocr_par' dir='ltr' id='par_1_117' title="bbox 2032 5673 3587 5748">
     <span class='ocr_line' id='line_1_117' title="bbox 2032 5673 3587 5748; baseline -0.008 -7"><span class='ocrx_word' id='word_1_919' title='bbox 2032 5681 2211 5741; x_wconf 82' lang='lat' dir='ltr'><strong>sistite</strong></span> <span class='ocrx_word' id='word_1_920' title='bbox 2262 5694 2291 5736; x_wconf 87' lang='lat' dir='ltr'><strong>a</strong></span> <span class='ocrx_word' id='word_1_921' title='bbox 2336 5693 2394 5735; x_wconf 85' lang='lat' dir='ltr'><strong>re</strong></span> <span class='ocrx_word' id='word_1_922' title='bbox 2441 5686 2554 5734; x_wconf 81' lang='lat' dir='ltr'><strong>tam</strong></span> <span class='ocrx_word' id='word_1_923' title='bbox 2603 5677 2880 5748; x_wconf 76' lang='lat' dir='ltr'><strong>absurda,</strong></span> <span class='ocrx_word' id='word_1_924' title='bbox 2931 5691 3032 5735; x_wconf 91' lang='lat' dir='ltr'><strong>nos</strong></span> <span class='ocrx_word' id='word_1_925' title='bbox 3085 5675 3287 5733; x_wconf 83' lang='lat' dir='ltr'><strong>etenim</strong></span> <span class='ocrx_word' id='word_1_926' title='bbox 3338 5673 3587 5732; x_wconf 85' lang='lat' dir='ltr'><strong>homines</strong></span> 
     </span>
    </p>
   </div>
   <div class='ocr_carea' id='block_1_118' title="bbox 434 5837 2098 5926">
    <p class='ocr_par' dir='ltr' id='par_1_118' title="bbox 434 5837 2098 5926">
     <span class='ocr_line' id='line_1_118' title="bbox 434 5837 2098 5926; baseline -0.018 -4"><span class='ocrx_word' id='word_1_927' title='bbox 434 5866 485 5899; x_wconf 68' lang='grc' dir='ltr'><strong>τί</strong></span> <span class='ocrx_word' id='word_1_928' title='bbox 520 5862 680 5922; x_wconf 77' lang='lat' dir='ltr'><strong>Joan.</strong></span> <span class='ocrx_word' id='word_1_929' title='bbox 723 5871 859 5926; x_wconf 75' lang='lat' dir='ltr'><strong>vni,</strong></span> <span class='ocrx_word' id='word_1_930' title='bbox 899 5854 986 5912; x_wconf 75' lang='grc'><strong>12.</strong></span> <span class='ocrx_word' id='word_1_931' title='bbox 1063 5854 1105 5886; x_wconf 71' lang='grc' dir='ltr'><strong><em>τι</em></strong></span> <span class='ocrx_word' id='word_1_932' title='bbox 1147 5848 1290 5908; x_wconf 89' lang='lat' dir='ltr'><strong>Psal.</strong></span> <span class='ocrx_word' id='word_1_933' title='bbox 1333 5860 1475 5912; x_wconf 76' lang='lat' dir='ltr'><strong>cxvr,</strong></span> <span class='ocrx_word' id='word_1_934' title='bbox 1516 5843 1570 5898; x_wconf 69' lang='grc'><strong>2.</strong></span> <span class='ocrx_word' id='word_1_935' title='bbox 1647 5843 1692 5876; x_wconf 77' lang='grc' dir='ltr'><strong>τ’</strong></span> <span class='ocrx_word' id='word_1_936' title='bbox 1733 5839 1886 5896; x_wconf 80' lang='lat' dir='ltr'><strong>Joan.</strong></span> <span class='ocrx_word' id='word_1_937' title='bbox 1930 5854 1970 5904; x_wconf 82' lang='grc' dir='ltr'><strong>ι,</strong></span> <span class='ocrx_word' id='word_1_938' title='bbox 2009 5837 2098 5894; x_wconf 70' lang='grc'><strong>49.</strong></span> 
     </span>
    </p>
   </div>
  </div>
