4124 6300
458 281 565 346 779

1533 289 1955 353 PIlILOTlIEl
1996 291 2106 353 CP.
2150 293 2666 357 PATBIARCH/E

3575 285 3725 371 I130

458 409 637 462 mines
672 408 982 477 tyrannide,
1016 407 1223 464 Christi
1265 410 1470 466 virtute
1509 427 1606 481 per
1633 423 1857 468 sanctos
1901 429 2032 483 apo-

2139 401 2447 483 ἀνθρὼπων
2490 414 2810 485 τυραννίδος
2849 415 2943 470 καὶ
3004 416 3148 487 βίας,
3191 418 3435 489 δυνάμει.
3479 423 3719 493 Χριστοῦ

453 499 628 553 stolos
660 499 1036 568 pulcherrime
1076 501 1144 556 de
1173 502 1353 558 medio
1385 503 1616 559 sublatis
1644 543 1658 565 ,
1691 505 1854 558 aliam
1883 506 2027 557 viam

453 599 631 645 tentat
656 603 997 660 persecutor,
1035 609 1146 648 non
1195 595 1305 666 jam
1335 595 1512 665 palam
1556 606 1610 650 et
1640 605 1826 667 aperte
1860 597 2030 666 (haud

449 681 601 734 enim
651 681 961 738 istiusmodi
996 687 1358 740 certaminum
1382 727 1395 749 ,
1434 696 1493 741 ut
1525 687 1767 757 undique
1801 689 2031 757 expulso

451 786 519 826 ac
553 772 770 829 devicto
793 814 808 840 ,
843 775 997 832 locus
1027 779 1076 831 ei
1118 777 1184 832 de
1225 778 1441 851 integro
1472 780 1753 845 dabatur),
1788 781 1881 836 sed
1905 780 2032 836 dolo

453 854 824 936 complurium
855 874 1083 926 deorum
1120 874 1356 937 cultum,
1386 884 1443 930 et
1481 875 1669 928 άθεῖαν
1717 890 1908 931 rursus
1941 876 2032 929 in-

453 957 665 1014 ducens
698 978 712 1015 :
761 976 926 1030 quam
976 978 1101 1017 cum
1136 980 1164 1018 a
1196 966 1471 1036 principio
1511 967 1786 1037 quondam
1838 975 2031 1022 contra

453 1054 826 1122 protoplastos
873 1055 930 1109 in
966 1058 1220 1125 paradiso
1267 1057 1648 1114 fraudulenter
1685 1061 2028 1130 peperisset,

456 1147 758 1216 multisque
807 1149 1024 1204 saeculis
1064 1159 1319 1205 naturam
1372 1164 1620 1206 nostram
1648 1168 1710 1207 ea
1741 1153 2032 1226 tyrannide

452 1253 772 1306 oppressam
808 1242 1101 1306 tenuisset,
1146 1243 1212 1299 ad
1239 1259 1297 1298 se
1326 1245 1509 1299 denuo
1541 1245 1789 1300 divinum
1821 1246 2028 1300 cultum

449 1332 829 1404 honoremque
862 1349 1118 1389 revocare
1147 1334 1434 1407 impudens
1457 1337 1748 1405 laboravit,
1781 1354 1883 1395 nec
1907 1355 2033 1395 cru-

448 1436 590 1486 cem,
635 1438 754 1481 nec.
785 1423 880 1479 Dei
917 1426 1241 1496 sanguinein
1294 1431 1591 1494 reveritus,
1629 1448 1727 1502 per
1755 1447 1877 1502 qua:
1905 1447 2028 1486 evu-

449 1513 573 1569 dele
603 1521 725 1586 ejus
757 1517 1050 1588 imperium
1086 1520 1429 1578 destructum
1467 1537 1588 1593 est;
1619 1525 1715 1580 sed
1763 1533 1890 1596 post
1936 1525 2031 1581 de-

449 1609 813 1664 structionem
868 1614 1049 1669 adhuc
1106 1619 1279 1673 cauda
1334 1619 1602 1688 palpitans
1638 1619 1841 1686 draco,
1877 1626 1933 1674 et
1961 1617 2028 1672 ad

452 1699 719 1756 ultionem
789 1703 1102 1776 luctamque
1153 1726 1380 1773 amens,
1435 1721 1490 1764 et
1545 1711 1745 1779 impius
1790 1711 2027 1776 seipsum

2143 504 2404 558 κάλλιστα
2453 509 2759 576 γεγονότων
2795 511 2857 562 ὲκ
2907 510 3078 580 μέσου
3120 512 3207 566 διά
3239 514 3350 566 τῶν
3386 515 3546 584 ίερῶν
3581 519 3720 572 ἀπο-

2141 599 2369 667 στόλων,
2405 599 2574 671 άλλην
2624 602 2844 674 ἔρχεται
2889 605 3087 675 πείρας
3126 606 3245 660 ὁδὸν
3271 608 3298 660 ὁ
3323 608 3592 678 διώκτης’
3619 611 3723 664 οὐκ

2139 690 2218 743 ἔτι
2259 692 2355 760 μὲν
2393 695 2681 765 παρρησίᾳ.
2739 695 2882 759 (οὐδὲ
2923 697 3032 768 γὰρ
3084 693 3152 766 ἦν
3200 698 3352 770 αὐτῷ
3395 688 3550 771 χώρα
3610 700 3722 765 τῶν

2137 787 2400 838 τοιούτων
2436 782 2594 849 αὖθις
2647 785 2895 855 ἀγώνων,
2942 790 3284 860 πανταχόθεν
3341 790 3724 864 ὲξεληλαμένῳ

2138 877 2234 929 καὶ
2282 879 2622 950 ἡττημένῳ),
2677 880 2814 951 δόλῳ
2845 882 2901 934 δὲ
2932 885 3032 949 τὴν
3083 882 3248 954 φίλην
3279 884 3595 953 πολυθεῒαν,
3629 890 3724 940 καὶ

2129 968 2327 1047 ’άθεῖαν
2359 970 2453 1022 καὶ
2507 971 2671 1025 πάλιν
2727 973 2987 1041 εἰσάγων,
3019 976 3194 1044 ἥνπερ
3224 973 3283 1039 ἐξ
3311 977 3486 1047 ἀρχῆς
3516 977 3722 1032 ἄνωθεν

2136 1062 2193 1114 ἐν
2224 1061 2535 1134 παραδείσῳ
2565 1063 2758 1128 δολίως
2781 1065 3048 1135 ὼδινήσας
3079 1068 3220 1122 κατὰ
3248 1068 3356 1121 τῶν
3396 1070 3724 1140 πρωτοπλά·

2136 1169 2304 1220 στων,
2339 1154 2432 1209 καὶ
2469 1156 2646 1228 ταύτῃ
2676 1159 3021 1228 τυραννήσας
3052 1159 3146 1212 ἐπὶ
3185 1160 3402 1231 μακρὸν
3428 1161 3526 1233 τὴν
3558 1163 3722 1233 ἡμῶν

2118 1245 2324 1314 φύσιν,
2350 1249 2430 1310 είς
2464 1247 2656 1301 ἑαυτὸν
2697 1248 2859 1302 πάλιν
2898 1251 2957 1303 τὸ
2981 1249 3115 1321 πρὸς
3140 1250 3272 1304 Θεὸν
3304 1251 3468 1314 σέὄας
3501 1254 3592 1304 καί
3621 1251 3722 1322 τὴν

2131 1337 2298 1410 τιμὴν
2329 1339 2663 1398 ἐσπούδασεν
2709 1341 2912 1407 ἕλκειν,
2948 1343 3084 1414 μηδὲ
3116 1344 3211 1399 τὸν
3257 1343 3509 1412 σταυρὸν,
3541 1347 3630 1397 καὶ
3660 1346 3722 1398 τὸ

2133 1431 2269 1484 Θεοῦ
2305 1431 2545 1501 φρίττων
2583 1436 2612 1486 ὁ
2667 1434 2895 1503 ἀναιδὴς
2947 1429 3108 1505 αἷμα,
3139 1430 3209 1487 διῖ
3257 1428 3332 1488 ὧν
3372 1438 3405 1504 ἡ
3462 1438 3723 1506 τυραννὶς

2131 1525 2298 1576 αὑτοῦ
2337 1524 2638 1595 κατελύθη·
2675 1526 2813 1579 ἀλλά
2873 1528 2967 1580 καὶ
3016 1528 3159 1597 μετὰ
3191 1527 3289 1596 τὴν
3327 1527 3612 1599 ἀναίρεσιν
3641 1527 3722 1581 ἔτι

2132 1617 2210 1687 τῷ
2245 1618 2453 1689 οὐραίῳ
2505 1617 2751 1688 σπαίρων
2806 1621 2835 1672 ὁ
2886 1619 3124 1690 δράκων,
3157 1622 3255 1674 καὶ
3321 1621 3458 1694 πρὸς
3513 1621 3725 1689 ἄμυναν

2134 1711 2297 1780 δῆθεν
2337 1712 2430 1764 καὶ
2468 1712 2647 1784 ⁴πάλην
2670 1715 2698 1767 ὀ
2732 1714 2892 1776 άνους
2923 1714 3018 1767 καὶ
3049 1713 3207 1777 ἄθεος
3247 1712 3442 1774 ἑαυτὸν
3465 1713 3723 1785 αἴσχιστα.

447 1794 768 1862 turpissime
823 1800 1192 1853 exsuscitans.
1234 1801 1351 1856 lloc
1380 1811 1562 1855 autem
1600 1803 1733 1855 nihil
1769 1801 1916 1856 aliud
1943 1809 2030 1856 est

2135 1775 2438 1874 διεγείρων,
2476 1775 2794 1858 Καὶυτοῦτο
2856 1775 2951 1860 καὶ
2999 1806 3109 1859 τῶν
3151 1775 3430 1861 κακίστων
3458 1775 3723 1878 αἱρέσεων

449 1901 612 1952 (illam
679 1887 1216 1958 itnprobissimarum
1273 1894 1541 1949 haeresum
1579 1904 1766 1948 centra
1799 1893 2028 1950 'Christi

451 1979 753 2036 Ecclesxam
781 1999 920 2038 nova
952 1989 1220 2056 tyrannis,
1248 1997 1304 2042 et
1334 1987 1513 2043 inanis
1537 1988 1661 2043 ﬁdei
1695 1989 2029 2057 persecutio;

449 2079 574 2138 post
624 2072 905 2141 Nerones,
961 2078 1209 2146 inquam,
1244 2077 1530 2150 Trajanos,
1567 2080 1784 2144 Decios,
1820 2079 2032 2134 Diocle-

451 2167 652 2230 tianos,
713 2153 1073 2224 Maximianos
1131 2182 1186 2225 et
1236 2172 1601 2238 Maximinos,
1636 2182 1689 2226 et
1761 2182 2034 2243 quotquot

448 2256 641 2333 prima:
677 2259 978 2329 impietatis
1005 2270 1059 2315 et
1087 2260 1274 2326 ἁθεῖας
1300 2262 1560 2333 praesides
1587 2277 1649 2317 ac
1676 2261 1846 2318 duces
1866 2264 2034 2317 exsti-

447 2349 1035 2418 terunt,rSabeIlios,
1075 2354 1274 2422 Arios,
1327 2355 1730 2426 Apollinarios,
1775 2357 2032 2412 secundae

446 2442 638 2505 ὰθεΐας
699 2444 1018 2502 defensores
1079 2447 1239 2504 nobis
1297 2449 1587 2512 excitans,
1656 2460 1711 2506 et
1768 2450 2028 2507 Ecclesia»

448 2536 653 2592 Christi
696 2552 1098 2610 persecutores,
1153 2557 1262 2596 non
1317 2543 1502 2598 minus
1537 2559 1700 2614 quam
1747 2544 1889 2612 illos,
1918 2545 2028 2622 ni:i

446 2632 614 2686 etiam
646 2633 963 2688 acerbiores
999 2651 1013 2688 :
1047 2635 1195 2705 quod
1259 2652 1383 2690 cum
1417 2636 1623 2692 Christi
1676 2653 1874 2693 nomen
1911 2639 2030 2711 .fer-

445 2731 594 2790 rent,
627 2723 807 2794 inquit
857 2725 1270 2796 (magistrorum
1335 2729 1483 2782 enim
1556 2744 1805 2784 meorum
1860 2729 2030 2785 verba

447 2813 652 2870 iterum
689 2819 1009 2888 usurpabo),
1045 2818 1456 2888 pseudochristi
1510 2833 1564 2876 et
1590 2821 2029 2876 Christianorum

449 2908 745 2979 approbria
794 2921 996 2975 erant;
1053 2912 1256 2981 quibus
1295 2923 1353 2970 et
1411 2915 1594 2986 (acere
1623 2914 1932 2986 impietas,
1975 2927 2033 2970 et

450 3003 564 3072 pati
613 3003 855 3059 dedecus
908 3004 1226 3072 videbatur;
1277 3006 1422 3076 quod
1475 3024 1586 3062 non
1633 3017 1891 3077 putarent
1931 3023 2033 3062 nos

2137 1897 2279 1952 κατὰ
2311 1897 2410 1966 τῆς
2459 1897 2795 1967 Ἐκκλησίας
2832 1898 3070 1970 Χριστοῦ
3104 1894 3594 1983 τυραννὶς-’.αὖθιῆ
3625 1900 3719 1952 καὶ

2134 1991 2162 2041 ὁ
2197 1989 2355 2052 κενὸς
2382 1989 2479 2055 τῆς
2519 1991 2756 2051 πίστεως
2804 1990 3066 2072 διωγμὸς,
3100 1990 3237 2063 μετὰ
3267 1991 3525 2063 Νέριυνάς
3557 2007 3720 2061 φημι,

2135 2083 2230 2133 καὶ
2261 2081 2593 2151 Τραῖανοὺς,
2641 2088 2736 2134 και
2785 2082 3031 2147 Δεκίους,
3069 2083 3103 2154 ἢ
3146 2083 3586 2151 Διοκλητιανοὺς,
3629 2082 3722 2134 καὶ

2088 2185 2106 2195 ⁸
2135 2173 2519 2241 Μαξιμιανούς
2549 2190 2609 2225 τε
2640 2175 2735 2226 καὶ
2783 2174 3155 2244 Μαξιμίνους·
3186 2176 3278 2228 καὶ
3307 2176 3422 2228 ὅσοι
3449 2175 3550 2244 τῆς
3573 2173 3725 2244 πρώ-

2135 2280 2235 2333 της
2262 2264 2519 2329 ἀσεϐείας
2552 2264 2649 2335 καὶ
2674 2264 2675 2267 “
2702 2264 2892 2327 ἀθεῖας
2923 2267 3249 2335 προστάται,
3284 2263 3607 2323 Σαϐελλίους
3637 2277 3720 2326 τε,

2117 2355 2233 2408 ικαὶ
2270 2355 2537 2424 ⁹Δρείους,
2568 2354 2658 2408 καὶ
2713 2355 3103 2421 Μακεδονίους,
3138 2355 3233 2408 καὶ
3275 2353 3723 2423 ’Δπολλιναρίους

2137 2449 2269 2520 ἡμῖν
2319 2447 2627 2518 ἐξεγείρας,
2672 2450 2800 2512 τοὺς
2849 2447 2950 2518 τῆς
3000 2450 3256 2519 δευτέρας
3286 2447 3470 2510 άθεῒας
3503 2445 3725 2514 προμάο

2137 2559 2287 2612 χους,
2330 2543 2425 2595 καὶ
2461 2539 2700 2603 διῶκτας
2749 2541 2849 2612 τῆς
2891 2542 3127 2612 Χριστοῦ
3173 2540 3522 2609 Ἐκκλησίας,
3569 2539 3724 2592 οὐδὲν

2136 2628 2303 2712 ἧττόν
2331 2632 2577 2701 ἐκείνων,
2605 2636 2654 2685 εί
2685 2631 2763 2704 μὴ
2795 2632 2892 2684 καὶ
2944 2633 3145 2701 μᾶλλον
3171 2649 3186 2666 ο
3211 2617 3322 2704 ὅσῳ
3343 2631 3723 2712 τοῦ-Χριστοῦ,

2136 2726 2296 2798 φησι,
2330 2725 2587 2795 φέροντες
2617 2724 2787 2796 δνομα
2821 2724 2910 2794 (τὰ
2941 2726 3051 2794 γὰρ
3074 2724 3182 2777 τῶν
3212 2722 3726 2793 ἐμῶνίόιδασκάλων

2137 2819 2233 2872 καὶ
2288 2798 2455 2873 πάλιν
2498 2816 2841 2890 φθέγξομαι)
2891 2819 3272 2888 ψευδόχριστοι
3328 2819 3424 2870 καὶ
3455 2817 3726 2887 Χριστιαο

2135 2914 2252 2976 νοῖς
2287 2909 2493 2976 ὄνειδος
2541 2908 2686 2984 ἦσαν
2710 2928 2723 2943 ·
2758 2907 2838 2976 οἷς
2873 2913 2967 2968 καὶ
3005 2913 3068 2966 τὸ
3119 2912 3296 2966 ποιεῖν
3325 2911 3506 2976 ἄθεον,
3541 2910 3636 2964 καὶ
3664 2909 3727 2961 1:5

2141 3008 2375 3077 πάσχειν
2426 3005 2636 3073 ἄδοξον,
2687 3007 2766 3078 τῷ
2831 3005 2968 3078 μηδὲ
3011 3005 3321 3059 ἀδικεῖσθαι
3360 3005 3562 3068 δοκεῖν,
3590 3002 3728 3074 μηδὲ

449 3094 590 3150 allici
628 3094 832 3165 injuria
891 3112 1074 3168 neque
1128 3096 1186 3152 in
1241 3115 1344 3154 nos
1384 3100 1746 3170 magnificum
1783 3103 2030 3173 martyrii

2142 3097 2200 3150 τὸ
2228 3096 2650 3176 μεγαλοπρεπὲς
2684 3094 2859 3166 ὄνομα
2892 3096 3188 3173 προσεῖναι
3224 3094 3323 3164 τὴν
3388 3094 3724 3164 μαρτυρίαν,

449 3202 655 3244 nomen
687 3189 1008 3258 convenire,
1065 3193 1160 3248 sed
1191 3209 1292 3248 nos
1321 3194 1487 3249 etiam
1549 3195 1639 3249 hic
1673 3195 1845 3250 furari
1891 3213 2032 3266 quo-

448 3282 750 3338 dammodo
783 3284 1092 3351 veritatem,
1133 3297 1190 3339 et
1219 3286 1328 3356 pati
1370 3297 1429 3340 ut
1481 3287 1824 3342 Christianos
1850 3327 1865 3353 ,
1904 3304 2029 3344 cum

448 3381 669 3436 interim
715 3391 788 3434 ‘ut
833 3379 983 3450 impii
1029 3395 1221 3450 pinnas
1275 3382 1704 3438 exsolveremus.
1737 3383 1912 3454 Atque
1950 3384 2032 3437 id-

449 3476 600 3530 eirco
632 3475 932 3530 excitatum
964 3486 1050 3529 est
1087 3475 1268 3541 nobis,
1303 3476 1504 3546 inquit,
1532 3492 1704 3532 cornu
1729 3477 1941 3543 salutis,
1975 3485 2030 3532 ct

448 3569 591 3641 lapis
621 3568 927 3640 angularis,
959 3567 1066 3622 sibi
1120 3582 1223 3622 nos
1264 3576 1320 3622 et
1349 3577 1566 3623 nosmet
1599 3578 1807 3623 'mutuo
1830 3569 2029 3624 eadem

450 3677 714 3732 compage
753 3663 1116 3734 conjungens.
1143 3660 1400 3716 [inmissa
1426 3673 1629 3717 eStsuo
1657 3671 1902 3732 tempore
1935 3662 2044 3722 σὼ.

446 3754 704 3810 miranda
765 3752 885 3808 hazc
951 3753 1333 3824 theologorum
1412 3755 1661 3823 trinitas;
1720 3765 1817 3810 aut
1889 3757 2033 3827 ignis

451 3860 695 3916 purgans
730 3843 891 3900 faeces
950 3859 1013 3899 ac
1065 3845 1278 3910 sordes,
1315 3855 1410 3900 aut
1448 3846 1817 3902 ventilabrum
1868 3848 2034 3902 rusti.

446 3954 599 4005 cum,
624 3954 735 4008 quo
763 3938 960 3993 levitas
998 3947 1053 3992 et
1081 3939 1321 4008 gravitas
1355 3943 1673 4009 dogmatqu
1702 3941 2030 4003 secernitur;

448 4043 546 4089 aut
605 4032 856 4098 ferrum,
908 4032 1214 4101 nequitiam
1269 4032 1537 4087 radicitus
1585 4033 1930 4090 exscindens.
1967 4035 2035 4090 Et

445 4125 694 4182 Verbum
745 4140 881 4180 suos
914 4125 1020 4179 sibi
1057 4124 1345 4195 adjutores
1390 4125 1639 4190 invenit;
1691 4140 1748 4183 et
1793 4128 2034 4199 Spiritus

448 4221 544 4289 qui
576 4235 677 4291 pro
712 4219 834 4290 ipso
878 4218 1091 4290 spirare
1141 4219 1344 4293 velint,
1378 4221 1740 4277 nanciscitar.
1785 4224 1925 4279 Hinc
1951 4241 2035 4280 sc-

455 4315 638 4369 cunda
666 4313 886 4369 vocatio
937 4321 993 4368 et
1035 4314 1418 4382 apostolatus,
1469 4324 1527 4370 et
1582 4315 1861 4386 Evangelii
1896 4335 2034 4381 nova

447 4407 795 4480 praedicatio,
832 4407 990 4462 chori
1026 4406 1249 4462 Patrum
1290 4407 1706 4478 theologorum,
1762 4410 1988 4481 inquam
2015 4454 2031 4479 ,

2136 3188 2273 3243 ἀλλά
2305 3187 2584 3244 κάνταῦθα
2623 3181 2953 3241 κλέπτεσθαί
2983 3189 3082 3256 τὴν
3107 3186 3386 3257 ἀλήθειαν,
3416 3190 3726 3260 πάσχοντας

2132 3283 2207 3346 ὡς
2228 3282 2596 3358 Χριστιανοὺς
2623 3281 2696 3345 ὡς
2719 3281 2935 3344 ἀσεϐεῖς
2957 3281 3305 3345 κολάζεσθαι.
3327 3279 3439 3332 Καὶ
3459 3277 3547 3332 διὰ
3568 3276 3731 3330 τοῦτο

2131 3374 2366 3445 ἠγέρθη,
2393 3374 2550 3443 φησὶ,
2575 3374 2743 3443 κέρας
2775 3375 3049 3445 σωτηρίας
3083 3375 3212 3444 ἡμῖν
3243 3372 3612 3444 ἠδικημένοις,
3635 3371 3730 3422 καὶ

2131 3468 2277 3532 λίθος
2309 3469 2725 3536 άκρογωνιαῖος,
2763 3467 3000 3521 συνδέων
3046 3457 3227 3536 ἑαυτῷ
3251 3481 3311 3519 τε
3351 3466 3446 3520 καὶ
3473 3463 3732 3533 ἀλλήλοις

2129 3560 2618 3632 ήμᾶς.Ἒνε6λήθη
2652 3560 2794 3614 κατὰ
2818 3542 3058 3631 καιρὺνή
3087 3558 3396 3630 θαυμαστὴ,
3423 3557 3588 3628 φημὶ,
3619 3556 3730 3610 τῶν

2134 3656 2403 3726 θεολόγων
2436 3654 2576 3726 αὕτη
2609 3656 2798 3726 τριάς·
2828 3655 2861 3724 ἢ
2899 3652 3013 3724 πῦρ
3064 3653 3431 3722 καθαρτήριον
3460 3651 3558 3720 τῆς
3591 3648 3733 3720 φαύ-

2133 3750 2235 3821 λης
2295 3735 2429 3820 ὕλης
2461 3752 2557 3802 καὶ
2608 3749 2892 3819 μοχθηρᾶς
2914 3761 2927 3777 ·
2961 3745 2993 3817 ἦ
3023 3747 3193 3799 πτύον
3242 3743 3570 3816 γεωργικὸν,
3604 3735 3648 3812 ᾧ
3672 3743 3734 3796 τδ

2133 3844 2342 3912 κοῦφον
2393 3841 2501 3896 τῶν
2534 3841 2849 3910 δογμάτων,
2892 3841 2984 3894 καὶ
3012 3841 3072 3893 τὸ
3103 3837 3622 3910 βαρὺ-διακρίνεται
3645 3851 3658 3864 °
3692 3838 3726 3907 ἢ

2139 3939 2387 4008 μάχαιρα
2421 3918 2517 3998 τᾶς
2549 3935 2646 4006 τῆς
2683 3934 2886 3998 κακίας
2920 3934 3078 4003 ῥίζας
3128 3932 3490 3996 ὲκτέμνουσα.
3549 3930 3659 3983 Καὶ
3703 3923 3734 3983 ὁ

2139 4033 2313 4101 Λόγος
2341 4031 2590 4101 εὑρίσκει
2624 4027 2750 4092 τοὺς
2778 4027 2941 4090 ἰδίους
2966 4026 3317 4096 συμμάχους,
3344 4025 3440 4080 καὶ
3464 4024 3527 4110 τὺ
3552 4021 3732 4076 Πνεῦο

2138 4145 2214 4197 μα
2249 4122 2672 4196 παραλαμϐάνει
2697 4121 2824 4182 τοὺς
2864 4119 3006 4190 ὑπὲρ
3054 4119 3219 4172 αὑτοῦ
3257 4117 3608 4198 πνεύσοντας.
3632 4117 3733 4171 Διὰ

2134 4221 2307 4276 ταῦτα
2345 4223 2375 4291 ἡ
2407 4217 2637 4290 δευτέρα
2668 4215 2885 4285 κλῆσις,
2914 4217 3005 4268 καὶ
3031 4212 3326 4283 ἀποστολὴ.
3360 4213 3455 4265 καὶ
3485 4211 3546 4264 τὸ
3570 4211 3737 4279 suar-

2136 4312 2359 4383 τελικὸν
2381 4306 2539 4374 αὖθις
2589 4314 2876 4380 κήρυγμα,
2909 4308 3004 4362 τοῦ
3045 4306 3233 4378 χοροῦ,
3267 4307 3434 4377 φημὶ,
3470 4305 3579 4359 τῶν
3610 4305 3734 4359 θεο-

2138 4405 2317 4472 λόγων
2358 4403 2645 4474 Πατέρων,
2679 4401 2822 4454 κατὰ
2859 4399 2963 4471 τῆς
3000 4399 3261 4470 δευτέρας
3319 4388 3578 4460 ἀσεϐείας
3637 4396 3736 4451 καὶ

449 4511 646 4556 contra
677 4499 977 4555 secundam
1011 4499 1352 4570 impietatem
1407 4510 1464 4555 et
1500 4501 1711 4566 άθεῖαν,
1749 4505 2029 4574 apostolo-

2139 4499 2357 4565 άθεϊας,
2393 4498 2505 4552 τῶν
2542 4498 2707 4569 μετὰο
2729 4499 2855 4561 τοὺς
2893 4496 3228 4560 ἀποστόλους
3262 4494 3604 4558 ἀποστόλων,
3635 4483 3735 4548 καὶ

451 4609 572 4647 runt
607 4592 822 4673 scilicet
848 4602 973 4662 post
1012 4592 1313 4662 apostolos.
1343 4601 1399 4647 et
1427 4593 1893 4664 evangelistarum
1909 4605 2035 4668 post

449 4688 845 4758 evangelistas,
891 4696 946 4741 et
996 4686 1382 4756 theologorum
1431 4696 1554 4757 post
1607 4689 1930 4758 theologos;
1982 4697 2039 4744 et

452 4781 674 4846 Petrus,
700 4788 756 4835 et
788 4778 1050 4846 Joannes,
1079 4781 1174 4850 qui
1203 4781 1464 4836 videntur
1509 4789 1564 4834 et
1592 4794 1723 4836 sunt
1769 4782 2038 4837 columnae

452 4861 716 4929 Ecclesiae
751 4871 1091 4928 Cbristi‘:et
1123 4884 1251 4944 post
1287 4873 1407 4927 illos
1440 4874 1639 4930 tertius
1665 4873 1775 4929 illis
1811 4875 2040 4945 congluo

454 4968 686 5034 tinatus,
715 4977 943 5037 curque
986 4966 1346 5021 honorandus
1388 4965 1624 5042 Paulus,
1651 4967 1864 5022 tametsi
1897 4975 2040 5022 tem-

453 5077 590 5132 pore
621 5061 787 5131 paulo
820 5059 1119 5130 posterior;
1154 5059 1272 5115 zelo
1304 5068 1508 5122 tamen,
1560 5053 1745 5114 studio
1765 5100 1779 5126 ,
1807 5069 1946 5126 arte,
1983 5068 2040 5115 et

453 5152 788 5223 evangelicis
815 5152 1217 5207 certaminibus
1253 5167 1372 5221 par,
1408 5153 1730 5222 eisdemque
1755 5161 1811 5206 et
1835 5152 2041 5208 confoe-

453 5248 712 5311 tleratus;
743 5246 845 5316 ipsi
871 5245 1110 5300 vertices
1137 5253 1190 5299 et
1223 5246 1487 5315 ptmsides
1518 5247 1675 5300 chori
1714 5246 1899 5318 hujus,
1926 5247 2040 5314 sic-

455 5349 514 5395 ut
538 5349 666 5394 ante
693 5337 941 5392 memini.

525 5433 727 5487 Verum
768 5430 1052 5485 enimvero
1126 5429 1432 5500 primorum
1505 5430 1901 5501 discipulorum
1984 5440 2039 5487 et

453 5525 831 5600 apostolorum
889 5524 1059 5582 robur
1095 5522 1148 5576 in
1183 5522 1353 5603 signis
1394 5538 1457 5578 ac
1490 5525 1780 5593 portentis.
1815 5524 1868 5577 in
1927 5523 2034 5577 lin-

455 5620 581 5690 guis
608 5660 622 5682 ,
676 5616 1109 5673 rcvelationibus
1134 5656 1150 5683 ,
1196 5614 1475 5692 vaticiniis
1527 5615 1864 5670 consistebat
1890 5656 1905 5682 ,
1937 5633 2038 5687 per

451 5728 576 5784 qua:
623 5711 885 5766 universa
911 5729 939 5761 ιι
973 5709 1078 5763 sub
1111 5708 1226 5763 sole
1273 5710 1538 5763 mundum
1579 5708 1946 5773 viviticarunt,
1981 5718 2037 5765 et

452 5807 518 5862 ad
544 5822 606 5862 ea
632 5804 815 5861 verbis
843 5819 950 5858 non
1015 5800 1201 5856 multis
1237 5815 1376 5874 opus
1424 5800 1760 5867 habuerunt,
1806 5799 2040 5870 id'quod

2140 4589 2548 4658 εὐαγγελιστῶν
2574 4589 2716 4659 μετὰ
2735 4589 2862 4652 τοὺς
2888 4586 3310 4658 εὐαγγελιστάς,
3338 4587 3435 4642 καὶ
3463 4585 3735 4655 θεολόγων

2144 4685 2282 4755 μετὰ
2327 4683 2456 4747 τοὺς
2499 4682 2802 4752 θεολόγους,
2831 4683 2925 4737 καὶ
2961 4683 3190 4757 Πέτρος,
3231 4682 3327 4735 καὶ
3366 4681 3640 4752 Ἰωάννης,
3679 4681 3730 4733 oi

2139 4772 2420 4839 δοκοῦντες
2445 4770 2538 4826 καί
2565 4772 2717 4835 ὄντες
2744 4773 2926 4826 στῦλοι
2970 4773 3068 4844 τῆς
3101 4769 3343 4842 Χριστοῦ
3380 4769 3728 4840 Ἐκκλησίας.

2141 4867 2234 4919 καὶ
2257 4871 2437 4936 τρίτος
2461 4865 2578 4936 μετ’
2594 4865 2837 4930 ἐκείνους
2855 4867 2882 4919 δ
2908 4848 3162 4935 συμφυὴς
3179 4866 3274 4931 καὶ
3294 4863 3555 4936 ὁμότιμος
3582 4861 3732 4917 nas-

2142 4961 2256 5024 λος,
2289 4960 2336 5013 εί
2363 4962 2456 5013 καὶ
2490 4959 2568 5030 τῷ
2612 4959 2791 5030 χρόνῳ
2808 4959 2987 5031 βραχὺ
3028 4959 3147 5028 μετ’
3182 4957 3457 5023 ἐκείνους,
3484 4955 3625 5009 ἀλλὰ
3651 4954 3730 5027 τῷ

2143 5054 2320 5124 ζήλῳ,
2352 5056 2442 5108 καὶ
2471 5057 2536 5126 τῇ
2584 5055 2809 5126 σπουδῇ,
2842 5055 2937 5106 καὶ¹
2977 5055 3041 5122 τῇ
3077 5051 3263 5123 τέχνῃ,
3297 5053 3390 5106 καί⁵
3419 5053 3530 5116 τοῖς
3593 5047 3733 5119 ὑπὲρ

2143 5146 2236 5200 τοῦ
2268 5149 2612 5222 Εὑαγγελίου
2648 5150 2856 5216 ἀγῶσιν
2886 5147 2997 5211 ἴσος
3046 5151 3142 5201 καὶ
3164 5145 3442 5218 apo-cam;
3475 5143 3729 5209 ἐκείνοις,

2144 5245 2239 5297 καὶ
2268 5242 2547 5313 σύμπνους
2568 5262 2582 5275 ·
2621 5245 2668 5296 οί
2715 5247 3002 5314 κορυφαῖοι
3062 5243 3157 5297 καὶ
3189 5241 3602 5312 προκαθήμενοι
3631 5236 3728 5293 τοῦ

2142 5337 2306 5409 χοροῦ
2338 5338 2559 5404 τούτου,
2589 5320 2737 5391 καθὰ,
2764 5337 2828 5408 δὴ
2851 5337 2944 5391 καὶ
2973 5336 3247 5408 προῦφην.
3659 5341 3662 5343 λ

2229 5428 2389 5482 Ἀλλὰ
2430 5431 2542 5490 τοῖς
2578 5430 2678 5497 μὲν
2703 5427 2941 5497 πρώτοις
2973 5427 3248 5499 μαθηταῖς
3274 5447 3332 5483 τε
3371 5431 3467 5484 καὶ
3495 5432 3731 5491 ἀποστάς

2144 5521 2257 5584 λοςς
2293 5523 2350 5572 ἐν
2383 5520 2631 5592 σημείοις
2663 5538 2727 5573 τε
2762 5523 2855 5574 καὶ
2889 5519 3154 5591 θαύμασι,
3177 5523 3284 5576 ικαὶ
3304 5525 3598 5595 γλώσσαις,
3635 5530 3728 5583 καὶ
3787 5577 3792 5581 .

2144 5614 2688 5684 άποκαλύῲεσιπκχὶ
2747 5614 3108 5685 προφητείαις
3161 5617 3221 5668 τὸ
3268 5618 3469 5686 κράτος
3523 5615 3614 5692 ἦν,
3657 5620 3728 5672 δι’

2144 5709 2324 5760 αὐτῶν
2357 5709 2678 5780 ζωγρήσασι
2730 5708 2831 5778 τὴν
2877 5707 2984 5776 ’ὑφ’
3019 5708 3171 5778 ἣλιον
3208 5713 3421 5764 πᾶσαν·
3453 5713 3548 5764 καὶ
3589 5713 3728 5781 βρα-

2145 5802 2244 5874 χέςι
2279 5803 2401 5854 τινὰ
2456 5803 2589 5873 729?),-
2645 5804 2826 5855 ἐκεῖνα
2858 5801 3098 5874 δεηθεῖσι
3133 5803 3225 5857 τοῦ
3258 5804 3438 5874 λόγου,
3475 5805 3726 5876 καθάπερ
