4124 6300
486 374 593 440 783

1561 368 1994 433 ῬΗῙιΟΤΙ-ΙΕΙ
2034 368 2136 435 CP.
2179 369 2695 437 PATR’IABCHAE

3630 362 3738 433 785

482 492 632 547 didis
672 491 856 548 anima
909 492 1222 562 exspirat'a,
1249 489 1397 561 quod
1445 491 1523 546 illi
1557 491 1772 562 piorum
1810 494 1952 547 votis
1999 499 2040 545 el

2167 493 2482 563 γενόμενος,
2513 499 2606 548 καὶ
2637 497 2734 563 τὴν
2770 494 2937 549 Ἰούδα
3009 494 3163 564 ῥῆξιν
3224 491 3462 556 ὑποστὰς
3513 492 3600 544 ἐπ’
3642 495 3732 565 ἴσῃ

480 585 755 652 precibus,
801 600 911 640 non
963 585 1139 640 morbi
1178 584 1411 656 alicujus
1466 584 1726 639 violentia
1783 585 2048 654 contigit;

477 684 648 741 atque
682 674 854 729 instar
903 674 1078 736 Judae,
1112 685 1340 744 propter
1389 675 1622 730 similem
1663 673 1825 732 Verbi
1866 677 2052 746 prodi-

478 765 686 820 tionem
721 767 1007 836 disruptus
1030 777 1132 821 est.
1161 767 1266 821 Alii
1299 768 1351 821 in
1383 769 1637 824 morbum
1665 769 2047 836 succedentes,

476 865 653 913 artem
695 858 992 929 impietatis
1035 859 1292 916 fabricati
1359 869 1510 927 sunt,
1559 859 1652 930 qui
1705 861 2052 916 divinitatem

475 951 728 1021 ingenito
813 950 1180 1016 deﬁnientes,
1231 952 1479 1022 genitum
1550 962 1609 1008 et
1661 952 2049 1022 procedentem

474 1044 640 1100 simul
671 1045 901 1104 Deitatis
942 1043 1149 1099 ﬁnibus
1203 1045 1587 1111 excluserunt,
1623 1045 1865 1100 nominis
1909 1045 2052 1100 dun-

472 1147 624 1194 taxat
671 1137 1062 1192 communione
1111 1136 1440 1194 Trinitatem
1485 1147 1852 1206 venerantes;
1913 1140 2048 1209 quin

470 1249 539 1289 ne
569 1232 714 1289 istud
743 1232 965 1302 quidem
996 1231 1045 1286 ei
1079 1229 1478 1301 relinquentes.

537 1326 608 1380 At
641 1340 763 1388 nos,
805 1323 1040 1378 scientes
1066 1322 1118 1376 in
1154 1338 1324 1377 unum
1360 1323 1460 1377 tria
1490 1323 1818 1378 contrahere
1853 1324 2051 1393 impie-

467 1416 597 1471 tatis
641 1429 785 1480 esse,
828 1424 883 1469 et
928 1414 1193 1470 novitatis
1226 1414 1558 1470 introducta:
1592 1430 1621 1469 a
1661 1415 1922 1482 Sabellio,
1952 1416 2048 1486 qui

428 1522 429 1525 ‘
466 1507 682 1577 primus
727 1506 1163 1561 contractionem
1209 1504 1520 1559 divinitatis
1561 1515 1908 1560 commentus
1937 1513 2048 1569 est,

467 1610 525 1655 et
560 1600 664 1654 tria
711 1597 962 1653 dividere
992 1597 1228 1665 naturis,
1273 1596 1582 1654 divinitatis
1612 1600 1957 1670 peregrinam
1992 1607 2049 1653 et

465 1691 788 1746 inusitatam
821 1691 1120 1746 sectionem
1167 1704 1315 1755 esse,
1343 1697 1401 1744 et
1447 1704 1619 1744 unum
1647 1690 1876 1760 pulchre
1914 1707 2047 1746 con-

463 1797 748 1838 servemus
793 1781 1005 1850 (deitati
1037 1780 1344 1852 videlicet),
1372 1791 1431 1836 et
1477 1781 1580 1836 tria
1604 1781 1787 1853 (quod
1817 1783 1886 1837 ad
1920 1800 2048 1854 pro~

2157 587 2417 655 προδοσίᾳ
2448 586 2540 638 τοῦ
2573 585 2755 652 λόγον’
2787 586 3160 655 διαδεξάμενοι
3217 585 3273 639 δὲ
3330 584 3476 639 ἄλλοι
3516 585 3616 651 τὴν
3647 588 3736 638 νό-

2158 695 2268 741 σον,
2303 679 2495 748 τέχνην
2523 677 3257 750 ἀσεϐείαςνέδημιούργησαν,
3281 679 3332 732 οἱ
3363 679 3734 750 τῷάγεννήτῳ

2154 761 2509 843 τῦννθεότητα
2559 773 3018 844 περιγράψαντες,
3077 774 3136 826 τὸ
3198 775 3482 844 γεννητὸν,
3538 775 3601 827 οὐ
3640 773 3734 843 p.6-

2154 882 2244 917 νον
2264 867 2341 929 δὲ,
2383 865 2516 918 ἀλλὰ
2547 868 2641 921 καὶ
2667 868 2726 920 τὸ
2754 866 3107 934 ὲκπορευτδν,
3159 865 3425 937 ἐξώρισαν
3476 867 3573 936 τῆς
3605 867 3735 921 Θεό-

2153 976 2336 1028 τητοε,
2387 958 2653 1029 ὀνόματος
2677 962 2936 1030 κοινωνίᾳ
2980 961 3141 1030 μόνον
3193 960 3293 1031 τὴν
3325 958 3531 1032 Τριάδα
3570 962 3734 1031 τιμή-

2155 1069 2368 1115 σαντες·
2401 1053 2469 1123 ἢν
2505 1053 2640 1125 μηδὲ
2664 1053 2818 1108 τοῦτο
2843 1054 2980 1124 αὐτῇ
3012 1037 3391 1126 τηρήσαντες,
3440 1088 3442 1090 τ

2240 1312 2384 1368 Ἀλλ’
2409 1313 2592 1383 ἡμεῖς,
2629 1310 2827 1373 ειδότες
2869 1308 2928 1364 τὸ
2980 1310 3078 1381 μὲν
3116 1311 3194 1373 είς
3239 1307 3471 1379 ἀριθμὸν
3520 1308 3615 1362 ἕνα
3655 1301 3735 1362 τιὰ

2151 1405 2279 1476 τρία
2317 1404 2632 1460 συστέλλειν
2656 1403 2946 1473 ἀθεότητος
3001 1403 3084 1469 ὃν,
3107 1401 3256 1471 ,και
3279 1402 3380 1470 τῆς
3437 1401 3731 1454 Σαῦελλίου

2152 1498 2528 1569 καινοτομίας,
2570 1497 2629 1561 ὃς
2660 1497 2877 1568 πρῶτος
2913 1482 3180 1566 συστολὴν
3208 1495 3467 1564 θεότητος
3501 1493 3732 1563 ἐπενόη-

2155 1609 2233 1646 σε·
2262 1592 2324 1646 τὺ
2348 1591 2403 1646 δὲ
2435 1591 2504 1646 τὰ
2539 1591 2669 1664 τρία
2701 1592 2931 1660 διαιρεῖν
2965 1587 3162 1659 φύσεσι
3195 1589 3510 1660 κατατομὴν
3543 1588 3760 1658 θεότη-“

2146 1703 2242 1750 τος
2265 1684 2520 1754 ἔκφυλονο
2545 1685 2643 1737 καὶ
2671 1685 2730 1738 τὸ
2761 1683 2822 1736 ἓν
2872 1683 3054 1746 καλῶς
3096 1684 3480 1756 ἐτηρήσαμεν,
3513 1683 3730 1751 θεότητι

2125 1782 2281 1851 ’γάρ’
2315 1778 2498 1833 καὶτὰ
2524 1775 2646 1849 τρία
2685 1777 2929 1841 εὐσεϐῶς
2947 1777 3318 1849 ἐκηρύξαμεν,
3347 1778 3572 1845 ἰδιότησι
3595 1776 3734 1846 γάρ..

464 1875 726 1946 prietates
752 1847 975 1944 attinet)
1007 1874 1099 1945 pie
1119 1847 1388 1930 docemus
1413 1891 1429 1939 ;
1465 1890 1571 1930 nec
1594 1847 1694 1945 per
1725 1891 1896 1930 unum
1922 1847 2040 1931 dei-

2149 1847 2274 1927 οὗτε
2305 1872 2381 1942 τῷ
2410 1873 2492 1925 ἑνὶ
2522 1847 2879 1942 συγχέαντες,
2909 1847 3183 1933 obsecret;
3212 1871 3360 1941 τρισὶ
3406 1870 3741 1939 διαστήσαν-

423 2043 426 2046 .
463 1977 631 2024 tatem
663 1966 1096 2032 contundimus;
1138 1973 1242 2022 nec
1272 1982 1373 2038 per
1405 1967 1507 2022 tria
1541 1967 1921 2033 distrahimus,
1945 1968 2043 2024 sed

462 2059 608 2112 intra
662 2064 839 2111 metas
889 2053 1112 2126 pietatis
1160 2064 1470 2121 manentes,
1515 2055 1938 2112 immoderatam
1987 2057 2049 2113 in.

462 2161 756 2220 utramque
798 2157 1010 2218 partem
1061 2145 1480 2203 inclinationem
1525 2149 2048 2218 reprehensionem-

460 2257 572 2314 que
615 2239 947 2296 devitamus.
998 2237 1370 2304 Quamobrem
1416 2240 1650 2296 mediam
1707 2257 1772 2298 ac
1836 2243 2062 2314 regiam

459 2335 604 2390 viam
635 2331 977 2401 secantes(in
1001 2340 1187 2401 quoet
1209 2332 1430 2389 virtutis
1453 2331 1572 2388 laus
1599 2333 1702 2388 sita
1725 2342 1828 2396 est,
1851 2343 1907 2388 ut
1929 2349 2046 2390 mo.

460 2427 658 2483 talium
683 2439 868 2480 rerum
896 2421 1090 2496 peritis
1118 2425 1339 2496 placet),
1357 2425 1636 2481 credimus
1691 2427 1746 2482 in
1801 2426 2042 2492 Patrem,

458 2531 517 2576 et
546 2520 770 2586 Fidium,
798 2527 855 2574 et
877 2517 1149 2589 Spiritum
1185 2529 1462 2583 sanctum,
1499 2519 2046 2575 consubstantialita-

459 2627 592 2681 tem,
625 2627 792 2669 unam
830 2610 1195 2682 eamdemque
1223 2611 1482 2682 gloriam,
1515 2611 1721 2683 quibus
1760 2621 1817 2668 et
1857 2612 2037 2683 bapti-

457 2708 560 2764 smi
593 2705 855 2778 perfectio
883 2705 1103 2772 nititur,
1128 2713 1186 2760 et
1216 2704 1538 2760 nominibus
1565 2713 1621 2761 et
1658 2704 1825 2761 rebus
1874 2705 2039 2775 ipsis;

400 2778 411 2790 ⁸
460 2799 604 2857 nosti
634 2801 804 2867 enim,
831 2797 1070 2858 initiate,
1109 2796 1266 2852 illum
1303 2811 1427 2853 esse
1455 2798 1802 2869 negationem
1827 2799 2041 2866 ἀθεΐας,

457 2903 515 2950 et
543 2885 952 2949 confes'sionem
977 2889 1206 2946 Deitatis
1229 2907 1242 2948 :
1266 2900 1433 2962 atque
1461 2893 1534 2947 ita
1564 2895 2039 2957 c'onsummamur;

460 2999 631 3039 unum
670 2983 895 3053 quidem
933 2980 988 3035 in
1022 2981 1264 3037 essentia
1305 2994 1727 3054 cognoscentes,
1762 2995 1816 3038 et
1844 2985 2040 3038 adora-

459 3081 610 3133 tione
666 3075 947 3132 communi
1026 3085 1189 3146 atque
1234 3075 1470 3131 indivisa
1521 3077 1901 3142 alllrmantes;
1936 3077 2039 3158 tria

2119 1981 2266 2029 τις,
2291 1962 2415 2017 ἀλλ’.
2441 1962 2499 2015 ὲν
2536 1961 2686 2031 δροις
2726 1956 3010 2030 μείναντες
3046 1966 3144 2030 τῆς
3183 1961 3490 2034 εὐσεϐείας.
3522 1962 3598 2030 τῷ
3629 1977 3738 2028 φυ-

2147 2059 2268 2127 γεῖν
2298 2055 2396 2126 τὴν
2421 2055 2663 2127 ἄμετρον
2687 2055 2783 2108 ἐπὶ
2815 2053 3023 2125 θάτερα
3046 2053 3241 2126 κλῆσιν
3286 2071 3345 2108 τε
3392 2057 3488 2108 καὶ
3516 2052 3732 2107 ἀντίθες

2146 2165 2254 2205 σιν.
2307 2147 2408 2201 Διὰ
2440 2148 2540 2217 τὴν
2575 2145 2748 2216 μέσην
2779 2145 3113 2216 βαδίζοντες,
3142 2149 3292 2218 φησι,
3322 2148 3417 2201 καὶ
3444 2146 3731 2217 βασιλικὴν

2146 2242 2228 2313 (ὲν
2247 2235 2290 2310 ᾧ
2308 2241 2407 2294 καὶ
2432 2237 2492 2290 τδ
2547 2236 2656 2293 τῶν
2680 2237 2890 2308 ἀρετῶν
2913 2239 3168 2312 ἕστηκεν,
3193 2240 3267 2302 ὡς
3285 2241 3435 2294 δοκεῖ
3457 2239 3573 2302 τοῖς
3601 2240 3730 2308 περὶ

2144 2329 2316 2387 ταῦτα
2354 2326 2594 2392 δεινοῖς),
2618 2328 2943 2398 πιστεύομεν
2969 2332 3047 2393 εἰς
3070 2331 3309 2398 Πατέρα.
3341 2331 3435 2384 καὶ
3463 2327 3590 2380 Υίὸν
3637 2330 3734 2386 καὶ

2145 2429 2372 2502 Πνεῦμα
2403 2430 2581 2499 ἅγιον,
2611 2427 2872 2500 ὁμοούσιά
2901 2443 2960 2480 τε
2987 2425 3082 2477 καὶ
3107 2423 3369 2492 ὀμόδοξα,
3425 2422 3484 2476 ιν
3509 2417 3594 2490 οἷς
3634 2421 3731 2474 καὶ

2143 2526 2242 2595 τὴν
2273 2525 2554 2578 τελείωσιν
2597 2524 2736 2594 ἔχει,
2756 2508 2774 2516 ’
2797 2522 2854 2576 ἔν
2893 2537 2952 2575 τε
2983 2518 3212 2590 ὀνόμασι
3277 2519 3372 2570 καὶ
3404 2516 3730 2586 πράγμασιν

2140 2618 2207 2673 τὸ
2230 2603 2518 2688 βάπτισμα
2549 2611 2715 2686 (σίδας
2734 2617 2761 2669 ὁ
2785 2612 3035 2684 μυηθεὶς)
3062 2613 3291 2682 ἄρνησις
3313 2610 3374 2689 δν
3401 2609 3614 2676 ὰθεῒας,
3634 2611 3732 2664 καὶ

2156 2709 2422 2780 ὁμολογία
2453 2709 2726 2779 θεότητοςο
2753 2707 2847 2760 καὶ
2863 2705 3007 2759 οὕτω
3029 2702 3498 2775 καωρτιζὸμεθα,
3543 2709 3604 2758 τὸ
3629 2703 3732 2775 μὲν

2143 2803 2205 2858 ἓν
2233 2806 2300 2874 τῇ
2319 2801 2476 2874 οὐσίᾳ
2500 2800 2886 2870 γινώσκοντες,
2911 2797 3091 2867 καὶτῷ
3117 2799 3400 2868 ἀμερίστῳ
3433 2797 3532 2867 τῆς
3557 2815 3731 2868 προσ.

2144 2895 2528 2968 κυνήσεως,τά
2548 2894 2605 2948 δὲ
2626 2893 2752 2964 τρία
2767 2895 2884 2956 ταῖς
2912 2892 3292 2958 ὐποστάσεσιν,
3321 2891 3419 2943 εἶτ’
3436 2891 3528 2944 οὖν
3556 2908 3732 2959 προσ-

2141 2990 2334 3056 ώποις,
2365 2991 2392 3043 ὃ
2421 3005 2527 3042 τισι
2569 2989 2740 3056 φίλον,
2778 2985 2928 3054 Μηδὲ
2959 2985 3069 3056 γάρ
3110 2985 3158 3037 οί
3189 2987 3316 3054 περὶ
3344 2983 3516 3037 ταῦτα
3569 2985 3732 3053 ζυγοδ

2147 3085 2446 3156 μαχοῦντες
2495 3081 3000 3151 ἀσχημονείτωσαν,
3041 3082 3234 3149 ὥσπερ
3264 3081 3320 3132 ἐν
3351 3080 3576 3148 ὀνόμασι
3623 3097 3730 3151 κει-

457 3179 643 3224 autem
670 3168 724 3222 in
757 3167 1168 3239 hypostasibus,
1197 3168 1313 3223 sive
1346 3168 1518 3238 (quod
1545 3168 1770 3238 quidam
1803 3167 2037 3239 malunt)

2149 3173 2477 3247 μένηςῖήμῖν
2506 3176 2603 3245 τῆς
2630 3173 2936 3236 εὐσεϐείας,
2968 3174 3063 3226 οὐκ
3093 3175 3149 3226 ἐν
3182 3171 3524 3244 πράγμασιν.
3567 3172 3727 3225 una:

459 3264 514 3317 in
558 3259 851 3332 personis;
905 3275 976 3314 ne
1015 3259 1183 3329 inepti
1232 3259 1364 3320 sint,
1400 3260 1492 3330 qui
1545 3261 1614 3316 de
1669 3260 1756 3316 his
1794 3261 2032 3332 litigant,

450 3354 619 3426 quasi
666 3354 721 3408 in
757 3352 944 3409 verbis
980 3353 1178 3422 potius
1228 3369 1390 3422 quam
1449 3354 1504 3408 in
1564 3354 1730 3410 rebus
1779 3356 2034 3426 pietatem

459 3458 708 3503 nostram
757 3446 1182 3501 constituamus.
1217 3447 1323 3502 Sed
1370 3447 1568 3516 times,
1602 3464 1672 3503 ne
1720 3449 1953 3520 τριθεῑα,
1981 3449 2034 3505 id

456 3552 542 3596 est
583 3541 785 3611 triplex
838 3538 1135 3604 divinitas,
1171 3540 1268 3594 tibi
1318 3541 1712 3611 exprobretur.
1768 3540 1847 3596 Tu
1889 3543 2037 3612 quod

455 3635 630 3692 habes
685 3634 890 3689 bonum
940 3633 1040 3689 tibi
1078 3636 1274 3698 retine,
1307 3636 1360 3688 in
1409 3634 1586 3689 tribus
1633 3616 1848 3691 scilicet
1881 3637 2040 3690 uilio.

452 3742 616 3783 nem:
647 3725 784 3780 mihi
823 3739 1060 3796 pugnam
1094 3725 1236 3779 sine.
1289 3725 1504 3780 Patiare
1551 3741 1634 3779 me
1681 3726 1861 3779 navim
1891 3741 2040 3781 com-

455 3822 708 3892 pingere,
741 3827 795 3874 tu
817 3818 941 3873 navi
970 3826 1144 3872 utere.
1181 3817 1407 3873 Etiamsi
1439 3818 1579 3872 alius
1615 3819 1708 3883 sit,
1744 3819 1839 3889 qui
1869 3834 2038 3874 naves

456 3914 783 3979 fabricetur,
821 3921 1000 3967 tamen
1051 3923 1107 3965 tu
1152 3926 1236 3965 me
1279 3919 1428 3964 tuam
1467 3915 1583 3966 sine
1633 3911 1913 3968 fabriCuri.
1955 3912 2037 3967 Tu

456 4008 600 4062 hanc
631 3997 863 4061 securus
896 4005 1079 4061 habita
1114 4022 1127 4069 ;
1159 4014 1212 4058 ct
1256 4004 1384 4058 licet
1425 4006 1545 4074 ejus
1588 4020 1754 4059 causa
1794 4003 1929 4058 nihil
1962 4005 2040 4057 la-

455 4101 697 4170 lioraris,
724 4099 1090 4154 nihilominus
1112 4114 1281 4152 cursu
1313 4113 1576 4168 prospero
1605 4098 1907 4167 navigabis.
1931 4101 2040 4153 Aut

453 4193 633 4249 incole
661 4193 885 4246 domum
932 4206 1131 4256 meam,
1167 4191 1263 4261 qui
1296 4191 1412 4245 haec
1435 4192 1715 4245 construxi
1749 4200 1807 4243 et
1832 4191 2038 4259 paravi,

453 4287 707 4355 quamvis
734 4285 800 4340 ad
837 4299 902 4339 ea
937 4283 1183 4338 studium
1211 4298 1550 4353 operamque
1581 4282 1788 4337 nullam
1821 4283 2037 4350 impen-

453 4379 626 4435 dctis.
674 4378 736 4434 In
784 4379 988 4433 nubem
1041 4376 1439 4445 ingrediantur.
1494 4376 1569 4432 Da
1613 4377 1750 4432 mihi
1817 4377 2038 4432 tabulas

454 4470 641 4526 cordis
686 4472 784 4525 tui.
829 4469 963 4526 Sum
1004 4470 1103 4524 tibi
1138 4470 1338 4536 Moses,
1369 4470 1478 4525 etsi
1505 4469 1611 4525 hoc
1649 4469 1798 4525 dictu
1827 4479 1914 4528 est
1945 4486 2042 4525 au-

2142 3268 2392 3330 δέδοικας
2423 3269 2496 3337 μὴ
2517 3265 3113 3336 τριθεῒανὸνειδισοῇς.
3153 3266 3284 3334 Ἔχε
3319 3267 3382 3318 σὺ
3406 3267 3465 3316 τὸ
3497 3265 3722 3331 ἀγαθὸν,

2143 3357 2241 3428 τὴν
2265 3362 2322 3412 ὲν
2347 3361 2468 3420 τοῖς
2490 3359 2901 3433 τρισὶνρνωσινσ
2932 3358 3054 3426 ἐμοὶ
3088 3357 3184 3427 τὴν
3217 3358 3396 3426 μάχην
3428 3358 3730 3426 παράπεμ-

2143 3451 2264 3520 ψον.
2295 3452 2497 3504 Ἕασον
2555 3451 2654 3520 ἐμὲ
2702 3450 2981 3518 ναυπηγὸν
3011 3446 3178 3515 εἶναι,
3233 3451 3296 3503 σὺ
3338 3449 3455 3519 χ-ρῶ
3513 3453 3578 3518 τῇ
3610 3449 3720 3517 νηΐ.

2146 3544 2333 3597 Καὶέἰ
2371 3543 2650 3612 ναυπηγός
2675 3545 2825 3595 ἐστιν
2853 3543 3059 3612 ἕτερος,
3088 3543 3189 3610 ἐμὲ
3229 3542 3359 3596 λάϐε
3393 3543 3490 3610 τῆς
3519 3529 3726 3620 οἰκείας

2142 3637 2526 3708 ἀρχιτέκτονα.
2561 3637 2633 3688 Σὺ
2665 3635 2868 3706 ταύτην
2895 3636 3040 3688 οἴκει
3079 3636 3218 3705 μετὰ
3264 3638 3581 3707 ἀσφαλείας·
3631 3639 3725 3691 καὶ

2145 3729 2194 3782 εί
2220 3728 2383 3798 μηδὲν
2409 3711 2742 3798 ἐμόχθησας,
2775 3728 2872 3798 οὐχ
2893 3724 3056 3800 ἦττον
3085 3730 3430 3798 εὐπλοήσειςι
3464 3729 3536 3784 Ἢ
3581 3733 3723 3786 οἴκει

2145 3821 2244 3889 τὴν
2269 3819 2446 3872 οἰκίαν
2481 3818 2618 3889 ἐμοῦ
2648 3818 2741 3872 τοῦ
2763 3820 2934 3874 ταῦτα
2957 3822 3490 3888 κατασκευάσαντος,
3541 3823 3633 3876 καὶ
3677 3823 3725 3877 εί

2145 3911 2315 3983 μηδὲν
2344 3914 2474 3981 περὶ
2503 3893 2674 3965 ταῦτα
2706 3913 3174 3983 πεφιλοπὸνηκας.
3240 3915 3387 3967 Εἴσω
3415 3919 3516 3985 τῆς
3566 3917 3726 3985 νεφέι

2142 4007 2243 4076 λης
2268 4007 2626 4077 χωρήσωμεν.
2657 4007 2765 4069 Δός
2779 4024 2870 4076 μοι
2895 4008 2994 4068 τὰς
3020 4008 3235 4070 πλάκας
3287 4011 3386 4077 τῆς
3432 4009 3530 4078 σῆς
3583 4025 3726 4078 καρ-

2142 4101 2282 4165 δίας.
2311 4101 2538 4171 Γινομαί
2571 4118 2652 4153 σοι
2682 4102 2946 4171 Μωῦσῆς,
3005 4103 3055 4154 εί
3091 4105 3185 4158 καὶ
3229 4101 3500 4172 τολμηρὸν
3528 4102 3723 4168 εἰπεῖν,

2145 4194 2410 4264 ἐγγράφω
2443 4194 2692 4264 δακτύλῳ
2728 4193 2864 4246 Θεοῦ
2911 4198 3032 4248 νέον
3087 4195 3404 4262 διικιίιλογον⁸
3464 4196 3726 4263 ὶγγράφω

2149 4287 2416 4357 σύντομον
2455 4286 2756 4358 σωτηρίαν.
2806 4287 2950 4340 Είδέ
2999 4305 3050 4340 τι
3083 4287 3272 4358 θηρίον
3319 4287 3597 4357 αἱρετικὸν
3631 4285 3727 4338 καὶ

2143 4379 2454 4449 ἀλόγιστον,
2487 4379 2643 4431 κάτω
2667 4379 2929 4450 μεινάτωο
2965 4379 2998 4450 ἢ
3042 4377 3379 4434 κινδυνεύσει
3412 4374 3727 4432 λιθοϐολοῦ-

2096 4536 2098 4539 _
2150 4488 2312 4545 μενον
2336 4470 2415 4543 τῷ
2442 4471 2584 4544 λόγῳ
2605 4473 2703 4542 τῆς
2733 4471 3015 4542 ἀληθείας.

454 4564 666 4619 «lacius.
739 4561 992 4618 lnscribo
1044 4559 1216 4630 digito
1269 4559 1364 4615 Dei
1429 4576 1634 4618 novum
1698 4561 2068 4633 decalogum:
2112 4564 2360 4620 inscribo
2406 4563 2739 4634 compendio
2814 4563 3038 4622 salutis.
3081 4563 3241 4630 Quod
3290 4565 3336 4621 si
3379 4560 3503 4638 quae
3550 4565 3726 4624 bestia

453 4655 709 4714 haeretica
737 4665 795 4711 et
824 4655 1052 4709 rationis
1076 4669 1273 4724 expers
1306 4663 1413 4719 est,
1443 4654 1590 4710 intra
1650 4661 1911 4713 maneat:
1942 4666 2039 4712 aut
2077 4657 2390 4728 periculum
2421 4657 2558 4723 erit,
2585 4672 2654 4712 ne
2687 4667 2944 4714 sermOne
2979 4660 3228 4716 veritatis
3248 4661 3548 4732 lapidetur.
3593 4711 3595 4714 .

529 4749 651 4806 Non
683 4758 892 4805 temere
925 4747 1114 4815 igitur,
1149 4762 1330 4816 neque
1367 4761 1398 4802 a
1429 4761 1598 4818 scopo
1627 4747 1895 4804 aberrans
1926 4763 2028 4820 ego

2211 4751 2290 4804 Οὐ
2323 4750 2504 4821 μάτην
2533 4750 2663 4821 ἄρα,
2682 4750 2793 4804 οὐδ’
2819 4750 2925 4816 ἔξω
2959 4750 3052 4806 τοῦ
3087 4753 3294 4808 σκοποῦ
3352 4753 3563 4825 βάλλων
3611 4757 3726 4826 ἐγὼ

454 4845 549 4901 illa
575 4843 642 4899 de
667 4841 809 4906 istis,
829 4840 923 4911 qui
956 4847 1088 4893 sunt
1116 4841 1352 4910 aequales
1381 4839 1666 4909 apostolis,
1696 4848 1751 4895 et
1779 4843 2039 4910 apostoli,

456 4949 514 4996 et
552 4935 930 5006 theologorum
969 4931 1337 4999 antesignani,
1384 4944 1543 4987 antea
1591 4933 1819 5002 protuli,
1866 4934 2034 4990 etiam

455 5033 560 5086 hos
593 5044 716 5084 cum
768 5027 931 5082 Petro
966 5034 1022 5080 et
1051 5023 1243 5088 Paulo,
1278 5031 1335 5077 et
1382 5023 1527 5077 lilius
1581 5025 1837 5092 tonitrui,
1872 5024 2035 5096 primi

453 5121 605 5176 iilius
631 5117 788 5174 chori
816 5117 1094 5185 capitibus
1124 5114 1180 5168 in
1215 5113 1481 5168 mundum
1509 5131 1538 5170 a
1564 5114 1787 5171 Christo
1810 5117 2030 5183 missos,

452 5213 547 5283 qui
576 5209 877 5267 secundam
925 5209 1134 5270 ἀθεΐαν,
1183 5215 1238 5262 et
1275 5217 1653 5262 creaturarum
1684 5210 1890 5264 cultum
1911 5218 2034 5280 post

452 5305 598 5369 illos,
631 5312 685 5358 et
716 5318 842 5357 cum
870 5300 998 5367 illis,
1017 5301 1222 5356 virtute
1255 5299 1444 5365 Verbi,
1465 5316 1718 5371 veraeque.
1747 5319 1809 5357 ac
1842 5304 2033 5372 prima:

452 5395 735 5465 sapientia:
782 5395 904 5463 igne
937 5393 1169 5462 spiritus
1217 5394 1442 5463 penitus
1469 5404 1789 5459 exurerent,
1823 5406 1877 5450 et
1923 5397 2032 5451 Ec-

451 5489 676 5544 clesiam
721 5488 875 5558 ejus,
933 5486 1277 5550 defectionis
1327 5487 1639 5541 discrimini
1691 5490 2028 5557 proximam.

451 5589 680 5650 prOptcr
726 5579 1003 5642 hiemem,
1055 5586 1246 5633 ventos
1279 5581 1625 5635 contrarios.
1662 5589 1717 5633 et
1761 5581 2031 5650 procellas

441 5670 766 5727 daemonum
809 5663 1047 5725 artiﬁcio
1087 5672 1392 5726 concitatas
1435 5671 1822 5735 calefacerent.
1867 5674 2029 5727 ardu-

452 5776 683 5830 remque
721 5762 1016 5831 pristinum
1049 5760 1536 5818 redacceuderent.
1577 5764 1681 5819 Per
1711 5781 1851 5833 quos
1879 5765 2028 5820 vide-

447 5845 578 5924 licet
607 5854 1018 5923 consequimur,
1051 5861 1109 5907 ut
1139 5861 1326 5910 sancte
1361 5853 1628 5924 vivamus,
1668 5866 1726 5912 ut
1774 5858 2029 5916 sacerdoc

2138 4845 2322 4896 ἐκεῖνα
2353 4843 2485 4913 περὶ
2502 4843 2611 4896 τῶν
2627 4845 3023 4912 ίσαποστόλων,
3040 4847 3138 4902 καῖ
3163 4848 3477 4903 ἀποστόλων
3493 4850 3728 4924 τούτων,

2145 4937 2238 4991 καὶ
2265 4938 2577 5007 κορυφαίων
2604 4937 2870 4996 θεολόγων
2893 4938 3108 5008 φθάσας
3133 4941 3342 5010 ἔλεγον,
3370 4943 3452 4998 ὅτι
3481 4945 3576 4999 καὶ
3604 4947 3731 4999 τού-

2142 5043 2266 5090 τους
2291 5027 2428 5098 μετὰ
2476 5027 2710 5099 Πέτρου,
2763 5027 2862 5082 καὶ
2894 5029 3132 5098 Παύλου,
3198 5033 3420 5090 καὶτῶν
3444 5035 3579 5107 νεῶν
3627 5029 3730 5107 τῆς

2143 5116 2406 5188 βροντῆς,
2432 5118 2540 5172 τῶν
2589 5121 2683 5174 τοῦ
2707 5119 2925 5190 πρώτου
2959 5120 3146 5192 χοροῦ,
3189 5125 3355 5195 φημὶ,
3388 5101 3726 5199 κορυφαίων,

2140 5213 2217 5270 εἰς
2265 5211 2356 5264 τὸν
2391 5213 2592 5282 κόσμον
2622 5213 2858 5285 Χριστὸς
2911 5214 3290 5281 ἐξαπέστειλε,
3324 5219 3420 5292 τὴν
3470 5223 3728 5293 δευτέραν

2136 5304 2347 5368 ἀθεῖαν,
2383 5305 2478 5359 καὶ
2505 5307 2601 5371 τὴν
2629 5305 2886 5376 λατρείαν
2914 5307 3023 5361 τῶν
3058 5311 3396 5379 κτισμάτων,
3450 5318 3569 5381 μετ’
3584 5318 3730 5371 ὲκεί-

2137 5414 2258 5458 νους
2291 5397 2386 5449 καὶ
2414 5397 2510 5450 σὺν
2533 5396 2760 5462 ἐκείνοις
2785 5400 3009 5471 δυνάμει
3039 5400 3195 5470 λόγου
3220 5406 3315 5458 καὶ
3343 5407 3440 5477 τῆς
3469 5409 3731 5480 ἀληθινῆς

2136 5490 2231 5544 καὶ
2257 5491 2477 5570 πρώτης
2503 5491 2694 5559 σοφίας
2723 5492 2795 5562 τῷ
2819 5495 2953 5563 πυρὶ
2977 5495 3069 5548 τοῦ
3096 5497 3403 5568 πνεύματος
3457 5503 3732 5570 καταφλέ-

2134 5580 2342 5648 eratsq,
2363 5583 2456 5636 καὶ
2471 5581 2565 5651 τὴν
2583 5581 2910 5654 Ἐκκλησίαν
2932 5586 3139 5641 ἐκείνου
3158 5591 3569 5646 κινδυνεύουσαν
3591 5597 3734 5651 txit-

2131 5677 2253 5727 πεῖν
2275 5677 2372 5743 ἤδη
2396 5676 2474 5748 τῷ
2499 5678 2748 5748 χειμῶνι,
2771 5681 3004 5745 καὶταίς
3025 5682 3728 5755 δαιμονικαίίάντιπνοίαις

2133 5767 2538 5839 θερμανοῦντας
2575 5772 2670 5825 καὶ
2703 5771 3420 5845 ἁναζωπυρήσοντας,δι“ὧν
3444 5780 3618 5851 δήπου
3635 5786 3731 5838 καὶ

2131 5861 2192 5916 τὸ
2217 5862 2393 5928 καλῶς
2413 5861 2694 5939 ζῇνιὴμῖν,
2734 5867 2826 5919 καὶ
2851 5868 3125 5937 ἱερᾶσθαι,
3164 5873 3257 5925 καὶ
3281 5865 3596 5938 ιδιδάσκειν,
3623 5879 3720 5930 καὶ
