4152 6292
471 367 578 441 827
1662 365 2119 440 oaun'rnws
2162 357 2563 442 ornamus.
3640 355 3746 439 εει

472 482 740 543 Joannem
769 486 1214 547 Cantacuzenum
1246 531 1260 555 ,
1296 490 1409 555 cui,
1464 489 1758 562 imper-ium
1789 493 2024 562 gerenti.
2059 490 2259 547 charus
2295 507 2358 547 ac
2382 491 2672 548 familiaris
2698 489 2901 558 fuerat,
2939 505 3071 546 ann.
3106 485 3405 555 l355,'nna
3436 501 3563 542 cum
3589 487 3750 552 Nico-

474 576 566 637 lno
615 579 868 637 Cabasila
899 586 1200 640 comitatus
1232 597 1343 652 est,
1381 601 1516 640 cum
1566 583 1659 639 ille
1697 600 1996 656 purpuram
2033 584 2339 640 monastico
2377 585 2568 642 habitu
2613 594 2973 656 permutaret.
3008 585 3204 641 Postea
3245 579 3608 637 Mediolanum
3652 595 3743 632 uo

476 675 576 742 nit,
625 675 990 732 Volaterrano
1024 687 1186 746 teste,
1230 680 1321 734 ubi
1357 680 1548 734 litteris
1581 678 1785 736 Latinis
1819 681 2020 750 pariter
2061 689 2109 732 et
2144 675 2412 750 theologia?
2446 695 2664 750 operam
2695 679 2860 735 dedit.
2897 677 3170 733 Postremo
3201 689 3463 733 revertens
3505 675 3559 727 in
3591 673 3750 726 Creta

473 768 729 833 substitit,
762 771 866 843 ubi.
900 775 1128 842 erogatis
1161 774 1216 826 in
1250 788 1505 844 pauperes
1532 772 1700 835 bonis,
1736 775 1789 826 in
1821 771 2052 847 quodam
2080 775 2151 836 ibi
2185 773 2417 829 θωπιυὸξο
2480 781 2781 844 persancte,
2824 775 2962 827 citra
2998 783 3173 828 tamen
3196 771 3576 844 professionem
3596 768 3747 825 v’arit.

478 860 766 930 Sup’erl‘uit
794 865 977 919 adhuc
1041 882 1170 920 ann.
1211 867 1367 931 1381,
1398 881 1522 922 cum
1552 865 1765 923 Manuel
1807 856 2148 939 Pais-elogiis
2203 866 2440 924 habenas
2472 857 2765 937 capessivit
2816 865 3058 936 imperii,
3083 875 3139 922 et
3176 864 3242 919 ad
3274 865 3428 919 illum
3458 864 3754 933 imperato-

481 973 599 1014 rem
645 959 861 1015 litteras
899 962 1073 1017 dedit.
1114 963 1492 1031 Nirephonem
1524 1003 1537 1030 ,
1581 960 2099 1027 bicromonachum,
2134 963 2401 1016 eumdem.
2442 976 2562 1016 esse
2597 976 2722 1015 cum
2768 960 2876 1014 huc
2923 959 3225 1020 Demetrio,
3292 957 3506 1012 notavit
3537 954 3750 1012 Caveus

478 1064 636 1126 parte
665 1052 910 1110 secunda
957 1053 1156 1112 Hiator.
1190 1054 1470 1112 litterario:
1508 1057 1828 1127 scriptorum
1861 1055 2043 1110 ecrles.
2100 1072 2118 1110 ι

2108 1057 2165 1110 ad
2195 1073 2324 1110 ann.
2361 1056 2520 1111 i357.
2571 1055 2785 1125 (Ρλιιιι.)
2827 1055 2884 1109 lu
2934 1053 3098 1110 Οτινεί
3162 1048 3300 1108 Hist.
3336 1052 3441 1105 litt.
3488 1047 3586 1105 SS.
3624 1047 3748 1104 ercl.

482 1161 616 1204 tom.
647 1149 711 1215 ll,
740 1167 792 1217 p.
827 1151 917 1213 56.
951 1153 1002 1206 in
1032 1150 1369 1223 Appendice,
1403 1153 1494 1208 ed.
1529 1152 1694 1208 Basil.
1732 1151 1800 1207 ad
1837 1167 1966 1207 ann.
2012 1151 2171 1216 1557,
2209 1151 2376 1206 llenr.
2409 1152 2675 1206 Wbarton
2727 1151 2920 1222 paucis
2974 1148 3257 1204 recensuit
3313 1147 3478 1202 vitam
3512 1157 3568 1202 et
3606 1161 3756 1216 quq:-

482 1247 606 1296 dam
640 1244 845 1315 scripta
896 1245 1047 1300 Dem.
1085 1243 1321 1317 Cydon;
1363 1255 1419 1302 et
1471 1246 1609 1303 ibid.
1653 1262 1706 1316 p.
1743 1245 1833 1312 59,
1874 1244 2088 1302 Robert
2113 1245 2312 1301 Gerius
2344 1243 2638 1301 Whartoni
2692 1245 3065 1299 narrationem
3093 1240 3296 1313 partim
3325 1240 3586 1300 correxit,
3623 1255 3743 1308 par-

486 1331 582 1387 tim
633 1333 929 1404 supplevit.
975 1339 1139 1409 Atqui
1186 1335 1385 1395 Gerius
1417 1339 1660 1408 scripsit.
1697 1339 2032 1394 Demetrium
2077 1337 2288 1408 Cydon.
2344 1338 2510 1393 etiam
2542 1337 2650 1392 dici
2702 1336 3016 1408 Niphonem
3049 1334 3571 1391 llieromonachum.
3609 1332 3756 1388 Prae-

485 1435 636 1481 terea
675 1427 744 1483 de
780 1439 995 1489 nostro.
1025 1431 1274 1500 diligenti
1310 1431 1624 1488 Grece-orum
1671 1442 1940 1496 veterum,
1980 1434 2034 1486 in
2070 1431 2264 1501 primis
2299 1429 2544 1486 Platonis
2586 1430 2863 1486 imitatore
2900 1438 3131 1500 egerunt
3173 1428 3253 1483 Du
3281 1427 3379 1484 Pin
3415 1428 3468 1482 in
3507 1428 3639 1485 Hist.
3674 1443 3756 1481 ec-

483 1521 606 1575 cles.
640 1521 747 1575 vol.
782 1519 893 1587 Xll,
924 1538 978 1592 p.
1008 1523 1100 1579 9|.
1129 1522 1334 1582 Casini.
1369 1523 1582 1582 Oudin.
1621 1528 1675 1582 in
1705 1527 2018 1585 Comment.
2054 1528 2123 1583 de
2152 1527 2249 1582 SS.
2277 1527 2477 1584 eccles.
2511 1529 2577 1582 ad
2613 1542 2740 1581 ann.
2773 1524 2931 1590 1550,
2958 1536 3091 1579 tom.
3119 1523 3206 1592 lll,
3244 1522 3350 1578 col.
3372 1519 3759 1580 9964005.—

483 1614 569 1672 Ju.
600 1614 838 1683 Fabric,
873 1619 926 1673 in
961 1618 1098 1674 Hist.
1124 1620 1247 1676 bibl.
1286 1620 1503 1678 Fabric.
1526 1633 1666 1693 part.
1691 1640 1757 1686 ιι,
1796 1638 1850 1693 p.
1880 1623 2006 1685 227.
2044 1622 2264 1689 Saxius,
2303 1623 2355 1677 in
2393 1622 2580 1678 Onam.
2620 1623 2812 1688 litter.,
2838 1635 2990 1693 part.
3023 1638 3083 1687 ιι,
3114 1639 3169 1693 p.
3193 1621 3396 1687 375,et
3422 1621 3476 1675 in
3513 1617 3756 1673 Analect.

495 1720 557 1777 ιι.
590 1707 713 1766 570.
742 1709 887 1766 Citat
910 1721 1168 1782 praeterea
1190 1713 1358 1771 Laur.
1389 1716 1608 1772 Mel-ium
1635 1721 1686 1771 in
1711 1715 1829 1773 Vita
1857 1717 2135 1774 Ambrosii
2168 1718 2632 1780 Caunaldulensis.
2661 1735 2716 1790 p.
2745 1732 2951 1784 CCCLVI,
2985 1732 3103 1788 scq.
3141 1715 3285 1772 Add.
3318 1730 3442 1785 quae
3483 1712 3680 1782 scripsi
3701 1693 3784 1769 in.

487 1799 697 1857 Introd.
725 1802 777 1857 in
824 1804 963 1860 Hist.
999 1805 1056 1862 L.
1082 1807 1142 1864 G.
1179 1807 1244 1877 ll,
1276 1821 1417 1879 part.
1443 1826 1482 1877 ι,
1509 1825 1561 1880 p.
1596 1808 1700 1866 536
1728 1805 1848 1881 aeq.
1883 1809 2103 1882 illanc.)

565 1929 642 1987 Ex
671 1934 791 2006 ejus
822 1936 1042 2006 scriptis
1071 1947 1293 1993 exstant
1331 1957 1344 1992 :
1382 1937 1435 2010 1)
1465 1937 1722 2010 Ερὶειοια
1745 1981 1762 2007 ,
1792 1953 1860 1995 ex
1897 1939 2103 2011 quibus
2131 1955 2239 1997 una
2288 1941 2355 1996 ad
2391 1940 2763 2013 Nicephorum
2799 1941 3121 2010 Gregoram,
3152 1947 3209 1995 et
3257 1937 3429 1994 altera
3463 1936 3531 1991 ad
3582 1933 3768 1990 Philo-

489 2022 701 2093 theum,
734 2030 1100 2098 patriarcham
1128 2033 1244 2105 (qui
1277 2034 1344 2088 ab
1374 2046 1505 2090 ann.
1543 2034 1699 2096 t362,
1740 2024 1814 2090 ad
1867 2020 2004 2092 i376
2036 2034 2162 2107 fuit)
2211 2032 2570 2094 CPolitanum
2633 2037 2782 2093 edita
2829 2050 2910 2093 est
2943 2035 3128 2092 Graece
3175 2043 3230 2090 et
3256 2034 3451 2090 Latine
3485 2048 3513 2088 ι
3555 2032 3766 2089 Joanne

489 2115 721 2194 Boivino
745 2134 871 2181 ante
900 2135 1106 2182 tomum
1143 2128 1380 2200 primum
1420 2129 1664 2185 Historia:
1701 2129 1984 2200 Nicephori
2009 2129 2276 2200 Cregorte.
2314 2130 2485 2186 Paris.
2524 2130 2664 2186 l702
2708 2131 2806 2185 toi.
2837 2131 2985 2186 Duas
3015 2130 3082 2185 ad
3136 2127 3488 2184 Philotimum
3533 2111 3682 2180 mss.‘
3707 2122 3763 2186 in

493 2219 686 2274 codice
719 2219 871 2288 regio
907 2219 1066 2283 1554,
1096 2231 1365 2282 memorat
1401 2221 1676 2288 Labbeus,
1712 2239 1766 2294 p.
1793 2224 1884 2289 99,
1915 2223 2049 2280 bibl.
2091 2239 2251 2279 nova:
2303 2240 2435 2279 mss.
2507 2222 2661 2279 Alias
2694 2222 2766 2278 50
2795 2232 2980 2278 servat
3023 2222 3280 2290 bibliQtli.
3334 2217 3671 2277 Coisliniana
3705 2234 3764 2288 p.

487 2309 594 2366 4'28
629 2326 773 2381 seq.,
803 2312 992 2368 decem
1027 2312 1094 2369 ad
1120 2309 1426 2368 Manuelem
1457 2316 1872 2385 imperatorem,
1898 2323 2011 2370 tres
2041 2315 2105 2369 ad
2141 2314 2470 2378 Gabasilnm,
2498 2327 2610 2370 tres
2645 2317 2713 2369 ad
2753 2312 3048 2384 Georgium
3090 2313 3500 2385 philosophum.
3529 2311 3666 2367 duas
3697 2310 3765 2370 ad

487 2400 830 2469 Caloferum,
861 2405 1218 2478 singulasque
1249 2410 1315 2463 ad
1351 2409 1662 2480 despotam,
1686 2409 2160 2479 protoscbastum,
2189 2426 2446 2480 magnum
2476 2408 2864 2472 domesticum,
2906 2407 3246 2469 OEncotem.
3277 2409 3338 2461 'et
3365 2405 3575 2461 scribas
3592 2406 3766 2477 impe-

491 2501 714 2576 ratoris,
740 2511 1007 2569 praeterea
1036 2503 1282 2574 singulas
1308 2504 1374 2558 ad
1416 2503 1681 2558 lsidornm
1731 2503 1956 2560 Glabam
2017 2506 2191 2574 episc.
2239 2505 2816 2571 Thessalonicensem,
2862 2504 3116 2558 Alexium
3157 2502 3603 2566 Casandrenum,
3637 2501 3766 2555 Pro-

490 2595 723 2649 chornm
750 2595 996 2659 fratrem,
1031 2596 1359 2652 Pharrasam
1391 2614 1647 2668 magnum
1689 2598 2089 2667 primicerium,
2132 2601 2346 2657 Astrarn
2398 2612 2454 2656 et
2484 2605 2743 2663 Asanam,
2770 2614 2934 2654 unam
2967 2597 3207 2669 denique
3241 2596 3360 2652 sine
3385 2595 3763 2665 inscriptione-

490 2688 589 2746 Est
612 2692 778 2748 etiam
805 2692 858 2746 in
898 2693 1031 2751 bibl.
1067 2693 1211 2766 regis
1240 2693 1449 2763 Galliae,
1474 2706 1609 2752 teste
1640 2695 1881 2762 Labbeo,
1908 2711 1962 2766 p.
1992 2696 2098 2752 296
2132 2697 2268 2752 Bibl.
2293 2712 2448 2752 nova!
2495 2713 2654 2764 mss.,
2679 2698 2911 2768 epistola
2945 2711 3042 2767 pro
3075 2694 3407 2751 Caucadeno
3437 2693 3768 2761 Theodoro,

495 2785 562 2837 ad
587 2784 906 2855 quemdam,
941 2786 1033 2860 qui
1069 2788 1370 2860 plurimum
1401 2799 1617 2860 poterat
1657 2787 1801 2858 apud
1839 2787 2250 2858 imperatorem,
2285 2791 2438 2846 Alias
2461 2792 2722 2847 tredecim
2760 2805 2866 2846 ms.
2907 2796 3088 2844 servat
3145 2786 3477 2842 bibliotheca
3516 2785 3765 2839 Caesarea

499 2878 578 2953 [in
608 2885 730 2939 cod.
758 2883 886 2950 26!,
949 2900 1006 2942 ιι.
1033 2885 1104 2959 1]
1136 2886 1339 2959 dignas
1393 2889 1781 2959 supplemento
1811 2887 2058 2952 corporis
2105 2887 2355 2942 Historiae
2385 2875 2540 2960 'Byz.
2578 2886 2748 2942 inseri
2791 2885 2975 2956 judice
3019 2883 3311 2940 Lambecio
3347 2880 3414 2947 ι’,
3445 2897 3499 2953 p.
3530 2881 3633 2937 184
3663 2876 3686 2952 [
3713 2891 3767 2945 p.

496 2978 626 3048 385,
652 2990 768 3036 not.
797 2982 850 3045 5,
887 2979 975 3036 ed.
1010 2981 1213 3037 Kollar.
1265 2983 1422 3054 cujus
1457 2998 1574 3039 net.
1607 2982 1806 3057 cont],
1850 3003 1915 3042 ex
1945 2983 2147 3057 quibus
2181 2997 2377 3038 norem
2415 2990 2545 3038 sunt
2603 2982 2742 3034 datae
2772 2986 2835 3034 ad
2868 2979 3175 3035 Manuelem
3208 2976 3585 3048 Palaeologum
3633 2978 3767 3048 inp.

499 3082 517 3145 (
545 3077 778 3146 quiﬁnit
807 3080 875 3134 ab
893 3095 1024 3134 ann.
1055 3079 1193 3134 1584
1245 3080 1312 3135 ad
1345 3081 1504 3153 1419)
1532 3090 1743 3137 (ξυνίει-ιιι
1770 3084 1999 3154 singula:
2025 3082 2090 3135 ad
2124 3080 2322 3136 Chium
2357 3079 2657 3142 medicum,
2695 3078 2762 3132 ad
2789 3091 3046 3149 magnum
3073 3076 3579 3148 chartophytacem‘;
3602 3074 3772 3132 Joan-

494 3188 622 3229 nem
661 3173 1087 3230 Tarchaniotam
1116 3182 1172 3230 et
1219 3173 1503 3241 desp'otam
1550 3176 1932 3234 Theodorum.
1970 3176 2080 3230 Illa:
2128 3188 2325 3228 novem
2355 3172 2422 3226 ad
2454 3172 2764 3227 Manueletn
2795 3173 2933 3241 imp.
2971 3172 3245 3228 habentur
3291 3174 3456 3226 etiam
3492 3170 3547 3224 in
3581 3171 3772 3231 codice

494 3265 832 3325 Barocciano
853 3271 944 3325 90.
971 3269 1113 3343 [Una
1133 3285 1222 3339 ep.
1250 3271 1316 3324 ad
1342 3269 1531 3326 Cabal.
1557 3280 1641 3325 est
1662 3287 1883 3342 quoque
1907 3271 1959 3325 in
1986 3266 2112 3325 cod.
2151 3265 2294 3322 Caes.
2319 3264 2447 3326 267.
2473 3266 2562 3320 32.
2599 3266 2662 3323 γ.
2689 3267 2880 3322 Lamb.
2911 3267 2979 3332 ν,
3011 3281 3068 3336 p.
3091 3268 3244 3342 ML]
3262 3270 3485 3337 Nescio,
3516 3280 3777 3329 noster-ne

493 3364 648 3436 Cydo
673 3367 791 3424 sive
827 3366 1084 3440 Cydonea
1114 3367 1478 3439 intelligatur,
1513 3369 1606 3423 ubi
1637 3369 1785 3438 inter
1816 3384 1949 3425 mss.
1977 3367 2149 3426 lsaaci
2189 3367 2363 3424 Vosin
2390 3366 2685 3424 memorari
2715 3367 2902 3424 videas
2925 3367 3270 3442 Gabrilopull
3316 3371 3383 3427 ad
3416 3369 3695 3443 Cydonem
3715 3377 3776 3427 et

496 3464 742 3536 Cydonis
774 3465 840 3521 ad
871 3463 1295 3536 Gabrilopulum
1327 3467 1645 3535 epistolam,
1674 3481 1801 3521 cum
1827 3467 2136 3524 canonibus
2168 3466 2234 3522 ad
2264 3465 2562 3538 captandas
2609 3466 2833 3520 umbras
2865 3464 3105 3535 aequales
3143 3477 3198 3523 et
3222 3465 3524 3537 inaequales
3553 3484 3571 3523 :
3603 3469 3660 3523 in
3686 3481 3779 3523 ca-

498 3559 682 3629 talogo
714 3558 850 3614 bibl.
880 3557 1186 3622 Leidensis.
1217 3575 1274 3630 p.
1303 3559 1432 3624 597,
1465 3575 1525 3613 ιι.
1563 3560 1655 3614 15.
1684 3559 1952 3629 (Ἐλιιιιις.)
1988 3559 2045 3614 In
2100 3559 2138 3614 N

2138 3559 2394 3628 iicephori
2426 3555 2685 3630 Gregorii:
2715 3556 2949 3615 historia
2987 3559 3216 3632 Byzant.
3243 3569 3504 3633 excerpta
3530 3577 3597 3618 ex
3641 3560 3778 3617 scri-

496 3650 610 3721 ptis
641 3650 902 3707 Demetrii
936 3649 1169 3723 Cydonii
1195 3662 1252 3708 et
1290 3643 1362 3709 in,
1383 3652 1603 3725 elogiis.
1645 3653 1715 3708 ab
1749 3653 2315 3726 editore"praemissis,
2352 3653 2508 3709 Dem.
2541 3652 2677 3726 Cyd.
2708 3654 2968 3725 Epistola:
3005 3656 3077 3711 ad
3112 3654 3468 3712 Pliilotheum.
3498 3657 3560 3712 ν.
3585 3672 3774 3727 supra,

496 3746 612 3800 vol.
635 3745 746 3811 VII,
777 3761 829 3817 p.
872 3745 998 3801 655.
1036 3777 1102 3790 --
1135 3748 1284 3803 Βὶιι;ιι
1309 3760 1439 3817 epp.
1490 3762 1636 3803 nunc
1666 3746 1905 3817 primum
1942 3748 2125 3814 editae,
2149 3748 2321 3804 altera
2352 3747 2459 3804 Nili
2487 3747 2780 3813 Cabasilze,
2810 3749 2982 3804 altera
3013 3747 3277 3820 Demetrii
3299 3749 3559 3823 Cydonii,
3586 3767 3772 3822 progr.

500 3853 726 3898 auctore
761 3842 894 3898 Chr.
921 3840 1070 3896 Frid.
1118 3840 1383 3897 llatthaai.
1421 3840 1646 3897 Dresdae
1675 3840 1835 3904 1789.
1868 3841 1923 3896 4.
1955 3869 2025 3882 -—
2057 3841 2191 3897 Item
2223 3841 2307 3894 vir
2328 3840 2482 3898 doct.
2516 3857 2583 3896 ex
2615 3841 2742 3896 cod.
2776 3841 2949 3912 Mosq.
2983 3849 3197 3914 typogr.
3226 3841 3424 3915 synod.
3451 3859 3569 3911 ιιιιι,
3598 3843 3776 3900 edidit

503 3950 627 3994 octo
655 3937 919 4007 epistolas
946 3936 1103 3990 Dem.
1140 3935 1365 4006 Cydone
1398 3936 1464 3990 ad
1500 3935 1739 3991 Manucl.
1767 3935 2152 4005 Palmologum,
2182 3934 2375 4005 imper.
2411 3935 2464 3990 in
2489 3934 2624 3992 libr.
2653 3935 2958 4005 inscripto:
2984 3933 3258 4004 Isocratis,
3292 3935 3545 4012 Demetrii
3564 3936 3780 4010 Cydon

505 4043 556 4087 et
587 4028 856 4086 Michaelis
885 4029 1064 4101 Glyca:
1085 4021 1288 4100 aliquot
1310 4029 1565 4100 epistolog.
1602 4060 1669 4070 -—
1705 4029 1782 4085 Ex
1817 4027 1981 4084 codd.
2037 4027 2234 4091 edidit,
2278 4037 2335 4084 et
2373 4029 2770 4086 animadvertis.
2804 4028 3005 4097 adjecit
3026 4026 3086 4084 C.
3139 4029 3198 4086 Ρ.
3246 4029 3483 4087 Matthtei
3515 4031 3777 4103 Mosqut,

509 4126 671 4186 1776,
706 4125 811 4180 mai
857 4126 909 4181 8.
942 4123 1003 4179 ιιι
1035 4121 1433 4180 anitnadverss.
1481 4140 1536 4194 p.
1577 4124 1702 4184 172,
1749 4121 1851 4190 ipsi
1888 4123 2147 4177 videntur
2209 4123 2467 4178 Demetrii
2491 4120 2628 4194 Cyd.
2661 4123 2909 4195 epistolre
2942 4125 3048 4185 illae
3081 4122 3270 4178 multis
3299 4125 3599 4181 multorum
3641 4143 3782 4198 pra-

507 4201 772 4280 furendae.
830 4240 850 4273 ι
881 4236 1006 4276 cum
1049 4230 1273 4291 propter
1326 4220 1652 4290 elegantiam
1701 4229 1758 4274 et
1803 4198 2421 4289 pttritatem‘sermonis
2465 4220 2660 4286 Graeci,
2718 4231 2832 4276 tum
2897 4222 3025 4291 quia
3091 4213 3324 4277 multum
3376 4234 3463 4280 est
3507 4224 3560 4279 in
3594 4224 3677 4281 eis
3719 4224 3782 4280 τὸ

511 4318 650 4389 μετὰ
705 4315 806 4379 τῆς
871 4317 1094 4385 χάριτος
1153 4316 1248 4368 καὶ
1296 4315 1392 4368 τοῦ
1449 4315 1644 4384 ἠθικοῦ
1711 4313 1946 4384 ἀνθηρόν
1993 4331 2054 4367 τε
2112 4327 2148 4367 κ

2139 4315 2207 4368 :ati
2253 4315 2471 4382 ἀφελές.
2529 4333 2548 4365 ι
2613 4314 2760 4370 l.lcm
2825 4312 2890 4369 ν.
2944 4315 3588 4394 Ο..ιιιειιιίοιιειιι1ιιεὶι
3632 4320 3779 4378 illius

508 4414 634 4469 cod.
662 4422 719 4467 et
744 4412 909 4468 codd.
944 4411 1069 4471 3‘23.
1098 4429 1152 4466 ιι.
1199 4411 1282 4473 tl,
1312 4420 1476 4480 atque
1501 4411 1626 4474 52$,
1657 4411 1710 4465 in
1736 4412 1946 4480 quibus
1969 4418 2146 4465 exstat
2177 4425 2285 4470 una
2311 4408 2568 4464 Demetrii
2595 4408 2829 4479 epistola
2860 4409 2915 4463 in
2945 4409 3114 4465 Notit.
3144 4408 3309 4468 codd.
3332 4408 3429 4471 Gr.
3460 4410 3778 4482 Mosquens.

508 4519 566 4573 p.
598 4499 726 4565 3t0,
765 4518 821 4556 ιι.
855 4503 906 4564 7,
937 4508 993 4554 et
1028 4517 1078 4568 p.
1115 4498 1242 4555 2l2.
1273 4528 1345 4541 —-
1373 4499 1424 4551 In
1461 4500 1583 4553 cod.
1622 4498 1852 4555 Coislin.
1883 4498 2012 4562 515,
2039 4513 2141 4551 sun

2139 4506 2168 4551 ιι
2198 4496 2266 4551 56
2311 4497 2578 4566 θιιὶειοιιε,
2607 4512 2636 4551 a
2672 4496 2925 4552 Fabricio
2960 4501 3157 4566 partim
3198 4507 3534 4561 memoratae.
3564 4508 3624 4579 et
3672 4501 3779 4558 alia

509 4593 772 4651 Demetrii
821 4592 1056 4665 Cydonii
1091 4590 1231 4661 Opp.
1263 4591 1328 4644 ν.
1363 4579 1686 4654 ὶδῑθηιΐειιιοη
1736 4590 1874 4645 Bibl.
1922 4590 2088 4645 Coisl.
2123 4605 2178 4659 p.
2213 4589 2319 4643 428
2348 4604 2455 4658 sq.;
2497 4597 2551 4643 et
2585 4603 2642 4659 p.
2687 4589 2814 4653 £55,
2861 4600 3105 4662 quatuor
3131 4591 3378 4661 epistolae
3425 4594 3685 4663 anonymi
3715 4595 3782 4653 ad

510 4684 722 4757 Cydon.
751 4685 806 4738 in
828 4683 952 4739 cod.
987 4683 1186 4736 Min—
1209 4681 1386 4735 Paris.
1427 4680 1479 4733 in
1513 4680 1648 4734 bibl.
1678 4681 1829 4748 pubi.
1863 4681 1987 4735 cod.
2019 4679 2150 4734 1215

2140 4679 2176 4742 i,
2211 4693 2267 4731 ιι.
2297 4677 2386 4742 50,
2418 4677 2508 4740 '56,
2537 4677 2603 4732 57
2635 4689 2692 4732 et
2722 4678 2811 4743 59,
2840 4680 3006 4734 variae
3034 4694 3163 4749 epp.
3194 4706 3262 4719 -
3287 4679 3348 4735 ln
3381 4681 3505 4736 cod.
3545 4681 3780 4747 1510,η.

511 4777 545 4832 4
581 4785 640 4829 et
669 4773 723 4836 5,
759 4774 879 4829 dua:
909 4773 974 4826 ad
1008 4771 1359 4826 Philotimum
1393 4785 1520 4840 epp.
1555 4801 1621 4811 -—
1654 4770 1712 4823 lu
1745 4770 1871 4822 cod.
1900 4769 2063 4832 267i,
2103 4783 2158 4821 ιι.
2197 4762 2284 4831 11,
2311 4767 2544 4836 epistola
2574 4767 2642 4822 ad
2673 4767 3094 4830 Theodoritum,
3145 4773 3498 4832 monachum,
3522 4778 3577 4828 et
3603 4787 3658 4826 ιι.
3691 4771 3779 4838 12,

513 4867 619 4920 alia
649 4866 717 4917 ad
750 4861 1068 4932 quenuiam.
1104 4877 1213 4914 non
1245 4858 1609 4912 nominatum.
1637 4888 1707 4897 —
1738 4857 1980 4911 Venetiis
2018 4859 2070 4910 in
2106 4856 2237 4910 bibl.
2266 4854 2434 4910 Marc.
2463 4857 2584 4910 cod.
2619 4854 2722 4911 509
2745 4855 2977 4926 epistola
3003 4856 3068 4909 ad
3087 4855 3387 4928 Josephum
3423 4857 3780 4924 Bryennium:

514 4952 629 5010 inc.
670 4953 790 5005 Τῶν
822 4954 919 5021 μὲν
955 4951 1084 5004 σῶν.
1123 4950 1387 5020 Sequitur
1426 4949 1759 5018 epigramma
1808 4948 1861 5001 in
1892 4948 2149 5016 sepulcru

2139 4961 2206 5001 tm
2263 4944 2520 4999 Demetrii
2554 4943 2785 5016 Cydonii
2825 4964 2838 5000 :
2877 4947 2987 5001 inc.
3037 4945 3280 5015 Κόσμος,
3309 4944 3369 5011 ὃς
3425 4943 3493 5019 ἦν
3543 4949 3779 5017 φύσεως,

516 5061 570 5113 p.
602 5042 725 5097 Cat.
755 5040 917 5095 codd.
959 5038 1057 5093 Gr.
1094 5038 1262 5092 Marc.
1299 5055 1352 5106 p.
1390 5037 1519 5090 273.
1546 5065 1612 5075 -—-
1654 5033 1880 5088 T..urini
1920 5035 1973 5087 in
2007 5034 2142 5090 bibl.
2195 5049 2309 5102 reg.
2353 5033 2477 5087 cod.
2513 5033 2670 5099 1⁵⁸94,
2702 5034 2948 5104 epistola
2981 5034 3372 5103 septemdecim
3406 5053 3422 5088 :
3458 5043 3571 5091 tres
3594 5038 3661 5092 ad
3692 5039 3784 5094 Jo-

514 5131 706 5201 asaph,
737 5141 848 5183 tres
879 5127 945 5181 ad
977 5126 1211 5180 .llannci.
1246 5127 1464 5194 imper.,
1490 5140 1597 5178 una
1643 5125 1708 5177 ad
1736 5123 2067 5188 Cabasilam,
2098 5138 2204 5179 una
2236 5122 2304 5175 ad
2339 5137 2592 5191 magnum
2634 5122 3139 5194 chartophylaccm,
3179 5142 3286 5179 una
3352 5127 3416 5180 ad
3469 5125 3651 5181 Nilum
3691 5143 3782 5196 pa-

520 5223 813 5278 triarchatn
837 5263 851 5285 ,
890 5234 998 5272 una
1032 5218 1097 5270 ad
1130 5215 1403 5270 medicum
1431 5259 1445 5278 ,
1482 5231 1588 5268 una
1614 5220 1681 5267 ad
1714 5213 2076 5282 PurOphilum
2104 5256 2117 5277 ,
2151 5227 2269 5271 sex.
2293 5212 2614 5266 nominibus
2641 5227 2748 5265 non
2789 5211 3016 5266 additis.
3055 5212 3114 5267 V.
3148 5212 3270 5269 Cat.
3304 5213 3462 5269 codd.
3488 5214 3582 5271 Gr.
3617 5216 3778 5270 Taur.

519 5326 574 5382 p.
599 5309 705 5364 266
738 5325 905 5377 sq.-—-
938 5304 1139 5370 Romrr,
1177 5306 1229 5358 in
1256 5303 1388 5360 bibl.
1423 5303 1592 5358 Vatia.
1634 5301 1781 5355 Dem.
1813 5298 2014 5370 Cydon.
2065 5301 2135 5352 ad
2163 5298 2522 5368 Nicephorum
2546 5300 2858 5370 Cregoram.
2887 5301 2950 5355 V.
2994 5300 3289 5357 Montiauc.
3317 5301 3457 5358 Bibl.
3499 5305 3622 5360 bibl.
3657 5321 3783 5362 mss.

522 5415 581 5472 p.
613 5399 735 5453 Hii.
768 5398 831 5452 Α.
893 5395 1188 5452 Floretttise
1213 5435 1227 5457 ,
1263 5394 1315 5448 in
1364 5393 1499 5446 bibl.
1549 5389 1810 5444 Laurent.
1842 5389 1966 5442 cod.
2005 5387 2093 5452 1‘2,
2131 5404 2188 5442 tt.
2220 5388 2312 5451 24,
2341 5390 2479 5459 plut.
2516 5390 2602 5455 5'7,
2630 5399 2867 5458 quatuor
2900 5390 3146 5461 ejusdem
3190 5408 3314 5461 epp.
3351 5392 3428 5446 uti
3473 5394 3785 5463 suspicatur

523 5488 760 5544 Bandin.
793 5489 849 5541 in
876 5485 997 5539 Cat.
1021 5484 1185 5537 codd.
1221 5482 1319 5538 Gr.
1354 5480 1614 5535 Laurent.
1654 5478 1695 5532 ll
1717 5519 1731 5539 ,
1772 5495 1823 5548 p.
1855 5478 1979 5532 550.
2003 5505 2074 5517 --
2106 5476 2163 5531 lb

2144 5496 2184 5532 ι.
2226 5476 2278 5530 in
2307 5477 2432 5532 cod.
2455 5475 2546 5535 21.
2575 5493 2630 5531 ιι.
2673 5475 2728 5541 9,
2757 5477 2898 5548 plut.
2925 5478 3011 5541 59,
3041 5478 3285 5548 epistolae
3317 5477 3481 5539 X'Xll.
3516 5497 3654 5552 quas
3699 5498 3784 5538 reo

522 5586 714 5637 censet
743 5574 973 5630 Bandin.
1007 5573 1044 5627 l.
1082 5587 1130 5625 c.
1162 5588 1212 5641 p.
1239 5570 1344 5625 512
1370 5585 1453 5638 sq.
1488 5595 1555 5609 ο·-
1579 5567 1659 5620 ΙΙι.
1695 5567 1746 5620 in
1775 5566 1898 5621 cod.
1947 5566 2030 5628 15,
2064 5582 2118 5619 ιι.
2146 5565 2162 5618 ’Ξ

2146 5565 2222 5619 25
2249 5571 2308 5618 et
2331 5563 2425 5626 27,
2455 5567 2576 5620 dua:
2617 5581 2704 5633 ep.
2735 5565 2853 5620 Nic.
2885 5564 3152 5621 Cabasilie
3185 5565 3250 5620 ad
3281 5559 3583 5637 Cydonem,
3629 5581 3686 5625 et
3728 5587 3782 5628 ιι.

525 5678 599 5734 et;
627 5668 1050 5743 hujus'epistola
1092 5669 1159 5722 ad
1206 5665 1544 5720 Cabasilam.
1583 5667 1642 5720 V.
1681 5663 1916 5720 Bandin.
1955 5665 1993 5719 l.
2025 5679 2081 5718 c.
2115 5677 2168 5731 p.
2204 5659 2326 5724 107,
2361 5671 2433 5723 et,
2476 5660 2578 5713 hoc
2617 5659 2937 5724 adnotante,
2972 5660 3177 5715 eaedem
3219 5663 3273 5715 in
3303 5661 3430 5716 cod.
3473 5665 3785 5726 Vindohon.

528 5769 637 5823 262
694 5779 748 5815 ιι.
780 5759 841 5814 3|
876 5757 1019 5812 ρι’ὁὲ
1040 5772 1151 5811 sec.
1174 5755 1411 5811 Nessclii
1435 5753 1550 5807 Cat.
1586 5752 1723 5808 bibl.
1763 5752 1902 5808 Ctes.
1935 5751 2165 5805 Vindob.

1487 5764 1550 5806 at.
1586 5752 1723 5808 bibl.
1763 5752 1902 5808 Caesi.
1935 5751 2165 5805 Vindob.
2201 5758 2345 5820 part.
2378 5764 2420 5807 ι.
2447 5765 2500 5816 p.
2538 5747 2643 5803 368
2670 5757 2720 5800 et
2755 5748 2880 5801 569.
2912 5747 3127 5816 (ΙΙΑιει.)

610 5855 664 5907 2.
693 5848 966 5914 Monodia,
1007 5861 1118 5900 sn'e
1146 5842 1507 5914 comploratio
1535 5841 1624 5894 ὲττὶ
1675 5843 1787 5905 τοῖς
1824 5843 1876 5892 ἐν
1910 5838 2243 5892 Beniamin

2153 5838 2284 5909 uix-5
2322 5836 2550 5889 ceco-ist
2572 5875 2587 5899 ,
2619 5835 2685 5890 de.
2717 5835 2956 5891 civibus.
3003 5836 3096 5905 qui
3133 5835 3385 5904 dissidio,
3429 5839 3704 5901 seditione
3731 5860 3793 5902 ac
