  <div class='ocr_page' id='page_1' title='image "/cluster/home/n/w/nwhite01/storage/ocr_20150623/154/mdp.39015028978099/431.png"; bbox 0 0 4124 6300; ppageno 0'>
   <div class='ocr_carea' id='block_1_1' title="bbox 505 413 610 476">
    <p class='ocr_par' dir='ltr' id='par_1_1' title="bbox 505 413 610 476">
     <span class='ocr_line' id='line_1_1' title="bbox 505 413 610 476; baseline -0.01 0"><span class='ocrx_word' id='word_1_1' title='bbox 505 413 610 476; x_wconf 80' lang='grc'><strong>847</strong></span> 
     </span>
    </p>
   </div>
   <div class='ocr_carea' id='block_1_2' title="bbox 1780 415 2523 482">
    <p class='ocr_par' dir='ltr' id='par_1_2' title="bbox 1780 415 2523 482">
     <span class='ocr_line' id='line_1_2' title="bbox 1780 415 2523 482; baseline 0.005 -6"><span class='ocrx_word' id='word_1_2' title='bbox 1780 415 2164 477; x_wconf 78' lang='lat' dir='ltr'><strong>DEMETRII</strong></span> <span class='ocrx_word' id='word_1_3' title='bbox 2208 417 2523 482; x_wconf 76' lang='lat' dir='ltr'><strong>CYDONII</strong></span> 
     </span>
    </p>
   </div>
   <div class='ocr_carea' id='block_1_3' title="bbox 3667 413 3777 498">
    <p class='ocr_par' dir='ltr' id='par_1_3' title="bbox 3667 413 3777 498">
     <span class='ocr_line' id='line_1_3' title="bbox 3667 413 3777 498; baseline -0.055 -2"><span class='ocrx_word' id='word_1_4' title='bbox 3667 413 3777 498; x_wconf 72' lang='lat' dir='ltr'><strong>Sta</strong></span> 
     </span>
    </p>
   </div>
   <div class='ocr_carea' id='block_1_4' title="bbox 494 527 2059 614">
    <p class='ocr_par' dir='ltr' id='par_1_4' title="bbox 494 529 2059 601">
     <span class='ocr_line' id='line_1_4' title="bbox 494 529 2059 601; baseline -0.002 -14"><span class='ocrx_word' id='word_1_5' title='bbox 494 542 651 587; x_wconf 87' lang='lat' dir='ltr'><strong>tomo</strong></span> <span class='ocrx_word' id='word_1_6' title='bbox 679 530 1050 588; x_wconf 73' lang='lat' dir='ltr'><strong>communiter</strong></span> <span class='ocrx_word' id='word_1_7' title='bbox 1077 545 1271 586; x_wconf 84' lang='lat' dir='ltr'><strong>omnes</strong></span> <span class='ocrx_word' id='word_1_8' title='bbox 1295 529 1467 594; x_wconf 89' lang='lat' dir='ltr'><strong>aiunt,</strong></span> <span class='ocrx_word' id='word_1_9' title='bbox 1501 548 1518 581; x_wconf 81' lang='grc' dir='ltr'><strong>ι</strong></span> <span class='ocrx_word' id='word_1_10' title='bbox 1551 529 1723 586; x_wconf 85' lang='lat' dir='ltr'><strong>Unam</strong></span> <span class='ocrx_word' id='word_1_11' title='bbox 1752 530 1919 601; x_wconf 79' lang='lat' dir='ltr'><strong>igitur</strong></span> <span class='ocrx_word' id='word_1_12' title='bbox 1947 531 2059 586; x_wconf 79' lang='lat' dir='ltr'><strong>Itan</strong></span> 
     </span>
    </p>
   </div>
   <div class='ocr_carea' id='block_1_5' title="bbox 2161 527 3777 614">
    <p class='ocr_par' dir='ltr' id='par_1_5' title="bbox 2199 527 3777 614">
     <span class='ocr_line' id='line_1_5' title="bbox 2199 527 3777 614; baseline 0.005 -28"><span class='ocrx_word' id='word_1_13' title='bbox 2199 553 2230 586; x_wconf 80' lang='grc' dir='ltr'>ι·</span> <span class='ocrx_word' id='word_1_14' title='bbox 2253 535 2348 588; x_wconf 81' lang='grc' dir='ltr'>Ἓν</span> <span class='ocrx_word' id='word_1_15' title='bbox 2374 535 2473 604; x_wconf 74' lang='grc' dir='ltr'>μὲν</span> <span class='ocrx_word' id='word_1_16' title='bbox 2508 535 2572 608; x_wconf 81' lang='grc' dir='ltr'>δὴ</span> <span class='ocrx_word' id='word_1_17' title='bbox 2606 534 2760 589; x_wconf 81' lang='grc' dir='ltr'>τοῦτο</span> <span class='ocrx_word' id='word_1_18' title='bbox 2803 527 2896 590; x_wconf 63' lang='grc' dir='ltr'><strong>καὶ</strong></span> <span class='ocrx_word' id='word_1_19' title='bbox 2925 537 3139 606; x_wconf 84' lang='grc' dir='ltr'>πρῶτον</span> <span class='ocrx_word' id='word_1_20' title='bbox 3161 537 3364 610; x_wconf 78' lang='grc' dir='ltr'>κυρίως</span> <span class='ocrx_word' id='word_1_21' title='bbox 3393 538 3458 594; x_wconf 74' lang='grc' dir='ltr'>ἄν</span> <span class='ocrx_word' id='word_1_22' title='bbox 3499 555 3582 601; x_wconf 77' lang='grc' dir='ltr'><strong>τις</strong></span> <span class='ocrx_word' id='word_1_23' title='bbox 3638 539 3777 614; x_wconf 77' lang='grc' dir='ltr'>φαίη</span> 
     </span>
    </p>
   </div>
   <div class='ocr_carea' id='block_1_6' title="bbox 494 622 2079 695">
    <p class='ocr_par' dir='ltr' id='par_1_6' title="bbox 494 622 2079 695">
     <span class='ocr_line' id='line_1_6' title="bbox 494 622 2079 695; baseline -0.003 -15"><span class='ocrx_word' id='word_1_24' title='bbox 494 635 555 680; x_wconf 92' lang='lat' dir='ltr'><strong>et</strong></span> <span class='ocrx_word' id='word_1_25' title='bbox 589 627 922 695; x_wconf 68' lang='lat' dir='ltr'><strong>praecipuam</strong></span> <span class='ocrx_word' id='word_1_26' title='bbox 962 624 1182 693; x_wconf 86' lang='lat' dir='ltr'><strong>proprie</strong></span> <span class='ocrx_word' id='word_1_27' title='bbox 1210 623 1415 678; x_wconf 77' lang='lat' dir='ltr'><strong>dixerit</strong></span> <span class='ocrx_word' id='word_1_28' title='bbox 1451 622 1653 692; x_wconf 87' lang='lat' dir='ltr'><strong>aliquis</strong></span> <span class='ocrx_word' id='word_1_29' title='bbox 1675 622 1819 678; x_wconf 89' lang='lat' dir='ltr'><strong>inter</strong></span> <span class='ocrx_word' id='word_1_30' title='bbox 1840 622 2079 678; x_wconf 83' lang='lat' dir='ltr'><strong>divinam</strong></span> 
     </span>
    </p>
   </div>
   <div class='ocr_carea' id='block_1_7' title="bbox 499 714 2082 784">
    <p class='ocr_par' dir='ltr' id='par_1_7' title="bbox 499 714 2082 784">
     <span class='ocr_line' id='line_1_7' title="bbox 499 714 2082 784; baseline -0.001 -12"><span class='ocrx_word' id='word_1_31' title='bbox 499 716 862 772; x_wconf 77' lang='lat' dir='ltr'><strong>substantiam</strong></span> <span class='ocrx_word' id='word_1_32' title='bbox 908 723 965 770; x_wconf 87' lang='lat' dir='ltr'><strong>et</strong></span> <span class='ocrx_word' id='word_1_33' title='bbox 1016 715 1261 770; x_wconf 82' lang='lat' dir='ltr'><strong>divinam</strong></span> <span class='ocrx_word' id='word_1_34' title='bbox 1315 714 1696 784; x_wconf 70' lang='lat' dir='ltr'><strong>operationem</strong></span> <span class='ocrx_word' id='word_1_35' title='bbox 1766 714 2082 771; x_wconf 82' lang='lat' dir='ltr'><strong>distinctio—</strong></span> 
     </span>
    </p>
   </div>
   <div class='ocr_carea' id='block_1_8' title="bbox 496 807 2082 880">
    <p class='ocr_par' dir='ltr' id='par_1_8' title="bbox 496 807 2082 880">
     <span class='ocr_line' id='line_1_8' title="bbox 496 807 2082 880; baseline -0.002 -14"><span class='ocrx_word' id='word_1_36' title='bbox 496 809 585 867; x_wconf 83' lang='lat' dir='ltr'><strong>nis</strong></span> <span class='ocrx_word' id='word_1_37' title='bbox 633 809 892 880; x_wconf 79' lang='lat' dir='ltr'><strong>speciem,</strong></span> <span class='ocrx_word' id='word_1_38' title='bbox 922 808 1186 864; x_wconf 86' lang='lat' dir='ltr'><strong>nimirum</strong></span> <span class='ocrx_word' id='word_1_39' title='bbox 1238 807 1541 868; x_wconf 83' lang='lat' dir='ltr'><strong>secundum</strong></span> <span class='ocrx_word' id='word_1_40' title='bbox 1591 823 1810 864; x_wconf 84' lang='lat' dir='ltr'><strong>causam</strong></span> <span class='ocrx_word' id='word_1_41' title='bbox 1855 819 1910 863; x_wconf 91' lang='lat' dir='ltr'><strong>et</strong></span> <span class='ocrx_word' id='word_1_42' title='bbox 1955 824 2082 863; x_wconf 85' lang='lat' dir='ltr'><strong>cau-</strong></span> 
     </span>
    </p>
   </div>
   <div class='ocr_carea' id='block_1_9' title="bbox 493 913 729 958">
    <p class='ocr_par' dir='ltr' id='par_1_9' title="bbox 493 913 729 958">
     <span class='ocr_line' id='line_1_9' title="bbox 493 913 729 958; baseline -0.017 0"><span class='ocrx_word' id='word_1_43' title='bbox 493 913 729 958; x_wconf 63' lang='lat' dir='ltr'><strong>satum.»</strong></span> 
     </span>
    </p>
   </div>
   <div class='ocr_carea' id='block_1_10' title="bbox 562 993 2081 1066">
    <p class='ocr_par' dir='ltr' id='par_1_10' title="bbox 562 993 2081 1066">
     <span class='ocr_line' id='line_1_10' title="bbox 562 993 2081 1066; baseline 0.001 -17"><span class='ocrx_word' id='word_1_44' title='bbox 562 996 798 1063; x_wconf 81' lang='lat' dir='ltr'><strong>Quintus</strong></span> <span class='ocrx_word' id='word_1_45' title='bbox 825 994 1022 1052; x_wconf 91' lang='lat' dir='ltr'><strong>modus</strong></span> <span class='ocrx_word' id='word_1_46' title='bbox 1056 1013 1070 1051; x_wconf 89' lang='lat'><strong>:</strong></span> <span class='ocrx_word' id='word_1_47' title='bbox 1104 993 1272 1049; x_wconf 81' lang='lat' dir='ltr'><strong>Aiunt</strong></span> <span class='ocrx_word' id='word_1_48' title='bbox 1301 993 1663 1050; x_wconf 83' lang='lat' dir='ltr'><strong>substantiam</strong></span> <span class='ocrx_word' id='word_1_49' title='bbox 1702 995 1925 1066; x_wconf 88' lang='lat' dir='ltr'><strong>quidem</strong></span> <span class='ocrx_word' id='word_1_50' title='bbox 1955 1011 2081 1066; x_wconf 86' lang='lat' dir='ltr'><strong>pro-</strong></span> 
     </span>
    </p>
   </div>
   <div class='ocr_carea' id='block_1_11' title="bbox 495 1085 2080 1161">
    <p class='ocr_par' dir='ltr' id='par_1_11' title="bbox 495 1085 2080 1161">
     <span class='ocr_line' id='line_1_11' title="bbox 495 1085 2080 1161; baseline 0.001 -21"><span class='ocrx_word' id='word_1_51' title='bbox 495 1090 615 1161; x_wconf 82' lang='lat' dir='ltr'><strong>prie</strong></span> <span class='ocrx_word' id='word_1_52' title='bbox 680 1105 788 1143; x_wconf 89' lang='lat' dir='ltr'><strong>non</strong></span> <span class='ocrx_word' id='word_1_53' title='bbox 845 1087 952 1142; x_wconf 88' lang='lat' dir='ltr'><strong>dici</strong></span> <span class='ocrx_word' id='word_1_54' title='bbox 998 1085 1292 1153; x_wconf 86' lang='lat' dir='ltr'><strong>Deitatem,</strong></span> <span class='ocrx_word' id='word_1_55' title='bbox 1351 1085 1449 1142; x_wconf 89' lang='lat' dir='ltr'><strong>sed</strong></span> <span class='ocrx_word' id='word_1_56' title='bbox 1488 1088 1653 1142; x_wconf 90' lang='lat' dir='ltr'><strong>etiam</strong></span> <span class='ocrx_word' id='word_1_57' title='bbox 1698 1087 1743 1143; x_wconf 91' lang='lat' dir='ltr'><strong>si</strong></span> <span class='ocrx_word' id='word_1_58' title='bbox 1801 1087 2080 1144; x_wconf 88' lang='lat' dir='ltr'><strong>diceretur</strong></span> 
     </span>
    </p>
   </div>
   <div class='ocr_carea' id='block_1_12' title="bbox 494 1178 2079 1258">
    <p class='ocr_par' dir='ltr' id='par_1_12' title="bbox 494 1178 2079 1258">
     <span class='ocr_line' id='line_1_12' title="bbox 494 1178 2079 1258; baseline 0.001 -22"><span class='ocrx_word' id='word_1_59' title='bbox 494 1182 700 1247; x_wconf 56' lang='lat' dir='ltr'><strong>Deitas,</strong></span> <span class='ocrx_word' id='word_1_60' title='bbox 753 1179 1175 1251; x_wconf 86' lang='lat' dir='ltr'><strong>supereminens</strong></span> <span class='ocrx_word' id='word_1_61' title='bbox 1219 1178 1450 1246; x_wconf 88' lang='lat' dir='ltr'><strong>dicitur,</strong></span> <span class='ocrx_word' id='word_1_62' title='bbox 1510 1185 1758 1258; x_wconf 82' lang='lat' dir='ltr'><strong>operatio</strong></span> <span class='ocrx_word' id='word_1_63' title='bbox 1796 1196 1929 1236; x_wconf 85' lang='lat' dir='ltr'><strong>vero</strong></span> <span class='ocrx_word' id='word_1_64' title='bbox 1956 1196 2079 1252; x_wconf 81' lang='lat' dir='ltr'><strong>pro-</strong></span> 
     </span>
    </p>
   </div>
   <div class='ocr_carea' id='block_1_13' title="bbox 496 1270 2079 1348">
    <p class='ocr_par' dir='ltr' id='par_1_13' title="bbox 496 1270 2079 1348">
     <span class='ocr_line' id='line_1_13' title="bbox 496 1270 2079 1348; baseline 0.002 -20"><span class='ocrx_word' id='word_1_65' title='bbox 496 1275 614 1346; x_wconf 87' lang='lat' dir='ltr'><strong>prie</strong></span> <span class='ocrx_word' id='word_1_66' title='bbox 646 1284 733 1329; x_wconf 87' lang='lat' dir='ltr'><strong>est</strong></span> <span class='ocrx_word' id='word_1_67' title='bbox 761 1273 1050 1337; x_wconf 86' lang='lat' dir='ltr'><strong>Deitas,ct</strong></span> <span class='ocrx_word' id='word_1_68' title='bbox 1073 1270 1298 1348; x_wconf 84' lang='lat' dir='ltr'><strong>inﬁnite</strong></span> <span class='ocrx_word' id='word_1_69' title='bbox 1326 1272 1593 1327; x_wconf 76' lang='lat' dir='ltr'><strong>inﬁnities</strong></span> <span class='ocrx_word' id='word_1_70' title='bbox 1637 1273 1867 1328; x_wconf 86' lang='lat' dir='ltr'><strong>remissa</strong></span> <span class='ocrx_word' id='word_1_71' title='bbox 1893 1273 2079 1331; x_wconf 82' lang='lat' dir='ltr'><strong>Deitas</strong></span> 
     </span>
    </p>
   </div>
   <div class='ocr_carea' id='block_1_14' title="bbox 490 1363 2076 1440">
    <p class='ocr_par' dir='ltr' id='par_1_14' title="bbox 490 1363 2076 1440">
     <span class='ocr_line' id='line_1_14' title="bbox 490 1363 2076 1440; baseline -0.001 -17"><span class='ocrx_word' id='word_1_72' title='bbox 490 1367 568 1440; x_wconf 91' lang='lat' dir='ltr'><strong>(id</strong></span> <span class='ocrx_word' id='word_1_73' title='bbox 596 1377 684 1422; x_wconf 87' lang='lat' dir='ltr'><strong>est</strong></span> <span class='ocrx_word' id='word_1_74' title='bbox 708 1365 984 1436; x_wconf 78' lang='lat' dir='ltr'><strong>inferior).</strong></span> <span class='ocrx_word' id='word_1_75' title='bbox 1004 1363 1162 1420; x_wconf 89' lang='lat' dir='ltr'><strong>Unde</strong></span> <span class='ocrx_word' id='word_1_76' title='bbox 1187 1379 1312 1420; x_wconf 92' lang='lat' dir='ltr'><strong>cum</strong></span> <span class='ocrx_word' id='word_1_77' title='bbox 1341 1366 1527 1420; x_wconf 75' lang='lat' dir='ltr'><strong>multa:</strong></span> <span class='ocrx_word' id='word_1_78' title='bbox 1563 1365 1674 1420; x_wconf 88' lang='lat' dir='ltr'><strong>sint</strong></span> <span class='ocrx_word' id='word_1_79' title='bbox 1717 1375 1882 1436; x_wconf 85' lang='lat' dir='ltr'><strong>atque</strong></span> <span class='ocrx_word' id='word_1_80' title='bbox 1913 1369 2076 1422; x_wconf 91' lang='lat' dir='ltr'><strong>innu-</strong></span> 
     </span>
    </p>
   </div>
   <div class='ocr_carea' id='block_1_15' title="bbox 484 1457 2078 1530">
    <p class='ocr_par' dir='ltr' id='par_1_15' title="bbox 484 1457 2078 1530">
     <span class='ocr_line' id='line_1_15' title="bbox 484 1457 2078 1530; baseline -0.001 -12"><span class='ocrx_word' id='word_1_81' title='bbox 484 1477 650 1518; x_wconf 69' lang='lat' dir='ltr'><strong>merae</strong></span> <span class='ocrx_word' id='word_1_82' title='bbox 677 1460 1028 1529; x_wconf 84' lang='lat' dir='ltr'><strong>operationes</strong></span> <span class='ocrx_word' id='word_1_83' title='bbox 1059 1457 1158 1513; x_wconf 79' lang='lat' dir='ltr'><strong>Dei</strong></span> <span class='ocrx_word' id='word_1_84' title='bbox 1189 1458 1468 1523; x_wconf 75' lang='lat' dir='ltr'><strong>increatre,</strong></span> <span class='ocrx_word' id='word_1_85' title='bbox 1490 1459 1676 1514; x_wconf 62' lang='lat' dir='ltr'><strong>multa:</strong></span> <span class='ocrx_word' id='word_1_86' title='bbox 1705 1475 1925 1530; x_wconf 90' lang='lat' dir='ltr'><strong>quoque</strong></span> <span class='ocrx_word' id='word_1_87' title='bbox 1960 1460 2078 1516; x_wconf 89' lang='lat' dir='ltr'><strong>dei-</strong></span> 
     </span>
    </p>
   </div>
   <div class='ocr_carea' id='block_1_16' title="bbox 485 1548 2074 1622">
    <p class='ocr_par' dir='ltr' id='par_1_16' title="bbox 485 1548 2074 1622">
     <span class='ocr_line' id='line_1_16' title="bbox 485 1548 2074 1622; baseline -0.001 -13"><span class='ocrx_word' id='word_1_88' title='bbox 485 1563 625 1609; x_wconf 87' lang='lat' dir='ltr'><strong>tates</strong></span> <span class='ocrx_word' id='word_1_89' title='bbox 647 1559 777 1608; x_wconf 86' lang='lat' dir='ltr'><strong>sunt</strong></span> <span class='ocrx_word' id='word_1_90' title='bbox 827 1558 992 1620; x_wconf 88' lang='lat' dir='ltr'><strong>atque</strong></span> <span class='ocrx_word' id='word_1_91' title='bbox 1031 1548 1358 1604; x_wconf 75' lang='lat' dir='ltr'><strong>innumerae.</strong></span> <span class='ocrx_word' id='word_1_92' title='bbox 1388 1550 1454 1603; x_wconf 86' lang='lat' dir='ltr'><strong>Et</strong></span> <span class='ocrx_word' id='word_1_93' title='bbox 1492 1550 1739 1605; x_wconf 80' lang='lat' dir='ltr'><strong>Palamas</strong></span> <span class='ocrx_word' id='word_1_94' title='bbox 1767 1551 1985 1622; x_wconf 83' lang='lat' dir='ltr'><strong>quidem</strong></span> <span class='ocrx_word' id='word_1_95' title='bbox 2017 1552 2074 1607; x_wconf 90' lang='lat' dir='ltr'><strong>in</strong></span> 
     </span>
    </p>
   </div>
   <div class='ocr_carea' id='block_1_17' title="bbox 481 1641 2077 1718">
    <p class='ocr_par' dir='ltr' id='par_1_17' title="bbox 481 1641 2077 1718">
     <span class='ocr_line' id='line_1_17' title="bbox 481 1641 2077 1718; baseline 0.001 -21"><span class='ocrx_word' id='word_1_96' title='bbox 481 1646 709 1718; x_wconf 82' lang='lat' dir='ltr'><strong>epistola</strong></span> <span class='ocrx_word' id='word_1_97' title='bbox 740 1641 806 1699; x_wconf 90' lang='lat' dir='ltr'><strong>ad</strong></span> <span class='ocrx_word' id='word_1_98' title='bbox 840 1641 1181 1711; x_wconf 76' lang='lat' dir='ltr'><strong>Acindynnm</strong></span> <span class='ocrx_word' id='word_1_99' title='bbox 1212 1658 1275 1709; x_wconf 65' lang='grc' dir='ltr'><strong>,,ι</strong></span> <span class='ocrx_word' id='word_1_100' title='bbox 1309 1642 1404 1697; x_wconf 82' lang='lat' dir='ltr'><strong>Est</strong></span> <span class='ocrx_word' id='word_1_101' title='bbox 1435 1642 1627 1712; x_wconf 78' lang='lat' dir='ltr'><strong>igitur,</strong></span> <span class='ocrx_word' id='word_1_102' title='bbox 1668 1644 1870 1712; x_wconf 86' lang='lat' dir='ltr'><strong>inquit,</strong></span> <span class='ocrx_word' id='word_1_103' title='bbox 1902 1644 2077 1699; x_wconf 84' lang='lat' dir='ltr'><strong>deita-s</strong></span> 
     </span>
    </p>
   </div>
   <div class='ocr_carea' id='block_1_18' title="bbox 482 1733 2070 1805">
    <p class='ocr_par' dir='ltr' id='par_1_18' title="bbox 482 1733 2070 1805">
     <span class='ocr_line' id='line_1_18' title="bbox 482 1733 2070 1805; baseline -0.001 -13"><span class='ocrx_word' id='word_1_104' title='bbox 482 1739 713 1794; x_wconf 89' lang='lat' dir='ltr'><strong>remissa</strong></span> <span class='ocrx_word' id='word_1_105' title='bbox 765 1736 973 1792; x_wconf 88' lang='lat' dir='ltr'><strong>donum</strong></span> <span class='ocrx_word' id='word_1_106' title='bbox 1019 1735 1294 1790; x_wconf 79' lang='lat' dir='ltr'><strong>exsistens</strong></span> <span class='ocrx_word' id='word_1_107' title='bbox 1329 1733 1553 1789; x_wconf 88' lang='lat' dir='ltr'><strong>deitatis</strong></span> <span class='ocrx_word' id='word_1_108' title='bbox 1583 1736 2070 1805; x_wconf 81' lang='lat' dir='ltr'><strong>supereminentis,</strong></span> 
     </span>
    </p>
   </div>
   <div class='ocr_carea' id='block_1_19' title="bbox 481 1816 2073 1891">
    <p class='ocr_par' dir='ltr' id='par_1_19' title="bbox 481 1816 2073 1891">
     <span class='ocr_line' id='line_1_19' title="bbox 481 1816 2073 1891; baseline 0 -7"><span class='ocrx_word' id='word_1_109' title='bbox 481 1816 584 1885; x_wconf 88' lang='lat' dir='ltr'><strong>nec</strong></span> <span class='ocrx_word' id='word_1_110' title='bbox 611 1837 824 1883; x_wconf 90' lang='lat' dir='ltr'><strong>tantum</strong></span> <span class='ocrx_word' id='word_1_111' title='bbox 849 1827 1046 1891; x_wconf 87' lang='lat' dir='ltr'><strong>deitas,</strong></span> <span class='ocrx_word' id='word_1_112' title='bbox 1072 1826 1166 1881; x_wconf 79' lang='lat' dir='ltr'><strong>sed</strong></span> <span class='ocrx_word' id='word_1_113' title='bbox 1187 1826 1425 1880; x_wconf 88' lang='lat' dir='ltr'><strong>increata</strong></span> <span class='ocrx_word' id='word_1_114' title='bbox 1452 1824 1652 1885; x_wconf 85' lang='lat' dir='ltr'><strong>deitas.</strong></span> <span class='ocrx_word' id='word_1_115' title='bbox 1685 1836 1736 1881; x_wconf 93' lang='lat' dir='ltr'><strong>et</strong></span> <span class='ocrx_word' id='word_1_116' title='bbox 1765 1827 1905 1882; x_wconf 88' lang='lat' dir='ltr'><strong>ultra</strong></span> <span class='ocrx_word' id='word_1_117' title='bbox 1932 1828 2073 1884; x_wconf 86' lang='lat' dir='ltr'><strong>hanc</strong></span> 
     </span>
    </p>
   </div>
   <div class='ocr_carea' id='block_1_20' title="bbox 2189 628 3777 705">
    <p class='ocr_par' dir='ltr' id='par_1_20' title="bbox 2189 628 3777 705">
     <span class='ocr_line' id='line_1_20' title="bbox 2189 628 3777 705; baseline 0.004 -25"><span class='ocrx_word' id='word_1_118' title='bbox 2189 628 2286 697; x_wconf 76' lang='grc' dir='ltr'>τῆς</span> <span class='ocrx_word' id='word_1_119' title='bbox 2308 645 2365 681; x_wconf 85' lang='grc' dir='ltr'><strong>τε</strong></span> <span class='ocrx_word' id='word_1_120' title='bbox 2394 628 2545 692; x_wconf 76' lang='grc' dir='ltr'>θείας</span> <span class='ocrx_word' id='word_1_121' title='bbox 2566 629 2753 692; x_wconf 84' lang='grc' dir='ltr'>οὐσίας</span> <span class='ocrx_word' id='word_1_122' title='bbox 2793 631 2887 682; x_wconf 70' lang='grc' dir='ltr'><strong>καὶ</strong></span> <span class='ocrx_word' id='word_1_123' title='bbox 2927 629 3080 693; x_wconf 77' lang='grc' dir='ltr'>θείας</span> <span class='ocrx_word' id='word_1_124' title='bbox 3125 632 3408 701; x_wconf 67' lang='grc' dir='ltr'>ἐνεργείας</span> <span class='ocrx_word' id='word_1_125' title='bbox 3452 630 3777 705; x_wconf 71' lang='grc' dir='ltr'>διακρίσεως</span> 
     </span>
    </p>
   </div>
   <div class='ocr_carea' id='block_1_21' title="bbox 2193 715 3481 796">
    <p class='ocr_par' dir='ltr' id='par_1_21' title="bbox 2193 715 3481 796">
     <span class='ocr_line' id='line_1_21' title="bbox 2193 715 3481 796; baseline 0.002 -22"><span class='ocrx_word' id='word_1_126' title='bbox 2193 715 2359 785; x_wconf 75' lang='grc' dir='ltr'>εἶδος,</span> <span class='ocrx_word' id='word_1_127' title='bbox 2391 721 2449 775; x_wconf 75' lang='grc' dir='ltr'>τὺ</span> <span class='ocrx_word' id='word_1_128' title='bbox 2476 719 2597 775; x_wconf 78' lang='grc' dir='ltr'>κατ’</span> <span class='ocrx_word' id='word_1_129' title='bbox 2630 723 2804 777; x_wconf 79' lang='grc' dir='ltr'>αίτιον</span> <span class='ocrx_word' id='word_1_130' title='bbox 2820 721 3022 796; x_wconf 71' lang='grc' dir='ltr'>δηλαδὴ</span> <span class='ocrx_word' id='word_1_131' title='bbox 3052 723 3145 777; x_wconf 69' lang='grc' dir='ltr'><strong>καὶ</strong></span> <span class='ocrx_word' id='word_1_132' title='bbox 3168 724 3434 779; x_wconf 82' lang='grc' dir='ltr'>αίτιατόν.</span> <span class='ocrx_word' id='word_1_133' title='bbox 3462 745 3481 777; x_wconf 75' lang='grc' dir='ltr'><strong>ο</strong></span> 
     </span>
    </p>
   </div>
   <div class='ocr_carea' id='block_1_22' title="bbox 2249 988 3773 1064">
    <p class='ocr_par' dir='ltr' id='par_1_22' title="bbox 2249 988 3773 1064">
     <span class='ocr_line' id='line_1_22' title="bbox 2249 988 3773 1064; baseline 0.001 -22"><span class='ocrx_word' id='word_1_134' title='bbox 2249 988 2516 1059; x_wconf 80' lang='grc' dir='ltr'>Πέμπτος</span> <span class='ocrx_word' id='word_1_135' title='bbox 2551 989 2778 1061; x_wconf 78' lang='grc' dir='ltr'><strong>τρόπος,</strong></span> <span class='ocrx_word' id='word_1_136' title='bbox 2818 991 2900 1046; x_wconf 84' lang='grc' dir='ltr'><strong>ὅτι</strong></span> <span class='ocrx_word' id='word_1_137' title='bbox 2955 992 3090 1061; x_wconf 70' lang='grc' dir='ltr'>φασὶ</span> <span class='ocrx_word' id='word_1_138' title='bbox 3137 995 3239 1064; x_wconf 80' lang='grc' dir='ltr'>τὴν</span> <span class='ocrx_word' id='word_1_139' title='bbox 3286 992 3391 1063; x_wconf 83' lang='grc' dir='ltr'>μὲν</span> <span class='ocrx_word' id='word_1_140' title='bbox 3447 994 3641 1048; x_wconf 80' lang='grc' dir='ltr'>οὐσίαν</span> <span class='ocrx_word' id='word_1_141' title='bbox 3699 995 3773 1064; x_wconf 68' lang='grc' dir='ltr'>μὴ</span> 
     </span>
    </p>
   </div>
   <div class='ocr_carea' id='block_1_23' title="bbox 2187 1081 3770 1154">
    <p class='ocr_par' dir='ltr' id='par_1_23' title="bbox 2187 1081 3770 1154">
     <span class='ocr_line' id='line_1_23' title="bbox 2187 1081 3770 1154; baseline 0.003 -19"><span class='ocrx_word' id='word_1_142' title='bbox 2187 1082 2395 1152; x_wconf 81' lang='grc' dir='ltr'><strong>κυρίως</strong></span> <span class='ocrx_word' id='word_1_143' title='bbox 2443 1081 2702 1151; x_wconf 83' lang='grc' dir='ltr'>λέγεσθαι</span> <span class='ocrx_word' id='word_1_144' title='bbox 2739 1084 2993 1153; x_wconf 81' lang='grc' dir='ltr'>θεότητα,</span> <span class='ocrx_word' id='word_1_145' title='bbox 3029 1083 3148 1138; x_wconf 80' lang='grc' dir='ltr'>ἀλλ’</span> <span class='ocrx_word' id='word_1_146' title='bbox 3194 1087 3243 1139; x_wconf 85' lang='grc' dir='ltr'>εί</span> <span class='ocrx_word' id='word_1_147' title='bbox 3278 1084 3377 1140; x_wconf 77' lang='grc' dir='ltr'>καὶ</span> <span class='ocrx_word' id='word_1_148' title='bbox 3409 1084 3624 1154; x_wconf 75' lang='grc' dir='ltr'><strong>λέγοιτο</strong></span> <span class='ocrx_word' id='word_1_149' title='bbox 3652 1086 3770 1140; x_wconf 84' lang='grc' dir='ltr'>θεό-</span> 
     </span>
    </p>
   </div>
   <div class='ocr_carea' id='block_1_24' title="bbox 2181 1175 3771 1252">
    <p class='ocr_par' dir='ltr' id='par_1_24' title="bbox 2181 1175 3771 1252">
     <span class='ocr_line' id='line_1_24' title="bbox 2181 1175 3771 1252; baseline 0.006 -26"><span class='ocrx_word' id='word_1_150' title='bbox 2181 1192 2302 1244; x_wconf 79' lang='grc' dir='ltr'>της,</span> <span class='ocrx_word' id='word_1_151' title='bbox 2347 1175 2722 1246; x_wconf 74' lang='grc' dir='ltr'><strong>ὑπερκειμένη</strong></span> <span class='ocrx_word' id='word_1_152' title='bbox 2762 1176 2980 1246; x_wconf 80' lang='grc' dir='ltr'>λέγεται</span> <span class='ocrx_word' id='word_1_153' title='bbox 3011 1180 3092 1249; x_wconf 78' lang='grc' dir='ltr'><strong>’ἡ</strong></span> <span class='ocrx_word' id='word_1_154' title='bbox 3141 1179 3199 1233; x_wconf 80' lang='grc' dir='ltr'>δὲ</span> <span class='ocrx_word' id='word_1_155' title='bbox 3259 1180 3517 1252; x_wconf 76' lang='grc' dir='ltr'>ἐνέργεια</span> <span class='ocrx_word' id='word_1_156' title='bbox 3563 1181 3771 1252; x_wconf 75' lang='grc' dir='ltr'>κνρίως</span> 
     </span>
    </p>
   </div>
   <div class='ocr_carea' id='block_1_25' title="bbox 2180 1266 3770 1345">
    <p class='ocr_par' dir='ltr' id='par_1_25' title="bbox 2180 1266 3770 1345">
     <span class='ocr_line' id='line_1_25' title="bbox 2180 1266 3770 1345; baseline 0.004 -26"><span class='ocrx_word' id='word_1_157' title='bbox 2180 1266 2241 1320; x_wconf 83' lang='grc' dir='ltr'>τέ</span> <span class='ocrx_word' id='word_1_158' title='bbox 2284 1267 2404 1320; x_wconf 71' lang='grc' dir='ltr'>ἐστι</span> <span class='ocrx_word' id='word_1_159' title='bbox 2455 1266 2668 1338; x_wconf 83' lang='grc' dir='ltr'>θεότης,</span> <span class='ocrx_word' id='word_1_160' title='bbox 2718 1268 2812 1321; x_wconf 76' lang='grc' dir='ltr'>καὶ</span> <span class='ocrx_word' id='word_1_161' title='bbox 2866 1268 3135 1340; x_wconf 78' lang='grc' dir='ltr'>ὑφειμένη</span> <span class='ocrx_word' id='word_1_162' title='bbox 3187 1271 3434 1344; x_wconf 79' lang='grc' dir='ltr'><strong>ἀπείρως</strong></span> <span class='ocrx_word' id='word_1_163' title='bbox 3471 1275 3770 1345; x_wconf 78' lang='grc' dir='ltr'><strong>ἀπειράκις</strong></span> 
     </span>
    </p>
   </div>
   <div class='ocr_carea' id='block_1_26' title="bbox 2182 1358 3766 1438">
    <p class='ocr_par' dir='ltr' id='par_1_26' title="bbox 2182 1358 3766 1438">
     <span class='ocr_line' id='line_1_26' title="bbox 2182 1358 3766 1438; baseline 0.005 -27"><span class='ocrx_word' id='word_1_164' title='bbox 2182 1360 2352 1424; x_wconf 71' lang='grc' dir='ltr'>ἐστὶν,</span> <span class='ocrx_word' id='word_1_165' title='bbox 2387 1358 2512 1413; x_wconf 76' lang='grc' dir='ltr'>ὅθεν</span> <span class='ocrx_word' id='word_1_166' title='bbox 2539 1361 2632 1412; x_wconf 84' lang='grc' dir='ltr'><strong>καί</strong></span> <span class='ocrx_word' id='word_1_167' title='bbox 2671 1359 2797 1414; x_wconf 73' lang='grc' dir='ltr'>ἐπεὶ</span> <span class='ocrx_word' id='word_1_168' title='bbox 2844 1360 3041 1414; x_wconf 72' lang='grc' dir='ltr'>πολλαὶ</span> <span class='ocrx_word' id='word_1_169' title='bbox 3072 1363 3166 1416; x_wconf 83' lang='grc' dir='ltr'>καὶ</span> <span class='ocrx_word' id='word_1_170' title='bbox 3206 1364 3576 1437; x_wconf 80' lang='grc' dir='ltr'><strong>ἀναρίθμητοι</strong></span> <span class='ocrx_word' id='word_1_171' title='bbox 3613 1366 3766 1438; x_wconf 75' lang='grc' dir='ltr'>ἐνέρ-</span> 
     </span>
    </p>
   </div>
   <div class='ocr_carea' id='block_1_27' title="bbox 2179 1450 3766 1530">
    <p class='ocr_par' dir='ltr' id='par_1_27' title="bbox 2179 1450 3766 1530">
     <span class='ocr_line' id='line_1_27' title="bbox 2179 1450 3766 1530; baseline 0.004 -26"><span class='ocrx_word' id='word_1_172' title='bbox 2179 1450 2328 1518; x_wconf 81' lang='grc' dir='ltr'>γειαί</span> <span class='ocrx_word' id='word_1_173' title='bbox 2367 1451 2473 1504; x_wconf 74' lang='lat' dir='ltr'><strong>sict</strong></span> <span class='ocrx_word' id='word_1_174' title='bbox 2504 1451 2597 1504; x_wconf 86' lang='grc' dir='ltr'><strong>τοῦ</strong></span> <span class='ocrx_word' id='word_1_175' title='bbox 2625 1451 2770 1506; x_wconf 86' lang='grc' dir='ltr'>’Θεοῦ</span> <span class='ocrx_word' id='word_1_176' title='bbox 2816 1452 3088 1521; x_wconf 78' lang='grc' dir='ltr'>ἄκτιστοι,</span> <span class='ocrx_word' id='word_1_177' title='bbox 3138 1453 3233 1509; x_wconf 72' lang='grc' dir='ltr'>καὶ</span> <span class='ocrx_word' id='word_1_178' title='bbox 3283 1456 3476 1510; x_wconf 81' lang='grc' dir='ltr'>πολλαὶ</span> <span class='ocrx_word' id='word_1_179' title='bbox 3508 1458 3766 1530; x_wconf 71' lang='grc' dir='ltr'>θεότητές</span> 
     </span>
    </p>
   </div>
   <div class='ocr_carea' id='block_1_28' title="bbox 2181 1536 3762 1622">
    <p class='ocr_par' dir='ltr' id='par_1_28' title="bbox 2181 1536 3762 1622">
     <span class='ocr_line' id='line_1_28' title="bbox 2181 1536 3762 1622; baseline 0.005 -26"><span class='ocrx_word' id='word_1_180' title='bbox 2181 1545 2288 1597; x_wconf 79' lang='grc' dir='ltr'>εἰσι</span> <span class='ocrx_word' id='word_1_181' title='bbox 2322 1543 2416 1597; x_wconf 69' lang='grc' dir='ltr'>καὶ</span> <span class='ocrx_word' id='word_1_182' title='bbox 2465 1543 2853 1616; x_wconf 79' lang='grc' dir='ltr'><strong>ἀναρίθμητοι.</strong></span> <span class='ocrx_word' id='word_1_183' title='bbox 2887 1546 2996 1598; x_wconf 83' lang='grc' dir='ltr'>Καὶ</span> <span class='ocrx_word' id='word_1_184' title='bbox 3047 1547 3076 1597; x_wconf 87' lang='grc' dir='ltr'>ὁ</span> <span class='ocrx_word' id='word_1_185' title='bbox 3138 1545 3236 1616; x_wconf 72' lang='grc' dir='ltr'>μὶν</span> <span class='ocrx_word' id='word_1_186' title='bbox 3269 1547 3538 1619; x_wconf 80' lang='grc' dir='ltr'>Παλαμᾶς</span> <span class='ocrx_word' id='word_1_187' title='bbox 3585 1550 3645 1603; x_wconf 83' lang='grc' dir='ltr'>ὲν</span> <span class='ocrx_word' id='word_1_188' title='bbox 3676 1536 3762 1622; x_wconf 64' lang='grc' dir='ltr'>τῇ</span> 
     </span>
    </p>
   </div>
   <div class='ocr_carea' id='block_1_29' title="bbox 2181 1634 3763 1711">
    <p class='ocr_par' dir='ltr' id='par_1_29' title="bbox 2181 1634 3763 1711">
     <span class='ocr_line' id='line_1_29' title="bbox 2181 1634 3763 1711; baseline 0.004 -26"><span class='ocrx_word' id='word_1_189' title='bbox 2181 1635 2322 1704; x_wconf 73' lang='grc' dir='ltr'>πρὸς</span> <span class='ocrx_word' id='word_1_190' title='bbox 2354 1634 2447 1705; x_wconf 75' lang='grc' dir='ltr'><strong>τὸν</strong></span> <span class='ocrx_word' id='word_1_191' title='bbox 2487 1634 2796 1694; x_wconf 80' lang='grc' dir='ltr'>Ἀκίνδυνον</span> <span class='ocrx_word' id='word_1_192' title='bbox 2831 1635 3115 1707; x_wconf 77' lang='grc' dir='ltr'>ἐπιστολῇ,</span> <span class='ocrx_word' id='word_1_193' title='bbox 3162 1655 3180 1690; x_wconf 82' lang='grc' dir='ltr'><strong>ι</strong></span> <span class='ocrx_word' id='word_1_194' title='bbox 3221 1638 3412 1693; x_wconf 81' lang='grc' dir='ltr'>Ἔστιν</span> <span class='ocrx_word' id='word_1_195' title='bbox 3439 1639 3570 1711; x_wconf 79' lang='grc' dir='ltr'>ἄρα,</span> <span class='ocrx_word' id='word_1_196' title='bbox 3605 1641 3763 1710; x_wconf 71' lang='grc' dir='ltr'>φησὶ,</span> 
     </span>
    </p>
   </div>
   <div class='ocr_carea' id='block_1_30' title="bbox 2180 1724 3760 1804">
    <p class='ocr_par' dir='ltr' id='par_1_30' title="bbox 2180 1724 3760 1804">
     <span class='ocr_line' id='line_1_30' title="bbox 2180 1724 3760 1804; baseline 0.004 -26"><span class='ocrx_word' id='word_1_197' title='bbox 2180 1726 2375 1799; x_wconf 87' lang='grc' dir='ltr'>θεότης</span> <span class='ocrx_word' id='word_1_198' title='bbox 2404 1727 2673 1797; x_wconf 80' lang='grc' dir='ltr'><strong>ὑφειμένη</strong></span> <span class='ocrx_word' id='word_1_199' title='bbox 2701 1769 2715 1795; x_wconf 89' lang='grc'><strong>,</strong></span> <span class='ocrx_word' id='word_1_200' title='bbox 2762 1727 2935 1797; x_wconf 80' lang='grc' dir='ltr'>δῶρον</span> <span class='ocrx_word' id='word_1_201' title='bbox 2979 1724 3117 1782; x_wconf 68' lang='grc' dir='ltr'>οὖσα</span> <span class='ocrx_word' id='word_1_202' title='bbox 3158 1729 3262 1794; x_wconf 75' lang='grc' dir='ltr'>τῆς</span> <span class='ocrx_word' id='word_1_203' title='bbox 3311 1731 3760 1804; x_wconf 78' lang='grc' dir='ltr'><strong>ὑπερκειμένης,</strong></span> 
     </span>
    </p>
   </div>
   <div class='ocr_carea' id='block_1_31' title="bbox 2179 1819 3763 1895">
    <p class='ocr_par' dir='ltr' id='par_1_31' title="bbox 2179 1819 3763 1895">
     <span class='ocr_line' id='line_1_31' title="bbox 2179 1819 3763 1895; baseline 0.003 -22"><span class='ocrx_word' id='word_1_204' title='bbox 2179 1821 2274 1873; x_wconf 72' lang='grc' dir='ltr'>καὶ</span> <span class='ocrx_word' id='word_1_205' title='bbox 2305 1821 2368 1873; x_wconf 81' lang='grc' dir='ltr'><strong>ού</strong></span> <span class='ocrx_word' id='word_1_206' title='bbox 2402 1819 2595 1890; x_wconf 86' lang='grc' dir='ltr'>θεότης</span> <span class='ocrx_word' id='word_1_207' title='bbox 2627 1821 2811 1890; x_wconf 85' lang='grc' dir='ltr'>μόνον,</span> <span class='ocrx_word' id='word_1_208' title='bbox 2841 1820 2976 1874; x_wconf 75' lang='grc' dir='ltr'>ἀλλὰ</span> <span class='ocrx_word' id='word_1_209' title='bbox 3010 1824 3104 1876; x_wconf 81' lang='grc' dir='ltr'>καὶ</span> <span class='ocrx_word' id='word_1_210' title='bbox 3133 1822 3392 1887; x_wconf 81' lang='grc' dir='ltr'>ἄκτιστος</span> <span class='ocrx_word' id='word_1_211' title='bbox 3418 1823 3632 1895; x_wconf 79' lang='grc' dir='ltr'>θεότης,</span> <span class='ocrx_word' id='word_1_212' title='bbox 3665 1825 3763 1878; x_wconf 76' lang='grc' dir='ltr'><strong>καὶ</strong></span> 
     </span>
    </p>
   </div>
   <div class='ocr_carea' id='block_1_32' title="bbox 480 1905 2059 1989">
    <p class='ocr_par' dir='ltr' id='par_1_32' title="bbox 480 1918 2059 1978">
     <span class='ocr_line' id='line_1_32' title="bbox 480 1918 2059 1978; baseline -0.001 0"><span class='ocrx_word' id='word_1_213' title='bbox 480 1922 744 1978; x_wconf 89' lang='lat' dir='ltr'><strong>deitatem</strong></span> <span class='ocrx_word' id='word_1_214' title='bbox 799 1929 887 1976; x_wconf 88' lang='lat' dir='ltr'><strong>est</strong></span> <span class='ocrx_word' id='word_1_215' title='bbox 933 1920 1101 1975; x_wconf 82' lang='lat' dir='ltr'><strong>Deus.</strong></span> <span class='ocrx_word' id='word_1_216' title='bbox 1132 1937 1159 1971; x_wconf 79' lang='grc'><strong>.›</strong></span> <span class='ocrx_word' id='word_1_217' title='bbox 1194 1918 1254 1974; x_wconf 84' lang='grc' dir='ltr'>1η</span> <span class='ocrx_word' id='word_1_218' title='bbox 1311 1934 1569 1975; x_wconf 84' lang='lat' dir='ltr'><strong>sermone</strong></span> <span class='ocrx_word' id='word_1_219' title='bbox 1603 1935 1734 1975; x_wconf 75' lang='lat' dir='ltr'><strong>vero</strong></span> <span class='ocrx_word' id='word_1_220' title='bbox 1763 1921 1830 1975; x_wconf 90' lang='lat' dir='ltr'><strong>ad</strong></span> <span class='ocrx_word' id='word_1_221' title='bbox 1866 1922 2059 1976; x_wconf 41' lang='lat' dir='ltr'><strong>Nomo‘</strong></span> 
     </span>
    </p>
   </div>
   <div class='ocr_carea' id='block_1_33' title="bbox 2161 1905 3761 1989">
    <p class='ocr_par' dir='ltr' id='par_1_33' title="bbox 2175 1913 3761 1989">
     <span class='ocr_line' id='line_1_33' title="bbox 2175 1913 3761 1989; baseline 0.003 -24"><span class='ocrx_word' id='word_1_222' title='bbox 2175 1914 2312 1985; x_wconf 81' lang='grc' dir='ltr'>ὑπὲρ</span> <span class='ocrx_word' id='word_1_223' title='bbox 2343 1913 2548 1984; x_wconf 83' lang='grc' dir='ltr'>ταύτην</span> <span class='ocrx_word' id='word_1_224' title='bbox 2582 1914 2680 1983; x_wconf 76' lang='grc' dir='ltr'><strong>τὴν</strong></span> <span class='ocrx_word' id='word_1_225' title='bbox 2709 1913 2941 1986; x_wconf 79' lang='grc' dir='ltr'>θεότητά</span> <span class='ocrx_word' id='word_1_226' title='bbox 2973 1919 3121 1969; x_wconf 85' lang='grc' dir='ltr'>ὲστιν</span> <span class='ocrx_word' id='word_1_227' title='bbox 3151 1917 3178 1968; x_wconf 84' lang='grc' dir='ltr'><strong>ὁ</strong></span> <span class='ocrx_word' id='word_1_228' title='bbox 3217 1916 3370 1980; x_wconf 83' lang='grc' dir='ltr'>Θεός.</span> <span class='ocrx_word' id='word_1_229' title='bbox 3411 1936 3430 1970; x_wconf 70' lang='grc' dir='ltr'><strong>ι</strong></span> <span class='ocrx_word' id='word_1_230' title='bbox 3484 1918 3572 1970; x_wconf 85' lang='grc' dir='ltr'>Ἐν</span> <span class='ocrx_word' id='word_1_231' title='bbox 3601 1917 3659 1970; x_wconf 78' lang='grc' dir='ltr'>δὲ</span> <span class='ocrx_word' id='word_1_232' title='bbox 3681 1917 3761 1989; x_wconf 82' lang='grc' dir='ltr'>τῷ</span> 
     </span>
    </p>
   </div>
   <div class='ocr_carea' id='block_1_34' title="bbox 481 2009 2058 2087">
    <p class='ocr_par' dir='ltr' id='par_1_34' title="bbox 481 2009 2058 2087">
     <span class='ocr_line' id='line_1_34' title="bbox 481 2009 2058 2087; baseline -0.001 -19"><span class='ocrx_word' id='word_1_233' title='bbox 481 2015 772 2087; x_wconf 82' lang='lat' dir='ltr'><strong>pltylacem</strong></span> <span class='ocrx_word' id='word_1_234' title='bbox 808 2011 1123 2068; x_wconf 86' lang='lat' dir='ltr'><strong>Simeonem</strong></span> <span class='ocrx_word' id='word_1_235' title='bbox 1157 2051 1171 2074; x_wconf 93' lang='lat'><strong>,</strong></span> <span class='ocrx_word' id='word_1_236' title='bbox 1204 2027 1224 2062; x_wconf 81' lang='grc' dir='ltr'><strong>ι</strong></span> <span class='ocrx_word' id='word_1_237' title='bbox 1262 2009 1320 2066; x_wconf 89' lang='lat' dir='ltr'><strong>Si</strong></span> <span class='ocrx_word' id='word_1_238' title='bbox 1368 2011 1539 2076; x_wconf 90' lang='lat' dir='ltr'><strong>enim,</strong></span> <span class='ocrx_word' id='word_1_239' title='bbox 1576 2012 1777 2082; x_wconf 86' lang='lat' dir='ltr'><strong>inquit,</strong></span> <span class='ocrx_word' id='word_1_240' title='bbox 1805 2014 2058 2078; x_wconf 80' lang='lat' dir='ltr'><strong>remissa,</strong></span> 
     </span>
    </p>
   </div>
   <div class='ocr_carea' id='block_1_35' title="bbox 475 2102 2064 2174">
    <p class='ocr_par' dir='ltr' id='par_1_35' title="bbox 475 2102 2064 2174">
     <span class='ocr_line' id='line_1_35' title="bbox 475 2102 2064 2174; baseline -0.002 -13"><span class='ocrx_word' id='word_1_241' title='bbox 475 2104 563 2163; x_wconf 81' lang='lat' dir='ltr'><strong>vel</strong></span> <span class='ocrx_word' id='word_1_242' title='bbox 609 2102 862 2169; x_wconf 79' lang='lat' dir='ltr'><strong>inferior,</strong></span> <span class='ocrx_word' id='word_1_243' title='bbox 892 2111 988 2158; x_wconf 89' lang='lat' dir='ltr'><strong>aut</strong></span> <span class='ocrx_word' id='word_1_244' title='bbox 1016 2103 1221 2169; x_wconf 90' lang='lat' dir='ltr'><strong>minor,</strong></span> <span class='ocrx_word' id='word_1_245' title='bbox 1252 2103 1338 2158; x_wconf 85' lang='lat' dir='ltr'><strong>vel</strong></span> <span class='ocrx_word' id='word_1_246' title='bbox 1380 2104 1660 2174; x_wconf 89' lang='lat' dir='ltr'><strong>quidpiam</strong></span> <span class='ocrx_word' id='word_1_247' title='bbox 1713 2106 1889 2159; x_wconf 86' lang='lat' dir='ltr'><strong>simile</strong></span> <span class='ocrx_word' id='word_1_248' title='bbox 1923 2104 2064 2158; x_wconf 87' lang='lat' dir='ltr'><strong>divi-</strong></span> 
     </span>
    </p>
   </div>
   <div class='ocr_carea' id='block_1_36' title="bbox 478 2199 2063 2273">
    <p class='ocr_par' dir='ltr' id='par_1_36' title="bbox 478 2199 2063 2273">
     <span class='ocr_line' id='line_1_36' title="bbox 478 2199 2063 2273; baseline -0.003 -14"><span class='ocrx_word' id='word_1_249' title='bbox 478 2219 547 2259; x_wconf 89' lang='lat' dir='ltr'><strong>na</strong></span> <span class='ocrx_word' id='word_1_250' title='bbox 579 2200 828 2273; x_wconf 85' lang='lat' dir='ltr'><strong>operatio</strong></span> <span class='ocrx_word' id='word_1_251' title='bbox 885 2216 997 2257; x_wconf 89' lang='lat' dir='ltr'><strong>non</strong></span> <span class='ocrx_word' id='word_1_252' title='bbox 1052 2200 1293 2266; x_wconf 87' lang='lat' dir='ltr'><strong>dicatur,</strong></span> <span class='ocrx_word' id='word_1_253' title='bbox 1329 2214 1438 2254; x_wconf 91' lang='lat' dir='ltr'><strong>non</strong></span> <span class='ocrx_word' id='word_1_254' title='bbox 1482 2214 1609 2253; x_wconf 81' lang='lat' dir='ltr'><strong>vere</strong></span> <span class='ocrx_word' id='word_1_255' title='bbox 1659 2208 1883 2255; x_wconf 88' lang='lat' dir='ltr'><strong>sanctus</strong></span> <span class='ocrx_word' id='word_1_256' title='bbox 1931 2199 2063 2254; x_wconf 87' lang='lat' dir='ltr'><strong>Dio-</strong></span> 
     </span>
    </p>
   </div>
   <div class='ocr_carea' id='block_1_37' title="bbox 478 2290 2100 2368">
    <p class='ocr_par' dir='ltr' id='par_1_37' title="bbox 478 2290 2100 2368">
     <span class='ocr_line' id='line_1_37' title="bbox 478 2290 2100 2368; baseline -0.002 -18"><span class='ocrx_word' id='word_1_257' title='bbox 478 2295 689 2368; x_wconf 79' lang='lat' dir='ltr'><strong>nysius,</strong></span> <span class='ocrx_word' id='word_1_258' title='bbox 723 2301 781 2350; x_wconf 88' lang='lat' dir='ltr'><strong>et</strong></span> <span class='ocrx_word' id='word_1_259' title='bbox 830 2301 1102 2364; x_wconf 88' lang='lat' dir='ltr'><strong>quotquot</strong></span> <span class='ocrx_word' id='word_1_260' title='bbox 1137 2300 1266 2347; x_wconf 88' lang='lat' dir='ltr'><strong>sunt</strong></span> <span class='ocrx_word' id='word_1_261' title='bbox 1305 2290 1382 2345; x_wconf 93' lang='lat' dir='ltr'><strong>illi</strong></span> <span class='ocrx_word' id='word_1_262' title='bbox 1422 2291 1658 2360; x_wconf 70' lang='lat' dir='ltr'><strong>aequales</strong></span> <span class='ocrx_word' id='word_1_263' title='bbox 1721 2299 1779 2345; x_wconf 90' lang='lat' dir='ltr'><strong>et</strong></span> <span class='ocrx_word' id='word_1_264' title='bbox 1832 2291 2059 2355; x_wconf 89' lang='lat' dir='ltr'><strong>similes,</strong></span> <span class='ocrx_word' id='word_1_265' title='bbox 2097 2343 2100 2347; x_wconf 76' lang='grc'><strong>,</strong></span> 
     </span>
    </p>
   </div>
   <div class='ocr_carea' id='block_1_38' title="bbox 478 2379 2059 2456">
    <p class='ocr_par' dir='ltr' id='par_1_38' title="bbox 478 2379 2059 2456">
     <span class='ocr_line' id='line_1_38' title="bbox 478 2379 2059 2456; baseline -0.005 -14"><span class='ocrx_word' id='word_1_266' title='bbox 478 2385 981 2456; x_wconf 81' lang='lat' dir='ltr'><strong>supereminentem</strong></span> <span class='ocrx_word' id='word_1_267' title='bbox 1055 2396 1175 2439; x_wconf 85' lang='lat' dir='ltr'><strong>esse</strong></span> <span class='ocrx_word' id='word_1_268' title='bbox 1254 2381 1621 2439; x_wconf 80' lang='lat' dir='ltr'><strong>substantiam</strong></span> <span class='ocrx_word' id='word_1_269' title='bbox 1677 2380 1774 2436; x_wconf 90' lang='lat' dir='ltr'><strong>Dei</strong></span> <span class='ocrx_word' id='word_1_270' title='bbox 1841 2379 2059 2434; x_wconf 85' lang='lat' dir='ltr'><strong>docent.</strong></span> 
     </span>
    </p>
   </div>
   <div class='ocr_carea' id='block_1_39' title="bbox 477 2472 2060 2546">
    <p class='ocr_par' dir='ltr' id='par_1_39' title="bbox 477 2472 2060 2546">
     <span class='ocr_line' id='line_1_39' title="bbox 477 2472 2060 2546; baseline -0.008 -9"><span class='ocrx_word' id='word_1_271' title='bbox 477 2477 621 2537; x_wconf 79' lang='lat' dir='ltr'><strong>Fieri</strong></span> <span class='ocrx_word' id='word_1_272' title='bbox 658 2477 807 2532; x_wconf 88' lang='lat' dir='ltr'><strong>enim</strong></span> <span class='ocrx_word' id='word_1_273' title='bbox 838 2492 947 2531; x_wconf 93' lang='lat' dir='ltr'><strong>non</strong></span> <span class='ocrx_word' id='word_1_274' title='bbox 977 2481 1273 2543; x_wconf 70' lang='lat' dir='ltr'><strong>potest,,ut</strong></span> <span class='ocrx_word' id='word_1_275' title='bbox 1302 2473 1436 2546; x_wconf 89' lang='lat' dir='ltr'><strong>quid</strong></span> <span class='ocrx_word' id='word_1_276' title='bbox 1467 2472 1918 2544; x_wconf 86' lang='lat' dir='ltr'><strong>superemineat,</strong></span> <span class='ocrx_word' id='word_1_277' title='bbox 1952 2477 2060 2526; x_wconf 76' lang='lat' dir='ltr'><strong>nan</strong></span> 
     </span>
    </p>
   </div>
   <div class='ocr_carea' id='block_1_40' title="bbox 473 2563 2064 2640">
    <p class='ocr_par' dir='ltr' id='par_1_40' title="bbox 473 2563 2064 2640">
     <span class='ocr_line' id='line_1_40' title="bbox 473 2563 2064 2640; baseline -0.006 -12"><span class='ocrx_word' id='word_1_278' title='bbox 473 2571 804 2637; x_wconf 79' lang='lat' dir='ltr'><strong>exsistente,</strong></span> <span class='ocrx_word' id='word_1_279' title='bbox 834 2567 982 2640; x_wconf 88' lang='lat' dir='ltr'><strong>quod</strong></span> <span class='ocrx_word' id='word_1_280' title='bbox 1027 2567 1168 2622; x_wconf 75' lang='lat' dir='ltr'><strong>intra</strong></span> <span class='ocrx_word' id='word_1_281' title='bbox 1221 2568 1314 2624; x_wconf 85' lang='lat' dir='ltr'><strong>sit.</strong></span> <span class='ocrx_word' id='word_1_282' title='bbox 1356 2586 1373 2619; x_wconf 81' lang='grc' dir='ltr'><strong>ι</strong></span> <span class='ocrx_word' id='word_1_283' title='bbox 1407 2564 1474 2621; x_wconf 85' lang='grc' dir='ltr'>Ει</span> <span class='ocrx_word' id='word_1_284' title='bbox 1509 2567 1563 2620; x_wconf 89' lang='lat' dir='ltr'><strong>in</strong></span> <span class='ocrx_word' id='word_1_285' title='bbox 1596 2565 1868 2630; x_wconf 87' lang='lat' dir='ltr'><strong>oratione,</strong></span> <span class='ocrx_word' id='word_1_286' title='bbox 1905 2563 2064 2635; x_wconf 84' lang='lat' dir='ltr'><strong>cujus</strong></span> 
     </span>
    </p>
   </div>
   <div class='ocr_carea' id='block_1_41' title="bbox 473 2656 2057 2731">
    <p class='ocr_par' dir='ltr' id='par_1_41' title="bbox 473 2656 2057 2731">
     <span class='ocr_line' id='line_1_41' title="bbox 473 2656 2057 2731; baseline -0.004 -14"><span class='ocrx_word' id='word_1_287' title='bbox 473 2662 694 2717; x_wconf 88' lang='lat' dir='ltr'><strong>initium</strong></span> <span class='ocrx_word' id='word_1_288' title='bbox 726 2675 742 2715; x_wconf 88' lang='lat'><strong>:</strong></span> <span class='ocrx_word' id='word_1_289' title='bbox 772 2660 816 2715; x_wconf 87' lang='grc' dir='ltr'><em>Α</em></span> <span class='ocrx_word' id='word_1_290' title='bbox 867 2661 1064 2731; x_wconf 76' lang='lat' dir='ltr'><strong>spiritu</strong></span> <span class='ocrx_word' id='word_1_291' title='bbox 1115 2660 1362 2715; x_wconf 76' lang='lat' dir='ltr'><strong>excitatis</strong></span> <span class='ocrx_word' id='word_1_292' title='bbox 1395 2658 1645 2713; x_wconf 78' lang='lat' dir='ltr'><strong>Patribus</strong></span> <span class='ocrx_word' id='word_1_293' title='bbox 1667 2673 1685 2712; x_wconf 90' lang='lat'><em>:</em></span> <span class='ocrx_word' id='word_1_294' title='bbox 1716 2676 1734 2709; x_wconf 84' lang='grc' dir='ltr'><strong>ι</strong></span> <span class='ocrx_word' id='word_1_295' title='bbox 1786 2656 2057 2723; x_wconf 84' lang='lat' dir='ltr'><strong>Quoniam</strong></span> 
     </span>
    </p>
   </div>
   <div class='ocr_carea' id='block_1_42' title="bbox 470 2748 2056 2822">
    <p class='ocr_par' dir='ltr' id='par_1_42' title="bbox 470 2748 2056 2822">
     <span class='ocr_line' id='line_1_42' title="bbox 470 2748 2056 2822; baseline -0.004 -14"><span class='ocrx_word' id='word_1_296' title='bbox 470 2751 641 2818; x_wconf 89' lang='lat' dir='ltr'><strong>enim,</strong></span> <span class='ocrx_word' id='word_1_297' title='bbox 673 2751 900 2822; x_wconf 77' lang='lat' dir='ltr'><strong>inquit,</strong></span> <span class='ocrx_word' id='word_1_298' title='bbox 948 2759 1006 2806; x_wconf 90' lang='lat' dir='ltr'><strong>et</strong></span> <span class='ocrx_word' id='word_1_299' title='bbox 1061 2751 1156 2805; x_wconf 70' lang='lat' dir='ltr'><strong>Dei</strong></span> <span class='ocrx_word' id='word_1_300' title='bbox 1221 2762 1420 2805; x_wconf 87' lang='lat' dir='ltr'><strong>natura</strong></span> <span class='ocrx_word' id='word_1_301' title='bbox 1496 2749 1672 2804; x_wconf 85' lang='lat' dir='ltr'><strong>deitas</strong></span> <span class='ocrx_word' id='word_1_302' title='bbox 1727 2748 2056 2820; x_wconf 82' lang='lat' dir='ltr'><strong>appellatur,</strong></span> 
     </span>
    </p>
   </div>
   <div class='ocr_carea' id='block_1_43' title="bbox 469 2836 2055 2919">
    <p class='ocr_par' dir='ltr' id='par_1_43' title="bbox 469 2836 2055 2919">
     <span class='ocr_line' id='line_1_43' title="bbox 469 2836 2055 2919; baseline -0.004 -16"><span class='ocrx_word' id='word_1_303' title='bbox 469 2849 643 2919; x_wconf 77' lang='lat' dir='ltr'><strong>magis</strong></span> <span class='ocrx_word' id='word_1_304' title='bbox 701 2857 883 2903; x_wconf 89' lang='lat' dir='ltr'><strong>autem</strong></span> <span class='ocrx_word' id='word_1_305' title='bbox 951 2836 1174 2916; x_wconf 83' lang='lat' dir='ltr'><strong>proprie</strong></span> <span class='ocrx_word' id='word_1_306' title='bbox 1210 2845 1484 2917; x_wconf 88' lang='lat' dir='ltr'><strong>operatio.</strong></span> <span class='ocrx_word' id='word_1_307' title='bbox 1525 2861 1544 2896; x_wconf 86' lang='grc'><strong>›</strong></span> <span class='ocrx_word' id='word_1_308' title='bbox 1593 2842 1660 2897; x_wconf 86' lang='grc' dir='ltr'>Ει</span> <span class='ocrx_word' id='word_1_309' title='bbox 1700 2842 1755 2896; x_wconf 91' lang='lat' dir='ltr'><strong>in</strong></span> <span class='ocrx_word' id='word_1_310' title='bbox 1812 2842 2055 2913; x_wconf 79' lang='lat' dir='ltr'><strong>Dialogo,</strong></span> 
     </span>
    </p>
   </div>
   <div class='ocr_carea' id='block_1_44' title="bbox 471 2930 2054 3010">
    <p class='ocr_par' dir='ltr' id='par_1_44' title="bbox 471 2930 2054 3010">
     <span class='ocr_line' id='line_1_44' title="bbox 471 2930 2054 3010; baseline -0.003 -17"><span class='ocrx_word' id='word_1_311' title='bbox 471 2941 635 3010; x_wconf 82' lang='lat' dir='ltr'><strong>cujus</strong></span> <span class='ocrx_word' id='word_1_312' title='bbox 691 2937 980 3009; x_wconf 80' lang='lat' dir='ltr'><strong>inseriptio</strong></span> <span class='ocrx_word' id='word_1_313' title='bbox 1036 2930 1360 2991; x_wconf 42' lang='lat' dir='ltr'><strong>Bartam’ites</strong></span> <span class='ocrx_word' id='word_1_314' title='bbox 1394 2944 1443 2990; x_wconf 83' lang='lat' dir='ltr'><strong>et</strong></span> <span class='ocrx_word' id='word_1_315' title='bbox 1493 2934 1851 3000; x_wconf 71' lang='lat' dir='ltr'><strong>Orthodoxus,</strong></span> <span class='ocrx_word' id='word_1_316' title='bbox 1883 2953 1900 2987; x_wconf 81' lang='grc' dir='ltr'><strong>ι</strong></span> <span class='ocrx_word' id='word_1_317' title='bbox 1938 2933 2054 2989; x_wconf 87' lang='lat' dir='ltr'><strong>Una</strong></span> 
     </span>
    </p>
   </div>
   <div class='ocr_carea' id='block_1_45' title="bbox 471 3027 2054 3102">
    <p class='ocr_par' dir='ltr' id='par_1_45' title="bbox 471 3027 2054 3102">
     <span class='ocr_line' id='line_1_45' title="bbox 471 3027 2054 3102; baseline -0.004 -15"><span class='ocrx_word' id='word_1_318' title='bbox 471 3041 576 3100; x_wconf 87' lang='lat' dir='ltr'><strong>est,</strong></span> <span class='ocrx_word' id='word_1_319' title='bbox 614 3031 814 3102; x_wconf 88' lang='lat' dir='ltr'><strong>inquit,</strong></span> <span class='ocrx_word' id='word_1_320' title='bbox 845 3030 1013 3085; x_wconf 89' lang='lat' dir='ltr'><strong>trium</strong></span> <span class='ocrx_word' id='word_1_321' title='bbox 1073 3031 1439 3102; x_wconf 83' lang='lat' dir='ltr'><strong>bypostaseon</strong></span> <span class='ocrx_word' id='word_1_322' title='bbox 1490 3027 1687 3092; x_wconf 85' lang='lat' dir='ltr'><strong>deitas,</strong></span> <span class='ocrx_word' id='word_1_323' title='bbox 1723 3042 1819 3082; x_wconf 88' lang='lat' dir='ltr'><strong>seu</strong></span> <span class='ocrx_word' id='word_1_324' title='bbox 1861 3040 2054 3081; x_wconf 83' lang='lat' dir='ltr'><strong>natura</strong></span> 
     </span>
    </p>
   </div>
   <div class='ocr_carea' id='block_1_46' title="bbox 468 3118 2054 3192">
    <p class='ocr_par' dir='ltr' id='par_1_46' title="bbox 468 3118 2054 3192">
     <span class='ocr_line' id='line_1_46' title="bbox 468 3118 2054 3192; baseline -0.005 -12"><span class='ocrx_word' id='word_1_325' title='bbox 468 3134 525 3180; x_wconf 89' lang='lat' dir='ltr'><strong>et</strong></span> <span class='ocrx_word' id='word_1_326' title='bbox 549 3122 854 3180; x_wconf 80' lang='lat' dir='ltr'><strong>substantia</strong></span> <span class='ocrx_word' id='word_1_327' title='bbox 891 3121 1457 3192; x_wconf 86' lang='lat' dir='ltr'><strong>supersubstantialis,</strong></span> <span class='ocrx_word' id='word_1_328' title='bbox 1500 3120 1753 3190; x_wconf 82' lang='lat' dir='ltr'><strong>simplex,</strong></span> <span class='ocrx_word' id='word_1_329' title='bbox 1797 3118 2054 3175; x_wconf 81' lang='lat' dir='ltr'><strong>invisibi-</strong></span> 
     </span>
    </p>
   </div>
   <div class='ocr_carea' id='block_1_47' title="bbox 466 3210 2128 3309">
    <p class='ocr_par' dir='ltr' id='par_1_47' title="bbox 466 3210 2128 3309">
     <span class='ocr_line' id='line_1_47' title="bbox 466 3210 2128 3309; baseline -0.005 -34"><span class='ocrx_word' id='word_1_330' title='bbox 466 3220 563 3285; x_wconf 88' lang='lat' dir='ltr'><strong>lis,</strong></span> <span class='ocrx_word' id='word_1_331' title='bbox 588 3214 1280 3309; x_wconf 75' lang='lat' dir='ltr'><strong>inintelli&#39;gibilis,prorsus</strong></span> <span class='ocrx_word' id='word_1_332' title='bbox 1317 3214 1862 3309; x_wconf 31' lang='lat' dir='ltr'><strong>imparticipabilisii</strong></span> <span class='ocrx_word' id='word_1_333' title='bbox 1900 3210 2052 3268; x_wconf 81' lang='lat' dir='ltr'><strong>Reli-</strong></span> <span class='ocrx_word' id='word_1_334' title='bbox 2084 3251 2128 3309; x_wconf 69' lang='grc' dir='ltr'>ο</span> 
     </span>
    </p>
   </div>
   <div class='ocr_carea' id='block_1_48' title="bbox 467 3303 2053 3381">
    <p class='ocr_par' dir='ltr' id='par_1_48' title="bbox 467 3303 2053 3381">
     <span class='ocr_line' id='line_1_48' title="bbox 467 3303 2053 3381; baseline -0.006 -15"><span class='ocrx_word' id='word_1_335' title='bbox 467 3326 590 3381; x_wconf 80' lang='lat' dir='ltr'><strong>quae</strong></span> <span class='ocrx_word' id='word_1_336' title='bbox 611 3325 761 3375; x_wconf 87' lang='lat' dir='ltr'><strong>vero,</strong></span> <span class='ocrx_word' id='word_1_337' title='bbox 781 3323 900 3379; x_wconf 79' lang='lat' dir='ltr'><strong>quae</strong></span> <span class='ocrx_word' id='word_1_338' title='bbox 924 3323 954 3361; x_wconf 90' lang='lat' dir='ltr'><strong>a</strong></span> <span class='ocrx_word' id='word_1_339' title='bbox 984 3306 1193 3362; x_wconf 89' lang='lat' dir='ltr'><strong>sanctis</strong></span> <span class='ocrx_word' id='word_1_340' title='bbox 1218 3307 1480 3361; x_wconf 81' lang='lat' dir='ltr'><strong>dicuntur</strong></span> <span class='ocrx_word' id='word_1_341' title='bbox 1507 3303 1898 3375; x_wconf 69' lang='lat' dir='ltr'><strong>deitates,lsive</strong></span> <span class='ocrx_word' id='word_1_342' title='bbox 1925 3318 2053 3366; x_wconf 90' lang='lat' dir='ltr'><strong>una,</strong></span> 
     </span>
    </p>
   </div>
   <div class='ocr_carea' id='block_1_49' title="bbox 468 3396 2057 3470">
    <p class='ocr_par' dir='ltr' id='par_1_49' title="bbox 468 3396 2057 3470">
     <span class='ocr_line' id='line_1_49' title="bbox 468 3396 2057 3470; baseline -0.006 -11"><span class='ocrx_word' id='word_1_343' title='bbox 468 3406 584 3459; x_wconf 87' lang='lat' dir='ltr'><strong>sive</strong></span> <span class='ocrx_word' id='word_1_344' title='bbox 617 3406 757 3470; x_wconf 69' lang='lat' dir='ltr'><strong>duae,</strong></span> <span class='ocrx_word' id='word_1_345' title='bbox 790 3402 903 3456; x_wconf 82' lang='lat' dir='ltr'><strong>sive</strong></span> <span class='ocrx_word' id='word_1_346' title='bbox 931 3399 1117 3470; x_wconf 86' lang='lat' dir='ltr'><strong>plures</strong></span> <span class='ocrx_word' id='word_1_347' title='bbox 1152 3407 1302 3454; x_wconf 87' lang='lat' dir='ltr'><strong>sunt.</strong></span> <span class='ocrx_word' id='word_1_348' title='bbox 1339 3398 1474 3452; x_wconf 82' lang='lat' dir='ltr'><strong>Nam</strong></span> <span class='ocrx_word' id='word_1_349' title='bbox 1511 3396 1666 3461; x_wconf 88' lang='lat' dir='ltr'><strong>illud,</strong></span> <span class='ocrx_word' id='word_1_350' title='bbox 1700 3396 1902 3466; x_wconf 86' lang='lat' dir='ltr'><strong>ubique</strong></span> <span class='ocrx_word' id='word_1_351' title='bbox 1933 3409 2057 3450; x_wconf 82' lang='lat' dir='ltr'><strong>esse</strong></span> 
     </span>
    </p>
   </div>
   <div class='ocr_carea' id='block_1_50' title="bbox 366 3487 2055 3560">
    <p class='ocr_par' dir='ltr' id='par_1_50' title="bbox 366 3487 2055 3560">
     <span class='ocr_line' id='line_1_50' title="bbox 366 3487 2055 3560; baseline -0.004 -10"><span class='ocrx_word' id='word_1_352' title='bbox 366 3487 370 3491; x_wconf 71' lang='grc'><em>’</em></span> <span class='ocrx_word' id='word_1_353' title='bbox 469 3496 578 3549; x_wconf 80' lang='grc' dir='ltr'>ἀπὸ</span> <span class='ocrx_word' id='word_1_354' title='bbox 608 3495 701 3548; x_wconf 84' lang='grc' dir='ltr'><strong>τοῦ</strong></span> <span class='ocrx_word' id='word_1_355' title='bbox 739 3496 869 3559; x_wconf 82' lang='grc' dir='ltr'>θεῖν,</span> <span class='ocrx_word' id='word_1_356' title='bbox 900 3508 928 3547; x_wconf 91' lang='lat' dir='ltr'><strong>a</strong></span> <span class='ocrx_word' id='word_1_357' title='bbox 957 3490 1254 3556; x_wconf 88' lang='lat' dir='ltr'><strong>currendo,</strong></span> <span class='ocrx_word' id='word_1_358' title='bbox 1283 3497 1338 3545; x_wconf 92' lang='lat' dir='ltr'><strong>et</strong></span> <span class='ocrx_word' id='word_1_359' title='bbox 1380 3488 1537 3559; x_wconf 86' lang='lat' dir='ltr'><strong>quasi</strong></span> <span class='ocrx_word' id='word_1_360' title='bbox 1591 3489 1798 3560; x_wconf 88' lang='lat' dir='ltr'><strong>ubique</strong></span> <span class='ocrx_word' id='word_1_361' title='bbox 1848 3487 2055 3558; x_wconf 87' lang='lat' dir='ltr'><strong>pertin-</strong></span> 
     </span>
    </p>
   </div>
   <div class='ocr_carea' id='block_1_51' title="bbox 467 3580 2052 3658">
    <p class='ocr_par' dir='ltr' id='par_1_51' title="bbox 467 3580 2052 3658">
     <span class='ocr_line' id='line_1_51' title="bbox 467 3580 2052 3658; baseline -0.005 -17"><span class='ocrx_word' id='word_1_362' title='bbox 467 3587 682 3658; x_wconf 78' lang='lat' dir='ltr'><strong>gendo;</strong></span> <span class='ocrx_word' id='word_1_363' title='bbox 742 3587 870 3640; x_wconf 88' lang='lat' dir='ltr'><strong>item</strong></span> <span class='ocrx_word' id='word_1_364' title='bbox 931 3582 1123 3637; x_wconf 90' lang='lat' dir='ltr'><strong>nullibi</strong></span> <span class='ocrx_word' id='word_1_365' title='bbox 1174 3596 1294 3637; x_wconf 87' lang='lat' dir='ltr'><strong>csse</strong></span> <span class='ocrx_word' id='word_1_366' title='bbox 1339 3581 1726 3646; x_wconf 88' lang='lat' dir='ltr'><strong>decurrendo,</strong></span> <span class='ocrx_word' id='word_1_367' title='bbox 1786 3590 1842 3646; x_wconf 87' lang='lat' dir='ltr'><strong>et</strong></span> <span class='ocrx_word' id='word_1_368' title='bbox 1899 3580 2052 3650; x_wconf 75' lang='lat' dir='ltr'><strong>quasi</strong></span> 
     </span>
    </p>
   </div>
   <div class='ocr_carea' id='block_1_52' title="bbox 475 3671 2056 3747">
    <p class='ocr_par' dir='ltr' id='par_1_52' title="bbox 475 3671 2056 3747">
     <span class='ocr_line' id='line_1_52' title="bbox 475 3671 2056 3747; baseline -0.004 -16"><span class='ocrx_word' id='word_1_369' title='bbox 475 3678 683 3747; x_wconf 83' lang='lat' dir='ltr'><strong>ubique</strong></span> <span class='ocrx_word' id='word_1_370' title='bbox 734 3673 996 3747; x_wconf 76' lang='lat' dir='ltr'><strong>fugiendo</strong></span> <span class='ocrx_word' id='word_1_371' title='bbox 1058 3673 1238 3730; x_wconf 88' lang='lat' dir='ltr'><strong>deitas</strong></span> <span class='ocrx_word' id='word_1_372' title='bbox 1295 3675 1734 3743; x_wconf 78' lang='lat' dir='ltr'><strong>cognominatur.</strong></span> <span class='ocrx_word' id='word_1_373' title='bbox 1786 3671 2056 3743; x_wconf 87' lang='lat' dir='ltr'><strong>Splendor</strong></span> 
     </span>
    </p>
   </div>
   <div class='ocr_carea' id='block_1_53' title="bbox 465 3766 2058 3838">
    <p class='ocr_par' dir='ltr' id='par_1_53' title="bbox 465 3766 2058 3838">
     <span class='ocr_line' id='line_1_53' title="bbox 465 3766 2058 3838; baseline -0.003 -14"><span class='ocrx_word' id='word_1_374' title='bbox 465 3772 598 3824; x_wconf 86' lang='lat' dir='ltr'><strong>item</strong></span> <span class='ocrx_word' id='word_1_375' title='bbox 653 3768 796 3834; x_wconf 89' lang='lat' dir='ltr'><strong>Dei‘,</strong></span> <span class='ocrx_word' id='word_1_376' title='bbox 832 3783 994 3838; x_wconf 76' lang='lat' dir='ltr'><strong>quem</strong></span> <span class='ocrx_word' id='word_1_377' title='bbox 1037 3777 1093 3822; x_wconf 90' lang='lat' dir='ltr'><strong>et</strong></span> <span class='ocrx_word' id='word_1_378' title='bbox 1140 3767 1373 3836; x_wconf 81' lang='lat' dir='ltr'><strong>apostoli</strong></span> <span class='ocrx_word' id='word_1_379' title='bbox 1431 3766 1484 3819; x_wconf 87' lang='lat' dir='ltr'><strong>in</strong></span> <span class='ocrx_word' id='word_1_380' title='bbox 1527 3773 1710 3820; x_wconf 88' lang='lat' dir='ltr'><strong>monte</strong></span> <span class='ocrx_word' id='word_1_381' title='bbox 1757 3779 2058 3835; x_wconf 81' lang='lat' dir='ltr'><strong>conspexe-</strong></span> 
     </span>
    </p>
   </div>
   <div class='ocr_carea' id='block_1_54' title="bbox 467 3856 2054 3928">
    <p class='ocr_par' dir='ltr' id='par_1_54' title="bbox 467 3856 2054 3928">
     <span class='ocr_line' id='line_1_54' title="bbox 467 3856 2054 3928; baseline -0.003 -12"><span class='ocrx_word' id='word_1_382' title='bbox 467 3871 618 3928; x_wconf 89' lang='lat' dir='ltr'><strong>runt,</strong></span> <span class='ocrx_word' id='word_1_383' title='bbox 652 3861 825 3916; x_wconf 83' lang='lat' dir='ltr'><strong>deitas</strong></span> <span class='ocrx_word' id='word_1_384' title='bbox 853 3860 1054 3915; x_wconf 84' lang='lat' dir='ltr'><strong>dicitur</strong></span> <span class='ocrx_word' id='word_1_385' title='bbox 1092 3858 1199 3913; x_wconf 75' lang='grc' dir='ltr'>ἀπὸ</span> <span class='ocrx_word' id='word_1_386' title='bbox 1225 3857 1320 3912; x_wconf 83' lang='grc' dir='ltr'><strong>τοῦ</strong></span> <span class='ocrx_word' id='word_1_387' title='bbox 1351 3857 1557 3923; x_wconf 84' lang='grc' dir='ltr'>αῐθειν,</span> <span class='ocrx_word' id='word_1_388' title='bbox 1583 3858 1651 3912; x_wconf 77' lang='lat' dir='ltr'><strong>ab</strong></span> <span class='ocrx_word' id='word_1_389' title='bbox 1690 3874 1756 3912; x_wconf 80' lang='lat' dir='ltr'><strong>eo</strong></span> <span class='ocrx_word' id='word_1_390' title='bbox 1797 3856 1941 3928; x_wconf 89' lang='lat' dir='ltr'><strong>quod</strong></span> <span class='ocrx_word' id='word_1_391' title='bbox 1971 3868 2054 3912; x_wconf 91' lang='lat' dir='ltr'><strong>est</strong></span> 
     </span>
    </p>
   </div>
   <div class='ocr_carea' id='block_1_55' title="bbox 466 3950 2054 4019">
    <p class='ocr_par' dir='ltr' id='par_1_55' title="bbox 466 3950 2054 4019">
     <span class='ocr_line' id='line_1_55' title="bbox 466 3950 2054 4019; baseline -0.004 -10"><span class='ocrx_word' id='word_1_392' title='bbox 466 3955 685 4019; x_wconf 87' lang='lat' dir='ltr'><strong>ardere,</strong></span> <span class='ocrx_word' id='word_1_393' title='bbox 718 3952 825 4009; x_wconf 82' lang='lat' dir='ltr'><strong>hoc</strong></span> <span class='ocrx_word' id='word_1_394' title='bbox 885 3961 970 4008; x_wconf 85' lang='lat' dir='ltr'><strong>est</strong></span> <span class='ocrx_word' id='word_1_395' title='bbox 1019 3951 1363 4016; x_wconf 87' lang='lat' dir='ltr'><strong>comburere,</strong></span> <span class='ocrx_word' id='word_1_396' title='bbox 1416 3960 1579 4018; x_wconf 74' lang='lat' dir='ltr'><strong>atque</strong></span> <span class='ocrx_word' id='word_1_397' title='bbox 1632 3965 1850 4004; x_wconf 86' lang='lat' dir='ltr'><strong>omnem</strong></span> <span class='ocrx_word' id='word_1_398' title='bbox 1901 3950 2054 4004; x_wconf 69' lang='lat' dir='ltr'><strong>mali.</strong></span> 
     </span>
    </p>
   </div>
   <div class='ocr_carea' id='block_1_56' title="bbox 468 4044 2051 4109">
    <p class='ocr_par' dir='ltr' id='par_1_56' title="bbox 468 4044 2051 4109">
     <span class='ocr_line' id='line_1_56' title="bbox 468 4044 2051 4109; baseline -0.003 -7"><span class='ocrx_word' id='word_1_399' title='bbox 468 4049 598 4102; x_wconf 87' lang='lat' dir='ltr'><strong>tiam</strong></span> <span class='ocrx_word' id='word_1_400' title='bbox 632 4061 974 4102; x_wconf 89' lang='lat' dir='ltr'><strong>consumere.</strong></span> <span class='ocrx_word' id='word_1_401' title='bbox 1008 4047 1140 4101; x_wconf 91' lang='lat' dir='ltr'><strong>Item</strong></span> <span class='ocrx_word' id='word_1_402' title='bbox 1174 4047 1316 4100; x_wconf 90' lang='lat' dir='ltr'><strong>scire</strong></span> <span class='ocrx_word' id='word_1_403' title='bbox 1342 4045 1522 4099; x_wconf 84' lang='lat' dir='ltr'><strong>omnia</strong></span> <span class='ocrx_word' id='word_1_404' title='bbox 1555 4045 1662 4097; x_wconf 67' lang='grc' dir='ltr'><strong>ἀπὸ</strong></span> <span class='ocrx_word' id='word_1_405' title='bbox 1691 4045 1783 4095; x_wconf 72' lang='grc' dir='ltr'><strong>τοῦ</strong></span> <span class='ocrx_word' id='word_1_406' title='bbox 1804 4044 2051 4109; x_wconf 72' lang='grc' dir='ltr'>θεᾶσθαι,</span> 
     </span>
    </p>
   </div>
   <div class='ocr_carea' id='block_1_57' title="bbox 465 4137 2055 4209">
    <p class='ocr_par' dir='ltr' id='par_1_57' title="bbox 465 4137 2055 4209">
     <span class='ocr_line' id='line_1_57' title="bbox 465 4137 2055 4209; baseline -0.004 -13"><span class='ocrx_word' id='word_1_407' title='bbox 465 4142 535 4196; x_wconf 85' lang='lat' dir='ltr'><strong>ab</strong></span> <span class='ocrx_word' id='word_1_408' title='bbox 574 4141 843 4209; x_wconf 88' lang='lat' dir='ltr'><strong>aspicere,</strong></span> <span class='ocrx_word' id='word_1_409' title='bbox 894 4138 1039 4208; x_wconf 82' lang='lat' dir='ltr'><strong>quod</strong></span> <span class='ocrx_word' id='word_1_410' title='bbox 1089 4137 1231 4191; x_wconf 88' lang='lat' dir='ltr'><strong>Deus</strong></span> <span class='ocrx_word' id='word_1_411' title='bbox 1285 4145 1481 4191; x_wconf 85' lang='lat' dir='ltr'><strong>cuncta</strong></span> <span class='ocrx_word' id='word_1_412' title='bbox 1540 4137 1871 4205; x_wconf 73' lang='lat' dir='ltr'><strong>conspiciat,</strong></span> <span class='ocrx_word' id='word_1_413' title='bbox 1902 4144 2055 4190; x_wconf 84' lang='lat' dir='ltr'><strong>ante-</strong></span> 
     </span>
    </p>
   </div>
   <div class='ocr_carea' id='block_1_58' title="bbox 467 4228 2053 4304">
    <p class='ocr_par' dir='ltr' id='par_1_58' title="bbox 467 4228 2053 4304">
     <span class='ocr_line' id='line_1_58' title="bbox 467 4228 2053 4304; baseline -0.003 -17"><span class='ocrx_word' id='word_1_414' title='bbox 467 4248 630 4304; x_wconf 88' lang='lat' dir='ltr'><strong>quam</strong></span> <span class='ocrx_word' id='word_1_415' title='bbox 674 4231 828 4295; x_wconf 82' lang='lat' dir='ltr'><strong>iiant,</strong></span> <span class='ocrx_word' id='word_1_416' title='bbox 872 4239 929 4285; x_wconf 89' lang='lat' dir='ltr'><strong>et</strong></span> <span class='ocrx_word' id='word_1_417' title='bbox 975 4229 1265 4300; x_wconf 83' lang='lat' dir='ltr'><strong>providere</strong></span> <span class='ocrx_word' id='word_1_418' title='bbox 1319 4229 1427 4282; x_wconf 77' lang='grc' dir='ltr'><strong>ἀπὸ</strong></span> <span class='ocrx_word' id='word_1_419' title='bbox 1481 4228 1574 4280; x_wconf 78' lang='grc' dir='ltr'>τοῦ</span> <span class='ocrx_word' id='word_1_420' title='bbox 1611 4230 1836 4298; x_wconf 78' lang='grc' dir='ltr'>ἐφορᾷν,</span> <span class='ocrx_word' id='word_1_421' title='bbox 1873 4229 1940 4283; x_wconf 88' lang='lat' dir='ltr'><strong>ab</strong></span> <span class='ocrx_word' id='word_1_422' title='bbox 1985 4243 2053 4282; x_wconf 88' lang='lat' dir='ltr'><strong>eo</strong></span> 
     </span>
    </p>
   </div>
   <div class='ocr_carea' id='block_1_59' title="bbox 467 4317 2050 4393">
    <p class='ocr_par' dir='ltr' id='par_1_59' title="bbox 467 4317 2050 4393">
     <span class='ocr_line' id='line_1_59' title="bbox 467 4317 2050 4393; baseline -0.003 -15"><span class='ocrx_word' id='word_1_423' title='bbox 467 4322 616 4393; x_wconf 83' lang='lat' dir='ltr'><strong>quod</strong></span> <span class='ocrx_word' id='word_1_424' title='bbox 665 4322 943 4391; x_wconf 76' lang='lat' dir='ltr'><strong>inspiciat,</strong></span> <span class='ocrx_word' id='word_1_425' title='bbox 979 4321 1045 4375; x_wconf 85' lang='lat' dir='ltr'><strong>ad</strong></span> <span class='ocrx_word' id='word_1_426' title='bbox 1101 4321 1216 4374; x_wconf 84' lang='lat' dir='ltr'><strong>haec</strong></span> <span class='ocrx_word' id='word_1_427' title='bbox 1251 4331 1305 4373; x_wconf 90' lang='lat' dir='ltr'><strong>et</strong></span> <span class='ocrx_word' id='word_1_428' title='bbox 1355 4317 1612 4374; x_wconf 75' lang='lat' dir='ltr'><strong>deificare</strong></span> <span class='ocrx_word' id='word_1_429' title='bbox 1670 4320 1868 4391; x_wconf 84' lang='lat' dir='ltr'><strong>(deitas</strong></span> <span class='ocrx_word' id='word_1_430' title='bbox 1910 4320 2050 4386; x_wconf 58' lang='lat' dir='ltr'><strong>dicie</strong></span> 
     </span>
    </p>
   </div>
   <div class='ocr_carea' id='block_1_60' title="bbox 467 4411 2049 4484">
    <p class='ocr_par' dir='ltr' id='par_1_60' title="bbox 467 4411 2049 4484">
     <span class='ocr_line' id='line_1_60' title="bbox 467 4411 2049 4484; baseline -0.003 -16"><span class='ocrx_word' id='word_1_431' title='bbox 467 4419 604 4483; x_wconf 87' lang='lat' dir='ltr'><strong>tur).</strong></span> <span class='ocrx_word' id='word_1_432' title='bbox 638 4433 657 4466; x_wconf 79' lang='grc' dir='ltr'><strong>ι</strong></span> <span class='ocrx_word' id='word_1_433' title='bbox 710 4415 774 4468; x_wconf 82' lang='lat' dir='ltr'><strong>Et</strong></span> <span class='ocrx_word' id='word_1_434' title='bbox 830 4422 953 4484; x_wconf 90' lang='lat' dir='ltr'><strong>post</strong></span> <span class='ocrx_word' id='word_1_435' title='bbox 1004 4411 1272 4465; x_wconf 86' lang='lat' dir='ltr'><strong>nonnulla</strong></span> <span class='ocrx_word' id='word_1_436' title='bbox 1315 4429 1329 4466; x_wconf 90' lang='lat'><strong>:</strong></span> <span class='ocrx_word' id='word_1_437' title='bbox 1378 4430 1394 4462; x_wconf 84' lang='grc' dir='ltr'><strong>ι</strong></span> <span class='ocrx_word' id='word_1_438' title='bbox 1448 4411 1685 4466; x_wconf 73' lang='lat' dir='ltr'><strong>Videsne</strong></span> <span class='ocrx_word' id='word_1_439' title='bbox 1739 4411 2049 4477; x_wconf 85' lang='lat' dir='ltr'><strong>evidenter,</strong></span> 
     </span>
    </p>
   </div>
   <div class='ocr_carea' id='block_1_61' title="bbox 461 4503 2054 4579">
    <p class='ocr_par' dir='ltr' id='par_1_61' title="bbox 461 4503 2054 4579">
     <span class='ocr_line' id='line_1_61' title="bbox 461 4503 2054 4579; baseline -0.003 -17"><span class='ocrx_word' id='word_1_440' title='bbox 461 4507 614 4579; x_wconf 87' lang='lat' dir='ltr'><strong>quod</strong></span> <span class='ocrx_word' id='word_1_441' title='bbox 654 4521 763 4562; x_wconf 91' lang='lat' dir='ltr'><strong>non</strong></span> <span class='ocrx_word' id='word_1_442' title='bbox 798 4515 1009 4560; x_wconf 86' lang='lat' dir='ltr'><strong>tantum</strong></span> <span class='ocrx_word' id='word_1_443' title='bbox 1054 4520 1175 4574; x_wconf 75' lang='lat' dir='ltr'><strong>qua:</strong></span> <span class='ocrx_word' id='word_1_444' title='bbox 1227 4520 1456 4574; x_wconf 87' lang='lat' dir='ltr'><strong>prorsus</strong></span> <span class='ocrx_word' id='word_1_445' title='bbox 1517 4512 1601 4559; x_wconf 89' lang='lat' dir='ltr'><strong>est</strong></span> <span class='ocrx_word' id='word_1_446' title='bbox 1650 4503 1965 4569; x_wconf 78' lang='lat' dir='ltr'><strong>invisibilis,</strong></span> <span class='ocrx_word' id='word_1_447' title='bbox 1997 4513 2054 4558; x_wconf 89' lang='lat' dir='ltr'><strong>et.</strong></span> 
     </span>
    </p>
   </div>
   <div class='ocr_carea' id='block_1_62' title="bbox 2174 2007 3761 2082">
    <p class='ocr_par' dir='ltr' id='par_1_62' title="bbox 2174 2007 3761 2082">
     <span class='ocr_line' id='line_1_62' title="bbox 2174 2007 3761 2082; baseline 0.003 -22"><span class='ocrx_word' id='word_1_448' title='bbox 2174 2008 2309 2076; x_wconf 77' lang='grc' dir='ltr'>πρὸς</span> <span class='ocrx_word' id='word_1_449' title='bbox 2360 2007 2454 2061; x_wconf 74' lang='grc' dir='ltr'>τὸν</span> <span class='ocrx_word' id='word_1_450' title='bbox 2505 2008 2860 2077; x_wconf 80' lang='grc' dir='ltr'>νομοφύλακα</span> <span class='ocrx_word' id='word_1_451' title='bbox 2917 2008 3214 2082; x_wconf 84' lang='grc' dir='ltr'>Συμεώνην</span> <span class='ocrx_word' id='word_1_452' title='bbox 3244 2026 3260 2042; x_wconf 68' lang='grc' dir='ltr'><strong>ο</strong></span> <span class='ocrx_word' id='word_1_453' title='bbox 3331 2030 3350 2063; x_wconf 78' lang='grc' dir='ltr'><strong>ι</strong></span> <span class='ocrx_word' id='word_1_454' title='bbox 3402 2011 3463 2065; x_wconf 78' lang='lat' dir='ltr'><strong>Et</strong></span> <span class='ocrx_word' id='word_1_455' title='bbox 3521 2010 3595 2082; x_wconf 81' lang='grc' dir='ltr'>μὴ</span> <span class='ocrx_word' id='word_1_456' title='bbox 3649 2011 3761 2082; x_wconf 81' lang='grc' dir='ltr'>γὰρ</span> 
     </span>
    </p>
   </div>
   <div class='ocr_carea' id='block_1_63' title="bbox 2169 2099 3758 2175">
    <p class='ocr_par' dir='ltr' id='par_1_63' title="bbox 2169 2099 3758 2175">
     <span class='ocr_line' id='line_1_63' title="bbox 2169 2099 3758 2175; baseline 0.004 -24"><span class='ocrx_word' id='word_1_457' title='bbox 2169 2099 2459 2170; x_wconf 76' lang='grc' dir='ltr'>ὑφειμένη,</span> <span class='ocrx_word' id='word_1_458' title='bbox 2493 2102 2680 2169; x_wconf 71' lang='grc' dir='ltr'>φησιν,</span> <span class='ocrx_word' id='word_1_459' title='bbox 2713 2101 2745 2168; x_wconf 77' lang='grc' dir='ltr'><strong>ἢ</strong></span> <span class='ocrx_word' id='word_1_460' title='bbox 2781 2104 3184 2173; x_wconf 79' lang='grc' dir='ltr'>ὑπερεχομένη,</span> <span class='ocrx_word' id='word_1_461' title='bbox 3224 2104 3255 2175; x_wconf 80' lang='grc' dir='ltr'>ἢ</span> <span class='ocrx_word' id='word_1_462' title='bbox 3290 2103 3692 2175; x_wconf 73' lang='grc' dir='ltr'>ὑποϐεϐηκυῖα,</span> <span class='ocrx_word' id='word_1_463' title='bbox 3721 2104 3758 2174; x_wconf 72' lang='grc' dir='ltr'>ἦ</span> 
     </span>
    </p>
   </div>
   <div class='ocr_carea' id='block_1_64' title="bbox 2167 2186 3758 2268">
    <p class='ocr_par' dir='ltr' id='par_1_64' title="bbox 2167 2186 3758 2268">
     <span class='ocr_line' id='line_1_64' title="bbox 2167 2186 3758 2268; baseline 0.004 -25"><span class='ocrx_word' id='word_1_464' title='bbox 2167 2208 2219 2244; x_wconf 85' lang='grc' dir='ltr'><strong>τι</strong></span> <span class='ocrx_word' id='word_1_465' title='bbox 2252 2192 2495 2245; x_wconf 70' lang='grc' dir='ltr'>τοῖοῦτον</span> <span class='ocrx_word' id='word_1_466' title='bbox 2527 2195 2558 2262; x_wconf 85' lang='grc' dir='ltr'><strong>ἡ</strong></span> <span class='ocrx_word' id='word_1_467' title='bbox 2609 2195 2727 2247; x_wconf 87' lang='grc' dir='ltr'>θεία</span> <span class='ocrx_word' id='word_1_468' title='bbox 2767 2193 3021 2264; x_wconf 81' lang='grc' dir='ltr'>ἐνέργεια</span> <span class='ocrx_word' id='word_1_469' title='bbox 3057 2195 3300 2264; x_wconf 82' lang='grc' dir='ltr'>λεχθείη,</span> <span class='ocrx_word' id='word_1_470' title='bbox 3347 2186 3450 2250; x_wconf 73' lang='grc' dir='ltr'><strong>οὐκ</strong></span> <span class='ocrx_word' id='word_1_471' title='bbox 3477 2195 3694 2268; x_wconf 71' lang='grc' dir='ltr'>ἀληθῶς</span> <span class='ocrx_word' id='word_1_472' title='bbox 3728 2198 3758 2249; x_wconf 82' lang='grc' dir='ltr'><strong>δ</strong></span> 
     </span>
    </p>
   </div>
   <div class='ocr_carea' id='block_1_65' title="bbox 2169 2285 3756 2360">
    <p class='ocr_par' dir='ltr' id='par_1_65' title="bbox 2169 2285 3756 2360">
     <span class='ocr_line' id='line_1_65' title="bbox 2169 2285 3756 2360; baseline 0.002 -23"><span class='ocrx_word' id='word_1_473' title='bbox 2169 2285 2321 2352; x_wconf 75' lang='grc' dir='ltr'>ἅγιος</span> <span class='ocrx_word' id='word_1_474' title='bbox 2364 2285 2665 2352; x_wconf 78' lang='grc' dir='ltr'>Διονύσιος,</span> <span class='ocrx_word' id='word_1_475' title='bbox 2699 2289 2792 2341; x_wconf 76' lang='grc' dir='ltr'><strong>καὶ</strong></span> <span class='ocrx_word' id='word_1_476' title='bbox 2824 2287 2941 2340; x_wconf 85' lang='grc' dir='ltr'>ὅσοι</span> <span class='ocrx_word' id='word_1_477' title='bbox 2975 2287 3096 2340; x_wconf 85' lang='grc' dir='ltr'>κατ’</span> <span class='ocrx_word' id='word_1_478' title='bbox 3146 2288 3309 2343; x_wconf 66' lang='grc' dir='ltr'>αὐτὸν</span> <span class='ocrx_word' id='word_1_479' title='bbox 3343 2289 3756 2360; x_wconf 77' lang='grc' dir='ltr'>ὑπερκειμένην</span> 
     </span>
    </p>
   </div>
   <div class='ocr_carea' id='block_1_66' title="bbox 2156 2370 3756 2452">
    <p class='ocr_par' dir='ltr' id='par_1_66' title="bbox 2156 2370 3756 2452">
     <span class='ocr_line' id='line_1_66' title="bbox 2156 2370 3756 2452; baseline 0.004 -26"><span class='ocrx_word' id='word_1_480' title='bbox 2156 2370 2307 2446; x_wconf 33' lang='grc' dir='ltr'>,εἶναι</span> <span class='ocrx_word' id='word_1_481' title='bbox 2338 2374 2651 2430; x_wconf 75' lang='grc' dir='ltr'>διδάσκουσι</span> <span class='ocrx_word' id='word_1_482' title='bbox 2682 2379 2778 2446; x_wconf 80' lang='grc' dir='ltr'><strong>τὴν</strong></span> <span class='ocrx_word' id='word_1_483' title='bbox 2809 2378 2999 2431; x_wconf 70' lang='grc' dir='ltr'>οὐσίαν</span> <span class='ocrx_word' id='word_1_484' title='bbox 3030 2377 3122 2431; x_wconf 86' lang='grc' dir='ltr'><strong>τοῦ</strong></span> <span class='ocrx_word' id='word_1_485' title='bbox 3157 2378 3317 2434; x_wconf 87' lang='grc' dir='ltr'>Θεοῦ.</span> <span class='ocrx_word' id='word_1_486' title='bbox 3349 2380 3423 2433; x_wconf 83' lang='grc' dir='ltr'><strong>Οὐ</strong></span> <span class='ocrx_word' id='word_1_487' title='bbox 3457 2381 3568 2452; x_wconf 82' lang='grc' dir='ltr'>γὰρ</span> <span class='ocrx_word' id='word_1_488' title='bbox 3605 2379 3756 2434; x_wconf 77' lang='grc' dir='ltr'>ἔστιν</span> 
     </span>
    </p>
   </div>
   <div class='ocr_carea' id='block_1_67' title="bbox 2167 2469 3756 2548">
    <p class='ocr_par' dir='ltr' id='par_1_67' title="bbox 2167 2469 3756 2548">
     <span class='ocr_line' id='line_1_67' title="bbox 2167 2469 3756 2548; baseline 0.004 -27"><span class='ocrx_word' id='word_1_489' title='bbox 2167 2469 2530 2540; x_wconf 84' lang='grc' dir='ltr'>ὑπερκεῖσθαι</span> <span class='ocrx_word' id='word_1_490' title='bbox 2567 2470 2641 2542; x_wconf 82' lang='grc' dir='ltr'>μὴ</span> <span class='ocrx_word' id='word_1_491' title='bbox 2675 2471 2827 2534; x_wconf 75' lang='grc' dir='ltr'>ὄντος</span> <span class='ocrx_word' id='word_1_492' title='bbox 2868 2471 2964 2525; x_wconf 87' lang='grc' dir='ltr'><strong>τοῦ</strong></span> <span class='ocrx_word' id='word_1_493' title='bbox 3018 2471 3449 2548; x_wconf 75' lang='grc' dir='ltr'>ὑποϐεϐηκότος.</span> <span class='ocrx_word' id='word_1_494' title='bbox 3490 2492 3512 2527; x_wconf 72' lang='grc' dir='ltr'><strong>ι</strong></span> <span class='ocrx_word' id='word_1_495' title='bbox 3554 2476 3665 2530; x_wconf 79' lang='lat' dir='ltr'><strong>Ka‘t</strong></span> <span class='ocrx_word' id='word_1_496' title='bbox 3695 2475 3756 2528; x_wconf 76' lang='grc' dir='ltr'>ἒν</span> 
     </span>
    </p>
   </div>
   <div class='ocr_carea' id='block_1_68' title="bbox 2169 2560 3754 2635">
    <p class='ocr_par' dir='ltr' id='par_1_68' title="bbox 2169 2560 3754 2635">
     <span class='ocr_line' id='line_1_68' title="bbox 2169 2560 3754 2635; baseline 0.004 -20"><span class='ocrx_word' id='word_1_497' title='bbox 2169 2563 2247 2634; x_wconf 81' lang='grc' dir='ltr'>τῷ</span> <span class='ocrx_word' id='word_1_498' title='bbox 2282 2562 2428 2632; x_wconf 87' lang='grc' dir='ltr'>λόγῳ</span> <span class='ocrx_word' id='word_1_499' title='bbox 2469 2560 2528 2618; x_wconf 70' lang='grc' dir='ltr'>οὗ</span> <span class='ocrx_word' id='word_1_500' title='bbox 2561 2565 2592 2634; x_wconf 79' lang='grc' dir='ltr'>ἡ</span> <span class='ocrx_word' id='word_1_501' title='bbox 2622 2565 2786 2634; x_wconf 72' lang='grc' dir='ltr'>ἀρχὴ,</span> <span class='ocrx_word' id='word_1_502' title='bbox 2840 2565 2969 2630; x_wconf 74' lang='grc' dir='ltr'>Τοῖς</span> <span class='ocrx_word' id='word_1_503' title='bbox 3021 2565 3602 2635; x_wconf 77' lang='grc' dir='ltr'>πνευματοκινήτοις</span> <span class='ocrx_word' id='word_1_504' title='bbox 3632 2565 3754 2620; x_wconf 74' lang='grc' dir='ltr'><strong>τῶν</strong></span> 
     </span>
    </p>
   </div>
   <div class='ocr_carea' id='block_1_69' title="bbox 2164 2653 3753 2736">
    <p class='ocr_par' dir='ltr' id='par_1_69' title="bbox 2164 2653 3753 2736">
     <span class='ocr_line' id='line_1_69' title="bbox 2164 2653 3753 2736; baseline 0.002 -29"><span class='ocrx_word' id='word_1_505' title='bbox 2164 2653 2466 2722; x_wconf 68' lang='grc' dir='ltr'>Πατέρωιι·,</span> <span class='ocrx_word' id='word_1_506' title='bbox 2511 2672 2527 2704; x_wconf 88' lang='grc' dir='ltr'><strong>ι</strong></span> <span class='ocrx_word' id='word_1_507' title='bbox 2573 2655 2793 2726; x_wconf 79' lang='grc' dir='ltr'>Ἐπειδὴ</span> <span class='ocrx_word' id='word_1_508' title='bbox 2841 2657 2952 2724; x_wconf 84' lang='grc' dir='ltr'>γὰρ</span> <span class='ocrx_word' id='word_1_509' title='bbox 2979 2695 2992 2721; x_wconf 87' lang='grc'><strong>,</strong></span> <span class='ocrx_word' id='word_1_510' title='bbox 3035 2657 3189 2736; x_wconf 67' lang='grc' dir='ltr'>φησὶ,</span> <span class='ocrx_word' id='word_1_511' title='bbox 3240 2657 3335 2710; x_wconf 84' lang='grc' dir='ltr'><strong>καὶ</strong></span> <span class='ocrx_word' id='word_1_512' title='bbox 3387 2657 3422 2726; x_wconf 75' lang='grc' dir='ltr'><strong>ἡ</strong></span> <span class='ocrx_word' id='word_1_513' title='bbox 3473 2655 3569 2711; x_wconf 88' lang='grc' dir='ltr'><strong>τοῦ</strong></span> <span class='ocrx_word' id='word_1_514' title='bbox 3613 2656 3753 2712; x_wconf 80' lang='grc' dir='ltr'>Θεοῦ</span> 
     </span>
    </p>
   </div>
   <div class='ocr_carea' id='block_1_70' title="bbox 2163 2746 3747 2821">
    <p class='ocr_par' dir='ltr' id='par_1_70' title="bbox 2163 2746 3747 2821">
     <span class='ocr_line' id='line_1_70' title="bbox 2163 2746 3747 2821; baseline 0.002 -21"><span class='ocrx_word' id='word_1_515' title='bbox 2163 2746 2325 2817; x_wconf 81' lang='grc' dir='ltr'>φύσις</span> <span class='ocrx_word' id='word_1_516' title='bbox 2346 2749 2533 2815; x_wconf 84' lang='grc' dir='ltr'>θεότης</span> <span class='ocrx_word' id='word_1_517' title='bbox 2555 2748 2903 2817; x_wconf 75' lang='grc' dir='ltr'>ὀνομάζεται·</span> <span class='ocrx_word' id='word_1_518' title='bbox 2931 2751 3267 2820; x_wconf 83' lang='grc' dir='ltr'>κυριώτερον</span> <span class='ocrx_word' id='word_1_519' title='bbox 3288 2749 3347 2803; x_wconf 78' lang='grc' dir='ltr'>δὲ</span> <span class='ocrx_word' id='word_1_520' title='bbox 3368 2749 3404 2821; x_wconf 74' lang='grc' dir='ltr'><strong>ἡ</strong></span> <span class='ocrx_word' id='word_1_521' title='bbox 3422 2750 3695 2820; x_wconf 80' lang='grc' dir='ltr'>ἐνέργεια.</span> <span class='ocrx_word' id='word_1_522' title='bbox 3725 2768 3747 2803; x_wconf 70' lang='grc' dir='ltr'><strong>ι</strong></span> 
     </span>
    </p>
   </div>
   <div class='ocr_carea' id='block_1_71' title="bbox 2163 2835 3753 2912">
    <p class='ocr_par' dir='ltr' id='par_1_71' title="bbox 2163 2835 3753 2912">
     <span class='ocr_line' id='line_1_71' title="bbox 2163 2835 3753 2912; baseline 0.004 -23"><span class='ocrx_word' id='word_1_523' title='bbox 2163 2837 2273 2890; x_wconf 76' lang='grc' dir='ltr'><strong>Καὶ</strong></span> <span class='ocrx_word' id='word_1_524' title='bbox 2311 2839 2368 2890; x_wconf 82' lang='grc' dir='ltr'>ἐν</span> <span class='ocrx_word' id='word_1_525' title='bbox 2406 2837 2483 2905; x_wconf 84' lang='grc' dir='ltr'>τῷ</span> <span class='ocrx_word' id='word_1_526' title='bbox 2537 2838 2792 2908; x_wconf 77' lang='grc' dir='ltr'><strong>διαλόγῳ,</strong></span> <span class='ocrx_word' id='word_1_527' title='bbox 2847 2835 2971 2910; x_wconf 79' lang='grc' dir='ltr'><strong>οὗή</strong></span> <span class='ocrx_word' id='word_1_528' title='bbox 3026 2840 3330 2912; x_wconf 68' lang='grc' dir='ltr'>ἐπιγραφὴ,</span> <span class='ocrx_word' id='word_1_529' title='bbox 3366 2840 3753 2911; x_wconf 69' lang='grc' dir='ltr'>Βαρλαμίτης</span> 
     </span>
    </p>
   </div>
   <div class='ocr_carea' id='block_1_72' title="bbox 2161 2929 3752 3006">
    <p class='ocr_par' dir='ltr' id='par_1_72' title="bbox 2161 2929 3752 3006">
     <span class='ocr_line' id='line_1_72' title="bbox 2161 2929 3752 3006; baseline 0.004 -25"><span class='ocrx_word' id='word_1_530' title='bbox 2161 2929 2258 2982; x_wconf 77' lang='grc' dir='ltr'>καὶ</span> <span class='ocrx_word' id='word_1_531' title='bbox 2287 2929 2628 2998; x_wconf 81' lang='grc' dir='ltr'>ὀρθόδοξος,</span> <span class='ocrx_word' id='word_1_532' title='bbox 2666 2949 2684 2980; x_wconf 85' lang='grc' dir='ltr'><strong>ι</strong></span> <span class='ocrx_word' id='word_1_533' title='bbox 2721 2931 2837 2984; x_wconf 86' lang='grc' dir='ltr'>Μία</span> <span class='ocrx_word' id='word_1_534' title='bbox 2884 2933 3002 2985; x_wconf 74' lang='grc' dir='ltr'>ἐστὶ</span> <span class='ocrx_word' id='word_1_535' title='bbox 3034 2933 3143 2985; x_wconf 85' lang='grc' dir='ltr'>τῶν</span> <span class='ocrx_word' id='word_1_536' title='bbox 3171 2935 3360 3004; x_wconf 85' lang='grc' dir='ltr'>τριῶν,</span> <span class='ocrx_word' id='word_1_537' title='bbox 3396 2934 3584 3006; x_wconf 76' lang='grc' dir='ltr'>φησὶν,</span> <span class='ocrx_word' id='word_1_538' title='bbox 3618 2935 3752 2988; x_wconf 66' lang='lat' dir='ltr'><strong>uaro-</strong></span> 
     </span>
    </p>
   </div>
   <div class='ocr_carea' id='block_1_73' title="bbox 2143 3021 3749 3100">
    <p class='ocr_par' dir='ltr' id='par_1_73' title="bbox 2143 3021 3749 3100">
     <span class='ocr_line' id='line_1_73' title="bbox 2143 3021 3749 3100; baseline 0.006 -26"><span class='ocrx_word' id='word_1_539' title='bbox 2143 3021 2408 3075; x_wconf 77' lang='grc' dir='ltr'>στάσεων</span> <span class='ocrx_word' id='word_1_540' title='bbox 2440 3021 2654 3092; x_wconf 89' lang='grc' dir='ltr'>θεότης,</span> <span class='ocrx_word' id='word_1_541' title='bbox 2694 3023 2813 3093; x_wconf 76' lang='grc' dir='ltr'>ἤτοι</span> <span class='ocrx_word' id='word_1_542' title='bbox 2850 3023 3013 3093; x_wconf 83' lang='grc' dir='ltr'>φύσις</span> <span class='ocrx_word' id='word_1_543' title='bbox 3058 3025 3155 3079; x_wconf 79' lang='grc' dir='ltr'>καὶ</span> <span class='ocrx_word' id='word_1_544' title='bbox 3184 3026 3344 3081; x_wconf 84' lang='grc' dir='ltr'>οὐσία</span> <span class='ocrx_word' id='word_1_545' title='bbox 3395 3027 3749 3100; x_wconf 85' lang='grc' dir='ltr'>ὕπερούσιος,</span> 
     </span>
    </p>
   </div>
   <div class='ocr_carea' id='block_1_74' title="bbox 2159 3114 3747 3187">
    <p class='ocr_par' dir='ltr' id='par_1_74' title="bbox 2159 3114 3747 3187">
     <span class='ocr_line' id='line_1_74' title="bbox 2159 3114 3747 3187; baseline 0.006 -20"><span class='ocrx_word' id='word_1_546' title='bbox 2159 3114 2328 3185; x_wconf 83' lang='grc' dir='ltr'>ἁπλῆ,</span> <span class='ocrx_word' id='word_1_547' title='bbox 2352 3115 2607 3183; x_wconf 83' lang='grc' dir='ltr'>ἀόρατος,</span> <span class='ocrx_word' id='word_1_548' title='bbox 2642 3115 2749 3169; x_wconf 83' lang='grc' dir='ltr'><strong>ἀπε</strong></span> <span class='ocrx_word' id='word_1_549' title='bbox 2759 3117 3027 3186; x_wconf 82' lang='grc' dir='ltr'>ρινόητος,</span> <span class='ocrx_word' id='word_1_550' title='bbox 3048 3117 3353 3187; x_wconf 82' lang='grc' dir='ltr'>ἀμέθεκτος</span> <span class='ocrx_word' id='word_1_551' title='bbox 3372 3122 3747 3179; x_wconf 77' lang='grc' dir='ltr'>παντάπασιν.</span> 
     </span>
    </p>
   </div>
   <div class='ocr_carea' id='block_1_75' title="bbox 2161 3206 3750 3285">
    <p class='ocr_par' dir='ltr' id='par_1_75' title="bbox 2161 3206 3750 3285">
     <span class='ocr_line' id='line_1_75' title="bbox 2161 3206 3750 3285; baseline 0.006 -25"><span class='ocrx_word' id='word_1_552' title='bbox 2161 3208 2226 3260; x_wconf 81' lang='lat' dir='ltr'><strong>At</strong></span> <span class='ocrx_word' id='word_1_553' title='bbox 2264 3207 2319 3258; x_wconf 81' lang='grc' dir='ltr'>δὲ</span> <span class='ocrx_word' id='word_1_554' title='bbox 2352 3206 2512 3261; x_wconf 80' lang='grc' dir='ltr'>ἄλλαι</span> <span class='ocrx_word' id='word_1_555' title='bbox 2546 3207 2698 3276; x_wconf 83' lang='grc' dir='ltr'>παρὰ</span> <span class='ocrx_word' id='word_1_556' title='bbox 2733 3207 2844 3262; x_wconf 84' lang='grc' dir='ltr'><strong>τῶν</strong></span> <span class='ocrx_word' id='word_1_557' title='bbox 2898 3207 3074 3278; x_wconf 83' lang='grc' dir='ltr'>ἁγίων</span> <span class='ocrx_word' id='word_1_558' title='bbox 3119 3207 3417 3282; x_wconf 83' lang='grc' dir='ltr'>λεγόμεναι</span> <span class='ocrx_word' id='word_1_559' title='bbox 3469 3213 3750 3285; x_wconf 82' lang='grc' dir='ltr'>θεότητες,</span> 
     </span>
    </p>
   </div>
   <div class='ocr_carea' id='block_1_76' title="bbox 2163 3299 3753 3379">
    <p class='ocr_par' dir='ltr' id='par_1_76' title="bbox 2163 3299 3753 3379">
     <span class='ocr_line' id='line_1_76' title="bbox 2163 3299 3753 3379; baseline 0.006 -26"><span class='ocrx_word' id='word_1_560' title='bbox 2163 3301 2272 3354; x_wconf 79' lang='grc' dir='ltr'>εἴτε</span> <span class='ocrx_word' id='word_1_561' title='bbox 2308 3299 2428 3371; x_wconf 88' lang='grc' dir='ltr'>μία,</span> <span class='ocrx_word' id='word_1_562' title='bbox 2464 3299 2574 3354; x_wconf 85' lang='grc' dir='ltr'>είτε</span> <span class='ocrx_word' id='word_1_563' title='bbox 2605 3300 2718 3367; x_wconf 87' lang='grc' dir='ltr'>δύο,</span> <span class='ocrx_word' id='word_1_564' title='bbox 2749 3303 2858 3356; x_wconf 83' lang='grc' dir='ltr'>είτε</span> <span class='ocrx_word' id='word_1_565' title='bbox 2891 3301 3132 3367; x_wconf 83' lang='grc' dir='ltr'>πλείους.</span> <span class='ocrx_word' id='word_1_566' title='bbox 3168 3305 3280 3359; x_wconf 78' lang='grc' dir='ltr'><strong>Καὶ</strong></span> <span class='ocrx_word' id='word_1_567' title='bbox 3312 3306 3420 3379; x_wconf 80' lang='grc' dir='ltr'>γὰρ</span> <span class='ocrx_word' id='word_1_568' title='bbox 3449 3306 3512 3361; x_wconf 80' lang='grc' dir='ltr'><strong>τὸ</strong></span> <span class='ocrx_word' id='word_1_569' title='bbox 3541 3323 3753 3364; x_wconf 65' lang='lat' dir='ltr'><strong>nava-a-</strong></span> 
     </span>
    </p>
   </div>
   <div class='ocr_carea' id='block_1_77' title="bbox 2159 3390 3750 3474">
    <p class='ocr_par' dir='ltr' id='par_1_77' title="bbox 2159 3390 3750 3474">
     <span class='ocr_line' id='line_1_77' title="bbox 2159 3390 3750 3474; baseline 0.006 -27"><span class='ocrx_word' id='word_1_570' title='bbox 2159 3393 2256 3465; x_wconf 86' lang='grc' dir='ltr'><strong>χοῦ</strong></span> <span class='ocrx_word' id='word_1_571' title='bbox 2293 3390 2456 3474; x_wconf 77' lang='grc' dir='ltr'>εἶναι,</span> <span class='ocrx_word' id='word_1_572' title='bbox 2503 3395 2612 3448; x_wconf 80' lang='grc' dir='ltr'>ἀπὸ</span> <span class='ocrx_word' id='word_1_573' title='bbox 2642 3395 2738 3449; x_wconf 87' lang='grc' dir='ltr'><strong>τοῦ</strong></span> <span class='ocrx_word' id='word_1_574' title='bbox 2779 3397 2892 3450; x_wconf 84' lang='grc' dir='ltr'>θεῖν</span> <span class='ocrx_word' id='word_1_575' title='bbox 2931 3397 3024 3451; x_wconf 75' lang='grc' dir='ltr'>καὶ</span> <span class='ocrx_word' id='word_1_576' title='bbox 3053 3398 3220 3452; x_wconf 70' lang='grc' dir='ltr'>οίονεὶ</span> <span class='ocrx_word' id='word_1_577' title='bbox 3253 3399 3479 3469; x_wconf 76' lang='grc' dir='ltr'>φθάνειν</span> <span class='ocrx_word' id='word_1_578' title='bbox 3537 3407 3750 3457; x_wconf 81' lang='grc' dir='ltr'>παντα-</span> 
     </span>
    </p>
   </div>
   <div class='ocr_carea' id='block_1_78' title="bbox 2159 3487 3746 3568">
    <p class='ocr_par' dir='ltr' id='par_1_78' title="bbox 2159 3487 3746 3568">
     <span class='ocr_line' id='line_1_78' title="bbox 2159 3487 3746 3568; baseline 0.008 -30"><span class='ocrx_word' id='word_1_579' title='bbox 2159 3490 2307 3556; x_wconf 78' lang='grc' dir='ltr'>χόσε,</span> <span class='ocrx_word' id='word_1_580' title='bbox 2334 3488 2567 3558; x_wconf 85' lang='grc' dir='ltr'>θεότητα</span> <span class='ocrx_word' id='word_1_581' title='bbox 2597 3487 2709 3561; x_wconf 77' lang='grc' dir='ltr'>ἔχει</span> <span class='ocrx_word' id='word_1_582' title='bbox 2739 3489 2838 3562; x_wconf 79' lang='grc' dir='ltr'><strong>τὴν</strong></span> <span class='ocrx_word' id='word_1_583' title='bbox 2880 3491 3224 3558; x_wconf 77' lang='grc' dir='ltr'>ἐπωνυμίαν·</span> <span class='ocrx_word' id='word_1_584' title='bbox 3257 3493 3352 3548; x_wconf 75' lang='grc' dir='ltr'>καὶ</span> <span class='ocrx_word' id='word_1_585' title='bbox 3381 3492 3445 3549; x_wconf 77' lang='grc' dir='ltr'>τὸ</span> <span class='ocrx_word' id='word_1_586' title='bbox 3491 3495 3746 3568; x_wconf 83' lang='grc' dir='ltr'>μηδαμοῦ</span> 
     </span>
    </p>
   </div>
   <div class='ocr_carea' id='block_1_79' title="bbox 2161 3575 3744 3658">
    <p class='ocr_par' dir='ltr' id='par_1_79' title="bbox 2161 3575 3744 3658">
     <span class='ocr_line' id='line_1_79' title="bbox 2161 3575 3744 3658; baseline 0.007 -27"><span class='ocrx_word' id='word_1_587' title='bbox 2161 3575 2301 3633; x_wconf 70' lang='grc' dir='ltr'>εἶναι</span> <span class='ocrx_word' id='word_1_588' title='bbox 2349 3581 2675 3649; x_wconf 77' lang='grc' dir='ltr'>ἀποθέοντα,</span> <span class='ocrx_word' id='word_1_589' title='bbox 2728 3581 2918 3653; x_wconf 79' lang='grc' dir='ltr'>ὥσπερ</span> <span class='ocrx_word' id='word_1_590' title='bbox 2957 3584 3326 3655; x_wconf 82' lang='grc' dir='ltr'>διαφεύγοντα</span> <span class='ocrx_word' id='word_1_591' title='bbox 3373 3589 3744 3658; x_wconf 81' lang='grc' dir='ltr'>πανταχόθεν.</span> 
     </span>
    </p>
   </div>
   <div class='ocr_carea' id='block_1_80' title="bbox 2161 3675 3747 3750">
    <p class='ocr_par' dir='ltr' id='par_1_80' title="bbox 2161 3675 3747 3750">
     <span class='ocr_line' id='line_1_80' title="bbox 2161 3675 3747 3750; baseline 0.007 -25"><span class='ocrx_word' id='word_1_592' title='bbox 2161 3675 2234 3732; x_wconf 81' lang='grc' dir='ltr'><strong>Ἦ</strong></span> <span class='ocrx_word' id='word_1_593' title='bbox 2259 3690 2317 3726; x_wconf 87' lang='grc' dir='ltr'><strong>τε</strong></span> <span class='ocrx_word' id='word_1_594' title='bbox 2355 3675 2446 3727; x_wconf 92' lang='grc' dir='ltr'><strong>τοῦ</strong></span> <span class='ocrx_word' id='word_1_595' title='bbox 2473 3675 2608 3728; x_wconf 85' lang='grc' dir='ltr'>Θεοῦ</span> <span class='ocrx_word' id='word_1_596' title='bbox 2633 3675 2979 3747; x_wconf 85' lang='grc' dir='ltr'>λαμπρότης,</span> <span class='ocrx_word' id='word_1_597' title='bbox 3018 3677 3088 3750; x_wconf 79' lang='grc' dir='ltr'>ἦν</span> <span class='ocrx_word' id='word_1_598' title='bbox 3122 3680 3218 3734; x_wconf 74' lang='grc' dir='ltr'>καὶ</span> <span class='ocrx_word' id='word_1_599' title='bbox 3251 3680 3301 3733; x_wconf 72' lang='lat' dir='ltr'><strong>oi</strong></span> <span class='ocrx_word' id='word_1_600' title='bbox 3329 3676 3621 3734; x_wconf 83' lang='grc' dir='ltr'>ἀπόστολοι</span> <span class='ocrx_word' id='word_1_601' title='bbox 3650 3683 3747 3736; x_wconf 75' lang='grc' dir='ltr'>ἐπὶ</span> 
     </span>
    </p>
   </div>
   <div class='ocr_carea' id='block_1_81' title="bbox 2156 3763 3744 3843">
    <p class='ocr_par' dir='ltr' id='par_1_81' title="bbox 2156 3763 3744 3843">
     <span class='ocr_line' id='line_1_81' title="bbox 2156 3763 3744 3843; baseline 0.004 -23"><span class='ocrx_word' id='word_1_602' title='bbox 2156 3765 2252 3820; x_wconf 86' lang='grc' dir='ltr'><strong>τοῦ</strong></span> <span class='ocrx_word' id='word_1_603' title='bbox 2300 3767 2462 3838; x_wconf 76' lang='grc' dir='ltr'>ὅρους</span> <span class='ocrx_word' id='word_1_604' title='bbox 2491 3763 2650 3834; x_wconf 83' lang='grc' dir='ltr'>εἶδον,</span> <span class='ocrx_word' id='word_1_605' title='bbox 2696 3768 2890 3838; x_wconf 80' lang='grc' dir='ltr'>θεότης</span> <span class='ocrx_word' id='word_1_606' title='bbox 2933 3769 3181 3838; x_wconf 78' lang='grc' dir='ltr'>λέγεται,</span> <span class='ocrx_word' id='word_1_607' title='bbox 3229 3771 3338 3826; x_wconf 78' lang='grc' dir='ltr'>ἀπὸ</span> <span class='ocrx_word' id='word_1_608' title='bbox 3373 3773 3469 3827; x_wconf 86' lang='grc' dir='ltr'><strong>τοῦ</strong></span> <span class='ocrx_word' id='word_1_609' title='bbox 3518 3774 3696 3828; x_wconf 86' lang='grc' dir='ltr'>αίθειν</span> <span class='ocrx_word' id='word_1_610' title='bbox 3725 3814 3744 3843; x_wconf 88' lang='grc'><strong>,</strong></span> 
     </span>
    </p>
   </div>
   <div class='ocr_carea' id='block_1_82' title="bbox 2157 3859 3744 3937">
    <p class='ocr_par' dir='ltr' id='par_1_82' title="bbox 2157 3859 3744 3937">
     <span class='ocr_line' id='line_1_82' title="bbox 2157 3859 3744 3937; baseline 0.004 -24"><span class='ocrx_word' id='word_1_611' title='bbox 2157 3859 2406 3913; x_wconf 74' lang='grc' dir='ltr'>τουτέστι</span> <span class='ocrx_word' id='word_1_612' title='bbox 2453 3860 2632 3916; x_wconf 86' lang='grc' dir='ltr'>καίειν</span> <span class='ocrx_word' id='word_1_613' title='bbox 2683 3878 2742 3915; x_wconf 85' lang='grc' dir='ltr'><strong>τε</strong></span> <span class='ocrx_word' id='word_1_614' title='bbox 2791 3861 2887 3914; x_wconf 71' lang='grc' dir='ltr'><strong>καὶ</strong></span> <span class='ocrx_word' id='word_1_615' title='bbox 2938 3863 3258 3920; x_wconf 75' lang='grc' dir='ltr'>ἀναλίσκειν</span> <span class='ocrx_word' id='word_1_616' title='bbox 3295 3866 3482 3920; x_wconf 78' lang='grc' dir='ltr'>πᾶσαν</span> <span class='ocrx_word' id='word_1_617' title='bbox 3534 3867 3744 3937; x_wconf 82' lang='grc' dir='ltr'>μοχθη-</span> 
     </span>
    </p>
   </div>
   <div class='ocr_carea' id='block_1_83' title="bbox 2161 3952 3743 4030">
    <p class='ocr_par' dir='ltr' id='par_1_83' title="bbox 2161 3952 3743 4030">
     <span class='ocr_line' id='line_1_83' title="bbox 2161 3952 3743 4030; baseline 0.008 -26"><span class='ocrx_word' id='word_1_618' title='bbox 2161 3952 2329 4024; x_wconf 76' lang='grc' dir='ltr'>ρίανο</span> <span class='ocrx_word' id='word_1_619' title='bbox 2390 3953 2453 4006; x_wconf 78' lang='grc' dir='ltr'><strong>τό</strong></span> <span class='ocrx_word' id='word_1_620' title='bbox 2503 3971 2561 4006; x_wconf 85' lang='grc' dir='ltr'><strong>τε</strong></span> <span class='ocrx_word' id='word_1_621' title='bbox 2610 3953 2904 4021; x_wconf 84' lang='grc' dir='ltr'>γινώσκειν</span> <span class='ocrx_word' id='word_1_622' title='bbox 2945 3955 3164 4010; x_wconf 73' lang='grc' dir='ltr'>ἅπαντα</span> <span class='ocrx_word' id='word_1_623' title='bbox 3215 3960 3362 4030; x_wconf 84' lang='grc' dir='ltr'>παρὰ</span> <span class='ocrx_word' id='word_1_624' title='bbox 3416 3961 3476 4013; x_wconf 77' lang='grc' dir='ltr'><strong>τὸ</strong></span> <span class='ocrx_word' id='word_1_625' title='bbox 3511 3960 3743 4016; x_wconf 86' lang='grc' dir='ltr'>θεᾶσθαι</span> 
     </span>
    </p>
   </div>
   <div class='ocr_carea' id='block_1_84' title="bbox 2158 4044 3745 4124">
    <p class='ocr_par' dir='ltr' id='par_1_84' title="bbox 2158 4044 3745 4124">
     <span class='ocr_line' id='line_1_84' title="bbox 2158 4044 3745 4124; baseline 0.006 -27"><span class='ocrx_word' id='word_1_626' title='bbox 2158 4045 2334 4099; x_wconf 82' lang='grc' dir='ltr'>πάντα</span> <span class='ocrx_word' id='word_1_627' title='bbox 2364 4045 2456 4098; x_wconf 80' lang='grc' dir='ltr'><strong>τὸν</strong></span> <span class='ocrx_word' id='word_1_628' title='bbox 2480 4045 2614 4098; x_wconf 82' lang='grc' dir='ltr'>Θεὸν</span> <span class='ocrx_word' id='word_1_629' title='bbox 2649 4047 2778 4117; x_wconf 72' lang='grc' dir='ltr'>πρὶν</span> <span class='ocrx_word' id='word_1_630' title='bbox 2804 4044 3062 4116; x_wconf 79' lang='grc' dir='ltr'>γενέσθαι</span> <span class='ocrx_word' id='word_1_631' title='bbox 3092 4049 3254 4115; x_wconf 82' lang='grc' dir='ltr'>αὐτὰ,</span> <span class='ocrx_word' id='word_1_632' title='bbox 3281 4052 3372 4105; x_wconf 77' lang='grc' dir='ltr'>καὶ</span> <span class='ocrx_word' id='word_1_633' title='bbox 3398 4052 3458 4105; x_wconf 82' lang='grc' dir='ltr'>τὸ</span> <span class='ocrx_word' id='word_1_634' title='bbox 3490 4055 3745 4124; x_wconf 83' lang='grc' dir='ltr'>προνοεῐν</span> 
     </span>
    </p>
   </div>
   <div class='ocr_carea' id='block_1_85' title="bbox 2157 4137 3744 4210">
    <p class='ocr_par' dir='ltr' id='par_1_85' title="bbox 2157 4137 3744 4210">
     <span class='ocr_line' id='line_1_85' title="bbox 2157 4137 3744 4210; baseline 0.004 -19"><span class='ocrx_word' id='word_1_635' title='bbox 2157 4139 2264 4192; x_wconf 83' lang='grc' dir='ltr'>ἀπὸ</span> <span class='ocrx_word' id='word_1_636' title='bbox 2312 4137 2403 4191; x_wconf 85' lang='grc' dir='ltr'><strong>τοῦ</strong></span> <span class='ocrx_word' id='word_1_637' title='bbox 2438 4140 2659 4208; x_wconf 70' lang='grc' dir='ltr'>ἐφορᾷ-θ,</span> <span class='ocrx_word' id='word_1_638' title='bbox 2696 4139 2951 4210; x_wconf 77' lang='grc' dir='ltr'>καὶπρὸς</span> <span class='ocrx_word' id='word_1_639' title='bbox 2983 4139 3192 4205; x_wconf 83' lang='grc' dir='ltr'>τούτοις</span> <span class='ocrx_word' id='word_1_640' title='bbox 3225 4140 3284 4195; x_wconf 85' lang='grc' dir='ltr'>τὺ</span> <span class='ocrx_word' id='word_1_641' title='bbox 3310 4143 3598 4201; x_wconf 82' lang='grc' dir='ltr'>θεοποιεῖν.</span> <span class='ocrx_word' id='word_1_642' title='bbox 3633 4144 3744 4198; x_wconf 71' lang='grc' dir='ltr'><strong>Καὶ</strong></span> 
     </span>
    </p>
   </div>
   <div class='ocr_carea' id='block_1_86' title="bbox 2160 4229 3742 4307">
    <p class='ocr_par' dir='ltr' id='par_1_86' title="bbox 2160 4229 3742 4307">
     <span class='ocr_line' id='line_1_86' title="bbox 2160 4229 3742 4307; baseline 0.006 -25"><span class='ocrx_word' id='word_1_643' title='bbox 2160 4230 2296 4300; x_wconf 78' lang='grc' dir='ltr'>μετά</span> <span class='ocrx_word' id='word_1_644' title='bbox 2322 4248 2468 4282; x_wconf 77' lang='grc' dir='ltr'>τιναο</span> <span class='ocrx_word' id='word_1_645' title='bbox 2511 4249 2528 4281; x_wconf 85' lang='grc' dir='ltr'><strong>ι</strong></span> <span class='ocrx_word' id='word_1_646' title='bbox 2574 4229 2739 4302; x_wconf 81' lang='grc' dir='ltr'>ὐρᾷς</span> <span class='ocrx_word' id='word_1_647' title='bbox 2786 4232 2996 4302; x_wconf 81' lang='grc' dir='ltr'>σαφῶς,</span> <span class='ocrx_word' id='word_1_648' title='bbox 3035 4233 3201 4288; x_wconf 78' lang='grc' dir='ltr'>δτιού</span> <span class='ocrx_word' id='word_1_649' title='bbox 3249 4236 3412 4305; x_wconf 81' lang='grc' dir='ltr'>μόνον</span> <span class='ocrx_word' id='word_1_650' title='bbox 3459 4239 3492 4307; x_wconf 79' lang='grc' dir='ltr'>ἡ</span> <span class='ocrx_word' id='word_1_651' title='bbox 3530 4237 3742 4292; x_wconf 81' lang='grc' dir='ltr'>παντά-</span> 
     </span>
    </p>
   </div>
   <div class='ocr_carea' id='block_1_87' title="bbox 2156 4326 3741 4402">
    <p class='ocr_par' dir='ltr' id='par_1_87' title="bbox 2156 4326 3741 4402">
     <span class='ocr_line' id='line_1_87' title="bbox 2156 4326 3741 4402; baseline 0.003 -22"><span class='ocrx_word' id='word_1_652' title='bbox 2156 4341 2323 4402; x_wconf 77' lang='grc' dir='ltr'>πασιν</span> <span class='ocrx_word' id='word_1_653' title='bbox 2353 4326 2584 4395; x_wconf 71' lang='grc' dir='ltr'>ἀόρατος</span> <span class='ocrx_word' id='word_1_654' title='bbox 2616 4328 2708 4378; x_wconf 78' lang='grc' dir='ltr'>καὶ</span> <span class='ocrx_word' id='word_1_655' title='bbox 2755 4326 3117 4396; x_wconf 73' lang='grc' dir='ltr'>ἀπερινόητος</span> <span class='ocrx_word' id='word_1_656' title='bbox 3150 4329 3244 4382; x_wconf 73' lang='grc' dir='ltr'><strong>καὶ</strong></span> <span class='ocrx_word' id='word_1_657' title='bbox 3279 4329 3585 4399; x_wconf 84' lang='grc' dir='ltr'>ἀμέθεκτος</span> <span class='ocrx_word' id='word_1_658' title='bbox 3617 4330 3741 4384; x_wconf 83' lang='grc' dir='ltr'>θεό-</span> 
     </span>
    </p>
   </div>
   <div class='ocr_carea' id='block_1_88' title="bbox 2155 4418 3741 4494">
    <p class='ocr_par' dir='ltr' id='par_1_88' title="bbox 2155 4418 3741 4494">
     <span class='ocr_line' id='line_1_88' title="bbox 2155 4418 3741 4494; baseline 0.003 -22"><span class='ocrx_word' id='word_1_659' title='bbox 2155 4434 2292 4488; x_wconf 82' lang='grc' dir='ltr'>της,</span> <span class='ocrx_word' id='word_1_660' title='bbox 2345 4418 2481 4472; x_wconf 79' lang='grc' dir='ltr'>ἀλλὰ</span> <span class='ocrx_word' id='word_1_661' title='bbox 2535 4419 2630 4472; x_wconf 71' lang='grc' dir='ltr'><strong>καὶ</strong></span> <span class='ocrx_word' id='word_1_662' title='bbox 2681 4421 2711 4487; x_wconf 86' lang='grc' dir='ltr'>ἡ</span> <span class='ocrx_word' id='word_1_663' title='bbox 2769 4422 2880 4482; x_wconf 87' lang='grc' dir='ltr'>τοῖς</span> <span class='ocrx_word' id='word_1_664' title='bbox 2931 4418 3111 4487; x_wconf 82' lang='grc' dir='ltr'>ἁγίοις</span> <span class='ocrx_word' id='word_1_665' title='bbox 3168 4422 3351 4490; x_wconf 87' lang='grc' dir='ltr'>μόνοις</span> <span class='ocrx_word' id='word_1_666' title='bbox 3407 4423 3741 4494; x_wconf 69' lang='grc' dir='ltr'>ἀπορρήτοις</span> 
     </span>
    </p>
   </div>
   <div class='ocr_carea' id='block_1_89' title="bbox 2156 4495 3734 4583">
    <p class='ocr_par' dir='ltr' id='par_1_89' title="bbox 2156 4495 3734 4583">
     <span class='ocr_line' id='line_1_89' title="bbox 2156 4495 3734 4583; baseline 0.002 -19"><span class='ocrx_word' id='word_1_667' title='bbox 2156 4509 2327 4580; x_wconf 81' lang='grc' dir='ltr'>ὁρατὴ</span> <span class='ocrx_word' id='word_1_668' title='bbox 2349 4509 2444 4563; x_wconf 81' lang='grc' dir='ltr'>καὶ</span> <span class='ocrx_word' id='word_1_669' title='bbox 2465 4495 2628 4582; x_wconf 70' lang='grc' dir='ltr'>νοητὴ</span> <span class='ocrx_word' id='word_1_670' title='bbox 2655 4514 2745 4563; x_wconf 80' lang='grc' dir='ltr'>καὶ</span> <span class='ocrx_word' id='word_1_671' title='bbox 2771 4512 3015 4583; x_wconf 78' lang='grc' dir='ltr'>μεθεκτὴ</span> <span class='ocrx_word' id='word_1_672' title='bbox 3041 4513 3232 4581; x_wconf 81' lang='grc' dir='ltr'>θεότης</span> <span class='ocrx_word' id='word_1_673' title='bbox 3248 4513 3340 4568; x_wconf 88' lang='grc' dir='ltr'><strong>τοῦ</strong></span> <span class='ocrx_word' id='word_1_674' title='bbox 3376 4514 3510 4567; x_wconf 84' lang='grc' dir='ltr'>Θεοῦ</span> <span class='ocrx_word' id='word_1_675' title='bbox 3535 4517 3675 4571; x_wconf 74' lang='grc' dir='ltr'>ἐστι.</span> <span class='ocrx_word' id='word_1_676' title='bbox 3712 4533 3734 4567; x_wconf 71' lang='grc' dir='ltr'><strong>ι</strong></span> 
     </span>
    </p>
   </div>
   <div class='ocr_carea' id='block_1_90' title="bbox 396 4595 2059 4679">
    <p class='ocr_par' dir='ltr' id='par_1_90' title="bbox 396 4595 2040 4672">
     <span class='ocr_line' id='line_1_90' title="bbox 396 4595 2040 4672; baseline -0.004 -16"><span class='ocrx_word' id='word_1_677' title='bbox 396 4607 403 4612; x_wconf 87' lang='grc'><strong><em>“</em></strong></span> <span class='ocrx_word' id='word_1_678' title='bbox 467 4598 910 4672; x_wconf 80' lang='lat' dir='ltr'><strong>ininteiligibilis,</strong></span> <span class='ocrx_word' id='word_1_679' title='bbox 937 4608 992 4652; x_wconf 92' lang='lat' dir='ltr'><strong>et</strong></span> <span class='ocrx_word' id='word_1_680' title='bbox 1019 4595 1490 4667; x_wconf 77' lang='lat' dir='ltr'><strong>imparticipabilis</strong></span> <span class='ocrx_word' id='word_1_681' title='bbox 1515 4596 1708 4660; x_wconf 88' lang='lat' dir='ltr'><strong>deitas,</strong></span> <span class='ocrx_word' id='word_1_682' title='bbox 1733 4598 1829 4650; x_wconf 84' lang='lat' dir='ltr'><strong>sed</strong></span> <span class='ocrx_word' id='word_1_683' title='bbox 1852 4599 2040 4660; x_wconf 83' lang='lat' dir='ltr'><strong>etiam,</strong></span> 
     </span>
    </p>
   </div>
   <div class='ocr_carea' id='block_1_91' title="bbox 2161 4595 3740 4679">
    <p class='ocr_par' dir='ltr' id='par_1_91' title="bbox 2161 4603 3740 4679">
     <span class='ocr_line' id='line_1_91' title="bbox 2161 4603 3740 4679; baseline 0.003 -22"><span class='ocrx_word' id='word_1_684' title='bbox 2161 4603 2263 4657; x_wconf 65' lang='lat' dir='ltr'><strong>Kal.</strong></span> <span class='ocrx_word' id='word_1_685' title='bbox 2297 4605 2353 4656; x_wconf 76' lang='grc' dir='ltr'>ἐν</span> <span class='ocrx_word' id='word_1_686' title='bbox 2391 4604 2562 4674; x_wconf 72' lang='grc' dir='ltr'>ὲτέριρ</span> <span class='ocrx_word' id='word_1_687' title='bbox 2585 4618 2600 4633; x_wconf 75' lang='grc' dir='ltr'><strong>ο</strong></span> <span class='ocrx_word' id='word_1_688' title='bbox 2645 4621 2663 4654; x_wconf 77' lang='grc' dir='ltr'><strong>ι</strong></span> <span class='ocrx_word' id='word_1_689' title='bbox 2713 4603 2854 4655; x_wconf 84' lang='grc' dir='ltr'>Ἀλλ’</span> <span class='ocrx_word' id='word_1_690' title='bbox 2885 4603 2996 4671; x_wconf 79' lang='grc' dir='ltr'>ἐγὼ</span> <span class='ocrx_word' id='word_1_691' title='bbox 3042 4607 3142 4664; x_wconf 78' lang='grc' dir='ltr'>τὰς</span> <span class='ocrx_word' id='word_1_692' title='bbox 3173 4607 3301 4670; x_wconf 77' lang='grc' dir='ltr'>ὅλας</span> <span class='ocrx_word' id='word_1_693' title='bbox 3348 4607 3560 4677; x_wconf 82' lang='grc' dir='ltr'>ἀγαθάς</span> <span class='ocrx_word' id='word_1_694' title='bbox 3589 4625 3740 4679; x_wconf 82' lang='grc' dir='ltr'>φημι</span> 
     </span>
    </p>
   </div>
   <div class='ocr_carea' id='block_1_92' title="bbox 464 4690 2042 4768">
    <p class='ocr_par' dir='ltr' id='par_1_92' title="bbox 464 4690 2042 4768">
     <span class='ocr_line' id='line_1_92' title="bbox 464 4690 2042 4768; baseline -0.003 -18"><span class='ocrx_word' id='word_1_695' title='bbox 464 4712 588 4768; x_wconf 67' lang='lat' dir='ltr'><strong>qum</strong></span> <span class='ocrx_word' id='word_1_696' title='bbox 625 4694 983 4750; x_wconf 77' lang='lat' dir='ltr'><strong>ineifabiliter</strong></span> <span class='ocrx_word' id='word_1_697' title='bbox 1030 4691 1236 4746; x_wconf 81' lang='lat' dir='ltr'><strong>sanctis</strong></span> <span class='ocrx_word' id='word_1_698' title='bbox 1279 4699 1364 4744; x_wconf 88' lang='lat' dir='ltr'><strong>est</strong></span> <span class='ocrx_word' id='word_1_699' title='bbox 1389 4691 1761 4757; x_wconf 86' lang='lat' dir='ltr'><strong>aspectabilis,</strong></span> <span class='ocrx_word' id='word_1_700' title='bbox 1787 4699 1844 4746; x_wconf 90' lang='lat' dir='ltr'><strong>et</strong></span> <span class='ocrx_word' id='word_1_701' title='bbox 1878 4690 2042 4746; x_wconf 79' lang='lat' dir='ltr'><strong>intel-</strong></span> 
     </span>
    </p>
   </div>
   <div class='ocr_carea' id='block_1_93' title="bbox 463 4772 2045 4859">
    <p class='ocr_par' dir='ltr' id='par_1_93' title="bbox 463 4772 2045 4859">
     <span class='ocr_line' id='line_1_93' title="bbox 463 4772 2045 4859; baseline -0.003 -14"><span class='ocrx_word' id='word_1_702' title='bbox 463 4772 714 4859; x_wconf 78' lang='lat' dir='ltr'><strong>ligibilis,</strong></span> <span class='ocrx_word' id='word_1_703' title='bbox 743 4795 800 4842; x_wconf 87' lang='lat' dir='ltr'><strong>et</strong></span> <span class='ocrx_word' id='word_1_704' title='bbox 835 4785 1236 4857; x_wconf 87' lang='lat' dir='ltr'><strong>participabilis</strong></span> <span class='ocrx_word' id='word_1_705' title='bbox 1290 4785 1466 4840; x_wconf 85' lang='lat' dir='ltr'><strong>deitas</strong></span> <span class='ocrx_word' id='word_1_706' title='bbox 1539 4783 1631 4839; x_wconf 88' lang='lat' dir='ltr'><strong>Dei</strong></span> <span class='ocrx_word' id='word_1_707' title='bbox 1671 4787 1791 4840; x_wconf 85' lang='lat' dir='ltr'><strong>est?</strong></span> <span class='ocrx_word' id='word_1_708' title='bbox 1833 4804 1850 4835; x_wconf 76' lang='grc' dir='ltr'><strong>ι</strong></span> <span class='ocrx_word' id='word_1_709' title='bbox 1892 4786 1959 4841; x_wconf 83' lang='grc' dir='ltr'>Ει</span> <span class='ocrx_word' id='word_1_710' title='bbox 1991 4787 2045 4841; x_wconf 91' lang='lat' dir='ltr'><strong>in</strong></span> 
     </span>
    </p>
   </div>
   <div class='ocr_carea' id='block_1_94' title="bbox 464 4877 2043 4948">
    <p class='ocr_par' dir='ltr' id='par_1_94' title="bbox 464 4877 2043 4948">
     <span class='ocr_line' id='line_1_94' title="bbox 464 4877 2043 4948; baseline -0.004 -13"><span class='ocrx_word' id='word_1_711' title='bbox 464 4881 569 4936; x_wconf 87' lang='lat' dir='ltr'><strong>alia</strong></span> <span class='ocrx_word' id='word_1_712' title='bbox 629 4881 882 4935; x_wconf 86' lang='lat' dir='ltr'><strong>oratione</strong></span> <span class='ocrx_word' id='word_1_713' title='bbox 915 4895 930 4933; x_wconf 89' lang='lat'><strong>:</strong></span> <span class='ocrx_word' id='word_1_714' title='bbox 966 4897 983 4928; x_wconf 84' lang='grc' dir='ltr'><strong>ι</strong></span> <span class='ocrx_word' id='word_1_715' title='bbox 1041 4877 1145 4932; x_wconf 90' lang='lat' dir='ltr'><strong>Sed</strong></span> <span class='ocrx_word' id='word_1_716' title='bbox 1193 4891 1295 4947; x_wconf 83' lang='lat' dir='ltr'><strong>ego</strong></span> <span class='ocrx_word' id='word_1_717' title='bbox 1345 4890 1536 4931; x_wconf 86' lang='lat' dir='ltr'><strong>omnes</strong></span> <span class='ocrx_word' id='word_1_718' title='bbox 1565 4877 1764 4942; x_wconf 89' lang='lat' dir='ltr'><strong>bonos,</strong></span> <span class='ocrx_word' id='word_1_719' title='bbox 1796 4879 2043 4948; x_wconf 88' lang='lat' dir='ltr'><strong>inquam,</strong></span> 
     </span>
    </p>
   </div>
   <div class='ocr_carea' id='block_1_95' title="bbox 468 4969 2042 5042">
    <p class='ocr_par' dir='ltr' id='par_1_95' title="bbox 468 4969 2042 5042">
     <span class='ocr_line' id='line_1_95' title="bbox 468 4969 2042 5042; baseline -0.003 -13"><span class='ocrx_word' id='word_1_720' title='bbox 468 4974 630 5030; x_wconf 87' lang='lat' dir='ltr'><strong>unius</strong></span> <span class='ocrx_word' id='word_1_721' title='bbox 660 4971 758 5028; x_wconf 89' lang='lat' dir='ltr'><strong>Dei</strong></span> <span class='ocrx_word' id='word_1_722' title='bbox 797 4984 1095 5042; x_wconf 83' lang='lat' dir='ltr'><strong>processus</strong></span> <span class='ocrx_word' id='word_1_723' title='bbox 1140 4985 1263 5025; x_wconf 88' lang='lat' dir='ltr'><strong>esse</strong></span> <span class='ocrx_word' id='word_1_724' title='bbox 1315 4969 1691 5025; x_wconf 78' lang='lat' dir='ltr'><strong>substantialis</strong></span> <span class='ocrx_word' id='word_1_725' title='bbox 1724 4970 1838 5025; x_wconf 65' lang='lat' dir='ltr'><strong>haec</strong></span> <span class='ocrx_word' id='word_1_726' title='bbox 1867 4979 1922 5023; x_wconf 84' lang='lat' dir='ltr'><strong>et</strong></span> <span class='ocrx_word' id='word_1_727' title='bbox 1948 4986 2042 5025; x_wconf 85' lang='lat' dir='ltr'><strong>na-</strong></span> 
     </span>
    </p>
   </div>
   <div class='ocr_carea' id='block_1_96' title="bbox 465 5060 2044 5134">
    <p class='ocr_par' dir='ltr' id='par_1_96' title="bbox 465 5060 2044 5134">
     <span class='ocr_line' id='line_1_96' title="bbox 465 5060 2044 5134; baseline -0.002 -14"><span class='ocrx_word' id='word_1_728' title='bbox 465 5065 661 5122; x_wconf 83' lang='lat' dir='ltr'><strong>turalia</strong></span> <span class='ocrx_word' id='word_1_729' title='bbox 695 5064 810 5129; x_wconf 89' lang='lat' dir='ltr'><strong>Dei,</strong></span> <span class='ocrx_word' id='word_1_730' title='bbox 849 5079 970 5134; x_wconf 72' lang='lat' dir='ltr'><strong>quae</strong></span> <span class='ocrx_word' id='word_1_731' title='bbox 1011 5062 1272 5117; x_wconf 87' lang='lat' dir='ltr'><strong>dicuntur</strong></span> <span class='ocrx_word' id='word_1_732' title='bbox 1305 5060 1533 5116; x_wconf 89' lang='lat' dir='ltr'><strong>remissa</strong></span> <span class='ocrx_word' id='word_1_733' title='bbox 1563 5072 1815 5131; x_wconf 83' lang='lat' dir='ltr'><strong>respectu</strong></span> <span class='ocrx_word' id='word_1_734' title='bbox 1845 5062 2044 5117; x_wconf 67' lang='lat' dir='ltr'><strong>divina:</strong></span> 
     </span>
    </p>
   </div>
   <div class='ocr_carea' id='block_1_97' title="bbox 465 5154 2044 5231">
    <p class='ocr_par' dir='ltr' id='par_1_97' title="bbox 465 5154 2044 5231">
     <span class='ocr_line' id='line_1_97' title="bbox 465 5154 2044 5231; baseline -0.003 -17"><span class='ocrx_word' id='word_1_735' title='bbox 465 5158 809 5225; x_wconf 70' lang='lat' dir='ltr'><strong>substantiae,</strong></span> <span class='ocrx_word' id='word_1_736' title='bbox 840 5173 961 5228; x_wconf 77' lang='lat' dir='ltr'><strong>quae</strong></span> <span class='ocrx_word' id='word_1_737' title='bbox 987 5165 1044 5212; x_wconf 88' lang='lat' dir='ltr'><strong>et</strong></span> <span class='ocrx_word' id='word_1_738' title='bbox 1075 5156 1144 5210; x_wconf 90' lang='lat' dir='ltr'><strong>ab</strong></span> <span class='ocrx_word' id='word_1_739' title='bbox 1176 5157 1317 5225; x_wconf 88' lang='lat' dir='ltr'><strong>ipsa,</strong></span> <span class='ocrx_word' id='word_1_740' title='bbox 1349 5165 1402 5208; x_wconf 90' lang='lat' dir='ltr'><strong>et</strong></span> <span class='ocrx_word' id='word_1_741' title='bbox 1435 5154 1579 5209; x_wconf 87' lang='lat' dir='ltr'><strong>inter</strong></span> <span class='ocrx_word' id='word_1_742' title='bbox 1611 5170 1669 5210; x_wconf 88' lang='lat' dir='ltr'><strong>se</strong></span> <span class='ocrx_word' id='word_1_743' title='bbox 1695 5155 2044 5231; x_wconf 78' lang='lat' dir='ltr'><strong>distinguun-</strong></span> 
     </span>
    </p>
   </div>
   <div class='ocr_carea' id='block_1_98' title="bbox 470 5247 2039 5318">
    <p class='ocr_par' dir='ltr' id='par_1_98' title="bbox 470 5247 2039 5318">
     <span class='ocr_line' id='line_1_98' title="bbox 470 5247 2039 5318; baseline 0.001 -14"><span class='ocrx_word' id='word_1_744' title='bbox 470 5261 558 5304; x_wconf 90' lang='lat' dir='ltr'><strong>tur</strong></span> <span class='ocrx_word' id='word_1_745' title='bbox 582 5249 889 5318; x_wconf 88' lang='lat' dir='ltr'><strong>(nimirum)</strong></span> <span class='ocrx_word' id='word_1_746' title='bbox 911 5247 1259 5318; x_wconf 87' lang='lat' dir='ltr'><strong>sapientiam,</strong></span> <span class='ocrx_word' id='word_1_747' title='bbox 1288 5247 1607 5318; x_wconf 86' lang='lat' dir='ltr'><strong>potentiam,</strong></span> <span class='ocrx_word' id='word_1_748' title='bbox 1637 5248 2039 5316; x_wconf 87' lang='lat' dir='ltr'><strong>operationem,</strong></span> 
     </span>
    </p>
   </div>
   <div class='ocr_carea' id='block_1_99' title="bbox 467 5340 2045 5413">
    <p class='ocr_par' dir='ltr' id='par_1_99' title="bbox 467 5340 2045 5413">
     <span class='ocr_line' id='line_1_99' title="bbox 467 5340 2045 5413; baseline 0.001 -17"><span class='ocrx_word' id='word_1_749' title='bbox 467 5345 658 5408; x_wconf 83' lang='lat' dir='ltr'><strong>vitam,</strong></span> <span class='ocrx_word' id='word_1_750' title='bbox 684 5350 740 5396; x_wconf 88' lang='lat' dir='ltr'><strong>et</strong></span> <span class='ocrx_word' id='word_1_751' title='bbox 767 5340 1090 5405; x_wconf 83' lang='lat' dir='ltr'><strong>bonitatem,</strong></span> <span class='ocrx_word' id='word_1_752' title='bbox 1120 5355 1184 5395; x_wconf 88' lang='lat' dir='ltr'><strong>ac</strong></span> <span class='ocrx_word' id='word_1_753' title='bbox 1213 5340 1650 5406; x_wconf 86' lang='lat' dir='ltr'><strong>sanctitatem,et</strong></span> <span class='ocrx_word' id='word_1_754' title='bbox 1673 5342 1853 5396; x_wconf 88' lang='lat' dir='ltr'><strong>omnia</strong></span> <span class='ocrx_word' id='word_1_755' title='bbox 1886 5352 2045 5413; x_wconf 90' lang='lat' dir='ltr'><strong>quot-</strong></span> 
     </span>
    </p>
   </div>
   <div class='ocr_carea' id='block_1_100' title="bbox 463 5433 2042 5505">
    <p class='ocr_par' dir='ltr' id='par_1_100' title="bbox 463 5433 2042 5505">
     <span class='ocr_line' id='line_1_100' title="bbox 463 5433 2042 5505; baseline 0.003 -17"><span class='ocrx_word' id='word_1_756' title='bbox 463 5443 600 5505; x_wconf 88' lang='lat' dir='ltr'><strong>quot</strong></span> <span class='ocrx_word' id='word_1_757' title='bbox 627 5446 681 5489; x_wconf 88' lang='lat' dir='ltr'><strong>et</strong></span> <span class='ocrx_word' id='word_1_758' title='bbox 715 5442 821 5496; x_wconf 86' lang='lat' dir='ltr'><strong>est,</strong></span> <span class='ocrx_word' id='word_1_759' title='bbox 874 5443 930 5489; x_wconf 91' lang='lat' dir='ltr'><strong>et</strong></span> <span class='ocrx_word' id='word_1_760' title='bbox 960 5433 1162 5488; x_wconf 88' lang='lat' dir='ltr'><strong>dicitur</strong></span> <span class='ocrx_word' id='word_1_761' title='bbox 1211 5449 1416 5487; x_wconf 91' lang='lat' dir='ltr'><strong>numen</strong></span> <span class='ocrx_word' id='word_1_762' title='bbox 1465 5433 1734 5488; x_wconf 79' lang='lat' dir='ltr'><strong>divinum.</strong></span> <span class='ocrx_word' id='word_1_763' title='bbox 1772 5454 1791 5486; x_wconf 77' lang='grc' dir='ltr'><strong>ι</strong></span> <span class='ocrx_word' id='word_1_764' title='bbox 1830 5436 2042 5493; x_wconf 77' lang='lat' dir='ltr'><strong>ltursus</strong></span> 
     </span>
    </p>
   </div>
   <div class='ocr_carea' id='block_1_101' title="bbox 465 5523 2039 5586">
    <p class='ocr_par' dir='ltr' id='par_1_101' title="bbox 465 5523 2039 5586">
     <span class='ocr_line' id='line_1_101' title="bbox 465 5523 2039 5586; baseline 0.003 -6"><span class='ocrx_word' id='word_1_765' title='bbox 465 5525 520 5581; x_wconf 90' lang='lat' dir='ltr'><strong>in</strong></span> <span class='ocrx_word' id='word_1_766' title='bbox 550 5526 740 5581; x_wconf 87' lang='lat' dir='ltr'><strong>eadem</strong></span> <span class='ocrx_word' id='word_1_767' title='bbox 773 5524 1022 5584; x_wconf 87' lang='lat' dir='ltr'><strong>oratione</strong></span> <span class='ocrx_word' id='word_1_768' title='bbox 1051 5543 1063 5579; x_wconf 90' lang='lat'>:</span> <span class='ocrx_word' id='word_1_769' title='bbox 1103 5542 1121 5576; x_wconf 82' lang='grc' dir='ltr'><strong>ι</strong></span> <span class='ocrx_word' id='word_1_770' title='bbox 1170 5523 1275 5579; x_wconf 84' lang='lat' dir='ltr'><strong>Sed</strong></span> <span class='ocrx_word' id='word_1_771' title='bbox 1311 5525 1357 5579; x_wconf 88' lang='lat' dir='ltr'><strong>si</strong></span> <span class='ocrx_word' id='word_1_772' title='bbox 1403 5541 1513 5579; x_wconf 86' lang='lat' dir='ltr'><strong>non</strong></span> <span class='ocrx_word' id='word_1_773' title='bbox 1543 5532 1690 5582; x_wconf 90' lang='lat' dir='ltr'><strong>esset</strong></span> <span class='ocrx_word' id='word_1_774' title='bbox 1724 5527 1827 5581; x_wconf 88' lang='lat' dir='ltr'><strong>alia</strong></span> <span class='ocrx_word' id='word_1_775' title='bbox 1864 5529 2039 5586; x_wconf 84' lang='lat' dir='ltr'><strong>deitas</strong></span> 
     </span>
    </p>
   </div>
   <div class='ocr_carea' id='block_1_102' title="bbox 465 5616 2038 5690">
    <p class='ocr_par' dir='ltr' id='par_1_102' title="bbox 465 5616 2038 5690">
     <span class='ocr_line' id='line_1_102' title="bbox 465 5616 2038 5690; baseline 0.005 -20"><span class='ocrx_word' id='word_1_776' title='bbox 465 5625 665 5688; x_wconf 65' lang='lat' dir='ltr'><strong>praeter</strong></span> <span class='ocrx_word' id='word_1_777' title='bbox 701 5617 943 5673; x_wconf 86' lang='lat' dir='ltr'><strong>divinam</strong></span> <span class='ocrx_word' id='word_1_778' title='bbox 993 5627 1269 5682; x_wconf 84' lang='lat' dir='ltr'><strong>naturam,</strong></span> <span class='ocrx_word' id='word_1_779' title='bbox 1309 5616 1575 5687; x_wconf 80' lang='lat' dir='ltr'><strong>ingenita,</strong></span> <span class='ocrx_word' id='word_1_780' title='bbox 1608 5618 1714 5690; x_wconf 89' lang='lat' dir='ltr'><strong>ipsi</strong></span> <span class='ocrx_word' id='word_1_781' title='bbox 1744 5629 2038 5690; x_wconf 66' lang='lat' dir='ltr'><strong>coaeterna,</strong></span> 
     </span>
    </p>
   </div>
   <div class='ocr_carea' id='block_1_103' title="bbox 460 5707 2040 5780">
    <p class='ocr_par' dir='ltr' id='par_1_103' title="bbox 460 5707 2040 5780">
     <span class='ocr_line' id='line_1_103' title="bbox 460 5707 2040 5780; baseline 0.004 -18"><span class='ocrx_word' id='word_1_782' title='bbox 460 5715 727 5778; x_wconf 82' lang='lat' dir='ltr'><strong>tanquam</strong></span> <span class='ocrx_word' id='word_1_783' title='bbox 785 5707 957 5778; x_wconf 86' lang='lat' dir='ltr'><strong>ipsius</strong></span> <span class='ocrx_word' id='word_1_784' title='bbox 1015 5708 1282 5780; x_wconf 89' lang='lat' dir='ltr'><strong>operatio.</strong></span> <span class='ocrx_word' id='word_1_785' title='bbox 1343 5728 1362 5761; x_wconf 72' lang='grc' dir='ltr'><strong>ι</strong></span> <span class='ocrx_word' id='word_1_786' title='bbox 1421 5708 1488 5764; x_wconf 83' lang='lat' dir='ltr'><strong>Et</strong></span> <span class='ocrx_word' id='word_1_787' title='bbox 1540 5719 1664 5780; x_wconf 89' lang='lat' dir='ltr'><strong>post</strong></span> <span class='ocrx_word' id='word_1_788' title='bbox 1725 5713 2040 5769; x_wconf 88' lang='lat' dir='ltr'><strong>nonnulla:</strong></span> 
     </span>
    </p>
   </div>
   <div class='ocr_carea' id='block_1_104' title="bbox 448 5799 2041 5876">
    <p class='ocr_par' dir='ltr' id='par_1_104' title="bbox 448 5799 2041 5876">
     <span class='ocr_line' id='line_1_104' title="bbox 448 5799 2041 5876; baseline 0.004 -23"><span class='ocrx_word' id='word_1_789' title='bbox 448 5821 492 5870; x_wconf 44' lang='grc' dir='ltr'><strong>,ι</strong></span> <span class='ocrx_word' id='word_1_790' title='bbox 522 5801 629 5857; x_wconf 89' lang='lat' dir='ltr'><strong>Sed</strong></span> <span class='ocrx_word' id='word_1_791' title='bbox 664 5809 720 5856; x_wconf 90' lang='lat' dir='ltr'><strong>et</strong></span> <span class='ocrx_word' id='word_1_792' title='bbox 747 5800 880 5856; x_wconf 87' lang='lat' dir='ltr'><strong>illud</strong></span> <span class='ocrx_word' id='word_1_793' title='bbox 916 5799 1176 5857; x_wconf 76' lang='lat' dir='ltr'><strong>inﬁnities</strong></span> <span class='ocrx_word' id='word_1_794' title='bbox 1219 5800 1431 5858; x_wconf 75' lang='lat' dir='ltr'><strong>infinite</strong></span> <span class='ocrx_word' id='word_1_795' title='bbox 1474 5801 1527 5856; x_wconf 91' lang='lat' dir='ltr'><strong>iu</strong></span> <span class='ocrx_word' id='word_1_796' title='bbox 1565 5803 1821 5860; x_wconf 87' lang='lat' dir='ltr'><strong>omnibus</strong></span> <span class='ocrx_word' id='word_1_797' title='bbox 1847 5805 2041 5876; x_wconf 81' lang='lat' dir='ltr'><strong>hujus-</strong></span> 
     </span>
    </p>
   </div>
   <div class='ocr_carea' id='block_1_105' title="bbox 465 5892 2042 5970">
    <p class='ocr_par' dir='ltr' id='par_1_105' title="bbox 465 5892 2042 5970">
     <span class='ocr_line' id='line_1_105' title="bbox 465 5892 2042 5970; baseline 0.004 -21"><span class='ocrx_word' id='word_1_798' title='bbox 465 5892 613 5951; x_wconf 85' lang='lat' dir='ltr'><strong>modi</strong></span> <span class='ocrx_word' id='word_1_799' title='bbox 648 5893 846 5950; x_wconf 68' lang='lat' dir='ltr'><strong>divinae</strong></span> <span class='ocrx_word' id='word_1_800' title='bbox 871 5895 1245 5952; x_wconf 87' lang='lat' dir='ltr'><strong>attribuerunt</strong></span> <span class='ocrx_word' id='word_1_801' title='bbox 1288 5893 1623 5953; x_wconf 70' lang='lat' dir='ltr'><strong>eminentiae.</strong></span> <span class='ocrx_word' id='word_1_802' title='bbox 1661 5914 1679 5950; x_wconf 71' lang='grc' dir='ltr'><strong>ι</strong></span> <span class='ocrx_word' id='word_1_803' title='bbox 1711 5896 1777 5953; x_wconf 83' lang='lat' dir='ltr'><strong>Et</strong></span> <span class='ocrx_word' id='word_1_804' title='bbox 1813 5895 1867 5954; x_wconf 90' lang='lat' dir='ltr'><strong>in</strong></span> <span class='ocrx_word' id='word_1_805' title='bbox 1899 5897 2042 5970; x_wconf 59' lang='lat' dir='ltr'><strong>Apoo</strong></span> 
     </span>
    </p>
   </div>
   <div class='ocr_carea' id='block_1_106' title="bbox 2151 4693 3740 4770">
    <p class='ocr_par' dir='ltr' id='par_1_106' title="bbox 2151 4693 3740 4770">
     <span class='ocr_line' id='line_1_106' title="bbox 2151 4693 3740 4770; baseline 0.003 -20"><span class='ocrx_word' id='word_1_806' title='bbox 2151 4696 2244 4750; x_wconf 89' lang='grc' dir='ltr'><strong>τοῦ</strong></span> <span class='ocrx_word' id='word_1_807' title='bbox 2271 4696 2389 4759; x_wconf 78' lang='grc' dir='ltr'>ἑνὸς</span> <span class='ocrx_word' id='word_1_808' title='bbox 2418 4697 2554 4750; x_wconf 85' lang='grc' dir='ltr'>Θεοῦ</span> <span class='ocrx_word' id='word_1_809' title='bbox 2587 4697 2849 4767; x_wconf 85' lang='grc' dir='ltr'>προόδους</span> <span class='ocrx_word' id='word_1_810' title='bbox 2887 4693 3028 4751; x_wconf 84' lang='grc' dir='ltr'>εἷναι</span> <span class='ocrx_word' id='word_1_811' title='bbox 3058 4697 3122 4751; x_wconf 83' lang='grc' dir='ltr'>τὰ</span> <span class='ocrx_word' id='word_1_812' title='bbox 3152 4699 3390 4770; x_wconf 76' lang='grc' dir='ltr'>οὗσιώδη</span> <span class='ocrx_word' id='word_1_813' title='bbox 3425 4700 3599 4754; x_wconf 88' lang='grc' dir='ltr'>ταῦτα</span> <span class='ocrx_word' id='word_1_814' title='bbox 3641 4700 3740 4754; x_wconf 77' lang='grc' dir='ltr'>καὶ</span> 
     </span>
    </p>
   </div>
   <div class='ocr_carea' id='block_1_107' title="bbox 2150 4787 3737 4861">
    <p class='ocr_par' dir='ltr' id='par_1_107' title="bbox 2150 4787 3737 4861">
     <span class='ocr_line' id='line_1_107' title="bbox 2150 4787 3737 4861; baseline 0.006 -21"><span class='ocrx_word' id='word_1_815' title='bbox 2150 4789 2356 4857; x_wconf 75' lang='grc' dir='ltr'>φυσικὰ</span> <span class='ocrx_word' id='word_1_816' title='bbox 2386 4787 2480 4840; x_wconf 88' lang='grc' dir='ltr'><strong>τοῦ</strong></span> <span class='ocrx_word' id='word_1_817' title='bbox 2519 4787 2656 4842; x_wconf 84' lang='grc' dir='ltr'>Θεοῦ</span> <span class='ocrx_word' id='word_1_818' title='bbox 2685 4788 2751 4840; x_wconf 79' lang='grc' dir='ltr'>τὰ</span> <span class='ocrx_word' id='word_1_819' title='bbox 2781 4788 3050 4858; x_wconf 76' lang='grc' dir='ltr'>ὑφειμένα</span> <span class='ocrx_word' id='word_1_820' title='bbox 3082 4789 3179 4861; x_wconf 80' lang='grc' dir='ltr'>τῆς</span> <span class='ocrx_word' id='word_1_821' title='bbox 3209 4792 3361 4856; x_wconf 83' lang='grc' dir='ltr'>θείας</span> <span class='ocrx_word' id='word_1_822' title='bbox 3399 4795 3610 4858; x_wconf 78' lang='grc' dir='ltr'>οὐσίας,</span> <span class='ocrx_word' id='word_1_823' title='bbox 3640 4792 3737 4849; x_wconf 68' lang='grc' dir='ltr'>καὶ</span> 
     </span>
    </p>
   </div>
   <div class='ocr_carea' id='block_1_108' title="bbox 2148 4879 3739 4956">
    <p class='ocr_par' dir='ltr' id='par_1_108' title="bbox 2148 4879 3739 4956">
     <span class='ocr_line' id='line_1_108' title="bbox 2148 4879 3739 4956; baseline 0.004 -24"><span class='ocrx_word' id='word_1_824' title='bbox 2148 4879 2316 4950; x_wconf 69' lang='grc' dir='ltr'>ἔτερα</span> <span class='ocrx_word' id='word_1_825' title='bbox 2347 4880 2555 4948; x_wconf 87' lang='grc' dir='ltr'>ταύτης</span> <span class='ocrx_word' id='word_1_826' title='bbox 2589 4897 2647 4932; x_wconf 90' lang='grc' dir='ltr'><strong>τε</strong></span> <span class='ocrx_word' id='word_1_827' title='bbox 2678 4879 2772 4932; x_wconf 65' lang='grc' dir='ltr'><strong>καὶ</strong></span> <span class='ocrx_word' id='word_1_828' title='bbox 2807 4879 3076 4948; x_wconf 76' lang='grc' dir='ltr'>ἀλλήλων,</span> <span class='ocrx_word' id='word_1_829' title='bbox 3119 4883 3220 4951; x_wconf 75' lang='grc' dir='ltr'>τὴν</span> <span class='ocrx_word' id='word_1_830' title='bbox 3253 4882 3468 4951; x_wconf 86' lang='grc' dir='ltr'>σοφίαν,</span> <span class='ocrx_word' id='word_1_831' title='bbox 3499 4884 3602 4956; x_wconf 78' lang='grc' dir='ltr'>τὴν</span> <span class='ocrx_word' id='word_1_832' title='bbox 3647 4884 3739 4938; x_wconf 84' lang='grc' dir='ltr'>δύ-</span> 
     </span>
    </p>
   </div>
   <div class='ocr_carea' id='block_1_109' title="bbox 2150 4969 3732 5052">
    <p class='ocr_par' dir='ltr' id='par_1_109' title="bbox 2150 4969 3732 5052">
     <span class='ocr_line' id='line_1_109' title="bbox 2150 4969 3732 5052; baseline 0.003 -24"><span class='ocrx_word' id='word_1_833' title='bbox 2150 4993 2335 5045; x_wconf 87' lang='grc' dir='ltr'>ναμιν,</span> <span class='ocrx_word' id='word_1_834' title='bbox 2371 4976 2471 5045; x_wconf 80' lang='grc' dir='ltr'>τὴν</span> <span class='ocrx_word' id='word_1_835' title='bbox 2514 4969 2826 5043; x_wconf 77' lang='grc' dir='ltr'>ἐνέργειαν,</span> <span class='ocrx_word' id='word_1_836' title='bbox 2866 4977 2964 5046; x_wconf 76' lang='grc' dir='ltr'>τὴν</span> <span class='ocrx_word' id='word_1_837' title='bbox 3011 4977 3179 5046; x_wconf 79' lang='grc' dir='ltr'>ζωὴν,</span> <span class='ocrx_word' id='word_1_838' title='bbox 3232 4979 3326 5031; x_wconf 78' lang='grc' dir='ltr'>καὶ</span> <span class='ocrx_word' id='word_1_839' title='bbox 3375 4979 3732 5052; x_wconf 70' lang='grc' dir='ltr'>ἁγαθότητα,</span> 
     </span>
    </p>
   </div>
   <div class='ocr_carea' id='block_1_110' title="bbox 2148 5068 3740 5138">
    <p class='ocr_par' dir='ltr' id='par_1_110' title="bbox 2148 5068 3740 5138">
     <span class='ocr_line' id='line_1_110' title="bbox 2148 5068 3740 5138; baseline 0.003 -16"><span class='ocrx_word' id='word_1_840' title='bbox 2148 5068 2243 5122; x_wconf 73' lang='grc' dir='ltr'>καὶ</span> <span class='ocrx_word' id='word_1_841' title='bbox 2272 5069 2556 5138; x_wconf 70' lang='grc' dir='ltr'>ἁγιὸτητσ,</span> <span class='ocrx_word' id='word_1_842' title='bbox 2580 5068 2849 5122; x_wconf 77' lang='grc' dir='ltr'>καὶπάνθ’</span> <span class='ocrx_word' id='word_1_843' title='bbox 2875 5071 2976 5123; x_wconf 82' lang='grc' dir='ltr'><strong>ὅσα</strong></span> <span class='ocrx_word' id='word_1_844' title='bbox 3002 5071 3094 5126; x_wconf 73' lang='grc' dir='ltr'><strong>καὶ</strong></span> <span class='ocrx_word' id='word_1_845' title='bbox 3118 5071 3234 5123; x_wconf 81' lang='grc' dir='ltr'>ἔστι</span> <span class='ocrx_word' id='word_1_846' title='bbox 3262 5069 3324 5123; x_wconf 82' lang='grc' dir='ltr'>τὸ</span> <span class='ocrx_word' id='word_1_847' title='bbox 3345 5072 3498 5125; x_wconf 77' lang='grc' dir='ltr'><strong>Θεῖον</strong></span> <span class='ocrx_word' id='word_1_848' title='bbox 3531 5072 3740 5127; x_wconf 75' lang='grc' dir='ltr'>καὶλέ-</span> 
     </span>
    </p>
   </div>
   <div class='ocr_carea' id='block_1_111' title="bbox 2148 5160 3731 5235">
    <p class='ocr_par' dir='ltr' id='par_1_111' title="bbox 2148 5160 3731 5235">
     <span class='ocr_line' id='line_1_111' title="bbox 2148 5160 3731 5235; baseline 0.003 -23"><span class='ocrx_word' id='word_1_849' title='bbox 2148 5176 2327 5227; x_wconf 83' lang='grc' dir='ltr'>γεται.</span> <span class='ocrx_word' id='word_1_850' title='bbox 2361 5177 2379 5210; x_wconf 81' lang='grc' dir='ltr'><strong>ι</strong></span> <span class='ocrx_word' id='word_1_851' title='bbox 2424 5160 2533 5211; x_wconf 76' lang='lat' dir='ltr'><strong>Kal.</strong></span> <span class='ocrx_word' id='word_1_852' title='bbox 2563 5161 2729 5213; x_wconf 73' lang='grc' dir='ltr'>πάλιν</span> <span class='ocrx_word' id='word_1_853' title='bbox 2761 5163 2817 5212; x_wconf 81' lang='grc' dir='ltr'>ἐν</span> <span class='ocrx_word' id='word_1_854' title='bbox 2841 5161 2915 5230; x_wconf 80' lang='grc' dir='ltr'>τῷ</span> <span class='ocrx_word' id='word_1_855' title='bbox 2941 5161 3089 5231; x_wconf 85' lang='grc' dir='ltr'>αὑτῷ</span> <span class='ocrx_word' id='word_1_856' title='bbox 3109 5177 3125 5194; x_wconf 78' lang='grc' dir='ltr'><strong>ο</strong></span> <span class='ocrx_word' id='word_1_857' title='bbox 3169 5174 3211 5214; x_wconf 74' lang='grc' dir='ltr'>ι’</span> <span class='ocrx_word' id='word_1_858' title='bbox 3233 5161 3372 5215; x_wconf 78' lang='grc' dir='ltr'>Ἀλλ’</span> <span class='ocrx_word' id='word_1_859' title='bbox 3401 5165 3446 5217; x_wconf 86' lang='grc' dir='ltr'>εί</span> <span class='ocrx_word' id='word_1_860' title='bbox 3473 5165 3548 5234; x_wconf 77' lang='grc' dir='ltr'>μῆ</span> <span class='ocrx_word' id='word_1_861' title='bbox 3596 5165 3731 5235; x_wconf 72' lang='grc' dir='ltr'>ἄλλη</span> 
     </span>
    </p>
   </div>
   <div class='ocr_carea' id='block_1_112' title="bbox 2147 5251 3733 5328">
    <p class='ocr_par' dir='ltr' id='par_1_112' title="bbox 2147 5251 3733 5328">
     <span class='ocr_line' id='line_1_112' title="bbox 2147 5251 3733 5328; baseline 0.027 -44"><span class='ocrx_word' id='word_1_862' title='bbox 2147 5252 2334 5320; x_wconf 69' lang='grc' dir='ltr'><strong>θεότης</strong></span> <span class='ocrx_word' id='word_1_863' title='bbox 2363 5251 2448 5320; x_wconf 73' lang='grc' dir='ltr'>εἴη</span> <span class='ocrx_word' id='word_1_864' title='bbox 2497 5252 2646 5328; x_wconf 77' lang='grc' dir='ltr'>παρὰ</span> <span class='ocrx_word' id='word_1_865' title='bbox 2676 5254 2774 5322; x_wconf 80' lang='grc' dir='ltr'><strong>τὴν</strong></span> <span class='ocrx_word' id='word_1_866' title='bbox 2830 5253 2979 5305; x_wconf 74' lang='grc' dir='ltr'>θείαν</span> <span class='ocrx_word' id='word_1_867' title='bbox 3027 5254 3191 5323; x_wconf 82' lang='grc' dir='ltr'>φύσιν</span> <span class='ocrx_word' id='word_1_868' title='bbox 3245 5256 3542 5326; x_wconf 74' lang='grc' dir='ltr'>ἀγέννητος</span> <span class='ocrx_word' id='word_1_869' title='bbox 3575 5298 3590 5322; x_wconf 70' lang='grc' dir='ltr'><strong>ι</strong></span> <span class='ocrx_word' id='word_1_870' title='bbox 3638 5259 3733 5311; x_wconf 65' lang='grc' dir='ltr'><strong>καὶ</strong></span> 
     </span>
    </p>
   </div>
   <div class='ocr_carea' id='block_1_113' title="bbox 2145 5343 3729 5417">
    <p class='ocr_par' dir='ltr' id='par_1_113' title="bbox 2145 5343 3729 5417">
     <span class='ocr_line' id='line_1_113' title="bbox 2145 5343 3729 5417; baseline 0.004 -21"><span class='ocrx_word' id='word_1_871' title='bbox 2145 5346 2281 5415; x_wconf 73' lang='grc' dir='ltr'>αὐτῇ</span> <span class='ocrx_word' id='word_1_872' title='bbox 2312 5344 2580 5408; x_wconf 78' lang='grc' dir='ltr'>συναῖδιος</span> <span class='ocrx_word' id='word_1_873' title='bbox 2609 5343 2680 5407; x_wconf 75' lang='grc' dir='ltr'>ὡς</span> <span class='ocrx_word' id='word_1_874' title='bbox 2714 5345 2966 5416; x_wconf 75' lang='grc' dir='ltr'>ἐνέργεια</span> <span class='ocrx_word' id='word_1_875' title='bbox 2999 5346 3192 5415; x_wconf 69' lang='grc' dir='ltr'>αὑτῆς.</span> <span class='ocrx_word' id='word_1_876' title='bbox 3233 5365 3250 5398; x_wconf 76' lang='grc' dir='ltr'><strong>ι</strong></span> <span class='ocrx_word' id='word_1_877' title='bbox 3290 5348 3399 5400; x_wconf 80' lang='lat' dir='ltr'><strong>Kal.</strong></span> <span class='ocrx_word' id='word_1_878' title='bbox 3427 5349 3568 5417; x_wconf 85' lang='grc' dir='ltr'>μετά</span> <span class='ocrx_word' id='word_1_879' title='bbox 3587 5366 3729 5403; x_wconf 75' lang='grc' dir='ltr'>τιναο</span> 
     </span>
    </p>
   </div>
   <div class='ocr_carea' id='block_1_114' title="bbox 2152 5434 3736 5508">
    <p class='ocr_par' dir='ltr' id='par_1_114' title="bbox 2152 5434 3736 5508">
     <span class='ocr_line' id='line_1_114' title="bbox 2152 5434 3736 5508; baseline 0.003 -19"><span class='ocrx_word' id='word_1_880' title='bbox 2152 5456 2171 5489; x_wconf 81' lang='grc' dir='ltr'><strong>ι</strong></span> <span class='ocrx_word' id='word_1_881' title='bbox 2211 5435 2373 5490; x_wconf 84' lang='grc' dir='ltr'><strong>Ἀλλὰ</strong></span> <span class='ocrx_word' id='word_1_882' title='bbox 2394 5437 2487 5490; x_wconf 74' lang='grc' dir='ltr'>καὶ</span> <span class='ocrx_word' id='word_1_883' title='bbox 2506 5434 2566 5490; x_wconf 79' lang='grc' dir='ltr'>τὸ</span> <span class='ocrx_word' id='word_1_884' title='bbox 2607 5436 2903 5506; x_wconf 79' lang='grc' dir='ltr'>ἀπειράκις</span> <span class='ocrx_word' id='word_1_885' title='bbox 2950 5440 3195 5508; x_wconf 81' lang='grc' dir='ltr'>ἀπείρως</span> <span class='ocrx_word' id='word_1_886' title='bbox 3229 5441 3321 5494; x_wconf 70' lang='grc' dir='ltr'>ἐπὶ</span> <span class='ocrx_word' id='word_1_887' title='bbox 3340 5439 3736 5497; x_wconf 78' lang='grc' dir='ltr'>τῶν-τοιούτων</span> 
     </span>
    </p>
   </div>
   <div class='ocr_carea' id='block_1_115' title="bbox 2146 5529 3736 5604">
    <p class='ocr_par' dir='ltr' id='par_1_115' title="bbox 2146 5529 3736 5604">
     <span class='ocr_line' id='line_1_115' title="bbox 2146 5529 3736 5604; baseline 0.004 -22"><span class='ocrx_word' id='word_1_888' title='bbox 2146 5531 2367 5584; x_wconf 67' lang='grc' dir='ltr'>πάντων</span> <span class='ocrx_word' id='word_1_889' title='bbox 2438 5532 2502 5600; x_wconf 68' lang='grc' dir='ltr'>τῇ</span> <span class='ocrx_word' id='word_1_890' title='bbox 2536 5529 2656 5600; x_wconf 78' lang='grc' dir='ltr'>θείᾳ</span> <span class='ocrx_word' id='word_1_891' title='bbox 2707 5531 3055 5600; x_wconf 75' lang='grc' dir='ltr'>προσέθηκαν</span> <span class='ocrx_word' id='word_1_892' title='bbox 3104 5533 3387 5604; x_wconf 79' lang='grc' dir='ltr'>ὑπεροχῇ.</span> <span class='ocrx_word' id='word_1_893' title='bbox 3426 5555 3446 5586; x_wconf 73' lang='grc' dir='ltr'><strong>ι</strong></span> <span class='ocrx_word' id='word_1_894' title='bbox 3513 5535 3736 5591; x_wconf 47' lang='grc' dir='ltr'>Καῖλὲν</span> 
     </span>
    </p>
   </div>
   <div class='ocr_carea' id='block_1_116' title="bbox 2146 5619 3735 5697">
    <p class='ocr_par' dir='ltr' id='par_1_116' title="bbox 2146 5619 3735 5697">
     <span class='ocr_line' id='line_1_116' title="bbox 2146 5619 3735 5697; baseline 0.004 -23"><span class='ocrx_word' id='word_1_895' title='bbox 2146 5624 2211 5693; x_wconf 76' lang='grc' dir='ltr'>τῇ</span> <span class='ocrx_word' id='word_1_896' title='bbox 2260 5619 2405 5675; x_wconf 74' lang='grc' dir='ltr'>οὕτω</span> <span class='ocrx_word' id='word_1_897' title='bbox 2438 5622 2747 5693; x_wconf 82' lang='grc' dir='ltr'>καλουμένῃ</span> <span class='ocrx_word' id='word_1_898' title='bbox 2787 5620 3196 5695; x_wconf 76' lang='grc' dir='ltr'>διεξοδεκωτέρᾳ</span> <span class='ocrx_word' id='word_1_899' title='bbox 3225 5622 3489 5697; x_wconf 71' lang='grc' dir='ltr'>ἀπολογίᾳ</span> <span class='ocrx_word' id='word_1_900' title='bbox 3520 5643 3535 5659; x_wconf 91' lang='grc'><strong>·</strong></span> <span class='ocrx_word' id='word_1_901' title='bbox 3573 5645 3594 5679; x_wconf 75' lang='grc' dir='ltr'><strong>ι</strong></span> <span class='ocrx_word' id='word_1_902' title='bbox 3624 5629 3735 5683; x_wconf 74' lang='grc' dir='ltr'><strong>Καὶ</strong></span> 
     </span>
    </p>
   </div>
   <div class='ocr_carea' id='block_1_117' title="bbox 2147 5714 3733 5790">
    <p class='ocr_par' dir='ltr' id='par_1_117' title="bbox 2147 5714 3733 5790">
     <span class='ocr_line' id='line_1_117' title="bbox 2147 5714 3733 5790; baseline 0.004 -24"><span class='ocrx_word' id='word_1_903' title='bbox 2147 5715 2257 5786; x_wconf 87' lang='grc' dir='ltr'>γὰρ</span> <span class='ocrx_word' id='word_1_904' title='bbox 2291 5714 2716 5786; x_wconf 74' lang='grc' dir='ltr'>κατηξιώθημεν</span> <span class='ocrx_word' id='word_1_905' title='bbox 2751 5716 2953 5770; x_wconf 73' lang='grc' dir='ltr'>εἰδέναι</span> <span class='ocrx_word' id='word_1_906' title='bbox 2985 5717 3084 5789; x_wconf 79' lang='grc' dir='ltr'>τὴν</span> <span class='ocrx_word' id='word_1_907' title='bbox 3109 5723 3210 5788; x_wconf 76' lang='grc' dir='ltr'>μὲν</span> <span class='ocrx_word' id='word_1_908' title='bbox 3235 5719 3424 5773; x_wconf 77' lang='grc' dir='ltr'>οὐσίαν</span> <span class='ocrx_word' id='word_1_909' title='bbox 3453 5721 3584 5790; x_wconf 88' lang='grc' dir='ltr'>μίαν</span> <span class='ocrx_word' id='word_1_910' title='bbox 3634 5721 3733 5775; x_wconf 68' lang='grc' dir='ltr'><strong>καὶ</strong></span> 
     </span>
    </p>
   </div>
   <div class='ocr_carea' id='block_1_118' title="bbox 2147 5805 3730 5881">
    <p class='ocr_par' dir='ltr' id='par_1_118' title="bbox 2147 5805 3730 5881">
     <span class='ocr_line' id='line_1_118' title="bbox 2147 5805 3730 5881; baseline 0.004 -20"><span class='ocrx_word' id='word_1_911' title='bbox 2147 5805 2329 5876; x_wconf 83' lang='grc' dir='ltr'>ἁπλῆν</span> <span class='ocrx_word' id='word_1_912' title='bbox 2376 5808 2470 5860; x_wconf 76' lang='grc' dir='ltr'><strong>καὶ</strong></span> <span class='ocrx_word' id='word_1_913' title='bbox 2512 5808 2821 5878; x_wconf 77' lang='grc' dir='ltr'>ἀδιαίρετον</span> <span class='ocrx_word' id='word_1_914' title='bbox 2872 5808 2999 5864; x_wconf 83' lang='grc' dir='ltr'>καθ’</span> <span class='ocrx_word' id='word_1_915' title='bbox 3035 5809 3254 5881; x_wconf 82' lang='grc' dir='ltr'>ἑαυτὴν,</span> <span class='ocrx_word' id='word_1_916' title='bbox 3304 5812 3526 5876; x_wconf 75' lang='grc' dir='ltr'>ὲκείνας</span> <span class='ocrx_word' id='word_1_917' title='bbox 3569 5812 3626 5866; x_wconf 77' lang='grc' dir='ltr'>δὲ</span> <span class='ocrx_word' id='word_1_918' title='bbox 3666 5812 3730 5868; x_wconf 79' lang='grc' dir='ltr'>οὐ</span> 
     </span>
    </p>
   </div>
   <div class='ocr_carea' id='block_1_119' title="bbox 2147 5897 3724 5975">
    <p class='ocr_par' dir='ltr' id='par_1_119' title="bbox 2147 5897 3724 5975">
     <span class='ocr_line' id='line_1_119' title="bbox 2147 5897 3724 5975; baseline 0.003 -22"><span class='ocrx_word' id='word_1_919' title='bbox 2147 5897 2348 5963; x_wconf 76' lang='grc' dir='ltr'>πολλὰς</span> <span class='ocrx_word' id='word_1_920' title='bbox 2391 5898 2572 5970; x_wconf 85' lang='grc' dir='ltr'>μόνον,</span> <span class='ocrx_word' id='word_1_921' title='bbox 2607 5899 2743 5955; x_wconf 73' lang='grc' dir='ltr'>ἀλλὰ</span> <span class='ocrx_word' id='word_1_922' title='bbox 2779 5903 2869 5956; x_wconf 80' lang='grc' dir='ltr'><strong>καὶ</strong></span> <span class='ocrx_word' id='word_1_923' title='bbox 2917 5901 3153 5975; x_wconf 84' lang='grc' dir='ltr'>ἀριθμὸν</span> <span class='ocrx_word' id='word_1_924' title='bbox 3203 5901 3662 5975; x_wconf 75' lang='grc' dir='ltr'>ὑπερϐαινούσας.</span> <span class='ocrx_word' id='word_1_925' title='bbox 3704 5924 3724 5958; x_wconf 74' lang='grc' dir='ltr'><strong>ι</strong></span> 
     </span>
    </p>
   </div>
  </div>
