4152 6292
421 335 528 397 857

1637 340 2042 402 ADVERSUS
2081 337 2467 409 PALAMAM.

3567 329 3681 393 858

420 444 478 496 ἑν
506 449 570 513 τῇ
601 453 735 514 τερος
761 448 850 503 τὸν
885 449 1196 505 Ἀκίνδυνον
1236 451 1679 522 ίπιστολῇ,‹Καὶ
1708 430 1989 518 τὰς-ἐνερ-

2105 451 2390 507 admodum
2419 449 2573 504 multi
2601 449 2830 519 spiritus
2869 446 3327 516 singularitatem,
3383 461 3449 502 ae
3469 447 3686 517 simpli-

417 535 572 600 γείας
616 538 711 592 τοῦ
765 541 1079 612 Ιινεὺματος
1133 541 1420 613 πνεύματα
1473 544 1630 611 φίλον
1671 542 1751 613 τῷ
1793 542 1993 615 Ἡσαΐᾳ

420 624 873 702 καλεῖν’”δηλαδὴ
914 633 982 687 τὶ
1019 634 1171 705 δῶρα
1207 636 1301 688 τοῦ
1343 635 1686 706 Πνεὺματος.
1713 636 1775 687 ΔΞ
1815 632 1871 686 δὲ
1897 634 1991 687 τοῦ

414 717 553 772 Θεοῦ
586 721 860 792 ἐνέργειαι
888 727 1135 782 ἇκτιστοί
1174 715 1331 782 ε’ίσιν.
1377 746 1398 782 ι

416 815 581 870 unius
614 816 1152 887 Deitatis,’unltatem
1211 841 1273 879 ac
1301 825 1708 894 simplicitatem
1774 825 1894 896 ejus
1957 840 2069 880 non
2109 827 2270 882 tollit.
2301 845 2319 876 ι
2372 825 2440 880 Ει
2497 827 2548 878 in
2584 825 2815 894 epistola
2858 825 2925 879 ad
2980 822 3325 894 Acindynum
3378 841 3393 878 :

2103 542 2347 609 citatem,
2367 541 2992 612 incompositionemque
3054 539 3294 612 Spiritus
3321 533 3432 595 non
3461 540 3678 604 tollunt,

2101 639 2306 707 quippe
2332 645 2462 692 sunt
2489 635 2839 702 operationes
2885 633 3093 704 ipsius;
3129 633 3202 688 ita
3245 636 3412 688 etiam
3469 633 3516 689 si
3556 633 3683 703 quis

2102 730 2312 784 dixerit
2380 730 2583 784 multas
2646 729 2902 792 deitates,
2964 728 3320 798 operationes
3386 727 3687 796 designans

3451 842 3470 876 ‹
3505 823 3682 879 Etiam

414 910 767 974 operatione:
823 914 1068 985 Spiritus
1105 919 1279 972 Sancti
1342 919 1519 987 placet
1574 918 1727 973 lsaia:
1773 919 2000 990 Spiritus
2037 919 2340 990 appellare,
2387 918 2602 974 scilicet
2649 920 2794 974 dona
2832 917 3075 989 Spiritus
3125 917 3328 974 sancti.
3391 919 3486 972 Dei
3547 933 3683 974 vero

415 1004 766 1071 operationes
803 1007 1058 1065 increatze
1097 1021 1249 1065 sunt.
1291 1031 1310 1062 ι
1396 1030 1401 1034 ·

492 1098 612 1151 Ἔτι
641 1099 860 1165 λέγουσι
895 1103 970 1170 μὴ
1014 1103 1261 1170 γίνεσθαι
1314 1103 1571 1160 σύνθεσιν
1619 1108 1682 1161 ἐκ
1715 1125 1773 1161 τε
1816 1107 2006 1170 οὐσίας

412 1190 551 1244 Θεοῦ
578 1192 674 1245 καὶ
702 1185 778 1246 ῶν
799 1193 1091 1263 φρονοῦσιν
1114 1197 1272 1250 αὐτοὶ
1293 1201 1696 1269 πραγματικῶς
1724 1203 2008 1271 συνυπάρ-

415 1304 534 1355 χειν
564 1285 722 1356 αὑτῇ.
763 1286 874 1341 Καί
933 1305 1098 1362 φησιν
1152 1292 1179 1343 δ
1242 1291 1506 1362 Παλαμᾶς
1547 1295 1609 1346 ὲν
1659 1295 1805 1364 λόγῳ
1855 1289 1920 1348 οὗ
1971 1295 2004 1365 ἡ

414 1379 598 1449 ἀρχὴ,
671 1378 804 1444 Τοῖς
870 1387 1448 1453 πνευματοκινήτοις
1513 1386 1634 1441 τῶν
1699 1388 2000 1456 Πατέρων,

420 1489 441 1521 ο
486 1471 606 1524 Ὀτι
640 1471 702 1524 τὸ
724 1471 981 1528 ἄκτιστον
1013 1480 1434 1548 προσκείμενον,
1464 1481 1590 1552 μίαν
1616 1483 2001 1538 ἀποδείκνυσιν

414 1564 511 1615 καὶ
563 1563 685 1632 ἴσην
743 1566 842 1618 καὶ
881 1566 1062 1635 ἁπλῆν
1112 1572 1210 1640 τὴν
1273 1573 1330 1624 ὲν
1377 1575 1441 1641 τῇ
1500 1573 1775 1644 διακρίσει
1822 1578 1996 1649 ταύτῃ

413 1653 706 1722 ὁρωμένην
733 1654 987 1726 θεότητα.
1023 1660 1134 1712 Καὶ
1163 1662 1270 1733 γὰρ
1312 1664 1420 1716 πᾶν
1446 1663 1705 1718 ἄκτιστον
1740 1667 1831 1720 καὶ
1862 1669 1993 1738 ὀμό-

413 1747 573 1814 τιμὸν
603 1748 720 1801 ἐστι
743 1750 838 1804 καὶ
874 1753 1172 1820 ἡνωμένον,
1197 1755 1292 1806 καὶ
1315 1754 1566 1820 σύνθεσις
1597 1758 1654 1808 ὲν
1691 1761 1802 1822 τοῖς
1839 1759 1996 1812 ἀκτί-

415 1857 561 1902 στοις
609 1843 1010 1911 συναγομένοις
1051 1848 1129 1908 είς
1159 1846 1217 1900 ἐν
1255 1849 1318 1902 οὑ
1371 1848 1573 1919 μήποτ’
1616 1851 1683 1904 ἂν
1715 1853 1991 1919 γένοιτο.»

2182 1106 2452 1161 Prmterea
2502 1105 2728 1169 dicunt,
2777 1121 2886 1159 non
2940 1104 3060 1160 fieri
3102 1103 3560 1174 compositionem
3613 1119 3680 1159 ex

2109 1200 2438 1264 substantia,
2481 1209 2539 1253 et
2591 1199 2658 1254 iis
2716 1214 2838 1268 qua:
2875 1195 2953 1254 illi
3003 1197 3250 1253 sentiunt
3307 1198 3530 1252 realiter
3565 1195 3680 1251 dis-

2107 1291 2279 1347 tincta
2326 1306 2450 1347 esse
2490 1305 2616 1346 eum
2667 1289 2996 1346 substantia.
3039 1291 3220 1359 Atque
3279 1290 3476 1344 asserit
3528 1290 3686 1347 Pala-

2106 1401 2246 1450 mas,
2292 1389 2346 1439 in
2382 1385 2657 1450 oratione,
2705 1384 2864 1455 cujus
2896 1385 3116 1440 initium
3153 1403 3170 1445 ;
3212 1388 3250 1439 Α
3301 1385 3505 1448 Spiritu
3541 1389 3683 1442 exci-

2105 1484 2231 1536 tatis
2262 1479 2537 1542 Patribus.
2575 1497 2593 1532 ι
2626 1479 2782 1546 Quod
2816 1495 2922 1534 vox
2987 1481 3322 1543 increatum,
3357 1480 3486 1536 dum
3529 1480 3681 1550 adja-

2103 1584 2214 1633 cet.
2275 1587 2439 1626 unam
2481 1572 2748 1634 ostendit,
2805 1583 2862 1627 et
2911 1572 3199 1641 aequalem,
3252 1585 3316 1626 ac
3375 1571 3683 1642 simplicem

2103 1663 2390 1727 Deitatem,
2434 1678 2558 1732 quae
2611 1663 2666 1717 in
2715 1661 2820 1716 hac
2874 1661 3230 1716 distinctione
3266 1662 3508 1717 videtur.
3556 1661 3680 1716 Ete-

2103 1756 2216 1810 nim
2250 1771 2412 1810 omne
2453 1756 2760 1810 increatum
2786 1755 3036 1825 ejusdem
3078 1755 3309 1810 honoris
3345 1763 3433 1810 est
3466 1763 3522 1810 et
3547 1769 3683 1810 con-

2097 1849 2427 1918 junctionis,
2470 1863 2652 1918 neque
2692 1847 2747 1901 in
2807 1847 3069 1901 increatis
3101 1845 3157 1900 in
3213 1862 3384 1901 unum
3433 1847 3684 1902 collectis

415 1933 525 1986 Καὶ
565 1935 625 1987 ὲν
654 1933 830 2005 ἑτέρῳ
860 1929 919 1989 οὗ
951 1938 984 2005 ἡ
1011 1937 1178 2009 ἀρχὴ.
1217 1915 1704 2010 ’Υποψίθυρίσας
1727 1915 1961 2013 ⁷’τοίνυν
1981 1963 1992 1977 ·

2105 1915 2196 1996 lict
2224 1956 2464 2010 unquam
2497 1915 2848 2009 compositio.
2887 1956 2906 1990 ι
2939 1935 3007 1994 Ει
3030 1937 3086 1991 in
3119 1937 3227 1992 alia
3254 1938 3505 1993 oratione
3535 1980 3550 2003 ,
3587 1955 3682 1993 cu-

436 2042 452 2069 ι
483 2023 590 2075 Καὶ
615 2023 736 2078 οὐδὲ
768 2025 928 2080 τοῦτο
950 2027 1181 2082 συνιδεῖν
1228 2031 1449 2100 ἴσχυσεν
1486 2035 1514 2086 ό
1559 2036 1618 2087 ἐν
1652 2032 1864 2098 τοὺτοις
1899 2036 1998 2100 τὰς

417 2116 702 2180 συνθέσεις
730 2120 984 2190 ἀφρόνως
1017 2121 1455 2193 φανταζόμενος,
1494 2124 1576 2190 ὡς
1623 2129 1654 2196 ἡ
1702 2128 1811 2181 τῶν
1841 2127 2000 2182 ἁκτί·

418 2223 561 2259 στων
605 2208 699 2261 καὶ
744 2209 912 2272 ὅντως
946 2212 1135 2266 ἁπλῶν
1165 2215 1482 2279 συνέλευσις
1512 2218 1594 2282 είς
1636 2216 1696 2270 ἔν
1745 2217 1998 2272 σύνθεσιν

415 2299 675 2368 οὐδεμίαν
707 2303 946 2370 ἐμποιεῖ.
994 2323 1012 2356 ι
1047 2306 1155 2359 Καὶ
1181 2308 1209 2360 ὁ
1241 2308 1588 2378 χρηματίσας
1614 2311 1695 2373 είς
1725 2312 1997 2382 πατριάρ-

419 2407 525 2461 χην
565 2391 834 2455 Κόκκινος
857 2395 915 2446 ὲν
940 2393 984 2447 θ’
1013 2396 1124 2450 τῶν
1166 2397 1227 2450 ιδ’
1267 2399 1584 2467 κεφαλαίων
1609 2400 1774 2454 αὑτοῦ
1809 2419 1998 2471 φησιν,

427 2501 443 2531 ι
493 2481 683 2553 Ἡμεῖς
713 2485 976 2554 μαθόντες
1002 2488 1108 2541 ἀπὸ
1147 2489 1256 2542 τῶν
1295 2491 1490 2555 ἁγίων,
1523 2494 1605 2546 ὅτι
1641 2493 1758 2546 οὑδὲ
1792 2493 1883 2547 τὸν
1904 2495 1999 2549 ἄν·

421 2575 642 2642 θρωπον
665 2579 882 2632 ποιοῦσί
916 2597 1049 2634 ποτε
1080 2581 1337 2636 σύνθετον
1364 2587 1431 2636 τὰ
1465 2586 1676 2652 φυσικὰ
1709 2585 1999 2653 ἰδιώματα,

421 2669 540 2722 ἀλλ’
569 2671 692 2725 οὑδὲ
749 2674 798 2723 οἱ
845 2675 1083 2743 τεχνικοὶ
1120 2675 1267 2742 λόγοι
1313 2681 1409 2730 καὶ
1445 2679 1784 2749 ἑπιστῆμαι·
1826 2681 2003 2744 οὐδεὶς

421 2763 533 2832 γὰρ
584 2765 650 2816 ἂν
699 2765 843 2816 εἴποι
886 2765 1015 2818 ποτὲ
1061 2767 1153 2819 τὸν
1199 2768 1493 2837 ἄνθρωπον
1533 2769 1815 2838 σύνθετον,
1866 2772 2002 2824 διότι

421 2855 537 2924 ἔχει
562 2855 728 2923 φύσιν
761 2862 853 2910 καὶ
883 2858 1167 2928 ἐνέργειαν
1218 2860 1478 2932 φυσικὴν,
1515 2861 1548 2932 ἢ
1585 2863 1718 2916 διότι
1751 2864 1866 2933 ἔχει
1898 2864 2005 2928 φύ-

426 2963 512 3000 σιν
547 2947 641 3000 καὶ
666 2947 858 3020 τέχνην
894 2950 1367 3022 γραμματικὴν,ἢ
1404 2956 1742 3024 τεκτονικὴν,
1769 2956 1801 3024 ἢ
1829 2973 2002 3024 γεωρ-

426 3039 594 3112 γικὴν
618 3042 801 3110 τυχόν.
847 3042 908 3097 El
947 3043 1003 3096 δὲ
1052 3046 1146 3100 ἐπὶ
1195 3045 1303 3099 τῶν
1343 3047 1653 3117 ἀνθρώπων
1685 3049 1881 3114 οὑτως,
1911 3050 2003 3102 ἐπὶ

423 3131 521 3185 τοῦ
559 3132 696 3185 Θεοῦ
727 3134 779 3186 τί
805 3139 910 3204 χρὴ
953 3135 1153 3205 λέγειν,
1187 3138 1281 3192 τοῦ
1317 3140 1498 3194 πάντα
1529 3141 1824 3210 ὑπερφυῶς
1851 3142 2004 3214 ἔχονο

2096 2035 2188 2102 jus
2231 2033 2496 2088 initium:
2547 2032 2684 2086 Cum
2730 2031 3116 2086 insusurrasset
3169 2031 3370 2100 igitur:
3417 2048 3438 2084 t
3492 2029 3684 2100 Neque

2102 2127 2207 2182 hoc
2242 2125 2557 2196 perspicere
2603 2125 2799 2189 valuit,
2831 2125 2929 2192 qui
2981 2121 3038 2177 in
3075 2121 3195 2177 istis
3253 2121 3687 2191 compositiones

2103 2223 2272 2277 stulte
2304 2221 2656 2289 imaginatur,
2688 2217 2837 2287 quod
2869 2218 2922 2271 in
2959 2231 3129 2271 unum
3165 2231 3470 2270 concursus
3496 2229 3685 2270 rerum

2105 2314 2498 2376 increatarum,
2547 2319 2604 2364 et
2665 2324 2855 2364 revera
2905 2307 3263 2376 simplicium,
3321 2305 3682 2376 compositio-

2103 2420 2227 2458 nem
2293 2402 2495 2455 nnllam
2561 2399 2710 2455 facit.
2769 2419 2785 2449 ι
2834 2398 2901 2452 Et
2953 2395 3226 2452 Coccinus
3263 2395 3376 2458 ille,
3419 2396 3514 2466 qui
3578 2395 3684 2449 fuit

2104 2493 2441 2565 patriarcha,
2474 2493 2526 2544 in
2559 2507 2707 2545 nono
2747 2491 2930 2558 capite
2968 2505 3036 2543 ex
3064 2488 3132 2543 iis
3157 2486 3455 2543 duodecim
3485 2486 3685 2554 capiti:

2105 2588 2230 2646 bus.
2262 2600 2385 2654 qua:
2419 2583 2592 2637 edidit
2622 2621 2638 2649 ,
2693 2602 2708 2634 ι
2767 2581 2900 2644 Nos,
2931 2583 3030 2646 ait,
3089 2595 3216 2634 eum
3265 2578 3626 2635 didicerimus
3651 2593 3686 2634 a

2104 2678 2330 2738 sanctis,
2355 2676 2500 2747 quod
2539 2689 2721 2745 neque
2757 2674 3038 2728 hominem
3081 2673 3292 2728 faciunt
3320 2671 3689 2743 proprietates

2107 2771 2389 2824 naturales
2435 2783 2678 2838 unquam
2725 2765 3118 2836 compositum,
3145 2766 3241 2820 sed
3291 2765 3690 2836 nequeartitio

2103 2859 2242 2916 ciosi
2315 2874 2599 2914 sermones
2635 2868 2692 2912 et
2717 2857 3050 2926 disciplina.
3087 2854 3261 2913 Nemo
3305 2857 3457 2912 enim
3483 2855 3689 2911 dixerit

2108 2963 2355 3018 unquam
2404 2948 2689 3003 hominem
2743 2946 3140 3016 compositum,
3191 2945 3453 3016 quoniam
3521 2943 3688 2999 habet

2109 3055 2359 3096 naturam
2389 3048 2445 3094 et
2478 3039 2858 3109 operationem
2928 3037 3260 3102 naturalem,
3293 3038 3381 3092 vel
3410 3035 3558 3107 quod
3589 3036 3688 3090 ha-

2112 3138 2243 3192 beat
2274 3142 2553 3198 naturam,
2603 3141 2660 3188 et
2705 3140 2879 3188 artem
2915 3131 3354 3203 grammaticam,
3377 3130 3464 3185 vel
3514 3128 3687 3184 fabri-

422 3239 551 3292 so;;
593 3227 751 3282 Ἀλλὰ
786 3228 1034 3291 σύνθεσις
1062 3230 1272 3298 γίνεται
1308 3231 1402 3285 καὶ
1443 3233 1665 3300 λέγεται
1699 3234 1842 3297 τότε,
1872 3236 2001 3288 ὅταν

2105 3229 2234 3286 lem.
2270 3228 2352 3282 vel
2383 3227 2564 3281 forsan
2592 3234 2767 3280 artem
2805 3225 3176 3296 agriculturae.
3208 3219 3366 3290 Quod
3398 3223 3445 3277 si
3498 3221 3556 3278 in
3585 3221 3690 3276 ho-

421 3317 517 3372 δὺο
548 3322 851 3390 πράγματα
901 3321 1092 3389 ἔχοντα
1134 3321 1193 3374 ἓν
1231 3323 1462 3378 ἕκαστον
1503 3325 1638 3378 ίδίαν
1681 3326 2004 3395 ὑπόστασιν,

425 3411 522 3466 καὶ
547 3412 848 3479 δυνάμενον
875 3413 1110 3468 ἕκαστον
1130 3411 1274 3468 εἶναι
1306 3414 1630 3487 θεωρεῖσθαι
1661 3419 1786 3471 καθ’
1817 3421 1998 3484 ὲαυτὸ,

421 3497 548 3571 δίχα
599 3499 962 3572 τοῦιὲτέρουο
997 3502 1128 3556 ὅταν
1173 3502 1242 3555 τὰ
1278 3504 1503 3558 τοιαῦτα
1541 3506 1870 3560 συντεθῶσιν
1909 3512 2005 3561 καὶ

423 3587 702 3672 ἐνωθῶσιν
743 3589 999 3659 ἀλλήλοις
1035 3591 1114 3652 εἰς
1145 3589 1272 3658 μίαν
1302 3590 1626 3655 ὑπόστασιν,
1671 3587 1782 3646 οἷον
1813 3595 2005 3666 ὥσπερ

423 3683 484 3736 ἐν
521 3681 598 3752 τῷ
637 3681 914 3751 ἀνθρώπῳ
945 3681 1095 3751 ψυχὴ
1152 3685 1246 3736 καὶ
1293 3685 1474 3751 σῶμα,
1525 3685 1556 3752 ἢ
1622 3686 1681 3737 ἐν
1736 3691 1803 3756 τῇ
1854 3690 2002 3757 οἰκίᾳ

423 3774 563 3828 λίθοι
594 3775 690 3830 καὶ
731 3773 866 3840 ξύλα
905 3777 998 3827 καὶ
1026 3774 1267 3843 σίδηρος.
1300 3776 1485 3828 Ταῦτα
1529 3777 1636 3847 γὰρ
1679 3778 1803 3831 καθ’
1832 3781 2002 3833 ἑαυτὰ

420 3868 631 3922 ἕκαστα
677 3867 978 3931 ὑπόστασις
1012 3867 1162 3929 ὅντα,
1207 3869 1334 3921 ὅταν
1393 3870 1692 3936 συντεθῶσι
1743 3871 1839 3926 καὶ
1872 3874 2005 3925 ἑνω-

425 3961 591 4015 θῶσιν
624 3959 874 4028 ἀλλήλοις
925 3961 1004 4020 είς
1055 3960 1185 4027 μίαν
1238 3959 1557 4024 ὑπόστασιν,
1608 3963 1730 4015 τότε
1783 3963 2005 4030 λέγεται

426 4052 702 4114 σύνθεσις,
738 4049 859 4120 ἦτοι
883 4047 1078 4112 ἕνωσις
1109 4051 1490 4105 ἑνυποστάτων
1509 4054 1604 4106 δὺο
1634 4056 2002 4123 πραγμάτων,

424 4145 458 4215 ἢ
487 4146 581 4198 καὶ
610 4142 897 4197 πλειόνων,
935 4159 955 4193 ι
986 4142 1095 4193 Καὶ
1147 4145 1205 4194 ὲν
1251 4142 1329 4213 τῷ
1380 4143 1532 4214 τὸμῳ
1589 4147 1744 4215 κοινῇ
1800 4147 2004 4212 πάντες

423 4235 795 4305 ἀπεφήναντο,
839 4252 858 4285 ι
891 4232 1048 4286 Μετὰ
1095 4232 1252 4286 τοῦτο
1303 4235 1653 4306 ἐζητήσαμεν
1705 4243 1856 4309 παρὰ
1892 4239 2004 4293 τῶν

423 4327 600 4392 ἁγίων
645 4328 694 4378 εί
750 4325 1018 4396 μηδεμίαν
1054 4327 1170 4396 ἔχοι
1209 4343 1293 4388 τις
1341 4325 1409 4379 ἂν
1460 4329 1700 4381 ἐπινοεῖν
1751 4328 2004 4384 σύνθεσιν

427 4425 518 4475 ἐπὶ
546 4421 682 4475 Θεοῦ
711 4421 800 4474 διὰ
849 4421 948 4490 τὴν
999 4419 1098 4491 τῆς
1139 4419 1292 4482 θείας
1337 4419 1526 4484 οὐσίας
1577 4423 1672 4472 καὶ
1723 4418 2004 4490 ἐνεργείας

422 4515 711 4585 διαφοράν.
757 4513 1081 4583 Ἀπεδείχθη
1110 4508 1207 4566 οὖν
1246 4514 1392 4584 παρά
1426 4514 1532 4566 τῶν
1564 4515 1736 4582 ἁγίων
1784 4515 2004 4570 πάντων

2107 3321 2351 3376 minibus
2391 3320 2464 3375 ita
2505 3335 2564 3376 se
2598 3333 2687 3374 res
2727 3316 2918 3383 habet,
2961 3317 3094 3386 quid
3139 3316 3195 3372 in
3224 3315 3340 3374 Deo
3384 3313 3684 3369 dicendum

2105 3427 2212 3482 est.
2251 3417 2343 3487 qui
2376 3415 2560 3471 omnia
2606 3411 3104 3484 supernaturaliter
3135 3409 3340 3465 habet?
3384 3409 3491 3466 Sed
3531 3423 3684 3463 com-

2105 3511 2307 3581 positio
2341 3519 2471 3562 tunc
2500 3510 2563 3562 (lt
2607 3518 2664 3561 et.
2703 3505 2928 3568 dicitur,
2958 3502 3189 3572 quando
3220 3501 3342 3557 duae
3370 3517 3461 3555 res
3490 3501 3698 3571 singu--

2104 3602 2172 3657 ite
2217 3601 2424 3654 habent
2457 3599 2740 3668 prepriam
2796 3595 3239 3658 subsistentiam,
3271 3607 3506 3663 quarum
3549 3607 3686 3646 una-

2106 3685 2335 3763 quaeque
2363 3691 2540 3759 possit
2586 3704 2707 3742 esse
2745 3703 2843 3758 per
2872 3703 2953 3752 se,
2978 3697 3036 3741 et
3072 3685 3418 3742 considerari
3453 3684 3573 3741 sine
3601 3683 3687 3739 alo.

2107 3795 2245 3848 tera,
2317 3780 2541 3852 quando
2595 3779 2862 3848 ejusmodi
2920 3777 3223 3848 composita
3279 3786 3337 3832 et
3392 3776 3688 3845 conjunCta

2107 3873 2315 3929 iuerint
2364 3871 2432 3926 ad
2479 3871 2715 3926 invicem
2752 3870 2816 3938 in
2855 3885 3018 3925 unam
3063 3869 3500 3942 subsistentiam,
3530 3866 3685 3921 verbi

2105 3964 2306 4035 gratia,
2343 3970 2400 4018 ut
2429 3963 2486 4017 in
2518 3962 2740 4017 homine
2770 3962 2952 4016 anima
2993 3971 3047 4018 et
3081 3975 3306 4033 corpus,
3343 3961 3426 4017 vel
3461 3961 3517 4015 in
3548 3974 3688 4015 eon-

2106 4055 2374 4113 struenda
2431 4054 2596 4108 domo
2653 4052 2867 4124 lapides
2899 4095 2913 4118 ,
2955 4051 3102 4123 ligna
3154 4061 3216 4107 et
3268 4051 3515 4115 ferrum;
3570 4051 3689 4107 haec

2105 4148 2256 4206 enim
2294 4146 2509 4217 singula
2545 4161 2647 4216 per
2675 4161 2734 4202 se
2762 4145 3179 4201 subsistentiam
3219 4143 3444 4210 habent,
3475 4152 3532 4198 et
3559 4157 3686 4199 cum

2106 4242 2404 4312 conjunCta
2462 4248 2520 4293 et
2548 4237 2858 4308 composita
2898 4237 3045 4292 inter
3106 4251 3164 4292 se
3200 4237 3255 4291 in
3300 4251 3466 4292 uuam
3500 4235 3687 4290 subsi-

2105 4332 2364 4386 stentiam
2418 4330 2646 4396 fuerint,
2677 4336 2808 4382 tunc
2824 4326 3028 4383 dicitur
3056 4327 3406 4397 compositio,
3436 4325 3521 4382 vel
3553 4341 3690 4382 σοι]-

2101 4424 2318 4496 junctio
2337 4424 2571 4478 duarum
2599 4435 2806 4484 rerum.
2826 4419 2911 4473 vel
2936 4418 3180 4490 plurium
3205 4417 3680 4473 subsistentiuma

2109 4517 2177 4572 Ει
2252 4516 2312 4570 in
2369 4523 2519 4570 tomo
2574 4513 2945 4567 communiter
3027 4523 3222 4570 omnes
3267 4507 3686 4565 decreverunt:

426 4609 849 4678 κηρυττόμενον,
901 4606 976 4669 ὼς
1027 4607 1129 4658 οὑκ
1182 4606 1299 4658 ἐστι
1361 4603 1614 4658 σύνθεσίν
1673 4622 1797 4659 τινα
1849 4607 1999 4678 παρὰ

2111 4625 2132 4660 t
2177 4605 2306 4661 Post
2357 4606 2476 4660 bzec
2517 4603 2870 4674 qumsivimus
2925 4616 2956 4656 a
3002 4600 3259 4666 sanctis,
3298 4608 3484 4654 utrum
3514 4597 3688 4668 possit

422 4700 582 4754 τοῦτο
612 4696 854 4767 νομίζειν
887 4699 976 4750 ἐπὶ
1008 4698 1102 4752 τοῦ
1136 4697 1296 4750 Θεοῦ.
1371 4717 1389 4750 ι
1428 4699 1537 4750 Καὶ
1578 4697 1636 4749 ἐν
1673 4699 1784 4760 τοῖς
1808 4698 2005 4752 ἀναθε-

426 4793 720 4863 ματισμοῖς
749 4790 795 4844 δ’
815 4789 1120 4860 ὲκφωνοὺσι
1142 4806 1156 4820 ο
1187 4809 1204 4841 ι
1234 4791 1358 4852 Τοῖς
1381 4788 1636 4860 φρονοῦσι
1665 4792 1758 4843 καὶ
1773 4790 2006 4859 ’λέγουσι

427 4885 682 4939 σύνθεσίν
715 4901 838 4938 τινα
868 4884 1003 4946 ὅλως
1031 4883 1119 4935 διὰ
1146 4883 1315 4935 ταῦτα
1352 4883 1602 4950 γίνεσθαι
1623 4884 1718 4936 ἐπὶ
1743 4885 1900 4948 Θεοῦ,
1929 4884 2005 4954 μὴ

430 4975 772 5044 πειθομένοις
821 4975 877 5027 δὲ
915 4977 980 5044 τῇ
1015 4973 1122 5025 τῶν
1152 4975 1326 5042 ἁγίων
1357 4974 1695 5046 διδασκαλίᾳ,
1737 4975 2006 5044 μηδεμίαν

427 5071 681 5124 σύνθεσιν
716 5070 823 5121 ἀπὸ
856 5067 966 5120 τῶν
997 5065 1244 5136 φυσικῶν
1273 5070 1332 5119 ἐν
1357 5069 1424 5138 τῇ
1456 5066 1616 5136 φύσει
1653 5068 1900 5134 γίνεσθαι
1923 5067 2012 5121 δι-

427 5163 761 5226 δασκόντων,
818 5160 892 5223 ὡς
951 5163 1071 5212 κατ’
1128 5159 1283 5212 οὐδὲν
1333 5160 1552 5223 πάντως
1609 5161 1708 5232 τὴν
1738 5161 2005 5231 διαφορὰν

427 5253 636 5323 ταύτην
665 5253 1072 5322 λυμαινομὲηνην
1097 5254 1164 5322 τῇ
1205 5253 1324 5321 θείᾳ
1358 5254 1641 5320 ἁπλότητι,
1674 5253 1940 5323 ἀνάθεμα.
1978 5271 1999 5307 ι

2113 4699 2390 4770 quispiam
2418 4696 2583 4751 ullam
2625 4693 3084 4765 compositionem
3124 4693 3179 4746 in
3209 4691 3320 4746 Deo
3343 4680 3691 4746 animadver-

2107 4801 2226 4849 tere
2274 4799 2504 4861 propter
2540 4786 2933 4848 diﬂ‘erentiam.
2982 4800 3104 4855 qua:
3144 4793 3230 4840 est
3273 4784 3415 4839 inter
3447 4783 3690 4838 divinam

2104 4884 2466 4943 substantiam
2529 4891 2585 4939 et
2651 4881 3049 4951 Operationem.
3109 4883 3405 4934 Ostensum
3450 4884 3534 4931 est
3586 4875 3694 4946 igi-

2106 4989 2198 5036 tur
2249 4994 2281 5034 a
2343 4975 2552 5033 sanctis
2612 4975 2868 5031 omnibus
2918 4972 3274 5043 praedicatum
3309 4971 3500 5033 fuisse,
3543 4967 3692 5036 quod

2106 5072 2314 5130 nullam
2365 5067 2826 5139 compositionem
2873 5074 3099 5134 propter
3135 5064 3185 5118 id
3244 5063 3297 5116 in
3336 5061 3447 5116 Deo
3499 5057 3693 5114 existi-

2107 5179 2258 5220 mare
2310 5163 2458 5218 licet.
2496 5181 2514 5213 )
2547 5160 2613 5214 Et
2647 5161 2699 5213 in
2737 5155 3212 5212 anathematismis
3278 5153 3636 5222 pronuntiant
3671 5168 3688 5206 :

2117 5271 2138 5305 ι
2180 5252 2252 5308 lis
2297 5251 2391 5324 qui
2426 5249 2696 5313 sentiunt,
2741 5262 2807 5301 ac
2840 5246 3054 5312 dicunt,
3089 5243 3548 5314 compositionem
3596 5241 3693 5296 all-

432 5366 596 5422 quam
629 5349 857 5404 omnino
882 5358 1111 5418 propter
1145 5348 1262 5403 haec
1292 5349 1346 5402 in
1376 5348 1485 5402 Deo
1527 5347 1668 5408 ﬂeri.
1700 5364 1878 5418 neque
1941 5348 2211 5405 doctrinae
2249 5355 2566 5404 sanctorum
2639 5344 3025 5415 aequiescunt,
3063 5341 3157 5412 qui
3221 5341 3418 5395 docent
3483 5337 3690 5394 nullam

426 5441 883 5512 compositionem
938 5441 1057 5497 lieri
1111 5456 1177 5496 ex
1232 5443 1578 5498 naturalibus
1653 5443 1708 5496 in
1773 5454 1992 5508 natura,
2072 5456 2198 5496 cum
2269 5439 2580 5496 dilIerentia
2630 5438 2748 5492 haec
2795 5437 2934 5492 nihil
2981 5445 3177 5490 noceat
3216 5433 3447 5488 omnino
3491 5431 3692 5487 divina:

430 5537 797 5607 simplicitati,
838 5537 1158 5592 anathema.
1198 5556 1216 5589 ι

501 5633 624 5686 Ἔτι
666 5632 1091 5702 δογματίζουσιν
1121 5631 1204 5685 ὅτι
1240 5633 1385 5686 κατὰ
1414 5649 1537 5687 τινα
1564 5635 1768 5704 τρόπον
1798 5633 1858 5687 οὑ
1885 5633 2001 5707 δια-

428 5725 708 5793 κρίνονται
737 5724 985 5793 ἀλλήλων
1011 5725 1080 5777 τὰ
1107 5725 1234 5792 τρία
1275 5724 1373 5793 τῆς,
1422 5723 1678 5796 θεότητος
1711 5726 2000 5796 πρόσωπα,

430 5808 467 5892 ἦ
487 5817 770 5891 πρόσωπα,
794 5816 930 5872 ἀλλὰ
951 5817 1041 5872 καὶ
1069 5816 1204 5888 πρὸς
1223 5819 1318 5881 τὰς
1337 5818 1593 5891 δυνάμεις
1615 5816 1706 5873 καὶ
1726 5819 2002 5890 ἐνεργείας

2190 5631 2465 5685 Praeterea
2498 5628 2889 5700 dogmatizant,
2931 5627 3074 5698 quod
3110 5641 3220 5679 non
3264 5622 3685 5692 distinguuntur

2117 5724 2356 5794 quodam
2407 5721 2570 5776 modo
2628 5722 2772 5775 inter
2828 5737 2886 5775 se
2944 5728 3056 5774 tres
3108 5716 3338 5772 Deitatis
3391 5727 3688 5784 personae,

2114 5828 2386 5891 quatenus
2442 5830 2692 5886 persona:
2742 5825 2892 5872 sunt.
2939 5814 3044 5871 Sed
3097 5825 3149 5870 et
3194 5814 3257 5866 ad
3313 5807 3583 5880 potentias
3633 5813 3690 5860 et
