4152 6292
407 348 523 412 865

428 556 759 630 Ἕκκλησίας
807 559 1103 634 διαρρήδην
1155 563 1373 633 Ἀρειον
1424 561 1516 614 καὶ
1560 561 1685 622 τοὺς
1747 556 1974 611 τοιαῦτα

408 648 792 719 τολμήσαντας
823 651 1302 725 παραπεμπούσης
1322 651 1487 719 ἀξίως
1530 650 1610 718 τῷ
1640 648 1976 718 ἀναθέματι.

432 740 587 793 Ἐπεὶ
617 738 672 793 δὲ
697 740 868 795 ταῦτα
900 742 992 794 καί
1021 761 1167 806 τινες
1211 743 1457 813 ἀνοήτως
1483 741 1844 811 παρεισάγειν
1870 739 1987 792 τολ-

415 835 615 901 μῶσιν,
648 830 698 885 οἳ
729 834 820 886 τὸν
849 819 962 904 μὲν
993 835 1122 890 Υίὺν
1149 835 1213 890 ἐκ
1241 836 1335 889 τοῦ
1366 833 1603 904 Πατρός,
1638 833 1672 903 ἢ
1709 833 1807 901 τῆς
1841 833 1978 885 ὑπο-

413 923 767 996 στάσεως’,ἢ
813 926 913 993 τῆς
967 927 1239 997 πατρικῆς
1296 924 1561 995 ἰδιότητος
1605 920 1746 976 εἶναι
1795 924 2008 994 όμολοεη

409 1017 620 1084 γοῦσιν,
663 1019 726 1073 ἐκ
758 1017 815 1071 δέ
845 1019 944 1088 τῆς
973 1019 1162 1082 οὑσίας
1198 1019 1294 1072 τοῦ
1339 1017 1553 1088 Πατρὸς
1596 1014 1758 1068 αὑτὸν
1793 1019 1987 1082 γεννᾶ-

411 1109 537 1163 σθαι
558 1111 618 1164 οὑ
644 1109 1041 1181 παραδέχονται
1065 1126 1083 1144 ο
1114 1109 1221 1164 ἔδει
1249 1108 1373 1180 μηδ’
1403 1110 1718 1179 ἡστινοσοῦν
1747 1109 1985 1179 ἀποκρί-

410 1218 549 1265 σεως
573 1203 758 1268 ἀξιοῦν
791 1207 916 1268 τοὺς
944 1204 1003 1256 οὑ
1033 1202 1287 1257 τοσοῦτον
1335 1202 1566 1270 ἀμαθῶς
1596 1219 1655 1253 τε
1691 1201 1783 1256 καὶ
1825 1201 1989 1282 ἀπαι-

409 1294 614 1359 δεύτως
635 1337 651 1353 .
689 1296 814 1350 ὅσον
847 1296 1126 1358 δυσσεϐῶς
1155 1294 1297 1350 οὑτω
1322 1279 1732 1362 θεολογοῦντας,
1765 1294 1855 1347 καὶ
1879 1311 1986 1361 φα-

409 1389 586 1460 νερῶς
613 1390 710 1452 τὰς
740 1389 916 1459 ἀρχὰς
959 1389 1061 1456 τῆς
1109 1389 1348 1450 πίστεως
1380 1387 1808 1458 ἀνατρέποντας.
1838 1384 1986 1457 Πλὴν

404 1480 594 1549 ἐπειδὴ
633 1482 742 1534 πᾶν
800 1479 1002 1549 ὕψωμα
1041 1480 1181 1532 κατὰ
1229 1481 1329 1547 τῆς
1382 1477 1476 1533 τοῦ
1538 1477 1675 1532 Θεοῦ
1734 1475 1987 1544 γνώσεως

406 1570 790 1640 ἐπαιρόμενον,
827 1570 951 1625 ὅσον
984 1569 1014 1640 ἡ
1066 1567 1296 1638 δύναμις
1329 1569 1616 1646 ἐπιτρέπει
1641 1606 1657 1631 ,
1695 1567 1985 1639 καθαιρεῖν

408 1663 504 1715 καὶ
528 1660 835 1732 ἐξελέγχειν
873 1661 1168 1729 ἀναγκαῖον
1219 1661 1548 1730 πειρᾶσθαι,
1577 1651 1672 1713 καὶ
1729 1659 1870 1714 κατὰ
1895 1657 1986 1711 τδν

407 1754 706 1820 κορυφαῖον
730 1753 838 1806 τῶν
867 1753 1179 1807 ἀποστόλων
1203 1754 1410 1822 Πέτρον
1452 1751 1702 1820 ἐτοίμους
1734 1749 1982 1820 γίνεσθαι

406 1843 513 1915 χρὴ
537 1845 697 1898 παντὶ
726 1845 803 1914 τῷ
832 1844 1081 1915 ζητοῦντι
1105 1837 1481 1910 διδόναιλόγον
1505 1844 1630 1913 περὶ
1659 1843 1756 1913 τῆς
1775 1845 1832 1896 ἐν
1849 1842 1983 1912 ἡμῖν

404 1936 658 2001 πίστεως,
692 1937 931 1989 δεικτέον
957 1936 1021 1990 ἂν
1064 1936 1148 2006 εἴη
1174 1937 1346 1990 πολλὰ
1374 1935 1483 1990 τῶν
1529 1937 1984 2006 ὁμολογουμένων

353 2046 355 2048 ·
404 2032 470 2100 τῇ
512 2029 771 2100 καθολικῇ
803 2029 984 2082 πίστει
1036 2029 1164 2093 τοὺς
1213 2027 1386 2083 ταῦτα
1436 2028 1692 2097 λέγοντας
1738 2027 1985 2100 ἀναιρεῖν

404 2123 831 2191 ἀναγκάζεσθαι,
860 2123 1071 2186 πολλοῖς
1098 2140 1158 2176 τε
1184 2125 1299 2187 τοῖς
1329 2125 1554 2187 ἀτόποις
1573 2122 1982 2193 ἐνέχεσθαι,καὶ

401 2215 540 2276 ὅλως
555 2215 780 2268 ἐκείνων
801 2215 964 2286 μηδὲν
982 2214 1089 2269 τῶν
1104 2215 1666 2285 παλαιῶναίρετικῶν
1682 2215 1981 2286 διαφέρειν.

478 2305 699 2376 Πρῶτον
750 2307 938 2360 τοίνυν
989 2307 1296 2377 ἐρωτητέον
1345 2307 1541 2371 αὐτοὺς
1572 2345 1588 2371 ,
1635 2305 1819 2359 τίποτε
1881 2307 1981 2377 τὴν

405 2398 699 2452 ὑπόστασιν
731 2391 872 2451 εἶναι
901 2398 1216 2468 νομίζουσιν
1241 2438 1258 2464 ,
1295 2398 1327 2468 ἢ
1363 2397 1462 2466 τὴν
1511 2397 1791 2467 πατρικὴν
1849 2397 1982 2451 ἰδιό-

401 2506 561 2557 τητα,
590 2489 688 2560 τὴν
719 2489 1034 2559 πατρότητα
1073 2488 1318 2560 δηλονότι
1340 2505 1355 2520 ο
1399 2489 1490 2543 ἵνα
1529 2489 1664 2559 πρός
1690 2504 1746 2540 τι
1785 2488 1980 2558 ὁμολοο

401 2580 697 2650 γοὺμενον.
730 2582 855 2645 τοὺς
917 2581 1115 2648 λόγους
1182 2580 1451 2651 ποιῶμεν,
1506 2581 1601 2634 καὶ
1643 2580 1832 2650 ἐπειδὴ
1883 2581 1979 2649 τὴν

402 2670 589 2724 οὐσίαν
623 2673 760 2743 πρὸς
807 2672 906 2739 τὴν
955 2673 1254 2726 ὑπόστασιν
1301 2671 1720 2740 ἀντιδιαιροῦσι,
1758 2674 1853 2727 καὶ
1885 2669 1981 2723 θά-

401 2781 559 2834 τερον
585 2765 684 2834 οὑχ
712 2759 822 2817 οἷον
847 2763 907 2816 τὸ
936 2764 1125 2835 ἕτερόν
1159 2781 1316 2834 φασι,
1353 2767 1518 2817 παντὶ
1543 2763 1726 2834 δῆλον,
1765 2765 1847 2818 ὅτι
1880 2765 1978 2835 τὴν

403 2855 696 2909 ὑπόστασιν
723 2856 1152 2926 ὁμολογήσουσιν
1192 2850 1334 2908 εἶναι
1379 2856 1482 2909 οὐκ
1516 2856 1728 2911 οὐσίαν.
1766 2858 1839 2911 Τὸ
1867 2859 1978 2929 γὰρ

402 2947 782 3017 ἀντικείμενον
819 2949 885 3018 τῇ
920 2947 1078 3020 οὐσίᾳ
1101 2947 1201 3001 οὑκ
1224 2946 1374 3002 εστιν
1402 2948 1587 3009 οὐσία,
1627 2949 1724 3003 καὶ
1754 2950 1786 3021 ἠ
1817 2949 1977 3003 οὐσία

402 3037 539 3107 πρὸς
563 3041 624 3094 τὸ
659 3038 733 3109 μὴ
781 3037 843 3091 ὃν
896 3038 1056 3093 οὐσία
1106 3039 1437 3093 ἀντίκειται.
1495 3039 1657 3093 Ἀλλὰ
1703 3041 1764 3092 τὸ
1796 3041 1872 3109 μὴ
1916 3039 1976 3094 ὃν

401 3131 562 3187 οὐσία
603 3133 704 3186 οὑκ
739 3132 888 3186 ἐστιν
917 3131 1094 3185 οὐσία*
1131 3132 1160 3185 ό
1183 3131 1241 3186 δὲ
1268 3133 1368 3186 οὐκ
1402 3131 1567 3190 ἔστιν,
1595 3133 1777 3200 οὑσία,
1812 3132 1974 3188 ἁνοὺ-
1999 3156 2046 3221 c

405 3243 521 3279 σιον
545 3241 560 3256 ο
593 3224 654 3278 τὸ
691 3224 748 3278 δέ
795 3223 1046 3280 ἀνοὺσιον
1094 3225 1465 3280 ἀνυπόστατον
1501 3241 1514 3256 ·
1557 3225 1699 3279 ὥστε
1733 3227 1834 3294 τὴν
1877 3225 1973 3280 τοῦ

403 3321 616 3389 Πατρδς
640 3323 937 3376 ὑπόστασιν
967 3323 1344 3376 ἀνυπόστατον
1362 3319 1631 3376 τίθενται.
1664 3320 1737 3374 Τὸ
1776 3320 1821 3375 δ’
1845 3319 1974 3374 αὑτὸ

405 3412 500 3465 καὶ
538 3411 598 3477 ἐξ
637 3403 711 3467 ὧν
765 3412 923 3468 αὐτοὶ
970 3413 1098 3482 περὶ
1124 3399 1317 3476 οὐσίας
1362 3413 1458 3466 καὶ
1486 3412 1769 3481 ἐνεργείας
1799 3410 1978 3466 διαλέ-

403 3519 590 3571 γονται
617 3502 982 3573 παριστῶσιν.
1034 3503 1184 3557 Ἐκεῖ
1231 3505 1340 3574 γὰρ
1372 3503 1465 3558 τὸν
1505 3503 1638 3557 Θεὸν
1667 3502 1750 3565 είς
1781 3503 1972 3556 οὐσίαν

403 3595 498 3647 καὶ
525 3594 806 3662 ἐνέργειαν
853 3591 1142 3660 διελόντες,
1184 3594 1280 3647 καὶ
1327 3593 1458 3649 ἄλλο
1490 3593 1588 3663 μὲν
1635 3595 1736 3664 τὴν
1774 3592 1971 3648 οὐσίαν

405 3687 646 3756 θέμενοι,
675 3686 864 3758 ἕτερον
897 3685 954 3739 δὲ
983 3685 1083 3756 τὴν
1119 3686 1419 3756 ἐνέργειαν,
1458 3689 1553 3742 καὶ
1583 3684 1792 3754 ταύτην
1826 3687 1987 3767 ἀντι-η

403 3779 673 3842 διελόντες
709 3779 845 3848 πρὸς
903 3777 1004 3848 τὴν
1042 3776 1259 3841 οὐσίαν,
1313 3778 1410 3832 καὶ
1456 3777 1707 3832 ἁνούσιον
1756 3779 1847 3830 καὶ
1875 3779 1972 3831 ἁν-

402 3872 703 3925 υπόστατον
735 3871 1079 3942 ὁρισάμενοι,
1122 3870 1354 3940 φανερὸν
1400 3869 1481 3924 ὅτι
1533 3869 1815 3924 κάνταῦθα
1874 3868 1973 3940 τὴν

404 3962 703 4017 ὑπόστασιν
729 3962 918 4031 ἕτερον
950 3961 1052 4031 τῆς
1097 3961 1290 4024 οὐσίας
1328 3959 1580 4028 λέγοντες
1616 3962 1673 4014 ἐν
1719 3962 1783 4032 τῇ
1817 3960 1973 4025 τάξει

403 4057 500 4124 τῆς
554 4054 837 4125 ἐνεργείας
915 4052 1128 4125 ταύτην
1196 4051 1481 4123 θήσουσιν.
1555 4051 1819 4122 Ἐπείπερ
1874 4051 1974 4122 οὑχ

403 4144 622 4211 ἕξουσιν
672 4146 800 4200 ἄλλο
853 4145 1060 4214 τρίτον,
1088 4145 1114 4198 ὃ
1170 4143 1300 4216 μήτ’
1329 4144 1508 4211 οὐσία,
1548 4142 1674 4214 μήτ’
1715 4142 1973 4213 ἐνέργειά

404 4241 549 4291 ἐστιν
582 4239 679 4291 ἐπὶ
703 4238 796 4291 τοῦ
840 4238 996 4310 Θεοῦ.
1035 4238 1148 4294 Πᾶν
1177 4239 1307 4309 γὰρ,
1349 4233 1537 4307 φασιν,
1564 4237 1659 4291 ἐπὶ
1703 4235 1864 4302 Θεοῦ,
1895 4235 1972 4301 ὡς

403 4329 558 4380 αὐτοὶ
596 4329 810 4392 διεῖλον,
871 4328 904 4398 ἢ
965 4329 1160 4395 οὐσία,
1207 4327 1242 4401 ᾗ
1281 4325 1530 4398 ἐνέργειά
1582 4326 1720 4379 ἐστι·
1755 4327 1815 4380 τὸ
1863 4327 1972 4400 γὰρ

403 4421 751 4490 συμϐεϐηκὸς
807 4420 919 4474 οὐδ’
971 4421 1124 4474 αὑτοὶ
1190 4419 1607 4490 παραδέχονται,
1667 4418 1805 4473 ἀλλὰ
1869 4419 1971 4488 τὴν

404 4515 687 4584 ἐνέργειαν
731 4513 1102 4567 ἀνυπόστατον
1167 4511 1451 4582 ἡγοῦνται,
1508 4511 1649 4565 ὥστε
1721 4513 1816 4566 καὶ
1865 4512 1966 4585 τὴν

404 4606 746 4669 ὑπόστασιν,
803 4605 869 4677 ἧν
921 4605 1261 4676 έτερονσῆς
1309 4604 1498 4665 οὐσίας
1559 4603 1964 4675 ἰσχυρίζονται,

400 4699 652 4753 ἀνούσιον
722 4700 816 4752 καὶ
870 4700 1246 4754 ἀνυπόστατον
1325 4697 1613 4767 ὁμολογεῖν
1669 4698 1813 4755 κατὰ
1867 4697 1968 4762 τὰς

400 4793 578 4848 αὑτῶν
613 4792 1014 4861 ἀναγκάζονται
1061 4791 1262 4854 θέσεις.
1297 4791 1358 4844 Ei
1393 4791 1448 4843 δὲ
1500 4792 1595 4844 καὶ
1625 4789 1812 4862 τρίτον
1839 4788 1965 4860 βού-

398 4885 583 4937 λονται
637 4885 737 4952 τὴν
773 4883 1075 4936 ὑπόστασιν
1129 4879 1360 4943 τιθέναι,
1419 4877 1636 4948 πρῶτον
1682 4876 1784 4946 μὲν
1814 4874 1968 4947 παρὰ

398 4980 492 5039 τὰς
527 4977 706 5030 αὐτῶν
756 4976 872 5027 ἐστι
929 4973 1128 5038 θέσεις,
1169 4972 1289 5025 καθ’
1341 4970 1404 5034 ἃς
1463 4970 1647 5034 ἁπλῶς
1701 4970 1794 5023 τὸν
1834 4967 1968 5022 Θεὸν

399 5071 478 5131 είς
499 5069 688 5121 οὐσίαν
720 5066 983 5136 διαιροῦσι
1019 5067 1113 5118 καὶ
1146 5066 1444 5134 ἐνέργειανο
1478 5062 1694 5127 ἔπειτα,
1728 5062 1756 5116 ὅ
1781 5079 1833 5116 τι
1867 5059 1967 5131 μὲν

399 5161 480 5214 δεῖ
523 5162 650 5231 περὶ
709 5161 808 5229 τῆς
839 5157 1192 5221 ὑποστάσεως
1231 5159 1452 5227 φρονεῖν
1494 5155 1614 5225 μετ’
1649 5143 1828 5223 ὀλίγον
1867 5155 1968 5224 ρη-

401 5252 646 5322 θήσεταιο
678 5252 812 5320 πρὸς
850 5251 906 5303 δέ
957 5250 1020 5301 τὸ
1074 5249 1276 5319 παρὸν,
1327 5249 1410 5301 ὅτι
1457 5245 1517 5299 οὑ
1573 5263 1742 5314 φασιν
1793 5245 1967 5313 αὐτὴν

399 5342 588 5394 οὐσίαν
640 5334 802 5402 εἶναι,
839 5338 1016 5392 τοῦτο’
1059 5339 1221 5403 μόνον
1252 5338 1434 5407 ἀρκεῖ.
1468 5335 1589 5390 Ὅτι
1615 5335 1671 5388 δὲ
1715 5336 1805 5388 τὸν
1834 5335 1968 5387 Θεὸν

399 5437 477 5497 εἰς
532 5435 721 5487 οὐσίαν
765 5432 1031 5494 διελόντες
1074 5432 1168 5485 καὶ
1215 5432 1539 5501 ἐνέργειαν,
1588 5427 1836 5482 ἀνούσιον
1866 5425 1966 5499 τὴν

397 5528 682 5597 ἐνέργειαν
746 5531 840 5579 καὶ
895 5524 1273 5578 ἀνυπόστατον
1329 5520 1668 5586 πιστεύουσι,
1704 5519 1866 5590 δῆλον
1900 5519 1966 5571 ἐκ

397 5618 506 5668 τῶν
545 5614 1030 5687 περιειλημμένων
1062 5613 1140 5685 τῷ
1164 5615 1297 5680 περὶ
1327 5611 1510 5675 οὐσίας
1565 5611 1661 5664 καὶ
1685 5610 1966 5679 ἐνεργείας

397 5710 571 5781 τόμῳ,
605 5708 666 5764 ὃν
712 5712 790 5774 εἰς
838 5707 1123 5778 ὁμολογίαν
1170 5706 1267 5777 τῆς
1306 5702 1516 5758 ἑαυτῶν
1569 5699 1805 5762 πίστεως
1843 5698 1965 5753 ἁνέ·

397 5802 637 5876 γραψαν.
665 5801 824 5858 Οὕτω
851 5801 959 5874 γὰρ
988 5800 1104 5856 ἐκεῖ
1131 5799 1266 5868 πρὸς
1287 5793 1365 5870 τῷ
1394 5797 1537 5850 τέλει
1567 5796 1763 5848 κεῖται.
1800 5791 1965 5862 Ἡμῖν

1337 351 1438 413 DE
1474 345 1995 412 PROCESSIONE
2035 346 2404 416 SPIRITUS
2444 351 2735 421 SANCTI.

407 467 506 521 καὶ
537 466 826 535 γεννᾶσθαι
878 468 1155 534 παντελῶς
1211 466 1573 540 ἀπαρνεῖσθαι
1598 509 1614 534 ,
1645 465 1828 534 δῆλον,
1872 465 1974 535 τῆς

2085 467 2334 532 omnino.
2367 471 2627 538 inﬁciari,
2659 472 3008 529 manifestum
3048 481 3132 530 est

3179 493 3195 530 :
3243 490 3368 531 cum
3419 475 3667 534 Ecclesia

2088 555 2267 625 palam
2318 559 2534 630 Arium,
2571 571 2626 618 et
2657 578 2752 618 eos
2780 563 2873 632 qui
2908 565 3181 634 ejusmodi
3235 579 3323 621 res
3366 565 3487 623 ausi
3528 567 3664 634 sint,

2087 649 2285 705 merito
2343 655 2689 708 anathemate
2757 656 3112 726 percusserit.
3182 657 3449 725 Quoniam
3530 675 3668 716 vero

2089 740 2206 794 haec
2225 742 2390 796 etiam
2416 759 2564 800 nunc
2604 746 2858 800 nonnulli
2890 757 3097 802 temere
3131 748 3395 806 inducere
3432 751 3662 817 audent,

2089 833 2180 902 qui
2224 833 2423 889 Filium
2477 851 2544 890 ex
2585 837 2748 893 Patre
2777 839 2998 909 quidem
3027 881 3041 902 ,
3077 853 3129 896 et
3159 857 3226 897 ex
3264 837 3545 914 hypostasi
3570 887 3583 906 .
3608 855 3667 901 et

2088 937 2315 996 paterna
2370 929 2709 998 proprietate
2761 948 2884 990 esse
2933 934 3203 1010 fatentur,
3235 951 3344 991 non
3383 947 3666 993 autem-ex

2089 1019 2396 1074 substantia
2434 1019 2612 1076 Patris
2653 1038 2776 1076 cum
2804 1027 3053 1092 generari
3089 1028 3408 1092 admittunt,
3441 1039 3666 1100 oporte-

2088 1106 2182 1161 bat
2211 1122 2307 1162 eos
2337 1123 2440 1163 nee
2490 1111 2862 1181 qnalicunque
2899 1117 3260 1185 responsione
3307 1118 3502 1189 dignos
3530 1135 3665 1175 cen-

2088 1212 2230 1261 sere,
2257 1199 2350 1268 qui
2371 1215 2479 1254 non
2505 1210 2612 1255 tam
2644 1204 2810 1260 stulte
2868 1214 3035 1274 atque
3064 1207 3345 1277 imperite,
3373 1225 3535 1280 quam
3566 1213 3670 1266 int-

2087 1289 2176 1360 pie
2205 1290 2286 1346 sic
2325 1289 2392 1347 de
2438 1292 2551 1347 Deo
2580 1293 2862 1349 disserunt
2893 1337 2908 1360 ,
2945 1312 3010 1352 ae
3062 1300 3352 1357 manil‘eSIe
3395 1304 3665 1374 principia

2092 1382 2215 1439 lldei
2253 1385 2504 1441 funditus
2532 1398 2811 1443 evertunt.
2848 1388 2983 1456 Quia
3015 1400 3196 1447 tamen
3221 1410 3405 1460 omne,
3430 1399 3575 1467 quod
3605 1415 3664 1456 se

2087 1475 2303 1532 extollit
2331 1488 2526 1533 contra
2572 1480 2669 1534 Dei
2728 1483 3102 1550 cognitionem
3133 1500 3234 1554 pro
3264 1487 3409 1541 virili
3441 1489 3663 1546 destru-

2087 1583 2179 1629 ere
2226 1583 2290 1624 ac
2341 1564 2671 1642 redarguere
2744 1566 3060 1630 necessario
3106 1578 3391 1634 nitendum
3437 1593 3558 1646 est,
3607 1595 3664 1639 et

2082 1660 2235 1730 juxta
2268 1661 2571 1731 principem
2630 1649 3004 1733 apostolorum
3036 1668 3262 1725 Petrum
3295 1681 3515 1741 paratos
3539 1689 3663 1730 esse

2089 1758 2305 1817 oportet
2345 1754 2410 1806 ad
2442 1754 2776 1811 reddendam
2812 1760 3080 1814 rationem
3119 1764 3266 1817 omni
3297 1767 3563 1834 quaerenti
3594 1769 3664 1824 de

2087 1853 2149 1895 ea
2181 1855 2302 1910 quae
2347 1842 2402 1898 in
2445 1843 2609 1913 nobis
2653 1854 2738 1900 est
2822 1847 2961 1911 ﬁde;
3010 1848 3500 1907 demonstrandum
3530 1862 3659 1920 est,

2085 1943 2182 1984 eos
2211 1930 2304 2000 qui
2355 1932 2467 1986 haec
2501 1932 2676 1998 aiunt,
2714 1934 2886 1990 multa
2927 1936 3134 1992 invitos
3162 1940 3281 2009 cogi
3325 1940 3611 1998 destruere
3641 1983 3657 2005 ,

2085 2039 2207 2095 quae
2239 2023 2346 2079 ﬁde
2380 2025 2647 2081 catholica
2687 2028 3124 2097 exploratissima
3157 2041 3309 2096 sunt,
3359 2034 3660 2104 multisque

2085 2115 2343 2171 absurdis
2376 2116 2590 2187 premi;
2643 2127 2809 2188 atque
2841 2119 2908 2174 ab
2959 2120 3067 2175 illis
3101 2122 3349 2193 antiquis
3384 2124 3660 2183 haereticis

2085 2206 2222 2264 nihil
2262 2207 2420 2276 plane
2448 2209 2689 2266 diﬂ'erre.

2119 2361 2121 2363 ,
2153 2303 2400 2359 Primum
2432 2303 2598 2374 igitur
2621 2305 2978 2374 quaerendum
3002 2306 3071 2362 ab
3103 2307 3233 2374 illis,
3265 2310 3526 2380 quidnam
3559 2311 3660 2384 by.

2082 2397 2345 2464 postasim
2381 2411 2502 2452 esse
2527 2398 2865 2463 existiment,
2891 2397 3006 2454 sive
3038 2399 3217 2456 Patris
3239 2403 3655 2472 proprietatem.

2081 2485 2471 2555 paternitatem
2519 2485 2820 2552 videlicet;
2872 2499 2929 2543 ut
2974 2489 3156 2559 posito
3189 2491 3491 2562 aliquo/in
3545 2511 3682 2566 quo

2081 2577 2464 2643 convenimus,
2497 2580 2666 2634 verba
2687 2579 2970 2648 faciamus.
3017 2581 3086 2636 Et
3108 2583 3367 2654 quoniam
3400 2587 3660 2643 substan-

2083 2668 2210 2723 tiam
2273 2683 2326 2725 et
2360 2670 2692 2742 bypostasim
2731 2689 2797 2728 ex
2833 2673 3067 2729 adverso
3093 2689 3401 2746 opponunt,
3442 2688 3498 2734 et
3522 2658 3668 2736 alte-1

2079 2774 2202 2813 rum
2246 2760 2400 2815 aiunt
2435 2764 2597 2826 esse“,
2635 2777 2744 2817 non
2773 2764 2936 2833 quale
2980 2774 3065 2820 est
3106 2766 3341 2822 alterum
3366 2807 3386 2834 ,
3424 2769 3656 2830 cuilibet

2080 2854 2433 2908 manifestum
2469 2862 2589 2920 est,
2627 2855 2773 2924 quod
2823 2858 3162 2928 hypostasim
3218 2848 3327 2914 non
3365 2875 3488 2917 esse
3529 2863 3658 2919 θυι)-

2077 2946 2333 3001 stantiam
2362 2946 2508 3000 haud
2541 2947 2707 3000 dubie
2737 2948 3062 3004 concedent.
3107 2948 3263 3015 Quod
3294 2952 3456 3007 enim.
3484 2969 3656 3026 oppo-

2078 3035 2230 3088 nitur
2261 3034 2605 3101 substantiae,
2644 3052 2754 3091 non
2782 3044 2866 3090 est
2902 3038 3233 3106 substantia,
3262 3048 3322 3095 et
3340 3041 3655 3112 substantia

2079 3127 2183 3194 illi,
2208 3128 2356 3198 quod
2390 3117 2496 3182 non
2538 3137 2620 3184 est
2651 3128 2985 3195 substantia,
3011 3131 3343 3201 opponitur;
3379 3135 3477 3190 sed
3503 3134 3652 3204 quod

2078 3235 2186 3274 non
2220 3227 2306 3274 est
2349 3219 2657 3274 substantia
2686 3259 2702 3285 ,
2768 3218 3078 3275 substantia
3133 3219 3326 3291 utique
3376 3207 3651 3290 nonest;

2076 3310 2226 3382 quod
2251 3322 2434 3366 autem
2473 3326 2584 3366 non
2616 3318 2700 3366 est
2731 3309 3041 3367 substantia
3070 3351 3084 3376 ,
3137 3327 3246 3366 non
3288 3300 3652 3370 Substantiale

2074 3413 2159 3462 est
2191 3422 2208 3473 ;
2247 3404 2393 3475 quod
2423 3412 2606 3459 autem
2640 3418 2750 3459 non
2798 3404 3156 3460 substantiale
3183 3412 3298 3468 est,
3330 3420 3439 3460 non
3475 3406 3655 3461 subsi-

2076 3495 2214 3559 stit;
2251 3494 2440 3562 itaque
2493 3492 2674 3549 Patris
2713 3491 3053 3562 hypostasim
3099 3507 3211 3550 non
3259 3493 3649 3551 subsistentem

2076 3593 2310 3657 ponunt.
2344 3583 2457 3638 Hoc
2492 3584 2638 3638 idem
2667 3584 2966 3640 ostendunt
3005 3599 3065 3641 se
3095 3585 3302 3642 sentire
3331 3601 3396 3640 ex
3428 3587 3496 3642 iis
3528 3603 3652 3658 quae

2076 3679 2178 3749 ipsi
2237 3679 2305 3730 de
2347 3677 2656 3731 substantia
2719 3685 2778 3731 et
2845 3677 3167 3744 operatione
3221 3677 3523 3748 disputant.
3569 3680 3652 3739 lbi

2072 3773 2222 3828 enim
2244 3760 2415 3824 Deum
2442 3769 2496 3824 in
2530 3767 2891 3824 substantiam
2917 3776 2973 3823 et
2994 3771 3370 3838 operationem
3393 3770 3652 3825 dividen-

2074 3872 2180 3927 tes,
2200 3870 2365 3931 atque
2391 3860 2538 3931 aliud
2569 3860 2792 3929 quidem
2822 3869 3092 3930 ponentes
3113 3875 3232 3915 esse
3259 3863 3648 3928 substantiam,

2074 3954 2223 4009 aliud
2261 3966 2393 4006 vero
2437 3952 2818 4022 operationem
2845 3989 2863 4012 ,
2919 3950 3051 4004 dum
3101 3949 3244 4006 hanc
3277 3968 3305 4006 a
3345 3953 3652 4010 substantia

2018 4051 2025 4059 '
2074 4043 2456 4114 distinguunt,
2488 4050 2543 4097 et
2578 4057 2698 4098 eam
2746 4050 2953 4113 neque'
2980 4042 3396 4100 substantialem
3419 4085 3434 4109 ,
3469 4061 3650 4116 neque

2073 4133 2465 4191 subsistentem
2497 4140 2775 4211 statuunt;
2795 4134 3144 4189 manifestum
3173 4142 3279 4200 est,
3311 4134 3459 4205 quod
3482 4136 3646 4191 etiam

2073 4225 2182 4282 hoc
2214 4225 2333 4281 loco
2370 4226 2710 4296 hypostasim
2757 4240 2787 4279 a
2828 4223 3138 4280 substantia
3196 4224 3597 4296 distinguentes
3629 4263 3647 4292 ,

2072 4299 2320 4390 ejusdém
2361 4316 2573 4371 ordinis
2605 4316 2944 4387 hypostasim
3004 4325 3057 4371 et
3107 4317 3481 4385 operationem
3513 4332 3648 4373 con-

2072 4410 2322 4469 stituent.
2356 4410 2473 4470 Non
2511 4410 2658 4466 enim
2693 4409 2976 4464 habebunt
3005 4408 3153 4464 aliud
3205 4409 3424 4463 tertium
3451 4450 3465 4474 ,
3498 4410 3648 4479 quod

2001 4501 2043 4556 D
2075 4505 2131 4559 in
2156 4504 2266 4559 Deo
2291 4494 2476 4574 neque
2507 4493 2843 4566 substantia,
2881 4514 3062 4570 neque
3087 4499 3334 4569 operatio
3359 4500 3449 4555 sit.
3473 4500 3652 4558 Omne

2072 4601 2248 4663 enim,
2299 4585 2488 4663 aiunt,
2531 4596 2586 4651 in
2618 4595 2752 4658 Deo,
2782 4603 2841 4649 ut
2891 4594 2994 4663 ipsi
3029 4593 3357 4658 diviserunt,
3391 4601 3487 4649 aut
3519 4595 3651 4651 sub-

2074 4688 2294 4754 stantia,
2324 4697 2418 4743 aut
2447 4686 2692 4756 operatio
2724 4692 2842 4750 est;
2873 4684 3128 4753 accidens
3159 4686 3304 4739 enim
3334 4701 3513 4755 neque
3544 4685 3646 4757 ipsi

2074 4779 2395 4844 admittunt,
2426 4778 2523 4833 sed
2552 4775 2928 4846 operationem
2959 4791 3067 4830 non
3107 4776 3496 4831 subsistentem
3525 4790 3649 4832 esse

2074 4856 2393 4928 existimant
2427 4870 2564 4925 adeo
2607 4878 2666 4923 ut
2697 4869 3034 4940 bypostasim
3059 4905 3075 4932 ,
3106 4866 3434 4938 quantaliin
3465 4881 3494 4922 a
3519 4867 3652 4923 sub-

2075 4965 2278 5022 stantia
2309 4978 2430 5020 esse
2461 4961 2825 5026 contendunt,
2851 4960 3151 5015 secundum
3185 4975 3314 5014 suas
3347 4959 3648 5028 positiones

2075 5071 2182 5113 non
2217 5057 2627 5112 substantialem
2661 5068 2800 5117 esse,
2832 5068 3011 5122 neque
3053 5052 3444 5109 subsistentem
3489 5051 3646 5108 fateri

2076 5160 2363 5220 cogantur.
2411 5148 2563 5215 Quod
2617 5147 2661 5202 si
2715 5146 2935 5201 tertium
2990 5145 3250 5214 quiddam
3311 5145 3644 5215 hypostusim

2073 5257 2195 5298 esse
2252 5241 2436 5296 facere
2467 5239 2694 5301 volunt,
2727 5236 2964 5307 primum
3023 5235 3244 5304 quidem
3301 5237 3402 5289 hoc
3446 5244 3645 5304 prater

2076 5350 2265 5392 eorum
2301 5332 2603 5403 positiones
2629 5339 2734 5391 est,
2761 5329 2914 5398 juxta
2948 5342 3085 5397 quas
3124 5327 3446 5396 simpliciter
3472 5329 3644 5383 Deum

2076 5427 2132 5482 in
2180 5423 2542 5481 substantiam
2577 5430 2632 5475 et
2676 5419 3050 5490 operationem
3111 5419 3383 5472 dividunt.
3434 5418 3645 5474 Deinde

2074 5517 2207 5588 quid
2240 5515 2584 5571 sentiendum
2612 5513 2682 5567 sit
2715 5510 2784 5564 de
2837 5508 3115 5579 hypostasi
3157 5508 3320 5579 paulo
3353 5521 3473 5577 post
3495 5509 3646 5564 dice-

2078 5616 2188 5663 tur.
2233 5605 2293 5660 ln
2340 5603 2633 5674 prmsenlia
2692 5615 2822 5655 vero
2852 5599 2988 5654 satis
3028 5606 3132 5663 est,
3177 5597 3322 5666 quod
3353 5613 3474 5651 eam
3513 5597 3647 5654 sub-

2075 5695 2328 5754 stantiam
2361 5711 2482 5751 esse
2517 5702 2735 5764 negant.
2758 5692 2913 5758 Quod
2947 5697 3129 5746 autem
3171 5691 3338 5743 Deum
3389 5688 3644 5746 dividen-

2078 5799 2157 5848 tes
2179 5790 2233 5847 in
2265 5787 2628 5846 substantiam
2649 5797 2704 5844 et
2729 5783 3127 5857 operationem,
3155 5780 3486 5837 arbitrantur
3512 5795 3646 5852 epe-
