4124 6300
496 312 600 378 8H

1775 315 2159 378 DEMETRII
2199 315 2516 377 CYDONII

3653 296 3792 380 διε

496 446 586 492 est
624 435 851 508 propria
902 434 1167 506 cujusque
1216 444 1344 490 nota
1405 432 1721 506 singularis.
1789 453 1810 487 ο
1874 433 1950 489 Ex
1991 435 2077 490 bis

2185 439 2321 501 πῶς’
2355 439 2552 507 ὥσπερ
2583 437 2612 490 6
2642 435 2820 505 δεξιὸς
2861 436 3152 510 ἄνθρωπος
3187 435 3284 492 τοῦ
3325 437 3513 502 ἁπλῶς
3544 439 3763 513 ἀνθρὼ-

499 531 670 601 igitur
696 527 1044 583 manifestum
1075 540 1178 592 est,
1215 526 1360 597 quod
1404 541 1696 582 commune
1728 527 1951 598 quidem
1997 528 2074 590 ei,

497 622 644 692 quod
675 629 758 677 est
789 622 1132 690 simpliciter,
1191 620 1511 690 responde’t.
1542 619 1826 690 proprium
1851 635 1980 675 vero
1999 619 2070 682 ei,

495 717 644 789 quod
668 726 753 770 est
779 731 890 786 quo
944 715 1140 770 modo:
1174 715 1270 771 sed
1309 723 1363 770 et
1418 716 1617 772 Petrus
1669 724 1724 770 et
1765 716 1931 769 hamo
1966 726 2072 778 est,

500 821 555 866 et
584 809 731 864 ﬁlius
759 809 919 874 Jona,
944 819 1000 864 et
1069 825 1178 863 non
1210 810 1445 863 alterum
1491 823 1620 864 sane
1656 808 1947 878 signiﬁcat,
1980 806 2074 876 qui

497 902 757 959 eumdem
810 902 1032 958 Petrum
1083 903 1360 956 hominem
1418 902 1573 967 dicit,
1635 901 1867 957 alterunt
1923 915 2072 966 vero,

498 1012 624 1052 eum
665 996 920 1051 eumdem
979 1004 1034 1048 et
1072 993 1242 1047 ﬁlium
1297 994 1434 1049 Jona
1477 994 1632 1050 dicit.
1671 992 2075 1046 Tantummodo

497 1092 806 1148 secundum
838 1089 973 1144 illutl
1012 1089 1156 1158 quod
1186 1098 1270 1144 est
1298 1087 1644 1158 simpliciter,
1674 1096 1729 1142 et
1766 1087 1896 1143 illud
1925 1086 2072 1157 quod
2101 1165 2107 1167 ﬂ

493 1191 580 1236 est
615 1181 916 1251 quomodo,
975 1179 1345 1233 ditl'erentiam
1385 1178 1647 1241 ostendit,
1701 1178 1962 1232 nimirum
1999 1176 2074 1231 ibi

495 1276 718 1345 quidem
751 1273 896 1340 quod
929 1273 1152 1328 Petrum
1201 1271 1478 1326 hominem
1505 1280 1683 1335 vocet,
1714 1271 1967 1325 absoluto
2021 1279 2076 1326 et

497 1365 778 1419 communi
818 1363 1042 1418 nomine
1071 1361 1419 1430 suppositum
1465 1360 1760 1430 signiﬁcat.
1798 1361 1889 1414 hic
1939 1373 2071 1415 vero

498 1457 726 1525 proprio
761 1469 826 1507 ac
872 1452 1103 1507 relativo
1137 1452 1616 1521 determinatoque
1658 1453 1881 1507 nomine
1917 1467 2074 1510 eum-

495 1547 621 1603 dem
671 1547 950 1601 hominem
997 1553 1054 1600 et
1091 1545 1261 1598 lilium
1333 1561 1456 1600 esse
1492 1562 1557 1599 ex
1631 1545 1852 1599 homine
1913 1545 2070 1613 Jona,

496 1640 592 1710 qui
643 1650 727 1712 est
758 1638 858 1708 ipsi
894 1648 1068 1707 pater.
1125 1636 1372 1704 Utroque
1425 1635 1590 1707 igitur
1650 1636 1869 1691 numine
1914 1638 2074 1692 aliter

495 1743 662 1803 atque
730 1732 890 1786 aliter
945 1730 1088 1785 idem
1135 1730 1429 1786 indicatur
1473 1749 1486 1785 :
1553 1731 1781 1785 relative
1836 1731 2068 1792 scilicet,

497 1837 662 1897 atque
708 1826 984 1891 absolute,
1030 1839 1098 1878 eo
1131 1824 1278 1894 quod
1326 1835 1408 1880 est
1440 1825 1788 1894 simpliciter,
1823 1834 1878 1877 et
1928 1824 2074 1894 quod

497 1930 604 1984 est,
637 1919 919 1991 quomodo
969 1918 1145 1973 solum
1189 1917 1396 1972 diﬂ‘ert.
1445 1917 1689 1973 Alterum
1738 1918 1885 1972 enim
1928 1917 2075 1988 quod

499 2021 656 2068 caret
717 2010 1074 2075 habitudine,
1149 2011 1562 2078 substantiam,
1641 2013 1873 2065 alterum
1944 2026 2076 2065 vero

496 2107 767 2170 eamdem,
796 2113 852 2160 et
903 2104 1212 2175 adaliquid
1259 2105 1440 2174 aliquo
1475 2104 1640 2158 modo
1689 2119 1746 2158 se
1780 2104 2072 2160 habentem

496 2199 786 2268 signiﬁcat.
816 2197 1083 2262 Quoniam
1120 2197 1284 2268 igitur
1321 2211 1612 2252 commune
1651 2198 1972 2252 substantiae
2009 2198 2065 2252 in

500 2289 615 2344 Deo
654 2298 766 2342 tres
813 2297 942 2343 sunt
977 2286 1321 2355 hypostases,
1354 2295 1408 2342 et
1464 2301 1758 2342 commune
1811 2287 1924 2357 ipsa
1964 2296 2074 2354 est,

497 2396 622 2452 quae
674 2380 976 2450 unicuique
1016 2389 1072 2434 et
1119 2380 1338 2450 propria
1389 2390 1473 2435 est
1527 2382 1857 2448 substantia,
1907 2400 2074 2439 unum

497 2475 699 2544 quippe
723 2486 827 2537 est,
863 2473 1009 2543 quod
1045 2472 1176 2543 quid
1209 2483 1330 2528 erat
1357 2488 1478 2528 esse
1524 2475 1785 2540 trium,et
1816 2479 1960 2545 quod
1993 2488 2078 2535 cst

500 2580 840 2636 unaquaeque
925 2565 1277 2637 bypostasis,
1347 2566 1454 2622 hoc
1529 2566 1928 2624 admirabiliter
1991 2583 2078 2628 est

496 2660 662 2713 etiam
693 2675 1007 2714 commune.
1043 2659 1222 2729 Atque
1248 2697 1263 2723 .
1307 2667 1370 2714 ut
1405 2661 1483 2714 ait
1506 2657 1808 2729 Gregorius
1840 2659 2077 2718 Theolo-

497 2768 623 2826 gus,
666 2767 838 2808 unum
893 2753 1016 2819 tria,
1061 2760 1119 2807 ct
1167 2752 1276 2807 tria
1324 2767 1490 2808 unum
1524 2752 1577 2807 in
1615 2753 1816 2823 quibus
1859 2754 2073 2825 Deitas;

498 2845 585 2904 vel
641 2855 703 2901 ut
736 2846 986 2901 exactius
1025 2846 1225 2912 dicam,
1259 2861 1380 2917 qiue
1421 2848 1522 2900 tria
1569 2847 1772 2903 Deitas.
1804 2850 2076 2922 Unaqtm-

497 2955 609 3011 que
655 2951 840 2995 autem
893 2937 1208 3010 hypostasis
1254 2939 1340 2994 vel
1393 2938 1578 3007 Pater,
1605 2943 1690 2996 vel
1743 2943 1934 3007 Filius,
1990 2944 2076 2999 vel

493 3034 740 3106 Spiritus
769 3042 997 3089 sanctus
1035 3041 1141 3097 est,
1181 3043 1451 3102 quatenus
1483 3043 1536 3088 et
1565 3035 1796 3090 relative
1827 3037 1899 3113 ad.
1940 3039 2079 3092 invi—

2179 549 2284 584 που
2318 531 2464 584 κατὰ
2517 532 2579 586 τὸ
2629 530 2822 609 ἁπλῶς
2872 532 2968 585 καὶ
2997 531 3114 595 πῶς
3139 531 3415 603 διαφέρει.
3467 530 3631 587 Ἀλλὰ
3667 533 3766 588 καὶ

2176 626 2206 677 6
2244 624 2456 694 Πέτρος
2490 630 2587 678 καὶ
2611 623 2899 698 ἄνθρωπός
2928 625 3044 677 ἐστι
3075 625 3168 676 καὶ
3189 625 3306 687 υἱὸς
3337 625 3640 678 τοὺνΊωνᾶ·
3668 626 3768 680 καὶ

2177 719 2278 787 οὑχ
2315 716 2506 788 ἕτερον
2546 718 2646 786 μὲν
2693 717 2954 788 σημαίνει
2993 720 3021 771 6
3053 717 3144 770 τὸν
3193 717 3358 780 αὑτδν
3408 718 3614 788 Πέτρον
3663 719 3762 774 ἄν·

2179 812 2405 882 θρωπον
2437 814 2639 882 λέγων,
2683 813 2875 882 ἕτερον
2906 813 2959 866 δὲ
2995 813 3129 866 ὅταν
3167 813 3258 866 τὸν
3303 813 3470 866 αὑτὸν
3516 813 3613 866 καὶ
3647 813 3766 865 υἱον

2178 907 2275 960 τοῦ
2318 909 2494 961 Ἰωνᾶ.
2538 909 2698 961 Κατὰ
2750 907 2808 961 δὲ
2854 905 2916 960 τὸ
2950 906 3141 970 ἅπλῶς
3173 908 3270 960 καὶ
3309 907 3426 969 πῶς
3469 905 3634 979 μόνον
3663 905 3766 974 τὴν

2177 1001 2452 1071 διαφορὰν
2507 1001 2885 1056 ἐνδείκνυται·
2942 1000 3194 1071 δηλονότι
3249 1002 3367 1053 ἐκεῖ
3401 1002 3498 1070 μὲν
3545 998 3633 1053 διὰ
3667 998 3765 1053 τοῦ

2179 1095 2274 1149 τὸν
2306 1095 2516 1165 Πέτρον
2556 1093 2847 1166 ἄνθρωπον
2882 1095 3063 1148 εἰπεῖν
3093 1091 3490 1164 ἀπολελυμένῳ
3513 1093 3612 1146 καὶ
3651 1107 3768 1144 κοι-

2177 1187 2254 1256 νῷ
2293 1189 2521 1258 ὀνόματι
2579 1189 2638 1241 τὸ
2673 1185 3048 1258 ὑποκείμενον
3103 1185 3365 1257 σημαίνει
3395 1201 3408 1214 ·
3439 1183 3681 1237 ἐνταῦθα
3709 1182 3765 1237 δὲ

2181 1279 2300 1351 ίδίῳ
2354 1281 2451 1334 καὶ
2510 1279 2836 1352 ἀναφορικῷ
2891 1279 2986 1334 καὶ
3019 1278 3338 1349 ,ὡρισμένῳ
3400 1275 3627 1347 ὀνόματι
3675 1276 3766 1328 τὶν

2178 1373 2343 1427 αὑτὸν
2371 1373 2663 1441 ἄνθρωπον
2711 1373 2809 1425 καὶ
2869 1370 2987 1425 υἱδν
3036 1367 3180 1425 εἶναι
3225 1355 3284 1436 ἐξ
3329 1354 3622 1442 ἀνθρώπου
3669 1368 3764 1422 τοῦ

2188 1466 2344 1520 Ἰωνᾶ
2409 1467 2618 1536 πατρὸς
2675 1466 2832 1528 ὄντος
2891 1463 3062 1535 αὑτῷ.
3124 1463 3205 1517 Δι’
3265 1466 3467 1533 ἀμφοῖν
3523 1460 3618 1518 οὖν
3651 1463 3764 1516 τῶν

2171 1556 2458 1628 ὀνομάτων
2501 1557 2678 1619 ἄλλως
2738 1555 2832 1609 καὶ
2894 1556 3071 1619 ἄλλως
3131 1557 3192 1608 τὺ
3231 1557 3364 1609 αὑτὸ
3405 1555 3760 1624 ἐμφαίνεται,

2176 1651 2532 1722 ἀναφορικῶς
2603 1650 2850 1718 δηλονότι
2909 1649 3006 1702 καὶ
3063 1647 3521 1719 ἀπολελυμένωςσ
3572 1644 3654 1716 τῷ
3707 1644 3766 1698 δὲ

2180 1743 2370 1806 ἁπὶῶς
2406 1744 2503 1795 καὶ
2537 1742 2655 1805 πῶς
2694 1741 2948 1809 διαφέρει
2987 1742 3174 1810 μόνον.
3204 1740 3278 1793 Τὸ
3310 1739 3410 1808 μὲν
3441 1738 3551 1808 γὰρ
3593 1738 3760 1808 ἄσχε-

2178 1853 2271 1889 τον
2291 1837 2482 1888 οὑσίαν
2513 1835 2693 1903 δηλοῖ,
2726 1835 2785 1886 το
2815 1832 2872 1887 δὲ
2898 1833 2999 1903 τὴν
3040 1833 3214 1900 αὐτὴν
3239 1833 3334 1886 καὶ
3363 1829 3502 1902 πρός
3551 1848 3605 1882 τι
3644 1830 3763 1891 πῶς

2181 1931 2435 2001 ἔχουσαν.
2482 1928 2634 1980 Ἐπεὶ
2690 1927 2874 1978 τοίνυν
2911 1926 2970 1979 τὸ
3024 1927 3204 1977 κοινὸν
3258 1927 3356 1995 τῆς
3418 1921 3609 1985 οὑσίας
3666 1923 3762 1974 ἐπὶ

2177 2023 2316 2076 Θεοῦ
2384 2023 2440 2075 αί
2499 2023 2650 2090 τρεῖς
2714 2022 2856 2072 εἰσιν
2898 2020 3255 2082 ὑποστάσεις,
3313 2017 3408 2069 καὶ
3462 2015 3524 2069 τὸ
3583 2014 3803 2067 κοινὸν·

2178 2116 2316 2186 αὐτή
2360 2117 2530 2178 ἐστιν,
2565 2113 2689 2184 ἣτις
2732 2113 2952 2182 ἑκάστῳ
2984 2112 3079 2164 καὶ
3118 2110 3248 2173 ἴδιος
3280 2109 3461 2169 (οὐσία,
3485 2107 3542 2159 ἓν
3566 2107 3677 2177 γὰρ
3702 2107 3762 2157 r6

2175 2207 2230 2262 τί
2258 2203 2327 2278 ἦν
2356 2203 2496 2259 εἶναι
2528 2204 2637 2256 τῶν
2668 2203 2856 2273 τριῶν,
2887 2202 2978 2254 καὶ
3002 2201 3136 2272 ὅπερ
3170 2201 3372 2269 ἑκάστη
3401 2197 3556 2252 τοῦτο
3579 2215 3764 2269 παρα-

2175 2299 2344 2367 δόξως
2376 2299 2472 2352 καὶ
2495 2297 2676 2350 κοινὸν
2716 2295 2812 2348 καὶ
2858 2293 2936 2358 ὧς
2976 2312 3142 2362 φησιν
3190 2295 3217 2345 6
3257 2293 3508 2358 θεολόγος
3552 2291 3763 2362 ι’ρηγὸ.

2180 2410 2318 2463 ριος,
2360 2390 2419 2444 ἓν
2449 2392 2516 2443 τὰ
2552 2389 2705 2459 τρία,
2752 2388 2845 2441 καὶ
2882 2387 2950 2441 τὰ
2981 2387 3108 2455 τρία
3141 2383 3222 2448 ἓν,
3251 2386 3307 2437 ἐν
3341 2378 3420 2446 οἷς
3467 2386 3500 2453 ἠ
3545 2381 3759 2451 θεότης,

2178 2487 2211 2555 ἢ
2237 2485 2298 2538 τό
2325 2501 2390 2552 γε
2415 2482 2810 2552 ἀκριϐέστερον
2840 2484 3041 2543 εἰπεῖν,
3079 2479 3113 2533 ἃ
3147 2482 3180 2551 ἡ
3220 2478 3432 2546 θεότης,
3470 2477 3675 2546 ἑκάστη
3708 2477 3763 2530 δὲ

2179 2576 2287 2630 τῶν
2320 2574 2674 2629 ὑποστάσεων
2721 2573 2755 2644 ἢ
2790 2573 3004 2641 Πατὴρ,
3041 2573 3072 2642 ἢ
3106 2571 3256 2635 Υἱὸς,
3291 2571 3322 2638 ἢ
3353 2568 3578 2637 Πνεῦμα
3609 2568 3763 2638 ἇγιξν

2180 2669 2318 2732 ἐστι,
2359 2666 2496 2720 καθὸ
2543 2666 2634 2718 καί
2668 2663 3022 2732 ἁναφορικῶς
3053 2662 3191 2732 πρὸς
3225 2661 3437 2729 ἄλληλα
3485 2661 3761 2729 λέγονται,

2180 2762 2479 2824 ὑπόστασις
2510 2758 2654 2812 δὲτὸ
2707 2738 2887 2810 κοινὸν
2927 2755 3066 2825 μετὰ
3115 2753 3210 2807 τοῦ
3262 2753 3559 2818 ίδιάζοντος
3609 2754 3788 2823 είρηο.

2179 2867 2294 2906 ταιο
2328 2852 2563 2923 φανερὸν
2606 2851 2681 2912 ὼς
2713 2848 2822 2902 τῶν
2857 2846 3164 2918 προσώπων
3199 2847 3431 2901 ἕκαστον
3482 2845 3644 2900 οὑσία
3669 2845 3764 2900 καὶ

2182 2943 2477 3008 ὑπόστασίς
2518 2943 2686 2994 ἐστιν.
2731 2941 2946 3008 Ὥσπερ
3009 2939 3114 3006 γὰρ
3149 2939 3287 3009 αὑτὴ
3351 2937 3528 3008 ἡτῶν
3593 2939 3784 3010 τριῶν.

2181 3035 2338 3089 οὑσία
2388 3036 2442 3087 αί
2507 3031 2834 3096 ὑποστάσεις
2891 3033 3082 3098 ἐστὶν,
3141 3031 3316 3095 οὕτως
3402 3030 3610 3098 ἑκάστη
3651 3031 3762 3085 τῶν

495 3141 620 3183 cem
673 3125 960 3181 dicuntur.
1013 3125 1184 3180 Porro
1244 3124 1554 3196 hypostasis
1608 3141 1899 3184 commune
1949 3145 2072 3184 cum

2187 3128 2536 3181 ὑποστάσεων
2589 3127 2742 3180 οὑσία
2806 3127 2900 3179 καὶ
2966 3125 3270 3189 ὑπόστασις
3346 3127 3512 3180 ἐστιν.
3573 3125 3764 3179 Ἔστιν

499 3220 726 3290 proprio
746 3218 891 3273 dicta
911 3228 1016 3281 est,
1041 3215 1396 3272 manifestum
1425 3219 1570 3288 quod
1593 3236 1930 3292 unaquaeque
1953 3237 2080 3292 per.

499 3328 763 3368 sonarum
789 3311 1097 3366 substantia
1143 3317 1202 3364 et
1226 3309 1540 3381 hypostasis
1581 3322 1682 3367 est.
1709 3312 2080 3379 Quemadmo-

498 3403 632 3460 dum
645 3405 790 3460 enim
811 3403 925 3474 ipsa
946 3402 1110 3457 trium
1126 3403 1431 3459 substantia
1449 3403 1719 3475 suntlipsa:
1737 3407 2079 3478 hypostascs,

501 3497 576 3555 ita
592 3512 933 3568 unaquaeque
949 3499 1336 3568 bypostaseum
1371 3498 1705 3565 substantia,
1738 3509 1796 3555 et
1817 3501 2078 3572 hyposta-

505 3592 608 3648 sis.
645 3592 738 3646 Est
765 3592 927 3662 igitur
959 3590 1102 3646 idem
1133 3591 1522 3658 substantiam,
1542 3593 1971 3664 ethypostasim,
1996 3595 2081 3650 di-

501 3702 627 3743 cere
641 3685 941 3742 secundum
957 3699 1094 3750 rem,
1112 3685 1330 3755 ettaliud
1351 3683 1738 3754 substantiam,
1758 3697 1920 3759 atque
1931 3689 2078 3744 aliud

505 3780 844 3852 hypostasim
884 3778 1190 3834 secundum
1233 3779 1526 3846 rationem,
1560 3777 1847 3836 dili‘erente
1904 3785 2081 3836 norni-

503 3891 658 3941 num,
680 3889 790 3929 non
821 3888 1006 3928 rerum
1039 3872 1463 3944 signiﬁcatione,
1492 3885 1548 3929 et
1577 3883 1870 3946 utrumque
1891 3891 2080 3931 verum

501 3979 606 4022 est.
643 3966 761 4020 Non
788 3966 932 4020 enim
962 3968 1266 4022 secundum
1307 3967 1451 4022 idem
1492 3973 1550 4043 et
1583 3969 1764 4032 ambo,
1805 3980 2081 4038 quatenus

506 4057 818 4114 substantia
837 4073 870 4126 q
883 4057 1064 4113 uidem
1081 4073 1373 4115 commune
1391 4058 1661 4131 signiﬁcat
1686 4076 1700 4124 ;
1718 4069 1772 4116 et
1788 4061 1934 4130 quod
1950 4060 2081 4131 quid

501 4161 624 4206 erat
659 4165 797 4215 esse,
853 4151 1166 4222 hypostasis
1198 4163 1380 4206 autem
1420 4151 1562 4206 idem
1594 4153 1660 4206 ad
1706 4152 1910 4223 aliquid
1941 4170 2081 4223 quo-

503 4233 630 4296 d'am
658 4243 823 4296 modo
868 4259 925 4297 se
955 4244 1188 4307 habens,
1223 4244 1310 4299 vel
1342 4259 1442 4315 per
1474 4244 1698 4298 modum
1745 4247 2080 4314 generantis,

504 4333 589 4388 vel
620 4334 816 4406 geniti,
869 4337 986 4390 sive
1023 4337 1416 4404 producentis,
1448 4345 1502 4390 et
1543 4337 1922 4406 procedentis.
1957 4338 2081 4393 lltec

506 4436 739 4484 testatur
801 4427 1036 4498 primum
1113 4429 1335 4499 quidem
1410 4444 1640 4500 magnus
1703 4429 2078 4495 Athanasius,

2183 3226 2292 3293 ἄρα
2353 3221 2414 3275 τὸ
2472 3220 2604 3274 αὑτὸ
2662 3218 2850 3274 οὐσίαν
2910 3220 3004 3273 κα).
3041 3219 3342 3274 ὑπόστασιν
3385 3221 3564 3273 εἰπεῖν
3620 3221 3764 3274 κατὰ

2181 3316 2244 3368 τὸ
2303 3313 2584 3386 πρᾶγμα,
2651 3313 2745 3365 καὶ
2811 3311 2941 3366 ἄλλο
3005 3311 3196 3365 οὐσίαν
3260 3313 3356 3367 καὶ
3430 3313 3566 3368 illo
3631 3317 3764 3370 ὑπό-

2186 3421 2376 3458 στασιν
2431 3403 2570 3457 κατὰ
2612 3406 2704 3456 τὸν
2775 3403 2956 3472 λόγον,
3018 3403 3278 3473 διαφόρου
3323 3405 3422 3474 τῆς
3471 3405 3584 3458 τῶν
3642 3405 3763 3459 ὀνο·

2186 3501 2401 3568 μάτων,
2449 3498 2512 3550 οὑ
2566 3497 2674 3550 τῶν
2728 3497 3080 3568 πραγμάτων
3111 3497 3390 3568 σημασίας
3436 3496 3632 3570 οὔσης,
3669 3502 3762 3554 καὶ

2183 3592 2444 3661 ἑκάτερον
2483 3591 2702 3661 ἀληθές.
2743 3591 2816 3643 Οὑ
2862 3592 2973 3660 γὰρ
3000 3589 3141 3644 κατὰ
3173 3590 3233 3644 τὸ
3263 3591 3398 3644 αὑτὸ
3435 3594 3532 3646 καὶ
3569 3591 3759 3663 ἄμφω,

2182 3685 2378 3753 ἐφόσον
2414 3687 2446 3753 ὴ
2489 3685 2588 3753 μὲν
2632 3685 2792 3737 οὐσία
2847 3685 2910 3736 τὸ
2951 3685 3136 3737 κοινὸν
3182 3685 3356 3756 δηλοῖ,
3397 3685 3494 3740 καὶ
3531 3685 3594 3739 τὸ
3614 3689 3668 3739 τι
3696 3681 3764 3756 ἦν

2183 3773 2344 3842 εἶναι,
2403 3779 2436 3846 ἡ
2479 3778 2534 3830 δὲ
2591 3777 2890 3838 ὑπόστασις
2951 3777 3014 3828 τὸ
3064 3777 3197 3830 αὐτὸ
3257 3778 3352 3831 καὶ
3386 3778 3524 3851 πρός
3547 3795 3604 3834 τι
3640 3777 3764 3843 πῶς

2183 3869 2329 3941 ἔχον,
2355 3871 2388 3939 ἦ
2421 3869 2784 3940 γεννητικῶς,
2818 3869 2851 3940 ἢ
2883 3869 3188 3940 γεννητῶς,
3221 3869 3256 3942 ἢ
3291 3870 3696 3943 προσλητικῶς,
3727 3872 3762 3944 ἢ

2186 3965 2535 4033 προῦλητῶς.
2577 3965 2863 4035 Μαρτυρεί
2889 3963 3106 4027 τούτοις
3139 3964 3359 4035 πρῶτον
3397 3965 3497 4036 μὲν
3525 3966 3554 4019 6
3585 3967 3763 4036 μέγας

2196 4056 2544 4120 Ἀθανάσιος,
2575 4057 2694 4126 μετ’
2738 4058 2950 4110 ἐκεῖνον
2988 4057 3044 4110 δὲ
3077 4058 3170 4110 καὶ
3201 4059 3228 4110 ὁ
3268 4056 3546 4121 θειότατος
3592 4059 3765 4125 Μάξι-

2187 4165 2307 4218 μος,
2333 4150 2504 4202 ταυτα
2537 4149 2710 4217 λέγων
2743 4153 2799 4202 ὲν
2829 4149 2906 4219 τῷ
2929 4152 3081 4219 πρὸς
3096 4151 3366 4220 Ἁνόμιον
3383 4150 3636 4234 διαλόγῳ.
3657 4154 3763 4208 Τοῦ

2184 4239 2293 4308 γὰρ
2337 4241 2596 4309 Ἀνομσου
2632 4240 2904 4306 εἰπόντος,
2957 4260 2976 4292 ι
3031 4242 3196 4296 Ἀλλο
3246 4245 3410 4298 ἐστὶν
3461 4246 3624 4300 οὑσῖα
3667 4250 3765 4302 καὶ

2183 4330 2310 4384 ἄλλο
2345 4330 2663 4396 ὑπόστασις,
2713 4348 2731 4382 ι
2798 4333 2825 4383 6
2860 4332 2999 4395 Orio;
3056 4334 3310 4404 Μάξιμος
3358 4335 3763 4407 ἀποκρίνεται,

2193 4441 2211 4474 ι
2238 4421 2401 4476 ’Δλλο
2434 4426 2528 4475 καὶ
2553 4423 2681 4476 ἄλλο
2707 4425 2809 4494 οὑχ
2845 4426 2918 4489 ὡς
2951 4429 3208 4497 πρᾶγμα·
3242 4446 3260 4478 ι
3301 4429 3558 4483 κάκείνου
3582 4431 3766 4487 εἰπόνο

502 4522 702 4577 deinde
745 4530 868 4592 post
905 4537 1030 4576 eum
1062 4522 1222 4576 divus
1264 4521 1530 4576 Maximus
1569 4521 1758 4575 eadem
1789 4522 1984 4577 dicens
2021 4522 2075 4576 in

2182 4531 2296 4577 τος,
2318 4532 2337 4565 ι
2365 4514 2576 4568 Οὐκοῦν
2611 4515 2879 4578 σύνθεσις
2899 4536 2917 4568 ι
2953 4518 2981 4570 6
3007 4517 3162 4584 ἅγιος
3195 4519 3413 4587 ἐπάγει,
3443 4522 3645 4575 «Ἄλλο
3672 4524 3765 4576 καὶ

502 4616 717 4685 dialogo
771 4614 842 4668 ad
891 4613 1227 4668 Dissimilem.
1256 4614 1391 4669 Cum
1430 4615 1577 4668 enim
1610 4615 1909 4670 Anomazus
1952 4618 2080 4686 (hoc

502 4723 590 4764 est
633 4709 944 4774 Dissimilis)
989 4707 1233 4769 dixisset,
1287 4707 1448 4762 Aliud
1511 4718 1594 4761 est
1646 4708 1968 4774 substantia,
2024 4714 2082 4763 et

507 4805 655 4858 aliud
743 4803 1109 4874 hypnstasis,
1183 4801 1345 4855 divus
1419 4801 1686 4854 Maximus
1737 4801 2076 4870 respondet:

510 4917 530 4947 ‹
574 4896 737 4952 Aliud
791 4909 954 4965 atque
999 4893 1146 4948 aliud
1184 4908 1290 4946 non
1352 4903 1610 4962 tanquam
1662 4908 1784 4957 res;
1825 4910 1843 4943 ι
1903 4905 2081 4960 eoque

505 4990 748 5051 dicente,
801 5006 819 5038 ι
873 4987 1044 5056 Igitur
1101 4985 1451 5054 compositio,
1488 5003 1505 5036 ι
1571 4994 1796 5039 sanctus
1855 4984 2079 5040 infert:

511 5101 529 5132 ι
573 5081 736 5136 Aliud
797 5090 852 5135 ct
909 5080 1059 5134 aliud
1108 5079 1243 5142 dixi,
1290 5095 1397 5133 non
1437 5089 1498 5132 ut
1540 5095 1644 5143 res,
1680 5079 1772 5133 sed
1820 5087 2080 5148 tanquam

505 5175 652 5229 aliud
679 5173 948 5242 signiﬁcet
979 5171 1316 5235 substantia,
1347 5181 1403 5226 et
1435 5172 1587 5224 aliud
1631 5170 1944 5241 hypostasis
1976 5191 1988 5223 :
2022 5182 2082 5226 ut

504 5279 733 5334 granum
763 5263 1024 5317 frumenti
1052 5262 1278 5328 dicitur,
1309 5271 1366 5318 et
1391 5270 1474 5317 est
1516 5278 1726 5325 semen,
1757 5273 1813 5316 et
1843 5262 2081 5328 fructus,

505 5356 765 5426 aliudque
800 5355 1072 5426 signiﬁcat
1096 5370 1309 5420 semen,
1337 5365 1393 5411 et
1421 5355 1570 5410 aliud
1609 5356 1844 5412 fructus.
1880 5375 1899 5408 ι
1937 5357 2084 5412 Con-

507 5449 711 5503 cedeus
755 5447 920 5518 igitur
969 5457 1195 5502 sanctus
1229 5448 1302 5502 ibi
1351 5448 1689 5518 hypostasiui
1738 5448 1914 5504 Patris
1953 5448 2088 5502 sub-

509 5541 765 5595 stantiam
805 5539 929 5595 esse
971 5555 1036 5594 ac
1104 5540 1387 5602 deitatem,
1430 5556 1538 5593 non
1594 5550 1772 5594 tamen
1832 5545 2086 5595 concedit

509 5633 646 5690 duas
691 5645 811 5688 esse
877 5633 1131 5698 deitates,
1193 5643 1250 5686 ut
1282 5632 1420 5685 duas
1467 5633 1807 5702 hypostascs,
1840 5647 1906 5684 eo
1938 5633 2083 5698 quod

510 5720 651 5775 idem
684 5736 790 5775 non
835 5721 1024 5775 eodem
1070 5723 1230 5774 modo
1267 5721 1536 5792 signiticet
1573 5722 1768 5786 deitas,
1818 5732 1873 5774 et
1919 5723 2086 5791 hypo-

507 5814 694 5870 istasis.
737 5834 752 5868 ι
795 5815 974 5872 Deitas
1005 5815 1151 5871 enim
1184 5815 1329 5885 quod
1377 5816 1507 5886 quid
1543 5827 1658 5869 erat
1704 5831 1845 5880 esse,
1881 5815 2078 5884 inquit,

2182 4605 2309 4658 ἄλλο
2363 4600 2542 4670 εἷπον,
2595 4607 2694 4675 οὑχ
2738 4607 2813 4670 ὡς
2843 4609 3100 4678 πρᾶγμα,
3149 4609 3268 4663 ἀλλ’
3299 4611 3373 4673 ὡς
3409 4611 3542 4666 ἄλλο
3579 4631 3634 4666 τι
3669 4632 3764 4685 ση⁸

2186 4697 2485 4768 μαινοὺσπςς
2534 4699 2631 4765 τῆς
2667 4699 2874 4763 οὐσίας,
2911 4701 3006 4752 καὶ
3051 4701 3181 4754 ἄλλο
3227 4703 3329 4771 τῆς
3367 4704 3759 4770 ὑποστάσεωςο

2181 4791 2257 4854 ὡς
2291 4794 2317 4845 6
2361 4791 2568 4852 κόκκος
2589 4793 2680 4844 τοῦ
2720 4793 2866 4845 σίτου
2897 4793 3116 4860 λέγεται
3145 4797 3238 4847 καὶ
3271 4795 3386 4848 ἐστι
3418 4799 3643 4864 σπέρμα
3672 4803 3765 4852 καὶ

2182 4883 2418 4954 καρπὸς.
2453 4884 2580 4938 ἄλλο
2628 4885 2684 4938 δέ
2723 4901 2776 4937 τι
2813 4886 3069 4953 σημαίνει
3109 4887 3169 4938 τὸ
3213 4886 3460 4958 σπέρμα,
3493 4891 3590 4940 καὶ
3636 4891 3766 4944 ἄλλο

2182 4977 2210 5028 6
2243 4977 2477 5046 καρπός.
2521 4995 2539 5027 ι
2573 4979 2864 5047 Συγχορὼν
2912 4977 3005 5033 οὑν
3053 4983 3081 5034 ὁ
3125 4981 3280 5049 ἅγιος
3336 4984 3453 5036 ἐκεῖ
3479 4982 3581 5053 τὴν
3627 4984 3763 5038 61:6-

2186 5085 2380 5122 στασιν
2421 5068 2514 5121 τοῦ
2552 5071 2766 5137 [ἰατρὸς
2819 5071 3010 5125 οὐσίαν
3064 5071 3204 5127 εῖναι
3257 5073 3353 5126 καὶ
3403 5073 3660 5143 θεότητα,
3701 5075 3762 5129 οὑ

2185 5161 2401 5214 δίδωσιν
2452 5163 2602 5232 ὅμως
2651 5161 2756 5216 δύο
2799 5163 3063 5234 θεότητας
3092 5161 3259 5228 εἶναι,
3293 5164 3487 5235 ὥσπερ
3520 5169 3612 5220 καὶ
3639 5168 3768 5220 ὑπο-

2183 5256 2411 5320 στάσεις
2461 5258 2556 5310 δύο
2589 5297 2605 5322 ,
2647 5258 2734 5311 διὰ
2770 5258 2830 5312 τδ
2884 5260 3018 5313 αὑτὸ
3060 5260 3138 5332 μὴ
3203 5262 3418 5324 ταυτὼς
3445 5261 3642 5331 δηλοῦν
3667 5261 3764 5329 τὴν

2190 5347 2419 5419 Θεότητα
2455 5352 2548 5401 καὶ
2579 5351 2678 5419 τὴν
2713 5351 3039 5407 ὑπόστασιν.
3087 5351 3148 5405 'll
3206 5353 3305 5421 μὲν
3339 5354 3448 5423 γὰρ
3480 5352 3673 5422 θεοτης
3706 5355 3766 5405 τὸ

2187 5442 2238 5495 τί
2291 5437 2358 5513 ἦν
2397 5438 2538 5497 εἶναι
2590 5444 2872 5513 σημαίνει,
2928 5447 3119 5515 φησιν,
3167 5445 3292 5517 ἡδὲ
3352 5445 3649 5508 ὑπόστασις
3703 5450 3764 5500 το

2187 5533 2350 5590 εἶναι.
2382 5538 2440 5588 El
2471 5532 2562 5591 οὗν
2620 5539 2715 5589 καὶ
2760 5536 2909 5590 ἐστιν
2961 5541 3138 5592 ἐκεῖνο
3172 5542 3230 5592 τὸ
3269 5535 3434 5603 εἶναι,
3483 5539 3578 5592 καὶ
3607 5537 3686 5592 ,τὸ
3713 5539 3763 5591 τί

2188 5624 2255 5699 ἧν
2286 5625 2426 5681 εἶναι
2458 5631 2517 5682 τὸ
2551 5630 2706 5695 αὑτὸ,
2734 5632 2856 5685 ἀλλ’
2890 5632 2972 5685 ὅτι
3007 5634 3040 5702 ἡ
3082 5633 3181 5704 μὲν
3212 5633 3508 5697 ὑπόστασις
3532 5634 3594 5687 τὸ
3626 5631 3762 5687 εἶναι

2189 5724 2340 5792 δηλοί
2367 5724 2462 5776 τοῦ
2514 5724 2680 5777 αὑτοῦ
2705 5726 3082 5795 πράγματος,
3116 5729 3147 5797 ἡ
3174 5713 3236 5780 ’δὲ
3280 5726 3473 5796 Θεὸτης
3498 5726 3561 5780 τὸ
3597 5729 3649 5781 τί
3674 5722 3758 5798 ἦν,

2195 5818 2225 5886 ἡ
2264 5818 2363 5887 μὲν
2398 5818 2590 5891 Oed-.13;
2617 5817 2690 5880 ὡς
2724 5819 2784 5870 τὸ
2839 5817 3016 5872 κοιιδν
3059 5819 3425 5890 λαμσάνετσι,
3465 5821 3499 5891 ἠ
3535 5819 3591 5873 ὁὶ
3627 5819 3762 5873 ὑπόο
