4124 6300
555 409 665 476 875

1836 420 2214 495 DEMETRH
2256 419 2564 480 orno-ivit

3707 421 3818 487 816

556 534 926 603 omnipotens,
953 548 1059 588 non
1087 534 1346 604 quiddam
1368 534 1536 600 aliud,
1567 533 1661 588 sed
1691 535 1862 603 ipsam
1891 537 2126 596 beatam,

2242 536 2409 601 πλὴν
2449 536 2545 586 καὶ
2587 532 2976 596 ἀκατάληπτον
3009 532 3101 586 τοῦ
3142 533 3294 596 ὄντος
3327 533 3517 586 οὐσίαν
3549 550 3816 604 σημαινο-

559 642 627 682 ac
678 628 1009 698 simplicem,
1077 639 1131 682 ct
1185 628 1797 698 incomprehensibilem
1851 627 1992 697 ejus,
2045 626 2137 695 qui

564 735 671 784 est,
713 722 1074 776 substantiam
1114 721 1472 791 signiﬁcatam
1509 722 1884 792 intelligimus.
1918 719 2140 775 Dixistis

563 834 693 873 vero
725 828 780 873 et
810 834 904 872 vos
937 817 1123 871 Ariani
1152 833 1215 869 ev
1247 817 1356 870 Deo
1387 816 1605 882 Filium,
1634 814 1886 870 videlicet
1913 828 1979 867 ex
2014 813 2141 868 sub«

561 912 758 967 stantia
781 910 957 964 Patris
994 924 1120 962 eum
1155 909 1391 964 dixistis.
1442 928 1462 960 ι

634 1002 902 1057 Prmterea
951 1002 1319 1056 Damascenus
1351 1001 1406 1055 in
1444 1001 1717 1071 capitibus
1770 999 1886 1054 suis
1929 998 2139 1060 theolo-

559 1096 697 1164 gicis
755 1095 830 1149 ait
879 1114 893 1149 :
941 1112 959 1146 ι
998 1095 1180 1150 Deitas
1231 1103 1482 1149 naturam
1533 1093 1828 1164 signiﬁcat,
1873 1108 1973 1146 vox
2009 1106 2140 1146 vero

563 1189 724 1244 Pater
747 1189 1105 1260 liypostasim.
1152 1190 1262 1243 Vox
1299 1187 1444 1243 enim
1495 1188 1659 1252 Deus,
1699 1199 1754 1243 et
1817 1188 1980 1241 homo
2044 1200 2138 1241 su-

563 1291 794 1336 muntur
827 1282 893 1336 ad
925 1282 1339 1354 signiﬁcandam
1381 1281 1762 1344 substantiam,
1795 1291 1854 1335 ut
1889 1296 2012 1334 cum
2059 1279 2140 1332 di-

560 1378 737 1429 cimus
792 1373 991 1429 :Dcus
1045 1383 1129 1430 est
1181 1373 1753 1442 incomprehensibilis
1808 1373 2135 1435 substantia,

563 1470 767 1523 dicitur
807 1480 990 1523 autem
1025 1477 1080 1522 et
1123 1467 1188 1521 de
1223 1467 1630 1538 hypostasihus.
1692 1464 1750 1519 Si
1806 1466 1971 1536 igitur
2007 1465 2139 1520 illud

567 1578 787 1629 nomen,
825 1563 989 1627 Deus,
1029 1561 1392 1616 substantiam
1451 1559 1741 1631 signiﬁcat,
1787 1559 1987 1614 dicitur
2039 1576 2138 1614 auo

562 1665 672 1709 tem
722 1666 778 1708 et
810 1653 1122 1724 hypostasis
1156 1654 1322 1718 Dens,
1369 1662 1424 1706 et
1477 1651 1786 1725 bypostasis
1833 1667 1965 1722 ergo
2012 1652 2141 1707 sub-

564 1745 763 1809 stantia
792 1756 895 1800 est.
934 1745 1251 1799 Substantia
1284 1744 1429 1798 enim
1461 1744 1543 1798 vel
1580 1754 1797 1807 natura,
1839 1744 2138 1799 secundum

564 1837 790 1892 modum
827 1833 1246 1906 signiﬁcationis
1284 1834 1541 1899 nominis,
1591 1850 1754 1904 quem
1809 1836 2026 1888 modum
2056 1851 2140 1890 se-

564 1929 753 1998 quitur
783 1927 1162 1996 intelligentia,
1223 1934 1480 1996 tanquam
1532 1930 1741 1996 species
1795 1926 2136 1998 intelligitur,

558 2030 622 2074 et
668 2019 966 2090 profertur.
1005 2018 1322 2090 llypostasis
1359 2034 1512 2077 vero.
1565 2028 1664 2072 aut
1704 2029 1937 2090 perstma
1990 2020 2136 2090 quod

564 2128 858 2168 commune
907 2120 1013 2178 est,
1055 2121 1219 2182 atque
1255 2113 1588 2183 coniunctim
1625 2113 1883 2169 distincte
1909 2114 2136 2179 indicat,

565 2207 682 2261 sive
709 2221 1002 2260 commune
1035 2222 1140 2260 una
1179 2222 1302 2260 cum
1361 2207 1605 2277 proprio,
1665 2207 1779 2262 sive
1824 2221 2135 2272 commune,

559 2309 619 2354 et
661 2300 712 2354 id
746 2299 892 2370 quod
935 2299 1003 2353 ad
1037 2299 1238 2368 aliquid
1275 2298 1456 2367 aliquo
1497 2299 1658 2353 modo
1699 2315 1756 2353 se
1807 2298 2026 2361 habeat,
2081 2306 2140 2351 ut

563 2393 768 2447 dictum
827 2402 931 2446 est.
994 2411 1012 2442 ι
1079 2393 1147 2446 At
1197 2407 1326 2446 vero
1403 2392 1703 2446 secundum
1758 2391 2138 2457 Athanasium,

561 2484 1023 2554 quemadmodum
1068 2485 1171 2538 hoc
1203 2499 1426 2549 nomen,
1464 2484 1628 2546 Deus,
1661 2483 2028 2538 substantiam
2066 2484 2140 2538 si-

561 2579 805 2648 gniﬁcat,
830 2576 905 2632 ita
933 2577 1233 2631 secundum
1266 2577 1657 2630 Damasccnum
1694 2590 1798 2628 vox
1856 2576 2020 2628 Pater
2047 2574 2141 2645 hy-

567 2672 828 2738 postasim
875 2669 1175 2739 signiﬁcat;
1210 2683 1342 2740 ergo
1392 2667 1523 2722 illud
1563 2667 1720 2722 Pater
1751 2668 2138 2731 substantiam,

560 2771 618 2816 e‘t
662 2760 995 2834 hypostasim
1043 2758 1270 2826 indicat,
1335 2771 1385 2814 et
1431 2775 1529 2830 per
1584 2761 1743 2815 ambo
1805 2777 1971 2815 unum
2032 2774 2138 2826 ρει,

561 2854 708 2922 quod
742 2853 1104 2919 signiﬁcatur,
1164 2854 1341 2921 ipsum
1386 2867 1676 2906 commune
1721 2869 1846 2907 cum
1891 2853 2136 2922 proprio,

561 2948 679 3001 sive
711 2945 925 3000 Patrem
973 2947 1120 3000 dicat
1158 2945 1303 3014 quis,
1337 2946 1451 3000 sive
1482 2945 1817 3016 hypostasim
1844 2946 2043 3000 Patris.
2072 2947 2140 3000 Et

563 3040 822 3108 quoniam
857 3040 960 3095 hoc
989 3054 1209 3102 nomen,
1248 3039 1426 3105 Pater,
1475 3039 1812 3110 liypostasim
1845 3038 2137 3108 signiﬁcat,

564 3131 873 3204 hypostasis
901 3147 1034 3186 vero
1082 3132 1224 3185 idem
1277 3143 1360 3186 est
1412 3147 1537 3185 cum
1587 3133 1940 3201 proprietate,
1983 3133 2138 3201 juxta

559 3230 748 3281 divum
795 3224 1148 3296 Gregorium;
1183 3223 1486 3294 proprietas
1520 3235 1700 3277 autem
1752 3225 1808 3276 in
1843 3223 2000 3279 l’atre
2041 3238 2138 3292 pa—

562 3318 795 3374 ternitas
823 3329 927 3382 est,
955 3316 1005 3370 id
1040 3317 1188 3370 enim
1223 3317 1276 3369 in
1314 3313 1565 3370 confesso
1600 3315 1744 3384 apud
1795 3331 1988 3370 onmes
2033 3328 2138 3381 est,

565 3411 739 3479 palam
780 3419 882 3474 est,
926 3409 1070 3477 quod
1101 3409 1402 3479 paternitas
1447 3420 1501 3462 et
1532 3409 1693 3464 Pater
1721 3409 1863 3463 idem
1895 3418 2004 3463 est.
2034 3408 2140 3462 Sed

562 3518 758 3557 rursus
780 3501 1082 3556 secundum
1110 3515 1366 3571 magnum
1391 3499 1773 3566 Athanasium,
1803 3517 1926 3566 vox,
1958 3502 2138 3568 Pater,

562 3594 925 3649 substantiam
985 3594 1279 3664 signiﬁcat,
1335 3609 1466 3664 ergo
1527 3602 1582 3648 et
1645 3593 1946 3663 paternitas
2008 3594 2142 3648 sub-

561 3688 820 3743 stantiam
852 3687 1145 3758 signiﬁcat,
1173 3687 1307 3741 adeo
1345 3695 1403 3740 ut
1433 3688 1795 3758 proprietates
1834 3689 1977 3742 idem
2031 3690 2143 3743 sint

562 3781 705 3850 quod
747 3781 1090 3852 bypostases,
1127 3781 1447 3852 hypostases
1477 3791 1660 3835 autem
1693 3783 1898 3848 Deitas,
1932 3791 1986 3836 et
2013 3782 2143 3836 sub-

561 3873 781 3927 stantia.
839 3890 856 3922 ι
914 3871 1092 3927 Unum
1135 3871 1305 3935 enim,
1343 3871 1541 3940 inquit,
1575 3881 1704 3926 sunt
1736 3873 1836 3926 tria
1873 3891 1883 3924 :
1922 3881 1978 3927 ct
2019 3890 2142 3944 quae

564 3965 665 4019 tria
698 3965 880 4021 Deitas
905 3977 1014 4029 est,
1058 3973 1114 4018 ut
1145 3963 1351 4019 dictum
1383 3973 1488 4031 est,
1517 3972 1572 4018 et
1615 3965 1792 4018 oratio
1839 3981 2032 4020 rursus
2084 3969 2140 4022 in

561 4062 708 4116 idem
751 4061 957 4126 evasit;
1003 4072 1070 4113 eo
1100 4059 1246 4113 enim
1290 4059 1466 4112 solum
1509 4058 1786 4123 dilicrunt,
1825 4060 1968 4128 quod
2002 4061 2138 4114 sint-

566 4153 799 4224 pliciter,
843 4163 897 4209 ct
935 4153 1236 4207 secundum
1281 4151 1501 4209 modum
1549 4151 1829 4205 dicuntur.
1887 4171 1906 4202 ι
1951 4152 2140 4222 Neque

561 4248 711 4302 enim
745 4255 802 4300 ut
833 4247 993 4300 aliam
1030 4243 1335 4306 Monadem,
1386 4252 1441 4297 et
1486 4243 1647 4296 aliam
1700 4258 1822 4297 esse
1882 4243 2138 4300 Triadcm

559 4340 738 4395 cdocti
764 4355 978 4402 sumus,
1018 4338 1111 4392 sed
1145 4337 1394 4392 eamdem
1431 4352 1556 4390 vere
1590 4335 1873 4390 Monadem
1908 4346 1962 4390 et
1991 4336 2143 4392 Tria-

560 4433 683 4486 tlem
711 4432 935 4486 dictam.
977 4430 1114 4485 Illud
1143 4428 1366 4500 quidem
1402 4428 1613 4482 ratione
1662 4429 2004 4495 substantiae,
2039 4429 2140 4484 hoc

563 4540 691 4579 vero
749 4523 1046 4578 cxsistendi
1105 4523 1287 4586 modo,
1332 4521 1486 4593 juxta
1534 4531 1782 4576 sanctum
1819 4522 2136 4588 Maximum,

2249 627 2418 697 μένην
2450 625 2696 696 νοοῦμεν.
2746 625 3016 695 Εἰρήκατε
3054 627 3110 679 δὲ
3146 628 3235 678 καὶ
3268 626 3425 696 ὑμεῖς
3455 627 3504 680 οἱ
3551 627 3820 698 Ἀρειανοὶ

2243 721 2307 774 ὲκ
2337 719 2430 773 τοῦ
2468 719 2604 772 Θεοῦ
2640 721 2731 772 τὸν
2789 719 2938 781 Υἱὸν,
2978 719 3223 787 δηλονότι
3255 722 3320 772 ἐκ
3361 722 3461 794 τῆς
3491 719 3682 785 οὐσίας
3725 718 3817 772 τοῦ

2247 813 2455 882 Πατρὸς
2487 813 2652 866 αὑτὸν
2681 812 2962 882 εἰρήκατε.
3005 831 3024 863 ι

2317 990 2437 1042 Ἕτι
2464 990 2491 1040 ὁ
2523 987 2886 1057 Δαμασκηνὸς
2918 987 2977 1040 ἐν
3016 989 3124 1050 τοῖς
3153 987 3482 1056 Θεολογικοϊς
3527 988 3698 1041 αὑτοῦ
3735 1006 3821 1042 κε-

2244 1082 2492 1151 φαλαίοις
2518 1081 2684 1151 φησί·
2719 1097 2739 1132 ι
2780 1081 2980 1151 Θεότης
3012 1080 3110 1150 τὴν
3138 1081 3299 1149 φύσιν
3332 1082 3502 1152 δηλοῖ,
3534 1082 3598 1136 τὸ
3629 1081 3686 1136 δὲ
3707 1083 3822 1135 Πα-

2243 1175 2348 1246 τὴρ
2380 1177 2479 1245 τὴν
2515 1175 2834 1230 ὑπόστασιν.
2873 1174 2945 1226 Τὸ
2974 1177 3085 1244 γὰρ
3110 1175 3242 1238 Θεὸς
3269 1177 3359 1228 καὶ
3381 1177 3671 1246 ἄνθρωπος
3697 1178 3824 1229 τάτ-

2241 1281 2393 1318 τεται
2430 1266 2529 1342 μὲν
2562 1265 2656 1345 ἔστι
2685 1263 2784 1334 τῆς
2826 1265 3036 1328 οὐσίας,
3079 1264 3155 1328 ὡς
3186 1267 3314 1319 ὅταν
3359 1266 3628 1337 λέγωμεν,
3689 1267 3820 1330 Θεός

2243 1359 2389 1410 ἐστιν
2419 1358 2804 1426 ἀκατάληπτος
2843 1359 3025 1424 οὐσία,
3073 1357 3296 1428 λέῩεται
3327 1361 3382 1414 δὲ
3435 1362 3530 1414 καὶ
3575 1361 3672 1415 ἐπὶ
3707 1359 3818 1412 τῶν

2243 1450 2618 1504 ὑποστάσεων.
2667 1451 2730 1503 Ei
2761 1451 2946 1504 τοίνυν
2977 1453 3038 1504 τὸ
3091 1453 3190 1521 μὲν
3222 1453 3354 1516 Θεὸς
3386 1454 3561 1518 ὄνομα
3596 1452 3694 1523 τὴν
3731 1454 3820 1506 οὑ-

2243 1544 2362 1594 σίαν
2411 1541 2683 1611 σημαίνει,
2715 1540 2931 1613 λέγεται
2972 1544 3028 1597 δὲ
3066 1548 3160 1599 καὶ
3193 1549 3223 1616 ὴ
3263 1547 3561 1612 ὑπόστασις
3587 1548 3751 1611 Θεὸς.
3776 1536 3820 1614 -ἤ

2243 1635 2543 1699 ὑπόστασις
2590 1635 2700 1706 ἄρα
2733 1637 2892 1691 οὐσία
2937 1639 3107 1693 ἐστίν.
3151 1639 3214 1692 Ἢ
3253 1640 3350 1709 μὲν
3408 1643 3518 1711 γὰρ
3567 1641 3730 1694 οὑσία
3781 1641 3815 1714 ἢ

2243 1729 2408 1800 φύσις
2440 1734 2581 1784 κατὰ
2613 1732 2705 1784 τὸν
2738 1731 2947 1804 τρόπον
2971 1733 3066 1802 τῆς
3105 1732 3199 1786 τοῦ
3224 1734 3486 1804 ὀνόματος
3515 1713 3820 1806 σημασίας,

2243 1818 2394 1893 ᾧτινι
2428 1825 2715 1879 ἀκολουθεί
2737 1826 2770 1897 ἡ
2789 1826 3018 1892 διάνοια,
3050 1827 3125 1890 ὡς
3152 1825 3288 1890 εἶδος
3325 1811 3532 1882 νοεῖται
3565 1829 3659 1882 καὶ
3689 1846 3822 1899 προ-

2245 1922 2472 1992 φέρεται
2497 1937 2512 1952 ·
2549 1923 2580 1990 ἡ
2616 1921 2672 1974 δὲ
2705 1921 3026 1985 ὑπόστασις,
3058 1920 3091 1992 ἦ
3119 1920 3180 1974 τὸ
3210 1921 3522 1992 πρόσωπον,
3555 1921 3614 1975 τὸ
3639 1924 3816 1975 κοινὸν

2242 2014 2338 2069 καὶ
2392 2015 2674 2085 ἡνωμένον
2722 2014 3156 2085 διακεκριμένως
3213 2014 3471 2084 ἐμφαίνει
3519 2033 3533 2046 ·
3578 2014 3678 2068 εἴτ’
3725 2015 3820 2070 οὖν

2241 2108 2302 2160 τὸ
2329 2107 2509 2160 κοινὸν
2545 2105 2681 2174 μετὰ
2707 2105 2800 2158 τοῦ
2835 2106 3156 2173 ίδιάζοντος,
3181 2106 3214 2176 ἢ
3241 2107 3302 2158 τὸ
3331 2105 3508 2161 κοινὸν
3558 2106 3654 2160 καὶ
3681 2106 3819 2176 πρός

2241 2201 2293 2254 τι
2325 2217 2437 2264 πως
2469 2200 2614 2269 ἔχον,
2643 2198 2718 2262 ὡς
2764 2201 3038 2270 εἴρηται.»
3059 2199 3223 2253 Ἀλλὰ
3255 2199 3361 2270 μὴν
3391 2199 3533 2253 κατὰ
3551 2199 3640 2254 τὸν
3668 2198 3823 2269 ἅγιον

2255 2294 2575 2349 Ἀθανάσιον
2610 2293 2758 2346 ὥσπε
2772 2312 2801 2362 ρ
2839 2292 2900 2346 τὸ
2938 2293 3072 2355 Θεὸς
3125 2293 3299 2364 ὄνομα
3341 2294 3442 2364 τὴν
3475 2292 3668 2346 οὐσίαν
3723 2309 3822 2360 ση-

2247 2387 2450 2457 μαίνει,
2485 2384 2627 2437 οὑτω
2668 2385 2806 2437 κατὰ
2841 2384 2930 2436 τὸν
2974 2384 3339 2455 Δαμασκηνὸν
3365 2383 3427 2439 τὸ
3461 2385 3656 2454 Πατὴρ
3688 2385 3821 2437 ὑπό-

2244 2497 2434 2536 σ,τασιν
2467 2479 2639 2546 δηλοῖ.
2673 2477 2745 2529 Τὸ
2785 2477 2975 2549 Πατὴρ
3016 2479 3124 2548 ἄρα
3154 2476 3346 2532 οὐσίαν
3376 2478 3475 2530 καὶ
3524 2478 3823 2530 ὑπόστασιν

2246 2575 2525 2644 σημαίνει.
2587 2574 2696 2627 Καὶ
2727 2573 2795 2625 δι’
2827 2574 3030 2642 ἀμφοῖν
3059 2573 3116 2625 ’ἐν
3170 2573 3232 2629 τὸ
3279 2571 3610 2642 δηλούμενόν
3645 2574 3820 2635 ἐστιν,

2243 2669 2375 2722 αὑτὸ
2405 2669 2465 2721 τὸ
2497 2666 2678 2719 κοινὸν
2717 2666 2854 2736 μετὰ
2876 2667 2970 2719 τοῦ
3003 2666 3326 2733 ἱδιάζοντος,
3356 2665 3467 2720 εἴτε
3488 2665 3714 2736 Πατέρα
3740 2665 3827 2718 As-

2243 2782 2330 2832 γει
2363 2782 2469 2828 τις,
2507 2763 2611 2817 εἷθ’
2662 2763 2961 2815 ὑπόστασιν
3005 2759 3100 2813 τοῦ
3158 2759 3397 2830 Πατρός.
3431 2760 3543 2818 Καὶ
3590 2758 3718 2812 ἐπεὶ
3765 2757 3825 2812 τὸ

2253 2857 2441 2928 Πατὴρ
2473 2858 2642 2927 ὄνομα
2675 2856 2976 2908 ὑπόστασιν
3028 2855 3310 2924 σημαίνει,
3337 2855 3371 2925 ἡ
3420 2853 3478 2906 δὲ
3525 2852 3826 2914 ὑπόστασις

2242 2950 2444 3008 ταυτὸν
2466 2951 2534 3018 τῇ
2567 2948 2795 3014 ἰδιότητι
2841 2947 2980 3000 κατὰ
3011 2947 3104 3001 τὸν
3137 2945 3282 3000 θεῖον
3319 2946 3648 3017 Γρηγόριον,
3691 2947 3724 3016 ἡ
3765 2944 3825 2998 δὲ

2247 3043 2448 3112 ἰδιότης
2473 3041 2565 3094 ἐπὶ
2589 3040 2685 3094 τοῦ
2721 3041 2935 3111 [ἰατρὸς
2973 3041 3005 3109 ή
3041 3039 3317 3110 πατρότης
3355 3040 3494 3104 ἐστὶ,
3525 3031 3686 3091 τοῦτο
3711 3045 3826 3108 γὰρ

2245 3138 2396 3206 παρὰ
2434 3136 2654 3189 πάντων
2685 3133 3067 3204 ὁμολογεῖται·
3115 3133 3280 3204 δῆλον
3306 3131 3380 3196 ὡς
3419 3130 3700 3202 πατρότης
3729 3136 3824 3185 καὶ

2167 3245 2211 3302 C
2246 3232 2437 3300 Πατὴρ
2467 3229 2665 3282 ταυτόν
2693 3229 2861 3279 ἐστιν.
2915 3225 3080 3278 Ἀλλὰ
3115 3225 3258 3279 κατὰ
3300 3225 3392 3277 τὸν
3425 3225 3606 3296 μέγαν
3658 3223 3821 3288 αὖθις

2258 3325 2600 3386 Ἀθανάσιον,
2635 3320 2694 3373 τὸ
2743 3318 2934 3390 Πατὴρ
2968 3317 3157 3370 οὐσίαν
3188 3316 3466 3387 σημαίνει,
3499 3316 3593 3370 καὶ
3637 3318 3670 3388 ὴ
3717 3333 3823 3370 πα-

2245 3417 2444 3486 τρότης
2478 3414 2585 3478 ἄρα
2617 3414 2805 3468 οὑσίαν
2838 3411 3121 3481 σημαίνει,
3146 3410 3286 3463 ὥστε
3319 3411 3376 3462 αι
3411 3409 3827 3479 ίδιότητεςίταυ-

2241 3510 2333 3562 τὸν
2372 3512 2486 3570 ταῖς
2512 3508 2898 3574 ὑποστάσεσιν,
2928 3507 2983 3557 αἱ
3007 3505 3052 3557 δ’
3086 3504 3415 3566 ὑποστάσεις
3447 3502 3479 3573 ἡ
3505 3501 3698 3570 Θεότης
3730 3497 3826 3554 καὶ

2243 3608 2276 3676 ἡ
2316 3605 2494 3658 οὐσία·
2533 3621 2551 3653 ι
2585 3603 2682 3654 Ἓν
2708 3603 2839 3670 γὰρ.
2873 3599 3029 3669 φησὶ,
3065 3598 3134 3651 τὰ
3161 3600 3309 3668 τρία,
3337 3596 3432 3650 καὶ
3466 3599 3502 3650 ἃ.
3535 3596 3575 3666 ἡ
3606 3594 3823 3664 θεότης,

2241 3700 2317 3763 ὡς
2339 3697 2578 3767 εἴρηται,
2616 3701 2708 3747 καὶ
2741 3696 2768 3747 ὁ
2799 3694 2952 3761 ὶόγος
3010 3692 3172 3745 πάλιν
3204 3694 3283 3753 είς
3337 3691 3504 3742 ταὺτὸ
3536 3688 3821 3760 περιῆλθε.

2242 3793 2430 3860 Τούτῳ
2462 3787 2568 3857 γὰρ
2599 3784 2917 3855 διαφέρουσι
2949 3781 3229 3851 μόνον,τῷ
3259 3779 3445 3843 ἁπλῶς
3475 3782 3566 3834 καὶ
3600 3780 3718 3843 πῶς
3739 3779 3826 3862 λέτ

2242 3883 2453 3952 γεσθαι.
2490 3898 2506 3931 ι
2542 3880 2673 3932 Οὐδὲ
2700 3878 2806 3949 γὰρ
2838 3877 2913 3939 ὡς
2946 3876 3112 3944 ἁλὶ-,ην
3148 3874 3242 3945 τὴν
3266 3874 3508 3938 Μονάδα,
3533 3873 3825 3943 κσὶηᾶλλην

2241 3977 2339 4046 τὴν
2369 3975 2578 4042 Τριάδα
2619 3971 2977 4040 ἐδιδάχθημεν
3009 3964 3172 4021 εἶναι.
3211 3968 3371 4020 Ἀλλὰ
3406 3969 3503 4038 τὴν
3542 3967 3714 4038 αὐτὴν
3744 3967 3822 4030 ὡς

2241 4067 2456 4134 ἀληθῶς
2501 4063 2703 4132 μονάδα
2751 4063 2846 4114 καὶ
2876 4061 2918 4112 Τ
2925 4059 3079 4128 ριάδα
3121 4059 3443 4128 λεγομένην,
3489 4059 3550 4111 τὸ
3583 4061 3704 4128 μὲν,
3740 4060 3820 4129 τῷ

2244 4159 2361 4211 κατ’
2399 4158 2585 4209 οὐσίαν
2614 4156 2777 4224 λόγῳ,
2822 4153 2879 4206 τὸ
2911 4153 2988 4214 δὲ,
3017 4154 3140 4206 καθ’
3170 4151 3407 4222 ὓπαρξιν
3448 4153 3638 4226 τρόπῳ
3678 4156 3826 4218 κατὰ

2241 4251 2329 4303 τὸν
2365 4249 2520 4316 ἆγιον
2546 4248 2818 4318 Μάξιμον,
2861 4247 2918 4310 δς
2945 4247 3008 4316 δὴ
3061 4246 3158 4300 καὶ
3200 4247 3364 4316 ὀλίγῳ
3393 4251 3661 4317 πρότερον
3688 4249 3824 4318 πρὸς

2251 4344 2339 4395 τὸν
2385 4343 2664 4412 Ἀνόμοιον
2717 4342 2903 4408 ἔλεγεν
2961 4339 3020 4391 οὑ
3065 4338 3233 4392 ταὺτὸ
3292 4338 3481 4392 οὐσίαν
3527 4335 3670 4392 εἶναι
3731 4341 3825 4393 καὶ

2243 4431 2568 4493 ὑπόστασιν,
2611 4432 2702 4483 καὶ
2752 4429 2876 4483 τίνα
2923 4431 3164 4498 τρόπον;
3203 4429 3344 4481 κατὰ
3399 4427 3491 4482 τὸν
3556 4429 3656 4499 τῆς
3715 4434 3826 4488 τάν

2243 4524 2524 4591 ὀνομάτων
2569 4523 2842 4591 σημασίας
2900 4522 3076 4586 λόγον,
3118 4521 3207 4573 τὸν
3259 4521 3379 4574 καθ’
3431 4520 3669 4590 ὓπαρξιν
3717 4524 3824 4575 τῶν

560 4618 655 4686 qui
689 4615 933 4686 profecto
965 4622 1019 4668 et
1059 4613 1222 4683 paulo
1270 4622 1394 4666 ante
1428 4613 1495 4666 ad
1529 4612 1855 4667 Dissimilem
1901 4613 2136 4678 dicebat,

2249 4615 2558 4685 προσώπων
2617 4615 2902 4682 ἑπόμενον.
2947 4613 3226 4682 Ἐπήγαγε
3285 4613 3434 4684 γάρ·
3485 4632 3505 4666 ι
3553 4615 3695 4667 Ἀλλ’
3747 4616 3822 4681 ὡς

560 4725 667 4763 non
693 4726 815 4764 esse
849 4708 988 4762 idem
1044 4707 1413 4764 substantiam
1458 4717 1513 4760 et
1558 4705 1888 4777 liypostasim
1925 4715 2138 4776 etquo-

2242 4708 2366 4761 ἄλλο
2394 4707 2767 4776 συμαινοὺσης
2797 4707 2894 4776 τῆς
2925 4703 3138 4769 οὐσίας,
3167 4708 3261 4759 καὶ
3289 4706 3418 4760 ἄλλο
3449 4707 3550 4776 τῆς
3580 4707 3818 4769 ὑποστά-

564 4815 688 4853 nam
722 4798 929 4856 modo?
972 4800 1123 4870 juxta
1175 4799 1438 4852 rationem
1487 4796 1904 4866 signiﬁcationis
1958 4813 2138 4853 nomi-

562 4909 717 4959 num,
747 4909 868 4962 (μισ)
899 4892 1038 4945 ratio
1061 4891 1312 4961 sequitur
1334 4890 1723 4944 subsistentias
1753 4905 2132 4958 personarum.

2234 4797 2395 4863 σεως,
2419 4799 2492 4862 th;
2515 4801 2540 4851 ὁ
2560 4801 2756 4864 κόκκος
2776 4797 2870 4852 τοῦ
2896 4799 3041 4853 σίτου
3073 4797 3313 4868 λέγεται,
3337 4799 3435 4854 καὶ
3461 4799 3576 4853 ἔστι
3601 4803 3823 4872 σπέρμα

2235 4896 2330 4946 καὶ
2361 4894 2590 4964 καρπός.
2607 4913 2624 4946 ι

564 4989 753 5043 intulit
801 4989 969 5054 enim,
1014 4991 1107 5043 sed
1141 4999 1398 5058 tanquam
1449 4987 1596 5041 aliud
1628 4987 1972 5056 signiﬁcante
2006 4989 2314 5044 substantia
2351 5001 2405 5046 et
2445 4991 2595 5045 aliud
2657 4991 2956 5063 bypostasn,
3021 5000 3082 5045 ut
3148 5007 3376 5064 granum
3441 4992 3710 5050 frumenti
3744 4993 3824 5049 di-

562 5086 725 5152 citur,
755 5097 807 5142 et
840 5097 926 5141 est
949 5102 1133 5142 semen
1167 5095 1222 5140 et
1256 5086 1489 5141 fructus.

631 5181 805 5235 Porto
840 5195 1001 5236 nemo
1057 5180 1350 5234 tumultum
1400 5181 1600 5235 excitet
1652 5167 1992 5244 existimans,
2047 5191 2142 5234 aut

564 5286 664 5326 nos
700 5270 1065 5332 caltunnians.
1117 5271 1266 5339 quod
1316 5267 1527 5324 scilicet
1561 5271 1674 5324 sola
1733 5272 1943 5324 ratione
1989 5269 2141 5324 dica-

563 5381 686 5419 mus
713 5363 924 5417 divinas
950 5380 1211 5432 personas
1241 5363 1523 5432 distingui.
1561 5364 1748 5433 Neque
1772 5367 1914 5418 enim
1944 5365 2135 5418 docto-

563 5472 670 5524 res,
716 5472 838 5511 cum
894 5456 1070 5520 aiunt,
1113 5459 1518 5526 pater-nitatem,
1569 5466 1626 5510 et
1672 5458 2002 5526 li)‘p0:l3$llll
2039 5473 2135 5510 seu

562 5554 777 5604 l’atrem
813 5550 952 5604 idem
994 5566 1137 5614 esse,
1183 5561 1349 5620 atque
1380 5552 1698 5620 ltypestaSes
1728 5566 1846 5605 esse
1881 5552 2136 5605 substan-

563 5643 691 5695 tiam
733 5658 828 5697 scu
874 5643 1164 5705 Deitatetn,
1198 5655 1253 5698 et
1296 5645 1546 5698 eamdem
1590 5645 1870 5697 Monadent
1896 5661 1958 5697 ae
1986 5642 2140 5697 Tria-

561 5737 706 5800 iiem,
759 5736 843 5789 vel
894 5737 1014 5790 sola
1067 5737 1277 5790 ratione
1323 5736 1584 5806 distingui
1637 5747 1885 5800 censent,
1927 5737 2010 5790 vel
2049 5752 2135 5790 se-

559 5827 800 5881 cundum
833 5829 1100 5898 opposita,
1135 5843 1255 5897 quae
1308 5838 1434 5881 suat
1481 5829 1536 5882 in
1586 5829 1848 5894 relativis,
1897 5831 1947 5882 c't
2004 5828 2134 5882 sub-

566 5920 793 5975 stantias
825 5921 1124 5991 oppositas,
1175 5920 1332 5976 etab
1389 5921 1623 5975 invicem
1677 5937 1794 5978 esse
1849 5921 2135 5978 distinctas

2315 5181 2626 5250 Θορυϐείτω
2666 5181 2722 5233 δὲ
2769 5181 2960 5250 μηδεὶς
3012 5182 3258 5252 οίόμενος
3298 5183 3330 5254 ἢ
3380 5184 3841 5258 διαϐάλλωνιὼςι

2243 5275 2351 5344 ἄρα
2379 5274 2520 5341 λόγῳ
2561 5275 2705 5344 μόνῳ
2736 5277 2915 5342 φαμὲν
2945 5279 3013 5329 τὰ
3068 5276 3187 5329 θεῖα
3232 5279 3606 5347 διακρίνεσθαι
3647 5266 3820 5353 πρόσ-

2242 5383 2388 5419 ωπιέ.
2416 5366 2549 5434 Οὑδὲ
2605 5368 2715 5435 γὰρ
2747 5366 2796 5418 οἱ
2838 5367 3146 5422 διδάσκαλοι
3203 5373 3521 5443 πατρότητα
3563 5376 3658 5428 καὶ
3691 5379 3826 5431 ὑπό·

2245 5475 2459 5520 στασιν,
2489 5457 2520 5528 ἢ
2558 5459 2776 5528 Πατέρα
2807 5461 2971 5512 ταὺτὸ
3007 5461 3280 5528 λέγοντες,
3330 5467 3423 5516 καὶ
3451 5467 3550 5529 τὰς
3580 5468 3818 5523 ὑποστὰ-

2247 5567 2358 5612 σεις
2399 5547 2536 5604 εἶναι
2569 5552 2668 5621 τὴν
2695 5552 2901 5618 οὐσίαν,
3015 5555 3112 5621 τὴν
3143 5557 3372 5626 θεότητα
3406 5559 3499 5611 καὶ
3525 5559 3624 5632 τὴν
3648 5564 3822 5634 αὐτὴν

2242 5641 2446 5709 μονάδα
2477 5645 2568 5695 καὶ
2604 5645 2830 5712 ἰ’ριάδα,
2864 5644 2895 5714 ἢ
2929 5646 3072 5716 λόγῳ
3108 5647 3256 5718 μόνῳ
3294 5649 3673 5720 διακρίνεσθαί
3716 5673 3818 5726 φαο

2242 5753 2346 5797 σιν,
2401 5737 2432 5803 ἦ
2487 5740 2627 5789 κατὰ
2659 5739 2726 5789 τὰ
2757 5740 2812 5790 ἐν
2843 5741 3149 5808 τοῖςοπρός
3202 5758 3279 5793 τι-
3308 5748 3687 5813 ἀντικείμενα,
3726 5754 3827 5805 καὶ.

2239 5827 2427 5889 οὐσίας
2479 5830 2862 5898 ἀντικειμένας
2912 5834 3005 5884 καὶ
3053 5834 3298 5902 ἀλλήλων
3353 5833 3495 5889 εἶναι
3534 5839 3817 5910 διακεκριε

2247 5920 2438 5987 μένοις,
2469 5922 2589 5977 καθ’
2621 5924 2788 5990 αὑτὰς
2813 5923 2887 5988 ὼς
2926 5926 3052 5998 τρία
3077 5928 3306 5998 διάφορα
3333 5928 3459 5982 δντα
3482 5950 3494 5962 ·
3523 5931 3662 5986 ἀλλὰ
3687 5913 3828 6004 μιᾶς.
