4124 6300
321 349 438 437 εει.
1241 367 1342 430 DE
1381 363 1896 426 PROCESSION-E
1938 358 2634 446 SP1ltlTUS'-SANCTF
3457 347 3573 422 sas.

320 485 628 556 νη;·.οὐτω
671 487 765 540 καὶ
796 485 864 538 τὰ
905 483 1144 554 ἑπόμενα
1191 484 1268 554 τῷ
1300 483 1434 554 πρός
1475 500 1528 536 τι
1559 480 1899 535 ἀποδίδονται

2018 481 2090 534 :ui
2148 480 2418 535 inexsistit
2476 480 2548 534 ob
2620 491 2892 534 summam
2937 474 3361 548 simplicitatem
3411 483 3580 547 atque

324 581 726 649 πραγματικῶς
748 581 811 648 τῇ
838 565 1238 648 οὐσία,’ὲφό.τον
1259 577 1378 630 ἐστὶ
1424 576 1518 629 καὶ
1544 574 1677 644 πρός
1709 591 1780 635 τι.
1805 573 1901 626 καὶ

2018 572 2269 627 mitatem
2305 590 2319 628 :
2358 572 2464 627 nisi
2491 572 2733 633 crassius
2764 567 3086 639 accipiatur,
3108 566 3576 641 quemadmodum

321 673 410 724 διὰ
431 670 587 724 τοῦτο
609 673 702 723 καὶ
721 672 780 723 τι
798 670 1202 742 πραγματικῶς
1228 668 1603 740 διακρίνεσθαι
1630 667 1725 720 καί
1752 666 1900 718 ἀντι-

2018 675 2057 720 :t
2092 681 2286 720 manus
2307 676 2361 720 et
2387 666 2551 735 pedes
2579 664 2634 720 in
2667 665 2777 720 Deo
2810 663 3070 728 dicimus,
3106 675 3203 719 aut
3227 663 3274 722 si
3302 661 3580 718 dideren-

323 765 536 817 κεῖσθαι
577 764 886 817 ἀποδίδοτιι
935 762 1095 833 αὐτῇ,
1135 764 1235 816 οὐκ
1275 763 1466 830 ἐφόσον
1499 761 1682 827 μέντοι
1720 757 1899 823 οὐσία,

2018 761 2080 814 Lia
2124 761 2523 817 consideretur
2563 760 2798 825 ratione,
2840 773 2948 813 non
2989 774 3090 814 re:
3137 758 3222 814 sic
3265 756 3583 826 etiamqqua

326 857 441 911 ἀλλ’
470 857 661 926 ἐφόσον
698 857 832 926 πρός
863 873 938 909 τι.
969 856 1051 910 Τὰ
1075 855 1186 924 γὰρ
1216 854 1353 925 πρός
1384 873 1458 918 τι,
1492 854 1540 906 εί
1573 851 1672 906 καὶ
1700 852 1759 904 ὲν
1787 851 1902 914 τοῖς

2018 860 2420 920 ιοιιεειιιιιιηιυι·
2458 850 2779 906 relationem
2824 848 3208 904 attribuuntur
3257 847 3584 923 substantia

327 947 705 1016 συμϐεϐηκόσι
738 949 1104 1017 περιέχονται,
1132 947 1247 1001 ἀλλ’
1270 947 1331 1000 οὐ
1363 945 1648 1015 δηλοῦνται
1677 942 1819 997 κατά
1840 942 1903 996 τὺ

2018 938 2229 1009 realiter
2258 947 2530 1008 quatenus
2558 947 2644 993 est
2665 945 2723 992 et
2763 937 2976 1000 relatio,
2999 947 3062 992 et
3087 946 3381 1007 propterea
3409 935 3580 991 etiam

324 1041 654 1110 ἐνυπάρχειν
681 1057 695 1071 ·
732 1040 892 1107 λόγος
932 1039 1043 1110 γὰρ
1083 1037 1179 1094 τοῦ
1228 1037 1633 1110 συμϐεϐηκότος
1685 1036 1801 1089 ἐστὶ
1843 1035 1904 1088 τὸ

325 1135 676 1203 ἐνυπάρχειν,
710 1132 784 1195 ὡς
814 1133 847 1196 ἠ
889 1131 1123 1201 ποσότης
1153 1132 1250 1185 καὶ
1283 1129 1508 1202 ποιότης
1528 1145 1544 1163 ·
1573 1127 1690 1184 ἀλλ’
1717 1128 1795 1190 ὡς
1825 1128 1905 1190 εἴς

323 1239 378 1273 τι
425 1220 532 1287 ἔξω
571 1218 823 1288 δηλοῦται
850 1235 864 1251 ο
896 1217 1087 1288 ὥσπερ
1127 1219 1163 1290 ἡ
1193 1218 1472 1288 ἐπιστήμη
1511 1217 1706 1285 ἐφόσον
1755 1217 1906 1269 ἐστὶν

326 1311 572 1380 ἀναφορά
597 1311 734 1379 πρὸς
760 1310 821 1363 τὸ
849 1309 1165 1382 ἐπιστητὸν,
1193 1311 1287 1363 καὶ
1311 1312 1408 1381 οὐχ
1436 1311 1510 1374 ὡς
1528 1309 1664 1375 ἕξις,
1692 1308 1810 1364 ἀλλ’
1830 1309 1906 1371 ὡς

327 1401 579 1473 ἀναφορά
599 1402 906 1472 θεωρεῖται,
935 1403 1035 1456 οὐκ
1059 1401 1175 1455 ἔστι
1197 1400 1290 1455 τοῦ
1311 1401 1673 1471 ἐπισταμένου
1693 1400 1769 1465 ὥς
1792 1400 1905 1466 ἕεις

327 1496 711 1564 ἐνυπάρχουσα
729 1493 991 1564 δηλονότι,
1017 1493 1153 1547 ἀλλὰ
1174 1494 1266 1548 τοῦ
1287 1492 1582 1562 ἐπιστητοῦ
1604 1510 1618 1526 ο
1645 1478 1779 1562 πρὸς
1797 1492 1906 1562 γὰρ

328 1588 390 1638 τί»
416 1587 707 1656 ἐπιστητὸν
732 1589 1086 1658 ἀναφέρεται.
1118 1587 1282 1639 Ὅθεν
1307 1587 1402 1640 καὶ
1431 1588 1486 1640 ai
1515 1584 1788 1656 ἀναφοραὶ
1809 1585 1906 1655 οὐχ

251 1672 254 1675 ’
327 1680 502 1743 οὓτως
534 1681 716 1751 ἔχουσι
750 1683 889 1735 κατά
927 1681 1019 1736 τὸν
1049 1683 1247 1753 τρόπον
1281 1681 1380 1751 τῆς
1409 1680 1615 1746 οὐσίας,
1647 1677 1762 1733 ἀλλ’
1788 1677 1908 1731 ἓτε-

334 1789 428 1841 ρον
459 1774 659 1842 τρόπον
695 1775 1029 1845 κατηγορίας
1055 1773 1206 1845 παρά
1234 1772 1302 1826 τά
1327 1772 1602 1835 οὐσιωδῶς
1637 1772 1908 1842 λεγόμενα

331 1867 390 1918 ὲν
430 1864 507 1934 τῷ
537 1863 676 1935 Θεῷ.
722 1866 786 1918 Ἠ
822 1867 922 1936 μὲν
969 1865 1078 1935 γὰρ
1115 1865 1270 1918 οὐσία
1315 1865 1374 1918 οὐ
1414 1866 1632 1933 λέγεται
1669 1867 1804 1936 πρός
1834 1883 1910 1935 τι,

330 1956 460 2010 οὐδέ
487 1973 541 2009 τι
571 1955 700 2012 ἄλλο
728 1956 892 2010 ταυτὸ
911 1959 976 2027 τῇ
1005 1957 1165 2028 οὐσίᾳ
1182 1957 1292 2009 τῶν
1317 1957 1513 2019 κοινῶς
1539 1958 1634 2012 καὶ
1653 1947 1920 2012 ἀπολελυ-

338 2050 517 2119 μένως
549 2049 891 2118 λεγομένων
937 2049 970 2117 ἡ
1013 2048 1070 2101 δὲ
1102 2050 1380 2121 πατρότης
1415 2047 1506 2101 καὶ
1554 2049 1744 2120 υίότης
1773 2049 1917 2102 κατά

332 2144 439 2214 τὴν
482 2141 593 2196 τῶν
623 2142 973 2212 ἀναφορικῶν
1002 2131 1166 2212 φύσιν
1196 2144 1334 2214 πρὸς
1369 2143 1602 2216 ἀλλήλας
1637 2144 1913 2214 λέγονται.

336 2236 605 2305 Καθάπερ
634 2231 725 2291 οὖν
749 2239 780 2306 ἠ
809 2236 970 2304 σοφία
994 2235 1214 2290 ἀπειδᾶν
1241 2239 1300 2291 ὲν
1346 2238 1619 2309 τῷΠατρὶ
1646 2240 1920 2309 θεωρῆται

333 2331 403 2397 τῇ
433 2328 574 2398 πρὸς
595 2327 693 2397 τὴν
721 2329 911 2382 οὐσίαν
943 2330 1195 2400 ἀναφορᾷ
1222 2347 1280 2382 τε
1320 2329 1414 2382 καὶ
1445 2330 1742 2400 ἀποϐλέψει
1765 2333 1918 2402 κοινή

337 2423 458 2474 ἐστι
491 2420 569 2492 τῷ
600 2420 712 2489 Υίῷ
731 2437 746 2451 ⁸
782 2425 880 2490 μία
911 2422 1018 2492 γὰρ
1041 2422 1120 2492 τῷ
1138 2422 1357 2494 ἀριθμῷ
1392 2422 1553 2493 σοφία
1581 2425 1728 2478 ἐστὶν
1751 2426 1778 2478 ό
1806 2427 1916 2479 Πα-

335 2514 449 2583 τὴρ
477 2513 569 2566 καὶ
599 2515 626 2567 ό
655 2513 781 2575 Υίός
800 2530 815 2544 ·
853 2513 1072 2567 ἐπειδὰν
1099 2514 1155 2568 δὲ
1183 2515 1259 2578 ὡς
1289 2515 1533 2583 γεννῶσα
1566 2517 1727 2586 σοφία
1757 2517 1786 2570 ό
1810 2517 1920 2570 Πα-

338 2607 446 2675 τὴρ
477 2605 700 2676 νοῆται,
738 2607 841 2660 οὐκ
876 2605 1023 2658 ἔστιν
1055 2608 1088 2676 ἡ
1126 2607 1266 2676 αὐτὴ
1302 2611 1367 2678 τῇ
1399 2611 1632 2679 γεννητῇ
1665 2611 1850 2682 σοφίᾳ,
1883 2609 1918 2680 ἦ

337 2701 495 2753 ἔστιν
531 2699 559 2751 ό
588 2698 712 2762 Tib;
744 2702 886 2752 κατά
912 2701 972 2753 τὸ
993 2701 1193 2768 γεννᾷν
1223 2699 1320 2754 καὶ
1355 2701 1649 2768 γεννᾶσθαι
1677 2701 1921 2772 δηλονότι

336 2790 426 2845 διὰ
464 2791 562 2862 τὴν
595 2793 732 2864 πρὸς
752 2791 956 2861 ἄλληλα
981 2793 1264 2865 ἀναφοράν
1283 2805 1298 2821 ⁸
1333 2791 1476 2847 οὕτω
1501 2792 1565 2863 δὴ
1597 2791 1692 2846 καὶ
1714 2793 1923 2864 πατρόο

335 2899 442 2953 της
460 2884 562 2950 ,καὶ
591 2883 774 2953 υίότης
800 2885 871 2956 τῇ
902 2884 1002 2953 μὲν
1043 2867 1181 2954 2rrpb;
1217 2884 1314 2956 τὴν
1340 2885 1528 2938 οὐσίαν
1552 2886 1799 2957 ἀναφορᾷ
1829 2885 1922 2939 οὐ-

339 2972 434 3026 σία
472 2972 591 3027 εστὶ
616 2974 719 3027 καλ⁵
741 2973 802 3025 τὸ
828 2973 983 3037 αὐτὸ,
1015 2977 1082 3046 τῇ
1119 2974 1176 3028 δὲ
1208 2975 1344 3046 πρὸς
1374 2973 1612 3044 ἀλλήλας
1651 2976 1922 3030 ἀντιθέσει

338 3065 484 3118 εἰσιν
509 3065 881 3134 ἀντικείμενα,
913 3066 1007 3118 καὶ
1031 3065 1143 3120 οὐδ’
1176 3066 1338 3138 ἑτέρα
1365 3066 1604 3137 ἠὲτέρα.
1638 3068 1791 3121 Ἐπεὶ
1815 3069 1924 3140 γάρ

2005 1032 2151 1102 quod
2185 1030 2554 1101 distinguatur
2588 1031 2830 1099 realiter,
2865 1039 2922 1088 et
2960 1040 3296 1102 opponatur,
3317 1030 3585 1086 attribui-

2008 1133 2096 1177 tur
2147 1122 2271 1193 ipsi,
2303 1137 2416 1178 non
2456 1132 2638 1178 tamen
2690 1134 2966 1195 quatenus
2995 1136 3080 1179 est
3113 1125 3443 1188 substantia,
3483 1122 3610 1195 sed-

2007 1216 2281 1286 quatenus
2327 1225 2410 1272 est
2463 1216 2677 1280 relatio,
2725 1231 2846 1286 quae
2881 1217 3026 1271 enim
3067 1225 3197 1273 sunt
3247 1216 3314 1270 ad
3349 1205 3581 1287 aliquid,

2008 1308 2262 1379 quamvis
2316 1308 2460 1364 inter
2522 1309 2829 1365 accidentia
2877 1311 3287 1373 contineantur,
3317 1309 3412 1365 sed
3467 1325 3578 1364 non

2009 1401 2392 1472 significantur
2440 1401 2744 1457 secundum
2782 1400 3122 1456 inexsistere.
3150 1398 3406 1455 Deﬁnitio
3433 1400 3581 1455 enim

2009 1494 2312 1550 accidentis
2362 1504 2445 1550 est
2486 1495 2838 1561 inexsistcrc,
2869 1503 2929 1548 ut
2965 1493 3263 1563 quantitas,
3292 1502 3346 1548 et
3409 1492 3585 1562 qu:tli-

2012 1599 2118 1652 tas,
2153 1588 2248 1642 sed
2295 1587 2491 1642 relatio
2543 1585 2888 1658 signiﬁcatur
2926 1602 3027 1657 per
3063 1586 3132 1642 ad
3178 1586 3326 1641 aliud
3358 1586 3587 1640 extrin-

2012 1693 2209 1746 secus;
2242 1679 2385 1735 sieut
2442 1677 2696 1742 scientia,
2736 1687 3009 1748 quatenus
3047 1685 3134 1732 est
3185 1677 3378 1732 relatio
3430 1676 3496 1730 ad
3531 1677 3584 1730 id

2013 1772 2158 1842 quod
2199 1773 2404 1835 scitur,
2428 1787 2609 1842 neque
2644 1780 2705 1826 ut
2742 1771 2988 1836 habitus,
3021 1769 3117 1825 sed
3144 1778 3203 1824 ut
3233 1769 3431 1825 relatio
3457 1786 3588 1824 con-

2016 1870 2312 1934 sideratur,
2368 1885 2478 1924 non
2531 1877 2616 1926 est
2657 1869 2904 1930 scientia.
2961 1877 3020 1924 ut
3078 1868 3590 1936 habitus,-scilicet

2017 1959 2370 2026 inexsistens,
2407 1961 2502 2017 sed
2555 1962 2783 2019 scibilis.
2814 1962 2893 2018 Ad
2929 1962 3124 2018 seibile
3147 1963 3294 2037 enim
3332 1964 3589 2020 refertur.

2017 2053 2175 2110 Unde
2219 2053 2616 2119 etrelationes
2659 2070 2768 2110 non
2824 2056 2898 2111 ita
2951 2070 3010 2110 se
3044 2053 3250 2111 habent
3289 2056 3590 2112 secundum

2019 2145 2245 2202 modum
2281 2146 2625 2210 substantiae.
2661 2145 2758 2202 sed
2793 2145 3100 2202 secundum
3148 2146 3316 2202 alium
3369 2136 3594 2203 modum

2020 2239 2464 2310 pradicatnentl,
2503 2247 2704 2308 praeter
2750 2253 2816 2293 ea
2865 2251 2989 2309 quae
3040 2237 3482 2293 substantialiter
3505 2235 3598 2292 dl-

2020 2341 2226 2388 cuntur
2285 2333 2338 2387 in
2388 2331 2523 2387 Deo.
2574 2329 2892 2387 Substantia
2941 2332 3088 2386 enim
3133 2347 3244 2387 non
3295 2331 3502 2387 dicitur
3526 2330 3596 2385 ad

2021 2422 2260 2494 aliquid;
2296 2428 2478 2494 neque
2507 2421 2714 2491 aliquid
2739 2420 2886 2476 aliud
2921 2419 3322 2476 identiﬁcatum
3346 2419 3601 2477 substan-

2023 2516 2113 2574 tia:
2153 2531 2216 2571 ex
2263 2515 2333 2571 iis
2386 2530 2506 2586 quae
2552 2514 2922 2570 communiter
2952 2521 3006 2569 ει
3031 2513 3282 2569 absolute
3310 2513 3597 2570 dicuntur.

2023 2607 2327 2664 Paternitas
2374 2617 2558 2663 autem
2607 2617 2773 2676 atque
2827 2605 3040 2670 iliiatio,
3067 2604 3377 2663 secundum
3430 2614 3594 2661 natu-

2023 2716 2138 2756 ram
2198 2697 2677 2764 relativorum,ad
2723 2698 2958 2754 invicem
3004 2698 3288 2753 dicuntur.
3321 2695 3600 2764 Quemad-

2023 2792 2246 2848 modum
2283 2791 2450 2861 igitur
2497 2790 2767 2860 sapientia
2800 2788 3024 2860 quando
3075 2788 3128 2843 in
3162 2789 3323 2844 Patre
3352 2790 3608 2844 conside-

2023 2892 2201 2950 ratur,
2250 2883 2540 2948 relatione,
2581 2894 2744 2953 atque
2803 2892 3060 2952 respectu
3111 2882 3179 2938 ad
3240 2881 3604 2940 substantiam

2024 2977 2334 3034 communis
2363 2985 2450 3031 est
2501 2975 2657 3042 Filio,
2680 2991 2786 3030 una
2828 2974 2975 3031 enim
3016 2989 3248 3030 numero
3274 2981 3362 3031 es!
3382 2975 3625 3046 sapiens

2025 3069 2100 3124 tia
2131 3068 2293 3123 Pater
2346 3075 2403 3122 ει
2452 3065 2644 3122 Filius.
2680 3065 2816 3120 Cum
2861 3080 2994 3119 vero
3037 3065 3420 3122 consideratur
3447 3059 3610 3122 Pater

340 3161 463 3212 ἔστι
493 3160 550 3211 ὲν
571 3155 647 3229 τῷ
676 3157 795 3228 Θεῷ
826 3157 1006 3210 τελεία
1035 3159 1312 3230 πατρότης
1340 3162 1433 3214 καὶ
1463 3162 1667 3231 υίότης,
1703 3163 1915 3216 ἐπειδὰν

2029 3169 2085 3214 ιιι
2118 3159 2389 3230 sapientia
2442 3159 2730 3229 generous.
2782 3173 2889 3212 non
2921 3165 3006 3212 est
3045 3156 3238 3213 eadem
3266 3159 3611 3229 cum‘geniu

341 3252 761 3324 ὰπολελυμένως
803 3256 860 3306 ὲν
885 3255 952 3323 τῇ
982 3253 1140 3325 οὐσίᾳ
1171 3252 1522 3323 θεωρῶνται,
1555 3259 1620 3328 τῇ
1656 3255 1754 3328 μὲν
1792 3256 1927 3328 πρὸς

342 3349 446 3417 τὴν
480 3345 671 3398 οὐσίαν
701 3346 950 3416 ἀναφορᾷ
977 3344 1084 3398 είσι
1120 3345 1178 3403 τὸ
1213 3346 1370 3410 αὐτὸ,
1408 3346 1600 3419 ὥσπερ
1633 3349 1730 3402 καὶ
1757 3349 1929 3404 τᾶλλα

345 3443 412 3493 τὰ
433 3438 855 3509 ἀπολελυμένως
887 3440 953 3509 τῇ
972 3439 1132 3510 οὐσίᾳ
1162 3438 1257 3492 τοῦ
1285 3438 1421 3494 Θεοῦ
1449 3442 1835 3513 ἀποδιδόμενα,
1861 3446 1928 3516 τῇ

2030 3252 2321 3324 sapientia,
2347 3269 2468 3323 qum
2498 3263 2581 3307 est
2608 3251 2802 3318 Filius,
2821 3233 3083 3306 nimirum
3109 3253 3412 3319 secundum
3443 3266 3612 3323 geno-

2032 3358 2174 3409 rare,
2209 3353 2268 3398 et
2327 3341 2580 3416 generari
2617 3350 2841 3411 propter
2871 3341 3193 3395 relationem
3226 3340 3291 3394 ad
3324 3340 3560 3397 invicem
3591 3359 3610 3398 :

2032 3427 2106 3492 ita
2140 3451 2270 3492 sane
2297 3444 2352 3490 et
2401 3435 2727 3507 paternitas,
2773 3445 2938 3503 atque
2976 3433 3164 3489 ﬁliatio
3203 3434 3468 3489 relatione
3492 3433 3616 3505 qui-

343 3533 401 3586 δὲ
419 3531 556 3602 πρὸς
580 3527 815 3601 ἀλλήλας
843 3530 1113 3585 ἀντιθέσει
1139 3532 1280 3585 εἰσιν
1301 3532 1658 3605 ἀντικείμενα
1693 3537 1835 3591 κατά
1861 3537 1915 3590 τό

2032 3531 2155 3586 dem
2187 3528 2255 3583 ad
2297 3526 2689 3592 substantiam,
2743 3526 3054 3582 substantia
3091 3535 3175 3582 est
3235 3538 3402 3596 atque
3441 3527 3610 3592 idem,

348 3623 489 3693 πρός
514 3638 568 3673 τι
587 3635 601 3649 ⁸
629 3618 767 3673 ὥστε
794 3619 936 3673 κατά
956 3619 1054 3688 μὲν
1072 3621 1133 3671 τὸ
1148 3617 1246 3690 τὴν
1272 3622 1584 3690 πατρότητα
1607 3624 1665 3674 ἐν
1681 3624 1744 3690 τῇ
1772 3622 1915 3694 οὐσίᾳ

2031 3620 2379 3692 oppositione
2436 3635 2569 3674 vero
2619 3619 2686 3673 ad
2739 3619 2979 3674 invicem
3023 3628 3152 3674 sunt
3203 3621 3512 3691 oppositas,
3555 3628 3616 3676 ct

343 3710 696 3782 θεωρεῖσθαι,
734 3707 858 3762 ἐπεὶ
878 3709 1182 3776 τηνικαῦτα
1213 3709 1404 3774 ἅπλῶς
1432 3710 1507 3774 ὡς
1538 3712 1696 3764 οὐσία
1717 3711 1915 3782 λαμσά·

2034 3722 2230 3769 neutra
2277 3723 2364 3767 est
2444 3713 2637 3767 altera.
2691 3711 2964 3779 Quoniam
3032 3712 3182 3767 enim
3235 3713 3289 3768 in
3338 3713 3449 3768 Deo
3481 3728 3619 3784 per-

348 3822 525 3867 νεται,
547 3803 582 3873 ἡ
599 3801 886 3872 πατρότης
915 3801 972 3852 ἐν
995 3798 1072 3870 τῷ
1102 3799 1214 3870 Υίῷ
1234 3803 1369 3864 ἔστι,
1398 3803 1492 3856 καὶ
1513 3804 1546 3874 ἡ
1567 3803 1749 3875 υίότης
1774 3806 1831 3858 ὲν
1854 3802 1915 3875 τᾷ

2033 3790 2173 3864 facta
2221 3814 2308 3861 est
2361 3806 2687 3875 paternitas,
2729 3814 2786 3861 et
2842 3804 3055 3869 ﬁliatio,
3105 3819 3232 3864 cum
3272 3805 3524 3864 absolute
3553 3805 3613 3861 in

355 3897 532 3967 Ιιςιτρὶ
557 3895 700 3949 κατά
727 3893 796 3946 τὰ
829 3892 983 3947 κοινά
1015 3909 1158 3962 φημι
1192 3894 1286 3947 καὶ
1316 3893 1721 3966 ἀπολελυμένα,
1741 3896 1915 3968 ὥσπερ

2031 3896 2338 3954 substantia
2401 3886 2857 3960 considerantur,
2912 3896 3181 3954 relatione
3252 3895 3480 3968 quidem
3544 3899 3612 3953 ad

350 3994 416 4064 δὴ
435 3991 534 4046 καὶ
561 3989 661 4062 μία
688 3987 850 4056 σοφία
871 3988 969 4040 καὶ
992 3985 1148 4039 οὐσία
1179 3988 1274 4040 καὶ
1302 3985 1533 4058 δύναμις
1557 3991 1588 4060 ἡ
1625 3991 1762 4061 αὐτή
1785 3993 1915 4045 ὲστιι

2033 3991 2400 4046 substantiam
2431 3997 2562 4045 sunt
2619 3989 2788 4056 idem,
2816 3989 2958 4045 sicut
2988 3999 3045 4044 et
3080 3999 3276 4045 cetera
3307 4005 3430 4062 qua:
3458 3990 3618 4048 abso-

342 4087 588 4156 ,ἀμφοῖν⁴
622 4083 764 4137 κατά
789 4080 846 4136 δὲ
878 4080 938 4136 τὸ
966 4078 1040 4150 μὴ
1098 4080 1416 4150 θεωρεῖσθαι
1453 4082 1592 4136 κατὰ
1619 4083 1707 4134 τὸν
1736 4084 1915 4153 τρόποι

2033 4085 2149 4140 Ιιιιε
2179 4084 2499 4140 substantia:
2529 4083 2624 4138 Dei
2671 4083 3075 4148 attribuuntur,
3106 4083 3459 4155 oppositione
3483 4099 3618 4141 vero

350 4179 454 4245 τῆς
487 4176 697 4242 οὐσίας,
737 4175 832 4230 καὶ
865 4176 972 4229 τῶν
1001 4174 1058 4229 ἔν
1097 4178 1235 4247 αὐτῇ
1272 4173 1547 4238 οὐσιωδῶς
1584 4175 1895 4244 λεγομένων

2031 4179 2103 4234 ad
2135 4179 2373 4234 invicem
2408 4184 2539 4232 sunt
2585 4177 2877 4248 oppositaa,
2924 4177 3229 4233 secundum
3277 4193 3343 4233 ea
3391 4194 3514 4251 qua:
3545 4180 3616 4236 ad

355 4269 478 4324 κατ’
501 4269 690 4322 οὐδένα
717 4271 917 4340 τρόπον
939 4272 972 4340 ἡ
1007 4267 1286 4339 πατρότης
1316 4267 1466 4322 ἐστὶν
1497 4265 1708 4336 υίότης,
1740 4267 1915 4338 ὲφόσοπ

2037 4265 2246 4338 aliquid
2292 4269 2575 4323 dicuntur.
2609 4266 2762 4322 Adeo
2823 4277 2886 4323 ut
2919 4269 3228 4324 secundum
3279 4271 3436 4336 illud,
3467 4273 3614 4340 quod

357 4363 499 4436 πρὸς
528 4363 763 4434 ἀλλήλας
789 4363 1182 4432 ἀντικειμένως
1211 4361 1460 4428 λέγονται
1494 4362 1634 4414 κατά
1663 4361 1753 4415 τὸν
1779 4361 1915 4432 λόγοι

2034 4361 2337 4431 paternitas
2412 4361 2468 4414 in
2521 4359 2825 4425 substantia
2881 4360 3296 4428 consideratur,
3352 4363 3614 4432 quoniam

331 4456 451 4525 ¹τοῦ
469 4455 604 4527 πρός
625 4473 680 4509 τι
699 4473 712 4485 ·
739 4453 863 4508 καθ’
891 4455 951 4507 ὃν
975 4456 1178 4524 τρόπον
1204 4456 1298 4508 καὶ
1325 4454 1358 4524 ή
1388 4452 1619 4523 γεννητὴ
1651 4453 1810 4524 σοφία
1833 4455 1915 4507 οὐ)

2041 4463 2172 4510 tunc
2199 4452 2525 4523 simpliciter
2574 4461 2637 4508 ut
2676 4452 2979 4508 subsrantia
3028 4456 3283 4520 sumitur,
3314 4457 3617 4527 paternitas

359 4524 578 4618 {sttui}
603 4547 920 4618 γεννητικὴ,
954 4547 1132 4600 καίτοι
1169 4547 1296 4616 μιᾶς
1335 4544 1503 4614 οὔσης
1542 4545 1766 4613 ἀμφοῖν,
1800 4547 1910 4614 μᾶλ

2041 4557 2125 4603 est
2167 4546 2223 4602 in
2270 4545 2432 4611 Filio,
2463 4555 2518 4602 et
2572 4545 2762 4601 ﬁliatio
2803 4547 2858 4600 in
2917 4546 3096 4614 Patre,
3152 4524 3480 4614 secundum,
3531 4550 3618 4606 in-

358 4643 452 4698 λον
481 4641 540 4697 Si
568 4640 666 4712 μία
695 4641 881 4710 ἄμφω.
916 4639 990 4691 Οὐ
1020 4638 1201 4693 τοίνυν
1232 4639 1314 4690 ὅτι
1355 4636 1454 4706 μία
1488 4637 1646 4690 οὐσία
1676 4639 1794 4691 ἐστὶ
1828 4639 1915 4690 τοῖ.

2041 4654 2227 4706 quam,
2268 4640 2588 4694 communia
2631 4649 2688 4695 et
2727 4640 3001 4698 absoluta.
3035 4643 3190 4697 Sicut
3226 4644 3394 4696 etiam
3421 4654 3480 4697 et
3509 4659 3619 4700 una

361 4734 564 4807 τρισὶν,
590 4733 692 4802 ήδη
724 4733 822 4788 καὶ
851 4734 884 4804 ἠ
915 4730 1164 4802 ἀναφορὰ
1194 4729 1288 4784 τοῦ
1321 4729 1616 4801 προσώπου
1650 4731 1805 4800 κοινὴ
1828 4733 1915 4784 τοῖη

2042 4731 2336 4802 sapientia,
2365 4742 2422 4788 et
2464 4733 2797 4798 substantia,
2830 4742 2996 4803 atque
3037 4734 3280 4802 potentia
3306 4735 3498 4790 eadem
3533 4745 3622 4794 est

359 4829 513 4899 τρισὶ
537 4824 628 4879 διὰ
658 4823 756 4895 τὴν
778 4824 1052 4878 ἀντίθεσιν
1076 4823 1212 4890 πρὸς
1239 4821 1471 4892 ἀλλήλας
1495 4821 1604 4875 τῶν
1630 4822 1915 4891 ἁναφορῶν

2043 4822 2101 4878 in
2151 4824 2446 4881 ambobus.
2469 4823 2607 4880 Cum
2643 4839 2774 4879 vero
2804 4825 3228 4882 considerantur
3279 4843 3387 4882 non
3419 4843 3625 4886 secun-

372 4920 440 4973 Ἦ
470 4919 610 4987 αὐτὴ
663 4916 774 4988 γὰρ
803 4917 1073 4987 ἀναφορὰ,
1096 4914 1174 4978 ὡς
1204 4914 1444 4985 εἴρηται,
1487 4914 1626 4968 κατὰ
1654 4913 1742 4968 τὸν
1785 4914 1912 4983 λόγο

2048 4915 2180 4970 dum
2239 4917 2462 4971 modum
2517 4917 2861 4983 substantiae,
2919 4926 2975 4972 ‹-ι
3026 4933 3216 4975 eorum
3267 4935 3390 4990 quae
3419 4922 3476 4977 in
3506 4923 3625 4994 ipsa

361 5012 458 5068 τοῦ
485 5013 692 5067 οἰκείου
715 5011 904 5079 γένους
924 5011 1118 5078 ἐφόσον
1147 5012 1296 5065 ἐστὶν
1318 5010 1588 5081 ἀναφορὰ,
1625 5013 1725 5064 οὐκ
1750 5010 1862 5080 ἔχει
1885 5029 1912 5064 τ

2045 5008 2480 5064 substantialiter
2521 5009 2816 5072 dicuntur,
2869 5010 3022 5064 nullo
3083 5012 3249 5066 modo
3311 5017 3624 5084 paternitaa

364 5101 508 5160 εἶναι
539 5106 598 5159 ιν
630 5105 797 5174 ἀλλῳ.
830 5103 970 5160 ἀλλὰ
996 5103 1198 5174 μᾶλλον
1227 5104 1286 5158 τὸ
1310 5101 1452 5158 εἶναι
1495 5104 1628 5175 πρὸς
1669 5104 1818 5158 ἄλλο.
1857 5103 1915 5156 Ὠ

2045 5110 2130 5157 est
2160 5101 2373 5167 ﬁliatio,
2411 5111 2686 5171 quatenus
2728 5101 2794 5156 ad
2828 5101 3061 5157 invicem
3090 5106 3338 5175 opposite
3363 5107 3628 5162 dicuntur

366 5200 473 5268 γὰρ
507 5198 767 5267 ἐλέγομεν
791 5199 855 5250 ὲκ
891 5197 998 5249 τῶν
1026 5197 1122 5250 τοῦ
1153 5197 1309 5266 ἁγίου
1346 5196 1597 5266 Μαξίμου
1630 5196 1915 5266 παριστῶν

2046 5193 2349 5248 secundum
2383 5193 2650 5248 rationem
2707 5192 2842 5262 ejus,
2875 5193 3020 5262 quod
3071 5205 3155 5250 est
3189 5196 3255 5250 ad
3285 5197 3530 5267 aliquid;
3557 5201 3628 5255 ad

367 5306 480 5353 τες,
507 5289 558 5343 εί
589 5289 764 5343 καὶτὸ
789 5288 920 5342 αὐτό
940 5289 1058 5342 ἐστι
1086 5290 1374 5361 πρᾶγμαή
1401 5286 1593 5358 θεότης
1625 5288 1719 5340 καὶ
1746 5289 1779 5358 η
1805 5287 1915 5340 ὐπό

2047 5299 2210 5355 quem
2238 5284 2458 5339 modum
2491 5285 2656 5340 etiam
2687 5293 2944 5355 generata
2981 5286 3252 5355 sapientia
3280 5305 3389 5342 non
3423 5301 3509 5344 est
3529 5306 3625 5361 ge-

370 5399 583 5446 στασις,
625 5382 724 5436 οὐκ
757 5383 806 5435 εἰ
833 5381 867 5452 ἠ
903 5381 1095 5450 θεότης
1141 5385 1173 5453 ἡ
1206 5378 1366 5450 αὐτὴ,
1388 5381 1544 5451 καὶὴ
1573 5379 1878 5440 ὑπόστασις
1913 5398 1915 5406 ε

2053 5378 2321 5443 nerativa,
2356 5379 2610 5447 quamvis
2651 5395 2755 5432 una
2783 5381 2853 5434 sit
2879 5382 3169 5436 amborum
3200 5383 3490 5449 sapientia,
3521 5385 3632 5440 imo

372 5475 533 5544 αὐτή.
574 5472 641 5528 ’Π
679 5474 791 5546 γὰρ
826 5473 1127 5536 ὐπόςτασις
1172 5473 1264 5527 τοῦ
1303 5473 1515 5542 Πατρός
1548 5475 1695 5525 ἐστιν
1741 5472 1882 5542 αὐτὴ

2053 5485 2184 5524 vero
2221 5486 2328 5525 una
2364 5473 2474 5525 sint
2520 5474 2696 5527 ambo.
2739 5475 2858 5528 Non
2905 5475 3069 5546 igitur
3093 5476 3220 5546 quia
3254 5492 3359 5531 una
3388 5487 3472 5533 est
3501 5479 3634 5533 sub-

375 5561 586 5633 θεότης,
611 5563 708 5617 καὶ
726 5565 759 5633 ἡ
789 5562 946 5616 οὐσία
970 5563 1060 5616 τοῦ
1086 5563 1238 5631 nos,
1256 5561 1329 5626 ὡς
1351 5564 1643 5624 δέδεικται,
1669 5561 1802 5615 καθὸ
1821 5562 1915 5616 θεα

2054 5563 2255 5618 stantia
2308 5564 2502 5625 tribus,
2555 5564 2818 5618 continuo
2852 5577 2906 5619 et
2961 5567 3153 5621 relatio
3198 5584 3444 5637 persona!
3477 5584 3634 5626 com-

378 5641 551 5723 ρεῖται
572 5655 630 5707 ὲν
653 5654 727 5726 τῷ
749 5656 942 5726 Πατρὶ,
966 5657 1060 5731 κει).
1085 5658 1144 5709 οὐ
1167 5657 1302 5709 καθὸ
1328 5656 1614 5725 θεωρεῖται
1643 5656 1775 5725 πρὸς
1801 5653 1915 5706 ἄλλ(

2059 5657 2240 5709 munis
2271 5665 2354 5709 est
2386 5656 2559 5709 tribus
2607 5669 2827 5726 propter
2861 5659 3261 5727 oppositionem
3297 5661 3363 5714 ad
3396 5661 3630 5717 invicem

389 5745 542 5800 Ἐπεὶ
571 5747 666 5800 καὶ
698 5750 728 5816 ή
764 5750 857 5802 τοῦ
886 5748 1012 5801 Υίοῦ
1038 5750 1333 5811 ὑπόστασις
1379 5747 1570 5817 θεό-ης
1606 5745 1697 5799 τοῦ
1739 5749 1915 5813 Πατρὸ

2063 5745 2436 5799 relativurum.
2487 5745 2688 5800 Eadem
2739 5750 2888 5801 enim
2944 5750 3157 5813 relatio,
3196 5761 3253 5803 ut
3285 5751 3494 5804 dictum
3523 5763 3628 5814 est,

382 5838 496 5893 ἐστι
535 5840 678 5898 κατὰ
715 5837 804 5895 τὸν
845 5840 1006 5896 αὐτὸν
1051 5842 1226 5912 λόγον,
1273 5843 1333 5898 οὐ
1387 5841 1491 5912 μὴν
1527 5841 1559 5910 ή
1598 5838 1691 5892 τοῦ
1745 5837 1915 5906 Παιρέ

2053 5837 2362 5894 secundum
2414 5835 2679 5893 rationem
2730 5840 2936 5909 proprii
2978 5845 3214 5909 generis,
3239 5853 3513 5912 quatenus
3543 5861 3630 5899 re-
