4152 6292
509 243 614 307 887

1781 250 2159 312 DEMETRH
2201 252 2509 314 CYDONll

3655 254 3764 319 888

508 375 673 432 atque
700 359 1121 418 iudeterminata
1156 363 1456 421 multitudo
1489 374 1594 436 est,
1649 377 1706 422 et
1747 367 1821 424 ibi
1856 369 2079 438 quidem

2187 369 2249 434 ἐξ
2271 370 2476 423 ἀτελῶν
2497 370 2558 421 τὸ
2588 370 2742 423 Θεῖον
2763 387 2776 400 '
2802 369 2868 422 τὰ
2897 368 2953 422 δὲ
2985 367 3155 422 πολλά
3185 365 3354 422 ταΰτα
3384 364 3498 420 οὗθ’
3531 367 3771 422 ὑποστάο

513 457 640 518 tria,
671 454 993 525 hypostases
1027 457 1381 526 accipiuntur
1433 459 1714 527 perfectae,
1777 469 1834 516 et
1883 461 2077 516 harum

510 561 854 616 unaquaeque
882 563 988 602 una
1013 557 1068 603 et
1091 551 1284 604 eadem
1313 563 1398 607 est
1426 551 1610 606 divina
1649 552 1958 608 substantia
1985 568 2082 608 su-

509 652 607 703 pra
635 651 851 690 omnem
889 650 1110 707 captum
1151 648 1381 696 naturze.
1421 641 1692 708 Quaelibet
1733 643 1881 697 enim
1933 649 2082 699 totus

511 724 655 782 Deus
686 740 850 796 atque
883 730 1161 798 perlectus
1189 741 1295 787 est.
1323 733 1442 788 Non
1459 733 1606 787 enim
1635 749 1700 787 ex
1736 733 2081 804 imperfectis

506 828 590 872 est
621 835 826 874 numen
851 820 1122 880 divinum.
1155 825 1277 882 "rec
1308 838 1492 882 autem
1528 829 1721 894 multa,
1773 843 1954 898 neque
1981 827 2082 897 hy-

507 919 754 980 postases
783 927 904 968 esse
928 928 1236 984 ponuntur,
1284 935 1463 990 neque
1489 920 1823 984 substantia,
1851 928 1908 990 et
1938 919 2077 973 nihil

505 1004 705 1059 horum
737 1021 860 1062 esse
887 1008 1034 1077 quod
1061 1021 1145 1065 est
1172 1010 1430 1078 alterum,
1471 1021 1523 1066 et
1554 1012 1670 1068 haec
1707 1011 1929 1083 quidem
1958 1012 2079 1081 plu-

509 1099 643 1153 rima
677 1114 777 1168 per
800 1116 860 1155 se
895 1103 1011 1171 ipsa
1051 1119 1159 1158 non
1187 1104 1516 1170 subsistere,
1549 1106 1729 1167 aiunt,
1783 1113 1898 1160 tres
1945 1121 2077 1160 vero

505 1190 831 1258 hypnsmses
860 1192 1020 1246 alicui
1057 1211 1162 1248 non
1201 1197 1548 1250 inessisterc.
1583 1195 1739 1259 Quod
1768 1197 1813 1251 si
1853 1211 2080 1266 proporo

509 1284 711 1338 tionem
737 1299 858 1337 esse
886 1286 1079 1338 volunt
1109 1287 1256 1340 inter
1284 1297 1396 1344 tres
1429 1304 1733 1357 personas,
1801 1289 1919 1343 sive
1961 1299 2078 1344 tres

506 1375 831 1430 relationes.
886 1375 954 1431 Et
986 1378 1086 1432 ista
1113 1379 1302 1436 multa.
1337 1395 1400 1434 ac
1430 1381 1669 1446 diversa,
1701 1381 2075 1436 necessarium

504 1468 616 1520 erit
649 1469 814 1523 velet
856 1470 970 1523 haec
1024 1468 1180 1524 lateri
1233 1471 1505 1538 perfectas
1555 1487 1678 1528 esse
1731 1473 2075 1544 hypostases,

501 1563 590 1618 vel
657 1563 872 1619 divinas
905 1565 1296 1622 subsistentias
1357 1567 1785 1624 insubsistentes
1833 1569 2073 1638 opinari.

502 1653 571 1709 Et
604 1655 750 1724 quod
786 1671 932 1711 unus
974 1657 1046 1710 sit
1077 1655 1222 1712 Deus
1271 1667 1326 1712 et
1384 1657 1613 1724 Trinus,
1651 1659 1923 1714 habemus
1973 1674 2071 1729 per

504 1748 928 1815 revelationem,
973 1764 1100 1804 cum
1143 1735 1661 1806 demonstrari'non
1694 1752 1898 1822 possit,
1926 1752 2074 1823 quod

501 1846 684 1890 autem
716 1837 833 1906 ipse
857 1839 1003 1896 Deus
1056 1841 1293 1912 simplex
1327 1843 1417 1907 sit,
1448 1853 1613 1910 atque
1639 1845 1821 1899 omnis
1853 1860 2078 1915 compo-

505 1928 726 1983 sitionis
750 1929 978 1986 minime
1012 1947 1203 2003 capax,
1239 1935 1406 1989 etiam
1430 1935 1685 1990 homines
1718 1936 1871 1991 ducti
1919 1946 2079 1990 natu-

509 2017 608 2072 rali
634 2018 838 2074 lumine
873 2023 1121 2087 rationis,
1151 2022 1528 2081 demonstrare
1551 2026 2080 2093 valuerunt.Quem-

505 2110 800 2166 admodum
821 2114 963 2183 quod
984 2131 1127 2172 unus
1149 2118 1220 2172 sit
1242 2117 1406 2183 Deus,
1426 2127 1481 2172 et
1503 2120 1677 2174 bonus
1695 2127 1858 2189 atque
1878 2120 2076 2185 justus.

505 2201 716 2272 Quippe
744 2218 810 2257 ex
841 2205 1218 2276 magnitudine
1247 2222 1310 2263 ac
1346 2207 1757 2278 pulchritudine
1792 2219 2076 2264 creatura-

510 2304 629 2346 rum
664 2295 1019 2362 proportione
1077 2296 1259 2366 opifex
1311 2297 1673 2369 dignoscitur.
1733 2300 1852 2355 Non
1909 2297 2116 2371 igitur'

510 2397 651 2452 opus
673 2393 792 2439 erat
811 2400 877 2440 ex
903 2386 1156 2444 obscuris
1184 2390 1416 2445 clariora
1447 2392 1585 2447 velle
1613 2392 1872 2463 probare,
1901 2408 2080 2464 neque

511 2493 577 2531 ex
605 2476 689 2531 his
712 2493 834 2548 quae
863 2491 1125 2550 superant
1157 2482 1709 2552 demonstrationem,
1739 2501 1803 2542 ea
1828 2502 1950 2556 quae
1976 2487 2079 2543 sub

511 2566 684 2636 ipsam
716 2566 916 2625 cadere
945 2583 1192 2639 possunt,
1227 2573 1631 2641 demonstrare,
1661 2591 1787 2632 cum
1836 2577 1928 2631 illa
1957 2577 2083 2632 l‘un-

512 2659 662 2714 ditus
685 2661 1006 2727 evertendo,
1037 2671 1154 2719 tum
1183 2679 1281 2734 per
1306 2665 1410 2721 hoc
1439 2666 1546 2721 sibi
1581 2667 1717 2738 ipsis
1743 2668 1957 2738 aliquid
1986 2669 2084 2725 ab-

510 2751 735 2806 surdius
766 2754 1173 2820 concludendo,
1211 2757 1474 2812 nimirum
1505 2759 1680 2813 Deum
1739 2774 1806 2814 ex
1845 2758 2084 2815 diversis

512 2844 677 2897 rebus
701 2853 978 2901 constare.
1005 2843 1161 2913 Quod
1194 2847 1342 2901 enim
1370 2861 1436 2903 ea
1459 2863 1580 2917 qua:
1607 2857 1734 2904 sunt
1763 2840 1821 2904 re
1842 2849 2081 2916 diversa,

511 2935 568 2988 in
595 2949 762 2989 unum
789 2939 1208 3005 concurrentia,
1230 2940 1688 3010 compositionem
1721 2956 1830 2996 non
1853 2939 2081 3005 faciant,

2186 476 2298 524 σεις
2332 457 2471 514 εἶναι
2494 461 2754 526 τίθενται,
2788 461 2903 515 οὗθ’
2936 462 3073 526 ὅλως
3101 460 3310 525 οὐσίαν,
3342 460 3434 513 καὶ
3468 459 3621 514 οὐδὲν
3656 460 3767 516 ati-

2183 554 2293 606 τῶν
2330 554 2468 624 ὅπερ
2499 554 2560 606 τὸ
2590 553 2778 625 ἓτερον
2806 549 2972 608 εῖναι.
3015 554 3124 606 Καὶ
3153 553 3221 606 τά
3253 552 3356 622 μὲν
3384 551 3554 604 πολλὰ
3589 553 3769 605 ταῦτα

2183 646 2278 716 οὐχ
2315 645 2642 715 ὑφίστασθαι
2676 645 2799 700 καθ’
2833 647 2974 701 αὑτά
3003 659 3200 715 φασιν⁸
3241 646 3299 699 αἱ
3331 645 3387 698 δὲ
3432 645 3583 714 τρεῖς
3631 644 3772 697 ὑπο-

2186 738 2406 801 στάσεις
2434 738 2535 791 οὑκ
2555 737 2925 808 ἐνυπάρχουσι
2948 736 3075 792 τινι.
3108 737 3171 790 Et
3194 735 3240 790 8⁸
3263 735 3524 804 ἀνάλογον
3548 735 3774 806 βούλον-

2181 845 2274 882 ται
2308 828 2454 900 ἔχειν
2494 829 2565 882 τὰ
2603 829 2729 898 τρία
2771 830 3060 898 πρόσωπα,
3104 828 3263 901 ῆτάς
3297 830 3449 900 τρεῖς
3481 829 3764 901 ἀναφορὰς,

2180 921 2390 986 τούτοις
2423 924 2536 987 τοῖς
2569 922 2786 985 πολλοῖς
2818 923 2914 976 καὶ
2941 903 3574 993 διαφόροιςξάναγκαῖον
3604 921 3639 992 ἢ
3666 922 3768 975 καὶ

2179 1015 2351 1069 ταῦτα
2373 1015 2656 1085 ὁμολογεῖν
2673 1008 2884 1076 τελείας
2910 1012 3049 1069 εῖναι
3069 1015 3419 1079 ὑποστάσεις,
3440 1015 3474 1086 ἢ
3496 1014 3594 1076 τὰς
3608 1013 3770 1078 θείας

2179 1103 2506 1165 ὑποστάσεις
2532 1107 2940 1168 ἀνυποστάτους
2974 1107 3204 1160 οἴεσθαι.
3244 1106 3352 1158 Καὶ
3377 1104 3441 1158 τδ
3473 1104 3576 1174 μιν
3614 1099 3762 1157 εἶναι

2179 1200 2272 1250 τὸν
2297 1198 2432 1267 Θεὸν
2461 1196 2520 1250 ἓν
2546 1198 2639 1250 καὶ
2669 1197 2801 1267 τρια
2828 1197 2970 1251 κατά
2993 1195 3340 1265 ἀποκάλυψιν
3368 1195 3592 1266 ἔχομεν,
3623 1195 3768 1266 ὑπὲρ

2179 1289 2456 1354 ἀπόδειξιν
2493 1289 2576 1354 ὃν,
2607 1289 2667 1344 τὸ
2699 1289 2758 1344 δὲ
2778 1290 2886 1343 ’τὸν
2919 1289 3054 1344 Θεὸν
3084 1288 3250 1342 αὑτὸν
3282 1287 3491 1343 ἁπλοῦν
3523 1303 3583 1341 τε
3618 1284 3767 1364 εἶναι

2179 1381 2274 1436 καὶ
2305 1381 2609 1443 συνθέσεως
2635 1380 2814 1450 πάσης
2837 1379 3190 1433 ἀνεπίδεκτον
3212 1379 3305 1431 καὶ
3325 1377 3609 1448 ἄνθρωποι
3634 1375 3770 1443 ἀγό-

2182 1472 2430 1544 μενοιτῷ
2455 1471 2671 1542 φυσικῷ
2704 1471 2801 1524 τοῦ
2823 1471 3150 1539 λόγουεφωτὶ
3173 1469 3526 1542 ἠδυνήθησαν
3549 1468 3771 1524 ἀποδεῖ·-

2180 1567 2301 1634 ξαι⁶
2352 1564 2543 1634 ὥσπερ
2583 1566 2676 1619 καὶ
2709 1565 2791 1618 ὅτι
2843 1557 2926 1626 εἷς
2962 1567 3078 1617 ἑστι
3107 1562 3240 1628 Θεὸς
3283 1565 3380 1619 καὶ
3427 1561 3632 1634 ἀγαθὸς
3669 1562 3770 1614 καὶ

2179 1660 2415 1723 δίκαιοςο
2449 1660 2513 1710 ὲκ
2565 1657 2673 1728 γὰρ
2713 1657 2980 1726 μεγέθους
3023 1659 3116 1711 καὶ
3144 1657 3408 1726 καλλονῆς
3440 1654 3768 1724 κτισμάτων

2106 1714 2152 1776 Β
2179 1714 2457 1814 ἀναλόγως
2486 1749 2513 1799 ό
2539 1714 2930 1818 γενεσιουργδς
2954 1714 3278 1817 καθορᾶται.
3447 1745 3558 1800 ιδοι
3575 1714 3770 1818 τοίνυν

2181 1841 2245 1894 ἐκ
2275 1838 2385 1892 τῶν
2421 1837 2818 1909 ἀσαφεστέρων
2848 1838 2916 1892 τὰ
2957 1840 3269 1912 σαφέστερα
3297 1837 3589 1914 βούλεσθαι
3616 1853 3767 1909 παρ’

2182 1933 2355 2003 ιστᾷν,
2387 1930 2495 1985 οὐδ’
2520 1935 2584 1986 ὲκ
2603 1930 2714 1985 τῶν
2741 1932 2880 2003 ὑπὲρ
2897 1929 3170 1996 ἀπόδειξιν
3193 1934 3261 1984 τὰ
3281 1929 3374 1984 ὑπ’
3395 1929 3565 1998 αὑτὴν
3599 1926 3768 1984 δυνά-

2182 2041 2320 2095 μενα
2343 2025 2561 2077 πίπτειν
2599 2023 2982 2077 ἀποδεικνύναι
3001 2036 3017 2054 ο
3037 2022 3223 2076 ἐκεῖνά
3259 2037 3317 2075 τε
3338 2019 3768 2092 ἀνατρέποντας,

2179 2117 2385 2172 aulo-.13
2404 2115 2597 2172 τούτου
2622 2117 2837 2180 ἑαυτοῖς
2859 2116 3207 2184 ἀτοπώτερον
3225 2112 3354 2167 ἄλλο
3377 2110 3772 2184 συμπεραινον.

2181 2227 2298 2272 τας.
2347 2209 2436 2262 τὸν
2475 2206 2605 2262 Θεὸν
2633 2207 2698 2260 ἐκ
2737 2205 3101 2276 διαφερόντων
3133 2203 3482 2259 συνίστασθαι
3503 2205 3770 2277 πραγμά-

2180 2317 2310 2355 των.
2343 2299 2417 2352 Τὸ
2454 2299 2562 2370 γάρ
2597 2299 2666 2353 τά
2705 2300 2786 2360 εἰς
2827 2297 2886 2352 ἓν
2921 2298 3166 2351 συνιόντα
3208 2299 3497 2369 πράγματι
3539 2296 3770 2366 διάφορα

2185 2393 2436 2447 σύνθεσιν
2493 2392 2568 2462 μὴ
2618 2391 2790 2445 ποιεῖν
2844 2391 2928 2454 τίς
2958 2389 3212 2444 τοσοῦτον
3262 2390 3582 2454 ἀναίσθητος
3627 2387 3770 2441 ὥστε

2181 2483 2548 2556 ἀπαρνεῖσθαι
2569 2498 2587 2550 ;
2606 2482 2929 2537 Τοὺναντεον
2955 2481 3012 2536 δὲ
3042 2481 3242 2553 μᾶλλον
3263 2483 3327 2536 ὲκ
3357 2481 3465 2536 τῶν
3499 2480 3771 2551 σαφεστά-

2188 2595 2296 2649 ρων
2339 2577 2410 2629 τά
2455 2575 2530 2646 μὴ
2559 2574 2783 2628 τοιαῦτα
2829 2573 3110 2642 συνάγειν,
3137 2575 3298 2643 εῖπερ
3322 2569 3435 2626 οἷόν
3467 2590 3529 2625 τε
3575 2570 3768 2643 ἐχρῆν,

2183 2669 2260 2733 ὡς
2287 2669 2315 2720 ό
2343 2665 2569 2720 καθόλου
2601 2664 2938 2731 παραδίδωσι
2967 2664 3126 2732 λόγος
3145 2680 3162 2696 ο
3193 2663 3414 2733 μάλισθ’
3434 2665 3517 2718 ὃτι
3546 2664 3643 2717 καὶ
3669 2663 3765 2717 τοῦ

2183 2763 2342 2830 λόγου
2377 2758 2504 2829 περὶ
2529 2757 2638 2812 τῶν
2669 2757 2795 2810 καθ’
2824 2756 2965 2811 αὑτά
2991 2757 3084 2810 καὶ
3113 2755 3534 2826 ἀπολελυμένως
3556 2754 3634 2826 τῷ
3650 2754 3770 2822 Θεῷ

2186 2855 2474 2923 προσεῖναι
2501 2850 2811 2921 λεγομένων
2833 2848 3007 2914 ὄντος,
3039 2852 3250 2913 Δἐκεῖνοι
3282 2849 3380 2923 τὴν
3411 2850 3663 2903 ἔνστασιν
3699 2851 3765 2902 ὲκ

2185 2948 2295 2999 τῶν
2329 2941 2700 3016 προσωπικῶν
2735 2941 2832 2996 καὶ
2860 2941 2968 2995 τῶν
3001 2942 3282 3011 ἰδιοτήτων
3310 2941 3539 3011 ἀπῆγον,
3580 2936 3638 2995 αῖ
3673 2939 3769 2995 τοῦ

509 3027 634 3096 quis
686 3026 825 3082 adeo
873 3029 1132 3099 stupidus
1174 3040 1235 3084 ut
1286 3031 1482 3101 neget?
1542 3031 1770 3094 Contra,
1803 3034 1993 3103 potius
2016 3050 2081 3090 ex

2189 3039 2325 3108 πρὸς
2357 3053 2411 3091 τι
2444 3035 2637 3104 γένους
2667 3033 2800 3090 εισι.
2837 3035 2928 3087 Δεῖ
2961 3035 3041 3096 δὲ.
3079 3033 3244 3103 φασὶν
3271 3033 3323 3086 οῖ
3355 3032 3484 3103 περὶ
3509 3031 3610 3094 τὰς
3638 3033 3772 3086 ἀπο-

511 3119 841 3177 clarioribus
868 3136 991 3189 quas
1025 3137 1133 3177 non
1167 3125 1290 3177 talia
1319 3133 1448 3176 sunt
1478 3126 1832 3191 concludere,
1888 3127 1935 3182 si
1960 3126 2080 3181 ﬂeri

513 3219 717 3280 potest,
752 3211 1063 3282 oportebat,
1125 3221 1185 3267 ut
1205 3213 1532 3269 universalis
1567 3217 1812 3284 postulat
1874 3218 2084 3286 regula.

511 3303 822 3360 Praesertim
855 3321 980 3360 cum
1016 3321 1198 3361 sermo
1227 3308 1298 3362 sit
1325 3313 1392 3364 de
1429 3309 1497 3362 iis
1528 3325 1651 3379 quae
1702 3325 1802 3380 per
1834 3326 1894 3366 se
1921 3320 2085 3381 atque

512 3396 759 3451 absolute
791 3396 903 3451 Deo
928 3395 1122 3453 adesse
1147 3396 1425 3464 dicuntur,
1472 3399 1552 3455 illi
1581 3398 1648 3455 ἒι
1699 3401 2087 3472 personalibus

513 3494 569 3540 et
602 3487 1029 3557 proprietatibus
1061 3489 1436 3560 objectionetn
1467 3490 1797 3560 aﬂerebaut,
1840 3511 1962 3565 qua:
1987 3511 2086 3564 ge-

519 3580 670 3634 neris
722 3578 791 3632 ad
863 3579 1074 3649 aliquid
1108 3590 1259 3636 sunt.
1321 3579 1553 3652 Oportet
1584 3599 1743 3653 vero,
1801 3585 2126 3656 inquiunt,"

516 3672 613 3742 qui
642 3672 786 3728 circa
820 3670 1323 3731 demonstrationes
1355 3676 1518 3746 periti
1558 3689 1712 3740 sunt.
1768 3678 2086 3735 instantiam

515 3778 637 3818 esse
687 3779 752 3817 ex
800 3763 991 3818 eodem
1042 3781 1281 3842 genere,
1343 3769 1503 3840 cujus
1581 3772 1918 3827 contrarium
1981 3773 2088 3844 ipsi

516 3849 780 3908 facientes
832 3849 1108 3912 errabant.
1191 3854 1387 3912 Verum
1461 3873 1605 3929 opus
1658 3869 1779 3915 erat
1845 3864 2091 3919 rationes

515 3945 739 4015 quidem
767 3946 836 4001 de
863 3946 1216 4017 simplicitate
1254 3949 1512 4005 universe
1535 3960 1703 4021 atque
1732 3968 1891 4009 veras
1922 3956 2087 4023 tueri,

519 4036 664 4103 quod
690 4045 871 4090 autem
902 4035 957 4090 in
988 4051 1098 4091 uno
1151 4045 1366 4092 tantum
1409 4039 1682 4095 dissidere
1715 4042 1957 4109 videtur,
2002 4045 2088 4100 vel

514 4128 705 4184 conari
731 4139 788 4183 et
817 4129 954 4184 illud
980 4145 1300 4186 consonans
1340 4131 1643 4188 universali
1698 4135 1900 4192 rationi
1963 4138 2091 4193 red-

517 4219 674 4282 dere,
711 4221 794 4274 vel
831 4236 936 4275 non
967 4232 1194 4292 propter
1221 4222 1358 4278 illud
1392 4223 1692 4281 obscurum
1715 4267 1729 4293 ,
1763 4231 1932 4286 etiam
1965 4246 2092 4300 quae

517 4321 648 4366 sunt
671 4313 926 4368 omnibus
958 4313 1103 4368 clara
1129 4321 1405 4380 evertere,
1465 4315 1808 4374 destruendo
1869 4321 1940 4378 de
1975 4321 2088 4380 Deo

2187 3130 2377 3194 δείξεις
2407 3128 2668 3198 τεχνῖται,
2710 3125 2811 3195 τὴν
2845 3122 3098 3178 ἔνστασιν
3140 3123 3206 3177 ἐκ
3236 3121 3332 3176 τοῦ
3377 3120 3544 3176 αὑτοῦ
3580 3121 3770 3189 γένους

2187 3217 2350 3287 εἶναι,
2373 3213 2433 3273 οὗ
2444 3216 2755 3273 τούναντίον
2771 3217 2924 3270 αὑτοὶ
2946 3214 3228 3280 ποιοῦντες
3254 3215 3590 3286 ἡμάρτανον.
3607 3213 3768 3267 Ἀλλά

2187 3313 2312 3376 τοὺς
2365 3310 2462 3381 μὲν
2491 3309 2620 3380 περὶ
2669 3309 2768 3377 τῆς
2805 3307 3106 3377 ἁπλότητος
3148 3306 3383 3362 καθόλου
3427 3307 3523 3360 καὶ
3551 3305 3770 3375 ἀληθεῖς

2187 3406 2378 3473 λὸγους
2407 3403 2719 3473 φυλάττειν,
2747 3401 2808 3454 τὸ
2835 3400 2880 3454 δ’
2903 3399 2989 3475 ἐφ’
3011 3401 3128 3464 ἐνὸς
3150 3400 3345 3454 δοκοῦν
3378 3400 3541 3468 μόνον
3569 3399 3768 3466 διαφω-

2189 3500 2320 3564 νεῖν,
2341 3496 2375 3566 ἢ
2403 3493 2695 3565 πειρᾶσθαι
2714 3494 2937 3547 κάκεῖνο
2958 3492 3249 3563 σύμφωνον
3274 3491 3352 3562 τῷ
3370 3491 3598 3545 καθόλου
3625 3490 3766 3560 λόγῳ

2191 3590 2391 3655 ποιεῖν,
2426 3587 2460 3658 ἢ
2504 3587 2580 3658 μὴ
2607 3585 2674 3640 δι’
2706 3588 2886 3640 ἐκεῖνο
2919 3587 2981 3640 ss
3009 3584 3218 3656 ἁσαφὶς
3247 3586 3345 3639 καὶ
3377 3585 3448 3638 τὸ,
3474 3586 3608 3639 πᾶσι
3637 3583 3770 3654 δῆλα

2189 3681 2544 3753 ἀνατρέπειν,
2589 3677 2954 3749 ἀναιροῦντας
2993 3678 3090 3740 τάς
3135 3677 3450 3746 ἀξιολόγους
3498 3678 3627 3746 περὶ
3676 3675 3769 3730 τοῦ

2191 3772 2324 3827 Θεοῦ
2376 3771 2672 3841 ὑπολήψεις
2702 3768 2778 3833 ὼς
2824 3768 2853 3820 ό
2890 3769 3065 3840 μέγας
3100 3768 3208 3840 ἔφη
3267 3767 3578 3832 Βασίλειος*
3628 3768 3769 3824 ὥστε

2191 3863 2470 3925 παντελῶς
2504 3861 2719 3930 ἄλογον,
2752 3860 2807 3915 sl
2844 3877 2928 3924 τις
2958 3861 3148 3932 ὥσπερ
3189 3862 3287 3932 τῆς
3316 3861 3506 3923 οὐσίας
3547 3865 3639 3916 καὶ
3671 3864 3772 3932 τῆς

2192 3958 2543 4017 ὑποστάσεως
2577 3953 2672 4007 καὶ
2703 3953 2813 4006 τῶν
2848 3953 3133 4024 ιδιοτήτων
3162 3953 3290 4006 ἄλλο
3329 3954 3424 4008 καὶ
3450 3953 3582 4009 ἄλλο
3620 3954 3774 4022 λεγο⁶

2195 4049 2394 4117 μένων,
2426 4050 2490 4100 ὲκ
2521 4045 2725 4099 τούτων
2760 4046 2861 4099 οὑκ
2901 4045 3287 4102 ἐπακολουθῶν
3331 4046 3583 4100 σύνθεσιν
3609 4048 3668 4099 ιν
3695 4044 3773 4115 τῷ

2191 4140 2311 4211 Θεῷ
2332 4141 2503 4208 λέγοι,
2529 4138 2672 4193 οὕτω
2699 4139 2790 4192 καὶ
2812 4138 3088 4210 διαφόρων
3115 4142 3460 4211 πραγμάτων
3482 4140 3626 4194 κατά
3647 4139 3776 4194 πολ-

2193 4233 2291 4295 λάς
2342 4233 2438 4287 καὶ
2467 4231 2780 4294 ἀντιθέτους
2811 4231 3107 4299 διαιρέσεις
3143 4234 3231 4286 ἀπ’
3262 4233 3431 4287 αὑτοῦ
3481 4233 3773 4303 εἰσαγομέο

2193 4343 2299 4378 νων
2337 4323 2434 4393 οὑχ
2466 4323 2697 4376 ἕπεσθαι
2739 4322 2994 4377 σύνθεσιν
3022 4324 3378 4394 ἰσχυρίζοιτο.

522 4404 808 4473 praeclaras
835 4405 1147 4476 opiniones,
1196 4415 1254 4462 ut
1323 4423 1554 4480 magnus
1586 4413 1664 4471 ait
1737 4413 1996 4474 Basilius.
2060 4417 2248 4488 Itaque
2282 4432 2509 4488 prorsus
2576 4418 2957 4475 irrationabile
3020 4427 3129 4482 est,
3183 4419 3229 4474 si
3275 4420 3402 4488 quis
3438 4432 3600 4475 exeo
3629 4416 3775 4491 quod

522 4500 831 4555 substantia
859 4509 914 4556 et
941 4501 1270 4572 hypostasis,
1304 4503 1779 4576 proprietatesque
1812 4506 1962 4563 aliud
2017 4520 2073 4565 et
2109 4512 2256 4566 aliud
2320 4510 2595 4573 dicantur,
2632 4525 2738 4564 non
2814 4509 2938 4566 ideo
2969 4511 3128 4580 sequi
3196 4512 3659 4582 compositionem
3716 4510 3773 4566 in

519 4593 629 4648 Deo
656 4594 849 4659 dicat;
881 4595 955 4648 ita
994 4594 1157 4649 etiam
1194 4597 1240 4650 si
1293 4598 1419 4666 quis
1469 4598 1718 4656 diversas
1754 4617 1840 4655 res
1880 4601 2187 4658 secundum
2256 4604 2477 4666 tntillas,
2513 4615 2571 4656 et
2634 4603 2917 4672 Oppositas
2984 4601 3315 4668 divisiones,
3355 4604 3412 4660 in
3482 4603 3662 4674 ipsum
3691 4604 3777 4660 iu-

520 4684 794 4748 troducat,
821 4701 929 4742 non
961 4689 1115 4757 sequi
1153 4692 1612 4758 compositionem
1646 4695 1964 4750 contendat.

592 4779 866 4836 Praeterea
898 4797 962 4835 ex
988 4783 1149 4838 dictis
1180 4784 1358 4841 soluta
1389 4795 1540 4848 sunt,
1576 4802 1699 4857 qum
1730 4788 1888 4844 Nilus
1913 4789 2093 4844 Thes-
2131 4794 2174 4850 D

520 4873 880 4930 salonicensis
941 4873 1007 4929 ad
1074 4879 1449 4952 astruendam,
1510 4892 1566 4936 et
1628 4883 2092 4952 comprobandam

521 4965 664 5021 hanc
710 4965 1025 5035 opinionem
1078 4972 1469 5035 accumulavit,
1526 4973 1717 5037 veluti,
1755 4990 1925 5028 unum
1970 4977 2096 5046 qui-

522 5054 646 5108 dem
683 5065 769 5109 est
791 5072 991 5110 numen
1050 5059 1296 5114 divinum
1351 5063 1656 5118 secundum
1694 5076 1972 5130 naturam,
2009 5082 2098 5121 se-

521 5147 765 5200 cundum
793 5161 922 5202 vero
941 5149 1260 5218 hypostases
1285 5169 1389 5206 non
1410 5167 1598 5211 unum.
1623 5156 1794 5208 Porro
1818 5166 2093 5225 quatenus

521 5249 609 5292 est
641 5255 834 5302 unum,
890 5248 943 5294 et
981 5251 1252 5310 quatenus
1289 5256 1507 5299 nonest
1570 5262 1760 5310 unum,
1820 5250 2096 5316 quomodo

532 5333 720 5384 idem?
753 5333 819 5386 Et
857 5333 1164 5387 substantia
1198 5335 1420 5403 quidem
1455 5353 1582 5401 una,
1623 5339 1942 5407 hypostases
1966 5357 2098 5393 vero

532 5424 725 5486 multa,
769 5441 936 5478 unum
1000 5435 1179 5479 autem
1227 5437 1281 5480 et
1318 5429 1609 5482 tnultitudo
1669 5431 1774 5486 alia
1829 5441 1977 5485 sunt.
2032 5432 2100 5486 Et

525 5516 674 5585 quod
708 5517 872 5570 etiam
907 5517 1237 5586 hypostasis,
1272 5531 1329 5573 et
1358 5520 1666 5574 substantia
1697 5523 1840 5591 apud
1881 5523 2092 5576 theolo-

523 5624 623 5678 gos
647 5625 755 5661 non
797 5609 964 5663 idem.
997 5611 1194 5666 Dicunt
1225 5623 1406 5666 autem
1433 5613 1702 5676 nonnulli,
1736 5613 1880 5683 quod
1905 5614 2092 5668 divina

524 5709 721 5757 natura
751 5708 837 5756 est
871 5699 1139 5765 increata,
1196 5720 1318 5775 qua:
1352 5720 1479 5759 vero
1513 5715 1642 5760 sunt
1690 5714 1888 5774 pmtcr
1920 5706 2087 5774 hanc,

2273 4791 2394 4842 Ἔτι
2425 4791 2487 4843 ἐκ
2515 4792 2621 4841 τῶν
2639 4788 2949 4858 τερημένων
2973 4787 3190 4844 λέλυται
3217 4792 3312 4842 καὶ
3329 4790 3478 4857 ἅπερ
3501 4791 3608 4844 όξκ
3636 4791 3773 4845 Θεσ-

2203 4881 2489 4948 σαλονξκης
2540 4881 2731 4942 Νεῖλος
2785 4881 2880 4932 ἐπὶ
2899 4883 3158 4935 συστάσει
3209 4881 3309 4950 τῆς
3369 4882 3530 4946 δόξης
3576 4884 3779 4953 ταύτης

2204 4973 2572 5042 συνεφόρησεν
2631 4967 2742 5024 οἷον
2794 4971 2852 5024 ἓν
2905 4972 3004 5042 μὲν
3042 4972 3102 5025 τὺ
3131 4973 3286 5025 Θεῖον
3306 4973 3448 5026 κατά
3470 4974 3568 5043 τὴν
3590 4974 3774 5042 φύσιν,

2204 5064 2348 5116 κατὰ
2381 5063 2434 5114 δὲ
2486 5063 2581 5124 τὰς
2617 5063 2942 5127 ὑποστάσεις
2991 5064 3089 5134 οὑχ
3120 5065 3200 5116 ἓν.
3249 5065 3398 5117 Καθὸ
3428 5065 3487 5118 δέ
3520 5068 3669 5119 ἐστιν
3717 5067 3778 5121 ἐν

2205 5157 2298 5209 καὶ
2331 5156 2465 5210 καθὸ
2487 5157 2583 5226 οὑχ
2616 5157 2693 5218 ἓν,
2727 5156 2842 5220 πῶς
2878 5157 3042 5210 ταύτό
3069 5174 3082 5221 ;
3125 5159 3234 5210 Καὶ
3256 5159 3290 5228 η
3322 5158 3422 5227 μὲν
3451 5157 3609 5212 οὑσξα
3655 5160 3775 5231 μία,

2203 5249 2258 5300 αἱ
2289 5247 2672 5306 δ’ύποστάσεις
2703 5248 2915 5306 πολλαὶ.
2947 5249 3004 5303 ἓν
3030 5249 3084 5302 δὲ
3117 5248 3436 5320 καὶιπλῆθος
3469 5249 3632 5322 ἔτερα
3652 5253 3780 5307 ’καὶ

2204 5340 2285 5390 ὅτι
2313 5339 2500 5404 ἐπειδὴ
2528 5337 2824 5400 ὑπόστασις
2859 5342 2947 5390 καὶ
2980 5339 3137 5390 οὐσία
3167 5339 3322 5409 παρὰ
3358 5343 3474 5403 τοῖς
3506 5341 3777 5411 θεολόγοις

2206 5432 2268 5484 οὑ
2310 5431 2491 5493 ταὺτὸ,
2541 5430 2766 5499 λέγουσι
2817 5431 2872 5483 δέ
2905 5449 3049 5495 τινες
3079 5431 3154 5494 ὠς
3206 5433 3343 5505 μόνη
3378 5436 3412 5505 ἡ
3449 5434 3567 5490 θεῖα
3616 5437 3777 5506 φύσις

2199 5525 2454 5586 ἄκτιστος
2487 5565 2501 5589 ,
2540 5526 2605 5578 τὰ
2657 5525 2714 5578 δὲ
2744 5525 2899 5593 παρά
2941 5525 3148 5597 ταύτην
3199 5528 3378 5584 πάντα
3409 5530 3645 5600 γεννητέι
3681 5532 3776 5583 καὶ

2201 5618 2415 5681 κτιστὰ,
2442 5617 2632 5686 κτιστὴ
2656 5617 2721 5669 ἂν
2753 5617 2836 5686 εἴη
2861 5619 2893 5687 ὴ
2927 5617 3046 5669 θεία
3072 5618 3391 5686 ὑπόστασις,
3422 5624 3514 5675 καὶ
3546 5621 3776 5676 τοιαῦτα

2199 5708 2259 5775 ἐξ
2290 5702 2366 5762 ὧν
2399 5706 2652 5763 ἑδούλετο
2701 5709 3098 5780 πραγματικὰς
3131 5712 3395 5784 διαφορὰς
3437 5714 3496 5765 ἐν
3537 5712 3615 5785 τῷ
3656 5712 3778 5785 θεῷ
