4124 6300
496 267 600 332 9οἸ

1765 263 2149 330 ΒΕΜΕΤΒΙΙ
2191 265 2500 327 CYDO‘NII

3637 255 3745 320 908

495 384 667 452 Deus,
694 384 778 446 vel
816 401 844 439 a
873 394 1063 442 saneto
1089 384 1322 458 Spiritu,
1375 385 1470 443 sed
1513 401 1634 442 cum
1669 386 1910 442 sciamus
1942 384 2079 439 duos

2184 380 2487 445 οὐσιῶδεις,
2519 378 2620 447 τὴν
2657 377 2757 448 μὲν
2801 374 2945 432 κατὰ
2974 376 3248 445 γέννησιν,
3275 374 3375 445 τὴν
3397 373 3456 429 δὲ
3501 372 3622 428 κατ’
3649 365 3750 428 ’έκ-

494 491 617 531 esse
648 491 941 546 processus
993 477 1045 532 in
1076 479 1189 534 Deo
1219 479 1521 545 naturales,
1557 492 1621 533 ac
1653 477 2064 542 substantiales,

498 569 738 622 alterum
765 568 987 638 quidem
1021 570 1325 625 secundum
1363 570 1800 642 generationem,
1833 568 2068 622 alterum

496 669 681 713 autem
723 659 1028 714 secundum
1079 662 1508 731 processionem,
1558 669 1615 716 et
1669 660 1866 714 Filium
1913 660 2068 730 iuxta

496 764 823 818 processum
871 752 1174 808 secundum
1233 754 1648 824 generationem
1693 752 2070 809 exsistentiam

497 842 739 910 habere;
765 853 821 898 et
873 860 997 899 cum
1029 844 1286 901 audimus
1325 846 1523 906 Filium
1557 846 1739 901 statim
1768 854 1824 900 et
1853 847 2074 901 Patrem

499 933 879 1005 intelligimus,
912 937 980 992 ad
1011 951 1138 991 eum
1168 939 1372 1008 quippe
1405 939 1665 1000 refertur,
1692 947 1748 992 et
1780 946 2072 1008 propterea

498 1024 632 1078 illud
683 1039 749 1078 ex
813 1024 927 1080 Deo
984 1024 1219 1091 Filium.
1256 1041 1355 1097 pro
1405 1042 1474 1081 ex
1517 1026 1679 1082 Patre
1728 1024 2071 1095 accipimus,

499 1117 736 1187 indeque
771 1128 826 1172 et
861 1117 1090 1173 dictioni
1129 1119 1496 1184 adhaeremus,
1529 1129 1582 1174 et
1613 1135 1641 1174 a
1691 1129 1840 1173 recta
1873 1118 2076 1173 intelli-

497 1209 680 1277 gentia
731 1223 838 1263 non
888 1208 1228 1268 aberramus.
1275 1210 1366 1266 Sic
1410 1211 1575 1264 etiam
1611 1212 1949 1266 conveniens
1990 1217 2076 1264 est

499 1298 568 1352 de
599 1297 665 1352 iis
692 1297 837 1352 ferre
861 1299 1156 1370 judicium.
1193 1308 1252 1353 ut
1280 1308 1334 1354 et
1365 1300 1634 1370 principia
1680 1300 1830 1366 ﬁdei,
1863 1309 1919 1353 et
1953 1298 2076 1351 uni-

498 1390 743 1446 versales
781 1389 1021 1445 rationes
1064 1405 1372 1458 servemus,
1407 1400 1461 1446 et
1505 1391 1892 1446 conclusiones
1921 1390 2076 1461 prin-

500 1481 660 1548 cipiis
700 1481 1017 1536 consentire
1049 1481 1354 1552 contingat.
1405 1500 1408 1504 '

570 1574 760 1644 Neque
789 1588 921 1628 vero
946 1573 1307 1628 substantiam
1336 1587 1400 1626 ex
1426 1572 1727 1627 substantia
1755 1587 1877 1628 esse
1902 1571 2080 1627 omni-

499 1679 573 1740 no
616 1665 926 1734 negandum
965 1672 1092 1720 est:
1135 1665 1299 1719 modo
1344 1675 1649 1734 apponatur
1691 1665 2081 1720 determinatio

2173 472 2457 542 πόρευσιν,
2517 471 2612 526 καὶ
2665 469 2757 522 τὸν
2816 468 2945 522 Υἱδν
2975 470 3119 522 κατὰ
3167 467 3267 537 τὴν
3316 466 3460 521 κατὰ
3492 468 3749 535 γέννησιν

2171 564 2400 634 πρόοδον
2428 562 2524 632 τὴν
2559 560 2797 634 ’ὐπαρξιν
2824 562 2993 632 ἔχειν,
3030 562 3125 614 καὶ
3156 561 3247 614 τὸν
3278 559 3406 615 Υίὸν
3435 560 3750 623 ἀκούοντες,

2172 654 2374 708 αὐτίκα
2429 655 2525 708 καὶ
2583 654 2674 708 τὸν
2723 654 2948 725 Πατέρα
2994 654 3244 724 νοοῦμεν,
3273 654 3412 724 πρὸς
3459 656 3569 724 γὰρ
3591 654 3753 709 αὐτὸν

2171 747 2506 817 ἀναφέρεται
2533 759 2548 777 ·
2583 746 2677 802 καὶ
2705 745 2793 801 διὰ
2820 746 2979 800 τοῦτο
3005 746 3066 802 τὸ
3095 748 3160 800 ἑκ
3203 733 3464 800 τοῦΘεοῦ
3497 748 3593 801 τὸν
3629 746 3756 801 Υίὺν

2172 837 2296 892 ἀντὶ
2320 834 2415 890 τοῦ
2441 837 2507 891 ἐκ
2556 836 2651 889 τοῦ
2704 836 2919 907 Πατρὸς
2969 836 3418 906 ἐκλαμϐάνομεν,
3454 837 3755 892 κάντεῦθεν

2173 928 2274 997 τῆς
2303 945 2364 981 τε
2414 926 2616 992 λέξεως
2647 928 2912 998 ἐχόμεθα,
2943 929 3041 984 καὶ
3068 929 3168 997 τῆς
3217 929 3386 1000 ὀρθῆς
3414 929 3630 992 ἐννοίας
3655 929 3755 998 οὐχ

2175 1019 2587 1090 ἁμαρτάνομεν
2629 1018 2774 1074 οὕτω
2825 1021 2924 1074 καὶ
2972 1021 3105 1091 περὶ
3144 1021 3214 1075 τὰ
3263 1021 3492 1075 τοιαῦτα
3540 1016 3757 1093 διαιτᾷν

2174 1113 2459 1184 προσῆκον
2487 1113 2790 1186 πανταχοῦ,
2816 1113 2892 1177 ὡς
2921 1113 2990 1167 ἄν
3028 1115 3129 1178 τὰς
3171 1115 3346 1186 ἀρχὰς
3371 1115 3471 1185 τῆς
3517 1114 3757 1178 πίστεως

2175 1207 2273 1260 καὶ
2299 1208 2428 1270 τοὺς
2455 1206 2687 1260 καθόλου
2722 1207 2918 1274 λόγους
2947 1207 3230 1278 τηρῶμεν.
3258 1207 3329 1262 τά
3354 1225 3414 1262 τε
3450 1223 3758 1279 συμπεραι-

2176 1299 2383 1370 νόμενα
2413 1301 2531 1362 ταῖς
2565 1300 2761 1370 ἀρχαῖς
2793 1299 3064 1356 ἀκόλουθα
3103 1300 3402 1372 ωμόαίνῃ.
3613 1285 3615 1287 ’

2253 1571 2362 1625 Καὶ
2389 1570 2496 1641 μὴν
2522 1540 2642 1624 οὐδὲ
2678 1569 2741 1624 τὸ
2769 1571 2959 1625 οὐσίαν
2987 1569 3047 1637 ἐξ
3076 1571 3266 1636 οὐσίας
3300 1567 3441 1628 εἷναι
3477 1574 3756 1639 παντελῶς

2188 1663 2509 1734 ἀπείρηται,
2529 1663 2927 1733 προσκειμένου
2963 1663 3121 1734 μόνον
3153 1664 3435 1735 διορισμοῦ
3467 1667 3561 1719 τοῦ
3592 1683 3759 1737 προσ-ο

499 1757 866 1824 eonveniens,
924 1748 1044 1827 quae
1101 1757 1468 1829 intelligatur,
1522 1757 1610 1812 vel
1666 1758 1900 1813 dicatur.
1961 1755 2082 1810 Non

2184 1757 2412 1828 ἡκοντος
2476 1755 2767 1826 νοουμένου
2793 1757 2826 1827 ἢ
2852 1757 3168 1826 λεγομένου.
3207 1757 3282 1812 Οὐ
3316 1759 3424 1828 γὰρ
3457 1761 3512 1812 ἐν
3561 1759 3759 1830 ὀνόμα-

501 1850 650 1907 enim
683 1850 738 1905 in
764 1850 1100 1913 nominibus,
1128 1851 1222 1904 sed
1257 1851 1311 1903 in
1345 1849 1515 1905 animi
1545 1851 1799 1906 sensibus
1828 1851 2082 1906 consistit

501 1941 662 1997 nobis
707 1941 902 2012 religio
949 1940 1104 2012 juxta
1153 1941 1400 1995 divinum
1443 1939 1789 2012 Gregorium.
1845 1942 1979 1996 Nam
2028 1951 2082 1996 et

502 2033 641 2089 illud
691 2034 781 2104 pie
823 2033 932 2087 dici
978 2043 1180 2102 potest,
1226 2023 1526 2089 dummodo
1574 2048 1674 2089 nos
1714 2033 2083 2104 intelligamus

501 2142 601 2197 per
631 2126 993 2181 substantiam
1028 2125 1273 2195 quidem,
1301 2125 1559 2181 videlicet
1595 2126 1814 2192 Filium,
1842 2142 1912 2182 ex
1946 2127 2077 2181 sub—

502 2216 703 2272 stantia
728 2231 861 2270 vero
893 2216 1142 2282 Patrem;
1170 2230 1236 2271 eo
1260 2216 1407 2285 quod
1445 2225 1674 2287 uterque
1703 2216 1924 2273 illorum
1953 2217 2082 2274 sub-

504 2311 704 2367 sistens
761 2310 852 2375 sit,
898 2319 953 2364 et
997 2308 1238 2379 perfecta
1288 2308 1614 2376 substantia,
1667 2318 1971 2380 totumque,
2024 2317 2083 2365 ut

505 2403 561 2456 di
597 2411 709 2456 tum
734 2408 836 2456 est.
873 2401 1009 2456 Nam
1041 2409 1095 2453 et
1132 2399 1300 2456 Deum
1338 2417 1528 2456 verum
1557 2403 1623 2457 de
1650 2400 1761 2457 Deo
1787 2419 1918 2458 vero
1952 2418 2085 2458 con-

506 2494 752 2561 ﬁtemur;
802 2509 914 2549 non
969 2503 1148 2548 tamen
1210 2503 1501 2564 propterea
1563 2496 1700 2550 duas
1747 2495 2082 2552 substantias

503 2586 666 2644 fateri
689 2587 958 2660 cogimur,
977 2594 1036 2643 ut
1060 2601 1238 2659 neque
1265 2587 1404 2644 duos
1427 2588 1558 2644 deos
1578 2587 1732 2659 juxta
1754 2589 2082 2660 positionem

506 2679 655 2736 ﬁdei.

575 2772 733 2839 Quod
787 2781 1254 2844 autemprorsus
1311 2788 1420 2828 non
1468 2774 1539 2829 sit
1577 2774 1732 2832 nefas
1779 2776 1854 2831 ita
1908 2777 2079 2848 loqui,

505 2879 736 2934 magnus
779 2862 1113 2919 Athanasius
1165 2865 1329 2919 tradit
1375 2865 1428 2919 in
1475 2865 1869 2936 disputatione,
1919 2883 2083 2938 quam

506 2956 680 3010 edidit
701 2954 988 3011 Orthodoxi
1017 2974 1079 3011 ac
1113 2956 1420 3024 Dissimilis,
1449 2958 1526 3013 sic
1563 2960 1792 3015 dicens:
1830 2980 1849 3012 ι
1879 2961 2082 3018 Natura

512 3049 605 3104 Dei
635 3060 719 3103 est
758 3065 920 3106 causa
962 3059 1017 3104 et
1058 3049 1177 3105 Filii
1229 3059 1285 3104 et
1320 3049 1561 3119 Spiritus
1593 3051 1789 3117 sancti,
1819 3066 1883 3107 ac
1916 3054 2083 3107 totius
2109 3089 2152 3148 ο

509 3149 793 3196 creaturae.
827 3160 847 3194 ι
881 3142 1036 3207 Quod
1075 3156 1207 3197 sane
1237 3157 1428 3197 rursus
1470 3156 1594 3197 cum
1624 3142 2082 3200 determinatione

508 3240 728 3301 oportet
768 3233 1099 3304 intelligere.
1142 3234 1265 3289 Filii
1297 3235 1520 3304 quidem
1558 3247 1613 3292 et
1641 3239 1818 3293 sancti
1846 3239 2086 3307 Spiritus

511 3325 970 3388 substantialiter,
999 3340 1063 3380 ac
1089 3325 1436 3393 naturaliter,
1457 3335 1512 3382 et
1542 3329 2087 3386 consubstantialiter

510 3428 639 3473 ante
681 3417 878 3472 omnia.
911 3418 1130 3485 satcula,
1172 3428 1232 3473 ut
1269 3418 1476 3475 dictum
1523 3431 1627 3486 est,
1665 3423 1874 3494 et’ipse
1924 3427 2087 3496 paulo

513 3508 652 3562 intra
701 3510 955 3578 exponit;
1009 3518 1274 3565 creatura:
1327 3527 1458 3567 vero
1517 3513 1728 3570 ratione
1791 3518 2087 3574 creationis

513 3600 754 3671 atquein
784 3609 1049 3671 tempore.
1075 3603 1280 3658 Deinde
1307 3603 1363 3658 in
1389 3609 1855 3678 consequentibus
1883 3610 2045 3666 infert
2070 3630 2084 3666 :

523 3714 541 3746 ι
587 3692 703 3748 Non
732 3701 818 3749 est
848 3702 1032 3748 autem
1064 3694 1365 3764 ingenitum
1407 3697 1500 3752 Dei
1535 3715 1699 3755 causa
1743 3703 2087 3773 geniti.‘Non

511 3784 658 3838 enim
692 3798 801 3837 non
835 3784 1087 3854 generari
1118 3784 1289 3840 Deum
1319 3787 1749 3844 substantiarunt
1788 3785 2086 3861 estcausa,

514 3877 608 3932 sed
655 3877 961 3932 substantia
1008 3894 1171 3934 causa
1202 3887 1287 3934 est
1318 3880 1770 3944 substantiarum.
1805 3904 1822 3936 ι
1858 3885 2087 3942 Tantum

516 3968 683 4039 igitur
708 3969 861 4024 abest
895 3980 954 4023 ut
987 3969 1059 4025 sit
1083 3971 1462 4042 blasphemum
1492 3974 1627 4030 illud
1658 3976 1862 4044 dicere,
1891 3979 2088 4035 Filium

2184 1863 2288 1910 σιν,
2325 1845 2443 1901 ἀλλ’
2481 1847 2540 1899 ὲν
2585 1847 2855 1915 νοήμασιν
2908 1847 3042 1916 ἡμῖν
3085 1846 3119 1917 ὴ
3164 1845 3417 1899 εὐσέϐεια
3472 1845 3616 1899 κατὰ
3665 1849 3755 1900 τὸν

2137 1939 2328 2012 ,θεῖον
2386 1938 2710 2011 Γρηγόριον.
2771 1939 3009 2002 Κὰκείνο
3067 1939 3178 2008 γὰρ
3233 1937 3475 2002 εὐσεϐῶς
3529 1937 3757 1992 δύναται

2181 2029 2458 2099 λέγεσθαι,
2492 2030 2654 2100 μόνον
2699 2029 3024 2084 ὲννοούντων
3072 2029 3229 2102 ἡμῶν
3277 2029 3519 2100 δηλονότι
3571 2030 3759 2085 οὐσίαν

2185 2124 2283 2195 μὲν
2328 2123 2419 2178 τὸν
2473 2123 2623 2190 nev,
2668 2119 2728 2189 ἐξ
2775 2123 2963 2187 οὐσίας
3019 2123 3077 2177 δὲ
3127 2124 3220 2177 τόν
3271 2123 3514 2192 Πατέρα,
3559 2123 3651 2177 διὰ
3700 2124 3757 2177 τὺ

2181 2216 2444 2287 ἑκάτερον
2487 2215 2673 2270 αὐτῶν
2707 2215 2955 2285 ὑφεστὼς
2985 2211 3148 2282 εἶναι,
3175 2216 3268 2269 καὶ
3301 2215 3514 2268 τελείαν
3545 2216 3754 2283 οὐσίαν,

2182 2309 2280 2362 καὶ
2313 2309 2434 2362 ὅλον
2492 2306 2564 2371 ὡς
2611 2309 2849 2379 είρηται.
2902 2308 3025 2360 ἐπεὶ
3084 2306 3180 2361 καὶ
3224 2307 3357 2361 Θεὸν
3398 2306 3652 2378 ἀληθινὸν
3693 2308 3756 2359 ἐκ

2183 2400 2318 2455 Θεοῦ
2363 2400 2618 2472 ἀληθινοῦ
2667 2400 3061 2471 ὁμολογοῦμεν.
3119 2401 3194 2454 Οὐ
3250 2402 3432 2471 μέντοι
3474 2400 3562 2454 διὰ
3601 2399 3757 2454 τοῦτο

2183 2493 2276 2547 δύο
2316 2494 2508 2559 οὐσίας
2543 2493 2970 2565 ἀναγκαζόμεθα
3021 2494 3224 2562 λέγειν,
3256 2492 3447 2565 ῶσπερ
3497 2493 3620 2549 οὐδὲ
3665 2493 3758 2548 δύο

2183 2586 2370 2653 Θεοὺς,
2406 2589 2546 2642 κατᾶ
2576 2588 2674 2659 τὴν
2702 2590 2802 2660 τῆς
2840 2587 3080 2652 πίστεως
3107 2587 3278 2643 θέσιν.

2258 2768 2380 2822 Ὀτι
2405 2766 2463 2821 δὲ
2502 2765 2784 2830 παντελῶς
2825 2767 2928 2820 οὐκ
2977 2767 3297 2840 ἀπείρηται,
3327 2769 3700 2841 παραδίδωσιν
3731 2771 3759 2826 ό

2187 2859 2363 2930 μέγας
2418 2859 2736 2924 Ἀθανάσιος
2787 2861 2845 2914 ἐν
2963 2861 3239 2917 ἐκτίθεται
3289 2861 3523 2929 διαλέξει
3571 2863 3764 2936 Ὀρθο-

2184 2949 2368 3015 δόεου
2392 2949 2490 3004 καί
2525 2951 2860 3020 Ἀνομοίου,
2885 2951 3058 3021 λέγων
3086 2951 3308 3008 οὕτωσί’
3338 2972 3356 3006 ι
3377 2953 3534 3009 Atria
3557 2956 3704 3010 ἐστὶν
3731 2957 3764 3027 ἡ

2185 3041 2281 3095 τοῦ
2330 3041 2466 3096 Θεοῦ
2514 3042 2676 3112 φύσις
2718 3044 2814 3098 καὶ
2840 3043 2936 3097 τοῦ
2967 3044 3098 3098 Υἱοῦ
3154 3049 3248 3099 καὶ
3288 3048 3383 3100 τοῦ
3420 3049 3762 3120 ιινεύματος,

2187 3139 2283 3189 καὶ
2315 3137 2414 3205 τῆς
2447 3136 2680 3200 κτίσεως
2709 3137 2950 3206 ἀπάσης.
2981 3156 2998 3189 ι
3041 3139 3109 3193 ὐ
3135 3140 3200 3208 δὴ
3233 3141 3396 3195 πάλιν
3423 3143 3561 3212 μετὰ
3593 3161 3766 3214 προσ-

2185 3230 2469 3302 διορισμοῦ
2517 3229 2657 3285 νοεῖν
2705 3232 2851 3302 χρή.·
2888 3230 2994 3285 Τοῦ
3047 3234 3147 3302 μὲν
3193 3235 3303 3304 γὰρ
3344 3234 3479 3290 Υίοῦ
3537 3239 3634 3291 καὶ
3673 3238 3766 3291 τοῦ

2188 3322 2344 3391 ἁγίου
2375 3322 2694 3393 Πνεύματος
2730 3323 3005 3389 οὐσιωδῶς
3028 3327 3120 3380 καὶ
3155 3326 3400 3396 φυσικῶς
3429 3331 3525 3381 καὶ
3568 3331 3765 3400 όμοουο

2190 3416 2318 3479 σίως
2371 3414 2479 3487 πρὸ
2538 3415 2755 3470 πάντων
2810 3418 2919 3472 τῶν
2973 3416 3210 3486 αἰώνων,
3254 3418 3331 3484 ὡς
3387 3420 3628 3492 εἴρηται,
3673 3421 3766 3476 καὶ

2192 3507 2357 3571 αὐτὸς
2406 3508 2724 3562 ὐποκατιῶν
2779 3509 3070 3580 ἐκτίθησιο
3117 3511 3216 3580 τῆς
3266 3511 3324 3566 δὲ
3387 3515 3622 3578 κτίσεως
3675 3514 3768 3585 δη-

2195 3601 2528 3671 μιουργικῶς
2548 3601 2640 3655 καὶ
2663 3600 2801 3656 κατὰ
2822 3597 3178 3673 χρόνον.Εἷτι
3197 3605 3253 3658 ἐν
3268 3605 3379 3670 τοῖς
3404 3604 3528 3676 ἑξῆς
3550 3608 3766 3676 ἐπάγειο

2197 3711 2214 3744 ι
2254 3694 2368 3746 Οὐκ
2415 3692 2528 3747 ἔστι
2581 3694 2734 3747 δὲτὸ
2781 3693 2875 3746 τοῦ
2925 3694 3062 3748 Θεοῦ
3112 3696 3407 3768 ἀγέννητον
3448 3698 3620 3752 αἴτιον
3670 3698 3764 3752 τοῦ

2191 3783 2475 3853 γεννητοῦ.
2515 3785 2590 3840 Οὐ
2644 3785 2754 3853 γὰρ
2803 3787 2866 3838 τὸ
2913 3787 2989 3857 μὴ
3036 3788 3336 3857 γεννᾶσθαι
3363 3790 3453 3843 τδν
3490 3790 3623 3843 Θεὸν
3656 3791 3766 3845 τῶν

2192 3878 2394 3930 οὐσιῶν
2442 3878 2634 3942 αἴτιον,
2671 3879 2787 3933 ἀλλ’
2837 3881 2888 3961 ἠὲ
2925 3880 3083 3934 οὐσία
3125 3882 3232 3936 τῶν
3281 3882 3476 3937 οὐσιῶν
3525 3883 3696 3939 αἰτία.
3740 3903 3759 3937 ι

2194 3969 2461 4024 Τοσοῦτον
2492 3971 2602 4040 ἄρα
2644 3972 2838 4042 ἀπέχει
2884 3971 3208 4045 βλάσφημον
3263 3969 3405 4029 εἶναι
3455 3975 3522 4028 ,τὸ
3565 3978 3630 4030 ἐκ
3673 3976 3770 4047 τῆς

513 4078 580 4115 ex
611 4061 915 4116 substantia
942 4062 1120 4117 Patris
1151 4078 1293 4128 esse,
1317 4074 1377 4119 ut
1400 4065 1565 4122 etiam
1594 4066 1742 4137 quod
1767 4068 2084 4139 simpliciter

2192 4064 2380 4126 οὐσίας
2407 4063 2502 4116 τοῦ
2528 4063 2740 4134 Πατρὸς
2764 4065 2943 4133 λέγειν
2970 4062 3110 4120 εἶναι
3127 4066 3219 4121 τὸν
3247 4067 3397 4134 Υἱὸν,
3428 4067 3570 4121 ὥστε
3596 4067 3692 4122 καὶ
3712 4068 3770 4123 τδ

514 4152 967 4207 absurdum‘esse
1009 4153 1249 4217 videtur,
1277 4162 1422 4209 recte
1465 4170 1525 4210 se
1573 4156 1772 4213 habere
1807 4158 2084 4214 inventum

2192 4156 2384 4210 δοκοῦν
2417 4158 2602 4220 ἁπλῶς
2628 4159 2831 4213 ἄτοπον
2873 4157 3050 4229 ὀρθῶς
3085 4159 3208 4230 ἔχον
3234 4159 3485 4233 εὓρηται,
3505 4161 3669 4228 μόνον
3696 4161 3772 4227 ὡς

514 4242 610 4308 sit,
657 4239 822 4295 modo
872 4249 933 4294 ut
977 4239 1137 4295 decet
1170 4239 1531 4297 intellectum.
1580 4243 1735 4309 Quod
1786 4244 1831 4299 si
1874 4243 1982 4298 hoc
2022 4245 2084 4299 ab

2195 4249 2469 4318 προσήκει
2507 4248 2819 4318 νοούμενον.
2851 4248 2915 4302 El
2958 4249 3016 4302 δὲ
3055 4249 3214 4302 τοῦτο
3255 4248 3352 4320 τὴν
3396 4250 3606 4304 ἐκείνου
3638 4251 3773 4304 ἀπο-

518 4332 664 4387 illius
711 4331 1064 4403 intelligentia
1096 4332 1453 4399 denudatum,
1496 4334 1585 4404 pie
1625 4350 1683 4389 se
1727 4335 1913 4398 habet,
1954 4351 2084 4405 quo-

2195 4341 2454 4410 δυόμενον
2508 4341 2719 4394 ἔννοιαν
2767 4339 3011 4404 εὐσεόῶς
3068 4340 3203 4411 ἔχει,
3266 4341 3385 4405 πῶς
3432 4342 3495 4396 οὐ
3548 4343 3772 4396 κάκεῖνο

516 4427 680 4480 modo
721 4440 828 4479 non
860 4425 1033 4498 magis
1063 4427 1227 4480 etiam
1264 4425 1397 4479 illud
1430 4435 1487 4480 ut
1537 4427 1685 4496 pium
1719 4427 2084 4497 recipiendum

2204 4433 2407 4505 μᾶλλον
2465 4433 2542 4496 ὡς
2597 4432 2820 4497 εὐσεϐὲς
2880 4431 3287 4504 παραδέχεσθαι
3339 4433 3490 4506 χρής
3540 4435 3614 4488 Τὸ
3662 4436 3771 4504 γὰρ

515 4534 635 4573 esse
668 4518 920 4588 oportet?
951 4519 1142 4573 Dicere
1172 4519 1314 4573 enim
1352 4520 1714 4574 substantiam
1743 4535 1808 4574 ex
1841 4520 2095 4574 substan—

519 4615 614 4678 tia,
649 4627 754 4664 non
784 4610 945 4664 aliter
977 4620 1123 4688 recte
1155 4625 1212 4665 se
1242 4610 1516 4678 habuerit,
1552 4612 1658 4667 nisi
1699 4613 2094 4668 subaudiamus

528 4703 887 4758 substantiam
930 4703 1052 4757 Filii
1097 4719 1164 4758 ex
1207 4702 1513 4757 substantia
1555 4718 1674 4758 esse
1716 4703 1917 4770 Patris;
1948 4704 2095 4774 quod

519 4796 667 4848 enim
717 4795 1026 4850 subsistens
1062 4803 1166 4861 est,
1213 4794 1629 4849 subsistentium
1680 4811 1845 4850 causa
1890 4805 2005 4860 est,
2035 4813 2099 4851 ae

521 4887 749 4955 perinde
774 4893 1048 4956 est'atque
1079 4888 1123 4940 si
1159 4887 1438 4941 diceretur
1468 4905 1481 4939 :
1525 4886 1846 4957 llypostasis
1876 4888 1996 4942 Filii
2033 4904 2099 4944 ex

523 4979 800 5049 liypostasi
847 4977 1025 5033 Patris
1071 4986 1384 5050 generatur,
1435 4979 1553 5035 sive
1607 4978 1777 5034 Filius
1825 4996 1893 5035 ex
1935 4981 2100 5036 Patre

2195 4527 2384 4581 οὐσίαν
2416 4527 2603 4596 λέγειν
2651 4525 2709 4592 ἐξ
2751 4525 2939 4588 οὐσίας
2981 4526 3083 4580 οὐκ
3132 4525 3307 4590 ἄλλως
3338 4527 3404 4580 ἂν
3432 4526 3607 4596 ὀρθῶς
3637 4526 3770 4596 ἔχοι,

2195 4620 2245 4672 εί
2303 4620 2377 4690 μὴ
2431 4619 2954 4689 προωπακούοιμεν
2995 4617 3093 4689 τὴν
3140 4619 3330 4672 οὐσίαν
3376 4617 3471 4673 τοῦ
3526 4618 3661 4673 Υἱοῦ
3715 4608 3774 4683 ἔξ
3828 4620 3842 4634 ⁸

2197 4711 2388 4773 οὐσίας
2444 4705 2583 4762 εἶναι
2639 4709 2734 4762 τοῦ
2797 4710 3030 4780 Πατρός.
3076 4710 3148 4764 Τὸ
3195 4709 3304 4782 γὰρ
3361 4709 3614 4779 ὑφεστὼς
3663 4710 3772 4764 τῶν

2200 4800 2530 4871 ὑφεστώτων
2571 4800 2766 4868 αἴτιον,
2797 4800 2891 4855 καὶ
2921 4802 3107 4872 ὅμοιον
3137 4802 3326 4873 ὥσπερ
3355 4800 3423 4857 ἂν
3451 4805 3499 4856 εἰ
3533 4803 3772 4873 ἐλέγετο,

2213 4895 2281 4948 Ἦ
2306 4894 2400 4948 τοῦ
2431 4893 2561 4947 Υίοῦ
2592 4894 2887 4956 ὑπόστασις
2919 4895 2982 4947 έκ
3012 4895 3110 4963 τῆς
3145 4894 3240 4949 τοῦ
3290 4895 3503 4965 Πατρὸς
3541 4895 3776 4950 ὐποστά·

2203 5003 2340 5052 σεως
2379 4988 2656 5056 γεννᾶται,
2689 4986 2723 5057 ἢ
2755 4988 2784 5041 ό
2814 4987 2941 5051 Υἱὸς
2974 4989 3035 5040 ὲκ
3061 4985 3154 5040 τοῦ
3183 4987 3398 5058 Πατρός
3418 4989 3592 5044 ἐστιν.

523 5080 628 5126 est.

1133 5273 1360 5330 CAPUT
1401 5273 1494 5329 lX.

528 5381 1076 5458 Quodfontragieere
1118 5385 1181 5435 iis
1225 5385 1314 5454 qui
1339 5384 1524 5458 dicunt
1568 5383 1832 5458 Spiritum
1862 5398 2102 5444 sanctum

595 5469 660 5505 ea:
692 5453 853 5505 Patre
886 5450 1131 5521 Filioque
1150 5450 1457 5578 peredere,
1494 5450 1660 5526 coegit
1689 5474 1773 5511 eos
1807 5475 1907 5513 non
1940 5460 2104 5529 conﬁc

597 5526 695 5577 teri
726 5539 791 5575 ex
816 5521 1118 5577 'substantia
1199 5526 1334 5578 atris
1364 5541 1472 5578 esse
1504 5525 1725 5578 Filium.

597 5526 695 5577 teri
726 5539 791 5575 ex
816 5521 1118 5577 'substantia
1150 5521 1334 5578 Patris
1364 5541 1472 5592 esse
1504 5521 1725 5584 Filium.

2795 5275 3048 5330 ΚΕΦΑΛ.
3092 5275 3168 5330 Θ’.

2209 5387 2340 5443 Ὀτι
2385 5388 2450 5441 τὸ
2499 5387 2854 5441 ἐνίστασθαι
2907 5387 3059 5456 πρὸς
3091 5387 3249 5452 τοὺς
3295 5385 3361 5438 τὸ
3411 5383 3653 5453 Πνεῦμα
3713 5382 3777 5436 τὸ

2277 5460 2448 5526 ἅγιον
2466 5459 2535 5511 ἐκ
2558 5459 2663 5512 τοῦ
2690 5459 2921 5526 Πατρός
2942 5458 3037 5510 καὶ
3067 5456 3174 5511 τοῦ
3192 5456 3328 5512 Υίοῦ
3347 5456 3776 5526 ἐκπορεύεσθαι

2276 5522 2574 5598 λέγοντας
2625 5522 3116 5598 ίήνάγὶιασε-νμὴ
3162 5522 3505 5598 ,ὁμολογεῖν
3549 5528 3621 5579 ἐκ
3671 5522 3783 5594 τῆς

2280 5594 2493 5665 οὐσίας
2530 5594 2636 5654 τοῦ
2670 5594 2901 5667 Πατρός
2935 5594 3090 5652 εἶναι
3114 5597 3218 5650 τὸν
3256 5597 3409 5651 Υιόν.

598 5703 730 5772 Quaz'
776 5702 942 5776 igitur
985 5705 1116 5777 ipsis
1163 5721 1270 5760 una
1318 5721 1441 5760 cum
1483 5708 1802 5776 deceptione
1846 5725 2082 5766 crearun

2288 5716 2353 5767 ‘A
2385 5717 2481 5784 μὶν
2527 5709 2618 5768 οὖν
2665 5715 2845 5778 αὐτοῖς
2891 5713 3175 5779 ἐνεποίησε
3233 5711 3371 5782 μετὰ
3424 5710 3522 5779 τῆς
3566 5712 3776 5780 ἀπάτης
