4152 6292
342 369 464 439 909
1259 370 1359 439 DE
1399 374 1929 440 PROCESSIONE
1974 374 2339 437 SPlHlTUS
2377 373 2674 436 SANCTI.
3477 370 3587 437 910

342 490 452 564 τὴν
486 488 715 560 πλάνην,
755 484 931 546 ταῦτά
992 491 1161 549 ἐστιν.
1206 493 1422 562 Ἥγαγε
1468 492 1526 546 δὲ
1584 492 1781 555 αὐτοὺς
1821 491 1912 544 tari.

2020 506 2262 547 errorem
2294 492 2408 547 haec
2444 501 2595 555 sunt,
2625 500 2790 561 atque
2820 488 2876 546 in
2908 489 3053 545 hanc
3078 503 3296 557 novam,
3327 498 3385 547 ct
3413 492 3589 562 inopi-

343 583 455 656 τὴν
481 584 791 656 παράλογον
819 583 1073 640 ἔνστασιν
1099 583 1327 657 ταύτην,
1356 584 1497 639 ὥστε
1526 585 1602 657 μὴ
1628 584 1915 655 ὁμολογεῖν

2020 593 2202 639 natam
2233 583 2548 639 instantiam
2581 598 2683 640 eos
2715 581 2952 649 induxit,
2986 592 3047 638 ut
3080 598 3188 640 non
3223 583 3590 641 conﬁteantur

343 676 416 731 ὲκ
445 677 542 746 τῆς
571 673 762 738 οὐσίας
792 674 884 728 τοῦ
924 675 1136 746 Πατρδς
1166 671 1308 730 εἶναι
1353 675 1448 729 τδν
1494 673 1649 739 Υίὸν,
1680 673 1743 726 rb
1788 670 1917 741 σφό·

341 771 453 840 δρα
494 766 810 822 ἐνίστασθαι
854 767 993 836 πρὸς
1025 769 1151 833 τούς
1187 768 1250 823 τὸ
1290 768 1516 837 Πνεῦμα
1561 765 1624 821 rb
1667 766 1822 832 ἅγιον
1851 766 1917 818 ἐκ

340 857 445 912 τοῦ
496 857 709 928 Πατρὸς
738 860 834 910 καὶ
878 860 979 909 τοῦ
1032 857 1165 912 Υίοῦ
1217 855 1617 930 ἐκπορεύεσθαι
1667 854 1918 926 διομολο-

340 949 597 1018 γοῦντας.
627 941 786 1003 Οὗτοι
814 948 924 1020 γὰρ
954 947 1142 1019 σαφῶς
1176 949 1242 1002 ἑκ
1294 947 1510 1004 πολλῶν
1534 946 1711 1002 ἄλλων
1735 944 1921 1001 πειθόο

342 1058 502 1113 μενοι
553 1042 881 1113 βεϐαιότατα
926 1040 989 1095 rb
1044 1042 1267 1111 Πνεῦμα
1295 1042 1356 1096 τὸ
1398 1042 1555 1109 ἅγιον
1602 1040 1661 1111 ἑξ
1710 1042 1919 1113 άμφοϊν

339 1134 768 1205 ἐκπορεύεσθαι,
799 1136 894 1191 καὶ
937 1134 1004 1206 δὴ
1032 1135 1127 1189 καὶ
1169 1134 1281 1191 ἀπὸ
1312 1134 1507 1190 τούτου
1548 1134 1633 1188 ὅτι
1674 1133 1736 1188 τὸ
1783 1131 1920 1189 αὐτὸ

342 1229 441 1282 καὶ
468 1227 527 1281 ἓν
555 1226 713 1297 ἅγιον
740 1227 972 1300 Πνεῦμα
998 1229 1063 1284 ὲκ
1090 1227 1186 1300 τῆς
1226 1227 1414 1291 οὐσίας
1442 1226 1539 1281 τοῦ
1566 1226 1780 1298 Πατρὺς
1819 1225 1918 1280 καί⁹

338 1320 440 1372 τοῦ
470 1319 604 1374 Υίοῦ
631 1321 749 1386 τοῖς
792 1318 1067 1389 θεολόγοις
1094 1320 1329 1394 εἴρηται,
1354 1318 1655 1375 κάντεῦθεν
1700 1318 1881 1389 ιπιχει
1898 1346 1913 1361 ι

342 1412 568 1485 ροῦντες
597 1412 690 1466 καί
719 1412 959 1477 εὐσεϐῶς
990 1414 1459 1484 συμπεραίνοντες
1486 1412 1551 1465 ἑκ
1576 1410 1674 1466 τοῦ
1702 1409 1919 1482 Πατρδς

339 1504 444 1559 καὶ
483 1502 579 1559 τοῦ
613 1501 747 1558 Υἰοῦ
796 1503 898 1576 τὴν
951 1501 1189 1575 ὕπαρξιν
1235 1502 1401 1574 εχειν,
1447 1502 1617 1558 ταυτδ
1669 1503 1816 1558 κατὰ
1856 1504 1921 1558 τὸ

343 1596 582 1667 πρᾶγμα
613 1594 961 1659 πιστεύοντες
990 1595 1181 1649 οὐσίαν
1226 1599 1325 1651 καὶ
1374 1596 1697 1662 ὑπόστασιν,
1726 1596 1822 1650 καὶ
1854 1594 1918 1649 rb

338 1688 441 1744 τοῦ
470 1688 685 1759 Πατρδς
712 1687 883 1760 ὐνομα
911 1687 1100 1742 οὐσίαν
1142 1688 1507 1742 ἑνυπόστατον
1559 1689 1655 1743 καὶ
1700 1686 1920 1760 πρόσω-

2018 690 2085 731 ex
2128 676 2435 731 substantia
2464 676 2641 730 Patris
2666 690 2787 730 esse
2820 674 3043 741 Filium,
3067 674 3213 745 quod
3237 675 3395 733 valde
3418 693 3593 747 oppu-

2016 775 2249 837 gnarent
2266 780 2363 822 eos
2384 766 2474 835 qui
2502 765 2767 835 Spiritum
2792 775 3046 823 sanetum
3070 783 3134 822 ex
3157 768 3317 823 Patre
3339 768 3591 840 Filioque

2017 856 2317 928 procedere
2366 856 2659 911 afﬁrmant.
2715 855 2781 911 Bi
2826 858 2972 912 enim
3021 856 3309 914 manifeste
3355 873 3479 914 cum
3522 874 3591 915 ex

2018 947 2206 1003 multis
2225 947 2347 1003 aliis
2369 947 2619 1015 adducti,
2640 956 2701 1003 ut
2725 947 3039 1004 ﬁrmissime
3062 949 3306 1015 credant,
3326 950 3590 1020 Spiritum

2016 1044 2265 1091 sanctum
2296 1050 2363 1091 ex
2389 1035 2657 1092 ambobus
2678 1038 2997 1108 procedere,
3027 1048 3142 1093 tum
3171 1041 3336 1095 etiam
3370 1056 3436 1095 ex
3462 1041 3588 1107 hoc,

2015 1130 2164 1199 quod
2200 1128 2344 1184 idem
2387 1140 2443 1184 et
2470 1144 2612 1184 unus
2654 1138 2878 1187 sanctus
2909 1129 3153 1202 Spiritus
3184 1146 3251 1187 ex
3282 1132 3609 1188 substantia

2018 1217 2197 1274 Patris
2224 1228 2280 1274 et
2309 1219 2429 1275 Filii
2455 1236 2484 1273 a
2517 1219 2784 1292 theologis
2815 1221 2996 1277 dictus
3028 1222 3121 1278 sit.
3152 1221 3391 1293 Indeque
3429 1239 3593 1295 argu~

2018 1316 2345 1372 mentautes,
2373 1311 2461 1379 pie
2495 1310 2843 1375 concludent,
2871 1327 2936 1366 ex
2974 1311 3134 1367 Patre
3165 1313 3414 1385 Filioque
3442 1314 3591 1369 exsi-

2016 1402 2275 1457 stentiam
2298 1402 2531 1469 habere;
2565 1403 2707 1457 idem
2746 1408 3050 1460 secundum
3083 1421 3194 1461 rem
3227 1406 3589 1462 substantiam

2017 1499 2074 1547 et
2102 1492 2436 1563 bypostasim
2459 1493 2764 1561 credentes,
2793 1510 2849 1550 et
2885 1511 3084 1553 nomen
3119 1498 3297 1554 Patris
3333 1484 3599 1554 substan:

2018 1584 2147 1641 tiam
2193 1585 2578 1642 subsistentem
2623 1597 2681 1642 et
2724 1603 3014 1658 personam
3063 1590 3388 1660 signiﬁcare,
3428 1603 3593 1661 atque

2016 1680 2227 1749 aequale
2257 1678 2586 1736 arbitrantes
2612 1695 2755 1744 esse,
2779 1683 2825 1736 si
2855 1684 2978 1751 quis
3002 1683 3223 1749 dixerit,
3240 1700 3307 1739 ex
3336 1686 3593 1741 substan-

343 1797 449 1835 πον
482 1781 793 1851 σημαίνειν,
831 1780 927 1834 καὶ
950 1780 1065 1834 ῐσον
1094 1779 1392 1852 ἡγούμενοι
1422 1781 1482 1835 τὸ
1502 1781 1568 1834 ἐκ
1596 1780 1695 1850 τῆς
1722 1779 1915 1842 οὐσίας

2020 1774 2095 1829 tia
2142 1787 2415 1843 personas,
2456 1781 2512 1829 et
2556 1788 2623 1829 ex
2670 1775 2965 1845 liypostasi.
3012 1776 3484 1842 Quemadmodum
3536 1786 3594 1834 et

342 1871 445 1927 τοῦ
478 1871 773 1944 προσώπου
797 1872 875 1944 τῷ
898 1871 1080 1943 λέγειν
1112 1875 1177 1927 ὲκ
1201 1872 1299 1944 τῆς
1327 1872 1700 1938 ὑποστάσεως,
1727 1870 1917 1942 ῶσπερ

2020 1863 2190 1919 Filius
2230 1880 2295 1917 ex
2350 1863 2629 1935 hypostasi
2677 1866 2879 1933 Patris,
2926 1876 2981 1922 et
3010 1882 3076 1923 ex
3122 1868 3242 1938 ejus
3284 1868 3592 1925 substantia

344 1960 445 2019 καὶ
490 1963 554 2017 τὸ
593 1965 687 2019 τὸν
722 1963 849 2019 Υίδν
901 1966 965 2018 ἐκ
1013 1965 1113 2037 τῆς
1161 1962 1258 2018 τοῦ
1307 1964 1523 2034 Πατρὸς
1568 1964 1916 2027 ὑποστάσεως

344 2058 444 2111 καὶ
476 2056 579 2124 τῆς
610 2057 798 2121 οὐσίας
846 2058 1013 2114 αὐτοῦ
1048 2056 1344 2126 γεννᾶσθαι
1395 2051 1672 2124 λέγεσθαι,
1697 2054 1759 2109 οὐ
1797 2054 1916 2108 δια·

348 2149 539 2220 φέρειν
594 2149 899 2220 ἡγούμεθα.
943 2151 1175 2205 Ἐκεῖνοι
1233 2148 1373 2219 πρὸς
1434 2148 1495 2203 τὸ
1546 2150 1916 2220 συναγόμενον

342 2238 529 2310 ἀηδῶς
571 2236 809 2311 ἔχοντες,
844 2238 928 2294 ὅτι
969 2241 1030 2294 οὐ
1081 2239 1383 2310 βούλονται,
1421 2239 1510 2293 ίνα
1553 2241 1630 2310 μὴ
1673 2240 1917 2311 ἀναγκά-

345 2326 573 2393 ζωνται,
606 2328 864 2401 καθάπερ
914 2328 976 2383 τὸ
1028 2330 1120 2383 τὸν
1149 2330 1276 2383 Υίὸν
1327 2330 1390 2383 ἐκ
1433 2332 1533 2400 τῆς
1563 2328 1660 2386 τοῦ
1700 2330 1917 2401 Πατρδς

346 2412 490 2472 εἶναι
520 2418 897 2487 ὑποστάσεως,
918 2422 1014 2476 καὶ
1041 2421 1101 2475 τὸ
1128 2422 1193 2474 ἐκ
1223 2421 1327 2491 τῆς
1354 2421 1548 2486 οὐσίας
1573 2422 1742 2477 αὐτοῦ
1778 2422 1918 2495 πρὸς

342 2507 554 2579 ἄλληλα
620 2510 723 2581 οὐχ
784 2510 1066 2582 ἡγούμεθα
1113 2511 1431 2583 διαφέρειν,
1487 2511 1635 2567 οῦτω
1693 2515 1791 2569 καὶ
1853 2513 1916 2567 rb

347 2600 576 2671 Πνεῦμα
608 2601 670 2655 τὸ
704 2601 860 2672 ἃγιον
899 2603 967 2659 ὲκ
1002 2604 1101 2674 τῆς
1144 2602 1494 2667 ὑποστάσεως
1541 2604 1634 2659 τοῦ
1664 2603 1791 2658 Υίοῦ
1822 2602 1920 2659 καὶ

345 2695 449 2765 τῆς
475 2692 667 2761 οὐσίας
692 2693 861 2752 αὐτοῦ
886 2694 1068 2765 λέγειν
1096 2688 1238 2749 εἶναι
1258 2693 1579 2765 ἀδιάφορον,
1622 2693 1917 2751 κάκτεῦθεν

352 2783 495 2861 μετά
526 2785 618 2841 τοῦ
648 2785 862 2860 Πατρδς
888 2786 983 2844 τὸν
1012 2785 1144 2841 Υἱύν
1172 2786 1232 2841 ἓν
1262 2786 1356 2839 τοῦ
1388 2784 1709 2857 Πνεύματος
1741 2787 1917 2842 αῐτιον

346 2874 827 2948 ουνομολογοῦσιν,
875 2874 939 2931 οὐ
989 2894 1124 2946 φασι
1167 2876 1260 2931 τὸν
1300 2877 1430 2931 Υίὸν
1478 2877 1544 2931 ἐκ
1582 2876 1684 2947 τῆς
1731 2877 1916 2941 οὐσίας

347 2960 494 3020 εἶναι
544 2967 642 3022 τοῦ
678 2966 914 3039 Πατρὸς,
944 2970 1009 3022 ὲκ
1058 2965 1117 3021 δὲ
1171 2967 1270 3038 τῆς
1318 2966 1672 3029 ὑποστάσεως
1731 2967 1913 3037 μόνον,

348 3056 508 3130 κακῷ
540 3057 604 3113 τὸ
652 3058 828 3114 κακὸν
867 3059 1110 3130 ίώμενοι,
1152 3059 1255 3128 τὴν
1299 3059 1402 3132 μιν
1443 3061 1632 3114 οὐσίαν
1673 3059 1815 3113 κατὰ
1855 3060 1917 3112 τὸ

348 3147 588 3227 πρᾶγμα
615 3148 715 3220 τῆς
743 3148 1099 3213 ὑποστάσεως
1138 3150 1329 3222 ἕτερον
1362 3150 1663 3222 τιθέμενοι,
1690 3150 1909 3215 πολλοῖς

346 3242 408 3297 εδ
453 3241 678 3305 ἀτόποις
719 3242 1051 3313 ινεχόμενοι.
1108 3242 1169 3297 Εί
1219 3243 1286 3313 δὴ
1346 3243 1597 3313 φαίνεται
1651 3244 1917 3314 θεωροῦσι

348 3332 527 3390 πολλὰ
571 3332 672 3403 μὲν
716 3333 782 3387 ἐκ
820 3333 1010 3388 τούτου
1054 3334 1386 3403 συνάγεσθαι
1432 3334 1633 3399 άτοπα,
1658 3334 1834 3389 πολλὰ
1860 3335 1918 3388 δὲ

348 3424 464 3480 τῶν
502 3424 956 3496 ὁμολογουμένων
1009 3424 1381 3495 ἀναιρεῖσθαι,
1439 3427 1535 3480 καί
1590 3428 1741 3491 ὅπως
1791 3426 1921 3483 ἄλλο

349 3517 509 3574 οὐσία
556 3518 651 3573 καὶ
683 3517 811 3574 ἄλλο
850 3516 1147 3582 ὑπόστασις
1192 3519 1493 3591 siparum?)
1529 3535 1589 3572 τε
1638 3520 1796 3573 οὐσία
1825 3521 1921 3574 καὶ

350 3610 657 3675 ὑπόστασις
707 3610 803 3665 καὶ
846 3614 883 3682 ἡ
930 3610 1131 3682 ίδιότης
1169 3609 1337 3665 ταυτὺ
1386 3612 1526 3666 κατὰ
1572 3612 1634 3664 τὸ
1685 3612 1923 3682 πρᾶγμά

348 3705 493 3767 ἔστι,
528 3704 623 3757 καὶ
647 3704 732 3758 ὅτι
760 3702 823 3756 τδ
856 3704 923 3757 ἐκ
958 3703 1058 3774 τῆς
1091 3702 1282 3765 οὐσίας
1312 3703 1407 3755 τοῦ
1440 3703 1657 3773 Πατρδς
1696 3704 1810 3757 ίσον
1841 3702 1920 3774 τῷ

349 3798 419 3853 ὲκ
471 3797 571 3867 τῆς
626 3795 984 3857 ὑποστάσεως
1042 3794 1234 3859 αὐτοῦ,
1289 3795 1376 3848 ἵνα
1434 3796 1511 3867 μὴ
1557 3796 1637 3858 είς
1684 3795 1922 3859 ἀτόπους

351 3887 769 3960 ἑκκυλισθῶμεν
811 3886 1043 3953 ἐννοίας,
1070 3886 1308 3959 φανερὸν
1361 3888 1456 3945 καίΙ
1489 3889 1551 3942 τὸ
1583 3888 1648 3942 εκ
1692 3888 1792 3955 τῆς
1838 3886 1923 3939 οὐ-

353 3983 481 4047 σίας
506 3980 603 4038 τοῦ
637 3981 768 4036 Υίοῦ
802 3981 998 4035 ταυτὸν
1041 3975 1186 4039 εἶναι
1230 3980 1308 4051 τῷ
1334 3981 1398 4035 ix
1426 3981 1526 4050 τῆς
1565 3980 1922 4045 ὑποστάσεως

353 4072 519 4127 αὐτοῦ
540 4087 557 4103 ο
585 4071 683 4126 καὶ
738 4070 892 4129 οὐδὲν
940 4070 1142 4128 ἄτοπον
1193 4072 1306 4132 τοῖς
1352 4069 1419 4124 ἑκ
1452 4069 1548 4122 τοῦ
1579 4069 1794 4139 Πατρδς
1827 4070 1925 4122 καὶ

353 4163 490 4219 Υίοῦ
519 4163 582 4220 rb
606 4164 756 4222 θεῖον
784 4162 1012 4233 Πνεῦμα
1049 4160 1151 4233 τὴν
1177 4160 1414 4233 ὕπαρξιν
1455 4160 1603 4232 ἔχειν
1630 4160 1927 4231 ὁμολογοῦ-

336 4274 442 4316 σιν
484 4255 798 4315 ἀκολουθεῖ.
852 4253 979 4317 Τοῖς
1055 4254 1165 4325 γὰρ
1231 4252 1391 4307 τοῦτο
1441 4253 1799 4325 ἀρνουμένοις
1856 4252 1926 4307 τὰ

310 4364 315 4368 ’
354 4352 736 4426 προειρημένα
777 4352 956 4407 άτοπα
982 4350 1200 4405 ἕπεται.
1236 4349 1352 4405 υὺκ
1383 4348 1449 4404 ἂν
1483 4349 1541 4403 δὲ
1584 4348 1742 4403 τοῦτο
1773 4348 1929 4403 συνί-

355 4438 635 4508 σαινεν,ἐί
660 4440 740 4513 μὴ
766 4439 830 4493 sb
853 4438 1243 4509 ὑποτιθέμενον
1271 4438 1471 4493 άτοπον
1497 4437 1591 4493 καὶ
1620 4436 1814 4509 ψεῦδος
1833 4432 1923 4508 ἦν.

2018 1955 2269 2026 generari
2302 1957 2348 2011 si
2387 1956 2622 2021 dicatur,
2654 1958 2791 2011 nihil
2824 1956 3045 2013 differre
3078 1957 3477 2015 existimamus.
3510 1961 3589 2015 Illi

2018 2049 2427 2105 conclusionem
2449 2066 2587 2121 aegre
2604 2050 3049 2120 ferentestquam
3069 2052 3299 2120 nollent,
3319 2069 3388 2109 ne
3403 2070 3595 2125 quem-

2015 2138 2314 2195 admodum
2363 2138 2565 2195 Filium
2605 2155 2727 2196 esse
2772 2156 2838 2195 ex
2880 2141 3160 2213 hypostasi
3207 2143 3401 2206 Patris,
3430 2156 3487 2200 et
3521 2160 3594 2200 ex

2017 2231 2327 2289 substantia
2351 2232 2471 2301 ejus
2494 2231 2639 2285 inter
2658 2248 2717 2287 se
2748 2231 2967 2289 differre
2991 2249 3100 2288 non
3130 2233 3486 2300 arbitramur,
3518 2234 3595 2291 ita

2017 2322 2182 2378 etiam
2235 2332 2502 2395 cogantur
2545 2322 2869 2379 indifferens
2913 2339 3037 2379 esse
3084 2323 3270 2381 dicere
3325 2323 3593 2397 Spiritum

2018 2424 2269 2472 sanctum
2284 2429 2349 2470 ex
2370 2414 2649 2486 bypostasi
2672 2414 2883 2482 Filii,et
2898 2430 2967 2470 ex
2988 2416 3291 2473 substantia
3307 2418 3430 2488 ejus
3447 2434 3590 2488 esse,

2019 2509 2257 2579 indeque
2295 2522 2404 2563 una
2440 2524 2563 2563 cum
2598 2508 2757 2565 Patre
2787 2508 2988 2565 Filium
3012 2526 3175 2565 unam
3208 2525 3330 2567 esse
3370 2528 3593 2569 causam

2018 2600 2323 2656 concedant
2346 2611 2400 2655 et
2422 2600 2718 2669 fateantur,
2745 2614 2944 2673 negant
2967 2602 3166 2658 Filium
3187 2618 3254 2658 ex
3279 2603 3591 2663 substantia

2018 2707 2139 2750 esse
2176 2692 2387 2759 Patris,
2426 2692 2522 2748 sed
2570 2702 2784 2749 tantum
2827 2710 2895 2750 ex
2945 2694 3244 2767 bypostasi,
3287 2696 3593 2754 absurdum

2018 2784 2257 2839 absurdo
2290 2793 2568 2852 curantes,
2598 2784 2730 2838 dum
2756 2782 3116 2842 substantiam
3129 2788 3451 2865 ‘secundum
3477 2805 3591 2846 rem

2017 2874 2167 2929 aliud
2185 2890 2307 2931 esse
2332 2874 2401 2931 ab
2427 2874 2709 2946 bypostasi
2732 2886 2966 2947 ponunt.
2983 2877 3169 2936 Multis
3194 2888 3378 2937 autem
3400 2882 3598 2938 absur-

2018 2967 2107 3023 dis
2135 2976 2266 3024 sunt
2293 2967 2583 3039 implicati.
2626 2967 2895 3035 Quoniam
2922 2981 3147 3043 apparet
3197 2974 3593 3030 consideranti-

2018 3061 2143 3126 bus,
2172 3061 2318 3132 quod
2342 3062 2513 3117 multa
2545 3076 2612 3117 ex
2639 3061 2743 3117 hoc
2775 3063 3103 3133 colligantur
3133 3063 3399 3131 absurda,
3425 3065 3596 3122 multa

1945 3185 1987 3244 ο
2021 3168 2154 3208 vero
2188 3166 2308 3223 quae
2340 3164 2468 3208 sunt
2512 3154 2569 3210 in
2615 3154 2866 3210 confesso
2917 3156 3205 3225 tollantur;
3249 3167 3306 3212 et
3351 3173 3595 3228 quonam

2021 3246 2183 3301 modo
2236 3244 2383 3301 aliud
2425 3246 2498 3301 sit
2539 3246 2869 3312 substantia,
2915 3246 3068 3302 aliud
3112 3262 3239 3302 vero
3288 3248 3596 3319 liypostasis

2019 3338 2231 3395 dictum
2260 3347 2362 3393 est.
2404 3336 2561 3404 Quod
2604 3339 2766 3396 etiam
2813 3339 3140 3404 substantia,
3169 3347 3225 3395 et
3266 3341 3596 3411 bypostasis,

2021 3438 2185 3499 atque
2218 3430 2547 3498 pr0prietas,
2576 3427 2722 3484 idem
2746 3438 2831 3484 est
2857 3430 3158 3485 secundum
3189 3446 3334 3500 rem;
3365 3443 3421 3487 et
3449 3431 3595 3501 quod

2024 3520 2159 3575 illud
2191 3537 2260 3576 ex
2301 3521 2612 3577 substantia
2640 3520 2837 3587 Patris,
2878 3520 3225 3591 mquipolleat
3253 3521 3303 3578 ei
3336 3524 3482 3594 quod
3513 3534 3600 3579 est

2022 3626 2088 3667 ex
2134 3612 2413 3685 ltypostasi
2462 3612 2655 3682 ipsius,
2707 3627 2777 3667 ne
2824 3614 2879 3667 in
2925 3613 3191 3670 absurdas
3236 3616 3600 3685 cogitationes

2025 3705 2401 3759 dovolvamur.
2452 3702 2673 3758 Clarum
2719 3712 2806 3759 est
2848 3714 2906 3759 et
2953 3706 3109 3771 illud,
3165 3722 3234 3763 ex
3287 3711 3597 3765 substantia

2026 3794 2172 3859 Filii,
2203 3794 2345 3848 idem
2378 3808 2517 3858 esse,
2543 3793 2687 3861 quod
2719 3810 2783 3849 cx
2816 3797 2935 3866 ejus
2968 3797 3273 3867 bypostasi,
3294 3814 3357 3854 ac
3384 3800 3597 3855 nullum

2026 3884 2323 3940 absurdum
2357 3881 2608 3952 sequitur
2633 3897 2729 3938 eos
2761 3885 2853 3953 qui
2896 3902 2961 3940 ex
2991 3886 3150 3940 Patre
3186 3885 3435 3957 Filioque
3463 3888 3600 3942 divi-

2026 3990 2158 4030 num
2179 3972 2441 4043 Spiritum
2466 3973 2843 4029 exsistentiam
2872 3976 3069 4031 habere
3096 3975 3357 4032 fatentur.
3382 3978 3597 4049 Quippe

2024 4079 2122 4120 eos
2158 4063 2254 4133 qui
2286 4064 2391 4119 hoc
2436 4063 2750 4119 inficiantur
2792 4065 3049 4134 praedicta
3078 4067 3313 4122 absurda
3351 4086 3596 4138 sequun-

2030 4164 2140 4210 tur.
2173 4154 2292 4210 Non
2333 4162 2514 4209 autem
2543 4153 2597 4207 id
2628 4154 2988 4224 contingeret,
3019 4155 3122 4210 nisi
3154 4156 3300 4226 quod
3337 4160 3600 4229 supponi-

2028 4255 2120 4300 tur
2150 4243 2450 4299 absurdum
2478 4252 2535 4300 et
2567 4244 2763 4299 falsum
2794 4255 2961 4300 esset.
2993 4244 3066 4303 Ut
3094 4248 3241 4302 enim
3273 4249 3600 4308 universalis

2000 4348 2003 4349 '
2031 4319 2199 4393 tradit
2230 4337 2440 4408 regula,
2468 4336 2623 4403 illud,
2658 4351 2769 4407 quo
2807 4337 2986 4407 posito
3020 4339 3272 4409 sequitur
3296 4340 3599 4399 absurdum

2030 4429 2251 4502 aliquod
2277 4438 2334 4485 et
2368 4429 2585 4496 falsum,
2614 4437 2671 4484 et
2711 4429 2891 4499 ipsum
2922 4430 3191 4501 ejusmodi
3217 4441 3323 4489 est.
3348 4432 3406 4489 Si
3435 4434 3604 4505 igitur

366 4534 456 4600 Ὦς
486 4535 598 4606 γὰρ
623 4534 652 4586 ό
679 4531 913 4587 καθόλου
957 4530 1291 4600 παραδίδωσι
1336 4530 1517 4598 λόγος,
1551 4526 1762 4594 οὗτινος
1794 4530 1921 4584 ὐπο-

2028 4523 2125 4592 qui
2161 4538 2229 4578 ex
2275 4523 2580 4578 substantia
2612 4520 2789 4577 Patris
2827 4537 2949 4576 esse
2992 4522 3213 4590 Filium,
3242 4532 3298 4580 et
3327 4539 3433 4579 una
3475 4540 3602 4581 cum

353 4626 601 4689 τεθέντος
639 4624 843 4680 ἄτοπον
871 4622 967 4678 καὶ
989 4621 1185 4694 ψεῦδος
1215 4622 1432 4683 ἕπεται,
1468 4624 1564 4676 καὶ
1594 4622 1728 4676 αὐτὸ
1748 4621 1928 4675 τοιοῦ-

353 4714 447 4771 τόν
475 4716 643 4773 ἔστιν.
678 4713 741 4769 Ei
790 4712 890 4784 μὶν
928 4707 1023 4768 οὖν
1057 4711 1087 4765 ό
1121 4711 1183 4766 τὸ
1217 4712 1281 4765 ἐκ
1326 4712 1425 4782 τῆς
1454 4711 1644 4773 οὐσίας
1682 4712 1775 4764 τοῦ
1811 4712 1928 4765 Πα-

355 4809 485 4879 τρδς
527 4802 669 4862 εἶναι
719 4804 812 4859 τὸν
842 4804 969 4858 Υῐδν
1023 4804 1160 4873 μετὰ
1208 4802 1305 4856 τοῦ
1349 4804 1416 4855 ἐκ
1458 4801 1557 4871 τῆς
1603 4800 1791 4864 οὐσίας
1832 4800 1925 4854 τοῦ

357 4898 571 4973 Πατρδς
623 4896 717 4952 καί
764 4893 859 4948 τοῦ
907 4890 1039 4947 Υίοῦ
1089 4887 1232 4947 εῖναι
1283 4890 1345 4944 τὸ
1392 4890 1615 4959 Πνεῦμα
1660 4890 1721 4943 τὸ
1772 4891 1928 4959 ἆγιον

358 4990 693 5064 ἀρνούμενος
734 4985 1160 5056 συναπαρνείται
1214 4982 1305 5036 καί
1349 4983 1409 5036 τὸ
1464 4984 1526 5036 ἐκ
1573 4980 1667 5035 τοῦ
1717 4982 1931 5053 Πατρὸς

358 5086 454 5140 καὶ
494 5081 588 5137 τοῦ
629 5078 763 5139 Υίοῦ
805 5077 903 5150 τὴν
947 5076 1182 5149 ὓπαρξιν
1212 5075 1360 5146 ἔχειν
1401 5074 1463 5127 τὸ
1492 5075 1647 5142 ἅγιον
1682 5075 1927 5145 Πνεῦμα,

359 5173 674 5245 παράλογος
728 5169 828 5241 μὲν
854 5168 922 5223 ἂν
971 5167 1059 5238 εἴη
1106 5167 1228 5220 κατ’
1266 5166 1452 5219 ἐκεῖνα
1481 5165 1591 5219 τῶν
1627 5165 1855 5235 θηρίων,
1895 5164 1931 5218 ἃ

359 5264 709 5338 πληττόμενα
763 5258 963 5334 μᾶλλον
992 5258 1085 5312 ἐπὶ
1113 5257 1175 5312 rb
1213 5257 1367 5327 ξίφος
1396 5257 1586 5321 ίενται,
1624 5255 1737 5326 ἔχοι
1780 5256 1825 5310 δ’
1865 5258 1931 5311 ἄν

358 5376 482 5413 τινα
526 5358 628 5427 τὴν
673 5353 1021 5424 παραίτησιν,
1077 5349 1294 5422 ψυχρὰν
1338 5348 1523 5419 μέντοι
1576 5349 1669 5402 καὶ
1720 5348 1932 5401 ἐπικίν-

359 5451 516 5507 δυνον
545 5449 635 5504 διὰ
650 5447 713 5502 rb
743 5448 843 5518 τῆς
875 5444 1160 5515 συνηθείας
1188 5442 1404 5511 ἄλογον.

435 5544 499 5599 Ei
553 5543 615 5598 δέ
657 5559 744 5605 τις
793 5542 857 5596 τὸ
909 5542 977 5595 ὲκ
1026 5538 1122 5593 τοῦ
1160 5538 1374 5609 ﬂat-9b;
1413 5537 1509 5591 καὶ
1550 5536 1643 5589 τοῦ
1689 5534 1823 5590 Υίοῦ
1870 5536 1933 5590 τὸ

365 5632 591 5705 Πνεῦμα
622 5632 687 5687 τὺ
712 5632 868 5702 άγιον
893 5630 1171 5702 ὁμολογῶν
1200 5628 1620 5699 ἐκπορεύεσθαι,
1646 5628 1707 5682 τὸ
1732 5629 1798 5683 ἐκ
1832 5629 1933 5700 τῆς

365 5726 555 5791 οὐσίας
593 5723 692 5779 τοῦ
731 5725 946 5795 Πατρδς
986 5722 1205 5778 καὶτοῦ
1245 5722 1377 5779 Υίοῦ
1408 5722 1542 5776 αὐτὸ
1573 5718 1738 5788 εἶναι,
1774 5722 1809 5794 ἢ
1838 5722 1934 5776 τὸν

366 5815 503 5873 Υίδν
537 5816 603 5871 ὲκ
622 5816 723 5888 τῆς
755 5816 941 5881 οὐσίας
979 5816 1075 5871 τοῦ
1100 5816 1315 5887 Πατρδς
1349 5813 1645 5885 γεννᾶσθαι
1670 5814 1935 5887 ἀπαρνεῖ-

2033 4613 2141 4669 Ιιοο
2166 4627 2232 4668 ex
2263 4613 2572 4670 substantia
2597 4611 2776 4667 Patris
2801 4621 2857 4667 et
2887 4612 3005 4667 Filii
3033 4629 3151 4669 esse
3184 4614 3448 4684 Spiritum
3474 4632 3602 4671 san-

2029 4714 2179 4762 ctum
2226 4715 2409 4777 negat,
2450 4704 2615 4760 simul
2658 4706 2825 4759 etiam
2859 4714 3022 4774 negat
3067 4721 3131 4761 ex
3163 4705 3322 4762 Patre
3355 4705 3604 4779 Filioque

2030 4806 2283 4854 sanctum
2355 4796 2618 4864 Spiritum
2685 4797 3063 4852 exsistcntiam
3132 4798 3352 4865 habere,
3409 4802 3603 4871 utique

2030 4900 2184 4946 extra
2212 4890 2481 4945 terminos
2507 4887 2706 4957 fertur,
2739 4891 2969 4960 perinde
2996 4900 3161 4961 atque
3193 4892 3298 4949 illa:
3337 4894 3469 4953 fera:
3508 4897 3606 4953 be-

2031 4981 2171 5051 stiae,
2210 4996 2329 5053 quae
2364 4996 2635 5053 percussae
2665 4982 2845 5054 gladio
2877 4997 2937 5039 se
2972 4984 3143 5055 magis
3173 4985 3463 5058 objiciunt.
3497 4988 3602 5045 Ha-

2035 5076 2228 5129 berent
2284 5083 2468 5128 autem
2518 5074 2813 5143 quamdam
2869 5077 3302 5142 excusationem,
3350 5079 3603 5153 frigidam

2034 5173 2237 5227 tamen,
2267 5172 2431 5233 atque
2462 5163 2828 5233 periculosam
2857 5162 2929 5219 ob
2960 5163 3336 5222 irrationalem
3371 5182 3606 5228 consue-

2032 5256 2297 5311 tudinem.

2106 5536 2177 5593 At
2206 5551 2337 5592 vero
2362 5535 2407 5590 si
2438 5534 2564 5606 quis
2592 5550 2661 5589 ex
2698 5534 2857 5590 Patre
2895 5535 3138 5608 Filioque
3182 5537 3445 5608 Spiritum
3480 5554 3604 5593 san-

2034 5640 2185 5686 ctum
2214 5631 2513 5701 procedere
2542 5628 2889 5694 conﬁteatur,
2918 5646 2984 5684 ex
3010 5630 3311 5687 substantia
3344 5633 3517 5687 Patris
3539 5648 3607 5690 ac

2038 5723 2161 5780 Filii
2188 5738 2315 5779 eum
2345 5738 2487 5787 esse,
2519 5722 2604 5777 vel
2638 5722 2833 5777 Filium
2872 5737 2938 5777 ex
2967 5721 3274 5778 substantia
3300 5724 3479 5779 Patris
3508 5740 3606 5794 κο·-

2040 5812 2223 5873 nerari
2259 5821 2442 5881 neget.
2488 5812 2833 5881 alterutrum,
2877 5809 2981 5867 iste
3011 5811 3134 5868 talis
3168 5812 3251 5867 vel
3282 5812 3603 5868 Arianorum
