4152 6292
492 339 600 407 911

1767 332 2145 397 DEMETRII
2186 332 2503 395 CYDONII

3643 336 3753 403 91¢

493 457 692 514 morbo
725 465 932 512 temere
978 455 1217 522 laborat,
1247 464 1309 510 ut
1358 463 1638 510 ostensum
1686 462 1794 518 est,
1836 464 2073 521 eumque

2185 469 2285 516 rat,
2318 453 2461 507 δυοῖν
2506 453 2739 525 θάτερον
2768 452 2795 506 ό
2825 452 3088 519 τοιοῦτος,
3131 454 3163 525 ἥ
3196 453 3264 507 τὰ
3310 452 3419 510 τῶν
3454 449 3756 524 ’Δρειανῶν

495 568 621 608 eum
666 554 867 623 pudeat
897 548 1167 605 manifesti
1201 547 1429 603 absurdi
1476 562 1575 618 per
1620 546 1780 601 aliam
1813 545 1956 601 viam
2001 545 2070 600 ad

494 644 640 700 idem
674 642 887 698 tendit:
920 643 1002 697 vel
1034 642 1260 697 omnino
1288 640 1490 696 stultus
1518 651 1623 705 est,
1655 640 2071 710 quomodocun-

493 752 602 809 que
631 751 762 792 vero
788 750 876 792 res
904 750 963 792 se
995 734 1267 801 habuerit,
1297 733 1550 788 falsitatis
1572 729 1757 789 evadit
1796 728 2071 803 magister.

1115 934 1340 992 CAPUT
1378 934 1446 990 X.

495 1032 640 1099 Quas
661 1030 894 1097 tandem,
912 1048 1029 1102 quia
1046 1032 1285 1102 videntur
1306 1031 1617 1102 ogiectiones
1638 1047 1750 1086 esse
1769 1032 2072 1102 principum,

560 1105 628 1158 iis
654 1100 1022 1172 inferant,7qui
1047 1118 1110 1156 ex
1134 1100 1298 1155 Patre
1326 1100 1571 1172 Filioque
1596 1100 1875 1171 procedere
1903 1106 2073 1167 aiunt,

563 1183 614 1257 et
645 1175 873 1257 primum
911 1190 974 1227 ea:
996 1172 1574 1255 .consubstantialitate,
1601 1182 1759 1244 atque
1792 1172 2076 1229 solutiones

564 1245 866 1313 hujusmodi
902 1246 1192 1298 rationum.

561 1354 834 1410 Caeterum
864 1355 965 1408 hoc
996 1354 1119 1409 loco
1154 1352 1278 1423 quis
1316 1353 1514 1407 horum
1545 1352 1857 1424 elegantem
1900 1354 2074 1409 homi-

493 1460 627 1501 num
676 1445 1014 1514 objectiones
1058 1444 1233 1501 ferat?
1280 1444 1576 1515 Opponunt
1617 1444 1788 1509 enim,
1833 1446 1979 1515 quod
2030 1447 2076 1500 si

496 1547 787 1608 propterea
815 1538 1056 1608 Spiritus
1090 1546 1317 1593 sanctus
1342 1548 1428 1593 est
1459 1552 1523 1592 ex
1559 1536 1863 1592 substantia
1899 1537 2079 1592 Patris

493 1640 550 1688 et
594 1629 739 1697 Filii,
785 1630 931 1701 quod
966 1630 1130 1686 Pater
1172 1640 1228 1685 et
1269 1629 1440 1686 Filius
1480 1646 1589 1686 non
1635 1630 1707 1686 sit
1751 1632 2076 1693 substantia,

492 1724 743 1795 profecto
806 1723 1113 1779 secundum
1168 1722 1418 1778 eamdem
1473 1722 1765 1789 rationem,
1813 1725 2078 1794 quoniam

2176 545 2409 613 ἀλόγως,
2435 546 2508 610 ὡς
2538 546 2827 614 δέδεικται,
2859 548 3029 611 νοσεῖ,
3066 545 3206 617 πρὸς
3257 548 3359 616 μὲν
3415 542 3479 601 τδ
3507 545 3753 617 ’φανερὸν

2174 636 2377 690 ἄτοπον
2407 638 2822 708 αἰσχυνόμενος,
2869 637 2938 692 δι’
2990 638 3189 711 ἑτέρας
3238 637 3295 692 δὲ
3340 638 3480 708 πρὸς
3519 638 3582 692 τὸ
3627 638 3754 691 αὐτὸ

2177 722 2480 794 φερόμενος
2505 740 2519 755 ο
2557 722 2591 794 ἢ
2639 724 2989 779 παντάπασιν
3037 726 3268 795 μάταιός
3315 728 3487 782 ἐστιν.
3528 725 3755 780 Ὅτιοτέ·

2177 831 2285 887 ρως
2322 816 2369 870 δ’
2399 816 2465 871 ἂν
2495 816 2632 889 ἔχοι,
2669 816 2762 871 τοῦ
2797 817 3029 889 ψεύδους
3056 820 3382 885 διδάσκαλος
3407 820 3646 889 γίνεται.

2772 932 3035 989 ΚΕΦᾹΛ.
3090 932 3148 990 I’.

2182 1022 2355 1096 Τίνας
2405 1022 2551 1096 ,τοτὲ
2614 1024 2925 1096 δοκούσας
2979 1025 3321 1094 ἀντιθέσεις
3376 1024 3755 1096 καιριωτέρας

2248 1093 2373 1166 τοῖς
2424 1095 2492 1147 ἐκ
2542 1094 2649 1166 τοῦ
2705 1094 2936 1166 Πατρός
2982 1096 3080 1151 καὶ
3140 1096 3279 1152 Υίοῦ
3302 1093 3757 1166 ἐκπορεύεσθαι

2246 1164 2541 1249 ,ζέγουσινξ
2609 1164 2944 1249 ἐπάγουσι,
2970 1166 3093 1249 ,και
3158 1167 3399 1249 πρῶτον
3442 1164 3582 1249 ,ἀπὸ
3647 1165 3756 1237 τῆς

2251 1236 2741 1303 όμοουσιότητος,
2776 1236 2876 1291 καί
2905 1238 3125 1305 λύσεις
3145 1236 3267 1299 τῶν
3297 1238 3602 1294 τοιούτων.
3712 1236 3715 1237 ⁷
3740 1270 3747 1275 -

2263 1351 2403 1405 Ἀλλ’
2431 1351 2665 1407 ἐνταῦθα
2708 1352 2796 1417 τίς
2826 1352 2895 1409 ἂν
2921 1354 3035 1412 τῶν
3058 1353 3293 1427 κομψῶν
3327 1356 3427 1420 τὰς
3455 1356 3759 1420 ἀντιθέσεις

2180 1443 2433 1512 ὲνέγκαις
2493 1445 2857 1501 Ἀντιτιθέασι
2910 1448 3056 1518 γὰρ,
3117 1448 3193 1512 ὡς
3254 1450 3307 1503 εί
3363 1449 3452 1504 διὰ
3508 1451 3571 1502 τὸ
3630 1450 3759 1520 μίαν

2179 1534 2370 1589 οὐσίαν
2409 1528 2550 1591 εἶναι
2600 1537 2693 1591 τὸν
2732 1538 2954 1610 Πατέρα
3006 1541 3103 1594 καὶ
3138 1541 3234 1594 τὸν
3272 1541 3422 1607 Υίὸν,
3450 1542 3515 1596 ἐκ
3544 1543 3638 1613 τῆς
3668 1540 3759 1595 οὐδ

2182 1622 2301 1687 σίας
2358 1625 2453 1679 τοῦ
2515 1629 2727 1701 Παιρὸς
2780 1630 2878 1684 καὶ
2937 1629 3033 1685 τοῦ
3086 1631 3220 1686 Υίοῦ
3268 1629 3419 1688 εἶναι
3476 1632 3538 1688 τὸ
3598 1632 3759 1703 ἅγιον

2181 1720 2432 1791 Πνεῦμα,
2479 1723 2624 1777 κατᾶ
2671 1724 2765 1778 τὸν
2818 1725 2991 1779 αὑτὸν
3034 1727 3210 1798 δήπου
3261 1728 3445 1797 λόγον,
3482 1728 3611 1783 επεὶ
3661 1728 3760 1800 μία

495 1832 604 1871 una
634 1827 717 1873 est
747 1817 1057 1891 substantia
1088 1816 1267 1871 Patris
1292 1830 1355 1870 ac
1380 1815 1640 1886 Spiritus,
1663 1817 1860 1872 merito
1886 1832 2076 1888 seque-

2185 1813 2335 1869 οὖσῖα
2382 1814 2477 1868 τοῦ
2512 1815 2724 1887 [ἰατρὸς
2762 1818 2855 1871 καὶ
2905 1817 2999 1871 τοῦ
3048 1818 3651 1891 Πνεύματος,ἐῑιοότως
3690 1822 3761 1875 δν

491 1915 647 1965 retur
671 1908 838 1963 etiam
868 1908 1068 1963 Filium
1100 1924 1165 1963 ex
1204 1908 1510 1964 substantia
1540 1908 1718 1965 Patris
1748 1920 1802 1966 et
1834 1906 2073 1980 Spiritus

490 2015 635 2055 esse.
681 1999 785 2073 Qui
816 2000 984 2069 igitur
1031 2000 1146 2055 haec
1186 1999 1475 2069 objiciunt,
1519 2000 1776 2055 videntur
1819 2001 2073 2072 ignorare

493 2091 764 2163 principia
807 2091 969 2157 ﬁdei;
1005 2106 1143 2162 quos
1173 2091 1463 2162 oportebat
1500 2094 1564 2146 ad
1613 2092 1793 2147 minus
1822 2108 1885 2147 ea
1932 2094 2075 2148 didi-

493 2183 658 2249 cisse,
681 2184 879 2239 deinde
911 2184 1224 2253 theologum
1270 2198 1452 2254 agere.
1484 2184 1553 2241 Ut
1581 2185 1727 2239 enim
1758 2185 1894 2240 dixit
1921 2186 2063 2254 quis-

493 2277 639 2347 piam
670 2292 701 2331 e
726 2276 902 2331 sacris
924 2275 1243 2332 doctoribus
1266 2278 1335 2344 (is
1360 2276 1654 2348 Gregorius
1682 2279 1811 2351 est),
1837 2278 2075 2347 optimus

494 2371 633 2426 ordo
667 2371 904 2442 primum
943 2370 1177 2433 discere,
1202 2379 1391 2440 postea
1423 2371 1640 2427 docere.
1665 2372 1925 2438 Quamvis
1949 2388 2074 2427 cum

496 2464 672 2521 sancti
721 2480 790 2520 ex
824 2463 1131 2519 substantia
1163 2464 1340 2519 Patris
1384 2473 1439 2519 et
1478 2464 1599 2519 Filii
1644 2466 1907 2536 Spiritum
1952 2484 2075 2525 esse

493 2557 800 2626 disserunt,
838 2558 972 2612 nihil
1009 2557 1075 2612 ad
1109 2573 1209 2614 nos
1241 2567 1491 2628 spectare
1527 2560 1891 2629 objectionem
1924 2560 2077 2620 dice-

494 2663 636 2715 mus,
674 2647 1030 2704 nihilominus
1059 2646 1350 2704 dicendum
1390 2658 1515 2704 est:
1546 2649 1915 2705 necessarium
1955 2666 2075 2709 esse

498 2761 604 2800 una
636 2758 762 2801 cum
799 2744 925 2799 lidei
952 2743 1256 2817 principiis,
1286 2752 1346 2799 ut
1374 2743 1479 2801 hoc
1504 2745 1667 2801 etiam
1694 2746 2073 2812 confiteamur,

496 2838 781 2894 Monadem
824 2838 879 2893 in
915 2836 1135 2902 Triade,
1169 2852 1234 2892 ac
1265 2836 1522 2891 Triadem
1558 2838 1612 2892 iu
1644 2837 1877 2894 Monade
1910 2854 2076 2893 vene-

498 2931 641 2995 rari,
672 2941 837 3000 atque
864 2944 1004 2997 opus
1034 2944 1154 2985 esse
1185 2929 1315 2983 dum
1354 2928 1700 2998 disputamus
1734 2946 1910 3001 neque
1941 2929 2077 2986 Uni-

500 3032 665 3077 tatem
687 3031 923 3092 propter
948 3021 1273 3076 Trinitatem
1307 3020 1665 3091 distinguere,
1693 3037 1871 3092 neque
1900 3022 2079 3077 Trini-

500 3122 665 3169 tatem
696 3123 925 3184 propter
963 3114 1241 3193 Uuitatem
1273 3112 1627 3169 confundere.
1666 3113 1772 3169 Sed
1805 3114 1909 3169 hoc
1957 3116 2077 3168 loco

2181 1906 2368 1961 ἕποιτο
2389 1909 2486 1961 καὶ
2515 1908 2609 1964 τὸν
2639 1910 2769 1963 Υίδν
2796 1911 2863 1965 ἐκ
2894 1911 2998 1982 τῆς
3047 1912 3236 1977 οὐσίας
3274 1911 3370 1967 τοῦ
3418 1912 3633 1986 Πατρδς
3668 1913 3762 1967 καὶ

2178 1992 2275 2047 τοῦ
2315 1996 2635 2067 Πνεῦματος
2667 1994 2829 2053 εἶναι.
2864 2000 3005 2065 Τοὺς
3051 2000 3146 2055 οὖν
3184 2001 3362 2057 ταῦτα
3390 2003 3764 2067 ἀντιτιθέντας

2182 2086 2401 2153 ἀγνοεῖν
2440 2088 2542 2151 τὰς
2588 2091 2766 2163 ἀρχάς
2789 2093 2895 2164 τῆς
2927 2093 3167 2158 πίστεως
3213 2096 3465 2165 φαίνεται
3486 2110 3503 2128 ⁸
3536 2096 3630 2157 οὓς
3660 2084 3763 2151 αἶ’)-

2182 2178 2282 2244 τὰς
2310 2180 2666 2253 τούλάχιστον
2696 2185 2863 2257 ἐχρῆν
2881 2181 3261 2258 διδαχθέντας,
3302 2182 3425 2243 εἶτα
3460 2188 3761 2258 θεολογεῖν.

2194 2271 2283 2336 Ὦς
2316 2274 2426 2345 γὰρ
2459 2274 2566 2346 ἔφη
2609 2292 2693 2340 τις
2726 2277 2833 2333 τῶν
2863 2279 3024 2350 ἱερῶν
3057 2278 3399 2335 διδασκάλων
3434 2279 3764 2354 (Γρητόρῐος

2182 2359 2337 2429 οὗτός
2365 2367 2531 2435 ἐστι),
2563 2366 2714 2433 τάξις
2766 2368 2963 2442 ἀρίστη
3017 2369 3310 2440 μανθάνειν
3363 2370 3606 2443 πρῶτον,
3646 2367 3763 2425 εἶτα

2182 2454 2479 2512 διδάσκειν.
2514 2458 2708 2513 Καίτοι
2764 2458 2878 2513 τῶν
2934 2460 3110 2528 ἁγίων
3163 2462 3231 2516 ἐκ
3281 2456 3381 2533 τῆς
3433 2462 3625 2525 οὐσίας
3669 2462 3763 2516 τοῦ

2186 2548 2401 2620 Πατρὺς
2467 2551 2563 2605 καὶ
2613 2550 2712 2607 τοῦ
2763 2550 2896 2605 Υίοῦ
2950 2553 3011 2607 τὸ
3054 2553 3282 2627 Πνεῦμα
3334 2555 3763 2626 θεολογούντων,

2183 2646 2337 2699 οὐδὲν
2393 2642 2533 2701 εἶναι
2588 2649 2689 2717 τὴν
2750 2648 3028 2706 ἀντίθεσιν
3088 2651 3224 2722 πρὸς
3278 2653 3427 2724 ἡμᾶς
3478 2655 3753 2724 φήσομεν.

2186 2737 2332 2808 Πλὴν
2369 2740 2466 2792 καὶ
2499 2736 2644 2791 οὕτω
2674 2737 2873 2810 ῥητέον
2896 2739 3144 2811 ἀνάγκην
3174 2735 3313 2794 εἶναι
3349 2743 3490 2811 μετὰ
3516 2741 3629 2795 τῶν
3664 2742 3763 2810 τῆς

2185 2830 2425 2895 πίστεως
2469 2831 2655 2901 ἀρχῶν
2699 2832 2795 2886 καὶ
2846 2832 3015 2887 τοῦτο
3061 2833 3372 2905 ὁμολογεῖν,
3430 2835 3656 2890 Μονάδα
3705 2838 3764 2889 ὲν

2186 2925 2399 2994 Τριάδι,
2432 2926 2529 2980 καὶ
2562 2925 2768 2995 Τριάδα
2814 2931 2873 2981 ἐν
2922 2929 3130 2983 Μονάδι
3184 2930 3471 2986 σέϐεσθαι·
3508 2934 3605 2985 καὶ
3655 2931 3764 2984 δεῖν

2189 3017 2327 3087 μήτε
2378 3018 2801 3087 διαλεγομένους
2852 3020 2953 3091 τὴν
3008 3022 3234 3075 Μονάδα
3281 3022 3370 3077 διὰ
3421 3025 3523 3093 τὴν
3552 3024 3761 3095 Τριάδα

2185 3110 2437 3181 διαιρεῖν,
2477 3113 2618 3183 μήτε
2645 3115 2745 3183 τὴν
2779 3113 2986 3185 Τριάδα
3011 3116 3102 3169 διὰ
3131 3117 3230 3185 τὴν
3259 3117 3482 3172 Μονάδα
3514 3120 3760 3189 συγχεῖν.

500 3207 807 3263 clarissime
832 3184 1085 3262 confusio
1110 3215 1395 3276 sequetur.
1427 3204 1480 3260 Si
1510 3206 1707 3260 Filium
1734 3222 1796 3260 ex
1830 3207 2080 3261 substan-

2196 3176 2335 3259 Ἀλλ’
2385 3176 2617 3258 ἐνταῦθα
2665 3176 2928 3276 σῦγχυσις
2950 3176 3273 3278 περιφανῶς
3299 3206 3513 3277 ἕψεται.
3565 3176 3761 3263 είητὺν

503 3304 579 3357 tia
627 3301 807 3357 Patris
852 3309 908 3355 et
958 3298 1195 3365 Spiritus
1236 3313 1360 3354 esse
1408 3299 1611 3368 aliquis
1653 3300 1887 3363 dixerit;
1934 3310 2083 3355 esset

500 3397 659 3452 enim
674 3393 913 3462 Spiritus
937 3392 1121 3454 Pater,
1155 3392 1357 3460 quippe
1388 3390 1558 3445 Filius
1591 3390 1656 3444 ad
1690 3390 1907 3446 Patrem
1947 3391 2086 3445 dici-

503 3498 612 3542 tur.
641 3486 831 3554 Itaque
862 3483 972 3537 duo
999 3483 1186 3537 Patres
1215 3490 1400 3536 essent
1427 3483 1480 3535 in
1507 3481 1798 3544 Trinitate,
1827 3490 1882 3537 et
1920 3482 2087 3537 Pater

503 3595 612 3636 non
659 3587 805 3635 esset
850 3577 1068 3649 proprie
1110 3576 1291 3631 Pater.
1328 3574 1457 3640 Qua:
1502 3589 1534 3629 a
1570 3572 1676 3628 ﬁde
1714 3574 1889 3628 aliena
1934 3585 2082 3628 sunt.

503 3673 829 3743 Quanquam
882 3686 992 3724 non
1051 3669 1251 3724 desunt
1299 3667 1405 3721 alia
1458 3664 1713 3727 nomina,
1767 3680 1832 3718 ex
1882 3663 2086 3734 quibus

504 3765 769 3836 suspicari
813 3762 1089 3834 quispiam
1143 3759 1372 3814 minime
1422 3764 1630 3828 pesset,
1664 3755 1930 3826 Spiritum
1962 3770 2084 3811 esse

507 3860 722 3913 Patrem
753 3857 899 3922 Filii,
945 3855 1115 3910 veluti
1147 3851 1348 3910 Filium
1382 3865 1503 3906 esse
1538 3847 1786 3904 Verbum
1820 3848 2082 3919 Spiritus,

506 3949 831 4019 potentiam,
877 3948 1079 4011 vivam,
1127 3954 1182 3999 et
1231 3942 1641 3999 substantialem
1682 3942 2083 4011 operationem,

507 4040 1022 4104 sanetilicationem,
1067 4037 1370 4091 naturalem
1400 4034 1591 4093 vitam,
1627 4048 1829 4096 rosam,
1861 4048 2082 4086 suavem

509 4134 756 4196 odorem,
799 4129 1117 4200 imaginem,
1164 4138 1219 4183 et
1271 4126 1603 4197 huiusmodi,
1651 4140 1774 4195 quae
1820 4124 2084 4195 Spiritum

510 4241 630 4281 esse
659 4223 778 4279 Filii
816 4238 847 4277 a
882 4222 1201 4276 doctoribus
1235 4219 1515 4273 dicuntur.
1551 4216 1740 4286 Neque
1780 4217 2084 4272 secundum

513 4326 629 4375 haec
678 4312 897 4373 nomina
947 4314 1117 4371 Filius
1177 4312 1286 4368 diei
1332 4311 1572 4383 Spiritus
1618 4312 1792 4365 sancti
1846 4326 2084 4381 unquam

512 4422 763 4483 τίνοι-ιω
808 4419 913 4465 est.
958 4409 1072 4463 Hoc
1116 4415 1296 4461 autem
1343 4420 1451 4459 nOn
1500 4405 1720 4459 aliunde
1768 4406 2085 4475 contingere

2180 3297 2314 3379 τίον
2338 3297 2403 3350 ἐκ
2433 3296 2531 3367 τῆς
2566 3298 2756 3362 οὐσίας
2786 3298 2882 3353 τοῦ
2911 3299 3128 3371 Πατρός
3158 3301 3253 3353 καὶ
3297 3299 3393 3355 τοῦ
3441 3298 3762 3372 Πνεῦματος

2182 3388 2333 3458 λέγει
2360 3406 2447 3455 τις
2474 3384 2615 3443 εἶναι
2642 3403 2659 3421 ⁶
2702 3389 2790 3460 εἴη
2832 3390 2943 3464 γὰρ
2987 3390 3055 3445 ἂν
3097 3392 3159 3446 τὸ
3207 3391 3433 3463 Πνεῦμα
3474 3393 3707 3465 Πατήρο
3732 3395 3763 3446 δ

2185 3482 2293 3553 γὰρ
2332 3483 2461 3548 Tib;
2499 3484 2636 3552 πρὸς
2678 3484 2772 3538 τὸν
2804 3484 3028 3555 Πατέρα
3057 3485 3315 3555 λέγεται·
3350 3486 3526 3558 ταύτῃ
3560 3504 3650 3541 τοι
3672 3482 3765 3541 δῦο

2185 3576 2420 3647 πατέρες
2455 3576 2521 3629 ἂν
2550 3571 2661 3629 εἷεν
2704 3575 2762 3629 ὲν
2805 3578 2874 3647 τῇ
2914 3575 3126 3645 Τριάδι,
3167 3577 3262 3632 καὶ
3290 3578 3319 3630 ό
3349 3578 3540 3647 Πατὴρ
3570 3577 3633 3633 οὐ
3664 3594 3762 3630 xu.

2187 3667 2317 3740 ρίως
2363 3667 2575 3737 Πατήρ.
2618 3667 2687 3719 Ἀ
2728 3667 2879 3737 παρὰ
2921 3667 3022 3736 τῆς
3064 3666 3303 3731 πίστεως
3358 3660 3760 3740 ἀπηγόρευται.

2187 3762 2379 3815 Καίτοι
2426 3778 2491 3829 γε
2538 3761 2655 3813 ἐστι
2688 3760 2787 3813 καὶ
2831 3758 2948 3813 ἄλλ’
2989 3761 3129 3815 am
3177 3760 3289 3813 τῶν
3342 3756 3648 3832 ὀνομάτων,
3704 3758 3763 3827 ἐξ

2184 3847 2260 3909 ὧν
2307 3854 2409 3907 οὐκ
2453 3854 2518 3908 ἄν
2568 3870 2651 3915 τις
2692 3851 3074 3922 ὑπερνοήσειε,
3106 3852 3166 3905 τὸ
3213 3852 3441 3922 Πνεῦμα
3476 3845 3586 3907 ’τοῦ
3628 3852 3763 3908 Υἱοῦ

2186 3941 2328 4000 εἶναι
2360 3944 2601 4015 Πατέρα,
2629 3940 2739 3998 οἷον
2773 3945 2866 3998 τὸν
2896 3944 3029 3999 Υίδν
3060 3945 3235 4013 Λόγον
3270 3942 3414 4000 εἷναι
3440 3946 3551 4000 τοῦ
3584 3939 3766 4000 ’Πνεῦ-

2189 4056 2380 4109 ματος,
2441 4037 2691 4108 δύναμιν,
2752 4035 2935 4100 ζῶσαν
2997 4038 3095 4091 καὶ
3146 4036 3383 4108 οὐσιὼδη
3449 4038 3761 4110 ἐνέργειαν,

2188 4130 2492 4200 άγιασμὸν,
2537 4125 2774 4199 φυσικὴν
2820 4125 3001 4200 ζωὴν,
3054 4128 3249 4199 ῥόδον,
3309 4128 3511 4195 ἄνθος,
3563 4129 3763 4201 ὀσμὴν,

2188 4222 2397 4285 εἰκόνα,
2432 4222 2531 4274 καὶ
2579 4221 2647 4275 τά
2701 4219 2927 4274 τοιαῦτα
2979 4221 3080 4273 ὅσα
3124 4220 3221 4274 τοῦ
3262 4212 3403 4275 ’Υίοῦ
3433 4220 3495 4275 τὸ
3539 4221 3765 4291 Πνεῦμα

2186 4310 2328 4368 εἶναι
2383 4314 2534 4384 παρὰ
2593 4314 2705 4377 τοῖς
2757 4312 3101 4377 διδασκάλοις
3154 4310 3407 4384 λόγεται.’
3434 4313 3571 4368 Οὐδὲ
3621 4315 3765 4369 κατὰ

2187 4407 2358 4461 ταῦτα
2388 4407 2495 4460 τῶν
2548 4407 2829 4477 ὀνομάτων
2872 4408 2901 4460 ὁ
2954 4405 3081 4470 Υίδς
3126 4405 3224 4460 τοῦ
3260 4408 3581 4479 Πνεύματος
3614 4409 3766 4477 λεγό-

512 4512 705 4573 ;.ntest,
739 4517 904 4572 quam
947 4516 1015 4555 ex
1049 4499 1168 4569 ipso
1200 4497 1416 4562 ordine,
1453 4507 1507 4551 et
1543 4507 1803 4566 pra-terea
1836 4512 2080 4551 necessa-

2195 4517 2354 4570 μενος
2378 4498 2607 4572 εὕρηται
2656 4500 2898 4553 πώποτε.
2927 4498 3102 4553 Τοῦτο
3132 4499 3180 4552 δ’
3218 4499 3322 4554 οὐκ
3360 4500 3428 4553 ἂν
3469 4499 3650 4564 ἄλλως
3676 4500 3792 4572 εἴη·

517 4599 659 4650 rium
698 4603 783 4650 est
823 4608 974 4662 eum,
1001 4591 1093 4661 qui
1130 4589 1222 4645 illa
1260 4592 1598 4660 apposuerit,
1635 4604 1742 4643 non
1778 4600 1986 4645 tantum
2028 4591 2085 4643 in

519 4692 631 4745 haec
660 4689 967 4750 incurrere,
990 4683 1086 4738 sed
1111 4683 1274 4737 etiam
1298 4681 1546 4736 ordinem
1572 4680 1625 4735 in
1655 4680 1921 4735 Trinitate
1947 4681 2090 4736 inter

518 4802 574 4839 sc
598 4784 908 4839 divinarum
935 4793 1292 4851 personarum
1318 4776 1583 4847 contingit
1606 4776 1898 4829 invertere.
1917 4774 2089 4830 Filius

515 4880 659 4934 enim
688 4876 865 4932 Patris
891 4888 1011 4930 esse
1050 4872 1275 4935 dicitur,
1308 4869 1547 4939 Spiritus
1580 4882 1710 4923 vero
1741 4867 1883 4930 Filii,
1912 4877 1968 4922 et
1997 4867 2089 4922 hic

516 4969 737 5038 quidem
768 4967 916 5023 solus
948 4979 1012 5019 ex
1041 4963 1156 5019 solo
1182 4962 1496 5032 unigenitus
1518 4958 1739 5023 dicitur,
1758 4967 1919 5027 atque
1948 4959 2086 5012 hue-

517 5072 691 5129 uSque
746 5064 829 5111 est
875 5055 975 5127 ipsi
1020 5054 1346 5125 proprietas,
1376 5050 1522 5120 quod
1560 5058 1645 5106 est
1675 5062 1796 5103 esse
1825 5063 1891 5101 ex
1928 5048 2086 5102 Patre

516 5150 850 5215 immediate,
877 5159 933 5203 et
963 5147 1109 5219 quod
1137 5144 1431 5216 appellatio
1456 5142 1601 5209 Filii,
1623 5157 1745 5197 esse
1776 5140 2086 5194 immediate

513 5260 579 5299 ex
615 5258 775 5297 causa
821 5239 1113 5309 signiticet,
1155 5236 1455 5291 secundum
1510 5234 1698 5288 divum
1740 5231 2084 5287 Anastasium

515 5336 570 5389 in
607 5348 704 5387 sua
736 5317 1043 5401 dogmatica
1076 5327 1345 5391 oratione,
1390 5333 1448 5380 ut
1492 5322 1919 5394 procedentibus
1948 5337 2086 5377 con-

516 5425 718 5481 stabit:
752 5421 1017 5492 Spiritum
1051 5433 1183 5475 vero
1216 5426 1463 5471 sanctum
1498 5414 1689 5470 ordine
1718 5413 1939 5468 tertium
1966 5427 2087 5468 esse

513 5535 543 5574 a
599 5519 758 5574 Patre
810 5514 1088 5570 communi
1135 5526 1407 5565 consensu
1468 5525 1495 5562 a
1547 5507 1751 5562 sanctis
1804 5517 2085 5577 receptum

513 5620 619 5677 est,
643 5625 749 5664 non
773 5619 956 5662 tamen
982 5615 1177 5661 natura
1207 5604 1425 5659 tertium
1451 5619 1465 5655 :
1492 5611 1545 5655 et
1572 5602 1813 5669 eum-qui
1838 5600 2083 5653 ordinem

518 5704 601 5758 vel
638 5701 905 5756 tantulum
941 5698 1160 5769 quidem
1205 5703 1522 5758 commutat,
1570 5691 1925 5746 iuiiciatorem
1966 5704 2084 5744 esse

516 5795 664 5862 fidei,
687 5810 750 5850 ac
780 5790 1019 5864 Spiritus
1040 5788 1373 5844 exsistentiae
1402 5786 1823 5849 destructorem,
1858 5797 2085 5855 magnus

2193 4591 2487 4663 συμϐαῖνον
2520 4591 2553 4663 ἢ
2580 4591 2668 4645 διὰ
2706 4591 2804 4661 τὴν
2830 4591 2982 4656 τάξιν
3033 4591 3227 4663 αὐτήν.
3256 4594 3372 4655 Καὶ
3406 4595 3516 4665 μὴν
3545 4596 3608 4648 οὐ
3643 4596 3767 4651 τού-

2188 4698 2301 4745 τοις
2342 4682 2506 4751 μόνον
2544 4682 2900 4749 περιπίπτειν
2949 4683 3164 4750 ἀνάγκη
3199 4682 3294 4735 τὸν
3340 4686 3525 4737 ἐκεῖνα
3558 4685 3765 4741 ἀντιτι-

2190 4754 2372 4835 θέντα,
2399 4770 2536 4823 ἀλλὰ
2561 4770 2656 4823 καὶ
2683 4770 2781 4840 τὴν
2805 4772 2861 4823 ἐν
2889 4770 2929 4821 Τ
2935 4770 3077 4840 ριάδι
3116 4770 3227 4824 τῶν
3251 4773 3411 4826 θείων
3452 4774 3767 4843 προσώπων

2189 4857 2321 4928 πρὸς
2351 4857 2557 4928 ἄλληλα
2610 4856 2771 4922 τάξιν
2812 4860 3172 4927 περιτρέπειν
3212 4860 3527 4930 συμϐαίνει.
3567 4862 3627 4915 ’0
3665 4864 3767 4933 μὶν

2189 4950 2297 5020 γὰρ
2331 4947 2457 5011 Υἱὸς
2512 4946 2608 5000 τοῦ
2656 4946 2869 5017 Πατρὸς
2899 4942 3059 5025 εἶναι.
3090 4946 3333 5015 λέγεται,
3362 4949 3426 5003 τὸ
3452 4950 3511 5004 δὲ
3536 4952 3766 5023 Πνεῦμα

2187 5037 2283 5089 τοῦ
2329 5036 2458 5089 Υιοῦ
2488 5052 2502 5065 ο
2552 5037 2647 5087 καὶ
2700 5037 2729 5087 ὀ
2775 5036 2877 5105 μὲν
2936 5035 3094 5105 μόνος
3154 5038 3219 5090 ὲκ
3267 5038 3431 5107 μόνου
3464 5042 3768 5112 μονογενὴς

2187 5132 2428 5200 λέγεται,
2466 5130 2561 5183 καὶ
2608 5130 2777 5200 μέχρι
2822 5129 3015 5184 τούτου
3063 5130 3213 5185 ἐστὶν
3251 5131 3405 5203 αὐτῷ
3448 5133 3510 5185 τὸ
3544 5135 3763 5204 ἰδίωμα,

2194 5228 2222 5278 ὅ
2253 5228 2398 5278 ἐστιν
2448 5225 2512 5277 ἐκ
2545 5225 2639 5276 τοῦ
2680 5222 2894 5291 Harpe;
2925 5223 3147 5293 ἁμέσωά
3169 5239 3187 5257 ·
3217 5224 3312 5278 καὶ
3335 5225 3419 5278 ὅτι
3447 5227 3478 5297 ἡ
3509 5225 3602 5280 τοῦ
3633 5226 3763 5281 Υίοῦ

2189 5315 2479 5385 ἐπίκλησις
2505 5315 2565 5367 τὸ
2598 5316 2820 5383 ἁμέσως
2847 5317 2913 5368 ἐκ
2940 5314 3033 5368 τοῦ
3069 5315 3250 5369 αἰτίου
3283 5316 3438 5388 δηλοί
3483 5320 3626 5373 κατὰ
3672 5321 3763 5374 τόν

2190 5409 2333 5463 θεῖον
2381 5407 2736 5477 Ἃναστάσιον
2780 5410 2838 5461 ὲν
2881 5409 2960 5479 τῷ
3002 5399 3322 5480 δογματικῷ
3369 5410 3539 5464 αὐτοῦ
3593 5412 3771 5482 λόγῳ,

2187 5502 2261 5564 ὡς
2296 5500 2548 5569 προϊοῦσι
2584 5502 2888 5570 φανήσεται
2910 5514 2924 5529 ο
2954 5499 3016 5553 τὸ
3046 5500 3102 5553 δὲ
3142 5500 3375 5573 Πνεῦμα
3418 5501 3480 5556 τὸ
3507 5500 3665 5573 ἅγιον
3690 5506 3759 5576 τῇ

2187 5594 2340 5659 τάξει
2402 5592 2582 5661 τρίτον
2641 5592 2748 5648 ἀπὸ
2814 5592 2908 5645 τοῦ
2960 5591 3175 5661 Πατρὸς
3232 5592 3587 5667 ὡμολόγηται
3642 5597 3757 5657 τοῖς

2190 5688 2389 5752 ἁγίοις,
2435 5688 2495 5737 οὐ
2548 5685 2656 5767 μὴν
2697 5687 2764 5756 τῇ
2794 5684 2953 5755 φύσει
2989 5686 3171 5756 τρίτον
3194 5701 3209 5715 θ
3235 5687 3330 5740 καὶ
3357 5687 3449 5741 τὸν
3478 5687 3577 5758 τὴν
3607 5688 3759 5752 τάξιν

2190 5778 2556 5851 μετατιθέντα
2615 5777 2710 5831 κα)⁸
2761 5779 3009 5832 ὁπωσοῦν
3061 5777 3305 5849 ἁρνητὴν
3343 5779 3444 5851 τῆς
3498 5781 3755 5845 πίστεως,
