4152 6292
470 297 578 364 θ’ιὸ
1638 308 1641 309 ⁷
1741 308 2125 370 DEMETR-ll
2165 306 2474 371 CYDONII
3605 295 3715 362 916

469 416 744 481 quatenus
775 412 1020 484 ejusdem
1050 411 1370 472 mammia-
1412 427 1540 473 sunt
1570 429 1759 474 mutuo
1784 419 2032 475 referun-

2159 422 2292 475 τοῦτο
2324 424 2432 491 γάρ
2452 422 2592 473 εἰσιν
2620 417 2698 483 ἓν,
2725 417 2816 471 καὶ
2842 415 2902 470 οὐ
2930 413 3180 483 λέγονται
3220 409 3358 483 πρός
3396 427 3471 464 τι.
3506 409 3570 464 Ἥ
3601 410 3716 481 γὰρ

471 513 584 560 tur.
615 505 828 576 Quippe
865 509 1170 565 secundum
1198 510 1302 565 hoc
1344 527 1509 565 unum
1539 523 1689 576 sunt,
1715 521 1769 566 et
1806 527 1913 568 non
1947 513 2035 566 di-

2159 511 2383 582 ιναφορὰ
2413 513 2505 566 ἐπὶ
2531 509 2625 564 δύο
2654 510 2972 578 θεωρεῖται·
3002 506 3100 561 καὶ
3128 506 3190 561 τὺ
3212 506 3295 570 ἓν,
3335 504 3530 573 ἐφόσον
3561 502 3715 556 ἐστὶν

466 607 671 654 cuntur
690 599 757 653 ad
790 600 1020 671 aliquid.
1061 598 1279 657 Etenim
1313 603 1507 658 relatio
1547 605 1691 658 inter
1716 603 1826 660 duo
1856 605 2037 660 consi-

2163 625 2191 659 ν
2219 605 2298 677 τῷ
2327 605 2636 674 πράγματι,
2662 599 3010 672 ἀναφορικῶς
3038 598 3174 668 πρὸς
3193 596 3356 650 ἑαυτὸ
3387 595 3450 646 οὐ
3471 593 3716 662 λέγεται,

469 691 723 766 iteratur;
756 699 922 762 atque
946 709 1136 760 unum,
1160 703 1434 764 quatenus
1467 709 1522 749 re
1563 712 1730 750 unum
1765 705 1872 762 est,
1899 699 2037 752 rela—

2159 697 2272 750 ιλλά
2322 696 2503 766 δῆλον,
2534 697 2618 749 ὅτι
2670 692 2807 746 καθὸ
2837 692 3104 759 πρόσωπα
3157 687 3297 758 πρὸς
3345 682 3551 754 ἄλληλά
3598 699 3720 746 πως

469 783 580 840 tive
619 764 685 838 ad
744 799 803 840 se
853 800 960 839 non
1009 785 1235 850 dicitur,
1291 786 1388 841 sed
1449 787 1708 843 nimirum
1763 799 2036 858 quatenus

2159 788 2341 853 τάξεως
2376 764 2600 858 ⁷ἔχουσι,
2645 785 2744 840 καὶ
2791 784 2936 838 κατὰ
2958 784 3056 854 τὴν
3084 780 3290 836 τούτων
3322 778 3579 848 ἀκίνητον
3622 773 3724 827 καὶ

467 890 717 943 personae
747 885 896 934 sunt.
939 876 1230 945 quemdam
1256 878 1501 932 ordinem
1536 878 1678 935 inter
1713 895 1772 934 se
1808 879 2034 945 habent,

2159 882 2313 934 ηδιον
2342 880 2482 949 προς
2512 878 2682 933 ἑαυτὰ
2704 877 2859 942 τάξιν
2885 876 3006 931 τόδε
3031 874 3192 928 τοῦδε
3218 872 3454 941 λέγεται,
3486 869 3581 922 καὶ
3599 865 3720 921 τόδε

466 968 696 1039 etjuxta
719 967 1118 1022 immutabilem
1144 978 1306 1038 atque
1337 977 1601 1023 aeternum
1636 970 1780 1025 inter
1804 985 1864 1026 se
1892 971 2042 1025 ordi-

2159 971 2314 1034 τοῦδε,
2341 972 2403 1024 τὸ
2429 971 2486 1025 δέ
2516 987 2570 1023 τι
2599 964 2760 1035 εἴναι,
2790 968 2998 1031 εἰκόνα,
3046 965 3079 1036 ἢ
3109 964 3363 1030 δύναμιν,
3411 960 3444 1031 ἢ
3481 958 3719 1030 φυσικὴν

467 1075 614 1123 nem,
641 1058 747 1114 hoc
775 1059 962 1132 hujus,
992 1070 1049 1115 et
1083 1060 1187 1116 hoc
1227 1059 1374 1116 illius
1400 1077 1520 1117 esse
1549 1062 1774 1132 dicitur,
1809 1062 1912 1118 hoc
1942 1063 2041 1118 ali-

2159 1066 2306 1134 ζωὴν,
2332 1064 2366 1135 ἦ
2393 1081 2448 1117 τι
2482 1061 2742 1116 τοιοῦτον.
2791 1059 2882 1125 Ἐξ
2907 1054 2982 1114 ὧν
3011 1057 3108 1114 καὶ
3139 1059 3174 1126 ἡ
3209 1054 3432 1122 πρόοδος
3463 1053 3604 1122 μετὰ
3622 1049 3724 1119 τῆς

468 1147 600 1219 quid
635 1163 776 1213 esse,
807 1150 1121 1222 imaginem,
1150 1151 1236 1205 vel
1261 1151 1582 1221 potentiam,
1615 1153 1698 1208 vel
1732 1154 2036 1210 naturalem

2159 1154 2497 1224 τροσωπικῆς
2515 1151 2695 1206 αὐτῶν
2725 1151 3016 1223 ὑπάρξεως
3047 1144 3547 1217 καταλαμϐάνεται.

469 1224 659 1314 vitam,
690 1246 776 1302 vel
807 1247 1012 1318 aliquid
1041 1248 1241 1304 simile.
1279 1250 1356 1306 Ex
1394 1251 1590 1320 quibus
1615 1251 1780 1306 etiam
1814 1267 2108 1321 processus
2122 1269 2230 1308 una
2265 1267 2388 1308 cum
2407 1251 2680 1324 personali
2705 1250 2903 1305 lterum
2921 1246 3243 1304 exsistentia
3263 1238 3716 1313 deprehenditur.

540 1343 831 1409 Praeterea,
876 1357 908 1396 a
936 1345 1143 1399 sanctis
1173 1354 1452 1400 ostensum
1495 1355 1600 1409 est,
1628 1358 1918 1416 propterea
1949 1349 2038 1403 Fio

2220 1350 2340 1403 Ἔτι
2373 1347 2527 1420 παρὰ
2570 1348 2678 1401 τῶν
2723 1346 2896 1411 ἁγίων
2946 1343 3218 1396 δέδεικται
3257 1338 3348 1393 διὰ
3378 1334 3536 1391 τοῦτο
3583 1327 3725 1385 εἶναι

484 1433 622 1486 lium
665 1448 788 1488 esse
816 1435 1338 1490 censubstantialem
1391 1435 1561 1500 Patri,
1602 1437 1871 1507 quodex
1918 1439 2049 1493 sub—

2159 1439 2244 1494 τδν
2271 1439 2400 1493 Υίὸν
2429 1438 2717 1511 ὁμοοῦσιον
2753 1435 2830 1506 τῷ
2886 1433 3088 1506 Πατρί,
3119 1431 3258 1486 διότι
3295 1429 3362 1483 ἐκ
3409 1426 3511 1496 τῆς
3535 1423 3727 1484 οὐσίας

471 1525 672 1580 stantia
705 1535 1010 1597 naturaque
1041 1527 1220 1584 Patris
1256 1538 1573 1598 generetur.
1599 1529 1756 1596 Quod
1794 1532 2046 1600 profecto

2159 1532 2246 1585 καὶ
2275 1532 2372 1601 τῆς
2427 1533 2642 1598 φύσεως
2693 1528 2787 1582 τοῦ
2828 1526 3043 1598 Πατρὶς
3094 1522 3375 1591 γεννᾶται.
3415 1519 3483 1571 '0
3525 1514 3592 1584 δὴ
3630 1511 3727 1566 καὶ

469 1624 528 1671 et
556 1615 629 1672 ab
658 1615 772 1685 ipsa
809 1617 1137 1688 .Operatione
1186 1618 1546 1675 manifestum
1579 1631 1684 1676 est.
1725 1622 1862 1689 Quia
1894 1624 2041 1678 enim

2159 1621 2238 1675 ἐπ’
2264 1621 2432 1690 αὐτῆς
2460 1619 2560 1690 τῆς
2592 1614 2877 1690 ’ἐνεργείας
2926 1615 3182 1684 φανερόν.
3235 1612 3390 1715 Διότι.
3411 1607 3538 1715 γὶρ.
3557 1607 3584 1658 ὁ
3619 1603 3726 1715 ιιι-

472 1706 671 1763 Petrus
698 1724 766 1763 ex
810 1717 1006 1763 natura
1041 1708 1212 1766 Joana
1248 1712 1555 1766 secundum
1587 1727 1807 1768 causam
1856 1729 2043 1770 essen-

2159 1732 2268 1786 προς
2295 1716 2357 1767 ἐκ
2393 1714 2491 1782 τῆς
2525 1711 2740 1784 φύσεως
2761 1710 2858 1765 τοῦ
2897 1710 3096 1764 Ἰωανᾶ
3120 1705 3245 1762 κατ’
3277 1702 3471 1802 αἰτίαν.
3484 1695 3722 1802 οὐσιὼὁη

475 1798 661 1853 tialem
686 1799 1068 1855 exsistentiam
1096 1801 1286 1867 habet,
1313 1801 1520 1857 idcirco
1553 1803 1798 1873 ejusdem
1835 1811 2049 1859 natura:

472 1905 597 1942 cum
625 1893 742 1960 ipso
768 1901 944 1960 est,et
981 1892 1125 1946 illius
1156 1894 1278 1966 ejus
1295 1908 1412 1948 esse
1437 1893 1559 1965 jure
1589 1894 1800 1964 optimo
1829 1894 2054 1951 dicitur.

471 1981 728 2051 Alioquin
749 1999 857 2038 non
874 1993 1018 2039 esset
1043 1984 1209 2052 tilius,
1236 1984 1330 2039 sed
1350 1984 1518 2040 frater
1535 1985 1619 2041 vel
1637 2002 1706 2057 qu
1717 1987 2056 2043 omodoeun-

472 2086 583 2139 que
608 2073 768 2128 aliter
788 2075 1098 2132 secundum
1121 2075 1528 2143 similitudinis,
1564 2095 1658 2133 seu
1687 2077 1966 2135 afﬁnitatis
1981 2078 2050 2134 ad

473 2163 683 2218 similes
707 2164 1141 2235 reciprocantem
1182 2168 1662 2236 consequentiam.
1694 2169 1953 2234 Quamvis
1997 2168 2051 2224 in

485 2251 572 2314 iis,
604 2269 726 2323 qua:
769 2264 899 2310 sunt
952 2271 1049 2325 per
1081 2258 1494 2325 generationem
1554 2272 1604 2314 et
1638 2262 2050 2331 corruptionem

474 2345 644 2400 etiam
671 2347 873 2417 absque
894 2363 960 2402 eo
990 2347 1135 2418 quod
1165 2349 1399 2404 alterum
1446 2350 1514 2404 ab
1541 2351 1717 2407 altero
1747 2356 2050 2410 naturalem

480 2452 703 2492 causam
734 2440 1070 2495 exsisteutiae
1107 2441 1327 2507 haheat,
1362 2442 1478 2497 ﬂeri
1512 2453 1720 2514 potest,
1753 2455 1814 2500 ut
1850 2461 2048 2502 secun-

477 2532 610 2586 dum
662 2533 956 2601 quamdam
998 2537 1239 2607 materiae
1288 2537 1606 2594 allinitatent
1657 2541 1761 2596 hoc
1794 2540 1961 2613 hujus
1995 2554 2052 2599 et

479 2623 681 2682 simile.
718 2625 801 2680 vel
846 2627 1311 2683 consobstantiale
1352 2629 1676 2700 simpliciter
1709 2632 1961 2694 dicatur;
1996 2643 2052 2688 at

476 2729 620 2794 vero.
653 2716 706 2770 in
740 2717 875 2782 Deo,
901 2718 993 2773 ubi
1021 2735 1128 2773 uon
1156 2727 1242 2774 est
1274 2706 1528 2789 materia,
1558 2733 1616 2778 et
1643 2732 1842 2780 cuncta
1879 2734 2052 2780 mate-

478 2811 634 2867 rialia
674 2811 892 2876 absunt,
934 2825 1113 2882 neque
1148 2814 1450 2869 secundum
1491 2830 1800 2884 excessum,
1838 2825 1894 2873 et
1952 2818 2053 2873 de-

484 2904 713 2970 fectum,
745 2919 925 2974 neque
990 2914 1051 2958 ut
1100 2906 1532 2976 possessionem.
1565 2923 1746 2976 neque
1777 2918 1838 2964 ut
1885 2924 2046 2978 opus,

481 3009 665 3065 neque
697 2995 1196 3066 quomodocunque
1235 2997 1396 3053 aliter
1431 2998 1548 3052 ﬁeri
1592 3009 1770 3065 potest
1801 3009 1863 3055 ut
1899 3001 2043 3056 dira-

484 3097 572 3141 tur
602 3089 904 3142 secundum
933 3088 1097 3144 talem
1149 3089 1496 3156 aliinitatem,
1528 3092 1778 3163 preteeto
1818 3109 1928 3150 non
1959 3111 2048 3151 se-

481 3167 726 3234 cundum
757 3180 918 3234 aliam
964 3181 1236 3237 rationem
1275 3183 1380 3238 hoc
1415 3183 1580 3253 hujus
1613 3184 1731 3240 ﬁeri
1763 3198 1944 3255 potest
1993 3195 2052 3242 ut

481 3269 724 3335 dicatur,
776 3281 835 3326 et
861 3272 1335 3328 consubstantiale
1363 3275 1456 3339 sit,
1509 3276 1614 3330 nisi
1643 3277 1772 3346 quia
1830 3293 1896 3333 ex
1935 3278 2054 3349 ipso

482 3377 706 3418 causam
743 3363 968 3420 habeat.
1006 3364 1208 3419 Eadem
1255 3365 1423 3434 igitur
1467 3368 1678 3423 ratione
1723 3383 1832 3424 non
1882 3369 2056 3440 8ρίιί-

482 3461 574 3509 ιυε
594 3468 716 3510 esse
750 3453 870 3509 Filii
903 3454 1131 3520 dicitur,
1162 3464 1219 3510 et
1247 3455 1412 3511 etiam
1446 3458 1717 3526 potentia,
1750 3469 1808 3515 et
1831 3471 2059 3516 natura-

484 3544 552 3600 lis
587 3554 756 3617 atque
802 3545 1115 3602 essentialis
1144 3545 1275 3613 vita,
1323 3557 1380 3602 et
1427 3550 1547 3618 ejus
1596 3551 1865 3620 Operatio,
1905 3560 1963 3606 et
1988 3567 2056 3606 ex

481 3635 787 3691 substantia
815 3638 937 3708 ejus
964 3653 1109 3702 esse,
1163 3639 1422 3707 quoniam
1467 3649 1528 3693 ut
1577 3640 1678 3710 ipsi
1707 3642 1884 3706 aiunt,
1928 3658 2058 3699 con-

484 3729 860 3786 substantialis
883 3739 967 3786 est
993 3730 1130 3800 ipsi;
1173 3733 1268 3787 sed
1297 3735 1424 3805 quia
1451 3749 1519 3789 et;
1552 3733 1713 3790 Patre
1751 3752 1848 3806 per
1873 3736 2052 3806 ipsum

483 3820 682 3875 Filium
727 3823 1029 3891 personalis
1068 3839 1180 3879 suae
1221 3826 1552 3881 exsistentiat
1599 3841 1816 3881 causam
1868 3827 2055 3892 habet,

485 3921 776 3983 propterea
801 3914 916 3969 haec
935 3930 1055 3970 esse
1076 3915 1314 3986 Spiritus
1345 3915 1466 3972 Filii
1498 3917 1724 3985 dicitur,
1747 3931 1802 3972 ct
1835 3934 1902 3972 cx
1927 3920 2055 3975 sub-

484 4005 681 4058 stantia
698 4005 817 4076 ejus
838 4021 982 4068 esse,
1013 4017 1069 4062 et
1099 4010 1583 4065 eonsubstantialis
1613 4026 1733 4066 esse
1764 4011 1890 4082 ipsi,
1922 4029 2060 4082 prm—

484 4097 677 4150 sertim
723 4110 847 4150 cum
893 4111 1002 4150 non
1063 4107 1420 4152 convertatur
1479 4099 1675 4154 horum
1735 4103 1930 4156 relatio
1985 4103 2054 4157 ad

486 4187 779 4256 Spiritum.
833 4190 966 4254 Qua
1009 4203 1141 4246 sane
1172 4192 1460 4260 oportebat
1508 4201 1567 4246 ut
1610 4203 2054 4264 converteretur,

2157 1807 2257 1876 τὴν
2287 1805 2519 1876 ὓπαρξιν
2541 1803 2675 1874 ἔχει,
2703 1803 2793 1856 διὰ
2820 1800 2980 1856 τοῦτο
3007 1799 3108 1870 τῆς
3137 1795 3310 1866 αὐτῆς
3332 1790 3482 1863 αὐτῷ
3513 1789 3730 1858 φύσεώς

2158 1898 2295 1962 ἔστι,
2330 1900 2425 1950 καὶ
2454 1897 2567 1958 υίὸς
2605 1894 2771 1948 αὐτοῦ
2804 1889 2943 1946 εἶναι
2987 1890 3202 1960 λέγεται
3243 1886 3486 1946 εἰκότως.
3521 1879 3730 1940 Ἀλλως

2156 1990 2264 2058 γὰρ
2290 1989 2389 2043 οὐκ
2418 1988 2484 2043 ἂν
2509 1983 2579 2060 ἦν
2599 1987 2735 2050 υίὸς,
2767 1985 2884 2039 ἀλλ’
2920 1982 3172 2053 ἀδελφὸς,
3209 1979 3244 2050 ἢ
3273 1974 3525 2032 ὁπωσοῦν
3554 1971 3730 2034 ἄλλως

2157 2080 2300 2134 κατὰ
2347 2081 2444 2150 τὴν
2473 2079 2572 2151 τῆς
2601 2078 2919 2150 ὁμοιότητος
2987 2076 3022 2147 ἢ
3054 2072 3385 2141 οἰκειότητος
3438 2065 3577 2139 πρὸς
3607 2063 3731 2127 τοὺς

2153 2171 2374 2240 ὁμοίους
2397 2171 2866 2242 ἀντιστρέφουσαν
2903 2165 3248 2224 ἀκολουθίαν.
3281 2161 3476 2216 Καίτοι
3506 2157 3600 2212 ἔπι
3629 2155 3730 2226 μὶν

2153 2264 2265 2316 τῶν
2283 2264 2341 2316 ἐν
2368 2262 2583 2330 γενέσει
2615 2263 2709 2317 καὶ
2741 2261 2940 2333 φθορᾷ,
2964 2259 3058 2315 καὶ
3085 2255 3254 2330 χωρὶς
3282 2253 3472 2308 τούτου
3514 2249 3578 2303 τδ
3607 2248 3728 2302 ἓτε-

2155 2370 2248 2424 ρον
2272 2353 2332 2419 ἒξ
2353 2352 2545 2422 ἐτέρου
2589 2353 2689 2424 τὴν
2739 2352 2975 2423 φυσικὴν
3003 2349 3186 2403 αἰτίαν
3222 2346 3370 2416 ἔχειν
3418 2341 3520 2412 τῆς
3545 2338 3732 2405 ὕπάΡ⁹

2154 2444 2313 2511 ξεως,
2361 2443 2590 2499 δυνατὸν
2617 2444 2759 2500 κατά
2786 2461 2906 2498 τινα
2957 2443 3056 2509 τῆς
3087 2441 3220 2511 ὕλης
3253 2435 3562 2505 οἰκειότητα
3607 2429 3728 2486 τόδε

2152 2536 2307 2592 τοῦδε
2361 2534 2615 2606 λέγεσθαι
2645 2536 2741 2591 καὶ
2776 2536 2961 2606 ὅμοιον
3006 2533 3038 2602 ἢ
3070 2525 3569 2602 ὁμοοῦσιοψὰπλῶς
3589 2537 3606 2556 ·
3635 2520 3734 2576 hct

2149 2629 2208 2684 δὲ
2242 2630 2335 2683 τοῦ
2362 2628 2520 2697 Θεοῦ,
2553 2627 2676 2682 ἐπεὶ
2713 2629 2772 2681 ὲν
2802 2626 2948 2696 αὑτῴ
2979 2629 3012 2697 ή
3045 2623 3145 2696 ῦλη
3177 2622 3274 2676 καὶ
3318 2621 3499 2677 πάντα
3523 2617 3595 2672 τὰ
3632 2615 3734 2685 τῆς

2154 2721 2285 2795 ὕλης
2339 2723 2557 2788 ἄπεστι,
2593 2721 2686 2776 καὶ
2716 2719 2839 2774 οὔτε
2871 2718 2994 2774 καθ’
3014 2716 3299 2798 ,ὑπεροχήν
3325 2730 3384 2766 τε
3417 2711 3513 2767 καὶ
3552 2707 3732 2764 ελλειο

2149 2814 2266 2886 ψιν,
2290 2813 2412 2868 οὔτε
2443 2813 2518 2878 ὡς
2547 2812 2812 2884 κτῆμα,ἢ
2847 2810 3077 2880 ποίημα,
3112 2806 3226 2862 οὗθ’
3255 2803 3506 2861 ὁπωσοῦν
3554 2799 3736 2863 ἄλλως

2151 2907 2374 2961 δύναται
2406 2906 2659 2974 λέγεσθαι
2689 2905 2849 2958 ’κατὰ
2874 2901 3131 2971 τοιαύτην
3163 2900 3492 2965 οἰκειότητα,
3516 2893 3578 2948 οὗ
3608 2889 3734 2952 καθ’

2151 2999 2341 3071 ἓτερον
2384 2999 2556 3070 δήπου
2611 2998 2767 3064 λόγον
2809 2996 2926 3050 τόδε
2958 2993 3110 3047 τοῦδε
3167 2989 3419 3059 λέγεσθαι
3454 2985 3731 3055 ἐνδέχεται

2156 3095 2254 3149 καὶ
2278 3092 2569 3162 ὁμοοῦσιον
2609 3091 2912 3161 ὑπάρχειν,
2963 3088 2996 3159 ἢ
3051 3089 3138 3141 ὅτι
3184 3085 3284 3155 τὴν
3317 3081 3500 3134 αἰτίαν
3528 3079 3643 3149 ἔχει
3673 3075 3735 3141 ιε

2155 3183 2348 3241 αὐτοῦ.
2386 3185 2543 3240 Κατὰ
2567 3184 2658 3237 τὸν
2692 3183 2857 3236 αὑτὸν
2902 3180 3082 3234 τοίνυν
3126 3177 3307 3246 λόγον.
3360 3177 3460 3228 οὔκ
3504 3171 3617 3242 ἄρα
3641 3167 3733 3224 τοῦ

2159 3275 2288 3332 Υίοῦ
2318 3276 2380 3331 τδ
2429 3275 2654 3347 Πνεῦμα
2682 3270 2822 3328 εἶναι
2855 3273 3092 3341 λέγεται,
3139 3270 3236 3324 καί.
3254 3268 3320 3339 δὴ
3348 3265 3444 3321 καὶ
3474 3264 3732 3332 δύναμις,

2157 3373 2250 3426 καί
2278 3368 2482 3441 φυσικὴ
2521 3370 2615 3422 καὶ
2667 3365 2932 3437 οὐσιὼδης
2978 3366 3092 3434 ζωὴ
3136 3365 3230 3415 καὶ
3263 3360 3516 3429 ἐνέργεια
3546 3351 3734 3420 αὐτοῦ,

2160 3465 2255 3519 καὶ
2293 3464 2357 3516 ἐκ
2385 3462 2482 3532 τῆς
2508 3461 2696 3522 οὐσίας
2725 3454 2868 3512 εἶναι
2900 3455 3088 3519 αὐτοῦ,
3115 3456 3221 3518 ὃτι,
3252 3453 3328 3517 ὡς
3358 3450 3515 3505 αὐτοί
3546 3463 3733 3518 φασιν,

2162 3556 2445 3628 ὁμοούσιον
2478 3548 2616 3608 εἶναι
2641 3551 2810 3623 αὐτῷ,
2844 3549 2981 3604 ἀλλὰ
3025 3548 3160 3602 διότι
3207 3547 3272 3599 lx
3295 3543 3390 3598 τοῦ
3418 3541 3632 3613 [ἰατρὸς
3666 3538 3733 3594 δι’

2163 3649 2330 3703 αὑτοῦ
2375 3648 2470 3701 τοῦ
2517 3647 2648 3700 Υίοῦ
2697 3645 2798 3718 τὴν
2861 3643 3043 3698 αἰτίαν
3075 3641 3188 3712 ἔχει
3238 3639 3340 3706 τῆς
3378 3633 3734 3708 προσωπικῆς

2161 3741 2452 3810 ὑπάρξεως
2483 3739 2673 3802 αὑτοῦ,
2703 3737 2792 3791 διὰ
2820 3737 2981 3790 τοῦτο
3001 3733 3172 3788 ταῦτα
3221 3726 3363 3786 εἶναι
3388 3729 3609 3798 λέγεται
3639 3723 3733 3780 τοῦ

2161 3833 2293 3889 Υἱοῦ
2322 3833 2384 3886 τὸ
2417 3830 2663 3902 Πνεῦμα,
2692 3832 2788 3884 καί⁸
2819 3832 2883 3882 ὲκ
2912 3827 3010 3899 τῆς
3033 3825 3219 3890 οὐσίας
3244 3824 3410 3880 αὐτοῦ
3434 3815 3599 3886 εἶναι,
3643 3817 3735 3874 καὶ

2157 3928 2440 4000 ὁμοούσιον
2465 3925 2640 3997 αὐτῷ,
2701 3922 2918 3995 μάλισθ’
2970 3924 3053 3976 ὅτι
3094 3920 3191 3974 καί
3237 3919 3359 3974 οὐδὲ
3385 3913 3734 3987 ἀντιστρέφει

2155 4020 2363 4074 τούτων
2390 4020 2422 4085 ἡ
2446 4020 2630 4088 σχέσις
2651 4018 2757 4071 ἀπὸ
2785 4014 2878 4070 τοῦ
2894 4013 3026 4070 Υίοῦ
3059 4014 3197 4084 πρὸς
3219 4012 3281 4067 τὸ
3309 4012 3566 4082 Πνεῦμα’
3592 4008 3735 4078 ἅπερ

2159 4112 2345 4183 ἐχρῆν.
2377 4113 2427 4165 εἰ
2478 4111 2620 4165 κατὰ
2648 4109 2738 4164 τὸν
2768 4109 2948 4163 κοινὸν
2989 4109 3114 4179 ὅρον
3142 4107 3243 4178 τῆς
3285 4103 3431 4160 κατὰ
3452 4103 3557 4176 τὴν
3584 4104 3736 4157 ἀντι-

2161 4203 2404 4274 στροφὴν
2429 4201 2754 4265 ἀκολουθίας
2768 4201 3070 4255 ἀπεὸίδοτοο
3095 4199 3172 4263 ὡς
3192 4197 3429 4270 εἴρηται,
3467 4195 3628 4268 εἶαρ
3651 4191 3736 4249 διὰ

486 4281 534 4335 si
565 4280 867 4336 secundum
903 4298 1250 4339 communem
1291 4284 1668 4340 deﬁnitionem
1712 4302 2055 4358 consequen-

2163 4297 2225 4350 τ’)
2254 4297 2542 4367 ὁμοοὺσιον
2572 4297 2758 4350 ὲκείνα
2785 4295 2968 4348 πάντα
2999 4293 3245 4363 ἐλέγετο.

487 4381 595 4447 tiae,
625 4396 748 4451 quae
777 4389 861 4435 est
908 4381 1215 4438 secundum
1257 4382 1773 4454 reciprocationem,
1844 4389 2265 4460 assignaretur:
2311 4401 2374 4448 ut
2433 4392 2646 4448 dictum
2673 4399 2797 4458 est,
2851 4389 2899 4447 si
2967 4396 3196 4462 propter
3255 4380 3738 4442 consubstantiali-

489 4483 656 4530 tatem
695 4475 784 4529 illa
823 4475 1008 4530 omnia
1046 4477 1385 4532 dicerentur.

561 4569 853 4635 Praeterea,
883 4569 928 4622 si
966 4569 1081 4623 inec
1110 4570 1293 4624 omnia
1337 4570 1459 4625 Filii
1496 4587 1617 4627 esse
1656 4571 1899 4643 Spiritus
1923 4572 2061 4629 dici-

491 4673 602 4727 tur,
633 4648 894 4734 quoniam
937 4671 1022 4717 est
1047 4662 1148 4732 ipsi
1186 4663 1692 4732 consubstantiaiis,
1733 4667 2058 4722 alterutrum

491 4770 716 4811 necesse
739 4763 844 4819 est,
873 4756 956 4810 vel
979 4771 1042 4810 ex
1070 4756 1186 4811 solo
1211 4757 1368 4812 Patre
1395 4759 1557 4813 ambo
1576 4773 1697 4814 esse
1723 4760 2058 4824 immediate,

488 4849 644 4903 nullo
675 4848 891 4911 ordine,
932 4863 996 4903 ac
1027 4850 1294 4904 relatione
1322 4849 1672 4906 considerata
1705 4853 1761 4907 in
1803 4851 1964 4918 Filio,
2007 4864 2062 4910 et

493 4936 728 5009 Spiritu,
760 4938 841 4992 wl
871 4937 1105 4993 alterum
1127 4954 1193 4994 ex
1249 4939 1422 4994 altero
1457 4941 1832 4997 exsistentiam
1880 4943 2054 4999 habe-

491 5047 573 5087 re.
599 5027 706 5086 Sed
742 5030 785 5086 si
817 5029 1075 5100 primum,
1109 5028 1305 5085 fratres
1349 5041 1513 5086 erunt
1538 5033 1681 5088 inter
1716 5048 1774 5087 se
1806 5033 1978 5090 Filius
2008 5042 2063 5088 et

494 5124 770 5194 Spiritus;
807 5139 926 5193 quze
964 5121 1111 5177 enim
1159 5138 1223 5178 ex
1264 5138 1368 5177 una
1405 5139 1640 5193 persona
1679 5135 1827 5191 sunt,
1881 5143 2064 5198 neque

493 5216 665 5270 ullum
699 5215 902 5270 habent
940 5215 1187 5270 ordinem
1253 5215 1401 5270 inter
1449 5231 1507 5270 se
1569 5232 1682 5272 sua:
1728 5218 2064 5275 exsistentia:

495 5311 693 5365 fratres
733 5319 863 5365 sunt
914 5310 1058 5364 inter
1093 5323 1187 5374 se;
1216 5308 1302 5364 vel
1366 5308 1862 5381 quomodoeunque
1905 5311 2065 5367 aliter

496 5406 799 5461 secundum
823 5401 1093 5474 ejusmodi
1135 5400 1477 5458 aliinitatcm.
1512 5401 1627 5458 Hoc
1660 5413 1842 5458 autem
1873 5405 2066 5461 absur-

495 5501 626 5552 dum
662 5506 769 5553 est.
798 5496 993 5551 Essent
1021 5495 1168 5549 enim
1205 5494 1316 5548 duo
1368 5494 1462 5548 ﬁlii
1496 5494 1554 5549 in
1597 5493 1867 5552 Trinitate
1897 5514 1911 5563 ;
1941 5497 2053 5553 imo

495 5607 628 5646 vero
664 5571 771 5646 nou
804 5599 951 5646 esset
992 5587 1258 5644 Trinitas.
1303 5587 1518 5658 Quippe
1563 5588 1760 5643 merito
1791 5599 2066 5666 qurererct

497 5685 718 5757 aliquis,
742 5699 854 5758 quo
881 5683 1054 5740 Filius
1090 5680 1440 5738 discernatur
1462 5697 1488 5734 a
1522 5679 1754 5753 Spiritu.
1789 5682 2058 5749 Quoniam

2237 4572 2379 4636 Ἔτι,
2425 4572 2472 4625 εἰ
2523 4571 2700 4628 πάντα
2746 4569 2921 4625 ταῦτα
2952 4568 3048 4624 τοῦ
3085 4567 3218 4623 Υίοῦ
3247 4566 3310 4622 τδ
3339 4564 3561 4623 Πνεῦμα
3597 4556 3736 4620 εἶναι

2163 4666 2402 4734 λέγεται,
2455 4663 2589 4718 διότι
2623 4663 2770 4718 ιστίν
2801 4663 3085 4733 ὁμοοῦσιον
3118 4661 3268 4732 αὐτῷ
3291 4675 3306 4690 ⁸
3335 4661 3484 4715 δυοῖν
3524 4659 3732 4729 ἀνάγκη

2164 4759 2389 4830 θάτερον
2408 4799 2423 4822 ,
2454 4757 2486 4828 ἢ
2516 4759 2581 4812 ἐκ
2636 4758 2800 4828 μόνου
2837 4754 2934 4810 τοῦ
2971 4755 3184 4826 [ἰατρὸς
3210 4749 3348 4807 εἶναι
3373 4752 3614 4821 ἀμισως,
3646 4751 3734 4805 καὶ

2165 4854 2331 4924 ἄμφω
2363 4852 2634 4923 μηδεμιᾶς
2665 4850 2869 4915 τάξεως
2916 4850 3012 4902 καὶ
3036 4848 3269 4918 σχέσεως
3301 4842 3734 4915 ἀνθεωρουμένης

2163 4947 2279 5017 Υίῷ
2321 4946 2415 5000 καὶ
2441 4946 2739 5016 Πνεῦματι,
2776 4944 2810 5015 ἦ
2863 4943 2922 4996 τὸ
2956 4941 3015 4996 ἓν
3047 4944 3105 5008 ἐξ
3143 4940 3330 5012 ἑτέρου
3373 4939 3472 5011 τὴν
3505 4936 3732 5008 ὓπαρξιν

2166 5041 2331 5110 ἔχειν.
2373 5038 2514 5092 Ἀλλ’
2550 5039 2600 5091 εἰ
2628 5037 2728 5107 μὲν
2759 5037 2820 5090 τὸ
2873 5035 3110 5106 πρῶτον,
3142 5032 3350 5102 ἀδελφὰ
3389 5031 3645 5103 ἀλλήλοις
3670 5028 3734 5084 ἃν

2166 5132 2250 5202 εἴη
2275 5135 2304 5186 ὁ
2322 5131 2447 5195 Υίὺς
2478 5131 2654 5186 καὶτὸ
2683 5129 2931 5199 Πνεῦμιιο
2952 5130 3019 5183 τὰ
3045 5129 3156 5198 γὰρ
3186 5127 3246 5192 ἐξ
3267 5125 3384 5191 ἑνὸς
3412 5125 3542 5180 ὁντα
3565 5138 3730 5194 apoc-

2163 5223 2337 5285 ὡπου.
2387 5223 2661 5294 μηδεμίαν
2722 5222 2779 5276 δὲ
2827 5223 2962 5292 πρὸς
3005 5220 3208 5292 ἄλληλα
3235 5218 3389 5285 τάξιν
3430 5219 3622 5290 ἔχοντα
3642 5214 3732 5289 τῆς

2166 5315 2453 5386 ὑπάρξεως
2478 5316 2683 5382 αὐτῶν,
2710 5314 2917 5383 ἀδελφά
2944 5315 3080 5368 εἰσιν
3112 5312 3361 5384 ἀλλήλοις
3380 5327 3393 5341 ’
3425 5311 3457 5382 ἢ
3485 5307 3727 5365 ὁπωσοῦν

2169 5408 2340 5472 ἄλλως
2368 5409 2505 5462 κατὰ
2540 5410 2639 5478 τὴν
2669 5407 2924 5476 τοιαύτην
2956 5407 3285 5475 οἰκειότητα.
3327 5402 3498 5458 Τοῦτο
3532 5402 3590 5456 ὁὶ
3615 5401 3732 5455 ἆτο-

2170 5518 2292 5554 πον.
2329 5501 2452 5556 Υἰοὶ
2483 5500 2589 5571 γὰρ
2619 5500 2711 5554 δύο
2738 5495 2850 5554 εἷεν
2885 5498 2953 5553 ἂν
2989 5501 3048 5552 ἐν
3077 5500 3141 5570 τῇ
3198 5494 3389 5568 Τριάδι
3413 5511 3430 5527 ’
3464 5493 3664 5566 μᾶλλον
3679 5491 3732 5546 ὁὶ

2167 5594 2287 5647 οὐδὲ
2317 5593 2487 5664 Τριὰς
2535 5593 2641 5661 εἴη.
2663 5593 2925 5662 Ζητήσειε
2957 5591 3067 5664 γὰρ
3109 5591 3175 5646 ἄν
3208 5607 3291 5652 τις
3317 5588 3560 5654 εἰκότως,
3583 5586 3684 5641 τίνι
3709 5585 3734 5639 ὁ

2171 5685 2296 5739 Υίῦε
2329 5684 2420 5737 τοῦ
2455 5685 2765 5757 Πνεῦματος
2788 5684 3146 5750 διακρίνεται·
3207 5680 3330 5738 ἐπεὶ
3361 5682 3424 5735 ἐν
3446 5673 3562 5748 rei;
3577 5675 3733 5746 οιίοις
