4124 6300
307 411 415 477 917

304 526 405 582 οὐκ
433 527 561 582 ἄλλο
603 529 704 601 τῆς
734 532 1063 606 διακρίσεως
1115 543 1290 598 αἴτιόν

306 621 412 714 τῷν
443 623 643 714 raptim;
693 628 942 686 ἀπόντων
990 634 1024 706 ἦ
1076 637 1136 691 τὸ
1168 638 1270 708 μὲν
1314 644 1486 698 αἴτιον
1539 621 1798 714 εῖναιρτδ
1823 649 1884 704 δὲ

304 713 561 794 αίτιατόν.
595 716 853 774 Λείπεται
907 723 1085 778 τοίνυν
1116 728 1178 782 τὸ
1207 729 1484 804 δεύτερον,
1511 713 1752 806 δηλονότι
1788 720 1884 793 0&-

302 819 461 872 τερον
490 806 546 870 ἐξ
577 809 766 880 ἑτέρου
793 815 892 885 τὴν
925 814 1161 889 ὕπαρξιν
1191 821 1357 894 ἔχειν.
1390 825 1547 880 Ἐπεὶ
1595 830 1691 884 καὶ
1719 830 1886 885 δέδει-

306 912 432 952 κται
460 899 521 951 τὸ
568 902 854 970 όμοούσιον
892 907 1145 965 ἐντεῦθεν
1171 913 1264 967 hri.
1304 916 1414 970 τῶν
1455 917 1617 974 θείων
1655 921 1888 989 συνάγε-

306 990 449 1056 σθαι,
481 992 618 1048 διότι
645 995 872 1071 θάτερον
891 1001 951 1066 ἐξ
969 1003 1157 1075 ἐτέρου
1179 1008 1328 1063 ἐστὶν
1358 1009 1434 1073 ὡς
1454 1012 1636 1077 αἰτίας
1667 1013 1886 1071 ἑαυτοῦ.

317 1080 460 1136 Ἀλλ’
484 1086 512 1138 ό
537 1087 637 1157 μὲν
666 1088 794 1154 Υἱὸς
822 1091 922 1147 οὐκ
949 1093 1016 1148 ἂν
1041 1098 1104 1151 ἐκ
1146 1097 1242 1152 τοῦ
1293 1102 1614 1173 Πνεὺματος
1652 1104 1888 1173 λέγοιτο.

409 1175 515 1247 γὰρ
546 1178 614 1234 ἂν
647 1181 938 1252 συμϐαίνοι
967 1185 1036 1242 τὰ
1064 1181 1217 1260 παρὰ
1246 1193 1348 1262 τῆς
1376 1193 1601 1266 Γραφῆς
1632 1198 1770 1268 πρὸς
1797 1200 1892 1254 τὸν

311 1265 436 1320 Υίδν
464 1269 824 1344 ἀποδιδόμενα
854 1277 931 1348 τῷ
964 1279 1242 1352 Πνεῦματι
1273 1300 1289 1317 ·
1336 1265 1687 1354 μάλισθ’γότι-
1713 1291 1808 1344 καὶ
1831 1293 1891 1345 τὸ

307 1360 533 1433 Πνεῦμα
563 1364 626 1419 ἐκ
657 1365 751 1420 τοῦ
799 1369 1010 1438 Πατρδς
1059 1373 1147 1427 διὰ
1181 1375 1273 1428 τοῦ
1308 1376 1438 1430 Υῐοῦ
1494 1381 1894 1451 ἐκπορεύεσθαι

308 1455 462 1525 παρὰ
489 1457 599 1511 τῶν
628 1458 964 1517 διδασκάλων
996 1465 1326 1535 θεολογεῖται
1350 1487 1364 1501 ο
1410 1466 1582 1542 οὗπερ
1634 1473 1895 1541 ἐναντίως

308 1544 522 1638 ἔχοντος
558 1551 592 1622 ἢ
622 1551 777 1618 τάξις
811 1559 952 1634 μετὰ
980 1559 1081 1627 τῆς
1110 1562 1472 1635 προσωπίκῆς
1499 1564 1683 1619 αὐτῶν
1713 1568 1895 1638 ὑπάρα

311 1637 447 1704 ξεως
473 1641 920 1716 ἀναιρεθήσεται.
957 1649 1071 1704 Οὐκ
1108 1650 1218 1723 ἄρα
1240 1652 1466 1722 Πνεῦμα
1492 1655 1624 1709 Υῑοῦ
1653 1654 1895 1724 λέγεται,

309 1730 442 1787 διότι
461 1733 747 1802 ὀμοούσιόν
778 1739 925 1791 ἐστιν
950 1741 1122 1812 αὐτῷ,
1165 1743 1281 1797 ἀλλ’
1303 1746 1389 1800 ὅτι
1427 1746 1488 1810 ἐξ
1517 1747 1686 1802 αὐτοῦ
1720 1749 1892 1810 ἐστιν.

311 1824 394 1909 εις
422 1825 587 1880 αὑτὸν
619 1829 969 1902 ἀναφέρεται.
1003 1835 1094 1888 Διὸ
1135 1836 1231 1890 καὶ
1269 1837 1334 1891 ὲκ
1368 1838 1471 1909 τῆς
1510 1840 1699 1905 οὐσίας
1731 1839 1897 1895 αὑτοῦ

309 1894 552 1987 λέγεται,
585 1921 681 1976 καὶ
709 1894 993 1992 ὁμοούσιον
1019 1926 1166 1999 αὒτῷ
1195 1903 1384 1984 ἐστιν..

389 2097 512 2151 Ἔτι
540 2098 599 2153 τδ
625 2099 742 2155 τόδε
781 2102 936 2157 τοῦδε
985 2105 1244 2175 λέγεσθαι
1275 2108 1589 2181 πλεοναχῶς
1641 2113 1862 2182 λέγεται
1882 2130 1902 2145 ο

313 2189 543 2264 καὶγὰρ
591 2192 668 2256 ὼς
694 2195 904 2267 κτῆμα,
937 2199 1030 2253 καὶ
1065 2199 1295 2270 ποίημα,
1344 2204 1438 2256 καὶ
1483 2205 1753 2276 γέννημα,
1804 2209 1902 2262 καὶ

315 2285 503 2355 μέρος,
536 2289 629 2340 καὶ
650 2288 904 2358 ὄργανον,
938 2293 1033 2346 καὶ
1056 2294 1156 2347 ὅσα
1180 2295 1408 2351 τοιαῦτα
1427 2313 1441 2330 ⁸
1467 2298 1602 2352 ἀλλὰ
1627 2299 1687 2352 τὸ
1705 2301 1901 2371 όμοού-

313 2394 428 2434 σιον
474 2381 566 2433 ἐπ’
598 2382 928 2442 ὲλλαττόνων
968 2387 1213 2457 λέγεται.
1239 2391 1357 2460 Ἐφ’
1413 2385 1488 2447 ὧν
1545 2394 1644 2464 μὲν
1700 2395 1810 2466 γὰρ
1841 2397 1902 2450 τὸ

310 2473 601 2542 δμοούσιον
624 2474 864 2546 λέγεται,
903 2479 966 2532 τὸ
994 2481 1112 2535 τόδε
1142 2483 1295 2536 τοῦδε
1330 2485 1556 2540 δύναται
1605 2487 1857 2556 λέγεσθαι
1884 2506 1897 2520 ο

311 2564 397 2634 ἐφ’
426 2559 506 2621 ὧν
537 2568 599 2646 δέ¹
623 2569 810 2636 ἁπλῶς
831 2571 891 2626 τὸ
917 2572 1036 2627 τόδε
1069 2573 1226 2647 τοῦδε
1250 2576 1487 2647 λέγεται,
1522 2581 1625 2637 οὐκ
1653 2583 1748 2634 ἐπὶ
1775 2583 1901 2636 τού-

310 2673 419 2710 των
447 2660 672 2716 πάντων
713 2664 771 2717 τὸ
792 2665 1078 2735 όμοούσιον
1103 2668 1330 2725 δύναται
1361 2673 1620 2743 ῥηθῆναι.
1651 2675 1812 2729 Πᾶσα
1839 2675 1896 2728 δὲ

310 2752 458 2806 αίτία
488 2752 525 2826 ἢ
555 2755 651 2808 ἐπὶ
682 2756 863 2825 πλέον,
895 2759 926 2831 ἦ
954 2762 1151 2834 ἐπίσης
1181 2766 1317 2834 πρὸς
1347 2766 1416 2820 τὰ
1447 2766 1666 2821 αίτιατὰ
1705 2769 1897 2822 ἀποδίο

309 2841 456 2897 δοται
479 2862 497 2876 ο
529 2847 618 2900 ἐπ’
650 2848 868 2904 ἔλαττον
899 2851 954 2905 δὲ
985 2853 1258 2923 οὐδαμῶς.
1299 2856 1444 2928 Πρὸς
1492 2859 1601 2930 γὰρ
1634 2862 1725 2914 τὸν
1759 2862 1901 2932 ἐρω-

309 2936 518 3006 τῶντα,
562 2938 706 2995 διατι
735 2945 762 2996 ὁ
792 2943 1080 3016 ἄνθρωπος
1128 2947 1266 3012 ζῶόν
1297 2951 1434 3017 ἐστι,
1471 2951 1606 3006 διότι
1637 2954 1787 3008 ἐστὶν
1812 2957 1900 3007 αι-

315 3029 536 3101 σθητδν,
569 3034 785 3099 οίκείως
828 3036 1248 3110 ἀποδοθήσεται.
1279 3043 1352 3096 Τὸ
1379 3046 1490 3115 γὰρ
1516 3045 1778 3117 αίσθητδν
1808 3048 1903 3101 ἐπὶ

313 3123 580 3177 πλειόνων
611 3124 644 3198 ἢ
686 3127 715 3180 ό
759 3127 1045 3199 ἄνθρωπος
1078 3131 1316 3198 λέγεται.
1372 3134 1516 3205 Πρὸς
1545 3136 1601 3190 δὲ
1635 3137 1727 3191 τὸν
1753 3139 1897 3209 ἐρωο

306 3213 492 3271 τῶντα.
521 3216 666 3274 διατι
697 3219 1039 3286 γελαστικὸν,
1070 3221 1203 3276 διότι
1227 3223 1516 3295 ἄνθρωπός
1549 3228 1718 3292 ἐστιν,
1757 3230 1896 3282 ἀπο-

309 3307 619 3381 δοθήσεται.
646 3310 830 3365 Ταῦτα
851 3313 958 3383 γὰρ
985 3313 1229 3386 ἀλλήλων
1260 3317 1772 3391 ἀντικατηγορεῖται
1804 3323 1900 3375 καὶ

314 3403 582 3470 Ξξισάξειε
622 3406 718 3458 Ἂν
747 3405 804 3460 δὲ
841 3407 973 3479 λέγῃ
1002 3426 1106 3477 τις,
1135 3411 1222 3465 διὰ
1257 3410 1418 3465 τοῦτό
1456 3413 1606 3468 ἐστιν
1635 3417 1664 3467 ὁ
1692 3415 1902 3486 ἄνθρω-

314 3517 414 3567 πος
445 3503 609 3570 ζῶον,
640 3504 774 3558 διότι
807 3506 925 3560 ἐστὶ
947 3506 1291 3574 γελαστικὸν,
1318 3509 1379 3560 οὐ
1413 3509 1554 3563 κατὰ
1584 3507 1742 3576 λόγον
1772 3511 1906 3562 ἀπο-

312 3593 497 3658 δώσει,
521 3596 582 3650 τὸ
612 3597 924 3665 γελαστικὸν
951 3600 1235 3665 ἀποδιδοὺς
1258 3601 1435 3656 αἰτίαν
1460 3601 1554 3656 τοῦ
1571 3601 1662 3656 τὸν
1697 3601 1906 3672 ἂνθρω-

315 3704 418 3744 πον
443 3685 585 3743 εἶναι
608 3689 768 3758 ζῶον,
816 3693 953 3763 ὅπερ
1001 3695 1097 3749 ἐπὶ
1122 3695 1385 3750 πλειόνων
1420 3696 1624 3767 μᾶλλον
1657 3697 1688 3767 ἢ
1718 3698 1778 3749 τὸ
1807 3713 1902 3763 γε-

313 3777 570 3835 λαστικὸν
603 3786 1008 3856 κατηγορετται.
1041 3785 1108 3839 Εἴ
1159 3803 1211 3841 τι
1255 3787 1354 3858 μὲν
1412 3788 1521 3859 γὰρ
1560 3789 1902 3858 γελαστικὸν,

316 3872 483 3940 ζῶον,
512 3874 572 3929 οὗ
609 3876 713 3947 μὴν
743 3878 796 3932 εί
829 3894 882 3932 τι
922 3877 1078 3944 ζῶον,
1113 3879 1460 3950 γελαστικόν.
1498 3881 1573 3935 Οὐ
1610 3883 1718 3951 γὰρ
1750 3885 1903 3936 ἀντι-

318 3968 567 4038 στρέφει,
621 3969 708 4024 διὰ
738 3972 799 4023 τὸ
852 3969 926 4042 μὴ
954 3973 1154 4044 ἐπίσης
1206 3974 1779 4045 ἀντικατηγορείσθαι.
1824 3977 1900 4028 Οὐ

314 4064 497 4117 τοίνυν
523 4063 614 4117 τοῦ
646 4063 777 4119 Υίοῦ
822 4064 883 4119 τὸ
918 4065 1141 4137 Πνεῦμα
1190 4065 1388 4135 λέγοιτ’
1425 4066 1490 4122 ἂν
1522 4066 1555 4140 ἤ
1585 4066 1831 4136 δύναμις,
1870 4068 1902 4138 ἢ

317 4155 592 4227 ἐνέργεια,
633 4155 665 4228 ἢ
695 4157 807 4228 ζωὴ
840 4161 1042 4229 φυσικὴ
1087 4159 1182 4212 καὶ
1218 4157 1506 4228 οὐσιώδηε,
1547 4157 1683 4212 διότι
1708 4158 1905 4230 ὀμοού-

320 4272 437 4309 σιον
463 4251 617 4323 αὐτῷ
646 4254 816 4307 ἔστιν.
866 4252 927 4305 '0
955 4251 1067 4321 γὰρ
1095 4250 1155 4303 τὸ
1185 4251 1472 4321 δμοούσιον
1501 4251 1594 4304 τοῦ
1616 4250 1790 4306 ταῦτα
1817 4250 1905 4304 λέ-

317 4351 517 4418 γεσθαι
544 4347 605 4402 τδ
630 4345 857 4416 Πνεῦμα
889 4345 1018 4399 rm
1051 4344 1333 4415 τιθέμενος
1368 4346 1548 4399 αἰτίαν
1574 4345 1901 4417 ἁμαρτάνει,

318 4446 380 4498 τὸ
407 4444 495 4497 ἐπ’
529 4441 748 4495 ἔλαττον
781 4437 872 4492 τοῦ
905 4440 999 4493 ἐπὶ
1026 4440 1214 4492 πλεῖον
1246 4438 1543 4507 λεγομένου
1582 4439 1760 4491 αἰτίαν
1783 4438 1905 4492 ἑπι-

323 4536 543 4606 σφαλῶς
574 4533 879 4597 ἀποδιδούς.
908 4535 967 4587 Εἰ
997 4534 1054 4587 δὲ
1085 4533 1180 4586 καὶ
1209 4532 1431 4586 ἐπὶτῶν
1461 4532 1765 4603 ὁμοουσίων
1805 4532 1902 4602 μό-

1229 426 1331 490 DE
1371 428 1894 498 PROCESSIONE
1937 437 2300 504 SPIRITUS
2339 441 2633 506 SANCTI.

3452 444 3573 512 918‘

1338 547 1455 604 ιστι
1502 551 1603 623 τῆς
1633 552 1766 623 ὕλης
1784 554 1890 615 ,καὶ

2001 558 2046 615 ln
2066 561 2268 619 divinis
2290 578 2398 619 non
2421 567 2526 621 alia
2552 575 2636 621 est
2654 564 3214 640 causa‘distinctionis
3236 566 3379 633 (cum
3399 574 3578 623 mate-

1988 651 2092 719 ria,
2121 661 2177 708 et
2204 655 2411 722 omnia,
2439 671 2562 726 qua“:
2578 671 2699 712 eam
2714 666 3021 726 sequuntur
3039 655 3199 727 longe
3219 654 3450 727 absint),
3470 654 3578 711 nisi

1988 760 2157 800 unum
2181 747 2402 818 quidem
2423 763 2545 805 esse
2572 763 2811 814 causam,
2843 749 3076 804 alterum
3112 764 3239 804 vero
3267 757 3577 804 causatum.

1986 839 2180 896 Restat
2215 840 2384 911 igitur
2422 841 2718 912 posterius,
2764 842 2975 897 scilicet
3027 842 3261 897 alterum
3296 857 3364 897 ex
3405 842 3582 898 altero

1969 934 2366 991 .exsistentiam
2401 935 2624 990 habere.
2658 935 2927 1002 Quoniam
2976 945 3260 991 ostensum
3311 943 3423 1000 est,
3447 949 3577 990 con-

1990 1026 2512 1083 substantialitatem
2545 1029 2675 1086 inde
2707 1029 2762 1084 in
2789 1027 2994 1084 divinis
3020 1029 3224 1099 colligi,
3252 1028 3400 1100 quod
3434 1029 3579 1084 alte-

1994 1132 2118 1172 rum
2147 1119 2221 1175 sit
2278 1119 2348 1174 ab
2387 1120 2564 1176 altero
2609 1130 2872 1192 tanquam
2900 1136 2969 1176 ex
3003 1136 3102 1177 sua
3149 1136 3336 1176 causa.
3367 1121 3575 1176 Verum

1992 1209 2170 1266 Filius
2227 1211 2453 1282 quidem
2505 1228 2617 1268 non
2658 1230 2724 1268 ex
2780 1213 2987 1284 Spiritu
3023 1212 3132 1269 dici
3196 1221 3404 1284 posset.
3459 1212 3581 1267 Non

1994 1304 2144 1358 enim
2202 1305 2558 1361 convenirent
2617 1306 2778 1370 Filio,
2825 1321 2948 1377 quae
2997 1323 3028 1361 a
3075 1321 3231 1362 sacra
3293 1305 3582 1375 Scriptura

1995 1393 2228 1467 Spiritui
2285 1398 2664 1467 assignantur.
2723 1397 3038 1454 Praesertim
3075 1407 3286 1454 cumet
3343 1399 3585 1469 Spiritus

1995 1503 2063 1542 ex
2093 1489 2254 1542 Patre
2285 1504 2385 1559 per
2428 1487 2626 1544 Filium
2668 1491 2970 1560 procedere
3005 1507 3034 1544 a
3072 1491 3341 1562 theologis
3368 1506 3584 1546 assera-

1999 1589 2111 1635 tur.
2147 1580 2304 1648 Quod
2337 1582 2382 1635 si
2411 1582 2752 1637 contrarium
2789 1593 2957 1650 esset,
2989 1584 3126 1640 ordo
3157 1601 3264 1638 una
3292 1600 3414 1640 cum
3455 1599 3583 1655 per-

2003 1672 2179 1727 sonali
2215 1673 2461 1741 ipsorum
2531 1674 2860 1730 exsistentia
2916 1676 3228 1732 tolleretur.
3283 1677 3402 1732 Non
3453 1692 3584 1747 ergo

2000 1762 2242 1832 Spiritus
2277 1763 2402 1818 Filii
2437 1763 2661 1833 dicitur,
2687 1766 2816 1836 quia
2847 1768 3334 1824 consubstantialis
3361 1769 3434 1825 sit
3456 1769 3582 1838 ipsi,

2002 1857 2098 1912 sed
2157 1859 2418 1928 quoniam
2449 1878 2516 1918 ex
2551 1864 2671 1932 ipso
2705 1870 2810 1938 est,
2866 1861 2936 1917 ad
2987 1862 3168 1932 ipsum
3204 1863 3466 1924 refertur,
3496 1863 3582 1915 id-

2002 1951 2152 2006 circo
2202 1962 2257 2007 et
2307 1968 2381 2008 ex
2442 1955 2750 2010 substantia
2811 1954 2932 2027 eius
2975 1955 3198 2019 dicitur,
3259 1964 3316 2010 et
3343 1955 3601 2011 consuli--

2000 2042 2273 2098 Stantialis
2301 2054 2384 2100 est
2409 2045 2538 2115 ipsi.

2074 2136 2370 2205 Praeterea,
2407 2138 2516 2193 hoc
2561 2138 2724 2209 hujus
2770 2137 2879 2193 dici
2933 2138 3290 2195 multifariam
3343 2139 3582 2205 dicitur;

2001 2231 2206 2284 etenim
2273 2237 2333 2282 ut
2397 2230 2715 2298 possessio,
2776 2237 2831 2284 et
2877 2229 3155 2299 opiﬁcium
3187 2269 3202 2296 ,
3253 2238 3309 2285 et
3361 2229 3584 2300 proles,

2002 2338 2263 2392 parsque,
2318 2333 2376 2378 et
2433 2323 2883 2390 instrumentum,
2923 2334 3089 2394 atque
3144 2323 3197 2379 id
3238 2337 3411 2394 genus
3440 2339 3453 2376 :
3487 2323 3585 2378 sed

2001 2417 2479 2472 consubstantiale
2513 2432 2622 2472 non
2664 2419 2738 2475 ita
2771 2417 2881 2472 late
2911 2424 3084 2486 patet.
3109 2417 3167 2470 in
3197 2417 3401 2486 quibus
3436 2415 3586 2471 enim

1961 2532 1964 2534 ν
2004 2508 2478 2577 consubstantiale
2526 2509 2753 2574 dicitur,
2793 2508 2871 2564 ibi
2896 2509 3066 2564 etiam
3121 2509 3228 2562 hoc
3281 2509 3445 2579 hujus
3476 2509 3586 2563 dici

2005 2610 2207 2672 potest.
2231 2601 2302 2656 At
2333 2602 2391 2658 in
2421 2603 2628 2671 quibus
2656 2602 2982 2671 simpliciter
3015 2601 3118 2669 hoc
3153 2601 3322 2672 hujus
3355 2602 3585 2666 dicitur,

2005 2710 2116 2748 non
2150 2694 2208 2748 in
2241 2695 2329 2749 his
2357 2695 2620 2751 omnibus
2667 2693 3217 2772 consubstantialitas
3240 2695 3349 2749 dici
3382 2701 3583 2764 potest.

2003 2785 2194 2842 Omnis
2243 2797 2425 2842 autem
2482 2803 2668 2853 causa,
2703 2788 2789 2842 vel
2844 2796 2900 2841 ut
2941 2787 3110 2841 latius
3158 2796 3370 2856 patens,
3411 2787 3494 2841 vel
3528 2797 3588 2844 ut

2005 2894 2160 2948 aeque
2210 2879 2324 2936 late
2381 2879 2680 2950 patensad
2713 2891 2935 2948 causata
2994 2881 3253 2946 refertur,
3304 2895 3586 2951 nunquam

2007 2981 2192 3027 autem
2230 2980 2291 3027 ut
2335 2972 2524 3028 minus
2568 2973 2677 3027 late
2717 2981 2933 3043 patens.
2971 2971 3185 3043 Quippe
3233 2973 3300 3028 ad
3349 2974 3588 3028 interro-

2005 3072 2250 3133 gantem,
2283 3078 2454 3133 quare
2485 3064 2651 3119 homo
2674 3064 2746 3118 sit
2776 3065 3004 3128 animal,
3032 3066 3163 3134 quia
3190 3074 3275 3120 est
3300 3065 3584 3129 sensibile,

2008 3155 2406 3210 convenienter
2453 3156 2834 3226 reSpondebit.
2868 3156 3142 3211 Sensibile
3170 3157 3318 3210 enim
3360 3157 3428 3210 de
3468 3158 3590 3228 plu-

1929 3269 1973 3330 c
2008 3247 2179 3312 ribus.
2212 3262 2376 3319 quam
2425 3249 2591 3304 homo
2636 3249 2992 3319 przedicatur.
3042 3249 3121 3304 Ad
3155 3249 3612 3320 interrogantem:

2010 3350 2219 3408 autem,
2249 3357 2422 3410 quare
2449 3342 2661 3397 risibile
2692 3343 2786 3408 sit,
2821 3344 3081 3412 quoniam
3120 3344 3286 3396 homo
3340 3343 3589 3398 dicetur;

2009 3429 2135 3485 Hmc
2171 3431 2320 3484 enim
2385 3430 2526 3484 inter
2562 3445 2622 3485 se
2678 3442 2870 3484 mutuo
2903 3431 3294 3500 pra-dicantur,
3336 3438 3393 3486 et
3444 3430 3586 3484 adma

2009 3532 2275 3593 quantur.
2321 3522 2376 3577 Si
2415 3539 2546 3580 vero
2597 3523 2746 3578 dicat
2773 3525 2920 3594 quis,
2975 3533 3264 3594 propterea
3297 3523 3462 3578 homo
3501 3531 3586 3578 est

2008 3616 2377 3686 animal,quia
2400 3625 2483 3671 est
2507 3615 2742 3684 risibile,
2771 3632 2882 3673 non
2913 3625 3064 3673 recte
3097 3615 3480 3686 respondebit,
3515 3615 3593 3674 ria

2009 3710 2168 3765 sibile
2207 3711 2497 3781 assignans
2543 3725 2789 3777 causam,
2821 3710 2969 3781 quod
3031 3711 3199 3787 homo
3243 3712 3316 3767 sit
3362 3712 3593 3774 animal,

2009 3803 2155 3872 quod
2189 3805 2362 3874 magis
2399 3803 2469 3859 de
2531 3805 2805 3873 pluribus,
2859 3820 3023 3874 quam
3085 3804 3296 3860 risibile
3327 3805 3592 3875 praadica-

2009 3899 2118 3946 tur.
2153 3892 2214 3947 Si
2245 3892 2375 3962 quid
2401 3892 2546 3949 enim
2589 3893 2801 3949 risibile
2833 3903 2937 3958 est,
2980 3894 3180 3949 animal
3214 3902 3318 3959 est,
3351 3910 3462 3949 non
3508 3902 3590 3949 ta-

2008 3997 2134 4036 men
2171 3982 2216 4037 si
2260 3982 2393 4052 quid
2445 3983 2673 4048 animal,
2707 3982 2940 4039 risibile.
2971 3983 3092 4038 Non
3149 3985 3302 4038 enim
3361 3998 3603 4038 convert

2009 4083 2226 4137 tuntur,
2251 4089 2319 4130 eo
2347 4076 2493 4145 quod
2518 4091 2628 4130 non
2653 4090 2810 4146 aeque
2829 4089 2894 4130 ac
2925 4074 3168 4131 vicissim
3196 4075 3612 4145 praedicantun

2006 4165 2126 4220 Non
2164 4166 2332 4238 igitur
2365 4164 2609 4237 Spiritus
2647 4166 2772 4222 Filii
2802 4167 2996 4238 utique
3034 4166 3339 4234 diceretur,
3374 4168 3459 4223 vel
3493 4183 3592 4238 po-
3635 4201 3639 4206 ι

2008 4261 2203 4325 tentia,
2229 4259 2316 4313 vel
2340 4259 2610 4330 operatio,
2641 4275 2742 4315 seu
2767 4260 2882 4316 vita
2911 4259 3207 4326 naturalis,
3237 4275 3302 4315 ac
3327 4261 3588 4316 substan~

2009 4350 2175 4413 tialis,
2210 4349 2470 4420 quoniam
2500 4349 2991 4407 consubstantialis
3023 4361 3106 4408 est
3139 4350 3265 4421 ipsi.
3304 4350 3407 4417 Qui
3435 4355 3615 4405 enim,

2007 4442 2652 4498 consubstantialitatem
2685 4443 2840 4512 ponit
2868 4457 3094 4504 causam
3151 4453 3210 4497 ut
3242 4442 3343 4496 ista
3371 4443 3591 4498 dicatur

2008 4535 2248 4606 Spiritus
2297 4535 2445 4601 Filii,
2491 4545 2664 4602 errat,
2718 4551 2842 4592 cum
2874 4535 3005 4591 illud
3039 4534 3187 4605 quod
3249 4535 3430 4589 minus
3481 4547 3585 4599 est,

320 4650 428 4708 νων
464 4628 818 4698 θεωροῦντες,
853 4629 913 4681 οὑ
955 4626 1236 4690 παντελῶς
1279 4627 1587 4698 εὑρήσομεν
1637 4627 1900 4696 ἑπόμενον

2012 4629 2255 4698 assignat
2284 4643 2546 4698 perverse
2581 4643 2804 4684 causam
2859 4630 3005 4699 ejus,
3036 4630 3186 4699 quod
3215 4630 3381 4685 latius
3414 4639 3587 4699 patet.

320 4725 440 4778 τόδε
467 4722 624 4776 τοῦδε
653 4721 927 4790 λέγεσθαι,
967 4719 1085 4774 ἀλλ’
1114 4721 1384 4774 ἐλλείπειν
1445 4721 1540 4774 καὶ
1577 4720 1674 4773 ἐπὶ
1700 4719 1908 4773 τούτων

323 4818 392 4870 τὰ
440 4816 705 4869 πλεῖστα⁹
753 4813 1038 4884 ὀμοούσιος
1092 4811 1202 4884 γὰρ
1260 4812 1465 4883 Πέτρος
1523 4810 1746 4882 Παύλῳ,
1813 4812 1909 4866 καὶ

326 4910 538 4973 Παῦλος
563 4911 776 4980 Πέτρῳ;
811 4909 927 4961 ἀλλ’
949 4906 1075 4962 οὔτε
1100 4906 1194 4961 τοῦ
1228 4906 1447 4960 Παύλου
1472 4907 1499 4959 ὁ
1529 4907 1757 4978 Πέτρος,
1783 4906 1906 4960 οὗτε

323 5003 352 5054 ὁ
374 5000 588 5064 Παῦλος
615 4998 708 5053 τοῦ
735 4999 942 5069 Πέτρου
990 4998 1213 5067 λέγεται
1244 5015 1259 5029 ο
1305 4998 1503 5066 ⁴πολλῷ
1533 4999 1707 5054 πλέον
1727 4999 1910 5069 ἁμαρ-

324 5094 508 5148 τάνειν
538 5093 700 5148 αὑτὸν
748 5093 1016 5164 ἐροῦμενο
1062 5091 1243 5163 πολλῷ
1286 5094 1397 5163 γὰρ
1429 5091 1592 5146 πλέον
1627 5092 1713 5147 ἐπ’
1747 5093 1905 5148 ἐλατ-

325 5203 418 5239 τον
448 5185 512 5239 ἂν
538 5187 624 5255 εῐη
659 5185 721 5238 τὺ
744 5184 1031 5256 ὁμοούσιον
1064 5187 1199 5257 πρὸς
1244 5186 1304 5238 τὸ
1332 5185 1448 5238 τόδε
1475 5184 1627 5239 τοῦδέ
1649 5202 1792 5248 τινος
1813 5184 1908 5237 καὶ

328 5277 470 5333 εἶναι
502 5278 596 5332 καὶ
620 5277 900 5349 λέγεσθαι.

406 5462 529 5518 Ἔτι
553 5462 614 5516 τὸ
643 5461 900 5534 ἐγχρονον
950 5463 1051 5518 οὐκ
1090 5463 1156 5516 ἂν
1201 5462 1416 5517 δύναιτο
1446 5464 1595 5518 αἰτία
1633 5465 1727 5517 τοῦ
1769 5465 1910 5533 ὑπὲρ

330 5555 522 5626 χρόνον
562 5554 730 5612 εἶναι·
766 5555 903 5610 ἀλλὰ
924 5557 985 5612 τὸ
1021 5557 1118 5628 μὲν
1142 5559 1492 5630 χορηγεῖσθαι
1520 5559 1616 5613 καὶ
1643 5557 1905 5622 δίδοσθαι,

333 5654 434 5705 καὶ
462 5653 885 5708 ἀποστέλλεσθαι
935 5652 1028 5708 τὸν
1069 5653 1427 5724 Παράκλητον
1453 5653 1604 5722 παρὰ
1645 5652 1739 5704 τοῦ
1778 5651 1910 5704 Υίοῦ

331 5746 445 5807 τοῖς
478 5745 646 5813 ἀξίοις
667 5745 810 5801 κατὰ
837 5745 1029 5818 χρόνον
1057 5745 1283 5814 γέγονεν
1303 5760 1317 5774 ’
1350 5744 1411 5798 τὸ
1430 5741 1485 5797 δὲ
1523 5743 1649 5796 Υἱοῦ
1687 5741 1912 5813 Πνεῦμα

337 5836 592 5904 λέγεσθαι
625 5837 722 5892 καὶ
756 5837 985 5906 δύναμιν
1025 5837 1119 5891 καὶ
1161 5836 1398 5909 φυσικὴν
1446 5836 1610 5890 αὐτοῦ
1641 5835 1787 5905 ζωὴν
1819 5838 1914 5891 καὶ

336 5928 595 6001 οὐσιώδη,
628 5930 727 5986 καὶ
752 5930 816 5986 ἐκ
837 5931 962 6003 ’τῆς
999 5930 1188 5995 οὐσίας
1221 5929 1384 5987 αὐτοῦ
1427 5923 1592 5999 εἶναι,
1636 5928 1912 6001 καΥπαρὰ

2010 4721 2169 4787 Quod
2201 4721 2249 4777 si
2279 4722 2335 4776 in
2368 4722 2940 4778 consubstantialibus
2961 4724 3126 4777 etiam
3166 4723 3300 4778 solis
3328 4721 3584 4778 conside-

2012 4829 2218 4877 remus,
2267 4829 2379 4867 non
2440 4815 2669 4869 omnino
2731 4816 3100 4885 reperiemus,
3131 4815 3279 4885 quod
3326 4823 3590 4884 sequatur

2012 4905 2118 4962 hoc
2150 4906 2315 4977 hujus
2347 4907 2481 4972 dici,
2511 4908 2608 4962 sed
2635 4909 2689 4963 in
2716 4909 2804 4965 his
2825 4923 3048 4980 quoque
3068 4909 3306 4967 deiicere
3331 4908 3588 4980 plurima;

2011 5001 2230 5056 Etenim
2257 5001 2456 5056 Petrus
2483 5001 2653 5056 Paulo
2688 5002 3182 5058 consubstantialis‘
3211 5011 3316 5070 est,
3358 5010 3414 5057 et
3449 5002 3592 5058 Pau-

2010 5096 2097 5150 lus
2130 5096 2313 5160 Petro,
2364 5095 2459 5151 sed
2503 5110 2683 5166 neque
2727 5094 2895 5151 Pauli
2936 5096 3156 5163 Petrus,
3205 5095 3605 5167 nequehPetri-

2012 5189 2216 5245 Paulus
2244 5187 2469 5244 dicitur.
2496 5187 2666 5244 Multo
2699 5187 2876 5259 magis
2903 5204 3030 5243 eum
3061 5203 3290 5259 peccare
3320 5189 3614 5254 diccmus;.

2012 5284 2188 5338 multo
2252 5282 2402 5338 enim
2457 5281 2642 5336 minus
2692 5281 2804 5337 late
2857 5282 3082 5353 patebit
3120 5281 3590 5338 consubSlantiale

2011 5383 2268 5445 respectu
2299 5375 2444 5444 ejus,
2473 5373 2620 5444 quod
2649 5380 2751 5438 est,
2775 5388 2896 5428 esse
2933 5388 2996 5429 ac
3021 5374 3134 5429 dici
3166 5375 3270 5429 hoc
3297 5374 3550 5445 alicujus.

2086 5467 2376 5528 Praeterea,
2405 5467 2552 5536 quod
2594 5465 2649 5520 in
2682 5475 2929 5535 tempore
2962 5477 3070 5532 est,
3105 5482 3214 5521 non
3249 5477 3432 5536 posset
3469 5481 3610 5521 esse»

2013 5576 2179 5616 causa
2230 5563 2372 5631 ejus,
2415 5560 2561 5630 quod
2621 5575 2785 5629 supra
2838 5575 3002 5614 omne
3055 5574 3274 5628 tempus
3321 5571 3448 5616 est‘:
3492 5565 3591 5616 sed

2016 5653 2168 5718 illud,
2194 5652 2431 5721 erogari,
2466 5660 2632 5720 atque
2689 5650 2882 5716 tribui,
2913 5660 2969 5706 et
2996 5653 3137 5706 mitti
3186 5652 3529 5709 Paraclctum
3558 5672 3587 5707 a

2015 5745 2153 5799 Filio
2205 5745 2385 5815 dignis
2444 5743 2497 5797 in
2552 5753 2797 5814 tempore
2850 5744 2993 5800 facta
3036 5753 3201 5812 sunt;
3248 5746 3358 5800 dici
3407 5755 3596 5802 autem»

2015 5836 2280 5909 Spiritum
2331 5837 2478 5904 Filii,
2516 5853 2580 5894 ac
2639 5838 2964 5908 potentiam,
2999 5846 3054 5893 et
3114 5838 3420 5892 naturalem
3469 5837 3591 5908 ejus

2015 5930 2204 5998 vitam,
2242 5938 2296 5984 et
2340 5930 2712 5999 essentialem,
2746 5942 2800 5989 et
2844 5947 2911 5988 ex
2943 5931 3253 5992 substantia
3293 5933 3416 6004 eius
3438 5948 3589 5999 esse,
