4152 6292
514 306 621 370 919

1767 309 2142 371 DEMETBH
2190 311 2507 374 CYDONII

3669 308 3797 374 920

517 433 573 479 et
603 439 668 477 ex
702 421 859 476 Patre
891 435 987 490 per
1013 420 1208 477 Filium
1233 421 1530 492 procedere
1555 432 1685 478 ante
1736 431 1955 492 tempus
1982 421 2085 493 ipsi

2190 425 2282 479 τοῦ
2344 425 2553 495 nmo;
2592 424 2680 479 διὰ
2725 423 2819 478 τοῦ
2874 423 3004 478 Υῑοῦ
3055 422 3451 498 ἐκπορεύεσθαι
3518 423 3784 493 ἀχρόνως

515 516 915 573 attribuuntur.
941 516 1153 586 Quippe
1199 517 1458 586 temporis
1492 531 1688 586 expers
1733 526 1820 572 est
1857 517 2083 571 omnino

515 607 761 677 Spiritus
809 609 1113 679 processio,
1145 617 1199 663 et
1259 610 1483 662 omnino
1532 609 1668 662 ordo
1697 623 1861 678 quem
1919 607 2087 662 habet

518 699 758 770 Spiritus
788 700 854 754 ad
912 701 1132 756 Filium.
1178 692 1282 768 Qui
1324 701 1496 770 igitur
1556 701 1756 755 asserit
1790 709 2082 769 pr0pterea

512 802 775 871 Spiritum
809 801 917 857 dici
952 802 1095 864 Filii,
1127 811 1182 858 et
1211 802 1325 857 haec
1351 802 1530 857 omnia
1559 803 1704 872 quod
1746 801 1814 856 ab
1857 801 1974 872 ipso
2000 795 2090 855 di;

514 894 634 961 guis
670 893 938 957 mittatur,
992 894 1137 962 quod
1177 895 1230 947 in
1293 903 1539 965 tempore
1574 893 1774 949 factum
1807 903 1912 958 est,
1957 908 2088 948 cau-

513 1000 630 1039 sam
658 985 896 1055 assignat
951 987 1118 1049 illius,
1170 986 1315 1057 quod
1348 992 1431 1040 est
1477 996 1601 1041 ante
1637 1001 1801 1041 omne
1850 995 2084 1055 tempus.

517 1076 638 1145 Ipse
680 1075 846 1146 igitur
875 1093 996 1131 cum
1027 1077 1316 1146 imperitus
1349 1086 1450 1139 est,
1486 1080 1629 1132 circa
1660 1077 2086 1148 assignationcm

513 1184 730 1227 errans.
759 1179 872 1222 tum
903 1170 1065 1223 etiam
1091 1169 1326 1238 Spiritus
1350 1171 1725 1225 exsistentiam
1758 1171 1811 1224 in
1842 1153 2088 1237 tempore

512 1260 822 1322 constituit,
861 1269 1025 1329 atque
1077 1260 1279 1315 divinis
1313 1262 1562 1329 personis
1588 1261 1846 1315 nonnulla
1875 1260 2090 1316 contin-

515 1365 642 1421 gere
692 1351 747 1406 in
787 1361 1034 1421 tempore
1089 1352 1404 1412 aliirmabit.
1460 1352 1582 1406 Non
1629 1361 1832 1417 taruen,
1861 1354 1987 1421 quia
2031 1340 2099 1406 in.

517 1450 765 1513 tempore
795 1442 1115 1498 Paracletus
1151 1443 1332 1513 dignis
1359 1442 1502 1498 mitti
1539 1443 1763 1508 dicitur,
1797 1453 2090 1513 propterea

519 1533 628 1588 Deo
659 1535 713 1587 in
749 1543 992 1604 tempore
1025 1535 1230 1605 aliquid
1263 1526 1484 1591 accidit.
1525 1533 1740 1590 Etenim
1786 1537 2090 1592 secundum

520 1642 778 1696 magnum
831 1627 1096 1682 Basilium
1147 1630 1202 1681 in
1243 1638 1437 1696 quarto
1470 1628 1612 1682 libro
1671 1628 2038 1683 confutatorio
2074 1647 2088 1682 :

524 1738 545 1772 ι
592 1721 710 1773 Non
736 1719 788 1772 in
827 1728 1076 1788 tempore
1104 1720 1379 1788 provenit,
1410 1718 1554 1788 quod
1586 1733 1654 1772 ex
1683 1719 1793 1772 Deo
1819 1719 2086 1788 procedit,

517 1810 766 1879 quamvis
795 1811 848 1864 in
879 1821 1124 1880 tempore
1152 1812 1509 1880 operationes
1546 1820 1781 1878 promat.
1823 1830 1840 1862 ι

591 1900 864 1957 Praeterea
926 1904 1067 1957 idem
1123 1903 1177 1957 in
1227 1903 1416 1957 eodem
1449 1903 1628 1956 libro:
1661 1922 1679 1953 ι
1725 1902 1914 1972 Neque
1943 1902 2088 1957 enim

517 1994 726 2063 aliquid
778 1996 961 2049 minus
996 1992 1237 2048 habituri
1269 2008 1488 2048 eramus
1550 1994 1614 2047 ad
1655 1995 2089 2064 cognoscendum

525 2083 792 2154 Spiritum
854 2099 979 2138 esse
1040 2072 1112 2138 cxi
1160 2084 1296 2150 Deo,
1337 2083 1467 2137 dum
1508 2082 1761 2136 audimus
1824 2082 2087 2151 Spiritum

517 2171 633 2226 oris
651 2171 792 2236 ejus,
818 2173 913 2226 sed
951 2169 1226 2226 sutilciens
1279 2178 1361 2226 est
1403 2171 1506 2225 hoc
1544 2185 1743 2225 nomen
1779 2171 1843 2224 ad
1884 2171 2088 2242 signiﬁ-

516 2263 748 2317 candam
797 2263 1173 2318 exsistcntiam
1221 2263 1393 2332 ipsius
1423 2278 1489 2318 ex
1543 2263 1679 2320 Deo.
1729 2264 1784 2318 Si
1828 2264 1995 2334 igitur
2029 2265 2092 2318 il—

517 2354 637 2418 lud,
693 2354 935 2423 Spiritus
1001 2353 1268 2408 exsistere
1318 2370 1384 2408 ex
1450 2355 1586 2420 Deo,
1639 2356 1954 2424 aequipollet
2012 2355 2087 2420 ei,

517 2447 666 2518 quod
695 2448 930 2513 dicatur,
962 2448 1080 2516 ipse
1129 2447 1366 2517 Spiritus
1396 2451 1510 2504 oris
1537 2449 1690 2516 ejus;
1725 2448 1858 2503 illud
1903 2457 2088 2504 autem

510 2540 891 2595 exsistentiam
928 2540 1101 2594 sancti
1130 2540 1370 2610 Spiritus
1398 2557 1465 2597 ex
1494 2537 1604 2597 Deo
1635 2543 1926 2613 signiﬁcat,
1960 2558 2090 2614 ergo

516 2631 777 2701 Spiritum
811 2632 917 2687 dici
960 2632 1106 2699 Filii,
1136 2633 1384 2688 eamdem
1423 2636 1798 2689 exsistentiam
1852 2634 2089 2704 Spiritus

514 2737 565 2781 et
605 2741 632 2779 a
673 2726 812 2779 Filio
865 2725 1105 2792 indicat;
1159 2727 1297 2781 satis
1349 2729 1520 2792 enim,
1559 2727 1760 2797 inquit,
1785 2738 1839 2780 et
1883 2729 1985 2781 hoc
2022 2726 2090 2782 ad

514 2813 861 2869 indicandam
890 2814 1262 2868 exsistcntiatn
1297 2814 1556 2884 Spiritus.
1602 2835 1620 2868 ›
1659 2815 1778 2870 Νοη
1818 2831 1947 2886 ergo
1982 2815 2088 2871 dici

516 2904 782 2976 Spiritum
811 2906 956 2972 ΡιΙὶἰ,
996 2915 1054 2959 ut
1094 2902 1317 2977 quidam
1361 2906 1571 2974 Volunt,
1607 2908 2091 2964 consubstantiali-

515 3007 680 3055 tatem
733 2997 1028 3069 signiﬁcat,
1061 3001 1152 3055 sed
1190 3000 1318 3070 quia
1376 3017 1444 3055 ex
1501 3003 1620 3072 ipso
1653 3003 1760 3068 sit;
1803 3003 2008 3057 idcirco
2033 3010 2088 3055 et

2186 516 2492 571 ἀποδίδοται
2518 517 2696 587 αὐτῷ’
2730 516 2954 588 ᾶχρονος
2983 516 3089 587 γὰρ
3120 517 3153 586 ὴ
3197 515 3288 569 τοῦ
3322 513 3641 584 Πνεύματος
3675 516 3782 567 ἐκ-

2189 613 2467 682 πόρευσις,
2499 612 2594 665 καὶ
2616 594 2752 676 ὅλως
2777 614 2810 680 ἡ
2831 612 3004 677 τάξις,
3033 611 3100 680 ἣν
3132 609 3246 680 ἔχει
3270 609 3406 679 πρὸς
3425 606 3518 661 τὸν
3548 607 3685 660 Υίδν
3715 605 3794 659 τδ

2187 703 2435 773 Πνεῦμα.
2485 703 2544 758 Ὀ
2575 702 2750 756 τοίνυν
2797 702 2885 756 διὰ
2924 702 3081 754 τοῦτο
3136 699 3231 752 τοῦ
3263 697 3395 752 Υίοῦ
3431 697 3492 750 τὸ
3544 695 3790 764 Πνεῦμα

2186 795 2464 862 λέγεσθαι,
2518 793 2615 847 καὶ
2666 793 2848 848 πάντα
2905 791 2973 847 τὰ
3023 789 3252 844 τοιαῦτα
3290 789 3598 854 ἀποδιδοὺς,
3629 788 3781 841 διότι

2188 887 2318 954 παρ’
2337 883 2501 940 αὑτοῦ
2524 886 2635 948 τοῖς
2667 884 2840 951 ἀξίοις
2864 882 3281 946 ἀποστέλλεται,
3312 882 3373 934 τὸ
3395 879 3542 934 κατὰ
3570 879 3778 949 χρόνον

2188 980 2411 1048 γεγονὸς
2454 979 2637 1032 αἰτίαν
2688 975 2781 1030 τοῦ
2829 976 2968 1047 ὑπὲρ
3000 976 3191 1046 χρόνον
3229 973 3382 1038 ὄντος
3414 973 3783 1027 ἀποδίδωσιν.

2188 1070 2357 1136 Αὐτός
2412 1087 2472 1125 τε
2503 1069 2595 1124 οὖν
2634 1069 2851 1140 ἀμαθής
2884 1069 3154 1137 ὲστιπερὶ
3171 1066 3271 1137 τὴν
3302 1065 3559 1121 ἀπόδοσιν
3584 1066 3786 1133 ἀμαρο

2190 1165 2390 1227 τάνων,
2437 1165 2542 1234 τήν
2585 1180 2645 1218 τε
2701 1161 2796 1216 τοῦ
2856 1162 3176 1232 Πνεῦματος
3228 1158 3460 1228 ὓπαρξιν
3515 1158 3789 1226 ἐγχρονον

2190 1254 2509 1325 καθίστησι,
2538 1255 2634 1309 καὶ
2666 1257 2777 1316 τοῖς
2811 1254 2974 1318 θείοις
3007 1253 3333 1324 προσώποις
3364 1248 3784 1321 συμὸεσηκέναι

2190 1352 2313 1404 τινα
2365 1347 2505 1403 κατὰ
2541 1348 2730 1419 χρόνον
2785 1347 3130 1419 ὁμολογήσει.
3189 1346 3265 1400 Ού
3320 1344 3506 1414 μέντοι
3542 1341 3684 1397 διότι
3713 1340 3778 1392 ὲν

2191 1442 2368 1513 χρόνῳ
2400 1443 2512 1504 τοῖς
2540 1440 2712 1508 ἀξίοις
2748 1443 2776 1495 ό
2801 1439 3162 1510 Παράκλητος
3201 1433 3631 1492 ἀποστέλλεσθαι
3686 1432 3784 1485 λέ·-

2193 1553 2371 1603 γεται,
2403 1534 2492 1588 διὰ
2514 1533 2672 1587 τοῦτο
2706 1535 2764 1586 ὲν
2800 1533 2877 1602 τῷ
2903 1530 3023 1601 Θεῷ
3053 1530 3197 1585 κατὰ
3225 1529 3419 1600 χρόνον
3449 1543 3502 1582 τι
3532 1524 3779 1596 συμϐαί-

2192 1646 2293 1683 νει.
2333 1627 2492 1682 Κατὰ
2518 1626 2627 1696 γὰρ
2657 1625 2745 1680 τὸν
2779 1625 2953 1692 μέγαν
2979 1622 3256 1676 Βασίλειον
3286 1622 3345 1674 ὲν
3371 1620 3616 1688 τετάρτῳ
3660 1615 3780 1669 τῶν

2195 1716 2646 1790 Ἀκθτιρρητικῶν,
2672 1735 2692 1768 ι
2723 1715 2837 1770 Οὐκ
2863 1715 2919 1768 ὲν
2947 1712 3124 1784 χρόνῳ
3141 1713 3203 1766 τὸ
3227 1711 3414 1783 προϊὸν
3437 1711 3502 1764 ὲκ
3525 1708 3621 1763 τοῦ
3632 1705 3778 1762 Θεοῦ

2196 1809 2435 1877 πρόεισι,
2463 1807 2564 1859 κᾶν
2588 1807 2645 1858 ὲν
2667 1805 2844 1876 χρόνῳ
2869 1803 2966 1866 τὰς
2992 1802 3274 1872 ἐνεργείας
3308 1798 3567 1869 ἀποδιδῷ.
3600 1815 3624 1851 ι

2267 1901 2390 1955 ’Ἑτι
2423 1903 2452 1952 ὁ
2485 1899 2646 1962 αὐτὸς
2678 1900 2737 1949 ὲν
2769 1898 2846 1967 τῷ
2872 1894 3054 1965 αὐτῷ’
3097 1914 3116 1948 ι
3152 1894 3285 1948 Οὐδὲ
3314 1893 3424 1962 γὰρ
3471 1891 3690 1946 ἔλαττόν
3718 1908 3775 1944 τι

2191 1997 2334 2062 ἕξειν
2359 1993 2654 2065 ἐμέλλομεν
2675 1992 2756 2055 είς
2779 1991 2840 2044 τὸ
2867 1989 3155 2059 γινώσκειν
3175 1989 3236 2041 τὸ
3257 1986 3479 2055 Πνεῦμα
3504 1985 3775 2054 ὑπάρχειν

2193 2089 2254 2139 ἐκ
2279 2085 2368 2137 τοῦ
2394 2083 2550 2150 Θεοῦ,
2587 2080 2809 2152 Πνεῦμα
2832 2081 3097 2148 στόματος
3119 2077 3280 2134 αύτοῦ
3304 2078 3594 2139 ἀκούοντες
3613 2075 3772 2140 αὐτὸ,

2190 2178 2305 2232 ἀλλ’
2336 2176 2516 2230 ίκανὺν
2541 2176 2637 2230 καὶ
2655 2173 2812 2228 τοῦτο
2832 2175 2892 2227 τὸ
2918 2173 3086 2242 ὄνομα
3112 2173 3211 2242 τὴν
3233 2169 3470 2241 ὕπαρξιν
3489 2170 3654 2224 αὑτοῦ
3679 2170 3774 2239 δη-

2191 2269 2358 2322 λῶσαι
2385 2266 2478 2336 τὴν
2506 2267 2570 2319 ὲκ
2590 2265 2746 2320 Θεοῦ.
2769 2265 2830 2321 Ei
2857 2265 3035 2317 τοίνυν
3060 2264 3119 2315 τὸ
3154 2263 3214 2317 τὸ
3246 2263 3470 2333 Πνεῦμα
3500 2261 3772 2332 ὑπάρχειν

2192 2366 2256 2415 ὲκ
2286 2360 2382 2415 τοῦ
2407 2360 2542 2414 Θεοῦ
2572 2361 2686 2413 ἴσον
2713 2360 2826 2412 ἐστὶ
2844 2357 2920 2430 τῷ
2953 2358 3015 2412 τὺ
3044 2356 3266 2426 Πνεῦμα
3299 2357 3570 2426 στόματος
3602 2350 3770 2409 αὑτοῦ

2193 2453 2443 2522 λέγεσθαι
2461 2453 2595 2508 ἀύτό
2619 2469 2633 2484 ·
2661 2451 2776 2506 ἀλλ’
2804 2453 2982 2505 ἐκεῖνο
3013 2449 3113 2519 τὴν
3141 2452 3208 2504 ἐκ
3236 2450 3330 2503 τοῦ
3359 2448 3494 2502 Θεοῦ
3531 2445 3771 2515 ὕπαρξιν

2191 2548 2284 2600 τοῦ
2333 2548 2490 2615 ἁγίου
2542 2544 2858 2612 Πνεύματος
2919 2543 3105 2614 δηλοῖ·
3159 2543 3269 2612 ἄρα
3301 2543 3398 2596 καὶ
3445 2541 3508 2595 τὺ
3540 2536 3768 2609 Πνεῦμα

2193 2638 2322 2695 Υίοῦ
2371 2637 2625 2707 λέγεσθαι
2660 2637 2758 2706 τὴν
2809 2636 2979 2704 αὐτὴν
3024 2632 3260 2703 ὕπαρξιν
3293 2632 3388 2686 τοῦ
3443 2628 3766 2702 Πνεύματυς

2192 2731 2285 2784 καὶ
2315 2730 2460 2800 παρὰ
2486 2727 2578 2782 τοῦ
2610 2726 2740 2781 Υίοῦ
2775 2725 3050 2796 ἐμφαίνει.
3093 2725 3300 2780 'lxav‘w
3335 2727 3467 2794 γὰρ,
3500 2723 3636 2792 ἔφη,
3665 2723 3767 2777 καὶ

2191 2822 2351 2877 τοῦτο
2374 2821 2472 2891 τὴν
2513 2819 2747 2891 ὓπαρξιν
2786 2818 2880 2873 τοῦ
2914 2817 3229 2889 Πνεύματος
3274 2816 3488 2888 δηλοῦν.
3522 2816 3640 2870 υύκ
3659 2814 3766 2885 ἄρα

2190 2915 2251 2968 τὸ
2289 2913 2510 2983 Πνεῦμα
2530 2913 2622 2966 τοῦ
2649 2912 2776 2964 Υίοῦ
2797 2902 3070 2979 λέγεσθαι,
3101 2910 3175 2974 ὥς
3206 2926 3349 2973 τινες
3373 2908 3678 2978 βούλονται,
3703 2907 3765 2962 τὸ

2189 3003 2474 3077 όμοούσιον
2513 3003 2786 3074 ἐμφαίνει,
2849 3001 2963 3055 ἀλλ’
3011 3002 3094 3055 ὅτι
3123 3000 3181 3065 ἐξ
3224 3000 3437 3053 ἐκείνου
3472 2997 3628 3062 ἐστὶ,
3673 2994 3762 3073 διᾲ

513 3091 1006 3147 consubstantiaiis
1059 3101 1144 3147 est
1203 3093 1329 3162 ipsi.
1362 3087 1565 3148 Eadem
1593 3102 1678 3148 est
1710 3101 1890 3148 autem
1926 3093 2086 3158 ratio,

2190 3099 2348 3152 τοῦτο
2405 3097 2500 3152 καὶ
2543 3096 2828 3164 όμοούσιόν
2865 3093 3014 3148 ἐστιν
3039 3093 3211 3164 αὐτῷ.
3259 3092 3319 3146 '0
3349 3089 3393 3146 δ’
3419 3091 3582 3154 αὐτὸς
3606 3089 3763 3157 λόγος

513 3195 571 3240 et
605 3184 672 3240 de
698 3199 764 3239 eo
791 3184 937 3254 quod
965 3184 1177 3238 dicatur
1222 3183 1457 3251 Spiritus
1490 3183 1747 3253 proprius
1785 3181 1929 3238 Filii.
1959 3183 2090 3238 Pro-

514 3275 669 3346 prius
725 3291 965 3346 namque
1012 3274 1181 3330 Filius
1230 3275 1432 3330 dicitur
1477 3275 1680 3341 Patris,
1733 3283 1788 3330 et
1851 3275 2088 3345 Spiritus

511 3367 689 3424 Patris
734 3377 789 3422 et
844 3367 991 3432 Filii,
1043 3366 1189 3436 quod
1223 3379 1516 3436 utrumque
1545 3370 1612 3422 ad
1643 3382 1791 3434 eum,
1817 3367 1974 3438 cujus
2007 3377 2091 3423 est

516 3459 824 3530 proprium,
855 3466 917 3513 ut
967 3461 1251 3513 (ansatum
1314 3457 1619 3527 referatur;
1655 3466 1710 3513 et
1739 3458 2087 3514 manifestum

513 3566 618 3618 εει,
652 3554 778 3624 quia
830 3570 939 3610 non
990 3551 1352 3612 convertitur.
1391 3555 1545 3622 Quod
1578 3555 1623 3610 si
1665 3557 1922 3625 proprius
1951 3554 2086 3609 dici-

514 3648 604 3697 tur
634 3643 696 3698 ut
741 3645 1247 3710 consubstantialis,
1308 3647 1464 3714 cujus
1515 3656 1599 3701 est
1652 3645 1931 3716 proprius,
1991 3641 2084 3699 sed

511 3737 1057 3793 consubstantialilas
1119 3733 1496 3810 principaliter
1551 3753 1770 3793 causam
1808 3750 1863 3793 et
1898 3753 2088 3793 causav

516 3843 630 3886 tum
671 3832 962 3903 signiﬁcat,
989 3841 1048 3888 ut
1080 3825 1362 3888 ostensum
1414 3843 1532 3896 est;
1565 3845 1620 3886 et
1648 3846 1770 3887 esse
1803 3831 2085 3902 proprium

512 3941 646 3998 ergo
679 3941 899 3983 causam
932 3935 990 3980 et
1044 3935 1330 3981 causatum
1379 3925 1656 3996 exprimit.
1694 3925 1860 3994 Atqui
1897 3939 2088 3993 proce-

514 4018 645 4073 dere
703 4015 841 4072 niltii
903 4011 1074 4080 aliud,
1115 4033 1278 4086 quam
1336 4018 1708 4071 exsistentiam
1753 4017 1959 4071 habere
1991 4032 2086 4086 per

514 4110 738 4164 modum
774 4096 1141 4179 processionis
1171 4107 1496 4179 signiﬁcate,
1522 4123 1713 4163 omnes
1741 4111 1926 4178 utique
1952 4109 2088 4162 fate-

515 4203 758 4268 buntur;
812 4203 1270 4272 quemadmodum
1319 4211 1373 4256 et
1402 4202 1646 4270 generari
1694 4200 1915 4254 ntodum
1945 4199 2090 4255 exsi-

514 4294 693 4349 stendi
727 4292 848 4347 Filii
907 4293 1186 4360 exprimit,
1232 4292 1380 4361 quod
1439 4292 1648 4346 scilicet
1712 4308 1810 4361 per
1865 4292 2085 4345 modum

517 4385 909 4457 generationis.
963 4384 1132 4454 Igitur
1194 4385 1337 4453 quod
1384 4384 1452 4437 ab
1508 4383 1762 4439 omnibus
1821 4382 2088 4453 theologis

514 4485 799 4533 asseratur
827 4477 1066 4548 Spiritus
1099 4492 1195 4549 per
1223 4477 1421 4531 Filium
1448 4478 1765 4546 procedere,
1797 4477 2086 4530 manifesta

517 4567 765 4627 doctrina
798 4580 881 4626 est
940 4570 1078 4641 ejus,
1126 4570 1274 4640 quod
1315 4586 1412 4640 per
1439 4570 1634 4624 Filium
1678 4585 1745 4625 ex
1776 4571 1936 4626 Patre
1972 4571 2088 4640 ipse

513 4663 716 4718 habeat
770 4662 1167 4718 exsistentiant.
1221 4663 1337 4717 Hoc
1380 4674 1560 4717 autem
1617 4664 1788 4719 instar
1841 4663 2084 4717 omnium

513 4757 733 4823 suﬂicit,
767 4767 825 4812 et
857 4756 992 4812 nihil
1016 4771 1156 4826 opus
1197 4765 1281 4810 est
1306 4757 1563 4832 iulterins
1607 4770 1787 4824 neque
1823 4756 2087 4824 theologis

514 4850 611 4922 qui
662 4852 730 4905 de
781 4849 1180 4904 subsistentiali
1238 4849 1593 4919 processione
1619 4850 1790 4904 divini
1849 4848 2088 4919 Spiritus

524 4947 820 5008 disserant,
877 4957 1056 5012 neque
1113 4942 1350 5012 amplius
1403 4941 1471 4997 iis
1524 4941 1618 5010 qui
1679 4940 1847 4995 velint
1892 4941 1960 4994 de
1987 4941 2087 4996 hac

527 5050 675 5093 recte
714 5036 919 5092 d0tCl‘i.
965 5028 1082 5090 Non
1142 5049 1272 5104 ergo
1321 5044 1509 5088 carent
1536 5034 1792 5098 dictione,
1827 5034 1918 5103 qui
1947 5035 2090 5086 hanc

523 5137 798 5201 quzcrunt,
836 5143 961 5183 cum
1015 5126 1235 5196 quidam
1273 5126 1518 5196 pritnarii
1573 5136 1885 5182 sanctorum
1910 5144 1974 5182 ex
2003 5128 2090 5182 Fi-

516 5225 612 5286 lio,
642 5224 734 5278 alii
763 5238 889 5277 vero
929 5237 1023 5292 per
1057 5221 1252 5276 Filium
1315 5222 1610 5290 procedere
1655 5221 1856 5278 dicant.
1883 5223 2091 5278 Distin-

514 5331 682 5385 guere
710 5315 853 5369 enim
890 5315 993 5368 hoc
1043 5315 1164 5368 loco
1206 5315 1646 5383 prazpositionem
1697 5331 1789 5383 per
1817 5315 1871 5369 in
1906 5315 2088 5370 direro

516 5425 605 5464 sas
661 5407 1085 5476 intelligentias,
1144 5416 1342 5476 praeter
1405 5393 1624 5461 omnem
1679 5407 1947 5461 rationem
2004 5400 2089 5462 est

516 5502 796 5572 a-signare
842 5503 988 5556 hunc
1038 5515 1261 5555 sensum
1291 5509 1493 5555 temere
1533 5500 1760 5554 dictioni
1817 5516 1908 5568 per
1935 5516 1996 5555 ac
2030 5515 2088 5553 se

518 5597 668 5665 ipsos
702 5592 940 5663 regulam
973 5593 1327 5648 constituere.
1360 5593 1436 5647 Ex
1485 5592 1686 5663 quibus
1736 5594 2090 5648 absurdiores

516 5688 586 5743 iis
638 5686 774 5741 mihi
805 5685 1059 5741 videntur
1110 5687 1202 5754 qui
1241 5685 1395 5740 hirco
1442 5700 1631 5739 cervos
1668 5683 1896 5754 ﬁngunt.
1933 5684 2086 5751 Quod

515 5777 562 5836 si
595 5777 708 5834 hac
739 5776 810 5833 ita
839 5792 894 5831 se
930 5776 1154 5838 habent,
1187 5776 1312 5845 quis
1343 5785 1525 5830 mente
1567 5774 1828 5843 praeditus
1851 5775 2086 5830 obsiste-

2192 3193 2286 3246 καὶ
2313 3191 2441 3262 περὶ
2472 3188 2568 3244 τοῦ
2601 3191 2730 3244 ίδιον
2765 3187 3021 3252 λέγεσθαι
3071 3186 3134 3240 τδ
3181 3183 3403 3253 Πνεῦμα
3453 3183 3547 3238 τοῦ
3608 3181 3758 3237 Υῑοῦ.

2195 3286 2353 3346 Ἰδιος
2394 3284 2502 3352 γὰρ
2530 3281 2754 3350 λέγεται
2794 3280 2889 3335 καὶ
2933 3280 2961 3334 ό
3014 3279 3146 3343 Υίδς
3181 3279 3277 3332 τοῦ
3307 3277 3541 3348 Πατρὸς,
3573 3276 3672 3330 καὶ
3699 3275 3762 3329 τὸ

2193 3375 2415 3444 Πνεῦμα
2447 3375 2575 3428 ἴδιον
2604 3374 2699 3426 τοῦ
2736 3373 2951 3442 Πατρὺς
2999 3371 3095 3424 καὶ
3139 3369 3233 3422 τοῦ
3265 3368 3418 3434 Υἱοῦ,
3444 3369 3526 3423 ὄτι
3571 3368 3759 3422 ἑκάτε-

2195 3485 2285 3538 ρον
2311 3465 2446 3536 πρὸς
2477 3466 2568 3520 τὸν
2591 3460 2650 3520 οὗ
2684 3467 2832 3518 ἐστιν
2864 3463 2993 3518 [διον
3021 3461 3096 3526 ὡς
3117 3462 3358 3517 alt-tath
3386 3462 3717 3531 ἀναφέρεται
3741 3476 3756 3492 ο

2190 3562 2284 3614 καὶ
2333 3561 2513 3631 δῆλον,
2570 3560 2652 3614 ὅτι
2697 3558 2819 3613 οὐδὲ
2875 3561 3250 3628 ἀντιστρέφειι
3291 3555 3354 3610 Εί
3402 3554 3461 3608 δὲ
3519 3556 3649 3610 ἴδιον
3687 3554 3760 3617 ὡς

2189 3653 2492 3722 όμοούσιον,
2523 3645 2584 3706 οῦ
2619 3654 2763 3706 ἐστιν
2794 3651 2945 3716 ἴδιον,
2973 3650 3212 3719 λέγεται,
3237 3647 3373 3702 ἀλλὰ
3402 3645 3462 3700 τὸ
3477 3646 3762 3717 ὀμοούσιον

2190 3745 2432 3817 ἀρχικῶς
2453 3745 2513 3799 τὸ
2546 3745 2719 3798 αἴτιον
2758 3745 2858 3798 καὶ
2897 3743 2960 3797 τὸ
2991 3742 3236 3797 αἰτιατδν
3262 3740 3538 3811 ἐμφαίνει,
3576 3738 3763 3802 «ὓς-δέ-

2188 3839 2396 3891 δεικται
2416 3852 2430 3868 ⁸
2467 3837 2562 3890 καὶ
2594 3835 2654 3890 τὸ
2675 3836 2804 3890 ίδιον
2832 3835 2940 3904 ἄρα
2971 3836 3032 3889 τὸ
3065 3837 3240 3890 αίτιον
3277 3835 3374 3888 καὶ
3417 3836 3478 3890 τὸ
3519 3835 3763 3889 αίτιατὸν

2193 3933 2511 4002 παρίστησι.
2545 3931 2654 3983 Καὶ
2695 3927 2800 4000 μὴν
2834 3930 2894 3982 τὸ
2927 3915 3324 4001 ἐκπορεύεσθαι
3370 3933 3470 3986 οὐκ
3502 3930 3632 3986 ἄλλο
3650 3928 3761 4000 τιῆ

2188 4027 2288 4092 τὴν
2317 4023 2552 4092 ὓπαρξιν
2591 4021 2938 4092 ὲκπορευτῶς
2981 4022 3127 4093 ἔχειν
3152 4023 3440 4094 σημαίνειν
3467 4027 3668 4086 πάντες
3696 4023 3765 4078 ἂν

2189 4117 2580 4186 ὁμολογήσαιεν
2602 4131 2616 4145 ο
2643 4115 2834 4186 ὥσπερ
2866 4117 2960 4169 καὶ
2980 4116 3040 4169 τὸ
3066 4118 3359 4184 γεννᾶσθαι
3385 4115 3485 4186 τῆς
3505 4115 3600 4171 τοῦ
3632 4115 3763 4170 Υίοῦ

2191 4209 2476 4279 ὑπάρξεως
2509 4208 2805 4276 παρίστησι
2850 4206 2941 4259 τὸν
2971 4208 3191 4278 τρόπον,
3234 4207 3319 4262 ὃτι
3368 4209 3538 4278 δήπου
3569 4225 3766 4279 γεννη-

2191 4301 2318 4363 τῶς.
2346 4300 2552 4352 Οὐκοῦν
2582 4299 2643 4352 τὸ
2670 4298 2758 4351 διὰ
2785 4298 2878 4352 τοῦ
2916 4299 3044 4353 Υίοῦ
3076 4300 3477 4371 ἐκπορεύεσθαι
3499 4301 3560 4354 τὸ
3594 4301 3764 4356 Πνεῦ-

2195 4411 2270 4464 μα
2300 4393 2359 4446 τὸ
2389 4393 2546 4460 ἅγιον
2570 4394 2724 4462 παρὰ
2773 4393 2990 4445 πάντων
3029 4391 3399 4458 θεολογεῖσθαι
3442 4391 3761 4446 διδασκαλία

2194 4484 2369 4554 σαφὴς
2401 4483 2494 4537 τοῦ
2535 4484 2623 4536 διὰ
2667 4482 2766 4536 τοῦ
2802 4482 2934 4537 Υἱοῦ
2978 4484 3044 4536 ὲκ
3073 4483 3170 4537 τοῦ
3232 4483 3445 4553 Πατρδς
3497 4483 3634 4538 αὐτὸ
3662 4479 3762 4554 τὴν

2191 4576 2423 4644 ὕπαρξιν
2477 4575 2641 4646 ἔχειν.
2701 4573 2870 4628 Τοῦτο
2902 4575 2959 4628 δὲ
3012 4576 3132 4629 ἀντὶ
3179 4575 3398 4628 πάντων
3444 4576 3630 4644 ἀρκεῖ,
3668 4575 3763 4629 καὶ

2188 4665 2343 4718 ούδὲν.
2367 4665 2448 4718 δεῖ
2464 4665 2773 4732 περαιτέρω
2791 4663 2915 4717 οὔτε
2943 4667 3052 4725 τοῖς
3083 4663 3424 4730 διδασκάλοις
3449 4666 3760 4734 θεολογοῦσι

2189 4757 2438 4828 περὶτῆς
2468 4757 2812 4827 ύπαρκτικῆς
2852 4758 3081 4828 προόδου
3113 4759 3208 4812 τοῦ
3244 4759 3393 4815 θείου
3424 4761 3758 4833 Πνεύματος,

2188 4848 2312 4903 οὔτε
2342 4849 2450 4919 μὴν
2479 4851 2591 4912 τοῖς
2635 4849 2877 4902 ἐθέλουσι
2913 4851 3041 4918 περὶ
3062 4851 3268 4923 ταύτης
3298 4852 3472 4922 ὀρθῶς
3503 4853 3757 4925 διδαχθῆ-

2189 4959 2274 4994 ναι
2320 4941 2504 5010 δεήσει
2546 4959 2598 4994 τι
2633 4940 2814 4994 πλέον.
2839 4942 2954 4993 Ούκ
2993 4942 3102 5012 ἄρα
3133 4945 3403 5012 ἀποροῦσι
3429 4945 3528 5016 τῆς
3565 4946 3761 5011 λέξεως

2191 5037 2239 5088 oi
2293 5035 2498 5102 ταύτην
2532 5033 2938 5103 ἐπιζητοῦντες,
2994 5034 3103 5087 τῶν
3149 5037 3247 5106 μὲν
3279 5041 3760 5107 περιφανεστάτων

2190 5127 2359 5195 ἁγίων
2393 5130 2456 5180 ἐκ
2485 5126 2577 5179 τοῦ
2613 5125 2743 5179 Υίοῦ
2797 5127 3192 5196 ἐκπορεύεσθαι
3237 5130 3537 5197 λεγόντων,
3571 5132 3675 5184 τῶν
3703 5131 3758 5184 δὲ

2190 5223 2276 5274 διὰ
2310 5219 2400 5272 τοῦ
2451 5218 2580 5270 Υίοῦ
2623 5217 3021 5289 ἐκπορεύεσθαι
3047 5235 3062 5251 ο
3099 5221 3160 5272 τὸ
3208 5222 3314 5292 γὰρ
3350 5223 3429 5286 είς
3476 5223 3758 5293 διαφόρους

2189 5315 2395 5376 ἐννοίας
2450 5312 2685 5366 ἐνταῦθα
2735 5311 2834 5380 τὴν
2876 5310 2974 5365 διὰ
3002 5311 3234 5383 διαιρεῖν
3288 5315 3750 5386 ἀποκληρούντων

2189 5412 2364 5473 ἄλλως
2393 5410 2538 5480 παρᾶ
2566 5409 2744 5462 πάντα
2791 5409 2947 5477 λόγον
2979 5411 3119 5475 ἐστὶ,
3151 5413 3242 5465 καὶ
3284 5414 3505 5478 ἑαυτοὺς
3529 5417 3760 5486 ἡγουμΐ-

2189 5521 2296 5556 νων
2325 5501 2543 5561 κανόνα,
2588 5501 2680 5567 Ἐξ
2711 5496 2785 5556 ὧν
2816 5501 3152 5574 ἀτοπώτεροι
3178 5506 3458 5575 φαίνονται
3529 5509 3639 5562 τῶν
3670 5510 3759 5562 καὶ

2191 5596 2313 5658 τοὺς
2342 5595 2722 5666 τραγελάφους
2746 5597 3222 5650 ἁναπλαττόντων.
3245 5599 3304 5651 Ei
3338 5600 3394 5653 δὲ
3423 5601 3579 5656 ταῦθ’
3598 5602 3756 5663 οὕτω,

2190 5686 2274 5747 τίς
2304 5685 2368 5737 ἂν
2393 5683 2516 5737 νοῦν
2552 5685 2692 5755 ἔχων
2715 5687 2933 5758 ὲνσταίη
2969 5687 3043 5759 μὴ
3065 5691 3128 5742 ὲκ
3168 5688 3262 5742 τοῦ
3293 5691 3505 5760 Πατρός
3546 5693 3642 5746 καὶ
3670 5691 3759 5745 τοῦ

2195 5778 2324 5832 Υἱοῦ
2374 5780 2434 5832 τὸ
2488 5779 2709 5849 Πνεῦμα
2741 5779 2802 5833 τὸ
2831 5780 2984 5850 ἅγιον
3017 5781 3115 5852 τὴν
3160 5781 3391 5853 ὓπαρξιν
3449 5785 3627 5855 ἔχεινς
3666 5785 3752 5838 καὶ
