4124 6300
446 266 553 334 923

1704 263 2091 330 DEMETRII
2134 261 2451 327 CYDONJI

3600 255 3708 321 99L

447 378 608 446 Filio,
655 376 766 437 sint
801 380 967 435 etiam
1020 376 1273 450 Spiritui,
1316 378 1560 452 exceptis
1617 378 1688 437 iis
1734 394 1857 451 quae
1887 388 2023 436 sunt

2135 379 2291 435 κοινά
2332 372 2474 433 εἶναι
2517 377 2613 431 καὶ
2669 372 2748 445 τῷ
2803 370 3103 443 Πνεύματι,
3135 368 3277 439 πλὴν
3306 368 3416 423 τῶν
3446 367 3716 423 ἀπολελυ-

445 474 719 529 absoluta.
747 470 873 528 ilice
924 471 1070 529 enim
1121 472 1489 529 communiter
1518 480 1681 542 atque
1720 470 2024 528 incommu-

448 562 693 620 tabiliter
745 572 802 618 ut
840 558 933 620 uni
989 562 1067 619 rei
1098 565 1270 620 trilms
1310 560 1539 629 insunt;
1574 578 1696 634 quae
1732 572 1916 620 autem
1946 578 2031 621 se—

446 664 697 725 quuntur
730 653 1063 723 personaiia,
1091 664 1145 711 et
1192 654 1559 728 ltypostatica,
1585 670 1693 711 non
1726 654 1807 710 sic
1836 670 1896 711 se
1929 654 2028 710 ba-

446 747 577 803 bere
622 762 853 803 necesse
909 757 1011 802 est.
1060 746 1283 804 Clarum
1343 752 1529 803 autem
1586 755 1671 804 est
1730 746 1861 804 illud
1907 760 2029 804 esse

450 839 673 905 quidem
721 845 1034 904 causatum,
1084 839 1299 896 duabus
1364 849 1575 895 tantum
1634 839 1887 911 personis
1919 852 2025 905 est,

447 926 593 984 l’ulri
642 936 822 984 autem
869 926 1137 996 minime;
1192 937 1249 985 et
1288 927 1424 985 illud
1475 928 1697 1001 quidem
1754 928 1895 995 dari,
1928 944 2027 987 seu

448 1016 592 1076 mitti
628 1015 898 1091 Spiritum
942 1031 1219 1087 sanctum,
1243 1021 1391 1077 Patri
1424 1038 1486 1078 ac
1523 1020 1663 1078 Filio
1690 1022 2025 1092 assignatur,

444 1114 558 1182 ipse
588 1127 720 1167 Vero
749 1111 989 1180 Spiritus
1042 1126 1154 1169 non
1185 1113 1390 1168 dicitur
1418 1129 1479 1187 se
1532 1113 1707 1183 ipsum
1743 1112 1895 1179 dare,
1934 1123 2027 1171 aut

447 1207 687 1260 mittere.
736 1206 945 1260 Deinde
988 1205 1452 1276 quemadmodum
1520 1206 1693 1261 Filius
1742 1223 1809 1262 ex
1869 1208 2028 1263 Patre

444 1300 695 1367 generari
765 1297 989 1363 dicitur,
1035 1310 1093 1355 et
1149 1316 1257 1355 una
1311 1301 1618 1355 substantia
1667 1310 1750 1356 est
1785 1302 1945 1357 Pater
1973 1308 2030 1355 et

444 1388 638 1450 Filius.
668 1406 777 1446 non
820 1406 999 1448 tamen
1036 1404 1325 1463 propterea
1368 1392 1590 1459 dicitur,
1618 1407 1796 1462 neque
1826 1392 2029 1464 reperi—

452 1492 542 1538 tur
578 1484 750 1541 Filius
785 1500 852 1539 ex
899 1484 1212 1541 substantia
1260 1500 1357 1542 sua
1409 1486 1676 1557 generari,
1717 1485 1813 1541 sed
1849 1501 2028 1556 neque

446 1575 661 1633 Patrem
693 1595 757 1632 ex
793 1578 1098 1635 substantia
1145 1594 1268 1635 esse
1305 1577 1450 1633 Filii.
1488 1579 1597 1634 Hoc
1638 1579 1786 1635 enim
1825 1580 1878 1633 in
1908 1578 2029 1635 Tri-

445 1676 614 1737 nitate
668 1668 977 1726 divinarum
1032 1685 1389 1741 personarum
1440 1672 1688 1727 ordinem
1733 1670 2023 1739 pervertit.

2141 472 2319 545 μένων
2363 468 2505 541 φημί
2556 468 2730 524 ταῦτα
2778 468 2886 539 γὰρ
2919 466 3111 529 κοινῶς
3148 465 3244 519 καὶ
3274 463 3716 534 ἀπαραλλάκτως

2137 567 2253 629 τοῖς
2288 564 2489 635 τρισὶν,
2535 564 2612 625 ὡς
2654 561 2737 615 ἑνὶ
2777 562 3065 641 πράγματι
3091 557 3351 628 ὑπάρχει.
3392 556 3473 609 Τὰ
3518 553 3576 608 δὲ
3602 554 3715 616 τοῖς

2136 658 2513 730 προσωπικοῖς
2561 654 2658 711 καὶ
2702 653 3093 716 ὐποστατικοῖς
3127 652 3375 721 ἑπόμενα
3406 648 3506 720 οὐχ
3538 648 3713 710 οὕτως

2135 749 2282 822 ἔχειν
2308 748 2548 820 ἀνάγκη.
2589 748 2760 819 Δῆλον
2802 747 2860 800 δὲ
2881 747 2916 780 ⁸⁵
2938 745 3001 801 τδ
3027 747 3125 815 μὲν
3166 743 3409 798 αἰτιατδν
3442 743 3553 805 τοῖς
3584 739 3712 794 δυσὶ

2134 840 2455 915 προσώποις
2489 842 2627 909 ἐστὶ,
2661 840 2739 911 τῷ
2765 840 2821 895 δὲ
2866 838 3045 912 Πατρὶ
3076 837 3364 908 οὐδαμῶςο-
3387 834 3482 891 καὶ
3512 832 3575 888 τὸ
3612 832 3713 903 μὲν

2133 935 2399 1003 δίδοσθαι,
2422 935 2456 1007 ἢ
2487 934 2807 1006 πέμπεσθαι
2831 932 2893 987 τὸ
2915 930 3140 1001 Πνεῦμα
3167 929 3229 984 τδ
3260 930 3415 997 ἆγιον
3440 926 3517 997 τῷ
3536 923 3712 997 Πατρῖ

2139 1027 2237 1082 καὶ
2271 1027 2349 1099 τῷ
2382 1026 2497 1097 Υιῷ
2548 1025 2882 1081 ἀποδίδοται·
2917 1023 3050 1079 αὐτὸ
3097 1023 3154 1077 δὲ
3191 1023 3251 1075 οὐ
3290 1020 3511 1089 λέγεται
3549 1016 3715 1072 ἑαυτὸ

2134 1123 2337 1176 διδόναι
2367 1120 2400 1193 ἢ
2436 1118 2703 1191 πέμπειν.
2733 1120 2987 1183 Ἔπειτα,
3037 1102 3229 1185 ὥσπερ
3266 1117 3295 1167 δ
3347 1113 3471 1174 Υίδς
3521 1114 3585 1164 ἐκ
3618 1107 3712 1163 τοῦ

2138 1217 2350 1285 Πατρδς
2401 1213 2696 1282 γεννᾶσθαι
2747 1213 2989 1282 λέγεται,
3047 1210 3139 1263 καὶ
3199 1208 3297 1279 μία
3356 1206 3514 1259 οὐσία
3564 1205 3715 1257 ἐστὶν

2148 1307 2208 1360 Ὅ
2239 1306 2430 1379 Πατὴρ
2459 1308 2556 1362 καί
2596 1310 2624 1359 ὁ
2651 1306 2799 1371 Υἱὸς,
2833 1305 2894 1358 οὐ
2935 1302 3027 1357 διὰ
3056 1301 3216 1355 τοῦτο
3251 1300 3437 1370 μέντοι
3472 1298 3712 1366 λέγεται,

2135 1401 2257 1454 οὐδὲ
2288 1399 2516 1471 εὕρηται
2550 1397 2644 1452 τὸν
2682 1396 2811 1451 Υἱὺν
2847 1398 2911 1450 ἐκ
2934 1396 3031 1466 τῆς
3054 1393 3243 1456 οὐσίας
3286 1390 3481 1445 ἑαυτοῦ
3524 1392 3717 1458 γεννᾶ-

2137 1490 2285 1555 σθαι,
2323 1488 2441 1543 ἀλλ’
2479 1489 2602 1542 οὐδὲ
2637 1488 2729 1542 τὸν
2779 1487 3003 1558 Πατέρα
3064 1486 3127 1537 ἐκ
3178 1486 3278 1553 τῆς
3334 1481 3521 1544 οὐσίας
3573 1475 3715 1534 εἶναι

2133 1581 2228 1637 τοῦ
2284 1581 2440 1650 Υίοῦ,
2502 1580 2663 1636 τοῦτο
2713 1579 2822 1650 γὰρ
2886 1579 2989 1649 τὴν
3044 1578 3103 1631 ὲν
3150 1574 3344 1647 Τριὰδι
3397 1573 3508 1626 τῶν
3553 1572 3717 1627 θείων

2136 1676 2442 1747 προσώπων
2498 1675 2651 1741 τάξιν
2710 1673 3006 1745 ἀνατρέπει
3032 1686 3047 1701 ⁸
3095 1670 3189 1723 τὸν
3234 1671 3351 1724 ἴσον
3389 1666 3589 1737 τρόπον
3621 1665 3715 1720 καὶ

443 1760 525 1818 Ad
558 1763 812 1820 eumdem
865 1762 1086 1819 modum
1128 1764 1296 1820 etiam
1325 1764 1395 1821 de
1438 1764 1671 1834 Spiritu,
1708 1766 1752 1819 si
1818 1765 2030 1819 dicatur

2136 1770 2265 1838 περὶ
2304 1766 2399 1820 τοῦ
2456 1766 2783 1837 Πνεύματος
2815 1804 2831 1829 ,
2889 1764 2937 1817 εί
2976 1762 3192 1830 λέγοιτο
3245 1760 3310 1813 ὲκ
3370 1756 3469 1827 τῆς
3525 1756 3716 1818 οὐσίας

450 1874 514 1910 cx
549 1856 857 1913 substantia
918 1873 1038 1913 esse
1080 1855 1256 1913 Patris
1309 1864 1363 1911 et
1407 1856 1553 1922 Filii,
1583 1866 1734 1911 certe
1767 1869 1870 1909 non
1906 1868 2031 1924 pro-

448 1958 634 2019 pterea
663 1962 888 2005 necesse
919 1956 1025 2013 est,
1060 1954 1120 2004 ut
1143 1949 1309 2005 etiam
1352 1963 1415 2004 ex
1444 1948 1752 2003 substantia
1778 1962 1875 2002 sua
1900 1961 2029 2002 esse

445 2042 696 2108 dicatur;
728 2042 988 2112 quoniam
1024 2041 1173 2096 nulla
1203 2056 1439 2113 persona
1473 2043 1567 2095 dat
1590 2040 1696 2097 sibi
1726 2038 2031 2095 subsisten-

447 2139 575 2189 tiam
603 2153 616 2196 ;
656 2148 833 2205 neque
863 2132 980 2206 ipse
1011 2135 1095 2190 sui
1138 2134 1312 2205 ipsius
1341 2145 1427 2190 est
1472 2134 1832 2205 causa,juxta
1864 2146 2027 2202 quam

448 2242 581 2282 sane
614 2228 881 2283 rationem
942 2241 1119 2299 neque
1179 2227 1421 2299 Spiritus
1472 2242 1531 2283 se
1589 2226 1766 2297 ipsum
1800 2225 1914 2291 dat,
1946 2225 2027 2280 vel

455 2316 645 2373 mittit.
672 2316 809 2372 Mitti
837 2326 1019 2373 autem
1068 2332 1295 2375 necesse
1329 2326 1415 2374 est
1452 2316 1520 2373 ab
1542 2333 1628 2383 eo,
1666 2334 1695 2372 a
1729 2332 1838 2386 quo
1863 2315 2029 2372 etiam

446 2410 830 2468 exsistentiam
868 2410 1073 2477 habet;
1111 2411 1354 2482 alioquin
1409 2420 1618 2466 tantum
1655 2426 1685 2466 a
1714 2410 1851 2466 Filio
1893 2412 2027 2465 mis-

456 2517 573 2569 sus,
605 2518 713 2559 non
743 2512 924 2558 tamen
949 2511 1003 2559 et
1034 2503 1103 2561 ab
1131 2505 1250 2576 ipso
1280 2503 1578 2576 accipiens,
1606 2504 1803 2561 Filium
1840 2515 2031 2561 osten-

449 2595 630 2664 deret,
675 2613 781 2652 non
825 2597 1030 2665 omnia,
1078 2613 1201 2668 quae
1238 2598 1414 2652 Patris
1470 2607 1619 2665 sunt,
1653 2613 1780 2652 eum
1827 2598 2027 2654 habere

444 2688 1003 2757 ittcommutabiliter;
1057 2706 1237 2760 neque
1313 2706 1663 2745 communem
1745 2690 2029 2745 amborum

449 2786 720 2856 Spiritum
758 2796 1008 2840 sanctum
1045 2786 1330 2855 aequaliter
1360 2787 1493 2855 ipsis
1534 2801 1679 2843 esse.
1707 2785 1860 2840 itane
1899 2799 2032 2841 vero

448 2892 665 2948 a'quum
696 2880 891 2934 esset?
922 2880 1016 2948 qui
1049 2889 1132 2934 est
1158 2881 1449 2935 character
1493 2880 1854 2952 hypostaseos
1888 2880 2033 2949 ejus,

444 2978 612 3041 atque
644 2970 823 3043 imago
852 2969 1345 3036 incommutabilis,
1385 2972 1676 3043 Patrisque
1705 2971 1954 3027 deﬁnitio
1976 2982 2032 3027 et

450 3064 725 3119 Verbum?
759 3064 835 3119 Ex
869 3080 981 3135 quo
1032 3072 1184 3136 patet
1226 3064 1388 3129 ratio,
1424 3079 1595 3135 quare
1644 3081 1749 3120 non
1781 3066 2031 3120 mittatur
2056 3084 2102 3146 ρ

445 3155 630 3212 Pater.
660 3155 928 3223 Quoniam
963 3158 1112 3213 enim
1145 3164 1408 3228 tanquam
1442 3158 1761 3213 incausatus
1808 3174 1915 3213 non
1946 3170 2031 3214 est

446 3245 516 3299 ab
544 3245 753 3316 aliquo,
787 3245 997 3302 idcirco
1039 3262 1217 3316 neque
1249 3248 1320 3304 ab
1352 3248 1537 3318 aliquo
1569 3249 1709 3302 mitti
1758 3247 1810 3302 in
1862 3248 2031 3303 sacris

448 3338 749 3409 Scripturis
772 3355 1031 3411 expresse
1063 3340 1289 3399 dicitur.
1403 3375 1407 3379 -

1045 3456 1275 3513 CAPUT
1334 3456 1427 3512 XI.

446 3543 601 3610 Quod
644 3544 874 3622 alterum
912 3548 1255 3620 objectionem
1299 3550 1485 3622 iisdem
1517 3548 1773 3619 inferunt,
1806 3569 1924 3622 qua
1954 3562 2029 3607 est

658 3632 721 3671 ea:
751 3618 951 3673 duobus
971 3618 1265 3691 principiis,
1302 3629 1352 3674 et
1384 3620 1542 3690 hujus
1572 3618 1787 3677 solutio.

516 3708 671 3777 Quod
701 3726 833 3766 vero
866 3728 1060 3769 rursus
1104 3713 1394 3785 objiciunt,
1442 3713 1690 3784 ejusdem
1730 3714 1923 3770 farinae
1948 3725 2034 3772 est

445 3812 830 3871 argumentum
860 3821 874 3869 ;
901 3818 1022 3859 esse
1050 3804 1198 3858 enim
1231 3804 1369 3859 duas
1404 3817 1598 3860 causas
1628 3804 1864 3876 Spiritus
1894 3806 2033 3861 falso

453 3895 819 3961 mentiuntur,
848 3878 893 3950 si
946 3895 1072 3965 quis
1116 3895 1263 3949 hunc
1310 3909 1375 3949 ex
1432 3896 1739 3965 substantia
1770 3897 1947 3951 Patris
1978 3906 2035 3953 et

446 3983 573 4040 Filii
605 3985 829 4043 dixerit.
857 3987 1066 4043 Verum
1093 3987 1202 4043 hoc
1244 4004 1355 4044 non
1390 3989 1573 4057 nobis,
1606 3990 1701 4045 sed
1733 3990 2034 4062 Scriptura:

449 4090 617 4152 atque
663 4082 988 4141 doctoribus
1040 4085 1280 4156 objicere
1313 4102 1412 4157 par
1463 4096 1568 4143 est.
1598 4086 1664 4141 Hi
1697 4085 1845 4141 enim
1882 4094 2031 4151 sunt,

446 4176 544 4245 qui
606 4173 871 4247 Spiritum
914 4192 983 4234 ex
1038 4179 1342 4236 substantia
1395 4180 1579 4237 Patris
1638 4190 1696 4236 et
1747 4180 1869 4235 Filii
1910 4195 2035 4236 esse

451 4269 759 4339 theologice
792 4270 1108 4337 disserunt;
1142 4280 1198 4328 et
1229 4289 1295 4328 ex
1346 4274 1619 4330 ambobus
1646 4274 1814 4340 mitti,
1844 4283 1899 4328 et
1938 4288 2035 4343 per

451 4363 651 4418 Filium
681 4364 1001 4434 procedere,
1028 4373 1187 4437 atque
1223 4382 1289 4421 ex
1322 4366 1483 4423 Patre
1524 4381 1589 4422 ac
1629 4368 1771 4422 Filio
1800 4382 1943 4433 esse,
1978 4376 2036 4422 et

2130 1857 2276 1915 εῖναι
2308 1859 2403 1913 τοῦ
2433 1861 2644 1928 Πατρδς
2672 1858 2888 1913 καὶτοῦ
2923 1858 3080 1923 Υίοῦ,
3112 1858 3173 1912 οὐ
3204 1859 3380 1928 δήπου
3419 1856 3507 1912 διὰ
3534 1855 3712 1909 ταῦτα

2128 1955 2346 2024 ἀνάγκη
2375 1954 2470 2009 καὶ
2500 1954 2566 2007 ὲκ
2611 1952 2713 2023 τῆς
2741 1952 2930 2016 οὐσίας
2986 1952 3182 2007 ἑαυτοῦ
3238 1951 3498 2020 λέγεσθαι
3543 1947 3709 2005 εἶναι·

2130 2050 2255 2102 ἐπεὶ
2302 2047 2453 2100 οὐδὲν
2500 2045 2795 2116 πρόσωπον
2851 2046 3141 2115 ὐφίστησιν
3180 2045 3373 2109 ἑαυτὸ,
3416 2043 3525 2097 οὐδ’
3552 2044 3716 2106 αὐτὸς

2132 2141 2327 2196 ἑαυτοῦ
2374 2141 2525 2194 ἐστιν
2576 2140 2749 2203 αἰτία,
2794 2138 2920 2192 καθ’
2954 2138 3014 2192 δν
3061 2138 3126 2208 δὴ
3178 2139 3336 2206 λόγον
3386 2138 3445 2190 τὸ
3484 2136 3711 2206 Πνεῦμα

2129 2235 2251 2290 οὐδὲ
2277 2233 2438 2288 ἑαυτὸ
2463 2232 2682 2286 δίδωσιν
2706 2233 2740 2305 ἢ
2774 2230 3006 2302 πέμπει.
3044 2230 3369 2301 Πέμπεσθαι
3396 2230 3451 2283 δὲ
3488 2230 3708 2301 ἀνάγκη

2132 2330 2262 2398 παρ’
2293 2318 2353 2380 οὗ
2386 2327 2479 2381 καὶ
2508 2325 2606 2396 τὴν
2661 2324 2897 2397 ὓπαρξιν
2948 2325 3061 2397 ἔχει
3090 2342 3104 2357 ο
3153 2325 3327 2388 ἄλλως
3384 2325 3489 2394 γὰρ
3544 2323 3707 2395 μόνον

2131 2420 2279 2491 παρά
2337 2418 2431 2473 τοῦ
2466 2419 2597 2473 Υἱοῦ
2628 2419 3002 2491 πεμπόμενον,
3052 2418 3112 2471 οὐ
3157 2418 3263 2490 μὴν
3312 2419 3408 2473 καὶ
3452 2416 3511 2482 ἐξ
3542 2416 3709 2471 αὐτοῦ

2130 2512 2428 2584 λαμϐάνον,
2465 2513 2557 2567 τὸν
2606 2512 2734 2568 Υίὸν
2767 2512 2833 2567 ἂν
2881 2511 3091 2566 ἒδείκνυ
3146 2512 3223 2584 μὴ
3263 2512 3443 2565 πάντα
3496 2511 3565 2565 τὰ
3618 2509 3710 2563 τοῦ

2132 2601 2349 2672 Πατρὸς
2381 2598 2543 2657 αὐτὸν
2570 2601 2719 2672 ἔχειν
2748 2600 3211 2673 ἀπαραλλάκτως,
3247 2600 3385 2671 μηδὲ
3430 2599 3492 2654 τὺ
3527 2602 3707 2653 κοινὸν

2132 2694 2338 2763 ἀμφοῖν
2372 2693 2528 2761 ἅγιον
2578 2692 2807 2762 Πνεῦμα
2869 2691 3066 2761 ἐπίσης
3114 2693 3303 2757 αὐτοῖς
3340 2686 3505 2747 εἶναι.
3554 2692 3715 2746 Οὖτω

2132 2786 2182 2841 δ’
2213 2785 2280 2840 ἂν
2317 2786 2530 2850 δίκαιος
2556 2782 2643 2857 ἦν,
2676 2788 2735 2849 ὃς
2766 2786 2887 2840 ἐστι
2914 2785 3202 2856 χαρακτὴρ
3231 2786 3330 2853 τῆς
3360 2785 3715 2848 ὑποστάσεως

2134 2878 2326 2944 αὐτοῦ,
2363 2881 2460 2933 καὶ
2507 2878 2672 2934 εἰκὼν
2718 2877 3141 2948 ἀπαράλλακτος
3209 2876 3305 2931 καὶ
3357 2876 3452 2930 τοῦ
3504 2874 3716 2946 Πατρὺς

2133 2971 2260 3043 ὄρος
2289 2970 2381 3023 καὶ
2416 2971 2586 3040 Λόγος
2621 2986 2636 3036 ;
2686 2970 2778 3035 Ἐξ
2820 2962 2896 3025 ὧν
2926 2970 3088 3040 δῆλος
3123 2969 3216 3023 καὶ
3244 2969 3272 3023 ὀ
3298 2967 3394 3021 τοῦ
3445 2967 3527 3038 μὴ
3574 2966 3718 3035 πέμ-

2135 3060 2336 3114 πεσθαι
2382 3060 2474 3115 τδν
2506 3060 2729 3131 Πατέρα
2755 3060 2937 3129 λόγος.
2981 3059 3140 3114 Ἐπεὶ
3188 3060 3297 3128 γάρ
3339 3059 3419 3122 ὡς
3470 3057 3716 3121 ἀναίτιος

2134 3153 2235 3208 οὐκ
2267 3154 2417 3209 ἔστιν
2443 3154 2507 3206 ἔκ
2535 3171 2703 3219 τινος,
2735 3153 2822 3207 διὰ
2855 3153 3019 3207 τοῦτο
3051 3152 3172 3207 οὐδὲ
3204 3151 3356 3219 παρά
3379 3168 3526 3216 τινος
3574 3152 3706 3205 ἀπο-

2135 3245 2451 3301 στέλλεσθαι
2479 3245 2699 3316 λέγεται
2732 3247 2791 3300 ὲν
2822 3248 2943 3310 ταῖς
2968 3246 3215 3319 Γραφαῖς
3243 3244 3569 3318 διαρρήδην.

2737 3454 2990 3510 ΚΕΦΑΛ.
3027 3453 3134 3509 ιΑν.

2134 3549 2262 3632 Ὅτε
2301 3548 2399 3632 καί
2426 3547 2639 3632 exspor
2661 3548 2981 3632 ῥγτίρεσιῖ
3006 3548 3371 3632 refecti-tote
3416 3547 3715 3632 dat/drawn

2205 3620 2320 3687 τὴν
2351 3621 2469 3676 ἀπὸ
2505 3620 2625 3675 τῶν
2651 3620 2763 3675 δύο
2801 3620 3026 3690 ἀρχῶν,
3062 3620 3162 3675 καὶ
3190 3621 3374 3686 λύσις
3404 3620 3619 3688 αὐτῆς.

2210 3716 2275 3768 ⁸0
2303 3714 2358 3769 δὲ
2397 3715 2592 3787 ἕτερον
2616 3715 3007 3784 ἀντεπάγουσι,
3034 3715 3135 3784 τῆς
3173 3714 3347 3785 αὐτῆς
3397 3713 3426 3766 δ
3454 3713 3518 3784 δὴ
3555 3712 3715 3783 λέγε-

2132 3826 2224 3862 ται
2257 3809 2582 3878 κεραμείας·
2624 3802 2770 3863 εῖναι
2807 3809 2916 3881 γὰρ
2945 3808 3040 3862 δύο
3072 3808 3225 3861 αἴτια
3250 3806 3348 3883 τοῦ
3390 3804 3715 3877 Πνεύματος

2134 3900 2609 3971 καταψεύδονται,
2667 3900 2717 3954 εί
2756 3898 2915 3953 τοῦτᾶ
2953 3918 3039 3964 τις
3086 3902 3150 3953 ὲκ
3207 3899 3311 3970 τῆς
3370 3899 3561 3965 οὐσίας
3620 3898 3714 3954 τοῦ

2134 3994 2347 4065 Πατρδς
2385 3995 2481 4047 καὶ
2528 3992 2623 4047 τοῦ
2670 3992 2806 4046 Υίοῦ
2859 3992 3031 4062 λέγοι.
3078 3992 3243 4048 Ἀλλά
3302 3992 3464 4047 τοῦτό
3519 4009 3581 4062 γε
3615 3994 3719 4066 οὐχ

2134 4088 2287 4157 ἡμῖν,
2319 4086 2385 4155 τῇ
2437 4084 2493 4139 δὲ
2533 4086 2722 4156 Γραφῇ
2768 4085 2864 4138 καὶ
2917 4087 3029 4149 τοῖς
3083 4085 3425 4151 διδασκάλοις
3462 4087 3717 4155 ἐγκαλεῖν

2136 4179 2302 4243 εἰκός.
2327 4172 2486 4233 Οὐτοι
2515 4180 2625 4248 γάρ
2663 4178 2803 4231 εἰσιν
2832 4177 2884 4231 οί
2934 4178 2997 4231 τὸ
3031 4177 3259 4247 Πνεῦμα
3302 4179 3367 4232 ἐκ
3400 4179 3499 4249 τῆς
3528 4178 3718 4243 οὐσίας

2132 4269 2227 4325 τοῦ
2281 4270 2497 4343 Πατρδς
2548 4272 2647 4325 καὶ
2697 4271 2790 4323 τοῦ
2822 4270 2957 4325 Υίοῦ
3004 4266 3153 4325 εἷναι
3184 4270 3598 4339 θεολογοῦντες,
3622 4272 3721 4325 καὶ

2136 4363 2271 4435 παρ’
2315 4364 2519 4436 ἀμφοῖν
2571 4364 2912 4436 πέμπεσθαι,
2954 4365 3049 4419 καὶ
3090 4364 3181 4420 διὰ
3229 4365 3326 4420 τοῦ
3372 4364 3505 4425 Υἱοῦ
3553 4366 3721 4419 ἐκπο-

452 4455 509 4510 id
562 4472 755 4527 genus.
802 4456 859 4514 Si
916 4457 1086 4530 igitur
1142 4459 1257 4513 here
1310 4459 1448 4516 duos
1481 4460 1727 4528 datores,
1755 4462 1841 4517 vel
1892 4462 2032 4517 duos

2138 4454 2414 4527 petissem,
2451 4455 2546 4509 καὶ
2592 4456 2656 4509 ὲκ
2706 4455 2799 4510 τοῦ
2853 4456 3070 4525 Πατρδς
3116 4456 3213 4510 καὶ
3249 4454 3344 4509 τοῦ
3387 4453 3519 4510 Υίοῦ
3551 4450 3715 4520 εἶναι,

448 4563 745 4618 processus
802 4558 859 4604 et
912 4565 1107 4606 causas
1162 4553 1351 4607 volunt
1410 4553 1744 4624 significare,
1801 4554 2034 4609 omnino

448 4654 627 4709 neque
662 4655 764 4695 nos
796 4640 917 4697 illos
954 4653 1010 4698 et
1038 4658 1229 4698 eorum
1260 4660 1425 4699 voces
1450 4647 1647 4712 secuti,
1671 4662 1798 4701 cum
1824 4646 2035 4701 nullum

448 4740 713 4799 sequatur
745 4732 1067 4799 absurdum,
1100 4735 1451 4805 arguentium
1484 4736 1683 4791 merito
1706 4737 2039 4792 criminibus

453 4818 680 4875 obnoxii
715 4822 944 4888 erimus,
976 4823 1072 4879 sed
1117 4825 1469 4880 manifestum
1518 4837 1623 4889 est,
1658 4830 1804 4895 quod
1850 4828 1920 4881 ab
1948 4842 2013 4883 ac

448 4917 830 4974 cusatiouibus
863 4920 1047 4987 liberi,
1078 4936 1203 4977 cum
1250 4920 1360 4977 illis
1394 4930 1714 4979 constanter
1742 4922 2033 4979 stabimus.

525 5185 677 5256 Quod
712 5190 755 5245 si
796 5206 937 5261 opus
982 5201 1065 5247 est
1108 5193 1201 5248 hic
1247 5192 1415 5248 etiam
1444 5193 1651 5263 aliquid
1685 5194 1892 5253 dicere.
1930 5196 2039 5253 Ne-

457 5297 649 5353 gamus
681 5300 749 5338 ex
779 5282 941 5339 Patre
1001 5300 1124 5341 esse
1181 5286 1474 5357 Spiritum,
1515 5297 1790 5355 quatenus
1828 5300 1911 5343 est
1936 5289 2040 5345 Pa-

459 5389 576 5441 ter:
611 5377 913 5432 secundum
937 5377 1081 5433 enim
1116 5389 1363 5434 sanctum
1394 5379 1712 5443 Maximum,
1744 5383 1798 5436 in
1823 5383 2041 5457 dialogo

460 5476 530 5528 ad
580 5474 903 5528 Dissimilem
955 5491 973 5529 ι
1036 5495 1055 5528 t
1118 5476 1358 5547 Spiritus
1418 5493 1526 5532 non
1577 5478 1740 5533 habet
1796 5480 2036 5536 Patrem.

464 5566 654 5635 Neque
678 5556 880 5645 rursus
916 5582 981 5623 ex
1017 5567 1175 5635 Filio,
1210 5577 1481 5640 quatenus
1508 5582 1591 5627 est
1619 5572 1808 5638 Filius,
1835 5574 2039 5645 quippe

461 5660 634 5716 Filius
668 5661 732 5714 ad
763 5660 977 5717 Patrem
1020 5662 1224 5719 dicitur
1255 5664 1462 5731 Filius;
1496 5667 1750 5735 quamvis
1770 5676 2042 5736 quatenus

462 5754 640 5810 Patris
672 5753 840 5811 Filius
899 5767 1093 5813 natura
1127 5774 1311 5823 verus,
1357 5770 1413 5816 et
1467 5759 1610 5816 nulla
1651 5759 1915 5817 varietate
1971 5761 2039 5816 ab

2138 4548 2234 4601 καὶ
2263 4547 2440 4600 πάντα
2466 4547 2535 4600 τὰ
2564 4547 2814 4604 τοιαῦτα.
2847 4546 2911 4601 Ei
2937 4548 3121 4602 τοίνυν
3156 4549 3226 4603 τά.
3258 4565 3322 4617 γε
3356 4548 3585 4603 τοιαῦτα
3625 4547 3720 4603 δύο

2138 4641 2370 4711 δοτῆρας
2402 4640 2435 4713 ἢ
2464 4639 2559 4695 δύο
2612 4642 2881 4713 προόδους
2934 4642 3034 4695 καὶ
3074 4642 3227 4695 αῐτια
3261 4641 3516 4713 βούλεται
3550 4659 3718 4712 παρι-

2140 4735 2295 4806 στᾷν,
2326 4735 2388 4788 οὐ
2421 4736 2642 4798 πάντως
2663 4734 2773 4788 οὐδ’
2806 4736 2971 4805 ἡμεῖς
3016 4734 3264 4799 ἐκείνους
3299 4735 3396 4788 καὶ
3437 4735 3537 4799 τὰς
3572 4737 3716 4790 ἑκεί-

2138 4846 2247 4882 νων
2295 4828 2481 4898 φωνὰς
2520 4828 2826 4899 δεχόμενοι,
2871 4828 3099 4898 μηδενὸς
3145 4827 3572 4890 ἀκολουθοῦντος
3596 4829 3721 4882 ἀτό-

2139 4935 2243 4971 που
2283 4920 2419 4982 τοῖς,
2445 4917 2555 4969 τῶν
2606 4918 2947 4987 αἰτιωμένων
2976 4918 3293 4988 ἐγκλήμασι
3327 4917 3552 4980 δικαίως
3584 4918 3720 4971 ὐπο-

2139 5011 2432 5081 κεισόμεθα
2453 5029 2469 5043 ο
2499 5010 2634 5065 ἀλλὰ
2660 5012 2843 5082 δῆλον,
2878 5011 2955 5074 ὡς
2997 5010 3108 5064 τῶν
3149 5009 3517 5081 ἐγκλημάτων
3568 5009 3718 5065 ὲλεύρ

2141 5105 2291 5174 Θεροι
2324 5104 2446 5176 μετ’
2478 5104 2705 5159 ἐκείνων
2749 5102 3076 5173 ὲστήξομεν.

2215 5198 2276 5250 El
2304 5197 2360 5251 δὲ
2384 5198 2466 5251 δεῖ
2494 5216 2545 5252 τι
2592 5197 2871 5252 κάνταῦθα
2927 5199 3127 5263 εἰπεῖν,
3178 5197 3241 5251 οὐ
3295 5214 3478 5267 φαμεν
3519 5199 3584 5251 ὲκ
3622 5195 3714 5251 τοῦ

2140 5289 2355 5357 [ἰατρὸς
2390 5285 2533 5343 εἶναι
2561 5290 2625 5342 τὸ
2655 5290 2880 5359 Πνεῦμα
2922 5288 3009 5359 ἐφ’
3041 5290 3166 5343 ὅσον
3194 5291 3313 5344 ἐστὶ
3342 5291 3552 5361 Πατήρ⁹
3578 5287 3719 5342 κατὰ

2140 5384 2249 5454 γὰρ
2279 5383 2367 5436 τὸν
2398 5383 2550 5448 ἆγιον
2577 5382 2829 5451 Μάξιμον
2858 5384 2915 5435 ὲν
2948 5381 3025 5453 τῷ
3057 5382 3211 5451 πρὸς
3254 5382 3570 5451 Ἀνόμοιον
3602 5382 3717 5435 δια-

2140 5477 2301 5544 λόγῳ,
2328 5496 2346 5529 ι
2384 5476 2457 5529 Τὸ
2484 5474 2709 5546 Πνεῦμα
2763 5476 2864 5529 οὐκ
2894 5475 3008 5545 ἔχει
3043 5476 3262 5544 Πατέρα
3286 5492 3299 5505 ·
3352 5494 3369 5525 ι
3406 5473 3516 5527 οὐδ’
3556 5473 3622 5526 αὐ
3652 5476 3717 5527 ὲκ

2141 5569 2236 5622 τοῦ
2266 5568 2424 5631 Υἱοῦ,
2478 5568 2675 5637 ἐφόσον
2720 5567 2870 5620 ἐστὶν
2897 5566 3046 5627 Υἱός·
3079 5569 3107 5619 ὁ
3133 5568 3240 5636 γὰρ
3281 5565 3411 5629 Υἱὸς
3451 5566 3589 5634 πρὸς
3617 5564 3710 5616 τδν

2143 5662 2365 5731 Πατέρα
2388 5662 2609 5730 λέγεται
2640 5661 2790 5724 Υἱός·
2825 5660 2874 5712 εί
2906 5663 3001 5715 καὶ
3037 5660 3174 5713 καθὸ
3222 5657 3317 5711 τοῦ
3352 5657 3562 5726 Πατρὶς
3590 5655 3717 5720 Υἱὸς

2146 5756 2307 5826 φύσει
2342 5754 2547 5829 ἀληθὴς
2588 5756 2683 5810 καὶ
2742 5753 3166 5826 ἀπαράλλακτος
3219 5752 3389 5823 αὐτῷ,
3432 5751 3613 5806 πάντα
3648 5751 3729 5807 τά
