4124 6300
348 350 456 416 925

1268 356 1368 422 DE
1407 355 1925 426 PROCRSSIONE
1968 359 2328 430 SPIRITUS
2368 359 2668 432 SANCTI.

3491 360 3602 435 926

345 463 703 552 τοῆῐῐατρδς
747 465 806 522 ιν
845 463 927 538 τῷ
975 465 1273 537 γεννᾶσθαι
1327 470 1696 542 συνιπάγιται
1724 511 1740 536 ,
1785 473 1923 530 ἀλλὰ

2037 470 2130 533 illo
2152 472 2433 544 uidereris,
2464 472 2649 535 omnia
2682 484 2804 549 quae
2835 481 2964 533 sunt
2998 471 3172 535 Patris
3209 489 3263 533 in
3292 475 3406 550 ipsa
3436 460 3604 552 genae

346 539 582 614 καθῦαον
607 557 756 614 ἑστιν
786 559 816 613 6
852 558 1046 634 Πατὴρ
1078 562 1175 619 καὶ
1211 562 1241 617 6
1271 561 1398 626 Υἱὸς
1426 559 1490 619 ιν
1514 578 1530 598 ⁸
1552 539 1772 636 ⁷ὶφόινον
1812 561 1922 638 γὰρ

344 651 377 705 6
409 651 510 722 μιν
536 650 654 709 εστι
682 651 894 726 Πατὴρ,
921 655 952 710 6
995 655 1054 711 δὶ
1083 655 1237 724 Υίδς,
1268 659 1367 714 καὶ
1413 657 1538 714 06::
1577 661 1607 714 6
1645 656 1774 725 Υίδς
1807 659 1920 716 Πα-

342 739 472 812 τὴρ,
519 739 635 796 066’
673 745 705 798 6
747 743 942 817 Πατὴρ
973 744 1104 812 Υίδς
1140 747 1282 804 κατὰ
1329 748 1424 804 τὸν
1459 752 1557 818 τῆς
1598 750 1922 814 ἀντιθέσεως

343 831 455 888 τῶν
488 835 625 906 πρός
654 851 708 891 τι
738 835 922 907 λόγον,
971 837 1073 894 οὐκ
1104 840 1248 895 είσὶν
1277 839 1362 907 tv,
1397 840 1644 911 δηλονότι
1695 839 1784 896 διὰ
1829 838 1922 897 τὸν

345 925 584 998 αριθμὸν
613 928 724 982 τῶν
767 933 1099 1002 προσώπων·
1129 933 1328 1002 ὶφόσον
1366 932 1423 987 δὲ
1462 931 1560 1004 μία
1587 930 1746 988 οὐσία
1771 934 1922 987 ἐστὶν

344 1020 375 1071 6
402 1019 594 1093 Πατὴρ
631 1023 728 1077 καὶ
755 1022 784 1075 ό
809 1023 958 1087 Υἰδς,
995 1022 1091 1079 καὶ
1135 1023 1194 1079 ιν
1228 1025 1373 1080 κατὰ
1423 1025 1521 1096 τὴν
1548 1021 1922 1097 προδλητικῆν

343 1109 602 1182 δύναμιν,
644 1113 713 1188 ἢν
740 1114 956 1188 ἀνάγκη
1000 1117 1186 1188 κοινὴν
1209 1112 1370 1183 εἶναι,
1410 1116 1639 1189 μηδενὸς
1672 1117 1920 1187 ἀναγκά-
1963 1169 1966 1171 .

345 1205 537 1270 (owe;
566 1205 916 1278 διῃρημένους
970 1207 1111 1264 ίδίαν
1165 1208 1262 1266 καὶ
1322 1211 1488 1281 μόνου
1551 1211 1645 1265 τοῦ
1706 1209 1921 1279 [ἰατρὸς

347 1291 513 1365 εἶναι,
554 1299 704 1355 ὥσπε
715 1317 747 1374 ρ
769 1301 831 1356 :6
857 1303 1056 1374 γεννᾷν
1081 1303 1142 1358 :6
1173 1300 1270 1358 :06
1309 1303 1524 1376 Ila-:96;
1553 1302 1920 1358 ὑποστατικδν

343 1390 373 1442 6
398 1389 556 1458 λόγος
599 1391 699 1462 τῆς
723 1392 1052 1459 ἀντιθέσεως
1079 1393 1142 1450 o6
1186 1399 1461 1467 συγχωρεῖ
1494 1397 1676 1450 κοινὸν
1719 1395 1815 1449 καὶ
1841 1393 1920 1464 τῷ

344 1480 464 1551 Υίῷ
498 1478 662 1539 εἶναι·
707 1484 786 1540 διὸ
831 1486 927 1541 καὶ
961 1485 1305 1558 ἀκοινώνητα
1338 1487 1593 1560 ἀλλήλοις
1637 1487 1831 1552 ταῦτα,
1858 1485 1918 1540 :6

343 1575 547 1647 γεννᾷν
593 1576 688 1631 καὶ
721 1576 1020 1644 γεννᾶσθαι
1044 1593 1060 1611 ·
1095 1579 1288 1646 ἐφόσον
1318 1578 1371 1632 δὲ
1402 1577 1462 1632 ἓν
1494 1577 1644 1632 ἑστιν
1665 1578 1692 1630 6
1726 1579 1917 1644 Πατὴρ

2029 571 2241 626 ratione
2267 583 2452 627 secum
2479 569 2692 638 trahat;
2725 573 2819 628 seti
2853 579 3125 641 quatenus
3151 565 3314 627 Pater
3341 581 3405 628 et
3429 573 3606 631 Filius

2027 668 2159 719 sunt
2215 674 2406 718 unum.
2453 657 2671 718 Etenim
2721 666 2995 735 quatenus
3049 663 3134 719 hic
3181 664 3401 735 quidem
3439 666 3602 722 Pater

2028 768 2134 825 est,
2163 755 2253 814 hic
2303 766 2485 815 autem
2541 755 2732 826 Filius,
2759 765 2815 815 et
2865 773 3044 830 neque
3086 755 3257 815 Filius
3305 767 3390 816 est
3421 755 3604 826 Pater,

2029 859 2211 920 neque
2239 847 2399 906 Pater
2427 845 2604 907 Filius
2651 845 2954 906 secundum
2992 847 3262 906 rationem
3301 849 3606 921 Oppositlo-

2031 938 2119 996 nis
2149 940 2527 1007 relativorum,
2564 955 2673 997 non
2706 949 2836 997 sunt
2877 952 3071 1006 unum.
3097 939 3351 998 videlicet
3379 938 3606 1013 propter

2027 1046 2323 1089 numerum
2380 1049 2765 1106 personarum.
2797 1035 3080 1101 Quatenus
3131 1044 3312 1090 autem
3343 1048 3450 1089 una
3477 1034 3605 1091 sub-

2024 1121 2223 1179 stantia
2247 1132 2331 1180 est
2370 1128 2529 1182 Pater
2557 1136 2611 1182 et
2633 1123 2823 1191 Filius,
2846 1135 2902 1181 et
2930 1141 3102 1181 unum
3133 1124 3437 1181 secundum
3477 1141 3605 1196 pro—

2025 1211 2302 1271 ductivam
2329 1213 2654 1287 potentiam,
2683 1232 2848 1287 quam
2880 1233 3103 1273 necesse
3141 1226 3225 1272 est
3253 1234 3602 1274 communem

2023 1322 2164 1369 esse.
2187 1323 2311 1362 cum
2337 1305 2467 1362 nihil
2489 1317 2741 1380 eogat,ut
2763 1310 3056 1379 separatim
3087 1309 3307 1380 propria
3336 1305 3407 1365 sit
3439 1317 3605 1380 atque

2026 1399 2192 1451 solius
2245 1397 2441 1462 Patris,
2478 1395 2953 1468 quemadmodum
2983 1413 3250 1458 eenerare
3283 1400 3605 1454 constituti~

2023 1504 2152 1543 vum
2200 1481 2395 1555 Patris,
2428 1488 2792 1562 oppositionis
2814 1491 2952 1546 ratio
2981 1508 3088 1546 non
3123 1488 3410 1562 permittit,
3441 1493 3498 1545 ut
3528 1491 3602 1546 sit

2025 1575 2299 1636 communi
2333 1578 2514 1648 Filio;
2553 1575 2758 1638 idcirco
2793 1590 2851 1639 et
2883 1581 3423 1640 incommunicabilia
3475 1589 3606 1638 sunt

345 1669 440 1722 κ;ὶ
473 1671 502 1722 6
537 1668 684 1736 Υίδς,
722 1672 785 1724 :6
823 1671 1046 1743 Πνεῦμα
1078 1673 1139 1726 :6
1163 1672 1318 1739 ἅγιον
1358 1674 1422 1726 ἐκ
1442 1669 1538 1726 τοῦ
1580 1668 1792 1743 Πατρός
1824 1671 1917 1724 καὶ

2028 1665 2142 1725 lucc
2177 1686 2436 1739 generare
2478 1685 2540 1728 ac
2577 1676 2824 1745 generari
2853 1683 2947 1740 ;at
2971 1690 3100 1729 vero
3128 1681 3402 1744 quatenus
3429 1686 3602 1727 unum

343 1761 439 1814 :06
475 1763 607 1818 Υῐοῦ
640 1757 781 1817 εἶναι
801 1763 1040 1834 λέγεται.
1073 1765 1134 1819 Et
1172 1764 1230 1820 δὲ
1268 1763 1328 1820 :6
1366 1766 1443 1832 tv,
1475 1766 1504 1820 6
1525 1765 1579 1819 :l
1608 1765 1741 1819 ποτέ
1769 1765 1916 1818 ἑστιν

2027 1771 2110 1817 est
2134 1760 2292 1817 Pater
2314 1771 2366 1819 ct
2382 1758 2574 1831 Filius,
2609 1781 2675 1821 ex
2699 1765 2856 1822 Patre
2885 1777 2938 1822 et
2962 1765 3100 1820 Filio
3124 1765 3359 1834 Spiritus
3385 1773 3606 1820 sanctus

342 1853 544 1922 αὐτῶν,
587 1855 684 1910 καὶ
718 1857 752 1927 ἠ
791 1825 1020 1928 δύναμις
1059 1856 1195 1929 αὕτη
1233 1857 1331 1931 μία
1365 1825 1456 1912 καί
1485 1859 1518 1931 ἠ
1548 1857 1705 1929 αὐτὴ,
1753 1856 1912 1929 £661;-

2027 1867 2140 1910 esse
2162 1856 2380 1912 dicitur.
2408 1825 2625 1923 Quodsi
2661 1859 2790 1913 illud
2840 1876 3032 1924 unum,
3077 1825 3344 1928 quidquid
3385 1855 3604 1910 tandem

341 1946 434 2001 λον
489 1950 574 2003 δτι
619 1947 679 2002 ἓν
721 1947 816 2004 τοῦ
877 1948 1195 2020 Πνεύματος
1251 1949 1424 2006 αἴτιον
1468 1953 1497 2006 6
1550 1949 1737 2020 Πατὴρ
1768 1949 1862 2003 καὶ
1890 1951 1919 2003 6

2027 1942 2154 2000 illud
2190 1947 2260 2000 sit
2288 1945 2339 2001 in
2384 1945 2608 2017 ipsis,et
2635 1949 2875 2017 potentia
2901 1949 3014 2004 hac
3045 1965 3151 2003 una
3177 1956 3278 2014 est,
3303 1956 3358 2003 et
3386 1945 3605 2010 eadem,

341 2040 495 2111 Υίδς,
521 2043 620 2098 οὐκ
653 2043 848 2112 ιφόσον
889 2043 995 2098 εἰσὶ
1023 2044 1141 2106 δύο,
1173 2044 1288 2099 ἀλλ’
1319 2045 1512 2113 ἐφόσον
1542 2045 1621 2099 ἒν.
1651 2045 1755 2098 Καὶ
1793 2043 1919 2098 06:0

351 2137 624 2210 σύγχυσις
695 2136 759 2191 tu
807 2135 1016 2192 τούτων
1073 2139 1385 2202 ἀκολουθεῖ,
1445 2135 1545 2206 τῆς
1588 2137 1920 2206 διακρέσεως

345 2225 458 2282 τῶν
491 2227 806 2299 προσώπων
842 2228 935 2284 τοῦ
976 2229 1196 2298 Πατρδς
1234 2229 1332 2284 καὶ
1385 2229 1480 2284 τοῦ
1518 2228 1647 2281 Υίοῦ
1689 2227 1830 2282 κατὰ
1863 2224 1922 2280 :6

341 2321 546 2392 γεννᾷν
591 2320 687 2375 καὶ
734 2319 1035 2390 γεννᾶσθαι
1071 2321 1516 2392 φυλαττομένης,
1549 2318 1662 2374 060‘
1694 2321 1728 2391 ἡ
1779 2320 1921 2374 κατὰ

342 2416 444 2486 τὴν
481 2415 698 2486 Τριάδα
729 2415 884 2479 τάξις
913 2414 1164 2468 ὁπωσοῦν
1197 2413 1501 2479 διαπίπτει,
1552 2410 1676 2468 οὐδέ
1709 2427 1761 2466 τι
1809 2409 1920 2464 τῶν

339 2507 440 2577 τῆς
492 2507 714 2578 Γραφῆς
767 2505 1006 2561 καὶτῶν
1053 2503 1389 2562 διδασκάλων
1427 2505 1922 2574 κινεῖται.”Ωσπερ

341 2601 451 2672 γὰρ
477 2599 576 2654 τοῦ
613 2598 773 2670 ἁγίου
817 2597 1138 2669 Πνεύματος
1169 2603 1234 2654 ἐκ
1284 2600 1379 2654 τοῦ
1414 2600 1627 2670 lla-.96;
1685 2599 1776 2652 διὰ
1826 2595 1922 2651 τοῦ

341 2687 477 2744 Υίοῦ
516 2688 880 2761 πεμπομένου
917 2692 1016 2762 μιᾷ
1057 2679 1332 2745 δόσεικαὶ
1364 2691 1464 2761 μιᾷ
1491 2689 1727 2762 χορηγίᾳ
1776 2688 1923 2758 πέμ-

340 2782 542 2837 πεσθαί
587 2799 756 2856 φησιν
803 2785 832 2836 6
868 2784 1040 2854 μέγας
1069 2783 1251 2852 πατὴρ
1299 2782 1600 2847 Βασίλειος,
1642 2779 1785 2835 οὕτω
1825 2778 1922 2833 καὶ

345 2873 433 2929 διὰ
491 2874 588 2930 τοῦ
632 2873 764 2927 Υίοῦ
815 2875 880 2928 ικ
915 2873 1009 2927 τοῦ
1062 2873 1277 2943 Πατρδς
1315 2871 1774 2943 ἐκπορευομένου,
1821 2869 1922 2939 μιᾷ

345 2967 560 3037 προόδῳ
609 2964 706 3019 καὶ
774 2951 1028 3036 ὶνιργείᾳ
1086 2963 1180 3016 καὶ
1230 2962 1460 3032 δυνάμει
1517 2959 1698 3031 φαμὲν
1749 2961 1920 3014 ἐκπο-

345 3055 633 3127 ρεὺεοθαι.

2026 2037 2379 2092 manifestum
2407 2049 2516 2104 est,
2543 2040 2689 2110 quod
2720 2056 2825 2095 una
2875 2057 3035 2096 causa
3058 2043 3224 2095 Pater
3243 2051 3298 2096 et
3325 2039 3496 2094 Filius
3521 2046 3606 2093 est

2025 2127 2263 2199 Spiritus
2299 2132 2493 2196 sancti,
2525 2148 2631 2186 non
2664 2143 2935 2201 quatenus
2962 2134 3071 2188 duo
3098 2142 3249 2197 sunt,
3279 2133 3373 2187 sed
3414 2138 3608 2203 quate-

2026 2233 2133 2274 niis
2163 2233 2354 2275 unum.
2420 2217 2484 2277 Et
2527 2239 2704 2292 neque
2759 2225 3010 2279 confusio
3060 2241 3127 2280 ex
3187 2225 3273 2279 his
3333 2223 3605 2295 sequitur,

2025 2324 2153 2370 cum
2213 2325 2464 2374 servetur
2513 2319 2793 2374 distinctio
2836 2335 3195 2390 personarum
3247 2315 3300 2374 in
3356 2336 3422 2375 eo
3456 2315 3605 2390 quod

2027 2419 2275 2479 generat,
2313 2421 2366 2464 et
2409 2424 2722 2481 generamr,
2765 2427 2941 2481 neque
2987 2409 3122 2467 ordo
3161 2411 3216 2467 in
3258 2412 3606 2470 sanctissima

2023 2501 2297 2557 Trinitate
2329 2503 2439 2556 ullo
2469 2502 2634 2557 modo
2668 2506 2799 2564 ruit.
2834 2513 2892 2558 et
2922 2503 3064 2558 dicta
3091 2505 3408 2574 Scripturte,
3440 2513 3608 2573 atque

2024 2594 2313 2649 doctorum
2347 2611 2446 2649 suo
2491 2596 2611 2650 loco
2657 2604 2899 2650 manent.
2938 2592 3408 2663 Quemadmodum
3456 2594 3604 2650 enim

2028 2685 2232 2756 Spiritui
2288 2695 2477 2740 sancto
2529 2703 2597 2742 ex
2645 2689 2806 2742 Patre
2849 2700 2944 2756 per
2998 2685 3193 2743 Filium
3239 2689 3442 2752 misso,
3499 2704 3605 2742 una

2027 2776 2391 2841 exhibitione,
2437 2787 2601 2848 atque
2651 2796 2756 2833 una
2814 2779 3133 2847 erogatione
3167 2796 3290 2835 eum
3329 2779 3491 2844 mitti,
3523 2779 3608 2834 in-

2027 2870 2148 2936 quit
2185 2884 2413 2938 magnus
2441 2870 2601 2926 Pater
2627 2871 2881 2934 Basilius,
2912 2874 2992 2927 sic
3036 2873 3196 2927 etiam
3229 2889 3293 2927 ex
3324 2869 3484 2927 Patre
3508 2887 3608 2942 per

2027 2962 2226 3018 Filium
2255 2963 2463 3033 Spiritu
2490 2965 2846 3035 procedente,
2885 2982 2990 3020 una
3033 2965 3407 3036 processione,
3438 2975 3607 3034 atque

2027 3055 2263 3122 actione,
2295 3057 2646 3126 potentiaque
2675 3052 2911 3113 dicimus
2941 3071 3065 3112 eum
3099 3057 3424 3128 procedere.

414 3149 542 3200 Ἔτι
589 3144 869 3218 πανταχοῦ
915 3146 950 3216 ἡ
978 3144 1080 3200 διὰ
1119 3143 1206 3214 ἐφ’
1264 3136 1342 3200 ὧν
1405 3140 1917 3214 παραλαμϐάνεται,

2101 3147 2410 3215 Praeterea,
2468 3152 2669 3222 ubique
2724 3151 3039 3223 praepositio
3101 3167 3232 3222 per,
3288 3151 3342 3205 iu
3400 3149 3606 3221 quibus

341 3239 420 3312 τῷ
450 3239 565 3313 πρὸ
612 3241 817 3312 ταύτης
867 3240 1026 3310 αἰτίῳ
1064 3236 1490 3309 συναγωνίζεται
1544 3237 1686 3308 1:96;
1742 3236 1919 3305 αὐτὴν

2032 3246 2353 3311 assumitur,
2401 3260 2579 3301 causae
2629 3246 2904 3315 signiﬁcat
2956 3245 3331 3301 antecedentis
3362 3241 3605 3300 medium

340 3336 442 3407 τὴν
474 3335 783 3406 ὲνίργειαν,
810 3334 878 3405 ἢν
904 3333 1082 3387 ἐκεῖνο
1115 3335 1331 3389 σκοπεῖ.
1375 3325 1501 3386 Οἷον
1563 3333 1590 3385 ό
1621 3331 1822 3401 πρίων,
1853 3330 1920 3385 δι’

342 3419 404 3480 οῦ
447 3431 595 3481 ποιεῖ
635 3425 696 3479 :6
727 3423 932 3497 βάθρον
963 3427 992 3478 6
1029 3423 1463 3496 τεκταινόμενος,
1495 3424 1632 3494 πρὸς
1655 3423 1834 3476 ὲκιῐνο
1861 3421 1921 3475 :6

343 3521 730 3591 ἁποτᾶλεσμα,
756 3499 873 3571 ἀλλἶ
903 3519 966 3570 οὐ
1010 3517 1146 3588 πρὸς
1189 3517 1502 3589 ἑτερογενὲς
1525 3513 1920 3587 συνεργάζεται

343 3616 422 3686 τῷ
452 3613 698 3686 τεχνίτῃ.
725 3611 801 3666 06
829 3611 938 3683 γὰρ
979 3611 1044 3683 δὴ
1079 3610 1216 3680 πρὸς
1259 3611 1321 3664 :6
1367 3611 1682 3678 Θερμαίνειν
1727 3609 1760 3679 ἢ
1801 3610 1922 3662 λευ-

344 3707 560 3761 καίνειν
596 3704 744 3776 αὑτῷ
786 3704 1138 3774 συνεργήσει,
1174 3703 1268 3756 καὶ
1318 3702 1396 3772 τῷ
1432 3701 1644 3754 ἕλκοντι
1692 3701 1756 3754 :6
1807 3717 1920 3770 μη-

343 3803 572 3872 χάνημα
604 3799 742 3870 1:96;
785 3798 886 3869 τὴν
917 3797 1066 3863 ῑλξιν
1088 3795 1185 3849 τοῦ
1221 3794 1440 3866 βάρους·
1473 3796 1565 3849 καὶ
1594 3794 1729 3858 ὅλως
1756 3794 1824 3848 τὰ
1853 3793 1920 3848 δι’

342 3885 420 3948 ὧν
453 3891 669 3961 γίνεταί
717 3908 772 3945 τι
821 3887 1216 3960 συνεργάζεται
1261 3890 1374 3952 τοῖς
1433 3885 1662 3959 πρώτως
1705 3887 1921 3940 κινοῦσι

345 3989 492 4042 κατὰ
517 3987 607 4041 τδν
639 3987 853 4041 ἑαυτῶν
882 3985 1086 4057 τρόπον
1118 3980 1368 4036 συναίτια
1417 3981 1628 4045 τούτοις
1663 3982 1922 4051 γινόμενα

343 4082 379 4153 ἢ
428 4083 507 4145 ὡς
554 4081 790 4149 ὄργανα,
831 4080 864 4150 ἧ
895 4078 1070 4141 ἄλλως
1099 4092 1219 4140 πως
1244 4077 1426 4140 αὐτοῖς
1456 4074 1781 4146 βοηθοῦντα.
1812 4069 1920 4128 Ἦν

343 4174 391 4228 δ’
425 4175 495 4229 ἂν
518 4173 614 4227 καὶ
641 4171 812 4226 ταῦτα
844 4172 942 4225 καὶ
981 4169 1168 4234 ἁπλῶς
1196 4168 1348 4225 αἴτια
1379 4169 1568 4239 ὥσπερ
1595 4168 1664 4223 τὰ
1695 4167 1914 4238 πρῶτα,

345 4268 396 4322 εί
455 4265 533 4338 μὴ
586 4264 843 4336 διάφορος
893 4258 963 4336 ἦν
1020 4265 1054 4334 ἡ
1092 4263 1253 4333 φύσις
1312 4263 1502 4325 αὐτοῖς
1543 4261 1679 4332 πρὸς
1737 4261 1920 4314 ἐκεῖνα

345 4355 415 4408 τὰ
452 4351 746 4423 χρώμενα·
805 4352 904 4405 καὶ
963 4353 1016 4404 οἱ
1066 4353 1165 4421 μὲν
1207 4349 1514 4422 ἅνθρωποι,
1551 4351 1620 4405 τὰ
1658 4351 1702 4405 δ’
1733 4352 1921 4416 ἁπλῶς

345 4442 560 4516 ὄργανα
599 4444 660 4509 ἐξ
694 4443 864 4514 ἄλλης
895 4443 1029 4515 ὕλης
1065 4444 1431 4516 πεποιημένα·
1468 4444 1748 4499 καὶτοῦτο
1781 4446 1921 4516 μᾶλ-

2029 3339 2299 3407 adjuvans
2357 3337 2424 3393 ad
2495 3339 2668 3407 ipSam
2753 3336 3149 3393 conﬁciendam
3206 3335 3604 3408 operationem,

2027 3447 2193 3500 quam
2246 3431 2336 3486 illa
2368 3446 2534 3486 causa
2587 3431 2844 3486 intendit.
2882 3431 3042 3486 Verbi
3069 3433 3264 3502 gratia,
3298 3445 3474 3500 serra,
3508 3445 3608 3500 per

2028 3539 2192 3594 quam
2248 3523 2403 3578 faber
2461 3523 2730 3594 lignarius
2780 3521 2948 3578 eliicit
3003 3536 3310 3586 scamnum,
3337 3520 3404 3575 ad
3455 3519 3604 3575 aliud

2028 3615 2282 3670 ell‘ectum
2316 3612 2488 3684 juvat.
2520 3611 2624 3668 sed
2652 3626 2758 3668 non
2787 3621 3114 3682 coeperatur
3138 3611 3334 3668 artiilci
3364 3612 3431 3667 ad
3459 3611 3606 3667 aliud

2028 3704 2232 3764 diversi
2271 3705 2509 3777 generis.
2542 3701 2660 3759 Non
2690 3706 2839 3760 enim
2871 3716 3018 3760 certe
3049 3701 3124 3760 ad
3147 3703 3605 3765 calefaciendum,

2027 3815 2124 3857 seu
2154 3797 2519 3854 dealbandum
2577 3796 2680 3870 ipsi
2740 3797 3058 3869 adiumento
3103 3798 3231 3864 erit,
3276 3805 3334 3852 et
3366 3795 3605 3857 trahenti

2028 3890 2340 3947 machinam
2373 3889 2439 3944 ad
2487 3890 2809 3945 tractionem
2858 3889 3147 3960 ponderis;
3180 3899 3235 3944 et
3265 3888 3489 3943 omnino
3519 3902 3606 3953 ea,

2027 4002 2126 4057 per
2152 4000 2274 4056 quae
2319 3985 2380 4038 llt
2414 3984 2640 4054 aliquid,
2679 3967 3144 4038 ailminiculantur
3173 3983 3352 4052 primo
3386 3997 3610 4037 moven-

2029 4077 2176 4132 tibus
2250 4076 2550 4132 secundum
2614 4091 2772 4130 suum
2835 4075 3059 4130 modum
3127 4090 3417 4131 concausze
3473 4074 3609 4145 ipsis

2031 4169 2193 4236 iacta,
2224 4169 2310 4224 vel
2355 4179 2415 4223 ut
2448 4170 2834 4232 instrumenta,
2869 4169 2949 4222 vel
2999 4167 3155 4222 aliter
3185 4169 3317 4238 ipsis
3345 4166 3611 4237 quodam-

2029 4262 2194 4318 modo
2216 4262 2483 4334 iuvantia.
2516 4263 2642 4317 llaec
2673 4269 2853 4316 autem
2882 4269 3066 4315 essent
3092 4262 3254 4315 etiam
3286 4258 3612 4329 simpliciter

2029 4371 2230 4417 causas,
2283 4363 2344 4410 ut
2397 4356 2594 4424 prima,
2645 4354 2746 4408 nisi
2800 4361 2944 4408 esset
2981 4361 3178 4406 natura
3226 4351 3442 4406 diversa
3475 4349 3609 4420 ipsis

2028 4456 2284 4519 respectu
2331 4447 2552 4504 illorum
2610 4463 2732 4518 qua
2779 4447 2866 4502 his
2895 4455 3163 4511 utuntur;
3207 4454 3263 4501 et
3294 4445 3350 4500 hi
3384 4443 3606 4514 quidem

347 4537 443 4593 λον
491 4538 560 4593 ἃν
593 4532 685 4608 ἦν,
721 4537 881 4607 εῐπερ
909 4537 1006 4592 καὶ
1043 4539 1079 4609 ἡ
1126 4538 1266 4606 αὑτὴ
1307 4534 1374 4610 ἦν
1414 4539 1597 4602 αὐτοῖς
1627 4541 1763 4610 πρὸς
1797 4539 1923 4601 τοὺς

2029 4540 2284 4594 homines
2326 4549 2474 4605 sunt,
2521 4540 2639 4596 haec
2685 4555 2816 4595 vero
2868 4538 3190 4608 simpliciter
3220 4537 3607 4598 instrumenta.

344 4632 675 4706 χρωμένους
707 4633 984 4702 ἐνέργεια.
1021 4630 1162 4685 Ἀλλ’
1181 4632 1306 4686 ἐπεὶ
1338 4631 1430 4685 τοῦ
1461 4633 1681 4704 [ἰατρὸς
1706 4634 1801 4686 καὶ
1829 4631 1924 4685 τοῦ

347 4724 487 4780 Υίοῦ
529 4725 629 4797 μία
657 4723 737 4797 τῷ
779 4723 1006 4796 ἀριθμῷ
1034 4725 1200 4792 φύσις
1230 4724 1540 4796 Θεωρεῑται,
1569 4725 1666 4778 καὶ
1698 4725 1800 4796 μία
1825 4725 1926 4778 αὐ-

345 4821 459 4884 τοῖς
506 4820 603 4873 καὶ
650 4820 927 4889 ὲνέργεια,
971 4818 1067 4872 καὶ
1109 4811 1190 4880 εἷς
1242 4819 1271 4871 6
1325 4818 1488 4882 αὐτὸς
1552 4818 1720 4890 ἄμφω
1766 4819 1926 4884 Θεὸς,

349 4913 579 4976 εἰκότως
604 4911 716 4982 ἄρα
754 4914 786 4981 ἠ
841 4911 943 4982 μὲν
981 4911 1074 4964 τοῦ
1109 4909 1244 4964 Ὦίοῦ
1283 4910 1382 4965 διὰ
1437 4911 1541 4982 τῆς
1588 4911 1683 4967 τοῦ
1716 4912 1928 4983 Πατρδς

347 5003 418 5059 ἐκ
472 5005 617 5059 κατά
661 5005 762 5074 τὴν
816 5003 1092 5072 σημασίαν
1120 5003 1181 5057 οὐ
1225 5004 1435 5057 διοίσει·
1495 5003 1612 5058 ἀλλ’
1654 5004 1793 5075 αὑτὴ
1828 5006 1930 5075 μὲν

350 5096 488 5166 πρὸς
538 5094 636 5164 τὴν
684 5095 753 5148 ἐκ
799 5094 1194 5165 μεταϐήσεται,
1227 5094 1412 5165 εκείνη
1459 5095 1506 5149 δ’
1539 5091 1606 5149 αὖ
1662 5096 1799 5164 πρὸς
1828 5096 1929 5166 τὴν

349 5186 450 5241 διὰ
485 5188 833 5256 διαϐήσεται,
876 5188 974 5241 καὶ
1021 5187 1178 5258 κοινὴ
1232 5187 1328 5241 καὶ
1388 5188 1487 5256 μία
1538 5189 1634 5242 καὶ
1701 5190 1734 5259 ή
1787 5189 1926 5259 αὐτὴ

355 5281 495 5350 μετὰ
526 5281 621 5334 τοῦ
655 5281 868 5351 [ἰατρὸς
893 5280 1038 5352 ἀρχὴ
1074 5279 1170 5332 τοῦ
1198 5280 1356 5349 ἁγίου
1391 5281 1711 5357 Πνεῦματος
1748 5281 1925 5352 ἕσται,

351 5372 500 5439 ἅπαξ
534 5373 968 5443 ὁμολογούμενον
991 5375 1140 5446 παρὰ
1169 5374 1385 5443 Πατρδς
1414 5375 1484 5429 δι’
1518 5376 1650 5430 Υἱοῦ
1683 5376 1743 5429 :6
1767 5377 1929 5444 ἅγιον

353 5463 753 5534 ἐκπορεύεσθαι
787 5465 1011 5535 Πνεῦμα
1035 5481 1050 5496 ·
1088 5466 1183 5520 καὶ
1241 5465 1456 5520 πάντων
1511 5467 1568 5520 δὲ
1613 5466 1723 5519 τῶν
1758 5467 1927 5535 ἁγίων

352 5553 656 5628 διαρρήδην
715 5557 968 5628 βοώντων
1041 5556 1118 5627 μὴ
1172 5555 1400 5627 θεμιτὸν
1462 5551 1604 5609 εἶναι
1659 5557 1927 5628 διαφοράν

346 5659 478 5701 τινα
515 5649 614 5712 καὶ
645 5649 897 5704 ὁπωσοῦν
948 5649 1042 5702 ἐπὶ
1094 5650 1302 5704 τούτων
1332 5658 1440 5703 τῶν
1479 5649 1795 5720 προθέσεων
1835 5651 1926 5704 ἐν·

353 5741 520 5795 νοιίν·
545 5742 645 5798 καὶ
684 5742 843 5797 τοῦτο
876 5743 973 5800 ἰπὶ
1004 5745 1113 5799 τῶν
1148 5745 1368 5799 πάντων
1401 5745 1562 5800 θείων
1593 5744 1920 5814 ἀδιορίστως

353 5831 732 5906 ἀξιωσάντων,
781 5841 875 5907 uti
907 5858 966 5897 τε
1003 5838 1097 5894 τοῦ
1141 5842 1356 5914 Παιρὸς
1402 5842 1496 5896 καὶ
1547 5841 1641 5896 τοῦ
1672 5839 1804 5894 Υίοῦ
1844 5839 1923 5894 δι-

2030 4649 2098 4689 ex
2129 4635 2234 4688 alia
2268 4632 2495 4688 materia
2545 4632 2706 4696 facta,
2742 4648 2915 4703 eoque
2967 4631 3138 4702 magis
3193 4640 3378 4686 essent
3408 4645 3608 4696 causae,

2030 4727 2074 4782 si
2107 4741 2216 4781 una
2250 4734 2305 4781 et
2348 4724 2538 4779 eadem
2586 4732 2732 4779 esset
2768 4724 3016 4794 operatio
3063 4725 3307 4789 illorum,
3343 4733 3399 4777 et
3451 4729 3611 4776 uten-

2033 4819 2171 4874 tium
2193 4817 2347 4889 ipsis.
2375 4817 2479 4872 Sed
2513 4818 2769 4887 quoniam
2800 4816 2981 4870 Patris
3005 4823 3061 4870 et
3090 4813 3212 4870 Filii
3246 4829 3354 4868 una
3380 4825 3612 4868 numero

2030 4923 2225 4968 natura
2278 4910 2680 4976 consideratur,
2732 4919 2787 4964 et
2835 4925 2944 4964 una
2979 4908 3110 4980 ipsis
3140 4917 3224 4963 est
3257 4908 3521 4978 Operatio,
3547 4913 3603 4961 et

2031 5007 2197 5061 ambo
2235 5015 2368 5060 sunt
2429 5019 2575 5060 unus
2632 5013 2688 5060 et
2735 5002 2880 5057 idem
2909 5003 3077 5064 Deus,
3100 5001 3299 5075 merito
3324 5014 3452 5069 ergo
3487 4995 3610 5053 Filii

2029 5098 2345 5169 praepositio
2391 5111 2503 5166 per,
2539 5095 2631 5159 ab,
2660 5111 2744 5157 cz,
2771 5094 2952 5149 Patris
2999 5091 3299 5147 secundum
3339 5089 3613 5158 signiﬁca-

2034 5193 2238 5247 tionem
2271 5207 2377 5244 non
2405 5188 2687 5254 diﬂ‘erunt,
2711 5186 2805 5242 scd
2837 5191 2950 5241 haec
2989 5184 3207 5255 quidem
3244 5183 3308 5237 ad
3339 5182 3604 5254 praeposi-

2031 5284 2234 5339 tionem
2262 5300 2348 5348 ex,
2400 5281 2490 5336 illa
2537 5296 2666 5335 vero
2716 5295 2907 5334 rursus
2941 5281 3006 5332 all
3031 5277 3468 5349 praepositionem
3495 5293 3608 5347 per,

2033 5376 2310 5441 transibit,
2343 5385 2400 5430 et
2452 5389 2746 5430 commune
2791 5386 2846 5426 et
2891 5389 3062 5427 unum
3097 5383 3261 5442 atque
3287 5372 3430 5427 idem
3459 5373 3610 5444 prin-

2031 5471 2237 5540 cipium
2285 5470 2387 5524 erit
2423 5486 2530 5523 una
2561 5483 2686 5522 cum
2739 5468 2902 5522 Patre
2957 5466 3195 5537 Spiritus
3252 5466 3447 5528 sancti,
3482 5481 3605 5520 cum

2028 5559 2188 5628 plane
2222 5560 2272 5610 in
2315 5559 2569 5612 confesso
2605 5559 2700 5620 sit,
2751 5571 2817 5611 ex
2873 5555 3032 5611 Patre
3063 5571 3160 5626 per
3191 5554 3393 5610 Filium
3435 5554 3610 5626 Spiri-

2029 5663 2144 5707 tum
2204 5663 2456 5707 sanctum
2514 5650 2847 5722 procedere,
2901 5665 3136 5720 cumque
3183 5665 3376 5705 omnes
3426 5649 3602 5706 sancti

2027 5759 2283 5815 expresse
2312 5744 2572 5809 clament,
2623 5761 2731 5799 non
2759 5759 2884 5799 esse
2915 5745 2994 5799 l'as
3027 5744 3136 5798 ullo
3163 5745 3324 5799 modo
3345 5743 3606 5798 diﬂ‘eren-

2028 5841 2158 5898 tiam
2189 5842 2427 5912 aliquam
2456 5841 2508 5897 in
2540 5842 2625 5898 bis
2647 5841 3125 5913 praepositionibus
3143 5842 3384 5914 COgitars
3407 5838 3605 5912 ;idque
