4152 6292
513 296 618 358 9:27

1787 301 2169 364 DEMETRII
2210 275 2532 365 crponu

3685 309 3810 369 9'28

511 423 564 474 in
591 421 848 475 omnibus
896 422 1096 479 divinis
1151 423 1570 482 indetermlnate
1619 427 1958 493 censuerint,
2009 437 2090 484 at-

2200 429 2502 483 δασκόντων
2558 430 2656 497 τὴν
2706 428 2775 482 ἐκ
2823 427 2920 500 τῆς
2951 424 3049 480 διὰ
3096 422 3263 495 μηδὲν
3293 423 3598 493 διαφέρειν,
3638 423 3810 491 πλὴν

509 526 617 583 que
645 513 699 567 in
735 513 890 569 Patre
922 525 976 569 et
1001 514 1136 570 Filio
1161 518 1604 587 praepositionem
1646 537 1730 588 ex,
1766 537 1794 575 a
1824 521 2088 592 praeposi-

515 609 663 660 tione
722 623 835 676 per,
888 608 1024 662 nihil
1060 609 1284 664 dill'erre
1311 611 1638 678 docuerim;
1671 613 1772 668 nisi
1815 623 2092 682 quatenus

515 698 840 770 hypostases
879 701 1249 772 distinguunt,
1272 713 1328 758 et
1372 703 1684 759 divinarum
1736 721 2092 774 personarum

513 789 764 844 ordinem
798 789 1129 860 signiﬁcant,
1179 791 1232 845 in
1271 808 1379 860 quo
1411 807 1643 862 persona
1691 793 1813 847 Filii
1852 793 2095 847 medium

516 885 731 938 obtinet
761 884 966 948 locum,
997 899 1158 953 quem
1193 899 1413 954 semper
1441 886 1753 954 praepositio
1785 900 1897 951 per,
1923 885 2010 938 vel
2040 885 2093 938 in

511 975 792 1028 communi
845 975 1103 1041 loquendi
1159 977 1562 1032 consuetudine
1608 978 1910 1047 signiﬁcat;
1941 987 1996 1032 et
2027 993 2096 1033 ne

511 1067 596 1120 νυ]
628 1083 789 1120 unam
819 1082 1113 1134 personam
1141 1069 1356 1123 Patrem
1387 1076 1442 1124 ct
1467 1069 1668 1123 Filium
1696 1070 1893 1137 aliquis
1916 1070 2099 1138 suspi-

510 1167 665 1210 cetur
715 1166 948 1230 propter
1001 1157 1424 1212 similitudinem
1481 1159 1954 1228 praepositionum,
2011 1158 2095 1214 vel

513 1251 624 1302 duo
671 1250 942 1319 principia
979 1250 1437 1306 contradistinCta
1485 1251 1726 1322 Spiritus
1764 1252 1927 1306 ambo
1975 1269 2097 1307 esse

499 1340 840 1408 vidcantur;
889 1343 972 1397 vel
1029 1344 1190 1398 talem
1238 1359 1358 1399 esse
1391 1360 1679 1414 personatur
1707 1344 1851 1408 Filii,
1880 1346 2095 1413 qualem

513 1447 570 1493 et
591 1438 794 1504 Patris,
828 1439 967 1492 nihil
1018 1439 1336 1503 habentem,
1374 1439 1519 1508 quod
1570 1440 1673 1509 ipsi
1713 1441 2099 1511 praeiutelliga-

482 1527 626 1593 ‘tur,
669 1532 814 1586 sicut
861 1540 917 1587 et
968 1531 1150 1586 Pater.
1196 1532 1411 1587 Etenim
1459 1549 1524 1586 cx
1582 1534 1897 1603 praepositio
1953 1535 2101 1590 sistit

515 1632 778 1686 mentem,
810 1634 865 1677 et
902 1622 1135 1677 ulterius
1170 1623 1472 1691 procedere
1524 1639 1634 1678 non
1660 1627 1823 1695 cogit,
1859 1635 1915 1681 et
1945 1643 2099 1696 quze-

515 1731 638 1770 rere
663 1717 1020 1785 principalem
1052 1731 1296 1782 causam,
1319 1716 1408 1771 cui
1445 1719 1759 1787 praepositio
1803 1735 1866 1772 ea:
1896 1720 2099 1789 princi-

515 1805 713 1875 paliter
764 1807 1108 1861 attribuitur.
1150 1807 1473 1877 Praepositio
1530 1817 1714 1863 autem
1744 1825 1835 1878 per
1864 1810 2097 1865 alteram
2133 1790 2172 1844 Β

514 1898 807 1966 quamdam
843 1914 1155 1966 personam,
1188 1907 1386 1969 pratter
1417 1915 1538 1954 eam
1571 1916 1734 1970 quam
1769 1917 1832 1954 ex.
1863 1902 2096 1964 inducit,

513 1999 571 2046 et
623 1991 688 2049 ad
743 2006 864 2046 eam
933 1999 1174 2047 mentem
1235 2001 1566 2061 promovet,
1619 1994 2093 2066 principalemqne

514 2078 662 2135 illam
690 2094 809 2134 esse
861 2093 1080 2133 causam
1132 2078 1425 2149 signiﬁcat,
1467 2089 1524 2134 et
1579 2081 1730 2136 illam
1781 2097 2096 2152 personam,

518 2171 571 2224 in
609 2186 714 2239 qua
759 2170 984 2239 ponitur
1035 2170 1169 2240 ipsa,
1201 2185 1316 2238 per,
1343 2170 1576 2225 mediam
1617 2189 1740 2229 esse
1781 2190 2096 2244 personam,

515 2261 660 2315 inter
685 2263 914 2330 primam
966 2268 1021 2314 et
1060 2275 1179 2315 eam
1225 2261 1293 2314 ad
1341 2277 1504 2330 quam
1539 2272 1623 2317 est
1675 2266 1976 2333 processio,
2011 2266 2097 2320 vel

515 2353 780 2423 operatio.
810 2353 992 2423 Atque
1017 2354 1091 2408 ita
1119 2354 1436 2423 praepositio
1467 2373 1558 2426 per
1593 2355 1923 2412 Trinitatem
1961 2372 2098 2426 pure

516 2446 680 2501 nobis
709 2446 992 2515 exprimit,
1019 2446 1294 2516 simulque
1323 2448 1571 2503 ordinem
1600 2464 1763 2518 quem
1793 2449 2000 2505 habent
2029 2448 2096 2502 ad

517 2537 750 2593 invicem
793 2553 1063 2609 personae,
1090 2549 1255 2608 atque
1306 2541 1570 2596 unitatem
1594 2543 1920 2596 substantiae
1950 2550 2098 2611 pate-

515 2632 667 2696 facit,
696 2631 914 2686 tertiam
967 2646 1256 2700 personam
1289 2648 1410 2686 eum
1468 2633 1641 2702 prima
1693 2649 1789 2702 per
1833 2649 1890 2687 se
1925 2633 2094 2704 ipsam

515 2727 878 2795 coniungens.
903 2725 1066 2798 Juxta
1096 2725 1244 2779 enim
1269 2725 1573 2796 Nyssenum
1623 2725 1969 2796 Gregorium,
1988 2740 2096 2780 una

513 2818 734 2889 quidem
789 2818 1068 2888 tpersona)
1114 2826 1197 2872 est
1252 2818 1571 2873 immediate
1624 2836 1653 2874 a
1703 2821 1897 2888 prima,
1926 2820 2094 2872 altera

516 2927 647 2966 vero
681 2927 779 2981 per
809 2927 928 2965 eam
968 2927 1091 2980 quae
1142 2911 1457 2966 immediate
1488 2921 1574 2964 est
1620 2927 1648 2964 a
1680 2912 1879 2981 prima.
1906 2913 2096 2984 ltaquc

513 3016 571 3061 et
603 3021 721 3060 esse
751 3007 1089 3076 unigenitum
1125 3007 1177 3059 in
1212 3006 1350 3060 Filio
1378 3014 1561 3059 manet
1617 3004 2020 3067 indubitatum,
2043 3014 2096 3059 el.

513 3117 579 3154 ex
613 3100 771 3156 Patre
793 3115 913 3155 esse
933 3099 1225 3169 Spiritum,
1250 3113 1360 3152 non
1401 3108 1488 3152 est
1525 3097 1941 3167 ambigendum,
1967 3115 2091 3153 cum
2122 3127 2167 3192 Ε

515 3192 682 3247 Filius
705 3188 1121 3251 intercedendo,
1143 3197 1200 3242 et
1220 3187 1323 3241 sibi
1364 3190 1476 3256 ipse
1498 3187 1851 3258 Unigenitum
1893 3199 2094 3254 servet,

513 3295 569 3336 et
591 3284 859 3351 Spiritum
891 3296 921 3335 a
954 3279 1192 3334 naturali
1222 3279 1287 3334 ad
1320 3279 1537 3334 Patrem
1569 3281 1838 3335 relatione
1865 3296 1974 3335 non
2010 3296 2096 3336 ar-

514 3385 657 3431 ceat.
684 3376 864 3441 Quare
888 3371 1206 3445 praapositio
1239 3389 1353 3441 per,
1376 3383 1588 3427 tantum
1606 3375 1874 3438 ostendit,
1896 3373 2093 3431 Filium

513 3484 633 3523 esse
681 3467 921 3521 medium
963 3465 1106 3520 inter
1161 3465 1404 3530 Patrem,
1448 3474 1504 3520 et
1543 3464 1811 3535 Spiritum
1843 3477 2093 3522 sanctum

513 3558 718 3613 nullam
743 3567 1007 3627 praeterea
1030 3555 1427 3612 differentiam.
1458 3557 1585 3612 llaa'c
1605 3574 1737 3613 sane
1757 3559 2086 3625 ell‘ecerunt,

513 3652 771 3706 utetiam
809 3650 1184 3705 Damascenus
1229 3650 1451 3715 dixerit,
1494 3649 1618 3705 Filii
1657 3649 1925 3720 Spiritum
1958 3652 2096 3707 dici-

515 3760 658 3808 mus,
698 3760 764 3798 ex
798 3743 938 3798 Filio
973 3752 1158 3797 autem
1193 3759 1300 3798 non
1333 3744 1592 3800 dicimus.
1630 3743 1688 3800 Si
1722 3747 1870 3801 enim
1905 3746 2007 3802 hac
2036 3747 2094 3802 in

515 3852 598 3901 re,
657 3846 719 3890 ut
772 3835 1021 3892 nonnulli
1063 3835 1430 3902 arbitrantur,
1489 3835 1543 3893 id
1608 3837 1829 3892 volebat
1872 3847 2095 3896 sanctus

519 3928 854 3998 signiﬁcare,
912 3936 1077 3996 atque
1110 3926 1258 3981 hunc
1287 3925 1523 3981 habebat
1561 3943 1809 3996 sensum,
1851 3929 1998 3998 quod
2028 3945 2096 3985 ex

515 4022 655 4077 Filio
699 4035 810 4074 non
845 4020 935 4082 sit.
986 4019 1214 4073 cumino
1250 4019 1416 4090 igitur
1453 4019 1649 4075 doctor
1681 4036 1750 4075 ex
1787 4021 1906 4075 solo
1934 4020 2096 4076 Patre

514 4114 776 4187 Spiritum
813 4123 1063 4169 sanctum
1091 4113 1471 4168 exsistcntiam
1498 4113 1702 4168 habere
1729 4114 2095 4184 existimabat,

512 4215 660 4286 quod
707 4215 751 4267 si
797 4213 900 4266 hoc
942 4221 1046 4276 est,
1087 4211 1252 4266 etiam
1291 4211 1607 4266 immediate
1637 4225 1704 4264 ex
1741 4211 1900 4266 Patre
1936 4226 2094 4279 esse;

515 4308 562 4363 si
610 4314 794 4360 autem
845 4303 1186 4366 immediate,
1222 4302 1388 4358 etiam
1420 4302 1729 4374 producere
1758 4303 1933 4359 Patris
1963 4319 2096 4358 con-

513 4396 829 4452 Stitntivum
865 4408 1007 4459 esse,
1055 4407 1117 4446 ac
1159 4407 1350 4448 rursus
1395 4394 1442 4448 si
1476 4392 1604 4459 hoc,
1657 4395 2096 4450 inoommunica-

2196 523 2322 575 ὅσον
2349 521 2653 592 διακρίνειν
2691 521 2788 584 τὰς
2822 519 3177 581 ὑποστάσεις,
3211 517 3307 570 καὶ
3347 516 3447 586 τὴν
3486 515 3594 570 τῶν
3615 515 3809 568 θείων

2200 614 2510 684 προσώπων
2534 613 2687 680 τάξιν
2719 613 3026 682 ἐμφαίνειν,
3065 613 3123 664 ὲν
3221 610 3283 664 τδ
3311 610 3409 662 τοῦ
3441 609 3571 664 Υίοῦ
3605 607 3813 678 πρόσ-

2199 724 2349 761 ωπον
2390 706 2488 778 τὴν
2522 709 2694 777 μέσην
2733 706 2922 776 εἴληχε
2975 704 3183 773 χώραν,
3217 703 3284 774 ἢν
3340 705 3428 758 ἀεὶ
3462 703 3496 771 ἡ
3548 702 3650 754 διὰ
3689 701 3810 752 κάν

2197 803 2263 871 τῇ
2310 801 2462 869 κοινῇ
2501 799 2765 870 συνηθείᾳ
2814 798 2988 866 δηλοῖ·
3040 796 3139 850 καὶ
3193 797 3280 850 ἵνα
3333 795 3469 866 μὴῆ
3511 795 3574 848 ἓν
3609 795 3812 863 πρόσ-

2198 908 2350 945 ωπον
2381 893 2408 944 6
2445 889 2637 961 Πατὴρ
2683 890 2782 943 καὶ
2830 890 2859 943 ὁ
2897 889 3028 951 Υίδς
3089 887 3479 941 ὐποπτευθεῖεν
3538 885 3632 938 διὰ
3685 882 3812 952 τὴν

2198 981 2310 1034 τῶν
2346 983 2660 1051 προθέσεων
2713 980 3040 1050 ὁμοιότητα,
3078 979 3112 1050 ἢ
3145 977 3237 1032 δύο
3277 979 3370 1031 καὶ
3409 974 3807 1044 ἁντιδιαιρούο

2202 1091 2359 1142 μεναι
2389 1074 2557 1142 ἄμφω
2573 1072 2668 1126 τοῦ
2701 1073 3020 1140 Πνεῦματος
3048 1070 3217 1141 ἀρχαὶ
3259 1069 3508 1134 δόξωσιν,
3541 1068 3574 1138 ἢ
3605 1064 3813 1119 τοιοῦ-

2199 1181 2292 1217 τον
2322 1161 2465 1218 εἶναι
2521 1164 2584 1217 τὸ
2639 1164 2734 1216 τοῦ
2778 1162 2911 1216 Υἱοῦ
2962 1162 3277 1232 πρόσωπον,
3309 1155 3420 1214 οἷον
3461 1161 3558 1213 καὶ
3599 1159 3664 1210 τὸ
3696 1155 3810 1210 τοῦ

2200 1259 2436 1326 Πατρός,
2469 1258 2634 1326 μηδὲν
2655 1255 2856 1310 ἑαυτοῦ
2890 1253 3394 1326 προεπινοούμενον
3425 1253 3570 1321 ἕχον,
3592 1251 3807 1318 ῶτπερ

2201 1353 2295 1405 καὶ
2320 1353 2348 1404 6
2380 1351 2597 1422 Πατήρ.
2641 1351 2706 1402 Ἦ
2759 1349 2871 1418 γὰρ
2899 1349 2968 1403 ἐκ
3007 1349 3191 1418 ἵστησι
3232 1348 3331 1417 τὴν
3374 1346 3639 1404 διάνοιαν.
3693 1345 3808 1397 καὶ

2203 1443 2516 1513 περαιτέρω
2576 1442 2829 1512 προϊέναι
2882 1441 2984 1495 οὐκ
3017 1440 3318 1507 ἀναγκάζει
3376 1439 3471 1492 καὶ
3506 1436 3698 1513 ζητεῖν
3736 1435 3807 1488 τὸ

2202 1535 2429 1605 ἁρχικδν
2454 1535 2648 1600 αἴτιον,
2678 1530 2831 1603 ᾧτινι
2869 1535 2902 1607 ἡ
2930 1533 2998 1588 ἐκ
3024 1532 3270 1606 ἀρχικῶς
3296 1530 3800 1601 ἀποκεκλήρωται.

2215 1631 2282 1682 Ἦ
2309 1629 2365 1682 δὲ
2393 1626 2492 1683 διὰ
2510 1629 2694 1699 ἕτερόν
2731 1646 2782 1682 τι
2810 1630 3103 1698 πρόσωπον
3135 1626 3287 1696 παρὰ
3318 1625 3418 1694 τὴν
3450 1625 3519 1677 ἐκ
3553 1637 3793 1676 συνεισ-

2199 1721 2345 1788 ἀγει,
2379 1721 2473 1774 καὶ
2523 1720 2659 1789 προς
2709 1721 2885 1774 ἐκεῖνο
2936 1719 3035 1787 τὴν
3084 1719 3329 1772 διάνοιαν
3393 1715 3798 1782 προσϐιϐάζει,

2203 1810 2431 1881 ἀρχικόν
2485 1828 2543 1862 τε
2611 1810 2790 1864 ἐκεῖνο
2825 1811 2999 1866 αἴτιον
3032 1811 3315 1882 σημαίνει,
3345 1800 3521 1880 ἁφόῦ
3552 1825 3614 1862 τε
3642 1810 3797 1876 αῦτη

2203 1903 2381 1954 κεῖται
2422 1901 2589 1972 μέσον
2617 1901 2712 1957 τοῦ
2742 1919 2800 1956 τε
2830 1903 3048 1975 πρώτου
3081 1906 3174 1957 καὶ
3213 1901 3308 1956 τοῦ
3335 1901 3473 1974 πρὸς
3501 1900 3561 1956 ὃν
3589 1902 3622 1972 ἡ
3645 1901 3797 1972 πρό-

2201 1994 2341 2058 οδος,
2371 1993 2405 2063 ἦ
2435 1994 2770 2065 ἠὲνέργεια·
2810 1996 2904 2048 καὶ
2938 1993 3084 2048 οῦτω
3123 1994 3221 2064 τὴν
3264 1995 3471 2065 Τριὰδα
3520 1992 3792 2064 καθαρῶς

2199 2087 2333 2157 ἡμῖν
2359 2088 2688 2158 παρίστησιν
2714 2088 2748 2158 ἠ
2776 2086 2892 2154 διὰ,
2911 2087 3047 2156 ὁμοῦ
3075 2103 3134 2142 τε
3157 2086 3256 2158 τὴν
3279 2087 3416 2158 πρὸς
3444 2085 3654 2158 ἄλληλα
3674 2085 3796 2138 τῶν

2203 2179 2517 2250 προσώπων
2578 2163 2732 2246 τάξιν
2789 2180 3163 2250 ἐμφαίνουσα,
3201 2182 3296 2232 καὶ
3324 2181 3423 2252 τὴν
3463 2180 3561 2250 τῆς
3593 2175 3792 2240 οὐσίας

2200 2272 2428 2342 ἑνότητα
2483 2271 2544 2325 τδ
2610 2275 2797 2342 τρίτον
2848 2273 2912 2325 δι’
2952 2274 3156 2343 ἑαυτῆς
3213 2271 3292 2344 τῷ
3354 2271 3565 2345 πρώτῳ
3621 2272 3794 2326 συνά-

2201 2377 2448 2417 πτουσα.
2501 2363 2661 2417 Κατὰ
2703 2362 2813 2434 γὰρ
2845 2363 2936 2417 τὸν
2965 2363 3189 2432 Νύσσης
3235 2363 3566 2433 Γρηγόριον,-
3585 2363 3648 2415 16
3683 2361 3793 2429 μὲν

2199 2455 2319 2511 ἐστι
2358 2454 2643 2526 προσεχῶς
2691 2455 2755 2509 ὲκ
2786 2473 2880 2508 του
2914 2454 3156 2521 πρώτου,
3189 2456 3250 2509 τὸ
3279 2456 3335 2510 δὲ
3378 2455 3467 2508 διὰ
3491 2455 3586 2508 τοῦ
3615 2471 3791 2526 προσ-

2201 2544 2340 2613 εχῶς
2374 2545 2440 2596 ὲκ
2466 2543 2562 2598 τοῦ
2595 2541 2840 2617 πρώτου,
2881 2545 3021 2598 ὥστε
3057 2547 3155 2598 καὶ
3189 2545 3250 2597 τὸ
3285 2543 3576 2615 μονογενὲς
3609 2544 3791 2615 ἀναμ-

2200 2634 2422 2703 ιρίόολον
2451 2633 2546 2687 ἐπὶ
2572 2632 2666 2688 τοῦ
2695 2633 2830 2688 Υῑοῦ
2863 2635 3070 2705 μένειν,
3114 2635 3209 2689 καὶ
3233 2635 3294 2689 τὺ
3339 2635 3403 2688 ὲκ
3430 2633 3524 2688 τοῦ
3568 2635 3789 2704 Πατρός

2199 2723 2341 2779 εἶναι
2383 2725 2446 2778 τδ
2500 2723 2726 2797 Πνεῦμα
2785 2726 2861 2796 μὴ
2917 2725 3311 2795 ἁμφιὸἀλλειν,
3364 2726 3466 2796 τῆς
3512 2727 3610 2782 τοῦ
3649 2726 3785 2782 Υίοῦ

2156 2840 2157 2843 η
2202 2817 2484 2886 μεσιτεξας
2532 2819 2625 2872 καὶ
2667 2819 2847 2890 ἑαυτῷ
2914 2818 2978 2872 τὸ
3036 2821 3325 2890 μονογενὲς
3379 2820 3784 2890 φυλαττούσης,

2199 2912 2294 2964 καὶ
2348 2911 2408 2963 τὸ
2453 2911 2682 2981 Πνεῦμα
2722 2913 2822 2980 τῆς
2853 2913 3084 2983 φυσικῆς
3121 2914 3257 2985 πρὸς
3288 2915 3378 2968 τὸν
3409 2915 3632 2982 Πατέρα
3661 2914 3787 2984 σχέ-

2201 3017 2337 3063 σεως
2385 2999 2461 3071 μὴ
2505 2999 2903 3073 ἁπειργούσης.
2939 3003 3107 3056 Ὥστε
3146 3003 3309 3073 ήδιὰ
3361 3005 3458 3074 τὴν
3507 3007 3603 3059 τοῦ
3655 3006 3783 3060 Υίοῦ

2204 3090 2366 3160 μόνον
2399 3091 2678 3162 μεσότητα
2713 3093 2855 3164 πρός
2881 3110 2938 3145 τε
2972 3094 3064 3146 τὸν
3093 3093 3312 3163 Πατέρα
3347 3095 3442 3148 καὶ
3473 3095 3532 3147 τὸ
3557 3095 3782 3167 Πνεῦμα

2198 3185 2494 3253 δείκνυσιν,
2527 3185 2646 3240 ἀλλ’
2677 3185 2776 3256 οὐχ
2825 3185 3021 3256 ἑτέραν
3055 3186 3343 3257 διαφοράν.
3370 3186 3555 3241 Ταῦτα
3581 3188 3647 3258 δὴ
3686 3189 3783 3244 καὶ

2199 3277 2293 3331 τὸν
2329 3277 2693 3350 Δαμασκηνὸν
2750 3280 3079 3347 πεποίηκεν,
3126 3297 3145 3332 ι
3207 3279 3336 3332 Υίοῦ
3393 3280 3496 3350 μὲν
3552 3281 3780 3351 Πνεῦμα

2199 3368 2455 3438 λέγομεν,
2496 3372 2694 3435 εἰπεῖν,
2747 3370 2813 3423 ὲκ
2861 3370 2956 3425 τοῦ
2997 3370 3129 3424 Υίοῦ
3172 3371 3228 3424 δὲ
3273 3371 3334 3423 οὑ
3359 3370 3616 3440 λέγομεν.
3664 3390 3684 3423 ι
3718 3371 3779 3425 El

2199 3462 2312 3532 γὰρ
2361 3464 2418 3515 ὲν
2472 3462 2673 3534 τούτῳ,
2702 3462 2780 3527 ὥς
2823 3480 2970 3527 τινες
3015 3462 3241 3528 οἴονται,
3287 3464 3433 3519 τοῦτ’
3468 3464 3724 3519 ὲὸούλετο
3752 3467 3781 3520 6

2198 3553 2352 3624 ἅγιος
2379 3555 2598 3626 δηλοῦν,
2626 3557 2722 3611 καὶ
2771 3557 2980 3627 ταύτην
3018 3553 3133 3627 εἷχε
3163 3559 3262 3629 τὴν
3312 3556 3545 3626 ἔννοιαν,
3586 3561 3673 3613 ὅτι
3701 3561 3767 3614 ἐκ

2196 3645 2294 3699 τοῦ
2327 3645 2462 3699 Υίοῦ
2493 3647 2595 3699 οὐκ
2638 3647 2778 3710 ἐστι,
2815 3647 3035 3711 πάντως
3073 3647 3140 3702 ἂν
3173 3648 3235 3701 τὸ
3261 3648 3489 3720 Πνεῦμα
3521 3651 3583 3704 τὸ
3626 3651 3781 3720 ἅγιον

2197 3739 2260 3792 ὲκ
2291 3741 2455 3811 μόνου
2483 3737 2578 3794 τοῦ
2608 3741 2819 3812 Πατρός
2865 3741 2894 3796 6
2948 3740 3271 3803 διδάσκαλος
3301 3742 3439 3813 ᾤετο
3469 3743 3571 3814 τὴν
3601 3744 3779 3816 ῦπαρ-

2198 3830 2282 3898 ξιν
2317 3830 2482 3901 ἔχειν.
2521 3832 2583 3885 Ei
2619 3831 2678 3886 δὲ
2715 3832 2897 3899 τοῦτο,
2935 3835 3032 3890 καλ¹
3061 3834 3282 3901 ἀμέσως
3313 3838 3376 3887 ὲκ
3408 3835 3507 3888 τοῦ
3543 3836 3776 3904 Πατρός“

2198 3925 2248 3980 εί
2279 3923 2336 3978 δὲ
2365 3924 2612 3995 ἀμέσως,
2658 3925 2754 3979 καὶ
2801 3925 2879 3996 τῷ
2905 3926 3232 3996 προϐάλλειν
3271 3927 3367 3982 τοῦ
3403 3929 3616 3999 Πατρός
3651 3930 3780 3982 ὐπο-

2203 4018 2462 4073 στατικὸν
2513 4011 2656 4071 εἶναι
2685 4030 2703 4050 ι
2755 4019 2850 4072 καὶ
2885 4022 2935 4072 εί
2974 4018 3133 4074 τοῦτο
3189 4021 3375 4086 πάλιν,
3415 4022 3780 4093 ἀκοινώνητον

2197 4101 2338 4162 εἶναι
2373 4107 2468 4179 οτῷ
2499 4107 2618 4176 Υίῷ
2638 4124 2655 4141 ο
2691 4107 2760 4163 τὰ
2812 4109 2926 4181 γὰρ
2958 4111 3302 4168 ὑποστατικὰ
3329 4111 3441 4166 τῶν
3469 4114 3780 4182 προσώπων

2197 4200 2306 4254 ῐδια
2338 4200 2432 4254 καὶ
2484 4202 2666 4256 πάντα
2715 4204 2916 4274 τρόπον
2958 4204 3211 4275 ἀλλήλοις
3250 4205 3616 4278 ἀκοινώνητα.
3650 4208 3774 4272 Πῶς

2196 4291 2291 4347 οῦν
2324 4292 2420 4346 τὸν
2452 4292 2674 4366 Πατέρα
2719 4296 2990 4367 προϐολέα
3037 4297 3125 4352 διὰ
3174 4298 3350 4366 Λόγου
3389 4297 3483 4353 106
3514 4301 3779 4368 ὲκφαντο-

2200 4383 2360 4455 ρικςρῦ
2400 4385 2722 4456 Πνεῦματος
2778 4388 2969 4459 λέγεις
3006 4389 3131 4454 Πῶς
3182 4390 3250 4444 ὲκ
3303 4390 3398 4444 τοῦ
3452 4392 3664 4460 Πατρός
3695 4393 3780 4450 διὰ

514 4488 625 4544 bile
651 4502 771 4542 esse
805 4487 978 4553 Filio;
1012 4485 1372 4541 constitutiva
1405 4485 1554 4540 enim
1587 4501 1946 4556 personarum
1972 4503 2090 4558 pro-

2200 4481 2294 4531 106
2340 4479 2461 4531 Υιοῦ
2493 4479 2896 4540 ἐκπορεύεσθαι
2933 4484 2994 4535 τὸ
3042 4483 3267 4553 Πνεῦμα
3321 4485 3590 4555 πολλαχοῦ
3635 4487 3781 4542 διδά-

515 4579 632 4650 pria
665 4587 813 4643 sunt,
871 4587 924 4632 et
963 4576 1116 4632 nullo
1159 4575 1325 4632 modo
1390 4575 1458 4631 ad
1491 4576 1731 4633 invicem
1785 4578 2095 4634 communi-

513 4669 712 4725 cabilia
748 4669 1068 4739 :quomodo
1122 4668 1291 4738 igitur
1323 4669 1539 4725 Patrem
1572 4667 1962 4739 productorem
1990 4685 2088 4745 per

514 4763 755 4818 Verbum
813 4762 1199 4818 manifestativi
1258 4761 1496 4831 Spiritus
1541 4746 1777 4817 asserit?
1813 4762 2096 4829 Quomodo

515 4874 584 4912 cx
613 4858 773 4912 Patre
808 4872 905 4926 per
955 4855 1152 4913 Filium
1195 4853 1462 4923 Spiritum
1496 4854 1798 4924 procedere
1825 4855 2011 4909 multis
2040 4854 2097 4908 in

517 4949 654 5005 locis
683 4948 888 5003 docet?
917 4949 1224 5013 Quomodo,
1254 4948 1300 5006 si
1329 4947 1538 5001 nullum
1577 4947 1848 5009 ordinem,
1884 4947 1972 5002 vel
2001 4946 2098 5001 ha-

517 5041 824 5098 bitudinem
861 5040 1096 5108 Spiritus
1151 5039 1318 5094 habet
1350 5039 1416 5092 ad
1460 5039 1678 5103 Filium,
1712 5039 1809 5102 ait,
1853 5039 2093 5094 Verbum

427 5193 435 5197 ,
517 5143 700 5186 autem
748 5142 960 5201 oportet
996 5133 1263 5201 Spiritum
1298 5130 1532 5185 habeat?
1583 5130 1708 5185 llaec
1761 5131 1908 5186 enim
1961 5146 2095 5187 con-

516 5225 682 5278 traria
722 5226 941 5292 penitus
968 5234 1096 5278 sunt
1139 5224 1204 5277 ad
1235 5223 1494 5277 invicem.
1530 5223 1586 5278 Si
1622 5225 1766 5280 enim
1799 5225 2096 5295 productor

517 5332 613 5383 per
633 5316 889 5380 Verbum,
919 5332 1026 5371 non
1061 5309 1250 5385 utique
1278 5315 1675 5386 hypostaticum
1701 5318 1875 5372 Patris
1895 5319 2096 5386 produ-

505 5429 662 5477 cere;
681 5423 735 5467 et
753 5413 798 5467 si
815 5430 882 5469 ex
900 5414 1058 5468 Patre
1079 5414 1392 5468 immediate
1412 5414 1661 5484 profecto
1693 5431 1800 5469 non
1838 5430 1936 5485 per
1958 5416 2094 5469 Ver-

515 5504 642 5557 bum
668 5505 1007 5574 procederet.
1029 5504 1240 5576 Quippe
1259 5521 1353 5574 per
1370 5505 1608 5560 Verbum
1633 5504 1952 5574 procedere.
1976 5521 2093 5562 me-

514 5595 664 5649 dium
685 5612 804 5652 esse
819 5597 1019 5653 Filium
1039 5597 1341 5652 clarissime
1361 5597 1621 5653 ostendit.
1642 5596 1796 5662 Quod
1816 5597 2092 5667 Nyssenns

514 5688 709 5754 tradit,
755 5700 814 5744 et
843 5704 950 5744 una
987 5704 1110 5743 cum
1148 5703 1213 5742 eo
1243 5689 1428 5743 cuncti
1469 5688 1731 5760 theologi,
1781 5699 1945 5757 atque
1980 5696 2092 5742 ter~

512 5777 623 5834 tius
653 5793 684 5835 a
713 5779 873 5836 Patre
904 5778 1143 5854 Spiritus
1169 5788 1392 5835 sanctus
1421 5777 1617 5834 ordine
1645 5777 1802 5850 juxta
1832 5791 2088 5852 magnum

2209 4587 2375 4640 trust;
2413 4571 2537 4637 Πῶς
2567 4575 2618 4627 εί
2651 4573 2922 4644 μηδεμίαν
2954 4575 3133 4645 τάξιν,
3170 4577 3203 4648 ἢ
3245 4576 3434 4649 σχέσιν
3464 4579 3525 4634 τὸ
3556 4578 3782 4651 Πνεῦμα

2206 4664 2347 4737 πρὸς
2385 4666 2476 4721 τὸν
2503 4666 2632 4720 Υἰὸν
2663 4669 2798 4737 ἔχει,
2860 4670 3015 4737 φησὶ,
3060 4688 3080 4722 ι
3118 4672 3208 4722 Δεί
3254 4669 3310 4724 δὲ
3355 4670 3449 4728 τὸν
3483 4672 3658 4740 Λόγον
3691 4674 3783 4726 καὶ

2206 4757 2430 4827 Πνεῦμα
2495 4758 2680 4830 ἔχεινς
2748 4780 2768 4812 ι
2826 4760 3012 4814 Ταῦτα
3070 4762 3188 4829 γὰρ,
3229 4762 3448 4816 ἐναντία
3507 4763 3778 4826 παντελῶς

2203 4851 2479 4921 ἀλλήλοις.
2516 4854 2580 4907 El
2632 4854 2740 4922 γὰρ
2782 4853 3082 4924 προϐολεὺς
3126 4855 3214 4907 διὰ
3250 4854 3443 4922 Λόγου,
3479 4857 3580 4909 οὐκ
3600 4856 3667 4911 ἂν
3697 4857 3780 4926 ετη

2204 4943 2299 4995 τοῦ
2340 4943 2557 5013 Πατρὸς
2607 4942 2975 4996 ὑποστατικὸν
3015 4945 3073 4997 16
3126 4945 3478 5015 προϐάλλειν
3505 4947 3598 4999 καὶ
3627 4947 3678 5000 εί
3719 4949 3783 4999 ὲκ

2203 5033 2296 5087 τοῦ
2336 5034 2547 5104 Πατρὸς
2602 5035 2850 5103 ἀμέσως,
2905 5035 3004 5087 οὐκ
3058 5035 3125 5088 ἂν
3170 5036 3257 5089 διὰ
3310 5035 3404 5089 τοῦ
3453 5035 3586 5090 Υίοῦ
3615 5041 3780 5092 ὲκπο-

2206 5127 2440 5198 ρεύοιτο.
2495 5125 2568 5179 Τὺ
2609 5127 2717 5196 γὰρ
2767 5127 2854 5180 διὰ
2887 5127 2980 5180 τοῦ
3014 5127 3147 5180 Υίοῦ
3184 5128 3584 5199 ἐκπορεύεσθαι
3619 5133 3782 5200 μεσό-

2202 5235 2344 5284 τητα
2377 5217 2470 5273 τοῦ
2514 5216 2638 5271 ι’ἱοῦ
2670 5218 2992 5288 περιφανῶς
3031 5219 3320 5289 ἐμφαίνει,
3369 5222 3433 5292 ἢν
3487 5222 3515 5275 6
3560 5223 3780 5290 Νύσσης

2203 5310 2549 5378 παραδίδωσι
2578 5311 2678 5363 καὶ
2709 5310 2837 5380 μετ’
2871 5311 3039 5365 αὐτοῦ
3082 5312 3285 5375 πάντες
3311 5314 3361 5365 οί
3395 5313 3660 5381 θεολόγοι*
3687 5314 3783 5367 καὶ

2203 5406 2386 5476 τρίτον
2415 5406 2524 5460 ἀπὸ
2556 5406 2646 5459 τοῦ
2682 5405 2896 5474 Πατρδς
2921 5405 2981 5457 τὸ
3007 5405 3234 5476 Πνεῦμα
3266 5406 3328 5460 τὸ
3359 5406 3516 5474 ἅγιον
3540 5409 3605 5478 τῇ
3627 5406 3779 5472 τάξει

2201 5500 2344 5554 κατὰ
2391 5500 2484 5553 τὸν
2535 5497 2712 5568 μέγαν
2751 5497 3041 5550 Βασίλειον
3071 5496 3394 5567 διορίζεται.
3437 5500 3546 5553 Καὶ
3579 5498 3685 5570 μὴν
3715 5498 3782 5554 οὐ,

2206 5594 2387 5663 μόνον,
2440 5590 2516 5655 ὣς
2557 5609 2704 5654 τινες
2738 5591 3142 5661 ἑκλαμὸάνουσι
3185 5592 3284 5663 τὴν
3325 5592 3492 5657 λέξιν,
3539 5592 3780 5661 ἐναντίος

2203 5686 2269 5738 ἂν
2301 5688 2327 5737 ὁ
2377 5682 2702 5747 διδάσκαλος
2729 5684 2911 5753 ἐαυτῷ
2948 5686 3062 5753 εἴη,
3107 5683 3244 5740 ἀλλὰ
3279 5687 3515 5750 καὶτοῖς
3544 5685 3652 5756 πρὸ
3676 5687 3778 5737 αὐ-

2200 5771 2294 5830 τοῦ
2345 5775 2705 5840 διδασκάλοις.
2741 5776 2808 5831 Ol
2845 5777 2943 5845 μὲν
2975 5776 3102 5847 γὰρ,
3142 5794 3162 5828 ι
3216 5778 3311 5832 Ἐκ
3354 5777 3447 5832 τοῦ
3475 5776 3606 5832 me
3637 5779 3782 5844 ἐστι,
