4152 6292
353 358 473 424 θέθ

1284 357 1383 418 DE
1423 350 1946 419 PROCESSIONE
1984 347 2340 412 SPIRITUS
2380 342 2681 408 SANCTI.‘

3491 340 3601 407 930

354 478 494 546 φασί
524 517 538 543 ,
587 475 684 529 ³ξαί
722 475 787 527 ἐκ
835 475 933 540 τῆς
997 474 1184 539 οὐσίας
1239 474 1448 540 αὐτοῦ,
1504 475 1600 527 καί
1658 471 1719 538 ἐξ
1761 468 1926 525 αὐτοῦ

2041 468 2295 524 Basilium
2324 464 2700 523 constituitur.
2731 464 2799 520 Et
2830 470 3092 534 praeterea
3126 476 3237 518 non
3266 470 3504 529 tantum,
3538 472 3603 519 ut

352 566 623 639 πρόεισιψ
660 586 679 620 ι
712 566 740 620 6
760 566 805 620 δ’
827 568 929 621 οὐκ
956 562 1096 621 εἶναι
1132 569 1197 621 ὲκ
1238 568 1334 620 τοῦ
1366 566 1518 631 Υἰοῦ,
1548 565 1671 621 οὐδέ
1729 567 1793 618 ἐκ
1821 566 1921 633 τῆς

352 661 547 724 οὐσίας
594 660 784 725 αὑτοῦ,
841 660 953 713 οὐδ’
992 660 1054 723 ἐξ
1101 660 1271 713 αὑτοῦ
1322 659 1597 727 προϊέναι.
1636 655 1824 710 Ταῦτα
1863 653 1919 708 δέ

353 734 810 821 ὁμολογουμένως
836 751 1144 819 ἀντίφασις.
1192 748 1284 813 Ἐξ
1313 741 1386 801 ὧν
1411 749 1610 803 Instat
1658 747 1691 817 ἢ
1732 742 1924 799 τοῦτον

360 846 522 915 μόνον
551 842 872 899 διδάσκαλον
910 841 1201 913 ὁμολογεῖν
1254 835 1397 895 εἶναι
1429 840 1528 910 τῆς
1566 838 1922 907 Ἐκκλησίας,

354 937 453 989 καὶ
477 934 594 1005 ἅμα
617 929 774 1004 ἅγιον
800 935 1148 1003 ἀποφαίνειν,
1176 932 1563 1004 ἀμελουμένων
1589 933 1697 986 τῶν
1726 930 1925 992 ἄλλων,

355 1027 504 1082 ὀκνῶ
532 1028 644 1097 γὰρ
668 1025 1168 1099 ἀπορῤιπτομένων
1200 1026 1402 1099 εἰπεῖν,
1427 1023 1459 1094 ἦ
1489 1022 1555 1078 τὸ
1592 1022 1794 1093 πλῆθος
1830 1020 1929 1073 καὶ

358 1121 420 1173 τὸ
446 1119 737 1189 πρεσϐεῖον
770 1119 1124 1190 αἰδουμένους
1147 1118 1391 1183 ἐκείνων,
1423 1118 1499 1187 μὴ
1526 1107 1927 1187 παραδέχεσθαι

358 1212 567 1265 τοῦτον.
614 1210 778 1265 ’Λλλὰ
824 1212 983 1265 τοῦτο
1015 1210 1238 1264 ἄτοπον·
1284 1208 1391 1281 χρὴ
1420 1208 1529 1279 γὰρ
1561 1207 1809 1268 ἅπαντας
1840 1206 1929 1259 εὐ-

360 1304 543 1367 λαΰῶς
593 1304 738 1375 ἡμᾶς
778 1304 1108 1373 δεχομένους
1155 1303 1247 1357 καὶ
1282 1301 1606 1371 σεϐομένους
1630 1299 1756 1365 ,ὡς
1786 1297 1930 1369 ὑπέρ

360 1396 458 1463 τῆς
509 1397 542 1465 ἡ
554 1393 672 1464 μῶν
719 1395 999 1466 σωτηρίας
1034 1395 1141 1447 ὑπὸ
1169 1392 1262 1446 τοῦ
1293 1391 1428 1447 Θεοῦ
1460 1388 1927 1463 ἐμπνευσθέντας,

361 1486 419 1550 ὃς
472 1488 571 1541 οὐκ
622 1485 689 1542 ἂν
731 1486 1010 1557 ἠθέλησεν,
1038 1485 1241 1552 ἀγαθὸς
1269 1482 1368 1551 ὢν,
1412 1483 1503 1537 διὰ
1543 1482 1752 1535 τούτων
1804 1481 1931 1543 τοὺς

363 1574 593 1648 ὕστερον
641 1577 883 1648 ἁπατᾷν,
928 1575 1023 1640 οὓς
1078 1576 1238 1629 ἐὸούλ
1253 1591 1345 1628 ετο
1376 1574 1513 1646 πρὸς
1541 1574 1643 1642 τὴν
1671 1572 1932 1644 ἀλήθειαν

363 1669 585 1737 ἀνάγειν
611 1684 625 1700 ·
684 1669 795 1741 χρὴ
836 1668 1019 1723 τοίνυν
1057 1666 1199 1723 οὕτω
1252 1666 1323 1720 τὰ
1359 1665 1583 1720 ἐκείνων
1616 1662 1932 1733 ἐξηγεῖσθαι

365 1757 691 1828 πειρᾶσθαι,
728 1758 803 1821 ὡς
835 1759 902 1813 ἂν
932 1758 1069 1828 πρός
1106 1774 1165 1810 τε
1201 1756 1429 1820 ἑαυτοὺς
1459 1754 1554 1808 καὶ
1587 1754 1837 1826 ἀλλήλοις
1883 1753 1932 1808 οἱ

2023 562 2273 617 nonnulli
2299 560 2576 631 accipiunt
2599 559 2895 614 dictionem
2930 558 3244 614 contrarius
3271 556 3376 612 sibi
3406 554 3601 611 doctor
3704 608 3705 611 η
3742 586 3747 591 ο

1984 690 1985 693 η
2026 664 2195 718 esset,
2226 654 2321 710 sed
2348 662 2405 708 et
2434 652 2754 708 doctoribus
2774 651 2868 721 qui
2895 660 3021 705 ante
3048 650 3228 720 ipsum
3251 649 3597 706 exstiterunt.

2024 744 2252 801 Ilienim
2269 745 2491 815 quidem
2512 759 2580 799 ex
2595 743 2735 797 Filio
2764 757 2884 798 esse
2914 743 3090 803 aiunt.
3118 750 3174 797 et
3202 755 3270 797 ex
3291 741 3599 798 substantia

2024 838 2165 908 ejus,
2181 846 2234 893 et
2248 853 2314 893 ex
2332 838 2452 906 ipso
2473 836 2795 907 procedere;
2822 836 2914 891 ille
2930 851 3061 892 vero
3085 850 3196 890 non
3214 849 3336 890 esse
3350 849 3414 889 ex
3432 830 3598 895 Filio.

2027 942 2206 998 neque
2232 942 2301 984 ex
2331 926 2636 984 substantia
2660 927 2801 997 ejus,
2833 925 3114 995 nequeab
3132 924 3251 994 ipso
3277 924 3597 995 procedere.
3625 914 3628 918 “

2026 1018 2153 1074 Hazc
2173 1028 2351 1074 autem
2379 1018 2497 1075 sine
2524 1017 2900 1074 controversia
2928 1029 3057 1073 sunt
3103 1017 3491 1073 contradictio.
3518 1015 3598 1070 Ex

2027 1109 2229 1179 quibus
2246 1108 2517 1178 sequitur,
2539 1108 2624 1163 vel
2654 1107 2935 1162 fatendum
2965 1108 3112 1161 hunc
3158 1107 3333 1162 solum
3357 1121 3480 1163 esse
3508 1107 3606 1161 do-

2029 1207 2235 1254 ctorem
2254 1198 2529 1265 Ecclesiae,
2544 1207 2601 1254 et
2614 1198 2776 1253 simul
2789 1208 3037 1253 sanctum
3062 1179 3396 1261 habendum,
3418 1197 3605 1267 negle-

2028 1289 2132 1345 ctis
2152 1291 2294 1353 aliis,
2312 1304 2510 1345 vereor
2524 1286 2669 1344 enim
2695 1290 2912 1359 rejectis
2928 1290 3108 1344 dicere
3132 1308 3145 1353 ;
3166 1289 3251 1344 vel
3266 1288 3604 1343 multitudini

2030 1391 2084 1435 et
2113 1381 2426 1451 antiquitati
2465 1381 2679 1435 morum
2700 1382 3011 1451 praestando
3034 1382 3419 1443 reverentiam,
3450 1381 3602 1434 hunc
3664 1390 3665 1393 ‘

2032 1488 2133 1529 nou
2154 1486 2278 1529 esse
2293 1473 2686 1544 recipiendum.
2705 1474 2811 1529 Sed
2828 1476 2931 1529 hoc
2945 1474 3244 1530 absurdum
3264 1472 3605 1543 est.‘0portet
3662 1534 3665 1535 ν

2031 1565 2177 1621 enim
2199 1578 2390 1620 omnes
2416 1576 2734 1621 reverenter
2766 1567 3036 1635 recipere,
3075 1580 3139 1619 ac
3168 1564 3443 1629 venerari,
3479 1572 3604 1618 tan-

2034 1670 2199 1726 quam
2222 1657 2423 1725 eosqui
2459 1672 2489 1710 a
2512 1656 2620 1711 Deo
2650 1673 2746 1725 pro
2780 1657 2954 1711 salute
2987 1666 3170 1712 nostra
3190 1657 3396 1711 fuerint
3432 1656 3607 1726 inspi-

2034 1749 2161 1802 rati.
2185 1747 2287 1815 Qui
2313 1758 2463 1804 certe
2488 1764 2611 1813 cum
2645 1748 2718 1802 sit
2742 1749 2939 1814 bonus,
2963 1764 3061 1821 per
3090 1765 3187 1804 eos
3210 1753 3398 1818 utique
3432 1747 3610 1803 noluit

364 1850 681 1906 διδάσκαλοι
726 1850 1101 1919 συμφωνῶσι·
1134 1847 1232 1903 καὶ
1282 1846 1517 1918 μάλιστα
1543 1847 1639 1900 ἐπὶ
1682 1844 1780 1899 τοῦ
1822 1844 1940 1899 νυνὶ

2042 1840 2380 1912 posteriores
2414 1840 2692 1911 decipere,
2747 1854 2887 1911 quos
2935 1841 3156 1897 volebat
3199 1842 3267 1896 ad
3319 1842 3609 1896 veritatem

366 1946 761 2013 προκειμένου,
790 1940 877 2011 ἐφ’
903 1933 965 1995 οὗ
1005 1940 1141 1996 πολὺ
1186 1939 1248 1993 τὸ
1274 1939 1371 2011 τῆς
1400 1938 1729 2007 φιλονεικίας
1766 1939 1939 2008 προῦ-

365 2034 641 2107 χώρησεν.
675 2036 853 2106 Ὅπερ
908 2034 1011 2087 οὐκ
1054 2031 1121 2086 ἂν
1177 2030 1357 2095 ἄλλως
1414 2028 1808 2101 συμφωνηθείη
1842 2032 1939 2083 καὶ

369 2128 602 2191 σώζοιτο
653 2129 799 2197 μετά
834 2128 1054 2183 πάντων
1082 2132 1176 2184 καὶ
1202 2132 1292 2183 διὰ
1322 2128 1562 2196 πάντων,
1586 2128 1636 2182 εἰ
1660 2126 1737 2199 μὴ
1760 2128 1942 2194 λέγοι·-

371 2234 471 2289 μεν
516 2218 906 2287 ἀσφαλέστατα
940 2219 1037 2288 τὴν
1066 2218 1167 2289 μὶν
1206 2220 1275 2274 ἐκ
1305 2220 1400 2273 ἐπὶ
1434 2220 1530 2274 τοῦ
1568 2217 1700 2273 Υἰοῦ
1726 2218 1804 2287 τῷ
1833 2220 1942 2273 Δα-

371 2310 637 2381 μασκηνῷ
669 2310 744 2383 μὴ
779 2311 1230 2383 παραληφθῆναι,
1268 2310 1357 2364 ἵνα
1389 2310 1467 2382 μὴ
1494 2310 1529 2380 ἢ
1557 2308 1617 2363 ἐν
1647 2310 1944 2382 πρόσωπον

367 2403 625 2473 ὁ-’Πατὴρ
678 2403 773 2457 καί
815 2406 844 2455 6
887 2401 1013 2466 Υἰὸς
1070 2400 1477 2471 ὑποπτευθείη,
1528 2401 1620 2455 διὰ
1666 2399 1770 2471 τὴν
1832 2400 1942 2453 τῶν

369 2493 681 2563 προθέσεων
727 2491 1063 2563 ὁμοιότητα·
1132 2490 1165 2561 ἢ
1228 2490 1305 2561 μὴ
1358 2489 1491 2561 δοκῇ
1535 2487 1705 2559 μηδὲν
1749 2484 1942 2540 ἐαυτοῦ

372 2580 871 2654 προεπινοούμενον
902 2585 931 2636 6
968 2582 1095 2647 Υἰὸς
1127 2582 1293 2653 ἔχειν,
1315 2578 1507 2651 ὥσπερ
1541 2579 1641 2632 καὶ
1668 2580 1697 2633 6
1730 2579 1941 2647 Πατὴρ,

372 2677 464 2730 καὶ
496 2676 669 2730 τᾶλλα
722 2677 826 2730 ὅσα
858 2678 1170 2745 πρόκειται·
1203 2675 1303 2742 τὴν
1343 2672 1403 2726 δὲ
1450 2670 1548 2726 διὰ
1577 2672 1675 2726 καὶ
1707 2670 1944 2738 μάλιστα

372 2768 663 2834 δέξασθαι,
688 2767 773 2823 ὅτι
804 2767 904 2840 τὴν
933 2766 1090 2832 τάξιν
1127 2766 1260 2837 ἡμῖν
1298 2764 1406 2819 τῶν
1437 2762 1747 2830 προσώπων
1799 2760 1937 2831 μετὰ

368 2861 471 2933 τῆς
516 2860 760 2925 Μονάδος
809 2861 1112 2933 παρίστησι
1159 2857 1249 2914 διὰ
1298 2856 1399 2930 τὴν
1436 2856 1641 2925 ἑαυτῆς
1680 2854 1943 2923 ἰδιότητα.

382 2958 532 3011 Ἐπεὶ
586 2955 728 3027 μετὰ
769 2955 870 3025 τῆς
925 2956 1169 3018 Μονάδος
1224 2957 1319 3008 καὶ
1364 2952 1466 3023 τὴν
1494 2953 1605 3006 τῶν
1635 2949 1946 3022 προσώπων

370 3049 642 3119 διάκρισιν
671 3048 957 3118 ὁμολογεῖν
989 3046 1282 3116 ὀφείλομεν
1315 3045 1456 3099 κατὰ
1484 3043 1585 3114 τὴν
1649 3043 1950 3113 ’παραδείεο⁸

2038 1931 2329 1987 adducere.
2371 1931 2614 2002 Oportet“
2649 1934 2817 2004 igitur
2844 1933 2927 1989 sic
2954 1948 3144 1989 eorum
3180 1934 3385 2004 scripta
3421 1933 3611 1989 conari

2037 2039 2335 2094 exponere,
2371 2035 2431 2079 ut
2464 2034 2521 2080 et
2566 2026 2915 2095 sibimetipsi,
2962 2032 3019 2079 et
3054 2025 3198 2081 inter
3235 2040 3295 2080 se
3356 2026 3612 2081 doctores

2040 2116 2395 2177 conveniant;
2440 2115 2742 2185 praesertim
2779 2116 2835 2169 in
2870 2114 3130 2182 praesenti
3165 2114 3449 2186 proposito
3480 2115 3616 2186 dog-

2041 2210 2205 2268 mate,
2235 2204 2288 2256 in
2312 2219 2421 2273 quo
2449 2204 2615 2257 multa
2640 2205 2927 2258 contentio
2958 2202 3144 2258 habita
3168 2212 3272 2258 est.
3302 2202 3456 2269 Quod
3480 2218 3613 2259 sane

2040 2295 2203 2351 aliter
2232 2311 2355 2349 cum
2398 2295 2661 2350 omnibus
2709 2307 2766 2350 et
2807 2312 2905 2365 per
2939 2294 3125 2351 omnia
3153 2295 3470 2351 concordari
3504 2310 3613 2350 non

2043 2396 2252 2459 posset,
2284 2387 2389 2463 nisi
2443 2386 2757 2443 ﬁrmissime
2789 2388 3116 2453 dixerimus,
3168 2387 3612 2459 praepositionem

2044 2496 2108 2533 ex
2156 2494 2188 2534 a
2217 2480 2560 2535 Damasceno
2595 2478 2648 2533 in
2699 2479 2841 2534 Filio
2891 2495 2999 2534 non
3047 2496 3169 2535 esse
3198 2490 3504 2551 acceptam,
3545 2496 3615 2535 ne

2043 2573 2129 2626 vel
2162 2586 2322 2626 unam
2350 2584 2637 2640 personam
2680 2570 2892 2627 Patrem
2927 2581 2982 2626 et
3010 2569 3207 2627 Filium
3236 2587 3354 2627 esse
3391 2580 3616 2641 propter

2044 2662 2464 2721 similitudinem
2490 2663 2937 2735 praepositionum
2984 2664 3183 2733 aliquis
3206 2663 3614 2733 suspicaretur;

2043 2755 2130 2811 rei
2180 2771 2250 2811 ne
2290 2756 2549 2811 videatur
2582 2755 2752 2810 Filius
2785 2764 2845 2809 ut
2878 2755 3061 2818 Pater,
3113 2756 3248 2811 nihil
3282 2754 3388 2811 sibi
3422 2755 3620 2825 prmiu-

2046 2848 2327 2905 telleetum
2349 2848 2577 2913 habere,
2614 2856 2671 2903 et
2701 2863 2769 2902 ne
2801 2854 3168 2918 sequerentur
3195 2846 3299 2901 alia
3325 2862 3444 2915 quae
3469 2846 3619 2903 dicta

2045 2946 2194 2993 sunt.
2220 2936 2678 3005 'Prazpositionem
2711 2943 2894 2991 autem
2921 2951 3016 3005 per
3048 2935 3392 3005 potissimum
3427 2934 3621 2990 Dama-

2047 3044 2271 3085 sccnum
2297 3028 2651 3098 approbasse,
2675 3026 2822 3098 quod
2841 3028 3090 3082 ordinem
3113 3040 3470 3098 personarum
3489 3042 3615 3081 cum

375 3107 546 3211 μονήν
577 3107 719 3209 ἡμῖν’
743 3107 945 3195 πίστιν.
979 3107 1047 3191 Ἀ
1081 3137 1147 3208 δὴ
1175 3107 1270 3191 {cat
1300 3137 1469 3207 ἄμφω
1510 3107 1570 3188 τι
1598 3135 1664 3187 ἐκ
1701 3107 1797 3202 τοῦ
1836 3132 1941 3186 Πα-

2052 3121 2283 3175 monade
2306 3118 2467 3174 nobis
2496 3116 2769 3189 exprimat
2791 3117 2863 3172 ob
2889 3117 3008 3189 ejus
3035 3117 3449 3187 proprietatem.
3469 3107 3621 3183 Quo-

372 3233 499 3303 τρὺς
517 3231 585 3285 δι’
609 3230 738 3285 Υἰοῦ
771 3230 1031 3300 λέγεσθαι
1068 3231 1129 3283 τὸ
1163 3230 1320 3299 ἅγιον
1345 3226 1747 3297 ἐκπορεύεσθαι
1778 3225 1948 3279 Πνεῦ-

376 3343 453 3396 μα
479 3324 793 3396 ἐμφανίζει·
828 3323 889 3377 τὸ
922 3322 967 3377 δ’
994 3322 1060 3376 ἐκ
1086 3320 1181 3375 τοῦ
1200 3320 1331 3376 Υίοῦ
1358 3317 1612 3387 λέγεσθαι
1641 3318 1702 3372 οὐ
1731 3317 1904 3387 δήπου
1927 3334 1943 3346 ·

381 3417 621 3486 Ἤρεσεν
672 3412 767 3470 οὖν
822 3414 973 3485 αὑτῷ
1009 3411 1213 3484 μᾶλλον
1247 3412 1348 3483 τὴν
1391 3409 1532 3482 μετὰ
1580 3410 1678 3479 τῆς
1702 3408 1947 3471 Μονὰδος

376 3509 472 3561 καὶ
546 3506 647 3578 τὴν
703 3507 979 3577 διάκρισιν
1039 3503 1415 3574 ἐμφαίνουσαν
1461 3500 1561 3555 διὰ
1604 3501 1946 3573 παραλαῦεἶν

375 3598 631 3669 πρόθεσιν
658 3598 690 3670 ἢ
727 3598 825 3669 τὴν
848 3598 917 3671 ἐκ
942 3596 1127 3652 αἰτίαν
1153 3596 1315 3666 μόνον
1342 3597 1437 3649 καὶ
1458 3595 1520 3647 οὐ
1545 3594 1819 3662 διάκρισιν
1853 3595 1949 3663 δη-

373 3691 594 3747 λοῦσαν.
628 3691 794 3744 Ὅστε
841 3690 1101 3760 τοιαύτην
1156 3687 1341 3759 πηγὴν
1380 3689 1409 3740 ὁ
1445 3685 1808 3756 Δαμασκηνὸς
1852 3684 1949 3737 ἐπὶ

372 3782 468 3836 τοῦ
502 3781 633 3836 Υἰοῦ
685 3782 1034 3853 ἁπαρνεῖται,
1095 3778 1215 3834 οἵαν
1255 3782 1283 3833 6
1330 3778 1503 3847 μέγας
1536 3775 1810 3838 Διονύσιος
1854 3776 1949 3829 ἐπὶ

373 3876 469 3930 τοῦ
504 3875 718 3945 [lat-p6;
773 3874 956 3945 τίθησι
1024 3870 1192 3944 μόνην
1240 3872 1425 3942 πηγὴν
1466 3869 1570 3939 ’τῆς
1618 3867 1944 3937 ὐπερουσίου

375 3972 625 4045 θεότητος
662 3971 827 4027 αὑτὸν
857 3970 1053 4025 εἰπών.
1108 3968 1364 4023 Τοιοῦτον
1403 3968 1460 4021 δὲ
1491 3966 1663 4021 αἴτιον
1694 3966 1787 4019 τοῦ
1816 3960 1946 4017 Υίοῦ

374 4069 710 4138 ἀφαιρεῖται,
752 4066 933 4120 ὁποῖον
967 4064 997 4117 6
1044 4061 1403 4131 Αύγουστῖνος
1432 4058 1525 4111 τὸν
1555 4054 1774 4126 Πατέρα
1816 4054 1944 4124 ἔφη,

325 4202 328 4206 .
374 4155 599 4227 ἀρχικὸν
650 4155 826 4208 αἴτιον
871 4150 1038 4205 αὐτὸν
1076 4146 1392 4220 προσειπών
1416 4161 1431 4178 ο
1464 4146 1548 4199 ὄτι
1578 4144 1677 4216 μὲν
1711 4142 1820 4215 γὰρ
1853 4143 1947 4197 καὶ

374 4252 402 4315 6
432 4249 557 4313 Υἰὸς
596 4246 749 4319 πηγὴ
798 4244 894 4299 τοῦ
940 4242 1098 4312 ἁγίου
1130 4240 1448 4311 Πνεύματος
1476 4237 1720 4305 λέγεται,
1745 4234 1944 4289 πολλα-

374 4338 532 4410 χόθεν
566 4338 715 4408 παρὰ
764 4334 873 4388 τῶν
920 4332 1258 4387 διδασκάλων
1288 4329 1506 4399 ἔχομεν’
1541 4326 1657 4382 ἀλλ’
1691 4326 1816 4379 ἐπεὶ
1848 4322 1943 4378 τοῦ

386 4427 519 4482 Υἰοῦ
554 4429 583 4481 6
625 4426 814 4495 Πατὴρ
850 4423 1282 4493 προεπινοεῖται,
1304 4416 1399 4471 τοῦ
1430 4415 1730 4486 δι’Πατρδς
1766 4414 1942 4480 οὐδὲν,

2051 3210 2198 3265 uiam
2234 3223 2358 3263 cum
2404 3205 2638 3261 monade
2670 3218 3030 3276 personarum
3062 3212 3281 3274 quoque
3307 3202 3620 3259 distinctio-

2047 3315 2173 3356 nem
2225 3298 2478 3354 conﬁteri
2525 3297 2814 3361 debemus,
2843 3298 3145 3352 secundum
3179 3297 3429 3351 traditam
3458 3296 3624 3351 nobis

2048 3394 2236 3450 ﬁdem.
2264 3391 2404 3459 'Qute
2432 3405 2563 3446 sane
2602 3390 2764 3447 ambo
2793 3388 2925 3444 illud
2960 3388 3186 3452 indicat,
3217 3388 3324 3442 dici
3352 3387 3618 3458 Spiritum

2047 3493 2294 3542 sanctum
2328 3501 2395 3540 ex
2448 3484 2605 3539 Patre
2638 3496 2743 3551 per
2770 3480 2969 3536 Filium
3002 3483 3329 3550 procedere;
3384 3494 3450 3533 ex
3482 3479 3622 3534 Filio
3695 3476 3702 3482 ’

2047 3586 2231 3632 autem
2256 3575 2385 3639 dici,
2422 3588 2623 3643 nempe
2653 3572 2902 3627 minime.
2942 3571 3156 3627 Placuit
3185 3572 3350 3641 igitur
3378 3572 3479 3640 ipsi
3500 3586 3621 3625 ma-

2047 3668 2131 3738 gis
2160 3664 2604 3737 praepositionem
2640 3679 2731 3728 per
2778 3677 3017 3735 sumere.
3057 3676 3178 3730 qua:
3229 3677 3353 3715 cum
3384 3661 3625 3716 monade

2046 3758 2455 3815 distinctionem
2487 3754 2716 3817 indicat,
2749 3768 2914 3822 quam
2962 3769 3047 3816 ex,
3081 3767 3204 3822 quae
3251 3759 3461 3807 tantum
3489 3766 3620 3805 cau-

2047 3865 2186 3919 sam,
2222 3857 2279 3904 et
2316 3862 2425 3903 non
2463 3845 2877 3901 distinctionem
2909 3843 3204 3915 signiﬁcat.
3243 3843 3621 3912 ltaquetalem

2046 3946 2254 3999 fontem
2289 3941 2658 4008 Damascenjus
2688 3939 2743 3993 in
2760 3936 2905 3992 Filio
2926 3944 3110 4007 negat,
3145 3936 3360 4004 qualem
3388 3949 3620 4004 magnus

2049 4034 2341 4107 Dionysius
2366 4035 2418 4087 in
2458 4030 2618 4087 Patre
2652 4029 2959 4094 constituit,
2989 4028 3167 4083 solum
3195 4028 3400 4083 fontem
3426 4043 3618 4097 super.

2047 4125 2426 4183 substantialis
2455 4123 2688 4180 Deitatis
2730 4122 2909 4191 ipsum
2941 4119 3259 4191 appellans:
3292 4120 3453 4174 talem
3489 4118 3631 4174 cau-'

2048 4234 2164 4275 sam
2200 4218 2341 4275 Filio
2387 4216 2599 4282 adimit,
2648 4215 2864 4286 qualem
2900 4211 3238 4284 Augustinus
3267 4212 3483 4269 Patrem
3534 4225 3624 4265 as-

2047 4312 2203 4378 serit,
2256 4309 2617 4381 principalem
2668 4322 2891 4365 causam
2943 4307 3122 4377 ipsum
3180 4318 3400 4360 vocans.
3463 4301 3622 4369 Quod

2046 4403 2195 4459 enim
2243 4403 2406 4457 etiam
2468 4399 2641 4455 Filius
2693 4398 2816 4453 fons
2872 4395 3092 4451 dicatur
3130 4394 3371 4462 Spiritus
3419 4392 3623 4459 sancti,

379 4521 541 4584 αὐτός
571 4537 631 4573 τε
674 4520 732 4585 ἐξ
766 4484 996 4571 ’ἐκείνου
1034 4507 1446 4582 λέγεταιείναι,
1476 4511 1571 4562 καὶ
1609 4484 1744 4578 πρὸς
1778 4508 1941 4560 αὑτὸν

2049 4497 2240 4553 multis
2274 4510 2340 4549 ex
2374 4494 2510 4549 locis
2558 4493 2845 4547 doctorum
2888 4488 3172 4543 habemus.
3217 4484 3322 4540 Sed
3356 4485 3619 4553 quoniam

377 4613 729 4682 ἀναφέρεται,
762 4611 859 4663 καί
884 4609 991 4661 πᾶν
1022 4606 1083 4660 τὸ
1124 4603 1256 4677 παρ’
1278 4602 1448 4657 αὑτοῦ
1481 4601 1773 4669 λεγόμενον
1804 4596 1945 4652 εἰναι

381 4706 517 4776 πρὸς
572 4706 675 4776 τὴν
725 4702 949 4773 πρώτην
1004 4699 1185 4752 αἰτίαν
1213 4695 1313 4767 τὴν
1347 4696 1628 4763 ἀναφορὰν
1662 4692 1776 4761 ἔχει
1804 4694 1947 4745 κατὰ

378 4798 467 4854 τὸν
497 4798 671 4867 μέγαν
696 4795 972 4848 Βασίλειον
998 4792 1055 4843 ἐν
1083 4791 1195 4851 τοῖς
1246 4787 1698 4858 Ἀντιρρητικοίςσ
1735 4781 1856 4835 καθ’
1882 4782 1949 4853 ,ὃν

378 4891 578 4962 τρόπον
624 4889 721 4943 καὶ
770 4888 918 4956 ῥίζα,
958 4885 1053 4937 καὶ
1106 4882 1299 4951 πηγὴ,
1351 4881 1445 4932 καὶ
1504 4878 1664 4947 μόνος
1712 4874 1883 4936 αἴτιος
1921 4873 1950 4924 6

384 4960 569 5053 Πατὴρ
595 4980 801 5035 δύναιτ’
832 4979 899 5033 ἂν
928 4976 1183 5047 ῥηθῆναι,
1218 4973 1306 5026 ἵνα
1340 4971 1401 5024 τδ
1436 4969 1495 5034 ιε
1520 4960 1583 5022 οὗ
1614 4966 1825 5037 δειχθῇ,
1857 4964 1951 5017 και

386 5079 461 5147 μὴ
490 5077 640 5145 τρεῖς
688 5073 721 5144 ἦ
769 5071 861 5125 δύο
912 5069 1083 5139 ἁρχαὶ
1128 5064 1405 5127 πολυθέως
1435 5058 1838 5132 παραδεχθῶσι·
1871 5056 1952 5109 6.6

383 5171 477 5222 καὶ
513 5168 754 5236 εἴρηται,
781 5183 800 5217 ι
832 5161 918 5217 Ζῶ
945 5160 1053 5227 ἐγὼ
1084 5160 1171 5214 διὰ
1194 5158 1285 5213 τὸν
1315 5154 1551 5225 Πατέρα,
1576 5172 1594 5205 ι
1625 5154 1741 5216 καὶ,
1770 5170 1787 5201 ι
1816 5148 1951 5218 Περὶ

383 5262 480 5331 τῆς
541 5259 688 5330 ὧρας
734 5258 950 5325 ἐκείνης
1006 5252 1180 5316 οὐδεὶς
1234 5244 1405 5311 οἶδεν,
1461 5246 1583 5301 οὐδὲ
1633 5247 1661 5298 6
1714 5243 1870 5303 Υἱὸς,
1923 5256 1943 5289 ι

385 5356 499 5421 καὶ,
522 5371 543 5405 ι
566 5352 686 5406 Ἀπ’
703 5348 938 5420 ἐμαυτοῦ
967 5346 1103 5399 ποιῶ
1120 5343 1297 5407 οὐδὲν,
1318 5361 1337 5407 r
1360 5339 1478 5406 καὶ,
1501 5358 1519 5391 ι
1546 5337 1742 5399 Καθὼς
1767 5333 1950 5389 ἀκούω

383 5449 575 5519 κρίνω,
624 5465 642 5495 ι
668 5446 785 5507 καὶ,
810 5461 829 5493 ι
862 5441 931 5494 'll
962 5438 1071 5509 ἐμὴ
1097 5434 1285 5505 διδαχὴ
1304 5433 1404 5488 οὐκ
1435 5431 1582 5484 ἔστιν
1615 5428 1744 5499 ἐμὴ,
1779 5445 1797 5478 ι
1827 5425 1946 5519 καὶ,

389 5516 505 5593 «⁷⁸0
530 5539 719 5606 Πατήρ
750 5552 850 5606 μου
880 5532 1080 5603 μείζων
1110 5527 1210 5598 μού
1238 5529 1385 5580 ἐστιν
1404 5540 1420 5556 ⁶
1450 5542 1470 5575 ι
1493 5524 1585 5576 καί
1620 5521 1674 5574 εί
1694 5537 1745 5574 τι
1769 5516 1945 5572 τοιοῦο

382 5649 472 5686 τον
498 5632 714 5700 εἴρηται
739 5626 887 5697 αὐτῷ
913 5626 1050 5695 πρὸς
1078 5623 1169 5675 τὸν
1200 5619 1417 5687 Πατέρα
1460 5617 1637 5672 πάντα
1665 5613 1948 5679 ἀνάγοντι.

386 5723 549 5777 Ὅθεν
582 5722 679 5776 καὶ
722 5723 751 5775 6
801 5720 975 5789 μέγας
1012 5716 1148 5787 φησί
1199 5711 1502 5775 Βασίλειος,
1540 5726 1557 5759 ι
1610 5705 1674 5758 'll
1723 5702 1823 5758 διὰ
1850 5701 1957 5754 οὐκ

386 5813 573 5869 ἄτονον
622 5811 716 5866 τοῦ
766 5808 897 5863 Υξοῦ
944 5808 1239 5878 παρίστησι
1285 5800 1384 5870 τὴν
1434 5799 1752 5867 ἐνέργειαν,
1815 5790 1954 5845 ἀλλὰ

2050 4590 2186 4645 Filio
2213 4588 2371 4643 Pater
2401 4580 2866 4656 prasinte’lligitur,
2896 4578 3041 4635 Patri
3070 4586 3251 4631 autem
3284 4576 3445 4639 nihil,
3478 4574 3627 4644 ipsi--

2048 4698 2157 4754 que
2185 4682 2357 4737 Filius
2388 4680 2457 4733 ab
2487 4693 2555 4733 eo
2592 4676 2797 4732 dicitur
2822 4688 2978 4739 esse;
3008 4682 3063 4726 ct
3099 4670 3164 4725 ad
3201 4685 3325 4723 eum
3363 4667 3622 4732 refertur,

2047 4784 2104 4831 et
2133 4789 2297 4830 omne
2327 4772 2472 4843 quod
2509 4770 2577 4825 ab
2610 4770 2729 4838 ipso
2763 4764 2951 4837 (Filio)
2987 4764 3190 4819 dicitur
3224 4776 3368 4826 esse,
3408 4761 3474 4814 ad
3511 4760 3627 4830 pri-
3682 4774 3690 4786 ’

2048 4884 2189 4923 mam
2219 4880 2438 4921 causam
2472 4862 2789 4919 relationem
2821 4858 2984 4913 habet
3008 4855 3310 4911 secundum
3363 4867 3629 4925 magnum

2050 4960 2313 5016 Basilium
2356 4957 2411 5011 in
2461 4954 2621 5010 libris
2652 4951 3073 5013 confutatoriis;
3118 4950 3270 5018 juxta
3303 4963 3466 5016 quem
3498 4948 3631 5000 mo-'

2048 5053 2176 5105 dum
2212 5048 2379 5105 etiam
2438 5044 2617 5109 radis,
2673 5051 2730 5098 et
2784 5041 2928 5105 fons,
2971 5048 3025 5093 ct
3081 5038 3228 5091 solus
3265 5050 3425 5092 causa
3462 5036 3629 5090 Pater

2049 5142 2159 5197 dici
2201 5147 2407 5211 posset,
2459 5148 2519 5193 ut
2560 5133 2695 5190 illud
2744 5148 2809 5187 ex
2846 5144 2956 5201 quo
3004 5128 3345 5191 ostendatur,
3402 5135 3456 5182 et
3509 5142 3625 5181 non

2052 5239 2177 5302 tria,
2230 5233 2315 5288 \‘cl
2367 5232 2477 5286 duo
2510 5226 2792 5300 principia
2838 5224 3011 5279 instar
3060 5221 3356 5275 multorum
3392 5220 3630 5274 deorum

2049 5330 2451 5390 admittantur;
2483 5322 2693 5376 idcirco
2725 5317 2888 5372 etiam
2918 5314 3123 5369 dictum
3163 5323 3267 5375 est,
3308 5333 3324 5363 ι
3355 5312 3492 5366 Vivo
3520 5328 3627 5382 ego

2050 5429 2273 5493 propter
2294 5418 2535 5479 Patrem,
2567 5432 2585 5465 ι
2613 5423 2702 5467 et:
2744 5429 2762 5463 ι
2792 5409 2869 5465 De
2893 5408 2982 5462 illa
3018 5410 3148 5459 hora
3176 5420 3339 5459 nemo
3372 5404 3500 5463 scit.
3525 5420 3622 5458 ne-

2049 5529 2153 5584 que
2177 5512 2367 5571 Filius.
2398 5527 2415 5560 ι
2447 5514 2537 5561 et:
2565 5525 2583 5559 ι
2611 5504 2655 5559 A
2678 5518 2761 5557 me
2785 5502 2902 5572 ipso
2919 5498 3057 5553 nihil
3082 5496 3275 5559 facio,»
3299 5504 3353 5550 et
3380 5513 3393 5550 :
3426 5515 3441 5545 ι
3470 5495 3627 5550 Sirttt

2051 5594 2233 5666 audio,
2261 5594 2471 5671 judico,
2506 5615 2523 5646 ι
2562 5606 2648 5650 et:
2689 5612 2705 5643 ι
2734 5593 2852 5646 Mea
2889 5588 3141 5643 doctrina
3175 5603 3281 5640 non
3306 5596 3388 5639 est
3421 5600 3569 5642 mea.
3595 5602 3619 5635 ι

2049 5705 2139 5750 et:
2194 5713 2210 5745 ι
2244 5692 2406 5746 Pater
2438 5702 2591 5743 meus
2624 5684 2796 5755 major
2826 5697 2911 5737 me
2942 5688 3065 5759 est';
3096 5697 3114 5731 ι
3152 5687 3205 5732 ct
3234 5678 3275 5730 si
3311 5677 3439 5746 quid
3472 5677 3623 5746 ejus-

2051 5784 2199 5840 modi
2230 5783 2296 5838 ab
2320 5796 2389 5838 eo
2419 5780 2627 5834 dictum
2650 5784 2759 5844 est,
2782 5773 2847 5830 ad
2874 5773 3087 5828 Patrem
3116 5767 3300 5823 omnia
3324 5766 3618 5835 referente,
