4100 6296
374 387 485 450 959
1636 385 1993 446 DEMETRIL

2055 381 2370 446 CYDONII
3515 379 3636 446 963

1230 575 3598 607 W

1399 740 1988 830 DEMETRII
2079 737 2590 831 CYDONII

1718 942 1808 999 AD
1838 937 2271 996 BARLAAMUM

967 1105 1360 1168 EPISTOIA
1456 1103 1556 1164 DE
1647 1102 2213 1164 PROCESSIONE'
2287 1095 2642 1164 SPIRITUS
2723 1097 3013 1162 SANCTI

1086 1251 1233 1312 (Vide
1258 1250 1391 1300 inter
1418 1246 1614 1299 mutuas
1641 1246 1877 1298 Barlaami
1906 1252 1957 1296 et
1972 1246 2238 1299 tDemetrii
2261 1245 2500 1310 epistolas
2521 1245 2904 1311 inzBarlaamo.)

377 1442 1196 1477 και-...πω

974 1435 3626 1470 mm

1699 1607 2274 1699 MONITUM

449 1812 526 1872 IN
571 1808 1042 1871 OllA'l'lONEM
1091 1802 1482 1868 DEMETRH
1521 1799 1846 1862 CYDONll
2038 1770 3108 1864 ADMITTENDO‘LA'l‘INORUM
3153 1802 3542 1866 SUBSIDIO.

1531 1952 1806 2017 (Consus.
1836 1954 2034 2002 Auctor.
2065 1963 2199 2009 nam,
2235 1953 2354 1999 tom.
2389 1947 2477 2010 ll.)

440 2231 514 2284 De
540 2228 822 2284 Demetrio
854 2227 1105 2300 Cydonio
1130 2227 1184 2284 in
1219 2227 1338 2284 hac
1369 2229 1540 2284 verba
1573 2228 1906 2284 Possevinus
1936 2243 2002 2284 ex
2029 2230 2393 2286 Volateranno
2441 2248 2455 2285 :
2491 2231 2790 2288 Demetrius
2817 2231 3087 2307 Cydonia:
3121 2230 3628 2300 Thessalonicensis,

361 2329 440 2383 vir
473 2330 653 2381 doctas
675 2342 821 2397 teque
853 2342 918 2380 ac
940 2335 1178 2389 sanctus,
1214 2322 1399 2381 Greca
1464 2324 1767 2396 Latinoque
1793 2326 2043 2396 [acrmdia
2088 2328 2362 2394 prwditus,
2410 2344 2474 2381 ea:
2511 2327 2686 2396 patria
2729 2329 2998 2391 decedens,
3059 2327 3413 2382 Mediolanum
3461 2332 3627 2398 venit,

364 2424 453 2478 ubi
503 2425 693 2478 litteris
725 2423 935 2478 Latinis
977 2437 1040 2478 ac
1075 2421 1351 2492 theologia:
1405 2439 1622 2492 cperam
1671 2423 1834 2477 dedit.
1887 2421 1946 2477 S.
1980 2423 2189 2478 Thema
2226 2425 2506 2495 Aquinatis
2542 2422 2699 2479 ﬁbras
2728 2425 2783 2478 in
2831 2423 3076 2479 Graecum
3113 2442 3411 2494 sermonem
3445 2429 3627 2493 vertit,

362 2538 480 2584 qua:
525 2522 692 2576 rersio
738 2521 991 2590 hodieque
1038 2521 1093 2574 in
1143 2519 1268 2576 bibl.
1314 2518 1585 2574 Vaticana
1619 2520 1874 2573 cernitur.
1926 2518 2145 2588 Scripsit
2193 2532 2243 2576 et
2289 2533 2476 2578 contra
2525 2523 2839 2576 Ettnomium
2882 2523 2952 2576 de
2994 2521 3288 2577 Divinitate
3328 2521 3482 2584 Filii,
3513 2532 3630 2578 etc.

363 2619 552 2673 Esstat
580 2619 712 2690 ejus.
735 2617 912 2694 oratio
942 2617 1168 2672 Basilea:
1197 2618 1365 2682 edita,
1419 2616 1489 2671 de
1549 2615 1661 2670 vita
1693 2626 1760 2691 et
1797 2624 1995 2672 morte.
2033 2615 2244 2672 Habent
2287 2620 2446 2686 plura
2475 2620 2594 2690 ejus
2632 2619 3091 2675 bibliothecarum
3143 2619 3373 2680 indices.
3432 2620 3510 2673 Ex
3557 2619 3634 2674 iis

364 2730 469 2769 una
493 2714 610 2770 [nec
645 2714 780 2769 mihi
812 2715 990 2781 oratio
1036 2713 1310 2784 pmcipua
1339 2713 1457 2768 visa
1488 2722 1592 2778 est,
1650 2729 1714 2769 ac
1761 2728 1884 2768 meo
1929 2713 2180 2769 instituto
2218 2726 2527 2785 opportuna
2557 2732 2662 2787 qua
2711 2715 2974 2785 deinceps
3015 2732 3048 2771 a
3086 2715 3336 2771 Manuele
3368 2715 3628 2784 pra'clare

363 2812 622 2867 illustrari
666 2813 946 2869 videretur
982 2812 1211 2868 historia
1241 2809 1450 2866 Graeca.
1485 2812 1598 2866 Nec
1637 2812 1783 2866 enim
1827 2812 2064 2868 Joannes
2096 2815 2416 2884 imperator,
2452 2830 2563 2884 quo
2597 2817 2827 2876 Romam
2861 2815 3106 2885 profecto
3149 2815 3461 2871 Demetrius
3521 2811 3632 2868 ista

359 2906 560 2971 oravit,
599 2906 738 2962 alius
770 2906 1021 2963 videatur
1054 2921 1218 2978 quam
1259 2904 1503 2960 Joannes
1553 2905 1818 2961 Mannetis
1863 2907 2026 2971 ﬁlius,
2073 2923 2235 2978 quem
2279 2917 2335 2962 et
2381 2908 2438 2964 in
2477 2909 2805 2980 Hungariam
2837 2909 3143 2980 proiectum
3189 2909 3394 2965 auxilia
3437 2921 3627 2963 corro-

361 3008 620 3067 gaturum
657 3000 824 3056 habet
857 3000 1092 3056 Franzes
1118 3015 1166 3055 c.
1196 3000 1261 3055 41
1293 3015 1308 3054 :
1339 2999 1434 3054 Die
1467 2997 1536 3053 15
1575 2998 1852 3056 Novembr.
1879 3017 2010 3054 ann.
2035 3000 2199 3067 6952,
2231 3000 2430 3058 Christi
2454 3001 2611 3068 “2-5,
2634 3005 2927 3073 imperator
2948 3003 3182 3058 Joannes
3209 3005 3264 3056 in
3293 3001 3632 3072 "augurium

361 3093 602 3158 transiit,
632 3094 799 3163 fratre
824 3109 918 3146 suo
944 3090 1296 3146 Constantino
1322 3092 1545 3162 despota
1579 3093 1846 3155 instituto,
1901 3099 1953 3146 et
2001 3109 2097 3163 pro
2139 3109 2196 3148 se
2229 3095 2284 3148 in
2329 3094 2455 3150 urbe
2484 3095 2691 3154 relicto.
2723 3094 2895 3164 Quam
2925 3097 3045 3166 ejus
3094 3095 3490 3166 profectionem
3524 3108 3635 3157 nee

364 3184 675 3258 Demetrius
709 3185 855 3240 silet.
890 3181 1023 3240 Orat
1055 3185 1156 3239 iSta
1189 3200 1315 3242 cum
1342 3185 1454 3256 jam
1506 3185 1706 3251 Grzeei,
1736 3185 1996 3241 omnibus
2039 3201 2176 3254 pene
2222 3186 2464 3255 amissis,
2513 3187 2604 3244 vix
2649 3188 2840 3244 urbem
2877 3189 3085 3244 salvam
3126 3189 3415 3249 haberent.
3445 3189 3627 3259 Argu-

363 3289 549 3333 mento
581 3286 762 3332 autem
791 3287 939 3343 sunt,
979 3292 1104 3331 cum
1174 3277 1440 3333 Demetrii
1492 3277 1661 3331 animi
1719 3278 1779 3332 in
1815 3278 2039 3334 Latinos
2079 3280 2479 3350 propensioris,
2519 3289 2634 3336 tum
2670 3264 2978 3350 'i'niquioris
3025 3284 3080 3337 in
3116 3282 3339 3337 eosdem
3383 3281 3627 3353 plurimo

362 3372 703 3435 Graecorum,
731 3385 871 3441 quos
897 3371 933 3423 ii
971 3371 1115 3425 ultro
1145 3385 1341 3426 eorum
1378 3385 1544 3425 causa
1576 3371 1843 3428 adeuntes
1875 3373 2140 3442 pericula,
2171 3373 2244 3428 ita
2269 3389 2412 3445 aegre
2440 3375 2799 3430 admitterent
2831 3392 2848 3430 :
2886 3375 3043 3431 velut
3090 3370 3427 3440 Turcorum,’
3460 3390 3624 3446 quam

364 3467 680 3522 Latinorum
708 3470 900 3538 iugum
943 3468 1123 3523 levitis
1151 3467 1438 3524 haberent.
1479 3469 1684 3524 Praeter
1711 3469 1820 3526 alia
1869 3470 2132 3526 Demetrii
2178 3482 2531 3526 monumenta
2579 3482 2761 3526 exstat
2792 3473 2964 3542 Regio
3013 3473 3206 3528 codice
3258 3471 3630 3540 prolixissima

363 3560 550 3614 Oratio
583 3561 672 3622 Et;
700 3561 789 3614 τὸν
817 3561 1273 3631 Εὖαγγελισμόν·
1300 3576 1405 3633 qua
1431 3560 1546 3618 fere
1571 3564 1763 3617 omnia
1796 3563 2100 3635 spectantia
2148 3565 2216 3618 ad
2267 3564 2506 3619 hominis
2556 3565 2768 3635 lapsum
2810 3581 2876 3619 ac
2924 3565 3326 3635 reparationem
3377 3565 3628 3621 luculen-

364 3653 574 3709 tissima
622 3664 821 3710 tractat
869 3670 935 3710 ac
978 3657 1298 3726 exsequitur
1335 3658 1738 3725 congruentias
1783 3658 2084 3724 adducens,
2140 3658 2334 3728 quales
2389 3657 2506 3714 fere
2557 3659 2618 3712 D.
2681 3659 2922 3714 Thomas
3000 3675 3059 3713 tu
3113 3655 3349 3713 Summa:
3391 3674 3445 3728 p.
3496 3658 3633 3728 Ejus

365 3751 528 3806 titulo
585 3751 658 3808 ita
720 3761 806 3809 est
857 3752 1106 3808 additum
1159 3771 1175 3808 :
1220 3753 1297 3807 Οὐ
1347 3753 1454 3826 μὴν
1495 3753 1586 3808 ἐπ’
1625 3755 1930 3826 ἐκκλησίας
1978 3778 1984 3807 ‹

2007 3755 2522 3826 ιναγινωσκόμενος,
2589 3755 2679 3810 διὰ
2737 3757 2798 3809 τὸ
2861 3759 2928 3827 τῇ
2995 3756 3255 3827 καθολιχῇ
3328 3755 3626 3825 Ἐκκλησίᾳ

363 3851 876 3921 ἀποδοκιμασθῆναι
896 3868 914 3885 ο
946 3849 1118 3906 Haud
1177 3861 1354 3905 tamen
1380 3867 1553 3905 sermo
1578 3852 1675 3907 iste
1705 3850 1903 3923 legitur
1932 3854 1986 3908 in
2019 3853 2236 3908 ecclesia
2276 3854 2416 3924 quod
2442 3853 2756 3921 reprobate:
2785 3853 2946 3922 fuerit
2971 3853 3034 3906 ab
3073 3851 3307 3907 Ecclesia
3339 3851 3621 3907 catholica.

367 3949 493 4019 Legi
523 3965 645 4020 ego,
676 3963 776 4003 nec
810 3948 1016 4020 aliquid
1053 3948 1108 4003 in
1145 3963 1255 4017 quo
1283 3948 1471 4003 minus
1494 3947 1701 4004 Graecis
1729 3965 1791 4004 ac
1817 3950 2019 4005 nostris
2049 3952 2364 4016 conveniat,
2391 3950 2597 4005 oﬂenoli
2625 3967 2639 4004 :
2667 3965 2844 4020 eoque
2883 3950 3138 4005 existimo
3189 3948 3538 4018 reprobatum
3567 3948 3623 4003 in

366 4047 551 4102 odium
583 4045 846 4110 auctoris,
879 4061 1042 4115 quem
1067 4046 1215 4100 velut
1251 4046 1630 4116 Λατινόφρονα
1685 4046 1858 4101 ϐιτθαί
1916 4048 2249 4102 Schismatici
2289 4047 2418 4102 odio
2469 4057 2954 4118 prosequerentur.
2987 4046 3197 4101 ‘Exstat
3245 4059 3376 4099 sane
3421 4044 3623 4098 ibidem

368 4144 486 4214 ejus
526 4142 590 4198 ad
625 4142 1103 4212 archiepiscopum
1145 4141 1699 4197 Themalonicenscm
1734 4143 2084 4199 Theodorum
2137 4144 2362 4200 Glabam
2414 4144 2536 4199 lusa
2589 4146 2720 4198 satis
2764 4144 3017 4212 epistola,
3061 4157 3168 4213 qua
3221 4156 3282 4197 se
3313 4148 3530 4211 purgat,
3559 4154 3625 4194 ac

367 4239 617 4310 queritur
641 4238 708 4292 de
740 4237 978 4292 sinistris
1029 4237 1097 4293 ab
1125 4253 1192 4293 eo
1246 4239 1453 4308 sparsis
1516 4239 1854 4303 rumoribus,
1909 4254 1971 4294 ac
2002 4240 2205 4310 quibus
2258 4241 2573 4296 traduceret
2605 4239 2756 4294 velut
2816 4239 3177 4301 hmreticum;
3226 4248 3626 4308 promptumse

367 4335 554 4390 doceri
586 4334 920 4404 signiﬁcans,
955 4344 1014 4390 ut
1045 4335 1134 4389 ille
1189 4336 1413 4390 meliora
1462 4337 1778 4392 ostenderet
1825 4352 1890 4391 ac
1932 4339 2219 4407 probaret;
2277 4338 2419 4392 haud
2465 4355 2596 4392 vero
2632 4351 2943 4401 cessurum,
2982 4344 3042 4390 ut
3108 4334 3370 4389 nonnulla
3405 4343 3624 4405 patrum

371 4427 579 4500 pepuli,
623 4428 857 4498 huiusve
885 4437 982 4481 aut
1011 4428 1158 4483 illius
1189 4429 1541 4496 auctoritate,
1573 4439 1667 4484 aut
1694 4432 1859 4485 etiam
1891 4432 2292 4500 experimento,
2317 4432 2402 4486 vel
2442 4447 2605 4486 sensu
2650 4431 2835 4501 aliquo
2885 4439 3163 4501 premeret
3196 4446 3209 4482 :
3239 4427 3441 4498 quibus
3467 4427 3627 4497 plane

373 4523 627 4581 Ecclesiae
656 4540 788 4590 sum,
820 4539 982 4594 quam
1016 4525 1312 4579 schismate
1345 4524 1578 4580 divisam
1617 4537 1825 4593 nosset,
1859 4542 1962 4582 nec
2008 4527 2280 4598 dogmatis
2324 4530 2550 4582 omnino
2609 4543 2820 4592 sanam,
2873 4525 3261 4582 auctoritatem
3307 4524 3504 4588 elevat,
3563 4539 3628 4579 ac

370 4634 598 4674 suorum
628 4619 802 4685 carpit
837 4619 1247 4685 credulitatem,
1275 4620 1366 4689 qui
1397 4618 1773 4675 schismaticis
1832 4637 1895 4675 ac
1934 4621 2210 4677 haereticis
2256 4623 2534 4692 magistris
2585 4622 2723 4675 adeo
2758 4621 3022 4685 tribuant,
3070 4627 3125 4674 et
3174 4617 3313 4672 nihil
3365 4628 3625 4689 praeterea

371 4713 643 4781 reliquum
674 4712 838 4765 velint
872 4712 939 4766 ad
981 4716 1268 4766 veritatem
1303 4712 1689 4783 indagandam.
1727 4714 1900 4782 Quam
1934 4731 2065 4786 ergo
2106 4717 2309 4771 Grzecis
2348 4715 2728 4789 lschismaticis
2760 4715 2984 4785 Cydonii
3024 4713 3289 4767 invidiosa
3341 4709 3625 4771 memoria,

371 4818 482 4860 tam
526 4803 730 4858 Latinis
759 4804 1084 4858 orthodoxis
1130 4815 1280 4876 grata
1331 4806 1530 4860 debeat
1578 4823 1701 4861 esse
1751 4823 1814 4861 ac
1865 4824 2050 4875 sacra;
2104 4809 2283 4878 sitque
2338 4810 2507 4878 magis
2561 4824 2591 4862 e
2649 4825 2706 4862 re
2739 4806 3050 4862 Christiana
3087 4805 3208 4875 ejus
3242 4803 3449 4874 publici
3486 4801 3628 4874 juris

371 4909 729 4955 motiumcnta
762 4898 965 4965 facere,
994 4915 1156 4969 quam
1193 4900 1278 4953 vel
1319 4899 1619 4967 Philothei,
1654 4901 1738 4954 vel
1771 4900 2056 4967 Cabasila’,
2099 4913 2195 4957 aut
2240 4903 2467 4956 aliorum
2514 4902 2826 4972 aequalium,
2873 4915 3010 4971 quos
3040 4899 3179 4954 nihil
3206 4896 3452 4968 Cydonio
3484 4911 3628 4966 prm-

369 4996 666 5053 stantiores
695 4995 944 5052 doctrina
976 5007 1072 5053 aut
1101 4998 1308 5070 eloquii
1347 4997 1546 5053 nitore.
1582 4999 1867 5055 erroribus
1895 4999 1949 5054 in
1982 4999 2086 5054 lide
2125 5016 2254 5055 cum
2285 4998 2580 5057 schismate
2608 5000 2839 5057 inlectos
2864 4999 3063 5068 liquet.
