4100 6296
371 372 482 440 969
1292 371 1584 436 ORATIO
1625 369 1778 433 Ριιο
1818 347 2184 430 sunsnno
2232 363 2713 428 Larinatium.
2921 430 2928 439 ,
3539 370 3646 435 om

373 508 486 564 χρη
555 485 927 559 παραϐάλλειν
973 484 1172 561 φθορᾷ·
1233 486 1396 559 ειπερ
1425 487 1528 544 οὐκ
1575 483 1692 542 ῐοον
1749 484 1969 570 πάντων

2085 479 2296 552 quidem
2334 479 2480 536 haud
2505 493 2726 551 aequum
2763 477 3040 547 videatur,
3061 479 3130 537 ab
3158 483 3414 540 omnibus
3446 489 3652 556 pariter

372 577 512 651 ὁμοῦ
537 579 646 634 τῶν
688 577 891 644 ἔξωθεν
938 578 1164 648 ἀγαθῶν
1214 580 1310 636 καὶ
1334 577 1471 634 Θεοῦ
1503 577 1863 650 χωρισθῆναι·
1900 569 1965 632 οὗ

2085 569 2316 630 externis
2357 571 2521 628 bonis
2542 610 2562 637 ,
2592 580 2760 643 alque
2807 587 2837 627 a
2870 573 2981 628 Deo
3011 588 3289 646 segregem
3341 576 3458 634 ﬁeri
3481 623 3499 647 ,
3529 583 3654 639 sine

376 674 546 747 χωρὶς
575 671 730 727 οὐδέν
764 672 914 726 ἐστιν
963 672 1184 727 ιλπίσαι
1214 673 1325 728 τῶν
1363 671 1610 740 ἀγαθῶν.

448 765 515 820 Ei
569 763 753 818 τοίνυν
822 764 887 818 lx
966 765 1188 819 πάντων
1244 767 1547 835 ἀναγκαῖον
1603 762 1847 834 γίνεσθαι
1909 762 1972 816 τδ

376 856 705 930 ἀμύνεσθαι,
766 858 816 912 εί
875 857 978 928 μὲν
1004 858 1099 912 καὶ
1149 859 1314 929 ἡμεῖς
1353 858 1476 912 καθ’
1508 851 1737 923 ἑαυτοὺς
1763 857 1972 930 αὐτάρέ

378 969 494 1015 κεις
518 953 655 1023 πρὸς
686 955 778 1004 τὸν
831 951 1069 1022 πόλεμον
1090 934 1278 1024 ἦμεν,
1307 952 1452 1007 τοῦτ’
1501 952 1570 1008 ἀν
1621 946 1692 1025 ἦν
1746 951 1972 1022 ἀριστον

378 1046 640 1116 καὶπρὸς
672 1044 854 1112 δόξαν,
903 1046 1001 1099 καὶ
1069 1046 1211 1117 πρὸς
1264 1047 1328 1101 τὸ
1383 1047 1461 1118 μὴ
1519 1045 1812 1119 πόρρωθεν
1870 1045 1974 1114 τὴν

381 1133 702 1204 συμμαχίαν
767 1134 1124 1204 ἀθροίζοντας
1178 1137 1412 1208 πρᾶγμα
1477 1135 1652 1207 ἔχειν’,
1699 1136 1820 1190 ἐπεὶ
1867 1136 1972 1208 δ⁹ἠ

380 1224 705 1296 καθημέραν
726 1225 999 1297 ῥᾳστώνη,
1059 1228 1156 1282 καὶ
1175 1229 1236 1281 τὸ
1251 1228 1352 1292 τάς
1375 1229 1656 1298 παρούσας
1676 1228 1843 1301 τύχας
1871 1245 1978 1300 μγ,-

379 1315 574 1370 δέποτε
613 1318 1012 1390 προσδοκῆσαι,
1053 1320 1136 1382 εἰς
1171 1318 1363 1375 τοῦτον
1391 1322 1535 1374 κατά
1568 1323 1773 1392 μικρὸν
1802 1323 1980 1396 προή-

383 1423 562 1478 γαγον
610 1411 765 1482 ἡμᾶς
814 1410 908 1464 τὸν
940 1413 1190 1483 κρημνόν
1232 1427 1248 1444 °
1278 1415 1496 1478 πάντως
1540 1415 1662 1469 οὐδὲ
1719 1415 1804 1470 διὰ
1863 1416 1978 1470 τῶν

387 1501 638 1571 μάντεων
684 1504 882 1575 ἑτέραν
915 1506 1022 1576 χρὴ
1048 1505 1424 1577 προσδοκῆσαι
1454 1509 1663 1580 φωνὴν,
1697 1508 1730 1578 ἢ
1760 1506 1836 1572 ὥς
1859 1509 1979 1562 ἑτέ-

387 1611 513 1667 ρους
543 1596 610 1668 δὴ
640 1596 849 1664 καλεῖν,
880 1597 1010 1663 τοὺς
1056 1598 1157 1671 τὴν
1187 1599 1334 1670 ὑπὲρ
1362 1603 1394 1671 ἡ
1405 1603 1522 1671 μῶν
1571 1603 1979 1674 ἀπαιτήσοντας

383 1686 562 1760 δίκηνο
595 1691 719 1745 ἐπεὶ
747 1690 954 1762 ταύτην
983 1694 1132 1762 ἡμᾶς
1153 1694 1251 1764 τὴν
1295 1692 1550 1766 δύναμιν,
1615 1697 1648 1767 ἠ
1677 1696 1788 1750 τῶν
1828 1695 1982 1767 ,βαρο

386 1777 571 1850 ὀάρων
620 1782 830 1838 τούτων
873 1785 1126 1849 ἐπίθεσις
1160 1787 1258 1840 καὶ
1315 1786 1602 1854 πλεονεξία
1665 1789 1978 1862 παρείλετο.

387 1864 700 1945 Σκέψασθαι
730 1877 816 1948 δὴ,
842 1875 1005 1931 τίνων
1029 1876 1112 1930 δεῖ
1134 1881 1249 1944 τοῖς
1288 1882 1424 1952 ἡμῖν
1455 1881 1820 1936 συνδιοίσουσι
1884 1883 1978 1938 τὸν

387 1967 627 2038 πόλεμον
647 1967 858 2033 τοῦτον,
884 1969 953 2023 ἶν’
979 1968 1249 2038 ἐντεῦθεν,
1279 1973 1434 2036 τίνας
1459 1973 1679 2029 ἑλέσθαι
1712 1975 1815 2040 δεῖ,
1840 1973 1978 2043 γνὼ-

391 2073 553 2128 ριμον
581 2059 719 2128 ἡμῖν
744 2063 1018 2134 καταστῇ.

457 2149 670 2206 Ούκοῦν
719 2151 961 2225 ἀνάγκη,
1019 2154 1240 2228 πρῶτον
1281 2156 1386 2229 μὲν
1411 2155 1513 2228 τῆς
1545 2160 1677 2230 περὶ
1716 2162 1779 2214 τὸ
1809 2160 1971 2218 Θεῖον

384 2242 547 2314 δόξης
594 2245 728 2315 ⁴ἡμῖν
775 2247 1083 2303 κοινωνεῖν.
1122 2246 1435 2320 ’Δμήχανον
1485 2251 1593 2322 γὰρ
1652 2252 1784 2318 τοὺς
1846 2257 1978 2328 περὶ

386 2335 549 2390 τοῦτο
571 2339 691 2401 ταῖς
715 2337 966 2409 γνώμαις
993 2339 1382 2413 διῃρημένους,
1411 2338 1448 2394 ἃ.
1489 2341 1600 2397 τῶν
1636 2342 1809 2414 φίλων
1835 2347 1974 2411 ἐστὶ,

387 2425 545 2482 ταῦτ’
574 2427 794 2483 ἐλπίσαι
846 2430 981 2484 ποτε
1009 2433 1146 2504 παρ’
1171 2418 1444 2505 ἀλλήλων.
1481 2436 1718 2491 Ἔπειτα
1761 2439 1856 2492 καὶ
1886 2438 1982 2492 ἀλ-

387 2516 497 2584 λως
535 2522 668 2593 ἡμῖν
699 2522 938 2588 οἰκείους
969 2524 1068 2580 καὶ
1100 2527 1357 2598 συνήθεις
1407 2529 1713 2602 ὑπάρχεινο
1746 2530 1893 2602 λέγω
1922 2534 1980 2588 δὲ

387 2615 576 2675 κοινάς
606 2614 730 2670 ποθ’
757 2618 890 2688 ἡμῖν
921 2619 1198 2685 κάκείνοις
1260 2623 1519 2689 γενέσθαι
1556 2626 1847 2694 στρατείας
1883 2629 1977 2680 καὶ

386 2706 710 2778 διοικήσεις,
737 2710 831 2763 καὶ
858 2712 955 2776 τὰς
983 2713 1153 2777 ἀλλας
1176 2716 1466 2783 ἐπιμιξίας
1488 2733 1504 2747 ο
1536 2717 1633 2770 καὶ
1671 2717 1811 2783 ὅλως
1838 2714 1980 2773 εἷναί

389 2812 446 2848 τι
479 2800 573 2851 καὶ
608 2800 875 2873 πρότερον
903 2801 965 2856 τὸ
1000 2803 1255 2873 συνάγον.
1300 2805 1397 2871 Τίς
1428 2807 1539 2879 γὰρ
1569 2809 1637 2863 ἂν
1668 2810 1980 2864 πιστεύσειε

389 2890 502 2954 τοῖς
527 2890 790 2973 μηδέποτέ
815 2893 1080 2967 ἀλλήλους
1103 2897 1395 2967 ἐγνωκόσι,
1413 2899 1686 2972 τοσαύτην
1710 2903 1896 2968 αὐτοῖς
1918 2906 1985 2958 ἐκ

393 2982 623 3054 πρώτης
676 2985 864 3056 φιλίαν
897 2988 1336 3062 ἐγγενήσεσθαι,
1383 2992 1520 3047 ὥσθ’
1565 2993 1709 3067 ὑπὲρ
1731 2995 1983 3068 ἀλλήλων

394 3076 670 3146 αἱρεῖσθαι
700 3080 1038 3136 κινδυνεύειν
1084 3081 1116 3137 ὃ
1160 3084 1289 3156 μηδ’
1315 3085 1458 3160 ὑπὲρ
1486 3085 1601 3143 τῶν
1628 3090 1984 3160 συνηθεστὰ-

2070 680 2207 737 quo,
2233 664 2369 720 nihil
2393 665 2522 721 licet
2547 679 2774 736 sperare
2798 664 2929 722 boni

2139 758 2278 815 Cum
2307 759 2496 828 itaque
2531 758 2668 814 ultio
2708 758 3078 832 pndequaque
3104 767 3410 820 necessaria
3441 765 3545 833 sit,
3575 768 3654 825 si-

2072 851 2298 924 quidem
2335 851 2442 922 ipsi
2491 867 2522 906 a
2549 853 2713 908 nobis
2742 855 2877 909 satis
2910 853 2980 908 ad
3029 853 3237 910 bellum
3284 857 3653 926 haberemus,

2073 953 2220 1001 esset
2248 943 2303 1000 id
2327 944 2554 1016 quidem
2591 945 2884 1015 optimum,
2914 962 3039 1002 cum
3060 947 3127 1002 ad
3149 950 3400 1019 gloriam,
3438 962 3553 1009 tum
3584 970 3655 1012 ne

2077 1036 2373 1092 auxiliares
2398 1039 2571 1108 copia:
2597 1041 2787 1106 procul
2811 1039 2999 1097 labore
3024 1044 3423 1112 congreganda:
3445 1058 3652 1102 essent.

2080 1125 2157 1182 Ex
2186 1143 2295 1197 quo
2352 1138 2535 1183 tamen
2569 1128 2890 1198 quotidiana
2928 1131 3057 1186 vitae
3092 1133 3307 1202 laxitas,
3347 1137 3661 1205 praesentis-

2079 1235 2188 1289 que
2223 1219 2460 1275 fortuna:
2487 1235 2700 1275 summa
2729 1221 2981 1291 quasdam
3016 1223 3432 1294 incxspcctatio,
3467 1242 3534 1282 eo
3559 1243 3661 1284 nos

2085 1311 2353 1384 paulatim
2389 1312 2682 1384 prazcipitii
2724 1316 2996 1384 provexit,
3024 1316 3168 1370 haud
3195 1317 3354 1371 aliam
3380 1318 3541 1388 plane
3571 1321 3658 1375 vel

2080 1419 2111 1459 ιι
2172 1404 2392 1459 vatibus
2431 1404 2701 1460 habemus
2758 1409 3179 1477 exspectandam
3219 1424 3438 1478 vocem,
3493 1428 3659 1482 quam

2081 1498 2220 1552 alios
2251 1497 2603 1554 advocandos
2623 1513 2769 1562 esse,
2802 1500 2896 1570 qui
2937 1511 3179 1556 nostram
3213 1502 3550 1560 ulciscantur
3577 1505 3664 1561 in-
3731 1533 3735 1538 -

2075 1590 2310 1662 juriam;
2339 1590 2611 1661 siquidem
2643 1591 2696 1646 id
2724 1593 2880 1651 nobis
2907 1592 3188 1650 facultatis
3216 1595 3534 1668 ademptum
3567 1610 3655 1653 est

2083 1697 2181 1753 per
2209 1681 2574 1738 Barbarorum
2601 1683 3016 1755 impressionem
3044 1702 3106 1742 ac
3143 1686 3387 1758 iniquam
3412 1691 3662 1747 vexatio-

2083 1789 2234 1830 nem.
2294 1774 2776 1832 Considerandum
2843 1778 3033 1850 itaque
3089 1796 3359 1852 quosnam
3410 1792 3665 1855 oporteat

2082 1881 2226 1934 esse,
2261 1867 2355 1941 qui
2387 1870 2491 1926 hoc
2521 1868 2665 1925 bello
2695 1870 2830 1926 socii
2858 1870 3177 1944 depugnare
3199 1874 3460 1940 habeant,
3487 1885 3544 1932 ut
3568 1890 3662 1942 eo,

2080 1963 2305 2033 quinam
2344 1963 2456 2018 sint
2481 1963 2718 2036 eligendi
2745 1968 3098 2037 perspicuum
3124 1968 3237 2027 fiat.

2150 2146 2291 2202 Ante
2332 2146 2516 2202 omnia
2573 2145 2742 2216 igitur
2770 2147 3017 2218 {necesse
3055 2151 3147 2215 sit,
3182 2161 3242 2209 ut
3283 2153 3427 2210 idem
3472 2158 3665 2214 nobis-

2080 2254 2207 2295 cum
2247 2239 2315 2294 de
2381 2237 2494 2294 Deo
2522 2238 2788 2295 sentiant.
2819 2237 3034 2312 Quippe
3067 2243 3184 2298 fieri
3226 2247 3444 2316 nequit,
3479 2261 3541 2306 ut
3571 2255 3666 2322 qui

2083 2331 2187 2391 hac
2217 2341 2373 2403 parte
2405 2332 2603 2389 animis
2629 2331 2792 2388 divisi
2838 2345 2987 2402 sunt,
3023 2351 3145 2408 quae
3177 2349 3311 2394 sunt
3340 2344 3666 2411 amicorum,

2084 2435 2277 2481 mutuo
2309 2425 2418 2482 sibi
2463 2441 2706 2497 unquam
2736 2429 3046 2498 praestanda
3083 2443 3327 2503 sperent.
3362 2434 3502 2492 Tum
3536 2455 3668 2494 vero

2084 2527 2146 2572 ut
2175 2525 2232 2572 et
2265 2520 2404 2574 alias
2453 2521 2757 2576 necessarii
2786 2521 2922 2588 sint,
2948 2538 3012 2577 ac
3062 2526 3394 2595 quibuscum
3432 2547 3673 2589 consue-

2081 2610 2360 2676 verimus;
2395 2619 2454 2667 ut
2487 2611 2736 2684 inquam,
2768 2617 3161 2674 communibus
3199 2623 3477 2691 quondam
3509 2627 3670 2685 bellis

2083 2719 2148 2759 ac
2183 2703 2764 2762 administrationibus
2829 2707 3004 2764 functi
3051 2712 3247 2781 simus,
3298 2732 3363 2773 ac
3412 2719 3537 2777 aliis
3583 2725 3670 2780 usi

2085 2798 2472 2864 commerciis;
2526 2813 2590 2853 ac
2644 2800 2874 2855 omnino
2921 2803 3130 2874 aliquid
3188 2808 3417 2867 exsistat
3443 2829 3673 2873 necesse

2085 2887 2180 2964 sit,
2210 2888 2359 2959 quod
2412 2900 2469 2945 et
2501 2892 2656 2960 prius
2700 2895 2916 2950 animos
2965 2895 3300 2960 devinxerit.
3331 2902 3468 2969 Quis
3518 2909 3672 2966 enim

2084 2979 2313 3038 inducat
2346 2981 2406 3037 in
2457 2984 2728 3052 animum,
2757 2985 3028 3045 hactenus
3058 2990 3206 3047 inter
3250 3009 3309 3050 se
3340 2999 3541 3067 ignotis
3573 3004 3673 3058 lio-

2086 3072 2354 3141 miuihus,
2386 3085 2591 3131 tantam
2645 3094 2673 3133 a
2706 3078 2884 3148 prima
2921 3086 3316 3154 congressione
3347 3092 3671 3149 coalituratn

375 3182 504 3222 ιτων
535 3171 655 3227 ἐστὶ
683 3172 886 3243 ῥᾳδίως
924 3175 1302 3248 προσδοκῆσαι
1355 3178 1511 3235 ποτέ.
1547 3179 1854 3257 ’Δλλάιμὴν
1885 3186 1982 3238 καὶ

2086 3167 2411 3234 amicitiam,
2445 3181 2629 3226 utnec
2658 3186 2761 3244 pro
2803 3188 2861 3228 se
2891 3184 3085 3232 mutuo
3128 3182 3372 3249 pericula
3395 3186 3547 3244 adire
3580 3188 3676 3245 dc-

395 3261 615 3335 πλήθει,
644 3267 739 3321 καὶ
766 3267 1100 3342 τόλμῃ,·καὶ
1130 3273 1466 3344 φρονήμασι,
1502 3275 1597 3330 καὶ
1625 3279 1690 3349 τῇ
1726 3280 1853 3349 περὶ
1881 3279 1982 3344 τάς

397 3355 579 3426 μάχας
601 3359 866 3434 ἐμπειρία
883 3361 970 3415 δεῖ
997 3364 1126 3427 τοὺς
1159 3368 1507 3438 συμμάχους,
1537 3367 1648 3423 τῶν
1687 3369 1984 3442 βαρϐάρων

397 3450 676 3521 προέχειν,
715 3453 766 3506 εί
798 3455 1047 3523 μίλλοιεν
1082 3459 1213 3523 τοὺς
1244 3461 1302 3513 ὲν
1325 3464 1394 3535 τῇ
1421 3462 1602 3533 οἰκείᾳ
1635 3467 1984 3534 μαχομένους

393 3543 551 3598 αὐτοὶ
581 3546 759 3618 νικᾷν,
791 3545 943 3613 Me;
973 3549 1138 3620 ξένοι,
1169 3553 1267 3608 καὶ
1298 3555 1599 3624 τρέπεσθαι
1631 3559 1760 3621 τοὺς
1792 3558 1985 3613 εἰωθό-

394 3651 496 3700 τας
525 3641 786 3710 κρατεῖνο
818 3641 916 3694 καὶ
961 3643 1100 3712 πρός
1125 3661 1192 3714 γε
1239 3645 1321 3700 ἔτι
1352 3648 1428 3719 μὴ
1453 3646 1664 3716 ταύτην
1694 3649 1878 3714 αὐτοῖς
1907 3647 1983 3704 εί-

395 3744 487 3784 ναι
521 3731 749 3803 πρώτην
791 3733 894 3804 τῆς
949 3735 1087 3808 πρὸς
1139 3740 1265 3802 τοὺς
1305 3740 1606 3810 πολεμίους
1653 3744 1982 3813 συμπλοκῆς

396 3822 496 3893 τὴν
518 3825 719 3897 ἀρχήν.
739 3825 905 3880 Ἀλλά
931 3828 1027 3882 καὶ
1053 3830 1324 3904 πρότερον
1359 3829 1499 3887 εἶναι
1531 3835 1740 3891 τούτων
1799 3855 1988 3892 πεπει-

401 3918 692 3989 ραμένους,
727 3921 824 3975 καὶ
851 3923 922 3978 τά
953 3908 1237 3993 φθάσαντα
1261 3927 1669 4004 κατορθώματα
1702 3933 1802 4000 τῆς
1829 3931 1988 3985 ὕστεο

401 4027 495 4082 ρον
522 4012 792 4083 ἐσομένης
823 4014 985 4093 νίκης
1017 4015 1280 4090 ἐνέχυρον
1321 4016 1487 4077 εἶναι.
1523 4022 1636 4092 Τῆς
1669 4023 1727 4076 δὲ
1766 4023 1988 4095 βεϐαιόο

398 4119 587 4173 τητος,
637 4108 732 4159 καὶ
776 4106 872 4161 τοῦ
904 4107 980 4182 μὴ
1016 4109 1126 4162 τῶν
1156 4110 1218 4177 ἐξ
1249 4111 1429 4184 ἀρχῆς
1458 4115 1823 4187 δγνωσμένων
1851 4117 1978 4187 ἀφί-

402 4197 659 4267 στασθαι,
687 4199 792 4254 οὐκ
812 4195 911 4255 οἷδ’
942 4203 996 4258 εῖ
1014 4221 1100 4265 τις
1133 4203 1272 4272 πρὸς
1286 4207 1378 4262 τὸν
1405 4205 1648 4279 πόλεμον
1683 4211 1986 4279 άναγκαιου

399 4287 567 4362 τέραν
599 4291 912 4349 συντέλειαν
948 4295 1192 4366 ἡγεῖται.
1245 4297 1333 4363 Ὠς
1365 4300 1426 4355 τό
1453 4317 1516 4371 γε
1566 4301 1731 4374 ἔργον
1763 4303 1983 4375 ἁψαμέο

400 4394 527 4443 νους
562 4380 820 4436 ἀπειπεῖν
853 4382 963 4454 πρὸ
1016 4385 1112 4440 τοῦ
1146 4386 1335 4452 τέλους
1359 4387 1512 4444 οὒδὲν
1536 4390 1725 4463 ἕτερόν
1753 4393 1982 4464 tot:th

402 4467 545 4536 σφᾶς
569 4468 769 4534 αὐτοὺς
797 4471 1133 4542 προδιδόναι,
1164 4477 1259 4528 καὶ
1309 4476 1433 4530 καθ’
1467 4479 1628 4548 ἡμῶν
1661 4482 1790 4545 τοὺς
1830 4479 1988 4535 πολε·

2089 3269 2361 3328 trcctent;
2387 3263 2534 3333 quod
2561 3264 2648 3320 vix
2695 3265 2895 3337 aliquis
2925 3285 3024 3340 pro
3061 3274 3296 3328 maxime
3342 3281 3674 3337 necessariis

2089 3370 2329 3426 unquam
2381 3356 2542 3413 facile
2592 3370 2899 3431 exspectet.
2947 3363 3090 3430 Quin
3140 3375 3196 3421 et
3225 3368 3579 3430 multitudine
3618 3388 3676 3431 et

2088 3450 2318 3506 audacia
2350 3453 2682 3525 animisque,
2715 3469 2782 3511 ac
2823 3459 2901 3526 rei
2955 3457 3164 3516 bellicae
3193 3464 3393 3533 peritia
3420 3465 3678 3525 Barbaris

2089 3552 2353 3612 praestare
2387 3555 2630 3615 oportet,
2667 3560 2726 3604 ut
2761 3549 2865 3620 ipsi
2897 3553 3196 3624 peregrini,
3225 3554 3280 3610 in
3304 3573 3401 3612 sua
3429 3560 3672 3628 ipsorum

2089 3634 2314 3704 regione
2368 3650 2681 3709 pugnantes
2722 3642 2847 3698 illos
2902 3645 3102 3701 victuri
3137 3648 3268 3714 sint,
3308 3649 3374 3706 ac
3430 3652 3679 3712 victoriis

2089 3737 2343 3784 assuetos
2395 3729 2450 3785 in
2503 3729 2684 3803 fugam
2748 3736 2983 3792 versuri.
3012 3739 3095 3793 Ad
3157 3740 3274 3797 haec
3324 3743 3454 3798 item
3493 3755 3556 3802 ut
3605 3763 3675 3803 ne

2094 3819 2332 3891 priniqu
2388 3820 2524 3877 illud
2573 3823 2647 3878 sit
2694 3826 3102 3894 congressionis
3158 3830 3429 3888 adversus
3487 3833 3680 3892 hostes

2093 3910 2351 3976 initium;
2389 3911 2483 3966 sed
2517 3922 2573 3966 et
2598 3913 2709 3984 jam
2746 3914 2934 3970 talium
2987 3917 3294 3987 periculum
3329 3922 3587 3992 fecerint,
3611 3942 3678 3981 ac

2089 4005 2298 4073 quibus
2347 4006 2553 4075 prioria
2587 4006 3076 4074 facinora,futura:
3122 4013 3366 4071 victorie
3407 4017 3678 4075 exsistant

2091 4096 2310 4168 pignus.
2362 4098 2685 4155 Constantia
2741 4112 2951 4170 autem,
3012 4113 3069 4160 et
3123 4115 3184 4160 ut
3223 4122 3291 4161 ne
3348 4110 3519 4166 abiis
3556 4128 3678 4182 qua:

2091 4187 2254 4245 initio
2288 4191 2403 4246 visa
2453 4205 2603 4257 Sunt,
2666 4195 3012 4261 recedamus,
3053 4198 3202 4254 haud
3261 4201 3388 4256 novi
3443 4218 3512 4258 an
3552 4205 3680 4274 quis

2090 4278 2223 4356 quid
2258 4283 2632 4339 necessarium
2657 4285 2835 4358 magis
2856 4287 3136 4344 existimet
3161 4288 3233 4346 ’ad
3261 4289 3390 4346 belli
3423 4309 3681 4349 consum-

2091 4370 2413 4428 mationem.
2460 4375 2638 4446 Atque
2698 4377 2859 4447 adeo,
2916 4390 2977 4435 ut
3035 4397 3151 4436 rem
3211 4384 3508 4454 suspicati,
3549 4395 3680 4443 ante

2093 4462 2257 4518 tinem
2313 4463 2560 4521 animum
2635 4465 3114 4541 despondeamus,
3169 4474 3314 4531 haud
3377 4476 3529 4532 aliud
3584 4477 3676 4547 sit,

404 4560 563 4632 μίους
592 4563 1089 4635 προσπαροξύνειν.
1125 4567 1235 4621 Καὶ
1263 4569 1370 4641 μὴν
1401 4569 1556 4625 οὐδέν
1585 4573 1735 4627 ἐστιν
1763 4575 1844 4639 είς
1873 4576 1902 4628 ὃ
1929 4593 1982 4630 τι

2091 4572 2256 4626 quam
2294 4567 2353 4613 ut
2376 4575 2480 4615 nos
2515 4560 2618 4630 ipsi
2651 4562 2972 4632 prodamus,
3007 4565 3302 4639 hostesque
3324 4569 3382 4625 in
3418 4583 3520 4624 nos
3549 4569 3681 4624 irri-

399 4655 606 4711 τούτων
652 4657 874 4731 ἑκάστῳ
938 4659 1282 4732 χρησόμεθα,
1341 4664 1645 4736 χρημάτων
1695 4667 1982 4721 ἀπόντων·

403 4745 608 4816 μᾶλλον
637 4748 734 4830 ,δὲ
787 4748 864 4822 μὴ
928 4750 1199 4806 πλείστων
1264 4754 1573 4826 παρόντων.
1643 4753 1818 4812 Τοῦτο
1876 4759 1986 4830 γάρ

403 4837 576 4903 ἔστιν,
645 4829 709 4892 οὗ
756 4838 950 4910 σχεδὸν
1004 4839 1225 4896 πάντων
1289 4842 1527 4913 μάλιστα
1595 4844 1712 4910 δεῖ,
1763 4848 1858 4900 καὶ
1912 4829 1989 4901 ὧν

401 4931 506 4984 ούκ
535 4930 787 5000 ἀφθόνως
833 4934 1226 5006 ἐπιρρεόντων,
1275 4935 1493 5009 ἀνάγκη
1548 4938 1664 5008 μετ’
1722 4939 1987 5011 αἰσχύνης

401 5026 730 5096 ἀναχωρεῖν.
753 5026 847 5078 Δεῖ
877 5026 943 5096 δὴ
983 5027 1257 5082 πλουσίων
1295 5030 1429 5098 ἡμῖν
1462 5032 1557 5082 καὶ
1587 5032 1986 5103 μεγαλοψύχων

403 5115 736 5188 συμμάχων,
791 5116 852 5169 ού
899 5116 968 5170 τά
995 5117 1134 5170 ὅπλα
1169 5118 1353 5189 μόνον,
1385 5119 1521 5174 ἀλλά
1551 5124 1647 5175 καὶ
1688 5124 1812 5184 τοὺς
1845 5124 1986 5176 οἴκοι

405 5207 718 5277 θησ;.υροὺς
758 5208 900 5276 ὑπὲρ
928 5206 1088 5278 ἡμῶν
1137 5209 1440 5278 τιθεμένων
1463 5225 1481 5242 ο
1515 5212 1612 5266 καὶ
1644 5211 1798 5266 ταῦθ’
1831 5213 1989 5283 ὑμῶν

407 5300 533 5372 μηδ’
563 5300 923 5370 όύολὸν.μήτε
973 5301 1292 5373 δυναμένων
1331 5303 1459 5375 μήτ’
1482 5304 1614 5368 ῖσως
1645 5304 1989 5378 βουλομένων

404 5391 548 5465 ύπὲρ
583 5392 695 5446 τῶν
737 5393 1084 5465 πραγμάτων
1137 5394 1405 5466 προέσθαι
1425 5409 1441 5426 ο
1472 5396 1686 5450 τοσοῦτ’
1716 5400 1988 5468 ἀπεσχόν-

401 5501 518 5540 των
548 5484 778 5556 μισθοὺς
820 5485 1060 5549 τελέσαι,
1102 5487 1200 5542 καὶ
1247 5487 1344 5558 τὴν
1395 5487 1566 5562 ἀλλην
1597 5486 1697 5544 τού
1744 5491 1984 5564 πολέμου

404 5579 757 5649 κατασκευὴν
778 5581 843 5634 ὲκ
853 5579 1117 5650 πορίζειν.

484 5675 551 5727 ’Δ
585 5673 684 5742 μὲν
713 5671 896 5726 τοίνυν
932 5674 1058 5736 τοὺς
1091 5674 1226 5743 ἡμῖν
1263 5676 1806 5748 συνεπιληψομένους
1839 5681 1986 5750 ἐχειν

407 5762 694 5834 προσήκει,
721 5761 816 5814 καὶ
855 5760 977 5830 μεθ’
1000 5761 1130 5815 οἴων
1159 5763 1269 5818 τῶν
1298 5782 1357 5819 τε
1385 5766 1557 5838 τύχης
1585 5769 1678 5820 καὶ
1701 5766 1810 5820 τῶν
1833 5768 1989 5837 παρὰ

407 5854 509 5931 τῆξ
561 5853 764 5923 ἀρετῆς
813 5851 1058 5920 ἀγαθῷν,
1123 5854 1268 5925 ὑπὲρ
1329 5857 1488 5929 ἡμῶν
1552 5859 1980 5926 κινδυνεύσουσι,

650 5949 922 6010 Panos.
953 5948 1073 6010 Gn.
1120 5946 1325 6012 CLIV.

2093 4656 2293 4705 tentus.
2329 4649 2401 4705 At
2430 4666 2610 4722 neque
2639 4655 2883 4724 suppetit
2921 4672 3033 4727 quo
3073 4657 3268 4715 horum
3293 4675 3518 4731 quoque
3555 4669 3678 4716 uta-

2089 4756 2239 4807 mur,
2296 4743 2343 4798 si
2406 4747 2658 4813 pecuniae
2712 4748 2915 4816 desint,
2949 4751 3087 4808 imo-
3121 4754 3228 4808 nisi
3265 4754 3448 4810 adsint
3505 4760 3678 4812 multa

2090 4834 2285 4904 copia;
2336 4835 2442 4890 hoc
2500 4838 2652 4892 enim
2709 4849 2798 4896 est
2854 4856 2966 4911 quo
3008 4844 3122 4897 fere
3153 4841 3402 4899 omnium
3437 4842 3679 4902 maxime

2092 4943 2233 4999 opus
2261 4937 2383 4998 est,
2419 4947 2485 4987 ac
2513 4933 2715 5003 quibus
2766 4951 2878 4990 non
2911 4937 3132 4993 abunde
3164 4939 3539 5006 afﬂuentibus.
3581 4958 3681 4999 ne.

2088 5037 2245 5078 cesso
2303 5024 2377 5080 sit
2443 5025 2707 5084 confusos
2761 5029 3040 5085 recedere.
3091 5032 3279 5103 Itaque
3333 5034 3680 5092 necessarios

2091 5113 2363 5170 habemus
2416 5115 2619 5173 divites
2667 5132 2732 5172 ac
2783 5119 3108 5190 magnificos
3163 5123 3523 5190 auxiliarios,
3580 5141 3678 5195 qut

2090 5207 2296 5262 nedum
2328 5223 2503 5273 arma,
2526 5209 2622 5265 sed
2655 5221 2712 5266 et
2733 5210 3024 5268 thesauros
3064 5213 3210 5268 domi
3247 5215 3520 5285 repositos
3551 5232 3682 5287 pro-

2090 5310 2214 5369 pter
2237 5315 2340 5356 nos
2386 5311 2594 5371 ponant
2629 5322 2645 5360 :
2684 5303 2848 5374 idque
2876 5320 3001 5360 cum
3036 5321 3153 5373 vos,
3182 5324 3248 5361 no
3304 5307 3524 5364 obolum
3550 5311 3679 5381 qui-

2089 5391 2213 5445 dem
2269 5392 2530 5462 possitis,
2576 5409 2642 5448 ac
2702 5393 2843 5450 forte
2889 5397 3087 5451 nolitis
3135 5397 3459 5469 reipubifca
3513 5388 3678 5456 causa

2088 5479 2412 5551 effundere;
2450 5491 2663 5538 tantum
2692 5485 2867 5549 abest,
2903 5495 2963 5541 ut
2993 5487 3210 5544 solvere
3249 5487 3679 5558 mercedem,“

2089 5575 2363 5649 reliquum
2405 5576 2532 5631 belli
2572 5587 2896 5647 apparatum
2925 5589 3210 5649 praestare.

2161 5648 2286 5725 llaec
2337 5671 2622 5726 enimvero
2679 5672 2884 5742 quibus
2939 5683 3166 5728 ornatos
3217 5677 3471 5743 operteat
3529 5689 3676 5743 esse,

2087 5764 2181 5836 qui
2221 5764 2383 5820 nobis
2413 5767 2526 5820 sint
2583 5765 2807 5822 allaturi
2838 5782 3022 5838 opem,
3071 5782 3247 5836 eaque
3275 5769 3393 5824 fere
3427 5783 3532 5837 qua
3555 5767 3676 5821 [ομ

2087 5867 2259 5926 tunae,
2318 5873 2425 5927 qua
2475 5857 2695 5914 virtutis
2760 5858 2928 5928 bona,
2975 5859 3308 5931 quibuscum
3355 5875 3454 5929 pro
3514 5859 3677 5918 nobis

3271 5951 3343 6012 31
