4100 6296
346 384 453 450 9Ἷ3

1345 391 1633 454 ORATIO
1673 393 1825 456 PRO
1869 394 2236 458 SUBSIDIO
2274 394 2758 461 LATINORUM.

3511 396 3619 459 9η

341 509 399 563 oi
426 522 514 578 γε,
552 506 604 560 εί
633 507 710 577 μὴ
746 507 842 563 καὶ
895 507 1053 563 αὐτοὶ
1084 508 1204 573 ταῖς
1256 508 1561 581 ἡμετέραις
1616 515 1926 583 συμφοραῖς

2032 514 2201 571 rando
2252 510 2624 573 iirmaverant.
2648 514 2729 589 Ad
2786 521 3045 573 externas
3078 490 3280 574 autem
3313 518 3623 589 expeditio-

345 602 754 673 ἀπεχρήσαντο,
786 601 879 656 καὶ
906 601 1007 673 τὴν
1037 601 1172 673 πρὸς
1210 598 1338 667 τοὺς
1370 601 1680 676 βαρϐάρους
1704 604 1929 672 τούτους

344 692 605 764 ἀσχολίαν
630 691 948 761 πλεονεξίας
987 691 1180 763 καιρὸν
1211 688 1581 766 ἡγησάμενοι,
1614 695 1787 751 πολλά
1817 696 1930 752 τῶν

338 780 627 857 ἡμετέρων
679 781 1068 855 παρέσπασαν,
1125 785 1221 841 καὶ
1247 785 1342 840 νῦν
1374 786 1461 851 ἂν,
1493 786 1685 860 ῶσπερ
1722 791 1817 844 καὶ
1866 792 1931 845 τὸ

339 877 628 949 πρότερον,
658 876 762 931 ὑπὸ
790 874 883 931 τδν
915 878 1188 950 ἡμέτερον
1207 877 1373 947 ζυγδν
1402 874 1573 943 ἔζων·
1604 882 1701 938 καὶ
1726 880 1927 936 δεσπό-

337 987 439 1035 τας
472 970 620 1042 ἡμᾶς
652 971 793 1042 μετά
826 970 938 1026 τῶν
965 967 1147 1027 ἀλλων
1173 970 1375 1044 ⁴ᾔδεσαν
1427 970 1520 1027 καὶ
1556 972 1744 1027 αὐτοίο
1781 971 1811 1027 δ
1832 973 1930 1028 καὶ

342 1063 546 1135 μᾶλλον
565 1064 896 1132 δεδοικότας,
923 1063 987 1117 οὗ
1015 1064 1149 1119 πατέ
1184 1080 1330 1135 φημι
1369 1064 1599 1129 τούτους
1639 1064 1928 1138 λυσιτελή-

339 1173 459 1213 σειν
491 1154 651 1228 ἡμῖν.
684 1156 863 1212 Ἰσασι
901 1155 1036 1228 γὰρ,
1065 1157 1134 1212 ἂν
1154 1158 1225 1212 τὰ
1257 1157 1442 1212 δίκαια
1479 1158 1693 1230 κρίνειν
1725 1159 1928 1215 ἐθέλω-

342 1266 449 1320 σιν,
477 1245 553 1315 ὥς
599 1245 774 1304 πολλά
824 1247 935 1305 τῶν
982 1248 1275 1323 ἡμετέρων
1302 1250 1608 1323 κατέσχον,
1660 1251 1772 1306 τῶν
1820 1269 1931 1306 κω-

338 1340 576 1398 λυόντων
603 1341 706 1397 oin:
728 1341 901 1399 ὄντων
921 1356 938 1377 ⁶
968 1336 1044 1398 ὧν
1074 1345 1212 1416 πρὸς
1243 1340 1440 1409 ἄλλους
1466 1344 1565 1416 μὲν
1592 1345 1751 1417 ήμῶν
1780 1343 1932 1416 ἑχόν-

338 1452 449 1491 των
475 1437 568 1490 τὸν
597 1431 746 1502 νοῦν,
779 1435 961 1507 κύριοι
997 1436 1314 1507 νομίζουσιν
1337 1437 1555 1494 ἔσεσθαι
1585 1454 1601 1468 ·
1652 1439 1961 1516 ἀναπνεύο.

340 1548 470 1586 σασι
491 1529 572 1595 δὶ,
605 1526 757 1586 πᾶσα
781 1528 997 1601 ἀνάγκη
1025 1526 1060 1603 ἢ
1094 1531 1413 1598 ἀποδοῦναι,
1445 1532 1478 1602 ἢ
1504 1530 1662 1587 τοῦτο
1690 1534 1767 1602 μὴ
1801 1531 1929 1603 βου·

337 1622 621 1694 λομένους,
671 1623 980 1696 πράγματα
1009 1621 1179 1695 ἔχειν,
1228 1624 1328 1677 καὶ
1375 1624 1615 1690 πόλεμον
1641 1623 1926 1693 δέξασθαι,

2035 618 2154 673 nes,
2178 605 2305 679 quis
2346 622 2448 664 eos
2507 608 2662 665 novit
2706 607 3007 666 eduxisse?
3036 609 3171 679 quin
3200 610 3447 676 omnino,
3497 625 3622 681 qua:

2032 708 2226 755 eorum
2255 708 2498 771 unquam
2548 700 2817 755 memoria
2874 699 2980 755 fuit
3019 700 3074 757 in
3126 700 3373 758 saeculo?
3401 702 3495 770 qui
3536 700 3623 757 ni.

2034 792 2258 853 mirum.
2288 786 2393 848 nisi
2424 799 2479 848 et
2516 794 2627 863 ipsi
2681 793 2887 849 nostris
2938 793 3251 850 infortuniis
3306 795 3490 857 abusi,
3523 810 3624 849 no-

2032 889 2315 955 stramque
2386 896 2512 939 cum
2587 882 2844 942 Barltaris
2899 887 3356 958 occupationem,
3402 887 3620 957 injuriae

2034 984 2251 1043 tempus
2296 978 2422 1041 rati,
2475 977 2645 1032 multa
2696 988 2729 1035 ο
2769 980 2977 1034 uestris
3026 963 3622 1046 abstraxissent,nunc

2032 1084 2275 1142 quoque,
2314 1072 2391 1125 uti
2428 1070 2603 1140 prius,
2636 1078 2827 1127 nostro
2876 1073 3283 1145 virerentjugo
3333 1074 3617 1143 mancipa-

2032 1164 2111 1230 ti,
2138 1178 2349 1235 nosque
2400 1163 2677 1230 dominos,
2711 1174 2820 1220 una
2875 1182 3000 1222 cum
3038 1166 3191 1233 aliis,
3230 1168 3332 1237 ipsi
3392 1182 3616 1237 quoque

2030 1254 2261 1321 scirent,
2297 1271 2438 1327 quos
2457 1266 2552 1312 eos
2611 1256 2796 1326 potius
2826 1261 3155 1325 metuentes,
3188 1259 3330 1313 haud
3372 1272 3617 1328 unquam

2030 1348 2241 1405 nostris
2288 1348 2457 1404 rebus
2490 1347 2666 1405 dicam
2726 1350 3096 1406 consulturos.
3132 1350 3329 1406 Sciunt
3361 1349 3510 1405 enim
3558 1360 3620 1405 ut

2025 1439 2175 1511 iusta
2193 1439 2445 1511 judicare
2475 1440 2668 1505 velint,
2710 1439 2884 1496 multa
2924 1455 2956 1495 e
2985 1440 3190 1498 nostris
3221 1441 3425 1514 injuria
3451 1455 3622 1497 occu-

2030 1549 2211 1604 passe,
2244 1548 2371 1589 cum
2402 1531 2538 1590 nulli
2573 1544 2759 1591 essent
2791 1536 2883 1607 qui
2932 1535 3293 1606 prohiberent
3322 1553 3337 1590 :
3379 1549 3616 1606 quorum

2032 1642 2092 1683 se
2147 1626 2404 1683 dominos
2456 1624 2574 1683 fore
2627 1627 2988 1696 arbitrantur,
3041 1629 3172 1685 dum
3237 1629 3341 1702 ipsi
3396 1631 3619 1687 interim

338 1717 435 1771 καὶ
459 1716 591 1788 περὶ
629 1715 738 1769 τῶν
766 1715 830 1782 ἐξ
874 1716 1050 1788 ἀρχῆς
1080 1714 1517 1781 κινδυνεύοντας.
1553 1709 1768 1771 οὖκουν
1804 1716 1929 1789 βού-

2032 1719 2157 1777 aliis
2206 1719 2550 1776 intendimus
2595 1720 2862 1776 animum.
2917 1721 3013 1777 Sin
3092 1732 3278 1779 autem
3344 1724 3621 1793 respirare

337 1808 502 1864 λοιντ’
532 1808 602 1864 ἂν
646 1810 728 1875 είς
780 1808 881 1876 τὰς
927 1808 1099 1881 τύχης
1152 1810 1378 1882 ἀδηλίας
1436 1809 1771 1883 ἐμπίπτεινο
1836 1811 1929 1866 καὶ

2034 1811 2340 1882 contingat,
2394 1810 2768 1867 necessarium
2811 1810 3059 1879 omnino,
3105 1820 3167 1868 ut
3216 1820 3312 1870 aut
3353 1813 3621 1878 reddant,

338 1900 518 1974 παρὸν
540 1901 867 1973 κιρδαίνειν,
892 1901 1315 1973 ἀναγκασθῆναί
1345 1919 1480 1958 ποτε
1533 1904 1629 1958 καὶ
1655 1900 1765 1957 τῶν
1792 1901 1929 1957 ἰδίων

2041 1912 2136 1958 aut
2165 1902 2270 1959 nisi
2306 1900 2491 1963 velint.
2530 1903 2748 1974 negotia
2799 1902 3059 1969 habeant,
3088 1920 3153 1961 ac
3200 1904 3407 1962 bellum
3449 1904 3625 1959 susci-

332 1990 700 2067 ἀφίστασθαι.
744 1991 909 2049 Ἀλλά
933 1991 1032 2067 τὴν
1061 1995 1345 2068 ἡμετέραν
1368 1998 1780 2069 κακοπραγίαν
1811 1999 1926 2050 τεί-

2032 1994 2206 2064 piant,
2227 1993 2484 2064 idemque
2509 2002 2671 2064 atque
2700 2005 2732 2049 a
2765 1994 3038 2066 principio
3072 1996 3377 2066 periculum
3404 1995 3623 2051 adeant.

307 2155 311 2159 ν
338 2094 431 2160 χος
463 2086 648 2151 αὐτοῖς
677 2081 817 2142 εἶναι
847 2086 1153 2160 νομίζουσι,
1182 2088 1320 2161 πρὸς
1352 2089 1414 2143 τὸ
1448 2090 1525 2161 μή
1550 2106 1605 2143 τι
1632 2089 1829 2143 παθεῖν
1858 2087 1925 2143 ἂν

2033 2083 2191 2141 [laud
2222 2100 2355 2157 ergo
2392 2088 2608 2142 incerta
2629 2083 2868 2141 fortnam
2906 2090 3122 2143 tentare
3157 2087 3332 2143 velint
3362 2128 3375 2152 ,
3412 2102 3477 2143 ac
3494 2100 3620 2143 cum

338 2181 561 2247 αὐτοὺς,
596 2180 664 2238 ἄν
685 2180 808 2235 ποτ’
840 2181 1159 2252 ἀνενεγκεῖν
1179 2180 1525 2255 δυνηθῶμεν.
1558 2182 1684 2248 Πῶς
1709 2181 1803 2238 οὖν
1826 2182 1927 2247 τὰς

2035 2177 2177 2235 lucri
2246 2176 2469 2234 occasio
2520 2184 2802 2249 suppetat,
2847 2179 2968 2252 cogi
3024 2179 3355 2250 quandoque
3414 2188 3474 2234 ut
3525 2193 3627 2235 sua

345 2275 636 2349 παρούσας
664 2274 841 2347 τύχας
890 2275 1410 2345 συνεπικουφιοῦσιν
1466 2277 1621 2349 ἡμίν,
1652 2276 1712 2331 ei
1746 2274 1800 2345 τ’
1833 2276 1926 2331 ἀεὶ

2032 2270 2137 2343 ipsi
2178 2268 2517 2328 dimiserint.
2575 2269 2719 2338 Quin
2790 2285 2975 2327 rerum
3040 2280 3354 2328 nostrarum
3423 2265 3626 2328 malam

338 2366 547 2429 ταύτας
570 2359 831 2430 αὔξεσθαι
863 2362 1105 2437 συνεχῶς
1135 2362 1371 2432 εὖξαιντ’
1407 2363 1513 2432 ἀνι

2032 2364 2230 2430 aleam,
2263 2364 2407 2421 muri
2440 2364 2585 2427 loco
2633 2364 2738 2421 sibi
2789 2366 3020 2433 ducunt,
3048 2377 3108 2423 ut
3156 2379 3227 2421 ne
3286 2364 3421 2437 quid
3461 2366 3618 2436 mali,

342 2458 386 2513 si
432 2461 660 2531 quando
688 2457 853 2517 nobis
902 2457 1136 2513 facultas
1175 2457 1491 2530 emcrgendi
1529 2457 1647 2526 fiat,
1708 2456 2007 2529 accipiant.
2048 2454 2152 2523 Qui
2185 2471 2317 2529 ergo
2359 2456 2615 2529 praesenti
2664 2454 2902 2512 fortuna:
2954 2459 3203 2515 levamen
3239 2457 3350 2512 sint
3383 2454 3623 2522 allaturi,

339 2555 541 2635 quibus
568 2569 786 2626 semper
810 2555 865 2611 in
887 2554 1034 2611 votis
1068 2553 1141 2609 sit
1173 2563 1235 2611 ut
1265 2554 1531 2610 continue
1559 2552 1836 2624 augeant?

412 2632 528 2708 Kal.
561 2652 645 2708 ὅτι
668 2651 822 2707 ταῦτ’
850 2653 953 2708 οὐκ
982 2651 1048 2708 ἑκ
1079 2650 1358 2723 λογισμῶν
1413 2651 1578 2723 μόνον
1610 2648 1926 2721 συμϐαίνει,

351 2743 491 2800 ἀλλά
537 2747 633 2801 καὶ
676 2746 813 2819 πρὸς
845 2746 987 2802 αύτά
1028 2745 1098 2802 τά
1144 2746 1449 2818 πράγματα
1498 2742 1927 2809 ἀποϐλέπουσιν,

344 2834 524 2904 ἔξεστι
560 2839 675 2902 τοῖς
726 2839 1045 2909 εἰρημένοις
1078 2834 1457 2892 συντίθεσθαι.
1510 2834 1927 2907 ’Δναμνήσθητε

347 2929 440 2984 διὰ
462 2931 644 2984 πόσων
658 2926 1127 3003 πρεσϐειῶνπρδς
1152 2929 1500 3002 ἀμφοτέρους
1529 2929 1775 3000 περὶτῆς
1793 2942 1931 2998 συμ-

346 3022 553 3095 μαχίας
605 3022 944 3097 διειλέχθητε
997 3023 1229 3095 ταύτης,
1280 3023 1518 3087 ποσάκις
1571 3021 1772 3086 αὐτοὺς
1837 3021 1931 3076 καί

229 3110 236 3116 ’
345 3117 629 3184 εὐσεϐείας
661 3119 760 3181 καὶ
796 3116 994 3174 κοινῶν
1021 3116 1208 3188 ιερῶν,
1236 3118 1332 3173 καίΙ
1360 3115 1463 3189 τῆς
1487 3114 1654 3188 ἀλλης
1685 3115 1927 3189 ἀνεμνή-

2044 2690 2048 2695 .
2106 2648 2265 2716 Quod
2291 2656 2478 2705 autem
2506 2648 2611 2705 ista
2642 2664 2754 2704 non
2777 2664 2809 2703 ιι
2850 2650 2983 2704 solis
3013 2649 3444 2721 cogitationibus
3475 2651 3626 2706 acci-

2033 2740 2189 2802 dant.
2222 2740 2318 2796 sed
2358 2751 2414 2797 et
2457 2741 2606 2813 ipsas
2641 2757 2730 2798 res
2780 2749 3050 2812 spectent,
3087 2757 3155 2797 ex
3209 2741 3454 2812 prafatis
3494 2740 3628 2795 licet

2036 2835 2331 2891 conficere.
2363 2833 2636 2894 Memores
2679 2838 2836 2903 estis,
2884 2845 3020 2907 quot
3061 2838 3125 2892 ad
3162 2848 3426 2907 utrosque
3454 2838 3627 2893 desti-

2036 2928 2187 2984 natis
2225 2928 2440 3001 legatis,
2473 2928 2544 2987 de
2578 2929 2684 2986 hac
2730 2930 2861 2987 belli
2911 2931 3176 2988 societate
3225 2932 3395 2987 locuti
3449 2932 3625 2988 estis?

2035 3018 2263 3088 Quoties
2294 3021 2375 3077 eis
2424 3030 2482 3078 et
2532 3022 2817 3092 pietatem,
2852 3034 2908 3079 et
2939 3038 3095 3079 sacra
3127 3024 3465 3088 communia,
3492 3024 3629 3081 reli-

2032 3127 2253 3182 quaque
2282 3113 2636 3179 commercia,
2688 3112 2742 3168 in
2777 3113 3103 3169 memoriam
3149 3114 3494 3171 revocastis?
3522 3116 3627 3170 Er.

349 3230 482 3268 σατε
511 3211 820 3277 κοινωνίας.
850 3206 980 3282 'Ap’
999 3209 1094 3266 οὖν
1118 3209 1450 3285 ἐκινήθησαν
1470 3225 1486 3242 ο
1519 3209 1555 3282 ἢ
1592 3206 1702 3265 τῶν
1728 3208 1929 3281 ἡμετέ-

2040 3219 2180 3274 gone
2213 3214 2508 3276 propterea
2555 3204 2693 3261 moti
2743 3218 2874 3262 sunt
2900 3246 2915 3272 ,
2952 3217 3048 3262 aut
3077 3207 3259 3278 siquid
3290 3225 3390 3280 per
3417 3210 3530 3264 vim
3554 3211 3625 3265 li-

349 3326 460 3380 ρων
501 3304 655 3376 γοῦν,
686 3306 741 3362 ετ
767 3324 822 3362 τι
848 3300 1144 3379 βιάσασθαι
1176 3300 1282 3361 οἷοί
1312 3307 1360 3359 τ’
1392 3297 1556 3377 ἦσαν,
1582 3303 1925 3375 ἀπέσχοντος

348 3401 458 3456 Καὶ
492 3400 600 3473 μὴν
640 3396 798 3471 ἡμῶν
825 3398 930 3454 ὑπὸ
959 3399 1056 3453 τοῦ
1088 3400 1223 3471 πρὸς
1253 3398 1379 3462 τοὺς
1413 3397 1728 3471 βαρϐάρους
1760 3413 1932 3452 κατι-

346 3492 699 3567 κλυζομένων
727 3488 987 3566 πολέμου,
1016 3494 1114 3550 καί
1138 3492 1410 3564 τοσαύτης
1437 3489 1749 3564 τραγῳδίας
1776 3491 1932 3563 ἡμᾶς

347 3588 745 3661 περιιστῶσης,
793 3586 1057 3661 Τριϐαλοὶ
1084 3588 1183 3653 τὰς
1226 3589 1326 3661 μὲν
1376 3585 1487 3642 τῶν
1525 3588 1585 3641 ὲν
1616 3584 1931 3656 Μακεδονίᾳ

347 3678 556 3735 πόλεων
606 3679 916 3751 περιιόντες
946 3673 1222 3751 ὑπήγοντο
1243 3692 1257 3707 °
1288 3675 1389 3740 τὰς
1414 3675 1496 3741 δὲ,
1540 3673 1929 3745 στρατεύματα

346 3772 833 3846 περικαθίζοντες,
902 3773 996 3827 καὶ
1068 3773 1445 3844 μηχανήματα
1518 3772 1926 3842 προσάγοντες,

348 3865 542 3937 ᾕρουνο
578 3866 677 3927 τὰς
703 3859 761 3918 δι
793 3864 891 3918 καὶ
919 3858 1064 3932 λιμῷ
1115 3862 1551 3934 παρεστήσαντο.
1580 3860 1694 3930 Τὴν
1725 3858 1781 3913 δὲ
1813 3859 1930 3914 Μυ-

348 3954 461 4010 σῶν
496 3950 761 4024 ὠμότητα
801 3950 1040 4023 χαλεπὸν
1068 3951 1241 4021 ἑτέρῳ
1263 3967 1341 4019 τῳ
1371 3947 1717 4021 παραϐαλεῖν
1737 3963 1752 3980 ο
1783 3947 1836 4001 οῖ
1864 3956 1927 4015 γε

347 4044 447 4107 τὰς
484 4041 896 4114 χειμαζομένας
944 4039 1055 4094 τῶν
1116 4038 1406 4111 ἡμετέρων
1461 4035 1671 4091 πόλεων
1717 4034 1930 4090 τοσοῦτ’

347 4136 574 4209 ἀπεῖχον
597 4134 838 4206 ἀνέχειν,
862 4130 1005 4187 ὥστε
1036 4132 1135 4195 τὰς
1164 4130 1266 4201 μὶν
1291 4130 1585 4202 ἔπραττον,
1617 4129 1765 4192 ὅπως
1797 4127 1928 4200 ῥᾷον

345 4225 672 4287 ἁλώσονται,
704 4219 863 4276 τοῦτο
895 4222 1004 4292 γὰρ
1030 4219 1217 4283 αὐτοῖς
1250 4218 1505 4289 ⁴ίὶδύνατο,
1529 4218 1590 4272 τὸ
1612 4217 1752 4291 μήτε
1778 4217 1927 4271 σίτου

353 4317 699 4389 μεταδιδόναι
725 4314 953 4377 ταύταις
985 4310 1309 4377 πεινῶσαις,
1343 4311 1545 4375 αὐτοὺς
1572 4312 1631 4366 ἑν
1664 4304 1929 4381 ’ἀφθόνοις

349 4413 678 4481 διάγονταςο
708 4408 807 4473 τὰς
847 4406 893 4462 δ’
935 4407 1113 4474 αὐτοὶ,
1170 4405 1562 4478 στρατεύματα
1615 4406 1929 4475 πέμποντες

351 4508 448 4562 καὶ
486 4501 844 4576 στρατηγοὺς
899 4499 1160 4566 οἰκείους,
1198 4497 1539 4569 ἀνέστησαν
1582 4499 1679 4553 καὶ
1722 4497 1792 4552 τὰ
1826 4498 1928 4566 μὲν

2032 3296 2149 3351 cuit
2186 3308 2384 3351 nocere
2411 3334 2427 3361 ,
2479 3309 2511 3350 a
2560 3295 2766 3352 nostris
2809 3297 3240 3354 abstinuerunt?
3304 3298 3624 3361 Enimvero.

2034 3387 2326 3446 barbarico
2349 3390 2565 3447 obrutis
2602 3388 2775 3458 bello,
2793 3406 2859 3448 ac
2883 3406 3009 3447 cum
3046 3402 3193 3448 tanta
3226 3407 3328 3448 nos
3354 3394 3626 3449 malorum

2032 3480 2415 3538 circumstaret
2464 3481 3005 3553 tragtedia,Tribali,
3042 3484 3179 3540 alias
3236 3484 3461 3556 quidem
3522 3486 3627 3540 cir-

2032 3582 2361 3629 cumeuntes
2396 3571 2725 3630 Macedonia:
2753 3573 2916 3630 urbes
2950 3575 3262 3633 defectione
3300 3579 3626 3646 tentabant;

2030 3664 2164 3719 alias
2198 3664 2437 3721 admotis
2484 3664 2820 3721 exercitibus
2849 3680 2915 3723 ac
2956 3667 3222 3724 machinis
3261 3672 3622 3741 occupabant,

2035 3755 2173 3813 alias
2195 3758 2432 3829 denique
2453 3759 2505 3813 in
2535 3758 2695 3815 famis
2721 3758 3002 3829 angustias
3020 3761 3328 3819 mittebant.
3346 3762 3625 3836 Mysorum

2030 3858 2214 3905 autem
2248 3849 2654 3919 crudelitatem,
2676 3851 2766 3906 vix
2798 3853 3005 3908 habeas
3038 3854 3128 3909 cui
3147 3854 3242 3909 alii
3266 3870 3626 3927 comparave-

2035 3943 2129 3998 ris.
2165 3943 2401 3998 Tantum
2432 3944 2595 4013 plane
2623 3946 2836 4012 aberat,
2860 3957 2923 4001 ut
2956 3962 3025 4002 ne
3053 3949 3273 4020 jactatis
3298 3961 3623 4022 tempestate

2033 4034 2239 4091 nostris
2259 4034 2491 4092 urbibus
2513 4035 2770 4107 praesidio
2793 4050 3001 4108 essent,
3021 4051 3080 4096 ut
3098 4041 3235 4098 alias
3255 4043 3625 4116 quidem,quo

2032 4126 2194 4181 facile
2237 4138 2593 4197 caperentur,
2638 4127 2966 4185 venderent.
3014 4131 3128 4187 Hoc
3156 4134 3305 4187 enim
3333 4133 3401 4189 iis
3432 4152 3588 4206 prem
3610 4167 3623 4177 -

2032 4222 2202 4288 ptum
2248 4225 2386 4277 erat,
2421 4219 2570 4289 quod
2601 4216 2747 4274 fame
2803 4220 3009 4290 pressis
3050 4225 3420 4282 necessariam
3450 4242 3624 4285 anno-

2032 4320 2180 4375 nam,
2217 4320 2528 4364 eommeatu
2563 4310 2669 4381 ipsi
2727 4307 3036 4379 afﬂuentes,
3075 4328 3185 4368 non
3239 4317 3620 4386 impertirent,

2031 4393 2167 4455 alias
2224 4400 2448 4457 sibimet
2500 4402 2605 4471 ipsi
2654 4402 2934 4460 submisso
3009 4406 3186 4463 milite
3237 4424 3303 4465 ac
3361 4409 3618 4479 ducibus,

2033 4493 2287 4563 proprias
2337 4506 2684 4562 assererem,
2710 4511 2773 4552 ac
2803 4496 3029 4565 quidem
3069 4514 3169 4569 per
3202 4516 3261 4556 se
3291 4502 3399 4573 ipsi
3430 4519 3623 4561 muros

349 4598 503 4671 τείχη
526 4597 594 4652 δι’
623 4593 833 4651 ἑαυτῶν
870 4588 1016 4665 εἶχον
1044 4634 1058 4659 ,
1099 4593 1191 4647 καὶ
1234 4590 1478 4664 φρουρὰς
1506 4590 1693 4654 αὐτοῖς
1716 4592 1924 4657 οἰκείας

2032 4586 2309 4651 tenebant,
2348 4601 2414 4642 ac
2455 4589 2679 4659 propria
2732 4591 3144 4648 constituebant
3178 4595 3477 4665 praesidial,
3516 4599 3620 4653 mi-

351 4693 790 4767 ίγκαθίστασαν·
840 4692 967 4753 τοὺς
996 4688 1055 4743 δὲ
1094 4686 1480 4761 ταλαιπώρους
1513 4688 1808 4760 οἰκήτορας
1843 4688 1931 4742 ἀεὶ

349 4782 738 4846 δουλεύσοντας
786 4781 1000 4851 ἀπῆγον
1030 4777 1107 4841 είς
1129 4777 1230 4848 τὴν
1271 4774 1473 4832 αὐτῶν.
1508 4777 1622 4832 Καὶ
1656 4776 1752 4830 νῦν
1784 4780 1933 4846 ὁμω-

352 4876 556 4947 νύμους
610 4873 711 4946 μὲν
770 4872 892 4936 ταῖς
947 4868 1248 4942 ἡμετέραις
1298 4867 1523 4921 πόλεσιν
1559 4867 1727 4933 ἄλλοις
1782 4863 1931 4922 οὗτοι

352 4967 633 5032 συνοικίας
666 4967 759 5019 ἐπὶ
788 4965 887 5036 τῆς
923 4961 1104 5019 αὐτῶν
1144 4960 1353 5032 ᾤκισαν
1386 4960 1454 5015 δι’
1483 4961 1659 5015 αὐτῶν
1683 4975 1697 4989 ·
1730 4963 1931 5030 ιιιόρονς

351 5061 407 5114 δὲ
437 5058 727 5119 τοσούτους
760 5056 1102 5123 ἐπιλέγουσιν,
1142 5053 1287 5107 ὅσων
1317 5053 1430 5107 οὐδ’
1461 5054 1529 5107 ἂν
1543 5054 1605 5105 τὸ
1637 5052 1932 5107 πολλοστὸν

351 5150 673 5222 εἰσέπραξεν
718 5152 753 5219 ἡ
798 5147 908 5202 τῶν
948 5145 1244 5218 βαρϐάρων
1286 5143 1675 5216 ἀπανθρωπία.
1738 5145 1931 5200 Καίτοι

349 5243 525 5300 ταῦτα
553 5241 862 5309 ποιοῦντες,
908 5241 1010 5312 οὐχ
1036 5240 1183 5311 ἡμᾶς
1216 5240 1315 5310 μὲν
1343 5239 1592 5308 ἠδίκουν,
1635 5238 1823 5302 αὐτοῖς
1873 5239 1931 5293 δὲ

355 5338 676 5393 συνοίσοντα
736 5334 1087 5390 ἐϐουλεύοντο
1109 5347 1124 5366 υ
1185 5332 1321 5387 ἀ).λά
1352 5329 1608 5387 τοσοῦτον
1641 5329 1748 5388 ’τοῦ
1792 5332 1931 5403 πρὸς

352 5431 499 5503 ἡμᾶς
528 5430 718 5501 μίσους
750 5426 933 5490 αὐτοῖς
961 5422 1181 5497 περιῆν,
1228 5424 1360 5478 ὥσθ’
1394 5414 1536 5495 ὑπὲρ
1563 5424 1658 5478 τοῦ
1693 5424 1762 5478 τὰ
1792 5425 1931 5496 ἠμέ-

350 5544 484 5599 τσρα
511 5524 717 5580 κακοῦν
740 5520 977 5595 ᾑροῦντο
1015 5520 1109 5573 καὶ
1134 5518 1291 5573 αὐτοὶ
1328 5517 1397 5571 τὰ
1415 5519 1591 5571 οἰκεῖα
1620 5517 1932 5586 προσαπολ-

348 5621 528 5675 λύναι.
569 5621 667 5685 ’Δς
712 5619 826 5689 γὰρ
874 5616 1154 5688 ἡμετέρας
1205 5614 1364 5669 αὐτοὶ
1410 5609 1666 5686 διῴκιζον
1719 5613 1926 5680 πόλεις,

348 5706 508 5769 αὗται
543 5714 611 5785 τῇ
660 5712 868 5765 τούτων
898 5710 1022 5764 ἀντὶ
1048 5708 1262 5780 τείχους
1310 5707 1595 5778 ἐγίγνοντο
1616 5725 1631 5739 ·
1687 5708 1785 5763 καὶ
1812 5709 1929 5773 τοίς

348 5802 647 5876 βαρϐάροις
701 5801 959 5875 ἀσχολίαν
1008 5802 1348 5873 παρέχουσαι
1374 5840 1391 5867 ,
1447 5800 1666 5872 μέλλειν
1704 5802 1927 5859 ἐποίουν

349 5896 537 5964 αὐτοῖς
570 5897 631 5952 τὸ
666 5897 859 5966 κακὸν,
879 5897 1003 5952 ἀντὶ
1043 5894 1144 5949 τοῦ
1172 5898 1450 5967 παρεῖναι.
1481 5896 1652 5967 Δῆλον
1670 5894 1764 5951 δέ*
1798 5894 1921 5951 τού.

2034 4692 2188 4734 serus
2248 4689 2432 4735 autem
2494 4682 2734 4748 incolas,
2797 4693 3080 4754 perpetuae
3139 4687 3273 4757 jugo
3332 4690 3621 4751 servitutis

2033 4773 2307 4843 addictos,
2342 4792 2371 4830 a
2414 4776 2591 4847 patria
2641 4778 3014 4835 abducebant.
3050 4780 3158 4837 Sed
3194 4793 3249 4840 et
3303 4784 3490 4852 modo,
3514 4801 3616 4840 no-

2033 4867 2159 4922 stris
2211 4868 2541 4940 cognomina
2598 4868 2829 4925 urbibus
2866 4872 3066 4943 oppida
3095 4874 3151 4928 in
3194 4864 3311 4931 suis
3342 4875 3445 4947 ipsi
3473 4877 3620 4932 sedi-

2035 4959 2139 5014 bus
2168 4976 2267 5031 per
2302 4976 2398 5017 eos
2428 4970 2857 5032 exstruxerunt,
2885 4974 3107 5035 tamque
3152 4967 3415 5023 inuncnsa
3450 4970 3619 5025 vecti-

2032 5054 2175 5124 galia
2227 5054 2514 5125 colligunt,
2554 5064 2614 5110 ut
2666 5072 2738 5112 ne
2780 5059 3067 5128 exigendis
3112 5061 3480 5118 Barbarorum
3519 5066 3621 5118 in.-

2033 5146 2268 5202 manitas
2307 5148 2499 5203 multis
2546 5149 2799 5219 partibus
2832 5149 2899 5205 ad
2954 5167 3019 5206 ea
3082 5153 3328 5209 accedat.
3372 5153 3616 5213 Tametsi

2033 5236 2153 5295 hmo
2183 5248 2434 5309 agentes,
2482 5240 2627 5296 haud
2692 5243 2767 5298 ita
2808 5243 3106 5314 habebant,
3140 5260 3199 5301 ut
3247 5260 3350 5303 nos
3390 5249 3615 5321 quidem

2033 5330 2321 5398 laederent,
2357 5333 2465 5390 sibi
2498 5342 2680 5391 autem
2714 5338 2862 5407 quod
2891 5355 2922 5395 e
2950 5355 3008 5396 re
3034 5351 3182 5396 esset
3208 5341 3566 5399 consulerent
3600 5365 3613 5400 :

2032 5422 2167 5495 quin
2213 5425 2325 5482 imo
2353 5442 2417 5482 ea
2468 5426 2524 5483 in
2561 5444 2665 5485 nos
2718 5429 3036 5488 ferebantur
3058 5434 3173 5491 odii
3204 5437 3614 5507 exsuperantia,

2032 5523 2094 5574 ut
2118 5520 2284 5576 modo
2313 5532 2579 5578 nocerent
2607 5526 2830 5590 nostris,
2866 5542 2962 5581 sua
3004 5527 3109 5593 ipsi
3140 5529 3376 5585 libentes
3407 5533 3617 5601 pariter

2033 5613 2351 5682 perderent.
2376 5611 2524 5681 Quas
2576 5616 2727 5671 enim
2770 5616 2846 5671 illi
2896 5627 3117 5676 nostras
3147 5620 3486 5691 dissiparant
3518 5638 3619 5680 ur-

2032 5706 2151 5772 bes,
2180 5722 2377 5764 sorum
2404 5707 2632 5765 sedibus
2663 5712 2806 5767 muri
2836 5712 2959 5767 loco
3007 5724 3201 5781 erant,
3234 5714 3616 5787 Barbarosque

2029 5809 2391 5870 occupantes,
2438 5796 2690 5858 futurum
2735 5803 2838 5869 eis,
2892 5804 3017 5861 loco
3064 5805 3349 5877 praesentis
3406 5808 3615 5866 malum

2031 5890 2329 5957 faciebant.
2384 5900 2461 5957 Ac
2522 5898 2699 5971 liquet
2756 5918 2769 5957 :
2832 5899 2902 5957 iis
2950 5902 3097 5959 cnim
3147 5902 3465 5972 destructis,
3501 5904 3617 5977 jam
