4156 6300
554 394 667 457 ’975

1793 387 2182 453 DEMETRII
2243 388 2554 452 CYDONII

3725 389 3834 454 9‘16

560 504 787 579 quidem
820 503 1124 572 Trinabum
1181 501 1460 571 muniunt,
1490 501 1710 573 aliaque
1738 478 1979 559 obsessas
2021 503 2136 563 urbi

2249 521 2357 558 των
2387 503 2495 574 γάρ
2517 502 2944 576 καθῃρημένων,
2964 501 3232 574 Τρίναϐον
3262 503 3359 574 μὲν
3383 503 3483 576 ήδη
3506 502 3830 574 τειχίζουσι,

533 599 822 671 praesidio
870 600 1059 654 futura
1088 597 1382 662 inducunt,
1413 595 1494 652 sic
1543 595 1757 666 liquido
1788 599 1933 666 quod
1967 597 2143 654 inter-

551 696 700 766 jacet
726 687 1003 762 Mysorum
1028 698 1113 746 est
1150 689 1364 759 praeda,
1413 673 1638 742 Barbari
1673 698 1885 753 autem,
1909 689 2144 746 liberius

535 803 754 842 eorum
812 785 1076 840 invadent
1122 795 1318 846 terras,
1351 798 1518 854 quam
1547 782 1731 838 colant
1768 797 1931 844 suas.
1959 798 2145 840 nunc-

555 895 665 951 que
707 879 844 935 alias
897 878 1001 948 ipsi
1065 885 1319 947 quaerunt
1367 876 1547 942 sedes,
1595 874 1856 946 tanquam
1896 874 2035 930 nihil
2073 874 2143 933 ab

558 973 805 1032 hostium
830 973 1054 1029 sedibus
1082 987 1212 1027 suas
1239 971 1467 1027 dill'erre
1494 970 1746 1027 credant.

617 1157 814 1214 ﬂosne
832 1170 986 1226 ergo,
1016 1169 1149 1224 rogo
1177 1160 1249 1219 te,
1282 1151 1410 1208 belli
1441 1154 1622 1209 socios
1652 1123 1898 1208 vocaturi
1926 1167 2141 1220 sumus,

551 1249 755 1321 quibus
802 1249 846 1304 si
893 1245 1024 1318 quid
1057 1245 1218 1314 nobis
1259 1244 1546 1300 infortunii
1587 1245 1816 1309 accidat,
1850 1242 2142 1299 commodo

551 1342 626 1397 sit
661 1355 980 1399 cessurum.
1022 1353 1271 1408 quosque
1325 1337 1484 1391 malis
1533 1336 1761 1399 nostris,
1791 1351 1984 1391 omnes
2017 1351 2144 1406 pro-

550 1448 740 1493 vectos
795 1434 1010 1490 sciant?
1057 1433 1330 1488 Ceterum
1393 1431 1525 1502 quid
1572 1446 1635 1486 ea
1681 1429 1852 1496 dixi2.
1887 1429 2142 1499 Optimus

547 1529 698 1590 enim
746 1536 938 1582 noster
989 1527 1313 1595 imperator,
1337 1534 1463 1595 post
1499 1524 1700 1579 multas
1723 1522 2142 1602 'legationesvac

550 1622 784 1678 collatos
811 1634 1120 1683 sermones,
1155 1618 1359 1688 quibus
1414 1618 1469 1671 in
1520 1617 1648 1672 belli
1685 1617 2142 1673 societatcmad-

549 1713 834 1769 ducendos
865 1710 1143 1782 sperabat,
1189 1709 1372 1778 ipsum
1413 1708 1609 1772 ﬁlium,
1641 1708 1860 1778 imperii
1890 1707 2139 1761 futurum

537 1819 955 1866 successorem,
981 1801 1047 1856 ad
1086 1803 1401 1872 nuptiarum
1448 1799 1655 1855 hedera
1703 1815 1828 1855 eum
1864 1799 2136 1870 principis

2250 598 2346 652 xui
2371 596 2520 652 τᾶλλ’
2558 590 2632 652 ὧν
2687 597 2768 650 δεῖ
2803 599 2914 660 τοῖς
2957 595 3463 667 πολιορκουμένοις,
3512 595 3828 665 είσάγουσιο

2249 688 2423 752 οὕτως
2452 690 2714 759 ἄντικρυς
2731 689 2937 743 Μυσῶν
2965 688 3084 742 λεία
3107 687 3169 741 τδ
3194 688 3424 759 μεταξύ.
3450 689 3512 742 Oi
3539 688 3596 741 δέ
3627 687 3837 758 βάρϐαο

2252 799 2332 852 ροι
2373 783 2510 851 μετὰ
2553 780 2797 846 πλείονος
2824 781 3011 836 ἐπίασι
3033 782 3132 854 τὴν
3165 782 3371 846 αὐτῶν,
3428 783 3462 853 ἢ
3495 781 3706 837 οἰκοῦσι
3730 781 3832 854 τὴν

2247 875 2429 929 αὐτῶν
2451 890 2465 907 ⁶
2508 879 2604 929 καὶ
2636 875 2732 930 νῦν
2762 876 2933 948 ἀλλην
2970 874 3225 946 ζητοῦσιν
3266 876 3335 947 ἢν
3373 876 3656 944 οἰκήσουσι
3687 873 3793 946 γῆν
3814 891 3830 906 ο

2245 969 2320 1032 ὡς
2351 969 2452 1038 τήν
2497 985 2562 1038 γε
2598 969 2737 1024 ίδίαν
2783 969 2936 1023 οὐδὲν
2972 968 3074 1041 τῆς
3106 968 3377 1039 πολεμίας
3430 968 3831 1022 πεπιστεύκασι

2245 1060 2551 1130 διαφέρειν.

2316 1155 2552 1219 Τούτους
2574 1157 2775 1220 τοίνυν,
2803 1156 2928 1210 είπέ
2983 1173 3096 1227 μοι,
3129 1156 3434 1226 καλέσομεν
3483 1155 3830 1225 συμμάχους,

2244 1245 2347 1314 οἷς,
2367 1250 2431 1303 ἀν
2457 1265 2510 1300 τι
2546 1249 2888 1320 πταίσωμεν,
2908 1248 3130 1320 εῦρημα
3153 1251 3390 1318 γίνεται“,
3423 1248 3516 1300 καὶ
3537 1247 3631 1311 οὓς
3659 1247 3834 1302 ἅπαν·

2245 1359 2333 1403 τες
2365 1344 2549 1396 ίσασιν
2609 1344 2673 1396 ἐκ
2705 1343 2813 1396 τῶν
2861 1343 3152 1414 ἡμετέρων
3208 1342 3396 1396 κακῶν
3441 1341 3828 1412 ηύξημένους;

2234 1435 2439 1515 ’Καίτοι
2473 1433 2527 1488 τί
2551 1434 2726 1490 ταῦτα
2753 1429 2942 1500 εἷπονς
2995 1434 3057 1489 Ὀ
3083 1434 3192 1506 γάρ
3222 1435 3402 1488 πάντα
3434 1436 3655 1506 ἄριστος
3679 1433 3834 1505 βασιο

2243 1529 2392 1593 λεὺς,
2417 1531 2444 1582 ὁ
2471 1529 2764 1600 ἡμέτερος,
2788 1527 2953 1598 λέγω,
2986 1528 3126 1597 μετὰ
3162 1529 3365 1593 πολλὰς
3399 1527 3700 1602 πρεσϐείας
3731 1530 3830 1584 καὶ

2244 1621 2458 1689 λόγους,
2487 1616 2568 1684 οἷς
2593 1621 2824 1692 ἤλπισεν
2857 1624 3053 1687 αὐτοὺς
3079 1624 3158 1686 είς
3183 1627 3283 1694 τὴν
3311 1623 3636 1692 συμμαχίαν
3662 1639 3832 1692 προσ-

2243 1713 2491 1781 άξεσθαι,
2511 1714 2613 1779 καὶ¹
2635 1715 2727 1767 τὸν
2757 1714 2874 1768 υἱὸν
2892 1712 3059 1770 αὐτοῦ
3084 1714 3175 1769 τὸν
3218 1714 3337 1786 μετ’
3367 1700 3531 1770 αὐτὸν
3577 1714 3829 1786 βασιλέα,

2243 1807 2342 1879 τὴν
2377 1807 2652 1879 θυγατέρα
2684 1807 2780 1860 τοῦ
2808 1808 3013 1862 Μυσῶν
3035 1808 3296 1878 ἄρχοντος
3329 1808 3612 1878 ἠνάγκασε
3642 1810 3834 1878 γυναῖ-

547 1900 821 1970 Mysorum
870 1896 1014 1960 lilia,
1058 1905 1259 1964 putans
1315 1895 1395 1948 sic
1458 1892 1876 1963 pelliciendum,
1933 1891 2136 1960 adegit.

2242 1919 2312 1954 κα
2340 1902 2546 1966 λαϐεῖν,
2578 1900 2753 1972 ταύτῃ
2785 1902 2987 1972 μᾶλλον
3003 1902 3252 1972 οἰόμενος
3285 1902 3448 1956 αὑτὸν
3473 1901 3829 1971 ἐφέλκεσθαι.

547 1992 715 2062 Atqui
751 1991 938 2047 sciunt
975 2004 1190 2049 omnes,
1239 2003 1402 2055 quam
1440 1987 1547 2041 hoc
1594 1986 1937 2057 conjugium,
1961 1980 2139 2056 impeé

546 2087 718 2142 ratori
803 2084 1030 2154 quidem
1097 2081 1358 2137 dedecori
1437 2079 1642 2146 fuerit,
1691 2095 1756 2136 sc
1806 2080 2135 2152 abjeclioni,

541 2193 826 2250 quamque
858 2178 938 2232 illi
972 2174 1160 2246 gloria:
1191 2190 1254 2230 ac
1299 2173 1605 2244 splendori.
1639 2172 1855 2244 Ergone
1884 2181 2032 2228 tanta
2071 2173 2142 2229 ab

549 2273 883 2343 imperatore
900 2269 1086 2341 gratia
1118 2268 1330 2334 donati,
1357 2265 1579 2328 reveriti
1612 2275 1741 2322 sunt
1764 2265 2137 2334 .beneﬂcium,

478 2361 482 2365 ’
547 2381 614 2421 ac
637 2365 722 2419 vel
759 2362 1051 2418 minimum
1105 2361 1239 2432 quid
1287 2361 1354 2415 ad
1396 2358 1866 2415 remunerationis
1895 2358 2138 2430 speciem

542 2459 807 2514 conferre
837 2454 1190 2527 cogitarunt?
1220 2452 1378 2508 Haud
1415 2453 1576 2522 plane
1607 2470 1622 2506 :
1658 2452 1874 2507 tametsi
1899 2451 2138 2508 necdum

546 2552 839 2608 conciliata
872 2549 1156 2615 affinitate,
1186 2548 1370 2604 omnia
1409 2547 1846 2618 pollicebantur;
1878 2562 1941 2601 ac
1972 2555 2138 2616 quot-

547 2652 682 2713 quot
718 2641 984 2712 promissa
1026 2639 1372 2695 ﬁrmantibus
1409 2652 1606 2695 eorum
1644 2636 2010 2692 sacramentis
2043 2635 2144 2690 ad-

547 2734 815 2790 hibebant
861 2732 1130 2799 animum,
1160 2733 1430 2802 optimum
1468 2729 1659 2786 iniisse
1710 2729 2004 2785 consilium
2039 2730 2143 2784 im—

548 2837 864 2897 peratorem
917 2823 1276 2880 affirmarent.
1324 2822 1624 2878 Enimvero
1661 2837 1786 2878 cum
1839 2823 2140 2878 necessitas

544 2899 793 2978 vocaret,
850 2929 942 2991 ne.
977 2913 1188 2975 navim,
1247 2927 1318 2966 ne
1376 2915 1640 2983 equitem,
1701 2927 1774 2968 ne
1830 2912 2139 2983 simplicem

545 3000 804 3066 militem,
837 3014 906 3055 ne
943 3014 1113 3055 unum
1167 2999 1391 3054 obolum
1449 3001 1801 3070 protulerunt
1840 3017 1855 3053 :
1898 3002 2032 3071 quin
2063 3001 2140 3056 ita

541 3094 604 3152 in
639 3094 802 3148 tinem
833 3108 1005 3165 usque
1054 3091 1303 3162 improbe
1332 3091 1436 3146 sibi
1477 3092 1750 3162 agendum
1782 3099 2136 3162 putaverunt,

2244 1993 2427 2048 Καίτοι
2467 1994 2668 2056 πάντες
2703 1994 2908 2062 ἴσασιν,
2940 1997 3072 2067 ὅσην
3113 1997 3142 2049 ὁ
3176 1995 3354 2066 γάμος
3383 1989 3538 2058 οὖτος
3566 1995 3644 2064 τῷ
3675 1995 3830 2064 βασι-

2241 2085 2324 2139 λεῖ
2353 2086 2452 2154 μὲν
2477 2086 2699 2154 ἀδοξίαν
2731 2087 2828 2157 καὶ
2850 2088 3450 2158 ταπεινότητα,ἐκείνῳ
3480 2086 3538 2139 δέ
3573 2085 3830 2142 εῠκλειαν

2242 2177 2496 2247 ἤνεγκεν.
2530 2172 2660 2248 'Ap‘
2688 2177 2782 2230 οῦν
2812 2176 3072 2249 τοιαύτης
3111 2179 3296 2242 αὐτοῖς
3317 2180 3541 2249 χάριτος
3561 2182 3657 2235 τοῦ
3677 2178 3828 2249 βασι.

2243 2269 2376 2332 λέως
2415 2271 2786 2343 ὑπάρξαντος,
2815 2271 3167 2344 ᾐσχύνθησαν
3198 2271 3298 2339 τὴν
3331 2272 3679 2341 εὐεργεσίαν,
3733 2271 3829 2325 καί

2239 2377 2293 2414 τι
2323 2362 2420 2414 καὶ⁸
2447 2363 2578 2429 παρ’
2627 2361 2808 2415 αὐτῶν
2850 2361 3041 2432 σχῆμα
3079 2360 3209 2430 γοῦν
3238 2361 3479 2431 ἀμοιϐῆς
3517 2363 3641 2432 ἔχον
3670 2363 3829 2431 γενέ.

2244 2451 2371 2506 σθαι
2425 2453 2816 2525 διενοήθησαν;
2852 2451 3141 2523 Οὐδαμῶς.
3205 2455 3401 2508 Καίτοι
3439 2453 3542 2526 πρὸ
3575 2454 3679 2524 τῆς
3727 2472 3827 2522 κη-

2242 2549 2390 2612 δείας
2419 2549 2580 2602 πάνθ’
2629 2545 2996 2620 ὑπισχνοῦντο
3016 2562 3029 2576 ·
3079 2546 3173 2600 καὶ
3206 2547 3413 2622 πάντες,
3436 2549 3516 2610 είς
3560 2546 3652 2611 οὓς
3684 2548 3826 2619 ὺπέρ

2241 2641 2452 2695 τούτων
2500 2638 2762 2710 ὤμνυσαν
2820 2639 3020 2708 ὅρκους
3069 2627 3542 2710 ὁρῶντες,’καλῶς
3583 2639 3828 2710 ἔφασκον

2243 2732 2631 2804 βεϐουλεῦσθαι
2654 2732 2748 2785 τὸν
2781 2730 3030 2800 βασιλέα.
3073 2731 3234 2785 ’Δλλά
3265 2732 3365 2802 τῆς
3395 2731 3587 2804 χρείας
3631 2730 3827 2786 καλού-

2245 2841 2367 2895 σης,
2410 2823 2470 2875 οὐ
2521 2820 2690 2888 ναῦν,
2721 2820 2822 2890 οὐχ
2857 2821 3054 2885 ἱππέα,
3090 2820 3189 2893 οὐχ
3233 2821 3464 2893 ὁπλίτην
3506 2820 3682 2892 ψιλὸν,
3719 2822 3823 2876 οὐκ

2241 2913 2427 2969 ὀϐολὸν
2458 2913 2556 2967 ἕνα
2588 2914 2838 2984 προεῖντο
2862 2925 2878 2942 ⁶
2906 2911 3022 2965 ἀλλ’
3051 2910 3198 2992 οὕτω
3224 2912 3315 2968 διὰ
3343 2912 3531 2976 τέλους
3564 2914 3819 2984 ἁγνωμο⁴

2240 3010 2352 3063 νεῖν
2380 3005 2551 3080 ᾤοντο
2575 3006 2710 3070 δεῖν,
2735 3005 2812 3068 ὠς
2860 3006 2958 3060 καὶ
2984 3005 3080 3059 τοῦ
3112 3004 3384 3076 βασιλέως
3407 3006 3498 3060 ἐπ’
3525 3007 3824 3078 Ἰλλυριοὺς

2241 3101 2336 3155 καὶ
2391 3099 2626 3162 Παίονας
2661 3097 2965 3171 ἀποδημεῖν
2999 3099 3326 3168 ἐγνωκότος,
3383 3100 3480 3154 καὶ
3511 3099 3582 3155 δι’
3627 3099 3824 3156 ἑαυτοῦ

543 3197 610 3246 ut
663 3204 788 3245 eum
845 3189 1144 3265 imperator
1217 3185 1272 3241 in
1336 3185 1613 3256 Illyricum
1670 3199 1735 3240 ac
1798 3185 2136 3240 Pannoniam

2246 3191 2455 3245 πείθειν
2494 3189 2904 3261 ἐπιχειροῦντος
2936 3187 3171 3261 ἀμύνειν
3207 3189 3381 3262 αὐτῷ,
3413 3190 3567 3244 αὐτοὶ
3603 3189 3827 3262 πρῶτον

543 3281 819 3356 proﬁcisci
847 3280 1203 3345 decrevisset,
1254 3280 1478 3350 ipseque
1515 3294 1615 3349 per
1658 3277 1810 3332 viros
1865 3277 2134 3336 inducere

2240 3285 2341 3357 μὲν
2376 3281 2535 3339 πάντ⁹
2566 3282 2802 3346 ἐκίνουν,
2836 3281 2905 3336 δι’
2934 3277 3011 3337 ὧν
3038 3281 3461 3354 ἧλπιζονάὒτδν
3488 3283 3829 3355 ἀποστήσειν

543 3381 610 3428 ut
659 3370 994 3427 vindicando
1049 3371 1254 3425 auxilia
1327 3370 1558 3438 darent;
1619 3371 1860 3442 primum
1909 3371 2135 3443 quidem

545 3464 625 3519 illi
663 3463 799 3517 nihil
832 3477 942 3517 non
972 3462 1269 3528 moverint,
1299 3461 1502 3532 quibus
1531 3461 1601 3518 ab
1629 3463 1898 3534 ejusmodi
1924 3465 2133 3534 optimo

542 3556 781 3612 consilio
835 3555 1230 3610 retrahendum
1291 3563 1580 3625 sperarent
1617 3571 1633 3611 :
1665 3554 1760 3610 ubi
1813 3562 1997 3611 autem
2030 3557 2138 3611 mia

543 3649 693 3704 nime
755 3638 1162 3720 persuasissent
1209 3648 1511 3703 annuerint
1567 3647 1814 3719 quidem,
1865 3664 1931 3704 ac
1986 3658 2135 3704 recte

525 3739 751 3796 :habere
784 3739 930 3810 quod
961 3740 1270 3794 consultum
1309 3748 1460 3795 esset
1487 3738 1615 3814 fassi
1644 3738 1796 3804 sint;
1831 3754 1994 3810 quam
2020 3740 2134 3795 cito

523 3846 731 3890 -tamen
796 3849 935 3905 quas
987 3833 1116 3888 inde
1177 3833 1428 3888 licuisset
1485 3831 1853 3888 adducentem
1922 3831 2132 3902 copias,

527 3927 750 3982 reverti
786 3925 1138 3991 monuerint;
1168 3923 1314 3994 quod
1350 3922 1624 3994 reliquum
1671 3922 1955 3978 videretur
1979 3922 2133 3994 adje-

539 4031 733 4076 cturos
763 4035 843 4084 se,
875 4035 940 4074 ae
977 4019 1191 4074 alacres
1224 4017 1414 4075 sociali
1451 4017 1596 4072 bello
1628 4015 1868 4081 futuros,
1899 4016 2132 4086 ejusque

543 4113 719 4182 gratia
768 4112 908 4166 nihil
960 4127 1070 4166 non
1107 4110 1417 4166 molituros.
1444 4110 1623 4180 Atque
1651 4109 1769 4166 haec
1800 4109 2022 4182 quidem
2055 4109 2134 4165 illi

545 4205 966 4275 pollicebantur.
1000 4204 1142 4260 Num
1175 4211 1361 4261 autem
1394 4204 1576 4260 verbis
1608 4218 1697 4259 res
1722 4203 2130 4275 responderint,

544 4306 697 4352 certo
728 4312 893 4352 nosse
924 4298 1076 4364 licet,
1101 4314 1166 4352 ex
1199 4297 1270 4350 iis
1295 4311 1415 4366 quae
1441 4295 1782 4352 acciderunt.
1808 4294 1948 4351 Olim
1980 4293 2128 4351 enim

543 4391 772 4445 Barbari
805 4391 1059 4446 veniente
1108 4390 1440 4460 imperatore
1473 4405 1667 4460 pcenas
1695 4389 1995 4454 dedissent,
2021 4389 2128 4444 nisi

545 4481 626 4538 illi
661 4482 828 4536 sociis
879 4496 945 4537 ae
993 4479 1472 4535 commilitonibus
1501 4479 1620 4533 vias
1669 4476 2128 4541 interclusissent,

2233 3378 2344 3432 τῶν
2378 3377 2559 3442 καλῶς
2592 3375 2952 3446 ἐγνωσμένων
2975 3392 2991 3409 ο
3041 3375 3116 3439 ὡς
3145 3375 3190 3428 δ’
3223 3375 3326 3430 ούκ
3363 3376 3604 3441 ἔπειθον,
3637 3378 3820 3433 ἐνδόν-

2233 3487 2347 3535 τες,
2380 3457 2476 3524 xui.
2506 3468 2689 3532 καλῶς
2719 3469 2864 3538 ἐχειν
2897 3466 3149 3530 εἰπόντες
3166 3468 3235 3522 τά
3271 3468 3696 3540 βεϐουλευμένα,
3721 3470 3824 3542 τὴν

2234 3560 2497 3630 ταχίστην
2535 3557 2899 3628 ἀναστρέφειν
2937 3554 3236 3627 παρῄνουν,
3297 3557 3431 3629 ὅσην
3485 3559 3552 3612 ἀν
3597 3559 3824 3628 δύνηται

2233 3653 2468 3722 δύναμιν
2500 3650 2874 3721 ἐπαγόμενον*
2917 3636 3018 3720 τὴν
3045 3649 3102 3702 δὲ
3132 3650 3328 3722 λοιπὴν
3361 3649 3695 3722 προσθήσειν
3723 3654 3825 3710 αύ-

2234 3747 2384 3811 τοὺς,
2417 3747 2512 3800 καὶ
2555 3743 3148 3815 συμπροθυμήσεσθαι,
3212 3746 3309 3798 καὶ
3354 3745 3533 3800 πάντα
3588 3747 3824 3818 πράξειν

2234 3838 2376 3910 ὑπὲρ
2406 3839 2595 3894 αὐτοῦ.
2653 3837 2846 3919 Ταῦτα
2877 3837 2974 3908 μὲν
3017 3831 3156 3909 ἦσαν
3191 3840 3249 3891 ἐν
3293 3832 3376 3902 οἷς
3423 3840 3819 3911 ύπισχνοῦντοο

2234 3933 2285 3987 εί
2310 3931 2357 3985 δ’
2387 3927 2467 3995 οἷς
2494 3932 2703 4000 ελεγον,
2736 3931 2834 3985 καὶ⁹
2853 3931 2921 3982 τὰ
2951 3932 3061 3984 ἀπὸ
3089 3929 3197 3984 τῶν
3221 3932 3566 4002 πραγμάτων
3597 3934 3822 4005 συνέϐη,

2234 4022 2446 4090 ἔξεστιν
2479 4023 2542 4075 ἐκ
2573 4022 2681 4075 τῶν
2701 4021 3023 4076 ἀποϐάντων
3047 4022 3142 4091 τὴν
3162 4022 3473 4095 μαρτυρίαν
3495 4023 3821 4095 λαμϐάνειν.

2234 4116 2412 4172 Πάλαι
2444 4116 2635 4186 γὰρᾶν
2664 4114 2821 4185 δίκην
2846 4113 3035 4168 ἔδοσαν
3067 4115 3114 4168 οί
3137 4114 3404 4186 βάρϐαροι
3433 4115 3533 4171 τοῦ
3554 4118 3824 4188 βασιλέως

2235 4207 2505 4270 ἐλθόντος,
2541 4207 2592 4258 εί
2627 4203 2704 4275 μὴ
2755 4205 2896 4274 τοῖς,
2922 4205 3236 4275 συμμάχοις
3290 4198 3440 4261 οῦτοι
3484 4205 3584 4272 τὰς
3615 4206 3822 4274 διόδους

2236 4299 2597 4361 ἀπέκλεισαν,
2654 4296 2746 4348 καὶ⁸
2799 4296 2925 4359 τοὺς
2983 4295 3297 4367 βαρϐάρους
3331 4299 3468 4368 ἡμῖν
3500 4297 3598 4354 τοῦ
3627 4294 3824 4372 θέρους

2235 4390 2540 4461 ἐπήγαγον,
2563 4387 2752 4442 οὐδένα
2785 4386 2972 4441 λοιπὸν
2997 4387 3260 4452 δεδιότας.
3288 4378 3446 4443 Ὠστ’
3472 4391 3529 4445 ετ
3546 4378 3631 4455 τις
3656 4379 3822 4463 ἄχθε-

2233 4498 2326 4533 ται
2358 4479 2471 4540 τοῐς
2501 4479 2766 4550 παροῦσι.
2807 4479 3022 4544 τούτοις
3080 4480 3180 4550 τὴν
3244 4481 3429 4534 αἰτίαν
3471 4483 3581 4536 τῶν
3631 4485 3825 4538 κακῶν

543 4574 712 4643 inque
771 4587 874 4627 nos
927 4583 1138 4638 aestate,
1192 4571 1333 4626 nihil
1387 4573 1498 4642 jam
1559 4573 1816 4624 timentes
1859 4568 2134 4624 Barbaros

2239 4571 2558 4642 λογιζέσθω.
2599 4571 2682 4635 Ὠς
2711 4573 2766 4627 εί
2795 4571 2846 4640 γ’
2874 4573 3139 4643 ἐμμένειν
3183 4567 3329 4628 οὗτοι
3359 4577 3473 4638 τοῖς
3504 4576 3824 4648 ύπεσχημέο

541 4666 925 4723 immisissent.
949 4666 1318 4734 Quamobrem
1346 4666 1390 4720 si
1427 4666 1552 4736 quis
1590 4680 1772 4720 rerum
1808 4672 2133 4734 praesentem

539 4771 747 4818 statum
795 4762 1028 4816 moleste
1082 4759 1273 4824 habet,
1306 4760 1578 4814 malorum
1613 4759 1695 4814 eis
1734 4758 1970 4828 imputet
2003 4771 2140 4811 cau-

541 4868 683 4908 sam.
708 4854 890 4923 Atque
924 4851 1090 4916 adeo,
1125 4851 1278 4905 utilli
1314 4850 1620 4905 voluissent
1647 4849 1934 4920 promissis
1964 4858 2133 4911 stare.

540 4961 654 5000 non
693 4944 870 4999 modis
893 4941 1152 4998 omnibus
1184 4958 1273 4998 res
1300 4941 1640 4996 confundere
1666 4956 1728 4995 ac
1752 4941 2134 5012 pessumdare,

538 5037 674 5092 olim
717 5052 818 5092 nos
861 5051 892 5089 a
937 5034 1311 5090 Barbarorum
1364 5034 1567 5104 injuria
1620 5032 1783 5087 liberi
1821 5047 2132 5103 ageremus,

537 5130 804 5201 omnique
834 5127 1234 5197 tranquillitate
1273 5126 1439 5181 urbes
1473 5127 1864 5182 incoleremus.

609 5222 746 5289 Quis
785 5236 954 5291 ergo,
985 5208 1091 5273 nisi
1141 5218 1370 5272 insanus
1422 5227 1528 5279 est.
1565 5218 1650 5273 vel
1691 5219 1972 5272 modicum
2000 5217 2136 5289 quid

535 5317 612 5373 ab
649 5314 760 5370 illis
801 5313 1132 5384 speraverit,
1162 5310 1367 5381 quibus
1400 5320 1588 5367 nostra
1642 5312 1806 5374 mala.
1838 5327 1936 5367 sua
1986 5311 2138 5383 ipso-

545 5426 668 5464 rum
727 5409 905 5464 salute
956 5405 1358 5462 ehariora.sint
1407 5420 1471 5459 ac
1507 5404 1812 5461 studiosius
1867 5405 2135 5476 quaesita?

545 5502 831 5574 Siquidem
862 5515 997 5570 ergo
1048 5507 1110 5554 ut
1163 5499 1394 5572 Scythas
1425 5498 1585 5554 nobis
1615 5499 1980 5555 auxiliaturos
2006 5515 2136 5570 spe-

542 5615 754 5664 remus,
784 5612 990 5652 vanum
1025 5604 1140 5660 est;
1175 5603 1234 5649 ut
1278 5595 1528 5649 Tribalos
1561 5593 1893 5660 ridiculum;
1931 5602 1991 5649 ut
2022 5595 2136 5666 lily-

539 5708 634 5750 sos
661 5692 798 5747 nihil
824 5688 891 5746 ad
921 5704 1073 5760 spem
1107 5690 1456 5743 commodum
1476 5727 1492 5752 ,
1527 5687 1704 5743 nostri
1734 5701 1870 5742 vero
1896 5703 2131 5756 quorum

540 5786 758 5860 pridem
794 5784 971 5838 virtus
1015 5781 1228 5837 defecta
1264 5784 1358 5845 sit,
1389 5781 1536 5833 nulla
1575 5779 1715 5836 ratio
1743 5777 1996 5835 habenda
2025 5788 2130 5848 est,

544 5895 722 5953 quem
761 5877 1019 5951 praesenti
1053 5875 1314 5946 deinceps
1364 5874 1583 5944 negotio
1613 5874 1998 5932 auxiiiatorem
2033 5889 2132 5931 vo-

2239 4683 2348 4729 νοις
2383 4665 2689 4728 ἐϐούλοντο,
2742 4665 2837 4717 καὶ
2887 4667 2966 4737 μὴ
2994 4667 3170 4720 πάντα
3200 4667 3402 4738 τρόπον
3457 4672 3683 4740 συγχεῖν
3725 4673 3824 4726 καὶ

2237 4760 2578 4831 διαφθείρειν
2615 4758 2684 4812 τά
2718 4760 3041 4830 πράγματα,
3072 4760 3242 4814 πάλαι
3272 4761 3341 4815 ἂν
3390 4763 3552 4833 ἡμεῖς
3581 4763 3682 4832 τῆς
3710 4764 3822 4817 τῶν

2240 4852 2538 4924 βαρϐάρων
2571 4849 2783 4917 ὕϐρεως
2824 4851 3224 4924 ἀπηλλάγμεθα
3244 4891 3262 4920 ,
3291 4853 3387 4907 καὶ
3437 4853 3560 4925 μεθ’
3587 4853 3822 4928 ἡσυχίας

2237 4947 2335 5011 τὰς
2367 4945 2553 5010 πόλεις
2586 4943 2865 5015 ᾠκοῦμεν.

2308 5223 2404 5287 Τίς
2430 5218 2546 5288 οὖν,
2580 5222 2738 5286 εἴτις
2767 5219 2847 5292 μὴ
2899 5222 3172 5293 μαίνοιτο,
3204 5219 3428 5292 μέτριον
3470 5219 3537 5274 ἀν
3581 5235 3636 5272 τι
3663 5219 3820 5291 παρά

2235 5315 2445 5369 τούτων
2497 5314 2737 5382 ἐλπίσαι,
2789 5308 2870 5377 οἷς
2919 5313 2991 5366 τὰ
3024 5313 3267 5384 ἡμέτερα
3321 5312 3466 5367 κακά
3502 5313 3606 5384 τῆς
3637 5311 3822 5366 αὐτῶν

2237 5410 2516 5480 σωτηρίας
2539 5408 2742 5479 μᾶλλον
2766 5406 3161 5475 σπουδάζεται;
3195 5406 3408 5478 Οὐκοῦν
3439 5409 3488 5460 εί
3515 5406 3578 5460 τὸ
3603 5406 3819 5472 Σκύθας

2239 5505 2336 5573 μὲν
2364 5504 2494 5572 ἡμῖν
2520 5503 2739 5574 βοηθεῖν
2768 5502 2960 5568 ἕωλον,
2991 5503 3169 5572 γέλως
3205 5501 3262 5555 δέ
3291 5501 3322 5571 ἡ
3348 5499 3641 5572 Τριϐαλῶν
3677 5517 3822 5571 συμ-

2237 5595 2434 5665 μαχία,
2491 5595 2791 5648 ἀνέλπιστα
2835 5593 2892 5647 δὲ
2945 5593 3015 5648 τά
3045 5593 3274 5659 Μυσῶν,
3329 5595 3477 5664 ἡμᾶς
3513 5592 3561 5648 δ’
3588 5588 3656 5647 αὖ
3695 5591 3822 5647 οὐδὲ

2237 5686 2695 5760 προσλογίζεσθαι
2717 5687 2824 5758 χρὴ
2849 5687 3019 5740 πάλαι
3047 5687 3419 5758 ἀπειρηκότας
3439 5701 3456 5716 ο
3491 5685 3612 5740 τίνα
3630 5685 3823 5738 λοιπδν

2235 5779 2540 5850 καλέσομεν
2563 5779 2852 5850 σύμμαχον
2879 5782 2974 5833 ἐπὶ
2999 5781 3067 5834 τὰ
3095 5782 3373 5850 παρόντας
3425 5779 3500 5834 Οὐ
3517 5779 3626 5848 γάρ
3647 5777 3824 5850 δήπου

2237 5873 2609 5944 Μασσαγέτας
2643 5873 2953 5946 ἀξιώσομεν
2982 5873 3126 5943 δεῦρ’
3158 5874 3337 5945 ἣκειν,
3380 5872 3826 5945 μετασχήσοντας
