4156 6300
459 327 555 391 991

1755 335 2130 394 liillilETRIl
2173 334 2486 396 CYDONll

3609 339 3726 404 992

459 445 656 498 facturi
695 444 997 502 voluissent
1035 452 1158 502 iuva
1185 451 1319 512 lere,
1358 450 1487 518 quid
1527 450 1757 507 rationis
1789 463 1850 508 ut
1887 453 2040 509 inva-

2168 455 2223 506 )s
2250 456 2356 526 γὰρ
2389 455 2455 527 δὴ
2483 453 2546 509 τό
2580 457 2631 526 γ’
2665 456 2730 511 ὲκ
2769 459 3133 532 προρρήσεως
3175 460 3434 530 πολεμεῖν
3476 462 3718 532 ἀσφαλέ-

460 543 672 595 sionent
704 544 1096 612 praniieerent?
1117 545 1225 600 Nec
1256 547 1401 600 enim
1435 546 1539 601 boc
1572 546 1764 612 tutius,
1802 558 1860 600 ut
1889 549 2046 604 hoste

467 635 798 702 przemonito
837 636 904 690 ad
956 637 1156 691 bellum
1190 638 1515 708 aceingaris.
1555 638 1652 694 Sin
1680 651 1861 696 autem
1896 643 2046 711 quis,

467 727 687 781 tametsi
735 730 1219 797 prmsentientibus
1253 732 1412 785 nubis
1459 732 1596 787 nihil
1639 732 1768 788 inde
1812 736 2050 806 amplius

465 819 582 874 fore
615 820 839 884 dixerit,
873 824 1004 891 quid
1031 824 1143 892 jam
1190 841 1284 878 eos
1319 825 1558 881 ludenda
1589 825 1776 881 fabula
1814 844 1877 882 ac
1907 830 2053 883 deci-

465 915 668 983 piendo
697 927 972 983 spectasse
1017 917 1297 972 dicemus?
1339 919 1443 974 nisi
1475 920 1600 990 quis
1633 921 1783 976 nullo
1814 937 1910 975 eos
1945 921 2051 976 [ine

465 1023 630 1076 agere
660 1007 884 1072 dixerit.
916 1010 1234 1074 Enimvero,
1262 1013 1313 1064 id
1344 1013 1410 1066 de
1435 1013 1638 1068 nostris
1666 1014 1817 1070 bisce
1840 1030 2055 1069 sermo-

472 1101 634 1154 nibus
681 1102 946 1169 probabili
996 1104 1167 1174 magis
1193 1104 1407 1160 ratione
1439 1106 1644 1160 dictum
1686 1106 1959 1172 videatur,
1994 1115 2052 1162 ut

467 1209 564 1248 eos
588 1195 857 1263 jactemus
891 1185 1118 1261 temere,
1151 1199 1474 1268 nullumque
1497 1199 1861 1254 contendendi
1886 1198 2051 1254 tinem

469 1287 760 1354 faciamus,
806 1289 900 1357 qui
935 1290 1225 1346 sedeamus
1255 1292 1412 1347 luero
1443 1291 1794 1361 deputantes,
1833 1300 1888 1346 ut
1921 1292 2053 1361 quid

471 1381 720 1436 criminis
751 1384 937 1439 studio
963 1385 1283 1451 inferamus,
1321 1395 1379 1440 ut
1411 1387 1535 1456 quis
1561 1385 1700 1440 bene
1732 1385 1881 1442 velit.
1911 1386 2057 1441 Prte-

473 1482 624 1528 terea
664 1491 813 1537 vero,
863 1493 969 1532 non
1015 1478 1130 1533 haec
1180 1479 1414 1534 Romani
1462 1495 1492 1534 a
1533 1479 1780 1549 patribus
1827 1478 2052 1545 habent,

472 1583 575 1623 nee
603 1570 685 1623 eis
713 1585 775 1623 ea
808 1569 1030 1625 ferenda
1089 1583 1183 1624 aut
1223 1578 1452 1637 cognata
1496 1580 1647 1634 sunt,
1685 1567 1862 1638 inquit
1891 1567 2061 1640 juris-

473 1662 915 1716 consultissinins
965 1663 1075 1717 ille.
1107 1663 1385 1728 Quosnam
1425 1663 1572 1717 enim
1622 1663 1836 1732 priores
1890 1661 2053 1723 nobis

475 1753 837 1822 decipientes.
873 1756 951 1809 sic
993 1754 1062 1810 de
1111 1755 1246 1826 ipsis
1296 1755 1611 1825 suspicandi
1660 1771 1847 1810 ansam
1897 1755 2060 1811 nobis

473 1846 800 1912 praebuere?
846 1845 1160 1912 Enimvero,
1214 1847 1513 1900 multorum
1562 1847 1783 1917 quidem
1811 1888 1825 1910 ,
1856 1849 2060 1915 rogati,

478 1941 683 2008 patrias
723 1939 1068 1992 vindicarunt
1109 1955 1173 1994 ac
1221 1940 1565 2007 libertatem;
1611 1951 1672 1995 ut
1705 1950 1887 1995 autem
1937 1940 2063 2010 quis

477 2047 671 2087 eorum
709 2047 896 2097 causa,
928 2047 1090 2102 quam
1122 2047 1248 2100 spes
1276 2045 1450 2092 erant.
1480 2035 1723 2088 deterior
1751 2035 2060 2101 recesserit,

476 2137 642 2177 nemo
688 2123 956 2178 hactenus
1003 2126 1293 2180 ostendere
1346 2125 1537 2196 possit.
1587 2126 1729 2192 Quin
1775 2127 1915 2196 apud
1966 2142 2064 2182 eos

477 2217 617 2272 adeo
647 2215 823 2272 virtus
857 2219 970 2276 haec
999 2235 1209 2273 summa
1245 2229 1330 2274 est
1369 2234 1434 2273 ac
1463 2235 1822 2288 exsuperans,
1857 2233 1917 2274 ut
1960 2236 2064 2276 nec

476 2310 624 2365 desit
661 2309 755 2380 qui
791 2320 844 2366 et
877 2310 990 2381 jam
1023 2311 1271 2366 stultitia:
1295 2327 1358 2364 ea
1396 2321 1550 2382 parte
1574 2325 1818 2368 accuset.

551 2400 768 2472 Quippe
797 2401 922 2470 quis
962 2401 1093 2467 fuit,
1135 2417 1233 2470 pro
1266 2416 1525 2470 agrorum
1557 2401 1757 2456 ﬁnibus
1788 2402 1939 2457 litem
1969 2401 2061 2457 alii

481 2492 787 2560 intentans,
817 2509 880 2550 ac
909 2494 978 2550 de
1011 2494 1075 2550 iis
1099 2510 1224 2550 cum
1263 2512 1328 2550 eo
1363 2494 1689 2566 digladians.
1742 2494 1847 2552 Ubi
1899 2511 2066 2567 porro

481 2596 659 2641 morte
687 2586 882 2643 habuit
913 2587 1162 2659 defungi,
1194 2586 1434 2643 moriens
1464 2588 1598 2659 ipse,
1632 2589 1868 2643 tlliorum
1899 2598 2065 2660 atque

483 2678 673 2735 uxoris
718 2688 1030 2736 curatorem
1083 2681 1340 2735 amulum
1379 2696 1446 2735 ex
1476 2689 1802 2736 testamento
1831 2683 2066 2754 inscrip-

481 2771 578 2826 sit.
616 2771 694 2826 Ac
721 2771 944 2840 quidem
992 2769 1106 2836 ille,
1139 2773 1191 2828 ei
1243 2775 1484 2828 moriens
1519 2765 1770 2835 conlidit,
1824 2790 2064 2843 quocum

481 2865 677 2919 vivens
707 2882 887 2936 pugna
914 2866 1311 2923 contendisset.
1350 2865 1503 2923 Alter
1523 2876 1706 2922 autem
1737 2867 1902 2923 rebus
1931 2869 2067 2938 ipsis

484 2957 800 3028 opinionem
830 2957 1203 3025 conﬁrmavit,
1247 2958 1536 3029 indignum
1571 2973 1639 3014 ac
1682 2958 2063 3030 turpissimum

484 3059 656 3111 ratus.
688 3060 749 3103 ut
775 3050 1078 3106 adversarii
1118 3050 1186 3104 de
1220 3050 1339 3121 ipso
1371 3051 1619 3113 meliora,
1652 3067 1816 3122 quam
1848 3053 1961 3121 ipse
1997 3052 2066 3107 de

2150 564 2363 616 στερον.
2397 549 2458 601 Ei
2490 549 2545 603 δὲ
2574 550 2671 606 καὶ
2689 553 3172 623 προαισθομένοις,
3201 553 3353 607 οὐδὲν
3376 555 3529 608 ἔσται
3561 554 3724 611 πλέον

2149 641 2304 710 ἡμῖν,
2347 641 2509 711 φήσει
2548 659 2655 706 τις,
2679 639 2833 707 ’τίνος
2856 643 3045 699 λοιπὸν
3087 645 3284 710 αὐτοὺς
3313 645 3550 717 ἐροῦμεν
3582 649 3726 701 ἁπα-

2148 733 2359 796 τῶντας
2390 733 2780 804 στοχάζεσθαι;
2821 738 2871 791 εί
2903 739 2979 810 μή
3010 755 3096 801 τις
3143 739 3279 807 πρὸς
3325 740 3492 810 μηδὲν
3538 740 3724 803 αὐτοῖς

2150 823 2292 880 εἴποι
2324 824 2546 896 βλέπειν
2577 827 2676 891 τὰς
2713 830 2964 902 πράξεις.
3008 831 3172 886 Ἀλλὰ
3205 834 3337 902 περὶ
3377 833 3484 885 τῶν
3525 833 3728 903 ἡμετέ-

2154 934 2263 989 ρων
2298 920 2525 976 τουτωνὶ
2547 922 2725 990 λόγων
2753 922 3127 996 πιθανώτερον
3155 925 3316 979 τοῦτο
3344 925 3589 993 δοξάζειν
3608 941 3622 956 ⁸
3649 925 3725 989 ὡς

2152 1011 2279 1080 εἰκῆ
2317 1012 2546 1076 τούτους
2572 1015 2860 1085 ρίπτομεν,
2896 1018 2987 1072 καὶ
3016 1018 3193 1089 πέρας
3247 1019 3382 1089 ἡμῖν
3435 1017 3586 1073 οὐδὲν
3623 1019 3726 1088 τῆς

2153 1103 2512 1173 φιλονεικίας,
2527 1107 2584 1162 οἵ
2600 1125 2661 1175 γε
2687 1096 2983 1180 καθήμεθα
3007 1110 3200 1180 κέρδος
3223 1110 3558 1180 νομίζοντες,
3581 1111 3647 1166 ἄν
3675 1126 3729 1163 τι.

2153 1199 2282 1260 τοὺς
2314 1194 2373 1255 εὖ
2406 1203 2582 1255 ποιεῖν
2621 1201 2988 1273 βουλομένους
3028 1202 3431 1273 αἱτιασώμεθα.
3461 1203 3647 1274 Χωρὶς
3672 1202 3732 1256 δὲ

2152 1291 2359 1347 τούτων
2386 1292 2488 1348 οὐκ
2535 1288 2606 1366 ἦν
2644 1293 2820 1349 ταῦτα
2878 1295 3172 1365 Ῥωμαίοις
3200 1297 3432 1366 πάτρια,
3462 1293 3574 1349 οὐδ’
3609 1295 3734 1349 ἀνε-

2154 1385 2284 1452 κτὰ,
2310 1386 2424 1440 οὐδ’
2452 1386 2695 1457 ἔμφυτα,
2745 1389 2911 1457 φησὶν
2937 1391 2964 1441 ό
3004 1387 3238 1458 μάλιστα
3291 1386 3448 1450 εἰδὼς
3489 1386 3733 1457 συμϐου-

2153 1479 2355 1535 λεύειν.
2384 1479 2550 1545 Τίνας
2584 1480 2694 1550 γὰρ
2737 1481 2932 1544 ἄλλους
2977 1481 3085 1554 πρὸ
3127 1479 3286 1552 ἡμῶν
3328 1481 3732 1549 ἁπατήσαντες,

2155 1572 2329 1627 ταῦτα
2353 1576 2633 1643 παρέσχον
2659 1575 2795 1643 ἡμῖν
2825 1575 2954 1646 περὶ
2983 1573 3164 1628 αὐτῶν
3189 1571 3735 1639 ὕποπτεύεινςᾌλλὰ

2163 1669 2270 1736 μὴν
2296 1667 2516 1730 πολλοῖς
2555 1668 2656 1736 μὲν
2684 1668 2901 1723 ἔσωσαν
2931 1667 3173 1739 δεηθεῖσι
3206 1670 3306 1732 τὰς
3342 1666 3612 1737 πατρίδας
3640 1667 3737 1721 καὶ

2158 1761 2260 1830 τὴν
2291 1759 2606 1830 ἐλευθερίαν
2627 1777 2641 1793 ·
2689 1762 2836 1824 ὅστις
2873 1760 2929 1815 δὲ
2959 1762 3029 1816 δι’
3059 1761 3259 1826 αὐτοὺς
3292 1764 3481 1833 χεῖρον
3507 1759 3616 1813 τῶν
3651 1759 3740 1813 ιλ.

2163 1852 2330 1905 πίδων
2356 1851 2689 1924 ἀπήλλαξεν,
2726 1853 2826 1906 οὐκ
2858 1855 2924 1908 ἂν
2955 1853 3068 1925 ἔχοι
3099 1872 3185 1917 τις
3239 1854 3403 1925 μέχρι
3440 1851 3600 1924 δεῦρο
3629 1853 3740 1906 δει-

2162 1942 2375 1997 κνύναι.
2424 1947 2533 1998 Καὶ
2589 1947 2825 2015 τοσαύτη
2891 1945 3022 2016 παρ’
3075 1947 3260 2011 αὐτοῖς
3285 1949 3436 2002 ἐστιν
3470 1944 3568 2011 τῆς
3607 1941 3740 2014 περὶ

2161 2037 2316 2091 ταῦτ’
2353 2039 2558 2110 ἀρετῆς
2607 2043 2639 2110 ἡ
2695 2040 2994 2113 ὑπερϐολὴ,
3027 2039 3285 2114 ὥστ’,ἦδη
3320 2056 3406 2105 τις
3451 2039 3519 2094 ἂν
3556 2038 3742 2094 αὐτῶν

2164 2134 2294 2205 περὶ
2324 2132 2498 2188 ταῦτα
2525 2135 2619 2188 καὶ
2649 2135 2904 2206 εὐήθειαν
2934 2134 3258 2205 καταγνοίη.

2239 2398 2459 2454 Τούτων
2484 2398 2596 2470 γάρ
2623 2401 2773 2453 ἐστιν
2813 2402 2842 2454 ό
2883 2399 3117 2469 πόλεμον
3148 2402 3286 2472 πρός
3315 2418 3436 2455 τινα
3465 2401 3594 2471 περὶ
3637 2402 3743 2473 γῆς

2162 2494 2305 2563 ὅρων
2347 2491 2651 2563 ἐξενεγκὼν
2674 2509 2692 2527 ·
2724 2492 2848 2546 ἐπεὶ
2893 2492 2940 2546 δ’
2986 2492 3271 2561 ἀποθάνοι,
3303 2495 3400 2563 τῆς
3432 2495 3616 2566 χώρας
3646 2496 3746 2549 καὶ

2164 2586 2258 2642 τοῦ
2284 2585 2477 2651 παιδὸς
2511 2587 2913 2658 ἀποσχόμενος,
2949 2588 3058 2651 ὅτι,
3102 2588 3260 2660 φησι,
3295 2586 3564 2643 τελευτῶν
3587 2590 3617 2643 ό
3645 2606 3741 2643 πο-

2162 2677 2374 2752 λέμιος,
2403 2681 2527 2743 ταῖς
2565 2678 2858 2749 διαθήκαις
2887 2679 3094 2734 παίδων
3146 2681 3240 2735 καὶ
3289 2680 3553 2750 γυναικὸς
3574 2681 3744 2736 αὐτὸν

2165 2768 2510 2842 ἐπιμελητὴν
2565 2769 2914 2842 παρέγραψε.
2966 2771 3078 2826 Καὶ
3112 2771 3140 2826 ό
3188 2771 3291 2842 μὲν
3344 2772 3574 2843 ἐθάρρει
3601 2773 3745 2841 μετᾶ

2162 2862 2264 2934 τὴν
2295 2861 2577 2935 τελευτὴν,
2604 2856 2652 2932 ᾧ
2681 2862 2792 2928 ζῶν
2833 2863 3134 2935 ἐπολέμει·
3168 2867 3198 2918 ό
3225 2864 3272 2919 δ’
3307 2865 3402 2918 ἐπὶ
3428 2862 3540 2920 τῶν
3565 2881 3747 2936 πραγ-

2169 2956 2358 3026 μάτων
2383 2953 2636 3008 ἐϐεϐαίου
2666 2956 2767 3024 τὴν
2796 2955 2991 3023 δόξανο
3027 2957 3305 3026 αἴσχιστον
3327 2951 3470 3013 εἶναι
3509 2957 3750 3028 νομίζων

2168 3038 2412 3114 βελτίους
2438 3043 2585 3115 ἔχειν
2607 3044 2741 3115 περὶ
2760 3042 2928 3098 αὐτοῦ
2957 3045 3086 3110 τοὺς
3117 3047 3404 3116 δυσμενεῖς
3428 3044 3756 3118 ὑπολήψεις,

483 3159 544 3198 se
571 3145 844 3198 sentiret:
876 3153 1044 3213 utque
1097 3143 1205 3199 illis
1240 3144 1640 3200 humanitatem
1683 3145 1946 3216 suffragio
1985 3161 2069 3202 as-

2171 3128 2246 3190 ὧν
2275 3137 2437 3202 αὐτὸς
2464 3139 2598 3207 περὶ
2618 3133 2816 3191 ἑαυτοῦ
2844 3151 2862 3171 ⁸
2883 3137 3174 3201 κάκείνους
3207 3136 3306 3209 μὲν
3332 3137 3753 3210 φιλανθρωπίαν

484 3234 825 3295 serentibus.
867 3233 986 3304 ipse
1042 3234 1148 3289 sibi
1211 3233 1554 3290 crudelitatis
1589 3235 1847 3289 conscius
1894 3245 2064 3291 esset.

485 3325 674 3397 Itaque
705 3343 897 3382 eorum
926 3325 1159 3382 laudans
1187 3327 1482 3381 consilium
1521 3326 1616 3396 qui
1656 3327 1777 3394 ejus
1825 3327 1903 3383 illi
1951 3328 2071 3384 ani-

488 3419 563 3473 mi
601 3429 858 3474 auctores
890 3418 1144 3483 fuissent,
1181 3419 1328 3474 baud
1359 3421 1565 3476 frustra
1613 3421 1897 3477 inimicum
1941 3437 2072 3493 spe-

490 3527 668 3578 rasse,
733 3513 899 3568 rebus
955 3513 1356 3582 comprobavit.
1417 3513 1556 3568 Cum
1617 3513 1762 3569 enim
1836 3530 2067 3582 puerum

489 3604 635 3670 apud
667 3619 727 3659 sc
783 3604 1072 3676 magniﬁce
1119 3602 1395 3669 educavit,
1427 3613 1542 3659 tum
1570 3605 1694 3676 ejus
1731 3606 2072 3675 principatus

487 3710 556 3754 ac
580 3698 946 3767 spectantium
975 3699 1042 3754 ad
1094 3698 1298 3770 ipsum,
1341 3712 1529 3752 curam
1566 3697 1788 3753 interim
1813 3699 1948 3768 egit,
1975 3697 2074 3753 do-

491 3802 595 3847 nec
626 3789 715 3846 ille
751 3792 871 3860 ejus
903 3790 1233 3846 educatione
1275 3805 1340 3846 ac
1367 3807 1526 3854 cura,
1556 3788 1721 3846 etiam
1775 3799 1931 3860 patre
1966 3789 2074 3845 imo

491 3885 649 3955 perio
679 3886 857 3957 aptior
890 3886 1248 3954 redderetur;
1304 3897 1529 3958 tumque
1584 3885 1772 3942 domui
1808 3883 2072 3955 przefecit,
2114 3871 2122 3877 ’

493 3974 758 4033 idoneum
802 3977 916 4045 jam
965 3978 1058 4048 qui
1091 3993 1181 4033 res
1211 3977 1547 4034 domesticas
1576 3984 1867 4031 tutaretur.
1900 3975 2076 4032 Caste-

490 4081 614 4122 rum
648 4069 794 4138 quod
836 4069 1102 4139 deinceps
1126 4070 1382 4141 sequitur
1415 4085 1558 4139 quos
1608 4085 1718 4125 non
1756 4069 1977 4124 virtutis
2012 4067 2075 4123 ll-

493 4159 694 4230 di-lqne
726 4161 862 4216 lines
904 4160 1152 4218 excedit?
1197 4161 1339 4218 Cum
1396 4161 1548 4216 enim
1599 4161 1840 4232 juvenis,
1891 4161 2076 4218 animo

489 4252 724 4325 juvenili
755 4266 822 4309 ac
867 4253 1013 4308 atati
1063 4268 1313 4323 congruo
1361 4265 1540 4321 esset;
1596 4255 1910 4324 nedumque
1966 4269 2075 4308 non

493 4354 767 4414 quaereret
793 4361 895 4417 pro
923 4345 1208 4402 beneﬁciis
1237 4345 1442 4417 quibus
1471 4345 1666 4401 fuisset
1697 4345 1929 4404 aﬂectus
1949 4360 2077 4416 gra-
2127 4352 2131 4355 ’

495 4439 627 4493 tiam
661 4438 910 4502 reddere,
945 4446 1005 4492 ut
1048 4437 1162 4509 jam
1211 4453 1434 4509 quoque
1478 4437 1750 4508 correptis
1805 4437 1974 4492 armis
2019 4436 2074 4491 in

2170 3229 2320 3299 αὐτῷ
2349 3230 2679 3303 μαρτυρεῖν,
2707 3228 2856 3301 αὐτῷ
2875 3230 2922 3286 δ’
2945 3231 3110 3285 αὑτὸν
3133 3231 3395 3304 ὠμότητα
3423 3231 3750 3288 συνειδέναι.

2166 3326 2380 3397 Τοιγὰρ
2417 3324 2514 3379 καὶ
2543 3321 2670 3386 τοὺς
2695 3321 2892 3393 ἐκείνῳ
2919 3322 3127 3393 ταῦτην
3152 3323 3454 3388 δεδωκότας
3484 3325 3583 3396 τὴν
3613 3323 3756 3393 γνὼ-

2171 3435 2280 3488 μην
2308 3416 2410 3488 τῆς
2440 3416 2758 3488 συμϐουλῆς
2787 3414 3109 3480 ἐπαινέσας,
3141 3415 3234 3470 ἐπὶ
3263 3414 3376 3472 τῶν
3405 3417 3751 3487 πραγμάτων

2170 3510 2263 3565 καὶ
2279 3508 2442 3573 αὐτὸς
2462 3509 2524 3564 οὑ
2562 3509 2745 3580 μάτην
2769 3506 3044 3580 ὴλπικότα
3074 3509 3169 3562 τὸν
3198 3506 3391 3579 ὲχθρδν
3415 3508 3711 3563 ἀπεδείκνυ
3729 3522 3751 3542 ο

2171 3604 2269 3658 καὶ
2301 3602 2395 3657 τόν
2435 3617 2497 3657 τε
2537 3601 2709 3659 παῖδα
2757 3601 2980 3672 τρέφων
3026 3601 3163 3672 παρ’
3199 3600 3380 3672 ἑαυτῷ
3428 3600 3753 3672 φιλοτίμως,

2170 3694 2272 3749 καὶ
2294 3693 2397 3765 τῆς
2422 3695 2600 3765 ἀρχῆς
2629 3693 2724 3747 καὶ
2766 3693 2879 3747 τῶν
2907 3691 3104 3765 δκιίνῳ
3133 3690 3501 3763 διαφερόντων
3551 3693 3751 3765 ἐπιμι-

2169 3787 2433 3858 λούμενος
2479 3787 2778 3856 διεγένετο,
2842 3784 2950 3849 ἕως
3006 3787 3214 3839 ἐκεῖνον
3264 3788 3328 3854 τῇ
3375 3783 3509 3855 παρ’
3553 3786 3752 3840 ἑαυτοῦ

2169 3882 2349 3952 τροφῇ
2383 3880 2476 3933 καὶ
2525 3879 2724 3951 μελέτῃ
2781 3879 2873 3932 καὶ
2905 3876 3001 3932 τοῦ
3036 3878 3244 3947 πατρὸς
3279 3877 3476 3946 βελτίω
3523 3877 3660 3949 πρὸς
3691 3879 3755 3933 ea

2174 3975 2363 4045 ἄρχειν
2387 3972 2665 4041 ἀπέδειξε,
2687 3974 2785 4026 καὶ
2811 3971 2932 4026 τότε
2957 3971 3059 4042 τῆς
3083 3971 3291 4036 οἰκείας
3317 3969 3538 4041 ἐφίστη,
3570 3972 3758 4027 ίκανδν

2174 4067 2470 4138 γενόμενον
2504 4064 2702 4129 σώζειν
2728 4066 2798 4120 τὰ
2830 4066 2993 4122 οίκοι.
3027 4064 3101 4120 Τδ
3128 4064 3178 4118 δ’
3208 4061 3409 4135 ἐφεξῆς
3438 4064 3595 4130 τίνας
3626 4065 3760 4136 ἀρι-

2175 4157 2276 4228 τῆς
2323 4160 2418 4213 καὶ
2451 4159 2695 4224 πίστεως
2740 4159 2903 4227 ὅρους
2951 4156 3052 4228 οὐχ
3102 4155 3467 4228 ὑπερϐαίνει;
3497 4156 3604 4212 Τοῦ
3649 4158 3760 4230 γὰρ

2175 4249 2298 4305 νέου
2331 4249 2743 4322 συμϐαίνουσαν
2769 4251 2988 4321 ἔχοντος
3026 4251 3121 4303 καὶ
3151 4250 3250 4320 τὴν
3276 4249 3506 4323 γνώμην
3541 4254 3610 4322 τῇ
3643 4242 3762 4323 ἠλιο

2178 4345 2296 4418 κίᾳ,
2328 4343 2426 4399 καὶ
2473 4342 2687 4399 τοσοῦτ’
2715 4343 3059 4414 ἀποσχόντος
3095 4338 3172 4398 ὧν
3204 4338 3264 4399 εὖ
3297 4343 3556 4398 πεπόνθει
3597 4346 3761 4416 χάριν

2178 4434 2365 4509 ζητεῖν
2389 4435 2709 4502 ἀποδοῦναι,
2733 4435 2870 4492 ὥστ’
2896 4437 3002 4508 ἠδη
3029 4435 3215 4491 καὶτὰ
3243 4436 3385 4492 ὅπλα
3410 4436 3760 4508 ἁρπάσαντα,

493 4547 620 4586 eum
655 4533 999 4602 procederet,
1039 4531 1136 4601 qui
1175 4531 1346 4600 patris
1377 4531 1584 4603 justius
1607 4545 1772 4602 quam
1804 4530 2069 4586 curatoris

2181 4531 2380 4600 χωρεῖν
2406 4529 2501 4583 ἐπὶ
2535 4528 2630 4583 τὸν
2654 4528 2995 4600 δικαιότερον
3030 4530 3096 4582 ἂν
3140 4529 3355 4599 πατέρα
3392 4526 3428 4600 ἢ
3460 4529 3764 4599 ἐπίτροπον

493 4620 741 4677 omnium
769 4620 1027 4693 suﬂ'ragio
1061 4637 1261 4676 nomen
1303 4621 1570 4689 referret;
1608 4623 1720 4687 ille,
1760 4636 1860 4676 nec
1895 4621 2076 4676 illatas

493 4728 524 4767 a
556 4723 711 4783 patre
751 4714 985 4785 injurias
1024 4713 1079 4770 in
1134 4715 1456 4772 memoriam
1511 4715 1810 4777 revocavit,
1865 4729 1965 4768 nec
2019 4713 2075 4769 in

489 4805 713 4874 juvenis
753 4804 847 4861 illa
896 4805 1114 4872 delirio,
1147 4814 1208 4862 ut
1259 4820 1360 4879 par
1393 4815 1534 4874 erat,
1562 4815 1649 4861 est
1680 4806 2074 4871 exacerbatus;

495 4913 600 4954 nec
625 4899 864 4971 denique
893 4901 1003 4971 egit
1026 4899 1232 4971 gratias
1272 4898 1529 4964 fortunae,
1553 4900 1718 4955 dante
1739 4901 1859 4969 ejus
1885 4913 2076 4954 ansam

495 4993 763 5058 stultitia,
786 5003 849 5047 ut
893 5009 993 5048 sua
1038 4994 1154 5063 ipse
1205 5008 1402 5062 eaque,
1435 5008 1534 5062 pro
1570 4991 1770 5062 quibus
1802 4999 1929 5045 ante
1975 4990 2078 5045 de-

495 5095 854 5157 pugnaverat,
893 5088 1194 5159 reciperet;
1233 5088 1366 5157 quin
1414 5087 1548 5151 imo,
1597 5085 1837 5140 mirabili
1887 5101 2082 5140 arces-

495 5183 652 5239 sione
703 5183 1034 5254 principiqu
1069 5197 1294 5254 augere,
1343 5182 1488 5236 nulla
1525 5181 1641 5250 ipse
1668 5180 1775 5235 alia
1801 5179 2077 5248 mercede,

498 5291 661 5344 quam
687 5291 882 5330 eorum
922 5274 1018 5344 qui
1069 5273 1325 5344 injuriam
1378 5273 1573 5328 fecisse
1622 5271 1932 5328 videantur.
1987 5272 2081 5329 Sic

501 5381 635 5422 vero
663 5366 831 5422 etiam
883 5381 1004 5436 quas
1047 5368 1218 5438 patris
1244 5377 1430 5422 essent
1462 5367 1516 5420 in
1549 5366 1954 5421 adolescentem
1986 5381 2080 5422 su.

502 5478 696 5532 perare
729 5461 1032 5525 contendit,
1077 5470 1139 5514 ut
1165 5460 1386 5530 quidem
1440 5469 1664 5529 paterna
1724 5459 1926 5530 majora
1961 5459 2080 5529 pie-

505 5565 613 5611 tate
666 5554 865 5622 l'erret;
918 5555 1177 5624 velutque
1240 5569 1341 5623 pro
1397 5547 1554 5625 pueri
1609 5553 1906 5624 petulantia
1954 5568 2084 5607 eru-

502 5648 735 5703 bescens
765 5648 903 5718 ipse,
939 5663 1007 5702 ne
1045 5649 1170 5717 quis
1211 5650 1332 5718 ejus
1369 5663 1488 5702 cam
1515 5646 1946 5718 ,improbitatem
1981 5661 2084 5717 pu—

504 5743 748 5806 tivisset,
771 5742 907 5800 alios
938 5742 1161 5798 dicebat
1193 5743 1410 5813 juvenis
1454 5739 1699 5796 animum
1741 5738 1808 5793 ad
1837 5753 1901 5794 ea
1945 5738 2082 5792 inci-

505 5851 662 5890 tare:
698 5837 954 5893 monebat
982 5852 1111 5892 vero
1137 5845 1196 5892 ut
1231 5836 1402 5892 malos
1443 5832 1707 5902 ejusmodi
1738 5828 2083 5887 consiliarios

2177 4621 2285 4674 ὑπὸ
2315 4621 2538 4676 πάντων
2565 4620 2838 4694 κληθέντα
2858 4636 2873 4650 '
2905 4621 3116 4686 ἐκεῖνος
3141 4615 3346 4677 οὗθ’ὧν
3384 4623 3492 4676 ὑπὸ
3519 4623 3614 4677 τοῦ
3650 4641 3762 4677 πα-

2179 4710 2309 4780 τρὸς
2336 4710 2588 4780 ἠδίκητο,
2620 4708 2962 4781 ἀνεμνήσθη,
3009 4710 3134 4765 οὔτε
3167 4712 3305 4781 πρδς
3351 4713 3479 4776 τοὺς
3508 4711 3603 4766 τοῦ
3634 4712 3760 4768 νέου

2180 4802 2406 4874 λήρους,
2444 4803 2522 4866 ὡς
2551 4803 2722 4868 είκδς,
2770 4802 3123 4874 παρωξύνθη,
3153 4801 3279 4858 οὔτε
3310 4805 3377 4874 τῇ
3424 4803 3564 4876 τύχῃ
3598 4804 3761 4878 χάριν

2180 4895 2346 4964 ἔγνω,
2372 4896 2471 4966 τῆς
2505 4896 2718 4950 ἐκείνου
2745 4893 2958 4965 μωρίας
2987 4893 3181 4967 καιρὸν
3213 4898 3642 4968 παρασχομένης
3673 4914 3760 4951 κο·

2185 4989 2448 5059 μίσασθαι
2477 4988 2577 5059 μὲν
2608 4988 2676 5042 τὰ
2703 4989 2882 5042 οίκεῖα
2927 4989 3020 5041 καὶ
3049 4988 3194 5060 ὑπερ
3221 4981 3297 5043 ὧν
3331 4989 3608 5060 πρότερον
3636 4991 3766 5046 ἑπο-

2181 5082 2376 5154 λὲμει·
2407 5081 2694 5153 θαυμαστῇ
2736 5080 2795 5135 δέ
2827 5099 2937 5136 τινι
2983 5080 3273 5153 προσθήκῃ
3319 5061 3621 5153 τὴνχᾶρχην
3665 5081 3761 5137 αὔ-

2184 5173 2370 5243 ξῆσαι,
2419 5171 2802 5245 προσλαϐόντα
2840 5174 2910 5228 τὰ
2956 5173 3066 5228 τῶν
3105 5173 3394 5245 ὕϐρικέναι
3422 5173 3758 5230 δοκούντων·

2183 5267 2303 5322 ἀλλ’
2340 5263 2488 5320 οὕτω
2538 5266 2634 5320 καὶ
2677 5267 2747 5320 τὰ
2783 5265 2878 5320 τοῦ
2924 5256 3133 5338 πατρὸς
3177 5265 3614 5336 ὑπερϐάλλεσθαι
3646 5268 3760 5330 τοῖς

2184 5363 2263 5422 εἰς
2289 5360 2382 5412 τὸν
2409 5360 2528 5412 νέον
2558 5359 2955 5428 ἐφιλονείκησε,
2998 5356 3131 5412 ὥστ’
3160 5355 3424 5430 ἠνέσχετο
3466 5357 3588 5428 μὲν,
3617 5358 3759 5412 ὅσων

2184 5453 2294 5507 οὐδ’
2316 5451 2382 5506 ἂν
2399 5453 2610 5516 ἐκεῖνος
2626 5469 2644 5485 ο
2674 5450 2866 5524 ὥσπερ
2894 5450 2942 5505 δ’
2967 5450 3111 5522 ὑπὲρ
3137 5443 3216 5504 ὧν
3238 5450 3562 5520 ἠσέλγαινεν
3584 5453 3614 5504 ό
3631 5452 3769 5516 παῖς

2184 5546 2601 5619 αἰσχυνόμενος,
2642 5546 2716 5617 μή
2753 5563 2837 5609 τις
2873 5544 3041 5599 αὐτοῦ
3065 5543 3166 5617 τὴν
3195 5545 3771 5616 ἀγνωμοσύνηνεκεί-

2185 5660 2284 5710 νην
2309 5641 2526 5714 νομίσῃ,
2553 5639 2748 5700 ἄλλους
2771 5638 2958 5704 ἔλεγεν
2987 5632 3126 5690 εἶναι
3148 5639 3274 5699 τοὺς
3296 5637 3456 5690 αὑτὸν
3481 5638 3573 5691 ἐπὶ
3592 5636 3774 5694 ταῦτα

2189 5732 2550 5802 κεκινηκότας
2577 5747 2592 5762 ·
2627 5731 2791 5784 αὑτὸν
2824 5731 2879 5783 δὲ
2908 5728 3143 5800 παρῄνει
3174 5729 3298 5791 τοὺς
3324 5728 3595 5798 πονηροὺς
3631 5745 3776 5799 συμο

2192 5828 2416 5891 δούλους
2457 5827 2788 5899 μισῆσαντα,
2835 5823 2946 5876 τῶν
2993 5820 3085 5875 τοῦ
3119 5819 3324 5893 πατρὸς
3366 5819 3645 5892 διαθηκῶν
3673 5823 3773 5874 καὶ
