4100 6296
389 378 494 443 993

1315 382 1601 444 ORATIO
1645 382 1793 445 PRO
1834 381 2196 444 SUB'SlDlO
2235 384 2716 446 LATlNORUM.

3541 383 3646 448 994

385 495 490 564 τῆς
513 488 650 564 παρ’
673 491 824 566 αὐτῷ
852 491 1105 559 παιδείας
1138 493 1481 566 μεμνῆσθαι,
1504 495 1777 550 νουθετεῖν
1811 496 1971 564 ἐγνω-

2084 494 2290 551 habens
2323 498 2472 561 odio,
2530 495 2841 551 testamenti
2889 495 3060 566 patris
3123 511 3187 551 ac
3240 513 3462 568 nupera:
3517 499 3663 569 apud

386 586 502 650 κὼς
534 587 737 657 μᾶλλον
764 587 798 658 ἥ
835 586 1117 658 πολεμεῖν.
1153 587 1266 642 Καὶ
1293 587 1467 642 πολλά
1507 606 1591 653 τις
1619 590 1687 644 ἂν
1714 589 1830 660 ἔχοι
1861 607 1974 642 τοι-

386 679 529 736 αῦτα
553 682 662 734 τῶν
694 681 905 753 ἀνδρῶν
934 681 1140 735 τούτων
1164 680 1482 753 διηγήματα
1510 682 1710 752 λέγειν.
1753 683 1816 736 El
1858 682 1970 736 τοί-

387 791 483 828 νυν
512 773 747 836 καὶτοῖς
782 773 1000 844 ἐχθροῖς
1054 775 1136 826 ὅτι
1176 775 1340 845 μόνον
1385 776 1570 840 αὐτοῖς
1619 777 1971 843 ἐπίστευσαν,

386 867 600 934 ἀξιοῦσι
637 866 736 938 τὴν
765 869 938 939 ὀργὴν
970 867 1212 938 ἀφιέναι,
1264 869 1378 932 πῶς
1409 869 1470 923 οὐ
1508 870 1718 940 γελοῖον
1744 870 1971 932 τούτους

387 961 656 1024 ἀπίστους
712 961 937 1016 ἔσεσθαι
971 965 1084 1026 τοῖς
1111 962 1288 1032 φίλοις
1312 963 1594 1034 νομίζεινς
1633 965 1727 1018 καὶ
1777 965 1824 1017 εί
1860 964 1972 1018 τῶν

386 1053 594 1108 ἀδικεῖν
616 1055 710 1108 καί¹
739 1057 1102 1126 καταφρονεῖν
1125 1053 1430 1112 δοκούντων
1458 1057 1767 1127 ἀνέχονται,
1792 1055 1848 1111 τί
1871 1057 1973 1112 οὐκ

388 1146 453 1198 ἂν
489 1145 757 1218 πράξαιεν
781 1148 924 1217 ὑπὲρ
953 1147 1062 1201 τῶν
1088 1146 1343 1201 διδόντων
1385 1150 1482 1202 καὶ
1519 1149 1835 1218 δεομένωνς
1876 1148 1973 1205 καὶ

386 1239 438 1291 εί
475 1240 589 1302 τοῖς
635 1239 919 1310 πολεμίοις
971 1241 1071 1304 τὰς
1123 1241 1205 1303 είς
1255 1240 1455 1304 αὐτοὺς
1507 1240 1733 1306 ἐλπίδας
1773 1241 1972 1312 κυρίας

387 1330 600 1398 ἀξιοῦσι
631 1333 830 1398 ποιεῖν,
865 1332 984 1395 πῶς
1013 1332 1075 1386 οὺ
1100 1332 1191 1385 καὶ
1223 1331 1384 1386 πλέον
1411 1349 1466 1386 τι
1507 1336 1646 1404 πρὸς
1673 1333 1801 1396 τοὺς
1837 1351 1970 1404 συγ-

387 1423 567 1491 γενεῖς
607 1423 970 1490 ἔπιδείξονται
990 1443 1007 1492 ;
1043 1409 1052 1418 ’

473 1602 639 1658 ’Λλλά
675 1601 785 1675 μὴν
807 1605 836 1658 ὃ
866 1621 924 1657 τε
952 1606 1051 1677 τῆς
1098 1606 1394 1677 στρατείας
1421 1608 1640 1678 ἐκείνης
1670 1609 1975 1679 ἡγούμενος

389 1697 618 1767 ἀνεψιός
659 1700 776 1752 ιστι
803 1697 881 1768 τῷ
903 1698 1038 1770 παρ’
1072 1699 1206 1769 ἡμῖν
1235 1699 1469 1770 βασιλεῖ,
1497 1703 1592 1756 καὶ
1617 1704 1844 1766 πάππος
1867 1703 1975 1774 ἀμ·

387 1789 510 1858 φοῖν
538 1785 606 1863 ἧν
628 1791 657 1844 ό
683 1790 761 1862 τῷ
784 1793 886 1862 βίῳ
915 1791 1038 1856 δοὺς
1065 1792 1124 1845 τὸ
1150 1792 1473 1863 θαυμαστὸν
1495 1783 1672 1848 ικιῖνο
1697 1793 1972 1866 διήγημα.

2076 588 2260 658 ipsum
2298 589 2647 643 educationis
2699 589 3071 663 meminisset;
3111 589 3410 644 admonere
3445 589 3665 655 doctus,

2075 696 2186 734 non
2229 681 2428 736 bellum
2462 682 2690 736 inferre.
2728 682 3019 751 Possitque
3048 681 3169 748 quis
3199 683 3470 753 ejusmodi
3507 686 3666 754 plura

2073 771 2145 825 ab
2175 772 2243 826 iis
2271 781 2422 844 gesta
2462 788 2707 828 narrare.
2737 774 3022 843 Siquidem
3045 789 3176 846 ergo
3196 775 3362 830 etiam
3391 777 3662 842 hostibus,

2073 879 2141 919 eo
2167 866 2312 934 quod
2348 865 2481 932 ipsis
2519 866 2844 921 habuissent
2897 866 3084 930 ﬁdem,
3140 868 3503 924 remittendas
3552 871 3669 927 iras

2074 967 2443 1028 putaverunt;
2498 958 2599 1028 qui
2653 974 2763 1012 non
2811 957 3127 1021 ridiculum,
3167 969 3226 1014 ut
3274 958 3434 1015 ﬁdem
3469 964 3666 1018 amicis

2076 1052 2333 1108 violaturi
2382 1053 2708 1118 credantur;
2761 1069 2999 1126 cumque
3049 1069 3146 1109 eos
3198 1055 3529 1123 sustineant,
3568 1059 3664 1128 qui

2075 1146 2274 1217 injuria
2308 1145 2525 1202 allicere
2569 1161 2636 1200 ac
2673 1132 3029 1202 contemnere
3075 1145 3354 1213 videntur,
3386 1149 3516 1219 quid
3553 1166 3663 1205 nun

2075 1236 2307 1294 fecerint
2330 1254 2523 1295 eorum
2573 1240 2771 1312 gratia,
2806 1241 2902 1308 qui
2945 1250 3001 1296 et
3044 1240 3317 1306 tribuunt,
3360 1253 3410 1298 et
3460 1244 3666 1299 auxilio

2076 1329 2270 1385 adesse
2323 1334 2653 1401 precantur?
2702 1331 2838 1388 Cum
2901 1333 3142 1402 denique
3199 1334 3456 1391 hostibus
3515 1346 3667 1394 ratas

2075 1421 2520 1490 exspectationes
2547 1423 2741 1487 velint,
2775 1425 2870 1494 qui
2908 1440 3018 1478 non
3044 1423 3221 1495 majus
3240 1425 3449 1497 aliquid
3470 1428 3669 1482 adver-

2075 1528 2174 1568 sus
2213 1522 2475 1584 cognatos
2504 1515 2615 1568 sint
2639 1514 3018 1587 designaturi?

2145 1606 2466 1673 Enimvero,
2503 1607 2595 1678 qui
2631 1607 2706 1662 illi
2748 1608 3016 1664 exercitui
3063 1609 3176 1666 dux
3215 1611 3502 1681 praefectus
3556 1621 3663 1675 est,

2075 1699 2438 1754 consobrinus
2459 1711 2537 1755 est
2559 1702 2730 1757 nostri
2767 1701 3211 1776 imperatoris(5)
3237 1722 3252 1757 :
3277 1704 3489 1774 fuitque
3524 1709 3668 1762 utri-

2075 1808 2182 1864 que
2210 1809 2345 1848 avus
2385 1796 2480 1864 qui
2519 1795 2824 1862 mirabilem
2873 1811 2992 1850 eam
3025 1796 3310 1852 historiam
3344 1799 3544 1855 sacculo
3573 1813 3666 1854 re-

387 1882 513 1946 Πῶς
543 1881 637 1936 οὖν
669 1884 698 1936 ό
731 1884 833 1954 μὲν
866 1882 1120 1951 ἀνέξεται
1146 1885 1243 1939 καὶ
1272 1883 1428 1940 ταῦτ⁹
1459 1887 1540 1951 είς
1578 1887 1786 1958 ἀρετῆς
1813 1887 1971 1957 λόγον

2075 1883 2254 1953 liquit.
2289 1884 2577 1949 Quomodo
2608 1885 2816 1955 itaque.
2852 1901 2975 1941 cum
3015 1887 3105 1941 ille
3139 1889 3275 1943 adeo
3307 1905 3336 1942 a
3391 1889 3664 1959 majorum

387 1973 501 2028 τῶν
526 1976 809 2046 προγόνων
851 1977 1277 2049 ἀπολειφθῆναι,
1308 1979 1405 2033 καὶ
1441 1980 1542 2050 τὴν
1572 1979 1779 2051 ἑτέρων
1814 1983 1976 2033 πλεο-

387 2067 571 2132 νεξίαν
610 2069 963 2139 μιμήσασθαι
994 2109 1012 2138 ,
1043 2067 1164 2134 ἐξὸν
1192 2069 1293 2141 τὴν
1345 2070 1554 2125 οίκείαν
1595 2070 1971 2143 δικαιοσύνην,

387 2162 416 2215 ὁ
447 2161 493 2214 δ’
528 2161 860 2214 ύποπτεύσει
891 2162 985 2215 τὸν
1019 2161 1284 2231 συγγενῆ,
1317 2160 1380 2216 δν
1407 2162 1441 2233 ἡ
1475 2161 1734 2216 κοινωνία
1758 2162 1856 2216 τοῦ
1885 2163 1974 2230 γέ-

388 2269 516 2316 νους
577 2255 866 2324 συμφορὰν
925 2254 1231 2322 ἀναγκάζει
1285 2253 1563 2308 ποιεῖσθαι
1611 2255 1681 2308 τὰ
1727 2256 1973 2326 ἡμέτερα

391 2346 539 2416 πάθη
563 2365 578 2412 ;
606 2347 783 2411 Ὀλως
815 2347 875 2400 δὲ
915 2349 1217 2419 Ῥωμαίοις
1259 2348 1368 2418 πρὸ
1417 2347 1598 2421 πάσης
1642 2348 1809 2422 ἀλλης
1844 2350 1976 2420 ἀρε-

389 2437 553 2510 τῆςὴ
615 2438 970 2512 δικαιοσύνη’
1003 2440 1097 2494 καὶ
1143 2439 1398 2510 δηλοῦσιν
1426 2442 1476 2494 ol
1541 2441 1717 2512 νόμοι,
1767 2441 1862 2495 καὶ
1906 2441 1974 2505 ἃς

388 2530 680 2587 ἀπαιτοῦσι
712 2531 867 2596 δίκας
906 2533 1031 2597 τοὺς
1057 2533 1264 2586 ἀδικεῖν
1286 2529 1626 2602 ὶγνωκότας.
1656 2534 1730 2587 Τὸ
1771 2534 1815 2588 δ’
1842 2535 1972 2588 ἀπιο

388 2644 512 2681 στον
550 2624 690 2681 εἶναι
741 2626 871 2697 παρ’
922 2627 1127 2690 αὐτοῖς,
1177 2626 1273 2680 καὶ
1305 2627 1424 2697 μετ’
1465 2616 1685 2696 ἀπάτης
1736 2627 1974 2698 χρῆσθαι

384 2722 500 2785 τοῖς
535 2720 810 2792 χρήμασι,
840 2720 982 2782 τίνος
1011 2719 1111 2772 οὐκ
1148 2720 1502 2790 αἰσχρότερον
1535 2717 1770 2790 βρόχους
1803 2719 1857 2771 οῖ
1907 2735 1972 2788 γε

388 2810 516 2882 μηδ’
543 2813 601 2864 ἐν
631 2813 744 2874 τοῖς
795 2811 939 2883 ὑπὲρ
969 2809 1080 2864 τῶν
1107 2811 1245 2864 ὅλων
1280 2810 1561 2880 πολέμοις,
1591 2810 1690 2864 καὶ⁵
1717 2802 1780 2863 οὗ
1816 2809 1974 2880 νόμιο

389 2915 493 2969 μον
522 2899 760 2962 ἀπάταις
785 2897 1023 2970 χρῆσθαι
1050 2899 1176 2960 τοὺς
1204 2899 1552 2969 στρατηγοὺς
1581 2900 1678 2953 καὶ
1706 2901 1978 2971 σοφίσμαο

390 3005 482 3043 σιν
501 3029 517 3056 ,
550 2989 660 3043 οὐδ’
689 2991 809 3045 ἐκεῖ
860 2989 1145 3060 βούλονται
1204 2989 1342 3055 μετά
1369 2988 1464 3042 τοῦ
1519 2988 1748 3059 ψεύδους
1776 2990 1971 3061 νικᾷνο

387 3080 527 3137 ἀλλά
554 3081 912 3153 προειπόντες
943 3080 1020 3146 ὡς
1066 3078 1284 3153 ἥξουσι,
1338 3081 1436 3137 καὶ
1473 3081 1602 3145 τοὺς
1642 3080 1845 3143 τόπους
1877 3082 1975 3136 καὶ

389 3179 518 3242 τοὺς
558 3177 786 3252 χρόνους
821 3177 1164 3249 κηρύξαντες
1211 3194 1494 3249 αντικρυς,
1527 3175 1702 3242 οὕτως
1734 3178 1815 3240 είς
1869 3179 1973 3249 τὴν

389 3237 1004 3345 ιι.άχ;ιιν“καθίστανῖιίαί.ἱ
1033 3237 1288 3345 τὴνγμεθ
1326 3237 1532 3344 ἀρετῆς
1559 3237 1731 3343 ἧτταν
1763 3237 1859 3326 τοῦ
1895 3237 1973 3325 νι-
1998 3237 2046 3302 c

388 3367 492 3437 κᾷν
523 3364 766 3434 ἀγεννῶς
799 3365 1029 3436 ἀνδράσι
1068 3365 1274 3437 μᾶλλον
1304 3366 1608 3437 προσήκειν
1632 3364 1970 3436 νομίζοντες.

391 3458 518 3512 Πότ’
543 3456 639 3512 οῦν
667 3459 1019 3530 ἀπατήσουσι
1053 3457 1494 3531 συμμαχοῦντες,
1520 3458 1574 3512 οἵ
1597 3475 1660 3528 γε
1697 3459 1834 3530 μηδὲ
1862 3475 1970 3529 μα-

385 3553 612 3623 χόμενοι
672 3545 945 3623 χρήσιμον
974 3553 1274 3606 οἴονταιτὸ
1322 3551 1556 3621 ψεῦδοςς
1604 3547 1747 3618 Ἐγὼ
1797 3550 1971 3604 δὲκαὶ

384 3643 543 3697 τοῦτο
576 3640 788 3713 ἀπορῶ,
820 3647 870 3696 εί
921 3643 1116 3714 παρὼν
1146 3643 1243 3697 νῦν
1271 3644 1301 3697 ό
1350 3644 1605 3714 βασιλεὺς
1637 3647 1752 3708 τοῖς
1789 3644 1972 3714 ιιτρόιγ⁴

389 3751 557 3805 μασιν
612 3735 796 3806 ἔτυχε,
839 3735 961 3789 τίνα
1011 3725 1263 3790 ἀνεῖπον
1297 3739 1344 3789 οί
1368 3737 1463 3790 νῦν
1501 3736 1677 3791 ταῦτα
1736 3737 1972 3808 δημηγο-

389 3827 635 3897 ροῦντες.
667 3827 732 3880 El
766 3826 865 3897 μὲν
891 3828 1001 3897 γὰρ
1031 3829 1286 3881 κάκεῖνον
1305 3827 1590 3891 ἐκέλευον,
1619 3826 1713 3892 οὒς
1740 3828 1970 3882 ἐκάλεσε

389 3919 742 3991 ἁυμμάχους,
776 3920 990 3983 τούτοις
1040 3918 1245 3973 κλείειν
1272 3919 1373 3985 τὰς
1402 3921 1502 3990 τῆς
1531 3919 1740 3983 πόλεως
1770 3921 1968 3986 πύλας,

385 4014 488 4066 οὐκ
518 4007 618 4066 οἷδ’
653 4011 851 4066 ὁπόθεν
899 4009 1050 4082 αύτῷ
1087 4015 1392 4082 προσήκειν
1438 4011 1600 4066 τοῦτο
1643 4011 1874 4086 τοῦργον
1905 4015 1968 4086 ἠ-

388 4103 634 4171 γοῦνται.
679 4103 848 4173 Δῆλον
882 4100 994 4171 γὰρ
1024 4101 1101 4166 ὡς
1134 4102 1290 4156 οὐδὲν
1340 4098 1417 4157 ὧν
1468 4101 1719 4158 ἐλθοῦσιν
1774 4104 1971 4174 ὑπισχ-

385 4196 552 4260 νεῖτο,
581 4195 826 4264 τηρῆσαι
875 4188 1266 4261 συνεδρύλευον
1299 4194 1367 4249 ἄν
1387 4207 1404 4224 °
1435 4197 1534 4250 καὶ
1561 4195 1720 4249 ταῦτ’
1761 4195 1862 4250 οὐκ
1907 4195 1969 4260 ἐξ

384 4284 663 4356 ἀνάγκης,
691 4285 813 4339 ἀλλ’
842 4275 1102 4357 ἐπίτηδες
1134 4285 1230 4340 ἐπὶ
1249 4285 1349 4356 τὴν
1369 4287 1589 4356 ἀπάτην
1630 4285 1876 4358 ἐλθόντα.
1903 4287 1968 4341 El

382 4375 442 4431 δὲ
472 4377 729 4450 δέχεσθαι
780 4377 1005 4442 τούτους
1046 4377 1345 4451 παρῄνουν,
1387 4377 1522 4442 πῶς’
1558 4379 1622 4433 οὐ
1682 4378 1842 4432 τοῦτο
1875 4379 1969 4432 καὶ

383 4466 480 4522 νῦν
508 4467 660 4521 ῖσασι
687 4466 780 4521 τὸν
812 4467 1010 4536 καιρὸν
1033 4466 1394 4522 ἀπαιτοῦντα.
1423 4469 1499 4522 Οὐ
1540 4468 1652 4540 γὰρ
1685 4467 1859 4538 δήπου
1889 4465 1969 4539 τῷ

2076 1975 2350 2033 sustineat
2383 1976 2617 2032 deiicere
2647 1979 2877 2044 virtute,
2924 1993 2989 2034 ac
3031 1979 3263 2034 aliorum
3311 1981 3516 2036 imitari
3559 1982 3666 2036 im-

2076 2069 2305 2138 probam
2340 2070 2695 2140 cupiditatem
2739 2087 2866 2126 cum
2904 2071 3261 2128 domesticam
3291 2074 3455 2129 liceat
3493 2076 3663 2146 justi-

2075 2161 2244 2226 tiam;
2298 2172 2415 2216 tum
2453 2163 2541 2218 hic
2569 2173 2861 2234 cognatum
2888 2175 3208 2235 suspectum
3241 2167 3460 2230 habeat,
3498 2183 3664 2238 qurm

2073 2253 2391 2308 communio
2433 2256 2650 2325 generis
2678 2258 2815 2311 mala
2848 2266 3037 2312 nostra
3093 2273 3248 2311 suam
3302 2257 3474 2328 ipsius
3519 2259 3667 2314 cala-

2074 2347 2322 2400 mitatem
2392 2345 2597 2403 ducere
2656 2347 3109 2404 facit?0mniuo
3165 2360 3348 2404 autem
3410 2353 3667 2421 Romani,

2075 2437 2224 2492 omni
2249 2438 2355 2494 alia
2388 2439 2696 2510 impensius
2735 2442 2964 2504 virtute,
3007 2441 3276 2509 justitiam
3330 2443 3542 2508 colunt,
3601 2458 3666 2498 ac

2079 2523 2354 2602 testantur
2384 2532 2554 2604 leges,
2599 2550 2846 2604 quasque
2894 2535 3123 2606 exigunt
3178 2551 3392 2603 pennas,
3439 2536 3510 2590 ab
3572 2536 3662 2600 iis,

2075 2624 2170 2694 qui
2210 2623 2466 2696 iniuriam
2505 2624 2734 2681 faciunt.
2773 2627 2961 2681 Datam
3001 2636 3183 2681 autem
3217 2627 3427 2682 violare
3477 2629 3664 2692 fidem,

2075 2716 2357 2786 remisque
2401 2715 2631 2787 agendis
2662 2717 2989 2788 deceptione
3034 2719 3137 2779 uti.
3166 2735 3276 2788 quo
3319 2735 3427 2772 non
3464 2719 3665 2790 laqueo

2076 2806 2295 2875 turpius
2343 2805 2590 2861 habent?
2630 2809 2728 2877 qui
2779 2824 2958 2879 neque
3003 2807 3059 2863 in
3113 2807 3293 2875 bellis,
3336 2811 3541 2880 quibus
3571 2811 3667 2866 de-

2075 2906 2337 2952 cernatur
2365 2897 2433 2952 de
2463 2913 2646 2952 rerqu
2675 2914 2911 2962 summa,
2939 2917 3001 2954 ac
3024 2900 3227 2970 quibus
3273 2901 3390 2972 lege
3439 2916 3666 2957 conces-

2075 3002 2221 3055 sum,
2254 2999 2314 3043 ut
2357 2988 2528 3044 duces
2574 2989 2902 3060 deceptione
2959 3000 3187 3046 utantur
3233 3009 3296 3047 ac
3349 2993 3662 3059 fraudibus,

2076 3079 2424 3135 mendacium
2471 3079 2721 3136 subsidio
2760 3081 3106 3148 adhibentes,
3142 3084 3367 3138 vincere
3418 3086 3589 3139 velint
3645 3102 3664 3142 :

2074 3172 2209 3244 quin
2245 3171 2358 3227 im'o
2381 3173 2818 3243 praenuntiantes
2870 3181 2929 3227 ut
2978 3172 3089 3228 sint
3138 3174 3381 3242 venturi,
3435 3175 3663 3246 locaque

2073 3282 2139 3323 ac
2184 3277 2433 3337 tempora
2475 3266 2848 3338 designantes,
2885 3267 2965 3321 sic
3026 3266 3230 3321 bellum
3278 3266 3661 3330 committant;

2073 3360 2272 3416 decere
2301 3360 2472 3432 magis
2497 3361 2646 3414 viros
2678 3360 3078 3424 existimantes,
3111 3375 3236 3414 cum
3263 3359 3466 3414 virtute
3489 3357 3661 3424 vinci,

2073 3467 2236 3521 quam
2282 3450 2476 3522 ignave
2525 3466 2828 3521 parumque
2884 3449 3123 3505 viriliter
3179 3450 3415 3504 victoria
3468 3448 3659 3519 potiri.

2071 3541 2430 3610 Quandonam
2466 3559 2595 3613 ergo
2617 3542 2760 3598 belli
2815 3558 2874 3597 se
2928 3542 3110 3596 socios
3167 3541 3422 3610 professi,
3468 3541 3665 3612 decep-

2075 3636 2185 3690 turi
2217 3644 2369 3698 sunt,
2396 3636 2490 3705 qui
2522 3651 2592 3689 ne
2632 3635 2776 3689 bello
2816 3633 3040 3703 quidem
3077 3649 3200 3687 cum
3249 3632 3501 3687 hostibus
3532 3649 3562 3686 e
3596 3648 3655 3687 re

2072 3732 2267 3794 putent
2299 3724 2557 3779 mentiri?
2606 3725 2873 3794 Equidem
2908 3724 3011 3778 hoc
3062 3739 3282 3792 quoque
3319 3736 3528 3792 quem,
3580 3723 3658 3785 si-

2071 3817 2294 3886 quidem
2327 3817 2443 3885 ipse
2470 3832 2712 3885 prtesens
2742 3817 3045 3884 imperator
3076 3815 3457 3870 deliberationi
3497 3815 3660 3870 ades-

2071 3919 2176 3975 set,
2228 3923 2480 3978 quaeuam
2526 3908 2774 3978 praeclari
2839 3907 2895 3962 bi
2966 3923 3114 3963 nunc
3169 3914 3418 3961 oratores
3472 3917 3659 3961 essent

2071 4000 2311 4057 dicturi?
2361 3999 2504 4054 Sane
2553 4010 2615 4054 ut
2653 4008 2710 4054 et
2757 4000 2910 4054 illum
2942 4002 3218 4070 juberent,
3269 4000 3423 4056 urbis
3468 4007 3697 4070 portas.

2071 4093 2330 4150 claudere
2369 4093 2459 4159 iis,
2520 4107 2660 4163 quos
2727 4093 2854 4149 belli
2903 4092 3086 4149 socios
3141 4093 3448 4155 aseivisset.
3499 4091 3654 4146 haud

2069 4185 2185 4242 scio
2210 4187 2355 4241 unde
2395 4201 2510 4242 rem
2552 4185 2824 4241 l‘acturum
2859 4194 3074 4257 putent,
3113 4201 3235 4256 qua
3277 4186 3521 4241 deceret.
3557 4183 3654 4242 Li.

2069 4289 2201 4351 quet
2228 4281 2378 4334 enim
2424 4285 2681 4334 auctores
2708 4279 2849 4344 fore,
2883 4285 2942 4332 ut
2978 4279 3116 4333 nihil
3154 4293 3346 4334 eorum
3378 4294 3652 4343 servare,

2069 4388 2191 4443 quae
2225 4372 2572 4429 venientibus
2608 4380 2755 4428 esset
2811 4372 3114 4442 pollicitus;
3165 4380 3334 4442 atque
3390 4370 3445 4426 id
3495 4371 3648 4427 nuli:

2068 4477 2299 4539 cogente
2337 4468 2687 4532 necessitate,
2733 4465 2830 4522 sed
2899 4481 3027 4521 cum
3072 4463 3200 4521 data
3270 4479 3440 4535 opera
3498 4463 3653 4518 frau-

385 4560 484 4629 μὲν
515 4559 731 4630 βασιλεῖ
774 4562 950 4613 ποιεῖν
994 4559 1068 4614 τά
1116 4560 1309 4616 δέοντα
1352 4559 1654 4615 δώσουσιν
1683 4560 1870 4625 αὐτοῖς
1903 4561 1960 4615 δὲ

2071 4562 2193 4617 dem
2234 4561 2459 4616 faceret.
2501 4559 2596 4615 Sin
2633 4568 2817 4615 autem
2859 4549 3152 4615 monerent
3200 4566 3259 4614 ut
3299 4559 3424 4613 illos
3475 4557 3656 4611 susci-

381 4651 681 4721 φυλάξουσι
707 4646 806 4723 τὴν
833 4652 1192 4724 ἀναισθησίαν
1213 4668 1232 4686 '
1255 4654 1353 4707 καὶ
1374 4653 1495 4706 τότε
1523 4652 1625 4724 μὲν
1647 4652 1957 4726 ἀληθεύειν,

381 4745 478 4800 νῦν
507 4747 565 4800 δὲ
624 4744 921 4816 ψεύδεσθαι
977 4746 1230 4818 νομιοῦσι
1275 4747 1596 4820 προσῆκον·
1648 4748 1742 4802 καὶ
1784 4746 1960 4802 ταῦτα

386 4841 553 4912 μηδὲν
577 4840 868 4911 μέλλοντες
893 4841 959 4894 ὲκ
997 4840 1101 4912 τῆς
1150 4840 1435 4914 ἀγχινοίας
1478 4840 1690 4915 ταύτης
1744 4843 1964 4916 κερδαί-

381 4949 515 4990 νειν.

2067 4662 2243 4727 peret,
2281 4656 2378 4726 qnl
2427 4669 2537 4710 non
2609 4653 2662 4708 id
2702 4668 2922 4723 quoque
2969 4651 3132 4707 modo
3191 4666 3371 4722 opera:
3412 4649 3654 4719 pretium

2066 4747 2416 4819 intelligunt?
2462 4746 2576 4802 Nec
2638 4745 2784 4802 enim
2849 4746 3031 4801 daturi
3099 4754 3263 4806 sunt,
3327 4743 3650 4811 Imperatori

2066 4840 2286 4909 quidem
2338 4853 2662 4907 congruere,
2706 4853 2826 4907 que
2874 4839 3136 4896 deceant;
3176 4834 3281 4890 sibi
3314 4845 3498 4889 autem
3538 4851 3656 4888 ser-

2068 4931 2244 4986 vaturi
2269 4931 2749 4986 insensibilitatem
2777 4947 2791 4983 :
2820 4946 2882 4984 ac
2913 4940 3045 4984 tunc
3078 4929 3325 4999 quidem,
3357 4928 3646 4981 colendam

2067 5028 2400 5088 veritatem,
2469 5023 2634 5077 modo
2697 5034 2880 5076 autem
2932 5020 3276 5076 mendacium
3340 5019 3650 5089 putabunt;

2066 5118 2255 5191 idque,
2275 5133 2401 5174 cum
2427 5131 2493 5172 ex
2507 5130 2572 5171 ea
2590 5114 2833 5171 versutia
2853 5114 2991 5169 nihil
3015 5104 3085 5169 sit
3106 5113 3242 5167 lucri
3276 5124 3651 5165 accessurum.

1641 5355 1743 5417 Fr.
1783 5350 2150 5417 Combefisii
2184 5358 2370 5414 noue.

448 5533 525 5598 (ὅ)
564 5531 727 5587 Forte
771 5545 837 5586 ex
892 5527 1093 5584 familia
1142 5526 1476 5583 marchionis
1540 5524 1954 5589 Montis-ferrati,

374 5603 674 5673 eujuslllia
715 5600 871 5655 [reue
918 5601 1236 5655 Andronico
1281 5599 1592 5669 Palaeologo
1633 5597 1839 5666 nupsit,
1885 5611 1955 5673 ex

419 5668 488 5725 u'o
519 5671 661 5726 ﬁlios
691 5681 799 5725 tres
831 5673 1096 5739 suscepit,
1131 5687 1197 5724 ex
1225 5668 1774 5740 quorum‘st’emmate
1806 5668 1954 5740 regia

419 5688 488 5725 uo
519 5688 661 5726 ultos
691 5688 799 5725 tres
831 5688 1096 5739 suscepit,
1131 5688 1197 5724 ex
1225 5688 1774 5739 quorum'swmmaw
1806 5688 1950 5740 regia

375 5688 802 5810 galmiilogorum
836 5742 1033 5795 domus
1054 5743 1316 5809 deinceps
1348 5748 1642 5810 propagata
1669 5738 1793 5793 fuit.
1828 5737 1950 5810 vid.

375 5808 698 5880 Cregorain,
729 5813 824 5865 lib.
856 5827 905 5865 Vl
943 5821 998 5866 et
1032 5827 1124 5880 vn.
1151 5808 1290 5876 Quin
1319 5808 1373 5863 et
1410 5808 1841 5880 Palzeologorum
1875 5808 1956 5863 l'a-

377 5879 582 5939 miliam
615 5897 684 5936 ex
709 5881 861 5937 Italia
906 5898 969 5936 ac
1004 5879 1245 5937 Viterbio
1296 5881 1529 5937 Etruria:
1579 5879 1802 5936 civitate
1835 5894 1954 5934 non

2057 5489 2286 5594 ignobili
2312 5522 2579 5594 originem
2629 5521 2882 5594 traxisse,
2935 5518 3220 5594 nonnullis
3256 5519 3453 5586 placet,
3497 5519 3644 5589 quod

2045 5587 2223 5649 docet
2270 5587 2516 5656 Bizarus,
2561 5594 2703 5648 libro
2750 5610 2764 5646 l
2818 5592 2893 5645 De
2933 5589 3068 5644 bello
3111 5587 3303 5642 Veneto
3335 5605 3355 5644 .'
3389 5596 3480 5642 sed
3517 5587 3646 5644 huc

2060 5670 2330 5720 remotius
2363 5665 2628 5729 arbitror,
2677 5678 2840 5732 quam
2878 5673 2938 5716 ut
2983 5661 3291 5732 Demetrius
3336 5675 3403 5712 eo
3454 5675 3642 5728 respe-

2058 5737 2220 5800 xerit,
2260 5753 2323 5791 ac
2349 5737 2508 5790 ducis
2562 5729 2882 5789 Latinorum
2931 5731 3163 5786 subsidii
3217 5729 3646 5800 Cra-eorumque

2061 5807 2411 5878 imperatoris
2441 5805 2976 5876 consanguinitateui
3021 5805 3145 5856 inde
3183 5800 3425 5870 petierit.
