4156 6300
547 359 654 422 999

1826 349 2205 417 DEMETZiIl
2251 353 2567 416 CYDONII

3682 350 3822 416 1000

546 473 814 530 secuturi.
867 470 1101 538 Quinam
1163 479 1348 526 autem
1381 471 1547 526 etiam
1601 470 1930 526 vocantibus
1976 468 2138 524 nobis

2251 470 2296 522 δὲ
2330 469 2428 525 καὶ
2471 467 2730 522 καλοῦσιν
2781 469 2912 536 ἡμῖν
2944 466 3378 529 ὑπακούσονται,
3423 466 3563 536 μήτε
3590 465 3822 536 μισθοὺς

550 563 660 618 sint
688 579 898 618 morem
931 562 1162 633 gesturi,
1199 579 1322 617 cum
1368 577 1548 632 neque
1595 561 1905 618 mercedem
1946 575 2144 630 exspe-

547 666 722 724 ctent,
761 656 1092 725 videamque
1139 656 1261 711 illos
1302 656 1498 711 heroas
1537 672 1568 710 a
1622 650 1782 710 nobis
1829 654 2028 723 injuria
2059 652 2142 706 af-

549 749 754 812 fectos;
799 764 959 819 quos,
991 748 1034 804 si
1067 748 1252 802 nullus
1302 749 1495 803 titulus
1549 749 1689 803 alius
1731 748 1896 825 foret,
1941 745 2026 801 vel
2072 762 2139 801 eo

549 845 772 898 nomine
804 843 950 911 quod
993 850 1190 912 sponte
1223 843 1531 907 venientes,
1566 840 1930 896 immortalem
1962 843 2139 896 virtu—

552 935 620 988 tis
651 936 964 989 columnam
998 934 1296 1000 erexerint,
1329 935 1514 989 colere
1548 950 1612 988 ae
1649 936 1880 989 adorare
1921 943 2142 1002 oporte-

551 1035 655 1079 ret.
709 1023 989 1094 Quidquid
1048 1024 1201 1081 enim
1255 1021 1525 1079 adversus
1580 1025 1701 1079 illos
1749 1025 2142 1079 tentaverimus

551 1118 759 1180 dicere,
801 1117 976 1171 exiis
1028 1132 1261 1186 quorum
1315 1132 1509 1172 omnes
1558 1108 1668 1172 illis
1727 1116 1932 1172 conscii
1988 1127 2139 1181 sunt,

549 1224 710 1278 nugae
740 1222 807 1262 ac
852 1208 1045 1263 inanes
1076 1207 1501 1263 criminationes
1534 1208 1872 1263 videbuntur
1905 1220 1923 1261 :
1963 1209 2140 1263 omni-

550 1300 762 1371 busque
798 1299 1136 1369 ﬂagellorum
1179 1302 1424 1354 omnium
1464 1301 1542 1356 rei
1593 1301 1940 1368 habebimur,
1991 1301 2141 1356 insa-

555 1393 683 1463 nite,
714 1392 967 1446 criminis
1020 1391 1168 1459 falsi,
1229 1393 1362 1458 doli,
1419 1393 1669 1464 ignaviae,
1733 1394 2065 1465 proditionis
2123 1411 2138 1450 :

547 1485 767 1554 eritque
801 1499 1028 1539 necesse
1053 1485 1212 1555 proni
1242 1484 1501 1541 cadentes
1530 1487 1717 1542 hostes
1762 1486 2139 1543 Obsecremus.

616 1578 723 1645 Qui
765 1595 872 1632 non
911 1593 1042 1654 ergo
1073 1579 1476 1648 turpissimum,
1511 1589 1571 1633 ut
1611 1596 1733 1635 cum
1772 1581 1913 1636 bene
1946 1582 2136 1636 omnia

548 1671 978 1740 suscipientibus
1018 1672 1178 1726 nobis
1208 1673 1357 1726 viros
1399 1671 1602 1734 habere
1651 1675 1891 1743 possint,
1938 1675 2006 1730 iis
2049 1692 2139 1731 re-

550 1763 754 1829 missis,
799 1763 957 1817 malis
984 1765 1242 1820 omnibus
1273 1765 1543 1836 implicari
1587 1768 1889 1834 malimus;
1917 1785 1980 1823 ac
2013 1777 2137 1824 eum

548 1853 730 1923 probi,
761 1853 1036 1923 gratique,
1077 1854 1216 1909 lucri
1246 1856 1454 1925 aliquid
1503 1858 1781 1928 possimus
1829 1859 2031 1924 facere,
2063 1862 2143 1932 ja-

547 1957 760 2001 cturam
788 1945 1056 2016 improbis
1108 1947 1451 2018 ingratisque
1478 1952 1830 2020 conjunctam
1869 1954 2140 2018 meribus.

549 2040 831 2095 utiliorem
864 2051 1146 2111 putemus,
1177 2043 1517 2114 omninoque
1551 2044 1678 2099 data
1711 2061 1876 2116 opera
1912 2055 2144 2102 conten-

547 2133 767 2201 damus,
821 2141 881 2187 ut
931 2142 1057 2188 vota
1092 2145 1295 2203 nostra
1350 2137 1417 2190 ad
1455 2137 1672 2193 censilii
1717 2139 1958 2210 inepiam
1992 2139 2142 2195 redi-

548 2244 783 2300 gamus;
836 2229 986 2284 velut
1038 2232 1332 2286 timeamus
1392 2247 1461 2287 ne
1511 2233 1785 2288 henelieio
1835 2234 2146 2290 nescientes

553 2322 892 2389 aﬂiciamur;
939 2325 1155 2382 tametsi
1197 2325 1343 2380 haud
1387 2327 1463 2381 ita
1513 2327 1728 2398 pridem
1764 2344 1902 2398 quos
1938 2331 2144 2398 justius

549 2414 844 2470 debuimus
871 2415 1076 2472 habere
1113 2427 1425 2488 suspectos,
1465 2422 1796 2476 necessitate
1830 2423 2142 2492 suscepturi

549 2509 745 2562 simus.
795 2507 1094 2573 Postquam
1139 2511 1287 2565 enini
1322 2512 1623 2583 imperator
1663 2528 1914 2569 reversus
1954 2513 2142 2581 fuerit,

551 2601 761 2655 utinam
813 2617 967 2664 vero,
1015 2619 1048 2657 ο
1099 2602 1384 2670 Salvator,
1435 2606 1600 2660 citius
1660 2606 1890 2661 charum
1955 2608 2140 2662 omni-

550 2690 654 2745 bus
701 2700 865 2762 caput
912 2692 1075 2748 liccat
1104 2694 1330 2749 videre!
1365 2696 1527 2765 eique
1570 2695 1825 2751 Paeonum
1867 2698 2143 2753 exercitus

549 2796 738 2836 comes
785 2783 1022 2848 venerit,
1089 2801 1229 2854 qu0;~.
1290 2786 1477 2843 multis
1529 2788 1902 2855 sermonibus,
1958 2790 2146 2846 multis

549 2875 787 2944 opibus,
842 2877 1100 2946 pluribus
1160 2880 1402 2948 denique
1462 2879 1746 2936 laboribus
1804 2897 2142 2951 persuasos,

551 2967 716 3022 nobis
753 2969 1004 3023 subsidio
1039 2969 1257 3025 futuros
1286 2972 1512 3028 adducit
1539 2990 1554 3034 ;
1587 2974 1995 3043 prmmissisque
2025 2976 2148 3044 qui-

551 3060 832 3127 busdam,
881 3076 1166 3118 reversum
1227 3079 1286 3119 se
1346 3065 1726 3131 nuntiaverit,
1795 3066 2145 3139 faustumque

2242 565 2681 638 προσδοκῶντες,
2717 571 2813 618 καὶ
2838 565 2967 626 τοὺς
2995 564 3183 635 ἥρωας
3209 563 3447 626 ἐκείνους
3468 561 3704 632 δρῶντες
3731 559 3822 627 ὑφ’

2240 660 2401 729 ἡμῶν
2463 677 2528 712 πε
2545 657 3011 730 ριυὸρισμένους;
3048 653 3145 716 οὓς
3201 655 3299 706 καὶ
3355 654 3586 724 μηδενὸς
3629 652 3821 714 ἄλλου,

2242 752 2340 806 τοῦ
2386 753 2438 821 γ’
2473 753 2704 815 ἑκόντας
2753 751 2962 815 ἐλθεῖν,
3003 749 3206 820 στήλην
3236 748 3503 802 ἀθάνατον
3547 744 3827 817 στησαμέ-

2242 861 2390 907 νους⁹
2429 842 2584 898 θύειν
2619 843 2729 897 ἔδει
2765 841 2864 896 καὶ
2909 843 3263 912 προσκυνεῖν.
3288 837 3430 895 Ὅσα
3457 838 3569 909 γὰρ
3601 836 3669 892 ἃν
3703 836 3837 892 κατ’·

2241 935 2470 988 ἐκείνων
2527 935 2711 1000 λέγειν
2780 931 3152 1004 ἐπιχειρῶμεν
3183 970 3202 998 ,
3257 931 3293 985 ἃ
3353 929 3557 991 πάντες
3611 926 3826 990 τούτοις

2243 1028 2583 1092 συνίστασιν,
2618 1025 2780 1081 ῦθλον
2809 1025 3087 1089 ἀποδείξει
3109 1023 3206 1078 καὶ
3233 1023 3299 1077 τδ
3338 1022 3528 1094 μηδὲν·
3564 1021 3663 1075 καὶ
3690 1021 3829 1074 πᾶσι

2241 1123 2464 1174 πάντων
2512 1121 2622 1174 τῶν
2682 1119 2968 1190 μαστίγων
3027 1118 3181 1181 δίκας
3225 1117 3580 1188 ἐὶφλήσομεν⁸
3614 1114 3825 1182 ἀνοίας,
3900 1161 3902 1163 .

2238 1214 2616 1286 ψευδολογίας,
2645 1214 2800 1268 δόλου
2827 1251 2845 1277 ,
2881 1213 3112 1279 δειλίας,
3155 1212 3450 1282 προδοσίας
3499 1209 3597 1263 καὶ
3620 1209 3827 1282 δεήσει,

2243 1308 2471 1375 πρηνεῖς
2515 1305 2810 1375 πεσόντας,
2849 1304 2975 1368 τοὺς
3017 1302 3247 1374 ἐχθροὺς
3277 1300 3568 1356 ίκετεύειν.
3661 1347 3664 1350 .

2314 1572 2441 1636 Πῶς
2481 1568 2576 1626 οὖν
2624 1572 2726 1626 οὐκ
2757 1570 3066 1641 αἴσχιστον,
3096 1568 3218 1636 ἐξδν
3252 1566 3429 1620 πάντα
3475 1564 3655 1628 καλῶς
3683 1562 3835 1635 ἒχειν
3913 1607 3918 1612 ,

2244 1667 2376 1736 ἡμῖν
2426 1665 2752 1734 δεξαμένοις
2807 1665 2937 1727 τοὺς
2994 1662 3220 1731 ἄνδρας,
3256 1661 3474 1714 ἑλέσθαι
3509 1659 3676 1713 πᾶσιν
3715 1656 3831 1710 ἐνέ-

2244 1759 2438 1831 χεσθαι
2483 1761 2598 1821 τοῖς
2639 1758 2831 1821 κακοῖς
2875 1754 3388 1825 ἀποπεμψαμένους
3412 1795 3426 1818 ,
3461 1753 3560 1806 καὶ
3594 1751 3824 1821 δυναμέ-

2248 1870 2373 1916 νους
2410 1852 2527 1922 μετ’
2557 1851 2982 1921 εὐγνωμοσύνης
3033 1847 3370 1918 κερδαίιειν,
3407 1846 3508 1916 τήν
3539 1844 3660 1916 μετ’
3689 1846 3828 1913 ἁχα-

2247 1948 2459 2018 ριστίας
2497 1947 2704 2018 ζημίαν
2758 1943 3215 2012 λυσιτελεστέραν
3244 1939 3521 2013 ἡγεῖσθαι·
3558 1937 3656 1992 καὶ
3688 1936 3829 2000 ὅλως

2244 2042 2578 2109 φιλονεικεῖν
2612 2040 2932 2110 ἐξεπίτηδες
2964 2038 3116 2111 ὅπως
3151 2037 3233 2098 είς
3292 2034 3502 2105 ἄπορον
3552 2031 3835 2103 τρέψομεν

2243 2134 2345 2196 τὰς
2379 2132 2664 2204 ἡμετέρας
2699 2131 2909 2202 εῦχάς;
2946 2128 3140 2201 ὥσπερ
3166 2125 3472 2190 δεδοικότες
3521 2123 3597 2194 μὴ
3637 2124 3834 2178 λάθω-

2248 2242 2352 2295 μεν
2383 2201 2442 2278 εὖ
2474 2201 2804 2286 ’παθόντεςθ
2846 2223 3028 2276 καίτοι
3063 2222 3203 2291 μετά
3247 2219 3446 2289 μικρὸν
3481 2218 3608 2280 τοὺς
3627 2214 3835 2272 δικαιό-

2245 2334 2403 2385 τερον
2436 2315 2500 2369 ἂν
2527 2314 2982 2377 ὑποπτευθέντας
3022 2313 3274 2382 ἀνάγκην
3302 2312 3517 2382 ἔχοντες
3547 2308 3831 2376 δέξασθαι.

2249 2407 2415 2459 Ὅθεν
2462 2406 2570 2474 γὰρ
2622 2409 2648 2459 ὁ
2707 2406 2808 2476 μὲν
2862 2404 3118 2475 βασιλεὺς
3159 2402 3464 2474 ἐπανέλθῃ,
3497 2402 3594 2456 καὶ⁵
3620 2401 3836 2470 γένοιτο

2246 2500 2464 2563 θᾶττον,
2492 2493 2536 2552 ὧ
2571 2499 2780 2570 Σῶτερ,
2830 2498 2932 2569 τὴν
2988 2499 3126 2551 πᾶσι
3168 2497 3332 2566 φίλην
3365 2496 3494 2548 ἰδεῖν
3540 2492 3831 2564 κεφαλήν·

2245 2594 2446 2661 ἕπηται
2494 2589 2539 2645 δ’
2574 2591 2726 2662 αὐτῷ
2777 2591 3009 2662 στρατὸς
3049 2590 3320 2648 Παιόνων.
3361 2586 3458 2653 οὓς
3485 2588 3700 2652 πολλοῖς
3730 2591 3838 2659 μὲν

2246 2688 2468 2755 λόγοις,
2520 2685 2735 2749 πολλοῖς
2794 2685 2850 2739 δὲ
2905 2687 3204 2755 χρήμασι,
3263 2684 3480 2737 πλείοσι
3533 2682 3592 2737 δὲ
3647 2684 3836 2746 πόνοις

2245 2783 2393 2844 ἄγων
2415 2773 2552 2852 ἦκεν
2593 2779 2735 2848 ὑπὲρ
2764 2779 2943 2850 ὴμῶνο
2986 2778 3080 2830 καί
3138 2794 3292 2836 τινας
3326 2776 3687 2848 προπέμψας,
3723 2777 3836 2849 μή.

2247 2873 2348 2944 νύῃ
2385 2874 2484 2943 μὲν
2514 2873 2615 2942 τὴν
2648 2873 2934 2936 ἐπάνοδον,
2973 2871 3396 2941 εῦαγγελίξηται
3421 2870 3476 2922 δὲ
3507 2873 3838 2942 συμμάχους

2246 2968 2405 3039 ἥκειν
2437 2968 2580 3040 ὑπὲρ
2623 2967 2803 3038 ἡμῶν·
2835 2966 2887 3020 τί
2933 2965 3053 3020 τότ’
3078 2965 3300 3037 ἐροῦσιν
3332 2967 3380 3018 οῖ
3411 2965 3536 3020 λίαν
3566 2963 3836 3036 ἀσφαλεῖς

2246 3058 2414 3124 οὗτοι,
2448 3059 2546 3114 καὶ¹
2582 3059 2683 3121 τὰς
2711 3059 2872 3123 σκιὰς
2907 3059 3248 3122 δεδοικότεςς
3282 3057 3344 3111 Ei
3387 3057 3488 3128 μὲν
3527 3060 3634 3128 γὰρ
3661 3056 3698 3112 ἃ
3735 3057 3835 3114 νῦν

552 3153 828 3209 adventus
901 3156 1180 3210 sociorum
1244 3158 1500 3211 nuntium
1555 3158 1955 3224 destinaverit,
2011 3161 2141 3230 quid

2251 3158 2347 3211 xci.
2382 3153 2506 3206 τότε
2545 3153 2758 3214 τούτοις
2797 3151 3050 3221 ἀρέσκοι,
3091 3149 3449 3204 κελεύσουσιν
3480 3151 3613 3204 εῐσω
3637 3151 3839 3222 τειχῶν

553 3253 686 3298 tunc
732 3245 1030 3300 admodum
1083 3246 1173 3303 isti
1219 3249 1424 3314 securi,
1465 3263 1531 3304 ac
1585 3250 1840 3304 timentes
1888 3251 2148 3312 umbras.

551 3334 754 3389 dicturi
790 3337 947 3392 sint?
991 3338 1157 3392 Plane
1190 3349 1249 3395 ut
1279 3355 1343 3393 ea
1376 3341 1490 3410 ipsa
1524 3340 1800 3410 placeant,
1831 3358 1952 3410 quae
1980 3343 2146 3398 modo

552 3424 797 3495 placent,
825 3427 1039 3496 jussuri
1069 3435 1200 3482 sunt
1230 3443 1296 3483 ne
1327 3430 1548 3499 quidem
1584 3431 1969 3502 imperatorem
2001 3435 2146 3491 intra

555 3521 758 3572 inmitia
791 3520 961 3589 recipi
989 3532 1269 3590 Oportere.
1300 3522 1588 3588 Quomodo
1627 3535 1813 3580 autem
1843 3543 1951 3580 non
1983 3527 2144 3598 pejus

551 3612 763 3681 aliquid
807 3612 1008 3668 facturi
1060 3629 1293 3679 sumus,
1354 3630 1546 3670 eorum
1600 3634 1723 3687 quae
1772 3619 1875 3673 sub
1927 3618 2144 3690 triginta

559 3707 806 3774 tyrannis
839 3705 1072 3760 Athenis
1109 3706 1454 3771 acciderunt,
1490 3718 1574 3764 tot
1609 3712 1766 3765 nobis
1796 3713 2149 3782 surgentibus

558 3796 850 3866 tyrannis?
895 3797 1010 3852 Nec
1067 3799 1214 3852 enim
1269 3800 1431 3857 video
1485 3810 1543 3854 ul
1591 3802 1706 3857 [tam
1765 3804 1913 3857 aliud
1960 3803 2145 3859 vocari

556 3890 787 3958 possint,
820 3905 983 3959 quam
1018 3891 1312 3961 perspicua
1341 3892 1608 3962 tyrannis.
1643 3893 1931 3960 Quomodo
1961 3909 2146 3951 autem

554 3981 725 4034 etiam
761 3983 966 4052 populo
1009 3982 1300 4047 suadeant,
1335 3995 1394 4038 ut
1435 4000 1626 4039 eorum
1663 3987 1800 4041 socii
1846 3987 2156 4044 eﬂiciantur

507 4123 519 4133 ,
558 4072 970 4142 improbitatis?
993 4073 1188 4145 Liquet
1222 4077 1369 4129 enim
1403 4075 1536 4130 nihil
1568 4092 1690 4131 esse
1717 4079 1862 4147 quod
1896 4095 2004 4133 non
2033 4081 2155 4135 titti-

561 4168 700 4220 versi
749 4165 990 4222 libentes
1021 4167 1221 4232 ferant,
1254 4183 1319 4223 ea
1358 4169 1534 4223 solum
1582 4171 1797 4225 ratione
1830 4184 1890 4226 ut
1930 4174 2154 4230 videant

559 4269 948 4313 revertentem.
983 4257 1092 4314 Sed
1122 4268 1180 4312 et
1228 4260 1415 4325 modo,
1466 4260 1600 4331 ipsis
1634 4261 1716 4316 eis
1749 4262 1855 4317 hoc
1888 4264 2153 4334 periculis

560 4351 847 4406 molestius
929 4353 1174 4420 videtur,
1228 4355 1374 4426 quod
1422 4353 1471 4410 is
1526 4370 1812 4423 moretur,
1870 4359 1941 4414 ab
1995 4375 2186 4416 eorum
2218 4362 2385 4432 longe
2435 4360 2612 4416 oculis
2658 4359 2893 4431 positus.

2253 3251 2331 3321 μὴ
2369 3248 2622 3320 δέχεσθαι
2667 3247 2762 3301 τὸν
2814 3247 3064 3317 βασιλέα.
3112 3249 3224 3301 Καὶ
3254 3248 3375 3313 πῶς
3405 3247 3468 3302 οὐ
3498 3249 3683 3317 χεῖρον
3725 3247 3838 3301 τῶν

2255 3343 2350 3396 ἐπὶ
2381 3342 2678 3414 τριάκοντα
2713 3340 3044 3408 συμϐάντων
3070 3339 3336 3417 Ἀθήνῃσι
3370 3338 3673 3412 ⁶ι;;ράξοι.ιιεν,
3701 3356 3836 3393 τοσ-

2250 3436 2424 3488 ούτων
2495 3436 2628 3504 ἡμῖν
2692 3434 3048 3504 ἁναφυέντων
3096 3434 3417 3504 τυράννωνς
3455 3433 3522 3486 Τί
3558 3449 3690 3486 ποτε
3725 3432 3839 3504 γὰρ

2249 3529 2438 3597 ἕτερον
2484 3526 2518 3597 ἢ
2570 3528 2864 3598 τυραννίδα
2919 3528 3067 3598 σαφῆ
3109 3532 3218 3598 χρὴ
3263 3527 3442 3581 ταῦτα
3483 3525 3692 3593 καλεῖν,
3726 3525 3839 3594 ἐγώ

2252 3641 2315 3690 γε
2340 3623 2439 3693 οὐχ
2474 3620 2607 3692 ὀρῷ.
2644 3621 2768 3685 [Ιῶς
2813 3621 2870 3674 δὲ
2911 3624 3008 3674 καὶ
3057 3622 3149 3676 τὸν
3178 3622 3353 3690 δῆμον
3393 3623 3646 3675 πείσουσι
3677 3618 3843 3691 μετι-

2255 3736 2370 3788 χειν
2405 3717 2590 3778 αὐτοῖς
2615 3715 2715 3784 τῆς
2739 3717 3173 3785 ἀγνωμοσύνης;
3220 3715 3384 3785 δῆλον
3418 3715 3528 3788 γὰρ
3559 3718 3636 3779 ὡς
3668 3720 3830 3778 πάντ’

2255 3810 2320 3862 ἂν
2364 3807 2608 3870 ἅπαντες
2651 3806 2877 3860 πάθοιεν
2915 3807 3056 3877 ὑπὲρ
3100 3807 3195 3860 τοῦ
3245 3808 3413 3878 μόνον
3445 3809 3579 3864 ἰδεῖν
3624 3814 3837 3882 ἐπανή-

2255 3915 2447 3955 κοντα.
2507 3898 2619 3953 Καὶ
2678 3899 2741 3952 τό
2791 3915 2858 3966 γε
2906 3898 3023 3964 νῦν,
3071 3900 3165 3954 καὶ
3208 3901 3391 3956 αὐτῶν
3436 3903 3544 3956 τῶν
3577 3905 3855 3961 κινδύνων

2251 3992 2445 4046 δοκοῦν
2479 3991 2666 4055 αὐτοῖς
2697 3990 3126 4061 ἐπαχθέστερον,
3158 3991 3308 4044 τοῦτ’
3334 3994 3504 4046 ἐστίν’
3528 3995 3610 4050 ὅτι
3647 3998 3841 4068 πόρρω

2251 4084 2360 4136 τῶν
2397 4072 2696 4151 ὀφθαλμῶν
2726 4081 2906 4135 αὐτῶν
2934 4081 3226 4152 διατρίϐει.
3253 4083 3517 4138 Γενέσθαι
3546 4088 3657 4156 γὰρ
3685 4089 3840 4140 ἀντι-

2253 4175 2547 4245 φάρμακον
2593 4173 2707 4234 τοῖς
2753 4170 2996 4242 παροῦσι
3043 4176 3236 4238 κακοῖς
3279 4179 3381 4247 τὴν
3429 4177 3640 4233 ἐκείνου
3672 4195 3843 4233 ἰτεσιτι⁸

2254 4267 2519 4321 πεύκασι
2560 4264 2894 4336 παρουσίαν.

2980 4357 3196 4434 Quippe
3227 4378 3567 4434 persuasum
3611 4365 3841 4435 habent,

557 4443 676 4500 fore
723 4453 784 4498 ut
823 4445 1186 4515 praesentibus
1223 4449 1381 4534 malis
1423 4451 1540 4522 ejus
1589 4450 1879 4520 praesentia
1924 4454 2226 4509 remedium
2255 4454 2346 4509 sit.

629 4536 711 4591 Ad
759 4537 876 4592 haec
915 4548 1137 4607 autem,
1189 4558 1555 4612 quorumnam
1606 4545 1903 4601 criminum
1952 4563 2149 4610 reum,
2185 4553 2229 4609 ι)

557 4629 749 4696 grandi
797 4630 936 4685 adeo
986 4647 1147 4702 paena
1189 4635 1466 4703 punienti
1508 4636 1663 4703 Quod
1717 4639 1896 4694 media
1943 4640 2147 4716 hieme,

559 4721 805 4776 Omnium
835 4739 961 4792 spes
991 4725 1244 4782 vincente
1289 4738 1490 4784 conatu
1524 4729 1578 4784 in
1608 4729 1841 4786 Pontum
1880 4733 2103 4787 solverit
2130 4749 2148 4799 ;

563 4811 762 4888 lstrum
819 4813 889 4867 ab
938 4825 1172 4886 utraque
1219 4818 1336 4888 ripa
1387 4821 1749 4890 navigaverit,
1785 4837 1894 4875 non
1939 4835 1998 4876 ut
2026 4824 2148 4877 navi

561 4903 814 4974 superior
862 4905 1124 4973 ferretur,
1158 4907 1253 4962 sed
1295 4909 1446 4964 velut
1489 4911 1722 4966 latentes
1746 4913 2010 4982 quasdam
2049 4915 2150 4969 sub

564 4996 718 5067 aquis
751 5008 955 5067 petras,
986 5001 1066 5054 sic
1093 5017 1218 5055 oras
1246 5002 1490 5058 flmninis
1522 5006 1750 5074 legeret.
1780 5005 1943 5060 Venit
1967 5018 2150 5063 autem

559 5105 682 5141 unm
715 5091 909 5159 paucis
931 5107 1108 5160 eoque
1143 5095 1431 5159 comitatu,
1460 5106 1536 5159 ut,
1572 5111 1672 5150 nec
1698 5099 1833 5152 satis
1861 5099 1925 5152 ad
1955 5115 2154 5156 mensa:

561 5184 895 5239 instruendae
937 5187 1308 5241 ministerium
1360 5188 1564 5244 habere
1618 5191 1981 5249 viderentur:
2038 5196 2155 5251 bel-

559 5275 680 5330 luas
733 5277 907 5346 magis
954 5294 1118 5348 quam
1181 5280 1437 5335 homines
1489 5293 1802 5354 rogaturus,
1865 5289 2155 5360 nostrique

562 5380 728 5422 causa
760 5384 1030 5425 suasurus
1063 5387 1213 5426 arma
1242 5373 1546 5444 corripere,
1588 5392 1650 5432 ac
1682 5377 1834 5431 adire
1866 5380 2107 5447 pericula
2137 5397 2153 5445 ;

559 5459 819 5515 nimirum
865 5463 1082 5517 alienos
1116 5464 1367 5520 homines
1401 5482 1500 5536 pro
1543 5480 1726 5524 nostra
1768 5472 2015 5541 ipsorum
2067 5490 2126 5528 sa
2148 5502 2171 5512 υ

558 5552 692 5611 lute.
735 5554 899 5628 quue
930 5559 1066 5612 adeo
1115 5569 1173 5612 ut
1220 5577 1534 5632 quanquam
1571 5581 1677 5617 non
1733 5565 2012 5633 dominus,
2059 5570 2156 5624 sed

559 5649 738 5704 malus
788 5650 1012 5719 quidam
1059 5667 1124 5707 ac
1175 5652 1348 5707 hostis
1395 5655 1550 5723 prius
1599 5658 1894 5723 exsistens,
1948 5669 2158 5716 mutato

562 5740 764 5796 deinde
815 5744 1072 5804 consilio.
1134 5746 1306 5799 nostri
1363 5761 1528 5800 causa
1592 5758 1742 5804 tanta
1794 5750 2157 5820 designasset,

559 5837 813 5902 coronari
863 5846 1163 5909 oporteret,
1213 5839 1585 5910 omnibusque
1634 5849 1749 5897 tum
1783 5841 1997 5910 vivum,
2041 5855 2156 5901 tum

2330 4548 2498 4601 ’Δνευ
2530 4543 2586 4599 δέ
2621 4544 2831 4599 τούτων
2868 4544 2967 4598 καὶ
2997 4544 3164 4598 τίνων
3198 4546 3621 4617 ἁμαρτημάτων
3647 4551 3845 4604 τοσαύο

2250 4655 2351 4708 την
2409 4635 2573 4689 αὑτὸν
2621 4635 2994 4704 ἀπαιτήσουσι
3040 4633 3238 4702 δίκηνς
3269 4634 3392 4689 Ὀτι
3441 4632 3714 4706 χειμῶνος
3752 4657 3847 4710 με.

2253 4728 2474 4792 σοῦντος
2534 4726 2783 4797 ὑπερϐὰς
2839 4725 2941 4789 τὰς
2987 4726 3247 4780 ἁπάντων
3305 4728 3569 4793 ἐλπίδας,
3606 4731 3847 4802 ἀνήγετο

2256 4823 2354 4893 μὲν
2393 4823 2475 4888 εἰς
2511 4820 2608 4875 τὸν
2640 4822 2864 4875 Πόντονο
2895 4821 3122 4875 ἀνέπλει
3160 4822 3218 4876 δὲ
3262 4822 3355 4878 τὸν
3388 4823 3626 4894 Ἴστρον,
3651 4824 3847 4881 ἐκατέ-

2256 4919 2434 4984 ρωθεν
2461 4916 2560 4984 οὐχ
2603 4913 2956 4982 ὑπερπλέων,
2987 4915 3125 4967 ἀλλὰ
3169 4918 3507 4985 παραπλέων
3533 4918 3729 4990 ὥσπερ
3756 4938 3842 4973 τι·

2255 5009 2354 5072 νὰς
2403 5008 2643 5076 ὑφάλους
2675 5009 2774 5070 τὰς
2810 5007 3000 5077 ὄχθας.
3032 5002 3173 5062 Ἦκε
3228 5009 3284 5063 δὲ
3332 5010 3450 5078 μετ’
3482 5010 3706 5080 ὀλίγων,
3746 5012 3846 5066 καὶ

2253 5100 2303 5154 οἳ
2370 5100 2494 5172 μηδ’
2556 5100 2621 5153 ἂν
2681 5099 2988 5153 δειπνοῦντι
3045 5102 3399 5171 παρεστῶτες
3455 5103 3649 5172 ἀρκεῖν
3706 5102 3842 5174 προς

2256 5195 2536 5246 διακονίαν
2566 5194 2807 5259 ἐδόκουν,
2843 5193 3052 5263 θηρίων
3107 5195 3310 5265 μᾶλλον
3357 5197 3709 5266 δεησόμενος,
3741 5199 3842 5252 οὐκ

2255 5285 2585 5356 ἀνθρώπιον·
2621 5285 2719 5338 καὶ
2745 5286 2949 5339 πείσων
2981 5285 3125 5358 ὑπὲρ
3157 5287 3314 5357 ήμῶν
3345 5289 3590 5358 ἁρπάσαι
3611 5292 3682 5343 τα
3700 5290 3845 5344 ὅπλα

2260 5379 2357 5432 καὶ
2388 5379 2749 5443 κινδυνεύειν,
2784 5380 3107 5452 ἀλλοτρίους
3139 5381 3323 5445 ὂντας,
3360 5381 3502 5453 ὑπὲρ
3544 5381 3645 5453 τῆς
3687 5379 3846 5453 ἡμῶν

2259 5473 2621 5544 ἐλευθερίας;
2657 5475 2925 5527 Τοσοῦτον
2958 5475 3059 5544 μὲν
3085 5469 3202 5539 οὖν,
3239 5475 3287 5527 εί
3333 5476 3427 5529 καὶ
3464 5476 3540 5547 μὴ
3573 5475 3845 5546 δεσπότης

2263 5568 2566 5636 ἐτύγχανεν
2595 5567 2697 5632 ὢν,
2733 5570 2968 5638 πονηρὸς
3015 5568 3074 5620 δέ
3125 5587 3213 5632 τις
3258 5569 3527 5639 πρότερον
3560 5571 3656 5622 καὶ
3689 5570 3852 5623 πολέ-

2265 5678 2408 5730 μιος.
2441 5658 2575 5715 Είτα
2625 5661 2948 5730 μεταϐαλὼν
2982 5659 3247 5724 τοιούτοις
3280 5661 3475 5715 ἑαυτὸν
3510 5661 3655 5732 ύπέρ
3688 5660 3850 5732 ἡμῶν

2260 5754 2518 5820 ἐξεδίδου,
2554 5753 2856 5824 στεφανοῦν
2885 5754 3078 5824 ἐχρῆν,
3111 5755 3208 5806 καὶ
3249 5754 3471 5808 πάντων
3500 5755 3650 5824 αύτῷ
3683 5742 3851 5822 μετα-

2262 5847 2468 5901 διδόναι
2497 5847 2678 5918 γερῶν
2704 5887 2719 5914 ,
2751 5848 2848 5901 καὶ
2879 5846 3042 5912 ζῶντι
3089 5848 3187 5902 καὶ
3227 5847 3644 5919 τελευτήσαντι.
3686 5847 3751 5902 Εἰ
3779 5847 3839 5901 δὲ
