4100 6296
537 298 674 365 ιοοδ

1807 303 2188 364 ΒΕΜΕΤΒΠ
2229 302 2538 366 CYDONII

3643 303 3781 367 ιουι

531 417 685 482 bitis,
719 428 1036 489 portasque,
1088 436 1212 477 cum
1261 435 1328 476 eo
1361 420 1709 477 venientibus
1762 421 1931 476 sociis
1973 434 2104 490 ape-

2212 421 2452 486 ἀνοίξετε
2487 421 2543 474 δὲ
2569 423 2674 482 toi,
2713 419 2833 490 μετ’
2866 420 3078 480 ἐκείνου
3111 417 3414 487 συμμάχοις
3446 420 3546 480 τὰς
3587 418 3780 480 πύλας,

531 510 707 572 rietis,
734 511 863 580 quid
889 521 1039 566 vetat
1070 521 1130 566 ut
1157 529 1224 568 ne
1253 529 1351 582 pro
1384 513 1502 568 istis
1532 515 1721 569 eadem
1755 513 2105 568 decernatisl

528 598 640 655 Nec
676 604 823 655 enim
855 617 1036 672 opera:
1068 603 1327 674 pretium,
1364 615 1425 660 ut
1455 605 1840 682 Romanorum
1883 605 2104 675 quidem

528 691 809 747 lenitatem
840 695 1116 759 caveatis;
1187 696 1446 752 Pteonum
1499 707 1682 752 autem
1725 698 2103 752 crudelitatem

527 799 598 840 ne
655 797 966 856 suspectam
1014 788 1234 858 quidem
1289 790 1578 847 habeatis:
1634 797 1802 860 utque
1854 805 1950 845 eos
2009 789 2104 859 qui

527 877 716 946 gloriae
740 878 925 934 studio
954 895 1052 935 sua
1090 880 1456 950 profundunt,
1490 893 1678 937 nostra
1710 883 2107 952 concupituros

527 969 918 1038 arbitremini;
966 987 1062 1026 eos
1108 980 1290 1027 autem
1348 973 1440 1042 qui
1493 973 1797 1029 latrociniis
1851 976 1918 1028 ac
1958 973 2106 1029 furto

525 1063 740 1126 vivunt,
795 1079 826 1119 a
889 1080 985 1118 sua
1021 1074 1248 1135 repente
1293 1077 1607 1123 cessaturos
1657 1075 1797 1122 arte.
1848 1065 2006 1133 Quod
2059 1064 2106 1121 si

527 1155 675 1210 mille
705 1155 825 1211 istis
859 1140 1211 1213 commisceri
1258 1157 1630 1225 formidabile,
1697 1159 1790 1228 qui
1832 1174 1940 1214 non
1987 1174 2110 1228 per-

526 1249 717 1318 spicue
745 1249 947 1304 malum
995 1250 1169 1320 majus
1204 1250 1258 1305 in
1297 1252 1489 1322 viginti
1532 1251 1825 1306 millibus?
1858 1251 2107 1321 Cumque

525 1354 624 1394 eos
676 1340 771 1410 qui
821 1340 966 1394 ultro
1017 1341 1262 1405 veniunt,
1314 1341 1462 1403 haud
1497 1350 1628 1396 tutas
1685 1343 1933 1396 homines
1983 1342 2106 1396 fidei

526 1447 861 1495 asseramus,
883 1441 1086 1502 quanta
1113 1431 1166 1486 in
1194 1432 1299 1498 illis
1324 1434 1592 1488 securitas
1610 1448 1756 1503 quos
1779 1448 1874 1502 per
1899 1432 2109 1502 legatos

527 1523 862 1580 ascivimus?

602 1615 801 1671 Verum
854 1617 970 1687 ipsa
1022 1632 1243 1687 quoque
1291 1617 1489 1673 horum
1542 1618 1800 1688 cogitatio
1846 1620 2103 1674 ridicula.

530 1707 613 1762 Sit
646 1725 776 1762 vero
816 1711 1148 1778 sapientum,
1179 1725 1240 1763 ac
1268 1710 1392 1765 talis
1416 1710 1588 1775 urbis,
1624 1722 1828 1782 quanta
1861 1712 1977 1767 haec
2005 1728 2105 1767 no-

533 1813 644 1856 stra
670 1801 895 1862 civium.
922 1811 982 1855 ut
1001 1816 1092 1873 eos
1109 1802 1201 1872 qui
1234 1802 1334 1857 ista
1363 1803 1575 1866 dicunt,
1601 1804 1842 1859 ellebore
1864 1805 2107 1875 indigere

537 1901 771 1961 putent;
809 1901 976 1962 utque
1017 1893 1288 1964 ejusmodi
1337 1895 1603 1962 consiliis,
1652 1897 1698 1951 si
1751 1898 1879 1966 quis
1916 1908 2106 1953 noster

535 1985 709 2040 hostis
738 1986 830 2051 sit,
860 1985 1034 2055 magis
1066 1986 1457 2041 obsecuturum
1478 1988 1711 2058 ’optent;
1755 1989 1904 2058 ipsos
1951 2005 2106 2056 vero,

530 2077 893 2148 cogitationes
932 2093 1052 2146 quae
1085 2077 1336 2142 deceant,
1386 2087 1748 2146 assumentes,
1791 2098 1899 2136 non
1954 2083 2110 2152 quic-

531 2185 686 2225 scere
713 2185 730 2235 ;
753 2185 855 2223 nec
875 2179 1080 2224 temere
1121 2171 1626 2228 contradicentibus
1656 2174 1785 2227 dare
1803 2174 2107 2241 licentiam,

531 2261 625 2330 qui
663 2261 850 2317 nescio
897 2276 1130 2330 quorum
1161 2262 1598 2318 benevolentiam
1646 2264 1793 2318 inani
1836 2266 1929 2320 illa
1982 2282 2107 2334 gar-

534 2355 758 2411 rulitate
792 2363 1016 2425 captent
1065 2372 1078 2408 :
1124 2355 1254 2424 quin
1303 2355 1391 2410 vel
1456 2357 1630 2425 ipsum
1698 2357 2110 2412 deliberationis

535 2458 752 2518 tempus
806 2449 1034 2522 jactura:
1069 2445 1410 2518 deputantes,
1443 2449 1608 2503 hosce
1658 2452 1958 2520 suscipere,
2009 2466 2108 2505 ceu

530 2541 684 2596 viros
733 2557 763 2595 a
815 2544 973 2612 longo
1024 2541 1134 2610 jam
1178 2551 1444 2610 tempore,
1485 2558 1513 2595 a
1561 2542 1908 2612 parentibus,
1962 2543 2108 2608 ﬁliis,

532 2633 750 2703 aliaque
787 2633 997 2693 ratione
1030 2634 1265 2686 maxime
1314 2633 1640 2686 necessariis
1671 2634 1941 2696 absentes,
1981 2653 2109 2704 pro-

534 2740 641 2791 quc
696 2738 883 2776 eoruui
939 2722 1103 2776 animi
1137 2722 1442 2786 alacritate.
1496 2725 1854 2792 providentur:
1908 2732 2110 2796 gratias

532 2829 714 2883 agere.
746 2815 792 2867 ci
828 2816 1004 2884 palam
1048 2814 1242 2868 horum
1299 2816 1594 2870 adventum
1637 2830 1917 2888 acceptum
1966 2820 2108 2874 refe-

538 2913 758 2964 rentes;
788 2917 897 2955 non
932 2911 1156 2970 propter
1186 2902 1436 2971 quzedam
1469 2904 1628 2967 levia,
1662 2920 1890 2974 qua-que
1920 2906 2105 2962 forsan

533 2995 880 3063 contingant,
923 2994 1064 3047 forte
1113 3009 1221 3048 non
1276 2995 1621 3064 enntitigent,
1673 2996 1847 3066 ipsius
1885 3015 2106 3068 quoque

2206 512 2264 566 τί
2301 513 2502 566 κωλύει
2531 512 2706 565 ταῦτα
2739 514 2832 564 καὶ
2881 512 3009 581 περὶ
3039 512 3248 564 τούτων
3296 509 3631 578 ψηφίζεσθαι
3658 525 3674 573 ;
3706 508 3784 562 Οὐ

2207 605 2317 676 γὰρ
2349 605 2523 676 δήπου
2575 604 2674 674 τὴν
2730 605 2828 672 μὲν
2863 606 2972 657 τῶν
3014 603 3304 673 Ῥωμαίων
3335 603 3652 673 ἡμερότητα
3683 619 3783 666 cpu-

2206 697 2500 752 λάττεσθαι
2526 697 2625 761 δεῖ,
2659 697 2758 768 τὴν
2787 698 2845 748 δὲ
2872 699 3117 750 Παιόνων
3148 695 3410 764 ὡμότητα
3469 694 3605 762 μηδὲ
3652 694 3780 746 Orto-

2211 789 2462 841 ﬂseustv'
2501 792 2593 841 καὶ
2623 789 2743 850 τοὺς
2770 789 2867 857 μὲν
2893 787 3032 856 ὑπὲρ
3065 786 3224 856 δόξης
3256 785 3614 855 προϊεμένους
3654 785 3779 836 ἐπι-

2209 878 2455 950 θυμῆσκι
2522 878 2746 948 νομίσαι
2799 878 2909 930 τῶν
2959 878 3269 947 ἡμετέρων.
3324 878 3450 939 τοὺς
3503 875 3548 928 δ’
3597 875 3657 940 ἐξ
3703 871 3781 929 ὧν

2205 970 2530 1044 λῃστεύουσι
2563 972 2654 1022 καὶ
2689 969 3011 1023 κλέπτουσιν
3073 969 3182 1022 ἀπὸ
3233 968 3441 1022 τούτων
3469 955 3778 1035 διάγοντας,

2206 1064 2429 1125 τούτους
2462 1063 2718 1131 ἐξαίφνης
2772 1060 3116 1131 ἀποσχέσθαι
3190 1061 3292 1130 τῆς
3335 1062 3554 1132 τέχνης.
3607 1059 3670 1115 Εί
3721 1059 3782 1113 δὶ

2208 1154 2400 1224 χιλίοις
2428 1154 2642 1216 τούτοις
2691 1153 3098 1224 ἀναμίγνυσθαι
3133 1152 3387 1222 φοϐερὸν,
3427 1151 3544 1213 πῶς
3580 1153 3643 1204 οὑ
3682 1168 3785 1220 φα.-

2207 1249 2510 1318 νερὼτερον
2559 1248 2619 1297 τὸ
2675 1247 2844 1300 κακὸν
2895 1247 2954 1299 ἐν
3003 1249 3116 1310 τοῖς
3162 1246 3510 1315 δισμυρίοιςς
3549 1245 3658 1298 Καὶ
3691 1245 3783 1297 ὅτε

2207 1345 2332 1404 τοὺς
2377 1341 2603 1404 ἑκόντας
2631 1339 2888 1402 ἐλθόντας
2927 1340 3192 1396 ἀπίστους
3218 1334 3359 1390 εἶναι
3390 1337 3689 1407 κυροῠμεν,
3728 1337 3783 1390 τί

2209 1437 2316 1508 χρὴ
2349 1436 2574 1507 θαρρεῖν
2605 1435 2732 1505 περὶ
2774 1433 2882 1487 τῶν
2914 1433 3057 1505 μετὰ
3096 1431 3400 1502 πρεσϐείας
3437 1429 3782 1500 κληθέντωνς

2291 1621 2452 1674 Ἀλλὰ
2481 1617 2653 1673 ταῦτα
2681 1617 2776 1686 μὲν
2803 1615 2899 1670 καὶ
2916 1615 3076 1687 μόνον
3100 1613 3412 1683 λογίζεσθαι
3439 1614 3614 1682 γέλως
3637 1627 3651 1643 ⁸
3679 1629 3784 1666 σω-

2211 1712 2551 1785 φρονούντων
2577 1710 2620 1763 δ’
2643 1711 2710 1764 ἂν
2739 1707 2850 1777 εἴη,
2885 1709 2980 1760 καὶ
3001 1706 3257 1774 τοιαύτην
3281 1705 3402 1758 οἷαν
3438 1707 3599 1774 ἡμεῖς
3627 1704 3784 1756 πόλιν

2211 1806 2522 1864 οἰκούντων,
2551 1805 2675 1864 Iob;
2703 1803 2801 1871 μὲν
2831 1798 3002 1852 ταῦτα
3031 1798 3293 1865 λέγοντας
3343 1797 3627 1866 ἐλλεϐόρου
3669 1796 3780 1851 δεῖ-

2211 1900 2335 1953 σθαι
2366 1896 2610 1967 νομίζειν
2637 1909 2650 1922 ·
2692 1893 2788 1948 καὶ
2820 1895 2938 1956 ταῖς
2971 1889 3303 1960 συμϐουλαῖς
3330 1890 3580 1953 ταύταις,
3617 1887 3786 1950 εἴτις

2210 1991 2400 2061 ἐχθρὸς
2427 1990 2557 2058 ἡμῖν
2587 1988 2696 2056 εἴη,
2726 1987 2926 2057 μᾶλλον
2955 1987 3213 2057 εὔχεσθαι
3241 1983 3555 2039 πείθεσθαι*
3587 1980 3784 2042 αὐτοὺς

2209 2085 2285 2146 δὲ,
2310 2084 2420 2135 τῶν
2444 2081 2833 2152 προσηκόντων
2865 2079 3148 2148 λογισμῶν
3177 2076 3510 2147 ἁψαμένους,
3552 2073 3628 2144 μὴ
3658 2073 3788 2142 στῆ-

2209 2195 2318 2242 ναι,
2347 2178 2481 2246 μηδὲ
2505 2177 2614 2238 τοῖς
2632 2174 3010 2242 ἀντιλέγουσιν
3024 2173 3144 2241 εἰκῆ
3161 2171 3420 2241 φλυαρεῖν
3445 2167 3782 2239 ἐπιτρέπειν,

2207 2270 2308 2322 ούκ
2334 2263 2430 2320 οἷδ’
2455 2262 2694 2321 ὧντινων
2720 2264 2932 2318 εὖνοιαν
2957 2267 3022 2332 τῇ
3051 2263 3335 2334 κενολογίᾳ
3357 2259 3531 2330 ταύτῃ
3563 2258 3790 2326 ποριζο-

2213 2364 2430 2432 μένοις’
2479 2361 2613 2413 ἀλλὰ
2650 2360 2741 2412 καὶ
2777 2359 2937 2421 αὑτὸν
2973 2357 3064 2410 τὸν
3104 2357 3287 2427 μέχρι
3326 2354 3424 2422 τῆς
3475 2352 3784 2422 συμϐουλῆς

2210 2454 2401 2523 χρόνον
2431 2434 2647 2521 ζημίαν
2672 2447 3088 2517 λογισαμένους,
3127 2443 3384 2514 δέχεσθαι
3419 2437 3643 2506 τούτους
3672 2440 3784 2493 ὦσ-

2209 2561 2316 2612 περ
2343 2544 2450 2596 τῶν
2475 2543 2677 2610 γονέων
2703 2543 2734 2610 ἢ
2769 2540 2876 2594 τῶν
2900 2540 3083 2602 υίέων,
3116 2538 3149 2607 ἦ
3178 2536 3286 2589 τῶν
3313 2534 3489 2598 ἄλλως
3515 2534 3786 2589 οίκειοτά-

2207 2654 2338 2698 των,
2362 2635 2454 2688 τὸν
2475 2633 2644 2686 πολὺν
2668 2633 2865 2703 χρόνον
2889 2629 3330 2698 ἀποδημοῦντας,
3360 2630 3454 2680 καὶ
3478 2629 3578 2697 τῆς
3605 2624 3786 2680 αὐτῶν

2211 2728 2518 2797 προθυμίας
2563 2727 2794 2794 χάριτας
2854 2722 3139 2790 ὁμολογεῖν
3187 2722 3252 2790 τῇ
3305 2717 3553 2788 προνοίᾳ,
3599 2715 3784 2788 ἐκείνῃ

2211 2819 2397 2887 σαφῶς
2431 2818 2784 2877 ἀνατιθέντας
2816 2815 2917 2882 τὴν
2962 2812 3141 2864 αὐτῶν
3179 2810 3528 2881 παρουσίαν
3563 2809 3658 2862 καὶ
3706 2808 3786 2878 μὴ

2214 2911 2422 2983 μικρῶν
2438 2929 2594 2962 τινων
2630 2909 2810 2960 εἵνεκα
2845 2908 2975 2968 ίσως
3023 2905 3119 2973 μὲν
3155 2903 3614 2973 συμϐησομένων,
3651 2901 3782 2964 ἴσως

2210 3005 2264 3056 δὲ
2317 3005 2410 3072 μὴ,
2451 3001 2791 3071 ζημιωθῆναι
2841 2999 2933 3051 καὶ
2973 2998 3070 3068 τὴν
3103 2995 3442 3065 ἐλευθερίαν
3487 2993 3576 3046 ἵνα
3616 2993 3786 3063 μηδὲν

534 3087 803 3142 libertatis
835 3087 1101 3154 jacturant
1154 3087 1370 3152 facere;
1406 3099 1462 3140 ut
1496 3104 1563 3141 ne
1613 3090 1912 3158 quidquam
1959 3091 2105 3146 aliud

2214 3096 2340 3150 ἄλλο
2378 3095 2522 3160 λέγω
2549 3093 2656 3146 τῶν
2696 3093 2790 3145 νῦν
2834 3092 2937 3143 ὑπὸ
2972 3090 3206 3152 πάντων,
3243 3088 3338 3140 καί⁸
3372 3086 3550 3140 αὐτῶν
3592 3085 3647 3138 δὲ
3674 3083 3786 3138 τῶν

535 3181 735 3243 dicam,
795 3193 987 3232 eorum
1040 3193 1160 3247 qua:
1210 3179 1488 3233 universis
1542 3180 1800 3234 timentur
1854 3182 2000 3237 velut
2053 3183 2106 3236 in

541 3271 853 3340 procinctu,
881 3282 1046 3339 atque
1073 3270 1206 3323 adeo
1230 3269 1334 3323 illis
1355 3271 1490 3340 ipsis
1507 3273 1597 3340 qui
1631 3272 2104 3342 hisindiguantur.

535 3365 782 3434 cogitate
819 3363 965 3416 enim
998 3377 1107 3430 quo
1140 3360 1370 3416 fortuna:
1412 3363 1614 3426 redacti
1651 3366 1864 3428 simus;
1911 3367 2111 3435 quidve

538 3457 819 3528 possimus
852 3470 1093 3525 sperare,
1126 3465 1184 3510 ut
1236 3457 1368 3510 istos
1419 3446 1815 3512 dimiserimus.
1867 3460 2111 3524 Quorum

536 3548 668 3604 olim
705 3546 923 3618 imperii
975 3546 1134 3612 lines,
1169 3547 1267 3616 ipsi
1304 3557 1463 3603 erant
1515 3549 1606 3618 qui
1640 3550 1811 3613 orbis,
1845 3567 1989 3605 nunc
2027 3567 2114 3607 sc-

546 3639 737 3694 demus
762 3638 1078 3695 felicitatem
1110 3646 1450 3709 reputantes.
1475 3649 1534 3694 ut
1560 3642 1682 3710 quis
1708 3639 1852 3695 sinat
1881 3643 2108 3698 servire.

537 3731 681 3788 Urbs
708 3748 840 3804 vero
871 3733 1032 3801 longe
1064 3734 1441 3788 universarum
1474 3734 1577 3789 sub
1604 3735 1743 3789 caelo
1774 3734 2110 3800 beatissima,

538 3840 813 3896 quamque
856 3840 1070 3892 omnes,
1117 3825 1418 3895 gratiarum
1465 3839 1528 3879 ac
1586 3825 1871 3880 recreandi
1928 3841 2110 3890 causa,

539 3911 894 3985 miiiiiticiqtie
948 3917 1132 3969 omnis
1160 3926 1410 3978 ornatus,
1445 3916 1688 3977 adibant.
1727 3932 1875 3969 nunc
1921 3915 2112 3969 incolis

540 4011 679 4063 facta
709 4015 796 4064 est
819 4021 1030 4061 carcer.
1059 4006 1442 4076 .Undcquaque
1475 4007 1640 4062 habet
1664 4007 1875 4061 clausas
1903 4016 2109 4077 portas,

540 4115 642 4155 nec
674 4099 833 4154 .ullus
858 4099 977 4170 jam
1024 4107 1139 4152 tuto
1181 4098 1234 4152 iu
1285 4099 1538 4167 portibus
1587 4102 1877 4153 stationem
1913 4099 2109 4152 habet:

540 4191 748 4259 quique
784 4190 1062 4260 appellunt
1113 4188 1285 4242 malos
1329 4187 1464 4242 foris
1508 4204 1755 4243 rumores
1801 4189 2112 4254 afferentes,

540 4283 702 4352 longe
757 4283 940 4352 pejora
988 4284 1136 4335 intus
1171 4283 1555 4352 experiuntur.
1601 4283 1870 4337 (Iazterum
1931 4283 2110 4348 nobis,

542 4375 687 4429 intra
725 4374 947 4443 quidem
981 4388 1194 4437 muros,
1218 4373 1457 4440 clamor,
1513 4382 1746 4444 egestas.
1795 4386 2110 4445 paupertas,

541 4462 796 4544 licryina:
823 4481 836 4528 ;
878 4475 1030 4518 extra
1063 4478 1191 4516 vero
1216 4463 1593 4533 spectantibus
1621 4478 1650 4517 e
1689 4464 1934 4518 turribus
1978 4464 2109 4518 Bar—
2137 4447 2190 4509 Ι)

541 4558 798 4612 barorum
829 4555 1147 4619 exercitus;
1181 4555 1409 4609 vastatio
1439 4569 1716 4623 agrorum,
1743 4555 1798 4609 in
1830 4555 2114 4626 aggeribus

542 4649 754 4713 caedes,
806 4647 1061 4717 ignisque
1099 4646 1284 4709 ferox,
1324 4651 1548 4709 domos,
1596 4647 1829 4716 templa,
1885 4647 2114 4716 pulchra

542 4756 774 4811 quaeque
813 4739 1038 4793 mdiﬁcia
1094 4738 1335 4809 publica,
1364 4753 1428 4793 ac
1475 4753 1700 4808 prorsus
1729 4738 1928 4792 omnia'
1963 4737 2115 4792 inva-

546 4836 702 4890 dens.
730 4832 871 4900 Quin
922 4843 977 4886 et
1011 4831 1360 4901 blaSphemite
1412 4831 1464 4885 in
1515 4831 1711 4895 Deum,
1742 4841 1906 4900 atque
1945 4830 2113 4901 (quod

547 4926 673 4996 quis
703 4940 810 4980 non
841 4924 1128 4994 horreat?)
1163 4923 1345 4978 crucis
1372 4922 1724 4987 contumelia,
1755 4938 1816 4976 ac
1845 4921 1968 4978 fidei
1994 4922 2114 4977 irri-

546 5019 653 5079 sio.
680 5030 1071 5086 sacrarumque
1121 5014 1419 5084 imaginum
1463 5014 1649 5083 probri
1681 5029 1842 5067 causa
1879 5014 2118 5068 circum.

544 5109 858 5170 ductiones,
899 5121 1138 5161 necnon
1173 5105 1332 5158 minae
1360 5105 1658 5165 terribiles,
1697 5119 1833 5173 quas
1881 5119 1947 5156 ne
1997 5119 2119 5157 eve-

545 5199 724 5261 niam,
760 5212 828 5251 ne
870 5198 984 5266 ipse
1031 5193 1254 5266 quidem
1303 5194 1579 5260 Christus,
1608 5209 1769 5263 quem
1802 5191 2114 5260 adoramus,

547 5292 720 5365 possit
746 5289 1031 5359 impedire.

619 5384 722 5439 Sed
753 5395 807 5438 et
827 5382 997 5443 fames
1014 5383 1265 5438 universa
1286 5389 1454 5442 tenet.
1475 5393 1598 5433 cum
1624 5393 1724 5432 nec
1744 5385 1888 5431 terra
1911 5375 2118 5444 reliqua

548 5478 640 5540 sit,
666 5492 835 5548 quam
862 5476 1125 5537 colamus,
1154 5490 1254 5529 nec
1278 5474 1516 5528 latrones
1548 5471 1775 5525 liberum
1806 5470 2119 5539 permittant

552 5569 951 5625 mercatoribus
997 5568 1252 5621 alveum:
1302 5575 1355 5621 et
1391 5577 1449 5618 ut
1469 5563 1676 5632 possint
1709 5561 1981 5614 frumenta
2027 5559 2120 5612 ad-

551 5665 754 5720 vchcrc
798 5682 809 5714 ι

547 5755 822 5820 videatur,
860 5769 967 5808 non
992 5753 1318 5808 habentibus
1351 5760 1408 5807 ut
1436 5751 1564 5806 inde
1603 5748 1983 5817 paciscantur;
2017 5745 2119 5799 mi-

2211 3190 2419 3247 τούτοις
2451 3187 2787 3256 ἀχθομένων,
2822 3181 3308 3252 προσδοκωμένων.
3345 3177 3646 3247 Λογίσασθε
3672 3177 3786 3246 γάρ

2212 3275 2273 3332 οὗ
2330 3281 2428 3349 μὲν
2477 3278 2572 3331 νῦν
2625 3278 2792 3346 τύχης
2852 3274 3057 3344 ἐσμέν·
3115 3272 3167 3325 τί
3218 3272 3259 3324 δ’
3324 3271 3472 3322 ἐστιν
3522 3270 3781 3335 ἐλπίζειν⁹

2213 3377 2304 3427 ἐὰν
2337 3373 2557 3433 τούτους
2604 3362 3048 3443 προώμεθαηυῖς
3083 3366 3180 3436 μὲν
3223 3368 3435 3434 πέρατα.
3478 3366 3577 3429 τῆς
3606 3361 3784 3434 ἀρχῆς

2211 3467 2244 3520 δι
2278 3467 2490 3532 καὶτῆς
2523 3464 2849 3532 οἰκουμένης
2879 3462 3126 3530 ὑπῆρχεν
3160 3461 3313 3527 ἡμῖν,
3342 3457 3438 3512 νῦν
3466 3457 3779 3526 καθήμεθα,

2213 3559 2368 3619 εἴτις
2402 3559 2467 3627 ὲᾳ
2487 3555 2756 3608 δουλεύειν
2781 3553 3125 3618 εὐδαιμονίαν
3158 3551 3473 3620 ἡγούμενοι.
3511 3549 3578 3607 Ἠ
3603 3549 3659 3601 δέ
3673 3547 3784 3600 τῶν

2215 3651 2318 3704 ὑπὸ
2345 3651 2431 3702 τὸν
2462 3649 2690 3717 οὐρανὸν
2721 3646 2930 3699 πόλεων
2963 3642 3444 3712 εὐδαιμονεστάτη,
3477 3641 3572 3694 καὶ
3601 3641 3688 3709 ἐφ’
3719 3643 3784 3710 ἢν

2214 3742 2412 3802 πάντες
2444 3740 2678 3808 χαρίτων
2703 3738 2866 3793 ἓνεκα
2897 3737 2990 3790 καὶ
3018 3735 3260 3806 τέρψεως
3289 3735 3385 3787 καὶ
3415 3735 3508 3801 τῆς
3537 3732 3788 3801 διαρτᾶν-

2215 3850 2323 3886 των
2370 3830 2667 3900 ἁδρότητος
2692 3829 2944 3898 ἤλαυνον,
2995 3825 3185 3898 εἱρκτὴ
3235 3824 3328 3880 νῦν
3358 3827 3470 3888 τοῖς
3505 3825 3783 3893 οίκήτορτι

2215 3925 2426 3993 γέγονε.
2451 3923 2770 3977 Κέκλεινται
2805 3919 2903 3987 μὲν
2929 3918 3037 3990 γὰρ
3064 3919 3201 3990 αὐτῇ
3231 3917 3567 3987 πανταχόθεν
3593 3916 3649 3970 ai
3681 3915 3754 3968 πύ
3772 3947 3784 3956 -

2214 4015 2304 4068 λαι
2328 4031 2341 4046 ·
2375 4013 2548 4075 οὐδεὶς
2579 4013 2634 4066 δὲ
2673 4011 2938 4065 κινδύνων
2969 4012 3138 4080 χωρὶς
3165 4009 3521 4080 ἐπιχωριάζει
3554 4007 3646 4061 τοῦ
3675 4007 3786 4060 λοι·

2215 4107 2319 4158 ποῦ
2356 4106 2467 4167 τοῖς
2499 4103 2684 4172 λιμέσι
2711 4119 2726 4134 ·
2759 4102 2853 4155 καὶ
2890 4103 2938 4155 οἱ
2968 4102 3342 4170 καταίροντες,
3379 4099 3623 4169 πονηρὰς
3655 4097 3786 4164 ἔξω.

2217 4198 2306 4251 θεν
2358 4195 2684 4266 κομίσαντες
2741 4196 2949 4263 φήμας,
2989 4193 3251 4264 χειρόνων
3292 4192 3446 4262 παρά
3485 4189 3622 4244 πολὺ
3673 4190 3786 4244 τῶν

2218 4287 2361 4341 ἔνδον
2397 4287 2714 4353 πειρῶνται.
2767 4285 2928 4356 Ἡμῖν
2951 4285 3006 4339 δὲ
3045 4285 3115 4337 τὰ
3149 4284 3251 4352 μὲν
3283 4283 3413 4336 εἴσω
3436 4281 3632 4351 τειχῶν
3660 4280 3783 4351 βοὴ.

2218 4381 2313 4432 καὶ
2340 4379 2603 4448 πτωχεία,
2639 4379 2734 4430 καὶ
2759 4377 2937 4439 πενία,
2969 4375 3061 4428 καλ⁵
3091 4374 3336 4445 δάκρυα⁸
3367 4375 3434 4427 τὰ
3461 4372 3505 4427 δ’
3533 4371 3638 4438 ἔξω
3669 4374 3786 4437 τοῖς

2217 4468 2324 4520 ἀπὸ
2353 4466 2458 4519 τῶν
2483 4469 2708 4536 πύργων
2734 4465 2901 4535 ὁρῶσι
2930 4461 3223 4534 βαρϐάρων
3251 4459 3663 4532 στρατεύματα.
3686 4461 3785 4515 καὶ

2216 4560 2287 4629 γῆ
2316 4557 2630 4629 κειρομένη,
2664 4560 2759 4609 καὶ
2787 4557 2920 4626 πρὸς
2947 4556 3068 4615 ταῖς
3099 4551 3328 4623 τάφροις
3357 4553 3467 4605 τῶν
3500 4553 3781 4622 ἡμετέρων

2219 4648 2448 4717 σφαγαὶ,
2473 4649 2569 4703 καὶ
2592 4647 2703 4718 πῦρ
2725 4645 2939 4716 ἄγριον,
2972 4645 3169 4708 οίκίας,
3213 4646 3307 4697 καὶ
3335 4643 3470 4706 νεὼς
3498 4643 3592 4698 καὶ
3621 4644 3782 4715 δημο-

2218 4741 2347 4793 σίων
2365 4738 2813 4808 οἰκοδομημάτων
2835 4735 3028 4805 κάλλη,
3064 4736 3159 4789 καὶ
3181 4733 3359 4788 πάντα
3386 4733 3578 4797 ἁπλῶς
3607 4733 3782 4788 ἐπιόν.

2215 4831 2527 4901 Δυσφημίαι
2549 4831 2607 4883 δὲ
2639 4830 2778 4883 κατὰ
2807 4828 2901 4883 τοῦ
2944 4826 3080 4881 Θεοῦ
3128 4828 3224 4881 καὶ
3267 4825 3316 4890 (ὃ
3334 4825 3416 4889 τίς
3444 4828 3544 4879 οὐκ
3568 4827 3634 4880 ἂν
3660 4823 3788 4894 φρί-

2217 4923 2414 4991 ξειενς)
2449 4921 2605 4990 ὖϐρις
2634 4921 2889 4990 σταυροῦ,
2916 4921 3012 4974 καὶ
3035 4919 3211 4988 γέλως
3247 4917 3350 4988 τῆς
3399 4918 3657 4981 πίστεως,
3690 4916 3786 4969 καὶ

2219 5013 2379 5065 θείων
2409 5013 2632 5064 εἰκόνων
2673 5011 2857 5079 ἄτιμοι
2891 5008 3258 5079 περιαγωγαὶ,
3291 5010 3385 5061 καὶ
3412 5007 3632 5061 ἀπειλαὶ
3661 5023 3786 5077 φρι-

2221 5105 2444 5169 κώδεις,
2477 5106 2572 5157 καὶ
2601 5104 2693 5157 τοῦ
2731 5103 2804 5172 μὴ
2838 5102 3038 5165 ταύτας
3073 5101 3322 5168 ἐκϐῆναι,
3358 5101 3482 5170 μηδ’
3506 5102 3572 5153 ἂν
3595 5101 3781 5164 αὑτὸν,

2219 5196 2277 5248 ὃν
2303 5192 2738 5263 προσκυνοῦμεν,
2763 5193 2993 5262 Χριστὸν
3024 5192 3265 5262 ἐπισχεῖν
3293 5183 3406 5244 οἷόν
3425 5206 3483 5244 τε
3509 5184 3673 5244 εἶναι.

2290 5372 2402 5424 Καὶ
2436 5371 2463 5423 ό
2500 5368 2657 5439 λιμὸς
2690 5368 2862 5421 πάντα
2895 5366 3136 5437 ἐλαύνων
3168 5355 3459 5433 ἐπίκειται,
3498 5367 3633 5438 μήτε
3681 5365 3787 5434 γῆς

2222 5464 2654 5532 ὑπολειπομένης
2705 5463 2770 5531 ἣν
2785 5461 3197 5529 γεωργήσομεν,
3225 5461 3361 5531 μήτε
3384 5462 3494 5522 τοῖς
3525 5459 3785 5529 ἐμπόροις

2219 5555 2326 5607 τῶν
2350 5553 2560 5624 λῃττὼν
2579 5553 2708 5605 ἁδεᾶ
2730 5550 3024 5603 ποιούντων
3041 5552 3126 5603 τὸν
3149 5552 3314 5620 πόρον
3329 5566 3343 5579 “
3368 5551 3428 5615 ἐξ
3449 5545 3522 5604 ὧν
3541 5552 3645 5612 τοῖς
3683 5550 3785 5618 μὲν

856 5676 963 5730 quo
990 5663 1069 5723 fit,
1093 5671 1216 5715 utet
1250 5658 1558 5714 locantibus
1589 5669 1784 5724 operas
1802 5668 1894 5707 ars
1917 5651 2111 5705 inutilis

2223 5646 2609 5720 ἐργολαϐοῦσιν
2633 5647 2903 5716 ἄχρηστον
2933 5646 2966 5715 ἡ
2996 5644 3160 5715 τέχνη
3191 5645 3357 5709 δοκεῖ,
3387 5646 3484 5697 οὐκ
3508 5645 3687 5713 έχουσι
3717 5645 3784 5695 τὰ

2227 5737 2283 5803 ἐξ
2305 5737 2472 5809 αὐτῆς
2495 5737 2793 5803 διαθέσθαι,
2822 5736 3177 5805 στρατιώταις
3208 5735 3261 5790 δὲ
3289 5735 3385 5806 τὴν
3400 5733 3780 5805 όρμὴνὲπέτχε
