4156 6300
430 434 571 501 1005
1373 435 1661 499 ORATIO
1700 436 1852 497 PRO
1893 433 2071 499 SUBS

2054 436 2249 497 SiDlO
2289 434 2765 501 LATINORUM.
3555 436 3695 506 1006

430 552 493 607 τὸ
523 550 666 612 δέος·
700 536 796 605 καὶ
816 547 1112 615 δεσπόται,
1144 548 1345 604 δούλων
1378 549 1574 611 αὖτοὺς
1604 546 1961 616 ἀποδράντων
1981 585 1998 608 ,
2031 550 2071 606 Α

2053 550 2076 606 ι
2105 545 2292 602 litibus
2313 531 2575 616 impetum
2596 547 2761 602 timor
2783 544 3101 611 retardavit;
3125 543 3464 616 dominique,
3483 543 3694 618 fugien-

433 642 591 697 αὐτοὶ
613 642 713 715 τὴν
742 642 966 697 ἐκείνων
992 641 1456 714 ἀντιλαμϐάνουσι
1484 640 1681 711 τύχην.
1720 639 1794 691 Τὸ
1820 638 1864 691 δ’
1887 639 2009 692 ὅλον

2118 638 2264 693 tibus
2283 639 2671 702 servis,eorum
2692 640 2793 708 ipsi
2819 638 3057 694 vicissim
3081 638 3317 693 subeunt
3336 646 3538 692 sortem
3568 637 3697 694 Uni-

436 733 627 804 σχῆμα
657 735 760 802 τῆς
784 734 993 798 πόλεως
1014 734 1205 805 δρᾶται
1233 731 1320 788 διὰ
1351 732 1574 787 πάντων
1601 728 1873 801 ἀμειιρθὲν
1902 728 2014 782 ῶσ-

2115 744 2271 786 versa
2288 731 2530 785 civitatis
2547 732 2758 802 species
2773 731 2922 786 omni
2952 745 3104 802 parte
3124 730 3274 785 velut
3293 731 3347 785 in
3370 730 3524 786 luctu
3545 744 3696 785 com-

288 864 317 871 .η
382 840 544 903 ιίετερ
574 823 634 877 ἐν
676 822 866 877 πένθει
891 837 907 855 ⁸
942 822 1150 887 πάντες
1200 820 1257 876 δέ
1284 821 1385 892 τὴν
1429 820 1536 874 τῶν
1577 820 1764 874 κακῶν
1796 818 1929 872 σύνο

2116 829 2326 876 mutata
2350 822 2596 878 cernitur
2621 841 2636 877 :
2664 823 2957 891 cunctique
2984 822 3255 878 malorum
3276 823 3515 879 coitione
3543 833 3693 877 tanta

282 882 809 989 ιχινδῖκπλατιντες
833 955 850 982 ,
888 882 1244 983 ἀπώκνησαν.
1275 882 1386 968 κᾷι
1414 911 1442 966 ὃ
1487 912 1615 975 τοὺς
1643 909 1768 964 νοῦν
1796 910 1923 980 ἔχονλ

2116 913 2434 985 stupefacti,
2468 916 2684 972 animos
2719 882 3155 986 despondcrunt.
3175 916 3319 984 Quin
3340 917 3443 973 hoc
3473 930 3697 988 quoque

366 990 377 1013 ’
436 1008 743 1071 κατασείει,
772 1008 855 1062 δτι
886 1008 987 1073 καὶ
1022 1009 1135 1062 τῶν
1164 1005 1605 1078 πολιτευομένων
1634 1004 1823 1071 πολλολ⁸
1854 1002 2007 1061 ,οὕτω

2118 1006 2432 1075 sapientum
2479 1017 2718 1061 mentem
2750 1008 2955 1078 quatit,
2981 1005 3127 1077 quod
3166 1007 3319 1062 multi
3374 1007 3524 1062 cives
3557 1008 3697 1061 adeo

132 1126 139 1135 ί
208 1164 209 1167 η
246 1090 249 1093 ’
372 1124 375 1127 ·
436 1101 746 1173 χειροήθεις
784 1099 885 1165 τὰς
932 1086 1161 1171 γνώμας
1191 1099 1505 1171 γεγόνασιν,
1543 1099 1619 1164 ὡς
1663 1099 1773 1168 ἔχει

2119 1096 2307 1151 servili
2354 1098 2541 1152 animo
2587 1096 2718 1153 facti
2752 1098 2885 1164 sint,
2923 1108 2982 1153 ut
3015 1099 3146 1169 quid
3186 1099 3338 1167 boni,
3380 1100 3455 1154 illi
3491 1098 3698 1154 Barba-

439 1194 604 1247 καλὸν
618 1193 822 1263 λέγειν,
842 1193 944 1265 τὴν
960 1192 1068 1247 ὑπὸ
1083 1196 1192 1258 τοῖς
1208 1191 1506 1264 βαρόάροις
1526 1189 1732 1253 τούτοις
1751 1188 2017 1255 δουλείαν,

2122 1203 2312 1243 rerum
2329 1189 2584 1245 servituti
2620 1190 2801 1246 inesse
2828 1191 3033 1261 dicant,
3048 1206 3112 1247 ac
3138 1192 3415 1247 Romanos
3444 1191 3696 1263 graviora

438 1287 537 1340 καὶ
564 1286 691 1349 τοὺς
722 1284 1033 1354 Ῥωμαίους
1058 1282 1340 1356 βαρύτερα
1359 1282 1689 1339 ἐπιτάττειν.
1728 1282 1891 1334 Ὥστε
1925 1281 2023 1333 καὶ

2119 1280 2337 1352 jubere.
2372 1280 2741 1347 Quamobrem
2772 1283 2935 1338 etiam
2966 1283 3245 1355 propalam
3277 1283 3346 1338 ad
3382 1284 3504 1339 illos
3530 1281 3699 1354 proli-

440 1379 692 1448 φανερῶς
718 1380 805 1432 ἐπ’
834 1378 1080 1441 ἐκείνους
1115 1377 1485 1447 ἀποδημοῦσι,
1512 1377 1610 1430 καὶ
1644 1374 1841 1445 ρητούς
1870 1390 2024 1436 τινας

2123 1372 2697 1443 ciscuntur,apudque
2730 1374 2851 1430 illos
2885 1376 3053 1430 certis
3102 1375 3433 1446 quibusdam
3481 1386 3695 1445 tempo-
3736 1361 3740 1366 ’

441 1475 673 1536 ἐκείνοις
700 1472 905 1526 σύνεισι
934 1471 1192 1543 χρόνους’
1213 1472 1309 1523 καὶ
1332 1467 1603 1538 πρόϐατα,
1629 1469 1725 1521 καὶ
1750 1463 1897 1535 βοῦς,
1929 1463 2024 1517 καὶ

2128 1464 2284 1519 ribus
2314 1472 2627 1527 versantur,
2661 1480 2926 1533 ovesque,
2971 1478 3027 1521 et
3065 1466 3253 1532 boves,
3307 1478 3363 1520 et
3410 1481 3601 1536 equos,
3634 1481 3699 1521 ac

445 1560 663 1622 ίππους,
695 1561 790 1612 καὶ
815 1559 1079 1631 ἀργύρια,
1105 1556 1335 1630 μισθοὺς
1364 1557 1551 1627 ἔχουσι
1580 1556 1681 1625 τῆς
1706 1554 1867 1625 ἡμῶν
1892 1569 2027 1624 προ-

2125 1556 2409 1626 pecunias.
2441 1565 2642 1612 nostrae
2677 1556 2987 1612 mercedem
3026 1557 3356 1626 proditionis
3393 1558 3694 1627 accipiunt,

440 1651 622 1717 δοσίας
636 1669 651 1685 ·
676 1653 772 1706 καὶ
800 1652 1160 1723 συμπίνοντες
1185 1650 1441 1713 ἐκείνοις,
1461 1648 1561 1718 τὴν
1579 1648 1859 1719 ἡμετέραν
1874 1646 2026 1701 άπώ-

2126 1649 2320 1717 eisque
2354 1656 2736 1719 compotantes
2773 1659 3018 1704 nostram
3053 1659 3257 1705 canunt
3290 1651 3652 1721 perditionem
3681 1669 3699 1719 ;
3746 1696 3750 1700 ί

440 1743 593 1798 λειαν
624 1743 842 1815 ᾅδουσι·
885 1744 983 1797 καὶ
1009 1742 1109 1815 τὴν
1150 1741 1248 1797 τοῦ
1278 1741 1451 1805 δεῖνος
1494 1740 1695 1805 οἰκίαν,
1726 1740 1759 1810 ἢ
1792 1738 1892 1811 τὴν
1925 1739 2026 1806 τῆς

2127 1753 2193 1793 ae
2238 1740 2404 1811 hujus
2432 1739 2680 1805 domum,
2722 1740 3093 1796 uxorisillius
3120 1741 3382 1811 speciem,
3413 1751 3508 1796 aut
3533 1744 3696 1797 etiam

443 1834 703 1905 γυναικὸς
734 1833 907 1906 ὥραν,
937 1834 970 1904 ἢ
998 1833 1101 1905 τὴν
1127 1834 1333 1887 παίδων
1366 1833 1599 1895 ἐκείνοις
1629 1830 1988 1902 προπίνουσιν
2007 1847 2021 1861 ·
2058 1893 2084 1906 _

2060 1893 2097 1906 _
2131 1831 2444 1903 pignorum,
2480 1832 2550 1887 iis
2581 1832 2876 1902 pro‘pinant
2906 1850 2923 1887 :
2968 1833 3113 1902 apud
3159 1848 3217 1888 se
3248 1844 3430 1889 autent
3470 1836 3522 1890 in
3557 1835 3701 1889 votis

444 1893 695 1996 εὖχονται
738 1893 796 1978 δέ
826 1893 979 1996 παρά
1016 1893 1200 1994 σίρίσιν
1228 1923 1357 1977 ίδεῖν
1385 1923 1491 1977 ύπδ
1519 1893 1740 1975 πάντων
1784 1937 2027 1991 προσκυ·
2057 1893 2085 1953 Ε

2061 1893 2101 1953 Β
2129 1921 2369 1988 habent,
2405 1932 2466 1977 ut
2498 1922 2569 1978 ab
2600 1924 2871 1979 universis
2907 1925 3123 1980 adorari
3161 1926 3410 1982 homines
3455 1928 3702 1995 videant,

445 2017 741 2088 νουμένους
760 2031 776 2047 °
810 2016 966 2071 ταῦτ’
998 2014 1248 2078 εἰπόντες
1275 2014 1372 2068 καὶ
1392 2013 1701 2085 πράξαντες
1726 2013 2023 2082 ἐπανῆκον,

2128 2014 2307 2083 iisque
2339 2015 2502 2070 dictis
2531 2030 2595 2069 ac
2624 2014 2782 2071 laetis
2835 2017 3039 2073 reverti
3089 2030 3576 2088 praesumpserunt,
3626 2023 3703 2077 si-

447 2109 854 2181 ἐνδεικνύμενοι
900 2112 1017 2174 τοῖς
1073 2108 1327 2172 πολίταις
1374 2106 1453 2173 ῶς
1496 2109 1546 2161 εί
1595 2105 1673 2179 μὴ
1712 2106 2026 2177 σιγήσουσι,

2128 2106 2453 2177 gniﬁcantes
2503 2106 2739 2175 civibus,
2774 2107 2880 2163 nisi
2935 2117 3173 2174 taceant,
3208 2110 3455 2167 dicturos
3492 2127 3553 2168 se
3589 2115 3706 2169 suis

449 2204 589 2277 πρδς
616 2206 753 2267 τοὺς
771 2202 1038 2271 δεσπότας
1069 2202 1251 2257 αὐτῶν
1286 2200 1603 2273 κατεροῦσι,
1636 2201 1766 2264 τοὺς
1799 2200 2032 2255 ἀλάστο-

2128 2195 2402 2260 dominis,
2434 2210 2502 2251 ac
2544 2196 2687 2266 apud
2734 2212 2831 2251 eos
2879 2198 3105 2267 gravius
3158 2210 3540 2267 accusaturos,
3591 2218 3702 2260 non

452 2313 554 2366 ρας
604 2295 850 2357 ἐκείνους
899 2296 1001 2351 οὐκ
1055 2293 1345 2358 ὀκνοῦντες
1379 2292 1539 2347 τοῦτο
1587 2292 1802 2369 καλεζν.
1855 2292 1920 2348 0i
1971 2291 2031 2346 δέ

2129 2297 2388 2346 verentes
2417 2288 2591 2345 malos
2624 2290 2748 2345 illos
2780 2289 3059 2345 dmmones
3097 2306 3162 2346 ac
3190 2301 3373 2362 pestes
3398 2293 3479 2349 sic
3514 2298 3706 2365 appel-

452 2385 761 2458 φρίττουσι,
807 2386 905 2439 καῖ
932 2384 1286 2455 συνεύχονται
1320 2384 1503 2455 γῆρας
1545 2384 1661 2446 τοῖς
1691 2380 1918 2444 δικαίως
1962 2378 2031 2435 ἂν

2132 2379 2268 2437 lare.
2300 2379 2343 2435 li
2383 2394 2518 2436 vero
2545 2380 2775 2436 horrore
2816 2390 3096 2449 tenentur,
3142 2382 3443 2455 longosque
3474 2401 3700 2456 precan-

452 2480 749 2550 άπαχθεῖσι
780 2474 1086 2551 μνησθῆναί
1111 2493 1167 2531 τι
1214 2477 1313 2530 καὶ
1357 2476 1541 2529 αὐτῶν
1585 2475 1681 2528 ἐπὶ
1720 2472 1828 2527 τῶν
1851 2472 2031 2526 πότων

2135 2479 2226 2526 tur
2252 2486 2427 2527 annos
2457 2472 2547 2538 iis,
2574 2473 2671 2544 qui
2706 2473 2904 2529 merito
2939 2474 3025 2545 agi
3056 2473 3377 2545 debuissent
3404 2494 3419 2531 :
3451 2489 3705 2550 rogantes

453 2567 697 2641 δεόμενοι
722 2585 738 2602 ο
767 2570 865 2626 καὶ
889 2568 1161 2638 τοσαύτην
1205 2567 1519 2640 παρρησίαν
1554 2566 1605 2620 οί
1638 2563 1769 2636 παρ’
1805 2562 2033 2626 ἐκείνοις

2136 2573 2199 2621 ut
2224 2566 2371 2621 inter
2399 2565 2593 2635 poeula
2640 2582 2835 2621 eorum
2869 2566 3076 2638 aliquid
3132 2570 3450 2627 meminisse
3489 2572 3657 2628 velint
3693 2590 3705 2624 :

461 2658 1369 2735 μισθαρνοῦντεςπροσειληφότες
1422 2656 1525 2714 οὐκ
1577 2656 1833 2711 ὀκνοῦσιν
1891 2654 2033 2727 ὺπέρ

2138 2666 2461 2728 tantamque
2505 2658 2818 2714 libertatem
2850 2659 2929 2714 sic
2967 2660 3111 2733 apud
3144 2661 3270 2718 illos
3303 2672 3579 2720 merentes
3623 2680 3711 2721 as-

374 2770 377 2773 '
455 2754 689 2811 ἐκείνων
711 2753 939 2826 ᾱναίδην
974 2749 1440 2824 δημηγοροῦντες,
1476 2748 1581 2803 καὶ
1609 2746 1789 2803 πάντα
1823 2747 2015 2803 ποιοῦν

2138 2756 2520 2820 sumpserunt,
2558 2760 2619 2805 ut
2653 2766 2756 2806 nec
2788 2768 2885 2821 pro
2917 2752 3025 2809 illis
3055 2754 3394 2824 impudentia
3425 2771 3586 2811 orare
3619 2772 3712 2814 ve-

457 2863 573 2913 τες,
608 2847 668 2914 ἐξ
692 2842 769 2902 ὧν
807 2846 995 2909 αὐτοῖς
1023 2842 1340 2919 χαριοῦνται
1361 2855 1380 2874 ο
1410 2840 1551 2913 ὅπερ
1579 2840 1700 2894 ἐστὶ
1744 2840 2037 2909 προδοῦναι

2139 2851 2387 2909 reantur,
2421 2843 2717 2912 omniaque
2769 2843 2970 2912 facere,
3017 2862 3083 2901 ex
3127 2847 3328 2917 quibus
3377 2848 3489 2904 illis
3546 2851 3712 2907 obse-

459 2943 562 3012 τὴν
589 2940 765 3003 πόλιν,
788 2940 886 2993 καὶ
904 2938 1126 3009 κυρίους
1156 2936 1398 3001 ἐκείνους
1422 2935 1611 3006 σαφῶς
1639 2936 1859 2989 πάντων
1875 2933 2037 3004 ποιῆ-

2138 2946 2382 3006 quantur
2408 2953 2425 3004 ;
2454 2935 2603 3007 quod
2650 2950 2736 2991 εει
2764 2938 2957 2993 urbem
2988 2940 3243 3011 prodere.
3278 2956 3343 2996 ac
3372 2943 3551 3013 palam
3585 2947 3714 2999 uni-

466 3046 588 3087 σαιο
619 3030 752 3086 ὥστ’
782 3031 923 3085 είσὶν
958 3031 1059 3102 ἤδη
1100 3030 1152 3084 οί
1201 3028 1340 3100 μετὰ
1379 3026 1624 3082 σπονδῶν
1664 3024 1799 3095 γοῦν
1832 3024 2037 3080 ἁλῶναι

2138 3041 2426 3082 versorum
2486 3028 2740 3085 dominos
2788 3030 2969 3086 facere
2998 3050 3011 3086 :
3044 3040 3103 3086 ut
3137 3047 3235 3087 nec
3264 3032 3376 3103 jam
3409 3034 3587 3090 desint
3618 3037 3713 3105 qui

464 3122 565 3194 τὴν
596 3122 752 3177 πόλιν
794 3121 1081 3193 εὐχόμενοι
1151 3118 1451 3183 δεδοικότες
1494 3114 1570 3190 μὴ
1609 3115 1890 3189 φθάσωσιν
1930 3114 2041 3169 ὑπὸ

2139 3128 2330 3189 aptent
2361 3118 2465 3175 sub
2493 3120 2824 3191 pactiscapi
2852 3121 3153 3187 civitatem,
3194 3123 3450 3178 timentes
3481 3142 3548 3181 ne
3594 3144 3712 3182 sce-

462 3216 573 3273 τιῖν
601 3216 814 3286 μιαρῶν
843 3214 1045 3268 τούτων
1065 3212 1465 3283 προδεδομένοι.
2068 3272 2103 3286 Α

2068 3272 2105 3286 Α
2139 3212 2295 3267 lestis
2325 3210 2445 3267 istis
2484 3212 2843 3268 traditoribus
2882 3213 3158 3283 contingat
3187 3218 3462 3285 occupari.

748 3311 829 3373 είς
857 3307 1065 3377 ἄπορόν
1090 3272 1215 3361 τινα
1244 3272 1414 3375 τύχην
1440 3303 1514 3359 τὰ
1545 3304 1703 3359 κοινὰ
1734 3302 2035 3376 συνηλάθη,
2062 3272 2109 3333 c

2077 3272 2109 3333 δ
2213 3303 2307 3360 Sic
2338 3304 2558 3375 publica
2590 3320 2681 3361 res
2711 3305 2766 3360 in
2811 3316 3083 3361 extremas
3127 3308 3393 3376 qttnsdam
3439 3311 3718 3382 angustias

465 3407 561 3461 καὶ
586 3402 729 3458 οῦτω
747 3401 809 3455 τδ
831 3400 949 3472 μετ’
967 3396 1282 3470 ἐλευθερίας
1307 3397 1411 3471 ζῇν
1439 3396 1537 3452 τοῦ
1560 3396 1748 3451 λοιποῦ
1768 3396 1831 3452 ἐν
1855 3414 1910 3451 τι
1928 3397 2041 3451 τῶν

2143 3395 2362 3453 redacta
2389 3406 2498 3462 est,
2530 3397 2720 3468 sicque
2749 3398 3009 3467 deinceps
3041 3399 3245 3455 liberos
3292 3402 3475 3458 vivere
3510 3403 3720 3474 impos-

464 3494 738 3551 ἀδυνάτων
765 3493 944 3547 δοκεῖ’
976 3492 1055 3555 είς
1085 3493 1223 3562 ὅπερ
1256 3490 1400 3561 ὑμᾶς
1452 3490 1519 3543 τδ
1544 3488 1615 3543 τὰ
1651 3488 1751 3560 μὲν
1789 3488 2045 3561 καθημέ-

2143 3489 2401 3545 sibilibus
2429 3491 2836 3546 accensendum
2868 3491 3085 3547 videtur
3110 3510 3127 3559 ;
3156 3494 3212 3548 in
3245 3510 3384 3565 quas
3422 3512 3521 3551 nos
3547 3513 3720 3568 augu-

468 3607 570 3663 ραν
593 3572 953 3656 ἐλαττῶματα
980 3581 1329 3654 διορθοῦσθαι
1358 3580 1603 3653 νομίζειν
1630 3579 1950 3650 περίεργον,
1980 3578 2045 3632 τὸ

2144 3582 2277 3637 stias
2304 3582 2561 3653 coniecit,
2590 3591 2705 3653 tum
2734 3583 2878 3653 quod
2910 3583 3212 3639 accidentia
3241 3590 3382 3642 mala
3410 3588 3720 3661 damnaque

466 3682 526 3738 δέ
578 3681 719 3752 μετὰ
768 3676 1054 3749 ῥᾳστώνης
1098 3675 1391 3748 παρελθεῖν
1419 3674 1519 3742 τὴν
1552 3672 1767 3744 ἡμέραν
1812 3671 2043 3743 ἀνδράσι

2145 3675 2552 3745 neglexerimus
2601 3689 2702 3730 cett
2759 3690 2875 3729 rem
2919 3667 3249 3746 superﬂuam
3296 3684 3594 3738 emendare
3644 3702 3708 3739 ac

467 3773 744 3846 προσῆκον
768 3768 1114 3839 λογίζεσθαν
1138 3768 1232 3820 καὶ
1259 3767 1393 3830 τοὺς
1422 3767 1523 3838 μὲν
1552 3765 1589 3821 ἃ.
1612 3765 1694 3819 δεῖ
1712 3764 2045 3836 παραινοῦν-

2147 3767 2500 3831 instaurare;
2556 3776 2671 3822 tum
2721 3764 2870 3838 quod
2916 3768 3059 3823 diem
3129 3771 3241 3827 otio
3307 3775 3609 3844 transigere
3656 3793 3719 3831 ac

466 3885 566 3931 τας
610 3866 811 3936 λήρους
838 3863 1046 3927 καλεῖν,
1076 3861 1187 3923 τοῖς
1216 3858 1272 3913 δὲ
1296 3862 1416 3923 ταῖς
1455 3859 1615 3931 ἡμῶν
1641 3859 1853 3931 ἡδοναῖς
1887 3876 2048 3913 συνα.

2149 3857 2402 3930 ignavia,
2451 3858 2604 3914 viros
2651 3858 2850 3914 decere
2904 3868 3261 3929 putaremus;
3309 3879 3371 3919 ac
3434 3879 3721 3923 monentes

468 3954 866 4027 γωνιζομένους
888 3948 1024 4006 ἆθλα
1046 3952 1336 4021 θαυμαστὰ
1380 3951 1695 4022 προτιθέναι
1731 3954 2042 4024 προήγαγε.

2148 3952 2369 4021 quidem
2429 3967 2553 4022 qua:
2616 3967 2798 4021 opera:
2847 3953 3084 4023 pretium
3127 3964 3335 4021 essent,
3386 3955 3721 4014 haberemus

470 4050 584 4106 Καὶ
612 4049 749 4119 πρός
787 4062 853 4115 γε
894 4046 976 4100 ἐτι
1005 4046 1071 4099 τὸ
1098 4028 1225 4109 τοὺς
1258 4046 1355 4113 μὲν
1385 4044 1637 4115 φανερῶς
1670 4046 2046 4116 πολεμοῦντας

2146 4045 2345 4099 stultos
2372 4060 2388 4109 ;
2425 4044 2493 4098 iis
2519 4058 2701 4099 autem
2734 4046 2827 4114 qui
2854 4045 3228 4114 voluptatibus
3259 4047 3719 4105 adblandirentnr

362 4160 367 4169 ί
436 4166 439 4203 ς
472 4138 786 4210 ἀνέχεσθαι,
834 4136 930 4189 καὶ
971 4135 1247 4189 πιστεύειν
1278 4134 1617 4201 ἐξαπατῶσι,
1672 4136 1798 4199 τοὺς
1831 4137 1888 4189 δὲ
1924 4137 2003 4203 με(

2149 4136 2375 4201 nostris,
2411 4137 2671 4206 praeclara
2707 4136 2954 4205 quaedam
2998 4138 3219 4206 praemia
3241 4141 3521 4209 proposita
3555 4144 3724 4199 velle-

364 4270 387 4307 ,ι
428 4278 433 4299 ρ
474 4232 632 4303 ημῶν
679 4227 971 4285 τάττεσθαι
1028 4228 1123 4282 καὶ
1179 4232 1489 4299 συμμαχεῖν
1540 4227 2005 4299 ἐπαγγελλομένου

2150 4243 2288 4283 mus.
2321 4228 2401 4282 Ad
2430 4229 2545 4284 hac
2568 4239 2774 4295 autem,
2799 4230 2943 4300 quod
2976 4230 3293 4286 manifestos
3321 4231 3506 4290 hostes
3554 4238 3727 4291 susti-

344 4306 351 4313 .
476 4324 836 4380 ὑποπτεύειν*
870 4320 965 4375 καὶ
997 4318 1182 4391 ζητεῖν
1207 4322 1512 4389 προφάσεις
1530 4321 1655 4374 ὅθεν
1680 4321 1916 4390 λύσομεν
1947 4337 1985 4373 τι

2149 4335 2425 4383 iteremus,
2456 4335 2518 4374 ac
2561 4319 2969 4390 decipientibus
3022 4322 3358 4378 haberemus
3390 4322 3595 4392 ﬁdem;
3629 4342 3725 4383 eos

392 4464 395 4469 .
417 4448 421 4453 -
478 4413 836 4489 φιλίας.Ἀλλ“
854 4415 951 4469 ἐὰν
973 4414 1081 4467 τῶν
1114 4412 1379 4484 πρότερον
1404 4414 1790 4482 καταγνόντες,
1818 4416 1927 4475 τοῖς
1950 4412 2033 4466 νῦι

2151 4421 2336 4467 autem
2368 4413 2460 4483 qui
2506 4413 2669 4468 nobis
2713 4413 3063 4478 accedentes,
3096 4414 3224 4470 belli
3271 4430 3329 4471 se
3381 4417 3563 4473 socios
3608 4418 3729 4475 fore

477 4510 629 4581 παρὰ
658 4508 793 4564 Θεοῦ
830 4504 1134 4574 δεδομένοις
1169 4504 1528 4575 χρησώμεθα,
1566 4511 1660 4558 καὶ
1690 4508 1816 4569 τοὺς
1860 4503 2047 4559 dvas}-

2150 4504 2566 4569 pollicebantur,
2594 4502 2946 4560 habuerimus
2978 4516 3284 4576 suspectos,
3316 4523 3380 4563 ea
3417 4521 3726 4576 causantes,

477 4601 708 4665 κοῦντας
740 4599 963 4659 τούτους
1017 4597 1444 4665 ἀποσεισάμενοι
1464 4636 1481 4662 ,
1512 4598 1603 4652 καὶ
1633 4599 1839 4667 γραυσί
1878 4596 2049 4651 ταῦτα
2082 4612 2118 4666 ι]

2088 4612 2125 4666 ι)
2156 4595 2359 4665 quibus
2387 4594 2657 4652 amicitias
2681 4595 3130 4654 dissolveremus.
3152 4598 3354 4655 Verum
3392 4610 3450 4656 ut
3479 4603 3729 4671 priorum

486 4693 963 4764 μυθολογήσαντας
1009 4690 1461 4761 ἀποπέμψαντες,
1489 4690 1579 4743 τὸν
1611 4690 1835 4758 ἔσχατον
1865 4688 2052 4742 τοῦτον

2158 4686 2502 4758 paenitudine
2546 4688 2737 4753 ducti,
2788 4688 2987 4744 oblatis
3047 4706 3195 4745 nunc
3243 4692 3336 4746 Dei
3384 4694 3731 4763 providentia

484 4786 625 4857 ὑπὲρ
654 4785 753 4856 τῆς
783 4789 968 4856 κοινῆς
999 4784 1271 4855 σωτηρίας
1302 4782 1491 4851 άγῶνα
1514 4780 1891 4849 ἀγωνίσασθαι
1932 4780 2055 4848 βου-

2162 4777 2499 4833 voluerimns
2530 4780 2633 4843 uti,
2675 4778 2854 4849 iisque
2892 4781 3127 4848 repulsis
3157 4783 3251 4851 qui
3293 4799 3452 4839 secus
3486 4785 3732 4850 trahunt,

481 4880 702 4951 ληθῆτε,
754 4874 929 4950 οἶμαι,
972 4880 1065 4932 καὶ
1102 4879 1201 4932 σὺν
1239 4876 1358 4945 Θεῷ
1396 4874 1543 4928 τοῦτ’
1591 4872 1852 4945 είρήσθω,
1892 4874 1952 4925 οὐ
1988 4874 2056 4926 τὰ

2159 4887 2222 4926 ac
2249 4869 2315 4924 ad
2341 4885 2503 4932 anus,
2525 4870 2730 4937 quibus
2756 4884 2852 4927 eas
2881 4872 3095 4928 fabulas
3126 4885 3375 4937 narrent,
3403 4878 3731 4944 amandatis,

483 4972 623 5026 οίκοι
664 4971 843 5042 μόνον,
897 4970 1031 5025 ἀλλὰ
1067 4970 1164 5022 καὶ
1215 4968 1285 5022 τὰ
1323 4968 1660 5039 πορρωτάτω
1695 4967 1871 5027 καλῶς
1910 4966 2056 5030 ἕξειν

2158 4978 2477 5031 supremum
2520 4963 2626 5017 huc
2664 4979 2765 5034 pro
2790 4964 2967 5019 salute
3002 4967 3279 5020 communi
3312 4968 3583 5023 desudare
3610 4986 3732 5024 cet-

482 5065 643 5133 ὴμῖνσ
666 5062 758 5117 καὶ
786 5062 862 5131 μὴ
884 5064 951 5133 τῇ
982 5060 1202 5131 πατρίδι
1231 5061 1389 5131 μόνον
1406 5058 1710 5113 ἁνασώσειν
1744 5059 1807 5112 τὸ
1837 5060 2055 5112 πάντων

2161 5070 2365 5121 tamen,
2398 5058 2514 5111 fore
2566 5072 2750 5128 spero,
2785 5058 2930 5121 quod
2968 5060 3040 5112 sit
3069 5060 3272 5114 dictum
3318 5062 3427 5115 Deo
3488 5066 3732 5132 auspice,

481 5150 810 5223 ἀντίρροπον
842 5150 940 5221 τὴν
976 5149 1315 5219 ἐλευθερίαν,
1347 5148 1485 5202 ἀλλὰ
1531 5150 1625 5201 καὶ
1664 5149 1926 5201 πλειόνων
1960 5149 2059 5219 ἆρ-

2163 5163 2221 5207 ut
2254 5151 2460 5207 nedum
2482 5150 2797 5207 domesticae
2824 5168 2908 5207 res
2937 5154 3073 5207 bene
3106 5154 3265 5210 nobis
3300 5156 3569 5212 habitura:
3601 5160 3734 5224 sint.

486 5243 598 5311 ξειν
626 5242 662 5315 ἢ
713 5244 1009 5315 πρότερον·
1044 5245 1139 5296 καὶ
1173 5243 1383 5305 πάντας
1423 5240 1549 5305 τοὺς
1582 5242 1715 5313 πρὶν
1773 5240 1865 5310 ὑφ’
1909 5243 2060 5313 ἡμᾶς

2162 5259 2351 5298 verum
2379 5243 2546 5298 etiam
2577 5258 2741 5312 quant
2794 5243 3115 5313 longissime
3145 5247 3377 5314 positae;
3423 5259 3590 5319 utque
3626 5266 3734 5306 non

487 5334 571 5404 ἐφ’
597 5335 742 5405 ἡμᾶς
772 5335 1087 5405 ἐπανήξειν,
1114 5334 1209 5388 καὶ
1238 5334 1444 5397 πάντας
1470 5332 1574 5385 ὑπὸ
1601 5334 1728 5397 τοὺς
1757 5334 2059 5404 ἡμετέρους

2162 5337 2340 5390 solum
2392 5337 2583 5405 patria:
2630 5344 2832 5389 sartam
2867 5346 3068 5394 tectam
3117 5354 3425 5407 servemus,
3464 5341 3737 5399 universis
3776 5370 3781 5376 ι

486 5426 705 5481 ἐσεσθαι
754 5429 953 5498 νόμους
976 5468 991 5493 ,
1018 5430 1113 5481 καὶ
1155 5426 1428 5497 πανταχοῦ
1462 5428 1575 5491 τοῖς
1602 5426 1901 5499 βαρδάροις
1930 5430 2064 5482 ἀνα-

2162 5427 2587 5496 comparabilem
2640 5443 2704 5483 ac
2753 5429 3132 5486 mstimabilem
3195 5433 3365 5504 magis
3395 5433 3733 5499 libertatem,

489 5519 860 5591 θαρῤήσοντας
891 5520 1271 5592 ἐπιθήσεσθαι.
1298 5521 1415 5574 Νῦν
1452 5520 1550 5591 μὲν
1578 5520 1690 5593 γὰρ
1718 5522 1864 5591 ἡμᾶς
1896 5520 2063 5592 ὁρῶν.

2162 5520 2257 5575 sed
2285 5520 2449 5574 etiam
2490 5520 2741 5590 pluribus
2782 5522 3115 5591 imperemus
3144 5541 3156 5590 ;
3193 5540 3492 5596 omnesque
3523 5528 3734 5597 pridem

488 5630 581 5680 τες
614 5615 1054 5685 κατεπτηχότας,
1091 5617 1317 5678 εἰκότως
1350 5615 1734 5667 συστέλλονται
1761 5616 1855 5666 καὶ
1881 5614 2062 5678 αὐτοὶ,

2164 5612 2324 5669 nobis
2357 5614 2586 5685 subjecti
2618 5614 2683 5667 ad
2736 5631 2835 5669 nos
2868 5629 3235 5684 revellantur,
3273 5622 3586 5691 nostrisque
3620 5624 3737 5675 uni-

494 5709 587 5763 καὶ
620 5709 717 5779 τῆς
750 5708 998 5772 δουλείας
1026 5706 1331 5777 ἀνέχονῖαι,
1365 5707 1596 5773 δρῶντες
1628 5706 1754 5767 τοὺς
1798 5705 2064 5769 δεσπότας

2165 5704 2307 5761 versi
2339 5704 2549 5775 legibus
2574 5706 2941 5774 subjiciuntur
2967 5729 2981 5769 ς
3010 5730 3071 5764 ac
3099 5717 3315 5765 «lentum
3353 5723 3410 5766 ut
3440 5716 3587 5768 omni
3620 5716 3738 5769 loco

497 5799 987 5871 ἀνακεχωρηκότας
1018 5799 1126 5852 τῶν
1158 5799 1503 5868 πραγμάτων
1526 5812 1541 5827 ’
1580 5795 1646 5850 ἂν
1675 5794 1719 5849 δ’
1749 5790 1947 5865 δρῶσιν
1970 5796 2065 5877 ἀντ

2167 5798 2367 5853 ﬁducia
2398 5799 2564 5870 pleni,
2590 5800 2777 5858 hostes
2813 5802 3153 5859 invadamus.
3185 5805 3341 5860 Modo
3364 5805 3585 5876 quidem
3614 5824 3739 5861 cum

497 5891 773 5949 τιῦλὲπειν
827 5889 1244 5963 τολμήσαντας,
1294 5892 1389 5946 καὶ
1442 5888 1599 5944 αὐτοὶ
1646 5887 1949 5945 συνοίσουσι
1999 5886 2065 5944 τὰ

2170 5904 2271 5947 nos
2304 5891 2565 5949 attonitos
2588 5892 2830 5961 videant,
2863 5896 3061 5952 merito
3092 5908 3147 5953 et
3182 5898 3281 5969 ipsi
3311 5900 3739 5965 contrahuntur,

128 988 245 1037 ,νά

248 1034 255 1045 λ
280 1016 327 1033 4’
336 1004 360 1035 ’ὖ
