4156 6300
478 299 614 372 1011

1750 322 2130 386 DEMETRII
2173 324 2486 387 CYDONlI

3591 322 3728 390 1012

478 426 687 492 prande
735 427 878 482 adeo
924 430 1226 501 periculum
1259 450 1356 506 pro
1387 435 1657 494 concione
1694 438 1762 493 de
1789 438 2041 494 adversa-

2152 442 2410 496 τοσοῦτον
2441 441 2674 512 ἐχούσης
2699 441 2810 504 τοῖς
2832 438 3052 509 λέγουσι
3080 437 3326 494 κίνδυνον
3343 438 3444 509 τῆς
3465 439 3730 509 περὶτῶν

472 516 573 571 riis
615 518 834 573 dicturo
870 521 1175 591 immineat,
1221 525 1365 581 haud
1424 529 1709 584 enimvero
1748 547 1778 584 e
1837 531 2048 588 ratione

469 606 563 668 sit,
593 619 651 662 u:
686 625 810 663 eutn
843 614 1101 681 coeperim
1132 614 1340 685 aliqua,
1375 633 1405 671 a
1438 619 1776 674 consulendo
1799 621 1943 691 quod
1977 622 2050 676 sit

470 713 502 751 e
555 715 613 754 re
643 705 946 763 communi.
988 706 1318 763 abstineam.
1370 708 1609 779 [Equum
1656 728 1820 780 porro
1859 712 2045 777 fuerit,

474 803 535 847 ut
567 804 622 848 et
663 794 764 862 ipsi
817 813 922 851 non
958 801 1185 854 moleste
1217 801 1424 868 feratis,
1456 805 1500 858 si
1538 819 1772 874 quorum
1805 807 2046 862 rationes

467 888 676 940 vestris
707 889 888 943 minus
920 894 1233 948 consentire
1265 898 1574 952 senseritis.
1610 898 1731 954 Non
1770 900 1916 954 enim
1953 916 2045 954 ur-

469 975 572 1032 bes
596 978 666 1032 de
713 982 876 1036 rebus
907 995 1060 1038 extra
1101 1000 1318 1040 onmem
1373 991 1807 1044 controversiam
1851 992 2045 1061 positis

468 1068 744 1138 dispicere
799 1074 978 1129 solent
1023 1089 1086 1132 ac
1121 1078 1465 1146 deliberare;
1502 1083 1598 1137 sed
1650 1083 1719 1138 de
1768 1085 2041 1150 obscuris,

438 1174 530 1244 Hae
582 1164 704 1230 ejus
732 1168 978 1235 generis,
1013 1171 1170 1226 ut.de
1202 1171 1308 1226 illis
1335 1174 1461 1244 quis
1493 1176 1769 1232 contraria
1820 1176 2033 1243 dicens,

466 1253 609 1308 haud
658 1259 859 1314 stultus
913 1260 1188 1318 videatur.
1236 1265 1374 1331 Quia
1427 1283 1556 1340 ergo
1605 1271 1768 1345 tnon
1818 1285 2043 1343 quoque

464 1349 726 1414 prudenti
769 1353 1004 1418 ratione,
1035 1361 1347 1414 communis
1380 1373 1686 1416 conventus
1714 1352 1778 1415 ac
1825 1363 2043 1420 consilii

462 1441 678 1508 copiam
718 1443 946 1512 fecistis,
977 1448 1217 1504 alienum
1247 1453 1317 1508 sit
1345 1469 1374 1506 a
1403 1454 1616 1510 ratione
1651 1455 1949 1527 indignari,
1983 1466 2042 1512 ut

462 1531 587 1606 quis
616 1534 894 1590 adversam
930 1538 1248 1607 opinionem
1282 1543 1644 1600 insinuaverit
1675 1562 1690 1610 ;
1735 1562 1859 1600 cum
1901 1563 2040 1616 pne-

463 1635 540 1674 seu
559 1621 653 1675 tim
685 1639 850 1694 penes
882 1642 979 1681 vos
1013 1630 1085 1685 sit
1120 1645 1181 1683 ac
1228 1633 1392 1686 vestri
1421 1633 1664 1697 arbitrii,
1696 1643 1756 1688 ut
1789 1634 1873 1689 vel
1909 1649 2040 1703 pro-

463 1710 660 1769 bantes
689 1717 1033 1782 sententiam,
1066 1737 1128 1775 ea
1167 1724 1420 1787 utamini,
1454 1725 1536 1778 vel
1563 1724 1890 1780 adversariis
1923 1727 2038 1780 vic-

464 1807 701 1871 toribus,
732 1823 852 1878 quae
880 1809 992 1864 visa
1026 1811 1233 1867 fuerint
1268 1817 1598 1884 sequamini.
1634 1818 1876 1871 Primum
1911 1819 2039 1886 qui-

462 1897 586 1951 dem
618 1899 719 1954 hoc
741 1903 1113 1970 cogitandum,
1139 1903 1442 1975 Callipolim
1469 1922 1608 1966 es~e.
1639 1925 1743 1978 qua
1771 1910 1896 1963 boui
1924 1910 2038 1973 isti,

461 2004 529 2045 ac
558 1990 711 2045 urbis
738 2009 797 2047 se
828 2009 1014 2048 curam
1061 1997 1288 2063 professi
1325 2015 1502 2068 agere,
1549 2001 1799 2056 hostibus
1840 2003 2040 2057 ceden-

465 2084 595 2138 dum
628 2084 985 2154 admoneant,
1025 2106 1186 2158 quatn
1242 2108 1459 2161 semper
1499 2109 1681 2148 rerum
1724 2104 2034 2149 nostrarum

461 2178 917 2246 pretiosissimam
956 2182 1233 2250 duximus,
1263 2199 1326 2238 ac
1367 2195 1701 2240 momentum
1737 2186 2033 2240 maximum

464 2268 760 2325 habenti-tu
786 2272 850 2325 ad
886 2273 1246 2327 Barbarorum
1276 2275 1500 2332 bellum.

537 2361 643 2418 Sed
703 2374 760 2420 et
818 2367 869 2418 in
925 2367 1286 2422 conventibus
1340 2370 1592 2436 publicis,
1649 2385 1712 2424 ac
1765 2370 2034 2435 consiliis,

463 2454 687 2522 quando
717 2456 918 2524 cuique
961 2457 1103 2522 quod
1135 2457 1296 2513 libeat
1324 2474 1447 2513 cum
1478 2461 1676 2515 fiducia
1707 2462 1834 2517 lieet
1861 2463 2036 2532 loqui,

462 2546 612 2615 quod
651 2548 872 2616 quidem
899 2560 1110 2619 spectat
1153 2551 1218 2606 ad
1261 2553 1390 2619 alia,
1423 2555 1606 2624 plures
1640 2557 1764 2622 quis
1798 2557 2032 2610 imicem

462 2636 820 2694 adversantes
867 2640 1138 2708 audierit,
1186 2659 1250 2699 ac
1293 2645 1428 2699 alios
1469 2646 1688 2715 quidem
1731 2647 1847 2704 haec
1888 2663 2042 2703 asse~

462 2740 674 2796 rentes,
707 2731 845 2787 alios
895 2749 1025 2787 vero
1056 2747 1343 2806 negantes,
1376 2740 1648 2793 neminem
1695 2755 1826 2795 vero
1861 2756 2037 2810 usque

462 2821 604 2878 adeo
634 2826 1061 2893 contentiosum,
1094 2838 1155 2882 ut
1189 2845 1304 2884 rem
1346 2831 1583 2902 aliquam
1613 2830 1862 2902 Gallipoli
1895 2849 2040 2903 pra:-

465 2914 772 2972 habendam
809 2922 1123 2989 putaverit:
1161 2923 1296 2992 quin
1342 2939 1448 2977 una
1481 2925 1594 2980 ha‘c
1646 2925 1848 2996 ubique
1895 2925 2039 2981 obti-

463 3010 633 3066 nebat
660 3013 951 3074 sententia,
979 3023 1037 3067 ut
1072 3016 1382 3084 prasidium
1422 3019 1811 3085 retineremus,
1834 3020 2035 3076 nullis-

463 3117 575 3171 que
625 3103 710 3159 vel
771 3104 1054 3162 laboribus
1096 3109 1178 3163 vel
1230 3109 1495 3176 impensis
1522 3127 1892 3180 pareeremus,
1924 3130 2034 3185 quo

463 3193 602 3249 illud
635 3212 855 3266 semper
882 3198 1001 3252 urbi
1044 3210 1364 3255 servaretur
1401 3203 1692 3258 incolume.
1738 3204 1805 3259 Ut
1836 3205 1914 3260 sic
1940 3219 2037 3258 an-

464 3297 574 3341 tem
623 3289 868 3344 universi
905 3290 971 3344 de
1003 3291 1258 3361 praesidio
1299 3296 1592 3356 sentirent,
1632 3297 1686 3351 in
1720 3311 1884 3352 causa
1939 3299 2043 3354 fuit

463 3381 825 3451 experientia.
843 3383 1102 3454 quodque
1129 3397 1193 3440 ea
1223 3385 1476 3457 magistra
1503 3400 1845 3458 compertum
1876 3403 2041 3457 esset,

463 3485 735 3545 quantum
768 3490 989 3547 semper
1013 3477 1179 3532 rebus
1207 3480 1412 3534 nostris
1438 3481 1572 3537 illud
1602 3484 1862 3538 momenti
1897 3497 2045 3540 attu-

461 3569 640 3628 lisset.
664 3570 820 3638 Quod
866 3571 1015 3627 enim
1057 3574 1290 3628 necdum
1319 3577 1543 3630 omnino
1571 3591 1670 3632 ceu
1705 3576 1872 3632 tinctu
1905 3595 2046 3650 quo-

462 3661 593 3718 dam
639 3662 827 3718 obruti
870 3665 1115 3720 universi
1163 3665 1453 3731 fuerimus,
1507 3683 1570 3722 ac
1621 3668 1796 3726 Graeci
1840 3671 2043 3742 reliqui

467 3761 745 3828 quotquot
791 3754 1068 3829 Europam
1105 3757 1377 3825 habitant,
1421 3775 1568 3828 cum,
1601 3763 1696 3833 qui
1739 3763 1848 3831 iam
1885 3765 2045 3820 nobis

464 3851 652 3908 infesti
688 3851 975 3922 ingruunt,
1003 3852 1189 3908 Asiam
1232 3855 1498 3910 ducerent
1536 3871 1600 3911 ac
1629 3857 1683 3911 in
1712 3859 1910 3913 castris
1951 3859 2047 3912 ha-

461 3941 683 4008 herent,
708 3943 839 3998 illud
862 3958 1026 3998 causa
1049 3943 1176 3999 fuit.
1198 3944 1353 4010 Quod
1377 3945 1640 4002 nimirum
1664 3947 1826 4007 illud.
1849 3947 2049 4005 Bell-s-

459 4035 883 4107 pontiomnibus
903 4034 1118 4090 mmniis
1138 4038 1684 4107 opportunissimum,
1707 4041 1954 4111 interque
1971 4045 2050 4098 al-

461 4145 623 4185 veum
646 4145 710 4185 ac
732 4129 917 4184 fauces
940 4131 1198 4199 positum,
1222 4131 1364 4184 unde
1389 4133 1660 4187 solventes
1680 4132 2044 4191 Barbarornnt

461 4237 632 4277 naves
658 4223 1080 4291 haudquaquam
1108 4223 1276 4277 latere
1299 4235 1578 4294 poterant,
1611 4225 1722 4281 illic
1747 4227 2045 4282 stationem

461 4315 798 4371 habentibus
831 4313 1146 4369 triremibus
1175 4314 1409 4377 nostris,
1432 4326 1490 4370 ut
1515 4317 1688 4371 libere
1717 4319 2048 4374 cohiberent

460 4403 856 4460 latrocinantes
877 4404 1497 4478 Barbarosmostrisque
1530 4417 1587 4462 ut
1611 4412 1776 4464 urbes
1809 4420 1925 4465 tuto
1954 4411 2049 4465 ha-

2154 534 2417 588 ἐναντίων
2446 532 2814 604 δημηγορίας,
2852 533 2956 587 οὐκ
3005 531 3228 602 εὔλογον
3250 530 3324 586 ει
3436 530 3600 586 τινῶν
3625 531 3730 602 ἄρ-

2152 625 2322 692 ξαντα
2357 625 2463 695 τῆς
2488 626 2629 697 ὑπὲρ
2651 625 2744 679 τοῦ
2774 624 2956 680 κοινοῦ
3004 625 3379 696 συμφέροντος
3410 625 3728 696 συμὸουλῆς

2150 717 2515 788 ἀποσχέσθαι.
2537 717 2749 771 Δίκαιοι
2781 717 2825 772 δ’
2847 719 2914 772 ἂν
2945 719 3093 787 εῐητε
3126 717 3226 771 καὶ
3255 718 3416 786 ὑμεῖς
3432 717 3534 788 ’μὴ
3565 717 3727 787 χαλε.

2151 809 2388 875 παίνειν,
2421 807 2488 864 ἄν
2514 825 2678 862 τινων
2709 809 3002 878 λογισμοὺς
3025 810 3141 871 τοῖς
3170 809 3459 879 ἡμετέροις
3486 809 3560 878 μὴ
3587 826 3730 876 aop-

2150 895 2436 959 ϐαίνοντας
2471 896 2758 968 αίσθησθε.
2793 899 2868 950 Οὐ
2913 897 3020 968 γὰρ
3051 898 3184 966 περὶ
3207 890 3283 949 ὧν
3310 897 3484 958 οὐδεὶς
3515 893 3726 948 ἀντιλό-

2148 1005 2256 1056 γει,
2296 991 2425 1060 περὶ
2469 989 2676 1042 τούτων
2722 991 2776 1042 ai
2836 989 3023 1052 πόλεις
3084 988 3305 1042 εἰώθασι
3354 988 3580 1041 σκοπεῖν
3627 985 3722 1040 καὶ

2150 1080 2536 1150 βουλεύεσθαι·
2573 1081 2710 1135 ἀλλὰ
2755 1083 2884 1151 περὶ
2935 1083 3045 1134 τῶν
3086 1082 3320 1152 ἀδήλων,
3359 1082 3458 1134 καὶ
3492 1081 3623 1150 περὶ
3649 1071 3725 1131 ὧν

2147 1190 2231 1234 τις
2262 1173 2522 1226 τάναντία
2554 1172 2748 1241 λέγων,
2791 1174 2850 1226 ού
2883 1173 3025 1237 δόξει
3059 1173 3269 1244 ληρεῖν.
3339 1172 3495 1226 Ἐπεὶ
3541 1170 3722 1224 τοίνυν

2147 1265 2240 1317 καὶ
2276 1269 2386 1328 τοῖς
2427 1264 2691 1336 παροῦσιν
2732 1263 2791 1318 εὖ
2851 1264 3131 1326 ποιοῦντες
3187 1265 3484 1334 ἐκκλησίαν
3528 1263 3726 1316 ἀποδε-

2143 1357 2353 1413 δώκατε
2382 1359 2479 1413 καὶ
2506 1358 2728 1432 βουλὴν,
2771 1359 2967 1426 ἄλογον
3004 1356 3401 1428 δυσχεραίνειν,
3434 1355 3488 1409 εί
3510 1372 3593 1419 τις
3623 1357 3720 1408 καί⁸

2143 1453 2243 1522 τῆς
2284 1452 2536 1517 ἐναντίας
2585 1453 2811 1507 ἅπτοιτο
2846 1452 3041 1523 δόξης·
3075 1451 3274 1516 ,ἄλλως
3324 1467 3384 1502 τε
3434 1449 3528 1503 καλ⁸
3583 1447 3721 1518 μετά

2141 1546 2275 1608 τοὺς
2305 1544 2494 1614 λόγους
2529 1547 2614 1614 ἐφ’
2645 1549 2778 1618 ἡμῖν
2826 1547 2977 1609 ὄντος
3025 1549 3056 1617 ἢ
3117 1547 3216 1617 τὴν
3250 1544 3476 1615 γνώμην
3506 1543 3724 1596 ἐπαινέ-

2145 1653 2346 1702 σαντας
2375 1638 2682 1708 χρήσασθαι
2713 1642 2907 1711 ταύτῃ,
2941 1641 2998 1711 ἦ,
3027 1639 3137 1692 τῶν
3163 1640 3424 1692 ἒναντίων
3454 1635 3723 1705 κρατούν-

2141 1748 2271 1798 των,
2300 1733 2412 1796 τοῖς
2441 1731 2659 1798 δόξασιν
2707 1734 2960 1788 ἕπεσθαι.
3009 1732 3234 1805 Πρῶτον
3275 1732 3376 1803 μὶν
3420 1730 3514 1784 οὖν
3548 1733 3726 1784 έκεῖνο

2151 1823 2489 1894 ὶνθυμητέον
2511 1865 2527 1891 ,
2568 1828 2642 1889 ῶς
2669 1826 2810 1897 αὕτη
2863 1827 2917 1895 γ’
2945 1827 3094 1880 ἐστὶν
3123 1827 3156 1896 ἡ
3188 1824 3538 1888 Καλλίπολις,
3572 1818 3640 1894 ἦς
3677 1823 3728 1876 οἱ

2152 1914 2380 1982 χρηστοὶ
2405 1914 2500 1967 καὶ⁸
2540 1917 2636 1983 τῆς
2672 1913 2880 1976 πόλεως
2917 1914 3222 1986 φροντίζειν
3248 1914 3550 1979 φάσκοντες
3578 1904 3726 1965 οὗτοι

2149 2007 2261 2069 τοῖς
2293 2005 2570 2076 πολεμίοις
2608 2004 2968 2074 παραινοῦσιν
2996 2005 3279 2076 ἐκστῆναι,
3303 2005 3372 2076 ῆν
3395 2003 3485 2057 ἀεὶ
3505 2003 3726 2057 πάντων

2149 2097 2260 2151 τῶν
2313 2099 2600 2170 ἡμετέρων
2669 2100 2966 2172 κτημάτων
3031 2098 3316 2168 ἡγούμεθα
3373 2096 3724 2168 τιμιώτερον,

2150 2193 2243 2244 καὶ
2270 2193 2533 2263 μεγίστην
2563 2195 2695 2262 ἡμῖν
2732 2195 3046 2248 συντέλειαν
3077 2191 3214 2262 πρὸς
3242 2192 3339 2246 τὸν
3370 2188 3491 2246 τῶν
3516 2189 3730 2262 βαρσάη

2153 2299 2264 2351 ρων
2303 2283 2543 2352 πόλεμον
2583 2283 2966 2353 παρασχέσθαι
2993 2280 3317 2350 δυνάμενον.

2232 2375 2394 2431 Ἀλλὰ
2428 2376 2532 2427 κάν
2561 2377 2680 2438 ταῖς
2709 2373 3047 2440 ἐκκλησίαις,
3075 2374 3178 2426 κάν
3209 2373 3331 2436 ταῖς
3366 2369 3605 2442 βουλαῖς,
3630 2370 3723 2424 ὅτε

2150 2469 2286 2523 πᾶσι
2320 2467 2456 2534 μετὰ
2487 2467 2802 2538 παρρησίας
2835 2467 2897 2518 τὸ
2925 2464 3117 2519 δοκοῦν
3159 2465 3336 2531 ἔξεστι
3361 2464 3566 2534 λέγειν,
3592 2463 3730 2533 περὶ

2150 2562 2252 2633 μὲν
2303 2561 2411 2614 τῶν
2459 2560 2634 2613 ἄλλων
2682 2559 2887 2630 ᾖκουεν
2933 2559 3000 2613 ἄν
3052 2574 3138 2621 τις
3189 2555 3442 2625 ἀλλήλοις
3491 2556 3723 2619 πολλοὺς

2147 2653 2626 2722 ἐναντιουμένους·
2661 2652 2755 2705 καὶ
2791 2649 2919 2703 τάδε
2964 2649 3065 2720 μὲν
3098 2648 3194 2704 ὑπ’
3234 2649 3411 2704 ἄλλων
3438 2647 3721 2728 τιθέμενα,
3823 2715 3827 2718 _

2147 2744 2241 2798 ὑπ’
2287 2743 2462 2798 ἄλλων
2500 2742 2556 2796 δὲ
2612 2740 3018 2811 ἀναιρούμενα·
3075 2740 3381 2812 φιλόνεικος
3431 2739 3488 2792 δὲ
3548 2736 3726 2799 οὕτως

2144 2836 2345 2902 οὐδεὶς,
2375 2832 2506 2888 ὥστ’
2533 2833 2719 2900 ἀξιοῦν
2747 2833 2878 2907 ἄλλο
2903 2850 2958 2886 τι
2987 2833 3084 2902 τῆς
3111 2831 3497 2893 Καλλιπόλεως
3537 2843 3726 2899 προτι-

2150 2931 2260 3002 μᾷν
2279 2945 2295 2961 ο
2321 2927 2457 2980 ἀλλὰ
2493 2924 2633 2997 αὕτη
2657 2924 2722 2996 δὴ
2760 2925 2858 2996 μία
2881 2925 3077 2995 γνώμη
3106 2924 3192 2978 διὰ
3228 2921 3444 2977 πάντων
3475 2921 3725 2988 ἐκράτει,

2145 3021 2463 3095 ἀντέχεσθαι
2505 3019 2599 3074 τοῦ
2627 3019 2910 3090 φρουρίου,
2956 3019 3053 3071 καὶ
3095 3016 3256 3070 πάνθ’
3300 3015 3595 3086 ὑπομένειν
3624 3011 3725 3066 καὶ

2150 3115 2448 3178 πονοῦντας
2486 3113 2579 3168 καὶ
2608 3113 3003 3176 ἀναλίσκοντας
3040 3111 3180 3166 ὥστε
3226 3111 3332 3164 σῶν
3357 3111 3447 3165 ἀεὶ
3472 3112 3539 3182 τῇ
3565 3107 3724 3163 πόλει

2145 3208 2454 3278 τηρεῖσθαι.
2490 3206 2597 3260 Τοῦ
2645 3205 2690 3261 δ’
2726 3206 2867 3260 οὕτω
2917 3203 3128 3263 πάντας
3156 3203 3288 3274 περὶ
3316 3203 3415 3257 τοῦ
3452 3199 3720 3273 φρουρίου

2099 3358 2103 3362 ,
2147 3302 2370 3372 φρονεῖν
2398 3301 2570 3354 αἴτιον
2598 3303 2629 3368 ἡ
2670 3303 2855 3370 πεῖρα.
2889 3299 2990 3387 καὶ
3010 3298 3069 3354 τὸ
3103 3301 3235 3369 παρ’
3269 3297 3438 3368 αὐτῆς
3472 3293 3727 3370 διδαχθῆ-

2145 3409 2258 3457 ναι,
2293 3395 2419 3446 ὅσον
2457 3396 2542 3445 ἀεὶ
2581 3395 2693 3454 τοῖς
2720 3392 3014 3462 ἡμετέροις
3061 3392 3364 3460 συνήνεγκε
3409 3389 3723 3461 πράγμασι.

2147 3487 2256 3539 Τοῦ
2294 3485 2402 3556 γὰρ
2440 3486 2513 3554 μὴ
2559 3484 2906 3538 παντάπασιν
2945 3483 3140 3555 ῶσπερ
3170 3484 3275 3538 ὑπό
3303 3502 3447 3546 τινος
3476 3483 3725 3553 κύματος

2149 3577 2394 3632 κατακλυ
2407 3578 2630 3642 τθέντας
2668 3577 2858 3647 μηκέτ’
2879 3572 3022 3630 εἶναι
3061 3576 3269 3642 πάντας
3299 3578 3445 3648 ἡμᾶς
3475 3576 3570 3629 καὶ
3593 3574 3724 3637 τούς

2148 3672 2371 3735 λοιποὶς
2403 3671 2674 3740 Ἕλληνας
2715 3673 2830 3725 ὅσοι
2867 3673 2967 3742 τὴν
3017 3671 3288 3742 Εὐρώπην
3338 3668 3602 3733 οίκοῦσιν,
3633 3667 3726 3722 ὅτε
3792 3677 3807 3696 ⁸

2147 3764 2246 3829 τὴν
2289 3763 2474 3816 Ἀσίαν
2506 3759 2644 3834 ἦγον
2673 3762 2768 3816 καὶ
2805 3763 2999 3834 ἔφερον
3033 3765 3084 3816 οί
3119 3761 3216 3817 νῦν
3254 3763 3388 3833 ἡμῖν
3434 3761 3730 3832 ἐπικείμε-

2148 3873 2251 3920 νοι,
2296 3855 2441 3908 τοῦτ’
2482 3855 2657 3907 αίτιον
2683 3849 2771 3924 ἦν.
2803 3853 2930 3906 Ὀτι
2981 3854 3045 3923 δὴ
3090 3853 3200 3906 τῶν
3243 3855 3303 3906 ὲν
3344 3852 3726 3922 Ἑλλησπόντῳ

2147 3947 2345 4018 τειχῶν
2375 3948 2595 4000 πάντων
2624 3947 3046 4016 ἐπικαιρότατον
3075 3945 3157 4009 ὃν,
3192 3943 3447 4016 καὶπρὸς
3469 3945 3546 4015 τῷ
3571 3947 3727 4018 πόρῳ

2149 4041 2354 4112 καὶτῷ
2411 4039 2584 4109 στενῷ
2637 4039 2914 4108 κείμενον,
2975 4038 3097 4092 ὅθεν
3165 4039 3222 4093 αί
3274 4038 3385 4092 τῶν
3432 4037 3730 4111 βαρϐάρων

2150 4135 2487 4204 ἀναγόμεναι
2543 4132 2668 4201 νῆες
2701 4133 2802 4185 οὐκ
2854 4130 3084 4201 ἔμελλον
3131 4130 3338 4201 λήσειν,
3372 4134 3488 4194 ταῖς
3525 4131 3730 4204 ἡμετέ-

2153 4246 2275 4299 ραις
2305 4229 2586 4298 τριήρεσιν
2618 4225 2989 4295 ἐφορμούσαις
3020 4223 3208 4278 αὐτόϐι
3246 4226 3505 4295 παρεῖχεν
3538 4225 3728 4280 ἄδειαν

2150 4322 2279 4381 τοὺς
2336 4319 2445 4371 τῶν
2503 4317 2793 4389 βιρϐἀρων
2849 4315 3124 4385 ἀνείργειν
3179 4315 3405 4387 λῃστὰς,
3461 4315 3555 4369 καὶ
3609 4318 3729 4380 τοῖς

2151 4410 2443 4482 ἡμετέροις
2499 4409 2758 4477 ἀσφαλῶς
2812 4409 2911 4473 τὰς
2964 4409 3149 4473 πόλεις
3205 4411 3392 4465 οίκεῖν.
3427 4405 3728 4482 Ἐπειτξόῦ

459 4495 725 4561 bitarent,
747 4507 1047 4569 praestaret.
1079 4498 1372 4567 Praeterea,
1404 4501 1609 4574 nedum
1641 4519 1706 4556 ex
1743 4503 1902 4557 malis
1930 4521 2041 4573 «piae

2158 4478 2413 4572 μόνον-ὲκ
2436 4502 2552 4556 τῶν
2592 4501 2871 4569 δυσχερῶν
2922 4494 2996 4552 ὧν
3029 4537 3046 4555 .
3082 4540 3098 4556 .
3133 4539 3150 4557 .
3184 4539 3202 4556 .
3239 4538 3254 4553 .
3292 4539 3308 4555 .
3342 4478 3730 4571 πεπειράμεθα

459 4592 836 4657 cavlmul,sed
855 4599 909 4648 et
923 4609 996 4649 ex-
1009 4593 1078 4648 iis
1100 4609 1332 4664 quorum
1350 4610 1416 4650 eo
1433 4595 1634 4650 amisso
1651 4597 1883 4652 fecimus
1897 4600 2041 4668 peri-

461 4686 649 4742 culum
670 4685 1033 4756 facimusque,
1065 4688 1265 4742 clarius
1290 4689 1515 4760 liqueat,
1541 4689 1678 4745 nihil
1709 4692 1865 4746 nobis
1897 4707 2040 4759 csse,

458 4792 572 4848 quo
588 4791 697 4831 non
731 4780 882 4845 prius
907 4793 1070 4847 quam
1101 4778 1191 4832 illo
1212 4781 1405 4834 cedi-re
1428 4780 1749 4837 debeamus.
1770 4782 1874 4838 Ubi
1891 4785 2040 4839 enim

465 4885 588 4938 quae
621 4870 674 4924 in
711 4869 1066 4940 Hellesponto
1094 4887 1156 4927 ac
1186 4873 1521 4942 Propontide
1553 4875 1696 4929 facta
1731 4878 2040 4945 quassatio,

460 4963 722 5023 universa
772 4964 996 5026 evertit,
1045 4963 1148 5018 hoc
1204 4980 1423 5036 quoque
1466 4965 1721 5022 Barbarie
1777 4967 2039 5037 Oppidum

465 5052 807 5122 tradidisset,
833 5070 957 5108 eum
984 5056 1364 5112 Chersonesus
1393 5065 1502 5112 tota
1537 5058 1644 5111 illis
1689 5060 1906 5115 addicta
1933 5069 2039 5126 est,

464 5159 580 5201 tum
629 5148 794 5202 urbes
842 5146 1110 5214 Thraciai,
1149 5147 1344 5202 diticni
1395 5148 1758 5214 adiecerunt;
1805 5165 1868 5205 ac
1909 5167 2038 5207 nec-

463 5241 594 5292 dum
628 5251 820 5295 exacto
866 5255 1033 5304 anno,
1064 5257 1091 5292 a
1128 5239 1283 5308 npbis
1323 5241 1529 5293 tributa
1577 5251 1898 5310 exegerunt,
1931 5253 2041 5299 ter-

464 5346 692 5400 ratnque
756 5347 786 5386 e
838 5332 1100 5385 mmuium
1147 5331 1366 5403 regione
1432 5332 1668 5402 positam
1721 5345 2038 5390 araverunt.

463 5421 606 5490 Quin
669 5432 724 5476 et
768 5432 828 5475 ut
878 5423 1000 5490 quis
1057 5424 1338 5491 praesentis
1387 5423 1600 5494 probri,
1638 5435 1803 5495 utque
1847 5425 2041 5481 civitas

462 5527 565 5584 pro
596 5513 677 5570 sic
729 5514 973 5585 iugloriis
998 5529 1060 5568 ac
1093 5513 1392 5568 humilibus
1437 5515 1740 5571 deliberare
1788 5527 2038 5587 cogatur,

461 5603 773 5676 Callipolim
806 5621 1026 5662 causam
1060 5605 1386 5671 dixerit,ac
1425 5607 1574 5674 quod
1604 5623 1665 5661 ea
1705 5609 1908 5663 amissa
1946 5608 2039 5672 sit,

461 5699 741 5753 neminem
774 5697 892 5754 fore
943 5698 1182 5754 arbitror
1214 5699 1305 5768 qui
1350 5701 1712 5756 contradicat.
1753 5698 1861 5766 Qui
1907 5716 2041 5771 ergo

465 5803 577 5845 non
606 5789 909 5848 absurdum
929 5833 943 5861 ,
976 5801 1031 5848 ut
1065 5793 1131 5850 iis
1163 5808 1285 5864 qua:
1311 5793 1601 5864 pmsentia
1647 5791 1786 5849 adeo
1814 5789 2042 5863 prolue-

2152 4596 2246 4648 καὶ
2289 4593 2587 4662 πειρώμεθ’
2641 4592 2774 4645 αὐτὸ
2827 4591 3191 4656 ἀπδλέσαντες
3231 4591 3414 4664 ῥᾴδιον
3467 4592 3729 4659 συνιδεῖν,

2148 4688 2226 4751 ῶς
2262 4689 2462 4750 παντὸς
2507 4687 2708 4758 μᾶλλον
2737 4685 2844 4739 τῶν
2892 4685 3253 4756 ὑπαρχόντων
3304 4687 3439 4756 ἡμῖν
3482 4687 3729 4742 ἀποστα-

2149 4782 2334 4853 τέονῆ
2374 4779 2587 4834 τούτου.
2631 4779 2738 4833 Τοῦ
2771 4779 2882 4850 γὰρ
2912 4781 3041 4850 περὶ
3060 4778 3148 4832 τὸν
3193 4778 3586 4859 Ἑλλήσποντον
3633 4778 3730 4834 καὶ

2149 4873 2248 4944 τὴν
2315 4871 2656 4943 Προποντίδα
2690 4865 2696 4877 ’
2729 4871 3036 4940 συμϐάντος
3100 4869 3328 4941 σεισμοῦ
3414 4870 3475 4933 ὃς
3550 4871 3729 4927 πάντα

2149 4963 2435 5036 ἀνέτρεψε,
2508 4965 2604 5017 καὶ
2660 4963 2730 5026 τὰ
2771 4961 2973 5032 χωρίον
3035 4962 3199 5018 τοῦτο
3251 4967 3367 5028 τοῖς
3429 4963 3726 5036 βαρϐάροις

2151 5056 2580 5126 προδεδωκότος,
2611 5056 2648 5125 ἥ
2675 5070 2736 5107 τε
2769 5055 3116 5124 Χερρόνησος
3143 5056 3292 5108 πᾶσα
3339 5054 3556 5119 τούτοις
3585 5056 3732 5110 ἰδού-

2149 5149 2332 5213 λευσε,
2379 5147 2475 5201 καὶ
2502 5148 2599 5208 τὰς
2630 5148 2686 5198 ὲν
2714 5147 2903 5216 Θρᾴκῃ
2941 5145 3130 5210 πόλεις
3174 5146 3244 5200 δι’
3279 5146 3488 5200 ἑαυτῶν
3529 5148 3728 5218 ἐποιη-

2149 5242 2459 5307 σαντο,,καὶ
2490 5239 2620 5310 πρὶν
2649 5240 2768 5303 ἔτος
2800 5241 3042 5308 ἐξήκειν,
3070 5242 3271 5313 φόρους
3301 5259 3362 5296 τε
3391 5243 3536 5312 ἡμᾶς
3558 5243 3730 5314 επρᾶ.

2153 5337 2334 5400 ξαντο,
2370 5335 2468 5387 καὶ
2489 5335 2586 5401 τὴν
2619 5333 2722 5404 πρὸ
2755 5332 2864 5386 τῶν
2883 5332 3080 5403 τειχῶν
3113 5334 3307 5403 ἔτεμον
3335 5337 3463 5403 γῆν.
3496 5337 3610 5389 Κάν
3643 5353 3727 5400 τις

2151 5427 2250 5495 τῆς
2310 5425 2595 5494 παρούσης
2631 5424 2916 5495 αίσχύνης,
2951 5428 3046 5478 καὶ
3089 5428 3183 5479 τοῦ
3235 5426 3364 5495 περὶ
3416 5427 3523 5479 τῶν
3552 5427 3726 5491 οὕτως

2151 5517 2356 5583 ἀδόξων
2395 5518 2490 5570 καὶ
2513 5516 2790 5570 ταπεινῶν
2825 5515 2922 5586 τὴν
2955 5515 3112 5569 πόλιν
3141 5515 3511 5586 βουλεύεσθαι,
3545 5520 3728 5571 αἰτίαν

2149 5608 2250 5678 τὴν
2281 5605 2616 5660 Καλλίπολιν
2651 5609 2745 5659 καὶ
2773 5605 2873 5675 τὴν
2901 5605 3113 5677 ἐκείνης
3143 5605 3423 5694 ἀπώλειαν
3452 5603 3591 5662 εἶναι
3622 5610 3722 5680 φῇ,

2149 5703 2339 5756 οὐδένα
2374 5701 2440 5754 ἂν
2474 5699 2587 5771 ἔχοι
2614 5701 2707 5754 τὸν
2737 5700 3108 5769 ἀντιλέγοντα.
3145 5700 3270 5764 Πῶς
3317 5699 3413 5754 οὖν
3457 5702 3558 5755 οὐκ
3599 5703 3727 5758 ατο-

2152 5811 2274 5862 πον,
2307 5793 2342 5850 ἃ
2371 5795 2616 5864 παρόντα
2649 5793 2746 5866 μὲν
2777 5794 3044 5866 τοσαύτην
3079 5793 3277 5865 ἡνιγκε
3306 5795 3408 5870 τὴν
3427 5793 3722 5871 ὠφέλειαν,
