4156 6300
447 327 585 391 1019

1718 307 2095 386 DEMETRII
2135 323 2441 386 croonn

3518 382 3522 386 .
3559 318 3696 390 1020

444 436 570 491 belli
623 436 869 492 subsidio
909 433 1022 491 fore
1067 450 1372 506 speramus,
1410 449 1532 488 cum
1575 435 1771 501 sciant,
1805 435 2014 490 nullum

2140 437 2252 506 ᾒμῖν
2272 437 2382 490 ἔστ’
2412 437 2601 508 ὄφελος
2625 431 2701 491 ὧν
2731 433 3074 504 πονῆσουσιν,
3108 430 3268 504 ἡμῶν
3299 432 3365 489 τά
3393 431 3501 488 τῶν
3534 433 3694 488 πολε.

446 529 720 594 laborum,
783 546 958 598 neque
1014 529 1166 599 ipsis,
1225 544 1402 598 neque
1466 530 1622 584 nobis
1686 529 2014 584 exstiturum

447 622 706 678 fructum.
753 621 1090 676 devictorum
1136 622 1290 674 nobis
1342 620 1564 688 pnemia
1615 621 1878 680 hostium.
1913 621 2018 674 ite-

449 731 568 767 rum
603 716 1020 784 projieientibus
1054 715 1292 768 inimicis
1315 725 1437 785 post
1457 714 1763 769 confectum
1791 713 2013 778 bellum,

447 807 709 875 nulloque
751 808 911 860 nobis
946 807 1195 876 reliquo,
1244 822 1345 876 pro
1379 822 1488 876 quo
1522 807 1602 861 eis
1644 806 2026 876 periculorum.

447 915 579 968 ergo
611 899 814 964 gratias
869 898 1193 962 habeamus,
1233 897 1379 968 quod
1435 915 1606 953 unum
1663 898 1732 952 iis
1793 897 1887 968 qui
1921 910 2019 967 pro

448 991 572 1044 aliis
627 990 1004 1057 decertarunt,
1058 992 1334 1062 reliquum
1385 1001 1572 1047 manet
1620 991 1688 1046 ad
1744 990 2022 1046 solatium.

447 1080 550 1146 Qui
587 1080 734 1135 enim
782 1083 1054 1138 beneﬁcio
1090 1083 1299 1148 donati,
1350 1094 1571 1153 accepta
1605 1082 1922 1152 projiciunt,
1954 1093 2022 1134 ne

449 1171 713 1226 benefit-is
751 1172 970 1242 quidem
1007 1189 1108 1244 pro
1165 1175 1309 1229 datis
1342 1176 1546 1244 gratias
1590 1173 1830 1227 habituri
1891 1172 2020 1226 sint.

447 1265 636 1334 Atqui,
664 1279 790 1320 cum
824 1281 1002 1336 neque
1033 1275 1219 1321 nostra
1253 1266 1355 1337 ipsi
1392 1267 1594 1324 virtute
1633 1266 1823 1321 hostes
1854 1264 2022 1319 ultnri

452 1356 650 1418 simus,
682 1372 744 1410 ac
783 1356 1098 1411 valentibus
1127 1356 1270 1411 ferre
1297 1357 1561 1410 auxilium
1592 1357 1770 1426 palam
1815 1357 2027 1409 denun-

451 1450 647 1502 tiemns
679 1463 745 1502 ex
793 1448 862 1502 iis
895 1463 1017 1518 qua:
1062 1447 1317 1511 facimus,
1345 1456 1408 1502 ut
1460 1463 1559 1503 nos
1609 1446 1839 1518 fugiant,
1890 1444 2022 1516 quid

2117 529 2258 599 μίων
2281 528 2418 585 ἆθλα
2465 533 2643 586 πάλιν,
2677 533 2787 594 τοῖς
2817 530 3033 600 ἐχθροῖς
3078 527 3407 598 ριπτόντων,
3440 526 3576 597 μετά
3604 524 3696 579 τὸν

2117 625 2372 695 πόλεμον,
2406 626 2498 678 καὶ
2531 623 2762 696 ’μηδενὸς
2807 624 2944 695 ἡμῖν
2972 613 3292 690 λειπομένου
3335 621 3476 689 ὑπὲρ
3506 611 3566 672 οῦ
3600 616 3698 687 χάι

2119 733 2205 788 ριν
2255 716 2441 779 αὐτοῖς
2510 715 2773 785 εἰσόμεθα
2825 715 2934 769 τῶν
2993 712 3274 776 κινδύνων,
3321 711 3349 764 δ
3395 711 3554 780 μόνον
3585 711 3699 772 τοῖς

2118 807 2258 878 ὑπὲρ
2305 807 2412 859 τῶν
2441 806 2617 860 ἄλλων
2653 805 3050 876 ἠγωνισμένοις
3077 805 3324 858 λείπεται
3348 803 3484 873 προς
3515 817 3696 870 παρα-

2121 896 2354 967 μυθίαν;
2404 897 2468 949 Οί
2494 895 2604 966 γὰρ
2634 892 2693 950 εὖ
2731 895 3016 964 παθόντες,
3055 895 3312 966 ῥίψαντες
3359 894 3430 947 τὰ
3456 892 3697 958 δοθέντα,

2119 989 2238 1043 οὐδὲ
2265 990 2374 1052 τοῖς
2405 990 2725 1060 εὐεργέταις
2757 989 2917 1060 χάριν
2962 987 3337 1058 ὁμολογοῦσιν,
3375 980 3449 1040 ὧν
3487 984 3697 1060 ἔδοσαν.

2131 1079 2289 1130 ’Λλλα
2315 1079 2440 1148 μὴν,
2471 1057 2517 1130 εί
2538 1057 2663 1148 μήτ’
2690 1057 2843 1131 αὐτοί
2863 1057 3043 1150 οίκείᾳ
3069 1078 3297 1147 δυνάμει
3319 1077 3445 1140 τοὺς
3472 1057 3702 1146 ἐχθροὺς

2119 1170 2492 1241 ἀμυνούμεθα,
2547 1172 2788 1233 καὶτοῖς
2841 1173 3151 1241 συμμαχεῖν
3197 1169 3518 1239 δυναμένοις
3552 1166 3703 1222 ἄντι-

2120 1281 2257 1334 κρυς
2301 1263 2646 1334 προεροῦμεν
2674 1264 2742 1317 δι’
2783 1256 2860 1317 ὧν
2895 1262 3158 1333 ποιοῦμεν
3191 1262 3416 1332 φεύγειν
3456 1261 3624 1332 ἡμᾶς.
3649 1257 3702 1312 τί

2120 1353 2376 1425 λοιπδν,ἢ
2412 1354 2488 1406 τὼ
2521 1357 2671 1424 χεῖρε
2695 1355 2958 1425 δήσαντες
3001 1356 3128 1419 τοὺς
3162 1357 3389 1427 ἐχθροὺς
3419 1353 3706 1414 ίκετεύειν,

2122 1447 2218 1498 καὶ
2252 1447 2411 1516 μόνον
2441 1447 2508 1500 ἂν
2535 1448 2865 1517 συγχωρῶσι
2898 1448 3021 1520 ζῇν,
3051 1448 3242 1516 κέρδος
3271 1445 3562 1517 ἡγεῖσθαιῖ

464 1548 741 1608 superest,
781 1540 883 1593 nisi
958 1551 1018 1594 ut
1068 1539 1335 1594 ambabus
1384 1540 1584 1595 vinctis
1645 1539 1921 1605 manibus,
1989 1539 2265 1611 supplices
2315 1539 2565 1595 hostibus
2611 1539 2946 1607 accidamus,
2993 1555 3056 1596 ac
3099 1540 3236 1596 lucri
3278 1540 3406 1614 loco
3475 1537 3708 1610 depute-

452 1650 598 1702 mus,
628 1635 789 1691 modo
824 1645 1037 1691 tantum
1075 1636 1244 1690 vitam
1284 1637 1643 1707 indulgeant?

523 1729 792 1797 Quocirca
848 1748 973 1786 cum
1026 1731 1369 1798 deliberatis,
1416 1735 1542 1787 dum
1594 1732 1871 1803 Callipolis
1925 1738 2034 1785 tra-
2066 1735 2108 1790 Β

451 1824 627 1880 denda
661 1823 752 1887 sit,
785 1823 919 1877 nihil
941 1824 1238 1880 mihialiud
1263 1824 1522 1879 videmini
1553 1834 1835 1894 praestare,
1859 1839 2020 1893 quam

453 1923 514 1968 nt
546 1915 823 1984 quaeratis,
851 1931 981 1969 num
1019 1916 1195 1985 majus
1239 1915 1303 1968 ad
1336 1915 1564 1985 gloriam
1611 1915 1700 1980 sit,
1750 1929 1814 1968 ac
1847 1914 2025 1968 omni-

459 2007 564 2060 bus
611 2008 786 2062 modis
819 2006 1246 2068 conducibilius.
1275 2007 1440 2060 vitam
1477 2007 1527 2060 in
1560 2006 1815 2060 libertate
1858 2021 2022 2075 agen-

455 2108 559 2161 tes,
605 2099 806 2153 nostris
861 2097 970 2151 frui
1016 2097 1201 2161 rebus,
1233 2113 1295 2153 ac
1351 2113 1444 2152 cas
1495 2098 1770 2165 retinere;
1814 2099 1900 2152 vel
1944 2098 2025 2170 eis

458 2193 742 2263 proiectis,
781 2191 1044 2262 amplecti
1083 2199 1486 2262 paupertatem,
1531 2189 1752 2258 vimque
1785 2205 1849 2244 ac
1885 2189 2027 2258 inju-

459 2288 595 2339 riam
643 2285 1037 2348 Barbarorum,
1084 2285 1256 2354 pluris
1317 2285 1550 2337 aliorum
1602 2282 1769 2352 gloria
1825 2282 2024 2335 facere.

459 2379 771 2442 Enimvero,
801 2379 914 2446 ipsa
951 2378 1068 2430 haec
1116 2377 1338 2430 omnino
1365 2386 1562 2430 emota:
1607 2375 1807 2428 utentis
1845 2372 2029 2427 homi-

456 2487 554 2525 nes
606 2471 672 2524 ad
729 2471 1085 2525 sobrietatem
1159 2470 1374 2538 possint
1438 2483 1791 2538 componere.
1859 2467 2028 2522 Nemo

453 2564 601 2619 cnim
657 2562 794 2616 adeo
832 2562 1019 2628 miser,
1078 2572 1138 2615 ut
1186 2578 1310 2615 eum
1353 2561 1476 2615 aliis
1527 2561 1799 2629 imperare
1846 2559 2026 2621 liceat,

455 2654 580 2710 aliis
638 2653 766 2708 velit
806 2653 1062 2719 obedire,
1115 2655 1278 2723 idque
1317 2653 1550 2707 mas‘me
1599 2652 1734 2706 viris
1777 2650 2030 2721 pessimis

456 2763 519 2802 ac
571 2745 992 2811 infcnsissimis,
1035 2743 1350 2813 nedumqne
1407 2743 1611 2796 nullam
1647 2741 1774 2794 inde
1825 2739 2031 2794 habens

460 2838 795 2898 mercedem,
826 2837 956 2906 quin
1009 2846 1065 2890 et
1101 2838 1216 2906 ipse
1259 2834 1480 2905 propria
1515 2833 1824 2887 conferens.
1876 2829 2030 2897 Quod

459 2930 505 2984 si
547 2927 664 2997 qui,
700 2927 850 2981 nulla
900 2927 1122 2995 quidem
1161 2926 1263 2998 ipsi
1325 2925 1538 2979 ratione
1567 2924 1717 2978 hisce
1761 2923 2034 2977 contradi-

459 3036 590 3078 cere
643 3021 865 3085 audent,
898 3019 1042 3089 qnttd
1076 3029 1130 3074 et
1179 3019 1459 3074 ordine—et
1506 3029 1702 3074 natura
1735 3033 1920 3072 rerum
1956 3017 2030 3074 ita

463 3113 579 3168 hmo
605 3112 828 3167 definita
864 3113 996 3177 sint,
1031 3113 1222 3182 sicque
1264 3111 1437 3167 Grazci
1475 3112 1678 3182 pariter
1715 3120 1880 3181 atque
1908 3109 2038 3164 Bar-
2063 3096 2105 3154 C

465 3205 580 3258 hari
619 3219 811 3259 omnes
855 3204 1192 3268 existiment,
1224 3204 1407 3274 sitque
1447 3203 1704 3257 omnibus
1742 3202 1975 3256 inditum
2006 3218 2034 3255 a

461 3305 681 3359 natura,
721 3305 781 3349 ut
815 3313 881 3350 ne
934 3294 1189 3350 hostibus
1226 3294 1447 3364 prepria
1484 3294 1764 3347 dimittant
1798 3309 1811 3345 :
1843 3293 2040 3345 timent

461 3404 596 3443 vero
630 3389 1009 3445 imminentem
1044 3388 1266 3454 famem,
1309 3404 1373 3442 ac
1398 3387 1542 3458 quod
1579 3397 1793 3456 segetes
1814 3384 2038 3455 quidem

460 3481 569 3552 iam
604 3491 864 3550 surgente
895 3484 1080 3536 culmo
1131 3481 1270 3537 altas
1312 3481 1572 3546 videant,
1618 3479 1914 3548 hostesque
1957 3479 2042 3533 ni-

465 3570 768 3624 hilominus
819 3580 1019 3625 terram
1057 3571 1385 3641 populantes
1407 3611 1423 3636 ,
1458 3585 1522 3624 ac
1557 3568 1870 3624 suburbana
1903 3583 2042 3638 prat-

465 3659 606 3714 sidia
655 3669 933 3730 capturos,
978 3660 1186 3729 quique
1217 3662 1402 3715 omnia
1449 3659 1684 3714 subinde
1729 3659 2042 3728 direpturos

465 3756 891 3817 comminemur,
925 3769 1102 3822 eoque
1134 3752 1548 3807 concedendum
1577 3753 1787 3811 volunt.
1810 3767 1930 3822 qua:
1961 3750 2039 3805 illi

471 3847 737 3918 flagitant.
775 3848 951 3901 levius
983 3849 1314 3901 arbitrantes
1344 3849 1464 3902 laedi
1499 3848 1624 3908 alia.
1663 3863 1825 3917 quam
1859 3855 1918 3899 ut
1949 3860 2044 3914 pa-

471 3941 574 3995 tria
614 3943 865 3994 intereat.
932 3941 1173 3995 Primum
1220 3940 1441 4007 quidem
1494 3940 1746 3994 noverint
1800 3937 1892 4007 qui
1930 3938 2044 3991 haec

469 4046 657 4097 urant,
692 4049 798 4086 non
843 4049 906 4086 ea
941 4033 1124 4086 dicere
1156 4033 1359 4100 quilnis
1401 4032 1538 4085 mala
1574 4032 1779 4086 leviora
1823 4040 2046 4100 pnesle-

471 4126 760 4191 nius;sctl
823 4126 1002 4195 potius
1052 4127 1254 4196 quibus
1305 4127 1570 4178 malorum
1629 4126 1717 4178 liat
1771 4123 2042 4177 accessio.

472 4216 661 4286 Neque
691 4221 838 4272 enim
875 4233 968 4271 cos
1003 4219 1211 4271 ullosve
1243 4219 1376 4270 aiios
1413 4217 1660 4271 dicturos
1696 4226 1849 4285 puto,
1877 4215 2043 4268 idcir-

471 4326 540 4365 co
574 4311 736 4364 nobis
791 4311 908 4364 hmc
955 4309 1196 4365 conﬂata
1223 4311 1384 4374 mala,
1443 4311 1585 4378 quod
1623 4308 1801 4364 nrbes
1823 4316 2044 4361 nostras

474 4418 584 4457 non
612 4402 984 4456 dimiserimus
1027 4401 1319 4468 Barbaris;
1355 4417 1532 4472 coque
1564 4402 1614 4454 id
1650 4401 1890 4456 medium
1931 4400 2044 4453 fore

473 4512 585 4567 quo
618 4495 959 4565 eonnnotlior
990 4493 1210 4549 fortuna
1251 4495 1458 4559 redeat,
1507 4503 1564 4548 ut
1591 4509 1684 4547 cas
1717 4492 1995 4547 tradamus
2027 4510 2039 4545 :

475 4606 636 4645 secus
663 4605 809 4654 vero,
837 4589 980 4660 quod
1010 4598 1193 4643 nostra
1231 4589 1436 4643 incuria
1478 4597 1650 4657 capta:
1690 4589 1913 4654 fuerint,
1947 4588 2049 4641 hoc

477 4692 776 4751 praesentes
816 4682 974 4736 nobis
1028 4680 1239 4748 invexit
1295 4680 1669 4734 necessitates.
1727 4677 1882 4730 Haud
1919 4691 2051 4731 vero

477 4773 684 4844 quibus
711 4790 817 4840 res,
847 4791 969 4828 cum
1001 4790 1208 4846 magna:
1238 4784 1444 4837 essent,
1473 4774 1608 4826 viles
1639 4767 1794 4827 factae
1823 4779 1952 4826 sunt
1990 4785 2054 4825 ac

479 4870 805 4932 imminutae,
831 4869 1024 4923 iisdem
1059 4869 1368 4923 conandum
1396 4868 1467 4921 sit
1501 4866 1736 4936 pristino
1773 4864 2050 4935 splendori

479 4968 791 5018 restituere.
823 4961 964 5027 Quin
1000 4961 1110 5016 imo
1142 4970 1354 5016 tantum
1386 4959 1542 5012 abest
1576 4967 1636 5011 ιη
1659 4968 1713 5011 et
1745 4957 1908 5011 modo
1931 4973 2053 5026 qua:

481 5066 691 5110 restant
725 5054 1026 5110 debeamus
1058 5053 1362 5116 dimittere,
1405 5061 1672 5120 quantum
1719 5049 1886 5103 etiam
1933 5051 2056 5104 uni-

481 5163 670 5202 verses
704 5147 976 5211 videmus,
1013 5145 1114 5198 alia
1162 5144 1374 5211 aliaque
1418 5156 1622 5196 novum
1664 5139 2054 5210 comparando,

484 5253 594 5291 non
649 5253 746 5290 sua
791 5235 1150 5306 projiciendo,
1205 5232 1411 5288 divitiis
1464 5247 1685 5303 angere.
1724 5231 1829 5285 Vos
1873 5239 2054 5285 autem

489 5330 630 5384 haud
665 5332 812 5384 aliud
875 5330 1077 5391 facitis,
1105 5343 1268 5396 quam
1333 5327 1376 5381 si
1414 5326 1538 5397 quis
1591 5325 1830 5380 membra
1871 5341 2062 5395 ampu-

486 5433 634 5487 tans,
660 5438 861 5490 corpus
896 5431 1142 5492 vegetum
1192 5410 1584 5486 robustumque
1631 5419 1910 5472 existimet
1938 5433 2058 5471 ser-

490 5527 679 5570 vatum
711 5517 777 5569 iri
810 5538 820 5568 :
855 5517 935 5571 vel
972 5515 1068 5585 qui
1121 5513 1388 5567 tradendo
1422 5513 1785 5568 substantiam
1824 5511 2060 5564 volenti-

491 5612 595 5666 bus
627 5625 843 5680 rapere,
873 5625 934 5663 ea
966 5609 1015 5663 ei
1043 5609 1251 5661 ratione
1282 5606 1553 5660 facturqu
1600 5622 1656 5660 se
1687 5604 2061 5658 accessionem

491 5714 671 5774 putet.
704 5704 1000 5758 Enimvero
1045 5701 1318 5754 contraria
1362 5701 1474 5754 hazc
1525 5715 1650 5754 cum
1696 5713 1911 5765 sapere,
1946 5705 2060 5749 tum

497 5815 678 5872 agerc,
740 5806 927 5867 apt-rte
983 5797 1145 5851 veris.
1178 5794 1319 5850 Sane
1379 5802 1536 5865 puto,
1590 5791 1856 5861 siquidem
1923 5789 2066 5843 Deus

2208 1726 2362 1780 ’¹Ωσθ’
2391 1727 2521 1780 ὅταν
2555 1727 2602 1779 εί
2627 1725 2734 1780 δέοι
2769 1727 2870 1795 τὴν
2887 1727 3216 1780 Καλλίπολιν
3234 1727 3431 1780 διδόναι
3456 1726 3711 1799 βουλεύη-

2136 1822 2252 1886 σθε,
2283 1820 2435 1874 οὐδὲν
2464 1819 2650 1889 ἕτερόν
2689 1835 2780 1888 μοι
2813 1819 3020 1872 δοκεῖτε
3054 1821 3247 1881 ποιεῖν,
3279 1820 3311 1891 ἢ
3339 1819 3520 1891 ζητεῖν
3547 1822 3705 1874 πὸτεο

2135 1931 2225 1983 ρον
2257 1911 2613 1982 ἐνδοξότερον,
2651 1911 2743 1965 καὶ
2773 1914 2885 1975 τοῖς
2917 1911 3058 1974 ὅλοις
3089 1911 3554 1982 λυσιτελέστερον,
3610 1914 3709 1982 ζῇν

2134 2006 2192 2057 ἐν
2245 2003 2528 2074 ἐλευθερίᾳ
2582 2002 2959 2076 ἀπολαύοντας
2989 2002 3098 2056 τῶν
3146 2005 3339 2065 ῦντων,
3377 2006 3469 2056 καὶ
3505 2005 3711 2057 τούτων

2130 2095 2541 2166 ἀντεχομένους,
2565 2096 2598 2167 ἦ
2624 2093 2799 2148 ταῦτα
2828 2095 3113 2166 ῥίψαντας,
3144 2099 3243 2166 τὴν
3264 2096 3506 2149 δουλείαν
3538 2098 3716 2150 ἀσπά-

2135 2187 2350 2248 σασθαι,
2387 2187 2477 2240 καὶ
2521 2187 2617 2258 τὴν
2646 2186 2752 2238 τῶν
2779 2187 3070 2257 βτρὸαρων
3103 2187 3262 2256 ὖὸριν
3312 2189 3411 2256 τῆς
3435 2190 3585 2256 παρὰ
3609 2189 3713 2240 τῶν

2134 2277 2306 2332 ἄλλων
2331 2279 2486 2348 δόξης
2521 2279 2918 2349 προτιμότερον
2952 2279 3162 2335 θέσθαι.
3211 2280 3368 2334 Ἀλλά
3408 2279 3615 2332 τούτων
3650 2297 3713 2348 γε

2133 2372 2293 2424 ἕνεκα
2319 2373 2410 2423 καὶ
2436 2371 2487 2423 οἱ
2519 2372 2867 2424 παντάπασιν
2926 2372 3287 2441 ἐξεστηκότες
3320 2373 3579 2425 δύνανται
3607 2390 3716 2425 σω-

2135 2466 2370 2533 φρονεῖν.
2396 2463 2587 2526 Οὐδεὶς
2611 2464 2666 2516 δὲ
2699 2462 2843 2517 οὕτω
2871 2465 3163 2534 δυστυχὴς,
3185 2466 3357 2531 ὅστις,
3393 2464 3509 2530 ἐξὸν
3540 2465 3716 2530 ἄλλος

2135 2556 2460 2618 ἐπιτάττειν,
2507 2555 2685 2618 ἄλλοις
2718 2557 3016 2610 ὑπακούειν
3048 2559 3372 2626 αἱρήσεται·
3420 2557 3516 2609 xui.
3548 2545 3719 2608 ταῦτα

2133 2652 2244 2710 τοῖς
2270 2648 2562 2717 χειρίστοις
2602 2648 2693 2700 καὶ
2749 2647 3181 2717 πολεμιωτάτοις
3204 2689 3218 2708 ,
3255 2649 3349 2701 καὶ
3383 2648 3586 2718 μηδένα
3622 2649 3720 2719 μὲν

2137 2743 2276 2811 ἔχων
2325 2741 2518 2810 μισθὸν
2552 2743 2651 2809 τῆς
2676 2741 2940 2804 δουλείας,
2982 2741 3294 2811 προστιθεὶς
3339 2740 3394 2794 δὲ
3425 2740 3516 2794 καὶ
3552 2741 3619 2794 τα
3641 2740 3722 2793 οἵ·

2138 2834 2316 2888 κοθεν.
2352 2835 2410 2886 Εἰ
2437 2835 2494 2887 δέ
2527 2851 2674 2891 τινες
2715 2833 2924 2896 τούτοις
2967 2836 3063 2903 μὲν
3113 2832 3367 2901 οὐδαμῶς
3412 2831 3719 2901 ἀντιλέγειν

2137 2926 2399 2996 τολμῶσι,
2431 2926 2505 2996 τῷ
2526 2928 2619 2979 καὶ
2655 2928 2725 2995 τῇ
2758 2925 2910 2990 τάξει
2945 2926 3038 2978 καὶ
3056 2926 3121 2994 τῇ
3145 2924 3305 2990 φύσει
3329 2924 3437 2977 τῶν
3466 2925 3724 2993 πραγμάη

2137 3037 2246 3073 των
2285 3018 2425 3071 οὕτω
2455 3016 2612 3072 ταυτῖ
2638 3016 2952 3086 διωρίσθαι,
2973 3016 3063 3070 καὶ
3089 3016 3244 3094 παρὰ
3293 3015 3460 3068 πᾶσιν
3496 3014 3724 3084 Ἕλλησι

2138 3114 2232 3168 καὶ
2277 3113 2585 3184 Βαρϐάροις
2618 3111 2760 3168 οῦτω
2796 3109 3136 3179 νομίζεσθαι,
3165 3111 3260 3162 καλ⁴
3287 3110 3452 3162 πᾶσιν
3481 3107 3726 3176 ἔμφυτον

2138 3199 2276 3257 εἶναι
2312 3203 2385 3274 μὴ
2414 3206 2528 3267 τοῖς
2557 3201 2838 3273 πολεμίοις
2882 3201 2949 3254 τὰ
2980 3202 3159 3255 οίκεῖα
3201 3199 3521 3271 προΐεσθαι*
3555 3198 3724 3253 δεδοί-

2138 3315 2268 3351 κασι
2303 3297 2358 3350 δὲ
2412 3295 2503 3350 τὸν
2549 3296 2649 3364 μὲν
2697 3293 2857 3364 λιμὸν
2907 3293 3257 3362 ἐπικείμενον
3310 3277 3638 3364 βλέποντες,
3666 3293 3726 3346 ὲν

2139 3390 2291 3460 ἀκμῇ
2325 3388 2421 3458 μὲν
2449 3387 2542 3441 τὸν
2572 3389 2716 3440 σῖτον
2740 3423 2755 3448 ,
2793 3386 2920 3447 τοὺς
2947 3385 3001 3437 δὲ
3037 3383 3371 3455 βαρϐάρους,
3424 3383 3490 3438 ἀν
3522 3383 3598 3453 μὴ
3629 3382 3728 3450 τῆς

2141 3483 2352 3543 πόλεως
2387 3479 2718 3549 ἀφεστῶμεν
2750 3477 2955 3544 αὐτοῖς,
2986 3480 3168 3547 κερεῖν
3215 3478 3313 3548 μὲν
3339 3475 3440 3548 τὴν
3467 3475 3594 3545 γῆν,
3630 3493 3729 3529 κα·

2138 3573 2473 3643 ταλήψεσθαι
2495 3573 2551 3626 δὲ
2585 3572 2653 3626 τὰ
2693 3571 2800 3643 πρὸ
2851 3570 2949 3641 τῆς
2985 3569 3195 3634 πόλεως
3235 3567 3495 3640 φρούρια,
3551 3569 3728 3622 πάντα

2138 3667 2196 3722 δὲ
2229 3665 2567 3721 ἀνασπάσειν
2613 3664 2814 3735 ἑφεξῆς
2869 3660 3252 3726 ἀπειλοῦντας,
3307 3660 3404 3714 καὶ
3447 3660 3534 3713 διὰ
3577 3657 3731 3711 ταῦτ’

2140 3758 2351 3825 ἀξιοῦσι
2381 3761 2686 3830 συγχωρεῖν
2735 3753 2815 3821 οἷς
2862 3755 3101 3821 αἰτοῦσι,
3152 3753 3486 3824 κουφότερον
3516 3753 3615 3821 τὴν
3647 3751 3728 3813 είς

2139 3853 2309 3907 τᾶλλα
2341 3851 2548 3921 ζημίαν
2583 3851 2863 3922 κρίνοντες
2893 3846 2987 3901 τοῦ
3018 3847 3120 3918 τῆς
3175 3843 3433 3917 πατρίδος
3461 3843 3683 3912 ὀλέθρου
3709 3858 3724 3874 ·

2144 3947 2358 4016 πρῶτον
2385 3945 2482 4013 μὲν
2509 3945 2743 3996 ἴστωσαν
2776 3943 2823 3994 οί
2856 3940 3030 3995 ταῦτα
3059 3936 3522 4009 δημηγοροῦντες,
3559 3937 3634 3998 ὡς
3664 3934 3726 3986 οὐ
3752 3963 3757 3968 ~

2142 4039 2210 4092 δι’
2241 4034 2313 4091 ὧν
2342 4037 2547 4088 ἐλάττω
2582 4035 2649 4087 τὰ
2682 4039 2828 4086 κακὰ
2857 4033 3156 4101 ποιήσομεν
3181 4028 3451 4096 λέγουσιν.
3491 4026 3630 4079 ἀλλὰ
3658 4023 3729 4078 δι’

2144 4124 2219 4183 ὧν
2250 4131 2344 4182 κοιλ⁵
2372 4128 2776 4199 προσθήσομεν.
2817 4123 2952 4177 Οῦτε
2991 4123 3099 4192 γὰρ
3133 4122 3354 4183 αὐτοὺς,
3379 4118 3494 4172 οὔτ’
3526 4117 3722 4179 ἄλλους

2145 4223 2323 4274 εἰπεῖν
2375 4220 2439 4273 ἂν
2464 4219 2670 4288 νομίζω
2709 4217 2770 4270 τὸ
2828 4215 2903 4286 μὴ
2935 4214 3034 4277 τὰς
3079 4211 3358 4285 ἡμετέρας
3392 4210 3577 4273 πόλεις
3618 4210 3730 4272 τοῖς

2149 4311 2443 4383 βαρῦάροις
2503 4307 2786 4379 προίεσθαι
2841 4308 3015 4361 αῖτιον
3073 4307 3207 4375 ἡμῖν
3267 4303 3559 4372 γενόμενον
3621 4301 3732 4353 τῶν

2148 4405 2434 4474 παρόντοιν
2466 4401 2686 4468 κακῶν,
2717 4402 2810 4456 καὶ
2853 4400 2941 4453 διὰ
2963 4399 3122 4452 τοῦτο
3179 4397 3240 4449 τὸ
3272 4395 3576 4467 προδιδόναι
3608 4392 3736 4448 ταύ-

2150 4517 2246 4561 τας
2275 4499 2606 4566 ἀφαιρήσειν
2641 4495 2740 4562 τῆς
2780 4492 3105 4561 δυστυχῐαςο
3149 4489 3266 4542 ἀλλ⁹
3307 4488 3390 4541 ὅτι
3420 4485 3734 4540 robeus-{av

2124 4647 2125 4650 η
2156 4590 2312 4663 ἡμῶν
2343 4587 2689 4660 ἀμελούντων
2741 4584 3014 4647 ἑάλωσαν,
3040 4581 3189 4636 τοῦθ’
3214 4582 3345 4653 ἡμῖν
3369 4582 3612 4648 ἐνεγκεῖν
3638 4579 3735 4640 τὰς

2154 4680 2434 4753 παρούσας
2463 4679 2727 4747 ἀνάγκας.
2762 4678 2834 4730 Οὐ
2871 4674 2937 4744 δὴ
2968 4672 3035 4727 δι’
3068 4667 3144 4728 ὧν
3175 4674 3239 4726 ὲκ
3269 4672 3525 4742 μεγάλων
3556 4669 3735 4739 φαῦλα

2153 4774 2223 4827 τὰ
2252 4775 2554 4844 πράγματα
2589 4770 2802 4838 γέγονε,
2848 4767 2936 4820 διὰ
2974 4766 3084 4819 τῶν
3118 4764 3298 4818 αὐτῶν
3327 4764 3503 4816 ταῦτα
3545 4779 3738 4831 πειρα-

2154 4869 2275 4920 τέον
2308 4864 2770 4934 ἐπανορθοῦσθαιο
2798 4862 2934 4915 ἀλλὰ
2965 4859 3176 4913 τοσοῦτ’
3209 4855 3479 4927 ἀφεκτέον
3516 4856 3611 4908 τοῦ
3645 4853 3739 4908 καὶ

2155 4959 2252 5014 νῦν
2276 4959 2342 5012 τά
2369 4957 2494 5010 ὄντα
2521 4955 2829 5024 προΐεσθαι,
2854 4954 2977 5008 ὅσον
3002 4953 3095 5005 καὶ
3112 4954 3342 5015 πάντας,
3367 4950 3440 5018 τῷ
3465 4946 3743 5017 προσκτᾶ-

2161 5051 2282 5105 σθαι
2363 5053 2456 5103 καὶ
2498 5048 2572 5118 τῷ
2611 5046 3077 5119 προσλαμϐάνειν,
3117 5043 3235 5097 ἀλλ’
3287 5044 3346 5096 οὗ
3385 5043 3465 5112 τῷ
3514 5041 3579 5092 τὰ
3612 5039 3741 5092 ὅντα

2162 5142 2393 5212 ῥίπτειν,
2451 5137 2888 5207 πλουσιωτέρους
2917 5136 3238 5205 γινομένους
3268 5133 3509 5204 ὁρῶμεν.
3551 5129 3742 5200 Ὑμεῖς

2158 5236 2215 5289 δὲ
2247 5237 2447 5288 ποιεῖτε
2477 5231 2884 5302 παραπλήσιον,
2918 5227 3108 5298 ὥσπερ
3137 5225 3202 5281 ἂν
3220 5226 3274 5278 εί
3301 5244 3384 5288 τις
3418 5224 3528 5278 τῶν
3565 5222 3743 5294 μελῶν

2163 5326 2432 5397 ἀφαιρῶν,
2465 5324 2628 5377 οίοιτο
2676 5322 2771 5391 τὴν
2822 5319 3006 5389 ἀκμὴν
3034 5317 3110 5388 τῷ
3140 5317 3355 5385 σώματι
3389 5315 3484 5368 καὶ
3513 5315 3610 5383 τὴν
3635 5312 3745 5383 ῥώ-

2168 5438 2274 5489 μην
2311 5420 2495 5488 τηρεῖν
2515 5415 2586 5484 ’ἢ
2638 5417 2748 5477 τοῖς
2778 5411 3100 5482 διαρπάζειν
3124 5408 3467 5478 βουλομένοις
3503 5405 3746 5470 ἐκδιδοὺς

2163 5513 2264 5580 τὴν
2309 5510 2515 5573 οὐσίαν,
2579 5506 2933 5579 προστιθέναι
2989 5507 3101 5567 τοῖς
3155 5498 3328 5556 οὖσιν.
3391 5499 3553 5554 Ἀλλὰ
3584 5500 3747 5553 τοηῖτο

2165 5602 2424 5659 τάναντία
2455 5603 2564 5664 τοῖς
2598 5598 2852 5668 φανεροῖς
2889 5597 3006 5649 ἐστι
3030 5595 3123 5650 καὶ
3154 5595 3393 5665 φρονεῖν,
3420 5593 3512 5645 καὶ
3544 5591 3743 5644 ποιεῖν.

2180 5694 2324 5763 Ἐγ·ιύ
2346 5695 2454 5762 γὰρ
2494 5693 2546 5745 εί
2577 5708 2697 5744 τινα
2742 5689 2873 5753 Θεὸς
2920 5685 3140 5756 πέμψας
3175 5684 3510 5754 προσέταττε
3539 5679 3747 5748 δωρεὰς

2172 5787 2304 5860 παρ’
2363 5786 2528 5841 αὐτοῦ
2561 5784 2767 5850 ζητεῖν,
2820 5781 3025 5844 ὡςεοὺκ
3058 5768 3449 5850 ἀτυχήσοντας,
3480 5772 3632 5827 οὐδὲν
3677 5771 3744 5825 ἀν
