4100 6296
594 256 730 323 104³1

1899 261 2274 322 DEME'I‘RII
2356 259 2672 320 CYDONII

3699 252 3850 318 1038

591 370 730 428 dixit
756 387 770 426 :
797 389 814 422 ι
851 363 1054 427 Nuntio
1086 372 1240 428 vobis
1273 373 1579 442 apostolum
1612 371 1726 436 Dei,
1764 373 1857 440 qui
1894 383 2159 428 venturus

2278 372 2451 426 tum:th
2489 366 2633 425 εἶναι
2689 367 3043 437 προσέταξεν,
3098 370 3235 441 ὅπερ
3282 366 3353 424 ἂν
3386 366 3466 440 τῷ
3517 365 3852 436 παράὒτοῦ

592 472 679 517 est
702 472 822 532 post
840 467 946 527 me,
975 472 1031 517 et
1071 479 1267 517 nomen
1298 464 1418 532 ejus
1449 464 1806 519 Mabometus.
1834 482 1853 514 ι
1892 462 2164 518 Δίῐὶηιιειιο

593 569 700 624 que
729 568 927 608 nomen
962 554 1068 608 boe
1091 554 1166 608 ab
1194 567 1400 610 aeterno
1439 556 1704 624 scriptum
1739 555 1937 610 essein
1964 554 2164 608 throno

592 644 715 711 Dei,
750 645 806 699 in
851 647 1126 716 superiori
1170 659 1347 717 parte,
1392 645 1458 703 ad
1490 647 1793 701 dexteram.
1823 646 1903 702 Ad
1932 646 2047 701 haec
2068 661 2166 701 au-

596 735 1081 789 tem'credendum
1132 736 1344 792 nullum
1380 735 1705 791 miraculum
1757 733 2162 800 ostendit,'sed

592 826 807 880 nudans
836 841 1023 881 ensem
1059 825 1221 895 dixit,
1253 844 1363 883 non
1391 829 1446 882 in
1492 828 1693 884 virtute
1721 825 2109 883 miraculorum
2135 867 2153 894 ,

590 915 686 970 sed
734 930 1015 970 armorum
1041 934 1071 970 ε
1105 918 1212 972 Deo
1235 932 1293 973 se
1319 917 1545 974 missum
1571 933 1718 984 esse.
1745 919 1808 972 Hi
1840 927 1970 975 sunt
2002 921 2158 989 prin-

591 1007 797 1076 cipales
821 1024 1039 1063 errores
1064 1024 1204 1079 quos
1239 1009 1486 1067 continet
1510 1011 1871 1078 Alcoranum,
1905 1014 2054 1083 quod
2075 1025 2161 1070 est

589 1101 676 1155 lex
722 1099 1146 1157 Saracenorum.
1193 1101 1324 1168 Quae
1372 1112 1554 1159 autem
1609 1106 1662 1160 in
1729 1107 1825 1161 illo
1874 1106 2158 1163 mendacia

590 1191 969 1258 continentur,
997 1193 1112 1249 fere
1140 1193 1351 1250 inﬁnita
1382 1203 1549 1262 sunt,
1582 1197 1647 1250 de
1682 1197 1882 1267 quibus
1916 1199 1969 1252 in
2012 1213 2159 1253 nono

591 1284 832 1354 capitulo
856 1285 1234 1343 tractabimus.
1439 1294 1441 1297 '

589 1374 760 1428 ταῦτα
800 1377 1208 1446 πιστώσασθαι,
1243 1379 1398 1436 οῦδὲν
1463 1381 1753 1450 παρέδειξε
1808 1380 2014 1450 θαῦμα,
2079 1384 2195 1438 ἀλλ’

2263 463 2471 516 τεθέντι
2505 465 2654 535 νόμῳ
2682 463 2923 519 ἐναντίον
2952 463 3208 533 ὑπάρχει.
3243 458 3611 532 ’Δναιρεῖσθαι
3641 457 3696 510 δὲ
3731 458 3844 510 καὶ

2263 556 2387 616 τοὺς
2417 556 2658 610 ἐναντίον
2689 575 2745 611 τι
2773 556 2954 626 τούτῳ
2981 554 3166 626 λέγειν
3199 551 3538 624 τολμῶντας.
3564 548 3736 610 Αὐτὸς
3769 549 3847 602 δὲ

2260 648 2322 700 τό
2356 664 2412 699 τε
2442 647 2780 718 Ψαλτήριον,
2805 649 2902 703 καὶ
2925 647 3048 710 τοὺς
3112 645 3310 709 ἄλλους
3361 643 3669 714 προφήτας,
3711 638 3853 693 λίαν

2265 739 2624 810 ἐγκωμιάζει.
2662 741 2758 794 καὶ
2788 739 2958 796 πολλά
2990 740 3126 811 ’περὶ
3180 732 3352 794 αὐτοῦ
3377 753 3512 806 φησι
3551 735 3648 788 τὸν
3701 735 3855 802 Χρι-

2264 832 2390 884 στὸν
2450 834 2828 904 προφητεῦσαι
2889 833 2949 886 ιν
3017 831 3097 903 τῷ
3147 827 3489 898 Εὐαγγελίῳ,
3540 828 3654 889 τοῖς
3696 827 3848 885 ῡῐοῐς

2254 923 2480 995 Ἰσραὴλ
2510 925 2792 996 εἰρηκότα,
2864 920 3520 994 ι-Εὖαγγιλίζομαιηδμῐν
3564 918 3655 973 τὸν
3691 917 3849 970 ἀπό-

2260 1015 2447 1069 στολον
2473 1017 2570 1070 τοῦ
2601 1017 2759 1084 Θεοῦ,
2797 1018 2890 1072 τδν
2920 1016 3123 1089 ἥξοντα
3148 1013 3268 1085 μετ’
3295 1001 3423 1083 ὲμέ·
3459 1012 3558 1065 καὶ
3584 1009 3849 1077 τὸόνομα

2259 1107 2423 1161 αὑτοῦ
2454 1109 2724 1179 Μωάμεθ.
2757 1128 2778 1163 ι
2807 1107 3212 1180 Διισχυρίζεται
3244 1105 3303 1159 δὲ
3369 1103 3612 1174 τοῦνομα
3671 1099 3848 1155 τοῦτο

2259 1199 2320 1265 ἐξ
2345 1201 2531 1255 ἀῖδίων
2556 1201 2868 1272 γεγράφθαι
2905 1205 2966 1256 ἒν
3007 1199 3086 1268 τῷ
3124 1198 3223 1256 τοῦ
3253 1197 3391 1252 Θεοῦ
3443 1196 3642 1268 θρόνῳ,
3697 1191 3848 1262 πρὸς

2258 1295 2372 1354 τοῖς
2408 1293 2625 1360 δεξιοῖς,
2680 1297 2738 1347 ὲν
2773 1293 2854 1364 τῷ
2899 1292 3164 1362 ἀνωτόρῳ
3223 1283 3404 1362 μέρειζ
3464 1288 3608 1359 Πρὸς
3665 1285 3724 1340 δὲ
3773 1283 3852 1336 τὸ

2264 1384 2671 1457 ἀπογυμνώσας
2729 1370 2804 1442 τδ
2845 1386 3027 1455 ξίφος,
3077 1385 3283 1456 ἔφησεν
3313 1386 3424 1440 οὐκ
3490 1384 3550 1436 ἐν
3610 1380 3852 1450 δυνάμει

588 1466 907 1535 θαυμάτων,
938 1466 1055 1521 ἀλλ’
1119 1469 1178 1521 ὲν
1239 1468 1419 1524 ὅπλων
1455 1470 1561 1523 ὑπὸ
1594 1471 1686 1522 τοῦ
1716 1470 1852 1523 Θεοῦ
1878 1473 2233 1531 ἀπεστάλθαι.
2275 1475 2442 1538 Ταῦτ’
2467 1478 2606 1535 εἰσὶν
2659 1480 2718 1534 αἱ
2783 1476 3221 1550 ἀρχοειδίστεραι
3268 1476 3380 1531 τῶν
3437 1473 3722 1544 αἱρέσεων.
3770 1471 3852 1535 ἃς

589 1560 836 1634 περιέχει
879 1561 942 1614 τδ
988 1561 1334 1634 Ἀλκοράνονο
1371 1565 1510 1632 ὅπερ
1575 1562 1692 1616 ἐστὶ
1760 1563 1926 1633 νόμος
1990 1566 2097 1620 τῶν
2162 1554 2554 1643 Σαρρακηνῶν.
2624 1571 2730 1624 Τά*
2775 1570 2832 1624 δὲ
2889 1572 2948 1625 ιν
3005 1567 3202 1642 ἐκείνῳ
3245 1568 3609 1641 περιεχόμενα
3665 1561 3850 1634 ψεύδη

594 1656 779 1730 σχεδὸν
811 1658 1016 1728 ἄπειρα
1062 1657 1129 1714 ἃν
1153 1657 1241 1727 εἴη
1264 1661 1392 1729 περὶ
1418 1650 1494 1713 ὧν
1520 1662 1577 1712 ἐν
1603 1657 1680 1730 τῷ
1709 1659 1916 1731 ὲννάτῳ
1969 1660 2250 1734 κεφαλαίῳ
2279 1664 2844 1738 πραγματευώμεθα.

835 1776 902 1833 ΙΙ.
931 1775 1203 1842 Quomodo
1228 1784 1428 1848 oportet
1451 1793 1569 1830 cum
1591 1775 1671 1830 his
1690 1775 1914 1832 versari.

665 1870 920 1927 Secundo
949 1879 1131 1925 autem
1160 1880 1377 1940 oportet
1405 1871 1568 1934 scire,
1593 1870 1738 1938 quod
1773 1870 1927 1923 valde
1958 1868 2164 1924 curiosi

595 1970 727 2017 sunt
753 1962 941 2015 audire
969 1961 1174 2030 aliquid
1213 1971 1416 2016 nostne
1459 1961 1606 2024 ﬁdei,
1634 1971 1690 2016 et
1717 1961 1950 2016 maxime
1984 1961 2051 2015 de
2080 1962 2165 2015 di-

596 2057 723 2110 vina
781 2055 1045 2110 Trinitate
1073 2064 1128 2113 et
1158 2055 1538 2108 incarnatione
1573 2069 1591 2119 ;
1622 2069 1730 2108 non
1767 2064 1950 2109 tamen
1977 2055 2168 2108 volunt

599 2149 685 2202 bis
734 2146 988 2210 credere,
1043 2161 1223 2214 neque
1280 2155 1510 2214 possunt
1570 2145 1686 2199 haze
1741 2146 2068 2216 intelligere.
2101 2144 2168 2199 Et

596 2235 724 2302 quia
775 2243 1038 2304 superant
1091 2234 1386 2296 rationem,
1441 2247 1496 2288 et
1529 2236 1829 2289 humanum
1888 2235 2169 2290 excedunt

601 2325 964 2391 intellectum,
1017 2326 1106 2380 illa
1167 2341 1271 2380 nec
1321 2326 1548 2381 credere
1581 2327 1792 2391 volunt,
1829 2342 1931 2382 nec
1965 2328 2168 2382 intelli-

599 2431 727 2485 gere
785 2427 1034 2486 possunt.
1083 2418 1295 2473 Dicitur
1347 2421 1494 2472 enim
1549 2417 1604 2472 in
1653 2419 1790 2471 lsaia
1827 2434 1842 2472 :
1881 2437 1898 2470 ι
1939 2419 1993 2474 Si
2057 2435 2169 2477 non

597 2509 964 2574 credideritis,
992 2527 1099 2564 non
1153 2511 1470 2581 intelligetis
1501 2511 1541 2564 ⁸.
1596 2529 1614 2562 ι
1644 2511 1712 2565 Et
1743 2511 2001 2580 quoniam
2037 2526 2170 2566 con-

603 2600 772 2656 traria
815 2612 944 2656 sunt
1000 2602 1295 2667 Aleorano,
1365 2601 1511 2671 quod
1564 2600 1665 2671 ipsi
1729 2602 2171 2658 constantissime

600 2704 913 2765 supponunt
933 2710 1052 2751 esse
1097 2696 1323 2752 verbum
1371 2696 1488 2758 Dei,
1531 2705 1585 2750 et
1617 2696 1743 2752 ideo
1776 2695 1870 2750 illa
1903 2711 2010 2751 non
2044 2711 2170 2750 sus-

602 2789 837 2858 cipiunt,
880 2789 975 2844 sed
1021 2807 1084 2845 ea
1138 2792 1411 2846 derident.
1445 2792 1654 2846 Dicitur
1681 2792 1829 2847 enim
1860 2792 1916 2846 in
1946 2783 2173 2861 prover-

605 2884 752 2938 biis:
790 2902 810 2935 ι
852 2883 946 2938 Vir
1004 2884 1278 2955 insipiens
1311 2901 1420 2939 non
1475 2883 1711 2955 suscipit
1757 2884 1924 2940 verba
1958 2884 2176 2954 sapien-

604 2979 715 3038 tiae,
740 2976 846 3031 nisi
907 2977 1058 3032 dicas
1088 2976 1138 3031 ei
1190 2991 1313 3046 qua:
1373 2977 1474 3031 sibi
1535 2978 1771 3046 placent.
1811 2997 1829 3030 ι
1876 2975 2032 3033 Unde
2067 2992 2176 3032 non

605 3077 825 3139 oportet
873 3068 960 3124 bis
1011 3069 1195 3124 statim
1232 3084 1259 3122 a
1313 3068 1586 3138 principio
1637 3069 1820 3123 divina
1847 3083 2171 3139 proponere,

604 3177 786 3231 neque
845 3171 970 3216 ante
1025 3177 1236 3232 porcos
1271 3163 1595 3230 margaritas
1636 3177 1915 3231 spargere,
1946 3163 2038 3218 sed
2074 3178 2170 3217 eo-

605 3252 846 3307 nandum
902 3252 956 3306 in
1014 3252 1207 3322 primis
1251 3267 1446 3306 vanam
1495 3253 1668 3321 legem
1722 3253 1804 3306 eis
1857 3252 2170 3309 ostendere.

605 3343 726 3398 Non
780 3343 929 3397 enim
986 3350 1210 3411 oportet
1267 3343 1501 3397 virtutes
1566 3341 1830 3404 inserere,
1878 3338 1984 3395 nisi
2022 3341 2174 3411 prius

610 3436 893 3503 passiones
950 3432 1222 3488 radicitus
1268 3434 1600 3488 evelluntur.
1655 3433 1990 3503 Oportetque
2027 3443 2083 3487 et
2116 3435 2170 3487 in

606 3523 864 3579 omnibus
921 3523 1140 3579 brevem
1171 3525 1313 3579 viam
1361 3525 1582 3592 eligere.
1617 3524 1853 3579 Facilius
1877 3534 2058 3579 autem
2091 3534 2176 3578 est

608 3617 826 3672 illorum
883 3615 1041 3670 ﬁdem
1104 3616 1290 3670 falsam
1345 3615 1657 3679 ostendere,
1713 3631 1876 3685 quam
1935 3625 2173 3670 nostram

606 3721 790 3763 veram
811 3703 1207 3761 demonstrare.
1230 3705 1389 3761 Fides
1403 3707 1548 3760 enim
1568 3722 1688 3760 cum
1716 3721 1907 3761 eorum
1937 3705 2027 3770 sit,
2055 3720 2177 3775 quas

608 3814 718 3853 non
751 3798 1068 3868 aspicimus,
1099 3797 1299 3851 donum
1335 3805 1420 3852 est
1476 3797 1592 3852 Dei.
1627 3797 1780 3853 Unde
1830 3805 2020 3851 nostra
2053 3796 2177 3866 qui-

609 3890 734 3943 dem
760 3889 893 3943 tides
921 3887 1079 3942 valde
1105 3890 1408 3943 secundum
1441 3888 1697 3942 mandata
1726 3902 1851 3942 vera
1879 3888 2176 3953 exsistens,

610 3997 719 4036 non
761 3981 977 4035 videtur
1021 3995 1142 4034 esse
1187 3981 1597 4050 corporalibus;
1627 3981 1844 4036 illorqu
1873 3991 2057 4036 autem
2087 3973 2179 4035 so-

611 4072 727 4125 lum
769 4086 1066 4142 apparens,
1128 4066 1234 4126 non
1291 4086 1319 4124 a
1362 4072 1546 4136 rebus,
1600 4072 1720 4126 talis
1769 4081 2014 4142 apparet.
2071 4057 2192 4126 Sed.

611 4166 714 4220 etsi
751 4165 909 4218 nobis
939 4179 1046 4218 non
1103 4166 1271 4218 insint
1293 4164 1807 4230 demonstrationes,
1828 4164 2182 4220 ostendentes

611 4273 735 4328 qua:
765 4266 895 4311 sunt
948 4257 1258 4319 Trinitatis,
1290 4266 1344 4310 et
1378 4257 1483 4310 alia
1526 4272 1648 4326 qua:
1688 4257 1755 4312 ad
1815 4257 1972 4312 [idem
2008 4258 2181 4328 perti-

616 4360 742 4404 nent
773 4350 973 4421 (neque
1001 4352 1146 4404 enim
1181 4360 1310 4405 tunc
1336 4350 1467 4406 lides
1509 4351 1759 4406 mercede
1790 4352 1951 4421 digna
1983 4353 2172 4415 esset),

2397 1779 2473 1836 B’.
2519 1780 2644 1837 Τίνι
2680 1782 2880 1850 τρόπῳ
2908 1779 3002 1835 δεῖ
3026 1781 3258 1846 τούτοις·
3288 1778 3704 1847 συγγίνεσθαι.

2328 1876 2425 1927 ’Δεῖ
2450 1874 2506 1927 δὲ
2543 1873 2763 1935 εἰδέναι,
2790 1873 2861 1935 ὡς
2889 1873 3009 1925 λίαν
3051 1873 3155 1924 eisi
3190 1871 3475 1940 περίεργοι
3519 1867 3740 1921 ἀκούειν
3780 1884 3844 1922 τι

2267 1967 2374 2021 τῶν
2419 1966 2515 2036 τῆς
2560 1967 2829 2036 ἡμετέρας
2866 1965 3124 2028 πίστεως,
3167 1964 3263 2017 καὶ
3318 1962 3553 2033 μάλιστα
3597 1957 3727 2027 περί
3773 1975 3840 2012 τε

2267 2061 2366 2128 τῆς
2393 2060 2544 2122 Θείας
2570 2059 2820 2130 Τριάδος,
2856 2059 2950 2110 καὶ
2981 2057 3082 2126 τῆς
3114 2055 3468 2128 σαρκώσεως.
3506 2054 3580 2106 Οὐ
3614 2051 3837 2121 βούλον-

2269 2167 2358 2203 ται
2401 2150 2583 2219 μέντοι
2632 2149 2840 2210 τούτοις
2894 2146 3194 2210 πιστεύειν,
3227 2143 3350 2199 οὔτε
3390 2145 3646 2198 δύνανται
3671 2143 3848 2197 ταῦτα

2269 2245 2432 2306 νοεῖν,
2467 2243 2542 2306 ὡς
2565 2241 2629 2295 ἂν
2661 2242 2752 2294 τὸν
2780 2241 3050 2313 ἡμέτερον
3095 2238 3512 2308 ὑπερϐαίνοντα“
3528 2235 3709 2302 λόγον,
3743 2247 3848 2312 και

2269 2335 2508 2390 νικῶντα
2555 2335 2648 2388 τδν
2696 2334 2854 2388 νοῦν·
2911 2334 3131 2402 λέγεται
3177 2333 3288 2402 γὰρ
3348 2332 3406 2384 ὲν
3458 2329 3534 2400 τῷ
3604 2328 3846 2395 Ἠσαῖᾳο

2276 2447 2295 2480 ι
2351 2426 2475 2480 Ἐἀν
2501 2427 2575 2498 μὴ
2617 2425 2968 2496 πιστεύσητε,
2998 2424 3059 2477 οὐ
3087 2424 3161 2494 μὴ
3211 2421 3412 2492 συνῆτε
3437 2438 3452 2453 ·
3485 2440 3506 2472 ι
3544 2420 3641 2474 καὶ
3667 2419 3753 2472 sta
3779 2419 3846 2472 τὸ

2271 2518 2488 2572 ὲναντία
2531 2514 2672 2570 εἶναι
2700 2517 2779 2587 τῷ
2818 2516 3178 2588 Ἀλκοράνῳ,
3236 2514 3376 2585 ὅπερ
3428 2511 3848 2583 ἀναντιρρήτως

2272 2600 2417 2660 οὗτοι
2447 2605 2566 2659 θεῖα
2597 2602 2739 2660 εἶναι
2767 2605 2924 2673 λόγια
2973 2603 3364 2659 ὑποτίθενται·
3407 2602 3490 2657 διὸ
3529 2602 3599 2657 τὰ
3631 2601 3754 2656 θεῖα
3778 2601 3845 2653 οὐ

2279 2699 2702 2772 παραδέχονται,
2743 2698 2882 2752 ἀλλὰ
2922 2696 3304 2766 καταγελῶσιν
3355 2696 3561 2750 αῦτῶν.
3609 2695 3848 2764 Λέγεται

2273 2793 2381 2863 γὰρ
2417 2794 2475 2846 ἐν
2521 2794 2645 2855 ταῖς
2693 2791 3047 2862 Παροιμίαις,
3089 2810 3109 2844 ι
3145 2790 3314 2862 Ἀνὴρ
3358 2788 3546 2859 ἄφρων
3576 2785 3634 2841 οὐ
3667 2801 3851 2856 παραυ

2274 2887 2489 2955 δέχεται
2517 2883 2708 2953 λόγους
2734 2886 2945 2953 σοφίας,
2977 2883 3114 2949 πλὴν
3149 2884 3197 2935 εί
3235 2882 3310 2952 μὴ
3345 2883 3526 2950 λέγεις
3571 2878 3738 2932 αὑτοῦ
3775 2876 3850 2930 τὰ

2276 2977 2505 3049 ἀρεστά.
2549 2995 2570 3029 r
2607 2973 2772 3030 Ὅθεν
2806 2975 2867 3027 οὖ
2899 2974 2983 3028 δεῖ
3021 2973 3232 3035 τούτοις
3279 2973 3438 3037 εὐθὺς
3491 2969 3728 3041 ἑξαρχῆς
3775 2969 3848 3023 τὰ

2280 3069 2402 3125 θεῖα
2469 3067 2832 3137 προὸἀλλειν,
2898 3066 3032 3137 μηδὲ
3096 3065 3409 3137 ἔμπροσθεν
3465 3064 3574 3118 τῶν
3645 3061 3848 3133 χοίρων

2280 3157 2597 3228 σκορπίζειν
2643 3160 2770 3222 τοὺς
2827 3158 3214 3228 μαργαρίτας*
3283 3156 3401 3211 ἀλλ’
3463 3156 3848 3227 ἐπιχειρητέον

2267 3251 2338 3303 ’ἐν
2365 3246 2603 3320 πρώτοις
2627 3249 2719 3302 τδν
2753 3248 2916 3319 νόμον
2950 3249 3134 3312 αὐτοῖς
3180 3249 3411 3318 μάταιον
3447 3249 3576 3303 ὄντα
3627 3245 3845 3301 δεικνύ-

2279 3358 2393 3394 ναι.
2423 3342 2496 3393 Οὐ
2529 3341 2637 3411 γὰρ
2682 3339 2763 3391 δεῖ
2803 3340 2902 3404 τὰς
2934 3340 3134 3409 ἀρετὰς
3171 3340 3564 3410 ἐγκεντρίζειν.
3597 3339 3672 3408 μὴ
3713 3339 3848 3405 πρός

2279 3450 2440 3504 τερον
2478 3432 2586 3485 τῶν
2627 3432 2818 3486 παθῶν
2862 3433 3173 3502 προρῤίζων
3216 3433 3650 3501 ἀνασπωμένων.
3679 3432 3770 3482 Δεῖ
3792 3430 3848 3482 δὲ

2282 3527 2379 3581 καὶ
2409 3527 2465 3578 ὲν
2496 3526 2630 3578 πᾶσι
2681 3526 2779 3595 τὴν
2809 3524 3066 3595 ἐπίτομον
3093 3525 3212 3578 ὁδὸν
3259 3525 3552 3596 αἱρεῖσθαι.
3591 3525 3748 3597 Ῥᾷον
3788 3522 3848 3601 δέ

2283 3621 2397 3673 ἐστι
2435 3621 2532 3690 τὴν
2562 3619 2786 3672 ἐκείνων
2817 3621 2998 3672 πίστιν
3033 3617 3245 3688 φαύλην
3278 3615 3686 3680 ἀποδεικνύναι,
3708 3616 3850 3686 ἥπερ

2283 3713 2457 3782 ἀληθῆ
2508 3713 2606 3779 τὴν
2656 3711 2930 3782 ἡμετέραν
2975 3709 3379 3764 ἀποδεικνύναι.
3419 3709 3484 3762 Ἦ
3526 3709 3633 3778 γὰρ
3671 3708 3853 3770 πίστις

2283 3807 2392 3858 τῶν
2428 3805 2500 3875 μὴ
2545 3805 2888 3874 βλεπομένων
2920 3798 3073 3868 οὖσα,
3109 3804 3280 3872 δῶρον
3326 3802 3444 3870 ἐστὶ
3494 3800 3654 3854 Θεοῦ.
3689 3800 3848 3854 'O'Jev

2286 3901 2318 3970 ἡ
2355 3899 2452 3968 μὲν
2484 3898 2725 3967 ἡμετέρα
2765 3898 2968 3961 πίστις,
3002 3895 3206 3966 σφόδρα
3240 3895 3383 3949 κατά
3427 3895 3496 3948 τὰ
3545 3895 3849 3963 πράγματα

2286 3991 2489 4060 ἀληθὴς
2535 3987 2690 4054 οὖσα,
2734 3990 2792 4042 ού
2843 3991 2990 4041 δοκεῖ
3035 3990 3145 4049 τοῖς
3180 3989 3704 4058 σωματικωτέροις’
3737 3988 3768 4054 ἡ
3807 3985 3854 4037 δ’

2287 4084 2512 4135 ἐκείνων
2567 4084 2724 4152 μόνον
2774 4081 3028 4146 δοκοῦσα,
3061 4079 3160 4152 οῦκ
3191 4081 3300 4145 ἀπὸ
3345 4079 3455 4134 τῶν
3509 4079 3851 4151 πραγμάτων

2286 4175 2511 4241 τοιαύτη
2535 4175 2701 4227 δοκεῖ.
2744 4173 2884 4226 Ἀλλ’
2919 4174 2966 4226 εἰ
2997 4173 3092 4224 καὶ
3127 4171 3202 4243 μὴ
3225 4175 3518 4244 πρόσεισιν
3554 4171 3856 4236 ἀποδείξεις

2290 4265 2680 4321 ἀποδεικνῦσαι
2709 4264 2777 4318 τὰ
2821 4267 2916 4336 τῆς
2962 4264 3112 4324 θείας
3150 4264 3379 4334 Τριὰδος
3431 4263 3528 4318 καὶ
3559 4263 3728 4318 τᾶλλα
3756 4265 3854 4317 ὅσα

2289 4359 2385 4428 τῆς
2419 4359 2651 4419 πίστεως
2676 4355 2839 4424 (οὕτω
2868 4357 2975 4433 γὲδο
3001 4353 3128 4408 οὔτε
3163 4356 3342 4417 πίστις
3367 4349 3456 4426 ἦν,
3482 4355 3609 4409 οὔτε
3642 4355 3856 4426 μισθῶν

615 4442 884 4497 habemus
932 4454 1114 4500 tamen
1171 4444 1540 4512 evangelicum
1583 4446 1989 4509 auctoritatem,
2019 4461 2176 4515 quam

2291 4448 2458 4518 ἀξία),
2491 4448 2686 4517 ἔχομεν
2723 4449 2909 4515 μέντοι
2942 4447 3040 4516 τὴν
3084 4447 3448 4518 εύαγγελικὴν
3475 4442 3850 4526 αὑθεντίαν,ιῇ

612 4536 781 4590 etiam
821 4536 1147 4590 Alcoranum
1181 4545 1411 4590 testatur
1447 4553 1460 4588 :
1496 4537 1623 4589 item
1672 4546 1726 4589 et
1755 4537 2035 4598 miracula,
2059 4552 2182 4590 cum

613 4625 690 4679 illi
715 4640 813 4679 nec
839 4628 1192 4681 auctoritates
1218 4643 1320 4680 nec
1350 4628 1602 4680 miracula
1625 4627 1884 4681 habeant.
1903 4628 2011 4683 Etsi
2043 4629 2188 4682 enim

614 4716 942 4771 Alcoranum
959 4717 1026 4770 de
1040 4716 1299 4786 Deodieit
1321 4716 1425 4776 :Ne
1441 4717 1637 4771 dicatis
1655 4730 1765 4773 tres
1777 4719 1929 4784 deos;
1948 4731 2001 4772 et
2018 4720 2195 4774 reddit

618 4810 886 4865 rationem
926 4809 1111 4865 statim
1148 4810 1358 4876 dicens,
1393 4810 1537 4876 quod
1553 4812 1623 4864 sit
1649 4826 1809 4865 unus.
1835 4810 1939 4865 Sed
1965 4826 2064 4864 nos
2088 4827 2194 4868 nou

619 4902 1130 4972 hujuseontrarium
1149 4903 1501 4967 dicimus,sed
1522 4903 1682 4957 simul
1706 4909 1815 4957 haec
1842 4903 2196 4968 aﬂirmamus,

617 4992 674 5046 iu
698 4992 897 5063 quibus
913 4993 1048 5048 dicit
1067 5010 1233 5048 unum
1263 5010 1384 5051 esse
1412 4996 1604 5060 Deum,
1628 5010 1788 5063 quem
1818 4995 2054 5049 dicimus
2080 5011 2186 5049 non

620 5087 796 5142 solum
827 5104 996 5142 unum
1024 5102 1163 5151 esse,
1188 5089 1274 5141 -εριί
1295 5089 1458 5143 etiam
1489 5089 1974 5158 simplicissimum.
2007 5088 2190 5158 Neque

619 5179 672 5236 ei
693 5191 1004 5236 consortem
1036 5181 1326 5249 quemdam
1354 5184 1570 5246 damus,
1596 5192 1651 5236 et
1675 5183 1832 5236 simul
1851 5182 2191 5251 participem,

625 5276 772 5330 sicut
822 5274 949 5344 ipsi,
993 5276 1229 5329 animam
1267 5275 1480 5340 mundi,
1505 5276 1592 5330 vel
1633 5275 1887 5339 verbum,
1913 5275 1999 5329 vel
2027 5274 2194 5343 spiri-

556 5368 559 5372 ’
622 5380 761 5432 tum,
796 5366 882 5420 vel
935 5366 1181 5420 divinum
1210 5369 1502 5437 quenulam
1560 5367 1899 5422 intellectum
1940 5375 2196 5435 tanquam

624 5476 844 5515 servum
883 5477 949 5517 ex
977 5462 1139 5516 dictis
1173 5462 1332 5516 nobis
1373 5461 1648 5529 superius.
1696 5461 1812 5515 Non
1847 5469 2062 5530 oportet
2101 5476 2201 5514 au-

623 5564 735 5609 tem
777 5555 1018 5609 humano
1049 5555 1346 5609 intellectui
1377 5554 1667 5625 adaequare
1693 5553 1931 5608 divinam
1956 5553 2206 5624 majesta-

644 5694 649 5699 ·
696 5713 720 5748 ⁸
746 5713 852 5770 Isa.
886 5728 957 5779 τι,
986 5711 1044 5768 9.

2291 4543 2386 4594 καὶ
2432 4543 2492 4594 τὸ
2550 4541 2871 4610 Ἀλκοράνον
2923 4541 3353 4610 συμμαρτυρεῖο
3404 4539 3486 4593 ἔτι
3537 4556 3596 4594 τε
3646 4543 3740 4593 καὶ
3789 4541 3854 4595 τὰ

2293 4631 2544 4700 θαύματα
2582 4632 2806 4685 ἐκείνων
2850 4631 2988 4701 μήτε
3020 4629 3192 4683 ταῦτα
3230 4629 3368 4700 μήτε
3398 4631 3679 4702 γραφικὴν
3713 4647 3853 4700 μαρ·

2292 4725 2487 4794 τυρίαν
2543 4723 2798 4790 ἐχόντων.
2826 4723 2885 4774 Εἰ
2925 4721 3034 4791 γὰρ
3087 4720 3183 4774 καὶ
3243 4720 3301 4772 τὸ
3349 4719 3678 4790 Ἀλκοράνον
3723 4721 3853 4787 φησι

2296 4816 2426 4886 περὶ
2454 4812 2547 4866 τοῦ
2586 4813 2744 4878 Θεοῦ,
2776 4811 2861 4882 Μὴ
2898 4813 3084 4879 λέγετε
3131 4813 3282 4880 τρεῖς
3334 4810 3514 4874 θεοὺς,
3545 4811 3642 4863 καὶ
3675 4810 3856 4864 ἀποδί-

2295 4910 2426 4962 δωσι
2461 4909 2550 4961 τὸν
2583 4906 2740 4972 λόγον
2787 4905 2985 4958 αὐτίκα
3032 4904 3227 4970 λέγων,
3261 4901 3337 4967 ὡς
3375 4903 3458 4974 εἴη
3519 4903 3679 4972 μόνος
3719 4898 3796 4964 εἷς
3829 4903 3857 4956 ὁ
3905 4925 3908 4928 ’

2295 5001 2468 5062 Θεόςο
2517 4999 2630 5051 ἀλλ’
2688 4998 2847 5067 ἡμεῖς
2905 4997 2964 5049 ού
3020 4994 3212 5048 τούτου
3267 4993 3580 5050 τούναντίον
3644 4994 3854 5063 φαμὲν,

2299 5091 2434 5147 ἀλλὰ
2493 5090 3003 5160 συγκατατιθέμεθα
3054 5089 3288 5152 τούτοις,
3319 5089 3377 5142 ὲν
3432 5081 3511 5150 οἷς
3565 5102 3735 5156 φασιν
3764 5086 3854 5138 ἕνα

2300 5179 2440 5236 εἶναι
2471 5181 2627 5246 Θεὸν,
2658 5181 2716 5235 ὃν
2744 5180 2924 5249 φαμὲν
2960 5180 3019 5231 οὗ
3076 5179 3237 5249 μόνον
3265 5178 3363 5232 ἕνα
3392 5173 3553 5241 εἶναι,
3582 5176 3720 5232 ἀλλὰ
3766 5177 3856 5228 καὶ

2295 5272 2688 5330 ἁπλούστατον.
2737 5268 2865 5322 0³5τ⁹
2919 5269 3068 5340 αὑτῷ
3119 5269 3378 5322 κοινωνόν
3429 5285 3553 5321 τινα
3611 5267 3857 5335 διδόαμεν

2298 5368 2391 5418 καὶ
2451 5363 2816 5432 συμμέτοχον,
2847 5360 3037 5432 ῶσπερ
3081 5360 3239 5414 αὐτοὶ
3293 5359 3395 5431 τὴν
3445 5358 3721 5430 ψυχὴν,ἢ
3773 5355 3860 5410 τὸν

2299 5459 2479 5526 λόγον,
2510 5457 2543 5525 ἢ
2577 5458 2639 5508 τὸ
2673 5453 2910 5518 πνεῦμα,
2942 5453 2977 5524 ἦ
3017 5453 3158 5506 θεῖόν
3182 5470 3303 5506 τινα
3357 5452 3507 5515 νοῦν,
3531 5452 3609 5514 ὡς
3651 5449 3856 5516 δοῦλον,

2303 5556 2365 5605 ἐκ
2420 5551 2526 5604 τῶν
2576 5550 2711 5620 ἡμῖν
2771 5546 3028 5618 ἀνωτέρω
3084 5544 3390 5619 ῥηθέντων..
3416 5547 3516 5628 οὐ⁵
3543 5544 3626 5598 δεῖ
3674 5544 3732 5598 δὲ
3786 5543 3858 5614 τῷ
