4100 6296
219 411 357 477 1065

1426 406 1724 469 CONTRA
1766 403 2269 467 ΜΑΗΟΜΕΤΕΜ.

3328 398 3465 465 1066

208 525 502 577 ὑπόλοιπον
534 522 641 577 πᾶν
673 520 1203 594 καταλογισθήσεται
1253 520 1329 592 τῷ
1370 522 1526 590 πυρί.
1564 522 1717 591 Αὕτη
1751 522 1781 592 η

1888 519 2041 573 Hanc
2073 515 2404 573 sententiam
2438 510 2779 568 verissimam
2829 525 2949 566 esse
2980 506 3168 576 credo,
3197 518 3251 566 et
3311 509 3356 565 si
3392 511 3462 566 ab

205 617 482 686 ἀπόφασις
515 617 659 670 οὕτω
710 618 907 688 κρατεῖ
939 616 1070 690 παρ’
1110 617 1318 683 αὐτοῖς,
1370 613 1511 670 ὥστε
1573 615 1780 686 μηδένα

211 711 347 778 μήτε
383 709 544 779 σοφὸν
579 711 716 781 μήτε
749 708 976 779 ἀνόητον
1024 711 1227 781 ταύτην
1260 709 1565 780 φαυλίζειν,
1612 708 1780 778 ’Ἄλλη

206 802 339 872 περὶ
369 800 465 855 τοῦ
495 801 663 855 αὐτοῦ
700 800 904 871 ὁμοίως
947 801 1225 870 ἀπόφασίς
1256 802 1406 855 ἐστιν
1431 804 1489 854 ὲν
1537 800 1615 871 τῷ
1656 801 1778 853 Ἀλο

205 894 446 965 κοράνῳ,
470 896 528 947 ὲν
558 893 635 962 τῷ
664 894 952 965 κεφαλαίῳ
978 893 1057 965 τῷ
1078 893 1326 965 Μαριὴλ,
1363 894 1391 948 δ
1419 894 1780 966 ἑρμηνεύεται

206 986 422 1055 Μαρία,
457 985 693 1077 λέἴουσα
723 986 937 1050 πάντας
972 987 1054 1049 είς
1088 986 1181 1041 τὸν
1214 986 1347 1057 ᾅδην
1378 984 1780 1041 ἀπελεύσεσθαι

205 1079 331 1143 τοὺς
357 1074 765 1150 ΣαριΜκηνούς.
795 1076 1015 1149 Ταύτην
1050 1075 1148 1148 τὴν
1179 1077 1453 1145 ἀπόφασιν
1487 1074 1785 1144 ἀληθεστά-

207 1190 308 1241 την
328 1168 471 1226 εἶναι
491 1172 751 1234 πιστεύω,
779 1170 828 1223 εί
859 1170 953 1224 καὶ
977 1171 1128 1241 παρὰ
1161 1170 1431 1242 στόματος
1456 1168 1581 1223 καθ’
1609 1169 1783 1231 ὑπερ-

208 1265 373 1337 δολὴν
426 1263 657 1334 ψευδοῦς
695 1265 1115 1335 προενήνεκται.
1152 1264 1267 1317 Κάν
1314 1262 1488 1333 τούτῳ
1521 1264 1549 1316 ὁ
1580 1261 1784 1333 ψευδὴς

207 1358 497 1428 προφήτης
548 1358 607 1410 ὲν
651 1359 715 1429 τῇ
753 1355 947 1430 πρώτῃ
985 1356 1215 1429 ἀληθείᾳ
1264 1357 1502 1427 συνᾴδει,
1531 1354 1779 1427 είπούσῃ,

214 1468 232 1501 ι
267 1450 569 1523 Πλατεῖαῆ
621 1450 741 1514 ὁδὸς
788 1452 821 1521 ἡ
873 1450 1164 1519 ἀπάγουσα
1218 1452 1302 1514 εἰς
1330 1449 1429 1520 τὴν
1479 1448 1781 1512 ἀπώλειαν,

210 1543 304 1594 καὶ
339 1542 522 1595 πολλοὶ
558 1543 698 1598 είσιν
731 1544 779 1597 oi
810 1543 1183 1614 εἰσερχόμενοι
1216 1543 1285 1595 δι’
1318 1541 1511 1609 αὐτῆς.
1551 1560 1569 1593 ι
1636 1541 1785 1611 ’Δρι-

206 1629 381 1699 δήλως
400 1630 584 1684 τοίνυν
605 1632 669 1685 ἐκ
688 1632 796 1685 τῶν
820 1632 1235 1702 προειρημένων
1260 1630 1544 1701 συμϐαίνει
1570 1632 1659 1683 τὸν
1676 1631 1783 1682 τῶν

208 1717 583 1788 Σαρρακηνῶν
619 1718 785 1788 νόμον
816 1714 957 1772 εἶναι
988 1718 1219 1783 πλατὺν,
1250 1719 1346 1769 καὶ
1377 1717 1607 1780 πολλοὺς
1641 1714 1783 1771 εἶναι

207 1806 318 1858 τῶν
348 1806 720 1876 Σαρρακηνῶν
769 1807 895 1871 τοὺς
924 1806 994 1861 δι’
1020 1805 1187 1861 αὑτοῦ
1235 1807 1524 1871 είσιόντας,
1573 1807 1669 1860 καὶ
1703 1809 1783 1871 εἰς

1889 625 1988 665 ore
2016 608 2317 663 secundum
2344 620 2652 662 ,exccssum
2683 603 2955 660 mendacii
2996 613 3123 661 ante
3162 602 3321 657 allata
3352 608 3461 659 est.

1891 704 1959 759 Et
1983 703 2035 757 in
2077 703 2182 757 hoc
2211 700 2380 756 falsus
2409 699 2676 769 pmphcta
2702 714 2825 754 cum
2857 699 3033 768 prima
3070 696 3297 768 veritate
3329 705 3463 751 con-

1892 795 2059 858 venit,
2082 810 2203 864 qua:
2238 792 2373 845 dicit
2401 808 2414 844 :
2445 809 2463 841 ι
2498 789 2629 844 Lata
2653 796 2738 843 est
2766 789 2849 843 via
2876 804 2997 860 qna:
3020 788 3172 843 ducit
3198 790 3253 842 in
3281 789 3471 858 per-tli-

1890 886 2190 947 tion_em,ct
2212 882 2366 938 mulli
2396 890 2523 938 sunt
2551 880 2642 952 qui
2664 880 3048 951 ingrediuntur
3078 896 3175 948 per
3205 896 3324 936 cam
3346 883 3409 934 ¹².
3440 902 3459 932 ι

1893 978 2177 1035 Manifeste
2201 976 2366 1046 igitur
2390 990 2456 1030 ex
2481 972 2753 1044 praedictis
2766 972 3041 1035 convenit,
3064 972 3463 1026 Saracenorum

1888 1069 2059 1139 legem
2080 1070 2243 1124 latam
2263 1082 2404 1135 esse,
2421 1082 2477 1124 ct
2492 1067 2689 1121 multos
2707 1078 2827 1120 esse
2845 1062 3240 1118 Saracenorum
3260 1062 3349 1132 qui
3370 1078 3467 1130 per

1890 1178 2009 1218 eam
2045 1161 2446 1231 ingrediuntur,
2472 1166 2526 1213 et
2555 1160 2608 1211 in
2636 1156 2905 1211 infernum
2930 1162 3236 1209 transeunt.
3265 1153 3333 1207 Et
3362 1151 3467 1207 hoc

1890 1270 1999 1309 non
2028 1269 2094 1306 ex
2126 1267 2221 1306 ore
2235 1252 2411 1307 solum
2444 1249 2689 1306 veritatis
2735 1248 3108 1311 manifestum,
3141 1244 3236 1300 sed
3274 1261 3337 1300 ex
3376 1260 3470 1298 ore

1890 1335 2432 1417 prophetaequiapud
2449 1342 2803 1399 eosest.ltem
2838 1340 3162 1395 Alcoranum
3197 1353 3304 1391 non
3337 1352 3471 1393 con-

1889 1433 2492 1508 venitcumlegebloysi
2546 1435 2599 1488 in
2639 1433 2928 1499 mandatis,
2947 1442 3001 1486 et
3038 1431 3088 1485 in
3134 1429 3333 1502 quibus
3368 1444 3473 1487 nos

1890 1532 2104 1585 avertit.
2127 1530 2234 1584 Lex
2273 1528 2421 1583 enim
2462 1528 2557 1582 Dei
2621 1526 2876 1597 prohibet
2923 1526 3123 1579 caedem
3152 1566 3168 1589 ,
3203 1526 3468 1593 rapinam,

1890 1624 2388 1693 concupiscentiam
2410 1636 2627 1676 omnem
2645 1639 2659 1685 ;
2676 1620 3001 1675 Alcorannm
3026 1627 3206 1672 autem
3223 1615 3472 1689 vcljubet

1892 1714 2035 1780 ﬁeri,
2055 1716 2137 1770 vel
2172 1714 2459 1785 permittit.
2486 1713 2621 1768 item
2650 1728 2829 1783 neque
2856 1710 2911 1766 in
2944 1710 3166 1782 judiciis
3187 1709 3469 1765 convenit.

1892 1808 2057 1879 Moysi
2091 1808 2237 1861 enim
2305 1806 2388 1861 lex
2418 1816 2476 1860 et
2532 1805 2888 1874 Evangelium
2928 1803 3087 1867 dicit,
3128 1802 3338 1856 nullum
3376 1801 3472 1855 deo

204 1902 298 1950 τὸν
322 1896 455 1969 ᾅδην
486 1898 943 1970 κατερχομένους.
979 1899 1090 1952 Καὶ
1118 1897 1276 1951 τοῦτο
1308 1898 1406 1952 οὐκ
1445 1900 1513 1951 ἐκ
1542 1896 1637 1951 τοῦ
1665 1897 1781 1950 στό-

1895 1900 2027 1956 bere
2061 1916 2170 1955 uno
2226 1908 2459 1955 testante
2492 1897 2884 1959 comdemnari,
2916 1895 3025 1951 sed
3047 1894 3101 1949 in
3150 1910 3245 1949 ore
3302 1895 3465 1948 trium

209 2008 381 2059 ματος
416 1991 580 2062 μόνον
611 1991 714 2061 τῆς
765 1990 1027 2060 ἀληθείας
1080 1990 1262 2063 δῆλον,
1294 1991 1431 2045 ἀλλὰ
1475 1991 1568 2045 καὶ
1601 1992 1665 2043 ὲκ
1691 1988 1786 2043 τοῦ

206 2083 477 2153 στόματος
503 2082 595 2137 τοῦ
633 2084 766 2153 παρ’
794 2086 979 2147 αὐτοῖς
1010 2084 1315 2154 προφήτου.
1350 2084 1470 2136 Ἔτι
1501 2082 1561 2135 τὸ
1595 2081 1783 2135 Ἀλκο-

207 2176 375 2244 ράνον
408 2175 469 2227 οὐ
499 2177 786 2245 συμφωνεῖ
814 2174 891 2246 τῷ
919 2174 1014 2229 τοῦ
1043 2174 1180 2228 Θεοῦ
1207 2175 1359 2245 νόμῳ
1381 2172 1438 2226 ἐν
1469 2190 1529 2226 τε
1558 2175 1676 2235 ταῖς
1706 2174 1791 2226 ὲν-

204 2266 412 2335 τολαῖς,
448 2268 545 2321 καὶ
601 2261 685 2332 οἷς
722 2262 1059 2338 ἀποτρέπει.
1108 2267 1169 2321 '0
1204 2266 1304 2338 μὶν
1358 2266 1467 2338 γὰρ
1520 2265 1615 2319 τοῦ
1650 2262 1785 2317 Θεοῦ

204 2362 371 2430 νόμος
400 2361 597 2415 κωλύει
630 2363 812 2432 φόνον,
848 2362 1129 2432 ἁρπαγὴν,
1170 2361 1489 2431 ἐπιθυμίαν,
1526 2358 1562 2415 ἃ
1598 2362 1779 2413 πάντα

205 2451 268 2507 τὸ
298 2451 622 2524 Ἀλκοράνον
652 2454 685 2524 ἢ
714 2453 925 2507 κελεύει
945 2454 1213 2521 γίνεσθαι,
1244 2452 1275 2524 ἢ
1313 2454 1606 2521 συγχωρεῖ.
1658 2451 1787 2504 Ἔτι

205 2544 329 2598 οὐδὲ
359 2545 419 2597 ὲν
439 2546 562 2609 ταῖς
586 2544 762 2608 δίκαις
786 2547 1026 2617 συνᾴδει.
1065 2544 1122 2599 ὐ
1150 2545 1251 2617 μὲν
1279 2544 1387 2616 γὰρ
1419 2543 1512 2599 τοῦ
1540 2545 1783 2607 Μωσέως

206 2637 392 2708 νόμος,
433 2637 614 2691 καὶτὸ
661 2638 992 2706 meamne;
1044 2655 1178 2709 φησι
1235 2638 1440 2709 μηδένα
1490 2635 1787 2690 καταδικά-

206 2728 420 2793 ζεσθαι,
468 2730 878 2802 μαρτυροῦντος
919 2730 1061 2796 ἑνὸς,
1095 2730 1213 2785 ἀλλ’
1244 2731 1338 2783 ἐπὶ
1385 2728 1653 2799 στόματος
1697 2728 1791 2781 δύο

208 2821 509 2892 μαρτύρων
540 2824 574 2893 ἦ
610 2821 803 2892 τριῶνο
835 2823 904 2876 τὰ
935 2822 980 2875 δ’
1010 2822 1230 2877 ἐναντία
1255 2821 1461 2876 τούτων
1502 2823 1788 2894 εὑρίσκον-

202 2928 297 2965 ται
322 2916 381 2966 ὲν
406 2913 486 2984 τῷ
507 2914 791 2985 κεφαλαίῳ
814 2915 892 2984 τῷ
926 2916 1172 2986 Ἐλνοὺρ,
1198 2915 1227 2968 δ
1256 2916 1619 2986 ἑρμηνεύεται
1641 2914 1786 2985 φῶς,

204 3003 339 3057 ὅπου
365 3004 426 3058 τὸ
452 3006 551 3075 μὲν
578 3007 911 3075 ἀναγκάζειν
934 3007 1105 3070 αὑτὰς
1126 3007 1428 3064 ἀπολλύναι
1458 3008 1553 3079 τὴν
1577 3025 1788 3077 σωφρο-

1892 1996 1978 2050 vel
2010 1993 2246 2049 duorum
2296 1994 2511 2047 testium
2548 1999 2655 2045 stat
2710 2005 2869 2044 omne
2899 1988 3144 2043 verbum.
3183 1986 3472 2042 Contraria

1895 2098 2079 2143 autent
2104 2092 2296 2142 horum
2324 2086 2683 2140 inveniuntur
2741 2083 2793 2137 in
2830 2082 3070 2152 capitulo
3098 2081 3289 2144 Elmir,
3323 2079 3471 2149 quod

1895 2181 2291 2251 interpretatur
2331 2179 2443 2243 lux,
2485 2177 2579 2232 ubi
2635 2176 2957 2247 prohibetur
3017 2190 3086 2229 ne
3140 2173 3472 2244 compellant

1895 2288 1990 2329 eas
2046 2272 2359 2326 castitatem
2425 2270 2728 2333 dimittere,
2784 2283 2909 2325 cum
2995 2266 3473 2323 consentientibus

1899 2376 2080 2420 autem
2139 2379 2332 2418 secure
2390 2363 2645 2418 similiter
2672 2361 2916 2417 dormire
2945 2359 3101 2417 dicit.
3142 2358 3255 2413 lloc
3282 2366 3467 2412 autem

1896 2458 2075 2528 ipsum
2107 2456 2458 2511 manifestum
2513 2465 2599 2509 est
2638 2454 2693 2509 in
2754 2454 2996 2525 capitulo
3049 2451 3332 2515 Eiminim,
3372 2449 3469 2505 ubi

1896 2549 2167 2619 permittit
2195 2563 2320 2601 cum
2354 2546 2594 2617 propriis
2649 2546 2935 2613 uxoribus,
2985 2554 3041 2599 et
3092 2559 3216 2599 cum
3265 2542 3472 2612 quibus

1896 2643 2023 2712 quis
2053 2641 2109 2696 in
2163 2640 2308 2695 bello
2357 2655 2553 2710 capere
2585 2648 2773 2709 posset
2828 2637 3073 2692 misceri.
3121 2633 3469 2690 Manifestum

1897 2734 2065 2805 igitur
2088 2732 2344 2789 Alcorani
2383 2733 2556 2802 legem
2602 2747 2711 2786 non
2742 2746 2864 2787 esse
2900 2730 3076 2799 legem
3141 2727 3257 2795 Dei,
3285 2741 3471 2797 neque

1896 2840 1927 2880 ε
1956 2826 2064 2880 Deo
2078 2841 2222 2891 esse,
2242 2826 2350 2881 nisi
2370 2827 2511 2880 forte
2529 2841 2627 2896 per
2647 2824 3087 2894 permissionem,
3110 2821 3252 2875 sicut
3271 2827 3328 2874 et
3342 2817 3469 2872 alia.

1896 2914 2091 2970 Diﬂ‘ert
2116 2914 2262 2969 enim
2293 2914 2360 2968 ab
2390 2914 2483 2969 illa
2513 2924 2570 2970 et
2598 2914 2903 2971 secundum
2957 2913 3321 2968 intentionem
3344 2908 3467 2974 Dei,

1894 3008 1989 3077 qui
2022 3006 2254 3061 salutem
2286 3006 2571 3062 hominum
2603 3006 2901 3062 desiderat.

212 3099 383 3171 σύνην
411 3100 704 3167 κωλύεται,
739 3103 1165 3174 συμφωνούσαις
1208 3104 1265 3159 δὲ
1303 3103 1563 3175 ἀσφαλῶς
1596 3101 1992 3172 συγκαθεύδειν
2020 3102 2183 3173 φησί.
2221 3100 2295 3155 Τὸ
2324 3100 2372 3155 δ’
2400 3100 2533 3155 αὐτὸ
2562 3099 2723 3168 δῆλον
2786 3101 2883 3155 καὶ
2944 3098 3005 3151 ιν
3067 3096 3148 3168 τῷ
3183 3097 3471 3167 κεφαλαίῳ

204 3192 287 3265 τῷ
330 3195 733 3269 Ἐλμουμηνὶμ,
764 3198 900 3251 ὅπου
932 3198 1212 3268 συγχωρεῖ
1235 3197 1377 3269 μετὰ
1406 3214 1466 3250 τε
1495 3199 1607 3251 τῶν
1639 3196 1787 3251 ίδίων
1823 3196 2122 3266 γυναικῶν,
2155 3195 2255 3251 καὶ
2273 3188 2349 3250 ὧν
2371 3197 2438 3251 ἀν
2465 3211 2549 3257 τις
2575 3196 2633 3247 ἐν
2664 3192 2886 3263 πολέμῳ
2949 3192 3090 3266 λάϐῃ
3151 3190 3466 3265 μίγνυσθαι.

203 3290 449 3360 Φανερδν
480 3290 663 3347 τοίνυν
691 3291 784 3347 τὸν
814 3289 911 3346 τοῦ
960 3291 1290 3365 Ἀλκοράνου
1334 3292 1500 3358 νόμον
1539 3290 1615 3363 μὴ
1642 3286 1786 3347 εἶναι
1820 3291 1985 3361 νόμον
2014 3289 2175 3356 Θεοῦ,
2216 3291 2355 3361 μήτε
2385 3288 2538 3360 παρά
2563 3286 2718 3367 ΘεοῦΔ
2737 3284 2904 3355 εῖναι,
2965 3288 3018 3341 εί
3085 3287 3159 3356 μή
3188 3302 3292 3341 που
3321 3290 3471 3367 κατὰ

204 3382 584 3455 συγχώρησιν,
628 3383 818 3455 ὥσπερ
846 3383 943 3441 καὶ
992 3362 1136 3441 ἀλλα*
1160 3387 1330 3441 κακά.
1374 3362 1655 3455 Διαφέρει-
1677 3384 1789 3455 γὰρ
1828 3383 2038 3438 ἐκείνου
2092 3382 2189 3438 καὶ
2222 3382 2365 3437 κατά
2392 3382 2486 3438 τὸν
2516 3362 2719 3436 σκοπὸν
2781 3379 2875 3435 τοῦ
2942 3376 3103 3449 Θεοῦ,
3136 3378 3195 3445 δς
3227 3373 3328 3451 τήν
3358 3362 3468 3437 τῶν

201 3471 511 3544 ἀνθρώπων
549 3470 807 3545 βούλεται
841 3472 1139 3546 σωτηρίαν.
1242 3485 1246 3488 ‘

202 3590 299 3678 (ζ’.
325 3586 581 3678 νοτιέςόι
604 3587 977 3678 ’ᾼλκορρἴν
1008 3589 1320 3678 ὀὑκ-ἐστι
1368 3594 1557 3678 τ’ρμος
1611 3594 1780 3661 Θεοῦ,

1927 3591 2011 3647 Vl.
2056 3592 2209 3660 Quod
2236 3593 2789 3678 Alcorlnnunt'nmtest
2820 3596 2902 3678 (ex
2932 3591 3051 3678 ρεξ,
3085 3592 3339 3664 quoniam
3370 3594 3429 3648 in

449 3658 585 3714 ἐπεὶ
616 3659 688 3714 ἐν
714 3659 975 3726 πολλοῖς
996 3660 1188 3728 ἐαυτῷ
1214 3658 1536 3733 angnia.

275 3771 477 3828 Ἕκτον
510 3774 597 3829 δεῖ
638 3772 891 3847 θεωρεῖν,
926 3774 1004 3839 ὡς
1045 3776 1074 3829 δ
1116 3775 1210 3828 τοῦ
1255 3778 1588 3849 ’Δλκοράνου
1621 3778 1783 3849 νόμος

200 3867 264 3923 ού
292 3867 387 3921 τοῦ
413 3868 559 3921 θείου
588 3866 755 3938 νόμου
778 3866 940 3939 μόνον
968 3869 1289 3935 ἀποστατεῖ,
1315 3869 1431 3923 ἀλλ’
1453 3871 1575 3925 οὐδὲ
1604 3870 1784 3942 ἑαυτῷ

202 3957 517 4029 συμϐαίνει.
582 3959 693 4013 Καὶ
721 3960 882 4012 τοῦτο
932 3960 1016 4013 ὅτι
1054 3962 1225 4015 κακόν
1276 3962 1414 4028 ἐστι,
1471 3968 1568 4018 καὶ
1620 3962 1783 4027 αὐτὸς

202 4052 571 4120 ἀποφαίνεται
606 4053 635 4105 ὁ
670 4051 938 4122 Μωάμεθ.
973 4036 1113 4125 Φησὶ
1139 4054 1263 4125 ίγάρ
1291 4055 1349 4107 ἐν
1385 4055 1461 4125 τῷ
1502 4056 1782 4127 κεφαλαίῳ

202 4144 280 4214 τῷ
309 4144 559 4210 Ἐλνεσᾶ,
591 4144 619 4199 δ
655 4145 1023 4217 ἑρμηνεύεται
1056 4146 1337 4218 γυναῖκες
1361 4189 1376 4215 ,
1414 4149 1471 4201 Εἰ
1514 4149 1593 4220 μὴ
1631 4152 1784 4221 παρά

207 4237 344 4291 Θεοῦ
372 4233 442 4310 ἦν
478 4236 637 4292 τοῦτο
673 4239 734 4293 τὸ
772 4238 1125 4311 Ἀλκοράνον,
1160 4241 1350 4294 πολλαὶ
1408 4242 1781 4313 ἐναντιότητες

206 4331 525 4401 εὑρίσκοντο
556 4332 623 4387 ἂν
656 4333 715 4387 ὲν
752 4332 926 4403 αὐτῷ.
970 4333 1137 4389 Ἀλλά
1173 4334 1282 4407 μὴν
1313 4334 1503 4391 πολλαὶ
1543 4338 1600 4390 ἐν
1630 4338 1780 4409 αὐτῷ

208 4424 582 4497 ἐναντιότητες
619 4429 713 4479 καὶ
740 4425 1060 4496 ἀντιφάσεις
1100 4428 1476 4498 εὑρίσκονται.
1520 4431 1634 4485 Καὶ
1669 4430 1780 4505 γὰρ

204 4518 371 4581 αὐτὸς
402 4519 461 4572 δν
496 4518 716 4584 πολλοῖς
753 4519 941 4584 τόποις
972 4520 1160 4591 φησὶν,
1190 4523 1273 4575 ὅτι
1302 4521 1330 4573 δ
1361 4520 1494 4585 Θεὸς
1531 4522 1629 4592 οὐχ
1650 4523 1781 4594 ὁδη-

205 4608 293 4676 γεῖ
317 4606 408 4661 τὸν
432 4606 785 4678 πλανώμενον
803 4624 819 4641 ·
848 4609 948 4663 καλ⁵
974 4611 1125 4681 ὅμως
1156 4610 1319 4675 αὐτὸς
1343 4610 1585 4667 διδάσκει
1613 4630 1781 4684 προσ-

204 4698 485 4770 εύχεσθαι,
516 4699 584 4756 ἵν’
610 4702 887 4771 δδηγοῖντο
930 4703 995 4757 ἑκ
1019 4702 1113 4757 τοῦ
1146 4703 1390 4769 σκότους·
1412 4706 1493 4768 είς
1538 4705 1598 4758 τὸ
1637 4707 1775 4777 φῶς,

202 4793 299 4846 καὶ
334 4795 399 4847 ἐκ
429 4791 534 4863 τῆς
575 4793 791 4858 ἀνοδίας
832 4796 914 4860 είς
938 4794 1036 4867 τὴν
1066 4795 1361 4868 εὐθύτητα.
1397 4799 1518 4852 Ἐτι
1551 4798 1609 4853 τέ
1642 4813 1777 4871 φησι

202 4885 333 4955 περὶ
357 4886 576 4952 ἑαυτοῦ,
607 4884 682 4951 ὡς
714 4888 923 4958 γένοιτο
954 4890 1190 4961 ὀρφανὸς
1220 4893 1277 4944 ἐν
1308 4890 1523 4965 πλάντγ
1557 4892 1778 4947 είδωλοι

2290 3664 2471 3718 multis
2504 3663 2704 3731 sibiipsi
2728 3663 3060 3720 contradicit.

1955 3779 2122 3833 Sexto
2165 3784 2385 3846 oportet
2420 3776 2711 3848 speculari,
2740 3776 2883 3846 quod
2924 3777 3179 3834 Alcorani
3218 3778 3305 3835 lex
3352 3794 3465 3837 non

1884 3868 2064 3924 solum
2092 3886 2121 3924 a
2140 3870 2323 3924 divina
2354 3870 2471 3939 lege
2494 3869 2913 3939 clongatur,sed
2932 3885 3110 3941 neque
3130 3885 3256 3926 cum
3283 3872 3464 3942 seipsa

1886 3961 2169 4017 convenit.
2206 3961 2275 4016 Et
2302 3960 2425 4027 hoc,
2454 3962 2713 4031 quoniam
2745 3961 2887 4016 mala
2919 3970 3025 4025 est,
3056 3971 3114 4018 et
3140 3962 3256 4034 ipse
3279 3963 3468 4021 Mallo-

1884 4064 2066 4110 metus
2112 4054 2380 4110 ostendit.
2431 4054 2572 4109 Dicit
2622 4053 2771 4109 enim
2818 4054 2872 4108 in
2931 4049 3173 4125 capitulo
3227 4055 3461 4121 Elnesl,

1883 4145 2031 4217 quod
2066 4147 2459 4218 interpretatur
2494 4146 2738 4201 mulieres
2761 4161 2781 4200 :
2808 4146 2925 4201 Nisi
2975 4162 3007 4201 a
3037 4147 3149 4204 Deo
3181 4156 3328 4204 esset
3356 4148 3464 4206 hoc

1881 4250 2239 4315 Alcoranum,
2274 4251 2464 4306 multa:
2499 4249 2553 4304 in
2595 4265 2662 4305 eo
2695 4251 3115 4307 contrarietatcs
3153 4261 3212 4308 et
3239 4262 3463 4310 contra-

1883 4342 2156 4399 dictiones
2192 4337 2596 4397 invenirentur.
2625 4341 2841 4396 Etenim
2869 4341 2983 4413 ipse
3015 4342 3071 4397 in
3104 4344 3291 4401 multis
3320 4346 3461 4403 locis

1883 4435 2039 4503 dicit,
2075 4432 2221 4505 quod
2252 4424 2399 4490 Deus
2430 4450 2541 4489 non
2579 4433 2803 4489 deducit
2841 4445 3157 4490 errantem:
3186 4445 3243 4491 et
3276 4445 3459 4494 tamen

1880 4527 2001 4599 ipse
2042 4527 2100 4582 in
2128 4526 2317 4584 multis
2352 4526 2492 4583 locis
2521 4525 2683 4582 docet
2712 4540 2904 4592 orare,
2939 4536 3000 4582 ut
3044 4527 3392 4584 deducantur
3423 4546 3457 4586 ιι

1882 4620 2123 4677 tenebris
2154 4620 2211 4676 in
2241 4619 2422 4675 lucem
2484 4628 2541 4675 et
2589 4634 2657 4674 ex
2702 4619 3035 4675 rectitudine
3067 4619 3123 4675 in
3166 4621 3459 4678 rectitudi-

1880 4702 2036 4769 nem.
2061 4714 2198 4769 item
2227 4712 2364 4768 dicit
2409 4712 2477 4767 de
2510 4712 2712 4783 seipso,
2747 4713 2895 4784 quod
2924 4713 3103 4769 factus
3128 4724 3214 4769 est
3257 4714 3455 4786 orpha-

1878 4823 1984 4864 nus
2007 4809 2065 4865 in
2082 4822 2264 4864 errore
2282 4824 2298 4875 ;
2319 4806 2622 4864 idololatria
2657 4806 2803 4861 enim
2832 4814 2966 4861 erat.
2988 4805 3094 4862 Sed
3130 4817 3308 4862 tamen
3337 4808 3457 4878 ipse

1880 4902 2041 4969 dicit,
2081 4901 2225 4971 quod
2258 4899 2421 4984 talem
2445 4915 2572 4954 eum
2602 4899 2930 4970 prophetam
2962 4900 3092 4954 fecit
3120 4898 3286 4965 Deus,
3321 4916 3459 4969 quc-

199 4977 406 5050 λάτρης
453 4980 562 5051 γὰρ
591 4974 680 5051 ἦν.
720 4978 861 5033 Ἀλλ’
904 4981 1054 5051 ὅμως
1081 4980 1243 5045 αὐτός
1267 4999 1453 5053 φησιν,
1485 4983 1566 5035 ὅτι
1602 4984 1778 5036 τοιοῦ-

1888 4992 2030 5047 niam
2079 4991 2301 5063 quando
2356 4974 2500 5046 Deus
2546 5005 2673 5046 eum
2726 4991 3051 5056 accersivit,
3098 4991 3349 5047 ascendit
3384 4996 3455 5050 ad

197 5087 290 5126 τον
320 5071 483 5127 αὐτὸν
509 5072 798 5145 προφήτην
827 5076 1085 5145 ἐποίησεν
1114 5076 1141 5129 ὁ
1174 5075 1327 5139 Θεὸς,
1362 5077 1441 5129 ὄτι
1470 5076 1559 5130 ὅτε
1597 5079 1624 5129 ὁ
1648 5076 1781 5141 Θεὸς

200 5165 364 5220 αὑτὸν
406 5165 836 5237 μετεκαλέσατο,
878 5166 1109 5237 ἀνῆλθεν
1162 5170 1241 5231 είς
1273 5168 1365 5222 τὸν
1404 5169 1535 5223 Θεὸν
1586 5171 1779 5241 μέχρις

1886 5086 2054 5141 Deum
2108 5099 2280 5155 usque
2326 5083 2396 5139 ad
2440 5082 2736 5155 septimum
2770 5084 3010 5147 caelum,
3056 5090 3111 5137 et
3144 5082 3457 5155 impetravit

1883 5177 2095 5233 veniam
2126 5178 2194 5232 ab
2226 5177 2419 5248 angelo
2444 5176 2707 5247 quodam,
2742 5178 2835 5246 qui
2870 5175 3069 5234 millies
3096 5180 3303 5235 mundo
3338 5196 3456 5235 nta-

198 5256 428 5328 ὲὸδόμου
480 5257 735 5329 ούρανοῦ.
799 5260 912 5312 Καὶ
963 5258 1135 5331 ᾔτησε
1189 5258 1521 5331 συγγνώμην
1559 5262 1778 5332 ἀγγέλῳ

1888 5273 1964 5340 ior
1995 5278 2136 5336 erat,
2168 5284 2330 5339 quem
2361 5268 2572 5324 invenit
2601 5268 2687 5322 sui
2712 5266 2886 5338 ipsius
2915 5281 3138 5340 peccata
3164 5272 3455 5342 deploran-

197 5350 329 5417 τινὶ,
362 5350 598 5418 χιλιάκις
641 5350 851 5420 μείζονι
875 5351 989 5405 ὄντι
1020 5352 1115 5407 τοῦ
1149 5352 1375 5423 κόσμου,
1401 5353 1460 5407 δν
1489 5346 1611 5423 εὗρε
1642 5355 1777 5427 θρη.

199 5440 396 5496 νοῦντα
425 5442 494 5496 τά
539 5443 735 5497 ἑαυτοῦ
767 5446 1164 5516 ἁμαρτήματα.
1203 5446 1324 5499 Ἔτι
1374 5448 1541 5516 φησὶν
1580 5448 1773 5502 ἑαυτὸν

200 5536 486 5603 προφήτην
519 5530 657 5589 εἶναι
689 5534 975 5589 καθολικόν
995 5548 1011 5568 ⁸
1037 5537 1154 5591 ἀλλ’
1191 5538 1340 5607 ὅμως
1380 5539 1511 5608 φησι
1541 5540 1601 5592 τὸ
1644 5540 1773 5592 ’Λλσ

200 5625 434 5699 κοράνον
499 5626 809 5699 ’Δραϐικοίς
860 5628 1186 5699 γράμμασιν
1237 5630 1339 5685 ὑπὸ
1388 5629 1484 5684 τοῦ
1522 5630 1659 5685 Θεοῦ
1689 5633 1774 5687 δο-

1882 5373 2014 5419 tem.
2036 5363 2171 5418 item
2205 5360 2360 5425 dicit,
2380 5376 2504 5416 eum
2540 5360 2864 5431 prophetam
2893 5376 3013 5417 esse
3044 5363 3407 5419 universalcm
3431 5378 3451 5418 :

1880 5454 1975 5507 sed
2009 5462 2187 5508 tamen
2220 5450 2354 5506 dicit
2386 5452 2716 5507 Alcoranum
2754 5452 3008 5507 Arabicis
3047 5453 3245 5509 litteris
3272 5470 3303 5509 a
3338 5454 3453 5511 Deo

1881 5545 2068 5599 datum
2098 5558 2241 5606 esse,
2280 5558 2456 5613 neque
2494 5544 2655 5599 ullam
2688 5543 3121 5616 aiiamlinguam
3156 5560 3285 5602 eum
3308 5544 3455 5602 scire

1877 5646 2077 5709 praeter
2106 5636 2419 5693 Arabican‘.

201 5716 364 5785 θῆναι
386 5759 401 5786 ,
458 5719 596 5793 μηδὲ
628 5719 758 5791 μίαν
789 5736 848 5773 τε
894 5721 1060 5777 αὐτὸν
1089 5721 1255 5795 ἄλλην
1289 5723 1537 5794 γλῶσσαν
1583 5726 1778 5784 ειδέναι
1818 5729 1957 5803 πλὴν
1980 5731 2079 5801 τῆς
2121 5730 2438 5804 Ἀραὸικῆς.

277 5840 325 5872 ⁸⁸
360 5836 554 5894 Matth.
585 5852 684 5902 vu,
724 5837 810 5893 14.

527 5930 805 5991 Ρηιιοι..
844 5930 959 5997 Gn.
1000 5935 1203 5996 CLlV.

3027 5944 3106 6005 3h
