4100 6296
296 333 435 399 1669
1492 333 1736 394 CONTR
1753 335 1793 392 Α
1829 333 1875 393 Μ

1978 329 2336 392 ιΟΜΕἸΕΜ.
2975 381 2977 383 .
3406 318 3544 385 1070

297 441 624 515 “patimini
651 447 713 498 τὸ
747 444 822 516 μὴ
846 443 992 517 ἔχειν
1014 445 1211 508 αὐτοὺς
1241 445 1538 500 ἁπόοτολόν
1565 462 1685 499 τινα
1714 444 1867 515 παρὰ

1978 456 2072 512 gua
2102 441 2337 495 Arabica
2371 438 2560 494 datum
2596 453 2744 500 esse,
2783 436 3027 507 dicitque
3057 443 3113 490 et
3167 434 3410 504 seipsnm
3441 448 3542 489 ne-

294 536 392 591 τοῦ
443 534 603 592 Θεοῦ.
641 537 784 608 Φησὶ
813 538 870 592 δὲ
903 540 1001 591 καὶ
1049 537 1109 590 τὸ
1164 535 1491 607 ⁹Αλκορὰνον
1528 537 1584 590 ὲν
1620 537 1756 610 μόνῃ
1800 539 1866 608 τῇ

1978 534 2111 590 scire
2142 531 2303 588 aliam
2335 532 2575 602 linguam
2621 539 2819 603 praeter
2850 529 3162 586 Arahicam.
3211 527 3369 585 Unde
3415 543 3545 585 cum

305 632 570 703 ’Δραδικῇ
600 632 818 704 γλώσσῃ
847 632 1094 688 δεδόσθαι
1114 648 1127 661 ·
1153 636 1284 702 φησι
1316 633 1372 686 δὲ
1429 633 1528 685 καὶ
1577 631 1766 684 ἑαυτὸν
1795 629 1869 700 μὴ

297 726 496 780 εἰδέναι
526 725 696 797 ἄλλην
721 725 999 781 διάλεκτον
1033 725 1173 794 πλὴν
1200 725 1300 796 τῆς
1350 724 1670 794 Ἀραϐικῆ;.
1707 721 1870 775 Ὅθεν

296 818 795 890 προσκολληθέντος
847 818 926 889 τῷ
988 819 1289 887 Μαχούμετ
1340 819 1483 878 τινὸς
1551 815 1868 870 ’ἰακωϐίτου

297 913 570 984 summa,
615 913 712 966 καὶ
764 912 1015 966 Σαλώνου
1050 913 1285 982 Πέρσου,
1331 913 1426 965 καὶ
1491 909 1756 963 Ἀϐδαλλᾶ
1805 912 1869 963 ἐκ

293 1006 392 1074 τῆς
440 1003 700 1074 Περσίδος
748 1004 843 1057 καὶ
885 1001 1075 1066 αὐτού,
1099 1004 1197 1056 καὶ
1237 1002 1418 1071 Σελὰμ
1459 1001 1738 1066 Ἰουδαίου,
1776 999 1872 1055 καί

293 1110 458 1148 τινων
504 1094 774 1165 λεγόντων
802 1095 878 1159 ὡς
913 1095 1006 1148 ὑπ’
1056 1093 1241 1148 αὐτῶν
1289 1093 1492 1156 ἐκεῖνος
1543 1092 1868 1162 διδάσκοιτο,

299 1182 460 1246 αὐτὸς
495 1184 675 1237 πεσὼν
713 1185 808 1238 ἰπὶ
842 1186 1156 1254 πρόσωπον,
1199 1181 1668 1235 συνελκυσθεισῶν
1703 1180 1871 1235 αὐτοῦ

295 1273 403 1329 τῶν
449 1276 650 1347 χειρῶν
688 1277 784 1331 καὶ
808 1276 920 1331 τῶν
951 1275 1153 1341 ποδῶν,
1184 1279 1278 1329 καὶ
1303 1274 1412 1328 τῶν
1440 1275 1674 1345 ἑταίρων
1703 1274 1872 1329 αὐτοῦ

297 1368 658 1438 καλυψάντων
689 1370 853 1424 αὐτὸν
887 1374 1000 1433 τοῖς
1031 1369 1267 1440 ἱματίοις
1293 1369 1497 1437 αὐτῶν,
1525 1371 1658 1440 πρὺς
1683 1369 1873 1423 ἑαυτὸν

299 1462 654 1532 ἐπιστραφεὶς
673 1457 827 1516 εἶπεν
846 1478 860 1492 ’
895 1457 955 1514 '0
973 1460 1105 1525 Θεὸς
1125 1461 1469 1514 ἀπέσταλκεν
1489 1461 1706 1530 ἑλὲγξαι
1728 1461 1874 1530 ὑμᾶς

301 1553 432 1624 περὶ
461 1553 557 1606 τοῦ
586 1553 768 1621 λόγου,
809 1546 871 1606 οὗ
901 1553 1188 1623 εἰρήκατε,
1223 1552 1298 1616 ὡς
1338 1554 1436 1623 ἐμὲ
1465 1553 1696 1607 τοιοῦτοι
1727 1554 1876 1609 6:86-

299 1664 504 1701 σκοιεν.
540 1647 774 1714 ’Δνέγνω
799 1663 860 1699 τε
893 1647 1080 1710 αὐτοῖς
1111 1644 1170 1699 ἓν
1203 1646 1487 1718 ψήφισμα,
1535 1649 1671 1719 ὅπερ
1724 1650 1873 1702 ἐστὶν

296 1741 356 1794 ἑν
389 1739 468 1809 τῷ
491 1740 636 1793 τέλει
668 1738 762 1792 τοῦ
804 1738 1239 1810 ἀναγνώσματπ
1269 1744 1363 1796 τοῦ
1405 1741 1647 1807 Ἑλναὲλ,
1700 1743 1728 1796 δ
1776 1744 1870 1813 ἐρ-

301 1834 595 1902 μηνεύεται
625 1833 851 1903 φοίνιξ,
876 1834 1021 1888 οὕτω
1043 1833 1223 1896 λέγων
1244 1849 1259 1865 ο
1313 1835 1504 1904 Ἵσμεν
1535 1835 1618 1888 δτι
1652 1835 1872 1906 ἐροῦσιν

295 1928 471 1993 αὐτοὶ,
501 1928 583 1982 ὅτι
611 1927 900 2000 ἄνθρωπος
947 1928 1192 1982 διδάσκει
1243 1928 1443 1983 αὐτόν’
1476 1931 1511 2000 ἡ
1554 1929 1610 1982 δὲ
1648 1929 1874 1998 γλῶσσα

297 2015 331 2094 ᾖ
360 2021 508 2092 αὐτῷ
533 2021 895 2090 διαλέγονται,
922 2021 1039 2073 ἔστι
1070 2021 1322 2091 Περσική
1342 2037 1355 2050 ’
1386 2020 1527 2092 αὕτη
1553 2023 1665 2094 δὲὴ
1713 2022 1766 2076 Ἀ
1779 2039 1876 2094 ρα-

297 2109 429 2179 6ικὴ
459 2110 616 2180 ῥᾳδία
670 2110 806 2164 ἐστί.
864 2111 989 2164 Κὰκ
1037 2109 1231 2162 τούτου
1270 2110 1426 2182 φησὶ,
1484 2110 1608 2175 Πῶς
1647 2111 1876 2166 δυνατὸν

296 2200 542 2264 ἐκείνους
569 2201 669 2270 litt
694 2201 989 2268 διδάσκειν,
1005 2195 1081 2254 ὧν
1109 2203 1306 2273 ἅτερος
1333 2202 1432 2273 μὲν
1459 2203 1676 2276 Πέρσης
1698 2203 1871 2271 ἐστὶν,

296 2293 326 2345 6
356 2290 414 2345 δὲ
439 2291 626 2354 λοιπὸς
667 2290 952 2362 ⁹Ε6ραῖος;
982 2293 1259 2347 Είπόντων
1286 2293 1334 2348 δ’
1361 2293 1871 2360 ἐκείνων,’δυνατὺν

299 2383 442 2438 εἶναι
477 2388 542 2454 τῇ
571 2383 781 2438 ἑαυτῶν
815 2384 1080 2457 διαλέκτῳ
1109 2388 1247 2457 πρὸς
1287 2385 1346 2439 σὲ
1380 2386 1752 2456 διαλέγεσθαι,
1776 2388 1872 2442 καὶ

297 2477 611 2533 ἐκτίθεσθαι
639 2496 744 2544 σοι,
785 2478 845 2530 σὲ
872 2479 928 2533 δὲ
951 2481 1019 2550 τῇ
1043 2479 1244 2533 σαυτοῦ
1275 2478 1498 2551 γλώσσῃ
1527 2481 1704 2534 πάντα
1748 2498 1873 2534 συν-

293 2572 514 2624 τάττειν
539 2611 553 2635 ,
603 2571 702 2642 οὐχ
746 2565 873 2643 εὗρε
914 2573 1050 2643 πρὸς
1087 2571 1246 2625 τοῦτο
1293 2573 1610 2644 ἀπόκρισιν.
1654 2572 1796 2626 Ἀλλ’
1823 2575 1873 2626 τί

302 2664 378 2734 μὴ
409 2657 520 2728 οἷός
540 2680 600 2716 τε
621 2659 691 2736 ἦν
718 2664 824 2719 ὑπὸ
859 2663 1114 2734 Ἐδραίου
1136 2654 1234 2718 καὶ
1263 2665 1475 2737 Πέρσου
1503 2664 1876 2734 διδάσκεσθαι,

296 2757 631 2828 ὀμοιοτέρων
666 2757 834 2812 ὅντων
883 2756 1089 2825 αὐτῶν,
1127 2756 1246 2822 πῶς
1277 2757 1486 2820 ἐκεῖνος
1518 2757 1740 2828 ἡδύνατ*
1769 2758 1874 2812 αύ-

1972 627 2297 682 adlnrsisset
2320 625 2633 681 Mahometo
2672 624 2898 693 quidam
2940 623 3186 679 Jacobita
3216 621 3456 693 Mapyra.
3489 629 3549 677 et

1972 719 2208 774 Salonus
2235 720 2420 793 Persa,
2450 725 2507 771 et
2534 716 2740 773 Abdala
2767 732 2835 770 cx
2860 716 3190 781 Perside,“
3219 714 3335 786 ipse
3365 713 3546 769 Selam

1969 811 2215 877 Iudaeus,
2246 821 2302 865 et
2332 811 2557 882 quidam
2586 810 2676 863 alii
2720 809 2988 873 dicerent,
3018 807 3164 878 quod
3196 807 3546 867 instruebant

1971 920 2120 968 eum,
2154 912 2210 959 et
2236 903 2358 973 ipse
2388 902 2662 957 ceciditin
2695 902 2890 955 faciem
2928 915 3104 966 suam,
3148 909 3207 954 et
3247 905 3546 956 contracta!

1971 1004 2102 1050 sunt
2135 1010 2331 1049 manus
2363 994 2482 1065 ejus
2524 1001 2582 1048 et
2630 992 2818 1063 pedes,
2857 1001 2913 1045 et
2956 991 3086 1046 socii
3137 996 3546 1058 conparuerunt

1973 1103 2098 1141 cum
2130 1087 2381 1147 vesﬁbus
2408 1086 2543 1143 suis.
2572 1085 2641 1152 Et
2670 1085 2888 1139 tandem
2925 1084 2989 1137 ad
3020 1097 3079 1138 se
3102 1082 3342 1147 rediens,
3373 1079 3545 1134 dixit:

1975 1173 2120 1235 Deus
2166 1178 2314 1233 misit
2366 1194 2453 1234 me
2487 1177 2558 1232 ad
2608 1177 3020 1246 corripiendum
3048 1189 3149 1230 vos
3180 1173 3248 1229 de
3289 1187 3548 1230 sermone

1973 1287 2139 1342 quem
2169 1270 2406 1335 dixistis,
2437 1269 2749 1340 quod-tales
2776 1283 2863 1323 me
2897 1268 3151 1324 doceant.
3179 1266 3442 1338 Legitque
3467 1264 3547 1320 eis

1975 1381 2140 1420 unam
2163 1363 2520 1430 sententiam,
2553 1377 2673 1433 qua:
2706 1371 2790 1416 est
2819 1360 2875 1416 in
2909 1360 3014 1416 line
3041 1357 3296 1414 lectionis
3337 1357 3548 1423 Elnacl,

1974 1458 2122 1528 quod
2161 1457 2558 1526 interpretatur
2595 1454 2803 1525 palma,
2853 1470 2975 1524 qua:
3006 1453 3085 1508 sic
3109 1453 3286 1508 dicit:
3333 1451 3550 1507 Scimus

1973 1551 2119 1623 quod
2154 1552 2254 1620 ipsi
2286 1550 2492 1615 dicent,
2529 1549 2673 1619 quod
2709 1550 2990 1604 instruunt
3016 1563 3142 1601 eum
3170 1562 3290 1601 cum
3320 1547 3550 1613 [equim-

1978 1655 2068 1702 tur
2118 1646 2198 1700 sic
2249 1646 2298 1700 ei
2351 1647 2404 1698 in
2437 1645 2623 1714 lingua
2658 1645 2900 1708 Persica,
2931 1644 3046 1697 htec
3093 1649 3273 1695 autem
3318 1641 3549 1695 Arabica

1977 1740 2153 1796 facilis
2179 1751 2282 1795 cst.
2321 1739 2390 1794 Et
2421 1754 2486 1794 ex
2516 1739 2622 1795 hoc
2647 1738 2784 1792 dicit
2810 1754 2825 1792 ;
2858 1736 3144 1804 Quomodo
3172 1734 3436 1804 possibile
3464 1745 3553 1790 est

1977 1833 2099 1889 illos
2148 1849 2235 1887 me
2281 1833 2504 1901 docere,
2531 1847 2768 1903 quorum
2801 1832 2942 1888 alter
2971 1829 3198 1899 quidem
3239 1828 3409 1883 Persa
3444 1838 3550 1892 est,

1975 1928 2116 1982 alter
2138 1943 2270 1984 vero
2299 1927 2562 1985 Hebraeus
2583 1927 2608 1980 ?
2629 1926 2736 1995 Qui
2765 1924 3023 1980 dixerunt
3045 1925 3118 1988 ei,
3141 1923 3402 1995 possibile
3429 1939 3550 1980 esse

1982 2035 2175 2075 eorum
2229 2020 2476 2090 ipsorum
2504 2019 2691 2090 lingua
2751 2016 2930 2074 tecum
2968 2018 3142 2087 loqui,
3173 2029 3230 2073 et
3277 2016 3553 2086 exponere

1977 2113 2112 2177 tibi;
2149 2123 2201 2167 te
2231 2123 2416 2167 autem
2450 2111 2528 2166 tui
2555 2112 2731 2183 ipsius
2759 2111 2942 2182 lingua
2990 2112 3174 2166 omnia
3206 2116 3550 2166 construere.

1975 2203 2094 2259 Non
2128 2202 2342 2259 invenit
2377 2203 2444 2258 ad
2487 2203 2592 2258 hoc
2624 2203 3061 2272 responsionem.
3090 2201 3195 2257 Sed
3229 2201 3274 2256 si
3306 2217 3415 2256 non
3450 2216 3548 2271 ρο-

1978 2305 2119 2352 terat
2172 2296 2370 2351 instrui
2405 2297 2473 2353 ab
2521 2295 2753 2352 Hebrazo
2789 2305 2843 2350 et
2891 2296 3080 2362 Persa,
3113 2296 3207 2365 qui
3253 2295 3550 2366 prepinqui

1979 2398 2129 2452 sunt,
2182 2389 2464 2457 quomodo
2503 2389 2626 2460 ipse
2673 2395 2891 2459 poterat
2943 2389 3266 2443 rcmotiores
3316 2388 3386 2442 ah
3433 2388 3552 2459 ejus

1975 2483 2160 2552 lingua
2189 2481 2436 2536 docere?
2461 2480 2582 2551 lpsc
2612 2488 2795 2536 tamen
2827 2488 2952 2550 post
2985 2481 3098 2536 iure
3127 2481 3280 2544 dicit,
3307 2481 3551 2548 scipsnm

1978 2575 2207 2631 missum
2263 2591 2392 2631 esse
2418 2575 2483 2630 ad
2537 2574 2948 2630 universitatem
3006 2574 3273 2646 gentium.
3309 2573 3462 2630 Unde
3497 2574 3552 2629 in

1977 2670 2219 2742 capitulo
2251 2669 2644 2741 prophetarum
2701 2669 2800 2732 ait,
2849 2668 3033 2724 dicere
3075 2667 3128 2724 ei
3171 2667 3344 2724 Deum
3375 2669 3553 2723 :‘Nos

1978 2765 2233 2820 misimus
2280 2772 2336 2818 te
2376 2763 2444 2818 ad
2496 2762 2911 2819 universitatem
2958 2763 3227 2834 gentium.
3277 2761 3383 2817 Sed
3414 2777 3554 2832 quo-

296 2853 425 2915 τοὺς
475 2852 816 2922 πορρωτάτω
867 2851 968 2920 τῆς
1033 2851 1200 2905 αὐτοῦ
1253 2851 1510 2922 γλώσσης
1559 2851 1882 2932 διδάσκεινςγ

300 2944 469 3010 Αὐτὸς
507 2945 690 3014 μέντοι
734 2943 1079 3015 μετὰμταῦτά
1107 2961 1274 3015 φησιν
1311 2944 1506 2998 ἑαυτὸν
1533 2945 1873 3000 ἀπεστάλθαι

1981 2857 2144 2915 modo
2175 2857 2365 2912 venire
2397 2857 2578 2927 potuit
2620 2855 2689 2911 ad
2729 2870 2925 2911 omnes
2966 2863 3178 2926 gentes,
3210 2869 3330 2925 quze
3361 2854 3554 2924 dixisa:

1977 2963 2133 3010 erant
2167 2953 2221 3006 in
2256 2948 2600 3021 septuaginta
2629 2949 2867 3020 linguas.
2896 2948 2990 3020 qui
3021 2949 3309 3019 ignorabat
3335 2950 3552 3020 aperire

300 3039 438 3111 πρὸς
466 3036 565 3110 τὴν
591 3038 818 3107 ὀλότητα
845 3039 955 3090 τῶν
982 3037 1174 3092 ἐθνῶν.
1205 3036 1368 3090 Ὅθεν
1397 3039 1456 3090 ὲν
1481 3037 1559 3106 τῷ
1590 3037 1870 3107 κεφαλαίῳ

1981 3043 2248 3113 suiipsius
2283 3041 2514 3097 verbum
2547 3041 2604 3096 in
2650 3042 2755 3096 alia
2794 3042 2980 3112 lingua
3009 3051 3378 3112 praeterquam
3427 3045 3553 3096 Ara-

297 3133 407 3188 τῶν
439 3131 737 3202 προφητῶν
770 3147 934 3201 φησιν
967 3133 1143 3185 εἰπεῖν
1169 3131 1319 3201 αὐτῷ
1351 3132 1441 3184 τὸν
1464 3130 1625 3183 Θεόν·
1678 3129 1868 3201 Ἡμεῖς

1978 3132 2144 3190 ltica?
2180 3131 2528 3187 Manifestum
2557 3131 2746 3203 igitur,
2773 3133 3218 3188 contrarietatem
3252 3143 3306 3189 et
3333 3133 3556 3190 menda«

300 3223 726 3294 ἀπεστάλκαμέν
782 3238 845 3277 σε
904 3223 1042 3293 πρὸς
1092 3223 1194 3295 τὴν
1257 3223 1486 3294 ὁλότητα
1541 3222 1652 3276 τῶν
1682 3221 1873 3276 ἐθνῶν.

1980 3215 2126 3282 cium
2157 3223 2507 3279 manifestum
2530 3239 2672 3287 esse,
2691 3225 2942 3279 eumdem
2968 3227 3101 3280 solis
3119 3226 3392 3281 Arabibus
3422 3229 3556 3281 mis-

313 3316 476 3372 Ἀλλὰ
523 3316 642 3381 πῶς
690 3318 755 3372 ἂν
803 3316 1050 3389 ἀπῆλθεν
1092 3318 1173 3380 εἰς
1234 3318 1409 3371 πάντα
1461 3317 1530 3370 τὰ
1579 3315 1746 3384 ἔθνη,
1793 3315 1875 3378 είς

1980 3333 2103 3374 sum
2131 3330 2278 3379 esse,
2303 3324 2361 3370 et
2398 3316 2658 3370 omnibus
2685 3316 2961 3384 gentibus.
2984 3317 3102 3372 Non
3141 3318 3307 3388 igitur
3337 3318 3425 3374 lex
3457 3318 3554 3374 Dei

302 3413 674 3482 ὲὸδομήκοντα
696 3409 950 3482 γλώσσας
981 3411 1312 3483 διῃρημένα,
1343 3413 1369 3464 6
1397 3411 1610 3479 ἀγνοῶν
1638 3411 1873 3464 ἀποστο-

1979 3416 2085 3472 cst,
2114 3407 2169 3461 in
2195 3421 2299 3476 qua
2336 3415 2416 3460 tot
2444 3406 2868 3462 contrarietates
2890 3417 2978 3463 est
3003 3409 3271 3465 invenire.

305 3506 554 3576 ματίζειν
597 3506 690 3560 τὸν
738 3505 934 3560 ἑαυτοῦ
965 3504 1124 3575 λόγον
1157 3507 1216 3559 ὲν
1244 3505 1404 3576 ἑτέρᾳ
1445 3503 1690 3577 γλώσσῃ,
1728 3502 1870 3573 πλὴν
1908 3502 2010 3574 τῆς
2041 3499 2378 3571 ’Λραδικῆς;
2415 3499 2585 3570 Δῆλον
2647 3499 2832 3555 τοίνυν
2887 3502 3038 3555 ἐστὶν
3083 3504 3433 3573 ὲναντιὸτητα
3461 3504 3558 3558 καὶ

299 3605 497 3674 ψεῦδος
524 3603 990 3670 ἀπαρακὰλυπτον
1026 3599 1168 3657 εῖναι
1198 3603 1259 3657 τὸ
1282 3603 1374 3656 τὸν
1402 3603 1564 3657 αὐτὸν
1631 3602 1815 3672 μόνοις
1871 3617 1932 3652 τε
1972 3600 2083 3663 τοῖς
2116 3597 2361 3668 ’Ἄραψιν
2408 3599 2772 3664 ἀπεστάλθαι,
2829 3599 2922 3652 καὶ
2987 3602 3122 3655 πᾶσι
3168 3604 3280 3666 τοῖς
3323 3603 3552 3660 ἔθνεσιν.

303 3699 416 3756 Οὔκ
442 3699 552 3771 ἄρα
578 3700 739 3772 νόμος
770 3699 888 3752 ἐστὶ
923 3698 1020 3752 τοῦ
1047 3696 1208 3767 Θεοῦ,
1242 3698 1300 3750 ἐν
1327 3692 1371 3766 ᾧ
1410 3698 1678 3761 τοσαύτας
1712 3695 2103 3765 ἐναντιότητας
2133 3691 2281 3748 ἔστιν
2314 3694 2519 3764 εὑρεῖν.

373 3842 446 3899 Z'.
483 3841 614 3896 Ὅτι
664 3836 872 3893 οὐδενί
923 3836 1176 3906 θαύματι
1209 3840 1245 3892 ὁ
1301 3836 1420 3890 τῶν
1466 3834 1870 3906 Σαρῤακηινῶν

791 3909 974 3976 νόμος
1004 3907 1374 3972 βεϐαιοῦται.
1409 3955 1412 3959 .

375 4025 643 4098 Ἔδδομόν
687 4024 803 4078 ἐστι
841 4020 1141 4093 θεωρῆσαι,
1175 4021 1258 4075 ὅτι
1296 4018 1421 4075 οὔτε
1440 4020 1503 4074 τὸ
1544 4018 1872 4089 Ἀλκοράνον

305 4122 424 4178 ἐστὶ
471 4119 637 4192 νόμος
683 4114 824 4171 Θεοῦ
876 4114 1123 4186 θαύμασι
1173 4111 1598 4185 βεϐαιούμενος,
1663 4113 1788 4166 οὔτε
1844 4113 1872 4164 6

306 4211 553 4283 Μωάμεθ
610 4205 913 4271 ἀπόστολος
974 4205 1095 4267 ἐστι
1143 4203 1238 4258 τοῦ
1297 4202 1470 4258 Θεοῦ·
1524 4203 1589 4256 οὺ
1643 4201 1711 4273 δὴ
1761 4202 1872 4271 γὰρ

308 4305 499 4374 θαῦμα
535 4300 713 4372 τούτῳ
762 4296 1171 4369 συμμαρτυρεῖ.
1209 4293 1341 4348 Ὅτε
1376 4293 1487 4365 γὰρ
1518 4295 1546 4346 ὁ
1579 4294 1712 4351 Θεὸς
1744 4291 1880 4343 ἀπέ-

311 4395 484 4450 στειλε
544 4393 636 4449 τὸν
680 4390 926 4460 Μωῡσῆν
987 4390 1067 4452 εἰς
1113 4389 1207 4442 τὸν
1257 4387 1478 4458 Φαραὼ,
1525 4384 1738 4455 μεγάλα
1786 4383 1878 4434 τέ-

2014 3833 2128 3889 Vll.
2167 3818 2325 3899 Quod
2361 3831 2446 3886 fex
2489 3831 2880 3905 Saracenorum
2915 3837 3058 3892 nullo
3097 3840 3356 3895 miraculo
3392 3858 3522 3897 con-

2625 3905 2895 3972 ﬁrmatur.

2051 4018 2299 4089 Septimo
2332 4028 2417 4075 est
2462 4020 2953 4088 considerandum,
2993 4025 3138 4096 quod
3185 4041 3367 4098 neque
3393 4029 3556 4086 Alco-

1980 4127 2175 4167 ranum
2199 4125 2280 4168 est
2307 4113 2390 4168 lex
2424 4111 2543 4179 Dei,
2571 4129 2695 4184 qua:
2728 4115 3010 4172 miraculis
3037 4116 3421 4187 confirmetur,
3460 4139 3557 4176 nc-

1983 4219 2092 4274 que
2126 4205 2470 4260 Mahometus
2513 4215 2598 4262 est
2651 4208 2935 4276 apostolus
2983 4208 3123 4272 Dei.
3154 4212 3365 4269 nullum
3403 4216 3551 4270 enim

1983 4300 2311 4355 miraculum
2347 4300 2452 4355 hoc
2495 4309 2746 4357 teStatur.
2785 4301 3019 4370 Quando
3045 4307 3193 4362 enim
3225 4306 3371 4364 Deus
3405 4310 3557 4365 misit

1978 4391 2198 4465 Moysen
2229 4393 2296 4447 ad
2345 4393 2711 4459 Pharaonem,
2759 4409 2950 4466 magna
2985 4396 3230 4469 prodigia
3266 4401 3552 4456 ostendit:

311 4506 449 4560 ρατα
478 4485 699 4551 ἔδειξεν.
745 4482 977 4554 Ὁμοίως
997 4482 1058 4535 δὲ
1090 4483 1186 4536 καὶ
1220 4479 1407 4543 Ἠλίας
1432 4481 1529 4533 καὶ
1568 4477 1872 4540 Ἐλισσαῖος

1982 4485 2236 4540 similiter
2273 4494 2456 4540 autem
2491 4495 2547 4542 et
2593 4486 2743 4542 Elias
2793 4496 2846 4542 et
2879 4477 3146 4552 'Elisaeus,
3188 4498 3245 4545 et
3300 4490 3394 4546 alii
3429 4508 3557 4563 pro-

307 4581 404 4636 καὶ
461 4581 511 4634 οἱ
564 4577 715 4634 ἄλλοι
779 4574 1064 4647 προφῆται
1119 4571 1339 4643 μεγάλα
1369 4586 1371 4589 ·
1405 4574 1500 4624 καὶ
1565 4571 1879 4636 ἀνήκουστα

307 4675 633 4747 εἰργάσαντο
669 4670 959 4745 θαύμιαταο
994 4669 1089 4722 καὶ
1135 4667 1372 4738 μάλιστα
1411 4665 1460 4720 οἱ
1491 4665 1677 4719 καινόν
1712 4683 1764 4717 τι
1799 4665 1879 4726 εἰς

307 4767 398 4822 τὸν
441 4766 554 4836 βίον
609 4759 1042 4828 είσενεγκὸντες.
1110 4757 1170 4812 ’0
1205 4759 1266 4812 δὲ
1316 4755 1555 4828 Χριστὸς
1617 4755 1765 4817 ἰδίως
1820 4756 1880 4807 ἐν

309 4860 550 4929 θαύμασι
605 4855 698 4909 καὶ
749 4851 999 4924 σημείοις
1045 4850 1320 4919 μεγίστοις
1367 4849 1651 4920 ἐλήλυθεν,
1690 4848 1880 4918 ὥσπερ

307 4950 403 5003 καὶ
437 4946 600 5008 αὐτὸς
632 4946 660 4999 6
696 4940 996 5013 Μαχούμετ
1028 4942 1087 4994 ἔν
1119 4940 1196 5012 τῷ
1241 4941 1554 5010 ’Δλκορὰνῳ
1588 4941 1779 5010 φησίν.
1819 4940 1879 4992 Ei

306 5043 362 5096 δὲ
401 5039 609 5110 λέγοιεν
651 5038 696 5091 oi
755 5035 1100 5111 Σαρῤακηνοὶ
1131 5033 1303 5088 πολλὰ
1347 5035 1443 5088 καὶ
1477 5033 1693 5104 μεγάλα
1743 5033 1880 5086 θαυ-

310 5153 459 5210 ματα
504 5133 732 5205 ποιῆσαι
779 5132 873 5192 τὸν
918 5131 1246 5202 Μαχούμετ,
1276 5128 1466 5202 ὥσπερ
1500 5130 1560 5181 τὸ
1596 5130 1879 5182 ἀποκατα-

310 5231 502 5300 στῆσαι
532 5228 633 5298 τὴν
667 5226 898 5297 σελήνην
927 5224 1313 5297 διαιρεθεῖσαν,
1337 5223 1434 5278 καὶ
1471 5223 1656 5293 πηγὴν
1691 5222 1882 5284 ὓδατος

306 5321 373 5375 ἐκ
402 5319 509 5372 τῶν
551 5315 718 5374 αὑτοῦ
778 5315 1062 5371 δακτύλων
1110 5314 1481 5388 ἀπορρυῆναι,
1540 5314 1705 5385 λῆρός
1760 5319 1880 5366 ἐστι

308 5409 486 5477 τοῦτο,
517 5409 614 5465 καὶ
660 5409 901 5464 ἐναντίον
944 5407 1023 5479 τῷ
1079 5407 1232 5477 αὐτῷ
1290 5407 1624 5477 Ἀλκορὰνῳ.
1661 5405 1880 5458 κωλύει

309 5500 419 5573 γὰρ
447 5503 474 5554 6
501 5500 801 5572 Μαχούμετ
843 5501 972 5568 περὶ
1011 5498 1179 5555 αὐτοῦ
1218 5516 1272 5551 τι
1302 5499 1543 5552 τοιοῦτον
1574 5496 1880 5560 πιστεύειν,

311 5594 451 5664 πλὴν
501 5593 606 5648 τῶν
658 5593 720 5646 ὲν
773 5591 854 5660 τῷ
895 5591 1210 5663 Ἀλκοράνῳ
1266 5594 1692 5663 γεγραμμένων.
1745 5593 1883 5661 Περὶ

312 5686 550 5753 πάντων,
589 5685 746 5758 φησὶ,
775 5684 886 5738 τῶν
930 5685 1234 5757 προφητῶν
1283 5684 1470 5738 πολλοὶ
1501 5685 1676 5738 πολλά
1717 5683 1880 5754 ἐψεύ-

314 5792 500 5844 σαντο,
545 5779 680 5848 ὅπερ
741 5776 831 5833 ἶνα
876 5776 972 5832 καὶ
1025 5778 1154 5848 περὶ
1201 5778 1337 5848 ἐμοῦ
1373 5775 1677 5851 λογίζοιντό
1709 5795 1880 5845 τινες,

1982 4579 2158 4648 pheta:
2206 4593 2398 4650 magna
2449 4586 2508 4631 et
2555 4578 2804 4634 inaudita
2854 4579 3121 4637 miracula
3166 4581 3450 4652 fecerunt,
3499 4595 3557 4641 et

1984 4670 2218 4725 maxime
2252 4671 2344 4739 qui
2384 4687 2585 4725 novum
2622 4671 2902 4741 quoddam
2937 4673 2992 4727 in
3017 4673 3186 4730 vitam
3221 4675 3557 4733 inferebant.

1980 4761 2234 4817 Christus
2262 4770 2440 4816 autem
2467 4764 2687 4832 proprie
2720 4763 2773 4817 in
2802 4765 3085 4820 miramilis
3109 4776 3165 4821 et
3190 4767 3364 4838 signis
3392 4771 3560 4824 maxi-

1985 4853 2089 4904 mis
2121 4851 2293 4919 venit,
2343 4853 2486 4906 sicut
2532 4861 2586 4906 et
2633 4853 2747 4922 ipse
2792 4853 3138 4910 MahOmetus
3183 4856 3235 4910 in
3282 4856 3556 4914 Alcorano

1984 4939 2139 4999 dicit.
2177 4945 2232 4998 Si
2266 4952 2450 4998 autem
2503 4943 2690 4999 dicant
2736 4944 3017 5013 Saraceni,
3051 4949 3222 5004 multa
3267 4961 3325 5005 et
3358 4968 3552 5020 magna

1983 5037 2247 5090 miracula
2313 5035 2509 5093 fecisse
2557 5035 2953 5105 Mahometum,
3011 5040 3155 5096 sicut
3215 5043 3555 5114 reintegrare

1983 5126 2167 5182 lunam
2201 5126 2456 5196 divisam,
2489 5137 2545 5182 et
2578 5128 2782 5186 fontem
2812 5145 2966 5200 aquze
2993 5147 3057 5186 ex
3088 5131 3209 5203 eius
3236 5135 3420 5204 digitis
3460 5136 3556 5188 de-

1984 5218 2230 5285 ﬂuxisse,
2268 5220 2452 5274 fabula
2494 5229 2580 5275 est
2614 5221 2738 5285 hoc,
2775 5231 2831 5276 et
2883 5225 3222 5280 contrarium
3256 5228 3436 5282 eidem
3467 5229 3557 5283 Αι.

1983 5325 2208 5365 corano.
2259 5311 2524 5373 Prohibet
2574 5313 2720 5368 cutim
2754 5312 3098 5370 Mahomctus
3131 5316 3198 5371 de
3240 5333 3310 5373 eo
3345 5319 3553 5390 aliquid

1986 5405 2092 5458 tale
2125 5404 2374 5470 credere,
2407 5415 2771 5476 praeterquam
2801 5423 2924 5477 qua:
2969 5409 3172 5479 scripta
3206 5422 3335 5466 sunt
3379 5411 3432 5466 in
3466 5413 3558 5466 Al-

1983 5513 2207 5552 corano.
2239 5498 2312 5552 De
2362 5498 2622 5553 omnibus
2649 5499 2933 5570 prophetis
2978 5502 3153 5556 dicit:
3183 5501 3337 5557 Multi
3385 5504 3557 5560 multa

1984 5590 2201 5646 mentiti
2251 5600 2400 5655 sunt,
2438 5591 2583 5659 quod
2617 5606 2684 5646 ne
2732 5591 2800 5647 de
2841 5606 2927 5646 me
2959 5593 3275 5648 existiment
3305 5593 3556 5663 quidam,

1986 5684 2040 5739 id
2085 5685 2260 5740 solum
2307 5683 2375 5738 de
2421 5700 2509 5739 me
2557 5699 2750 5738 verum
2780 5684 3059 5750 credatur,
3103 5685 3250 5756 quod
3299 5685 3555 5742 Alcorani

1985 5778 2313 5835 auctoritate
2359 5778 2600 5834 fulcitur.
2647 5778 2744 5834 Ille
2795 5779 2944 5835 enim
2978 5795 3102 5836 cum
3147 5779 3408 5835 miracula
3444 5795 3560 5837 non
