4100 6296
275 340 415 410 1073
1465 351 1759 410 CONTRA
1800 350 1842 409 Μ

1941 350 1997 408 1(
1994 350 2310 411 )METEM.
3374 348 3512 418 1074

273 451 660 524 ’Δπεκρίνατοο
696 453 823 510 Ναί.
867 456 979 511 Καὶ
1017 456 1460 527 προσέθηκεν,Ἦ
1493 463 1587 513 καὶ
1614 460 1713 531 τὴν
1752 459 1842 513 τοῦ

1948 458 2274 537 Mahometo,
2307 461 2359 518 id
2384 469 2495 527 est,
2525 460 2795 516 insomnia
2837 460 3117 527 audivisti,
3152 459 3520 530 blasphemia:

271 543 511 615 Εὗδορδα
534 548 672 618 ῥῖνα.
698 548 841 617 Πρὸς
862 547 917 600 δὲ
946 547 1004 601 τὸ
1040 548 1295 618 βεϐαιοῦν
1326 550 1499 605 ταῦτα
1536 552 1842 617 πάντ-ιού-

1946 552 2328 621 εοιιιροευὶειί,
2359 553 2441 607 vel
2488 553 2629 609 forte
2665 560 2877 607 caulas.
2914 550 3051 607 Veni
3080 551 3148 606 ad
3183 566 3283 607 nos
3309 551 3376 605 ad
3409 551 3520 605 mi-

269 634 359 691 δδν
388 634 556 701 ἔδειξε
582 639 811 710 σημεῖον
835 655 851 670 ’
879 639 997 692 ἀλλ’
1020 641 1340 709 ἀπεγύμνου
1374 646 1536 713 μόνον
1566 644 1626 698 τὸ
1668 646 1842 715 ξίφος.

274 727 398 782 Ἔτι
426 729 811 803 καθαρώτερον
851 734 1171 804 περιέχεται
1215 736 1272 789 ὲν
1300 736 1379 807 τῷ
1411 737 1694 809 κεφαλαίῳ
1728 739 1840 793 τῶν

271 821 585 892 προφητῶν.
606 824 1060 890 ’Δναγινὼσκεται
1078 826 1186 897 γὰρ
1205 826 1375 893 οὕτως
1394 831 1509 882 ἐκεῖ
1525 846 1540 877 ,-
1563 826 1727 885 Εἶπον
1748 848 1846 884 πε-

272 911 328 981 ρὶ
342 911 436 965 τοῦ
457 913 719 985 Μωάμεθ·
740 918 1018 972 τουτέστιν
1034 919 1301 977 ἐνυπνίων
1323 926 1586 994 ἀκήκοας,
1603 927 1844 996 βλασφη-

273 1003 401 1073 μίας
432 1005 757 1076 συνέθηκας,
793 1009 825 1079 ἢ
862 1010 992 1073 ίσως
1018 1012 1306 1083 ῥαψῳδεῖς.
1353 1017 1505 1071 Ἐλθὲ
1533 1018 1667 1086 πρὸς
1697 1020 1846 1089 ἡμᾶς

268 1098 622 1171 τούλάχιστον
648 1104 705 1157 ὲν
724 1104 805 1159 ἑνὶ
831 1092 1095 1177 θαύματι,
1130 1109 1187 1163 ὃν
1210 1112 1411 1181 τρόπον
1440 1114 1534 1167 καὶ
1562 1101 1610 1167 οἱ
1642 1116 1843 1184 πρότεο

272 1208 363 1262 ρον
383 1193 789 1267 ἀπεστάλησαν.
825 1201 1148 1274 Ἀπεκρίθη,
1170 1204 1532 1277 Κατεστρέψα
1540 1224 1640 1275 μεν
1665 1203 1849 1278 (εἶπεν

268 1286 297 1339 ό
343 1286 499 1358 Θεὸς)
526 1289 625 1353 τὰς
663 1290 848 1359 πόλεις
893 1291 1125 1350 ἐνώπιον
1164 1296 1273 1351 τῶν
1309 1297 1844 1369 μὴ’πιστευσάντων,

268 1378 360 1430 καὶ
389 1379 529 1448 μετά
552 1380 726 1436 ταῦτα
756 1383 812 1437 οι
855 1384 961 1456 πρὸ
998 1382 1155 1457 ὑμῶν
1190 1390 1293 1445 οὐκ
1326 1380 1689 1449 ἐπίστευσανσ
1722 1392 1842 1447 ἀλλ’

267 1470 379 1550 οὐδ’
400 1471 464 1526 ἂν
489 1472 646 1543 ὑμεῖς
670 1476 1048 1542 ἐπιστεύσατε,
1077 1479 1129 1533 εί
1156 1479 1230 1551 μὴ
1262 1481 1347 1536 διὰ
1370 1482 1577 1550 ξίφους.
1617 1487 1834 1553 Διισχυ-

271 1564 451 1632 ρίζετο
480 1565 535 1620 δὲ
568 1568 739 1637 ὅμως,
768 1569 842 1634 ὡς
882 1571 986 1626 ὕπὸ
1015 1569 1108 1626 τοῦ
1146 1572 1281 1626 Θεοῦ
1314 1575 1446 1643 πρὸς
1480 1576 1643 1630 αὑτὸν
1674 1579 1701 1629 ό
1730 1577 1839 1629 Γα-

268 1655 431 1725 ϐριὴλ
463 1659 847 1729 ἀπεστέλλετο,
894 1664 1046 1731 ἄγων
1082 1664 1217 1734 πρὸς
1251 1665 1416 1719 αὐτὸν
1453 1668 1543 1720 καί
1580 1685 1633 1720 τι
1677 1668 1837 1735 ζῶον,

268 1747 392 1830 δνου
436 1750 533 1818 μὲν
568 1752 771 1819 μεῖζον,
804 1742 1032 1825 ἡμιόνου
1070 1756 1125 1809 δὲ
1158 1756 1397 1812 ἔλαττον.
1435 1759 1643 1831 Ὄνομα
1677 1760 1734 1813 δὲ
1770 1756 1840 1832 ἦν

267 1836 347 1907 τῷ
374 1835 497 1908 ζώῳ
522 1838 875 1912 ΔἘλμπεράιι.
908 1842 1190 1913 Διελέγετο
1208 1838 1263 1902 δὲ
1290 1847 1350 1900 τδ
1381 1845 1540 1911 ζῶον,
1572 1850 1839 1918 περιεπά-

268 1945 353 1983 τει
389 1928 445 1984 δὲ
477 1933 533 1986 ὲν
572 1935 671 2005 μιᾷ
693 1932 813 2007 ὥρᾳ
842 1936 957 1989 ὁδὸν
994 1939 1330 2009 πεντήκοντα
1375 1941 1632 2010 χιλιάδων
1669 1942 1835 1997 ὲτῶνο

272 2024 367 2077 καὶ
397 2024 570 2078 ταῦτα
601 2026 774 2081 ἐποίει
802 2030 861 2083 ὲν
889 2030 1064 2083 νυκτί.
1093 2030 1201 2085 Καί
1227 2049 1378 2096 τινας
1408 2033 1597 2099 ἄλλους
1620 2034 1839 2108 λήρους,

270 2117 402 2188 περὶ
428 2110 504 2173 ὧν
534 2120 592 2174 ὲν
620 2120 699 2192 τῷ
729 2121 941 2193 δεκάτῳ
968 2124 1246 2194 κεφαλαίῳ
1271 2128 1411 2197 μετά
1433 2128 1606 2183 ταῦτα
1630 2129 1844 2201 εἰρήσε-

269 2226 380 2266 ται.
422 2210 487 2266 Ἦ
514 2212 571 2265 δὲ
597 2212 956 2286 Χριστιανικὴ
985 2217 1187 2281 πίστις,
1214 2218 1342 2289 περὶ
1376 2220 1629 2289 μεγάλων
1662 2221 1841 2275 ἐντελ-

271 2302 492 2375 λομένη,
540 2306 634 2360 ἐπὶ
677 2306 917 2378 θαύμασι
952 2314 1204 2379 φανεροῖς
1259 2313 1355 2365 καὶ
1400 2316 1691 2385 χρησίμοις
1743 2314 1841 2385 ὅλη

266 2393 677 2465 τεθεμελίωται,
709 2398 855 2469 ἅπερ
901 2400 962 2454 οὐ
994 2403 1158 2472 μόνος
1194 2405 1495 2476 πεποίηκεν
1523 2407 1551 2458 ό
1584 2407 1838 2477 Χριστὸς,

268 2485 404 2539 ἀλλά
436 2490 533 2544 καὶ
559 2489 607 2543 oi
636 2489 929 2570 ἀπόστολοι
961 2492 1079 2561 μετ’
1108 2494 1296 2559 αὐτὸν,
1331 2498 1552 2565 προσέτι
1584 2497 1641 2550 δὲ
1671 2499 1764 2551 καὶ
1790 2498 1839 2550 oi

267 2577 600 2649 διδάσκαλοι,
637 2583 685 2636 οί
714 2583 778 2637 τὸ
823 2583 1156 2653 Εὖαγγέλιον
1205 2588 1300 2641 καὶ
1331 2589 1429 2650 τὰς
1455 2590 1686 2657 -Γραφὰς
1732 2588 1841 2640 τῶν

268 2667 585 2725 ἀποστόλων
611 2671 1036 2744 ἐξηγησάμενοι.
1080 2676 1191 2729 Καὶ
1220 2676 1383 2746 μέχρι
1422 2678 1528 2730 τῶν
1558 2680 1841 2747 παρόντων

270 2757 481 2829 καιρῶν
513 2758 897 2831 διαρκοῦσι-τὰ
931 2764 1207 2837 θαύματα,
1247 2767 1514 2835 δαιμόνων
1547 2768 1841 2837 ἐλαυνομέ-

269 2866 398 2916 νων,
429 2850 672 2909 ἀσθενῶν
700 2858 1177 2928 θεραπευομένων,
1202 2858 1413 2929 νεκρῶν
1441 2862 1844 2929 ἀνισταμένων.

270 2945 459 3001 Ταῦτα
486 2949 559 3003 τὰ
604 2947 860 3020 θαύματα
908 2955 958 3006 οἱ
997 2950 1315 3020 Χριστιανοὶ
1350 2952 1440 3005 καὶ
1482 2954 1838 3022 πεποιήκασι,

269 3041 364 3095 καὶ
388 3041 652 3111 ποιοῦσιν,
681 3044 732 3097 οἱ
763 3044 1009 3113 λέγοντες
1039 3043 1131 3098 τὸν
1160 3045 1575 3115 ἐσταυρωμένον
1608 3046 1843 3115 Χριστὸν

1944 659 2048 699 nus
2080 645 2137 699 in
2172 659 2280 699 uno
2312 645 2600 710 miraculo,
2632 661 2744 715 quo
2774 645 2937 700 modo
2970 654 3025 700 et
3056 642 3151 715 qui
3180 643 3335 713 prius
3363 641 3517 698 missi

1942 743 2089 789 sunt.
2122 734 2468 805 Respondit:
2503 734 2888 793 Subvertimus
2937 735 3096 807 (dixit
3144 733 3312 805 Deus)
3344 731 3516 788 urbes

1940 845 2125 886 coram
2157 846 2266 884 non
2298 830 2674 894 credentibus,
2705 841 2762 886 et
2810 840 2932 899 post
2975 830 3090 884 haec
3140 827 3235 898 qui
3292 828 3516 883 fuerunt

1940 932 2065 978 ante
2093 937 2208 986 vos,
2235 937 2344 977 non
2376 922 2755 978 crediderunt.
2780 920 2887 977 Sed
2921 935 3100 992 neque
3132 935 3229 975 vos
3261 919 3510 985 creditis,

1940 1014 2049 1070 nisi
2085 1031 2182 1085 per
2215 1031 2424 1072 ensem.
2458 1018 2751 1073 Asserebat
2785 1024 2989 1079 tamen,
3022 1014 3169 1084 quod
3216 1030 3247 1069 a
3298 1012 3411 1069 Deo
3440 1011 3511 1069 ad

1939 1123 2067 1163 eum
2100 1109 2301 1164 missus
2330 1117 2416 1165 est
2442 1107 2685 1176 Gabriel,
2711 1107 2921 1164 ducens
2950 1108 3019 1162 ad
3061 1123 3187 1163 eum
3231 1107 3510 1177 quoddam

1941 1200 2165 1265 animal,
2203 1201 2378 1271 majus
2403 1200 2625 1271 quidem
2657 1199 2836 1267 asino,
2878 1199 3062 1255 minus
3101 1202 3284 1255 autem
3317 1198 3508 1266 mulo;

1938 1307 2139 1346 nomen
2170 1300 2357 1347 autem
2386 1291 2608 1348 animali
2635 1300 2755 1347 erat
2780 1291 3124 1361 Elmaparac.
3155 1289 3511 1361 Loquebatur

1937 1393 2120 1439 autem
2137 1384 2362 1449 animal,
2386 1384 2809 1454 ambulabatque
2836 1385 2891 1440 in
2926 1385 3059 1440 hora
3090 1384 3235 1438 viam
3266 1385 3513 1455 quinque

1939 1473 2169 1529 millium
2192 1490 2484 1538 annorum,
2502 1486 2558 1532 et
2582 1477 2699 1531 haec
2722 1476 2954 1532 faciebat
2976 1478 3032 1532 in
3054 1487 3239 1532 nocte.
3262 1474 3329 1531 Et
3349 1491 3514 1546 quas-

1940 1566 2063 1622 dam
2095 1567 2229 1623 alias
2259 1569 2491 1633 fabulas,
2535 1570 2618 1632 de,
2650 1571 2855 1640 quibus
2902 1570 2962 1624 in
3011 1568 3225 1625 decimo
3268 1568 3510 1640 capitulo

1938 1668 2060 1728 post
2091 1660 2206 1718 haec
2232 1661 2464 1718 dicetur.
2492 1662 2804 1719 Christiana
2829 1673 3011 1718 autem
3034 1662 3170 1719 ﬁdes
3194 1678 3317 1734 quae
3336 1662 3511 1723 ardua

1941 1748 2205 1823 praecipit,
2236 1752 2294 1809 in
2342 1754 2624 1811 miraculis
2656 1754 2966 1812 tuarrilestis
3012 1763 3071 1811 et
3119 1754 3346 1810 utilibus
3395 1764 3511 1812 tota

1940 1844 2164 1901 fundata
2207 1858 2311 1913 est,
2352 1863 2475 1918 quae
2518 1862 2630 1903 non
2680 1848 2857 1903 solum
2906 1846 3036 1903 fecit
3078 1836 3355 1913 Christus,
3404 1845 3510 1902 sed

1940 1938 2105 1993 etiam
2134 1940 2367 2009 apostoli
2406 1948 2531 2010 post
2560 1954 2713 2008 eum,
2745 1948 3017 2013 praeterea
3044 1948 3097 1994 et
3132 1939 3380 2012 magistri
3414 1940 3511 2011 qui

1940 2031 2294 2104 Evangelium
2341 2044 2400 2091 et
2449 2033 2768 2104 Scripturas
2810 2016 3206 2105 apostolorum
3237 2047 3512 2103 exposue-

1941 2134 2090 2191 runt,
2119 2135 2173 2182 et
2208 2142 2384 2197 usque
2414 2126 2482 2181 ad
2517 2126 2808 2197 praesentia
2841 2135 3089 2196 tempora
3112 2126 3314 2181 durant
3342 2120 3511 2179 mira-

1939 2218 2082 2283 cuia,
2123 2218 2517 2274 daemoniorum
2546 2234 2670 2289 quae
2696 2219 3075 2290 expelluntur,
3100 2217 3384 2272 'debilium
3415 2213 3511 2286 qui

1941 2312 2226 2375 curantur,
2257 2316 2313 2363 et
2342 2317 2687 2365 mortuorum
2710 2308 2804 2380 qui
2831 2320 3145 2378 resurgunt.
3174 2306 3299 2363 Haec
3325 2314 3512 2362 autem

1942 2400 2203 2456 miracula
2235 2399 2539 2457 Christiani
2589 2390 2846 2457 fecerunt
2887 2411 2945 2456 et
2996 2401 3227 2462 iaciunt,
3263 2399 3516 2454 dicentes

1941 2494 2221 2549 Christum
2250 2494 2572 2551 cruciﬁxum
2593 2504 2651 2551 et
2673 2509 2863 2550 verum
2887 2502 2944 2549 et
2959 2493 3136 2549 solum
3168 2493 3337 2547 Deum
3361 2504 3510 2546 esse.

1942 2583 2071 2650 Quae
2096 2586 2141 2639 si
2174 2585 2363 2641 dicant
2387 2586 2645 2641 Saraceni
2684 2601 2795 2640 non
2828 2586 3075 2651 credere,
3112 2594 3369 2657 tanquam
3395 2587 3513 2642 haec

1942 2693 2049 2733 non
2098 2679 2243 2733 facta
2293 2678 2425 2741 sint.
2477 2678 2763 2733 ostendam
2815 2678 2896 2733 eis
2933 2679 3113 2749 majus
3159 2678 3533 2735 miraculum.‘

1944 2770 2291 2825 Manifestum
2326 2772 2494 2837 enim,
2525 2771 2673 2841 quod
2703 2780 2832 2827 ante
2872 2771 3155 2827 ChriStum
3202 2782 3352 2828 totus
3396 2772 3515 2827 fere

1944 2861 2182 2915 mundus
2211 2861 2376 2916 idolis
2418 2860 2685 2916 honorem
2723 2860 3030 2927 tribuebat,
3058 2862 3293 2916 maxime
3327 2871 3515 2917 autem

1944 2951 2195 3017 Romani,
2229 2953 2321 3022 qui
2352 2951 2541 3007 mundi
2571 2951 2946 3009 monarchiam
2972 2952 3237 3008 tenebant
3264 2969 3281 3021 ;
3316 2952 3413 3009 sed
3452 2952 3513 3009 bi

1944 3045 2386 3100 Christianorum
2436 3042 2600 3099 fidem
2645 3054 3023 3115 susceperunt,
3078 3052 3137 3100 et
3176 3060 3286 3101 non
3332 3046 3537 3101 solum”

267 3134 447 3205 ἀληθῆ
492 3136 588 3190 καὶ
642 3134 802 3207 μόνον
847 3131 990 3192 εἶναι
1032 3137 1206 3192 Θεόν·
1249 3140 1393 3207 ἅπερ
1441 3141 1489 3192 εί
1537 3138 1745 3207 λέγοιεν
1790 3140 1840 3193 ol

1943 3136 2302 3193 crediderunt
2319 3146 2513 3192 rerum
2531 3138 2702 3192 Deum
2724 3126 3141 3194 esse-Christum
3164 3136 3510 3205 cruciﬁxum,

267 3228 618 3299 Σαρῤακηνοὶ
647 3230 723 3301 μὴ
754 3231 1055 3297 πιστεύειν,
1089 3231 1165 3294 ὡς
1198 3231 1274 3301 μὴ
1307 3232 1643 3301 γενομένοις,
1673 3232 1847 3298 δείξοο

269 3338 370 3391 μεν
398 3321 582 3387 αὐτοῖς
617 3324 802 3393 μεῖζον
837 3322 1041 3399 θαῦμα.
1073 3323 1311 3394 Φανερὸν
1347 3322 1453 3394 γὰρ
1481 3322 1705 3394 (1);}th
1742 3324 1836 3379 τοῦ

264 3414 505 3487 Χριστοῦ
552 3416 736 3490 σχεδὸν
777 3418 899 3482 ὃλος
931 3420 960 3472 ό
1008 3420 1211 3487 κόσμος
1249 3421 1361 3482 τοῖς
1401 3417 1639 3480 εἰδώλοις
1674 3417 1840 3481 σέὅας

265 3507 575 3581 ἀπένεμον·
609 3508 845 3580 μάλιστα
870 3511 929 3565 δὲ
959 3512 1007 3564 οἱ
1045 3512 1331 3583 Ῥωμαῖοι,
1363 3512 1410 3564 oi
1443 3511 1541 3581 τὴν
1568 3510 1841 3580 κοσμικὴν

264 3598 480 3671 ἔχοντες
520 3587 841 3674 μοναρχίαν.
884 3600 1023 3657 Ἀλλ’
1058 3596 1203 3656 οὗτοι
1230 3601 1329 3673 τὴν
1360 3601 1468 3654 τῶν
1498 3597 1841 3671 Χριστιανῶν

267 3690 519 3757 δδέξαντο
545 3693 748 3760 πίστιν,
771 3695 866 3747 καὶ
890 3695 953 3747 οὐ
977 3692 1135 3764 μόνον
1157 3693 1483 3745 ἐπίστευσαν
1513 3690 1686 3761 ἀληθῆ
1711 3690 1842 3743 Θεὸν

267 3781 411 3841 εἶναι
436 3787 525 3841 τὸν
552 3785 969 3857 ἐσταυρωμένον
996 3785 1254 3855 Χριστὸν,
1284 3785 1417 3857 ἀλλά
1453 3784 1546 3843 καὶ
1573 3784 1848 3845 κατέπτυτ

273 3890 370 3927 σαν
397 3875 613 3928 πάντων
636 3874 743 3928 τῶν
769 3873 944 3927 ἄλλων
968 3873 1128 3936 θεῶν,
1155 3873 1313 3943 οἵπερ
1335 3873 1427 3926 ἰπὶ
1446 3870 1699 3927 τοσοῦτον
1718 3890 1751 3942 χ
1759 3873 1844 3942 ρό-

272 3971 359 4018 νον
382 3964 663 4035 χρησμοὺς
691 3963 874 4028 αὐτοῖς
892 3964 984 4019 διὰ
1011 3964 1119 4019 τῶν
1138 3964 1370 4018 εἰδώλων
1398 3963 1658 4017 ἐδίδοσαν.
1691 3963 1841 4033 Βαρὺ

267 4055 325 4109 δὴ
347 4056 500 4111 οὐδὲν
518 4055 697 4120 αὐτοῖς
720 4055 1039 4109 ἐπετίθεσαν
1058 4059 1156 4126 τῆς
1174 4055 1562 4127 Χριστιανικῆς
1585 4056 1840 4121 πίστεως,

267 4148 441 4215 οὕτως
478 4148 663 4221 ἀήθων
698 4149 790 4204 καὶ
827 4149 1077 4221 μεγάλων
1115 4149 1464 4204 ἐπιτιθέντων
1498 4150 1572 4219 τῷ
1616 4148 1840 4220 κόσμῳο

268 4237 382 4295 οἷον
410 4244 772 4313 καταφρονεῖν
798 4244 1027 4314 κόσμου,
1058 4246 1416 4313 καταφρονεῖν
1455 4242 1669 4311 ἑαυτοῦ,
1705 4243 1843 4312 ἀγαο

267 4335 379 4407 πᾷν
422 4338 546 4400 τοὺς
587 4338 832 4408 ἐχθροὺς,
881 4335 1133 4408 εὔχεσθαι
1176 4338 1316 4411 ὑπὲρ
1344 4337 1451 4390 τῶν
1496 4336 1841 4399 διωκόντων,

266 4425 577 4495 εὐεργετεῖν
607 4426 734 4489 τοὺς
771 4426 1220 4492 κακοποιοῦντας,
1253 4428 1321 4480 τὰ
1348 4426 1605 4497 ἀλλότρια
1637 4428 1711 4497 μὴ
1737 4426 1837 4496 ἁρ-

224 4518 227 4521 ’
265 4517 485 4583 στάζειν,
517 4516 587 4573 τά
618 4518 728 4572 ῐδια
766 4516 1113 4589 χαρίζεσθαι.
1138 4516 1321 4572 Ταῦτα
1356 4516 1531 4571 πάντα
1565 4517 1595 4569 ό
1638 4514 1838 4585 κόσμος

267 4609 375 4671 πᾶς
390 4607 771 4680 προσεδέξατο,
795 4610 893 4680 τὴν
910 4600 1178 4680 προτέραν
1193 4608 1343 4675 τάξιν
1362 4608 1796 4679 ἀποϐαλλόμενος
1819 4624 1831 4639 ⁸

268 4700 302 4771 ἢ
329 4698 513 4754 τοίνυν
545 4699 613 4754 δι’
638 4700 837 4754 ἱκανῶν
861 4700 1155 4771 θαυμάτων
1184 4699 1444 4763 πεισθεὶς,
1476 4699 1507 4771 ἢ
1541 4700 1833 4770 θαυμάτων

267 4789 456 4863 χωρίς.
482 4792 682 4857 Μεῖζον
707 4792 762 4846 δέ
793 4794 910 4846 ἐστι
942 4793 1128 4866 θαῦμα
1165 4794 1248 4847 ὅτι
1277 4794 1373 4847 καὶ
1411 4793 1705 4861 θαυμάτων
1728 4809 1835 4862 χω-

1941 3226 2036 3281 sed
2067 3236 2124 3282 et
2152 3236 2484 3297 respuerunt
2507 3243 2698 3285 omnes
2727 3228 2868 3284 alios
2890 3227 3043 3293 deos,
3060 3229 3159 3300 ,qui
3190 3237 3343 3285 tanto
3367 3237 3516 3286 tem-

1939 3332 2071 3387 pore
2106 3334 2364 3389 responsa
2390 3318 2472 3375 eis
2497 3336 2595 3390 per
2624 3319 2772 3376 idola
2794 3320 3087 3377 dederunt.
3118 3320 3296 3377 Grave
3324 3330 3512 3378 autem

1941 3408 2079 3463 nihil
2120 3407 2524 3477 imposuerunt,
2548 3424 2674 3465 cum
2705 3408 3018 3465 Christiana
3046 3409 3181 3466 ﬁdes
3202 3409 3281 3465 sic
3312 3410 3519 3467 desue-

1942 3506 1997 3553 ta
2028 3508 2084 3554 et
2117 3500 2284 3554 ardua
2316 3500 2522 3556 mundo
2556 3500 2929 3571 imposuisset,
2960 3502 3106 3558 sicut
3151 3510 3513 3559 contemnere

1942 3592 2229 3657 mundum,
2276 3601 2636 3649 contemnere
2680 3595 2947 3665 seipsum,
2999 3609 3185 3650 amare
3236 3594 3518 3663 inimicos,

1942 3700 2100 3740 orare
2127 3701 2226 3756 pro
2253 3686 2735 3756 persequentibus,
2765 3685 3093 3743 benefacere
3119 3687 3516 3745 malefacieuti-

1942 3776 2071 3842 bus,
2100 3777 2278 3833 aliena
2308 3794 2417 3833 non
2461 3795 2678 3849 rapere,
2713 3782 2934 3851 propria
2975 3781 3204 3839 donare.
3239 3782 3364 3838 Haec
3389 3797 3512 3837 om-

1942 3868 2032 3923 nia
2083 3867 2322 3923 mundus
2371 3869 2634 3938 suscepit,
2671 3869 2839 3924 ritum
2888 3870 3182 3939 pristinum
3226 3870 3511 3941 abjiciens.

1942 3958 2038 4015 Vel
2071 3959 2238 4028 igitur
2285 3958 2684 4017 suiﬁcientibus
2732 3962 3012 4018 miraculis
3064 3972 3360 4034 persuasus
3401 3971 3509 4029 est,

1943 4050 2027 4105 vel
2054 4050 2264 4122 absque
2290 4053 2595 4108 miraculis.
2626 4053 2799 4125 Maius
2829 4064 3012 4109 autem
3042 4064 3128 4111 est
3157 4054 3507 4121 miraculum,

1944 4152 1999 4199 et
2032 4144 2240 4214 absque
2271 4146 2557 4201 miraculis
2588 4162 2686 4217 per
2715 4147 2966 4202 homines
2999 4146 3197 4203 idiotas
3218 4159 3274 4204 et
3302 4149 3516 4219 simpli-

1943 4249 2035 4290 ces
2070 4236 2451 4305 potuisseohoc
2478 4237 2619 4293 ﬁeri.
2654 4238 2723 4293 Et
2749 4238 2857 4295 hoc
2898 4237 3150 4295 fecerunt
3180 4239 3511 4309 Christiani,

1945 4342 2055 4380 non
2100 4327 2238 4383 alios
2282 4329 2687 4395 iuterimentes,
2735 4332 2832 4386 sed
2887 4332 2957 4387 ab
3004 4333 3128 4387 aliis
3171 4333 3255 4390 eis
3304 4332 3511 4405 illatam

1945 4429 2174 4473 mortem
2212 4421 2483 4489 patienter
2530 4412 2898 4479 sustinentes.
2942 4424 3513 4496 Manifestum'igitur.

1945 4509 2203 4562 omnibus
2238 4510 2419 4564 modis
2459 4509 2896 4568 Christianorum
2942 4514 3109 4568 (idem
3140 4513 3197 4568 in
3231 4513 3514 4570 miraculis

1944 4598 2542 4667 stupendis'l‘undatam
2583 4617 2749 4657 esse:
2795 4603 3087 4659 Mabometi
3122 4612 3308 4659 autem
3346 4603 3509 4660 ﬁdem

1941 4692 2093 4745 nullo
2120 4692 2410 4747 miraculo.
2446 4694 2594 4749 Talis
2622 4695 2770 4750 enim
2796 4704 2902 4761 est,
2936 4697 3115 4766 qualis
3141 4710 3317 4766 neque
3348 4696 3511 4751 mira-
3624 4682 3625 4685 ¹

1940 4784 2079 4838 culis
2110 4785 2387 4855 indigeat;
2418 4788 2651 4841 maxime
2674 4796 2857 4843 autem
2887 4791 2954 4845 ad
2980 4790 3301 4856 Saracenos,
3330 4790 3512 4845 homi-

267 4884 353 4956 ρὶς
394 4881 462 4937 δι’
510 4883 811 4954 ἀνθρώπων
865 4886 1089 4941 ἰδιωτῶν
1124 4887 1218 4941 καὶ
1265 4885 1505 4939 ἀσθενῶν
1554 4883 1838 4953 δεδύνηται

1941 4877 2287 4931 nescarnales
2304 4884 2358 4932 et
2372 4879 2678 4934 mundanos
2701 4898 2712 4935 :
2730 4882 3108 4950 prudentiores
3117 4899 3184 4938 au
3193 4891 3296 4937 tem
3311 4883 3512 4937 horum

262 4975 423 5031 τοῦτο
445 4978 716 5047 γενέσθαι.
744 4978 853 5031 Καὶ
881 4978 1024 5032 τοῦτ’
1051 4978 1307 5047 ἐποίησαν
1334 4980 1382 5029 oi
1403 4977 1720 5047 Χριστιανοὶ
1740 4964 1845 5031 οὐκ

264 5069 457 5133 ἄλλους
488 5067 828 5141 φονεύοντες,
851 5068 985 5123 ἀλλά
1014 5068 1105 5122 τὸν
1126 5068 1255 5140 παρ’
1280 5069 1452 5123 ἄλλων
1484 5070 1665 5129 αὐτοῖς
1695 5068 1834 5120 ὲπα-

1943 4979 2001 5024 et
2027 4970 2340 5024 litterarum
2374 4971 2628 5040 peritiam
2672 4972 2961 5039 trahentes,
3007 4984 3064 5028 et
3101 4974 3365 5028 virtutem
3406 4973 3510 5028 viri

1942 5063 2045 5116 sibi
2088 5062 2466 5128 vendicantes,
2504 5064 2702 5118 nullam
2740 5066 2869 5121 huic
2896 5066 3056 5121 ﬁdem
3093 5067 3377 5122 adhibent.

264 5160 496 5231 γόμενον
529 5162 757 5217 θάνατον
792 5159 1151 5233 ὑπομένοντες
1181 5160 1571 5232 μακροθύμως.
1597 5158 1831 5228 Φανερὸν
1870 5156 2049 5209 τοίνυν
2080 5156 2250 5209 ἅπασι
2282 5155 2502 5225 τρόποις
2530 5155 2751 5227 τὴντῶν
2801 5159 3152 5229 Χριστιανῶν
3222 5161 3405 5215 πίστιν
3420 5161 3514 5217 arri

267 5250 539 5325 θαύμασιν
569 5254 825 5321 ἐξαισίοις
870 5254 1118 5326 ίδρύσθαι
1141 5268 1155 5284 ·
1188 5255 1285 5325 τὴν
1317 5254 1374 5307 δὲ
1413 5254 1504 5307 τοῦ
1536 5254 1836 5322 Μαχούμετ
1873 5248 2047 5302 οὐδενὶ
2075 5246 2311 5314 θαύματι
2339 5249 2671 5318 βοηθεῖσθαι.
2724 5250 2960 5321 Τοιαύτη
3024 5254 3133 5323 γὰρ
3154 5247 3242 5325 ἦν,
3270 5254 3357 5307 οἵα
3381 5255 3515 5326 μηδὲ

273 5340 551 5415 θαύματος
583 5347 810 5412 δεῖσθαι,
841 5347 1077 5418 μάλιστα
1110 5348 1205 5399 καὶ
1237 5347 1373 5413 πρὸς
1419 5344 1716 5414 σαρκικοῦς
1750 5341 2070 5410 ἀνορὼπους
2113 5342 2211 5393 καὶ
2276 5341 2597 5407 κωμικούς.
2664 5342 2728 5394 Οί
2769 5343 2823 5395 δὲ
2892 5342 3244 5417 συνετώτεροι
3273 5347 3514 5416 τούτων,

272 5441 368 5496 καὶ
386 5440 725 5513 γραμμάτων
740 5439 956 5511 ἔχοντες
971 5442 1187 5511 πεῖραν,
1207 5438 1297 5492 καὶ
1318 5438 1518 5510 ἀρετῆς
1534 5435 1965 5508 ἀντιποιούμενοι
2000 5434 2210 5502 ἄνδρες,
2242 5434 2502 5502 οὐδεμίαν
2535 5434 2706 5505 ταύτῃ
2735 5434 2959 5502 νέμουσι
2986 5437 3193 5495 πίστιν.

344 5584 430 5647 H'.
464 5588 597 5644 Ὀτι
623 5590 658 5644 δ
685 5587 794 5644 τοῦ
820 5584 1074 5658 Μωάμεθ
1105 5580 1293 5657 νόμος
1320 5586 1543 5658 ἄλογός
1574 5586 1763 5641 ἐστιν.

352 5701 575 5772 Ὄγδοον
606 5700 911 5773 θεωρητέον
947 5700 1015 5755 ἂν
1048 5701 1132 5771 εἴη
1152 5738 1169 5765 ,
1198 5701 1280 5754 ὅτι
1308 5701 1404 5752 καὶ
1431 5696 1602 5768 χωρὶς
1640 5696 1842 5759 παντὸς
1914 5724 1917 5725 ν

274 5790 552 5858 θαύματος
589 5791 817 5849 δυνατὸν
862 5789 930 5847 ἂν
964 5785 1054 5860 ἦν,
1092 5790 1183 5847 τον
1220 5787 1313 5844 τοῦ
1348 5788 1649 5860 Μαχούμετ
1682 5787 1849 5858 νόμον

2109 5578 2244 5634 νιιι.
2289 5577 2438 5643 Quod
2466 5577 2548 5631 lex
2574 5578 2854 5634 Multomeli
2887 5579 3217 5635 irrationalis
3256 5591 3353 5637 est.

2020 5695 2223 5752 Octavo
2252 5693 2711 5750 considerandum
2744 5703 2828 5750 est
2857 5695 3002 5763 quod
3035 5706 3088 5750 et
3121 5676 3329 5767 absque
3361 5698 3515 5756 omni

1955 5786 2219 5842 miraculo
2244 5783 2504 5857 possibile
2542 5797 2685 5843 esset
2714 5787 3001 5847 Mahometi
3031 5791 3201 5859 legem
3247 5807 3275 5845 a
3310 5790 3519 5851 mundo
