4100 6296
294 325 437 417 1071

1492 357 1791 421 CONTRA
1831 360 1883 420 Μ
1899 359 1992 420 ΑΗ
2011 361 2343 424 ΟΜΕΤΕΜ.

3406 356 3545 424 1078

267 465 572 549 Δἐξέκλιναν
593 467 674 524 ul.
695 467 914 538 καρδίαι
943 468 1117 541 ὑμῶν,
1156 469 1284 543 περὶ
1307 471 1405 542 τῆς
1427 474 1762 543 κατηγορίας
1783 473 1869 526 λέν

1979 476 2370 543 veruntcorda
2408 486 2588 532 vestra
2619 495 2632 543 ;
2685 477 2752 532 de
2803 477 3150 533 accusatione
3187 476 3400 539 dicens,
3437 495 3546 549 qua

287 547 426 629 γων,
464 554 532 631 ἧς
562 559 950 633 κατηγόρησαν
981 561 1146 616 αὐτοῦ
1189 563 1282 617 ἐπὶ
1322 563 1402 634 τῷ
1432 562 1657 635 ἀθέσμῳ
1689 565 1872 636 γάμῳ.

289 650 524 708 Ἕπεταί
561 668 622 706 τε
665 649 904 725 ὲφεξῆςδ
935 655 1000 717 Ei
1036 654 1182 725 ὑμᾶς
1234 656 1510 721 ἑκσάλλει,
1543 657 1702 718 δώσω
1726 659 1876 729 αὐτῷ

288 743 407 797 ἀνθ’
429 744 583 814 ὑμῶν
609 731 847 814 βελτίους
874 746 1030 825 ύμῶν
1057 749 1441 818 Σαρῤακηνὰς,
1465 750 1691 817 πιστὰς,
1711 750 1876 806 πλου-

290 836 434 902 σίας,
467 838 854 908 μετανοούσας,
874 825 1306 909 προσκυνούσας,
1341 843 1624 909 αἰνούσας,
1650 845 1876 917 εὐκινή-

285 942 431 994 τους,
457 930 553 983 καὶ
579 928 906 1000 παρθένους.
934 931 1000 985 '0
1030 931 1335 987 ἀκούσασαι
1363 928 1539 1000 εἷπον,
1567 935 1876 990 Μετανοοῦ-

289 1035 420 1087 μεν.
438 1020 511 1074 Τὸ
540 1017 591 1075 δ’
613 1016 800 1090 ὅμοιον
831 1012 1154 1096 πεποίηκεν.
1187 1026 1276 1079 ὅτε
1308 1024 1471 1078 ἔλαϐε
1508 1026 1876 1098 τὴν-γυναῖκα

288 1109 417 1166 Ζεῒθ
461 1112 558 1166 τοῦ
588 1114 838 1184 τροφέως
878 1116 1065 1188 αὑτοῦ.
1097 1113 1235 1170 Εἴπε
1275 1117 1332 1172 δὲ
1372 1119 1468 1171 ἐπὶ
1505 1117 1666 1174 τοῦτο
1693 1115 1874 1192 ψῆφον

287 1202 348 1257 ιν
391 1202 470 1271 τῷ
510 1204 794 1278 κεφαλαίῳ
830 1206 928 1261 τοῦ
984 1207 1230 1274 Ἐλαζὲϐ,
1276 1209 1362 1264 ὅτι
1406 1212 1436 1263 ὸ
1476 1211 1610 1276 Θεὸς
1651 1211 1876 1282 εἴρηκεν

287 1295 441 1366 αὐτῷ
470 1311 486 1328 θ
513 1297 589 1352 Σὺ
624 1297 808 1369 ζηλοῖς
837 1299 898 1356 ὲν
928 1301 996 1370 τῇ
1030 1300 1176 1371 ψυχῇ
1210 1317 1328 1369 σου,
1370 1302 1452 1356 δτι
1483 1305 1510 1357 ὁ
1537 1302 1670 1367 Θεὸς
1702 1304 1875 1380 δημο-

289 1386 483 1452 σιεύει,
526 1390 624 1442 καὶ
659 1391 867 1463 δειλιᾷς
913 1393 1039 1456 τοὺς
1075 1392 1419 1464 ἀνθρώπους.
1457 1396 1620 1450 Ἀλλὰ
1665 1397 1876 1451 δίκαιόν

288 1481 406 1537 ἐστι
438 1481 640 1551 μᾶλλον
656 1481 748 1537 τὸν
764 1484 897 1538 Θεὸν
925 1485 1246 1543 δεδοικέναι.
1281 1487 1415 1543 Ὅτε
1440 1489 1552 1560 γὰρ
1579 1489 1874 1559 ὲφαύλισεν

284 1579 314 1633 ὁ
333 1578 480 1646 Ζετθ,
515 1579 855 1653 ὲξεδώκαμέν
889 1598 971 1635 σοι
995 1580 1226 1655 ταύτην,
1253 1577 1299 1638 ὦ
1320 1583 1640 1656 Μαχούμετ.
1657 1579 1792 1638 Eine
1816 1583 1873 1638 δὲ

284 1669 436 1740 αύτῷ
460 1672 490 1724 ὸ
517 1671 664 1736 Zeto,
688 1673 780 1751 Μὴ
798 1673 1004 1743 ταύτην
1036 1673 1270 1743 ὴγάγού,
1295 1675 1562 1730 ἀπόστολε
1579 1674 1675 1728 τοῦ
1697 1673 1833 1729 Θεοῦ
1855 1691 1869 1743 ς

289 1762 403 1818 Καὶ
428 1762 730 1835 ἀπεκρίθη,
759 1764 899 1820 Οὐαί
931 1782 1036 1830 σοι,
1055 1769 1086 1818 6
1111 1766 1245 1831 Θεὸς
1278 1782 1370 1838 μοι
1395 1767 1606 1838 ταύτην
1639 1769 1871 1823 ἐκδέδω-

283 1871 402 1909 κεν.
439 1854 606 1919 Ἥτις
639 1856 784 1927 μετὰ
825 1857 1024 1924 ταῦτα,
1049 1863 1177 1928 περὶ
1215 1860 1417 1930 ἑαυτῆς
1447 1862 1607 1915 τοῦτο
1646 1861 1871 1916 διετέλει

284 1946 617 2018 θρυλλοῦσα,
644 1949 719 2012 ὼς
744 1949 775 2002 ὁ
805 1948 937 2012 Θεὸς
961 1949 1166 2024 ταύτην
1196 1943 1273 2023 τῷ
1293 1953 1553 2027 προφήτῃ
1581 1953 1870 2009 ἐξέδωκεν.

294 2039 430 2096 Ἰδοὺ
452 2037 541 2094 διὰ
557 2041 658 2113 τῆς
684 2041 934 2118 μείζονος
951 2044 1051 2113 τὴν
1080 2045 1288 2100 ἐλάττω
1314 2045 1671 2100 συνεσκίασεν
1691 2047 1876 2117 ἁμαρ-

282 2132 424 2198 τίαν,
453 2133 566 2188 Καὶ
591 2134 702 2206 γὰρ
729 2135 890 2200 αὐτὸς
920 2139 948 2190 ὁ
975 2136 1224 2206 Μωάμεθ
1251 2139 1418 2208 φησιν
1443 2153 1459 2170 ·
1490 2139 1728 2208 οὐδεμία
1753 2137 1873 2208 μείο

282 2219 398 2289 ζων
442 2222 690 2294 ἁμαρτία
717 2224 891 2291 ἐστὶν,
927 2226 960 2298 ἢ
1002 2226 1081 2297 τῷ
1110 2228 1230 2299 Θεῷ
1266 2227 1483 2298 ψεῦδος
1513 2230 1872 2301 προσάπτειν.

285 2313 409 2367 Ἐτι
436 2313 592 2385 οὐδέν
615 2316 765 2370 ἐστιν
780 2315 1255 2390 οὖτως³ἀφόρητον
1277 2319 1335 2373 ἐν
1361 2322 1669 2392 προφήταις
1695 2321 1876 2390 ἀμάρ-

279 2421 458 2475 τημα,
475 2404 551 2471 ὡς
571 2405 835 2479 ἀκολασίᾳ
859 2410 956 2462 καὶ
978 2409 1290 2484 ἀκαθαρσίᾳ
1311 2415 1572 2479 συνεῖναι,
1603 2411 1694 2466 τοῦ
1709 2413 1871 2478 ἁγίου

227 2549 230 2552 .
283 2499 604 2572 Πνεύματος
643 2501 717 2573 μὴ
749 2503 1061 2575 ἁπτομένου
1097 2507 1208 2561 τῶν
1239 2509 1601 2579 προφητικῶν
1631 2509 1874 2582 καρδιῶν

281 2594 342 2646 ἐν
364 2595 488 2658 ταῖς
511 2595 751 2667 πράξεσι
782 2595 893 2651 τῶν
919 2599 1275 2671 ἀφροδισίων,
1308 2601 1385 2666 ὥς
1417 2620 1586 2673 φησιν
1619 2601 1874 2673 Ἱερώνυ-

181 2741 184 2744 .
284 2703 408 2758 μος.
443 2688 554 2742 Καὶ
574 2693 603 2745 ὁ
623 2689 928 2762 φιλόσοφος
956 2694 1230 2764 δάφησιν,
1253 2693 1329 2757 ὡς
1357 2697 1414 2752 ὲν
1441 2699 1560 2759 ταῖς
1591 2697 1872 2759 τοιαύταις

281 2781 588 2852 ινεργείαις
617 2782 880 2838 ἀδύνατόν
908 2786 1058 2839 ἔστιν
1077 2786 1170 2839 τὸν
1199 2786 1490 2858 ἄνθρωπον
1521 2791 1682 2843 νοεῖν.
1713 2789 1874 2842 Ἐστι

281 2875 464 2931 τοίνυν
483 2877 766 2954 παντελῶς
799 2876 993 2947 ἄλογον
1013 2876 1158 2932 οὕτω
1173 2879 1552 2950 σωτηριώδους
1585 2881 1749 2951 νόμου
1777 2881 1874 2950 (ὡς

282 2968 438 3022 αὐτοί
456 2967 612 3038 φασι)
632 2970 890 3025 διάκονον
907 2971 1002 3026 καὶ
1024 2972 1312 3043 προφήτην
1335 2972 1752 3045 σαρκικώτατον
1779 2975 1874 3027 καὶ

281 3061 594 3141 ἀκάθαρτον
630 3062 920 3134 ἄνθρωπον
947 3059 1108 3130 εἶναι,
1149 3065 1239 3134 ἐφ’
1289 3058 1335 3135 ᾧ
1391 3066 1485 3119 καὶ
1521 3066 1686 3130 αὐτὸς
1746 3067 1876 3138 περὶ

282 3153 478 3208 ἑαυτοῦ
507 3155 853 3226 σεμνύνεται,
886 3156 1156 3226 τοσαύτην
1187 3150 1330 3211 εἶναι
1351 3157 1525 3226 λέγων
1553 3158 1612 3210 ιν
1641 3156 1789 3228 αὐτῷ
1811 3159 1869 3210 ἐν
1901 3189 1944 3246 c

265 3245 365 3318 πῷ
412 3247 546 3320 δρᾷν
582 3248 761 3321 ισχὺν,
791 3250 889 3304 καὶ
923 3249 1250 3318 περιουσίαν
1291 3248 1611 3314 ἀκολασίας,
1647 3251 1783 3316 ὅσην
1808 3251 1869 3304 ὲν

285 3327 707 3414 τεσσαράκοντα
754 3342 1066 3415 ἀνθρώποις
1090 3358 1107 3374 ⁸
1141 3345 1192 3398 εί
1225 3344 1319 3397 καὶ
1345 3345 1374 3397 ὁ
1407 3343 1541 3406 Θεὸς
1570 3343 1869 3415 ἐστέρησαν

278 3432 712 3492 τοῦτον-παίδων
740 3434 938 3506 γονῆς·
965 3435 1237 3508 μίανγὰρ
1267 3437 1441 3507 μόνην
1468 3437 1762 3508 ἐσχηκέναι
1789 3433 1876 3490 λέ-

281 3526 765 3604 γεταιθυχατέρα.
799 3527 1041 3598 ’Δλογος
1057 3529 1169 3599 γὰρ
1197 3531 1226 3584 ὁ
1274 3529 1439 3601 νόμος
1470 3521 1625 3592 οὗτος
1650 3527 1739 3581 διὰ
1781 3525 1873 3581 τὸν

283 3618 611 3693 νομοθέτην,
633 3619 792 3675 τοῦτο
822 3619 921 3690 μὲν
955 3620 1032 3686 ὡς
1061 3621 1278 3688 ἀνόσιον
1304 3623 1401 3675 καὶ
1431 3623 1697 3690 σαρκικὸν
1729 3611 1874 3671 παν-

283 3711 476 3778 τελῶς,
509 3700 670 3767 τούτο
700 3712 758 3767 δὲ
805 3714 900 3767 καὶ
1044 3711 1302 3768 τοσοῦτον
1330 3714 1492 3769 ἄνουν
1523 3729 1583 3767 τε
1619 3711 1714 3766 καὶ
1743 3710 1872 3766 ἀδέ-

1976 581 2106 622 eum
2132 576 2532 623 accusaverunt
2584 568 2653 623 de
2705 568 2940 623 incestu.
2986 568 3356 636 Sequiturque
3394 567 3552 622 dein-

1977 676 2155 732 ceps:
2193 660 2250 717 Si
2285 663 2427 716 forte
2471 662 2619 715 Deus
2649 676 2765 730 .vos
2827 659 3218 730 repudiaverit.
3267 659 3410 714 dabo
3453 675 3554 730 pro

1975 751 2136 809 vobis
2169 754 2222 811 ei
2249 753 2508 808 meliores
2538 751 2693 806 vobis
2730 750 3052 812 Saracenas,
3087 748 3294 812 fideles,
3325 748 3554 823 divites.

1977 834 2313 914 pmnitentes
2342 854 2400 900 et
2448 852 2692 904 orantes,
2745 842 2941 913 agiles,
2991 851 3060 898 et»
3094 841 3354 911 virgines.
3395 839 3555 907 Quo-:1

1978 931 2286 1000 audientes,
2317 936 2578 991 dixerunt
2610 951 2627 992 :
2658 935 2921 1009 Paenitet.
2950 933 3221 989 Similiter
3256 939 3439 986 autem
3479 930 3559 985 [οε-

1975 1028 2074 1097 cit,
2105 1029 2328 1101 quando
2350 1029 2563 1098 accepit
2590 1043 2814 1083 uxorem
2838 1025 2994 1083 Zeitb
3026 1024 3232 1080 alumni
3264 1024 3370 1079 sui.
3403 1023 3557 1079 Dixit

1975 1129 2160 1176 autem
2209 1136 2380 1190 super
2427 1121 2535 1176 hoc
2580 1119 2910 1176 sententiam
2959 1116 3015 1173 in
3061 1117 3302 1187 capitulo
3330 1116 3555 1177 Elazeb.

1977 1213 2127 1284 quod
2153 1215 2300 1270 Deus
2324 1212 2464 1269 dixit
2494 1232 2508 1269 :
2541 1212 2622 1269 Tu
2648 1205 2928 1268 :emulaiis
2951 1213 3004 1266 in
3041 1211 3227 1266 animo
3259 1219 3373 1272 tuo,
3405 1209 3555 1278 quod

1976 1307 2140 1362 Deus.
2175 1307 2447 1377 propalat,
2478 1315 2535 1362 et
2582 1305 2744 1360 times
2794 1303 3069 1369 homines,
3101 1301 3197 1358 sed
3226 1302 3436 1373 justum
3468 1316 3566 1365 ess.

1977 1391 2152 1468 magis
2207 1399 2400 1453 timere
2453 1398 2644 1469 Deum.
2677 1395 2929 1466 Tumque
2975 1395 3122 1449 enim
3171 1393 3387 1466 respuit
3432 1409 3556 1450 eam

1977 1489 2158 1552 Zeith,
2207 1488 2458 1557 dixitque
2505 1487 2607 1542 ei:
2664 1486 2749 1557 Ne
2787 1485 2971 1542 .ducas
3018 1485 3159 1540 banc
3201 1485 3256 1540 in
3306 1499 3558 1552 uxorem,

1978 1580 2230 1651 apostole
2268 1580 2387 1636 Dei.
2445 1577 2514 1634 Et
2562 1577 2846 1649 respondit
2895 1576 3261 1642 Mahometus,
3300 1577 3393 1633 Vin
3429 1577 3556 1644 tibi,

1980 1673 2128 1729 Deus
2163 1673 2298 1728 mihi
2331 1672 2476 1728 hanc
2502 1671 2676 1735 dedit.
2703 1671 2810 1734 Qui
2841 1679 2966 1740 post
2997 1669 3115 1726 haec
3147 1656 3217 1725 de
3244 1670 3429 1750 seipso
3451 1669 3558 1729 hoc

1977 1765 2282 1837 divulgavit
2311 1765 2528 1831 dicens,
2555 1761 2704 1835 quod
2733 1761 2883 1829 Deus
2901 1760 3046 1816 hanc
3070 1761 3353 1832 prophetae
3381 1761 3558 1817 dedit.

1973 1861 2117 1918 Ecce
2151 1875 2252 1930 per
2286 1859 2460 1930 majus
2518 1856 2703 1911 minus
2742 1864 3034 1926 peccatum
3066 1856 3383 1912 occultavit.
3423 1858 3558 1911 Ete-

1976 1954 2090 2008 nim
2120 1953 2237 2023 ipsc
2269 1951 2617 2008 Mahometus
2649 1947 2786 2005 dicit
2820 1966 2836 2004 :
2875 1947 3098 2005 Nullum
3141 1949 3319 2019 majus
3358 1965 3560 2020 pecca-

1977 2055 2096 2102 tum
2129 2053 2236 2109 est,
2272 2059 2436 2115 quam
2491 2042 2606 2098 Deo
2651 2039 3000 2098 mendacium
3056 2040 3366 2112 iniungere.
3419 2039 3557 2098 Item

1974 2137 2188 2194 nullum
2219 2146 2306 2193 est
2333 2138 2416 2192 sic
2457 2137 2604 2192 inter
2643 2134 2942 2207 prophetas
2967 2145 3256 2204 peccatum
3290 2133 3559 2188 intolera-

1977 2233 2109 2299 bile,
2141 2231 2289 2288 sicut
2335 2230 2393 2286 in
2443 2228 2872 2301 intemperantia
2906 2237 2965 2282 et
2996 2226 3350 2283 immunditia
3389 2227 3558 2284 simul

1975 2316 2124 2391 esse,
2157 2339 2285 2380 cum
2319 2322 2558 2394 Spiritus
2586 2333 2814 2378 sanctus
2863 2335 2975 2377 non
3018 2328 3206 2391 tangat
3236 2321 3558 2392 prophetica

1977 2418 2150 2473 corda
2181 2415 2237 2471 in
2269 2415 2581 2472 actionibus
2605 2400 2878 2480 venereis,
2913 2425 2975 2468 ut
2997 2414 3130 2470 dicit
3159 2412 3557 2486 Hieronymus:
3622 2476 3625 2477 ν

1975 2519 2032 2566 et
2073 2509 2442 2580 philosophus
2471 2523 2695 2578 quoque
2734 2507 2891 2572 dicit,
2924 2507 3072 2577 quod
3113 2507 3167 2561 in
3199 2506 3417 2562 "talibus
3458 2522 3557 2562 ac-

1977 2601 2228 2658 tionibus
2281 2600 2620 2668 impossibile
2671 2608 2755 2653 est
2806 2598 3088 2654 hominem
3123 2597 3424 2671 speculari.
3460 2597 3560 2654 Est

1979 2694 2148 2764 igitur
2195 2693 2420 2747 omnino
2464 2692 2866 2755 irrationabile,
2901 2692 2981 2746 sic
3014 2690 3271 2746 salutaris
3304 2690 3445 2761 legis
3474 2689 3559 2759 (ut

1980 2787 2086 2856 ipsi
2133 2785 2347 2854 dicunt)
2405 2785 2720 2838 ministrum
2771 2795 2824 2838 et
2875 2784 3198 2856 pmphetam
3238 2783 3559 2838 carnalissi-

1980 2892 2131 2932 mum
2155 2885 2213 2932 et
2241 2875 2588 2931 immundum
2624 2866 2904 2932 hominem
2935 2891 3079 2940 esse,
3112 2877 3166 2930 in
3203 2892 3315 2947 quo
3345 2876 3460 2947 ipse
3488 2875 3558 2931 de

1977 2971 2163 3041 seipso
2193 2968 2496 3040 gloriatur;
2531 2978 2736 3024 tantam
2778 2969 2972 3025 dicens
3018 2969 3075 3024 in
3111 2969 3466 3041 agendovim
3499 2980 3558 3024 et

1978 3062 2314 3119 afﬂuentiam
2336 3060 2803 3132 intemperantiae,
2827 3070 3089 3132 quantam
3115 3062 3170 3116 in
3194 3062 3557 3134 quadraginta

1977 3155 2322 3220 hominibus,
2352 3155 2456 3210 etsi
2497 3155 2641 3209 Deus
2696 3154 2936 3225 privavit
2978 3155 3131 3209 hunc
3178 3155 3418 3210 ﬁliorum
3469 3170 3559 3208 so-

1977 3248 2138 3312 bole;
2169 3262 2335 3302 unam
2357 3247 2504 3302 enim
2529 3246 2700 3302 solam
2724 3246 2984 3306 habuisse
3015 3247 3181 3302 ﬁliam
3212 3247 3438 3304 dicitur.
3473 3247 3556 3301 iro

1976 3338 2320 3396 rationabilis
2369 3339 2541 3409 igitur
2581 3338 2672 3392 lex
2724 3339 2840 3394 haec
2887 3349 3114 3410 propter
3162 3339 3557 3408 legislatoretn,

1978 3442 2094 3488 tum
2127 3431 2255 3502 quia
2294 3432 2598 3486 sceleratus
2631 3437 2687 3486 et
2728 3432 2986 3498 carnalis,
3021 3441 3137 3487 tum
3176 3433 3304 3503 quia
3342 3431 3553 3487 inscius

1974 3533 2031 3580 et
2049 3524 2294 3578 incertus
2315 3541 2330 3588 ;
2354 3521 2498 3577 sicut
2525 3531 2579 3576 et
2609 3520 2677 3577 de
2693 3522 2875 3593 seipso
2904 3531 3134 3578 testatur
3159 3524 3214 3578 in
3234 3522 3507 3579 Alcorano
3529 3564 3545 3587 ,

1979 3615 2197 3672 nescire
2243 3630 2306 3670 se
2357 3614 2490 3685 quid
2536 3615 2646 3669 erit
2692 3616 2745 3669 ei
2798 3616 2884 3670 vel
2939 3616 3250 3681 Saracenis,
3303 3617 3558 3686 ignorare

1979 3715 2163 3763 utrum
2196 3706 2316 3778 ipse
2345 3707 2428 3762 vel
2458 3707 2566 3776 ipsi,
2588 3707 2644 3762 in
2675 3707 2761 3763 via
2797 3708 2992 3763 salutis
3020 3709 3153 3774 sint,
3187 3711 3276 3765 vel
3308 3727 3442 3766 non.

250 3841 256 3846 -
285 3811 464 3878 σαιον,
492 3812 572 3874 ὡς
607 3811 703 3864 καὶ
741 3809 870 3883 περὶ
902 3809 1069 3864 αὑτοῦ
1101 3811 1400 3882 μαρτυρεῖν
1441 3811 1500 3863 ὲν
1545 3810 1622 3880 τῷ
1677 3805 1988 3877 ’Δλκοράνῳ
2020 3807 2095 3878 μὴ
2117 3803 2314 3859 ειδέναι
2360 3804 2417 3858 τί
2483 3803 2631 3858 ἔσται
2661 3805 2810 3876 αὐτῷ
2830 3846 2845 3873 ,
2878 3805 2912 3878 ἢ
2972 3808 3088 3871 τοῖς
3145 3807 3517 3881 Σαρρακηνοῖς
3537 3827 3554 3844 ο

284 3905 628 3974 καὶάγνοειν
672 3905 901 3976 πότερον
939 3906 1123 3973 αὐτὸς,
1169 3905 1204 3976 ἢ
1249 3905 1345 3959 καὶ
1372 3905 1547 3970 αὐτοὶ,
1578 3905 1636 3958 ὲν
1670 3906 1737 3974 τῇ
1762 3901 1867 3974 ὁδῷ
1903 3902 2002 3973 τῆς
2033 3898 2311 3970 σωτηρίας
2338 3899 2499 3965 εἰσὶν,
2535 3900 2568 3969 ἦ
2599 3898 2685 3955 οὗ.

367 3998 509 4068 Ἀλλ’
551 3998 672 4052 οὐδὲ
703 3997 773 4052 δι’
804 3999 1002 4052 ἑαυτὸν
1028 3998 1058 4051 δ
1079 3999 1243 4074 νόμος
1270 3991 1425 4062 οὗτός
1461 4000 1578 4052 ἐστι
1604 3999 1747 4053 κατὰ
1783 3996 1871 4051 λό-

217 4145 221 4148 ,
283 4110 402 4161 γον,
448 4093 608 4146 τοῦτο
651 4092 752 4164 μὲν
781 4091 855 4156 ὡς
901 4091 1043 4162 ἔχων
1067 4092 1310 4162 ὀνόματα
1345 4092 1756 4163 αῐσχιστα,εκαὶ
1782 4091 1870 4160 ἐφ’

285 4181 372 4257 οἷς
413 4183 852 4254 ἑγκαλύπτεσθαι
888 4184 1120 4250 δίκαιον,
1167 4185 1265 4239 καὶ
1297 4185 1532 4255 μάλιστα
1585 4186 1868 4254 σαρκικοῖς

285 4279 634 4350 προσήκοντα
671 4275 902 4331 πάθεσιν
926 4292 941 4308 ·
985 4276 1044 4329 ιν
1081 4276 1354 4340 πλείστοις
1402 4277 1513 4346 γὰρ
1559 4275 1745 4340 τόποις
1785 4274 1862 4344 τῷ

283 4364 560 4441 αιᾶχὶστῳ
597 4367 778 4440 τούτῳ
807 4369 1020 4439 ῥήματι
1053 4368 1207 4439 μόλις
1235 4368 1389 4423 αὐτοὶ
1416 4367 1660 4440 χρῶνται
1681 4369 1729 4421 oi
1758 4385 1865 4421 κω-

283 4463 436 4532 μικοὶ
461 4462 709 4532 ποιηταὶ,
742 4456 825 4525 οἷς
871 4459 975 4530 ὕλη
1015 4459 1127 4516 τῶν
1159 4461 1480 4531 ποιημάτων
1517 4460 1587 4514 τὰ
1621 4460 1864 4533 σαρκικὰ

279 4555 376 4608 καὶ
401 4550 626 4625 αἰσχρὰ,
659 4555 709 4608 εί
739 4555 838 4608 καὶ
870 4547 1016 4609 οὗτοι
1054 4553 1297 4618 σπανίως
1318 4573 1333 4588 ο
1377 4552 1571 4626 ὥσπερ
1609 4554 1862 4624 Ὁράτιος

278 4647 511 4708 ἀναιδῶς
534 4644 713 4715 εἶπεν,
741 4648 818 4702 Οὐ
841 4646 1055 4702 δέδοικα
1077 4645 1446 4709 συνουσιάζων
1469 4665 1484 4680 ο
1508 4645 1668 4701 τοῦτο
1694 4647 1749 4700 δὲ
1777 4649 1858 4700 ὅτι

277 4735 466 4800 καθὼς
483 4735 581 4791 καὶ
598 4729 759 4801 αὐτὸς
781 4737 1082 4808 διαρρήδην
1111 4737 1278 4806 φησίν
1297 4753 1313 4768 °
1343 4739 1457 4791 οὐκ
1477 4737 1626 4790 ἐστιν
1652 4737 1863 4806 ἄνθρω-

275 4839 381 4887 πος
410 4823 468 4878 ἐν
498 4823 578 4894 τῷ
595 4824 788 4896 κόσμῳ
816 4825 1114 4896 δυνάμενος
1129 4825 1192 4877 τὸ
1218 4824 1540 4896 Ἀλκοράνον
1563 4827 1725 4880 νοεῖν.
1749 4824 1860 4877 Καὶ

275 4917 397 4982 πῶς
418 4919 798 4988 προσέταξενό
820 4917 956 4982 Θεὸς¹
979 4917 1138 4972 τοῦτο
1159 4919 1469 4989 τηρεῖσθαι,
1487 4919 1534 4971 εί
1564 4919 1640 4990 μὴ
1659 4917 1858 4990 δέδωκε

276 5011 379 5065 καὶ
407 5011 648 5064 νοεῖσθαι
672 5028 688 5077 ;
718 5011 812 5065 Δεῖ
835 4997 893 5064 δὲ
919 5010 1236 5080 γινώσκειν,
1261 5009 1337 5074 ὡς
1362 5013 1420 5064 ὲν
1443 5010 1519 5080 τῷ
1540 5008 1860 5080 Εὑαγγελίῳ

272 5103 432 5158 οὐδέν
461 5102 636 5167 ἐστιν,
662 5102 797 5172 ὅπερ
829 5104 930 5173 οὐχ
954 5098 1058 5156 οἷοί
1113 5103 1173 5156 τέ
1203 5105 1388 5173 ἔσμεν·
1412 5104 1506 5156 καὶ
1534 5104 1747 5173 νοῆσαι,
1776 5101 1856 5173 τῷ

277 5191 392 5259 τῆς
427 5191 662 5252 πίστεως
704 5190 842 5257 φωτὶ
872 5190 1252 5261 βοηθούμενοι.
1311 5191 1452 5245 Ἀλλ’
1492 5192 1612 5245 οὐδὲ
1653 5192 1740 5244 διὰ
1790 5193 1859 5244 τὰ

274 5279 646 5351 περιεχόμενα
694 5283 752 5334 ἐν
785 5279 959 5351 τούτῳ
996 5281 1302 5350 διδάγματά
1331 5282 1450 5334 ἐστι
1501 5281 1642 5334 κατὰ
1677 5281 1857 5350 λόγον.

271 5372 417 5444 Φησὶ
444 5372 554 5444 γὰρ
585 5375 643 5426 ἰν
673 5373 888 5436 πολλοῖς
920 5374 1106 5439 τόποις
1142 5375 1236 5429 τὸν
1264 5373 1397 5427 Θεὸν
1426 5375 1857 5445 προστεταχέναι

270 5467 388 5526 τοῖς
420 5465 694 5534 ἀγγέλοις,
721 5467 1100 5537 προσκυνῆσαι
1117 5467 1226 5524 τὸν
1247 5465 1451 5539 Ἀδάμ·
1478 5467 1574 5521 καὶ
1597 5468 1726 5532 τοὺς
1757 5468 1858 5539 μὲν

278 5556 358 5626 μὴ
382 5550 714 5627 θελήσαντας
769 5557 1026 5626 γενέσθαι
1054 5557 1336 5629 δαίμονας,
1372 5561 1500 5623 τοὺς
1525 5559 1586 5612 δὲ
1616 5577 1860 5631 προσκυ-

272 5646 544 5717 νήσαντας
567 5648 746 5718 μεῖναι
775 5648 1060 5724 ἀγγέλους.
1082 5650 1192 5702 Καὶ
1219 5645 1334 5714 πῶς
1357 5650 1426 5704 ἂν
1447 5653 1474 5704 ὁ
1500 5639 1634 5715 Θεὸς
1665 5654 1859 5707 ὲνετεί·

272 5739 406 5794 λατο
425 5739 890 5811 είδωλολατρείαν,
923 5743 1019 5794 καὶ
1045 5743 1160 5807 τοῖς
1181 5741 1362 5807 ἄλλοις
1385 5743 1485 5816 τὴν
1513 5743 1662 5817 αύτῷ
1689 5745 1858 5819 μόνην

338 5864 408 5928 (αὶ
436 5863 532 5917 Sic.
561 5863 698 5928 Lege
721 5871 775 5915 ut
807 5867 856 5917 in
893 5865 1065 5917 amco
1090 5867 1338 5920 Horatius.
1366 5869 1502 5922 Em.

2055 3994 2164 4049 Sed
2193 4008 2373 4064 neque
2409 4009 2510 4064 per
2549 3992 2792 4064 seipsam
2822 3994 2911 4050 lex
2961 3995 3075 4052 haec
3113 4005 3201 4053 est
3249 3998 3557 4055 secundum

1979 4079 2270 4148 rationem.
2305 4096 2570 4158 tanquam
2611 4088 2823 4169 habens
2853 4090 3078 4144 nomina
3115 4092 3454 4161 turpissima,
3497 4103 3556 4148 et

1975 4179 2032 4234 in
2060 4179 2267 4250 quibus
2298 4181 2471 4234 velari
2509 4182 2723 4252 justum
2749 4191 2856 4247 est,
2887 4191 2944 4236 et
2973 4183 3209 4238 maxime
3237 4185 3554 4241 carnalibus

1972 4272 2362 4328 convenientia
2413 4271 2788 4341 passionibus.
2833 4272 2890 4326 in
2927 4273 3180 4340 plurimis
3225 4265 3378 4330 enim
3415 4277 3554 4333 locis

1973 4363 2297 4434 turpissimo
2331 4365 2433 4418 hoc
2473 4364 2644 4419 verbo
2677 4364 2874 4428 utitur,
2905 4381 3049 4431 coeo,
3082 4367 3228 4435 quod
3259 4369 3406 4423 nulla
3445 4371 3550 4424 alia

1969 4457 2056 4513 lex
2087 4441 2258 4512 facit:
2284 4473 2398 4528 quo
2419 4460 2590 4513 verbo
2615 4458 2705 4512 vix
2734 4470 2906 4530 poetae
2935 4459 3041 4529 ipsi
3065 4461 3261 4515 comici
3299 4473 3549 4530 utuntur,

1970 4549 2172 4629 quibus
2198 4551 2426 4605 materia
2452 4559 2768 4620 poematum
2800 4561 2882 4606 est
2906 4555 3144 4609 carnalis
3168 4563 3225 4609 et
3252 4556 3446 4626 turpis,
3465 4567 3550 4612 ct-

1969 4642 2015 4696 si
2047 4642 2108 4697 lii
2134 4657 2295 4708 raro;
2322 4643 2467 4697 sicut
2510 4642 2710 4698 Aratus
2736 4642 2812 4712 (α)
2849 4644 3196 4714 impudenter
3220 4647 3356 4700 dixit
3387 4649 3548 4702 :‘Non

1968 4729 2131 4795 timui
2163 4730 2369 4786 coiens.
2393 4731 2506 4786 Hoc
2533 4743 2717 4786 autem
2751 4741 2806 4786 et
2852 4734 2971 4803 ipse
3005 4736 3184 4804 palam
3228 4736 3383 4802 dicit,
3429 4738 3548 4792 Non

1968 4833 2054 4877 est
2083 4822 2249 4876 homo
2280 4824 2334 4877 in
2369 4823 2573 4877 mundo
2604 4823 2699 4893 qui
2751 4827 2921 4892 possit
2967 4827 3301 4883 Alcoranum
3341 4831 3546 4885 intelli-

1968 4928 2116 4983 gere.
2157 4913 2223 4968 Et
2261 4915 2536 4984 quomodo
2568 4917 2847 4970 mandavit
2882 4919 3027 4974 Deus
3067 4921 3171 4975 hoc
3221 4924 3452 4990 servari,
3499 4925 3545 4978 si

1967 5025 2078 5064 non
2123 5009 2274 5065 dedit
2311 5017 2370 5063 et
2402 5008 2677 5080 intelligi?
2704 5009 2936 5081 Oportet
2974 5024 3156 5068 autem
3196 5017 3358 5079 scire,
3399 5020 3546 5088 quod

1969 5104 2024 5159 in
2061 5104 2356 5175 Evangelio
2402 5088 2543 5158 nihil
2588 5113 2695 5169 est,
2730 5106 2875 5174 quod
2911 5123 3018 5161 non
3069 5113 3346 5178 possimus
3376 5114 3542 5165 etiam

1969 5196 2302 5266 intelligere,
2344 5195 2470 5250 iidei
2505 5196 2716 5249 lumine
2751 5198 2944 5267 adjuti.
2979 5199 3083 5254 Sed
3111 5215 3291 5271 neque
3321 5214 3546 5273 propter

1967 5291 2277 5345 doctrinam
2308 5303 2430 5357 quae
2462 5287 2519 5342 in
2551 5302 2620 5342 eo
2642 5289 2984 5351 continetur.
3013 5300 3096 5346 est
3128 5294 3430 5348 secundum
3462 5311 3546 5350 ra-

1969 5379 2197 5436 tionem.
2230 5379 2369 5433 Dicit
2394 5380 2545 5434 enim
2585 5380 2642 5434 iu
2689 5383 2874 5436 multis
2907 5383 3064 5445 lui-is,
3112 5383 3280 5438 Deum
3315 5387 3542 5439 mantia-

1962 5473 2111 5528 visse
2158 5471 2388 5542 angelis,
2443 5473 2677 5528 adorare
2710 5474 2905 5538 Adam,
2955 5486 3010 5529 et
3047 5490 3144 5528 eos
3179 5476 3399 5544 quidem
3446 5480 3539 5544 qui

1963 5563 2193 5627 nollent,
2229 5563 2346 5619 ﬁeri
2393 5562 2714 5631 dmmones;
2746 5565 3039 5621 adorantes
3082 5577 3266 5620 autem
3317 5583 3540 5623 multum

1964 5656 2210 5728 angelos.
2237 5655 2306 5710 Et
2329 5656 2606 5726 quomodo
2638 5657 2783 5713 Deus
2806 5659 3118 5713 mandasset
3151 5658 3536 5726 idololatriam,

1964 5755 2019 5804 et
2044 5747 2254 5820 angelis
2285 5746 2558 5806 honorem
2579 5748 2895 5816 tribuisset,
2933 5750 3026 5820 qui
3064 5751 3164 5806 soli
3207 5748 3314 5803 Deo
3365 5749 3534 5806 debeo
