4156 6300
576 327 714 396 1079

1890 337 1986 397 DE
1997 335 2264 398 METRII
2305 331 2611 398 CYDONII

3690 332 3832 402 1080

577 442 782 500 batur?
812 445 945 502 Item
972 457 1028 503 et
1060 447 1273 505 ratione
1325 450 1589 506 doctrinae
1628 449 2022 507 irrationabilis
2066 463 2133 505 es!

2249 447 2607 521 ὀφειλομένην
2637 450 2804 504 ἔδωκε
2833 448 3023 516 δόξαν;
3061 449 3182 504 Ἔτι
3211 449 3302 504 καὶ
3334 447 3410 519 τῷ
3435 451 3579 521 λόγῳ
3611 450 3716 502 τῶν
3750 451 3828 502 δι·

576 554 646 594 ex
676 540 839 596 dictis
864 543 1129 611 ipsorum.
1165 543 1220 597 In
1252 543 1340 598 illa
1373 543 1521 598 enim
1547 544 1665 614 lege
1689 545 1922 599 maxime
1952 560 2148 600 neces-

573 632 782 688 sarium
810 636 892 701 (ut
918 635 1021 704 ipsi
1057 635 1270 706 dicunt)
1300 635 1406 690 hoc
1437 648 1542 700 cat,
1581 645 1642 691 ut
1667 636 1885 691 dicatur
1917 637 2144 707 ubique,

574 726 724 795 quod
777 743 884 781 non
933 737 1017 782 est
1067 728 1209 782 Deus
1243 739 1442 796 ιιι-αξιοι·
1484 729 1676 794 Deum,
1715 738 1768 786 et
1803 731 2148 788 Maliometns

571 830 659 875 est
702 820 980 890 apostolus
1031 820 1146 876 Dei.
1198 820 1524 892 Additque:
1574 823 1641 877 Et
1692 823 1836 892 quod
1891 825 2030 879 Deus
2062 833 2146 880 est

575 926 829 982 magnus.
853 911 957 966 Sed
985 929 1105 982 qua:
1132 916 1478 970 annuntiatio
1508 925 1593 971 est
1620 917 1762 972 ista?
1783 917 1971 972 Nullus
1997 919 2143 973 enim

571 1004 665 1075 qui
702 1004 915 1059 ratione
957 1006 1154 1069 utitur,
1189 1005 1373 1060 dicere
1418 1018 1605 1074 posset
1655 1009 1821 1062 Deum
1865 1025 1986 1066 esse
2014 1028 2144 1078 par—

572 1112 725 1150 vum.
783 1097 917 1152 Item
956 1100 1264 1166 propositio
1314 1115 1433 1168 qua:
1480 1100 1656 1156 dicit:
1705 1102 1822 1158 Non
1870 1115 1956 1157 est
2004 1104 2144 1158 Dens

571 1197 777 1259 prater
813 1188 1004 1254 Deum,
1041 1206 1169 1245 vera
1203 1201 1287 1245 est
1333 1208 1429 1259 per
1475 1194 1733 1262 seipsam,
1769 1204 1823 1249 et
1852 1211 1880 1248 a
1914 1198 2063 1250 nullo
2091 1197 2140 1251 ci

571 1279 993 1344 contradicitur,
1031 1274 1145 1336 sive
1181 1297 1323 1336 unus
1361 1282 1431 1336 sit
1477 1283 1637 1342 Deus.
1685 1283 1797 1339 sive
1831 1285 2036 1352 plures.
2075 1285 2143 1341 Et

571 1369 628 1425 in
659 1370 918 1426 omnibus
944 1370 1228 1428 verissima
1265 1381 1349 1439 est
1388 1374 1515 1427 talis
1545 1373 1864 1443 duplicatio.
1898 1374 2014 1429 Non
2060 1386 2144 1430 est

569 1465 719 1519 enim
752 1465 980 1535 angelus
1008 1465 1112 1520 nisi
1149 1467 1398 1536 angelus,
1432 1476 1488 1521 et
1524 1482 1631 1520 non
1684 1477 1769 1528 est
1822 1469 1984 1522 homo
2039 1470 2138 1523 nisi

569 1557 757 1623 homo,
791 1568 848 1612 et
877 1574 988 1617 non
1018 1568 1103 1613 est
1140 1563 1328 1613 asinus
1363 1560 1469 1615 nisi
1513 1561 1721 1616 asinus.
1769 1561 1871 1616 Bos
1905 1563 2050 1615 enim
2086 1571 2142 1618 et

569 1647 725 1708 canis
754 1667 862 1706 non
899 1660 981 1706 est
1024 1653 1237 1707 asinus.
1269 1652 1400 1719 Quae
1444 1663 1624 1708 autem
1669 1655 1821 1716 dicit,
1861 1655 2141 1710 lllaliome-

567 1754 660 1806 tus
683 1755 768 1800 est
793 1747 1080 1814 apostolus
1112 1745 1227 1810 Dei,
1255 1746 1414 1800 valde
1441 1757 1525 1801 est
1550 1747 1832 1815 ambigua.
1871 1747 2002 1814 Qum
2043 1748 2142 1818 igi-

566 1846 662 1893 tur
694 1838 838 1893 ratio
883 1838 1248 1901 connexionis
1285 1839 1480 1896 harum
1523 1841 1756 1895 duarum
1801 1841 2136 1912 propositio-

566 1946 724 1995 num,
764 1931 930 1987 unius
962 1931 1209 2002 quidem,
1265 1948 1366 2003 per
1417 1933 1655 2002 seipsam
1699 1943 1862 2000 notae,
1909 1934 2138 1990 alterius

568 2032 755 2078 autem
791 2038 891 2093 per
929 2025 1161 2094 seipsam
1195 2024 1434 2094 ignotae?
1475 2024 1605 2091 Quze
1661 2026 1837 2081 virtus
1887 2026 1974 2081 vel
2017 2042 2138 2096 quae

568 2116 802 2179 utilitas,
834 2123 894 2169 ut
929 2115 1244 2186 quicunque
1275 2117 1380 2172 hoc
1415 2117 1764 2181 conﬁteatur,
1800 2117 1868 2171 de
1894 2119 2136 2173 necessi-

566 2215 682 2264 tate
719 2209 1001 2264 salvetur?
1057 2209 1188 2263 Item
1222 2209 1566 2264 Mahometus
1604 2212 1657 2265 in
1707 2211 1968 2281 praedicta
2018 2211 2137 2282 lege

565 2299 724 2363 dicit,
757 2302 902 2370 quod
943 2317 1133 2355 omnes
1167 2301 1418 2358 homines
1448 2319 1618 2357 unum
1657 2313 1838 2370 erant,
1867 2315 1924 2360 et
1971 2306 2138 2362 unius

561 2405 750 2462 eiectae,
801 2403 856 2449 ct
902 2394 1064 2450 unius
1097 2395 1402 2465 religionis,
1455 2394 1597 2450 Deus
1649 2406 1834 2452 autem
1889 2397 2136 2453 diversos

563 2501 664 2546 eos
696 2486 844 2551 fecit,
875 2487 967 2556 qui
999 2487 1150 2542 misit
1176 2488 1426 2543 diversos
1459 2488 1778 2557 prophetas.
1810 2488 1924 2544 Iloc
1953 2497 2133 2544 autem

565 2594 748 2651 neque
771 2595 1064 2650 quousque
1085 2591 1348 2652 appareat
1377 2596 1567 2636 verum
1590 2596 1715 2636 esse
1737 2590 1938 2651 potest.
1970 2582 2136 2638 Maxi-

563 2687 654 2728 me
687 2673 832 2726 enim
866 2689 1010 2727 unus
1044 2673 1210 2738 Deus,
1237 2670 1333 2742 qui
1365 2671 1599 2727 maxime
1632 2672 1898 2729 unitatem
1938 2683 1995 2727 et
2033 2673 2136 2728 lio-

563 2763 777 2826 minum
807 2766 1040 2820 salutem
1074 2773 1241 2820 amat.
1293 2763 1412 2819 Non
1448 2766 1596 2820 enim
1631 2765 1911 2822 divisisset
1956 2766 2139 2821 homi-

562 2871 667 2927 nes
709 2857 766 2912 in
812 2858 1060 2913 diversas
1093 2867 1275 2913 sectas
1309 2866 1367 2911 et
1397 2872 1618 2913 errores
1665 2866 1722 2913 et
1770 2859 2130 2928 perditiones.

562 2950 669 3012 Sed
705 2950 811 3006 hoc
854 2951 1061 3006 invidia
1098 2950 1364 3005 daemonis
1397 2950 1601 3006 factum
1654 2960 1760 3014 est,
1796 2961 1853 3006 et
1885 2952 2134 3021 nequitia

561 3041 871 3114 hominum,
915 3042 1280 3111 permissione
1327 3050 1509 3095 tamen
1558 3039 1675 3104 Dei,
1723 3042 1816 3111 qui
1864 3043 2135 3111 permittit

2248 542 2538 612 δαγμὰτων
2568 544 2760 611 ἄλογός
2803 541 2939 598 ἐστι.
2975 543 3049 596 Τὸ
3079 543 3187 611 γὰρ
3232 545 3289 595 ὲν
3325 541 3513 616 ἐκείνῳ
3546 545 3623 613 τῷ
3669 544 3819 614 νόμῳ

2250 634 2486 703 μάλιστα
2517 636 2612 690 καὶ
2645 637 2807 705 μόνον
2840 636 3160 704 ἀναγκαῖον,
3192 635 3268 700 ὡς
3302 637 3458 690 αὐτοί
3489 655 3642 705 φασι,
3676 637 3822 691 τοῦτ’

2246 729 2384 794 ἐστι,
2413 731 2473 784 τὸ
2513 732 2924 799 διαγγέλλεσθαι
2960 732 3258 802 πανταχοῦ,
3303 734 3380 797 ὼς
3413 736 3513 787 οὐκ
3545 735 3660 788 ἔστι
3692 734 3828 799 Θεδς

2247 823 2387 894 πλὴν
2427 823 2522 877 τοῦ
2559 824 2717 888 Θεοῦ,
2762 826 2856 879 και
2900 825 2928 876 ὁ
2963 824 3265 896 Μαχούμετ
3311 827 3462 879 ἐστὶν
3502 814 3842 890 ἀπόστολοςξ

2247 915 2605 985 Προστιθέασί
2625 933 2684 968 τε
2713 917 2806 969 καὶ
2838 919 2919 970 ὅτι
2953 918 2980 968 6
3001 917 3133 980 Θεός
3162 920 3282 970 ἐστι
3319 905 3514 988 μέγας.
3561 917 3721 970 Ἀλλὰ
3743 918 3828 982 τίς

2247 1007 2538 1076 εὐαγγελία
2560 1009 2708 1062 ἐστὶν
2729 1010 2761 1076 ἡ
2782 1009 3004 1079 τοιαύτη
3024 1026 3038 1074 ;
3065 1009 3254 1073 Οὐδεὶς
3267 1010 3372 1078 γάρ
3397 1011 3511 1062 ἑστι
3528 1010 3670 1079 λόγῳ
3688 1011 3830 1080 χρώ-

2249 1117 2430 1170 μενος,
2469 1101 2528 1163 ὅς
2574 1100 2640 1153 ἂν
2673 1101 2814 1154 εἴποι
2851 1100 2943 1154 τὸν
2988 1101 3121 1154 θεὸν
3155 1096 3294 1154 εἶναι
3354 1100 3571 1172 μικρόν.
3622 1103 3742 1155 Ἔτι
3787 1103 3822 1174 ἠ

2244 1194 2475 1261 λέγουσα
2502 1194 2789 1264 πρότασις,
2831 1193 2945 1247 Οὐκ
2986 1193 3100 1247 ἔστι
3155 1193 3288 1256 Θεὸς
3332 1193 3473 1262 πλὴν
3514 1193 3607 1246 τοῦ
3664 1195 3823 1260 Θῖοῠ,

2245 1285 2453 1357 ἀληθής
2490 1288 2602 1338 ἐστι
2636 1285 2758 1338 καθ’
2794 1285 2985 1353 αὐτὴν,
3013 1285 3107 1338 καὶ
3137 1285 3270 1355 παρ’
3300 1284 3509 1348 οὐδενὸς
3545 1285 3824 1351 ἀντιλέγει

2241 1396 2356 1444 ται,
2386 1382 2497 1433 εῐτε
2524 1373 2603 1440 εἷς
2635 1377 2718 1448 εἴη
2743 1377 2896 1440 Θεὸς,
2923 1379 3030 1430 εἴτε
3070 1377 3306 1440 πλείους.
3340 1377 3452 1431 Καὶ
3485 1377 3577 1430 ἐπὶ
3607 1377 3825 1431 πάντων

2243 1470 2586 1541 ἀληθεστάτη
2643 1470 2791 1524 ἐστὶν
2841 1471 2875 1543 ή
2930 1470 3156 1539 τοιαύτη
3205 1469 3680 1544 ἐπαναδίπλωσιςο
3723 1471 3824 1524 οὐκ

2242 1566 2356 1619 ἐστι
2391 1565 2501 1635 γὰρ
2540 1558 2769 1634 ἇγτγελος
2799 1565 2849 1619 εί
2895 1566 2969 1636 μὴ
2997 1565 3227 1635 ἄγγελος
3248 1583 3262 1597 ·
3295 1567 3384 1619 καὶ
3413 1565 3511 1619 οὐκ
3555 1564 3702 1617 ἔστιν
3731 1564 3824 1618 ἄν-

2243 1659 2460 1727 θρωπος
2495 1658 2541 1709 si
2568 1655 2644 1726 μὴ
2667 1657 2984 1728 ἄνθρωπος·
3023 1658 3118 1712 καὶ
3141 1656 3241 1710 οὐκ
3277 1657 3424 1709 ἔστιν
3458 1657 3484 1709 6
3511 1655 3632 1718 δνος
3661 1655 3710 1708 εἰ
3749 1653 3822 1726 μὴ

2241 1747 2398 1809 δνος.’
2429 1747 2487 1800 '0
2515 1750 2622 1816 γὰρ
2655 1746 2778 1818 βοῦς
2814 1748 2907 1800 καὶ
2940 1749 2966 1800 6
2999 1748 3144 1801 κύων
3177 1748 3277 1801 οὐκ
3305 1747 3452 1800 ἔστιν
3486 1748 3628 1809 ὄνος.
3666 1747 3732 1798 Ἢ
3764 1745 3820 1799 δὲ

2221 1835 2493 1907 ’λέγουσα,
2511 1841 2568 1894 '0
2595 1839 2891 1910 Μαχούμετ
2913 1840 3059 1894 ἐστὶν
3079 1841 3375 1904 ἀπόστολος
3400 1841 3491 1894 τοῦ
3517 1840 3673 1918 Θεοῦ,
3701 1841 3821 1895 λίαν

2241 1933 2388 1985 ἐστὶν
2411 1931 2735 2000 ἀμφίϐολος.
2769 1931 3115 1998 Ποίαδτοῐνυν
3146 1931 3297 1986 αἰτία
3325 1932 3426 1999 τῆς
3455 1933 3698 2002 συναφῆς
3713 1932 3822 1986 τῶν

2241 2023 2337 2080 δύο
2367 2023 2577 2080 τούτων
2606 2025 2950 2094 προτάσεων,
2992 2026 3119 2096 μιᾶς
3158 2024 3259 2093 μὲν
3293 2025 3415 2078 καθ’
3453 2023 3651 2094 ἑαυτὴν
3683 2041 3823 2093 γνω-

2240 2117 2394 2189 στῆς,
2422 2117 2522 2188 τῆς
2549 2117 2604 2170 δὲ
2647 2115 2843 2188 λοιπῆς
2867 2118 3150 2186 ἀγνώστου
3184 2117 3306 2170 καθ’
3332 2117 3534 2187 ἑαυτήν
3559 2134 3574 2180 ;
3604 2115 3670 2170 ‘Il
3695 2117 3820 2171 ποῖα

2226 2213 2408 2286 -ἀρετὴ
2441 2215 2474 2285 ἦ
2518 2213 2753 2285 ὠφέλεια
2786 2215 2854 2268 τά
2900 2213 3125 2268 τοιαῦτα
3175 2212 3476 2284 ὁμολογεῖν,
3512 2215 3606 2267 καὶ
3646 2211 3816 2273 οὕτως

2237 2304 2376 2375 εἶναι
2433 2308 2756 2379 ἀναγκαῖον,
2791 2308 2931 2364 ὥστε
2968 2306 3274 2376 ἐξανάγκης
3321 2305 3590 2369 σώζεσθαι
3640 2305 3819 2360 πάντα

2235 2399 2328 2452 τδν
2381 2397 2554 2463 οὕτως
2595 2399 2995 2469 ὁμολογοῦντας
3050 2400 3170 2452 Ἔτι
3219 2399 3247 2452 6
3294 2399 3595 2468 Μαχούμετ
3638 2398 3696 2450 ἐν
3743 2397 3818 2464 τῷ

2238 2490 2625 2562 προειρημένῳ
2652 2491 2801 2560 νόμῳ
2824 2491 3012 2561 φησὶν,
3042 2489 3127 2543 ὅτι
3155 2490 3355 2552 πάντες
3382 2489 3432 2542 οι
3458 2488 3738 2559 ἄνθρωποι
3761 2486 3819 2542 ἓν

2236 2574 2396 2650 ἦσαν,
2432 2581 2529 2634 καὶ
2579 2583 2710 2651 μιᾶς
2745 2581 3033 2650 αἱρέσεως,
3071 2581 3172 2635 καὶ
3201 2583 3332 2651 μιᾶς
3360 2581 3659 2652 θρησκείας
3680 2595 3695 2612 ⁶
3730 2580 3819 2634 τὴν

2234 2671 2292 2725 δὲ
2313 2671 2441 2725 Θεὸν
2471 2672 2759 2744 διαφόρους
2785 2673 2984 2736 αὐτοὺς
3015 2673 3262 2743 ποιῆσαι,
3288 2673 3680 2726 ἀποστείλαντα
3710 2673 3823 2726 δια-

2236 2757 2438 2836 φόρους
2473 2767 2778 2836 προφήτας.
2810 2763 2982 2818 Τοῦτο
3009 2766 3066 2818 δὲ
3095 2764 3216 2818 οὐδὲ
3256 2765 3416 2835 μέχρι
3441 2764 3535 2818 τοῦ
3560 2763 3707 2829 δόξαι
3733 2765 3817 2835 εἴη
3905 2753 3910 2758 ’

2238 2857 2304 2911 ἂν
2336 2856 2662 2926 ἀληθές.’⁹0
2695 2856 2805 2925 γὰρ
2852 2858 3086 2927 μάλιστα
3138 2854 3218 2920 εἵς
3251 2858 3404 2922 Θεὸς,
3440 2858 3535 2910 καὶ
3583 2856 3819 2926 μάλιστα

2235 2949 2334 3021 τὴν
2368 2950 2596 3020 ἑνότητα
2631 2951 2725 3002 καὶ
2752 2951 2853 3017 τὴν
2885 2950 2997 3002 τῶν
3035 2949 3341 3024 ἀνθρώπων
3373 2949 3653 3020 σωτηρίαν
3680 2951 3820 3017 ἀγα·

2240 3043 2380 3105 πῶν,
2405 3042 2506 3093 οὐκ
2527 3040 2592 3094 ἂν
2615 3041 2778 3095 διεῖλε
2804 3042 2929 3104 τοὺς
2953 3039 3278 3113 ἀνθρώπους
3309 3041 3392 3105 είς
3414 3041 3706 3111 διαφόρους
3734 3041 3818 3095 αε-

559 3148 657 3191 eos
681 3133 776 3202 qui
803 3133 998 3187 nolunt
1029 3133 1258 3188 credere
1286 3130 1526 3197 veritati,
1551 3133 1606 3187 in
1634 3132 1883 3188 diversos
1912 3148 2133 3188 errores

2237 3134 2438 3201 ρέσεις,
2454 3133 2551 3185 καὶ
2570 3133 2797 3198 πλάνας,
2826 3135 2922 3188 καὶ
2941 3133 3241 3198 ἀπωλείας.
3269 3133 3434 3188 Ἀλλά
3455 3135 3612 3188 τοῦτο
3637 3133 3815 3204 φθόνῳ

559 3225 830 3282 incidere.
881 3224 1013 3279 Item
1061 3223 1405 3278 Mahomelus
1452 3223 1799 3293 inupraedicta
1830 3225 1950 3294 lege
1976 3223 2133 3294 jubet

559 3326 820 3388 tanquam
849 3332 916 3370 ex
952 3331 1047 3370 ore
1074 3299 1194 3380 Dei,
1228 3314 1469 3369 interimi
1513 3314 1782 3379 inﬁdeles,
1816 3315 1868 3370 id
1909 3326 1992 3370 est
2035 3330 2131 3371 eos

559 3414 654 3474 qui
679 3391 943 3466 non'sunt
970 3410 1255 3466 Saraceni.
1289 3409 1421 3464 Item
1454 3408 1588 3463 dicit
1614 3410 1682 3462 de
1711 3409 1815 3471 eis,
1841 3408 1985 3478 quod
2019 3425 2129 3464 non

554 3513 790 3582 possunt
821 3515 970 3561 recta
1005 3503 1266 3573 cogitare,
1313 3517 1436 3558 eum
1483 3517 1511 3556 a
1563 3503 1674 3557 Deo
1707 3518 1816 3556 non
1846 3503 2132 3559 deducun-

532 3598 686 3666 'tur;
720 3598 863 3653 Deus
893 3607 1075 3651 autem
1117 3611 1214 3652 eos
1258 3612 1366 3651 non
1413 3595 1659 3650 deducit.
1696 3593 1801 3650 Sed
1853 3595 2130 3650 incon've-

553 3691 718 3747 niens
753 3689 1016 3757 interimi,
1047 3701 1338 3760 propterea
1362 3687 1507 3758 quod
1548 3703 1660 3742 non
1691 3697 1954 3758 possunt;
1990 3703 2130 3758 quos

553 3792 742 3840 autem
769 3789 1022 3855 possunt,
1042 3798 1149 3837 non
1179 3781 1512 3838 conveniens
1534 3788 1616 3836 est
1640 3796 1854 3850 cogere,
1876 3791 2127 3852 propter-

553 3891 620 3934 ea
649 3876 794 3946 quod
828 3892 937 3931 non
982 3875 1161 3945 placet
1194 3873 1304 3928 Deo
1345 3874 1584 3928 servitus
1619 3882 1832 3928 coacta.
1883 3871 2127 3928 lntcrimi

554 3979 740 4027 autem
777 3969 887 4036 nisi,
909 3954 1158 4032 credant,
1194 3965 1281 4021 vel
1311 3966 1497 4035 aliquo
1529 3964 1694 4019 modo
1725 3965 1890 4020 simul
1920 3964 2127 4035 impelli

555 4065 622 4128 ad
653 4061 1011 4129 credendum,
1041 4069 1098 4115 et
1127 4059 1243 4128 ipse
1277 4059 1371 4128 qui
1425 4057 1542 4113 hare
1584 4057 1805 4112 mandat
1852 4049 2133 4112 Mabonie-

559 4163 651 4209 tus
723 4153 1119 4213 inconveniens
1161 4151 1371 4221 iudicat
1425 4157 1482 4204 et
1533 4149 1929 4204 irrationabile.
1985 4147 2128 4220 Dicit

553 4247 714 4310 enim,
737 4245 792 4300 in
827 4247 1068 4314 capitulo
1097 4242 1246 4297 Jonas
1283 4261 1296 4296 :
1339 4242 1394 4297 Si
1425 4240 1693 4296 voluisset
1727 4241 1889 4305 Deus,
1937 4253 2128 4294 omnes

548 4338 662 4410 jam
688 4335 1055 4393 credidissent
1084 4336 1181 4403 qui
1212 4342 1339 4389 sunt
1373 4335 1426 4388 in
1460 4344 1627 4388 terra.
1663 4334 1730 4387 Et
1764 4342 1821 4386 tu
1851 4331 2000 4402 cogis
2027 4332 2129 4386 ho-

555 4412 734 4486 mines
782 4439 844 4485 ut
885 4429 1146 4484 credant?
1190 4427 1270 4483 Et
1305 4427 1491 4480 nullus
1540 4435 1719 4494 potest
1762 4439 1881 4479 esse
1924 4422 2123 4486 ﬁdelis,

2238 3224 2329 3276 τοῦ
2358 3224 2612 3294 δαίμονος
2645 3225 2855 3294 γέγονε,
2896 3228 2990 3280 καὶ
3023 3227 3254 3296 πονηρίᾳ
3282 3226 3608 3296 ἀνθρώπων,
3641 3242 3817 3297 παρα-

2238 3320 2477 3390 χωρήσει
2497 3319 2682 3390 μέντοι
2709 3321 2867 3388 Θεοῦ,
2891 3320 3017 3384 τοὺς
3044 3319 3121 3391 μὴ
3152 3318 3508 3391 βουλομένους
3527 3319 3813 3374 πιστεύσαι

2237 3413 2304 3481 τῇ
2363 3411 2589 3482 ἀληθείᾳ
2618 3411 2892 3482 διαφόροις
2928 3413 3221 3465 ὑποπεσεῖν
3245 3412 3489 3480 αἱρέσεσι
3525 3411 3813 3483 συγχωρήο

2240 3519 2454 3566 σαντος.
2491 3505 2613 3556 Ἔτι
2659 3505 2687 3556 6
2717 3503 2962 3573 Μωάμεθ
3009 3505 3068 3556 ὲν
3098 3503 3175 3573 τῷ
3231 3503 3619 3575 προειρημένῳ
3664 3505 3813 3573 νόμῳ

2238 3595 2450 3648 κελεύει
2490 3595 2679 3665 ὥσπερ
2725 3597 2790 3648 ἐκ
2831 3596 3104 3666 στόματος
3148 3594 3283 3648 Θεοῦ
3320 3595 3644 3664 φονεύεσθαι
3686 3596 3812 3659 τοὺς

2238 3688 2524 3754 ἀπίστους,
2545 3685 2793 3740 τουτέστι
2823 3687 2948 3751 τοὺς
2969 3687 3042 3756 μὴ
3066 3687 3220 3749 ὄντας
3241 3688 3630 3759 Σαρῤακηνοιῑς
3651 3705 3665 3719 ο
3698 3687 3817 3742 καί·

2240 3797 2321 3833 τοι
2354 3797 2417 3849 γε
2447 3778 2615 3833 εἰπὼν
2655 3779 3024 3847 περὶαύτῶν,
3059 3771 3137 3842 ὼς
3167 3779 3226 3832 οὗ
3271 3779 3524 3833 δύνανται
3563 3779 3632 3833 τά
3677 3778 3814 3849 ὀρθά

2239 3875 2473 3944 φρονεῖν,
2502 3874 2576 3943 μὴ
2602 3872 2756 3941 παρά
2782 3869 2918 3925 Θεοῦ
2945 3871 3333 3943 ὁδηγούμενοι·
3358 3872 3449 3926 τὸν
3469 3873 3528 3927 δὲ
3557 3872 3690 3926 Θεὸν
3720 3873 3812 3926 αὐ-

2237 3966 2364 4040 τοὺς
2398 3963 2472 4033 μὴ
2499 3964 2787 4034 ὀδηγῆσαι.
2828 3964 2991 4016 Ἀλλὰ
3018 3964 3218 4017 ἄτοπον
3253 3949 3598 4035 φονεύεσθαι,
3631 3965 3718 4017 διὰ
3751 3964 3813 4018 τδ

2239 4055 2315 4127 μὴ
2341 4055 2630 4108 δύνασθαιο
2673 4053 2766 4118 οὓς
2800 4055 2895 4110 καὶ
2924 4055 3261 4124 δυναμένους
3303 4054 3363 4107 οὐ
3416 4054 3697 4125 προσῆκον
3745 4048 3812 4124 ἦν

2236 4144 2664 4213 ηναγκάζεσθαι,
2699 4145 2784 4199 διὰ
2812 4146 2868 4198 τὸ
2903 4146 2976 4215 μὴ
3013 4137 3269 4215 ἀρέσκειν
3297 4144 3374 4216 τῷ
3401 4145 3522 4214 Θεῷ
3549 4145 3652 4216 τὴν
3686 4161 3814 4198 x1:-

2233 4235 2661 4307 ηναγκασμένην
2707 4235 2983 4304 λατρείαν.
3035 4237 3107 4289 Τὺ
3141 4237 3198 4288 δὲ
3248 4236 3594 4305 φονεύεσθαι,
3649 4239 3698 4290 εί
3733 4235 3808 4306 μὴ

2235 4326 2606 4389 πιστιύσαιεν,
2636 4326 2668 4396 ἢ
2695 4325 2880 4395 ἕτερον
2901 4326 3098 4395 τρόπον
3135 4324 3492 4379 συνωθεῖσθαι
3521 4327 3600 4389 εἰς
3634 4325 3694 4379 τὺ
3725 4341 3811 4378 πι-

2236 4419 2470 4486 στεύειν,
2507 4417 2601 4472 xui
2648 4419 2808 4481 αὐτὸς
2851 4419 2879 4471 6
2909 4418 3080 4471 ταῦτα
3125 4418 3483 4490 προστάσσων
3511 4417 3807 4488 Μαχούμετ

556 4520 665 4576 nisi
703 4520 809 4575 hoc
842 4521 891 4576 ei
925 4533 1250 4574 concessum
1285 4516 1411 4570 sita
1441 4515 1572 4570 Deo.
1607 4513 1718 4570 Hoc
1750 4523 1932 4568 autem
1962 4514 2127 4568 latius

2237 4511 2430 4566 ἀτοπον
2460 4511 2636 4582 κρίνει
2670 4511 2764 4564 ml
2793 4511 3006 4578 ἄλογον.
3041 4511 3178 4580 Φησὶ
3201 4511 3309 4581 γὰρ
3336 4512 3391 4566 ὲν
3422 4510 3500 4581 τῷ
3529 4509 3804 4577 κεφαλαίῳ

551 4613 946 4682 explicabimus
976 4613 1030 4666 in
1059 4608 1441 4681 sequentibus,
1483 4610 1536 4662 in
1578 4623 1724 4662 nono
1759 4605 2021 4676 capitulo.

2229 4602 2325 4657 τοῦ
2367 4603 2549 4656 Ἰωνᾶ·
2591 4603 2649 4655 El
2684 4602 2873 4670 ἤθελεν
2902 4603 2928 4655 6
2963 4599 3118 4665 Θεδς,
3154 4603 3350 4666 πάντες
3386 4603 3450 4655 ἂν
3480 4603 3802 4656 ἐπίστευσαν

551 4710 602 4762 οἱ
623 4710 680 4761 ὲν
711 4711 776 4780 τῇ
809 4711 900 4778 γῇ.
921 4707 1031 4761 Καὶ
1055 4709 1117 4762 σὺ
1141 4704 1471 4772 ἀναγκάζεις
1493 4703 1616 4766 τοὺς
1636 4701 1953 4772 ἀνθρώπους
1975 4700 2112 4754 ὥστε
2139 4699 2417 4754 πιστεύειν
2440 4716 2456 4766 ;
2481 4699 2590 4753 Καὶ
2640 4697 2810 4760 οὐδελς
2827 4695 3051 4751 δύναται
3076 4693 3212 4750 εἶναι
3250 4699 3528 4762 πιστδςμί
3565 4697 3641 4770 μὴ
3662 4695 3803 4751 τοῦτ’

555 4799 706 4870 αὐτῷ
735 4799 1015 4870 χαρισθεὶη
1053 4799 1202 4865 παρά
1224 4796 1400 4863 8εοῦ;
1432 4796 1599 4849 Τοῦτο
1628 4788 1686 4848 δὲ
1714 4795 2048 4865 πλατύτερον
2076 4793 2544 4862 ὲπεξελευσόμεθα
2562 4795 2618 4844 ὲν
2640 4793 2750 4854 τοῖς
2791 4792 3076 4862 ἑπομένοις
3105 4790 3256 4862 ὲντῴ
3276 4787 3484 4862 δεκάτῳ
3504 4792 3799 4862 κεφαλαίῳ.

621 4896 1023 4952 Irrationabilis
1051 4905 1134 4949 est
1174 4903 1357 4948 autem
1391 4895 1477 4949 lex
1517 4893 1632 4947 [nec
1669 4902 1725 4947 et
1755 4903 1978 4964 propter
2010 4893 2123 4946 haec

552 4989 622 5045 de
649 4988 852 5057 quibus
887 4995 1104 5040 tractat.
1142 4985 1294 5039 Facit
1327 4985 1473 5039 enim
1505 4985 1804 5053 capitulum
1835 4983 2120 5054 proprium

548 5081 617 5139 de
645 5081 894 5143 formica,
924 5087 978 5134 et
1015 5080 1158 5132 aliud
1207 5079 1274 5132 de
1311 5093 1530 5140 aranea,
1559 5087 1613 5132 et
1642 5077 1788 5132 aliud
1822 5077 1888 5132 de
1927 5077 2116 5140 l‘umo;

549 5179 712 5249 cuius
736 5187 919 5231 autem
947 5175 1117 5246 gratia
1150 5175 1293 5229 Deus
1328 5172 1451 5227 talia
1479 5173 1757 5228 mandavit
1793 5174 1858 5227 de
1894 5173 2119 5227 formica

548 5281 604 5327 et
633 5271 702 5326 de
726 5269 915 5324 fumo?
952 5268 1084 5329 Item
1127 5265 1280 5330 dicit,
1323 5265 1466 5335 quod
1500 5281 1778 5336 nunquam
1828 5265 1968 5318 Deus
2001 5281 2125 5334 par-

549 5375 675 5415 cere
704 5368 892 5429 posset
945 5356 1256 5412 ostendenti
1292 5364 1443 5425 terga
1478 5355 1736 5420 inimicis,
1783 5365 1838 5410 et
1887 5357 2119 5424 reliqua.

549 5431 924 5523 Quod‘autetn
959 5459 1270 5522 peccatum,
1307 5447 1496 5518 fugere
1529 5448 1806 5501 hominem
1854 5447 1907 5502 in
1957 5448 2120 5511 bello,

548 5546 829 5599 videntem
867 5544 1108 5610 SCIanIU
1141 5542 1194 5592 in
1233 5539 1480 5607 periculo
1503 5540 1524 5591 ?
1551 5536 1657 5592 Sed
1694 5537 1865 5603 voluit
1895 5539 1986 5607 vel.
2012 5539 2126 5592 bel-

549 5640 752 5710 licosos
804 5639 970 5706 ipsos,
1001 5635 1085 5688 vel
1117 5633 1356 5699 audaces
1387 5631 1727 5686 Mabomctus
1757 5631 1960 5686 facere.
1989 5633 2120 5686 item

551 5735 635 5795 lex
661 5746 782 5800 qtlte
804 5730 960 5800 jubet
989 5729 1056 5781 de
1090 5725 1384 5788 lavatione,
1419 5726 1810 5780 irrationabilis
1834 5736 1918 5780 est
1944 5727 2123 5780 omni-

546 5842 636 5889 no.
667 5821 882 5885 Mandat
920 5823 1066 5877 cnim
1115 5816 1335 5892 quando
1365 5832 1524 5871 orare
1554 5817 1745 5884 velint,
1783 5817 1963 5873 lavare
2007 5834 2120 5873 ma-

2305 4890 2533 4959 ’Δλογος
2596 4889 2652 4943 δέ
2721 4891 2864 4941 ἐστιν
2928 4880 3082 4951 οὗτος
3128 4891 3158 4940 6
3209 4888 3370 4959 νόμος
3427 4891 3523 4942 καὶ
3591 4891 3678 4946 διὰ
3735 4891 3799 4943 τὰ

2232 4983 2360 5052 περὶ
2413 4976 2489 5036 ὧν
2552 4981 3021 5053 πραγματεύεται.
3059 4980 3286 5049 Ποιῆσαι
3342 4980 3452 5050 γὰρ
3512 4984 3799 5053 κεφάλαιον

2231 5073 2399 5128 ίδικὺν
2460 5075 2590 5144 ’περὶ⁸
2655 5071 2747 5125 τοῦ
2807 5071 3116 5143 μύρμηκος,
3163 5076 3273 5126 ⁵καὶ.
3329 5074 3458 5128 ἄλλο
3515 5079 3646 5148 περὶ
3707 5075 3795 5128 τοῦ

2229 5169 2491 5238 ἀράχνου,
2532 5166 2627 5219 καὶ
2673 5165 2799 5217 ἄλλο
2841 5165 3094 5234 περὶτοῦ
3155 5166 3386 5231 καπνοῦ,
3423 5167 3564 5232 τινος
3600 5170 3656 5223 δὲ
3705 5169 3798 5239 χάο

2230 5279 2316 5330 ριν
2341 5262 2369 5313 6
2397 5259 2529 5323 Θεὸς
2575 5256 2795 5311 τοιαῦτα
2849 5241 3334 5328 ἐνετείλατοοπερὶ
3380 5261 3475 5314 τοῦ
3514 5262 3794 5335 μύρμηκος

2229 5355 2324 5407 καὶ
2349 5353 2442 5406 τοῦ
2480 5349 2729 5412 nummi;
2761 5351 2884 5405 Ἔτι
2916 5351 3103 5419 φησὶν,
3130 5351 3205 5414 ὡς
3233 5353 3481 5408 οὐδέποτ’
3515 5357 3580 5408 ἂν
3611 5359 3637 5409 6
3670 5356 3796 5421 Θεὸς

2231 5445 2489 5517 συγγνοίη
2513 5435 2872 5516 Σχξρακηυῷς
2890 5445 3124 5509 δείξαντι
3145 5445 3289 5499 νῶτα
3311 5449 3420 5526 τοῖς
3444 5449 3674 5520 ἐχθροῖς,
3703 5451 3793 5504 καὶ

2223 5543 2289 5594 τὰ
2315 5541 2497 5593 λοιπά.
2537 5541 2668 5592 Ποία
2699 5541 2752 5592 δὲ
2785 5539 3028 5610 ἁμαρτὲα
3070 5543 3263 5609 φυγεῖν
3297 5543 3389 5595 τὸν
3424 5543 3710 5614 ἄνθρωπον
3735 5545 3794 5597 ὲν

2224 5634 2312 5685 πο)
2327 5634 2460 5703 ξ’μῳ,
2489 5635 2700 5702 ὁρῶντα
2726 5633 2914 5686 ἑαυτὸν
2945 5634 3005 5684 ἐν
3039 5634 3310 5705 κινδύνῳ;
3350 5636 3494 5690 Ἀλλ’
3521 5637 3790 5708 ἠϐουλήθη

2223 5727 2315 5779 καὶ
2342 5728 2668 5795 πολεμικοὺς
2709 5726 2905 5787 αὐτοὺς
2941 5728 3034 5779 καὶ
3081 5727 3387 5797 τολμηροὺς
3435 5733 3462 5784 6
3497 5731 3791 5802 Μαχουμετ

2225 5819 2468 5888 ποιῆσαι.
2527 5819 2646 5872 Ἔτι
2703 5820 2731 5871 ὁ
2780 5819 2939 5892 νόμος
2988 5820 3048 5875 ὃν
3095 5817 3465 5879 διακελεύεται
3521 5827 3648 5898 περὶ
3693 5821 3795 5894 τῆς
