4156 6300
537 391 674 456 1083

1822 372 2202 437 DEMETBII
2239 367 2550 432 CYDONII
2601 436 2607 447 η

3651 350 3791 422 1084

534 503 826 575 quamdam
896 500 980 554 vel
1027 501 1340 570 exentplum
1392 497 1569 563 dicit,
1636 497 1781 549 sicut
1837 502 1895 548 et
1953 506 2143 553 sacra,

2240 486 2391 541 uina.
2433 486 2493 539 οὐ
2550 483 2697 540 κο.τά
2743 501 2869 540 τινα
2895 482 3194 555 ὁμοιότητα
3241 477 3658 552 ἥπαράδειγμα
3685 480 3796 548 φά-

538 596 824 660 Scriptura
861 591 1116 645 meminit.
1148 590 1486 644 cibariorum
1531 599 1588 641 et
1621 599 1823 640 mensae
1862 586 1917 638 in
1950 584 2110 637 beata

535 689 672 743 vita.
705 688 778 740 Dc
810 699 934 739 vera
971 691 1154 736 autem
1189 679 1555 741 beatitudine,
1597 675 1831 732 sicntdc
1855 673 2111 743 specula-

540 782 691 835 tione
733 777 849 842 Dei,
893 775 977 829 vel
1026 775 1093 828 de
1130 772 1463 842 perfectione
1501 767 1803 825 secundum
1832 763 2112 826 animam,

539 873 746 928 nullam
779 871 1006 925 omnino
1041 868 1376 922 mentionem
1425 863 1552 917 facit
1591 862 1954 922 Mahomctus,
1990 872 2117 929 pro-

541 971 728 1030 pterea
779 959 925 1028 quod
975 972 1154 1026 neque
1201 955 1345 1009 hanc
1387 950 1752 1022 concupiscit,
1785 965 1963 1019 neque
2015 962 2116 1016 ap-

545 1052 859 1124 prehendit.
896 1051 1021 1106 Sola
1051 1051 1199 1103 enim
1239 1064 1358 1117 qum
1391 1044 1754 1115 concupiscit,
1788 1043 1903 1096 hzec
1928 1042 2039 1112 jam
2061 1049 2118 1095 et

546 1146 843 1217 promittit.
891 1143 945 1196 In
1000 1144 1108 1197 hoc
1158 1143 1308 1196 enim
1364 1150 1550 1210 aperte
1581 1135 1819 1191 ostendit
1875 1136 2116 1204 seipsnm

547 1235 887 1289 contrarium
922 1231 1165 1296 Christo,
1218 1241 1274 1284 et
1309 1230 1570 1284 omnibus
1604 1225 1888 1296 prophetis
1913 1234 1967 1280 et
1999 1223 2120 1292 phi-

548 1327 816 1397 losophis,
849 1335 905 1380 et
935 1323 1197 1379 omnibus
1221 1324 1314 1394 qui
1344 1323 1558 1376 ratione
1597 1327 1847 1379 utuntur,
1883 1315 1978 1385 qui
2006 1331 2122 1370 om-

2214 598 2355 644 σκει,
2402 579 2595 650 ὥσπερ
2651 579 2750 634 καὶ
2808 581 2843 650 ἡ
2883 578 3004 650 ιερά
3037 577 3313 647 μέμνηται
3353 574 3549 646 Γραφὶι
3597 575 3792 630 σιτίων

2214 674 2311 724 καὶ
2341 671 2620 741 τραπέζης
2675 673 2750 723 ἐν·
2780 672 2848 740 τῇ
2905 669 3157 741 μακαρίᾳ
3202 667 3341 739 ζωῇ.
3381 669 3516 739 Περὶ
3541 651 3792 739 γὰρ’τῆς

2215 760 2430 830 ἀληθῶς
2476 762 2897 831 μακαριότητος,
2951 754 3063 815 οἷον
3112 760 3213 828 τῆς
3239 758 3334 814 τοῦ
3364 759 3500 812 Θεοῦ
3535 758 3794 830 θεωρίας,

2214 853 2248 925 ἢ
2284 853 2382 920 τῆς
2408 853 2550 906 κατά
2567 853 2744 925 ψυχὴν
2773 852 3131 924 τελειότητος,
3156 853 3416 921 οὒδεμίαν
3437 851 3794 908 παντάπασιν

2216 951 2455 1003 ποιεῖται
2510 949 2732 1018 μνήμην
2773 947 2801 1000 ὁ
2846 945 3167 1016 Μαχούμετ,
3207 946 3295 999 διὰ
3347 944 3409 998 τὸ
3439 946 3576 1015 μήτε
3605 943 3796 1008 tandu-

2223 1043 2397 1112 μῆσαι
2438 1044 2675 1107 ταύτης,
2738 1039 2863 1111 μήτ’
2918 1039 3300 1095 ἐπιλαϐέσθαι.Δ
3354 1039 3508 1094 Μόνα
3560 1037 3670 1110 γὰρ
3717 1029 3798 1091 ὧν

2222 1135 2514 1206 ἐπεθύμει,
2544 1135 2720 1188 ταῦτα
2769 1134 2836 1202 δὴ
2885 1133 2981 1186 καὶ
3021 1132 3313 1203 ΰπέσχετο.
3355 1131 3446 1185 Ἑν
3473 1131 3653 1201 τούτῳ
3685 1132 3798 1200 γὰρ

2222 1228 2764 1297 ἀνακεκαλυμμένως
2810 1225 3085 1279 δείκνυσιν
3118 1224 3314 1278 ἑαυτὸν
3333 1222 3577 1278 ἐναντίον
3625 1223 3702 1293 τῷ
3737 1239 3799 1275 τε

2221 1323 2444 1391 Χριστῷ
2482 1321 2580 1384 καὶ
2629 1320 2764 1373 πᾶσι
2811 1318 3125 1394 προφήταις
3159 1321 3273 1374 -καὶ
3311 1317 3644 1386 φιλοσόφοις,
3703 1318 3801 1370 καὶ

553 1429 649 1468 nes
704 1413 1077 1468 communiter
1125 1411 1496 1473 conveniunt,
1568 1407 1814 1462 ultimam
1885 1405 2125 1460 hominis

2240 1413 2360 1464 πᾶσι
2418 1413 2533 1474 τοῖς
2577 1411 2724 1481 λόγῳ
2758 1409 3093 1480 χρωμένοις·
3124 1407 3175 1464 οἳ
3215 1413 3367 1480 κοινῇ
3403 1410 3604 1472 πάντες
3662 1425 3802 1472 συμ-

484 1543 493 1549 .
553 1501 950 1557 beatitudinem
1018 1516 1138 1556 esse
1202 1501 1284 1555 in.
1327 1502 1422 1556 Dei
1473 1498 1808 1570 cognitione.
1861 1495 2016 1554 Sicut
2069 1498 2124 1550 in

2240 1503 2466 1574 ρωνοῦσι
2518 1504 2618 1574 τὴν
2664 1507 2908 1576 ὲτχάτην
2964 1499 3104 1558 εῖναι
3139 1503 3236 1556 τοῦ
3291 1502 3584 1574 ἀνθρώπου
3628 1501 3804 1554 εὐδαι-

553 1595 849 1664 Evangelio
905 1592 1206 1650 secundum
1263 1594 1529 1650 Joannem
1564 1609 1629 1648 ιι
1692 1591 1821 1646 Haec
1882 1601 1965 1645 est
2016 1589 2124 1643 vita

2240 1595 2419 1664 μονίαν
2473 1597 2532 1648 ἐν
2593 1598 2660 1665 τῇ
2707 1596 2800 1650 τοῦ
2858 1594 2996 1650 Θεοῦ
3029 1595 3269 1665 γνώσειο
3319 1595 3396 1652 ὡς
3442 1596 3501 1649 ὲν
3538 1594 3826 1665 τῷικατά.

550 1691 778 1742 aeterna,
806 1691 864 1735 ιιι
897 1689 1226 1750 cognoscant
1262 1688 1313 1732 te
1356 1680 1531 1731 solum
1576 1694 1763 1732 vvrtttn
1806 1675 1974 1730 Deum
2002 1677 2067 1730 ".
2109 1695 2128 1728 ι

2240 1690 2516 1762 Ἰωάννην·
2549 1709 2568 1740 ι
2610 1689 2757 1762 Αὕτη
2792 1691 2939 1746 ἐστὶν
2995 1694 3027 1760 ἡ
3071 1692 3289 1755 αἰώνιος
3323 1689 3460 1760 ζωὴ,
3517 1691 3603 1745 ίνα
3641 1690 3804 1756 γινώ-

552 1775 620 1831 Et
647 1772 976 1830 Aristotcles
1023 1771 1174 1830 dicit.
1225 1770 1372 1839 quod
1427 1770 1533 1824 vita
1582 1770 1883 1824 secundum
1929 1767 2143 1823 intelle?

2240 1784 2402 1836 σκωσί
2446 1799 2503 1834 σε
2534 1781 2626 1833 τὴν
2684 1783 2844 1852 μόνον
2884 1780 3136 1854 ἀληθινὸν
3165 1783 3319 1837 Θεὸν.
3345 1801 3364 1835 ι
3401 1783 3515 1837 Καὶ
3560 1781 3806 1851 Ἀριστο-

552 1880 700 1925 ctum
732 1867 939 1938 optima
977 1875 1079 1921 est.
1115 1865 1282 1935 igitur
1322 1866 1466 1919 circa
1522 1873 1768 1918 ventrem
1809 1871 1862 1918 et
1903 1875 2135 1918 venerea

2240 1875 2392 1944 τέλης
2431 1875 2487 1930 δέ
2539 1893 2705 1946 φησιν
2756 1877 2813 1930 ὲν
2849 1876 2925 1946 τῷ
2977 1876 3225 1948 τετάρτῳ
3257 1875 3367 1930 τῶν
3409 1873 3670 1941 Ἠθικῶν,
3711 1874 3806 1929 καὶ

552 1963 792 2028 pessima
824 1969 940 2027 est;
982 1958 1189 2013 etenim
1240 1957 1299 2011 lit
1331 1957 1727 2028 impedimento
1770 1957 2005 2012 bonitati
2053 1954 2142 2012 in-

2240 1969 2513 2038 Εωδεκὰτῳ
2549 1969 2687 2038 μετά
2718 1970 2788 2022 τὰ
2844 1967 3072 2038 φυσικὰ,
3106 1970 3188 2023 ὅτι
3240 1969 3275 2040 ιι
3347 1969 3492 2022 κατά
3538 1955 3661 2023 νοῦν
3690 1965 3804 2038 tot;

559 2047 834 2104 tellectus.
880 2047 988 2105 Sed
1017 2064 1278 2120 quoniam
1325 2047 1612 2117 Saraceni,
1646 2064 1828 2119 neque
1862 2049 2009 2106 dicta
2047 2049 2130 2104 di-

2240 2059 2430 2132 Ξιρίστη
2496 2063 2665 2114 ἐστίν.
2713 2059 2776 2114 'H
2830 2061 2938 2132 ἄρα
2969 2062 3105 2132 περὶ
3145 2061 3246 2130 τὴν
3297 2060 3544 2131 γαστέρα
3597 2060 3690 2113 καὶ
3737 2058 3807 2111 τά

555 2139 696 2194 vina:
729 2139 1033 2209 Scriptura:
1078 2140 1410 2211 suscipiunt,
1443 2155 1623 2212 neque
1651 2141 2128 2212 philosophorum,

555 2238 783 2300 propter
819 2231 1064 2285 ratione:
1092 2230 1147 2285 in
1195 2232 1374 2300 primo
1413 2231 1656 2301 capitulo
1699 2231 2008 2302 prmdictas.
2041 2244 2132 2286 re-

555 2321 840 2377 deundum
868 2323 984 2392 jam
1017 2332 1103 2378 est
1131 2321 1203 2378 ad
1227 2325 1522 2393 quamdam
1557 2325 1852 2389 rationem,
1883 2340 2049 2395 quam
2078 2334 2134 2379 et

559 2414 662 2484 ipsi
712 2415 1056 2472 irrationales
1107 2416 1440 2473 exsistentes
1482 2433 1591 2473 non
1643 2410 1874 2488 possunt
1905 2420 2135 2475 omnino

533 2544 542 2553 .
557 2521 780 2578 negare.

627 2792 714 2850 Sit
734 2794 903 2866 igitur
930 2774 1072 2849 ratio
1090 2792 1408 2861 auctoritas,
1427 2793 1548 2850 sine
1571 2809 1679 2859 qua
1701 2796 1848 2849 nulla
1870 2793 2014 2849 valet
2039 2809 2142 2849 au-
2184 2816 2186 2818 ν

557 2888 808 2954 ctoritas,
851 2899 905 2942 et
946 2887 1370 2955 ostendendum,
1407 2888 1554 2957 quod
1596 2904 1777 2958 neque
1817 2888 1873 2943 in
1912 2887 2142 2953 ventris,

556 2995 741 3051 neque
782 2981 839 3035 in
874 2981 1314 3052 intemperantia
1348 2982 1611 3052 operibus
1633 2980 1869 3037 felicitas
1905 2980 2147 3036 hominis

559 3083 664 3137 est,
686 3083 740 3129 et
773 3074 921 3145 quod
945 3073 1062 3130 haec
1085 3089 1193 3128 non
1215 3085 1381 3130 erunt
1411 3074 1546 3133 illic.
1563 3072 1793 3131 Constat
1819 3075 1967 3130 enim
1999 3072 2147 3144 quod

560 3167 716 3221 cibos
751 3167 818 3221 ad
871 3166 979 3222 hoc
1020 3167 1310 3235 sumimus,
1345 3174 1406 3222 ut
1445 3171 1747 3238 corruptio,
1795 3182 1916 3236 quae
1963 3175 2148 3237 posset

563 3259 813 3314 accidere
833 3273 897 3314 ex
915 3261 1336 3330 consumptione
1356 3260 1622 3317 naturalis
1636 3258 1870 3326 humidi,
1888 3261 2144 3325 evitetur,

562 3361 619 3408 et
642 3352 736 3406 ﬁat
767 3361 1141 3422 augmentum.
1167 3349 1294 3407 Haec
1322 3359 1505 3407 autem
1532 3350 1644 3407 duo
1674 3369 1784 3407 non
1803 3360 1969 3407 erunt
1997 3352 2143 3420 illic;

565 3459 759 3500 omnes
781 3444 924 3498 enim
951 3445 1005 3498 in
1041 3453 1482 3501 commcnsurata
1509 3445 1813 3516 quantitate
1837 3454 2144 3517 resurgent,

567 3546 624 3592 et
673 3538 904 3608 posthac
961 3553 1072 3593 non
1127 3547 1387 3607 poterunt
1433 3538 1593 3606 mori,
1622 3539 1706 3594 vel
1762 3539 1867 3594 alio
1909 3541 2146 3611 quodam
2210 3543 2212 3545 ’

569 3630 738 3686 modo
773 3631 1028 3699 deﬁcere,
1060 3631 1206 3687 sicut
1238 3644 1295 3688 et
1325 3633 1441 3702 ipse
1472 3632 1813 3688 Mahometus
1846 3633 1901 3688 in
1925 3647 2022 3688 sua
2052 3633 2148 3688 do-

567 3727 745 3781 ctrina
774 3726 910 3782 dicit
948 3743 962 3780 :
1003 3727 1151 3782 Deus
1187 3726 1470 3782 interimat
1498 3735 1754 3790 mortem,
1787 3730 2003 3796 etpost
2032 3725 2146 3780 haec

569 3829 859 3891 resurgent
894 3819 1235 3875 immortales
1265 3829 1323 3874 et
1366 3818 1584 3889 integri.
1612 3818 1934 3886 Assumptio
1980 3817 2147 3888 igitur

569 3912 910 3969 cibariorum
966 3926 1315 3982 nequaquam
1363 3919 1448 3966 est
1495 3910 1832 3980 necessaria.
1879 3909 2150 3965 Similiter

569 4015 754 4059 autem
806 4019 986 4073 neque
1019 4020 1205 4059 rerum
1256 4018 1618 4058 venerearum
1671 4017 1828 4066 usus,
1881 4003 2144 4073 quoniam

572 4112 753 4166 neque
782 4112 933 4152 nunc
968 4108 1066 4153 est
1098 4096 1466 4161 necessarius,
1510 4095 1614 4150 nisi
1655 4103 1717 4150 ut
1767 4104 2016 4150 servetur
2055 4109 2144 4150 se-

572 4189 812 4244 tundum
840 4190 1080 4258 speciem
1119 4189 1267 4260 quod
1313 4202 1424 4244 non
1464 4197 1649 4259 patest
1673 4187 1880 4242 servari
1914 4187 1970 4242 in
2006 4187 2149 4243 indi-

572 4283 762 4337 viduo.
797 4281 928 4336 Item
959 4281 1211 4337 homines
1237 4281 1332 4351 qui
1368 4288 1676 4351 resurgent,
1705 4281 1790 4334 vel
1821 4296 2037 4350 semper
2069 4280 2150 4335 vi-

575 4384 726 4443 vent,
757 4386 814 4431 et
844 4391 1067 4445 semper
1095 4373 1433 4429 nutrientur.
1480 4372 1546 4429 Et
1567 4375 1612 4429 si
1647 4373 1868 4443 semper
1897 4374 2150 4427 nutrien-

577 4478 686 4534 tur,
723 4483 1066 4539 consequens
1094 4467 1201 4530 his,
1230 4465 1380 4537 quod
1413 4467 1760 4537 augebuntur
1784 4480 2034 4536 corpora,
2062 4465 2147 4520 vel

2231 2154 2803 2224 dppotiimaxupiutq
2839 2154 3009 2217 ἐστὶν,
3040 2153 3118 2221 τῷ
3149 2153 3245 2207 τοῦ
3277 2152 3370 2206 νοῦ
3393 2152 3586 2223 ἀγαθῷ
3626 2155 3802 2220 εμπο-

2232 2247 2338 2300 δὼν
2390 2247 2670 2317 γινομένη.
2718 2246 2860 2300 Ἀλλ’
2905 2247 3026 2300 ἐπεὶ
3076 2248 3127 2300 οί
3179 2247 3531 2319 Σαρρακηνοὶ
3569 2245 3695 2300 οὔτε
3739 2246 3808 2298 τὲ

2237 2341 2375 2411 ρητά
2405 2341 2499 2407 τῆς
2523 2340 2676 2402 θείας
2706 2339 2928 2410 Γραφῆς
2956 2338 3226 2409 δέχονται,
3255 2338 3379 2393 οὕτε
3409 2339 3478 2391 τά
3507 2339 3614 2393 τῶν
3661 2339 3810 2407 φιλο-

2238 2434 2420 2500 σόφων
2455 2431 2545 2482 διὰ
2571 2431 2695 2492 τοὺς
2730 2432 2787 2484 ὲν
2816 2427 3017 2500 πρώτῳ
3060 2429 3344 2501 κεφαλαίῳ
3375 2432 3808 2501 προειρημένους

2237 2525 2454 2591 λόγους.
2484 2524 2769 2577 ἐπανιτέον
2819 2525 2886 2577 ἀν
2938 2524 3025 2595 εἴη
3089 2524 3327 2578 ὲπίτινα
3377 2523 3560 2592 λόγον,
3611 2523 3670 2576 ὃν
3719 2523 3811 2576 καὶ

2238 2620 2393 2673 αὐτοὶ
2423 2618 2606 2688 ἄλογοι
2645 2617 2994 2684 παντάπασιν
3048 2617 3201 2682 ὄντες
3265 2617 3366 2689 οὐχ
3417 2613 3520 2671 οἷοί
3573 2617 3632 2670 τέ
3673 2619 3811 2670 εἰσιν

2241 2711 2685 2791 ἀπαρνήσασθαι.

2313 2806 2562 2858 Γενέσθω
2595 2804 2786 2864 ,τοίνυν
2840 2805 2869 2856 6
2925 2802 3082 2871 λόγος
3132 2802 3332 2875 ῥητὸν,
3377 2795 3441 2858 οὗ
3486 2804 3616 2858 ἄνευ
3663 2799 3814 2856 οὐδὲν

2247 2897 2420 2967 ίσχύει
2455 2898 2515 2950 τὸ
2541 2897 2706 2966 ῥητόν
2730 2895 2871 2950 ’.καὶ
2898 2895 3166 2958 δεικτέον,
3193 2896 3292 2949 ’δτι
3314 2895 3439 2949 οὔτε
3470 2896 3528 2948 ἐν
3558 2898 3681 2960 τοῖς
3712 2895 3815 2964 τῆς

2247 2992 2544 3055 ἀκολασίας
2585 2990 2769 3059 ἔργοις
2799 2991 2831 3060 ἡ
2861 2991 3179 3060 εὐδαιμονία
3206 2990 3330 3044 ἐστὶ
3368 2988 3466 3043 τοῦ
3500 2989 3815 3060 ἀνθρώπω,

2251 3085 2344 3139 καὶ
2374 3086 2456 3138 ὅτι
2485 3084 2791 3152 ταῦταοὺκ
2827 3085 3041 3136 ἔσονται
3072 3084 3210 3165 ἐκεῖ,
3250 3083 3351 3136 Διά
3397 3080 3556 3136 τοῦτο
3591 3081 3701 3153 γὰρ
3733 3082 3819 3149 hic

2175 3209 2219 3267 ο
2252 3177 2498 3248 ανάγκης
2526 3177 2597 3229 τὰ
2629 3176 2779 3229 σιτία
2828 3174 3333 3267 λαμϐἀνομεν,νῖνα
3371 3190 3434 3227 τε
3462 3174 3560 3246 τὴν
3589 3175 3821 3267 δυναμε-

2251 3285 2349 3334 νην
2405 3268 2726 3338 συμϐαίνειν
2775 3267 2985 3337 φθορὰν
3025 3270 3088 3321 ἐκ
3135 3266 3231 3322 τοῦ
3287 3267 3350 3334 τδ
3394 3267 3626 3336 φυσικὸν
3653 3265 3821 3338 ὑγρὸν

2247 3363 2637 3417 ἀναλίσκεσθαι
2673 3362 3036 3432 φυλαξὼμιθα
3059 3361 3313 3433 καὶπρὸς
3346 3358 3599 3431 αὔξησιν.
3633 3359 3820 3434 Ταῦτα

2246 3453 2302 3507 δὲ
2335 3456 2402 3506 τὰ
2433 3454 2529 3506 δύο
2567 3454 2666 3507 οὐκ
2720 3454 2937 3507 ἔσονται
2989 3456 3127 3508 ἐκεῖ.
3198 3453 3411 3518 Πάντες
3465 3455 3575 3524 γὰρ
3608 3449 3666 3506 ἔν
3711 3447 3839 3505 τινί

2250 3548 2552 3616 συμμέτρῳ
2609 3535 2872 3614 ποσότητι
2913 3547 3342 3617 ἀναστήσονται,
3378 3543 3474 3600 καὶ
3504 3544 3595 3599 τοῦ
3629 3541 3817 3598 λοιποῦ

2246 3639 2308 3693 οὐ
2342 3639 2664 3710 δυνήσονται
2731 3639 3124 3710 ἀποθνήσκειν,
3173 3639 3213 3709 ἢ
3241 3639 3408 3701 ἀλλον
3450 3639 3573 3694 τινὰ
3617 3639 3819 3706 τρόπον

2248 3733 2561 3786 ἐκλείπεινσ
2596 3733 2673 3795 ὡς
2718 3734 2812 3786 καὶ
2846 3734 3007 3796 αὐτὸς
3033 3734 3062 3786 ὁ
3095 3733 3394 3804 Μαχούμετ
3438 3735 3496 3786 ἐν
3524 3735 3592 3803 τῇ
3623 3722 3819 3786 ἑαυτοῦ

2246 3827 2567 3897 διδασκαλίᾳ
2598 3826 2786 3896 φησιν,
2830 3825 2889 3880 ⁸0
2930 3825 3081 3892 Θεὸς,
3110 3827 3404 3880 ἀποκτενεῖ
3449 3824 3540 3881 τδν
3567 3823 3817 3890 θάνατον,

2249 3920 2342 3972 καὶ
2387 3921 2525 3988 μετά
2573 3918 2749 3972 ταῦτα
2803 3919 3202 3987 ἀναστήσονται
3255 3917 3516 3974 ἀθάνατοι
3556 3918 3653 3971 καὶ
3687 3917 3818 3972 ἀκέ-

2238 4025 2416 4080 ραιοι.
2459 4007 2524 4060 Ἦ
2564 4007 2835 4077 ἀνάληψις
2865 4007 2974 4078 ἄρα
3005 4006 3132 4060 τῶν·
3157 4006 3344 4061 σιτίων
3380 4005 3637 4078 οὐδαμῶς
3674 4009 3820 4060 ἐστιν

2247 4099 2550 4169 ἀναγκαία.
2598 4100 2833 4168 Ὁμοίως
2878 4098 2936 4152 δὲ
2962 4097 3083 4151 οὐδὲ
3119 4097 3288 4168 ἡτῶν
3331 4098 3660 4171 ἀφροδισίων
3685 4098 3820 4169 χρῆ-

2251 4206 2355 4254 σις,
2411 4190 2532 4240 ἐπεὶ
2579 4187 2716 4258 μηδὲ
2751 4187 2847 4239 νῦν
2904 4189 3057 4240 ἐστιν
3101 4186 3404 4258 ἀναγκαία,
3459 4189 3509 4242 εί
3549 4188 3625 4260 μὴ
3681 4187 3820 4242 ὥστε

2250 4282 2620 4352 φυλάττεσθαι
2659 4281 2825 4333 ’κατά
2868 4279 2928 4333 τὸ
2969 4276 3108 4345 εἶδος
3141 4279 3200 4332 τὸ
3228 4280 3303 4351 μὴ
3320 4280 3616 4350 δυνάμενον
3652 4283 3709 4334 ἐν
3749 4281 3822 4350 τῷ

2247 4374 2458 4445 ἀτόμῳ.
2497 4374 2618 4428 Ἔτι
2641 4375 2691 4426 οί
2727 4372 3079 4441 ἀνιστάμενοι
3131 4371 3407 4442 ἄνθρωποι
3441 4374 3474 4446 ἢ
3508 4373 3596 4429 ἀεὶ
3627 4373 3820 4447 ζήσαν-

2249 4485 2374 4532 ται,
2407 4467 2441 4536 ἢ
2485 4468 2578 4521 ἀεὶ
2625 4468 2802 4538 τροφῇ
2850 4467 3169 4536 χρήσονται,
3205 4465 3292 4520 ἐπ’
3336 4465 3566 4536 ἄπειρον
3612 4468 3821 4530 τούτοις

574 4573 738 4618 erunt
767 4571 823 4617 et
848 4562 959 4617 illic
985 4562 1292 4631 egestiones
1329 4569 1389 4616 et
1432 4560 1553 4614 aliae
1599 4549 1894 4622 foeditates,
1924 4567 1985 4614 ut
2028 4567 2143 4614 tan‘

2251 4559 2656 4633 αὐξηθήσονται
2689 4560 2757 4614 τὰ
2785 4557 3033 4629 σώματα,
3059 4559 3091 4629 ἦ
3123 4558 3343 4613 ἔσονται
3376 4561 3467 4613 καὶ
3497 4560 3615 4614 ἐκεῖ
3640 4560 3821 4630 ἐκκρίο

578 4670 693 4714 tum
751 4658 1063 4713 resolvatur
1117 4665 1384 4727 quantum
1438 4655 1784 4726 convertitur
1837 4655 1890 4710 in
1940 4654 2148 4722 cibum,

575 4767 808 4822 quorum
835 4733 1132 4821 utrumque
1163 4757 1247 4805 est
1276 4748 1691 4805 inconveniens.
1719 4748 1800 4804 Ad
1832 4749 1935 4804 hoc
1966 4760 2152 4802 autem

579 4843 874 4913 reSpondct
909 4843 1253 4897 Mahometus
1285 4841 1338 4896 in
1377 4841 1522 4896 libro
1578 4841 1664 4897 sui
1707 4840 1880 4911 ipsius
1945 4841 2156 4896 doctri-

577 4952 685 5000 nae,
720 4935 912 4990 dicens
942 4951 956 4990 :
991 4936 1138 5005 quod
1191 4950 1301 4989 non
1346 4935 1454 4989 erit
1486 4933 1602 4990 illic
1646 4935 1854 5005 egestio
1883 4932 2151 5000 sordium,

577 5026 670 5081 sed
706 5026 961 5096 purgatio
1007 5041 1106 5096 per
1136 5026 1421 5081 sudorem.
1458 5026 1525 5082 Et
1581 5027 1806 5082 adducit
1838 5026 2152 5096 exemplum

577 5120 733 5189 pueri
771 5120 824 5172 in
859 5131 1016 5174 utero
1047 5119 1242 5175 matris
1288 5120 1629 5188 exsistcntis,
1657 5120 1753 5191 qui
1779 5119 2024 5173 nutritur
2068 5117 2153 5187 (ut

576 5212 731 5279 dicit)
764 5219 817 5266 et
851 5227 960 5265 non
1011 5213 1203 5283 egerit.
1255 5209 1362 5268 Sed
1397 5227 1576 5282 neque
1608 5213 1917 5282 exemplum
1969 5211 2149 5282 hujus,

579 5321 759 5375 neque
800 5307 982 5370 ratio,
1031 5307 1074 5359 si
1120 5305 1244 5376 quis
1281 5306 1574 5375 diligenter
1621 5305 1878 5373 respiciat
1920 5305 2154 5360 solutio-

581 5413 727 5461 nem,
761 5406 845 5451 est
885 5397 1180 5453 suiliciens.
1218 5398 1359 5454 Sunt
1406 5399 1553 5453 enim
1584 5397 1832 5469 qumdam
1859 5397 1928 5451 de
1974 5396 2156 5467 perfe-

578 5492 762 5547 ctione
813 5493 1147 5562 impcrfccti,
1184 5477 1323 5564 quze
1351 5495 1404 5547 in
1453 5508 1511 5550 re
1543 5493 1788 5564 perfecta
1820 5500 2004 5547 essent
2041 5507 2154 5544 ma-

579 5601 699 5656 gna:
729 5586 1201 5655 impcrfectiones.
1237 5587 1369 5641 Item
1403 5587 1448 5642 si
1497 5603 1633 5642 usus
1673 5601 1858 5641 rerum
1893 5599 2155 5640 venerea-

583 5694 702 5736 tum
753 5691 839 5736 est
888 5680 1021 5747 illic,
1074 5682 1180 5737 nisi
1230 5680 1434 5740 [rustra
1494 5696 1663 5751 esset,
1725 5688 2054 5754 sequeretur
2099 5690 2156 5736 et

659 5871 700 5908 λ’
728 5872 884 5928 luan.
917 5889 1046 5941 xvu,
1083 5871 1137 5926 3.

2252 4671 2389 4718 σεις,
2424 4653 2520 4708 καὶ
2547 4653 2710 4708 ἀλλαι
2755 4651 3183 4724 αίσχημοσύναι,
3218 4652 3357 4706 ὥστε
3404 4653 3660 4708 τοσοῦτον
3696 4655 3822 4710 ἀναο

2250 4743 2474 4800 λύεσθαι
2502 4745 2625 4798 ὅσον
2653 4745 2916 4816 τρέπεται
2934 4747 3015 4809 είς
3035 4743 3268 4817 τροφὴν,
3293 4737 3367 4798 ὧν
3387 4745 3652 4816 ἑκάτερόν
3676 4748 3822 4798 ἐστιν

2249 4839 2473 4894 ἄτοπον.
2510 4837 2658 4907 Πρὸς,
2705 4838 2865 4892 τοῦτο
2914 4837 2976 4892 δὲ
3034 4839 3394 4908 ἀποκρίνεται
3445 4840 3473 4891 ὁ
3504 4839 3826 4912 ᾕίαχοὺμετ,

2252 4934 2312 4987 ὲν
2340 4932 2417 5005 τῷ
2451 4932 2643 5004 βιϐλίῳ
2695 4933 2793 5002 τῆς
2847 4931 3043 4986 ἑαυτοῦ
3094 4932 3447 4997 διδασκαλίας
3479 4933 3700 5002 λέγων,
3751 4935 3824 4997 ὡς

2252 5022 2370 5081 Οὐκ
2410 5026 2564 5078 ἔσται
2592 5027 2710 5078 ἐκεῖ
2745 5025 2991 5096 ἔκκρισις
3045 5026 3289 5096 αἰσχρῶν
3316 5066 3331 5090 ,
3373 5024 3510 5080 ἀλλά
3562 5026 3824 5096 κάθαρσις

2257 5117 2325 5172 δι’
2365 5118 2644 5188 ἱδρώτων.
2700 5118 2826 5178 Καὶ,
2851 5119 3095 5187 παράγει
3151 5118 3508 5189 παράδειγμα
3545 5119 3640 5171 τὸν
3669 5120 3728 5171 ὲν
3760 5120 3824 5186 τῇ

2255 5211 2460 5280 γαστρὶ
2521 5213 2619 5280 τῆς
2687 5212 2897 5282 μητρδς
2974 5212 3143 5267 παῖδα
3209 5211 3268 5273 ὃς
3335 5213 3671 5281 τρεφόμενος
3718 5210 3825 5282 (ὥς

2260 5306 2443 5376 φησιν)
2479 5304 2580 5359 οὐκ
2631 5305 2928 5380 ἐκκρίνει..
2971 5303 3112 5357 Ἀλλ’
3175 5302 3298 5358 οὔτε
3360 5303 3423 5356 τὸ
3475 5305 3824 5374 παράδειγμα

2257 5397 2475 5460 τούτου,
2502 5393 2625 5448 οὕτε
2653 5395 2848 5462 ὁλόγος
2895 5393 3034 5464 πρὸς
3063 5391 3402 5446 λὺσιν-ὲστὶν
3435 5393 3639 5461 ἱκανὸς,
3664 5393 3717 5445 εί
3746 5409 3825 5454 τις

2260 5491 2566 5546 ὲπιδλέπει.
2611 5491 2734 5543 Εἰσὶ
2791 5489 2902 5559 γάρ
2953 5505 3077 5541 τινα
3131 5488 3192 5540 ὲν
3224 5469 3335 5551 τοῖς
3385 5485 3621 5552 ἀτελέσι,
3672 5485 3824 5553 λόγον

2259 5585 2455 5656 ἔχοντα
2508 5583 2843 5653 τελειότητος
2873 5597 2886 5611 ⁶
2927 5581 3070 5652 ἀπερ
3124 5583 3183 5634 ὲν
3239 5581 3352 5640 τοῖς
3401 5579 3630 5642 τελείοις
3675 5578 3822 5643 ὄντα,

2262 5680 2398 5752 πρὸς
2433 5677 2655 5743 ἀτελοῦς
2699 5676 2924 5740 ἐκείνοις
2956 5675 3121 5731 ἐστίν.
3153 5674 3272 5728 Ἔτι
3300 5674 3404 5744 εῐή
3433 5672 3628 5757 χρῆσις
3654 5674 3823 5745 ἀφρο-
