4100 6296
291 403 432 470 1085

1483 403 1777 464 CONTRA
1819 397 2335 461 ΜΑΗΟΜΕΤΕΜ.

3420 390 3608 495 ξοδδ,

285 524 471 582 δισίων
507 526 658 581 ἀστὶν
695 525 834 590 ἐκεῖ,
879 525 929 578 εἰ
987 525 1064 595 μὴ
1119 515 1305 594 ’μάτην
1354 523 1442 590 εἴη
1473 563 1489 588 ,
1530 522 1725 573 ἕπεται
1767 518 1860 572 καὶ

1977 520 2376 587 generationem
2435 517 2553 573 fore
2592 516 2737 572 sicut
2785 515 2956 571 etiam
2981 527 3152 568 nunc.
3185 511 3341 568 Multi
3387 511 3559 582 igitur

285 617 512 684 γένεσιν
543 615 770 673 ἔσεσθαι
796 614 992 688 ὥσπερ
1029 618 1126 672 καὶ
1163 616 1283 670 νῦν.
1313 613 1507 668 Πολλοὶ
1534 615 1641 684 ἄρα
1675 627 1870 682 γεννη-

289 707 551 777 θήσονται
584 705 724 779 μετὰ
747 706 850 778 τὴν
883 708 1210 774 ἀνάστασιν,
1242 706 1351 778 πρὸ
1378 709 1484 779 τῆς
1512 704 1878 765 ἀναστάσεως.

291 799 370 871 μὴ
407 801 584 865 ὅντες.
614 800 813 872 Μάτην
845 801 964 870 ἄρα.
981 799 1237 854 τοσοῦτον
1267 801 1301 870 ἡ
1334 798 1444 852 τῶν
1487 795 1698 866 νεκρῶν
1734 793 1872 848 ἀνά·

289 907 481 955 στασις
513 891 928 960 παρατείνεται,
961 890 1052 945 ἵνα
1085 890 1291 951 πάντες
1328 888 1468 958 ὁμοῦ
1494 888 1546 940 oi
1571 887 1671 957 τὴν
1699 884 1874 957 αὐτὴν

287 982 504 1052 ἔχοντες
541 983 704 1052 φύσιν
751 983 968 1040 λάϐοιεν
1019 984 1117 1053 τὴν
1149 983 1320 1052 ζωήν.
1357 983 1481 1036 Ἔτι
1527 983 1574 1034 ει
1609 981 1644 1054 ἡ
1696 997 1874 1051 μακα·

293 1076 478 1147 ριότης
522 1077 582 1132 ὲν
630 1078 708 1146 τῷ
756 1076 1044 1146 λαγνεύειν
1071 1075 1169 1129 καὶ⁷
1204 1075 1406 1140 πολλὰς
1443 1074 1586 1146 ἔχειν
1612 1073 1880 1142 γυναῖκάς

288 1170 526 1233 ἐστιν,οἱ
557 1171 696 1240 μετὰ
724 1171 825 1241 τὴν
855 1171 1153 1224 ἀνάστασιν
1185 1169 1647 1241 γεννηθησόμενοι
1690 1166 1752 1220 οὐ
1791 1166 1883 1220 δυ-

287 1260 545 1330 νήσονται
571 1259 711 1315 εἶναι
742 1261 1027 1332 μακάριοι,
1060 1263 1109 1314 ει
1145 1260 1220 1331 μὴ
1247 1262 1512 1330 γυναῖκας
1553 1256 1753 1320 πολλάς
1782 1255 1881 1312 λά·-

291 1353 460 1411 6οιεν.
493 1354 569 1408 Oti
623 1354 944 1425 δυνήσονται
998 1353 1057 1406 δὲ
1125 1351 1307 1405 λαϐεῖν
1359 1350 1484 1406 οὔτε
1532 1349 1878 1423 εὐδαίμονας,

289 1445 414 1500 οὔτε
441 1447 840 1517 κακοδαίμονας
860 1463 878 1481 ο
911 1444 1210 1513 ἀναμένειν
1229 1445 1339 1516 ἄρα
1364 1444 1569 1514 δεήσει,
1593 1441 1785 1512 μέχρις
1813 1441 1882 1495 ἂν

291 1538 448 1595 ἀλλαι
467 1539 686 1603 πλείους
704 1538 1028 1609 γεννηθῶσι.
1048 1538 1159 1592 Καὶ
1179 1535 1321 1590 οὕτω
1348 1537 1532 1605 δεήσει
1553 1535 1756 1597 πολλὰς
1782 1533 1882 1605 μὲν

290 1631 588 1699 γεννᾶσθαι
625 1612 915 1700 γυναῖκας,
945 1629 1161 1706 ὀλίγους
1194 1627 1252 1682 δὲ
1284 1628 1484 1699 ἀνδρας
1504 1643 1519 1660 ’
1577 1629 1672 1681 καὶ
1702 1625 1876 1691 οὕτως

225 1755 230 1758 -
302 1726 363 1779 ἐν
405 1723 600 1795 βραχεῖ
640 1723 820 1794 καιρῷ
849 1721 1008 1777 ἔσται
1032 1723 1066 1791 ἡ
1095 1721 1239 1792 ἀρχὴ
1268 1720 1378 1774 τῶν
1417 1719 1723 1787 γυναικῶν.
1757 1720 1880 1772 Ἔτι

1973 623 2270 670 nascentur
2323 622 2445 682 post
2477 609 2972 673 resurrectionem,
3003 607 3097 677 qui
3138 613 3264 662 ante
3315 619 3562 665 resurre-

1974 706 2214 762 ctionem
2269 722 2380 761 non
2432 707 2681 761 fuerunt.
2732 702 2959 760 Frustra
2998 701 3170 774 igitur
3228 699 3293 757 in
3339 710 3554 756 tantum

1978 807 2324 853 mortuorum
2360 796 2698 857 resurrectio
2731 795 3041 865 elongatur,
3073 800 3135 848 ut
3169 806 3364 848 ornnes
3393 790 3560 846 simul

1976 895 2070 963 qui
2099 894 2349 950 eamdem
2373 903 2630 949 naturam
2662 892 2894 959 habent,
2929 891 3100 946 vitam
3132 890 3372 960 capiant.
3423 887 3562 941 Item

1978 989 2024 1043 si
2055 986 2338 1042 beatitudo
2373 986 2427 1041 in
2451 985 2784 1042 luxuriantia
2856 992 2913 1040 et
2946 982 3149 1039 multas
3178 982 3439 1037 mulieres
3463 980 3561 1034 ha.

1980 1078 2160 1134 bendo
2196 1091 2302 1143 est,
2326 1079 2424 1150 qui
2449 1087 2574 1150 post
2599 1077 3064 1134 resurrectionem
3100 1084 3420 1138 nascentur,
3451 1087 3561 1126 nou

1980 1175 2248 1244 poterunt
2274 1188 2396 1229 esse
2439 1171 2586 1228 beati
2611 1173 2718 1228 nisi
2745 1171 3010 1227 mulieres
3071 1171 3272 1224 multas
3314 1168 3558 1237 capiant.

1979 1268 2098 1323 Non
2147 1276 2407 1336 poterunt
2442 1275 2625 1322 autem
2664 1280 2858 1335 capere
2896 1280 3076 1333 neque
3109 1263 3316 1326 felices,
3380 1277 3560 1331 neque

1981 1359 2233 1414 infelices
2267 1376 2284 1416 :
2324 1359 2491 1430 igitur
2539 1345 2847 1421 remanent,
2892 1371 3178 1428 quousque
3206 1347 3394 1426 plures
3442 1353 3563 1409 aliae

1981 1456 2300 1504 nascantur.
2334 1448 2404 1503 Et
2463 1448 2546 1503 sic
2590 1445 2873 1516 oportebit
2912 1446 3098 1517 plures
3143 1444 3370 1515 quidem
3408 1440 3570 1497 nasci

1983 1539 2262 1607 mulieres,
2291 1554 2500 1610 paucos
2527 1548 2719 1594 autem
2750 1537 2920 1604 viros,
2951 1547 3007 1593 et
3035 1537 3117 1593 sic
3148 1537 3204 1592 in
3238 1535 3395 1591 brcvi
3424 1544 3564 1590 tem-

1983 1648 2116 1703 pore
2140 1633 2250 1688 erit
2278 1632 2572 1704 imperium
2606 1631 2928 1688 mulierum.
2958 1631 3100 1686 Item
3137 1629 3184 1685 si
3226 1637 3351 1701 post
3378 1644 3566 1684 resur-

1984 1727 2283 1782 rectionem
2315 1725 2426 1781 erit
2457 1725 2744 1780 hominum
2774 1724 3076 1794 generatio,
3112 1723 3206 1793 qui
3246 1723 3561 1795 gignentur,

238 1838 240 1840 τ
303 1817 355 1870 εί
389 1818 532 1888 μετά
557 1819 658 1887 τὴν
697 1817 992 1872 ἀνάστασιν
1029 1817 1183 1869 ἔσται
1217 1813 1524 1884 ἀνθρώπων
1559 1815 1801 1882 γένεσις,
1827 1813 1874 1867 σί

1983 1819 2068 1874 vel
2104 1832 2295 1875 rursus
2325 1827 2774 1887 corrumpentur,
2805 1815 2890 1871 vel
2918 1823 3082 1871 erunt
3111 1814 3566 1886 incorruptibiles

300 1911 768 1994 γεννηθησόμενοι
812 1909 845 1977 ἢ
895 1909 1060 1962 πάλιν
1109 1907 1521 1980 φθαρήσονται,
1580 1904 1612 1977 ἢ
1657 1905 1874 1958 ἔσονται

1984 1918 2041 1966 et
2068 1909 2427 1965 immortales.
2471 1907 2587 1964 Nisi
2620 1917 3068 1979 corrumpentur,
3108 1909 3281 1963 multa
3331 1923 3567 1976 sequen-

293 2001 567 2075 ἀφθαρτ“οι
600 2005 697 2059 καὶ
739 2003 1019 2059 ἀθάνατοι.
1053 2001 1116 2056 Εἰ
1148 2001 1222 2072 μὴ
1253 2000 1671 2070 φθαρήσονται,
1701 1997 1875 2051 πολλὰ

291 2096 481 2168 ἕψεται
538 2095 720 2151 ἄτοπα
748 2112 764 2126 ·
801 2095 965 2149 τοῦτο
1003 2094 1103 2166 μὶν
1127 2135 1144 2161 ,
1194 2095 1280 2147 ὅτι
1313 2093 1471 2146 ἔσται
1501 2093 1532 2144 ὁ
1563 2089 1876 2144 πολλαπλα-

294 2188 526 2259 σιασμδς
557 2189 648 2243 ἐπ’
679 2190 932 2260 ἄπειρον·
969 2187 1131 2242 τοῦτο
1166 2187 1223 2241 δὶ
1251 2226 1266 2253 ,
1307 2181 1383 2240 ὧν
1434 2188 1585 2239 ἐστιν
1632 2184 1795 2254 ὁμοία
1835 2185 1871 2256 ἡ

293 2285 522 2351 γένεσις.
557 2282 660 2337 οὐκ
688 2281 841 2337 ἔστιν
862 2283 1048 2353 ὅμοιος
1080 2283 1176 2335 καὶ
1218 2283 1247 2336 ὁ
1289 2281 1389 2348 τῆς
1423 2278 1694 2348 γενέσεως
1723 2278 1871 2346 ὅρος.

256 2445 260 2450 _
295 2377 412 2431 Νῦν
437 2376 536 2448 μιν
583 2376 768 2447 ῑχουσι
795 2374 1046 2446 φθαρτὴν
1075 2374 1246 2445 ζωὴν,
1277 2373 1403 2426 τότε
1449 2371 1506 2425 δὲ
1557 2369 1868 2439 ἄφθαρτον.

296 2471 409 2525 Καὶ
455 2471 609 2541 παρά
660 2468 859 2537 ταῦτα,
916 2471 1033 2523 Πᾶν
1063 2469 1127 2522 τὸ
1166 2467 1430 2540 γεννητὸν
1485 2467 1580 2521 καὶ
1631 2463 1874 2535 φθαρτὸν

239 2629 246 2634 ρ
293 2561 433 2618 εἶναι
457 2565 702 2634 ἀνάγκη,
749 2563 836 2616 διὰ
867 2568 931 2615 τὸ
975 2563 1078 2631 τὴν
1124 2560 1342 2629 γένεσιν
1373 2559 1469 2613 καὶ
1517 2559 1619 2630 τὴν
1663 2557 1873 2628 φθορὰν

293 2654 514 2710 ἐναντία
535 2651 675 2710 εἶναι
707 2657 806 2711 καὶ
836 2656 966 2723 περὶ
988 2655 1050 2707 τὺ
1088 2655 1242 2709 αὐτό.
1271 2655 1332 2707 El
1359 2654 1415 2706 δὲ
1446 2655 1495 2706 oi
1521 2655 1642 2706 τότε
1677 2668 1876 2721 γεννη-

292 2748 589 2819 θησόμενοι
620 2748 908 2816 ἅνθρωποι
950 2746 1183 2816 φθαρτοὶ
1224 2746 1466 2810 ἔσονται,
1519 2743 1617 2797 καὶ
1662 2741 1875 2796 ἀποθα-

294 2840 549 2904 νοῦνται,
601 2843 651 2894 εί
685 2841 847 2894 πάλιν
893 2839 994 2892 οὐκ
1045 2840 1489 2906 ἀναστήσονται,
1546 2834 1744 2889 ἕπεται
1775 2833 1876 2896 τὰς

295 2933 520 2987 ἐκείνων
549 2931 730 3003 ψυχᾲς
762 2931 852 2985 ἀεὶ
873 2928 1060 2998 μένειν
1091 2928 1204 2982 τῶν
1227 2929 1496 2997 σωμάτων
1527 2925 1877 2997 κεχωρισμέ-

292 3041 413 3104 νας·
437 3025 576 3098 ὅπερ
605 3025 754 3078 ἐστὶν
782 3024 1008 3104 ἄτοπον,
1041 3022 1137 3075 τοῦ
1165 3022 1335 3077 αὐτοῦ
1354 3022 1532 3086 εἴδους
1555 3020 1722 3085 οὔσας
1754 3023 1878 3086 ταῖς

292 3103 406 3171 τῶν
444 3118 799 3173 ἀναστάντων
828 3103 1052 3188 ψυχαῖς.
1093 3119 1169 3171 ΕΙ
1207 3116 1265 3169 δὲ
1321 3115 1566 3169 κάκεῖνοι
1622 3114 1869 3185 ἀναστήο

1979 2015 2077 2089 tur
2111 1997 2592 2072 inconvenientia;
2627 2016 2740 2058 tum
2777 2004 2906 2074 quia
2939 2003 3046 2059 erit
3084 2002 3468 2074 multiplicatio
3507 2001 3563 2056 in

1979 2099 2280 2171 infinitum,
2312 2106 2434 2152 tum
2455 2097 2581 2167 quia
2616 2112 2855 2168 quorum
2887 2095 2997 2151 erit
3031 2093 3227 2151 similis
3256 2095 3562 2166 generatio,

1979 2190 2233 2247 nouerit
2286 2189 2486 2246 similis
2529 2188 2907 2262 generationis
2957 2175 3252 2244 terminus.
3294 2187 3562 2244 llomines

1977 2283 2126 2339 enim
2159 2296 2257 2351 per
2290 2281 2700 2352 generationem
2725 2295 2848 2350 qua
2876 2289 2962 2335 est
2984 2294 3053 2335 ex
3078 2287 3378 2347 spermate,
3407 2295 3562 2334 nunc

1979 2373 2197 2443 quidem
2244 2371 2661 2441 corruptibilem
2709 2371 2882 2433 vitam
2930 2371 3162 2437 habent,
3209 2382 3342 2426 tunc
3378 2382 3568 2427 autem
3653 2367 3656 2370 ’

1979 2466 2358 2535 incorruptam
2395 2464 2702 2520 habebunt.
2739 2464 2807 2520 Et
2837 2473 3038 2534 praeter
3062 2465 3181 2521 hac
3208 2479 3224 2524 :
3256 2463 3440 2520 Omne
3470 2479 3568 2534 ge-

1978 2558 2155 2612 nitum
2203 2555 2566 2626 corruptibile
2623 2571 2750 2612 esse
2804 2572 3034 2613 necesse
3090 2566 3216 2616 est.
3272 2566 3566 2625 propterea

1986 2647 2136 2719 quod
2177 2650 2462 2721 generatio
2510 2658 2570 2704 et
2617 2648 2901 2720 corruptio
2965 2661 3095 2706 sunt
3155 2649 3452 2717 contraria,
3507 2657 3565 2703 et

1978 2741 2127 2797 circa
2163 2740 2332 2796 idem.
2391 2739 2454 2795 Si
2479 2749 2663 2796 autem
2694 2741 2790 2811 qui
2849 2749 2987 2796 tunc
3035 2743 3328 2812 gignentur
3382 2741 3562 2796 homi-

1977 2847 2077 2909 nes
2131 2832 2524 2902 corruptibiles
2571 2840 2736 2889 erunt
2779 2841 2835 2889 et
2894 2832 3221 2900 morientur,
3265 2831 3314 2888 si
3371 2815 3565 2887 rursus

1979 2937 2091 2977 non
2131 2931 2441 2994 resurgunt,
2494 2925 2745 2994 sequitur
2795 2924 3014 2980 illorum
3078 2923 3293 2980 animas
3346 2939 3568 2994 semper

1979 3030 2203 3073 manere
2231 3025 2514 3087 separatas
2552 3031 2584 3071 a
2613 3014 2966 3087 corporibus,
2988 3016 3136 3086 quod
3179 3023 3267 3072 est
3297 3016 3564 3072 inconve-

1978 3111 2161 3178 niens,
2211 3125 2337 3166 cum
2396 3101 2508 3167 sint
2557 3110 2804 3183 ejusdem
2858 3108 3043 3182 specie
3090 3126 3216 3168 cum
3269 3110 3561 3166 animabus

297 3228 506 3276 σονται,
542 3210 655 3264 ἔδει
682 3209 774 3265 καὶ
812 3209 913 3280 τὴν
940 3209 1169 3263 ἐκείνων
1198 3208 1496 3263 ἀνάστασιν
1529 3207 1725 3271 ἀλλους
1763 3207 1873 3261 πά-

1977 3215 2172 3256 eorum
2231 3200 2324 3270 qui
2399 3208 2710 3272 resurgant.
2765 3199 2822 3255 Si
2885 3208 3071 3257 autem
3116 3211 3173 3258 et
3227 3201 3307 3257 illi
3374 3212 3563 3256 resur-

290 3309 378 3361 λιν
417 3305 736 3376 ἀναμένειν,
767 3301 901 3357 ὥσθ’
930 3301 1048 3374 ἅμα
1078 3303 1215 3357 πᾶσι
1242 3303 1357 3366 τοῖς
1412 3301 1513 3371 τῆς
1553 3301 1730 3371 αὐτῆς
1762 3298 1869 3371 φύε

296 3416 436 3461 σεως
467 3396 808 3469 μετασχοῦσι
851 3397 952 3467 τὴν
991 3395 1208 3467 δωρεὰν
1240 3394 1573 3466 χαρισθῆναι
1611 3397 1712 3466 τῆς
1747 3394 1876 3448 ἀνα-

287 3491 560 3554 ’στάσεωςι
607 3489 735 3543 Ἐτι
785 3488 848 3542 δὲ
899 3488 1063 3549 αὐτὸς
1116 3488 1146 3540 ὁ
1183 3487 1489 3559 Μαχούμετ
1542 3489 1671 3559 μίαν
1703 3487 1874 3558 μόνην

293 3581 512 3653 τίθησιν
545 3582 760 3654 ἡμέραν
795 3581 900 3653 τῆς
951 3581 1305 3645 ἀναστάσεως
1336 3621 1352 3646 ,
1390 3581 1671 3635 τουτέστιν
1701 3583 1759 3634 ὲν
1793 3581 1874 3652 τῷ

296 3672 441 3726 τέλει
464 3671 558 3725 τοῦ
588 3671 824 3739 κόσμου,
875 3671 933 3723 ιν
977 3671 1046 3741 τῇ
1075 3670 1264 3741 ἡμέρᾳ
1297 3668 1399 3740 τῆς
1447 3671 1709 3739 κρίσεως.
1738 3671 1876 3741 Περὶ

293 3765 352 3819 δὲ
397 3765 496 3835 τῆς
535 3763 885 3824 ἀναστάσεως
914 3747 1165 3828 ἐκείνων,
1207 3764 1240 3834 ἢ
1271 3763 1368 3833 τῆς
1400 3762 1692 3830 γενέσεως,
1717 3763 1874 3816 οὐδετ-

300 3858 440 3930 μίαν
468 3857 821 3911 παντάπασιν
851 3858 1077 3929 μνήμην
1101 3858 1363 3915 ποιεῖται.
1404 3856 1527 3910 Ἔτι
1563 3856 1740 3918 οὐδεὶς
1785 3855 1876 3910 λό-

294 3957 392 4022 γος
422 3947 562 4004 εἶναι
603 3949 773 4016 δοκεῖ,
823 3949 968 4028 δια-τί
1005 3949 1091 4002 δεῖ
1126 3966 1277 4014 τινας
1318 3949 1614 4028 ἀναμένειν
1648 3948 1785 4020 πρὸς
1813 3949 1874 4001 τὸ

293 4043 432 4115 ὁμοῦ
464 4044 786 4112 ἀναστῆναι,
816 4045 866 4096 εί
901 4026 977 4112 μὴ
1015 4042 1099 4113 δεῖ
1130 4042 1341 4105 πάντας
1382 4025 1697 4112 ἀναμένειν.
1730 4042 1792 4096 El
1816 4042 1871 4098 δέ

294 4155 378 4202 τις
407 4137 582 4208 λέγει,
611 4139 693 4190 ὅτι
724 4136 783 4188 ὲν
811 4138 924 4199 τοῖς
944 4136 1328 4205 ἀνισταμένας
1355 4135 1510 4191 ἔσται
1547 4135 1649 4208 μὲν
1675 4137 1873 4208 χρῆσις

295 4231 488 4287 σιτίων
511 4248 571 4285 τε
616 4231 714 4284 καὶ
760 4228 1114 4298 ἀφροδισίων,
1148 4228 1264 4280 ἀλλ’
1308 4225 1434 4281 οὔτε
1467 4228 1557 4283 διὰ
1593 4229 1876 4301 συντήρη-

296 4338 383 4376 σιν
414 4321 446 4393 ἢ
479 4320 712 4389 αὔξησιν
767 4317 864 4371 τοῦ
901 4317 1173 4389 σώματος,
1209 4313 1336 4371 οὔτε
1367 4316 1456 4370 διὰ
1495 4319 1600 4389 τὴν
1650 4317 1742 4370 τοῦ
1776 4319 1871 4371 ἀν-

297 4407 522 4480 θρώπου
555 4408 733 4469 εῐδους
777 4403 1008 4477 αῡξησιν
1057 4405 1090 4474 ἥ
1145 4403 1445 4476 διαμονὴν,
1484 4405 1656 4475 μόνον
1695 4406 1750 4459 δὲ
1784 4406 1874 4461 διὰ

293 4502 396 4574 τὴν
436 4501 835 4571 παρεπομένην
882 4502 1003 4562 ταῖς
1038 4497 1320 4562 τοιαύταις
1359 4499 1622 4572 πράξεσιν
1653 4500 1869 4571 ἡδονὴν,

296 4595 385 4649 ἵνα
415 4591 662 4664 μηδεμία
688 4596 800 4656 τοῖς
827 4590 1137 4662 ἀνθρώποις
1170 4589 1334 4664 ἡδονὴ
1375 4594 1489 4664 ἀπῇ
1521 4594 1581 4644 ὲν
1609 4596 1675 4664 τῇ
1695 4594 1868 4664 taxa-

296 4703 366 4758 τῃ
409 4684 833 4755 μισθαποδοσίᾳ,
858 4683 1050 4755 ὥσπερ
1074 4685 1379 4756 διαρρήδην
1408 4686 1436 4736 ὁ
1482 4686 1784 4756 Μαχούμετ
1809 4686 1869 4741 ἐν

295 4777 363 4846 τῇ
393 4772 592 4836 ἐαυτοῦ
640 4773 966 4845 διδασκαλίᾳ
1007 4773 1182 4845 φησί’
1245 4774 1411 4844 δῆλον
1456 4776 1531 4840 ὡς
1585 4775 1874 4846 πολλαχῶς

296 4869 516 4929 ἀτόπως
548 4865 771 4934 λέγεται
795 4863 975 4919 τοῦτο·
1012 4864 1230 4936 πρῶτον
1281 4866 1399 4938 μὲν,
1431 4867 1515 4921 ὅτι
1550 4868 1600 4922 oi
1628 4869 1736 4922 τῶν
1763 4871 1878 4924 ἀνι-

298 4962 586 5034 σταμένων
616 4959 731 5030 ζωὴ
760 4961 858 5028 τῆς
887 4959 1172 5032 παρούσης
1208 4961 1574 5033 εὐτακτοτέρα
1603 4961 1779 5016 ἔσται’
1817 4965 1878 5016 ὲν

228 5046 235 5054 ’
296 5055 475 5129 ταύτῃ
504 5055 562 5108 δὲ
603 5056 670 5126 τῇ
703 5052 816 5124 ζωῇ
849 5054 1097 5123 ἐμπαθὲς
1127 5054 1220 5105 καὶ
1256 5051 1498 5108 ἄτακτον
1533 5051 1671 5108 εἶναι
1704 5055 1874 5124 δοκεῖ,

296 5151 351 5203 εί
389 5166 475 5209 τις
504 5148 593 5202 διὰ
629 5150 797 5216 μόνην
837 5145 1028 5215 ἡδονὴν
1063 5146 1240 5217 χρῷτο
1274 5149 1383 5210 τοῖς
1427 5147 1618 5211 σιτίοις
1677 5166 1736 5202 τε
1778 5151 1874 5203 καὶ

297 5240 665 5313 ἀφροδισίοις,
687 5238 811 5293 ἀλλ”
835 5239 896 5290 οὐ
931 5239 1021 5292 διά
1050 5241 1153 5309 τὴν
1186 5241 1436 5310 ἀνάγκην
1484 5242 1578 5294 τοῦ
1623 5243 1872 5312 συνέχειν

295 5333 358 5383 τὸ
387 5330 638 5401 σῶμα,·ἢ
666 5328 762 5382 τοῦ
795 5330 1261 5386 παιδοποιεῖσθαι.
1297 5333 1402 5384 Καὶ
1433 5333 1580 5385 τοῦτ’
1614 5334 1872 5403 εὐλόγωςο

297 5422 356 5476 αἱ
398 5421 509 5490 γὰρ
547 5424 605 5474 ὲν
662 5424 783 5484 ταῖς
837 5423 1267 5493 προειρημέναις
1328 5425 1638 5495 ἐνεργείαις
1685 5427 1872 5497 ἡδοναὶ

299 5513 402 5568 οὐκ
452 5513 616 5568 αὐταί
643 5517 752 5568 εἰσι
813 5514 923 5567 τῶν
972 5515 1270 5587 ἀνεργειῶν
1297 5517 1448 5586 τέλη,
1485 5516 1622 5572 ἁλλά
1654 5518 1714 5571 τὸ
1745 5519 1877 5573 ἀνάο

299 5608 462 5661 πάλιν
493 5605 717 5678 μᾶλλον.
749 5606 816 5660 Ἢ
848 5606 954 5680 γὰρ
990 5607 1152 5677 φύσις
1183 5609 1319 5680 πρὸς
1349 5609 1509 5665 τοῦτο
1537 5611 1634 5675 τάς
1677 5612 1873 5683 ἡδονὰς

296 5697 488 5764 Ιταξεν
518 5701 579 5752 ὲν
606 5698 839 5764 ταύταις
887 5702 1008 5766 ταῖς
1056 5702 1386 5774 ινεργείαις,
1427 5703 1513 5760 ινα
1556 5705 1631 5777 μὴ
1664 5703 1756 5761 διά
1780 5707 1873 5759 τὸν

297 5792 463 5846 πόνον
501 5790 572 5846 τὰ
602 5791 716 5857 ζῶα
765 5792 876 5848 τῶν
909 5793 1226 5866 ἀναγκαίων
1259 5793 1470 5851 τούτων
1511 5801 1611 5867 τῆς
1654 5799 1874 5867 φύσεως

295 5884 477 5956 ἔργων
524 5885 863 5957 ἀφίσταιντο·
897 5886 927 5941 δ
959 5889 1276 5948 συνέϐαινεν
1313 5891 1376 5947 ἂν
1405 5933 1422 5962 ,
1451 5893 1498 5945 εξ
1544 5894 1620 5964 μὴ
1655 5895 1719 5949 τὰ
1754 5894 1873 5960 ζῶα.

1976 3302 2132 3365 gent,
2193 3293 2475 3363 oportebit
2526 3303 2582 3348 et
2662 3291 2861 3348 llorum
2910 3294 3374 3350 resurrectionem
3427 3293 3566 3349 alios

1975 3401 2168 3442 rursus
2201 3394 2543 3456 exspectare,
2581 3393 2640 3441 ut
2682 3387 2852 3442 simul
2878 3388 3140 3443 omnibus
3179 3387 3275 3458 qui
3311 3387 3563 3442 eamdem

1976 3489 2233 3534 naturam
2272 3479 2632 3548 participant.
2664 3481 2871 3534 donum
2905 3479 3330 3535 resurrectionis
3371 3479 3564 3534 confe-

1977 3581 2153 3624 ratur.
2207 3568 2344 3624 ltem
2399 3570 2518 3638 ipse
2570 3568 2915 3624 Mahometus
2961 3584 3128 3623 unum
3185 3568 3361 3623 solum
3412 3566 3567 3634 ponit

1976 3661 2119 3716 diem
2151 3661 2599 3726 resurrectionis,
2637 3662 2691 3717 id
2731 3670 2815 3718 est
2876 3662 2930 3716 iu
2989 3661 3097 3717 ﬁue
3137 3661 3347 3725 mundi,
3386 3660 3440 3714 in
3474 3660 3564 3715 die

1971 3757 2202 3830 judicii;
2251 3759 2320 3813 de
2367 3759 2772 3814 resurrectione
2825 3769 3009 3814 autem
3069 3757 3317 3823 illorum,
3351 3755 3437 3810 vel
3491 3757 3566 3810 de

1975 3852 2285 3917 nativitate,
2325 3853 2538 3907 nullam
2580 3851 2806 3906 omnino
2850 3850 3184 3908 mentionem
3239 3848 3391 3904 facit.
3424 3846 3560 3902 item

1974 3945 2124 4001 nulla
2164 3943 2303 3999 ratio
2345 3959 2466 3998 esse
2498 3943 2739 4006 videtur,
2765 3957 2938 4012 quare
2988 3951 3244 4012 Oporteat
3287 3939 3555 4010 quosdam

1975 4044 2299 4107 exspectare
2328 4033 2396 4089 ad
2445 4032 2610 4088 simul
2651 4031 3077 4104 resurgendum,
3109 4030 3158 4087 si
3196 4047 3306 4088 non
3338 4040 3561 4102 oporte—

1974 4131 2059 4188 bit
2103 4145 2295 4187 omncs
2340 4139 2684 4200 exspectare.
2715 4127 2774 4184 Si
2823 4137 3005 4183 autem
3038 4127 3164 4198 quis
3208 4126 3377 4191 dicat.
3411 4123 3565 4197 quod.

1976 4224 2028 4279 in
2061 4223 2148 4279 bis
2185 4222 2281 4293 qui
2313 4230 2601 4294 resurgent
2641 4204 2763 4277 erit.
2789 4221 3012 4292 quidem
3045 4235 3180 4276 usus
3222 4219 3558 4276 cibariorum

1975 4329 2032 4376 et
2078 4334 2263 4374 rerum
2299 4333 2690 4384 venerearum,
2734 4318 2832 4373 sed
2865 4333 3046 4388 neque
3082 4326 3305 4388 propter
3342 4331 3564 4372 conser-

1978 4409 2252 4466 vationem
2285 4410 2373 4465 vel
2403 4419 2762 4481 augmentum
2803 4409 3071 4480 corporis,
3116 4424 3297 4478 neque
3335 4419 3561 4479 propter

1976 4502 2231 4558 humana:
2279 4501 2484 4573 speciei
2537 4512 2893 4574 augmentum
2937 4501 3022 4557 vel
3089 4501 3566 4573 permansionem,

1974 4595 2151 4650 solum
2215 4603 2398 4648 autem
2466 4601 2690 4663 propter
2750 4593 3123 4663 voluptatem,
3175 4607 3296 4663 quae
3347 4591 3553 4646 talibus

1975 4685 2289 4748 auionibus
2347 4685 2573 4750 accidit,
2627 4697 2688 4740 ut
2735 4686 2890 4740 nulla
2943 4685 3198 4754 voluptas
3247 4683 3561 4737 hominibus

1955 4781 2120 4836 absit
2161 4779 2236 4833 in“
2267 4788 2515 4835 extrema
2552 4777 2824 4832 mercedis
2861 4775 3251 4837 retributione.
3293 4777 3438 4831 sicut
3467 4791 3568 4844 pth

1973 4873 2081 4928 lam
2136 4871 2477 4927 Maltometus
2521 4869 2574 4926 in
2611 4870 2754 4925 libro
2787 4869 2855 4924 de
2888 4868 3139 4923 doctrina
3201 4883 3299 4921 sua
3351 4867 3488 4921 dicit
3524 4884 3538 4921 :

1976 4963 2323 5019 manifestum
2357 4962 2544 5034 igitur,
2572 4962 2720 5033 quod
2746 4961 2852 5016 hoc
2895 4960 3085 5016 multis
3132 4959 3311 5014 modis
3353 4962 3517 5012 incon

1975 5058 2268 5114 venienter
2307 5056 2536 5112 dicitur.
2583 5056 2826 5111 Primum
2883 5054 3129 5125 quidem,
3170 5051 3315 5124 quod
3373 5063 3554 5107 resur-

1976 5149 2218 5221 gentium
2259 5150 2370 5205 vita
2422 5150 2529 5204 erit
2560 5149 2757 5204 melius
2805 5147 3058 5202 ordinata
3095 5162 3258 5216 quam
3292 5145 3407 5201 hinc
3436 5161 3556 5214 qua:

1976 5257 2217 5312 prascns
2259 5249 2364 5296 est.
2421 5240 2479 5294 in
2536 5239 2644 5294 hac
2700 5249 2884 5308 autem
2943 5238 3054 5292 vita
3112 5237 3450 5306 impossibile
3501 5246 3558 5288 ct

1979 5335 2356 5390 inordinatum
2384 5330 2662 5403 quoddam
2693 5346 2814 5386 esse
2837 5329 3080 5394 videtur,
3111 5329 3156 5384 si
3185 5330 3309 5400 quis
3335 5337 3562 5399 prepter

1979 5430 2318 5498 voluptatem
2357 5434 2546 5480 utatur
2575 5424 2802 5492 cibariis
2834 5425 2922 5479 vel
2956 5426 3124 5478 rebus
3157 5424 3433 5485 venereis,
3464 5420 3560 5476 sed

1980 5537 2088 5576 non
2131 5527 2356 5590 propter
2405 5517 2786 5573 necessitatem
2839 5515 3154 5571 reservandi
3215 5529 3437 5583 corpus,
3470 5513 3557 5567 vel

1978 5612 2311 5685 procreandi
2341 5610 2504 5666 filios.
2542 5609 2610 5665 Et
2639 5609 2744 5664 hoc
2780 5606 3200 5662 rationabiliter.
3236 5603 3568 5674 Voluptates

1976 5708 2125 5764 enim
2183 5709 2237 5760 in
2274 5700 2566 5776 ‘pratdictis
2614 5701 2928 5758 actionibus
2979 5715 3091 5756 non
3150 5707 3383 5770 possunt
3437 5711 3558 5754 csso

1976 5799 2256 5857 actionum
2303 5797 2457 5854 fines.
2488 5795 2594 5852 Sed
2627 5808 2927 5851 econverso
2974 5792 3162 5864 potius
3189 5789 3409 5861 quidem
3455 5805 3554 5842 na—

1979 5901 2102 5949 tura
2140 5890 2207 5947 ad
2241 5891 2344 5946 hoc
2380 5890 2691 5960 voluptates
2715 5885 2992 5943 ordinavit
3019 5883 3078 5940 in
3117 5883 3202 5939 bis
3235 5881 3564 5938 actionibus
