4156 6300
519 318 655 385 108⁷1

1816 317 2194 381 DEMETRII
2233 320 2541 385 CYDONll

3634 326 3775 400 1088

519 446 581 491 ιιι
608 451 715 491 non
745 442 965 505 propter
998 432 1240 489 laborem
1268 430 1527 487 animalia
1557 431 1624 485 ab
1654 431 1740 486 his
1767 432 2094 489 necessariis

2199 434 2386 504 ἡδοναὶ
2440 452 2860 505 προεκαλουντο.
2902 440 3058 495 Ἔστι
3095 440 3272 497 τοίνυν
3321 442 3474 507 τάξις
3521 441 3781 517 ἀπρεπὴς

518 538 730 583 naturae
791 527 1055 598 operibus
1113 526 1581 597 clongarenture
1636 525 1781 595 quod
1845 526 2096 584 accidere

517 629 725 689 posset,
745 620 859 693 nisi
903 619 1159 674 animalia
1212 618 1521 689 voluptates
1555 631 1939 689 provocarent.
1997 620 2098 678 Est

516 710 847 783 igiturordo
876 710 1271 765 inconveniens
1302 721 1357 765 et
1381 721 1771 781 praposterus,
1801 713 1846 767 si
1872 723 2097 782 propter

516 803 664 858 solas
695 803 1005 871 voluptates
1065 803 1311 859 actiones
1341 802 1424 857 ha:
1469 803 1848 873 perﬁciantur.
1881 804 2098 875 Nequa-

515 909 680 963 quam
729 894 899 964 igitur
956 894 1010 948 in
1057 892 1145 948 his
1182 895 1274 963 qui
1335 903 1646 965 resurgent,
1703 910 1938 964 quorum
1986 896 2096 949 vita

516 983 660 1040 bene
690 984 1098 1040 ordinatissima
1131 986 1480 1055 supponitur,
1515 987 1704 1042 talium
1739 999 1826 1043 est
1857 1003 2011 1049 usus.
2040 994 2097 1042 et

519 1078 694 1133 multo
725 1079 908 1133 minus
941 1078 992 1133 in
1030 1081 1231 1134 talibus
1274 1080 1455 1134 futura
1485 1083 1593 1135 erit
1634 1072 1869 1135 felicitas
1894 1082 2099 1137 :-aliter

515 1170 659 1225 enim
685 1171 815 1239 quid
849 1172 1124 1238 prohibet,
1154 1181 1207 1223 et.
1243 1173 1449 1241 reliqua
1483 1173 1739 1229 animalia
1763 1175 2096 1233 irrationalia

517 1260 696 1315 felicia
726 1277 849 1314 esse
898 1260 950 1313 in
983 1261 1259 1330 praedictis
1289 1262 1622 1326 actionibus,
1660 1280 1780 1333 qua
1811 1267 2097 1322 nobiscum

516 1353 962 1407 communicant?
1009 1354 1143 1408 ltem
1193 1354 1237 1408 si
1296 1354 1350 1408 in
1378 1354 1461 1410 his
1507 1356 1817 1412 actionibus
1852 1368 2096 1415 extrema

518 1445 758 1500 hominis
780 1446 1009 1500 felicitas
1036 1456 1138 1512 est,
1158 1447 1299 1501 sicut
1338 1448 1679 1505 Mahometus
1708 1452 1883 1521 palam
1916 1452 2100 1508 dicere

518 1536 759 1606 videtur,
786 1538 945 1606 cujus
973 1538 1145 1608 gratia
1176 1555 1325 1596 nunc
1355 1551 1572 1612 oportet
1599 1544 1666 1600 ab
1687 1544 1775 1601 his
1801 1545 2097 1611 contineri.

516 1638 574 1684 et
600 1644 708 1685 non
748 1630 931 1699 potius
960 1632 1050 1687 die
1092 1648 1156 1687 ac
1188 1643 1347 1689 nocte
1400 1635 1689 1692 comedere
1724 1646 1781 1694 et
1810 1638 2096 1702 luxuriari,

518 1727 661 1775 utet
708 1720 799 1777 hic
835 1722 1022 1779 felices
1064 1739 1186 1780 esse
1230 1727 1543 1796 possimus?
1573 1727 1680 1783 Sed
1717 1734 1862 1800 apud
1909 1747 2099 1805 omnes

517 1813 791 1883 homines,
847 1825 902 1870 et
948 1817 1093 1888 apud
1158 1818 1458 1876 Saracenos
1517 1821 1665 1891 ipsos
1723 1822 2101 1880 bonorabilius

515 1906 780 1975 videtur,
841 1911 1128 1966 continere
1186 1912 1256 1967 ab
1332 1913 1442 1969 his.
1515 1915 1732 1972 Habent
1793 1924 1978 1972 autem
2046 1924 2101 1973 et

518 1999 781 2068 quosdam
833 2000 980 2058 viros
1033 2004 1398 2072 speculativos
1447 2016 1504 2062 et
1568 2009 1931 2073 Continentes,
1960 2023 2100 2080 quos

519 2093 758 2147 maxime
801 2093 1045 2149 laudant.
1092 2097 1198 2154 Sed
1250 2099 1507 2170 quoniam
1543 2100 1751 2156 fatuum
1784 2112 1889 2169 est,
1940 2104 2099 2161 valde

521 2188 920 2242 rationabiliter
963 2188 1113 2258 loqui
1157 2205 1282 2245 cum
1347 2190 1570 2248 homine
1618 2194 1913 2264 prudentia
1981 2211 2103 2252 om-

521 2277 657 2331 nino
712 2281 943 2349 privato,
994 2281 1157 2336 liceat
1197 2282 1360 2339 simul
1412 2285 1649 2341 insanire
1676 2298 1731 2343 et
1779 2288 1964 2345 dicere
1994 2308 2009 2343 :
2039 2290 2096 2346 Si

520 2369 578 2424 in
611 2372 810 2426 talibus
848 2373 1159 2430 actionibus
1188 2384 1431 2431 extrema
1464 2377 1704 2434 hominis
1741 2380 1974 2436 felicitas
1992 2392 2094 2447 est,

522 2463 653 2532 quid
709 2464 870 2519 faciet
926 2464 1094 2536 igitur
1140 2467 1321 2521 anima
1368 2481 1610 2537 separata
1667 2481 1794 2526 ante
1851 2489 2101 2529 resurre-

519 2554 781 2619 ctionem,
812 2574 935 2622 qua:
987 2574 1165 2629 neque
1213 2566 1536 2629 comedere,
1572 2579 1754 2635 neque
1818 2567 2088 2623 luxuriari

519 2648 742 2715 potest?
778 2647 884 2704 Sed
942 2663 1122 2720 neque
1166 2654 1345 2723 angeli
1398 2663 1658 2723 poterunt
1714 2672 1833 2712 esse
1882 2657 2094 2727 felices,

518 2755 644 2793 cum
698 2742 832 2821 tales
888 2743 1198 2814 voluptates
1223 2761 1331 2800 non
1367 2757 1610 2817 gustent.
1642 2749 1774 2805 item
1815 2749 1861 2805 si
1893 2753 1948 2807 in
1974 2750 2094 2807 ha—

518 2833 703 2890 bendo
757 2835 981 2906 quidem
1048 2839 1251 2894 multas
1307 2841 1609 2910 mulieres,
1663 2846 2095 2903 innumerabiles

518 2920 703 2982 autem
735 2930 957 2999 pellices
996 2941 1052 2986 et
1085 2932 1338 3002 iuniores
1377 2944 1620 2990 extrema
1656 2935 1941 2993 hominum
1975 2939 2094 2994 feli-

518 3022 657 3075 citas
690 3032 793 3085 est,
823 3025 1104 3093 quomodo
1150 3037 1377 3096 possent
1420 3030 1686 3085 mulieres
1722 3029 1912 3088 felices
1948 3046 2090 3098 esse,

2198 528 2292 582 καὶ
2324 529 2735 601 πρωθύστερος,
2768 531 2817 584 εἰ
2845 530 2934 588 διὰ
2977 537 3149 603 μόνας
3189 538 3287 599 τὰς
3312 537 3504 606 ἡδονὰς
3535 539 3591 592 αἱ
3616 538 3778 607 ἐνέρ-

2196 636 2343 695 γειαι
2374 615 2541 674 αὗται
2585 622 2848 679 τελοϊντο.
2883 625 3154 697 Οὐδαμῶς
3176 627 3287 697 ἄρα
3325 627 3386 681 ἐν
3408 630 3523 691 τοῖς
3551 628 3778 682 ἀνιστα-

2154 774 2156 777 ,
2200 715 2427 785 μένοις,
2473 708 2549 770 ὧν
2606 718 2641 786 ἡ
2694 716 2808 787 ζωὴ
2839 719 3211 792 εὐτακτοτάτη
3269 723 3561 795 ὐπύκειται
3589 763 3606 789 ,
3662 723 3776 777 τῶν

2196 806 2455 862 τοιούτων
2501 807 2914 881 ἔσταιχρῆσιςιο
2960 814 3055 874 καὶ
3093 814 3274 886 πολλῷ
3318 816 3543 870 ἔλαττον
3574 818 3632 870 ὲν
3659 817 3777 879 τοῖς

2196 897 2462 962 τοιούτοις
2546 900 2819 970 μέλλουσα
2848 902 3370 976 ἐσται⁹εὐδαιμονία.
3400 904 3607 969 ’Ἄλλως
3636 906 3774 974 γὰρ,

2196 988 2251 1042 τί
2290 989 2499 1069 ἐκώλυε
2528 992 2620 1045 καὶ
2640 992 2709 1046 τὰ
2736 992 2902 1048 λοιπά
2928 993 3101 1063 ἄλογα
3132 994 3247 1060 ζῶα
3276 995 3573 1066 εὐδαίμονα
3607 991 3773 1063 εἶναι,

2199 1081 2256 1134 ὲν
2278 1083 2400 1143 ταῖς
2422 1082 2854 1154 προειρημέναις
2882 1084 3185 1155 ἐνεργείαις
3207 1088 3341 1157 ἡμῖν
3367 1085 3730 1159 κοινωνοῦντα
3752 1105 3773 1154 ;

2203 1174 2326 1229 Ἐτι
2366 1176 2413 1229 εί
2465 1178 2522 1230 ἐν
2571 1177 2799 1242 ταύταις
2842 1179 2967 1244 ταῖς
3006 1181 3314 1250 ἐνεργείαις
3356 1182 3388 1252 ἡ
3438 1182 3641 1252 ἐσχάτη
3676 1178 3773 1235 τοῦ

2198 1268 2487 1338 ἀνθρώπου
2521 1268 2841 1339 εὐδαιμονία
2894 1272 3065 1338 ἐστὶν,
3110 1271 3185 1334 ὡς
3213 1273 3242 1327 ὁ
3283 1272 3585 1344 Μαχούμετ
3615 1274 3775 1344 διαρο

2201 1358 2371 1429 ῥήδην
2421 1359 2571 1413 δοκεῖ
2603 1361 2809 1430 λέγειν,
2870 1363 3015 1428 τίνος
3070 1363 3235 1435 χάριν
3277 1363 3531 1438 νῦνγέδει
3570 1366 3777 1434 ἐγκρα-

2197 1449 2454 1503 τεύεσθαι
2476 1450 2704 1515 τούτων,
2730 1452 2848 1508 ἀλλ’
2877 1453 2938 1507 οὐ
2967 1454 3171 1523 μᾶλλον
3195 1453 3411 1526 ἡμέρας
3445 1457 3542 1510 καὶ
3572 1456 3773 1518 νυκτὸς

2198 1542 2403 1597 ἐσθίειν
2441 1559 2500 1597 τε
2556 1547 2650 1598 καὶ
2677 1544 3115 1611 ἀκολασταίνειν,
3153 1546 3245 1601 ἵνα
3284 1546 3524 1601 ἐνταῦθα
3568 1548 3750 1600 εὐδαί-

2203 1641 2367 1706 μονές
2405 1654 2550 1701 τινες
2581 1631 2774 1708 ὦμενς
2818 1639 2982 1693 Ἀλλὰ
3024 1640 3177 1711 παρὰ
3233 1640 3402 1694 πᾶσιν
3435 1638 3771 1709 ἀνθρώποις,

2204 1732 2298 1784 καὶ
2325 1730 2479 1801 παρὰ
2513 1734 2627 1794 τοῖς
2667 1732 3050 1803 Σαρῤακηνοῖς
3098 1732 3155 1787 δὲ
3202 1733 3408 1801 αὐτοῖς,
3445 1745 3774 1803 σεμνότερον

2202 1825 2351 1878 δοκεῖ
2383 1826 2817 1895 ἐγκρατεύεσθαι
2862 1824 3099 1884 τούτων.
3144 1828 3373 1898 Ἔχουσι
3406 1827 3461 1881 δὲ
3498 1826 3592 1881 καί
3617 1844 3773 1890 τινας

2200 1917 2403 1986 ἄνδρας
2436 1917 2811 1993 θεωρητικοϋς
2867 1918 2964 1972 καὶ
3018 1920 3309 1989 ἐγκρατεῖς
3334 1957 3352 1984 ,
3388 1915 3484 1982 οὓς
3535 1918 3770 1988 μάλιστα

2200 2007 2543 2064 ἐπαινοῦσιν.
2598 2009 2746 2062 Ἀλλ’
2796 2011 2917 2064 ἐπεὶ
2954 2010 3182 2081 ἀνόητόν
3213 2012 3329 2064 ἔστι
3363 2009 3483 2062 λίαν
3533 2009 3768 2079 λογικῶς

2199 2098 2548 2168 δῐαλὲγεσθαι
2572 2098 2845 2170 ἀνθρώπῳ
2878 2102 3196 2171 φρονήσεως
3220 2101 3574 2155 παντάπασιν
3610 2101 3767 2155 ιστα-

2201 2193 2444 2263 ρημένῳ,
2470 2189 2673 2256 ἐξέστω
2715 2192 3161 2262 συνανοηταίνειν
3204 2192 3408 2258 αὐτοῖς,
3439 2194 3536 2246 καὶ
3563 2190 3768 2257 λέγειν,

2200 2283 2261 2337 ΕΞ
2286 2286 2344 2338 ἐν
2373 2284 2599 2349 ταύταις
2644 2286 2764 2346 ταῖς
2796 2285 3093 2355 ἐνεργείαις
3112 2284 3167 2354 fh-
3194 2285 3395 2354 ἐσχάτη
3425 2281 3518 2336 τοῦ
3558 2282 3770 2352 ἀνθρώ-

2199 2394 2302 2429 που
2346 2376 2664 2447 εὐδαιμονία
2691 2375 2831 2440 ἐστὶ,
2860 2375 2911 2429 τί
2965 2376 3186 2448 ποιήσει
3211 2376 3322 2447 ἄρα
3362 2377 3396 2446 ἠ
3440 2374 3772 2445 χωρισθεῖσα

2198 2456 2366 2538 eum”
2398 2468 2504 2539 πρὸ
2559 2468 2657 2539 τῆς
2709 2468 3143 2538 ἁναστάσεως,ή
3181 2469 3321 2538 μήτε
3380 2466 3586 2521 ἐσθίειν
3616 2457 3771 2520 δυνα-

2200 2562 2359 2631 μένη,
2396 2562 2533 2633 μήτε
2565 2560 2949 2627 ἅσελγαίνεινς
3005 2560 3147 2613 Ἀλλ’
3173 2561 3283 2615 οὐδ’
3306 2560 3355 2615 οἱ
3401 2560 3625 2629 ἄγγελοί
3675 2578 3769 2614 πο-

2197 2671 2257 2707 τε
2293 2654 2615 2722 δυνήσονται
2665 2650 2804 2707 εἷναι
2833 2651 3173 2723 εὐδαίμονες,
3202 2652 3315 2706 τῶν
3363 2653 3624 2707 τοιούτων
3652 2652 3770 2722 ἡδο·

2199 2745 2303 2798 νῶν
2325 2745 2604 2813 ἄγευστοι.
2640 2744 2762 2799 Ἔτι
2810 2746 2860 2798 εί
2903 2744 2963 2798 ἒν
3009 2744 3089 2816 τῷ
3137 2744 3341 2808 πολλὰς
3374 2746 3472 2814 μὲν
3505 2744 3648 2815 ἔχειν
3678 2740 3790 2812 γυ-’

2196 2840 2411 2900 ναῖκας,
2440 2835 2841 2909 ἀναριθμήτους
2886 2837 2943 2891 δὲ
2994 2836 3279 2901 παλλακὰς
3337 2837 3432 2890 καὶ⁵
3462 2826 3753 2908 νεωτέρας,

2195 2931 2231 3003 ἡ
2276 2932 2478 3003 ἐσχάτη
2526 2947 2638 2984 των
2684 2930 2896 3000 ἀνδρῶν
2922 2928 3238 2999 εὐδαιμονία
3269 2930 3407 2996 ἐστὶ,
3433 2928 3551 2992 πῶς
3594 2927 3660 2981 ἂν
3684 2926 3773 2981 δύο

2200 3041 2387 3079 ναιντο
2420 3024 2476 3078 αἱ
2510 3024 2769 3090 γυναῖκες
2814 3017 2962 3081 εἶναι
3006 3022 3350 3093 εὐδαίμονες,
3383 3022 3431 3075 εἰ
3479 3021 3555 3089 μὴ
3601 3021 3770 3089 ἔχοιεν

519 3115 622 3170 nisi
658 3116 923 3171 haberent
968 3118 1155 3187 plures
1194 3121 1383 3175 viros?
1412 3121 1521 3177 Sed
1572 3140 1788 3188 rursus,
1818 3127 2095 3195 quomodo

2201 3115 2421 3178 πλείους
2475 3115 2717 3184 ἄνδραςς
2772 3114 2934 3168 Ἀλλὰ
3005 3113 3173 3168 πάλιν
3229 3111 3351 3177 πῶς
3403 3112 3629 3166 δυνατὸν
3678 3109 3769 3163 τδν

519 3208 779 3277 possibile
806 3220 891 3265 est
925 3211 1099 3265 virum
1126 3226 1247 3266 esse
1277 3212 1519 3280 beatum,
1549 3214 1707 3283 cujus
1736 3233 1873 3272 uxor
1899 3219 2099 3274 multos

518 3301 654 3354 alios
701 3302 897 3356 habeat
931 3304 1116 3357 viros?
1163 3303 1395 3360 Necesse
1438 3306 1629 3378 igitur,
1665 3295 1750 3363 vel
1807 3310 2120 3367 mulierem.

522 3391 733 3446 beatam
764 3409 887 3449 esse
911 3402 969 3448 et
1010 3395 1189 3449 virum
1223 3396 1515 3464 infelicem,
1545 3399 1628 3454 vel
1664 3401 1841 3455 vir-um
1875 3402 2097 3472 quidem

522 3481 756 3543 felicem;
779 3485 1038 3541 mulieres
1069 3496 1248 3541 autem
1277 3496 1333 3541 et
1350 3487 1594 3559 juniores
1611 3505 1797 3545 earum
1832 3492 2093 3549 infelices.

521 3573 810 3641 Quomodo
835 3585 1018 3630 autem
1038 3577 1298 3647 possibile
1322 3588 1428 3644 est,
1451 3596 1571 3636 esse
1597 3582 1818 3641 beatum
1835 3584 2096 3653 aliquem,

525 3668 682 3735 cujus
721 3670 898 3724 omnis
927 3669 1125 3727 domus
1154 3687 1316 3741 quam
1362 3682 1513 3729 amat
1566 3674 1763 3730 misera
1810 3686 1866 3733 et
1913 3679 2101 3734 infelix

522 3759 644 3811 est?
682 3759 1084 3816 Rationabilius
1112 3763 1279 3832 igitur
1310 3771 1418 3832 est,
1462 3772 1518 3819 et
1555 3765 1705 3820 viros
1737 3776 1794 3821 et
1846 3768 2101 3825 mulieres

524 3851 759 3906 miseras
782 3867 904 3908 esse
936 3864 993 3909 et
1019 3853 1287 3913 infelices.

599 4029 726 4086 Haec
760 4039 1018 4101 tanquam
1053 4031 1111 4086 in
1149 4033 1585 4105 transgressione
1619 4034 1762 4090 dicta
1808 4036 2098 4106 sulliciant,

527 4122 597 4179 ad
626 4123 1111 4181 demonstrandum
1148 4127 1580 4183 irrationabilem
1631 4144 1752 4183 esse
1795 4130 1969 4199 legem
2013 4146 2102 4186 sc-

529 4216 773 4269 cundum
815 4214 981 4270 finem
1031 4225 1088 4272 et
1108 4217 1407 4287 praemium
1435 4217 1582 4288 quod
1629 4220 1915 4288 promittit.
1965 4210 2101 4275 irra-

532 4306 814 4364 tionabilis
855 4319 939 4363 est
968 4316 1023 4363 et
1051 4308 1357 4363 secundum
1395 4310 1499 4364 alia
1545 4310 1714 4365 multa
1749 4327 1870 4380 quae
1911 4312 1960 4365 iu
1999 4312 2103 4368 hoc

528 4399 907 4464 continentur,
948 4398 1093 4457 sicut
1136 4399 1191 4455 id
1247 4400 1390 4469 quod
1445 4398 1762 4469 frequenter
1798 4400 2097 4469 inducitur,

526 4492 673 4562 quod
703 4492 847 4548 Deus
874 4492 1026 4564 jurat
1050 4508 1143 4561 per
1172 4491 1387 4547 fidelem
1421 4491 1639 4559 urbem,
1668 4503 1723 4548 et
1759 4508 1854 4562 per
1880 4493 2098 4551 ﬁcetum
2134 4473 2176 4525 θ

525 4594 582 4641 et
609 4585 874 4641 olivetum
904 4600 917 4638 :
944 4585 1088 4656 quod
1106 4586 1284 4668 palam
1315 4594 1541 4655 apparet
1570 4584 1623 4638 in
1650 4586 1889 4655 capitulo
1915 4587 2101 4650 Eltim,

531 4678 677 4748 quod
736 4678 1137 4746 interpretatur
1188 4676 1340 4744 ﬁcus.
1408 4675 1668 4732 Homines
1719 4693 1816 4754 per
1870 4678 2105 4749 majores

528 4782 661 4823 suos
705 4770 919 4839 iurant,
973 4767 1117 4824 sicut
1178 4783 1277 4837 per
1330 4768 1526 4836 Deum,
1570 4770 1655 4822 vel
1706 4785 1803 4839 per
1854 4770 2101 4833 sanctos;

527 4860 673 4917 Deus
711 4872 894 4915 autem
949 4876 1059 4914 non
1108 4859 1317 4915 habens
1363 4861 1627 4932 majorem
1674 4877 1772 4931 per
1810 4877 1971 4931 quem
2011 4862 2105 4933 ju-

530 4970 651 5008 rarc
679 4954 871 5023 possit,
921 4952 1207 5008 consuevit
1244 4969 1343 5023 per
1385 4954 1626 5023 seipsum
1666 4955 1879 5024 jurare,
1906 4964 1965 5009 ut
1991 4955 2104 5024 ipse

529 5046 596 5100 ad
623 5046 893 5100 Abraham
913 5046 1135 5117 iuravit,
1165 5047 1306 5101 sicut
1332 5044 1504 5100 fertur
1528 5046 1581 5100 in
1605 5048 1781 5116 primo
1803 5046 2101 5102 Geneseos.

531 5140 636 5194 Per
684 5138 901 5192 ﬁcetum
952 5138 1137 5192 autem
1197 5139 1278 5193 vel
1330 5137 1590 5192 olivetum
1644 5136 1852 5206 jurare,
1904 5153 2103 5191 vanum

529 5238 615 5285 est
653 5238 709 5284 et
756 5232 1073 5285 irrationale
1105 5230 1353 5284 omnino.
1404 5230 1534 5283 Item
1570 5230 1685 5299 ipse
1732 5229 1987 5298 prohibet
2026 5229 2106 5282 vi-

532 5336 687 5387 num,
724 5332 946 5392 propter
981 5320 1265 5375 ebrietatis
1317 5320 1654 5397 evasioneut,
1694 5321 1838 5375 sisut
1876 5319 1929 5373 in
1987 5321 2107 5390 plu-

533 5414 689 5469 ribus
726 5414 864 5469 locis
886 5413 1037 5468 dicit.
1075 5412 1181 5469 Sed
1208 5400 1330 5467 cum
1368 5412 1551 5466 vinum
1581 5427 1679 5482 per
1707 5415 1946 5483 seipsum
1993 5428 2107 5467 ma-

532 5508 647 5563 lum
682 5523 789 5564 non
821 5510 915 5569 sit,
961 5506 1163 5563 suilli-it
1193 5506 1364 5561 solam
1389 5506 1711 5561 cbzfstatem
1747 5521 1961 5562 cavere.
1998 5506 2105 5562 Sed

536 5600 749 5655 videtur
774 5616 967 5655 omnes
1017 5602 1324 5654 Saracenos
1366 5606 1654 5668 suspectos
1702 5598 1928 5666 habere,
1959 5599 2104 5668 quod

534 5690 719 5745 nullus
756 5706 947 5745 eorum
986 5691 1157 5761 possit
1197 5691 1281 5746 vel
1314 5689 1687 5753 mediocriter,
1722 5690 1806 5744 vel
1855 5705 1980 5744 cum
2022 5705 2110 5744 so-

530 5783 761 5839 brietate
795 5786 920 5841 vino
971 5782 1072 5854 uti,
1123 5783 1265 5842 unde
1305 5784 1423 5857 ejus
1471 5781 1783 5839 dehortatio
1809 5797 1874 5839 ex
1910 5797 2098 5840 neces~

2202 3208 2370 3278 ἄνδρα
2397 3201 2539 3263 εἶναι
2575 3208 2873 3279 μακάριον,
2904 3199 3117 3271 οὗτινος
3164 3208 3197 3277 ἡ
3236 3206 3373 3275 γυνὴ
3410 3206 3643 3268 πολλοὺς
3676 3204 3770 3260 άλ-

2199 3300 2324 3364 λους
2360 3300 2560 3370 ἄνδρας
2621 3299 2771 3370 ἔχει;
2820 3300 3061 3369 Ἀνάγκη
3110 3299 3295 3354 τοίνυν
3330 3300 3361 3369 ἢ
3391 3300 3490 3365 τὴν
3535 3300 3793 3379 γυναῖκα¹

2199 3388 2341 3448 εἶναι
2368 3396 2681 3465 εὐδαίμονα,
2723 3396 2936 3450 καὶτὸν
2972 3394 3140 3466 ἄνδρα
3164 3393 3425 3463 δυστυχῆ,
3476 3393 3510 3462 ἦ
3545 3390 3636 3445 τὸν
3671 3390 3767 3460 μὲν

2200 3487 2366 3559 ἄνδρα
2405 3489 2699 3559 μακάριον,
2735 3488 2825 3553 τὰς
2866 3487 2923 3541 δὲ
2946 3490 3213 3561 γυναῖκας
3244 3485 3467 3547 καὶτὰς
3497 3484 3767 3554 νεωτέρας

2200 3579 2379 3634 αὐτῶν
2407 3578 2831 3649 κακοδαίμονας.
2864 3577 2986 3641 Πῶς
3019 3578 3076 3631 δὲ
3102 3576 3328 3631 δυνατὸν
3383 3570 3523 3630 εἶναι
3585 3574 3763 3645 μακάο

2202 3687 2338 3742 ριον,
2372 3664 2432 3724 οὐ
2475 3670 2626 3722 πᾶσα
2655 3670 2687 3738 ἡ
2721 3668 2869 3722 οἰκία
2903 3669 2969 3739 ἥν
3020 3667 3245 3738 ἀγαπᾷ,
3278 3665 3439 3719 ἀθλία
3469 3664 3565 3720 καὶ
3606 3679 3771 3719 κακο-

2201 3760 2411 3832 δαίμων
2443 3761 2634 3826 ὲστίν;
2670 3758 3054 3831 Εὐλογώτερον
3081 3759 3261 3813 τοίνυν
3285 3760 3465 3827 λέγειν
3495 3758 3592 3811 καὶ
3644 3757 3765 3818 τοὺς

2200 3854 2401 3923 ἄνδρας
2456 3854 2552 3908 καὶ
2601 3854 2699 3918 τὰς
2737 3854 2999 3923 γυναῖκας
3032 3851 3237 3916 ἀθλίας
3275 3848 3435 3924 εἶναι,
3462 3851 3561 3907 καὶ
3605 3866 3768 3907 κακο-

2198 3946 2483 4014 δαίμονας.

2285 4035 2473 4091 Ταῦτα
2533 4034 2720 4107 ὥσπερ
2800 4036 2857 4090 ἐν
2924 4036 3260 4106 παρεκόἀσει
3324 4035 3589 4107 εἰρημένα
3671 4032 3764 4103 ἀρ-

2202 4129 2367 4185 κείτω
2406 4130 2543 4201 πρὸς
2597 4129 2656 4182 τὸ
2686 4127 2852 4193 δεῖξαι
2895 4129 3087 4197 ἄλογον
3120 4125 3269 4185 εἶναι
3308 4132 3395 4199 τὸν
3419 4130 3583 4198 νόμον
3627 4127 3766 4182 κατὰ

2200 4223 2262 4276 τὸ
2296 4221 2448 4285 τέλος
2499 4221 2591 4275 καὶ
2635 4221 2695 4275 τὸ
2734 4216 2895 4274 ἆθλον
2957 4222 2984 4275 ὃ
3041 4223 3415 4292 ὑπισχνεῖται.·
3444 4222 3674 4289 Ἀλογον
3715 4219 3768 4273 δι

2202 4314 2295 4367 καὶ
2352 4312 2471 4367 καθ’
2525 4313 2689 4382 ἕτερα
2745 4312 2911 4367 πολλὰ
2958 4313 3025 4366 τὰ
3051 4313 3108 4366 ὲν
3137 4312 3325 4384 τούτῳ
3376 4314 3764 4385 περιεχόμεναθ

2204 4402 2393 4472 ὥσπερ
2419 4402 2613 4456 αὐτόοι
2641 4400 2879 4471 συνεχῶς
2910 4401 3353 4473 παρεμϐάλλεται
3388 4400 3415 4455 6
3446 4400 3577 4463 Θεὸς
3605 4401 3769 4471 ὀμνὺς

2206 4496 2346 4549 κατὰ
2372 4496 2471 4563 τῆς
2508 4494 2746 4557 πίστεως
2790 4493 3018 4559 πόλεως,
3051 4495 3145 4551 καὶ
3193 4496 3331 4548 κατὰ
3364 4490 3457 4546 τοῦ
3503 4482 3795 4555 συκεῶνοςν

2207 4586 2298 4639 καὶ
2334 4585 2424 4637 τοῦ
2460 4583 2734 4647 ὲλαιῶνος·
2769 4581 2797 4635 ὃ
2827 4582 3075 4651 φαίνεται
3103 4582 3394 4655 διαῤῥὴδην
3448 4584 3504 4633 ἐν
3559 4580 3638 4652 τῷ
3678 4596 3766 4633 κε.

2206 4678 2421 4747 φαλαίῳ
2473 4675 2550 4745 τῷ
2607 4675 2819 4743 Ἐλτ“ιμ,
2863 4675 2891 4725 δ
2942 4674 3307 4747 ἑρμηνεύεται
3334 4672 3517 4742 συκῆ.
3563 4675 3627 4727 Οῑ
3660 4674 3765 4744 γὰρ

2205 4770 2484 4839 ἄνθρωποι
2517 4770 2658 4821 κατά
2709 4766 2799 4819 τοῦ
2854 4766 3097 4839 μείζονος
3141 4767 3454 4837 ὀμνύουσιν,
3486 4759 3597 4820 οἷον
3628 4766 3767 4819 κατά

2204 4861 2297 4915 τοῦ
2328 4850 2483 4925 Θεοῧ,
2506 4859 2538 4929 ἢ
2576 4858 2683 4910 τῶν
2706 4856 2910 4922 ιάγίων.
2954 4858 3017 4912 Ὀ
3040 4859 3097 4911 δὲ
3121 4858 3251 4927 Θεὸς
3278 4857 3353 4928 μὴ
3379 4857 3517 4929 ἔχων
3548 4855 3765 4928 μείζονα

2206 4949 2329 5003 καθ’
2356 4943 2418 5001 οὐ
2462 4948 2527 5000 ἂν
2559 4948 2828 5017 ὀμόσειεν,
2882 4944 3070 5019 εζιυοεν
3117 4946 3349 5015 ὀμνύναι
3393 4946 3518 5000 καθ’
3548 4942 3761 5006 ἑαυτοῦ,

2204 5043 2280 5107 ὡς
2315 5043 2476 5105 αὐτὸς
2512 5041 2615 5112 ἔφη
2642 5041 2719 5111 τῷ
2762 5039 3032 5108 Ἀϐραὰμ,
3064 5040 3138 5103 ὡς
3180 5040 3399 5109 λέγεται
3426 5041 3485 5091 ὲν
3507 5039 3584 5111 τῷ
3623 5040 3767 5109 πρώ-

2212 5153 2290 5208 τῳ
2322 5135 2419 5208 τῆς
2458 5135 2753 5196 Γενέσεως.
2784 5131 2858 5185 Τὸ
2901 5132 2959 5185 δὲ
3008 5134 3151 5185 κατὰ
3180 5132 3275 5185 τοῦ
3311 5132 3575 5195 συκεῶνος
3615 5132 3646 5202 ἢ
3678 5131 3764 5185 τοῦ

2205 5228 2461 5290 ἐλαιῶνος
2488 5226 2715 5298 ὀμνύναι
2744 5225 2973 5301 μάταιόν
2996 5228 3111 5279 ἐστι
3134 5228 3229 5281 καὶ
3253 5226 3444 5294 ἄλογον
3468 5226 3762 5289 παντελῶς.

2211 5323 2331 5393 Ἔτι
2382 5322 2541 5384 αὐτὸς
2584 5318 2781 5373 κωλύει
2857 5318 2946 5371 τὸν
2989 5312 3129 5371 οἶνον
3175 5306 3265 5372 διὰ
3307 5318 3406 5391 τὴν
3446 5322 3547 5390 τῆς
3599 5319 3765 5389 μέθης

2207 5414 2515 5484 ἀποφυγὴν,
2565 5412 2640 5477 ὣς
2678 5428 2844 5483 φησιν
2886 5414 2943 5467 ἐν
2976 5409 3187 5464 πλείοσι
3221 5409 3430 5474 τύποις.
3481 5411 3638 5466 Ἀλλά
3672 5411 3764 5465 τοῦ

2207 5506 2354 5560 οἴνου
2420 5508 2493 5576 μὴ
2530 5505 2649 5560 καθῗ
2703 5504 2897 5559 ἑαυτὸν
2931 5504 3085 5566 ὄντος
3134 5501 3347 5568 κακοῦ,
3388 5502 3547 5575 ἢρκει
3601 5503 3764 5574 μόνην

2207 5599 2308 5671 τὴν
2352 5598 2525 5669 μέθην
2586 5594 2948 5665 φυλάξασθαι.
2988 5595 3154 5649 Ἀλλὰ
3204 5594 3355 5648 δοκεῖ
3404 5596 3615 5657 πάντας
3643 5595 3764 5656 τοὺς

2209 5688 2603 5763 Σαρῤακηνοὺς
2636 5686 2991 5753 ὑποπτεύειν,
3037 5684 3113 5749 ὡς
3142 5685 3371 5757 μηδενὸς
3407 5685 3589 5741 αὐτῶν
3618 5688 3765 5740 δυναο
3810 5760 3813 5767 η

2209 5784 2374 5854 μένού
2408 5783 2441 5855 ἥ
2479 5781 2715 5856 μετρίως
2743 5781 2778 5854 ἦ
2811 5781 2951 5854 μετὰ
2990 5781 3201 5853 νήψεως
3227 5779 3462 5848 χρῆσθαι
3493 5779 3573 5855 τῷ
3616 5780 3773 5849 οἴνῳ..
