4100 6296
557 331 695 400 1099

1805 339 2194 407 DEMETRII
2234 342 2551 406 CYDONII

3646 335 3816 404 ιωο

548 448 748 517 spiritu
789 450 874 506 vel
915 416 1086 508 verbo
1128 452 1285 520 dicit,
1316 455 1384 512 de
1416 454 1749 513 'aecidentali
1801 457 1947 528 quod
1995 472 2121 528 pro—

2230 457 2349 523 νῶν,
2378 455 2520 510 ὥστε
2561 451 2796 526 ζητῆσαι
2820 448 3019 516 αὐτοὺς
3047 450 3202 523 Rapa
3229 450 3326 506 τοῦ
3357 449 3626 520 Maximo,
3659 450 3819 506 ὅταν

545 537 745 607 fertur,
789 541 875 596 vel
921 543 990 598 de
1037 545 1342 612 essentiali,
1386 548 1442 603 id
1477 556 1562 603 est
1610 558 1815 605 creato.
1867 549 1958 604 Sic
2009 563 2119 603 non

547 632 727 688 solum
756 634 983 689 verbum
1009 644 1066 690 et
1108 639 1335 706 spiritus
1385 640 1477 694 Dei
1525 635 1610 694 est
1648 655 1679 694 a
1734 641 1867 706 Deo,
1921 639 2020 695 sed
2064 647 2122 694 et

547 726 715 780 verba
741 736 800 788 et
825 729 1053 798 spiritus
1093 730 1326 784 aliorum
1358 732 1771 801 prophetarum,
1806 741 1860 788 et
1889 733 2123 788 aliorum

550 815 838 872 hominum
869 818 1181 878 beatorum.
1214 819 1279 875 Et
1313 816 1616 877 secundum
1651 823 1755 878 hoc
1788 839 1898 878 non
1928 838 2123 892 magna

547 911 798 979 quzeda'm
836 911 958 968 laus
1007 921 1093 968 est
1137 917 1251 968 hac
1279 913 1348 970 de
1374 913 1618 979 Christo,
1647 930 1813 985 quem
1846 916 2126 970 Mabome-

549 1013 639 1058 tus
667 1004 888 1073 proprie
913 1015 970 1060 et
1008 1020 1186 1076 supra'
1219 1021 1411 1063 omnes
1454 1007 1707 1064 homines
1754 1009 2123 1065 vult-consti-

549 1102 730 1149 tuere.
761 1094 866 1151 Sed
910 1112 1088 1164 neque
1125 1108 1348 1169 propter
1385 1098 1544 1153 talem
1582 1100 1847 1154 rationem
1875 1108 1933 1155 et
1961 1100 2122 1155 talem

549 1187 803 1256 spiritum
839 1188 1126 1258 pluraliter
1170 1188 1316 1245 Deus
1353 1189 1421 1244 de
1451 1190 1632 1260 seipso
1672 1191 1936 1261 loquitur,
1981 1193 2126 1247 sicut

553 1279 895 1334 inducuntur
921 1281 975 1335 in
1009 1290 1126 1336 ιοιο
1169 1283 1460 1337 Alcorano.
1523 1283 1580 1337 Si
1642 1294 1826 1338 autem
1877 1283 2012 1338 dicit
2057 1284 2126 1339 de

552 1372 798 1426 increatu
841 1381 897 1426 et
939 1373 1218 1428 essentiali
1268 1373 1438 1428 verbo
1488 1375 1584 1429 Dei
1640 1384 1696 1429 et
1757 1376 1977 1445 Spiritu,
2046 1377 2126 1431 sic

550 1461 745 1532 utique
793 1462 1083 1516 nobiscum
1140 1464 1385 1518 sentiunt
1445 1476 1552 1518 tam
1609 1465 1677 1520 de
1722 1465 2122 1532 incarnatione,

552 1570 716 1625 quam
751 1555 820 1610 de
847 1557 1107 1628 mysterio
1140 1556 1444 1630 Trinitatis.
1472 1558 1607 1614 item
1629 1558 1762 1614 dicit
1786 1559 2129 1614 Maltometus

551 1650 620 1700 de
658 1647 769 1702 Deo
804 1648 856 1701 in
897 1647 1136 1717 capitulo
1162 1649 1461 1705 Elminim:
1494 1647 1647 1716 Quod
1697 1651 1742 1705 si
1774 1651 1914 1705 Deus
1962 1650 2129 1705 babe-

552 1747 641 1793 ret
682 1739 880 1805 illium,
917 1741 972 1793 in
1026 1740 1274 1808 periculo
1319 1743 1432 1810 jam
1483 1750 1629 1796 totus
1673 1741 1915 1797 mundus
1953 1753 2148 1804 esset.,

552 1829 710 1885 Esset
754 1830 901 1885 enim
936 1831 1172 1886 schisma
1209 1831 1351 1886 inter
1379 1848 1497 1888 eos.
1532 1833 1657 1889 Haec
1703 1843 1887 1889 autem
1920 1849 2123 1905 suppo—
2157 1812 2198 1869 Β

553 1922 683 1978 sitio
713 1923 869 1978 valde
901 1923 1034 1979 falsa
1072 1915 1175 1981 est.
1211 1925 1484 1996 Supponit
1520 1927 1689 1993 enim,
1728 1943 1834 1983 non
1866 1927 2121 1997 possibile

553 2028 675 2069 esse
709 2014 882 2069 Deum
913 2015 1119 2071 habere
1172 2017 1362 2082 lilium,
1398 2018 1503 2072 nisi
1552 2019 1803 2089 iniquum
1843 2025 1906 2074 ’et
1943 2019 2124 2074 auda-

552 2119 672 2160 cem
706 2115 764 2160 et
801 2105 1230 2163 inobedientem.
1275 2109 1387 2165 Nos
1436 2120 1620 2165 autem
1658 2111 1915 2181 dicimus,
1974 2109 2119 2182 quod

555 2197 728 2252 Filius
757 2197 848 2252 Dei
879 2207 965 2252 est
991 2198 1227 2254 Verbum
1261 2200 1380 2266 Dei,
1410 2211 1467 2256 et
1513 2201 1741 2256 scientia
1792 2200 1988 2268 Patris,
2027 2218 2124 2272 per

553 2305 717 2360 quam
745 2293 930 2348 omnia
958 2302 1236 2363 operatur.
1268 2283 1514 2349 Verbum
1547 2303 1729 2349 autem
1762 2295 2125 2365 comprehen—
2168 2283 2173 2287 ’

554 2398 676 2438 sum
712 2384 764 2438 in
797 2393 1002 2449 mente,
1061 2394 1118 2439 et
1167 2382 1395 2439 artiﬁcis
1444 2386 1694 2451 scientia,
1744 2400 2020 2456 nunquam
2065 2389 2122 2442 in

555 2477 779 2534 homine
817 2486 1103 2547 separatur
1151 2490 1183 2532 ιι
1249 2478 1592 2548 concipiente
1647 2479 1949 2534 intellectu.
2005 2479 2120 2537 Nisi

554 2568 758 2624 alicubi
812 2569 1196 2639 blasphemans
1253 2569 1589 2626 Malmmctus
1630 2572 1791 2637 dicat,
1827 2572 2122 2628 dissentire

554 2657 623 2712 ad
659 2660 897 2728 seipSum
933 2660 1126 2724 Deum,
1170 2668 1226 2712 ct
1279 2661 1554 2715 contraria
1600 2662 1780 2717 dicere
1822 2665 1906 2717 sui
1951 2663 2124 2732 ipsius

555 2746 967 2819 intellectui'et
1019 2753 1358 2823 cogitationi.
1397 2753 1541 2808 Idem
1599 2751 1941 2810 Mahomctus
1990 2756 2123 2811 dicit

555 2845 612 2897 in
644 2843 885 2914 capitulo
923 2842 1130 2910 Elezat,
1176 2844 1322 2915 quod
1358 2845 1500 2900 Deus
1529 2855 1585 2900 et
1614 2847 1788 2917 angeli
1814 2849 1938 2916 ejus
1965 2857 2124 2903 orant

557 2951 657 3006 pro
687 2937 995 2994 llabometo
1023 2948 1079 2993 et
1113 2939 1418 3004 Saracenis.
1458 2939 1613 3006 Quod
1651 2941 1872 3011 quidem
1905 2950 1987 2997 est
2019 2957 2122 2996 an-

557 3026 826 3094 gelorum,
858 3034 942 3082 est
967 3026 1358 3083 omittendum:
1381 3027 1527 3084 Deus
1557 3039 1738 3084 autem
1773 3030 1992 3099 quando
2024 3046 2122 3100 pro

555 3119 638 3173 eis
690 3119 841 3173 orat?
877 3122 1049 3184 Quem
1084 3120 1243 3174 orat?
1295 3119 1549 3190 Angelos,
1586 3120 1669 3176 vel
1719 3120 1990 3186 homines,
2038 3120 2121 3174 vel

557 3213 839 3282 seipsum?
870 3210 978 3267 Sed
1009 3213 1116 3268 hoc
1145 3223 1230 3268 est
1276 3213 1642 3279 mendacium,
1682 3221 1801 3268 orat
1829 3214 2068 3283 seipsum
2105 3232 2122 3269 :

554 3316 612 3361 et
651 3306 885 3361 itiaxim'e
933 3305 1236 3362 secundum
1283 3306 1673 3370 Mahomctum,
1725 3307 1816 3376 qui
1851 3304 2015 3360 Verbi
2045 3307 2127 3361 in-

555 3393 929 3454 carnationem
981 3407 1160 3470 negat,
1212 3408 1266 3454 et
1311 3414 1489 3468 neque
1527 3411 1880 3468 personarum
1916 3383 2122 3455 discre-

511 3519 517 3524 -
559 3492 764 3546 tionem
799 3491 950 3562 ponit
980 3492 1035 3546 in
1067 3491 1294 3547 divinis.
1329 3492 1486 3547 Ponit
1538 3503 1719 3546 autem
1751 3503 1808 3548 et
1843 3494 1948 3548 alia
1979 3501 2128 3548 men—

556 3586 710 3641 dacia
742 3587 1010 3656 quaedam,
1052 3597 1109 3640 et
1155 3585 1534 3656 impossibilia,
1587 3587 1728 3642 sicut
1782 3587 1836 3640 in
1887 3586 2126 3657 capitulo

556 3679 771 3734 Elasiar
816 3679 1020 3734 dicitur
1047 3679 1206 3748 quasi
1237 3695 1301 3734 ex
1333 3694 1562 3749 persona
1597 3678 1691 3733 Dei
1723 3697 1737 3734 :
1781 3679 1836 3732 Si
1872 3679 1974 3734 hoc
2021 3680 2124 3733 mi—

557 3771 794 3828 serimus
842 3771 1172 3825 Alcoranum
1207 3785 1373 3840 super
1405 3783 1571 3825 unum
1611 3771 1875 3837 montem,
1911 3769 2127 3825 videres

552 3864 665 3933 jam
695 3878 820 3917 eum
855 3866 1045 3934 utique
1093 3865 1326 3919 scissum
1379 3879 1408 3917 a
1465 3864 1773 3918 reverentia
1825 3871 1880 3918 et
1932 3865 2126 3917 timore

559 3956 676 4011 Dei.
712 3955 781 4010 Et
810 3957 952 4013 sicut
999 3946 1054 4010 in
1105 3957 1345 4027 capitulo
1391 3955 1720 4020 Elcaminar,
1759 3943 1904 4028 quod
1956 3956 2127 4010 inter-

539 4031 807 4120 pretatur
839 4047 990 4114 lima,
1027 4047 1179 4112 dicit,
1226 4049 1370 4116 quod
1433 4047 1560 4101 luna
1615 4048 1849 4102 contrita
1907 4058 2012 4113 est,
2071 4054 2127 4102 et

559 4143 727 4195 multa
757 4120 885 4205 alia,
915 4150 1036 4209 qua:
1074 4139 1291 4210 longum
1322 4151 1464 4194 esset
1491 4156 1769 4197 enarrare.

2221 547 2356 617 λέγῃ
2399 547 2491 600 τὸν
2523 544 2760 615 Χριστὸν
2786 543 2944 612 λόγον
2972 537 3116 597 εῖναι
3139 539 3236 596 τοῦ
3256 541 3413 610 Θεοῦ,
3444 541 3542 597 καὶ
3564 540 3816 610 πνεῦμα

2222 638 2289 692 lx
2317 634 2479 699 Θεοῦ,
2502 635 2734 704 πότερον
2754 632 2886 704 περὶ
2914 631 3009 688 τοῦ
3035 632 3349 702 πνεύματος
3377 634 3474 687 καὶ
3502 630 3597 686 τοῦ
3626 631 3814 702 λόγου

2225 730 2361 799 φησι⁵
2384 727 2478 782 τοῦ
2508 727 2873 802 προφορικοῦ.
2915 726 2950 796 ἢ
2981 726 3114 796 περὶ
3160 724 3256 779 τοῦ
3286 721 3600 789 οὐοιώδους,
3630 739 3816 777 τουτ-

2223 823 2340 875 έστι
2366 822 2498 893 περὶ
2524 820 2620 875 τοῦ
2652 820 2895 887 κτιστοῦ,
2925 819 2960 891 ἢ
2997 818 3093 872 τοῦ
3122 818 3404 875 ακτιστου.
3435 817 3497 872 El
3529 816 3632 886 μὲν
3661 816 3815 886 περὶ

2222 915 2319 969 τοῦ
2354 913 2706 986 ἑξωτερικοῦ,
2742 915 2873 985 ἦτοι-
2897 912 2992 966 τοῦ
3019 909 3262 976 κτιστοῦ,
3302 909 3474 972 οὕτως
3517 909 3579 962 06
3630 906 3812 979 μόνον

2224 1011 2254 1062 6
2311 1007 2472 1076 λόγος
2521 1007 2617 1061 καὶ
2663 1005 2727 1059 τὸ
2780 1004 3003 1073 πνεῦμα
3048 999 3143 1056 τοῦ
3179 999 3317 1056 Θεοῦ
3372 1001 3528 1054 ’ἐστιν
3579 1001 3646 1052 ιιι
3691 995 3810 1052 τοῦ

2183 1162 2189 1168 ,
2224 1098 2360 1153 Θεοῦ
2387 1139 2403 1165 ,
2441 1098 2580 1154 ἀλλὰ
2638 1097 2735 1151 καὶ
2774 1084 2844 1150 οἵ
2874 1096 3023 1162 λόγοι
3077 1092 3168 1147 καὶ
3219 1093 3288 1147 τὰ
3347 1090 3638 1160 πνεύματα
3681 1089 3812 1154 τῶν

2226 1192 2402 1247 ἄλλων
2425 1190 2741 1261 προφητῶν,
2782 1189 2876 1242 καὶ
2902 1189 3013 1243 τῶν
3051 1187 3230 1242 ἄλλων
3271 1172 3559 1254 μαῖιαριων
3587 1181 3812 1251 ἀνθρὼ-

2227 1302 2364 1340 πων.
2414 1285 2525 1339 Καὶ
2571 1283 2714 1352 κατὰ
2752 1282 2911 1336 τοῦτο
2956 1281 3018 1334 οὐ
3052 1280 3226 1351 μέγας
3260 1277 3343 1340 τίς
3375 1277 3523 1330 ἐστιν
3571 1267 3814 1338 ἔπαινός

2227 1377 2387 1431 τοῦτο
2429 1377 2562 1446 περὶ
2593 1375 2688 1428 τοῦ
2727 1373 2992 1444 Χριστοῦ,
3032 1368 3157 1426 δν’ὁ
3189 1371 3490 1440 Μαχούμετ
3522 1368 3665 1429 ἰδίως
3696 1365 3814 1424 καὶ

2228 1469 2366 1541 ὑπὲρ
2402 1468 2608 1531 πάντας
2638 1456 2962 1536 ἀνθρώπους
2993 1463 3241 1534 βούλεται
3272 1461 3609 1516 συνιστάναι.
3655 1457 3815 1512 Ἀλλ’

2226 1555 2350 1609 οὐδὲ
2380 1556 2468 1610 διὰ
2501 1555 2594 1608 τὸν
2641 1553 2886 1607 τοιοῦτον
2917 1551 3076 1621 λόγον
3104 1555 3198 1607 καὶ
3237 1551 3301 1605 τὸ
3339 1550 3584 1604 τοιοῦτον
3636 1547 3820 1602 πνεῦ-

2232 1667 2307 1720 μα
2365 1646 2746 1717 πληθυντικῶς
2802 1648 2831 1700 6
2877 1645 3011 1708 Θεὸς
3059 1644 3191 1715 περὶ
3252 1642 3450 1698 ἑαυτοῦ
3500 1641 3812 1710 διελέγετο,

2228 1740 2419 1811 ὥσπερ
2448 1738 2731 1806 εἰσάγεται
2759 1737 2817 1790 ὲν
2844 1735 2949 1807 ὅλῳ
2981 1736 3060 1805 τῷ
3097 1735 3433 1804 Ἀλκοράνῳ.
3460 1732 3523 1786 El
3553 1732 3609 1786 δὲ
3652 1733 3814 1800 λέγει

2227 1831 2486 1904 περὶτοῦ
2515 1831 2779 1885 ἀκτίστου
2824 1829 2920 1882 καὶ
2966 1825 3261 1890 οὑστώδους
3292 1827 3470 1894 Λόγου
3512 1825 3606 1878 τοῦ
3658 1825 3815 1880 Θεοῦ

2228 1927 2324 1980 καὶ
2363 1926 2702 1994 Πνεῦματος,
2757 1922 2900 1976 οὕτω
2957 1922 3352 1991 συμϐαίνουσιν
3404 1922 3536 1991 ἡμῖν
3589 1919 3684 1972 ἐπι
3742 1935 3812 1974 τε

2228 2018 2330 2088 τῆς
2363 2017 2694 2087 σαρκώσεως
2745 2016 2842 2068 καὶ
2895 2013 2990 2066 τοῦ
3037 2013 3139 2082 τῆς
3187 2013 3231 2064 Τ
3236 2013 3419 2082 ριὰδος
3472 2012 3814 2083 μυστηρίου.

2236 2112 2360 2166 Ἔτι
2391 2110 2557 2180 φησὶν
2588 2111 2616 2163 6
2649 2107 2946 2178 Μαχούμετ
2974 2105 3227 2177 περὶτοῦ
3261 2105 3396 2160 Θεοῦ
3425 2108 3483 2160 ὲν
3512 2107 3589 2173 τῷ
3623 2123 3808 2175 κεφα-

2230 2202 2368 2272 λαίῳ
2396 2203 2475 2272 τῷ
2520 2201 2922 2272 Ἐλμουμηνὶμ,
2958 2201 3041 2253 ὅτι
3085 2201 3136 2253 εἰ
3169 2200 3209 2253 6.
3235 2198 3370 2263 Θεὸς
3397 2194 3544 2270 εἶχεν
3576 2199 3709 2263 υἱὸν,
3735 2199 3806 2250 ἐν

2230 2295 2464 2367 κινδύνῳ
2492 2296 2559 2350 ἂν
2586 2292 2655 2367 ἦν
2682 2296 2802 2358 ὅλος
2829 2298 2858 2347 6
2906 2295 3134 2364 κόσμος.
3167 2286 3276 2346 Ἦν
3299 2292 3406 2362 γὰρ
3421 2289 3498 2370 ᾖν
3524 2291 3580 2344 ὲν
3613 2279 3808 2353 αὑτοῖς

2231 2396 2464 2463 σχίσμα.
2513 2388 2664 2460 Αὕτη
2711 2388 2768 2440 δι
2826 2372 2872 2457 ἡ
2912 2385 3172 2448 ὑπύθισις
3231 2384 3352 2437 λίαν
3411 2383 3526 2436 ἐστὶ
3572 2382 3807 2453 ψευδής.

2242 2468 2572 2554 ’Υποτίθησι
2605 2483 2714 2551 γὰρ
2753 2475 2832 2551 μὴ
2876 2473 2989 2533 οἷόν
3038 2488 3097 2532 τε
3160 2473 3300 2530 εἶναι
3357 2477 3448 2528 τὸν
3487 2476 3619 2529 Θεὸν
3653 2475 3807 2545 ἒχειν

2233 2576 2372 2640 υἱὸν,
2413 2578 2460 2628 εἰ
2517 2575 2593 2646 μὴ
2629 2572 2869 2643 πονηρὸν
2903 2569 2999 2623 καὶ
3035 2567 3239 2637 αὐθάδη
3281 2569 3374 2620 καὶ
3403 2567 3805 2621 ἀνυπότακτον.

2245 2665 2433 2738 Ἦμεϊς
2482 2660 2539 2720 δέ
2570 2679 2792 2737 φαμεν,
2847 2665 2930 2716 ὅτι
2963 2659 2992 2712 6
3027 2660 3154 2720 Υἱὸς
3188 2659 3281 2712 τοῦ
3319 2659 3453 2712 Θεοῦ
3479 2659 3652 2726 Λόγος
3683 2660 3807 2711 ἐστὶ

2231 2759 2326 2815 τοῦ
2357 2758 2518 2826 Θεοῦ,
2561 2758 2657 2812 καὶ
2702 2755 2984 2828 ἐπιστήμη
3029 2755 3124 2807 τοῦ
3176 2753 3408 2824 Πατρδς,
3433 2752 3499 2806 δι’
3527 2748 3594 2824 ἧς
3623 2752 3804 2806 πάντα

2233 2853 2548 2923 ἐργάζεται.
2590 2851 2650 2904 '0
2669 2849 2726 2903 δὲ
2774 2847 2933 2917 λόγος
2973 2849 3005 2901 6
3027 2845 3354 2916 συλληφθεὶς
3383 2848 3447 2899 ἐν
3471 2847 3537 2916 τῇ
3569 2843 3801 2914 διανοίᾳ,

2232 2945 2328 2998 καὶ
2368 2946 2401 3015 ή
2456 2941 2551 2995 τοῦ
2594 2942 2838 3012 τεχνίτου
2869 2939 3170 3010 ἐπιστήμη,
3200 2939 3458 2992 οὐδέποτε
3495 2937 3603 2992 066’
3636 2939 3693 2991 ὲν
3713 2939 3797 3009 τῷ

2234 3035 2504 3108 ἀνθρώπῳ
2559 3035 2865 3090 διίστανται
2927 3033 3022 3087 τοῦ
3097 3031 3570 3102 συλλαμϐάνοντος
3641 3031 3734 3084 νοῦ
3777 3048 3794 3062 ο

2153 3154 2196 3213 c
2230 3132 2278 3185 ei
2459 3100 2564 3182 που
2601 3127 2938 3212 βλασφημῶν
2993 3127 3021 3181 ὁ
3055 3100 3373 3198 Μαχούιιετ
3403 3124 3804 3197 ὲρείῥιχονοεῖν
3859 3100 3864 3104 ”

2231 3223 2365 3292 πρὸς
2394 3223 2589 3276 ἑαυτὸν
2625 3223 2717 3275 τὸν
2747 3218 2901 3287 Θεὸν,
2932 3223 3026 3274 καὶ
3056 3220 3361 3287 ἀντιλέγειν
3384 3219 3478 3290 τῷ,
3500 3218 3693 3273 ἑαυτοῦ
3725 3218 3805 3289 νῷ

2231 3317 2328 3371 καὶ
2365 3317 2643 3387 vomunt."
2683 3316 2807 3368 Ἔτι
2840 3315 2868 3368 6
2902 3313 3205 3386 Μαχούμετ
3242 3314 3408 3385 φησιν
3436 3315 3493 3367 ὲν
3528 3314 3605 3384 τῷ
3636 3329 3806 3380 κεφα-

2230 3408 2368 3479 λαίῳ
2395 3407 2474 3479 τῷ
2507 3405 2764 3474 Ἑλεζὰπ,
2802 3407 2883 3461 ὃτι
2929 3408 2957 3461 6
2998 3407 3130 3470 Θεὸς
3167 3405 3263 3460 καὶ
3293 3408 3344 3460 οἱ
3373 3405 3598 3474 ἄγγελοι
3633 3404 3803 3458 αὑτοῦ

2230 3481 2479 3570 εὔχονται
2515 3499 2655 3569 ὑπὲρ
2685 3495 2779 3552 τοῦ
2818 3497 3065 3570 Μωάμεθ
3099 3499 3194 3553 καὶ
3230 3500 3340 3552 τῶν
3374 3499 3552 3553 ἄλλων
3590 3499 3805 3570 Σαρρα-

2231 3592 2435 3661 κηνῶν.
2475 3593 2548 3645 Τὸ
2583 3594 2682 3664 μὲν
2711 3592 2822 3646 ὀῦν
2873 3586 2981 3646 τῶν
3011 3593 3259 3661 ἀγγέλων
3287 3591 3615 3663 παρεατέον.
3658 3592 3716 3645 ὀ
3741 3591 3802 3644 δὲ

2231 3685 2366 3748 Θεὸς
2410 3685 2498 3738 ὅτε
2545 3685 2687 3756 ὑπὲρ
2720 3683 2902 3738 αὐτῶν
2934 3672 3193 3755 εὔχεται,
3237 3685 3344 3738 τίνι
3400 3682 3802 3753 εῦχεταιςτοῖς

2233 3775 2510 3844 ἀγγέλοις,
2553 3775 2586 3846 ἢ
2618 3776 2727 3838 τοῖς
2761 3769 3094 3845 ἀνθρώποις,
3139 3776 3172 3845 ἦ
3207 3773 3425 3844 ἐαυτῷ;
3465 3769 3627 3829 Ἀλλὰ
3656 3773 3802 3827 τοῦτ’

2230 3864 2595 3938 ἐστὶψεῦδος,
2629 3871 2689 3924 τδ
2727 3857 2986 3940 εὔχεσθαι
3017 3869 3219 3940 ἑαυτῷο
3258 3871 3353 3924 καὶ
3393 3869 3632 3938 μάλιστα
3660 3870 3800 3922 κατὰ

2217 3958 2324 4012 τὸν
2351 3960 2668 4031 Naxo-Just,
2700 3960 2760 4023 6;
2789 3961 2885 4014 καὶ
2919 3960 3016 4032 τὴν
3066 3961 3160 4014 τοῦ
3203 3961 3376 4045 Λϐγου
3405 3961 3683 4031 σαρκωσιν
3707 3959 3804 4027 ἁρ-

2232 4055 2436 4116 νεῖται,
2489 4055 2584 4106 καὶ
2641 4054 2761 4107 οὐδὲ
2811 4053 3089 4126 διάκρισιν
3140 4054 3452 4126 προσώπων
3495 4052 3707 4124 τίθησιν
3740 4053 3801 4105 ἐν

2230 4147 2341 4208 τοῖς
2371 4145 2558 4210 Θεὶοις.
2597 4147 2791 4218 Τξθησι
2838 4147 2894 4200 δὲ
2953 4149 3047 4202 καὶ
3092 4148 3224 4202 ἄλλα
3275 4148 3412 4202 ἄττα
3471 4147 3641 4218 ψεύδη
3670 4219 3676 4223 _
3707 4146 3801 4199 mi

557 4233 819 4298 ἀδύνατα,
857 4233 1048 4302 ὥσπερ
1097 4238 1156 4287 ἐν
1181 4233 1268 4314 ,τῷ
1310 4233 1592 4305 κεφαλαίῳ
1630 4233 1708 4305 τῷ
1759 4232 2029 4305 Ἐλαστὰρ
2062 4232 2279 4302 λέγεται
2306 4237 2493 4311 ὥσπερ
2535 4242 2599 4293 ὲκ
2666 4241 2961 4309 προσώπου
3007 4241 3098 4295 τοῦ
3139 4241 3305 4306 Θεοῦ,
3361 4241 3424 4297 El
3473 4242 3800 4313 ἐπέμψαμεν

558 4327 717 4380 τοῦτο
748 4327 806 4379 τὺ
848 4326 1168 4397 Ἀλκοράνον
1189 4332 1268 4392 si;
1291 4330 1348 4382 ἓν
1384 4329 1492 4380 τῶν
1522 4321 1686 4399 ὀρῶν,
1719 4325 1860 4393 εἶδες
1893 4327 1959 4383 ἂν
1990 4329 2141 4400 αὐτῷ
2177 4330 2397 4401 σχισθὲν
2424 4334 2531 4386 ἀπὸ
2577 4335 2675 4403 τῆς
2719 4335 3004 4400 εὐλαϐείας
3071 4337 3162 4391 καὶ
3189 4337 3283 4391 τοῦ
3311 4338 3478 4408 φόϐου
3521 4337 3615 4393 τοῦ
3645 4338 3796 4392 Θεοῦ“

557 4425 654 4478 καὶ
696 4420 886 4493 ὥσπερ
916 4425 973 4475 ἐν
1019 4421 1096 4492 τῷ
1136 4423 1414 4492 κεφαλαίῳ
1479 4423 1554 4493 τῷ
1605 4422 1910 4492 Ἐλκαμὰρ,
1974 4421 2004 4475 6
2075 4421 2442 4495 ἑρμηνεύεται
2490 4427 2751 4493 σελήνη,
2807 4429 2994 4497 φησιν,
3029 4429 3111 4482 ὅτι
3169 4431 3201 4502 1‘,
3241 4433 3440 4502 σελήνη
3483 4431 3796 4506 συνετρίϐη.

558 4517 668 4569 Καὶ
701 4515 873 4568 πολλὰ
907 4513 1063 4579 ἄλλα,
1096 4513 1129 4567 ἃ
1170 4515 1378 4586 μακρὸν
1413 4514 1478 4568 ἂν
1506 4513 1592 4583 εἴη
1626 4513 1979 4586 ἀπαριθμεῖνι

637 4606 794 4663 Unde
833 4596 1013 4676 potest
1070 4605 1327 4659 oumibus
1376 4603 1717 4675 sapientibus
1778 4601 2129 4659 manifesmm
2159 4604 2210 4664 D

561 4716 703 4765 esse,
741 4700 912 4768 legem
937 4697 1082 4751 illam
1123 4712 1232 4750 non
1264 4711 1385 4766 esse
1413 4713 1445 4751 a
1496 4697 1626 4760 Deo,
1684 4711 1806 4765 quae
1840 4705 1919 4749 tot
1969 4705 2026 4750 et
2049 4695 2129 4752 sic

559 4791 846 4850 manifesta
882 4790 1132 4844 continet
1166 4787 1469 4844 mendacia.
1521 4788 1884 4843 Inveniuntur
1943 4797 2127 4842 autem

558 4894 685 4957 post
718 4884 835 4939 haec
867 4891 923 4936 et
947 4881 1054 4936 alia
1085 4879 1332 4957 quaedam
1386 4881 1589 4936 absona
1618 4919 1632 4946 ,
1693 4895 1814 4949 quae
1870 4889 2127 4948 tanquam

562 4979 716 5034 ﬁrma
749 4975 1010 5032 Saraceni
1045 4974 1336 5038 aﬂirmant,
1375 4971 1633 5028 translata
1664 4988 1733 5026 ex
1773 4972 2043 5028 Alcoranu
2074 4973 2127 5025 in

559 5072 783 5126 modum
811 5067 1192 5137 expositionis,
1226 5068 1582 5125 continentur
1625 5075 1807 5119 autem
1843 5064 2018 5133 palam
2077 5063 2130 5117 in

559 5164 702 5217 libro
716 5161 1006 5217 Mabont'cti
1024 5158 1092 5213 de
1118 5159 1554 5228 expositionibus
1572 5158 1669 5228 (1):
1690 5174 1751 5212 ex
1782 5158 1982 5227 quibus
2006 5172 2130 5209 cum

563 5255 731 5309 multa
761 5254 891 5318 sint,
927 5266 1098 5321 pauca
1146 5251 1235 5304 hic
1273 5249 1736 5303 commemorabo.
1805 5249 1988 5304 Unum
2045 5257 2130 5303 est

560 5346 706 5418 quod
760 5343 916 5406 dicit,
948 5325 1094 5412 quod
1151 5353 1398 5397 creatum
1455 5342 1558 5396 fuit
1609 5343 1808 5395 omium
1851 5356 1916 5393 ex
1956 5342 2130 5406 fumo,

561 5440 746 5494 fumus
777 5449 958 5492 autem
990 5453 1054 5492 ex
1088 5435 1437 5490 exhalatione
1479 5435 1674 5497 maris,
1743 5448 1891 5487 mure
1945 5443 2130 5486 autem

561 5549 628 5587 ex
665 5532 902 5603 quodam
936 5537 1122 5584 monte
1151 5529 1242 5597 qui
1277 5526 1428 5598 Caph
1461 5525 1785 5596 appellatur.
1833 5535 1887 5580 et
1931 5525 1975 5578 is
2029 5525 2137 5579 cir-

562 5625 947 5680 cuntit~totutn
983 5626 1173 5678 orbem
1203 5633 1493 5688 terrarum,
1543 5630 1595 5675 et
1642 5619 1879 5673 sustinet
1906 5618 2130 5673 cmlum.

638 5784 716 5857 (l)
757 5784 806 5839 ls
835 5793 919 5837 est
948 5783 1039 5851 qui
1069 5779 1411 5846 inscribitur,
1461 5779 1534 5835 De
1567 5774 1817 5831 doctrina
1853 5775 2180 5831 Machumet.

2309 4602 2473 4658 Ὅθεν
2517 4605 2739 4659 δύναται
2790 4608 2923 4659 πᾶσι
2971 4610 3152 4682 σοφοῖς
3199 4608 3450 4677 γενέσθαι
3495 4617 3801 4692 καταφανὲς

2238 4696 2328 4770 τὸν
2357 4697 2521 4766 νόμον
2554 4697 2758 4750 ἐκεῖνον
2791 4690 3034 4770 μὴεῖναι
3068 4703 3217 4770 παρὰ
3247 4702 3417 4766 Θεοῦ,
3447 4707 3683 4762 τοσαῦτα
3705 4690 3800 4763 Ϋκαὶ

2237 4787 2380 4842 οῦτω
2418 4779 2558 4859 δῆλα
2596 4791 2917 4875 περιέχοντα
2954 4790 3148 4861 ψεύδη.
3186 4794 3544 4863 Εὐρίσκονται
3577 4798 3634 4853 δὲ
3669 4800 3800 4870 μετὰ

2236 4880 2404 4934 ταῦτα
2437 4882 2528 4934 καί
2552 4899 2670 4935 τινα
2702 4883 2837 4936 ἄλλα
2867 4886 3175 4957 ἀπᾴδοντα,
3205 4888 3347 4958 ἅπερ
3377 4891 3451 4953 ὡς
3482 4889 3681 4961 βέϐαια
3725 4893 3798 4946 δι-

2241 4974 2678 5043 ισχυριζονταιοὶ
2724 4977 3096 5049 Σαρρακηνοὶ,
3144 4983 3562 5054 μεταφερόμενα
3609 4989 3671 5040 ἐκ
3711 4987 3797 5041 τοῦ

2251 5067 2575 5138 ’Λλκοράνου
2607 5067 2917 5138 ἐξηγήσεως
2944 5074 3131 5141 τρόπῳ
3154 5090 3168 5104 ·
3204 5078 3546 5146 περιέχονται
3576 5080 3631 5132 δὲ
3661 5080 3802 5152 διαρ-

2242 5160 2408 5229 ῥὴδην
2451 5163 2508 5212 ἐν
2544 5161 2622 5228 τῷ
2663 5164 2791 5231 περὶ
2831 5161 3135 5232 δ;ηγήσειυν
3173 5165 3266 5217 τοῦ
3307 5168 3549 5238 Μωάμεθ
3596 5170 3797 5241 βιϐλίῳ.

2243 5246 2331 5315 Ἐξ
2361 5243 2435 5303 ὧν
2465 5248 2677 5304 πολλῶν
2703 5243 2892 5315 ὄντων,
2924 5251 3123 5318 ὀλίγων
3157 5255 3391 5308 ἐνταῦθα
3425 5259 3797 5329 μνημονεύσω.

2233 5341 2330 5393 ’Ἑν
2361 5343 2508 5395 ἐστιν
2541 5343 2567 5396 ὃ
2600 5361 2784 5411 φησιν,
2817 5343 2898 5395 ὅτι
2930 5347 2957 5397 ὁ
2990 5347 3206 5409 κτιστδς
3235 5349 3462 5418 οὐρανὸς
3494 5353 3714 5419 γέγονεν
3740 5354 3799 5407 ἐκ

2233 5429 2440 5483 καπνοῦ
2466 5447 2481 5462 ⁸
2513 5434 2540 5484 6
2571 5429 2626 5483 δὲ
2663 5432 2867 5492 καπνὸς
2902 5438 2965 5484 ἐκ
2998 5434 3096 5502 τῆς
3130 5434 3548 5507 ἀναθυμιάσεως
3581 5441 3682 5510 τῆς
3714 5440 3797 5493 θα·-

2231 5524 2434 5594 λάσσης
2460 5540 2473 5553 °
2509 5526 2540 5590 ἡ
2573 5524 2627 5576 δὲ
2657 5526 2901 5580 θάλασσα
2927 5525 2990 5579 ἐκ
3019 5545 3161 5592 τινος
3193 5529 3353 5598 ὅρους
3386 5533 3510 5600 Κὺφ
3543 5531 3796 5602 καλουμέ-

2233 5636 2345 5683 νου.
2377 5617 2404 5670 δ
2433 5617 2823 5690 περιζώννυσιν
2851 5617 2980 5690 ὃλην
3007 5619 3103 5692 τὴν
3130 5617 3473 5694 οἰκουμένην,
3506 5628 3597 5677 καὶ
3630 5626 3796 5695 ἀνέχει
