4100 6296
507 345 650 413 1103

1770 357 1924 418 DEM
1938 357 2149 418 ETRIE
2191 350 2508 418 CYDONII

3627 353 3770 422 1104

502 463 674 522 Iliani
705 465 924 522 veritati
951 465 1043 521 Dei
1069 464 1432 528 conﬁdentes,
1489 481 1610 535 qua:
1660 466 1965 521 fortissima
1997 479 2084 523 est

2200 468 2492 539 γράμματα
2522 469 2613 521 καὶ
2639 467 2950 532 διαλέκτους
2975 468 3109 522 αὐτὸ
3134 465 3559 537 μεταφέρεσθαι.
3577 467 3772 536 Ἰσμεν

505 566 561 612 et
603 567 789 613 manet
822 557 877 612 in
903 568 1194 624 :eternum,
1229 558 1467 614 libenter
1519 559 1588 614 de
1618 557 1912 628 Evangelio
1957 576 2083 614 eum

508 647 630 704 aliis
689 649 1010 704 nationibus
1063 651 1366 719 disputant,
1427 660 1481 705 et
1530 651 1770 720 gaudent
1805 666 1930 704 eum
1963 650 2087 705 aliis

509 741 831 798 nationibus
890 741 1191 812 disputare.
1230 749 1308 796 et
1360 745 1597 812 gaudent
1649 759 1772 797 cum
1839 743 1908 797 ab
1967 744 2088 798 aliis

511 833 829 888 nationibus
884 833 1102 902 legitur,
1147 833 1572 902 desiderantque
1600 835 1776 902 ipsum
1829 835 2086 889 omnibus

507 909 805 996 publicari,
829 935 884 980 et
906 926 959 979 in
993 925 1130 980 alias
1159 927 1373 997 linguas
1409 927 1716 988 transferri,
1757 935 1812 979 ct
1836 941 1944 981 non
1995 927 2088 980 lit-

507 1014 647 1073 teris
671 1017 871 1081 solum,
903 1017 997 1074 sed
1031 1016 1196 1073 etiam
1230 1018 1526 1086 scripturis
1587 1018 1824 1087 publicis
1878 1018 2083 1074 Christi

508 1108 820 1178 passionem
857 1109 1179 1173 ostendunt,
1221 1109 1367 1177 quod
1401 1107 1472 1162 ab
1504 1108 1624 1163 aliis
1653 1108 1912 1178 gentibus
1945 1109 2080 1163 ludi-

507 1199 688 1255 brium
715 1207 770 1255 et
809 1199 1110 1271 ignominia
1144 1199 1382 1255 videtur.

2181 555 2260 620 δὲ,
2284 558 2368 610 ὅτι
2389 557 2450 610 τὸ
2472 555 2714 624 καθαρὸν
2736 555 2958 626 χρυσίον
2980 553 3105 608 οὔτε
3128 556 3190 608 τὸ
3213 553 3358 625 ὕδωρ
3382 553 3620 607 δέδοικεν
3642 551 3770 606 οὔτε

2183 647 2244 701 τὸ
2284 647 2414 718 πῦρ.
2455 647 2562 698 Καὶ
2604 647 2694 698 διά
2726 647 2886 700 τοῦτο
2919 647 2968 699 oi
3005 646 3363 716 Χριστιανοὶ,
3396 648 3460 714 τῇ
3498 644 3593 698 τοῦ
3630 643 3770 696 Θεοῦ

2186 739 2416 811 ἀληθείᾳ
2465 738 2815 811 θαρροῦντες,
2865 739 3192 810 ἰσχυροτάτῃ
3236 753 3296 790 τε
3345 735 3480 806 οὔσῃ
3532 735 3628 789 καὶ
3676 751 3773 804 με·

2191 833 2358 904 νούσῃ
2389 833 2465 893 εἰς
2495 833 2586 884 τὸν
2618 831 2789 885 αἰῶνα
2809 872 2824 896 ,
2855 832 3113 899 ἀσμένως
3146 831 3275 898 περὶ
3300 828 3401 880 ’τοῦ
3435 826 3774 894 Εὑαγγελίου

2189 928 2300 989 τοῖς
2342 927 2527 987 ἄλλοις
2571 925 2753 992 γένεσι
2797 923 3161 992 διαλέγονται,
3207 925 3301 974 καὶ
3347 921 3632 990 χαίρουσιν
3675 919 3774 972 ὑπ’

2187 1018 2367 1072 ἀλλων
2401 1018 2940 1086 ἀνα-γινωσκομένου.
2984 1014 3340 1083 Ἐπιθυμούσί
3373 1029 3434 1065 τε
3473 1012 3601 1066 αύτδ
3635 1014 3775 1065 πᾶσι

2184 1109 2632 1178 δημοσιεύεσθαι,
2666 1111 2764 1164 καὶ
2806 1111 2885 1172 είς
2924 1107 3093 1172 ἄλλας
3140 1106 3550 1179 μεταφέρεσθαι
3589 1106 3776 1159 διαλέ-

2184 1220 2369 1268 κτους,
2411 1202 2502 1257 καὶ
2544 1205 2605 1256 ού
2655 1205 2948 1272 γράμμασι
2991 1203 3176 1272 μόνον,
3213 1202 3350 1255 ἀλλὰ
3395 1201 3489 1254 καὶ
3534 1203 3777 1269 γραφαῖς

504 1292 796 1364 δημοσίαις
828 1293 889 1346 τὸ
923 1293 1017 1347 τοῦ
1044 1292 1280 1360 Χριστοῦ
1303 1292 1472 1356 πάθος
1505 1291 1867 1358 δεικνύουσιν,
1891 1293 2026 1364 ὅπερ
2057 1294 2161 1347 ὑπὸ
2193 1295 2301 1350 τῶν
2334 1296 2512 1350 ἄλλων
2543 1296 2714 1350 ὲθνῶν
2751 1295 3076 1364 παιγνιῶδες
3108 1296 3204 1349 καὶ
3236 1297 3432 1366 ἀτιμία
3465 1294 3772 1365 νομίζεται.

710 1413 774 1468 Χ.
803 1413 956 1481 Quod
989 1413 1223 1468 violenta
1248 1414 1316 1466 ait
1343 1413 1427 1465 lea:
1459 1410 1875 1469 Saracenorum.

504 1519 510 1524 '
581 1507 809 1563 Decimo
843 1507 1108 1561 debemus
1153 1505 1525 1576 considerare,
1575 1507 1722 1574 quod
1755 1506 2083 1560 Alcoranum
2139 1519 2142 1522 '

2275 1415 2332 1468 ιο.
2357 1414 2490 1482 ’Ὁτι
2522 1416 2587 1469 τὸ
2621 1415 2984 1481 ’Λζικορὰνον
3009 1413 3122 1467 οὐκ
3152 1413 3288 1466 ἔστι
3320 1412 3506 1481 νόμος
3527 1409 3700 1465 Θεοῦ.

2267 1508 2506 1562 Δέκατον
2537 1509 2825 1579 ὀφείλομεν
2853 1511 3100 1573 σκοπεῖν,
3127 1508 3208 1559 ὅτι
3236 1505 3297 1559 τδ
3326 1505 3650 1571 ’Λλκοράνον
3673 1504 3776 1556 οὐκ

507 1616 619 1656 non
651 1611 737 1656 est
767 1600 857 1654 lex
885 1599 1006 1664 Dei,
1036 1599 1277 1652 violenta
1308 1598 1457 1652 enim
1490 1607 1594 1652 est.
1650 1597 1720 1651 Et
1753 1607 1813 1651 ιιι
1843 1598 2086 1651 breviter

2200 1601 2308 1654 ἔστι
2339 1603 2502 1671 νόμος
2532 1599 2667 1654 Θεοῦ
2687 1617 2702 1632 '
2736 1600 2908 1670 βίαιος
2939 1600 3046 1670 γάρ
3079 1602 3218 1652 ἐστι.
3243 1599 3360 1650 ’Καὶ
3391 1597 3668 1666 συντόμως
3696 1597 3777 1650 εἰ·

504 1694 713 1759 dicam,
763 1694 848 1748 lex
905 1692 1018 1747 haec
1075 1692 1295 1760 pmprie
1354 1689 1460 1744 diei
1494 1698 1671 1758 potest
1716 1690 1798 1742 lex
1835 1689 1998 1744 caedis
2032 1696 2088 1742 et

2200 1700 2338 1758 πεῖν,
2364 1662 2583 1764 avdito;
2613 1662 2766 1756 οὗτος
2797 1662 3003 1764 κυρίως
3017 1662 3098 1746 ’ἀν
3123 1691 3338 1760 λέγοιτο
3364 1691 3526 1761 νόμος
3555 1662 3774 1758 σφαγῆς

506 1789 726 1850 mortis,
769 1797 879 1838 non
937 1783 1114 1836 solum
1141 1781 1286 1850 quod
1315 1779 1382 1834 ad
1433 1792 1690 1836 aeternam
1726 1793 1956 1836 mortem
1987 1795 2087 1835 nos

509 1879 704 1943 mittit,
731 1877 825 1932 sed
856 1875 1001 1946 quod
1034 1872 1306 1945 corporali
1339 1874 1486 1930 crede
1513 1873 1772 1928 homines
1799 1873 1944 1939 cogit
1965 1889 2084 1927 cru-

508 1972 643 2028 dere
679 1969 766 2024 his
805 1983 926 2038 qua:
960 1967 1029 2020 ab
1057 1982 1123 2022 eo
1151 1966 1270 2035 ipso
1305 1966 1590 2020 dicuntur.
1652 1964 1718 2017 Et
1756 1965 1810 2017 in
1845 1964 1963 2033 ipso
1995 1963 2086 2016 Al-

511 2079 718 2120 eorano
755 2064 812 2116 in
845 2059 1086 2129 capitulo
1118 2059 1436 2128 Emparaca,
1492 2054 1639 2125 quod
1702 2056 2090 2124 interpretatur

510 2173 691 2222 vacca,
728 2153 952 2215 dicitur,
985 2150 1128 2220 quod
1157 2150 1212 2204 in
1240 2151 1360 2219 lege
1388 2149 1479 2204 Dei
1505 2164 1610 2202 non
1638 2155 1723 2202 est
1755 2145 2085 2217 compulsio,

513 2259 570 2304 et
599 2244 746 2316 quod
778 2246 882 2314 jam
914 2240 1197 2295 delinitnm
1233 2251 1314 2292 est
1347 2253 1563 2308 aequum
1599 2236 1668 2291 ab
1701 2236 1910 2305 iniquo.
1959 2233 2090 2301 Quae

514 2341 664 2397 enim
700 2350 783 2394 est
817 2337 986 2407 major
1018 2333 1347 2404 compulsio.
1380 2345 1542 2401 quam
1576 2329 1794 2384 caedes?
1845 2327 1955 2381 Lex
1985 2325 2090 2395 igi-

517 2446 607 2489 tur
635 2448 757 2503 quas
793 2447 888 2501 per
917 2429 1057 2482 hanc
1085 2426 1340 2482 homines
1370 2423 1670 2492 compellit,
1724 2437 1832 2476 non
1884 2429 1968 2475 est
2005 2420 2089 2474 lex

516 2528 630 2584 Dei.
671 2525 776 2596 Ipsi
804 2537 986 2578 auem
1017 2518 1275 2575 Saraceni
1301 2524 1498 2572 vocant
1525 2530 1645 2569 eam
1683 2511 2090 2567 denominative

515 2619 806 2682 Elesaletn,
843 2615 987 2684 quod
1023 2615 1418 2681 interpretatur
1443 2607 1527 2661 lea:
1581 2606 1770 2661 salutis
1795 2605 1908 2669 Dei,
1970 2617 2093 2672 quae

513 2713 731 2784 proprie
759 2709 922 2763 debet
963 2705 1070 2760 dici
1125 2703 1304 2772 (sicut
1331 2700 1542 2754 dictum
1573 2707 1658 2753 est
1686 2699 1704 2769 )
1731 2698 1817 2751 lex
1843 2696 2006 2749 cmdis
2037 2702 2094 2747 et

517 2802 730 2858 mortis.
807 2800 874 2855 Et
906 2789 1032 2851 hinc
1061 2796 1146 2848 via
1187 2791 1476 2848 commoda
1517 2789 1618 2843 fuit
1650 2787 1741 2842 tali
1776 2788 1881 2857 legi
1918 2793 1976 2838 et
2015 2784 2093 2837 le-

515 2895 787 2965 gislatori,
822 2902 880 2946 ιιι
921 2892 1116 2945 timore
1154 2886 1348 2940 mortis
1393 2881 1695 2952 corporalis
1749 2878 2095 2960 consentiant

516 2989 618 3060 legi
644 2988 836 3042 mortis
856 2997 1102 3039 :eterme:
1137 2983 1281 3036 sicut
1309 2994 1338 3033 e
1362 2989 1630 3031 converso
1653 2971 1945 3026 Christiani
1974 2985 2096 3022 cor-

514 3083 761 3155 poralem
823 3086 1056 3132 mortem
1118 3079 1555 3129 contemnentes.
1600 3068 1761 3118 vitam
1825 3072 2084 3145 aeternam

516 3181 954 3243 consequuntur.
987 3168 1054 3224 Ut
1091 3167 1221 3221 \‘idil
1287 3165 1451 3233 igitur
1505 3159 1867 3221 Mahometus,
1908 3155 2089 3225 potius
2123 3200 2138 3214 .

517 3281 704 3325 autem
734 3266 990 3320 alumnus
1017 3263 1134 3332 ejus
1161 3257 1437 3317 diabolus,
1473 3256 1647 3321 legem
1679 3251 1817 3304 hanc
1850 3265 1878 3302 a
1907 3248 2091 3302 divina

518 3360 639 3430 lege
700 3357 927 3412 omnino
967 3351 1209 3411 ditl'erre,
1260 3360 1314 3401 et
1359 3347 1426 3399 ab
1475 3360 1538 3399 ea
1588 3357 1709 3412 qum-
1740 3342 1794 3394 in
1832 3339 2013 3394 Veteri
2039 3345 2095 3393 et

516 3455 673 3512 Novo
702 3451 1077 3510 Testamento,
1107 3453 1162 3499 et
1206 3441 1270 3497 ad
1298 3440 1534 3510 seipsam
1560 3435 1873 3499 dissentire,
1893 3443 1949 3488 et
1974 3433 2096 3486 abs-

518 3562 629 3616 que
655 3544 806 3599 omni
836 3542 1050 3596 ratione
1079 3547 1134 3592 et
1187 3535 1456 3589 miraculo
1488 3530 1777 3586 manifesta
1813 3525 2097 3582 mendacia

521 3634 830 3690 continere.
864 3640 1066 3687 etcum
1094 3627 1438 3683 existimaret
1482 3623 1684 3677 multos
1723 3627 1944 3689 prepter
1983 3617 2098 3671 haec

524 3730 642 3782 tore
671 3722 765 3796 qui
811 3725 860 3779 ei
909 3719 1378 3780 contradicerent,
1436 3713 1592 3768 dedit
1644 3711 1746 3782 ipsi
1790 3711 2100 3765 Mahometo

526 3821 956 3876 instrumentum
1013 3810 1318 3881 proprium,
1378 3805 1431 3860 id
1463 3813 1548 3860 est
1577 3818 1768 3859 ensem
1791 3801 1858 3856 ad
1907 3799 2098 3855 interi-

529 3910 814 3969 mendum.
843 3907 909 3961 Et
929 3906 1043 3972 ipse
1068 3903 1219 3958 dedit
1242 3899 1560 3956 mandatum
1594 3899 1646 3948 in
1671 3896 1808 3965 lege,
1835 3903 1894 3947 ut
1918 3891 2103 3947 interi~

529 4012 811 4060 merentur
860 3999 1178 4069 quicunque
1215 3993 1346 4048 huic
1396 3990 1499 4059 legi
1548 3987 2000 4050 adversarentur,
2048 3992 2105 4047 et

527 4111 636 4152 non
671 4092 985 4148 crederent.
1019 4087 1084 4140 Et
1114 4093 1338 4155 propter
1369 4083 1473 4136 hoc
1506 4095 1616 4134 non
1645 4081 1699 4132 in
1731 4093 1841 4132 uno
1863 4074 2105 4146 capitulo

527 4191 707 4246 solum
737 4183 965 4246 dicitur,
1023 4180 1114 4234 sed
1150 4192 1247 4248 per
1281 4185 1452 4230 totum
1485 4173 1713 4236 librum,
1778 4172 1922 4225 sicut
1954 4185 2106 4222 man-

529 4287 717 4336 datum
736 4274 1012 4347 quoddam
1043 4267 1355 4325 universale
1376 4285 1392 4318 :
1432 4265 1758 4327 lnterimite,
1776 4261 2102 4317 interimite.

2190 1795 2282 1842 καὶ
2319 1789 2552 1843 θανάτου
2572 1826 2588 1850 ,
2619 1788 2680 1841 οὐ
2721 1788 2881 1856 μόνον
2909 1786 2993 1839 δτι
3029 1786 3236 1856 αἰωνίῳ
3269 1784 3640 1855 παραπέμπει
3673 1784 3773 1838 θα·

2190 1883 2356 1952 νάτῳ,
2384 1881 2499 1955 ἀλλ’
2523 1882 2604 1934 ὅτι
2633 1883 2816 1949 σφαγῇ
2847 1881 3136 1949 σωματικῇ
3168 1879 3261 1931 καὶ
3288 1878 3503 1948 Θανάτῳ
3530 1878 3654 1939 τοὺς
3678 1877 3777 1929 ἀν-

2191 1971 2444 2044 θρώπους
2472 1971 2718 2042 βιάζεται
2743 1968 3020 2024 πιστεύειν
3045 1971 3156 2032 τοῖς
3179 1971 3236 2022 ὲν
3259 1969 3409 2041 αὐτῷ
3434 1970 3770 2039 λεγομένοις.

2189 2063 2384 2118 Καίτοι
2421 2079 2484 2129 γε
2529 2069 2588 2116 ὲν
2625 2062 2775 2132 αὐτῷ
2808 2063 2886 2130 τῷ
2923 2063 3239 2134 ’Δλκοράνῳ
3280 2066 3337 2116 ὲν
3371 2061 3449 2134 τῷ
3489 2063 3775 2134 κεφαλαίῳ

2190 2157 2269 2228 τῷ
2304 2157 2676 2227 Ἑλμπακαρᾶ
2698 2199 2713 2222 ,
2744 2157 2771 2208 ὃ
2802 2155 3166 2226 ἑρμηνεύεται
3193 2154 3386 2222 βοῦς,
3414 2154 3665 2226 λέγεται,
3697 2156 3773 2220 ὡς

2192 2251 2250 2302 ἰν
2280 2248 2358 2317 τῷ
2391 2248 2543 2318 νόμῳ
2571 2247 2664 2301 τοῦ
2701 2246 2837 2300 Θεοῦ
2875 2248 2974 2298 οὐκ
3012 2247 3127 2298 ἐστι
3164 2247 3252 2314 βία
3274 2287 3288 2311 ,
3324 2248 3419 2301 καὶ
3449 2248 3532 2301 ὅτι.
3565 2247 3624 2300 τὸ
3653 2248 3778 2308 ἴσον

2193 2341 2252 2405 ἐξ
2281 2343 2452 2410 ἀρχῆς
2484 2340 2582 2411 ἤδη
2611 2339 2915 2409 διώρισται.
2945 2341 3059 2391 Οὐκ
3089 2339 3207 2390 ἔστι
3235 2339 3292 2390 δὲ
3326 2338 3527 2405 μείζων
3556 2340 3774 2409 ἀνάγκη

2192 2433 2290 2503 τῆς
2316 2434 2405 2486 διὰ
2435 2433 2532 2503 τῆς
2565 2431 2802 2500 σφαγῆς.
2837 2431 2894 2484 '0
2926 2433 3032 2497 ἀρα
3062 2432 3151 2484 διὰ
3177 2432 3384 2502 ταύτης
3409 2433 3538 2496 τοὺς
3567 2432 3780 2502 ἀνθρά-

2194 2541 2330 2588 πους
2368 2522 2698 2592 ἀναγκάζων
2732 2525 2894 2594 νόμος
2929 2525 3030 2577 οὐκ
3065 2524 3180 2576 ἔστι
3217 2525 3380 2596 νόμος
3417 2523 3577 2578 Θεοῦ.
3614 2525 3778 2577 Αὐτοὶ

2193 2617 2248 2670 δὲ
2289 2617 2338 2669 οἱ
2383 2616 2730 2688 Σαρῤακηνοὶ
2774 2616 3036 2669 καλοῦσιν
3077 2617 3239 2671 αὑτὸν
3283 2618 3635 2688 παρωνύμως
3677 2616 3778 2685 τὴν

2205 2705 2528 2774 Ἐλεσαλὲμ,
2575 2705 2604 2758 ὅ
2654 2706 3018 2777 ἑρμηνεύεται
3070 2707 3369 2776 σωτηρίας
3416 2709 3626 2776 νόμος,
3677 2707 3776 2760 καί

2195 2800 2382 2868 νόμος
2415 2797 2586 2861 Θεοῦ,
2613 2800 2816 2869 κυρίως
2853 2798 3083 2867 ὀφείλων
3108 2798 3387 2866 λέγεσθαι,
3416 2799 3596 2862 καθὼς
3627 2799 3780 2869 εἴρη-

2198 2907 2321 2952 ται,
2360 2890 2522 2960 νόμος
2561 2891 2942 2958 κατακρίσεως
2980 2890 3077 2943 καὶ
3119 2890 3378 2945 θανάτου.
3412 2892 3524 2945 Καὶ
3563 2889 3700 2958 αῦτη
3745 2892 3779 2960 ἡ

2199 2984 2314 3046 ὁδὸς
2339 2983 2516 3037 οἰκεία
2543 2982 2735 3052 γέγονε
2760 2984 2989 3054 τοιούτῳ
3015 2985 3164 3054 νόμῳ
3197 2985 3290 3037 καὶ
3318 2983 3608 3055 νομοθέτῃ.
3636 2983 3778 3038 ὥστε

2193 3078 2272 3148 τῷ
2309 3077 2406 3129 τοῦ
2451 3075 2769 3146 σωματικοῦ
2798 3077 3044 3130 θανάτου
3091 3077 3241 3148 φόϐῳ
3285 3078 3779 3147 συγκατατίθεσθαι

2194 3169 2271 3241 τῷ
2300 3170 2394 3224 τοῦ
2429 3170 2648 3225 αἰωνίου
2686 3170 2920 3223 θανάτου
2956 3168 3107 3240 νόμῳ
3133 3185 3147 3198 ⁸
3183 3167 3372 3240 ῶσπερ
3405 3170 3467 3222 τὸ
3501 3170 3775 3224 ἀνάπαλιν

2193 3262 2594 3336 οί.Χριστιανοὶ
2623 3260 2716 3314 τοῦ
2750 3260 3068 3332 σωματικοῦ
3098 3261 3331 3315 Θανάτου
3363 3261 3776 3332 καταφρονοῦν-

2194 3376 2323 3422 τες,
2360 3356 2694 3426 τυγχάνουσι
2737 3355 2837 3424 τῆς
2874 3354 3100 3408 αἰωνίου
3144 3354 3312 3424 ζωῆς.
3352 3354 3495 3408 Ἰδὼν
3534 3356 3714 3410 τοίνυν
3749 3358 3779 3409 ὀ

2196 3447 2445 3517 Μωάμεθ
2469 3486 2484 3512 ,
2520 3447 2724 3517 μᾶλλον
2753 3445 2809 3498 δὲ
2845 3447 2872 3498 δ
2902 3445 3136 3515 τροφεὺς
3173 3445 3340 3499 αὑτοῦ
3372 3445 3618 3508 διάϐολος
3639 3489 3656 3512 ,
3687 3448 3779 3499 τὸν

2197 3542 2362 3611 νόμον
2389 3538 2579 3594 τοῦτον
2611 3538 2703 3591 τοῦ
2739 3538 2886 3591 θείου
2920 3539 3084 3607 νόμον
3121 3538 3401 3601 παντελῶς
3432 3539 3778 3610 διιστάμενον

2199 3633 2293 3687 τοῦ
2319 3650 2378 3685 τε
2408 3633 2558 3702 ὲνντῇ
2585 3630 2796 3700 Παλαιᾷ
2825 3630 2922 3682 καὶ
2949 3632 3007 3682 ἐν
3033 3631 3098 3697 τῇ
3131 3630 3330 3699 Καινῇ,
3359 3629 3496 3682 ἀλλὰ
3524 3631 3618 3683 καὶ
3645 3632 3779 3699 πρὸς

2202 3726 2395 3781 ἑαυτὸν
2424 3724 2822 3794 διαφωνοῦντα,
2853 3723 2946 3776 καὶ
2975 3723 3104 3776 ἄνευ
3138 3725 3337 3786 παντὸς
3371 3723 3467 3777 καὶ
3494 3723 3656 3792 λόγου
3685 3725 3779 3776 καὶ

2203 3819 2482 3889 θαύματος
2507 3819 2601 3870 καὶ
2629 3819 2842 3890 φανερὰ
2865 3817 3191 3887 περιέχοντα
3214 3815 3409 3884 ψεύδη,
3435 3815 3529 3870 καὶ
3556 3817 3780 3879 πολλοὺς

2205 3910 2495 3966 ὑπολαϐὼν
2517 3909 2605 3963 διὰ
2627 3913 2803 3964 ταῦτα
2827 3909 3048 3963 ἔσεσθαι
3067 3909 3196 3973 τοὺς
3223 3907 3586 3981 ἀντεροῦντας
3610 3909 3778 3978 αὐτῷ,

2203 4004 2438 4060 δέδωκεν
2468 4002 2618 4073 αύτῷ
2643 4002 2722 4074 τῷ
2751 4001 2998 4072 Μωάμεθ
3030 4003 3262 4073 ὄργανον
3287 4003 3510 4069 οίκείον,
3536 4002 3784 4068 τουτέστι

2209 4097 2358 4167 ξίφος
2391 4096 2525 4167 πρὸς
2558 4088 2618 4148 τὸ
2654 4095 2939 4164 φονεύειν
2973 4097 3071 4151 καὶ
3103 4095 3264 4158 αὐτὸς
3299 4093 3534 4148 δέδωκεν
3563 4094 3785 4165 ιντολὴν

2208 4191 2265 4242 ἰν
2290 4189 2367 4259 τῷ
2396 4191 2544 4260 νόμῳ
2573 4187 2898 4258 φονεύεσθαι
2928 4187 3140 4251 πάντας
3164 4187 3291 4250 τοὺς
3341 4187 3789 4258 ἐναντιουμένους

2195 4283 2304 4352 ¹καὶ
2338 4281 2414 4352 μὴ
2449 4281 2827 4344 πιστεύοντας.
2855 4279 2966 4335 Καὶ
2994 4279 3085 4333 διὰ
3107 4277 3268 4333 τοῦτο
3297 4280 3397 4333 οὐκ
3426 4283 3486 4335 ἰν
3510 4281 3591 4336 ἐνὶ
3619 4296 3788 4350 κεφα-

532 4371 661 4428 ιιωο
691 4371 779 4426 via
811 4365 1099 4421 manifeste
1131 4361 1404 4416 contraria
1446 4367 1532 4412 est
1556 4357 1798 4421 Christo,
1831 4355 1922 4425 qui
1952 4369 2099 4408 man-

2209 4371 2345 4444 λαίφ
2376 4373 2534 4444 μόνον
2564 4371 2805 4439 λέγεται,
2838 4372 2972 4425 άλλά
3001 4369 3067 4424 δι’
3087 4373 3208 4426 ὅλου
3226 4370 3321 4425 τοῦ
3342 4369 3570 4440 βιϐλίου,
3597 4372 3786 4444 ῶσπερ

529 4465 625 4521 dat
655 4475 711 4518 et
737 4461 988 4516 inimicos
1011 4469 1220 4519 amare,
1237 4463 1293 4509 et
1311 4466 1410 4522 pro
1443 4449 1898 4520 persequentibus
1918 4460 2101 4509 orare,

529 4571 585 4616 et
619 4559 700 4613 eis
726 4555 820 4626 qui
856 4568 956 4608 nos
989 4548 1280 4606 oll'endunt
1310 4544 1658 4600 benefacere.
1687 4540 1796 4596 Sed
1827 4539 2109 4604 Mabome-

535 4664 622 4710 tus
652 4645 971 4704 Antichristi
1003 4655 1310 4713 praecursor
1357 4639 1655 4701 exsistens,
1701 4636 1845 4688 viam
1899 4647 2110 4704 praepa-

533 4745 675 4802 ravit
704 4745 758 4796 in
791 4738 997 4794 mundo
1027 4735 1137 4789 lilio
1161 4731 1515 4805 perditionis.
1555 4726 1688 4794 Quae
1719 4727 1804 4780 via
1837 4731 2108 4795 quantum

531 4853 615 4899 est
649 4834 1063 4898 irrationabilis,
1092 4825 1587 4886 manifestuml‘uit
1642 4825 1698 4878 in
1735 4832 1928 4877 octavo
1959 4818 2112 4889 capi-

536 4937 672 4992 tulo.
704 4930 920 4988 Etenim
949 4928 1091 4983 sicut
1118 4924 1255 4979 dicit
1283 4920 1621 4991 Augustinus
1649 4935 1662 4970 :
1690 4916 1963 4971 Caeterum
1991 4921 2110 4982 pot-

536 5036 622 5082 est
651 5024 816 5091 homo
847 5019 1052 5074 invitus
1078 5013 1320 5076 credere,
1353 5019 1534 5081 potest
1553 5007 1714 5063 etiam
1741 5004 1991 5059 conliteri
2014 5017 2111 5058 ore

536 5121 629 5191 qui
658 5118 875 5188 cogitur
897 5113 1120 5167 credere
1147 5126 1162 5175 ;
1199 5107 1363 5162 corde
1407 5117 1590 5160 autem
1621 5101 1847 5158 credere
1885 5099 2111 5154 minime

537 5215 658 5285 cogi
691 5221 892 5282 potest,
925 5221 1048 5262 cum
1080 5206 1195 5273 ipse
1228 5201 1498 5256 Dominus
1527 5199 1762 5260 maxime
1790 5212 1887 5250 cor
1917 5195 1985 5248 ab
2015 5193 2113 5246 bo-

538 5307 685 5361 mine
717 5309 948 5371 quaerat,
975 5299 1127 5366 juxta
1163 5292 1297 5348 illud
1339 5311 1350 5344 :
1391 5309 1408 5341 ι
1447 5289 1569 5355 Fili,
1634 5287 1817 5358 praebe
1846 5286 1979 5340 mihi
2020 5299 2114 5342 cor

543 5397 805 5452 tuum".i
848 5391 1125 5450 Deductus
1158 5396 1342 5441 autem
1367 5384 1466 5438 fuit
1505 5381 1815 5436 Mahometo
1851 5389 1907 5432 et
1941 5393 2114 5431 avun-

540 5490 695 5546 culus
729 5486 848 5556 ejus
872 5484 1100 5544 dieens-z
1137 5477 1280 5546 Quid
1312 5475 1471 5538 mihi,
1524 5476 1570 5529 si
1621 5473 1725 5526 hoc
1755 5486 1864 5526 non
1905 5470 2112 5535 fecero,

539 5580 618 5637 'lili
665 5578 852 5633 fratris
887 5573 1039 5629 mei?
1092 5571 1191 5627 Cui
1238 5572 1348 5641 jam
1379 5567 1740 5640 .Maliometus
1792 5563 2112 5633 respondit:

545 5673 864 5729 Interimam
892 5679 965 5734 te,
990 5682 1023 5721 ο
1045 5666 1334 5720 avuncule.
1360 5663 1462 5717 llic
1491 5671 1674 5716 autem
1703 5651 1848 5713 dixit
1874 5675 1886 5713 :
1914 5661 2117 5728 impos-

614 5835 659 5866 "
694 5835 851 5890 Prov.
887 5845 1040 5897 tum,
1080 5827 1172 5882 ‘26.

2210 4484 2294 4531 τις
2321 4468 2510 4538 ἐντολὴ
2539 4466 2792 4533 καθόλου,
2820 4467 3216 4534 ’Δποκτείνετε,
3245 4468 3612 4521 ἀποκτείνετε.
3638 4467 3787 4540 Αὕτη

2212 4561 2246 4631 η
2277 4560 2392 4622 ὁδὸς
2421 4560 2672 4630 φανερῶς
2702 4560 2920 4615 ἐναντία
2951 4561 3069 4614 ἐστὶ
3093 4558 3170 4630 τῷ
3200 4559 3438 4633 Χριστῷ,
3465 4559 3524 4624 δς
3554 4560 3795 4615 mme-

2213 4671 2304 4706 ται
2338 4654 2432 4706 καὶ
2459 4653 2587 4717 τοὺς
2615 4654 2844 4725 ἐχθροὺς
2871 4653 3112 4724 ἀγαπᾷν,
3143 4654 3239 4707 καὶ
3269 4653 3408 4724 ὑπὲρ
3434 4653 3543 4708 τῶν
3569 4654 3791 4710 διωκόν-

2211 4757 2323 4801 των
2350 4749 2628 4819 εῦχεσθαι,
2658 4750 2752 4802 καὶ
2777 4751 2900 4814 τοὺς
2931 4747 3269 4818 βλάπτοντας
3295 4750 3627 4816 εὐεργετεῖν.
3649 4749 3788 4802 Ἀλλ’

2212 4841 2241 4894 ὁ
2266 4839 2512 4909 Μωάμεθ
2537 4838 2632 4893 τοῦ
2664 4839 3035 4909 ’ἀντιχρίστου
3061 4840 3372 4910 πρόδρομος
3397 4840 3493 4906 ῶν,
3519 4839 3637 4894 όδδν
3663 4855 3792 4910 προ-

2215 4929 2517 4998 ητοίμασεν
2549 4930 2605 4980 ὲν
2634 4927 2711 4996 τῷ
2741 4927 2934 4997 κόσμῳ
2959 4926 3036 4998 τῷ
3063 4927 3162 4997 τῆς
3192 4927 3471 4991 ἀπωλείας
3499 4928 3601 4997 υἰῷ
3620 4943 3635 4958 ο
3668 4928 3788 4996 ἥτις

2214 5023 2332 5084 ὁδὸς
2366 5022 2532 5073 πόσον
2559 5021 2706 5073 ἐστὶν
2735 5018 2949 5087 ἄλογος,
2981 5017 3142 5087 δῆλον
3173 5017 3398 5086 γέγονεν
3426 5021 3485 5072 ὲν
3516 5018 3592 5089 τῷ
3620 5017 3790 5086 ὀγδόῳ

2217 5107 2520 5176 κεφαλαίῳ.
2549 5109 2658 5160 Καὶ
2685 5107 2816 5176 γὰρ,
2846 5103 3028 5169 καθώς
3057 5121 3221 5175 φησιν
3246 5106 3633 5172 Αύγουστίνος,
3661 5104 3792 5158 ἄλλα

2222 5203 2318 5272 μὲν
2353 5203 2419 5258 ἄν
2452 5217 2537 5263 τις
2579 5199 2831 5271 δυνηθείη
2877 5200 2970 5250 καὶ
3015 5202 3090 5266 μὴ
3133 5196 3482 5272 βουλόμενος,
3518 5196 3792 5249 πιστεύειν

2221 5266 2274 5347 δὲ
2302 5294 2556 5364 οὐδαμῶς
2583 5266 2723 5361 πλὴν
2749 5290 2938 5344 θέλων.
2972 5288 3120 5359 Ἑρεί
3140 5266 3320 5342 τοίνυν
3398 5288 3640 5358 βιασθείς
3663 5305 3677 5318 ο
3704 5286 3792 5356 Τῷ

2227 5391 2326 5457 μὲν
2354 5386 2568 5455 σώματι
2598 5383 2858 5446 πιστεύω,
2889 5379 3139 5450 οὐδαμῶς
3167 5379 3223 5432 δὲ
3249 5382 3316 5450 τῇ
3351 5379 3548 5449 καρδία
3577 5384 3795 5430 ntersa-

2227 5492 2306 5527 σει
2335 5514 2348 5537 ,
2384 5472 2549 5526 αὑτοῦ
2585 5470 2676 5525 τοῦ
2721 5472 2929 5541 Κυρίου
2975 5469 3213 5540 μάλιστα
3249 5468 3348 5537 τὴν
3383 5468 3611 5538 καρδίαν
3647 5467 3795 5535 παρά

2225 5568 2314 5620 τοῦ
2345 5564 2632 5637 ἀνθρώπου
2662 5562 2973 5635 ζητοῦντος,
3005 5563 3148 5615 κατά
3179 5561 3241 5615 τό
3263 5576 3278 5590 ο
3317 5580 3335 5613 ι
3361 5561 3454 5615 Tit
3475 5601 3490 5626 ,
3521 5559 3796 5631 παράσχες

2230 5677 2320 5731 μοι
2349 5661 2450 5731 τὴν
2481 5659 2708 5728 καρδίαν
2742 5675 2857 5711 σου.
2893 5677 2910 5710 ι
2947 5656 3208 5727 Παρὴχθη
3238 5655 3293 5709 δὲ
3323 5656 3396 5726 τῷ
3425 5654 3666 5724 Μωάμεθ
3702 5654 3800 5708 καὶ
