4100 6296
348 353 487 420 1105

1547 357 1848 418 CONTRA
1893 356 2401 420 MAHOMETEM.

3459 343 3596 411 1106

344 467 374 519 ὀ
405 466 546 528 θεῖος
575 463 741 542 αἶρτοῦ
770 466 1119 536 Σαρῤακηνδς
1150 467 1427 536 ἐσόμενος,
1460 468 1553 520 καὶ
1585 463 1702 520 εἷπε
1726 483 1740 497 ·
1772 468 1838 520 Τί
1868 467 1917 520 δὲ

2027 468 2188 523 sibile
2244 478 2344 521 est'
2375 479 2496 521 esse
2527 464 2800 535 quoddam
2833 460 2978 517 aliud
3004 459 3027 512 ?
3074 456 3219 515 Nihil
3249 456 3393 511 aliud
3437 454 3597 511 dixit.

345 555 499 610 ἔσται
532 556 657 625 ἐμοὶ
692 558 764 628 μὴ
796 560 951 613 τοῦτο
984 560 1278 631 ποιήσαντι
1304 602 1320 626 ,
1353 560 1436 614 υἱὲ
1468 559 1565 614 τοῦ
1597 559 1735 630 ἐμοῦ
1765 561 1922 614 ἀδελ-

343 646 445 712 φοῦ
465 664 482 714 ;
501 640 570 718 ᾯ
590 649 653 719 δὴ
683 651 711 703 ό
740 650 986 720 Μωάμεθ
1010 652 1344 721 ἀπεκρίνατο
1373 665 1388 682 ⁶
1422 651 1736 706 Ἀποκτενῶ
1766 668 1845 717 σε,
1875 645 1922 705 ὧ

342 739 474 794 θεῖε.
515 739 575 793 ’0
615 741 673 795 δὲ
718 737 893 807 εἶπεν,
931 743 1220 798 Ἀδύνατον
1263 741 1407 798 εἶναί
1450 761 1504 797 τι
1547 745 1711 812 duo;
1756 746 1923 800 Οὐδὲν

342 829 530 902 ἕτερον
559 833 685 904 ἔφη.
717 836 830 891 Καὶ
859 833 1013 891 εἶπεν
1042 842 1068 892 ό
1099 840 1244 900 θεῖος
1265 881 1280 904 ,
1318 839 1700 910 Ἀκολουθήσω
1731 857 1812 894 σοι
1843 843 1925 903 είς

341 924 479 997 ὅπερ
511 926 578 981 ἂν
611 928 775 1001 θέλῃς
797 969 810 994 ,
846 931 1068 1004 γλώσσῃ
1106 933 1301 1002 μόνον,
1336 931 1456 986 ἀλλ’
1477 933 1537 986 οὒ
1574 932 1807 1004 καρδίᾳ,
1842 932 1922 1002 τῷ

341 1015 447 1070 δέει
473 1018 567 1071 τοῦ
599 1019 809 1088 ξίφους.
842 1021 902 1075 '0
929 1022 984 1075 δὲ
1018 1023 1193 1094 Ὀμὰρ
1221 1025 1250 1078 ό
1278 1023 1394 1087 υίὸς
1416 1023 1510 1078 τοῦ
1544 1024 1920 1096 Κατεμπααδῆ

343 1108 788 1180 ἀναγκαζόμενος
819 1106 942 1167 εἷπε
966 1156 979 1178 ,
1017 1114 1188 1184 Κύριε
1210 1157 1224 1180 ,
1262 1115 1324 1168 σὺ
1359 1110 1509 1179 οἶδας
1541 1119 1624 1170 ὅτι
1664 1117 1811 1187 μόνῳ
1842 1116 1921 1185 τῷ

344 1198 439 1253 τοῦ
473 1201 706 1256 Θανάτου
741 1203 894 1274 φόϐῳ
928 1205 1154 1274 γίνομαι
1189 1207 1563 1278 Σαρῤακηνός.
1599 1209 1710 1264 Καὶ
1741 1211 1769 1264 ό
1804 1209 1922 1273 υίὸς

343 1290 399 1346 δὲ
425 1292 523 1347 τοῦ
548 1289 901 1366 Ἐμπιασταᾶ
927 1300 1003 1369 τῷ
1030 1300 1181 1370 φόϐῳ
1210 1298 1309 1366 τοῦ
1338 1299 1524 1370 ξίφους
1551 1302 1746 1371 γέγονε
1779 1303 1920 1374 Σαῤ-

2027 561 2096 615 Ει
2121 560 2254 614 dixit
2284 557 2591 614 avunculus
2631 573 2645 611 :
2672 557 2884 624 Sequar
2915 563 2967 608 te
2993 553 3061 608 ad
3092 543 3463 623 quodcunque
3496 564 3596 604 vo-

2027 652 2220 715 lueris,
2254 652 2439 723 lingua
2466 658 2699 713 tantum.
2737 649 2830 705 sed
2852 664 2964 704 nou
2994 645 3180 709 corde,
3213 644 3409 698 timore
3426 640 3599 698 ensis.

2025 744 2393 801 Omarautem
2452 742 2597 798 ﬁlius
2626 741 2943 811 Catempadi
3002 747 3227 795 coactus
3282 733 3600 791 dixitzbo-

2027 839 2200 901 mine,
2226 848 2283 891 tu
2317 837 2426 892 scis
2459 836 2607 906 quod
2641 836 2760 891 solo
2787 834 2986 889 timore
3036 832 3236 886 mortis
3271 830 3342 884 (io
3374 827 3602 883 Sarace-

2026 948 2154 988 ους.
2186 931 2252 986 Et
2283 930 2428 985 ﬁlius
2455 941 2639 985 autem
2668 928 2990 998 Empiascaa
3011 925 3207 979 timore
3243 922 3393 978 ensis
3424 919 3602 973 factus

2025 1033 2111 1081 est
2143 1023 2476 1079 Saracenus.
2533 1019 2692 1077 Unde
2730 1019 2879 1075 misit
2929 1029 2985 1074 et
3038 1017 3254 1071 litteras
3298 1013 3365 1068 ad
3398 1012 3599 1072 Mesce,

2025 1132 2163 1187 quas
2182 1114 2641 1185 mulierquaadam
2667 1109 2964 1168 occultavit
2981 1109 3085 1164 sub
3111 1107 3360 1163 crinibus
3381 1102 3598 1174 capitis.

1986 1271 1991 1275 _
2023 1209 2289 1264 nuntians
2319 1207 2408 1262 his
2437 1207 2529 1276 qui
2557 1215 2687 1262 sunt
2718 1207 2772 1260 in
2795 1203 2931 1258 urbe
2957 1203 3252 1257 adventum
3281 1198 3600 1263 Mahometi,

2023 1309 2084 1356 ut
2110 1304 2368 1354 caverent
2409 1296 2511 1366 ipsi
2546 1299 2654 1350 vim
2681 1294 2944 1350 doctrinae
2977 1293 3144 1349 illius.

344 1385 598 1455 ρακηνός.
617 1387 780 1442 Ὅθεν
803 1389 1016 1462 ἔπεμψε
1041 1393 1139 1446 καὶ
1163 1393 1464 1465 γράμματα
1491 1395 1569 1458 τίς
1625 1395 1724 1465 τὴν
1781 1392 1991 1461 Μεσκὲ,
2021 1391 2058 1448 ἃ
2102 1393 2239 1463 γυνή
2281 1409 2365 1455 τις
2406 1389 2642 1460 ἔκρυψεν
2683 1389 2786 1442 ὑπὸ
2821 1389 2921 1450 τὰς
2959 1387 3152 1457 τρίχας
3187 1385 3288 1456 τῆς
3328 1381 3600 1454 κεφαλῆς.

345 1476 563 1547 μηνύων
595 1482 708 1543 τοῖς
748 1482 808 1535 ιν
838 1485 906 1556 τῇ
945 1483 1097 1538 πόλει
1130 1487 1231 1556 τὴν
1264 1487 1571 1554 παρουσίαν
1604 1487 1702 1541 τοῦ
1743 1487 1992 1558 Μωάμεθ
2014 1528 2030 1554 ,
2093 1483 2238 1539 ὥστε
2306 1481 2648 1553 φυλάξασθαι
2714 1481 2912 1543 αὐτοὺς
2942 1480 3041 1550 τὴν
3107 1479 3228 1549 βὶαν
3260 1478 3358 1548 τῆς
3389 1474 3597 1529 ἐκείνου

339 1568 712 1638 διδασκαλίας.

425 1663 624 1719 ’ἰστέον
650 1666 708 1721 δὲ
734 1667 1000 1739 τέτταρας
1034 1655 1178 1724 εῖναι
1210 1671 1409 1742 μοίρας
1440 1671 1548 1728 τῶν
1573 1672 1917 1745 κατεχόντων

2092 1666 2410 1725 Notandum
2447 1675 2652 1731 autem,
2708 1673 2950 1745 quatuor
2997 1677 3118 1720 esse
3173 1671 3357 1734 partes
3405 1675 3596 1717 eorum

338 1754 440 1824 τὴν
498 1757 709 1829 πλάνην
750 1761 844 1814 τοῦ
889 1764 1135 1835 Μωάμεθ
1163 1781 1178 1796 °
1215 1764 1406 1838 πρώτη
1459 1767 1780 1837 μοῖρατῶν
1827 1765 1919 1820 τὸν

341 1845 797 1922 Σκρῤακηνισμὸν
853 1855 1196 1910 ύπελθόντών
1251 1859 1341 1912 διὰ
1389 1858 1488 1910 τοῦ
1557 1859 1780 1927 ξίφους,
1843 1858 1920 1922 ὡς

339 1939 592 2011 εἴρηταιο
634 1942 685 1997 οἳ
720 1945 827 1998 καῖ
845 1944 941 1998 νῦν
989 1947 1090 2019 τὴν
1129 1948 1340 2003 ἑαυτῶν
1371 1950 1737 2018 γινώσκοντες
1780 1947 1924 2002 πλά-

337 2048 458 2101 νην,
485 2035 834 2106 ἐξωμόσαντο
868 2039 934 2094 ἂν
970 2040 1153 2108 αὐτὸν,
1185 2043 1234 2095 εἰ
1261 2041 1334 2112 μὴ
1363 2043 1424 2096 τὸ
1455 2042 1612 2110 ξίφος
1654 2040 1917 2097 ἐδειλίων.

343 2120 516 2194 Ἀλλη
552 2126 721 2196 μοῖρά
763 2128 886 2180 ἐστι
933 2129 1042 2183 τῶν
1099 2129 1204 2184 ὑπὸ
1251 2131 1348 2184 τοῦ
1395 2130 1652 2185 διαϐόλου
1699 2132 1919 2202 ἠπατη-

345 2213 546 2283 μένων,
571 2219 942 2272 πιστευόντων
989 2219 1167 2292 ἀληθῆ
1218 2219 1359 2274 εἶναι
1401 2220 1472 2275 τά
1517 2221 1710 2293 ψευδῆ.
1745 2225 1917 2294 Τρίτη

345 2309 510 2378 μοῖρα
557 2307 667 2363 τῶν
711 2309 786 2382 μὴ
835 2311 1178 2383 βουλομένων
1224 2313 1530 2384 ἀποστῆναι
1576 2315 1678 2386 τῆς
1708 2315 1920 2386 πλάνης

339 2399 449 2449 τῶν
496 2401 778 2470 προγόνων
829 2403 1037 2468 αὐτῶν,
1096 2391 1232 2461 άλλά
1286 2407 1555 2477 λεγόντων
1605 2411 1829 2480 κρατεῖν
1883 2409 1919 2464 ἃ

339 2489 596 2559 κατεῖχον
638 2491 735 2544 καὶ
781 2490 833 2544 oi
886 2494 1124 2561 πατέρες
1174 2494 1399 2548 αὐτῶν
1459 2489 1535 2550 ὧν
1589 2496 1918 2566 ἀφίστανται

343 2581 569 2649 μᾶλλον,
600 2582 653 2636 οἳ
697 2585 824 2638 ἀντὶ
875 2585 976 2654 τῆς
1035 2573 1504 2660 εἰδωλολατρείας,
1552 2584 1587 2662 ᾖ
1649 2590 1918 2660 πρότερον

340 2673 678 2744 κατείχοντο,
710 2675 813 2746 τὴν
844 2676 942 2731 τοῦ
987 2678 1234 2750 Μωάμεθ
1270 2681 1510 2751 αἵρεσιν,
1539 2681 1616 2746 ὡς
1660 2682 1724 2735 ἂν
1755 2678 1920 2756 ἦττον

343 2767 606 2838 πονηρὰν,
635 2769 1029 2841 άναμφιόόλως
1070 2774 1404 2844 προείλοντο.
1435 2775 1717 2843 Τέταρτον
1755 2774 1920 2844 μέρος

341 2859 462 2911 ἐστὶ
488 2861 596 2914 τῶν
624 2862 713 2916 διὰ
746 2865 805 2917 τὸ
836 2865 1025 2919 άνετον
1049 2869 1149 2935 τῆς
1180 2865 1323 2930 ὁδοῦ,
1358 2867 1453 2922 καὶ
1483 2865 1546 2919 es
1576 2868 1687 2920 τῶν
1724 2884 1918 2938 γυναι-

343 2951 457 3005 κῶν
485 2953 712 3026 πλῆθος,
747 2957 845 3011 καὶ
895 2957 965 3013 τὰ
1011 2958 1146 3014 ἄλλα
1192 2961 1470 3031 ἐνδόσιμα,
1503 2959 1705 3031 μᾶλλον
1737 2959 1836 3031 τὴν
1863 2963 1922 3014 ὲν

2027 1761 2122 1832 qui
2162 1761 2400 1816 retinent
2451 1772 2701 1815 errorem
2745 1744 3077 1811 ’Mahonteti.
3139 1755 3344 1819 Prima,
3404 1767 3598 1810 eorum

2027 1854 2118 1922 qui
2147 1851 2377 1922 ingressi
2420 1858 2549 1906 sunt
2582 1849 3022 1906 Saracenismum
3053 1864 3151 1919 per
3172 1863 3384 1915 ensem,
3414 1857 3471 1903 ut
3513 1849 3607 1903 dio

2025 1954 2175 2002 ctum
2200 1954 2320 2009 est;
2349 1946 2442 2016 qui
2465 1945 2629 2000 etiam
2663 1960 2817 1998 nunc
2837 1959 3030 1998 eorum
3063 1943 3309 2012 ipsorum
3354 1957 3600 1998 errorem

2026 2045 2446 2108 cognoscentes,
2474 2034 2867 2105 resipiscerent
2890 2036 3104 2105 utique,
3143 2033 3249 2089 nisi
3283 2049 3410 2090 eum
3435 2049 3604 2107 prope

2025 2137 2113 2183 ter
2145 2143 2335 2184 ensem
2372 2128 2651 2182 timerent.
2686 2127 2810 2182 Alia
2851 2128 3121 2198 particula
3159 2142 3353 2182 eorum
3375 2137 3481 2192 est,
3508 2129 3600 2198 qui

2026 2216 2240 2289 decepti
2271 2226 2397 2273 sunt
2422 2233 2452 2273 a
2486 2216 2730 2282 diabolo,
2768 2219 3059 2273 credentes
3106 2234 3233 2272 vera
3297 2234 3418 2273 esse
3448 2235 3605 2275 men-

2026 2309 2203 2368 dacia.
2240 2310 2428 2366 Tertia
2455 2310 2722 2383 particula
2746 2318 2831 2366 est
2861 2325 3052 2365 eorum
3079 2311 3172 2381 qui
3201 2310 3396 2365 nolunt
3424 2311 3606 2368 disce-

2027 2402 2157 2458 dere
2179 2402 2248 2456 ab
2273 2419 2466 2458 errore
2501 2404 2772 2474 majorum
2801 2419 3051 2469 suorum,
3090 2403 3184 2458 sed
3213 2400 3429 2469 dicunt,
3460 2404 3604 2459 deti-

2027 2512 2160 2550 nere
2195 2511 2252 2550 se
2289 2511 2350 2550 ea
2383 2493 2504 2565 qlia:
2531 2509 2724 2550 eorum
2756 2505 2938 2563 patres
2981 2496 3319 2558 detinebant.
3343 2512 3371 2552 a
3400 2496 3604 2567 quibus

2029 2588 2265 2641 maxime
2289 2587 2620 2642 discedunt:
2655 2587 2747 2654 qui
2780 2603 2878 2657 pro
2904 2587 3230 2654 idololatria,
3261 2603 3422 2658 quam
3449 2589 3604 2659 prius

2028 2680 2369 2743 detinebant,
2404 2680 2704 2736 Maltometi
2739 2688 2944 2735 sectam
2977 2690 3238 2751 tanquam
3271 2681 3455 2735 minus
3487 2697 3603 2735 ma-

2030 2774 2138 2827 lam
2165 2773 2282 2827 sine
2330 2771 2501 2826 dubio
2538 2773 2844 2843 elegerunt.
2901 2772 3106 2839 Quarta
3131 2787 3258 2844 pars
3286 2787 3480 2828 eorum
3507 2773 3603 2843 qui

2029 2850 2665 2936 proptergremissionem
2705 2864 2851 2929 vitae,
2890 2874 2946 2919 et
2977 2865 3266 2919 mulierum
3295 2864 3604 2920 multitudi-

2031 2965 2250 3018 nem,et
2274 2957 2378 3011 alia
2407 2956 2780 3022 remissibilia,
2808 2956 2990 3026 potius
3014 2956 3070 3010 iu
3091 2955 3179 3012 bis
3196 2957 3597 3012 immunditiam

340 3045 556 3111 τούτοις
595 3049 941 3124 ἀκαθαρσίαν
989 3053 1090 3123 τῆς
1140 3054 1450 3124 άῖδιότητος
1486 3053 1580 3107 τοῦ
1631 3051 1917 3124 μέλλοντος

2024 3064 2186 3118 quam
2209 3049 2567 3103 aeternitatem
2597 3047 2767 3102 futuri
2794 3049 2976 3102 sarcnli
3018 3059 3363 3112 amaverunt,
3396 3040 3451 3105 et
3473 3066 3597 3105 eum

342 3139 540 3205 αίῶνος
579 3142 898 3214 ἠγάπησαν.
945 3146 1054 3199 Καὶ
1107 3145 1318 3210 τούτοις
1363 3147 1472 3200 είσὶ
1526 3145 1841 3215 σύμφρονες
1870 3149 1921 3199 oi.

340 3233 498 3307 παρὰ
537 3236 652 3300 τοῖς
700 3236 1077 3309 Σαρρακηνοίς
1128 3239 1428 3310 σοφώτεροι
1470 3237 1779 3308 λεγόμενοι,
1828 3241 1930 3294 καὶΔ

341 3327 690 3398 γραμμάτων
733 3330 1100 3401 ἐπιστήμονες
1133 3331 1307 3394 ὀντες.
1344 3331 1421 3386 Oti
1457 3331 1565 3401 γὰρ
1599 3331 1919 3386 πιστεύουσι

337 3418 432 3470 τὸν
461 3420 624 3488 νόμον
656 3417 884 3474 ἐκείνων
919 3417 1099 3489 άληθῆ
1133 3413 1292 3486 εἶναι,
1341 3417 1374 3489 ἢ
1425 3419 1634 3487 ἀγαθὸν
1686 3419 1914 3482 άπλῶςο

336 3508 456 3563 ἀλλ’
484 3509 518 3581 ἠ
552 3511 845 3586 σφοδρότης
874 3509 984 3565 τῶν
1007 3511 1211 3583 ἡδονῶν
1247 3513 1559 3564 καταπαύει
1581 3512 1689 3582 ,τὴν
1733 3513 1920 3582 κρίσιν

335 3601 432 3659 τοῦ
461 3601 649 3673 λόγου,
675 3603 752 3669 ῶς
795 3621 965 3676 φησιν
1014 3606 1043 3658 ό
1098 3605 1296 3673 σοφός·
1345 3603 1535 3668 ῶσπερ
1590 3605 1682 3656 καὶ
1731 3603 1920 3657 πολλοὶ

337 3697 686 3768 γραμμάτων
735 3697 993 3766 ἔμπειροι
1051 3696 1207 3767 παρὰ
1267 3697 1380 3760 τοῖς
1445 3697 1796 3767 Χριστιανοίς
1839 3697 1917 3749 ὀὗ

342 3790 676 3861 φυλάττουσι
724 3790 819 3846 τὸν
839 3789 935 3844 τοῦ
990 3788 1330 3857 Εὐαγγιᾙου
1382 3788 1568 3858 νόμον,
1598 3788 1778 3842 καίτοι
1823 3805 1920 3842 πι-

341 3883 626 3946 στεύοντες
673 3881 850 3952 ἀληθῆ
893 3874 1035 3933 εἶναι
1083 3882 1178 3933 γα).
1221 3879 1426 3948 ἀγαθόν
1448 3892 1466 3912 ⁶
1498 3879 1701 3951 μᾶλλον
1730 3881 1786 3933 δὲ
1818 3882 1918 3954 τὴν

336 3971 456 4026 ὁδὸν
492 3969 791 4042 μιμοῦνται
825 3968 919 4024 τοῦ
962 3967 1312 4036 ’Δλκοράνου,
1343 3969 1526 4043 καίτοι
1565 3971 1915 4036 πιστεύοντες

337 4065 428 4120 ἐπ’
473 4063 735 4135 ἀληθείας
786 4064 997 4119 ἐκεῖνον
1057 4061 1392 4117 πεπλάσθαι.
1435 4063 1547 4115 Καὶ
1594 4059 1789 4116 τούτου
1823 4080 1920 4134 ση-

342 4161 496 4232 μεῖον
551 4163 612 4214 ιν
667 4159 1045 4231 ἀμφοτέροις⁹
1101 4156 1548 4229 μετατιθεμένων
1592 4156 1702 4226 γάρ
1754 4172 1917 4209 τινων

339 4245 712 4330 Ερῤακηνῶν
759 4255 842 4318 εἰς
892 4252 1281 4324 Χριστιανοὺς,
1314 4252 1408 4305 καὶ
1449 4246 1796 4320 Χριστιανῶν
1828 4265 1917 4300 τι-

338 4368 448 4404 νων
497 4348 799 4420 γινομένων
854 4336 1268 4419 Σαρρακηνῶν,
1337 4344 1368 4396 6
1431 4343 1531 4413 μὲν
1586 4340 1914 4413 Χριστιανὸς

2028 3141 2116 3197 bis
2148 3140 2456 3195 concordes
2485 3151 2635 3206 sunt,
2663 3141 2756 3211 qui
2785 3141 2932 3211 apud
2985 3158 3081 3197 eos
3105 3143 3471 3214 sapientiores
3496 3162 3597 3217 ap-

2025 3233 2318 3304 pellantur;
2347 3233 2414 3286 Et
2445 3231 2537 3302 qui
2569 3231 2886 3287 litterarum
2927 3235 3178 3302 peritiam
3205 3236 3433 3302 habent,
3485 3253 3597 3292 non

2023 3324 2257 3380 credunt
2286 3325 2461 3394 legem
2489 3325 2703 3378 illorum
2722 3341 2852 3380 esse
2883 3339 3091 3391 veram,
3121 3329 3207 3398 vel
3244 3306 3439 3382 bonan:
3467 3332 3599 3384 sim-

2023 3419 2237 3489 pliciter
2271 3435 2286 3473 :
2318 3417 2415 3473 sed
2448 3418 2796 3473 vehementia
2837 3419 3182 3487 voluptatum
3233 3420 3394 3476 sedat
3447 3423 3599 3493 judié

2021 3512 2168 3566 cium
2196 3511 2443 3576 rationis,
2481 3519 2646 3580 prout
2673 3509 2808 3564 dicit
2850 3511 3090 3579 sapiens.
3153 3512 3307 3567 Sicut
3333 3524 3390 3569 et
3436 3515 3594 3574 multi

2020 3602 2328 3657 litterarum
2374 3604 2585 3674 experti
2639 3603 2781 3673 apud
2814 3603 3157 3660 Christianos
3218 3622 3325 3662 non
3373 3617 3596 3665 servant

1953 3705 1972 3713 ‘
2022 3693 2302 3765 Evangelii
2323 3697 2519 3765 legem,
2558 3695 2662 3750 etsi
2687 3696 2914 3750 credant
2935 3711 3118 3752 veram
3141 3711 3263 3753 esse
3285 3708 3342 3754 et
3373 3700 3592 3766 bonam,
3638 3762 3642 3766 _

2021 3788 2206 3858 potius
2241 3788 2529 3843 imitantur
2552 3788 2697 3842 viam
2728 3789 2983 3844 Alcorani
3009 3827 3027 3854 ,
3087 3792 3337 3860 quamvis
3369 3794 3595 3850 credant

2023 3874 2078 3928 in
2114 3877 2345 3930 veritate
2374 3877 2530 3931 illum
2557 3892 2796 3932 errasse.
2859 3877 2924 3932 Et
2950 3879 3116 3951 hujus
3176 3883 3251 3936 rei
3286 3883 3502 3953 signum
3537 3885 3590 3940 in

2023 3968 2272 4038 utrisque
2297 3978 2400 4024 est.
2429 3969 2891 4025 Transmutantur
2921 3971 3064 4027 enim
3086 3961 3306 4042 quidam
3333 3975 3592 4033 Saraceni

2023 4058 2079 4112 in
2095 4057 2459 4124 Christianos,
2481 4059 2857 4115 ethristiani
2889 4062 3110 4131 quidam
3147 4064 3282 4120 fiunt
3306 4066 3590 4123 Saraceni.

2020 4150 2370 4206 Christianus
2423 4151 2646 4222 quidem
2678 4169 2965 4224 nunquam
3004 4155 3059 4210 in
3095 4168 3270 4213 morte
3305 4157 3460 4214 ﬁeret
3490 4160 3590 4217 Sa-

2020 4255 2275 4304 racenus,
2309 4242 2404 4296 sed
2441 4243 2494 4296 in
2555 4243 2698 4308 vita;
2750 4243 3061 4300 Saracenus
3107 4259 3291 4301 autem
3325 4248 3378 4302 in
3417 4259 3593 4307 morte

2021 4333 2203 4403 petius
2265 4331 2325 4388 tit
2374 4332 2745 4402 Christianus,
2813 4352 2976 4406 quam
3029 4338 3085 4392 in
3137 4339 3268 4394 vita.
3347 4341 3588 4413 Uterque

335 4410 582 4496 οὐδέποτ’
621 4410 706 4494 “ἂν
750 4438 808 4492 ὲν
862 4410 948 4506 τῶ
973 4410 1212 4505 ’θανάτῳ
1247 4410 1482 4501 γένοιτο
1533 4410 1908 4501 Σαρῤακηνὸς,

2021 4425 2190 4497 igitur
2235 4426 2435 4482 borum
2484 4428 2667 4498 potius
2696 4430 2848 4500 eligit
2880 4431 3224 4488 Christianus
3254 4436 3391 4492 mori
3430 4410 3593 4508 quam

337 4531 454 4588 ἀλλ’
491 4534 548 4587 ὲν
578 4533 644 4602 τῇ
691 4531 839 4600 ζωῇο
871 4530 899 4582 ό
938 4528 996 4582 δὲ
1043 4524 1400 4598 Σαρρακηνδς
1453 4525 1511 4578 ἐν
1562 4523 1641 4594 τῷ
1695 4522 1910 4593 Θανάτῳ

339 4625 544 4700 μᾶλλον
572 4625 785 4694 γίνεται
817 4619 1143 4695 Χριστιανὸς
1176 4620 1210 4692 ἢ
1240 4620 1300 4672 ὲν
1340 4620 1406 4687 τῇ
1442 4617 1574 4686 ζωῇ.
1614 4615 1908 4685 Ἐκάτερος

2020 4517 2350 4584 Saraccnus,
2401 4517 2503 4575 nisi
2559 4519 2744 4592 aliquo
2779 4522 2942 4578 modo
2981 4525 3256 4593 praedicta.
3283 4525 3336 4581 vi
3380 4529 3597 4586 abstra-

2017 4613 2202 4668 batur.

333 4723 443 4793 ἄρα
511 4721 835 4787 Χριστιανὸς
908 4717 1147 4788 αἱρεῖται
1222 4712 1424 4782 μᾶλλον
1486 4710 1780 4763 ἀποθανεῖν
1866 4707 2331 4781 ἢΣαρῤακηνόςο
2387 4709 2437 4761 εί
2487 4709 2561 4779 μή
2609 4725 2713 4762 που
2755 4713 2818 4781 τῇ
2865 4711 3377 4788 προειρημένῃᾙίίι
3431 4716 3599 4785 ἀφιλ,

333 4831 503 4868 κοιτο.

402 4910 542 4979 Τρία
592 4905 649 4961 δέ
681 4907 788 4958 είσι
839 4900 1202 4972 φανερώτατα
1238 4899 1336 4969 τῆς
1367 4898 1489 4970 βίας
1518 4897 1615 4952 τοῦ
1647 4905 1912 4969 προειρη-

336 5004 498 5077 μένου
553 5002 720 5071 νόμου
745 4997 874 5053 ἄνευ
913 4993 1007 5048 τοῦ
1059 4993 1488 5065 προρῤηθέντος,
1532 4992 1672 5061 ὅπερ
1719 4986 1790 5062 ἦν
1825 5007 1915 5044 το-

335 5094 603 5156 σαυτάκις
667 5091 848 5158 λέγειν
906 5085 1003 5141 καὶ
1059 5085 1427 5154 προστάσσειν
1489 5082 1909 5138 ἀποκτιννύναι.

321 5163 558 5260 ,Πρῶτόν
592 5185 713 5238 ἔστι
744 5181 805 5236 τὸ
858 5179 952 5261 τὸν
983 5177 1281 5259 Μαχούμετ
1321 5177 1556 5238 ἐκείνοις
1607 5177 1785 5228 εἰπεῖν
1815 5174 1910 5228 ἐπὶ

331 5281 589 5336 τοσοῦτον
652 5277 930 5344 διαμενεῖν
982 5271 1074 5326 τὸν
1123 5273 1290 5340 νόμον
1338 5269 1526 5335 αὐτοῦ,
1558 5268 1646 5336 ἐφ’
1693 5269 1816 5322 ὅσον
1844 5267 1911 5321 ἂν

335 5376 520 5438 αὐτοῖς
553 5370 808 5441 διαμείνῃ
856 5368 952 5420 καὶ
989 5368 1019 5438 ἡ
1054 5366 1114 5418 ὲν
1145 5367 1257 5427 τοῖς
1298 5362 1486 5425 ὅπλοις
1540 5362 1714 5431 ίσχῦς,
1753 5361 1908 5430 καὶὴ

335 5468 673 5538 πρόσκαιρος
708 5459 1021 5517 δυναστεία.
1083 5456 1225 5511 Ἀλλ’
1270 5456 1747 5523 ὁμολογουμένως,
1805 5471 1909 5505 κα-

335 5559 444 5625 θὼς
471 5575 637 5628 φησιν
687 5557 716 5609 ό
762 5556 1169 5626 Χρυσόπομος,
1204 5547 1427 5618 τοιαύτη
1453 5547 1536 5625 τίς
1567 5547 1713 5598 ἐστιν
1748 5545 1780 5615 ἡ
1811 5545 1909 5608 τῆς

334 5649 594 5723 ἀληθείας
644 5647 827 5718 φύσις,
875 5644 1016 5698 ῶστε
1055 5642 1150 5696 καὶ
1197 5639 1348 5711 παρὰ
1384 5637 1598 5692 πολλῶν
1635 5638 1908 5708 πολεμου-

338 5743 475 5813 μένη
523 5741 726 5814 μᾶλλον
779 5737 1021 5808 ίσχύειν·
1079 5733 1270 5802 ῶσπερ
1322 5729 1420 5783 καὶ
1475 5729 1791 5788 τούναντίον
1845 5729 1908 5783 τὸ

337 5835 528 5905 ψεῦδος
584 5831 689 5888 ὑπὸ
737 5831 949 5902 πολλῶν
1002 5825 1392 5905 βοηθούμενον,
1424 5825 1481 5878 ὲν
1533 5820 1711 5892 ἑαυτῷ
1743 5821 1906 5875 ἀσθεο

2083 4893 2210 4950 Tria
2243 4907 2372 4952 sunt
2414 4898 2864 4956 manifestissima
2900 4900 3053 4970 signa
3087 4901 3360 4958 violentia
3399 4907 3594 4976 praedi-

2009 4999 2111 5044 οιαὶ
2153 4988 2311 5058 legis,
2345 4991 2550 5060 absque
2581 4991 2670 5047 bis
2707 5009 2829 5062 qua:
2870 4995 3034 5050 toties
3064 5006 3192 5051 ante
3236 4999 3382 5052 dicta
3423 5010 3594 5056 sunt:

2009 5081 2156 5151 quod
2183 5083 2405 5152 quidem
2437 5084 2560 5150 fuit,
2587 5086 2734 5153 quod
2767 5087 2930 5144 toties
2956 5088 3091 5144 dicit
3119 5101 3173 5144 et
3203 5093 3426 5146 mandat
3459 5095 3596 5150 inte-

2007 5174 2233 5229 timere.
2267 5176 2513 5230 Primum
2550 5178 2768 5248 signum
2800 5189 2906 5244 est,
2936 5181 3080 5249 quod
3116 5181 3462 5241 Mahometus
3488 5185 3596 5242 illis

2019 5268 2177 5331 dixit,
2201 5268 2256 5322 in
2289 5277 2500 5323 tantum
2527 5284 2851 5338 permanere
2874 5271 3049 5342 legem
3081 5273 3218 5342 ejus,
3249 5275 3303 5328 in
3328 5286 3591 5344 quantum

2017 5363 2100 5417 eis
2120 5370 2440 5432 permaneat
2467 5373 2522 5417 et
2552 5364 2606 5417 in
2643 5365 2814 5417 armis
2839 5363 2939 5426 vis.
2973 5375 3029 5418 et
3057 5367 3370 5435 temporalis
3403 5381 3596 5437 poten-

2012 5454 2108 5507 tia.
2137 5454 2242 5510 Sed
2273 5457 2416 5510 sicut
2445 5457 2581 5510 dicit
2610 5457 3053 5528 Chrysostomus,
3079 5459 3202 5512 talis
3226 5467 3311 5514 est
3344 5461 3590 5516 veritatis

2012 5549 2230 5613 natura,
2271 5557 2332 5602 ut
2381 5559 2595 5603 etcum
2644 5563 2674 5602 a
2723 5551 2912 5604 multis
2965 5560 3333 5621 oppugnatur,
3393 5553 3592 5609 fortius

2011 5640 2339 5706 invalescat;
2377 5650 2433 5696 et
2455 5655 2485 5696 e
2508 5656 2776 5696 converso
2801 5643 3167 5708 mendacium,
3195 5659 3319 5698 eum
3349 5659 3378 5698 a
3409 5645 3595 5702 multis

1981 5722 2322 5801 Vadjuvatur,
2357 5733 2411 5787 in
2448 5734 2629 5802 seipse
2661 5733 3002 5789 debilitatur.
3034 5732 3248 5812 Veritas
3282 5734 3448 5805 igitur
3481 5751 3589 5789 non

2011 5823 2224 5897 indiget
2263 5827 2469 5883 auxilio
2516 5845 2582 5884 ex
2619 5829 2906 5898 temporali
2958 5837 3225 5898 potentia,
3271 5836 3326 5882 et
3358 5829 3604 5886 maxime
