4100 6296
392 328 532 400 1109

1595 340 1893 406 CONTRA
1938 339 2454 405 MAHOMETEM.

3488 335 3625 410 liii)

382 455 512 523 περὶ
540 450 635 508 τοῦ
669 452 786 524 βίου
817 457 912 509 καὶ
941 458 1039 526 τῆς
1071 455 1425 521 διδασκαλίας
1463 460 1560 514 καλ⁵
1591 459 1700 512 τῶν
1725 459 1916 520 θαυμὰ

2049 453 2273 518 Christi,
2306 455 2568 525 deinceps
2605 463 2791 510 autem
2820 453 2899 511 de.
2923 453 3036 518 vita
3070 460 3127 515 et
3157 453 3407 515 doctrina
3436 465 3492 514 et
3522 458 3624 517 πηί-

378 563 491 600 των
520 547 683 601 αὑτοῦ
710 561 726 577 ·
758 548 853 602 καὶ
883 550 1023 616 μετὰ
1051 548 1223 601 ταῦτα
1259 551 1387 618 περὶ
1425 550 1520 603 τοῦ
1564 550 1822 615 θανάτου,
1851 550 1946 604 καὶ

377 638 478 706 τῆς
523 632 895 702 ἀναστάσεως,
955 642 1049 692 καὶ
1093 639 1197 708 τῆς
1241 641 1582 710 ἀναλήψεως.
1624 640 1712 693 Ἓν
1764 641 1822 693 δὲ
1867 640 1944 707 τῷ

387 729 698 801 ’Δλκοράνῳ
725 731 1004 794 παντελῶς
1052 735 1280 802 οὐδεμία
1307 734 1426 788 loti.
1456 734 1632 805 τάξις,
1655 734 1778 787 οὔτε
1819 734 1948 804 χρό-

261 881 264 883 Α
376 839 492 885 νου,
528 823 648 876 οὐδε
705 824 814 893 γὰρ
864 825 1012 894 λέγει
1057 828 1151 880 ἐπὶ
1199 827 1365 881 τίνων
1409 827 1756 898 βασιλέων,η
1801 828 1942 903 κατὰ

374 914 496 968 τίνα
523 916 732 985 καιρὸν,
769 914 896 968 οὔτε
930 917 1173 987 ἱστορίας
1203 918 1378 986 τάξις.
1416 919 1489 973 Τὸ
1516 919 1616 986 μὲν
1650 918 1760 989 γὰρ
1789 919 1946 989 πρῶ-

372 1019 488 1068 τον,
533 1004 660 1058 ὅθεν
712 1005 939 1077 ἤρξατο,
988 1008 1210 1074 λέγεται
1254 991 1560 1082 ἐπικραφὴ,
1590 1010 1625 1080 ἢ
1682 1010 1948 1077 διάνοιξις

322 1171 327 1177 _
373 1094 467 1147 τοῦ
497 1094 729 1163 βιϐλίου,
765 1096 824 1151 ιν
863 1088 909 1163 ᾧ
955 1095 1348 1167 ἀναμφιϐόλως
1387 1100 1605 1161 οἰκείως
1641 1099 1848 1172 ἧρξατο
1881 1100 1947 1155 ὲκ

376 1184 689 1254 προσευχῆς
746 1186 842 1240 καὶ
897 1186 1075 1265 ὕμνου,
1124 1189 1302 1242 Θεοῦ·
1357 1188 1559 1259 ἑφεξῆς
1607 1190 1664 1243 δὲ
1722 1191 1944 1260 ἀμέσως

378 1275 514 1340 μετὰ
549 1276 808 1347 βραχεῖαν
838 1273 1003 1349 εὐχὴν
1025 1280 1230 1349 ἦρξατο
1253 1281 1354 1352 τῆς
1394 1281 1806 1354 πραγματείας.
1836 1284 1944 1335 Kal.

374 1368 490 1419 {att
522 1369 816 1437 κεφάλαιον
845 1371 1102 1442 δεύτερον
1140 1375 1270 1443 περὶ
1324 1379 1424 1446 τῆς
1453 1377 1670 1446 mssa;
1699 1376 1842 1446 βοὸς.
1876 1376 1944 1446 ἢν

373 1462 533 1512 tunc:
583 1462 841 1526 Μωῦσῆς,
868 1458 936 1535 ἦς
986 1465 1197 1533 ίστορία
1239 1467 1390 1521 ἐστὶν
1422 1468 1500 1520 ἐν
1533 1465 1612 1536 τῷ
1646 1464 1940 1537 Δευῖτικῷ.

373 1546 570 1620 Τρίτον
599 1551 656 1605 δὲ
705 1555 998 1622 κεφάλαιον
1023 1559 1153 1628 περὶ
1186 1557 1281 1613 τοῦ
1320 1557 1470 1612 οίκου
1518 1560 1612 1613 τοῦ
1661 1559 1940 1632 Ἀϐραὰμ,

370 1639 430 1704 ὃς
458 1642 654 1711 γέγονε
701 1646 885 1718 πατὴρ
925 1648 1241 1713 Μωῦσέωςο
1281 1651 1341 1704 ιν
1385 1645 1430 1718 ᾧ
1457 1649 1631 1704 πολλὰ
1674 1653 1803 1720 περὶ
1846 1650 1941 1704 τοῦ

371 1733 609 1803 Χριστοῦ
632 1738 997 1807 παρενέϐαλε,
1024 1741 1118 1794 καί
1137 1759 1274 1813 φησι
1293 1743 1392 1813 τὴν
1417 1743 1695 1814 Παρθένον
1718 1743 1942 1814 Μαρίαν

372 1826 608 1897 ἀδελφὴν,
632 1829 885 1898 γενέσθαι
911 1833 1192 1899 Μωΰσέως
1218 1838 1314 1890 καὶ
1345 1837 1582 1910 ’Δαρώ’ν.
1613 1837 1720 1893 Καὶ
1744 1839 1942 1909 ἑφεξῆς

373 1917 568 1972 ἱπεται
601 1920 661 1973 τὸ
691 1920 951 1993 τέταρτον
985 1927 1284 1995 κεφάλαιον
1332 1929 1462 2000 περὶ
1492 1931 1602 1986 τῶν
1638 1933 1936 2000 γυναικῶν.

384 2008 622 2080 ὀμοίως
653 2012 710 2066 δὲ
756 2015 852 2070 καί
900 2019 1028 2087 περὶ
1081 2019 1192 2072 τῶν
1245 2021 1425 2076 ἄλλων
1457 2022 1630 2086 οὕτως
1665 2025 1941 2091 ἀτάκτως,

369 2099 512 2156 ὥστε
559 2105 762 2174 μηδένα
795 2104 936 2162 είναι
983 2111 1272 2181 ἄνθρωπον
1323 2113 1388 2177 ὃς
1420 2115 1487 2169 ἂν
1519 2115 1736 2170 δύναιτο
1784 2118 1943 2184 λόγον

368 2194 663 2253 eaeaeae?“
687 2199 787 2271 τῆς
808 2202 1036 2268 -τάξεως
1065 2204 1164 2273 τῆς
1208 2206 1450 2277 ἱστορίας
1498 2210 1596 2263 καὶ
1638 2209 1750 2263 τῶν
1773 2227 1943 2279 κεφα-

367 2286 560 2347 λαίων.
600 2290 743 2345 Ἀλλ’
771 2294 892 2347 οὐδὲ
923 2295 957 2366 η
989 2295 1092 2364 τῆς
1116 2294 1251 2366 ὕλης
1281 2297 1432 2361 τάξις
1463 2300 1634 2355 ἐστίν.
1662 2300 1938 2358 οὐδέποτε

370 2381 481 2451 γὰρ
511 2381 642 2451 μίαν
695 2384 1051 2455 ἐπεξέρχεται
1079 2385 1212 2457 ὕλην
1248 2388 1548 2453 εὐτάκτως,
1586 2391 1705 2444 ἀλλ’
1744 2389 1943 2463 ἐφεξῆς

371 2472 479 2525 ἀπὸ
501 2477 633 2541 μιᾶς
663 2475 796 2547 ὕλης
822 2479 909 2547 ἐφ’
939 2467 1134 2552 ἑτέραν
1170 2483 1426 2536 ὑπόθεσιν
1455 2485 1735 2549 παντελῶς
1763 2485 1944 2558 ἀσύμ-

368 2561 538 2615 6ατον
601 2568 990 2637 μεταφέρεταί,
1033 2570 1292 2642 ἄντικρυς
1351 2570 1543 2633 ῶσπερ
1610 2575 1942 2648 εξεστηκῶς.

382 2652 530 2706 Ἀλλ’
555 2655 678 2710 οὐδὶ
706 2657 859 2723 τάξιν
885 2659 1000 2730 εχει
1027 2661 1498 2731 επιχειρημάτων,
1539 2663 1575 2734 η
1615 2680 1762 2728 τινος
1809 2667 1944 2718 ἀπο-

368 2745 609 2814 δείξεως.
668 2748 812 2803 Ἀλλ’
863 2751 897 2821 ἡ
951 2751 1273 2808 διδασκαλία
1316 2756 1469 2809 πᾶσα
1508 2756 1583 2822 ἐξ
1630 2756 1946 2822 ὑποθέσεως

341 2897 345 2901 λ
373 2839 613 2910 πρόεισι,
644 2842 740 2895 καὶ
769 2842 1100 2915 ὑποθιμενος
1129 2847 1252 2900 τινὰ
1291 2846 1553 2918 πρότασιν
1580 2848 1708 2901 καθ’
1741 2849 1946 2920 ἑαυτὴν

373 2930 576 3000 ἀληθῆ,
606 2932 665 2998 ἐξ
699 2934 917 3006 δκείνης
964 2936 1134 3009 ἄλλην
1182 2939 1305 2993 τινὰ
1355 2942 1737 3010 συμπεραίνει,
1775 2942 1947 3013 μηδὲν

373 3025 603 3094 ιλουσαν
653 3027 832 3080 κοινὸν
893 3029 1028 3099 πρὸς
1084 3031 1185 3101 τὴν
1229 3031 1476 3103 πρώτην.
1533 3028 1661 3087 Οίόν
1712 3035 1831 3089 ἔστι
1882 3034 1947 3091 τδ

2051 549 2252 604 raculis
2278 549 2414 620 ejus,
2447 555 2502 602 et
2528 555 2651 616 post
2679 547 2796 602 haec
2827 546 2896 601 de
2919 555 3098 620 morte
3123 554 3181 604 et
3214 532 3623 625 resurrectione

2047 647 2100 694 et
2167 639 2542 706 assumptione
2595 637 2747 692 dicit.
2798 635 3072 698 Alcorano
3134 631 3319 693 autem
3395 637 3620 692 omnino

2046 731 2232 786 nullus
2260 739 2343 787 est
2373 731 2506 784 ordo
2539 729 2822 799 temporis.
2864 745 3039 800 neque
3075 728 3223 788 enim
3257 728 3389 786 dicit
3421 716 3624 797 quibus
3674 737 3681 742 ‘

2048 824 2291 893 regibus,
2321 821 2408 877 vel
2445 820 2747 878 secundum
2776 821 2922 890 quod
2954 833 3188 892 tempus,
3224 836 3404 891 neque
3437 821 3622 876 histo-

2047 914 2141 968 ria
2161 914 2298 968 ordo
2321 921 2422 969 est.
2445 914 2687 968 Primum
2719 913 2868 969 enim
2890 913 3194 984 capitulum
3219 912 3364 968 unde
3391 911 3619 982 incepit,

2046 1006 2250 1062 dicitur
2284 1006 2573 1076 inscriptio
2615 1006 2701 1062 vel
2740 1006 2974 1075 aperitio
3019 1005 3170 1069 libri,
3205 1005 3264 1060 in
3311 1020 3422 1075 quo
3461 1004 3624 1061 indu-

2045 1098 2219 1154 bitato
2251 1097 2473 1168 proprie
2507 1097 2714 1167 incepit
2740 1098 2808 1153 ab
2841 1097 3093 1152 oratione
3129 1107 3186 1153 et
3217 1095 3381 1151 laude
3411 1096 3529 1153 Dei.
3557 1097 3625 1152 Et

2045 1188 2251 1260 absque
2308 1189 2490 1249 medio
2540 1197 2661 1258 post
2705 1187 2930 1244 brevem
2979 1187 3286 1243 orationem
3329 1197 3621 1247 tractatum

2047 1281 2271 1351 incepit.
2311 1280 2378 1334 Et
2409 1290 2495 1336 est
2524 1279 2827 1348 capitulum
2865 1279 3169 1334 secundum
3195 1279 3263 1334 de
3291 1278 3436 1333 fulva
3460 1276 3622 1339 bove,

2045 1390 2208 1444 quam
2235 1373 2435 1429 obtulit
2462 1371 2698 1442 Moyses,
2718 1373 2876 1440 cujus
2903 1372 3129 1432 historia
3155 1381 3240 1426 est
3273 1372 3326 1429 in
3349 1369 3617 1426 chitico.

2045 1467 2291 1522 Tertium
2326 1465 2846 1538 autemcepitulum
2877 1476 2966 1529 est
2999 1466 3068 1523 de
3101 1464 3285 1531 .domo.
3323 1463 3620 1524 Abraham.

2045 1559 2138 1627 qui
2171 1557 2274 1611 fuit
2298 1563 2451 1626 pater
2477 1555 2664 1627 Moysi,
2697 1556 2753 1610 in
2779 1570 2889 1625 quo
2914 1556 3083 1610 multa
3115 1556 3183 1609 de
3211 1555 3431 1610 Christo
3453 1555 3621 1608 inter—

2045 1649 2196 1714 serit,
2247 1658 2301 1704 et
2357 1649 2492 1703 dicit
2549 1648 2811 1718 virginem
2871 1647 3094 1702 Mariam
3151 1661 3397 1702 sororem
3451 1645 3618 1700 fuisse

2045 1739 2215 1812 Moysi
2260 1748 2318 1794 et
2371 1741 2580 1794 Aaron.
2629 1740 2697 1794 Et
2747 1739 3008 1807 deinceps
3061 1738 3315 1806 sequitur
3361 1747 3616 1804 quartum

2047 1833 2372 1902 capitulum,
2416 1831 2485 1886 de
2535 1831 2876 1886 mulieribus.
2919 1829 3184 1886 Similiter
3229 1839 3410 1884 autem
3454 1839 3510 1884 et
3550 1831 3620 1886 de

2047 1921 2170 1977 aliis
2210 1922 2290 1975 sic
2333 1919 2646 1975 inordinate
2677 1919 2944 1989 procedit.
2979 1919 3117 1973 adeo
3152 1919 3295 1990 quod
3348 1930 3510 1997 nemo
3537 1921 3623 1969 est

2047 2013 2141 2084 qui
2194 2012 2364 2082 possit
2408 2011 2635 2067 reddere
2684 2013 2952 2066 rationem
3002 2013 3214 2068 ordinis
3262 2010 3507 2066 historias
3569 2016 3624 2061 ct

2045 2102 2435 2174 capitulorum.
2465 2103 2530 2157 Et
2560 2117 2739 2172 neque
2767 2104 3012 2158 materiae
3041 2103 3178 2159 ordo
3207 2102 3619 2171 est.Nunquam

2044 2197 2194 2253 enim
2220 2211 2384 2251 unam
2416 2197 2701 2252 materiam
2729 2195 2868 2252 bene
2900 2197 3268 2266 ordinateque
3298 2189 3618 2266 pertransit,

2047 2288 2144 2344 sed
2173 2287 2434 2359 deinceps
2466 2288 2534 2342 ab
2562 2304 2668 2343 una
2715 2288 2942 2344 materia
2970 2289 3036 2343 ad
3081 2289 3311 2343 alteram
3354 2303 3452 2358 per
3493 2302 3623 2356 sup-

2049 2381 2376 2451 positionem
2401 2383 2628 2436 omnino
2655 2382 3097 2451 impertinentem
3125 2381 3473 2443 transfertur,
3504 2391 3620 2433 tan-

2047 2487 2213 2544 quam
2271 2473 2602 2528 abstractus.
2653 2473 2760 2529 Sed
2805 2481 2862 2528 et
2909 2489 3090 2543 neque
3145 2474 3397 2527 ordinem
3453 2471 3620 2525 habet

2047 2564 2604 2633 argumentationum,
2627 2565 2708 2619 vel
2730 2565 2960 2634 alicujus
2982 2565 3485 2620 demonstrationis.
3511 2565 3616 2620 Sed

2048 2653 2231 2709 omnis
2261 2653 2508 2708 doctrina
2553 2670 2621 2708 ex
2667 2654 3046 2724 suppositione
3089 2652 3360 2722 procedit,
3407 2661 3463 2706 et
3491 2668 3623 2721 sup-

2050 2745 2352 2816 positiones
2396 2745 2689 2816 quamdam
2741 2747 3174 2817 propositionem
3228 2761 3329 2816 per
3386 2747 3622 2814 seipsam

2051 2853 2343 2905 veram,ex
2372 2839 2463 2894 illa
2492 2840 2652 2894 aliam
2679 2840 2972 2913 quamdam
3003 2838 3300 2902 concludit,
3332 2852 3452 2907 quae
3483 2836 3622 2892 nihil

2052 2943 2342 2994 commune
2403 2933 2566 2988 habet
2598 2935 2666 2988 ad
2721 2932 2978 3002 primam.
3025 2930 3182 2986 Sicut
3225 2939 3312 2986 est
3362 2930 3624 2984 continue
3738 3002 3742 3006 θ

2052 3023 2201 3093 quod
2234 3023 2302 3078 ab
2329 3038 2395 3079 eo
2424 3024 2652 3089 dicitur,
2684 3025 2834 3091 quod
2860 3024 3008 3080 Deus
3038 3032 3125 3079 est
3160 3022 3411 3078 excelsus
3441 3029 3498 3075 et
3527 3021 3624 3074 bo-

376 3117 623 3188 συνεχῶς
662 3117 794 3191 παρ’
838 3121 1006 3175 αὐτοῦ
1042 3121 1356 3194 λεγόμενον,
1393 3127 1475 3179 ὅτι
1502 3125 1532 3178 6
1573 3123 1706 3190 Θεὸς
1743 3125 1944 3198 ὑψηλός

2055 3130 2180 3180 nus,
2204 3123 2258 3170 et
2281 3116 2425 3185 quod
2461 3115 2787 3170 Alcoranum
2817 3115 2907 3170 lex
2934 3124 3021 3170 est
3047 3113 3262 3178 salutis,
3288 3119 3346 3167 et
3374 3111 3520 3166 Deus
3540 3118 3629 3166 est

371 3210 491 3264 εστι
539 3210 636 3266 καὶ
677 3212 906 3280 ἀγαθὸς,
963 3215 1058 3268 καὶ
1108 3218 1168 3269 τὸ
1231 3218 1556 3292 Ἀλκοράνον
1600 3229 1765 3294 νόμος
1828 3229 1952 3281 εστὶ

372 3303 673 3374 σωτηρίας,
699 3304 794 3360 καὶ
815 3307 844 3359 6
871 3306 1004 3370 Θεός
1027 3309 1140 3360 ἐστι
1167 3308 1320 3374 Θεὸς,
1343 3313 1440 3364 καὶ
1478 3313 1559 3366 ὅτι
1590 3315 1769 3381 οὐδείς
1796 3317 1950 3371 ἐστιν

369 3384 530 3456 ἄλλος
553 3394 688 3458 Θεὸς
721 3396 863 3467 πλὴν
888 3396 985 3451 τοῦ
1004 3397 1162 3463 Θεοῦ,
1194 3403 1287 3454 καὶ
1317 3405 1345 3456 6
1379 3404 1625 3474 Μωάμεθ
1657 3408 1776 3462 ἔστι
1813 3425 1953 3480 προ-

369 3485 550 3555 φήτης
593 3483 826 3556 ἀληθής.
883 3484 1099 3539 Ὀποίον
1141 3485 1196 3542 δέ
1239 3491 1357 3543 ἐστι
1402 3489 1564 3545 τοῦτο
1623 3496 1684 3547 τὸ
1737 3498 1952 3566 συμπὲ-

371 3592 583 3645 ρασμα,
609 3577 670 3630 τὸ
700 3579 794 3630 τὸν
818 3578 1068 3647 Μωάμεθ
1089 3574 1228 3634 εἶναι
1254 3582 1434 3652 ἀληθῆ
1464 3584 1560 3638 τοῦ
1583 3584 1719 3640 Θεοὸ
1741 3587 1950 3655 δοῦλον,

371 3667 456 3720 ὅτι
485 3666 516 3719 6
547 3667 680 3729 Θεός
714 3668 832 3720 ἐστι
877 3668 1043 3735 Θεός;
1084 3671 1194 3723 Καὶ
1245 3670 1435 3742 ὥσπερ
1467 3673 1526 3724 ιν
1563 3673 1641 3745 τῷ
1670 3676 1954 3748 κεφαλαίῳ

370 3759 452 3828 τῷ
490 3759 778 3829 ⁹Ε>.μαῖδᾶ,
824 3760 854 3813 6
895 3761 1262 3830 ἑρμηνεύεται
1318 3763 1592 3832 τράπεζα,
1635 3769 1791 3835 φησὶ,
1837 3770 1954 3823 Καρ

370 3847 638 3918 τιστησεν
669 3849 802 3920 ημῖν
831 3849 860 3901 6
887 3848 1020 3910 Θεὸς
1038 3850 1217 3903 οἰκίαν
1251 3851 1809 3922 Ἑλαρὰμ,τουτὲστιν

375 3936 517 4006 αῦτη
567 3938 720 3991 iactv
768 3935 918 4002 οἶκος
959 3941 1183 3993 Μεσκὲο
1226 3946 1337 4011 μήν
1383 3945 1498 3996 ἰστι
1549 3944 1652 4014 τῆς
1691 3946 1950 4015 νηστείας

373 4031 471 4087 τοῦ
533 4031 1018 4105 Σαρρακηνισμοῦ.
1071 4035 1180 4088 Καὶ
1230 4035 1554 4103 γινώσκετε,
1612 4038 1696 4092 ὅτι
1746 4039 1778 4093 6
1819 4039 1952 4099 Θεὸς

374 4126 555 4180 πάντα
593 4123 729 4188 οἶδε,
762 4126 833 4179 τὰ
860 4128 920 4179 ὲν
965 4126 1183 4199 οὐρανῷ
1229 4129 1325 4182 καὶ
1374 4128 1441 4181 τὰ
1489 4129 1582 4186 ἐπὶ
1632 4130 1755 4200 γῆς,
1785 4131 1880 4186 καὶ
1922 4134 1952 4186 6

372 4217 508 4281 Θεὸς
565 4213 675 4271 οἶδε
733 4219 844 4272 πᾶν
899 4218 1038 4286 ὅπερ
1097 4218 1267 4274 ἐστίν.
1331 4219 1492 4274 ’Δλλὰ
1546 4219 1632 4283 τίς
1692 4221 1951 4278 τοσοῦτον

373 4310 624 4378 ἀνόητος,
657 4309 789 4364 ὥστ’
827 4310 1213 4381 ἀμφιϐάλλειν,
1247 4311 1300 4363 εί
1321 4312 1353 4364 6
1387 4313 1522 4376 Θεὸς
1555 4313 1734 4366 πάντα
1768 4309 1948 4378 οἶδενς

375 4399 557 4455 Ἔστω
585 4399 643 4454 δὲ
698 4401 796 4454 καὶ
829 4399 953 4467 τινὰ
996 4400 1384 4470 emissum,
1416 4403 1580 4456 ποίαν
1624 4402 1952 4457 ἀκολουθίαν

2033 3205 2219 3271 Deus,
2244 3215 2298 3261 et
2337 3208 2482 3276 quod
2515 3207 2698 3261 nullus
2729 3217 2813 3261 est
2841 3206 2983 3262 alius
3017 3205 3160 3259 Deus
3191 3211 3394 3274 praeter
3431 3202 3623 3264 Deum,

2051 3309 2105 3357 et
2128 3297 2467 3354 Mabometus
2497 3307 2582 3353 est
2615 3298 2875 3369 propheta
2910 3312 3091 3353 verus.
3130 3295 3262 3362 Qua
3293 3303 3477 3349 autem
3510 3293 3627 3348 haec

2051 3389 2359 3456 conclusio,
2399 3390 2766 3445 Mabnmetum
2800 3405 2922 3444 esse
2947 3403 3140 3443 verum
3170 3386 3265 3443 Dei
3293 3401 3538 3451 servum,
3571 3392 3628 3438 et

2051 3483 2197 3553 quod
2225 3483 2373 3538 Deus
2394 3489 2479 3540 est
2507 3474 2576 3536 De
2589 3482 2687 3536 us?
2705 3481 2775 3537 Et
2799 3481 2856 3536 in
2885 3481 3128 3550 capitulo
3148 3477 3451 3543 Elmaiada,
3481 3479 3627 3548 quod

2051 3574 2448 3644 interpretatur
2489 3591 2692 3641 mensa,
2731 3573 2869 3630 dicit
2903 3590 2916 3627 :
2950 3572 3252 3628 Constituit
3292 3571 3454 3627 nobis
3485 3571 3631 3625 Deus

2051 3663 2276 3722 domum
2307 3664 2542 3728 Elaram,
2585 3665 2639 3721 id
2674 3673 2762 3721 est
2806 3663 3128 3720 vocationis.
3161 3663 3289 3718 llaec
3315 3673 3400 3719 est
3431 3665 3630 3717 domus

2051 3771 2271 3813 mensae.
2304 3755 2503 3813 Mensis
2530 3765 2616 3811 est
2647 3755 2840 3826 jejunii
2873 3755 3258 3811 Saracenismi.
3289 3755 3357 3809 Et
3383 3754 3487 3809 hoc
3517 3761 3624 3816 est.

2052 3859 2112 3905 ut
2136 3849 2345 3915 sciatis,
2378 3849 2524 3918 quod
2555 3849 2700 3904 Deus
2726 3852 2911 3905 omnia
2949 3847 3102 3903 novit
3128 3863 3249 3920 quae
3275 3860 3405 3904 sunt
3429 3847 3484 3901 in
3515 3861 3629 3900 (τωο

2051 3942 2107 3998 lo
2137 3951 2192 3998 et
2218 3957 2341 4012 qua:
2369 3951 2498 4000 sunt
2530 3943 2582 3995 in
2616 3953 2781 4007 terra,
2811 3950 2870 3996 et
2901 3940 3046 3997 Deus
3077 3941 3180 3996 scit
3216 3939 3483 4011 quidquid
3520 3949 3624 3994 est.

2053 4031 2161 4088 Sed
2209 4032 2334 4104 quis
2382 4041 2470 4088 est
2519 4040 2628 4086 tam
2662 4031 2908 4095 demens,
2956 4041 3018 4086 ut
3060 4029 3279 4085 dubitet
3310 4030 3446 4100 quin
3483 4027 3626 4083 Deus

2053 4125 2193 4179 sciat
2220 4122 2444 4179 omnia?
2472 4121 2581 4178 Sed
2610 4124 2792 4195 posito
2823 4122 2972 4192 quod
3005 4122 3288 4177 dubitetur
3315 4122 3384 4175 ab
3419 4121 3622 4190 aliquo,

2052 4233 2174 4288 quae
2197 4225 2282 4272 est
2309 4217 2423 4271 haec
2447 4215 2860 4284 consequentia.
2885 4214 3034 4286 quod
3064 4229 3251 4269 mensa
3281 4223 3338 4268 et
3357 4213 3626 4284 jejunium

2054 4309 2261 4365 mensis
2309 4307 2672 4365 Saracenismi
2723 4308 2886 4364 faciat
2933 4308 3097 4376 scire,
3135 4307 3283 4377 quod
3327 4307 3472 4362 Deus
3523 4307 3625 4361 St'it

2051 4402 2274 4458 omnia?
2310 4400 2378 4457 Et
2405 4402 2665 4456 continue
2697 4410 2881 4456 autem
2922 4400 3143 4456 videtur
3170 4398 3321 4470 loqui
3367 4408 3645 4468 tanquam

371 4490 486 4562 ἔχει
516 4492 577 4546 τὸ
602 4491 696 4546 τὸν
731 4489 880 4546 οἷκον
907 4493 1096 4546 Meus
1128 4496 1223 4546 καὶ
1249 4495 1350 4564 τὴν
1379 4491 1632 4562 νηστείαν
1660 4493 1756 4546 τοῦ
1804 4497 1946 4568 Σαῤ-

2049 4493 2373 4559 somniator,
2402 4503 2458 4547 et
2488 4493 2723 4548 maxime
2753 4491 2900 4546 circa
2934 4491 3094 4546 linem
3123 4493 3272 4555 libri,
3308 4492 3399 4546 ubi
3436 4493 3627 4546 viden-

374 4577 714 4652 ῥικηνισμοῦ
747 4581 916 4651 μηνὸς
955 4581 1448 4648 ποιεῑνκγινώσκειν
1484 4584 1657 4636 αίτιον
1688 4584 1944 4649 γενέσθαι

370 4670 469 4725 τοῦ
502 4672 700 4727 ειδέναι
730 4671 824 4726 τὸν
864 4672 1000 4725 Θεὸν
1030 4675 1206 4726 πάντα
1237 4672 1532 4739 γινώσκειν
1557 4692 1572 4740 ;
1603 4672 1853 4742 Συνεχῶς
1887 4674 1945 4725 δὲ

370 4764 517 4818 δοκεῖ
543 4764 889 4831 διαλέγεσθαι
919 4764 1106 4834 ῶσπερ
1136 4765 1543 4829 ὲνυπνιασθεὶς,
1580 4766 1674 4818 καὶ
1701 4766 1942 4833 μάλιστα

372 4858 502 4925 περὶ
537 4858 598 4909 τὸ
631 4857 784 4920 τέλος
827 4854 924 4909 τοῦ
954 4855 1185 4924 βιϐλίου,
1215 4857 1352 4910 ὅπου
1389 4857 1543 4910 δοκεῖ
1583 4859 1715 4922 τοὺς
1753 4859 1948 4928 λόγους

373 4949 678 5005 ἐπιλείπειν
706 4947 897 5020 αὐτῷ·
927 4946 1120 5017 ὥσπερ
1165 4950 1226 5002 εν
1269 4949 1348 5020 τῷ
1393 4949 1679 5019 κεφαλαίῳ
1712 4949 1792 5019 τῷ
1828 4949 1949 5005 Ἐλ-

372 5041 638 5113 καφερὶμ,
666 5039 697 5094 6
719 5041 1078 5113 ἑρμηνεύεται
1107 5040 1413 5108 αίρετικοί,
1432 5043 1567 5111 φησὶ
1596 5041 1737 5095 κατὰ
1759 5043 1908 5109 λέξιν
1927 5057 1944 5074 ο

370 5131 442 5190 Ὦ
475 5135 812 5206 βλάσφημοι,
852 5133 916 5186 οὐ
961 5132 1279 5204 προσκυνῶ,
1317 5132 1346 5184 6
1402 5137 1786 5202 προσκυνεῖτε,
1827 5134 1946 5189 οὗθ’

370 5229 529 5298 ὑμεῖς
585 5226 969 5290 προσκυνεῖτε,
991 5225 1021 5278 6
1055 5223 1374 5295 προσκυνῶ.
1416 5225 1576 5294 Ὑμίν
1611 5227 1642 5279 6
1681 5226 1946 5298 ὑμέτερος

371 5323 554 5393 νόμος,
588 5323 682 5373 καὶ
715 5320 842 5387 ἐμοὶ
871 5319 900 5372 6
925 5319 1090 5387 νόμος
1129 5317 1157 5370 6
1185 5317 1340 5387 ἐμός.
1372 5315 1538 5370 ’Δλλὰ
1577 5319 1687 5382 πᾶς
1733 5319 1945 5388 αἱρετι-

369 5413 466 5475 κὸς
520 5411 679 5467 τοῦτο
725 5411 946 5466 δύναται
990 5409 1192 5477 λέγειν,
1227 5407 1316 5461 ἴνα
1372 5407 1641 5478 διακόπτῃ
1677 5408 1778 5478 τὴν
1810 5407 1947 5481 ὕλην

369 5504 471 5573 τὴν
506 5504 636 5574 περὶ
678 5503 781 5573 τῆς
821 5499 1106 5571 ζητήσεως
1152 5498 1252 5569 τῆς
1305 5497 1584 5569 ἀληθείας.
1647 5498 1789 5554 Ἀλλ’
1825 5500 1948 5554 οὐδὲ

376 5593 663 5669 μέμνημαί
693 5612 828 5650 ποτε
880 5595 972 5648 διὰ
1027 5592 1230 5653 παντὸς
1277 5590 1374 5645 τοῦ
1407 5591 1614 5662 βιϐλίου
1669 5592 1731 5644 ἓν
1787 5595 1948 5662 μόνον

374 5690 715 5762 δπιχείρημα
760 5687 946 5760 εὑρὼν
969 5687 1095 5743 κατ’
1119 5684 1342 5741 εὐθεῖαν
1385 5685 1645 5740 ὑπόθεσιν
1679 5687 1773 5741 καὶ
1817 5686 1951 5757 πρέ-

379 5801 590 5841 unus”
645 5780 819 5850 τάξιν.
883 5781 950 5838 Ίι
994 5780 1052 5834 δὲ
1111 5778 1220 5850 τῶν
1273 5779 1556 5854 ὀνομάτων
1613 5781 1770 5849 τάξις
1832 5783 1952 5838 ἐκεῖ

2057 4594 2146 4639 tur
2190 4584 2244 4638 ei
2289 4582 2455 4639 verba
2487 4581 2742 4636 deﬁcere.
2781 4579 2936 4634 Sicut
2963 4580 3022 4634 in
3072 4580 3308 4648 capitulo
3357 4579 3626 4648 Elcnpbeo

2056 4693 2176 4734 rum
2229 4676 2376 4746 quod
2418 4676 2810 4744 interpretatur
2857 4674 3112 4739 heretici,
3157 4673 3408 4727 dicit‘de
3459 4671 3625 4725 verbo

2055 4770 2121 4823 ad
2170 4769 2442 4823 verbum:
2477 4767 2521 4823 Ο
2555 4765 2942 4830 exsecrabiles,
2995 4780 3103 4820 non
3139 4763 3310 4819 adoro
3341 4761 3488 4833 quod
3529 4778 3630 4817 vos

2055 4861 2316 4928 adoratis,
2341 4874 2518 4930 neque
2543 4875 2638 4917 vos
2662 4857 2902 4913 adoratis
2931 4857 3077 4927 quod
3103 4873 3207 4931 ego
3233 4857 3436 4921 adoro;
3471 4854 3628 4912 vobis

2054 4963 2242 5012 vestra
2273 4954 2385 5018 lex,
2421 4961 2480 5007 et
2505 4952 2640 5009 mihi
2671 4967 2788 5006 mea
2815 4952 2925 5008 lex.
2948 4948 3055 5005 Sed
3081 4951 3311 5019 quilibet
3337 4951 3627 5006 haereticus

2054 5054 2236 5117 potest
2275 5045 2380 5099 hoc
2407 5045 2612 5110 dicere,
2647 5052 2705 5098 ut
2735 5041 3028 5098 intercidat
3066 5043 3354 5097 materiam
3395 5059 3517 5112 qua:
3543 5056 3626 5097 est

2054 5137 2124 5193 de
2165 5135 2525 5207 inquisitione
2555 5135 2824 5190 veritatis.
2859 5134 2926 5188 Et
2968 5149 3147 5204 neque
3185 5136 3508 5189 reminiscor
3536 5148 3625 5188 me

2055 5231 2331 5287 invenisse
2371 5230 2425 5284 in
2457 5237 2572 5285 toto
2604 5229 2748 5284 libro
2777 5242 2941 5285 unam
2984 5229 3156 5284 solam
3198 5227 3624 5298 argumentatio-

2054 5341 2179 5380 nem
2237 5339 2360 5395 quaz
2387 5321 2692 5378 secundum
2717 5329 2924 5376 rectam
2950 5321 3385 5391 suppositionem
3412 5329 3468 5373 et
3494 5307 3628 5373 con-

2055 5415 2366 5471 venientem
2390 5413 2640 5468 ordinem
2670 5410 2950 5480 procedat.
2970 5410 3266 5469 Nominum
3288 5418 3470 5466 autem
3490 5411 3627 5462 ordo

2056 5510 2166 5564 illic
2202 5508 2556 5578 grammatice
2595 5515 2651 5560 et
2704 5506 3012 5576 rhythmice
3055 5505 3298 5574 optimus
3337 5512 3440 5559 est.
3489 5504 3624 5558 Fere

2054 5602 2200 5658 enim
2230 5608 2377 5656 totus
2414 5599 2556 5654 liber
2582 5599 2842 5653 metricus
2874 5607 2930 5653 et
2958 5597 3299 5668 rhythmicus
3333 5607 3435 5653 est.
3472 5597 3627 5654 Unde

2052 5700 2110 5746 et
2138 5690 2293 5745 valde
2319 5688 2622 5760 gloriantur
2665 5687 2921 5743 Saraceni
2981 5689 3033 5741 in
3064 5688 3144 5746 sic
3177 5688 3411 5758 pulchro
3442 5697 3500 5742 et
3530 5704 3626 5744 or-

2056 5792 2185 5841 nato
2213 5783 2457 5839 Arabica
2482 5779 2778 5838 locutionis
2803 5781 2997 5850 modo;
3028 5789 3084 5837 et
3115 5797 3182 5838 ex
3216 5784 3303 5840 bis
3332 5797 3627 5856 argumen-
