4156 6300
493 287 630 359 1111

1735 291 2120 351 DEMETRH
2159 290 2473 358 CYDONII

3611 281 3750 350 1112

485 413 697 468 tantur,
732 417 925 459 verum
959 405 1284 474 prophetam
1317 404 1484 460 fuisse
1519 403 1911 459 Mabometutn.
1945 401 2061 457 Non

2178 402 2575 475 γραμματικῶς
2593 403 2687 457 καὶ
2705 400 3086 475 ἀριθμητικῶς
3105 399 3368 470 καλλίστη
3388 398 3527 453 ἐστί.
3551 398 3750 469 Σχεδὸν

485 497 633 550 enim
661 496 740 550 sic
763 506 954 550 ornate
975 497 1228 553 scivisset
1254 497 1404 568 loqui
1430 499 1594 552 homo
1616 495 1841 551 omnino
1871 496 2059 550 idiota.

487 586 594 641 Sed
627 586 771 640 sicut
803 587 1063 655 superius
1102 589 1278 642 visum
1321 599 1404 643 est
1454 591 1506 643 in
1554 599 1754 658 quarto
1799 587 2063 658 capitulo,

485 691 598 730 non
629 678 919 731 consuevit
947 677 1094 733 Deus
1127 677 1276 749 loqui
1310 681 1365 732 in
1396 679 1622 744 mundo,
1655 681 1737 734 vel
1778 693 1902 733 cum
1938 694 2069 748 pro-

488 768 692 834 phetis,
727 784 825 836 per
852 783 1048 823 versus
1086 770 1172 824 vel
1207 771 1518 841 rhythmos.
1551 758 1650 827 Sic
1689 772 1855 841 igitur
1899 770 2072 825 mani-

487 859 709 923 festum,
743 860 889 928 quod
934 862 1020 915 lex
1053 861 1169 916 haec
1214 879 1320 917 non
1361 874 1447 918 est
1473 880 1500 918 a
1536 865 1670 930 Deo,
1702 881 1825 934 quae
1857 864 2069 920 nullum

491 949 660 1005 liabet
693 951 940 1008 ordinem
996 952 1102 1008 nisi
1156 953 1332 1015 solum
1376 955 1747 1026 rltytbmicum
1787 967 1844 1012 et
1886 969 2072 1026 gram-

491 1041 776 1109 maticum,
802 1045 895 1113 qui
933 1044 1044 1099 Deo
1085 1059 1195 1099 non
1224 1030 1503 1117 congruit.

2173 495 2281 564 γὰρ
2312 496 2374 548 τὸ
2398 492 2605 564 βιϐλίον
2629 495 2769 557 ὅλον,
2803 495 2900 548 καὶ
2922 494 3196 564 ῥυθμικόν
3226 496 3396 547 ἐστιν.
3433 491 3602 546 Ὅθεν
3629 491 3750 545 λίαν

2175 585 2488 654 καυχῶνται
2539 587 2590 638 οἱ
2635 587 2983 658 Σαρῤακηνοὶ
3025 585 3112 654 ἐφ’
3151 585 3294 639 οὕτω
3341 585 3495 655 καλῷ
3531 585 3628 639 καί
3655 601 3753 638 κε-

2178 677 2515 747 κοσμημένῳ
2560 677 2861 748 Ἀραϐικῆς
2890 677 3184 743 διαλέξεως
3216 678 3404 746 τρόπῳ
3427 693 3440 708 ·
3475 677 3585 729 κάκ
3628 675 3758 728 τού-

2177 785 2287 822 των
2317 762 2690 837 ἐπιχειροῦσιν
2716 768 2890 838 ἀληθῆ
2918 770 3212 838 προφήτην
3241 765 3394 821 εῐνατ
3415 769 3506 820 τὸν
3533 763 3754 836 Malori-

2182 879 2304 933 μετ.
2342 861 2456 916 Οὐκ
2508 861 2594 932 ἂνΔ
2626 863 2736 933 γὰρ
2780 859 2924 916 οὕτω
2981 861 3225 929 κοσμίως
3278 860 3548 930 ἠπίστατο
3583 858 3761 911 διαλέ-

2179 955 2376 1024 γεσθαι
2439 953 2730 1026 ἄνθρωπος
2808 951 3092 1016 παντελῶς
3164 951 3406 1019 ἰδιώτης.
3467 949 3612 1004 Ἀλλ’
3672 947 3759 1010 ὡς

2177 1046 2438 1116 ἀνωτέρω
2461 1044 2800 1118 τεθεώρηται
2841 1046 2899 1098 εν
2938 1045 3020 1115 τῷ
3049 1043 3297 1114 τετάρτῳ
3322 1043 3627 1111 κεφαλαίῳ,
3653 1041 3760 1095 οὐκ

491 1135 685 1189 εἴωθεν
723 1137 749 1188 ό
795 1137 929 1201 Θεὸς
969 1139 1322 1208 διαλέγεσθαι
1368 1142 1448 1210 τῷ
1476 1143 1688 1214 κόσμῳ,
1721 1145 1755 1214 ἢ
1785 1146 1900 1208 τοῖς
1929 1143 2267 1214 προφήταις,
2325 1141 2394 1196 δι’
2443 1143 2593 1196 ὲπῶν
2662 1144 2696 1212 ἢ
2765 1141 3011 1213 ῥυθμῶν.
3078 1139 3237 1194 Οὕτω
3278 1141 3458 1194 τοίνυν
3500 1141 3759 1208 φανερὸν,

493 1228 575 1280 ὃτι
603 1231 631 1281 ό
667 1229 834 1298 νόμος
881 1224 1039 1296 οὗτος
1083 1233 1185 1286 οὐκ
1236 1234 1353 1288 ἐστι
1397 1237 1547 1307 παρά
1581 1236 1738 1311 Θεοῦ,
1790 1237 2067 1309 μηδεμίαν
2106 1238 2246 1307 ἔχων
2271 1235 2446 1302 τάξιν,
2469 1238 2517 1289 εί
2544 1235 2620 1307 μὴ
2681 1236 2841 1306 μόνον
2901 1234 3179 1305 ῥυθμικὴν
3207 1236 3301 1287 καὶ
3332 1231 3759 1302 γραμματικὴν,

493 1321 528 1388 ἢ
559 1321 640 1392 τῷ
663 1321 785 1392 Θεῷ
817 1325 915 1393 οὐχ
941 1325 1199 1395 ἁρμόζει.
1941 1359 1943 1361 ι

495 1411 611 1467 Χιι.
647 1411 801 1479 Quod
826 1415 910 1469 lea:
934 1415 1321 1474 Saracenorum
1344 1437 1445 1475 non
1471 1430 1547 1476 est
1571 1422 1702 1489 Dei;
1725 1423 1906 1497 iniqua
1937 1424 2075 1477 enim

1237 1499 1332 1544 est.

509 1636 511 1639 ι
567 1572 907 1630 Duodecimo
938 1588 1156 1646 oportet
1199 1580 1574 1646 considerare,
1629 1583 1777 1652 quod
1819 1584 1906 1639 lex
1959 1584 2076 1638 haec

494 1677 605 1716 non
636 1672 718 1719 est
741 1681 772 1719 a
803 1666 937 1722 Deo.
970 1669 1117 1723 Deus
1150 1670 1298 1724 enim
1328 1682 1412 1726 est
1443 1688 1656 1729 summe
1685 1674 1904 1731 bonus:
1931 1677 2076 1746 opti-

2255 1419 2354 1473 IB'.
2385 1417 2518 1471 Ὀτι
2539 1417 2573 1470 ό
2603 1418 2789 1485 νόμος
2810 1410 2992 1484 οὗτος
3020 1415 3134 1471 οὐκ
3162 1414 3298 1469 ἐστι
3325 1413 3484 1484 παρὰ
3511 1412 3685 1470 Θεοῦ.

2254 1573 2570 1629 Δωδέκατον
2589 1571 2669 1624 δεῖ
2693 1571 2941 1641 θεωρεῖν,
2966 1571 3050 1625 ὅτι
3082 1571 3112 1624 ό
3145 1572 3313 1642 νόμος
3333 1563 3492 1635 οὗτος
3519 1572 3618 1626 οὒκ
3640 1571 3762 1625 εστι

2184 1663 2333 1735 παρά
2367 1659 2527 1715 Θεοῦ.
2569 1661 2627 1712 '0
2656 1661 2763 1730 γὰρ
2791 1660 2925 1723 Θεὸς
2971 1661 3160 1732 ἄκρως
3207 1663 3358 1714 ἐστὶν
3397 1661 3637 1730 ἀγαθός’
3660 1657 3759 1716 τοῦ

495 1754 569 1807 mi
599 1764 780 1810 autem
811 1769 894 1812 est
938 1759 1142 1829 optima
1173 1761 1374 1827 facere,
1403 1765 1702 1824 secundum
1731 1741 2072 1837 Dionysium.

2178 1757 2232 1810 δὲ
2255 1756 2477 1826 ἀρίστου
2512 1754 2661 1806 ἐστὶν
2692 1754 2891 1822 ἄριστα
2924 1757 3121 1816 ποιεῖν.
3151 1754 3294 1808 κατά
3329 1753 3423 1808 τὸν
3457 1754 3760 1810 Διονύσιον.

496 1843 653 1911 Quod
683 1858 864 1903 autem
896 1850 981 1904 lex
1018 1851 1275 1907 Alcorani
1310 1854 1492 1925 iniqua
1526 1865 1630 1914 est.
1661 1872 1727 1911 ex
1754 1848 1878 1928 ipso
1907 1859 2073 1914 Aleo-

503 1952 636 1991 iano
682 1940 1035 1996 manifestum
1066 1952 1166 1997 est.
1203 1943 1412 2000 Dicitur
1435 1946 1580 2001 enim
1630 1948 1681 2002 in
1715 1950 1955 2019 capitulo
1981 1951 2076 2007 El-

498 2029 671 2097 capb,
717 2040 774 2086 et
817 2032 873 2086 in
919 2034 1158 2104 capitulo
1216 2036 1440 2105 Elgem,
1487 2039 1631 2108 quod
1681 2041 2078 2112 interpretatur

497 2122 780 2183 drcmones.
823 2125 969 2194 quod
1013 2128 1194 2196 ipsum
1238 2130 1567 2187 Alcoranutn
1603 2133 1783 2202 placet
1813 2136 2078 2190 daemoni-

499 2212 623 2277 bus,
657 2223 712 2267 et
739 2213 793 2268 in
819 2216 1012 2272 eodem
1045 2217 1419 2286 delectantur;
1454 2223 1729 2279 daunones
1758 2234 1938 2280 autent
1974 2226 2080 2282 ini-

496 2305 593 2372 qui
623 2316 755 2362 sunt
781 2316 838 2362 et
854 2311 1106 2378 perversi
1143 2312 1447 2368 secundum
1479 2315 1840 2379 voluntatem,
1873 2318 2078 2388 quibus

498 2405 695 2465 praeter
725 2399 973 2471 iniquum
1008 2403 1156 2458 aliud
1196 2403 1372 2472 placet
1401 2406 1571 2472 nihil;
1604 2408 1940 2463 Alcoranum
1975 2410 2077 2481 igi-

498 2501 589 2542 tur
617 2489 819 2544 malum
861 2501 967 2547 est.
993 2492 1126 2549 item
1166 2495 1496 2551 Alcoranum
1527 2513 1692 2554 causa
1722 2511 1807 2555 est
1834 2501 2076 2555 omnium

498 2582 792 2648 malorum,
827 2585 971 2641 sicut
1005 2586 1192 2652 credis,
1231 2591 1456 2658 rapinae,
1499 2591 1746 2661 perjurii,
1775 2601 1831 2646 et
1881 2593 2076 2664 hujus-

497 2674 666 2738 modi,
706 2691 830 2744 qua:
877 2693 985 2730 non
1027 2678 1203 2733 solum
1265 2681 1532 2749 permittit
1574 2683 1930 2749 Alcoraunm.
1979 2685 2075 2740 sed

495 2764 662 2819 etiam
705 2767 928 2823 mandat
972 2769 1140 2841 (sicut
1176 2773 1431 2841 superius
1453 2773 1800 2828 manifestum
1839 2773 1986 2844 fuit),
2019 2782 2079 2830 et

496 2857 737 2912 maxime
764 2861 964 2915 caedes.
995 2860 1113 2916 Non
1141 2862 1418 2918 suﬁiciens
1446 2875 1629 2919 autem
1659 2866 1943 2939 excusatio
1968 2874 2074 2933 est,

481 2949 760 3006 'tnandare
826 2952 1074 3010 inﬁdeles
1143 2954 1407 3022 interimi,
1470 2957 1569 3013 sed
1616 2974 1798 3028 neque
1860 2959 2072 3016 ﬁdeles.

497 3041 643 3098 Dicit
669 3043 818 3100 enim
848 3045 1178 3114 indubitate,
1204 3049 1350 3120 quod
1384 3050 1560 3108 ﬁdelis
1593 3067 1702 3108 non
1739 3052 1908 3108 debet
1937 3054 2078 3108 inte-

501 3139 708 3197 rimere
747 3141 1003 3199 ﬁdelem:
1037 3145 1186 3214 ipsos
1215 3158 1402 3202 autem
1437 3147 1685 3202 inﬁdeles
1726 3149 1948 3203 mandat
1994 3147 2080 3204 in-

499 3233 786 3298 teritnere,
836 3234 940 3289 nisi
1006 3236 1216 3291 tributa
1277 3239 1514 3294 solvant.
1563 3237 1856 3294 Tributum
1911 3237 2079 3310 igitur

495 3323 710 3379 solvere
755 3325 1034 3382 suﬁiciens
1076 3340 1240 3381 causa
1270 3338 1354 3383 est
1387 3327 1762 3396 interimendi,
1809 3331 1897 3386 vel
1942 3346 2077 3387 non.

496 3414 684 3480 Quare
731 3431 864 3483 non,
898 3417 953 3471 in
978 3427 1245 3486 quantum
1301 3421 1551 3478 inﬁdeles
1606 3432 1755 3488 sunt,
1801 3432 1891 3479 est
1933 3422 2082 3480 tale?

496 3503 654 3569 Item,
685 3507 828 3562 sicut
856 3507 909 3562 in
939 3510 1194 3579 pluribus
1232 3511 1369 3567 locis
1400 3514 1655 3568 Alcorani
1680 3514 1913 3572 dicitur:
1942 3514 2078 3571 Nul-

498 3597 613 3652 lunt
655 3609 739 3654 est
768 3601 946 3672 majus
991 3602 1217 3670 malum,
1260 3621 1422 3675 quam
1453 3608 1566 3663 Deo
1613 3609 1960 3665 mendacium
1989 3612 2078 3667 in-

491 3689 740 3762 jungere.
777 3695 1106 3751 Aleoranum
1134 3707 1319 3754 autem
1355 3702 1524 3754 multa
1557 3710 1615 3756 et
1654 3703 1760 3758 alia
1792 3704 2076 3760 mendacia

499 3777 758 3852 iujungit,
796 3797 1164 3857 pra-terquam
1211 3804 1331 3859 qua!
1376 3790 1522 3845 dicta
1554 3805 1684 3847 sunt
1716 3794 1974 3862 superius
2020 3795 2078 3851 in

498 3885 646 3926 nono
679 3876 939 3944 eapitulo,
974 3878 1042 3933 de
1077 3882 1377 3936 mendaciis
1408 3899 1530 3953 quae
1570 3885 1623 3938 in
1661 3886 1765 3941 hoc
1793 3886 2081 3943 continen-

499 3970 610 4030 tur,
641 3980 763 4034 qua:
789 3969 972 4023 omnia
1000 3970 1052 4023 in
1089 3970 1260 4025 Deum
1290 3973 1540 4028 reﬂectit.
1563 3974 1862 4030 Possumus
1894 3983 2078 4032 autem

496 4067 556 4110 et
587 4056 690 4110 alia
719 4059 874 4126 plura
903 4063 1216 4118 ostendere.
1249 4062 1305 4116 ιιι
1337 4066 1578 4134 capitulo
1604 4068 1750 4122 enim
1784 4067 2080 4138 Elcmpha-

499 4149 576 4210 al,
600 4151 744 4217 quod
773 4151 1169 4221 interpretatur
1200 4157 1371 4219 lucra,
1403 4159 1559 4222 dicit,
1589 4159 1735 4230 quod
1768 4171 1898 4215 sunt
1936 4177 2084 4231 quate

2179 1844 2302 1901 Ὅτι
2328 1847 2382 1899 δὲ
2417 1847 2444 1900 ὁ
2472 1845 2636 1915 νόμος
2668 1844 2764 1896 τοῦ
2811 1845 3140 1917 Ἀλκορὰνου
3195 1847 3437 1916 πονηρός
3490 1848 3660 1909 ἐστιν,
3696 1845 3760 1910 ἐξ

2176 1938 2343 1994 αὐτοῦ
2371 1939 2468 1992 τοῦ
2514 1939 2844 2009 ’Δλκοράνου
2890 1939 3147 2009 φανερόν.
3180 1937 3416 2010 Λέγεται
3445 1939 3559 2011 γὰρ
3589 1941 3649 1992 ιν
3675 1937 3760 2010 τῷ

2178 2032 2461 2103 κεφαλαίῳ
2488 2031 2564 2101 τῷ
2611 2033 2838 2101 Ἐλκάφ,
2871 2033 2968 2085 καὶ
2996 2033 3055 2085 ἐν
3089 2032 3167 2102 τῷ
3193 2032 3481 2102 κεφαλαίῳ
3527 2033 3758 2102 Ἐλγὲμ.

2175 2126 2206 2181 δ
2243 2125 2614 2198 ἑρμηνεύεται
2668 2110 2974 2194 δαίμονεέυ,
3023 2127 3106 2179 ὅτι
3151 2125 3286 2179 αὐτὸ
3310 2124 3373 2178 τὸ
3430 2123 3761 2198 ’Λλκοράνον

2177 2219 2407 2292 ἀρέσκει
2445 2219 2560 2282 τοῖς
2612 2217 2857 2285 δαίμοσι,
2885 2218 2980 2271 καὶ
3025 2218 3312 2287 χαίρουσιν
3351 2217 3523 2289 αὐτῷ.
3554 2217 3617 2271 Oi
3643 2217 3763 2272 δαί-

2179 2327 2344 2380 μονες
2394 2309 2622 2381 πονηροί
2675 2310 2784 2362 είσι
2837 2311 2930 2362 καὶ
2979 2308 3414 2378 διεστραμμένοι
3461 2308 3606 2364 κατά
3656 2309 3761 2379 τὴν

2177 2401 2418 2473 θέλησιν,
2454 2394 2704 2471 οἷςπλὴν
2736 2399 2832 2453 τοῦ
2871 2401 3111 2472 πονηροῦ
3169 2400 3323 2455 οὐδὲν
3378 2401 3567 2472 ἕτερον
3627 2401 3759 2470 ἀρέ-

2179 2509 2344 2547 σκειο
2408 2493 2471 2545 τὸ
2535 2493 2864 2562 Ἀλκοράνον
2917 2494 3026 2563 ἄρα
3082 2492 3256 2547 κακόν
3303 2495 3476 2548 ἐστιν.
3524 2493 3647 2546 Ἔτι
3697 2493 3759 2546 τὸ

2188 2587 2518 2659 Ἀλκοράνον
2564 2583 2740 2640 αἴτιόν
2787 2588 2903 2639 ἐστι
2954 2586 3177 2639 πάντων
3230 2586 3338 2640 τῶν
3377 2585 3566 2640 κακῶν
3591 2602 3608 2618 ο
3643 2579 3758 2640 οἷον

2178 2684 2376 2752 φόνων,
2417 2679 2700 2752 ἁρπαγῆς,
2734 2678 3046 2749 ἐπιορκίας,
3091 2677 3190 2732 καὶ
3235 2678 3346 2731 τῶν
3390 2675 3688 2733 τοιούτων·
3721 2677 3759 2732 ἀ

2175 2777 2242 2846 δὴ
2293 2774 2355 2830 οὐ
2408 2765 2570 2845 μόνον
2623 2775 2902 2843 συγχωρεῖ
2955 2771 3018 2824 τὸ
3079 2771 3430 2842 ’Δλκοράνον,
3471 2769 3609 2826 ἀλλά
3662 2772 3758 2826 καὶ

2177 2867 2533 2940 προστάσσει,
2560 2866 2636 2931 ῶς
2668 2865 2929 2933 ἀνωτέρω
2960 2865 3155 2933 γέγονε
3181 2863 3367 2936 δῆλον,
3389 2863 3490 2918 καὶ
3519 2864 3757 2934 μάλιστα

2177 2961 2392 3031 φόνους.
2433 2957 2546 3028 Οὐχ
2605 2956 2771 3028 ἱκανὴ
2822 2957 2882 3010 δὲ
2916 2951 3253 3027 παραίτησις
3288 2956 3351 3009 τὸ
3379 2957 3751 3024 προστάσσειν

2175 3055 2303 3116 τοὺς
2327 3049 2591 3113 ἀπίστους
2619 3046 3038 3114 ἀποκτιννύναι,
3066 3048 3206 3102 ἀλλά
3235 3048 3311 3120 μὴ
3341 3047 3473 3113 τοὺς
3501 3049 3756 3114 πιστούς.

2176 3147 2313 3216 Φησὶ
2351 3146 2461 3214 γὰρ
2494 3141 2903 3212 ἀναμφιϐόλως,
2952 3142 3036 3195 ὅτι
3080 3142 3110 3196 ὁ
3162 3141 3358 3205 πιστὸς
3401 3142 3500 3196 οὐκ
3547 3143 3759 3212 ὀφείλει

2176 3235 2570 3290 ἀποκτιννύναι
2629 3235 2861 3301 πιστὸν,
2915 3234 3115 3297 αὐτοὺς
3175 3233 3234 3287 δὲ
3299 3233 3427 3297 τοὺς
3488 3233 3759 3299 ἀπίστους

2179 3326 2525 3383 ἀποκτείνειν
2573 3326 2903 3387 ἐντέλλεται,
2946 3325 2997 3377 εί
3055 3325 3130 3397 μὴ
3174 3324 3375 3394 φόρους
3424 3326 3651 3382 τελοῖεν.
3683 3327 3758 3379 Τὸ

2177 3419 2290 3491 ἄρα
2338 3418 2538 3491 φόρους
2581 3417 2758 3471 τελεῖν
2818 3413 2981 3488 ἱκανή
3032 3417 3182 3470 ἐστιν
3237 3418 3388 3471 αίτία
3436 3416 3532 3472 τοῦ
3578 3419 3611 3489 ἢ
3657 3434 3757 3487 φο-

2178 3513 2452 3576 νεύεσθαι,
2484 3510 2518 3582 ἢ
2565 3510 2666 3582 μή.
2690 3501 2855 3574 Ὥστε
2897 3509 2958 3562 οὗ
2993 3509 3130 3564 καθὸ
3171 3510 3433 3574 ἀπίστους
3477 3509 3540 3564 τὸ
3577 3510 3759 3564 τοιοῦ-

2176 3619 2304 3673 τον;
2348 3605 2471 3658 Ἔτι
2501 3602 2684 3666 καθὼς
2716 3602 2772 3655 ὲν
2807 3601 3014 3655 πλείοσι
3050 3603 3239 3667 τόποις
3280 3601 3377 3656 τοῦ
3428 3603 3755 3674 ’Λλκοράνου

2178 3700 2417 3769 λέγεται,
2443 3698 2610 3752 Οὐδέν
2640 3697 2759 3769 ἐστι
2798 3695 2981 3765 μεῖζον
3009 3696 3202 3764 κακὸν,
3223 3695 3262 3767 ἦ
3293 3695 3371 3766 τῷ
3401 3694 3521 3766 Θεῷ
3559 3695 3754 3766 ψεῦδος

2178 3768 2498 3847 ἐπιτιθέναι.
2527 3789 2601 3844 Τὸ
2629 3768 2699 3844 δῖ
2722 3788 3046 3856 Ἀλκοράνον
3087 3788 3256 3841 πολλὰ
3295 3786 3550 3842 καὶᾶλλα
3579 3787 3752 3859 ψεύδη

2179 3884 2454 3954 ἐπιτίθησι
2501 3883 2581 3954 τῷ
2614 3880 2733 3951 Θεῷ
2784 3881 2940 3952 παρὰ
2977 3880 3048 3934 τὰ
3078 3879 3355 3951 ἀνώτερον
3400 3879 3671 3953 εἰρημένα
3698 3884 3757 3936 ἐν

2179 3979 2258 4050 τῷ
2297 3978 2511 4049 ὲννάτῳ,
2531 3974 2811 4046 κεφαλαίῳ
2859 3975 2989 4052 περὶ
3034 3974 3144 4028 τῶν
3176 3975 3238 4028 ὲν
3276 3981 3455 4045 τούτῳ
3503 3993 3760 4046 περιεχο-

2185 4071 2365 4142 μένων
2389 4069 2624 4138 ψευδῶν,
2648 4066 2684 4122 ἃ
2710 4066 2889 4120 πάντα
2921 4067 3001 4129 εἰς
3031 4066 3124 4119 τὸν
3143 4065 3277 4120 Θεὸν
3300 4065 3755 4136 ὲπανακάμπτει,

2183 4164 2231 4216 εί
2275 4163 2338 4216 τὸ
2376 4159 2703 4232 ’Δλκοράνον
2745 4156 2838 4229 (ὥς
2889 4154 3044 4228 φασι)
3094 4157 3258 4227 νόμος
3311 4157 3430 4211 ἐστὶ
3472 4157 3631 4213 Θεοῦ.
3660 4159 3760 4211 Δυο

498 4241 622 4294 dam
660 4241 753 4294 Dei
813 4252 869 4296 et
917 4247 1149 4313 apostoli
1195 4247 1372 4316 lucra,
1414 4259 1471 4304 et
1506 4249 1641 4305 dent
1672 4253 1784 4307 Deo
1831 4254 2076 4322 quintam

2182 4256 2394 4326 νάμεθα
2447 4255 2506 4309 δὲ
2549 4255 2643 4308 καὶ
2682 4253 2818 4306 ἄλλα
2871 4252 3046 4306 πλείω
3077 4251 3373 4305 δεικνύναι.
3421 4251 3512 4305 Ἐν
3541 4250 3652 4321 γὰρ
3680 4251 3759 4320 τῷ

507 4340 712 4399 partem
737 4347 803 4387 ex
838 4334 1042 4402 quibus
1069 4336 1377 4393 lucrantur.
1405 4339 1512 4395 Sed
1531 4341 1798 4411 numquid
1825 4340 1972 4398 Deus
1995 4352 2076 4398 est

2183 4348 2466 4418 κεφαλαίῳ
2513 4345 2593 4416 τῷ
2655 4345 2994 4416 Ἐλεμφαάλ,
3047 4343 3077 4398 ὃ
3127 4344 3497 4414 ἑρμηνεύεται
3550 4344 3755 4413 κέρδη,

503 4426 584 4477 sic
613 4423 837 4494 iniquus
869 4436 928 4482 ιιι
951 4430 1236 4499 permittat
1264 4433 1533 4503 rapinam,
1559 4442 1618 4487 ut
1649 4433 1802 4490 illinc
1829 4435 2076 4506 quintam

2184 4441 2371 4510 φησὶν,
2397 4440 2480 4493 ὅτι
2528 4439 2635 4492 είσί
2679 4455 2802 4492 τινα
2849 4437 2943 4491 τοῦ
2988 4433 3125 4490 Θεοῦ
3174 4438 3270 4490 καὶ
3311 4435 3406 4497 τοῦ
3453 4437 3754 4490 ἀποστόλου

499 4519 683 4585 capiat
709 4519 964 4587 partem?
992 4521 1075 4574 vel
1107 4522 1188 4578 sic
1220 4538 1427 4593 pauper
1457 4525 1622 4591 Deus,
1654 4537 1714 4581 ut
1742 4542 1853 4582 non
1883 4527 2086 4584 habeat

502 4609 648 4663 unde
681 4610 888 4664 nutriat
918 4626 1188 4681 pauperes
1231 4614 1352 4683 ejus
1384 4623 1437 4667 et
1467 4616 1660 4670 viduas
1705 4626 1761 4671 et
1802 4619 2081 4689 orphanos

497 4713 556 4757 ct
593 4706 936 4775 peregrinos,
966 4705 1035 4760 de
1062 4705 1266 4774 quibus
1294 4707 1403 4762 illic
1433 4709 1700 4777 loquitur,
1731 4712 1837 4766 nisi
1863 4713 2085 4781 permit-

500 4808 579 4853 tat
622 4800 913 4869 rapinam?
943 4799 1124 4868 Quare
1172 4812 1233 4857 ut
1279 4803 1433 4858 illinc
1476 4805 1745 4868 lucretur.
1787 4815 1935 4861 certe
1965 4807 2081 4877 jam

497 4891 629 4948 facit
653 4892 992 4949 Maltometus
1022 4895 1195 4949 Deum
1221 4907 1532 4951 consortem
1561 4898 1667 4952 sibi
1702 4899 1756 4953 in
1790 4901 1954 4966 malo,
1988 4902 2080 4970 qui

501 5001 609 5038 non
644 4995 825 5054 potest
865 4986 1069 5041 habere
1106 4997 1431 5042 consortem
1459 4989 1513 5043 in
1555 4989 1720 5045 bono.
1761 4991 1918 5058 Item,
1975 4993 2080 5048 etsi

500 5078 802 5149 aliquando
833 5081 1164 5134 Alcoranum
1201 5083 1492 5151 prohibeat
1528 5084 1776 5154 rapinam
1809 5095 1865 5140 et
1896 5087 2082 5158 perju-

433 5217 436 5219 Α
499 5170 642 5225 rium
671 5179 728 5224 et
760 5169 866 5225 alia
923 5171 1171 5239 quaedam
1205 5174 1369 5239 mala,
1402 5181 1582 5228 tamen
1616 5165 1740 5229 haec
1779 5177 2079 5245 prohibitio

498 5265 786 5334 permissio
822 5264 1070 5334 quaedam
1118 5266 1302 5332 potius
1345 5277 1452 5319 est.
1480 5266 1622 5320 Dicit
1664 5262 1812 5321 enim
1841 5289 1853 5322 :
1882 5268 1963 5324 Ne
1999 5269 2082 5324 fa-

495 5358 656 5413 ciatis
702 5357 866 5421 mala,
912 5372 1021 5410 non
1070 5357 1216 5410 enim
1261 5357 1478 5426 placent
1538 5358 1667 5413 Deo.
1725 5359 1826 5414 Sin
1891 5371 2076 5415 autem

495 5448 719 5511 feceris,
750 5447 869 5517 ipse
899 5455 983 5502 est
1025 5447 1340 5502 misericors
1389 5456 1446 5503 et
1488 5449 1799 5516 miserator,
1828 5460 1885 5504 et
1915 5450 2078 5507 facile

494 5540 653 5594 vobis
685 5547 891 5610 parcet.
924 5539 999 5593 De
1033 5539 1220 5607 rapina
1255 5547 1440 5593 autem
1472 5538 1611 5593 nihil
1645 5553 1888 5608 unquam
1921 5556 2076 5594 man-

494 5633 641 5687 davit
672 5644 730 5685 ut
778 5634 1121 5696 restituatur,
1154 5646 1332 5700 neque
1361 5632 1524 5685 talem
1569 5631 1671 5700 ipsi
1718 5632 2079 5686 consuetudi-

497 5741 622 5782 nem
645 5712 870 5792 habent,
896 5727 990 5782 sed
1024 5723 1224 5782 suﬁicit
1257 5723 1312 5779 in
1341 5723 1447 5779 ﬁne
1481 5723 1816 5780 Saracenum
1843 5723 2028 5780 dicere
2053 5741 2070 5780 :

2181 4529 2368 4600 κέρδη,
2393 4527 2489 4582 καὶ
2519 4528 2766 4582 δότωσαν
2810 4526 2888 4597 τῷ
2927 4526 3048 4597 Θεῷ
3073 4527 3136 4579 τὸ
3181 4527 3434 4597 πέμπτον
3479 4528 3647 4599 μέρος
3695 4527 3755 4594 ἐξ

2178 4612 2254 4674 ὧν
2301 4618 2699 4690 κερδαίνουσιν.
2739 4618 2896 4673 Ἀλλὰ
2943 4621 3158 4690 μήποτε
3203 4622 3232 4674 ό
3272 4619 3405 4682 Θεὸς
3432 4619 3607 4684 οὕτως
3636 4621 3754 4674 εστὶ

2179 4711 2440 4781 πονηρὸς,
2471 4711 2615 4764 ῶστε
2664 4713 2969 4781 συγχωρεῖν
3010 4710 3290 4782 ἁρπαγὴν,
3329 4711 3396 4764 ἵν’
3437 4713 3654 4766 ὲκείθεν
3694 4713 3755 4766 τὸ

2181 4803 2432 4871 πέμπτον
2465 4801 2618 4857 λάϐοι
2655 4804 2856 4873 μέροςς
2897 4800 2930 4872 ἢ
2969 4801 3112 4870 οὔτω
3152 4803 3326 4872 πένης
3358 4802 3386 4854 ό
3417 4801 3576 4868 Θεὸς,
3612 4802 3755 4857 ὥστε

2181 4895 2260 4967 μὴ
2289 4895 2430 4966 ἔχειν
2461 4897 2583 4948 ὅθεν
2610 4875 2698 4948 ’ἂν
2742 4894 2917 4966 θρέψῃ
2953 4895 3081 4958 τοὺς
3126 4898 3377 4967 πτωχοὺς
3405 4894 3592 4974 αὐτοῦ,
3627 4914 3752 4950 του-

2178 4991 2325 5042 τέστι
2351 4990 2450 5052 τὰς
2479 4989 2653 5058 χήρας
2685 4989 2779 5041 καὶ
2811 4991 2939 5052 τοὺς
2969 4989 3242 5058 ὀρφανοὺς
3275 4990 3368 5042 καὶ
3402 4991 3528 5051 τοὺς
3557 4988 3752 5060 παροί-

2179 5097 2331 5142 κους,
2362 5081 2490 5150 mp".
2515 5072 2591 5134 ὧν
2624 5081 2742 5132 ἐκεῖ
2784 5079 3116 5148 διαλέγεται,
3145 5079 3197 5131 εί
3251 5077 3328 5149 μὴ
3374 5079 3752 5149 συγχωρήσειε

2176 5173 2277 5243 τὴν
2319 5175 2613 5243 ἁρπαγήν;
2643 5170 2801 5224 Ὠστ’
2853 5172 3066 5224 ἐκεῖθεν
3096 5170 3425 5241 κερδαίνειν,
3460 5169 3678 5241 ἀληθῶς
3725 5172 3753 5224 ό

2176 5264 2422 5334 Μωάμεθ
2474 5264 2730 5317 κοινωνὸν
2787 5261 2968 5334 ἑαυτῷ
3025 5264 3172 5314 ποιεί
3231 5261 3323 5314 τὸν
3378 5260 3516 5315 Θεὸν
3566 5265 3629 5316 ὲν
3675 5261 3751 5332 τῷ

2177 5355 2422 5426 πονηρῷ,
2457 5356 2517 5409 ὃν
2549 5372 2682 5424 φησι
2715 5354 2791 5424 μὴ
2817 5353 3079 5407 δύνασθαι
3119 5355 3266 5424 ἔχειν
3304 5355 3562 5408 κοινωνὸν
3589 5355 3650 5406 ἐν
3675 5352 3751 5424 τῷ

2176 5448 2384 5518 ἀγαθῷ.
2410 5448 2532 5501 Ἔτι
2557 5450 2604 5502 εί
2622 5454 2719 5500 καὶ
2747 5446 2920 5500 ἐνίοτε
2953 5444 3014 5498 τὸ
3049 5445 3382 5519 ξΔλκορὰνον
3424 5445 3623 5500 κωλύει
3653 5449 3749 5518 τὴν

2176 5539 2436 5610 ἁρπαγὴν
2491 5540 2587 5593 καὶ
2630 5538 2729 5608 τὴν
2765 5539 3051 5606 ἐπιορκίαν
3116 5539 3210 5590 καὶ
3265 5535 3404 5591 ἄλλα
3457 5535 3596 5591 τινὰ⁸
3642 5539 3750 5590 τῶν

2175 5629 2380 5698 κακῶν,
2408 5631 2558 5700 ὅμως
2583 5630 2722 5700 αὐτὴ
2765 5631 2796 5701 ἡ
2839 5628 3074 5691 κώλυσις
3109 5627 3457 5698 συγχώρησις
3498 5645 3583 5692 τις
3611 5630 3747 5696 pil—
3785 5651 3788 5655 ·

2175 5725 2268 5778 λόν
2291 5724 2430 5777 ἐστι.
2455 5724 2593 5793 Φησὶ
2622 5722 2754 5793 γὰρ,
2784 5720 2876 5792 Μὴ
2913 5721 3178 5793 ποιήσητε
3209 5719 3278 5773 τὰ
3315 5721 3409 5773 καὶ
3451 5719 3519 5775 τὰ
3562 5720 3702 5776 κακά
3726 5735 3739 5750 ·
