4054 6298
513 361 651 430 1127

1785 365 2166 427 DEMETRH
2211 364 2526 429 CYDONII

3627 359 3769 426 ll?!

511 478 691 547 ginem
727 477 840 532 Dei.
873 477 942 533 Et
985 478 1091 534 hoc
1131 486 1217 534 est
1259 480 1404 546 quod
1452 481 1618 535 etiam
1667 480 1819 534 addit
1870 480 2081 551 Moyses

2206 478 2414 550 ῦρηται
2461 483 2520 534 ἐν
2549 485 2612 552 τῇ
2656 474 2871 535 Γενέσει
2922 481 3386 550 εἰσενηνεγμένος.
3444 476 3532 528 Ἐν
3558 474 3669 545 γὰρ
3698 476 3768 544 τῇ

511 569 794 639 deinceps,
829 579 950 639 post
996 569 1122 625 illos
1172 587 1453 627 sermones
1510 572 1745 627 dicens:
1785 590 1802 623 ι
1850 572 1914 624 Et
1955 572 2087 627 fecit

513 660 657 714 Deus
687 661 964 716 hominem
1011 663 1314 718 secundum
1353 665 1645 734 imaginem
1681 673 1736 720 et
1771 663 2090 718 similitudi-

513 766 638 805 nem
693 752 777 806 sui
826 753 1026 823 ipsius,
1093 755 1397 809 secundum
1462 755 1752 826 imaginem
1807 754 1900 808 Dei
1961 753 2090 808 fecit

512 861 639 898 eum
673 847 739 898 ".
780 864 797 896 ι
832 846 926 900 Est
961 847 1129 917 igitur
1159 864 1258 901 vox
1298 848 1383 902 illa
1413 847 1593 901 Patris
1642 848 1708 901 ad
1742 847 1961 912 Filium,
2002 847 2088 901 vel

516 936 686 992 totius
710 938 996 994 Trinitatis
1020 943 1087 994 ad
1126 939 1381 1010 seipsam.
1412 941 1566 996 Unus
1598 944 1744 995 enim
1775 951 1832 995 et
1857 940 2090 1009 simplex

517 1027 659 1084 Deus
683 1032 944 1096 essentia,
974 1032 1154 1086 tritius
1182 1032 1350 1088 est'in
1382 1032 1653 1097 personis.
1682 1033 1747 1088 Et
1773 1033 1874 1087 hoc
1905 1033 2090 1088 dicere

516 1125 789 1192 potuisset
848 1125 1183 1179 Alcorauum
1252 1124 1608 1200 simpliciter,
1659 1124 1761 1179 nisi
1815 1126 2093 1178 timuisset

517 1229 677 1284 posse
723 1230 848 1270 esse
896 1231 1256 1285 personarum
1313 1217 1724 1281 discretionem,
1759 1216 2090 1272 discretione

514 1306 818 1361 secundum
841 1310 1164 1363 essentiam.
1202 1309 1438 1379 Propter
1470 1309 1571 1364 hoc
1603 1309 1738 1364 dicit
1772 1309 1826 1362 in
1855 1307 2092 1379 capitulo

516 1396 751 1452 Elnesan
783 1415 798 1451 :
849 1397 894 1454 Ο
934 1399 1174 1454 societas
1201 1399 1353 1464 libri,
1387 1415 1455 1455 ne
1489 1400 1692 1455 vacetis
1747 1401 1800 1455 in
1848 1400 1968 1471 lege
1997 1415 2090 1455 ve-

516 1498 650 1552 stra,
693 1499 750 1541 et
779 1505 848 1545 ne
875 1489 1071 1545 dicatis
1098 1492 1167 1546 de
1200 1489 1308 1545 Deo
1347 1500 1544 1561 prmter
1571 1492 1881 1556 veritatem,
1936 1491 2085 1561 quod

515 1581 771 1635 Christus
791 1581 952 1637 Jesus
978 1581 1121 1636 tilius
1141 1591 1228 1637 est
1257 1583 1459 1647 Mariae,
1492 1593 1548 1638 et
1579 1583 1865 1654 apostolus
1889 1583 2008 1646 Dei,
2034 1590 2092 1638 et

518 1675 760 1730 Verbum
798 1673 917 1739 Dei,
955 1675 1101 1746 quod
1136 1677 1188 1730 in
1222 1692 1286 1731 ea
1324 1675 1504 1746 posuit
1545 1692 1640 1745 per
1665 1676 1931 1744 Spiritum
1959 1687 2089 1744 san-

517 1776 690 1820 ctum.
720 1764 861 1821 Ecce
891 1766 981 1822 hic
1024 1767 1271 1822 nominat
1310 1767 1502 1830 Deum,
1537 1769 1591 1822 et
1617 1767 1854 1822 Verbum
1891 1767 2007 1828 Dei.
2034 1777 2092 1858 οε

519 1857 786 1928 Spiritum
841 1869 1094 1914 sanctum
1123 1877 1141 1926 ;
1176 1860 1271 1915 sed
1331 1860 1553 1923 timens,
1585 1876 1653 1915 ne
1714 1869 1937 1931 propter
1973 1839 2092 1915 hac;
2122 1839 2162 1896 Β

518 1951 704 2005 divina
759 1953 1005 2006 essentia
1051 1953 1348 2016 dividatur.
1398 1953 1483 2009 vel
1543 1952 1964 2024 multiplicetur,
2009 1953 2094 2007 vel

523 2043 876 2109 terminetur,
919 2045 1200 2116 subjungit
1251 2047 1439 2100 statim
1473 2064 1486 2099 :
1519 2044 1585 2099 Et
1627 2061 1694 2099 ne
1747 2045 1942 2099 dicatis
1986 2053 2098 2101 tres

519 2135 674 2202 deos,
699 2140 956 2205 quoniam
993 2137 1134 2193 Deus
1162 2139 1305 2193 Deus
1339 2155 1478 2193 unus
1503 2146 1609 2194 est.
1658 2139 1799 2195 Ecce
1825 2125 2094 2208 quantum

521 2232 990 2301 appropinquavit
1021 2232 1088 2286 ad
1116 2232 1252 2286 illud
1289 2232 1434 2303 quod
1469 2240 1552 2287 est
1598 2233 1832 2288 maxime
1863 2233 2095 2286 arduum

524 2326 578 2378 iu
613 2325 738 2384 (ide,
772 2324 936 2378 modo
967 2324 1201 2393 quodam
1231 2326 1337 2379 hoc
1365 2325 1552 2379 dicens
1581 2324 1849 2380 Joannis:
1881 2342 1901 2376 ι
1940 2326 2098 2380 Pater

521 2422 580 2468 et
624 2413 862 2471 Verbum
897 2423 954 2467 et
985 2414 1246 2484 Spiritus,
1275 2424 1330 2469 et
1375 2415 1430 2468 bi
1464 2426 1575 2470 tres
1609 2431 1777 2467 unum
1811 2425 1938 2469 sunt
1964 2414 2030 2468 ".
2074 2434 2094 2468 ι

523 2502 739 2557 Ιιιιίυι·ίῐ
763 2502 930 2572 igitur
955 2503 1011 2558 in
1042 2503 1313 2558 Alcorano
1340 2503 1681 2557 ltlahoutetus
1715 2504 1884 2558 Deum
1912 2501 2101 2573 plura-

521 2597 653 2652 liter
686 2596 1033 2666 loquentem,
1057 2596 1318 2666 ignorans
1345 2610 1586 2650 causam.
1617 2594 1906 2649 Manifesta
1935 2594 2103 2665 igitur

523 2689 653 2744 hinc
689 2690 866 2760 prima
900 2689 1160 2759 quatatio,
1213 2688 1361 2759 quod
1414 2688 1782 2743 communiter
1824 2686 2103 2743 credimus

521 2799 647 2838 cum
684 2782 772 2838 his
824 2780 994 2837 Deum
1029 2797 1152 2838 esse
1182 2798 1353 2836 unum
1385 2793 1441 2838 et
1469 2782 1645 2836 solum
1677 2793 1734 2836 et
1766 2782 2099 2851 simplicem.

525 2876 631 2944 Ipsi
661 2887 845 2931 autem
878 2877 1082 2930 habent
1116 2875 1169 2930 in
1199 2876 1489 2939 Alcorano,
1516 2875 1659 2930 Deus
1689 2875 1851 2930 habet
1879 2885 1936 2928 et
1965 2874 2104 2930 Ver-

536 2967 667 3020 bum
698 2977 751 3022 et
786 2966 1054 3037 Spiritum
1085 2984 1101 3020 :
1129 2977 1184 3022 et
1212 2968 1291 3022 sic
1318 2966 1596 3022 credimus
1627 2983 1820 3022 verum
1847 2976 1904 3022 et
1931 2983 2101 3022 unum

529 3066 588 3111 et
608 3057 914 3128 simplicem
952 3059 1145 3114 Deum.
1180 3059 1247 3113 Et
1270 3059 1490 3128 proprie
1528 3059 1596 3113 de
1623 3073 1681 3112 se
1713 3059 1960 3128 loquitur
1989 3060 2104 3113 sin-

2191 573 2387 628 πλάσει
2409 575 2501 628 τοῦ
2533 576 2822 646 ἀνθρώπου
2853 574 3118 644 ἐλάλησεν
3140 575 3168 626 6
3197 573 3327 636 Θεὸς
3357 571 3556 637 λέγων,
3599 571 3769 635 Ποιή-

2192 683 2377 732 σωμεν
2409 665 2702 736 ἄνθρωπον)
2729 665 2852 720 κατ’
2872 666 3062 720 εἰκόνα
3090 665 3387 735 ἡμετέραν.
3431 663 3501 714 Ὀ
3526 677 3692 727 φασιν
3717 659 3774 712 οἱ

2202 759 2444 812 Ἰουδαῖοι
2472 760 2656 828 φωνὴν
2679 756 2819 812 εἶναι
2845 758 2938 811 τοῦ
2970 755 3106 811 Θεοῦ
3141 757 3277 826 πρὸς
3308 756 3432 818 τοὺς
3450 754 3716 820 ἀγγέλους
3746 766 3765 781 ·

2188 849 2326 916 ὅπερ
2354 848 2501 902 ἐστὶν
2543 849 2783 903 ἐναντίον
2804 853 2869 921 τῇ
2902 848 3024 918 θείᾳ.
3071 850 3283 919 Γραφῇ,
3330 848 3455 917 ἥτις
3511 845 3772 898 οὐδέποτε

2190 943 2324 1011 φησί
2352 942 2443 995 τὸν
2477 943 2708 1011 ἄγγελον
2739 943 2862 996 κατ’
2881 943 3064 996 εἰκόνα
3092 939 3387 1012 ἀνθρώπου
3430 935 3771 1000 πεπλάσθαι,

2188 1033 2326 1088 ἀλλὰ
2361 1033 2483 1087 κατ’
2508 1036 2691 1088 εἰκόνα
2715 1035 2874 1092 Θεοῦ.
2913 1035 2979 1088 ’0
3013 1034 3106 1088 καί
3143 1031 3506 1104 προστίθησιν
3547 1031 3576 1082 6
3603 1031 3777 1085 Mei-3-

2191 1128 2310 1197 σῆς,
2336 1127 2536 1196 ἐφεξῆς
2564 1129 2682 1196 μετ’
2713 1127 2961 1192 ἐκείνους
2981 1127 3108 1190 τοὺς
3134 1126 3324 1194 λόγους
3357 1123 3554 1192 λέγων,
3592 1141 3612 1174 ι
3657 1123 3773 1175 Καὶ

2189 1222 2444 1291 ἐποίησεν
2499 1224 2528 1276 6
2587 1223 2717 1286 Θεὸς
2778 1223 2872 1276 τὸν
2919 1222 3207 1293 ἄνθρωπον
3275 1223 3397 1276 κατ’
3437 1222 3620 1274 εἰκόνα
3673 1221 3779 1272 καὶ

2187 1314 2448 1382 ὁμοίωσιν
2472 1313 2661 1380 αὐτοῦ,
2711 1316 2833 1369 κατ’
2859 1314 3044 1368 εἰκόνα
3071 1314 3208 1368 Θεοῦ
3235 1313 3498 1385 ιποίησεν
3525 1313 3706 1371 αὐτόν,
3747 1329 3770 1361 ι

2194 1406 2351 1459 Ἐστι
2390 1407 2570 1460 τοίνυν
2602 1409 2634 1477 ἡ
2669 1407 2822 1476 φωνὴ
2843 1408 3029 1478 ἐκείνη
3066 1406 3161 1460 τοῦ
3211 1407 3428 1476 Πατρὸς
3484 1406 3618 1479 πρὸς
3679 1406 3776 1459 τὸν

2193 1498 2342 1564 Υίὸν,
2369 1500 2404 1570 ἦ
2438 1499 2566 1570 ὅλης
2587 1499 2686 1570 τῆς
2720 1498 2951 1569 Τριάδος
3007 1500 3145 1570 πρὸς
3194 1500 3433 1571 ἑαυτήνο
3461 1501 3489 1553 6
3519 1499 3628 1569 γὰρ
3690 1492 3776 1560 εἷς

2192 1592 2289 1644 καὶ
2318 1591 2522 1654 ἁπλοῦς
2549 1592 2683 1654 Θεὸς
2703 1594 2769 1662 τῇ
2792 1589 2956 1661 οὐσία
2979 1589 3256 1658 τριαδικός
3285 1591 3404 1644 ἑστι
3457 1593 3570 1653 τοῖς
3604 1606 3777 1660 προσ-

2197 1682 2392 1748 ώποις.
2425 1683 2538 1737 Καὶ
2564 1682 2711 1738 τοῦτ’
2738 1683 2807 1738 ἂν
2836 1678 2957 1737 εἶπε
2987 1684 3080 1738 καὶ
3117 1683 3177 1736 τὸ
3207 1683 3534 1752 ’Δλκοράνον
3553 1681 3770 1747 ἅπλῶς,

2193 1781 2242 1831 εἰ
2272 1780 2347 1849 μὴ
2387 1778 2643 1832 ἐδεδοίκει
2667 1777 2822 1847 τὸμὴ
2849 1771 3286 1833 δύνασθαισεῖναι
3307 1775 3618 1848 προσώπων
3655 1775 3766 1828 Eti-

2197 1882 2376 1936 κρισιν
2401 1867 2527 1922 ἄνευ
2551 1870 2651 1938 τῆς
2709 1867 2829 1920 κατ’
2849 1866 3037 1920 οὐσίαν
3065 1865 3420 1934 διακρίσεως.
3471 1863 3572 1917 Διά
3613 1860 3778 1915 τοῦτό

2199 1978 2364 2030 φησιν
2382 1965 2438 2013 ὲν
2463 1961 2539 2031 τῷ
2568 1960 2844 2029 κεφαλαίῳ
2866 1960 2944 2030 τῷ
2983 1959 3259 2023 Ἐλνεσὰν,
3289 1953 3360 2011 Ὦ
3393 1957 3611 2027 ὲτερεία
3667 1958 3769 2025 τῆς

2199 2049 2407 2119 βίϐλου,
2469 2051 2544 2119 μὴ
2580 2049 2870 2118 σχολάζετε
2903 2051 2962 2101 ἐν
3002 2050 3082 2118 τῷ
3114 2047 3267 2118 νόμῳ
3304 2046 3485 2118 ἡμῶν,
3539 2044 3635 2098 καὶ
3695 2045 3776 2114 μὴ

2197 2140 2388 2208 λέγετε
2417 2143 2544 2209 περί
2565 2141 2701 2194 Θεοῦ
2735 2139 2875 2210 πλὴν
2903 2139 3003 2210 τῆς
3029 2139 3312 2210 ἀληθείας,
3345 2139 3427 2192 ὅτι
3477 2139 3506 2191 6
3538 2137 3775 2208 Χριττὸς

2211 2231 2421 2301 Ἰησοῦς
2455 2233 2568 2292 υἱός
2603 2233 2716 2285 ἐστι
2745 2232 2842 2300 τῆς
2872 2231 3115 2303 Μαρίας,
3175 2232 3271 2284 καὶ
3329 2229 3625 2292 ἀπόστολος
3677 2227 3774 2280 τοῦ

2200 2321 2356 2388 Θεοῦ,
2393 2323 2488 2375 καί
2521 2324 2689 2389 Λόγος
2711 2322 2870 2383 Θεοῦ,
2919 2322 2948 2375 6
3004 2323 3063 2374 ἑν
3092 2322 3230 2392 αἰτῇ
3266 2319 3428 2390 ἔθηκε
3467 2319 3557 2374 διὰ
3608 2319 3781 2374 Πνεύ-

2203 2432 2395 2486 ματος.
2421 2415 2552 2468 Ίδοὶ)
2583 2413 2819 2466 ἐνταῦθα
2839 2413 3093 2482 ὀνομάζει
3116 2413 3268 2478 Θεὸν,
3305 2415 3400 2466 καὶ
3445 2413 3618 2482 Λόγον
3642 2414 3779 2465 Θεοῦ

2201 2506 2297 2558 καὶ
2337 2505 2560 2574 Πνεῦμα
2611 2508 2787 2573 ἆγιον.
2850 2504 3010 2558 Ἀλλὰ
3040 2503 3387 2574 ζφοϐοῦμενος
3429 2500 3635 2575 ἵναμὴ
3690 2504 3779 2557 διὰ

2201 2597 2430 2667 ταῦταῆ
2465 2597 2586 2652 θεία
2615 2596 2776 2650 οὐσία
2811 2596 3067 2668 μερισθῇ,
3094 2595 3126 2666 ἢ
3160 2595 3461 2666 πληθυνθῇ,
3493 2596 3525 2667 ἦ
3554 2595 3771 2666 ὁρισθῇ,

2203 2690 2529 2760 προστίθησι
2551 2689 2834 2759 παρευθύς
2855 2706 2873 2724 ο
2930 2688 3042 2743 Καὶ
3070 2689 3145 2759 μὴ
3176 2689 3382 2743 εἴποιτε
3417 2691 3592 2758 τρεῖς,
3626 2690 3707 2741 ὅτι
3747 2694 3784 2743 ὁ

2202 2782 2333 2846 Θεὸς
2361 2782 2494 2847 Θεός
2540 2784 2690 2836 ἔστιν
2745 2775 2849 2846 εἷς.
2896 2782 3032 2836 ’ἰδοῦ
3082 2783 3246 2836 πόσον
3302 2765 3786 2852 πεπλητίακεν,λδ

2207 2876 2441 2945 μάλιστα
2495 2874 2752 2946 μέγιστόν
2777 2874 2925 2928 ἐστιν
2949 2875 3008 2927 ἐν
3031 2877 3101 2946 τῇ
3155 2874 3363 2941 πίστει,
3414 2874 3619 2946 τρόπον
3660 2875 3785 2926 τινὰ

2204 2970 2376 3022 ταυτα
2404 2968 2579 3036 λέγων
2607 2965 2686 3036 τῷ
2719 2966 2963 3039 Ἰωὰννῃο
3033 2983 3052 3018 ι
3085 2967 3114 3018 6
3137 2965 3347 3036 Πατὴρ,
3409 2967 3438 3019 6
3463 2965 3634 3034 Λόγος
3689 2967 3788 3019 καὶ

2203 3058 2268 3110 τὸ
2297 3055 2540 3125 Πνεῦμα,
2580 3057 2675 3108 καί
2697 3050 2844 3109 οῦτοι
2864 3055 2915 3107 οἰ
2945 3055 3095 3126 τρεῖς
3117 3055 3178 3108 τὸ
3207 3055 3267 3110 ἓν
3293 3056 3454 3110 εἰσιν.
3494 3073 3514 3107 ι
3562 3055 3788 3123 Εἰσᾶγοι

527 3149 800 3221 gulariter
825 3169 839 3218 ;
865 3161 1156 3221 propterea
1183 3160 1366 3205 autem
1390 3151 1533 3221 quod
1567 3151 1746 3206 trinus
1778 3162 1865 3206 est
1897 3152 1952 3206 in
1983 3167 2104 3223 per-

2207 3151 2388 3206 τοίνυν
2418 3151 2478 3203 ἰν
2501 3149 2581 3219 τῷ
2626 3148 2943 3220 Ἀλκοράνῳ
2972 3148 3000 3199 6
3027 3147 3273 3218 Μωάμιθ
3328 3147 3421 3203 τὸν
3459 3147 3594 3202 Θεὸν
3646 3147 3790 3218 πλη-

527 3244 703 3314 εοηίε,
743 3245 1042 3316 aliquando
1077 3245 1146 3300 de
1176 3258 1234 3298 se
1273 3243 1559 3312 pluraliter
1592 3243 1866 3313 loquitur.

2213 3241 2481 3303 θυντικῶς
2515 3238 2923 3310 διαλεγόμενον,
2976 3239 3192 3307 ἀγνοῶν
3241 3239 3339 3312 τὴν
3365 3239 3565 3295 αἰτίαν.
3613 3240 3787 3310 Δῆλον

524 3343 705 3392 τοίνυν
759 3339 1007 3392 ἐντεῦθεν
1039 3340 1100 3391 τὸ
1135 3341 1349 3407 πρῶτον
1379 3339 1616 3409 ζήτημα,
1642 3341 1726 3392 ὅτι
1755 3342 1950 3404 κοινῶς
1999 3343 2326 3412 πιστεύομεν
2377 3339 2495 3408 μετ’
2546 3336 2726 3391 αὐτῶν
2793 3335 2886 3388 τὸν
2949 3331 3083 3387 Θεὸν
3135 3333 3233 3387 ἕνα
3301 3333 3396 3388 καὶ
3445 3332 3606 3404 μόνον
3649 3329 3789 3385 εἰναι

525 3431 623 3482 καὶ
647 3428 875 3483 ἁπλοῦν.
907 3429 1070 3483 Αὐτοὶ
1097 3429 1152 3482 δὲ
1173 3429 1391 3501 ἔχουσιν
1442 3433 1502 3482 ὲν
1534 3429 1611 3499 τῷ
1669 3429 1985 3502 Ἀλκοράνῳ
2012 3446 2028 3463 ⁸
2073 3431 2136 3486 '0
2207 3431 2341 3493 θεὸς
2380 3430 2494 3500 εχει
2520 3429 2614 3484 καὶ
2675 3428 2845 3497 Λόγον
2880 3429 2974 3482 καὶ
3029 3426 3279 3496 Πνεῦμα.
3332 3428 3444 3482 Καὶ
3491 3426 3634 3480 οὕτω
3693 3441 3790 3480 πιο

527 3522 791 3594 στεύομεν
814 3526 905 3577 τὸν
929 3523 1107 3594 ἀληθῆ
1134 3528 1229 3576 καὶ
1262 3525 1358 3576 ἕνα
1383 3523 1480 3577 καὶ
1502 3523 1707 3578 ἁπλοῦν
1765 3523 1927 3590 Θεὸν,
1967 3524 2046 3588 ὡς
2107 3525 2208 3596 μὲν
2243 3525 2341 3580 ἕνα
2371 3523 2567 3588 ἑνικῶς
2599 3521 2962 3591 διαλέγεσθαι·
2986 3519 3088 3592 ,διὰ
3124 3520 3183 3574 δὲ
3200 3520 3265 3573 τὸ
3323 3522 3601 3590 τριαδικὸν
3643 3516 3787 3575 εἶναι

529 3620 644 3680 τοῖς
669 3619 1008 3687 προσώποις,
1050 3618 1222 3670 ἐνίοτε
1255 3619 1351 3672 καὶ
1373 3618 1774 3687 πληθυντικῶς.

600 3711 852 3768 Secunda
880 3711 1111 3780 quaestio
1150 3719 1258 3774 est,
1287 3710 1434 3780 quod
1469 3711 1802 3768 Alcoranum
1849 3713 2112 3768 continue

530 3802 783 3858 meminit
814 3802 1057 3871 Spiritus
1088 3801 1287 3866 sancti,
1313 3811 1371 3856 et
1400 3802 1564 3856 Verbi
1598 3801 1715 3857 Dei.
1748 3802 1882 3867 Quis
1908 3813 1991 3857 est
2019 3802 2112 3856 ille

530 3897 770 3967 Spiritus
805 3905 1054 3960 sanctus,
1095 3903 1151 3949 et
1184 3893 1330 3964 quod
1381 3905 1468 3949 est
1519 3895 1650 3950 illud
1687 3895 1928 3950 Verbum
1979 3895 2116 3950 Dei?

533 3991 605 4044 De
632 3989 840 4058 Spiritu
877 3998 1068 4044 sancto
1115 3988 1336 4057 quidem
1371 3988 1506 4043 dicit
1537 3989 1590 4043 in
1624 3990 1864 4059 capitulo
1891 3990 2117 4059 Elpace-

533 4099 649 4138 ram
700 4099 765 4138 ex
819 4097 1051 4151 persona
1099 4083 1192 4137 Dei
1242 4097 1258 4134 :
1304 4081 1564 4135 Dedimus
1616 4080 1747 4136 Jesu
1791 4081 1901 4134 lilio
1930 4081 2112 4135 Mariae

533 4187 594 4231 ut
628 4180 833 4233 laceret
859 4178 1104 4248 prodigia
1135 4186 1192 4231 et
1209 4177 1475 4231 miracula
1504 4175 1813 4239 manifesta,
1842 4184 1896 4230 et
1924 4176 2110 4246 perfe-

532 4270 714 4325 cimus
754 4284 881 4323 eum
927 4285 1025 4338 per
1077 4269 1345 4338 Spiritum
1395 4278 1685 4334 sanctum;
1719 4276 1777 4322 et
1807 4268 1912 4323 hoc
1963 4267 2109 4323 idem

535 4364 735 4435 repetit
763 4380 862 4434 per
887 4371 1060 4417 totum
1097 4362 1418 4432 capitulum.
1448 4363 1580 4416 Item
1613 4362 1749 4416 dicit
1779 4362 1833 4416 in
1867 4361 2113 4430 capitulo

536 4457 778 4524 Elempai
813 4453 1080 4509 de'Maria
1107 4469 1121 4506 :
1152 4454 1550 4523 lnspiravimus
1575 4453 1629 4507 in
1660 4467 1778 4506 eam
1803 4467 1868 4507 ex
1902 4451 2112 4522 Spiritu

2277 3709 2544 3782 Δεύτερον
2579 3710 2804 3780 ζήτημά
2833 3710 3002 3773 ἐστιν,
3035 3709 3116 3763 ὅτι
3160 3709 3223 3762 τὸ
3256 3708 3586 3779 Ἀλκοράνον
3628 3727 3790 3762 συνε-

2209 3802 2449 3871 χέστατα
2498 3802 2778 3874 μέμνηται
2827 3802 2923 3855 τοῦ
2957 3802 3112 3869 ἁγίου
3162 3801 3501 3871 Πνεῦματος,
3550 3805 3644 3854 καὶ
3688 3802 3784 3854 τοῦ

2209 3896 2388 3964 Λόγου
2418 3895 2514 3949 τοῦ
2536 3893 2698 3949 Θεοῦ.
2729 3894 2794 3946 Τί
2817 3894 2994 3948 τοίνυν
3021 3893 3141 3947 ἐστὶ
3173 3892 3333 3947 τοῦτο
3374 3894 3434 3947 τὸ
3469 3894 3693 3966 Πνεῦμα
3726 3891 3790 3947 τὸ

2211 3985 2402 4056 ἆγιον,
2438 3987 2533 4041 καὶ
2563 3987 2649 4050 τίς
2682 3987 2711 4039 6
2740 3985 2833 4040 τοῦ
2866 3985 3002 4038 Θεοῦ
3035 3986 3248 4054 Λόγος;
3280 3986 3417 4056 Περί
3446 3987 3545 4056 μὲν
3577 3981 3672 4040 οῦν
3692 3985 3788 4040 τοῦ

2217 4082 2373 4150 ἁγίου
2397 4080 2716 4149 Πνεῦματός
2757 4094 2924 4148 φησιν
2957 4078 3014 4129 ὲν
3045 4076 3124 4147 τῷ
3171 4075 3451 4145 κεφαλαίῳ
3476 4076 3556 4147 τῷ
3595 4077 3792 4132 Ἐλπα-

2215 4171 2402 4244 κεράμ
2428 4172 2490 4225 ὲκ
2519 4169 2813 4241 προσώπου
2841 4168 2933 4220 τοῦ
2960 4168 3095 4221 Θεοῦ
3121 4183 3137 4199 ο
3177 4168 3495 4238 Ἐὃὼκαμεν
3520 4169 3788 4242 τῷ-Ὶησοῦ

2214 4261 2294 4331 τῷ
2329 4259 2431 4330 υἰῷ
2456 4262 2556 4331 τῆς
2585 4259 2809 4328 Μαρίας
2842 4258 3016 4311 ποιεῖν
3048 4257 3246 4325 τέρατα
3273 4258 3368 4309 καὶ
3394 4258 3647 4328 θαύματα
3681 4277 3790 4329 φα-

2217 4351 2371 4419 νερὰ,
2399 4351 2494 4402 καὶ
2525 4347 2921 4418 ἐτελειὼσαμεν
2947 4348 3111 4400 αὑτὸν
3135 4347 3223 4400 διὰ
3252 4347 3571 4418 Πνεῦματος
3593 4349 3752 4418 ἁγίου
3773 4364 3789 4380 ⁶

2219 4447 2316 4500 καί⁹
2337 4442 2484 4497 τοῦτ’
2512 4442 2643 4495 αὐτὸ
2674 4439 3127 4518 ἐπαναλαμϐάνει
3150 4439 3239 4495 διὰ
3268 4441 3474 4504 παντὸς
3504 4440 3600 4496 τοῦ
3623 4459 3794 4512 κεφα-

534 4555 746 4602 sancto.
788 4544 855 4600 Et
895 4546 949 4600 in
983 4544 1235 4613 pluribus
1289 4545 1416 4598 aliis
1463 4544 1603 4599 locis
1634 4543 1838 4598 similia
1869 4543 2004 4598 dicit
2050 4545 2104 4598 dt

2223 4537 2402 4590 λαίου.
2433 4536 2555 4588 Ἔτι
2573 4535 2740 4603 φησὶν
2757 4536 2813 4586 ἐν
2831 4533 2908 4603 τῷ
2932 4532 3212 4604 κεφαλαίῳ
3237 4532 3317 4602 τῷ
3331 4531 3526 4588 Ἐλπιᾶ
3549 4536 3674 4606 περὶ
3695 4536 3795 4606 τῆς

535 4643 743 4713 Spiritu
785 4648 998 4695 sancto.
1053 4636 1122 4691 Et
1166 4651 1273 4691 non
1311 4645 1546 4704 possunt
1589 4635 1777 4690 dicere
1823 4635 2110 4699 Saraceni,

535 4744 849 4789 creaturam
888 4730 1178 4800 quamdam
1221 4743 1366 4793 esse,
1395 4730 1539 4782 sicut
1587 4725 1815 4797 angelus
1862 4725 2112 4794 quidam,

536 4823 749 4878 scilicet
780 4820 1252 4889 bonus,quoniam
1280 4817 1631 4889 singulariter
1655 4817 1724 4871 de
1755 4831 1822 4872 eo
1848 4816 2112 4886 loquitur,

540 4927 795 4986 tanquam
819 4915 887 4969 de
917 4930 1024 4968 uno
1047 4922 1261 4967 sancto.
1286 4912 1473 4966 Sancti
1499 4920 1684 4965 autem
1713 4909 1892 4980 angeli
1925 4910 2113 4979 plures

537 5017 690 5071 sunt,
721 5015 778 5061 et
817 5019 1013 5060 omnes
1047 5011 1176 5058 sunt
1203 5004 1320 5058 Dei.
1361 5001 1494 5067 Qua:
1535 4999 1705 5068 igitur
1735 5013 1926 5062 causa,
1960 5009 2028 5057 ιιι,
2049 4997 2118 5052 de

537 5100 634 5154 illo
681 5097 1032 5168 singulariter
1065 5097 1300 5159 diceret,
1347 5104 1540 5148 nostro
1589 5101 1644 5146 et
1695 5090 1936 5145 sancto?
1983 5090 2120 5146 Item

537 5207 646 5245 non
679 5198 827 5245 esset
853 5203 1047 5258 magna
1079 5190 1201 5241 laus
1228 5188 1294 5241 de
1323 5186 1569 5248 Christo,
1602 5184 2116 5253 quemAlcoranum

539 5282 776 5334 intendit
808 5277 1159 5348 singulariter
1202 5275 1616 5338 commendare,
1661 5275 1808 5344 quod
1847 5273 1993 5327 Deus
2024 5271 2120 5326 de-

537 5373 714 5428 disset
745 5373 796 5425 ei
823 5373 1074 5440 angelum
1110 5373 1415 5424 custodem.
1449 5368 1692 5437 Quisque
1751 5369 1902 5421 enim
1934 5365 2119 5419 homi-

539 5482 671 5518 num
722 5464 888 5518 liabet
928 5463 1182 5532 angelum
1229 5465 1540 5515 custodem.
1580 5460 1791 5512 Etenim
1819 5457 1965 5511 Deus
1992 5456 2122 5510 facit

541 5558 765 5627 angelos
811 5556 1064 5627 spiritus,
1102 5566 1157 5609 et
1211 5564 1429 5608 nostros
1452 5553 1769 5622 .apostolos,
1798 5551 1940 5604 sicut
1987 5548 2122 5603 dicit

540 5648 873 5704 Alcoranum
921 5648 975 5699 in
1023 5645 1264 5715 capitulo
1312 5643 1576 5698 Elmaicc.
1615 5641 1750 5696 Item
1793 5639 1974 5710 angeli
2007 5652 2119 5693 non

616 5807 663 5843 "
689 5805 828 5860 Ceu.
867 5821 906 5873 ι,
939 5806 1029 5859 27.
1107 5805 1151 5837 ⁸⁷
1185 5803 1343 5859 Joau.
1375 5821 1425 5870 ι’,
1460 5804 1512 5857 7.

2218 4625 2462 4695 Μαρίας,
2479 4621 2926 4693 Ἑνεφυσήσαμεν
2957 4624 3037 4685 είς
3067 4619 3237 4692 αὐτὴν
3267 4623 3332 4675 ἐκ
3354 4619 3449 4674 τοῦ
3476 4621 3796 4692 Πνεῦματος

2220 4716 2313 4770 τοῦ
2337 4717 2515 4784 ἁγίου·
2540 4716 2709 4785 καὶξέν
2727 4715 2968 4769 πλείοσιν
2995 4712 3176 4777 ἄλλοις
3196 4714 3382 4776 τόποις
3401 4713 3472 4768 τὰ
3497 4714 3657 4785 ὅμοια
3684 4715 3796 4768 δια-

2221 4810 2442 4877 λέγεται
2457 4809 2587 4875 περὶ
2604 4806 2696 4860 τοῦ
2710 4807 2867 4874 ἁγίου
2887 4799 3339 4874 Πνευματος.Καί
3357 4809 3420 4861 οῦ
3437 4807 3691 4862 δύνανται
3704 4808 3796 4861 λέ-

2220 4915 2341 4967 γειν
2371 4899 2420 4952 οἰ
2441 4899 2784 4971 Σαρῤακηνοί
2803 4899 3006 4968 κτίσμα
3035 4914 3090 4950 τι
3111 4895 3274 4964 εἰναι,
3311 4891 3422 4951 οἷον
3454 4898 3687 4968 ἄγγελός
3715 4916 3796 4960 τις

2225 4991 2449 5059 ἀγαθός’
2477 4991 2602 5043 ἐπεὶ
2630 4989 2825 5051 ἑνικῶς
2853 4991 2980 5058 περὶ
3009 4988 3173 5042 αὐτοῦ
3198 4991 3530 5058 διαλέγεται,
3550 4989 3626 5051 ὡς
3667 4993 3798 5060 περὶ⁵

2225 5084 2342 5147 ἑνὸς
2364 5084 2538 5152 ἁγίου.
2558 5083 2622 5135 Οί
2644 5081 2700 5134 δὲ
2721 5080 2866 5148 ἅγιοι
2890 5081 3112 5150 ἄγγελοι
3139 5081 3320 5136 πολλοί
3342 5083 3470 5148 εἰσι,
3491 5082 3585 5136 καὶ
3601 5082 3800 5144 πάντες

2226 5173 2334 5225 εἰσί
2367 5172 2460 5226 τοῦ
2496 5171 2655 5225 Θεοῦ.
2688 5171 2785 5234 Τίς
2804 5173 2983 5225 τοίνυν
3006 5175 3039 5243 ὴ
3071 5173 3216 5226 αἰτία
3249 5173 3446 5237 ἑνικῶς
3474 5173 3605 5243 περὶ
3629 5174 3794 5226 αὐτοῦ

2223 5265 2600 5332 διαλέγεσθαι,
2631 5266 2724 5318 καὶ
2744 5265 2925 5329 λέγειν
2951 5266 3222 5337 ἡμετέρου
3244 5265 3338 5320 καὶ
3358 5267 3517 5335 ἁγίου
3540 5283 3556 5332 ;
3589 5265 3697 5319 Καὶ
3719 5265 3798 5317 ἐτι

2225 5358 2325 5410 οὐκ
2343 5356 2408 5410 ἂν
2426 5353 2494 5426 ἦν
2519 5356 2661 5425 μέγα
2679 5356 2952 5424 ἐγκώμιον
2980 5357 3108 5424 περὶ
3136 5355 3230 5409 τοῦ
3246 5354 3506 5428 Χριστοῦ,
3531 5354 3590 5407 ὃν
3609 5357 3667 5407 τὸ
3682 5355 3796 5406 Ἀλε-

2228 5451 2459 5518 κοράνον
2490 5449 2634 5511 ἰδίως
2670 5452 2862 5502 σκοπεῖ
2901 5451 3180 5521 συνιστᾷν,
3229 5449 3294 5501 τὸ
3330 5449 3516 5504 δοῦναι
3547 5449 3640 5502 τὸν
3666 5448 3795 5499 Θεὸν

2229 5543 2381 5614 αὐτῷ
2412 5542 2640 5611 ἄγγελον
2672 5542 3197 5619 φύλακα.”ἰ3καττος
3221 5541 3331 5612 γὰρ
3362 5541 3470 5594 τῶν
3495 5541 3801 5611 ἀνθρώπων

2227 5637 2340 5708 ἔχει
2371 5636 2602 5707 ἄγγελον
2637 5634 2876 5705 φύλακα.
2907 5636 3016 5690 Καὶ
3040 5635 3148 5705 γὰρ
3177 5637 3205 5688 ὁ
3236 5635 3366 5698 Θεὸς
3391 5636 3535 5689 ποιεί
3561 5638 3686 5697 τοὺς
3705 5633 3806 5702 ἀγ·
