4054 6298
462 312 593 380 1131

1702 311 2087 375 ΒΕΜΕΤΒΙΙ
2127 313 2442 374 CYDONII

3569 311 3712 379 113?

458 423 624 478 nibus
651 421 1044 494 distinguatur,
1079 421 1220 480 sicut
1259 429 1315 476 et
1345 421 1412 476 de
1453 419 1657 490 Spiritu
1687 420 1898 475 dictum
1926 430 2029 477 est.

2139 425 2260 478 ἐπεὶ
2284 426 2314 478 6
2348 424 2507 493 λόγος
2541 422 2635 477 τοῦ
2665 423 2914 493 λέγοντος
2956 425 3050 477 καὶ
3079 420 3173 478 τοῦ
3215 423 3459 488 νοοῦντος
3491 424 3582 480 τὸν
3614 424 3708 478 λό-

457 517 526 576 Ει
548 517 651 571 boc
671 525 754 571 est
771 514 1031 580 Verbum,
1050 531 1162 585 quo
1185 515 1328 571 Deus
1349 515 1534 570 omnia
1561 531 1682 585 quae
1711 523 1840 570 sunt
1868 515 2029 579 dixit,

462 626 481 660 ε
508 608 669 664 Fiant
692 616 746 664 et
761 607 908 663 facta
927 616 1083 662 sunt:
1107 626 1122 658 ο
1145 609 1286 662 sicut
1302 616 1356 662 et
1372 608 1426 661 in
1444 606 1714 662 Alcorano
1731 607 1933 663 dicitur
1965 607 2033 662 Et

463 703 771 758 secundum
801 701 908 756 hoc
941 701 1199 758 convenit
1232 701 1563 756 Alcoranum
1587 716 1710 755 cum
1737 700 2031 772 Evangelio

455 794 812 865 Joannis,qui
843 795 1008 849 dicit:
1038 813 1056 847 ι
1076 794 1266 850 Omnia
1294 810 1392 865 per
1411 795 1586 867 ipsum
1610 799 1750 848 facta
1779 807 1906 848 sunt
1925 795 2025 850 ".t

459 885 730 954 Quoniam
771 885 940 955 igitur
965 886 1032 941 ab
1065 901 1132 941 eo
1182 887 1276 955 qui
1315 886 1576 955 loquitur,
1609 886 1848 941 Verbum
1885 900 2033 941 com-

458 977 842 1049 prehenditur,
888 985 944 1031 et
977 977 1420 1032 intellectualiter
1461 976 1703 1046 gignitur
1735 991 1747 1028 :
1780 984 1837 1031 et
1882 975 2030 1046 quod

457 1074 528 1128 ab
555 1073 731 1127 altero
751 1080 1049 1142 generatur
1066 1073 1366 1126 secundum
1387 1068 1802 1124 similitudinem
1826 1065 2029 1136 speciei

457 1175 514 1217 et
543 1172 776 1225 naturae,
805 1162 1010 1216 dicitur
1043 1161 1188 1215 ﬁlius
1217 1177 1232 1225 ;
1261 1168 1486 1230 pr0pter
1517 1160 1636 1224 hoc,
1669 1157 1907 1211 Verbum
1937 1155 2030 1210 Dei

457 1256 694 1310 dicimus
725 1253 920 1308 Filium
964 1251 1083 1314 Dei,
1110 1254 1253 1306 sicut
1282 1252 1361 1306 sol
1395 1252 1436 1304 si
1469 1245 1754 1319 generaret
1781 1264 1847 1304 ex
1868 1264 1926 1304 se
1956 1259 2036 1302 ta-

456 1350 564 1405 lem
601 1348 949 1418 splendorem
978 1346 1069 1415 qui
1096 1353 1240 1400 esset
1269 1345 1370 1407 sol,
1391 1343 1544 1396 illum
1575 1342 1742 1396 solem
1768 1353 1822 1396 et
1852 1341 2035 1412 splen-

456 1439 646 1493 (iorem
698 1439 1009 1492 diceremus
1057 1434 1226 1488 tilium
1278 1434 1428 1488 solis.
1469 1433 1527 1486 ln
1566 1432 1668 1487 hoc
1721 1443 1900 1486 tamen
1946 1437 2035 1485 est

455 1530 796 1593 differentia,
846 1528 993 1597 quod
1047 1528 1099 1581 in
1149 1525 1438 1586 creaturis,
1482 1525 1536 1578 in
1588 1525 1787 1592 quibus
1829 1539 1948 1579 esse
1977 1530 2035 1578 et

455 1619 694 1676 essentia
743 1616 1027 1684 diﬂ‘eruut,
1055 1632 1159 1670 non
1195 1624 1422 1683 possunt
1464 1612 1817 1682 multiplicari
1850 1612 2034 1684 subje-

458 1727 573 1774 cta,
599 1728 722 1768 eum
771 1728 878 1768 non
909 1710 1306 1780 multiplicatur
1347 1718 1563 1762 natura.
1596 1707 1752 1763 Unde
1779 1714 1834 1762 et
1868 1707 2033 1760 homo

457 1807 625 1860 alium
661 1803 938 1857 hominem
970 1802 1183 1872 gignit:
1213 1800 1357 1855 Deus
1393 1807 1600 1862 autem,
1645 1799 1696 1851 in
1736 1813 1846 1868 quo
1885 1796 2032 1852 idem

458 1905 544 1949 est
568 1909 687 1950 esse
713 1902 770 1948 et
795 1893 1056 1958 essentia,
1084 1907 1148 1946 ex
1176 1891 1357 1959 seipse
1383 1891 1608 1944 verbum
1644 1889 1889 1960 gignens,
1921 1903 2031 1941 non

459 1987 627 2041 alium
671 1988 840 2040 Deum
875 1994 1123 2056 generat.
1157 1984 1349 2037 Divina
1381 1984 1529 2036 enim
1566 1983 1804 2035 essentia
1854 1996 2034 2049 neque

459 2077 742 2132 dissimilis
769 2085 872 2138 est,
903 2089 1085 2143 neque
1113 2074 1298 2127 innata
1326 2083 1410 2127 est
1449 2070 1800 2140 multiplicari
1832 2070 2035 2125 secun-

458 2167 588 2223 dum
607 2168 843 2234 aliquem
863 2165 1106 2229 modum,
1125 2173 1624 2236 proptersummam
1645 2162 2033 2234 periectiouem

457 2271 516 2315 et
558 2258 987 2328 simplicitatem.
1024 2256 1369 2312 Mabometus
1401 2256 1566 2326 igitur
1613 2255 1842 2311 audiens
1880 2254 2040 2310 Chri-

461 2353 640 2407 tianos
677 2351 923 2405 dicentes
949 2350 1118 2404 Deum
1169 2348 1374 2403 habere
1408 2348 1604 2412 tilium,
1639 2346 1876 2402 nescivit
1900 2361 2036 2401 eon-

459 2441 726 2503 siderare,
754 2439 899 2506 quod
935 2438 1196 2508 possibile
1227 2446 1312 2491 est
1336 2451 1457 2491 esse
1491 2436 1658 2491 tilium
1685 2435 1894 2505 absque
1924 2451 2039 2489 mu-

462 2533 614 2587 liere.
648 2531 715 2586 Et
757 2539 980 2602 propter
1013 2530 1117 2584 hoc
1161 2529 1370 2583 nullam
1417 2528 1580 2583 aliam
1613 2527 1840 2582 adduxit
1871 2541 2037 2596 argu-

462 2624 858 2677 mentationem
913 2621 1020 2676 nisi
1067 2618 1213 2690 quod
1262 2619 1404 2673 Deus
1449 2634 1559 2672 non
1601 2626 1779 2685 potest
1831 2615 2035 2673 habere

451 2709 686 2778 Filium,
720 2713 846 2783 quia
874 2727 1100 2767 uxorem
1127 2727 1234 2766 non
1267 2711 1449 2765 habet.
1475 2711 1541 2764 Et
1570 2725 1677 2763 non
1708 2707 2037 2777 excogitavit

457 2807 604 2879 quod
641 2806 779 2861 dixit
823 2802 1016 2869 David,
1050 2804 1225 2873 quem
1247 2812 1457 2856 tantum
1490 2798 1896 2854 commendavit
1927 2797 2038 2851 Ma-

467 2899 739 2961 bometus,
775 2894 870 2965 qui
899 2902 1100 2964 praeter
1133 2892 1304 2945 tilium
1352 2890 1660 2944 naturalem
1696 2889 1831 2940 dixit
1862 2887 2035 2939 Deum

2064 1766 2107 1822 Β

2136 533 2232 585 γον
2271 515 2524 588 διαφέρει
2559 517 2760 586 τρόπον
2803 516 2945 576 τινὰ,
2997 516 3057 570 ὲν
3088 516 3146 568 δὲ
3195 517 3262 585 τῇ
3295 515 3414 586 θείᾳ
3457 516 3614 587 οὐσίᾳ
3643 517 3706 570 οὐ

2135 608 2356 661 δύναται
2397 603 2537 661 εἶναι
2600 607 2862 677 διαίρεσις
2921 608 2954 678 ἥ
3004 607 3310 678 διάκρισις·
3353 609 3567 678 ἀνάγκη
3595 610 3708 662 ἐκεί

2136 702 2277 756 εἶναι
2311 702 2670 772 προοωπικὴν
2715 700 2886 770 μόνην
2929 699 3227 772 διάκρισιν,
3263 699 3403 753 ὥστε
3433 700 3527 754 τὸν
3552 700 3708 767 λόγον

2135 793 2230 847 τοῦ
2263 792 2513 861 λέγοντος
2550 791 2850 864 ἀναφοραῖς
2873 789 3248 860 διακρίνεσθαι
3277 789 3490 858 μόναις,
3520 791 3707 861 ὥσπερ

2137 883 2389 952 καὶπερὶ
2421 881 2516 936 τοῦ
2551 883 2712 951 ἁγίου
2759 883 3079 954 Πνεῦματος
3117 885 3355 955 εἴρηται.
3405 884 3519 937 Καὶ
3557 876 3709 945 οῦτός

2136 977 2285 1029 ἐστιν
2315 976 2342 1028 6
2371 974 2552 1041 λόγος,
2591 967 2637 1042 ᾧ
2677 975 2705 1028 6
2754 973 2908 1040 Θεὸς,
2948 975 3131 1029 Πάντα
3156 977 3226 1028 τὰ
3277 976 3537 1045 γινόμε·.α
3566 974 3705 1039 εἷπε,

2139 1085 2161 1120 ι
2197 1065 2460 1128 Γενέσθω,
2496 1065 2591 1120 καὶ
2617 1066 2875 1134 γέγονεν·
2913 1085 2933 1119 ι
2965 1067 3156 1138 ὥσπερ
3202 1067 3296 1121 καὶ
3322 1070 3381 1121 ἂν
3401 1067 3479 1135 τῷ
3521 1067 3706 1120 ’Λλκοο

2135 1157 2287 1225 ράνῳ
2316 1153 2556 1219 ὶέγεται.
2590 1154 2699 1207 Καὶ
2747 1151 2889 1206 κατὰ
2915 1152 3076 1205 τοῦτο
3119 1156 3402 1223 συμφωνεῖ
3425 1154 3485 1207 τὸ
3518 1153 3708 1207 Ἀλκος

2140 1248 2298 1316 ρὰνον
2330 1247 2408 1313 τῷ
2434 1245 2751 1316 Εὐαγγελίῳ
2783 1245 2876 1299 τοῦ
2925 1245 3195 1313 Ἰωάννου,
3221 1248 3281 1311 6;
3299 1263 3455 1316 φησι,
3477 1265 3496 1300 t
3523 1247 3706 1300 Πάντα

2135 1339 2202 1393 δι’
2233 1338 2399 1393 αὑτοῦ
2429 1338 2664 1406 ἐγένετο.
2700 1355 2718 1388 ι
2768 1337 2920 1390 Ἐπεὶ
2960 1339 3140 1391 τοίνυν
3179 1339 3287 1392 ὑπὸ
3320 1336 3415 1392 τοῦ
3457 1338 3707 1404 λέγοντος

2135 1434 2163 1486 6
2188 1431 2344 1500 λόγος
2387 1430 2848 1500 συλλαμϐάνεται,
2892 1429 2988 1483 καὶ
3031 1430 3234 1498 νοερῶς
3282 1432 3578 1497 γεννᾶται·
3613 1431 3706 1483 καὶ

2135 1525 2195 1577 τὸ
2227 1525 2319 1594 ἀφ’
2354 1525 2541 1593 ἐτέρου
2567 1523 2908 1592 γεννώμενον
2933 1521 3058 1576 καθ’
3083 1522 3380 1593 ὁμοιότητα
3410 1522 3504 1577 τοῦ
3535 1522 3708 1587 εἴδους

2135 1618 2230 1670 καὶ
2252 1617 2353 1696 τῆς
2386 1616 2600 1683 φύσεως
2632 1614 2854 1684 λέγεται
2884 1615 3022 1682 υίὸς,
3059 1615 3150 1670 διὰ
3197 1616 3357 1670 τοῦτο
3400 1617 3490 1670 τὸν
3538 1616 3707 1684 Λόγον

2136 1707 2228 1761 τοῦ
2263 1706 2400 1761 Θεοῦ
2439 1706 2670 1775 λέγομεν
2698 1707 2823 1761 Υίὸν
2845 1703 2939 1760 τοῦ
2976 1707 3113 1761 Θεοῦ
3135 1722 3154 1742 ο
3187 1707 3378 1777 ὥσπερ
3422 1709 3451 1760 6
3485 1708 3630 1776 ἥλιος
3659 1708 3708 1760 εί

2134 1799 2374 1854 τοιοῦτον
2433 1801 2778 1868 ἀπαύγασμα
2809 1799 3002 1867 ἐγέννα
3031 1799 3091 1866 ἐξ
3121 1800 3339 1864 ἑαυτοῦ,
3373 1799 3514 1854 ὥστε
3568 1795 3708 1854 εἶναι

2133 1891 2308 1962 ἥλιον,
2343 1893 2558 1956 πάντως
2587 1893 2797 1945 ἐκεῖνον
2834 1893 2925 1945 τὸν
2959 1893 3115 1960 ἥλιον
3138 1892 3236 1946 καὶ
3269 1893 3330 1946 τὸ
3365 1892 3707 1960 ἀπαύγασμα

2137 1982 2231 2035 καὶ
2263 1982 2376 2036 υἱὸν
2419 1983 2486 2034 ἂν
2526 1982 2790 2051 ἐλέγομεν
2841 1983 2936 2035 τοῦ
2972 1984 3150 2052 ἡλίου.
3183 1983 3272 2035 Ἐν
3322 1982 3494 2052 τούτῳ
3530 1983 3709 2052 μέντοι

2134 2077 2290 2129 ἐστὶν
2321 2077 2352 2144 ἡ
2397 2073 2653 2143 διαφορὰ,
2708 2074 2792 2126 ὅτι
2817 2075 2876 2125 ὲν
2911 2074 3010 2139 μὲν
3064 2079 3176 2137 τοῖς
3217 2074 3517 2144 κτίσμασι-ι
3543 2077 3604 2127 ὲν
3631 2069 3712 2136 οἷς

2135 2167 2385 2235 διαφέρει
2424 2166 2488 2218 τὸ
2529 2160 2673 2220 εἶναι
2710 2165 2808 2219 καὶ
2838 2166 2873 2234 ἠ
2903 2165 3083 2229 οὐσία,
3121 2168 3183 2220 οῦ
3212 2165 3471 2219 δύνανται
3509 2165 3712 2218 πολλα-

2137 2256 2533 2321 πλασιάζεσθαι
2555 2257 2620 2311 τὰ
2641 2257 3000 2327 ὑποκείμενα,
3020 2259 3098 2328 μὴ
3120 2251 3215 2311 διαὶ
3239 2259 3334 2328 τῆς
3355 2258 3568 2327 φύσεως
3581 2258 3712 2310 πολ-

2136 2351 2672 2422 λαπλασιαζομένης.
2697 2351 2862 2404 Ὅθεν
2891 2352 2918 2404 6
2938 2351 3224 2423 ἄνθρωπος
3241 2353 3400 2407 ἄλλον
3430 2351 3715 2420 ἄνθρωπον

2136 2444 2336 2509 γεννᾶ⁹
2363 2443 2391 2495 6
2415 2443 2470 2494 δὲ
2497 2441 2733 2507 Θεὸς,ὲν
2753 2437 3011 2510 ᾧταυτόν
3039 2445 3155 2496 ἐστι
3179 2443 3240 2496 τὸ
3263 2439 3402 2498 εἶναι
3432 2443 3528 2498 καὶ
3555 2446 3586 2512 ἠ
3619 2446 3715 2497 οὐ·

2138 2536 2250 2596 σία,
2273 2534 2330 2600 ἐξ
2368 2535 2563 2587 ἑαυτοῦ
2593 2534 2799 2601 γεννῶν
2833 2535 3145 2601 Δόγον,οὐκ
3174 2533 3348 2598 ἄλλως
3380 2535 3514 2588 Θεὸν
3529 2538 3713 2603 γεννᾷ.

2149 2629 2212 2679 Ἥ
2238 2626 2349 2694 γὰρ
2379 2626 2500 2679 Θεία
2520 2626 2700 2690 οὐσία,
2723 2626 2832 2678 οὒτ’
2858 2626 3112 2696 ἀνόμοιός
3141 2628 3310 2686 ἐστιν.
3343 2627 3471 2680 οὔτε
3499 2629 3716 2697 πέφυκε

2139 2717 2708 2782 πολλαπλασιάζεσοαι
2734 2719 2878 2772 κατά
2910 2737 3032 2771 τινα
3058 2720 3256 2786 τρόπον
3285 2720 3375 2773 διὰ
3405 2724 3506 2790 την
3541 2721 3717 2787 ἄκραν

2137 2813 2452 2882 τελειότητα
2477 2813 2570 2863 καὶ
2606 2811 2908 2879 ἁπλότητα.
2950 2812 3009 2864 '0
3039 2811 3283 2880 Μωάμεθ
3333 2812 3512 2866 τοίνυν
3552 2811 3720 2866 datod-

2140 2923 2242 2969 σας
2275 2907 2400 2969 τοὺς
2427 2905 2792 2973 Χριστιανοὺς
2823 2905 3080 2971 λέγοντας
3107 2909 3202 2958 ’ὢν
3241 2906 3371 2962 Θεὸν
3395 2904 3541 2975 ἔχειν
3565 2905 3715 2968 Υίὸν,

465 2989 667 3044 multos
689 2988 895 3042 habere
930 2987 1067 3039 ﬁlios
1091 2983 1402 3054 adoptivos,
1431 2982 1622 3036 dicens
1648 2998 1661 3034 ι
1702 2999 1719 3030 ι
1755 2979 1870 3049 Ego
1899 2974 2035 3041 dixi,

2139 2997 2237 3049 οὐκ
2265 2996 2503 3066 ἠδυνήθη
2540 2996 2890 3062 λογίσασθαι,
2927 2999 3001 3056 ὡς
3025 2997 3252 3051 δυνατὸν
3285 2974 3430 3050 εἶναι
3469 2999 3584 3050 υίὸν
3608 3015 3720 3066 χω-

458 3083 534 3138 dii
574 3083 729 3145 estis,
766 3090 822 3135 et
856 3079 951 3134 ﬁlii
987 3078 1196 3136 Excelsi
1228 3091 1421 3130 omnes
1450 3077 1517 3133 ".
1549 3094 1566 3124 ι
1603 3083 1654 3128 et
1684 3088 1792 3126 non
1819 3087 1884 3124 ex
1915 3085 2036 3123 mu-

2145 3091 2228 3158 ρἰς
2254 3088 2531 3154 γυναικός.
2574 3087 2685 3140 Καὶ
2714 3086 2804 3138 διὰ
2845 3085 3007 3138 τοῦτο
3037 3087 3192 3140 οὐδὲν
3222 3086 3348 3140 ἄλλο
3395 3089 3717 3159 παρήγαγεν

457 3177 614 3232 liere.
656 3174 802 3228 Alias
845 3184 1024 3228 tamen
1063 3172 1191 3228 licet
1222 3169 1588 3242 Mahometum
1623 3165 1784 3219 simul
1816 3179 1941 3217 cum
1969 3177 2035 3217 eo

461 3268 786 3336 intelligere,
841 3266 933 3332 qui
977 3265 1110 3318 dicit
1141 3262 1364 3316 Mariam
1397 3275 1558 3331 posse
1609 3259 1809 3313 habere
1864 3258 2034 3311 lilium

462 3362 670 3428 absque
701 3360 819 3412 viro
847 3376 861 3410 :
894 3356 986 3410 sed
1017 3356 1314 3424 quomodo,
1344 3370 1450 3407 non
1486 3353 1878 3406 convenienter
1904 3365 2038 3403 con-

459 3452 749 3513 sideravit,
791 3448 938 3519 quod
976 3451 1116 3505 Deus
1165 3455 1219 3498 et
1251 3449 1454 3513 absque
1487 3443 1716 3496 muliere
1768 3440 2040 3509 potuisset

462 3546 662 3600 habere
726 3541 920 3596 tilium.
982 3541 1180 3594 Verum
1243 3539 1407 3606 igitur
1466 3535 1604 3588 dixit
1659 3534 2038 3596 Mahometns.

457 3636 682 3708 quando
714 3635 849 3688 dixit
877 3632 1154 3688 Christum
1177 3630 1360 3684 Jesutn
1398 3627 1567 3680 tilium
1599 3626 1798 3690 Mariae,
1819 3637 1873 3679 et
1905 3626 2039 3680 Ver-

461 3731 593 3784 bum
637 3727 731 3781 Dei
774 3741 894 3781 esse
925 3743 939 3779 :
969 3723 1064 3778 sed
1118 3737 1224 3775 non
1276 3720 1564 3775 intellexit.
1600 3720 1655 3774 Si
1690 3721 1837 3775 enim
1880 3720 2040 3774 intel-

458 3819 709 3876 lexisset,
759 3818 1028 3870 dixisset:
1081 3813 1159 3866 Ex
1199 3827 1307 3882 quo
1363 3821 1447 3866 est
1496 3811 1638 3866 lilius
1694 3811 1906 3878 Mariae,
1954 3822 2041 3866 est

459 3927 625 3967 verus
676 3911 878 3974 homo;
925 3923 991 3962 ex
1042 3920 1150 3975 quo
1205 3913 1292 3958 est
1323 3903 1560 3958 Verbum
1611 3903 1730 3969 Dei,
1763 3916 1846 3958 est
1878 3919 2040 3958 verus

461 4005 630 4059 Deus.
661 4003 778 4056 Non
810 4002 960 4054 enim
1003 4011 1085 4056 est
1118 4001 1262 4054 Deus
1297 3999 1635 4066 compositus
1665 4006 1720 4051 et
1756 3996 2042 4066 imperfec-

463 4107 572 4159 tus,
604 4096 747 4150 sicut
792 4095 978 4155 homo,
1029 4092 1188 4161 cujus
1248 4091 1474 4143 verbum
1527 4099 1580 4142 et
1623 4088 2041 4156 comprehensio

463 4190 687 4250 mentis,
719 4200 772 4239 et
819 4201 909 4238 ars
959 4195 1015 4238 et
1063 4185 1230 4246 actio,
1275 4198 1385 4238 non
1428 4193 1514 4236 est
1542 4181 1728 4234 homo.
1761 4179 2040 4248 Quidquid

461 4292 647 4334 autem
696 4290 780 4332 est
851 4277 974 4339 Dei,
1014 4286 1098 4330 est
1143 4275 1305 4330 Deus.
1356 4273 1510 4329 Unde
1565 4284 1618 4327 et
1652 4272 1892 4327 Verbum
1946 4272 2040 4327 Dei

462 4373 609 4426 Titus
634 4379 738 4433 est,
776 4379 830 4423 et
865 4369 1175 4423 intellectus
1227 4366 1322 4420 Dei
1359 4365 1501 4418 Deus
1531 4375 1618 4420 est
1659 4375 1714 4418 et
1757 4364 1900 4417 actio
1943 4361 2040 4418 Dei

2138 3180 2477 3250 ἐπιχείρημα
2503 3179 2637 3251 περὶ
2665 3179 2757 3232 τοῦ
2803 3180 2876 3250 μὴ
2916 3180 3062 3250 ἔχειν
3107 3184 3219 3231 υἱον
3250 3180 3339 3232 τὸν
3377 3179 3530 3245 Θεὸν,
3562 3181 3596 3250 ἦ
3635 3182 3719 3234 ὅτι

2137 3275 2237 3328 οὑκ
2263 3274 2377 3342 ἔχει
2402 3276 2660 3342 γυναῖκα.
2689 3273 2803 3326 Καὶ
2830 3273 2930 3325 οὐκ
2955 3275 3241 3340 ἐνενόησεν
3269 3275 3349 3326 ὅτι
3383 3274 3412 3324 6
3447 3273 3634 3336 Δαὸὶδ,
3659 3274 3720 3326 ὃν

2139 3363 2392 3418 τοσοῦτον
2424 3363 2790 3433 ἐγκωμιάζει.
2852 3364 3003 3435 παρὰ
3058 3366 3149 3415 τὸν
3205 3364 3366 3432 φύσει
3428 3366 3542 3417 υίὸν
3597 3361 3716 3419 εἷπε

2139 3458 2234 3509 καὶ
2273 3457 2468 3519 ἄλλους
2497 3457 2642 3517 υἱοὺς
2680 3457 3027 3524 εἰσποιητοὺς
3061 3455 3229 3523 ἔχειν,
3259 3455 3466 3522 λέγων’
3510 3472 3528 3499 ι
3578 3457 3720 3522 Ἐγὼ

2097 3584 2104 3589 .
2140 3540 2292 3608 εἶπα,
2329 3546 2453 3597 Θεοί
2497 3546 2643 3608 ἐστε,
2685 3545 2780 3596 καὶ
2815 3543 2924 3595 υίοὶ
2959 3543 3222 3613 Ὑψίστου
3274 3546 3510 3605 πάντεςο
3564 3562 3581 3595 ι
3624 3545 3717 3596 καὶ

2139 3634 2238 3685 οὐκ
2268 3634 2331 3683 ἐκ
2357 3632 2842 3701 γυναικός.”ομως
2867 3631 3046 3696 ἔξεστι
3078 3633 3515 3700 συνανοηταίνειν
3546 3633 3715 3702 αὐτῷ.

2152 3721 2212 3775 Ὀ
2237 3722 2426 3792 Μαχού
2437 3740 2538 3792 μετ
2567 3721 2738 3774 εἰπὼν
2767 3724 2870 3805 την
2893 3723 3114 3790 Μαρίαν
3135 3721 3399 3776 δύνασθαι
3429 3725 3576 3792 ἔχειν
3601 3724 3716 3776 υἱὸν

2140 3816 2270 3870 ἄνευ
2328 3816 2542 3885 ἀνδρὸς,
2577 3816 2694 3878 πῶς
2727 3816 2828 3869 οὐκ
2859 3816 2922 3869 ἂν
2969 3817 3198 3879 εἰκότως
3235 3817 3542 3884 ἐλογίσατο,
3581 3818 3662 3869 ὅτι
3686 3818 3716 3869 6

2141 3910 2271 3971 Θεὸς
2291 3911 2384 3963 καὶ
2412 3909 2541 3962 ἄνευ
2577 3908 2835 3976 γυναικὸς
2859 3909 3085 3962 ἐδύνατο
3116 3909 3184 3963 ἂν
3209 3908 3355 3978 ἔχειν
3382 3911 3536 3975 υίόνς
3564 3911 3718 3979 Ἀληο

2143 4003 2232 4065 θὲς
2261 4003 2437 4056 τοίνυν
2469 4003 2671 4072 ἔφησεν
2694 4004 2721 4054 6
2750 4001 3068 4071 Μαχούμετ,
3100 4002 3190 4055 ὅτε
3219 3997 3343 4055 εἷπε
3372 4004 3463 4055 τὸν
3487 4004 3717 4078 Χριστὸν

2153 4091 2366 4157 Ἰησοῦν
2403 4089 2494 4141 τὸν
2532 4091 2646 4141 υἱὸν
2675 4091 2773 4154 τῆς
2801 4090 3022 4156 Μαρίας
3059 4088 3158 4142 καῖ
3180 4090 3354 4154 Λόγον
3384 4086 3520 4143 εἶναι
3545 4089 3713 4145 Θεοῦ·

2141 4182 2254 4235 ἀλλ’
2284 4184 2384 4235 οὐκ
2417 4182 2721 4248 ἐνενόησεν.
2757 4182 2819 4234 Ei
2856 4182 2964 4250 γὰρ
2997 4183 3159 4247 ἐνόεε,
3188 4176 3342 4234 εἶπεν
3372 4183 3458 4246 ἂν.
3495 4183 3556 4236 Εἰ
3584 4183 3719 4236 καθὸ

2145 4274 2260 4336 υίός
2290 4277 2409 4326 ἐστι
2436 4273 2533 4343 τῆς
2572 4273 2811 4342 Μαρίας,
2857 4272 3064 4340 ἀληθής
3102 4273 3251 4326 ἐστιν
3276 4272 3578 4343 ἄνθρωπος,
3625 4276 3719 4325 καὶ

2145 4367 2279 4420 καθὸ
2317 4367 2487 4430 Λόγος
2528 4367 2663 4418 ’ἐστὶ
2694 4365 2788 4418 τοῦ
2818 4365 2976 4429 Θεοῦ,
3031 4363 3238 4434 ἀληθής
3279 4367 3396 4417 ἐστι
3455 4364 3606 4426 Θεός.
3641 4363 3718 4416 Οὐ

467 4464 614 4519 Deus
646 4473 749 4518 est.
785 4463 1114 4516 Alcoranum
1149 4468 1330 4512 autem
1381 4457 1658 4511 hominem
1693 4457 1869 4509 solum
1899 4455 2036 4523 cepit

2151 4459 2256 4526 γάρ
2285 4461 2432 4510 ἐστιν
2485 4460 2513 4510 6
2545 4458 2677 4520 Θεὸς
2714 4457 2968 4519 σύνθετος
3003 4458 3035 4526 ἢ
3071 4458 3290 4524 ἀτελὴς,
3333 4457 3524 4526 ὥσπερ
3552 4463 3580 4509 6
3624 4457 3717 4509 ἇν-

467 4555 766 4614 Christum.
820 4552 888 4606 Et
933 4563 1155 4621 propter
1203 4552 1307 4604 hoc
1352 4559 1641 4619 postquam
1686 4548 1857 4611 dixit,
1889 4545 2037 4615 quod

468 4650 710 4706 Verbum
739 4655 822 4702 est
857 4643 973 4708 Dei,
1013 4642 1246 4701 addidit.
1274 4641 1420 4710 quod
1455 4640 1618 4694 Jesus
1645 4639 1727 4692 sic
1769 4647 1854 4692 est
1893 4634 2038 4705 apud

468 4744 662 4808 Detnn,
693 4740 835 4794 sicut
873 4737 1070 4798 Adam,
1100 4749 1262 4805 quem
1313 4733 1522 4787 ereavit
1555 4732 1623 4786 de
1669 4731 1800 4785 limo
1835 4737 2039 4791 terrai;

464 4841 520 4891 et
563 4834 702 4889 dixit
733 4833 804 4895 ei,
834 4830 984 4883 Esto.
1016 4828 1082 4881 Et
1111 4824 1388 4895 quomodo
1421 4825 1524 4878 hoc
1567 4837 1690 4876 cum
1725 4821 2041 4890 prazceden-

466 4929 614 4981 tibus
644 4921 948 4978 convenit?
987 4918 1120 4974 Cum
1153 4917 1300 4971 enim
1332 4916 1555 4982 dixerit,
1591 4914 1735 4983 quod
1771 4915 1913 4966 Deus
1949 4912 2035 4964 iu-

463 5018 667 5074 l'uderit
705 5015 940 5070 Verbqu
1004 5010 1202 5074 Mariae,
1237 5017 1292 5062 et
1341 5007 1606 5076 Spiritum
1658 5005 1796 5073 ejus,
1828 5019 1890 5056 ex
1927 5017 2036 5071 quo

467 5119 628 5164 natus
663 5113 745 5161 est
786 5103 1059 5163 Christus,
1088 5111 1146 5155 et
1182 5109 1306 5168 post
1353 5099 1466 5150 δῆξις
1515 5109 1703 5148 rursus
1751 5094 2035 5162 opinatur,

467 5211 525 5257 ut
579 5201 748 5256 Adam
799 5199 844 5251 is
887 5197 958 5250 sit
987 5208 1150 5263 quem
1188 5192 1442 5245 formavit
1480 5203 1545 5242 ex
1582 5199 1747 5250 terra,
1786 5189 2043 5239 inconve-

469 5299 626 5354 niens
659 5295 845 5365 igitur,
882 5291 1120 5346 Verbum
1153 5286 1249 5342 Dei
1281 5296 1335 5340 et
1378 5284 1643 5354 Spiritum
1679 5285 1797 5353 ejus
1837 5295 2037 5336 terram

466 5405 611 5446 esse.
643 5386 753 5441 Nisi
783 5385 968 5453 aliquo
999 5382 1162 5435 modo
1189 5379 1281 5433 Dei
1316 5391 1563 5431 naturam
1604 5385 1801 5430 terram
1835 5391 2039 5444 suppo-

465 5495 677 5544 namus,
712 5478 857 5549 quod
909 5476 1069 5530 absit.
1119 5474 1278 5528 Essm
1324 5471 1470 5526 enim
1513 5468 1748 5523 Verbum
1804 5471 1942 5538 ejus,
1979 5479 2038 5522 et

466 5575 702 5646 Spiritus
736 5575 857 5638 ejus
890 5566 1034 5621 sicut
1060 5564 1310 5635 qumdam
1348 5571 1547 5624 statua,
1577 5574 1701 5629 quae
1746 5575 1921 5627 neque
1953 5559 2036 5613 iu-

535 5756 578 5788 “
601 5752 757 5808 Joau.
792 5769 830 5818 t,
860 5751 920 5808 5.
995 5748 1039 5780 ²⁹
1075 5745 1219 5802 Psal.
1253 5759 1426 5798 uxxt.
1457 5741 1508 5796 6.

2145 4553 2383 4618 (ιρωπος,
2439 4542 2500 4602 οὗ
2551 4552 2577 4602 6
2631 4549 2810 4616 λόγος,
2859 4553 2951 4600 καὶ
3017 4551 3050 4618 ἡ
3116 4548 3383 4618 σύλληψις
3447 4551 3544 4616 τῆς
3601 4550 3716 4600 δια·
3815 4601 3822 4605 ,

2145 4643 2314 4704 νοίας,
2375 4642 2467 4693 καὶ
2521 4642 2551 4709 ή
2583 4639 2766 4711 τέχνη,
2805 4640 2901 4693 καὶ
2949 4641 2982 4709 ἡ
3030 4640 3280 4708 ἐνέργεια
3316 4639 3415 4691 οὐκ
3449 4641 3596 4692 ἐστιν
3621 4640 3716 4692 ἄν-

2146 4733 2386 4804 θρωπος.
2414 4733 2631 4786 Μᾶλλον
2655 4733 2756 4803 μὲν
2777 4729 2874 4785 οὖν
2922 4733 3057 4802 ἕπερ
3080 4732 3146 4787 ἂν
3230 4732 3323 4784 τοῦ
3369 4728 3525 4796 Θεοῦ,
3589 4729 3720 4793 Θεός

2147 4826 2314 4877 ἐστιν.
2372 4823 2535 4876 Ὅθεν
2580 4824 2674 4876 καὶ
2720 4825 2747 4876 6
2801 4821 2897 4875 τοῦ
2953 4821 3088 4873 Θεοῦ
3144 4823 3316 4889 Λόγος
3373 4821 3505 4882 Θεός
3564 4823 3715 4872 ἐστι’

2149 4917 2242 4968 καὶ
2272 4919 2298 4968 6
2330 4915 2452 4977 νοῦς
2486 4914 2578 4967 τοῦ
2605 4916 2742 4966 Θεοῦ
2774 4915 2907 4976 Θεός
2950 4916 3070 4966 ἐστι
3092 4929 3107 4943 ·
3143 4913 3238 4966 καὶ
3278 4914 3308 4981 ἡ
3342 4912 3590 4980 ἐνέργεια
3622 4910 3717 4965 τοῦ

2147 5008 2281 5060 Θεοῦ
2332 5006 2470 5070 ’Θεός
2507 5010 2644 5059 ἐστι.
2683 5008 2756 5058 Τὸ
2813 5007 2870 5059 δὲ
2907 5005 3230 5076 Ἀλκορὰνον
3289 5005 3573 5071 ἄνθρωπον
3619 5005 3717 5072 μό-

2149 5119 2237 5154 νπιν
2262 5103 2418 5152 ἕλαὸε
2448 5101 2537 5151 τὸν
2559 5099 2816 5168 Χριστόν.
2845 5100 2953 5151 Καὶ
2980 5100 3065 5150 διὰ
3091 5097 3248 5152 τοῦτο
3272 5100 3409 5167 μετὰ
3439 5103 3500 5151 τὸ
3521 5099 3714 5159 εἰπεῖν,

2150 5194 2230 5244 ὅτι
2271 5195 2440 5254 Λόγος
2488 5188 2554 5261 ἦν
2583 5191 2673 5244 τοῦ
2722 5190 2878 5249 Θεοῦ,
2918 5191 3279 5260 προσέθηκεν,
3319 5192 3400 5241 ὅτι
3445 5190 3474 5241 6
3515 5188 3718 5255 Ἰησοῦς

2150 5283 2322 5346 οὕτως
2358 5286 2474 5336 ἐστὶ.
2497 5287 2632 5353 πρὸς
2662 5292 2752 5335 τὸν
2786 5283 2950 5349 Θεὸν,
2972 5282 3162 5352 ὥσπερ
3201 5285 3228 5333 6
3265 5281 3454 5350 Ἀδὰμ.
3480 5283 3538 5333 ὃν
3560 5282 3719 5332 ἐπλα-

2151 5393 2239 5427 σεν
2288 5377 2352 5427 ὲκ
2386 5375 2484 5440 τῆς
2524 5378 2624 5445 γῆς
2653 5391 2666 5404 ·
2705 5375 2796 5426 καὶ
2838 5370 2990 5426 εἶπεν
3035 5373 3204 5443 αὐτῷ,
3250 5375 3401 5427 Ἐσο.
3429 5375 3534 5425 Καὶ
3565 5373 3719 5425 τοῦτο

2147 5469 2266 5528 πῶς
2324 5470 2435 5529 τοῖς
2475 5467 2908 5536 προηγουμένοις
2947 5467 3183 5536 συνᾴδει,
3221 5465 3360 5517 ὥστε
3412 5468 3505 5519 τὸν
3553 5465 3712 5516 αὑτὸν

2147 5561 2390 5626 δοξάζειν
2442 5561 2673 5612 ἐνθεῖναι
2711 5560 2808 5627 μὲν
2849 5563 2911 5630 τῇ
2946 5561 3135 5630 Μαρίᾳ
3187 5559 3276 5628 τὸν
3313 5559 3484 5626 Λόγον
3533 5555 3624 5610 καὶ
3657 5556 3718 5609 τὸ
