4054 6298
451 353 593 434 1i39
628 378 633 382 ·

1701 361 2088 427 DEMETRII
2125 365 2437 430 CYDONII

3579 368 3717 438 1140

450 493 580 550 huic
613 494 800 550 Judaaa
857 495 1106 565 qumdam
1140 510 1337 554 venam
1396 499 1682 555 sccuisset.
1715 501 1872 566 item,
1919 501 2035 572 ipse

2148 499 2242 546 τις.
2279 482 2402 536 Ἐτι
2422 480 2586 546 αὐτὸς
2609 481 2708 552 μὲν
2737 484 2766 536 6
2803 483 3036 551 Χριστδς
3057 483 3120 537 ἐκ
3147 485 3240 540 τοῦ
3279 486 3529 556 Ἀδραὰμ
3559 491 3724 558 κατή-

450 588 674 658 quidem
707 588 966 646 Christus
996 591 1066 646 ab
1097 591 1372 648 Abraham
1429 593 1717 650 descendit
1758 605 1814 650 et
1857 596 2029 659 Isaae,

448 684 538 736 cui
571 682 712 738 facta
763 691 848 738 est
880 684 1172 753 promissio
1202 685 1271 741 de
1306 686 1692 743 benedictione
1751 699 1806 742 et
1838 703 2034 743 conse-

449 776 667 845 quentia
725 776 1065 832 haereditate.
1118 777 1463 834 Mahometus
1511 789 1694 834 autem
1750 779 2036 834 descendit

451 882 551 940 per
580 868 801 933 lsmael,
835 869 903 925 ad
937 885 1101 940 quem
1135 886 1246 926 non
1298 872 1548 942 pervenit
1579 873 1903 941 promissio;
1937 873 2034 927 scd

449 963 519 1018 de
556 979 626 1018 eo
657 964 922 1033 scriptum
969 973 1077 1028 est,
1099 965 1246 1034 quod
1284 983 1304 1016 ι
1343 964 1463 1019 Erit
1497 964 1712 1020 ferreus
1745 964 1930 1026 homo,
1974 975 2031 1019 et

455 1071 651 1112 manus
700 1059 821 1128 ejus
873 1066 1064 1114 contra
1111 1073 1324 1124 omnes,
1367 1077 1386 1111 ›
1437 1069 1494 1113 ιιι
1544 1059 1754 1130 reliqua
1805 1059 1871 1114 ³⁵.
1902 1056 2033 1113 Rem

451 1150 706 1206 Christus
763 1151 976 1204 nullum
1057 1165 1298 1219 unquam
1376 1160 1660 1219 peceatum
1736 1151 2031 1208 commisit.

456 1245 695 1312 Spiritus
725 1242 871 1298 enim
922 1242 1021 1299 Dei
1051 1250 1108 1298 et
1147 1242 1387 1298 Verbum
1426 1243 1520 1300 Dei
1551 1259 1658 1299 non
1690 1245 1870 1312 potuit
1909 1259 2037 1313 pec-

454 1351 598 1390 care.
629 1334 972 1390 Mabometus
1007 1343 1190 1390 autem
1236 1335 1523 1391 idololatra
1568 1337 1674 1392 fuit
1719 1348 1774 1392 et
1807 1338 2032 1391 homici-

453 1430 544 1496 da,
595 1429 832 1484 lascivus
885 1436 942 1484 et
1003 1442 1196 1499 rapax,
1255 1428 1556 1498 multisque
1609 1429 1732 1483 aliis
1795 1430 2035 1499 peccatis

454 1521 752 1585 obnoxius,
805 1521 860 1575 in
896 1519 1099 1590 quibus
1142 1520 1307 1584 Deus,
1339 1529 1401 1576 ut
1435 1519 1646 1585 dicunt,
1672 1521 1723 1576 ei
1770 1522 2030 1591 pepercit.

451 1613 588 1668 Item
645 1612 904 1669 Christus
939 1612 1207 1682 stupenda
1263 1612 1394 1669 fecit
1446 1613 1710 1668 miracula
1767 1625 1824 1668 et
1859 1614 2032 1670 utilia.

453 1704 611 1762 Sicut
660 1707 808 1763 enim
867 1707 1071 1762 dicitur
1105 1708 1159 1760 in
1213 1707 1454 1777 capitulo
1512 1707 1778 1783 Elmaida,
1815 1708 1866 1761 in
1905 1707 2033 1772 ﬁne,

453 1797 710 1854 Christus
750 1813 926 1854 caecos
969 1799 1326 1863 illuminavit,
1356 1800 1602 1869 leprosos
1648 1800 1953 1865 inundavit,
1978 1810 2036 1857 et

454 1898 701 1946 mortuos
728 1889 1017 1946 suscitavit
1050 1889 1434 1946 :l—lahometus
1471 1899 1653 1944 autem
1691 1892 1901 1945 nullum
1938 1893 2040 1947 mi-

456 1979 704 2036 raculum
735 1978 886 2044 fecit,
909 1979 1216 2035 secundum
1259 1980 1613 2036 Alcoranum.
1643 1981 1710 2035 Et
1738 1997 1859 2051 qua:
1886 1984 1950 2038 de
1971 1999 2040 2038 eo

452 2070 735 2135 dicuntur,
775 2073 856 2126 vel
897 2071 1368 2138 inconvenientia,
1397 2074 1481 2129 vel
1513 2074 1871 2144 impossibilia
1912 2089 2040 2134 sunt

452 2175 509 2218 ct
556 2162 785 2234 absona,
815 2164 960 2218 sicut
1021 2165 1212 2219 lunam
1273 2164 1504 2220 divisam
1547 2167 1923 2238 reintcgrare,
1956 2170 2040 2223 vel

455 2256 697 2323 inutilia,
728 2256 873 2312 sicut
905 2257 1174 2312 camclum
1218 2259 1402 2328 loqui,
1437 2259 1522 2314 vel
1551 2261 1774 2315 omnino
1804 2263 2036 2317 occulta.

450 2348 622 2404 Muita
653 2348 803 2405 enim
852 2349 990 2406 dixit
1018 2350 1260 2418 seipsum
1292 2353 1346 2407 in
1382 2354 1598 2409 occulto
1625 2362 1680 2409 et
1710 2362 1869 2408 nocte
1899 2353 2043 2409 face—

455 2459 536 2506 re,
571 2457 693 2514 quae
753 2443 808 2498 in
855 2443 944 2500 die
1001 2444 1324 2515 requisitus,
1355 2445 1648 2502 ostendere
1695 2461 1802 2500 non
1837 2446 2040 2517 potuit.

455 2533 615 2591 Unde
655 2537 705 2589 ei
761 2534 1068 2590 dixerunt:
1119 2535 1268 2591 Dicis
1302 2546 1356 2592 te
1405 2535 1711 2592 ascendere
1748 2536 1802 2591 in
1839 2536 2038 2592 caelum

452 2627 523 2684 ad
560 2627 730 2683 Deum
758 2637 942 2694 nocte,
967 2628 1205 2684 ascende
1253 2629 1322 2685 de
1373 2629 1570 2695 die,ut
1595 2629 1878 2685 videamus
1919 2646 2038 2696 nos,

452 2727 510 2773 et
541 2718 852 2774 credemus.
885 2717 1143 2774 Christus
1169 2728 1356 2774 autem
1405 2719 1639 2774 maxima
1667 2729 1722 2775 et
1754 2722 2040 2790 magnitica

452 2810 720 2864 miracula
752 2808 988 2865 faciebat
1008 2811 1076 2865 de
1096 2809 1207 2875 die,
1236 2817 1293 2865 et
1323 2808 1380 2863 in
1421 2810 1733 2874 manifesto,
1765 2821 1821 2865 et
1851 2826 2037 2866 coram

455 2901 647 2956 multis
688 2901 923 2957 testibus
958 2901 1285 2957 videntibus
1315 2919 1329 2957 :
1359 2916 1531 2972 quare
1596 2904 1883 2959 manifesta
1911 2915 2040 2958 sunt

453 3012 620 3065 opera
674 2995 840 3051 illius.
886 2996 1158 3052 Praitere'a
1221 2993 1480 3052 Christus
1524 2996 1750 3065 quidem
1787 2996 2044 3067 magister

454 3087 560 3142 fuit
592 3088 887 3151 exceliens,
923 3088 1067 3143 sicut
1111 3087 1317 3143 dicitur
1365 3089 1422 3142 in
1451 3088 1747 3143 Alcorano.
1772 3089 1838 3144 Et
1867 3089 1922 3144 in
1953 3105 2044 3145 ca-

2144 592 2274 643 γετο
2297 574 2386 654 διά
2406 575 2501 630 τοῦ
2551 574 2756 638 Ἰσαάκ,
2783 570 2829 645 ᾧ
2856 579 3148 646 γεγόνασιν
3174 580 3231 633 al
3251 579 3574 649 ἐπαγγελίαι
3600 583 3724 653 περὶ

2144 668 2240 738 τῆς
2286 669 2537 738 εὐλογίας
2574 667 2796 737 καὶτῆς
2840 669 3117 744 ἑψομένης
3147 673 3513 744 κληρονομίας
3535 691 3550 706 ο
3605 675 3635 728 6
3671 677 3725 728 δὲ

2144 761 2443 832 Μαχούμετ
2472 762 2743 832 κατήγετο
2769 762 2857 817 διὰ
2889 761 2982 816 τοῦ
3027 762 3277 836 Ἰσμαὴλ,
3311 757 3356 832 ᾧ
3384 763 3486 818 οὐκ
3529 765 3727 836 ἀνῆκεν

2144 857 2178 928 ἡ
2217 855 2526 925 ἐπαγγελία
2549 873 2562 887 ·
2599 856 2735 911 ἀλλὰ
2773 858 2903 928 περὶ
2931 857 3143 912 ἐκείνου
3173 860 3490 929 γέγραπται
3535 861 3728 930 μόνον,

2152 965 2171 1000 ι
2215 949 2413 1002 Ἔσται
2445 949 2700 1022 σιδηροῦς
2751 949 3062 1020 ἄνθρωπος,
3099 954 3193 1006 καὶ
3243 953 3299 1006 αί
3352 955 3534 1025 χεῖρες
3561 951 3728 1007 αὐτοῦ

2144 1039 2236 1092 ἐπὶ
2265 1040 2493 1104 πάντας,
2533 1057 2550 1091 ι
2579 1042 2674 1093 καὶ
2703 1041 2771 1095 τὰ
2793 1041 2975 1096 λοιπά.
3009 1042 3132 1096 Ἔτι
3162 1044 3191 1096 6
3213 1044 3313 1114 μὲν
3335 1044 3572 1114 Χριστὸς
3589 1045 3731 1097 οὐδὲ·

2145 1148 2275 1185 ποτε
2323 1131 2580 1199 οὐδεμίαν
2617 1133 2872 1204 εποίησεν
2900 1135 3178 1204 ἁμαρτίαν
3203 1152 3217 1166 °
3260 1136 3322 1190 τὸ
3362 1136 3475 1208 γὰρ
3510 1135 3732 1206 Πνεῦμα

2143 1223 2241 1276 τοῦ
2273 1223 2435 1288 Θεοῦ,
2469 1225 2564 1276 καὶ
2594 1224 2621 1277 6
2650 1225 2823 1292 Λόγος
2857 1225 2951 1279 τοῦ
2987 1225 3143 1291 Θεοῦ,
3178 1228 3240 1279 ού
3270 1212 3497 1281 δύναται
3525 1228 3696 1298 πλανη

2145 1313 2306 1383 θῆναι
2327 1330 2340 1344 ο
2373 1315 2399 1366 6
2421 1313 2476 1366 δὲ
2513 1314 2814 1385 Μαχούμετ
2841 1314 3238 1386 εἰδωλολάτρης
3268 1317 3485 1384 γέγονε,
3511 1317 3604 1370 καὶ
3631 1334 3728 1382 eo"

2145 1414 2289 1472 νευς,
2343 1407 2579 1475 ἀσελγής
2621 1425 2684 1462 τε
2725 1407 2824 1485 καὶ
2880 1407 3085 1482 ἅρπαξ,
3137 1409 3232 1462 καὶ
3283 1409 3500 1471 πολλοῖς
3549 1409 3722 1470 ἄλλοι,

2147 1501 2540 1571 ἁμαρτήμασιν
2573 1499 2777 1572 ἔνοχος,
2803 1502 2891 1572 ἐφ’
2910 1496 2992 1566 οἷς
3023 1503 3053 1555 6
3072 1501 3204 1566 Θεὸς
3241 1501 3338 1573 (ὥς
3367 1503 3553 1571 φασιν)
3585 1500 3730 1569 αὐτῷ

2147 1591 2411 1661 συνέγνω.
2455 1593 2574 1646 Ἔτι
2606 1596 2633 1648 6
2665 1594 2765 1664 μὲν
2794 1593 3029 1665 Χριστὸς
3059 1595 3266 1666 φρικτὰ
3302 1596 3571 1664 πεποίηκε
3602 1594 3732 1648 θαύ-

2148 1701 2296 1753 ματα
2331 1686 2426 1739 καὶ
2469 1688 2721 1757 χρήσιμα
2741 1704 2755 1716 ’
2780 1686 2856 1750 ὡς
2876 1687 2986 1757 γὰρ
3009 1686 3227 1755 λέγεται
3245 1687 3355 1742 ,καὶ
3379 1687 3438 1740 ιν
3460 1685 3540 1756 τῷ
3556 1703 3729 1754 κεφα-

2144 1775 2280 1848 λαίῳ
2311 1777 2390 1848 τῷ
2433 1778 2677 1849 Ἐλμοῖδὲ
2708 1777 2844 1848 πρὸς
2877 1779 2956 1848 τῷ
2981 1778 3148 1842 τέλει.
3182 1781 3210 1833 6
3241 1779 3476 1851 Χριστὸς
3499 1779 3729 1844 τυφλοὺς

2143 1869 2378 1940 ἐφώτισε
2440 1872 2678 1942 λεπροὺς
2713 1871 3034 1944 ἑκαθάρισε,
3101 1872 3197 1927 καὶ
3241 1872 3470 1942 νεκροὺς
3498 1870 3729 1937 ἀνέστη-

2147 1976 2273 2012 σεν’
2318 1964 2346 2014 6
2391 1960 2448 2014 δὲ
2489 1960 2732 2032 Μωάμεθ
2781 1961 3054 2032 πεποίηκε
3099 1960 3285 2031 θαῦμα
3325 1959 3480 2014 οὐδὲν
3509 1959 3731 2012 κατὰτὸ

2155 2051 2482 2124 Ἀλκορὰνον
2504 2070 2518 2084 ο
2537 2055 2631 2109 καὶ
2654 2053 2811 2109 ᾶτινα
2837 2055 2966 2124 περὶ
2989 2053 3155 2110 αὐτοῦ
3179 2054 3443 2123 λέγοιντο,
3477 2054 3505 2124 ἦ
3531 2054 3727 2116 ἄτοπα,

2143 2139 2442 2209 ἢάδύνατέι
2491 2143 2594 2195 είσι
2642 2142 2738 2195 καὶ
2795 2141 3008 2212 direxi].
3043 2142 3236 2214 ὥσπερ
3265 2143 3328 2196 τὸ
3360 2145 3459 2210 τὴν
3505 2143 3731 2212 σελήνην

2143 2230 2512 2302 διαιρεθεῖσαν
2538 2233 2898 2286 ἐπισκευάσαι
2921 2248 2936 2260 ·
2967 2232 2998 2302 ἢ
3027 2231 3300 2304 ἀχρηστα,
3332 2232 3521 2303 ὥσπερ
3548 2233 3608 2286 τὸ
3635 2232 3732 2303 τὴν

2145 2322 2396 2392 κάμηλον
2447 2323 2787 2392 φθέγξασθαι
2817 2341 2834 2364 π
2888 2325 2920 2396 ἢ
2971 2329 3293 2380 παντάπασι
3339 2327 3730 2396 κεκρυμμένα’

2120 2421 2123 2423 ’
2147 2415 2320 2470 πολλά
2335 2417 2445 2486 γὰρ
2462 2416 2652 2486 ἔλεγεν
2672 2417 2865 2471 ἑαυτὸν
2887 2421 3060 2471 ποιεῖν
3079 2421 3138 2473 ὲν
3160 2418 3390 2490 κρυπτῷ
3406 2418 3504 2472 καὶ
3519 2421 3728 2482 νυκτὸς,

2144 2510 2182 2564 ἀ
2225 2509 2325 2581 τῆς
2364 2511 2574 2581 ἡμέρας
2628 2511 3035 2581 ἀπαιτούμενος
3080 2513 3356 2570 δεικνύναι
3421 2513 3520 2567 οὐκ
3567 2506 3728 2584 εἶχεν.

2147 2601 2315 2657 Ὅθεν
2349 2601 2499 2674 αὐτῷ
2539 2602 2750 2672 ἔλεγον,
2777 2604 2885 2674 illi];
2915 2604 3242 2676 ἀνέρχεσθαι
3278 2607 3358 2670 είς
3385 2607 3477 2660 τὸν
3509 2605 3734 2676 οὐρανὸν

2147 2695 2342 2759 νυκτὸς
2369 2697 2505 2767 πρὸς
2535 2697 2627 2749 τὸν
2648 2696 2783 2751 Θεόν
2809 2713 2824 2728 ’
2853 2695 3091 2768 ἀνάϐηθι
3120 2699 3215 2752 καὶ
3240 2699 3454 2770 ἡμέρας
3482 2697 3730 2769 ὁρώντων

2145 2790 2180 2860 ή
2190 2790 2332 2859 μῶν,
2363 2789 2456 2842 καὶ
2484 2787 2873 2860 πιστεύσομεν.
2915 2788 2980 2844 Ὅ
3006 2790 3065 2844 δὲ
3095 2791 3332 2861 Χριστὸς
3371 2792 3606 2862 μέγιστα
3637 2791 3733 2845 καὶ

2153 2882 2548 2953 μεγαλοπρεπῆ
2581 2882 2843 2953 θαύματα
2877 2882 3053 2938 ἐποίει
3081 2884 3298 2956 ἡμέρας
3321 2887 3416 2939 καὶ
3445 2887 3503 2939 ἰν
3532 2884 3610 2956 τῷ
3635 2903 3734 2956 φα-

2149 2975 2313 3045 νερῷ,
2350 2979 2444 3030 καὶ
2506 2977 2719 3032 πολλῶν
2755 2979 3006 3047 ὁρώντων
3052 2979 3303 3045 ἐνώπιον,
3339 2978 3481 3035 ὥστε
3526 2982 3736 3051 φανερά

2151 3069 2292 3130 εἶναι
2335 3073 2404 3128 τά
2434 3072 2570 3144 ἔργα
2601 3075 2834 3132 ἐκείνου.
2880 3075 3039 3130 Μετά
3068 3073 3242 3130 ταῦτα
3289 3075 3319 3129 6
3358 3076 3461 3145 μὲν
3502 3076 3733 3147 Χριστος

453 3180 630 3252 pitolo
670 3181 934 3247 Elmeide,
958 3182 1112 3252 quasi
1165 3196 1232 3236 ex
1280 3195 1516 3254 persona
1545 3181 1641 3236 Dei
1671 3201 1684 3237 :
1721 3180 1765 3237 Ο
1792 3181 2040 3246 Christe,

2148 3167 2468 3232 διδάσκαλος
2503 3167 2744 3238 γέγονεν
2788 3168 2994 3240 ῑξοχος.
3030 3167 3123 3233 Ὠς
3158 3169 3270 3240 γὰρ
3300 3168 3518 3239 λέγεται
3562 3170 3621 3222 ὲν
3661 3168 3734 3240 τῷ

454 3274 742 3329 considera
803 3286 967 3343 quem
1023 3271 1150 3327 dedi
1203 3269 1302 3326 tibi
1341 3271 1609 3342 Spiritum
1660 3284 1935 3339 sanctum,
1986 3285 2045 3328 ut

454 3363 721 3434 loquaris.
768 3363 927 3424 Item,
981 3365 1035 3418 in
1081 3363 1375 3419 cunabulis
1425 3363 1589 3420 docui
1639 3373 1690 3419 te
1742 3366 1966 3431 librum,
1993 3374 2048 3420 et

453 3458 805 3527 sapientiam,
834 3461 890 3512 et
916 3457 1094 3526 legem
1143 3455 1336 3528 Moysi,
1363 3467 1420 3512 et
1448 3457 1827 3528 Evangelium.
1861 3457 2047 3513 Μεδο-

456 3559 640 3603 metus
689 3556 872 3602 autent
921 3548 1118 3602 doctor
1153 3547 1254 3603 fuit
1280 3549 1528 3618 ignarus,
1558 3560 1614 3605 et
1653 3550 1820 3603 homo
1851 3549 2044 3613 idiota,

460 3644 719 3698 neseieus
760 3641 922 3696 aliam
952 3641 1192 3712 linguam
1228 3639 1336 3695 nisi
1380 3654 1559 3704 suam,
1591 3641 1850 3711 ignorans
1878 3640 2044 3696 etiam

457 3735 971 3806 interpretationem
1038 3734 1169 3806 legis
1231 3748 1365 3789 sum.
1421 3733 1564 3789 Dicit
1630 3735 1815 3798 enim,
1869 3733 2046 3789 solum

458 3829 631 3886 Deum
659 3816 813 3883 scire
850 3826 1110 3882 Alcorani
1149 3825 1570 3897 expositionem.
1600 3825 1733 3880 ltem
1767 3823 2042 3890 Christus,

457 3922 764 3979 secundum
816 3921 1195 3992 Evangelium,
1225 3919 1522 3976 cruciﬁxus
1561 3929 1667 3986 est,
1693 3931 1748 3974 et
1777 3930 2048 3985 mortuus.

457 4025 516 4072 et
551 4015 1022 4078 resurrexitvere,
1045 4023 1098 4067 et
1129 4012 1378 4068 ascendit
1409 4012 1464 4067 in
1496 4011 1685 4076 caelos,
1711 4019 1767 4065 et
1797 4010 1950 4066 sedet
1978 4009 2048 4065 ad

458 4109 739 4164 dexteram
791 4106 906 4161 Dei.
960 4105 1294 4160 Alcoranum
1335 4115 1519 4160 autem
1568 4104 1725 4168 dicit,
1758 4103 1906 4173 quod
1937 4119 2048 4158 non

460 4213 549 4259 est
587 4211 861 4265 mortuus,
907 4198 1004 4254 sed
1049 4198 1349 4268 assumpsit
1382 4212 1512 4252 eum
1559 4197 1726 4251 Deus.
1778 4195 1960 4262 Quare
1993 4207 2049 4251 et

459 4292 767 4350 secundum
795 4289 1180 4360 Evangelium,
1226 4299 1282 4344 et
1328 4288 1638 4346 secundum
1687 4290 2046 4354 Alcoranum,

459 4395 518 4443 et
551 4387 604 4440 in
635 4401 856 4441 omnem
902 4394 1164 4440 eventum
1201 4383 1458 4438 Christus
1508 4381 1666 4437 vivit.
1708 4381 2049 4437 Mabometus

459 4491 646 4536 autem
701 4479 929 4535 omnino
982 4488 1236 4533 mortuus
1262 4486 1364 4532 est.
1400 4475 1510 4531 Sed
1538 4477 1736 4530 melior
1769 4485 1853 4531 est
1889 4477 2048 4546 adju-

2161 3259 2496 3333 Ἀλκοράνῳ,
2534 3264 2594 3315 ἐν
2622 3260 2702 3331 τῷ
2728 3261 3017 3333 κεφαλαίῳ
3046 3260 3125 3334 τῷ
3150 3261 3423 3332 Ἑλμεῖδὲ,
3451 3261 3645 3331 ὥσπερ
3673 3262 3736 3316 ὲκ

2147 3353 2448 3422 προσώπου
2484 3352 2578 3406 τοῦ
2609 3351 2746 3406 Θεοῦ
2765 3366 2781 3382 ο
2805 3348 2876 3407 '0
2902 3352 3480 3424 Χριστὶ,·ἀναλόγισαι
3503 3353 3621 3418 πῶς
3654 3369 3734 3406 σοι

2148 3440 2362 3493 δέδωκα
2398 3438 2624 3511 Πνεῦμα
2664 3440 2844 3508 ἅγιον,
2892 3437 3036 3494 ὥστε
3068 3440 3424 3508 διαλέγεσθαι
3455 3441 3535 3493 ἔτι
3570 3444 3628 3493 εν
3667 3443 3732 3510 τῇ

2152 3531 2389 3604 βρεφικῇ
2439 3533 2600 3602 κλίνῃ
2632 3531 2909 3602 κείμενον,
2957 3533 3055 3585 καὶ
3086 3532 3303 3598 ἐδίδαξά
3336 3550 3397 3586 σε
3432 3532 3614 3602 βίδλον
3642 3536 3734 3586 καὶ

2151 3625 2369 3695 σοφίαν,
2401 3626 2493 3679 τὸν
2527 3626 2775 3689 Μωσέως
2803 3626 2966 3696 νόμον
3000 3626 3095 3680 καὶ
3130 3626 3190 3679 το
3218 3625 3558 3696 Εὑαγγέλιον
3582 3641 3596 3654 ο
3630 3627 3658 3680 6
3679 3625 3734 3680 δὲ

2149 3719 2397 3789 Μωάμεθ
2434 3719 2755 3784 διδασκαλος
2783 3715 2852 3791 ἦν
2882 3719 3118 3788 ἀγνοῶν,
3168 3718 3461 3791 ἄνθρωπος
3496 3719 3731 3788 ίδιὼτης,

2148 3809 2272 3862 οὐδὲ
2309 3809 2440 3879 μίαν
2481 3807 2640 3871 είδὼς
2668 3807 2928 3877 γλῶσσαν
2959 3808 3102 3879 πλὴν
3134 3808 3233 3879 τῆς
3276 3807 3498 3872 ἑαυτοῦ,
3527 3809 3732 3876 ἀγνοῶν

2150 3902 2248 3956 καὶ
2275 3901 2377 3973 τὴν
2407 3902 2712 3971 ἑρμηνείαν
2745 3901 2842 3955 τοῦ
2872 3901 3070 3955 ἑαυτοῦ
3106 3901 3294 3972 νόμου.
3326 3902 3466 3972 Φησὶ
3501 3902 3608 3972 γὰρ
3642 3902 3734 3970 μό-

2150 3988 2240 4049 νον
2284 3994 2373 4049 τὸν
2418 3995 2550 4048 Θεὸν
2580 3995 2779 4050 εἰδέναι
2810 3995 2909 4066 τὴν
2953 3994 3047 4049 τοῦ
3090 3994 3422 4066 Ἀλκοράνου
3451 3993 3729 4065 ἐξήγησιν.

2153 4088 2276 4142 Ἔτι
2306 4090 2334 4142 6
2359 4088 2456 4158 μὲν
2483 4087 2718 4159 Χριστὸς
2749 4088 2972 4141 κατὰτὸ
3003 4087 3339 4157 Εὐαγγέλιον
3363 4087 3729 4158 ἐσταύρωται,

2152 4181 2248 4236 καὶ
2294 4180 2551 4248 τέθνηκε,
2599 4182 2694 4233 καὶ
2723 4181 3023 4251 ἐγήγερται
3057 4181 3298 4251 ἀληθῶς,
3333 4182 3534 4252 ἀνῆλθὲ
3565 4199 3625 4235 τε
3654 4184 3733 4248 εἰς

2152 4277 2276 4337 τοὺς
2297 4276 2584 4344 οὐρανοὺς,
2611 4275 2707 4327 καὶ
2739 4274 2979 4344 κάθηται
3003 4277 3062 4328 ἐν
3083 4276 3236 4347 δεξιᾷ
3265 4274 3359 4330 τοῦ
3387 4276 3527 4330 Θεοῦ
3548 4293 3563 4307 ·
3593 4277 3652 4330 τδ
3679 4276 3730 4331 δὲ
3838 4317 3842 4321 -

2162 4364 2490 4435 ’Λλκοράνον
2538 4367 2728 4434 φησὶν,
2765 4366 2848 4419 δτι
2893 4366 2954 4419 ού
2994 4365 3279 4438 τέθνηκεν.
3326 4367 3446 4421 ἀλλ’
3471 4367 3731 4422 ἀνέλαόεν

2152 4459 2317 4512 αὑτὸν
2339 4459 2367 4509 6
2399 4459 2553 4521 Θεὸς.
2583 4458 2749 4511 Ὥστε
2775 4458 2917 4511 κατά
2937 4458 2997 4512 τὸ
3023 4459 3365 4529 Εὐαγγέλιον
3389 4464 3485 4514 καὶ
3513 4464 3652 4514 κατά
3673 4461 3731 4514 τδ

461 4581 551 4628 tor
609 4571 786 4636 vivus,
813 4585 980 4641 quam
1039 4577 1313 4624 mortuus.
1340 4567 1547 4623 Omitto
1575 4567 1713 4622 alias
1742 4569 2040 4622 secundum

2165 4549 2490 4620 Ἀλκοράνον
2521 4548 2618 4603 καὶ
2653 4549 2799 4603 κατά
2831 4553 3016 4605 πᾶσαν
3046 4551 3276 4607 ἔκδασιν
3314 4555 3344 4606 6
3380 4554 3615 4623 Χριστὸς
3643 4556 3730 4629 ζῇ,

459 4663 746 4736 quodlibet
769 4660 1152 4726 excellentias,
1179 4677 1316 4732 quas
1345 4661 1412 4716 de
1440 4660 1664 4716 Christo
1693 4659 2048 4730 Evangelium

459 4759 666 4829 posuit.
693 4757 889 4811 Mirum
926 4755 1116 4826 igitur,
1148 4770 1318 4824 quare
1379 4752 1644 4809 Saraceni
1673 4768 1781 4806 non
1805 4768 2047 4820 sequune

462 4860 554 4906 tur
585 4850 772 4919 potius
810 4848 1093 4904 Christum
1152 4862 1318 4916 quam
1369 4845 1760 4909 Mahometum,
1792 4855 1847 4900 ct
1871 4845 2051 4900 Evan-

461 4941 668 5013 gelium
696 4943 879 5012 potius
918 4954 1083 5007 quam
1123 4939 1477 5002 Alcoranum,
1505 4953 1627 4992 cum
1650 4936 1834 4992 -valde
1871 4939 2050 4992 credi-

463 5035 574 5090 bile
608 5034 701 5100 sit,
730 5049 824 5104 per
848 5033 1133 5087 meliorem
1168 5033 1532 5102 legislatorem
1560 5031 1842 5086 meliorem
1865 5031 2042 5101 legem

463 5126 650 5182 datam
676 5139 816 5185 esse.
842 5133 898 5178 et
928 5124 1126 5178 melius
1160 5140 1189 5176 a
1226 5123 1335 5178 Deo
1369 5135 1750 5177 conservatam
1793 5137 2042 5178 veracem

463 5230 522 5277 et
574 5220 973 5288 incorruptam,
1007 5218 1152 5271 sicut
1182 5216 1442 5286 superius
1475 5217 1912 5271 demonstratum
1961 5227 2046 5272 est

465 5313 521 5370 in
555 5313 717 5368 tertio
742 5312 1007 5383 capitulo.

575 5606 712 5662 XVI.
752 5604 826 5658 De
855 5601 1126 5674 Evangelii
1158 5602 1226 5655 ad
1251 5600 1574 5656 Alcm-anum
1601 5595 1932 5653 excellentia.

540 5759 818 5830 Evangelii
879 5773 1062 5815 autem
1127 5760 1194 5814 ad
1245 5759 1577 5814 Alcoranum
1632 5757 2040 5823 excellentiam,

542 5877 586 5910 ³⁸
615 5877 752 5935 Gen.
786 5892 896 5940 χνι.
921 5872 1014 5929 19..

2150 4642 2179 4694 6
2211 4642 2266 4695 δὲ
2298 4643 2598 4713 Μαχούμετ
2642 4643 2924 4708 παντελῶς
2969 4645 3223 4713 τέθνηκε,
3261 4646 3497 4702 Βελτίων
3524 4648 3582 4702 δέ
3619 4650 3726 4708 ἐστ.

2150 4735 2245 4789 τοῦ
2262 4736 2593 4806 ,τεθνηκότος
2616 4734 2816 4808 βοηθοῦ
2845 4739 2872 4791 6
2896 4734 3006 4801 ζῶν
3026 4738 3238 4810 βοηθός.
3275 4742 3390 4794 Καὶ
3412 4742 3728 4810 παραλείπω

2151 4830 2248 4892 τὰς
2306 4828 2471 4892 ἄλλας
2519 4824 2643 4882 καθ’
2689 4823 2928 4885 ἕκαστον
2979 4834 3289 4904 ὑπεροχὰς,
3348 4835 3415 4897 ἃς
3463 4836 3593 4906 περὶ
3637 4837 3729 4890 τοῦ

2150 4922 2388 4991 Χριστοῦ
2418 4920 2480 4975 τὸ
2524 4920 2863 4992 Εὐαγγέλιον
2905 4924 3111 4994 τίθησι.
3153 4926 3481 4994 Θαυμαστὸν
3519 4927 3731 4991 τοίνυν,

2151 5014 2267 5078 πῶς
2289 5014 2344 5066 oi
2366 5015 2713 5087 Σαβρακηνοὶ
2728 5017 2789 5068 οὐ
2809 5016 3012 5086 μᾶλλον
3029 5017 3396 5073 ἀκολουθοῦσι
3415 5018 3492 5089 τῷ
3516 5020 3733 5093 Χριστῷ

2152 5111 2186 5182 ἢ
2222 5109 2297 5181 τῷ
2325 5110 2570 5179 Μωάμεθ
2590 5125 2607 5142 ’
2633 5111 2728 5162 καὶ
2751 5108 2829 5181 τῷ
2861 5111 3181 5181 Εὑαγγελίῳ
3215 5111 3418 5182 μᾶλλον
3443 5113 3477 5184 ἦ
3506 5112 3584 5182 τῷ
3617 5113 3733 5167 Vt).-

2154 5203 2392 5272 κοράνῳ,
2430 5204 2669 5273 μάλιστα
2691 5202 2812 5257 λίαν
2839 5202 2991 5266 ὄντος
3028 5204 3262 5258 πιθανοῦ
3287 5205 3377 5258 διά
3405 5206 3501 5258 τοῦ
3531 5206 3735 5275 βελτίοσ-

2154 5312 2245 5356 νος
2296 5294 2590 5364 νομοθέτου
2619 5292 2872 5364 βελτίονα
2907 5295 3070 5365 νόμον
3097 5295 3366 5363 δεδόσθαι,
3400 5299 3496 5351 καὶ
3525 5299 3734 5370 βέλτιον

2157 5386 2592 5458 συντηρούμενον
2625 5388 2732 5441 ὑπὸ
2756 5386 2914 5455 Θεοῦ,
2949 5388 3124 5460 ἀληθῆ
3164 5406 3224 5442 τε
3257 5393 3352 5444 καὶ
3383 5391 3728 5462 ἀδιάφθορον,

2153 5481 2225 5543 ὡς
2267 5483 2529 5552 ἀνωτέρω
2556 5482 2822 5536 δέδεικται
2853 5484 2909 5536 ὲν
2938 5484 3016 5555 τῷ
3046 5485 3214 5555 τρίτῳ
3248 5486 3550 5558 κεφαλαίῳ.

2156 5587 2267 5656 ις’.
2308 5589 2444 5658 Περὶ
2473 5587 2580 5659 τῆς
2621 5591 2727 5644 τοῦ
2776 5593 3146 5666 Edon-c.2103)
3179 5595 3328 5662 πρὸς
3358 5597 3422 5648 τὸ
3464 5595 3732 5666 Ἀλκορά·

2714 5679 2826 5716 νον
2857 5661 3183 5742 ὑπεροχῆς.

2226 5753 2335 5824 Τὴν
2364 5754 2418 5808 δὲ
2450 5755 2544 5809 τοῦ
2571 5755 2905 5824 Εὑαγγελίου
2932 5758 3066 5829 πρὸς
3084 5759 3146 5812 τὸ
3185 5758 3510 5828 ’Λλκοράνον
3537 5759 3731 5830 ὑπερο-
