4134 6314
436 375 566 450 1141

1641 393 1940 458 CONTRA
1979 377 2493 458 MAHOMETEM.

3555 396 3580 461 1
3594 398 3699 464 142

428 499 532 570 χὴν
563 502 627 552 ὲκ
668 499 770 553 τῶν
817 503 1073 574 ἀνωτέρω
1127 506 1434 577 εἰρημένων
1481 509 1682 579 ῥᾳδίως
1731 510 2010 580 δυνάμεθα

2133 512 2271 568 ‘acile
2302 529 2369 569 ex
2406 514 2788 586 superioribus
2817 515 2982 574 dictis
3024 531 3318 588 possumus
3342 531 3696 587 cognoscere.

430 590 656 656 γνῶναι.
691 593 1186 661 Προαποδέδεικται
1223 599 1331 668 γὰρ
1359 598 1433 669 μὴ
1462 593 1603 654 εῖναι
1646 603 1705 654 τὸ
1743 603 2006 673 Ἀλκορά-

431 695 520 732 νον
542 679 703 749 νόμον
727 681 884 746 Θεοῦ,
914 683 1001 736 διὰ
1044 685 1105 737 τὸ
1143 689 1279 758 μήτε
1308 689 1405 759 τὴν
1440 688 1708 753 Παλαιὰν,
1742 692 1881 760 μήτε
1907 689 2006 760 τὴν

430 767 576 821 Νέαν
631 770 807 838 τούτῳ
871 778 1331 846 συμμαρτυρεῖνο
1390 775 1485 829 καὶ
1528 777 1610 830 ὅτι
1656 775 1780 830 οὔτε
1834 780 1892 829 ὲν
1938 777 2006 847 τῇ

431 862 655 928 φράσει,
705 864 828 916 οὔτε
877 867 935 918 ἐν
985 869 1106 930 ταῖς
1156 869 1488 939 ἀποφάσεσι,
1549 870 1836 938 συμϐαίνει
1894 871 2009 932 τοῖς

432 952 650 1017 ἄλλοις·
695 956 788 1009 καὶ
843 958 923 1010 ὅτι
982 960 1252 1027 ἀντιλέγει
1304 963 1522 1033 ἑαυτῷ·
1559 966 1652 1018 καὶ
1693 965 1772 1018 ὅτι
1830 963 2009 1018 οὐδενὶ

434 1045 674 1115 θαύματι
719 1048 1031 1117 βεϐαιοῦται
1055 1070 1071 1086 ο
1096 1057 1190 1108 καὶ
1221 1056 1303 1108 ὅτι
1346 1057 1494 1110 ἐστὶν
1527 1058 1723 1126 ἄλογον
1749 1073 1764 1088 ·
1799 1058 1896 1111 καὶ
1924 1060 2008 1112 ὅτι

433 1138 643 1208 φανερὰ
697 1142 944 1211 περιέχει
995 1143 1202 1214 ψεύδη·
1253 1149 1349 1200 καὶ
1397 1149 1480 1203 δτι
1537 1149 1730 1220 βίαιον,
1783 1158 1875 1204 καὶ
1927 1151 2009 1205 ὅτι

431 1231 685 1298 ἄτακτον,
721 1237 816 1287 καὶ
844 1235 928 1288 ὅτι
959 1239 1216 1308 πονηρὸν.
1244 1242 1339 1295 καὶ
1368 1242 1450 1293 ὅτι
1475 1242 1798 1310 ἀμφίϐολον.
1823 1243 2008 1296 Ταῦτα

432 1324 542 1395 γὰρ
574 1327 750 1380 πάντα
795 1329 871 1390 ὡς
902 1331 960 1383 ὲν
993 1329 1186 1402 βραχεῖ
1231 1333 1300 1387 δι’
1347 1333 1512 1387 αὐτοῦ
1543 1334 1636 1387 τοῦ
1677 1335 2008 1406 Ἀλκοράνου

435 1419 946 1487 προαποδέδεικται.
975 1421 1124 1493 Πλὴν
1154 1425 1269 1487 τοῖς
1299 1424 1357 1476 έν
1388 1423 1538 1493 αύιῷ
1574 1425 1652 1494 τῷ
1695 1425 2009 1496 Ἀλοκοράνῳ

433 1509 868 1576 ἀναγινώσκουσι
901 1512 1110 1582 βέλτιον
1132 1515 1410 1569 δείκνυται
1437 1515 1632 1572 ταῦτα.
1665 1517 1822 1570 Ὠσθ’
1863 1518 2012 1589 ἡμᾶς

436 1601 786 1671 θαρρούντως
815 1603 1075 1658 δύνασθαι
1108 1606 1308 1674 λέγειν,
1348 1607 1409 1660 Ei
1444 1609 1578 1677 ἡμῖν
1624 1607 1905 1662 πιστεύειν
1947 1609 2011 1660 οὐ

436 1689 726 1763 βούλεσθε,
790 1696 852 1751 τὸ
919 1696 1250 1768 Ἀλκοράνον
1303 1699 1608 1767 άνάγνωτε.
1672 1700 1895 1753 Τούτων
1956 1700 2013 1754 δὲ

433 1785 694 1840 τάναντία
724 1789 817 1840 ἐπὶ
843 1788 944 1858 τῆς
977 1789 1356 1864 Εύαγγελικῆς
1376 1793 1727 1856 διδασκαλίας
1760 1794 2013 1862 φαίνεται

2117 605 2256 660 Ante
2286 606 2433 661 enim
2465 607 2900 665 demonstratum
2944 621 3050 679 est,
3076 627 3185 667 non
3215 627 3334 667 esse
3359 611 3692 666 Alcoranum

2115 696 2291 768 legem
2347 699 2467 765 Dei,
2521 712 2813 770 propterea
2863 705 3009 773 quod
3058 719 3237 774 neque
3301 704 3469 760 Vetus
3515 719 3696 772 neque

2115 791 2328 846 Novum
2388 795 2808 851 Testamentum
2872 798 3016 852 hanc
3069 807 3378 864 testantur,
3438 807 3492 852 et
3549 796 3697 867 quod

2117 899 2296 952 neque
2323 885 2376 938 in
2410 887 2574 957 style,
2597 903 2775 958 neque
2821 889 2875 944 in
2933 891 3229 946 sententiis
3256 907 3380 945 cum
3411 890 3535 945 aliis
3566 905 3700 944 cono

2119 978 2287 1042 venit,
2320 988 2371 1031 et
2422 981 2566 1048 quod
2615 982 2944 1038 contradicit
2980 983 3083 1037 sibi
3120 984 3247 1052 ipsi,
3280 993 3334 1037 ct
3360 982 3503 1051 quod
3543 982 3695 1036 nullo

2117 1073 2388 1128 miraculo
2444 1075 2820 1143 conﬁrmatur,
2873 1087 2929 1133 et
2975 1079 3122 1149 quod
3172 1087 3258 1133 est
3301 1077 3698 1139 irrationabile,

2116 1172 2171 1218 et
2203 1165 2346 1233 quod
2381 1168 2669 1226 manifesta
2706 1171 2953 1226 continet
2997 1172 3302 1232 mendacia,
3329 1182 3387 1224 et
3418 1171 3562 1240 quod
3591 1170 3732 1222 vio-.

2117 1253 2353 1322 lentum,
2379 1268 2434 1312 et.
2467 1259 2611 1328 quod
2660 1259 3061 1326 inordinatum,
3087 1272 3143 1316 et
3171 1261 3317 1330 quod
3346 1262 3620 1328 iniquum.
3648 1267 3704 1317 et.

2118 1343 2264 1410 quod
2303 1345 2647 1415 ambiguum.
2689 1346 2813 1402 Hazc
2869 1350 3016 1402 enim
3052 1347 3236 1402 omnia
3277 1362 3376 1417 per
3409 1346 3584 1425 ipsum
3609 1341 3705 1399 Al-

2120 1447 2382 1488 coranum
2431 1436 2672 1491 breviter
2716 1448 2845 1492 sunt
2885 1448 3014 1493 ante
3067 1435 3704 1492 demonstrata.Verun-

2120 1532 2301 1581 tamen
2326 1526 2564 1597 idipsum
2614 1529 2946 1588 Alcoranum
2997 1531 3326 1600 legentibus,
3359 1527 3558 1582 melius
3591 1527 3704 1581 haec

2121 1616 2594 1676 demonstrantur.
2640 1622 2819 1688 Quare
2865 1638 2965 1677 nos
3006 1623 3266 1677 audacter
3301 1621 3484 1675 dicere
3514 1633 3706 1689 possu-

2124 1726 2267 1776 mus,
2308 1710 2368 1766 Si
2409 1713 2567 1767 nobis
2607 1715 2830 1768 credere
2869 1730 2975 1768 non
3024 1713 3210 1778 vultis,
3255 1712 3588 1767 Alcoranum
3626 1710 3703 1763 le-

2124 1802 2258 1871 gite.
2288 1801 2491 1857 Horum
2521 1813 2706 1859 autem
2735 1804 3006 1858 contraria
3036 1804 3088 1857 iu
3113 1803 3424 1873 evangelica
3452 1801 3702 1856 doctrina

436 1878 715 1947 καθαρῶς.
747 1880 854 1933 Καὶ
887 1881 993 1951 γὰρ
1019 1881 1049 1934 ὀ
1083 1882 1408 1952 Μαχούμετ,
1442 1883 1633 1952 ὥσπερ
1661 1883 2022 1955 ἐξῃρημένως

2133 1893 2422 1949 manifeste
2467 1905 2754 1965 apparent.
2786 1896 3004 1951 Etenim
3037 1895 3376 1950 Mahometus
3407 1894 3704 1963 prmeipue,

437 1971 579 2042 ὕπερ
641 1973 850 2036 πάντας
901 1976 1029 2037 τοὺς
1077 1973 1238 2040 ὄντας
1303 1977 1592 2048 προφήτας
1638 1976 1672 2049 ἢ
1725 1978 2019 2046 ἐσομένους

438 2063 671 2136 ἐπῄνεσε
704 2065 795 2132 τὸν
837 2065 1095 2135 Χριστὸν,
1117 2067 1263 2121 οὕτω
1299 2069 1393 2123 καὶ
1423 2070 1526 2140 τὴν
1559 2069 1653 2122 τοῦ
1681 2069 2016 2137 Εὐαγγελίου

436 2152 791 2210 διδασκαλίαν
811 2157 1150 2226 ἐμεγάλυνεν
1181 2159 1324 2230 ὑπὲρ
1355 2159 1540 2223 πάσας
1560 2158 1662 2224 τὰς
1697 2159 1846 2223 θείας
1880 2160 2021 2229 Γρα-
2053 2218 2068 2228 __

441 2245 571 2312 φάς.
600 2246 902 2316 ’ἸσμινςδὲΔ
940 2248 1016 2310 ὡς
1045 2247 1203 2302 οὐδέν
1263 2249 1413 2303 ἐστιν
1463 2248 1636 2313 οὓτως
1678 2249 1877 2318 ισχυρὰ
1927 2249 2022 2302 καὶ

440 2339 642 2409 δυνατὴ
679 2339 962 2411 μαρτυρία
994 2339 1340 2405 διδασκαλίας
1375 2342 1409 2412 ἢ
1442 2341 1562 2413 βίου
1591 2342 1624 2413 ἢ
1665 2344 1693 2396 ὁ
1720 2341 1871 2413 παρὰ
1911 2342 2021 2395 τῶν

441 2431 671 2498 ὶπάγιιν
697 2431 895 2496 αὐτοῖς·
914 2433 1126 2503 μέμψιν
1155 2434 1584 2506 ἐπιχειρούντων
1609 2434 1852 2498 ἔπαινος.
1882 2435 2022 2506 Φησὶ

442 2526 502 2581 δὲ
549 2526 780 2590 αὐτὸςνὸ
834 2528 1136 2598 Μαχούμετ
1182 2529 1240 2582 ὲν
1291 2528 1370 2599 τῷ
1432 2528 1770 2600 Ἀλκοράνῳ,
1828 2531 1886 2583 ὲν
1943 2528 2024 2600 τῷ

445 2621 727 2692 κεφαλαίῳ
769 2621 848 2692 τῷ
896 2622 1167 2692 Ἐλμεῖδὲ,
1200 2623 1534 2693 ’Ὤρίσαμεν
1589 2624 1690 2693 τὴν
1749 2625 1866 2677 ὁδὸν
1915 2624 2023 2677 τῶν

443 2711 758 2784 ἀνθρώπων
799 2712 890 2768 διὰ
941 2714 1035 2768 τοῦ
1096 2715 1274 2784 Ἰησοῦ
1317 2712 1556 2784 Χριστοῦ
1600 2713 1698 2768 τοῦ
1750 2714 1868 2767 υίοῦ
1923 2714 2023 2784 τῆς

443 2806 685 2875 Μαρίας,
717 2806 812 2860 τοῦ
841 2806 1209 2875 ἀληθεστάτου
1238 2809 1519 2881 προῃήτου
1541 2824 1556 2842 ο
1583 2809 1679 2860 καὶ
1709 2789 2024 2876 δεδώκαμεν

446 2895 597 2968 αὐτῷ
629 2898 689 2951 τὸ
724 2899 1081 2968 Εύαγγέλιον,
1113 2901 1171 2952 ἐν
1217 2892 1262 2968 ᾧ
1310 2899 1462 2952 ἐστιν
1502 2899 1717 2971 ὁδηγία,
1755 2901 1849 2952 καὶ
1886 2899 2022 2967 φῶς,
2077 2895 2080 2898 ’

451 2993 544 3046 καὶ
581 2993 1092 3063 ἀλήθεια-φανερά,
1139 2992 1302 3049 Ἀλλὰ
1335 2995 1427 3047 καὶ
1476 2994 1536 3046 ἐν
1587 2994 1803 3056 πολλοῖς
1836 2994 2025 3057 τόποις

446 3082 543 3136 τοῦ
581 3084 912 3156 ’Λλκοράνου
943 3083 1300 3158 ὲξῃρημένως
1327 3085 1669 3156 ἐγκωμιάζει
1693 3086 1752 3138 τὸ
1775 3085 2024 3153 Εὐαγγέ-

445 3176 582 3232 λιον.
627 3176 790 3230 Ἀλλὰ
835 3175 928 3229 καὶ
973 3176 1107 3228 αὐτὸ
1137 3174 1205 3248 τὸ,
1231 3176 1569 3244 Εὑαγγέλιον
1601 3179 1660 3228 ὲν
1689 3176 1843 3247 πάσῃ
1870 3175 2025 3247 χώρᾳ

2121 1986 2279 2054 quasi
2325 2001 2490 2056 supra
2533 2002 2723 2041 omnes
2772 1994 3070 2058 prophetas
3129 1988 3224 2056 qui
3281 1996 3414 2041 sunt
3466 1988 3550 2041 vel
3607 1987 3702 2054 qui

2123 2078 2292 2134 futuri
2336 2089 2484 2142 sunt,
2537 2079 2821 2134 Christum
2859 2079 3292 2144 commendavit,
3317 2087 3375 2134 et
3418 2076 3706 2148 Evangelii

2124 2170 2437 2225 doctrinam
2484 2185 2651 2241 supra
2675 2185 2866 2227 omnes
2904 2173 3120 2229 divinas
3153 2170 3470 2240 Scripturas
3500 2171 3711 2239 magni-

2124 2259 2327 2315 ﬁeavit.
2371 2260 2589 2336 Scimus
2640 2270 2860 2327 autem,
2890 2261 3037 2330 quod
3092 2261 3303 2315 nullum
3357 2261 3438 2315 sic
3482 2270 3568 2314 est
3597 2268 3706 2312 tam

2125 2352 2397 2416 validum,
2428 2361 2649 2424 tamque
2696 2362 2890 2422 potens
2921 2353 3294 2409 testimonium
3327 2353 3593 2408 doctrina:
3626 2354 3707 2408 vel

2126 2446 2274 2512 vitae,
2296 2460 2461 2515 quam
2491 2445 2613 2501 laus
2639 2444 2708 2501 ab
2751 2445 2838 2500 his
2880 2446 2974 2517 qui
3006 2456 3279 2500 conantur
3322 2444 3712 2515 reprehensio-

2130 2552 2256 2593 nem
2290 2538 2580 2593 inducere.
2619 2536 2761 2593 Dicit
2792 2545 2975 2592 autem
3003 2538 3118 2607 ipse
3153 2535 3499 2591 Mahometus
3523 2537 3574 2590 in
3616 2536 3712 2590 Al-

2124 2644 2351 2695 eorano,
2387 2631 2441 2684 in
2470 2629 2714 2699 capitulo
2744 2628 2993 2684 Elmeide
3031 2647 3046 2684 :
3095 2627 3541 2684 Terminavimus
3566 2628 3707 2682 viam
3804 2617 3811 2624 ’

2127 2719 2414 2775 hominum
2453 2736 2551 2791 per
2598 2720 2784 2776 Jesum
2824 2720 3104 2775 Christum
3139 2717 3309 2773 ﬁlium
3365 2721 3569 2780 Mariae.
3616 2736 3710 2773 ve-

2127 2811 2474 2868 racissimum
2495 2812 2839 2882 prophetam,
2864 2823 2920 2868 et
2954 2812 3212 2867 dedimus
3242 2813 3290 2866 ei
3327 2813 3708 2882 Evangelinm,

2128 2901 2182 2955 in
2210 2918 2321 2973 quo
2357 2912 2442 2957 est
2503 2903 2765 2958 deductio
2817 2911 2872 2959 et
2929 2903 3019 2958 lux
3048 2914 3100 2959 et
3137 2905 3341 2960 veritas
3395 2904 3706 2959 manifesta.

2128 2995 2196 3050 Et
2247 2995 2301 3048 in
2353 2995 2542 3051 multis
2572 2996 2712 3051 locis
2746 2995 3001 3051 Alcorani
3055 2998 3329 3067 praecipue
3359 2980 3710 3052 commendat

2128 3083 2518 3152 Evangelium.
2570 3085 2792 3141 Etenim
2829 3086 3007 3156 ipsum
3051 3086 3409 3159 Evangelium
3463 3088 3519 3142 in
3555 3088 3710 3143 omni

2129 3176 2252 3230 loco
2315 3185 2370 3230 et
2431 3177 2617 3247 lingua
2675 3175 3145 3233 excellentissime
3202 3175 3410 3231 mundo
3466 3177 3708 3247 seipsum

450 3269 544 3322 καὶ
576 3253 843 3340 διαλέκτῳ
867 3239 1205 3340 ὑψηλότατα¹
1227 3267 1305 3339 τῷ
1342 3239 1540 3339 κόσμῳ
1582 3239 2024 3338 φανεροί-ἑαυτό.

2133 3266 2464 3322 manifestat.
2515 3239 2722 3334 δοίη-ει
2765 3268 3114 3324 conﬁdenter
3167 3268 3353 3324 dicere
3388 3239 3605 3337 possein
3639 3266 3710 3320 de

451 3362 613 3415 Ὥστε
645 3361 998 3433 θαρρούντως
1027 3362 1338 3434 εἴποιμι-ἃν
1380 3363 1515 3434 περὶ
1544 3362 1711 3417 αὑτοῦ
1737 3363 1852 3424 τοῖς
1884 3362 2025 3434 Σαρο

451 3455 732 3523 ῥακηνοῖς,
762 3453 824 3507 Ei
862 3453 938 3522 τῷ
973 3453 1229 3525 ὑμετέρῳ
1274 3453 1522 3522 Μωάμεθ
1553 3451 1834 3523 βούλοισθε
1871 3451 1904 3522 ἢ
1951 3452 2028 3521 μὴ

451 3542 732 3616 βούλοισθε
759 3545 1040 3601 πιστεύειν
1081 3548 1213 3619 περὶ
1247 3545 1340 3600 τοῦ
1389 3545 1749 3615 Εὐαγγελίου,
1787 3547 1846 3596 ἐν
1881 3543 2030 3614 αὐτῷ

450 3639 531 3710 τῷ
561 3639 882 3711 Εὐαγγελίῳ
920 3641 1225 3710 ἀνάγνωτι.
1259 3640 1371 3698 Καὶ
1419 3640 1563 3704 ἐπεὶ,
1601 3639 1787 3702 καθὼς
1813 3639 2030 3705 λέγεται

453 3733 514 3786 ἰν
555 3731 635 3800 τῷ
692 3733 1008 3804 ’Δλκοράνῳ
1053 3736 1114 3787 ὲν
1159 3731 1239 3804 τῷ
1287 3732 1569 3804 κεφαλαίῳ
1611 3732 1689 3803 τῷ
1748 3731 2041 3801 Ἐλενφὰν,

455 3820 781 3892 βουλόμενος
811 3825 840 3876 ὀ
885 3823 1018 3886 Θεὸς
1053 3823 1344 3893 ἀληθεύειν
1382 3824 1482 3894 τὴν
1517 3824 1775 3894 ἀλήθειαν
1818 3823 1908 3877 διὰ
1936 3823 2049 3875 τοῦ,

452 3916 614 3984 λόγου
659 3917 851 3984 αὑτοῦ,
885 3919 981 3972 καὶ
1018 3919 1408 3974 διακόπτεσθαι
1445 3919 1546 3988 τὴν
1584 3920 1758 3990 ἀρχὴν
1789 3918 1899 3972 τῶν
1945 3920 2034 3972 ai-

458 4009 712 4081 ρετικῶν,
755 4011 898 4065 ὥστε
947 4011 1046 4082 τὴν
1113 4011 1375 4083 ἀλήθειαν
1427 4009 1738 4084 ἀληθεύειν,
1786 4012 1883 4065 καὶ
1933 4013 2036 4081 τὴν

459 4103 798 4176 ματαιότητα
859 4105 1252 4179 ματαιοῦσθαι,
1285 4106 1680 4178 προενοήσατο,
1712 4107 1806 4159 καὶ
1831 4104 2035 4175 ᾠκονό-

461 4213 634 4268 μησεν
661 4200 690 4251 ὁ
724 4199 879 4265 Θεὸς,
913 4198 1003 4254 ἵνα
1041 4201 1115 4272 μὴ
1162 4202 1192 4255 ό
1242 4198 1446 4268 κόσμος
1488 4199 1557 4252 δι’
1606 4199 1830 4266 ἄγνοιαν
1871 4197 2040 4251 ἀπόλ-

458 4294 635 4358 λυται,
676 4292 767 4347 τὸν
795 4293 991 4355 κοινῶς
1030 4295 1165 4346 πᾶσι
1208 4296 1305 4349 καὶ
1335 4295 1496 4363 μόνον
1531 4294 1828 4360 ἀναγκαῖον
1851 4291 2039 4362 νόμον,

457 4386 738 4439 τουτέστιν
767 4386 858 4439 τὸν
891 4387 984 4440 τοῦ
1016 4387 1373 4463 Εὐαγγελίου,
1404 4387 1505 4440 οὐκ
1530 4389 1587 4438 tv
1611 4386 1694 4439 évi.
1719 4385 1892 4458 τόπῳ,
1921 4386 2039 4441 ἀλλ’

461 4477 521 4529 ἐν
565 4476 846 4549 διαφόροις
883 4477 1196 4549 δπαρχίαις,
1230 4476 1342 4531 οὐδ’
1389 4477 1448 4528 ὲν
1482 4477 1565 4530 ἑνὶ
1600 4477 1872 4550 ἰδιώματι,
1905 4478 2042 4533 ἀλλά

2129 3374 2197 3414 eo
2227 3359 2519 3416 Saracenis
2556 3378 2568 3413 :
2603 3359 2658 3415 Si
2703 3371 2884 3415 vestro
2922 3360 3232 3415 Mahometo
3259 3359 3448 3424 vultis,
3481 3357 3564 3413 vel
3598 3373 3710 3412 non

2131 3452 2302 3507 vultis
2331 3453 2563 3508 credere
2592 3442 2660 3508 de
2691 3453 3012 3525 Evangelia,
3049 3454 3104 3509 id
3138 3455 3319 3528 ipsum
3352 3453 3711 3532 Evangelium

2133 3544 2319 3614 legite.
2371 3545 2437 3599 Et
2473 3547 2760 3616 quoniam,
2793 3547 2938 3602 sicut
2990 3549 3197 3604 dicitur
3250 3549 3304 3604 in
3355 3549 3629 3604 Alcorano
3657 3549 3713 3602 in

2134 3636 2376 3705 capitulo
2430 3637 2740 3708 Elempbal,
2789 3641 2989 3695 volens
3033 3641 3177 3696 Deus
3207 3641 3353 3712 quod
3399 3642 3715 3697 veriﬁcetur

2134 3728 2342 3784 veritas
2371 3745 2468 3797 per
2502 3732 2735 3786 verbum
2791 3748 2976 3799 suum,
3009 3743 3065 3788 et
3118 3734 3488 3789 intercidatur
3519 3734 3717 3805 guber-

2137 3819 2293 3875 natio
2357 3821 2767 3886 haereticorum,
2819 3833 2874 3879 et
2931 3835 2991 3880 ut
3043 3826 3248 3880 veritas
3289 3824 3603 3879 veriﬁcetur
3658 3834 3717 3879 et.

2108 3911 2355 3968 ,vanitas
2398 3925 2712 3981 evanescat,
2770 3919 3013 3986 providit
3058 3929 3114 3973 et
3153 3918 3511 3989 dispensavit
3547 3918 3716 3981 Deus,

2139 4019 2209 4059 ne
2261 4007 2501 4062 mundus
2550 4023 2645 4077 per
2705 4008 3070 4079 ignorantiam
3128 4013 3352 4081 periret,
3381 4019 3439 4064 ut
3473 4009 3558 4065 lex
3595 4010 3705 4074 illa,
3803 4073 3806 4076 ,

2140 4111 2262 4166 qua
2312 4087 2642 4168 generaliter
2684 4100 2938 4156 omnibus
2983 4110 3039 4156 ct
3070 4101 3182 4157 sola
3234 4101 3543 4155 necessaria
3574 4108 3714 4166 erat,

2142 4190 2230 4244 lex
2265 4204 2327 4245 ea
2363 4205 2486 4260 quae
2511 4201 2597 4245 est
2618 4191 2921 4262 Evangelii,
2957 4208 3066 4247 non
3109 4192 3162 4246 in
3196 4208 3307 4248 uno
3357 4192 3506 4257 loco,
3533 4193 3627 4247 sed
3663 4196 3717 4247 in

2143 4282 2381 4337 diversis
2431 4283 2760 4351 provinciis;
2815 4299 2994 4354 neque
3050 4285 3106 4339 in
3141 4301 3251 4339 uno
3301 4285 3584 4352 idiomate,
3618 4287 3714 4340 sed

2145 4373 2382 4431 diversis
2407 4385 2462 4430 et
2497 4377 2550 4430 in
2584 4377 2838 4432 omnibus
2867 4378 3069 4448 linguis
3101 4378 3455 4442 scriberetur,
3491 4373 3720 4433 Hebrai-

2146 4481 2238 4532 ee,
2266 4464 2476 4533 Graece,
2510 4480 2566 4522 et
2596 4467 2810 4531 Latine,
2844 4477 2899 4524 et
2943 4478 3066 4539 post
3103 4469 3219 4525 haec
3261 4469 3496 4524 ﬁdeliter
3537 4481 3718 4524 trans—

461 4571 740 4641 διαφόροις
817 4573 912 4624 καὶ
984 4570 1299 4633 καθολικαῖς
1365 4570 1668 4635 διαλέκτοις
1723 4573 2031 4642 γραφῆναι,

2151 4563 2410 4618 ferretur.
2448 4563 2509 4617 In
2545 4563 2650 4618 line
2692 4574 2876 4618 autem
2912 4564 3191 4634 Evangelii
3227 4565 3508 4618 mandavit
3555 4563 3724 4619 disci-

463 4661 735 4732 ἑϐραῖκῶς
785 4667 879 4715 καὶ
930 4661 1244 4735 ρωμαῖκῶς,
1274 4661 1369 4714 καὶ
1420 4660 1560 4730 μετὰ
1607 4661 1780 4718 ταῦτα
1811 4661 2040 4728 πιστῶς,

464 4759 545 4820 εἰς
575 4754 752 4818 πάσας
783 4754 1174 4826 μετενεχθῆναι
1209 4755 1306 4817 τὰς
1330 4753 1664 4818 διαλέκτους.
1707 4755 1849 4823 Πρὸς
1882 4756 1938 4809 δὲ
1966 4757 2044 4826 τῷ

465 4848 560 4901 τοῦ
597 4848 932 4918 Εὐαγγελίου
964 4849 1105 4902 τέλει
1151 4847 1457 4902 ἐνετείλατο
1501 4850 1613 4912 τοῖς
1664 4847 1832 4902 αὑτοῦ
1866 4849 2044 4921 μαθη-

469 4944 586 5003 ταῖς
619 4941 649 4992 6
678 4941 913 5010 Χριστὸς
965 4941 1043 5003 είς
1093 4939 1269 4993 πάντα
1317 4940 1409 4994 τὴν
1453 4942 1658 5008 κόσμον
1706 4941 2044 5011 δραστηρίως

470 5032 708 5101 κηρύξαι
744 5031 805 5084 τὸ
827 5031 1180 5098 Εὐαγγέλιον.
1219 5031 1398 5100 Ὅπερ
1431 5032 1516 5084 ἵνα
1562 5031 1851 5084 τελειῶσαι
1894 5033 2046 5102 ἰσχύ-

472 5141 632 5188 σωσι,
656 5124 893 5177 δέδωκεν
931 5125 1112 5186 αὐτοῖς
1163 5123 1411 5194 χάρισμα
1441 5125 1723 5193 γλωσσῶν,
1757 5123 1852 5178 καὶ
1884 5110 2067 5177 δύναέ

477 5234 568 5287 μιν
615 5219 933 5287 θαυμάτων.
965 5218 1037 5270 Τὸ
1075 5217 1120 5271 δ’
1174 5218 1498 5287 Ἀλκοράνον
1548 5218 1831 5289 ἁραϐικῶς
1889 5220 2048 5289 μόνον
2093 5213 2101 5222 ’

473 5313 653 5381 ἑαυτῷ
683 5329 847 5381 φησιν
877 5313 980 5364 ὑπὸ
1011 5312 1104 5364 τοῦ
1134 5311 1270 5365 Θεοῦ
1299 5311 1547 5366 δεδόσθαι
1579 5328 1593 5344 ·
1622 5314 1718 5364 καὶ
1745 5314 1794 5365 οἱ
1827 5313 2045 5384 Σαρῤα-

475 5405 632 5472 κηνοὶ
688 5403 922 5470 βεϐαίως
971 5404 1288 5456 πιστεύουσι
1342 5405 1545 5474 μηδένα
1593 5403 1854 5458 δύνασθαι
1892 5403 2051 5458 τοῦτο

476 5496 806 5563 γινώσκειν,
866 5496 965 5567 τὴν
1042 5496 1316 5567 ἁραϐικὴν
1383 5497 1685 5565 ἀγνοοῦντα
1748 5497 2048 5553 διάλεκτον.

479 5587 711 5641 "Errata:
758 5588 813 5640 δὲ
873 5589 947 5659 μὴ
1000 5589 1209 5650 πάντας
1272 5588 1565 5656 γινώσκειν
1616 5590 1716 5658 τὴν
1779 5590 2052 5660 ἀραϐικὴν

475 5681 750 5748 γλῶσσαν,
789 5682 924 5750 μήτε
954 5680 1213 5734 δύνασθαι
1247 5679 1455 5750 ταύτην
1501 5680 1814 5750 μανθάνειν.
1842 5681 2054 5752 Γέγρα-

481 5791 616 5828 πται
641 5774 697 5827 δὲ
726 5777 785 5830 ἐν
810 5773 888 5844 τῷ
925 5775 1252 5845 ’Λλκοράνῳ,
1293 5773 1478 5838 καθὼς
1519 5773 1613 5829 καὶ
1650 5772 2052 5838 ἀποδέδεικται,

488 5865 686 5938 μηδένα
735 5868 995 5922 δύνασθαι
1049 5867 1288 5935 σωθῆναι
1338 5866 1476 5936 πλὴν
1533 5868 1590 5920 έν
1629 5869 1704 5936 τῷ
1756 5869 1904 5939 νόμῳ
1946 5869 2052 5923 τῶν

2147 4657 2292 4726 pulis
2321 4657 2436 4712 suis
2482 4657 2757 4722 Christus,
2791 4666 2854 4711 ut
2884 4657 2940 4710 in
2992 4658 3250 4712 universo
3298 4657 3506 4711 mundo
3536 4654 3723 4711 efﬁca-

2147 4751 2288 4806 citer
2318 4749 2678 4820 Evangelium
2713 4735 3101 4819 praedicarent.
3155 4748 3313 4815 Quod
3351 4758 3412 4802 ut
3455 4748 3724 4818 perﬁcere

2149 4853 2397 4914 possent,
2434 4843 2585 4898 dedit
2625 4843 2706 4898 eis
2750 4842 2981 4914 gratiam
3013 4843 3328 4913 linguarum
3375 4851 3430 4897 et
3459 4841 3723 4897 virtutem

2149 4938 2567 4994 miraculorum.
2618 4939 2951 4994 Alcoranum
3007 4947 3194 4993 autem
3245 4938 3479 4992 Arabice
3543 4920 3759 4993 solum-

2153 5033 2258 5088 sibi
2288 5033 2389 5103 ipsi
2444 5033 2582 5088 dicit
2627 5049 2654 5087 a
2692 5033 2804 5087 Deo
2841 5033 3029 5086 datum
3064 5047 3223 5090 esse;
3257 5040 3312 5085 et
3340 5030 3598 5086 Saraceni
3632 5029 3723 5085 ﬁr-

2153 5130 2319 5185 miter
2350 5128 2609 5200 credunt,
2644 5127 2855 5181 nullum
2894 5142 3053 5200 posse
3098 5125 3204 5180 hoc
3234 5124 3377 5179 scire
3406 5123 3500 5193 qui
3531 5124 3728 5179 Arabi-

2152 5232 2272 5273 cam
2302 5217 2546 5287 linguam
2577 5219 2812 5287 ignoret.
2844 5216 3108 5286 Sequitur
3144 5221 3350 5293 autem,
3387 5227 3498 5267 non
3532 5228 3740 5269 omnes

2153 5309 2297 5364 scire
2317 5309 2604 5365 Arabicam
2633 5310 2900 5379 linguam,
2924 5323 3101 5377 neque
3129 5321 3288 5377 posse
3319 5306 3460 5360 hanc
3491 5303 3733 5361 discere.

2156 5403 2432 5473 Scriptum
2470 5411 2650 5457 autem
2690 5412 2774 5459 est
2801 5402 2855 5456 in
2891 5391 3181 5465 Alcorano,
3217 5400 3362 5456 sicut
3391 5407 3600 5467 ettapte
3634 5400 3731 5454 de-

2158 5506 2522 5552 monstratum
2560 5505 2667 5562 est,
2701 5497 2913 5552 nullum
2950 5511 3110 5566 posse
3146 5495 3365 5559 salvari,
3406 5505 3605 5564 pneter
3633 5509 3735 5548 eos

2155 5588 2250 5658 qui
2284 5598 2416 5642 sunt
2448 5588 2501 5642 in
2531 5587 2650 5658 lege
2684 5588 3107 5643 Saracenorum.
3132 5586 3312 5653 Quare
3339 5586 3730 5641 convenienter

2157 5680 2327 5751 quaeri
2377 5691 2584 5751 posset,
2617 5681 2660 5735 si
2696 5682 2840 5736 solos
2865 5681 3001 5737 velit
3031 5680 3339 5736 Saracenos
3376 5675 3521 5732 Deus
3550 5678 3731 5735 salvos

2158 5771 2302 5837 ﬁeri,
2329 5781 2386 5827 et
2411 5785 2507 5827 eos
2536 5771 2628 5842 qui
2651 5771 2938 5826 Arabicam
2972 5771 3212 5851 linguam
3248 5771 3448 5826 sciunt.
3466 5770 3732 5826 Christia-

2159 5877 2356 5921 nurum
2389 5875 2571 5922 autem
2597 5865 2705 5932 lex,
2748 5881 2869 5937 qum
2901 5866 3105 5936 scripta
3134 5875 3219 5921 est
3247 5864 3301 5919 in
3335 5865 3591 5921 omnibus
3622 5864 3730 5920 lin-
