  <div class='ocr_page' id='page_1' title='image "/cluster/home/n/w/nwhite01/storage/ocr_20150623/154/mdp.39015028978099/579.png"; bbox 0 0 4054 6298; ppageno 0'>
   <div class='ocr_carea' id='block_1_1' title="bbox 473 369 613 438">
    <p class='ocr_par' dir='ltr' id='par_1_1' title="bbox 473 369 613 438">
     <span class='ocr_line' id='line_1_1' title="bbox 473 369 613 438; baseline 0.014 -2"><span class='ocrx_word' id='word_1_1' title='bbox 473 369 613 438; x_wconf 72' lang='grc'><strong>1143</strong></span> 
     </span>
    </p>
   </div>
   <div class='ocr_carea' id='block_1_2' title="bbox 1724 381 2484 446">
    <p class='ocr_par' dir='ltr' id='par_1_2' title="bbox 1724 381 2484 446">
     <span class='ocr_line' id='line_1_2' title="bbox 1724 381 2484 446; baseline 0.003 -4"><span class='ocrx_word' id='word_1_2' title='bbox 1724 381 2106 444; x_wconf 79' lang='lat' dir='ltr'><strong>DEMETRII</strong></span> <span class='ocrx_word' id='word_1_3' title='bbox 2147 385 2484 446; x_wconf 17' lang='lat' dir='ltr'><strong>CYDONXIV</strong></span> 
     </span>
    </p>
   </div>
   <div class='ocr_carea' id='block_1_3' title="bbox 3586 375 3724 442">
    <p class='ocr_par' dir='ltr' id='par_1_3' title="bbox 3586 375 3724 442">
     <span class='ocr_line' id='line_1_3' title="bbox 3586 375 3724 442; baseline -0.014 0"><span class='ocrx_word' id='word_1_4' title='bbox 3586 375 3724 442; x_wconf 67' lang='lat' dir='ltr'><strong>11M</strong></span> 
     </span>
    </p>
   </div>
   <div class='ocr_carea' id='block_1_4' title="bbox 471 487 2054 571">
    <p class='ocr_par' dir='ltr' id='par_1_4' title="bbox 471 487 2048 559">
     <span class='ocr_line' id='line_1_4' title="bbox 471 487 2048 559; baseline 0.006 -20"><span class='ocrx_word' id='word_1_5' title='bbox 471 490 615 556; x_wconf 84' lang='lat' dir='ltr'><strong>guis,</strong></span> <span class='ocrx_word' id='word_1_6' title='bbox 650 487 809 555; x_wconf 89' lang='lat' dir='ltr'><strong>dicit,</strong></span> <span class='ocrx_word' id='word_1_7' title='bbox 840 490 985 559; x_wconf 86' lang='lat' dir='ltr'><strong>quod</strong></span> <span class='ocrx_word' id='word_1_8' title='bbox 1017 491 1164 547; x_wconf 88' lang='lat' dir='ltr'><strong>Deus</strong></span> <span class='ocrx_word' id='word_1_9' title='bbox 1190 492 1307 548; x_wconf 90' lang='lat' dir='ltr'><strong>vult</strong></span> <span class='ocrx_word' id='word_1_10' title='bbox 1346 508 1540 549; x_wconf 88' lang='lat' dir='ltr'><strong>omnes</strong></span> <span class='ocrx_word' id='word_1_11' title='bbox 1569 493 1824 550; x_wconf 87' lang='lat' dir='ltr'><strong>homines</strong></span> <span class='ocrx_word' id='word_1_12' title='bbox 1868 494 2048 550; x_wconf 86' lang='lat' dir='ltr'><strong>salvas</strong></span> 
     </span>
    </p>
   </div>
   <div class='ocr_carea' id='block_1_5' title="bbox 2158 487 3724 571">
    <p class='ocr_par' dir='ltr' id='par_1_5' title="bbox 2158 493 3724 571">
     <span class='ocr_line' id='line_1_5' title="bbox 2158 493 3724 571; baseline -0.005 -17"><span class='ocrx_word' id='word_1_13' title='bbox 2158 499 2546 571; x_wconf 80' lang='grc' dir='ltr'>Σαρῤακηνῶν.</span> <span class='ocrx_word' id='word_1_14' title='bbox 2584 499 2736 555; x_wconf 83' lang='grc' dir='ltr'>Ὠστ’</span> <span class='ocrx_word' id='word_1_15' title='bbox 2767 497 2992 560; x_wconf 75' lang='grc' dir='ltr'>εἰκότως</span> <span class='ocrx_word' id='word_1_16' title='bbox 3023 497 3091 553; x_wconf 73' lang='grc' dir='ltr'><strong>ἀν</strong></span> <span class='ocrx_word' id='word_1_17' title='bbox 3126 493 3412 568; x_wconf 75' lang='grc' dir='ltr'>ζητηθείη,</span> <span class='ocrx_word' id='word_1_18' title='bbox 3441 493 3490 547; x_wconf 85' lang='grc' dir='ltr'><strong>εί</strong></span> <span class='ocrx_word' id='word_1_19' title='bbox 3530 494 3724 571; x_wconf 82' lang='grc' dir='ltr'>μόνους</span> 
     </span>
    </p>
   </div>
   <div class='ocr_carea' id='block_1_6' title="bbox 475 576 2050 653">
    <p class='ocr_par' dir='ltr' id='par_1_6' title="bbox 475 576 2050 653">
     <span class='ocr_line' id='line_1_6' title="bbox 475 576 2050 653; baseline 0.008 -23"><span class='ocrx_word' id='word_1_20' title='bbox 475 576 615 633; x_wconf 73' lang='lat' dir='ltr'><strong>fieri.</strong></span> <span class='ocrx_word' id='word_1_21' title='bbox 652 578 911 635; x_wconf 86' lang='lat' dir='ltr'><strong>Saraceni</strong></span> <span class='ocrx_word' id='word_1_22' title='bbox 959 581 1147 652; x_wconf 84' lang='lat' dir='ltr'><strong>igitur,</strong></span> <span class='ocrx_word' id='word_1_23' title='bbox 1190 586 1284 653; x_wconf 88' lang='lat' dir='ltr'><strong>qui</strong></span> <span class='ocrx_word' id='word_1_24' title='bbox 1317 585 1438 641; x_wconf 82' lang='lat' dir='ltr'><strong>solo</strong></span> <span class='ocrx_word' id='word_1_25' title='bbox 1477 584 1704 641; x_wconf 85' lang='lat' dir='ltr'><strong>nomine</strong></span> <span class='ocrx_word' id='word_1_26' title='bbox 1741 587 1935 642; x_wconf 87' lang='lat' dir='ltr'><strong>salvati</strong></span> <span class='ocrx_word' id='word_1_27' title='bbox 1965 585 2050 642; x_wconf 86' lang='lat' dir='ltr'><strong>di—</strong></span> 
     </span>
    </p>
   </div>
   <div class='ocr_carea' id='block_1_7' title="bbox 471 672 2048 748">
    <p class='ocr_par' dir='ltr' id='par_1_7' title="bbox 471 672 2048 748">
     <span class='ocr_line' id='line_1_7' title="bbox 471 672 2048 748; baseline 0.005 -25"><span class='ocrx_word' id='word_1_28' title='bbox 471 680 698 736; x_wconf 89' lang='lat' dir='ltr'><strong>cuntur,</strong></span> <span class='ocrx_word' id='word_1_29' title='bbox 732 672 874 728; x_wconf 86' lang='lat' dir='ltr'><strong>sicut</strong></span> <span class='ocrx_word' id='word_1_30' title='bbox 924 681 1053 728; x_wconf 87' lang='lat' dir='ltr'><strong>ante</strong></span> <span class='ocrx_word' id='word_1_31' title='bbox 1084 675 1291 730; x_wconf 89' lang='lat' dir='ltr'><strong>dictum</strong></span> <span class='ocrx_word' id='word_1_32' title='bbox 1336 685 1442 741; x_wconf 85' lang='lat' dir='ltr'><strong>est,</strong></span> <span class='ocrx_word' id='word_1_33' title='bbox 1471 687 1527 731; x_wconf 90' lang='lat' dir='ltr'><strong>et</strong></span> <span class='ocrx_word' id='word_1_34' title='bbox 1579 677 1672 732; x_wconf 88' lang='lat' dir='ltr'><strong>alii</strong></span> <span class='ocrx_word' id='word_1_35' title='bbox 1716 692 1910 732; x_wconf 91' lang='lat' dir='ltr'><strong>omnes</strong></span> <span class='ocrx_word' id='word_1_36' title='bbox 1950 678 2048 748; x_wconf 88' lang='lat' dir='ltr'><strong>qui</strong></span> 
     </span>
    </p>
   </div>
   <div class='ocr_carea' id='block_1_8' title="bbox 474 767 2050 840">
    <p class='ocr_par' dir='ltr' id='par_1_8' title="bbox 474 767 2050 840">
     <span class='ocr_line' id='line_1_8' title="bbox 474 767 2050 840; baseline 0.003 -15"><span class='ocrx_word' id='word_1_37' title='bbox 474 767 780 825; x_wconf 83' lang='lat' dir='ltr'><strong>secundum</strong></span> <span class='ocrx_word' id='word_1_38' title='bbox 818 771 1104 826; x_wconf 77' lang='lat' dir='ltr'><strong>veritatem</strong></span> <span class='ocrx_word' id='word_1_39' title='bbox 1134 773 1316 827; x_wconf 86' lang='lat' dir='ltr'><strong>salvos</strong></span> <span class='ocrx_word' id='word_1_40' title='bbox 1344 788 1402 827; x_wconf 87' lang='lat' dir='ltr'><strong>se</strong></span> <span class='ocrx_word' id='word_1_41' title='bbox 1439 773 1556 828; x_wconf 75' lang='lat' dir='ltr'><strong>ﬁeri</strong></span> <span class='ocrx_word' id='word_1_42' title='bbox 1591 775 1802 840; x_wconf 86' lang='lat' dir='ltr'><strong>volunt,</strong></span> <span class='ocrx_word' id='word_1_43' title='bbox 1833 775 2050 830; x_wconf 86' lang='lat' dir='ltr'><strong>discant</strong></span> 
     </span>
    </p>
   </div>
   <div class='ocr_carea' id='block_1_9' title="bbox 468 855 2046 938">
    <p class='ocr_par' dir='ltr' id='par_1_9' title="bbox 468 855 2046 938">
     <span class='ocr_line' id='line_1_9' title="bbox 468 855 2046 938; baseline 0.006 -27"><span class='ocrx_word' id='word_1_44' title='bbox 468 855 749 915; x_wconf 74' lang='lat' dir='ltr'><strong>Christum</strong></span> <span class='ocrx_word' id='word_1_45' title='bbox 799 876 921 918; x_wconf 88' lang='lat' dir='ltr'><strong>esse</strong></span> <span class='ocrx_word' id='word_1_46' title='bbox 963 861 1329 927; x_wconf 86' lang='lat' dir='ltr'><strong>Salvatarcm,</strong></span> <span class='ocrx_word' id='word_1_47' title='bbox 1367 865 1657 934; x_wconf 82' lang='lat' dir='ltr'><strong>legantque</strong></span> <span class='ocrx_word' id='word_1_48' title='bbox 1690 864 2046 938; x_wconf 85' lang='lat' dir='ltr'><strong>Evangelium</strong></span> 
     </span>
    </p>
   </div>
   <div class='ocr_carea' id='block_1_10' title="bbox 471 950 2046 1025">
    <p class='ocr_par' dir='ltr' id='par_1_10' title="bbox 471 950 2046 1025">
     <span class='ocr_line' id='line_1_10' title="bbox 471 950 2046 1025; baseline 0.007 -22"><span class='ocrx_word' id='word_1_49' title='bbox 471 950 528 1003; x_wconf 91' lang='lat' dir='ltr'><strong>in</strong></span> <span class='ocrx_word' id='word_1_50' title='bbox 586 967 917 1023; x_wconf 89' lang='lat' dir='ltr'><strong>quacunque</strong></span> <span class='ocrx_word' id='word_1_51' title='bbox 977 953 1162 1025; x_wconf 65' lang='lat' dir='ltr'><strong>lingua</strong></span> <span class='ocrx_word' id='word_1_52' title='bbox 1228 956 1440 1019; x_wconf 87' lang='lat' dir='ltr'><strong>volunt.</strong></span> <span class='ocrx_word' id='word_1_53' title='bbox 1496 967 1551 1013; x_wconf 91' lang='lat' dir='ltr'><strong>ct</strong></span> <span class='ocrx_word' id='word_1_54' title='bbox 1595 957 1877 1013; x_wconf 80' lang='lat' dir='ltr'><strong>invenient</strong></span> <span class='ocrx_word' id='word_1_55' title='bbox 1929 959 2046 1014; x_wconf 80' lang='lat' dir='ltr'><strong>fere</strong></span> 
     </span>
    </p>
   </div>
   <div class='ocr_carea' id='block_1_11' title="bbox 469 1047 2047 1116">
    <p class='ocr_par' dir='ltr' id='par_1_11' title="bbox 469 1047 2047 1116">
     <span class='ocr_line' id='line_1_11' title="bbox 469 1047 2047 1116; baseline 0.007 -20"><span class='ocrx_word' id='word_1_56' title='bbox 469 1048 744 1099; x_wconf 86' lang='lat' dir='ltr'><strong>contraria</strong></span> <span class='ocrx_word' id='word_1_57' title='bbox 781 1047 960 1100; x_wconf 87' lang='lat' dir='ltr'><strong>omnia</strong></span> <span class='ocrx_word' id='word_1_58' title='bbox 987 1063 1108 1116; x_wconf 68' lang='lat' dir='ltr'><strong>quae</strong></span> <span class='ocrx_word' id='word_1_59' title='bbox 1143 1048 1401 1116; x_wconf 64' lang='lat' dir='ltr'><strong>praedicta</strong></span> <span class='ocrx_word' id='word_1_60' title='bbox 1433 1059 1636 1105; x_wconf 85' lang='lat' dir='ltr'><strong>suntet</strong></span> <span class='ocrx_word' id='word_1_61' title='bbox 1668 1050 2047 1107; x_wconf 86' lang='lat' dir='ltr'><strong>demonstrata</strong></span> 
     </span>
    </p>
   </div>
   <div class='ocr_carea' id='block_1_12' title="bbox 470 1133 2048 1214">
    <p class='ocr_par' dir='ltr' id='par_1_12' title="bbox 470 1133 2048 1214">
     <span class='ocr_line' id='line_1_12' title="bbox 470 1133 2048 1214; baseline 0.006 -28"><span class='ocrx_word' id='word_1_62' title='bbox 470 1135 541 1186; x_wconf 85' lang='lat' dir='ltr'><strong>ab</strong></span> <span class='ocrx_word' id='word_1_63' title='bbox 589 1133 886 1190; x_wconf 80' lang='lat' dir='ltr'><strong>Alcorano.</strong></span> <span class='ocrx_word' id='word_1_64' title='bbox 937 1137 1369 1207; x_wconf 80' lang='lat' dir='ltr'><strong>lnvenientque,</strong></span> <span class='ocrx_word' id='word_1_65' title='bbox 1431 1141 1578 1210; x_wconf 84' lang='lat' dir='ltr'><strong>quod</strong></span> <span class='ocrx_word' id='word_1_66' title='bbox 1629 1142 1796 1214; x_wconf 78' lang='lat' dir='ltr'><strong>Moysi</strong></span> <span class='ocrx_word' id='word_1_67' title='bbox 1859 1143 1946 1197; x_wconf 83' lang='lat' dir='ltr'><strong>lex</strong></span> <span class='ocrx_word' id='word_1_68' title='bbox 1991 1151 2048 1198; x_wconf 85' lang='lat' dir='ltr'><strong>et</strong></span> 
     </span>
    </p>
   </div>
   <div class='ocr_carea' id='block_1_13' title="bbox 468 1215 2045 1296">
    <p class='ocr_par' dir='ltr' id='par_1_13' title="bbox 468 1215 2045 1296">
     <span class='ocr_line' id='line_1_13' title="bbox 468 1215 2045 1296; baseline 0.007 -19"><span class='ocrx_word' id='word_1_69' title='bbox 468 1224 755 1293; x_wconf 66' lang='lat' dir='ltr'><strong>praphetaz</strong></span> <span class='ocrx_word' id='word_1_70' title='bbox 807 1227 986 1296; x_wconf 89' lang='lat' dir='ltr'><strong>ipsum</strong></span> <span class='ocrx_word' id='word_1_71' title='bbox 1035 1215 1329 1293; x_wconf 85' lang='lat' dir='ltr'><strong>testantur,</strong></span> <span class='ocrx_word' id='word_1_72' title='bbox 1361 1240 1417 1286; x_wconf 89' lang='lat' dir='ltr'><strong>et</strong></span> <span class='ocrx_word' id='word_1_73' title='bbox 1467 1233 1672 1287; x_wconf 89' lang='lat' dir='ltr'><strong>nullam</strong></span> <span class='ocrx_word' id='word_1_74' title='bbox 1711 1248 1832 1286; x_wconf 67' lang='lat' dir='ltr'><strong>esse</strong></span> <span class='ocrx_word' id='word_1_75' title='bbox 1863 1233 2045 1289; x_wconf 84' lang='lat' dir='ltr'><strong>Evan-</strong></span> 
     </span>
    </p>
   </div>
   <div class='ocr_carea' id='block_1_14' title="bbox 468 1315 2050 1394">
    <p class='ocr_par' dir='ltr' id='par_1_14' title="bbox 468 1315 2050 1394">
     <span class='ocr_line' id='line_1_14' title="bbox 468 1315 2050 1394; baseline 0.005 -23"><span class='ocrx_word' id='word_1_76' title='bbox 468 1315 598 1387; x_wconf 86' lang='lat' dir='ltr'><strong>gelii</strong></span> <span class='ocrx_word' id='word_1_77' title='bbox 632 1319 1106 1385; x_wconf 85' lang='lat' dir='ltr'><strong>contrarietatem,</strong></span> <span class='ocrx_word' id='word_1_78' title='bbox 1140 1321 1233 1375; x_wconf 85' lang='lat' dir='ltr'><strong>sed</strong></span> <span class='ocrx_word' id='word_1_79' title='bbox 1271 1322 1455 1391; x_wconf 85' lang='lat' dir='ltr'><strong>potius</strong></span> <span class='ocrx_word' id='word_1_80' title='bbox 1496 1325 1961 1394; x_wconf 88' lang='lat' dir='ltr'><strong>complementum</strong></span> <span class='ocrx_word' id='word_1_81' title='bbox 1991 1335 2050 1382; x_wconf 86' lang='lat' dir='ltr'><strong>et.</strong></span> 
     </span>
    </p>
   </div>
   <div class='ocr_carea' id='block_1_15' title="bbox 467 1409 2054 1490">
    <p class='ocr_par' dir='ltr' id='par_1_15' title="bbox 467 1409 2054 1490">
     <span class='ocr_line' id='line_1_15' title="bbox 467 1409 2054 1490; baseline 0.004 -26"><span class='ocrx_word' id='word_1_82' title='bbox 467 1409 868 1490; x_wconf 82' lang='lat' dir='ltr'><strong>perfectionem</strong></span> <span class='ocrx_word' id='word_1_83' title='bbox 895 1413 1140 1468; x_wconf 88' lang='lat' dir='ltr'><strong>omnium</strong></span> <span class='ocrx_word' id='word_1_84' title='bbox 1181 1413 1410 1468; x_wconf 87' lang='lat' dir='ltr'><strong>aliarum</strong></span> <span class='ocrx_word' id='word_1_85' title='bbox 1439 1415 1872 1485; x_wconf 79' lang='lat' dir='ltr'><strong>Scripturarum.</strong></span> <span class='ocrx_word' id='word_1_86' title='bbox 1899 1416 2054 1471; x_wconf 84' lang='lat' dir='ltr'><strong>Inve-</strong></span> 
     </span>
    </p>
   </div>
   <div class='ocr_carea' id='block_1_16' title="bbox 468 1503 2047 1578">
    <p class='ocr_par' dir='ltr' id='par_1_16' title="bbox 468 1503 2047 1578">
     <span class='ocr_line' id='line_1_16' title="bbox 468 1503 2047 1578; baseline 0.005 -21"><span class='ocrx_word' id='word_1_87' title='bbox 468 1503 627 1558; x_wconf 87' lang='lat' dir='ltr'><strong>nient</strong></span> <span class='ocrx_word' id='word_1_88' title='bbox 658 1519 882 1576; x_wconf 90' lang='lat' dir='ltr'><strong>quoque</strong></span> <span class='ocrx_word' id='word_1_89' title='bbox 921 1505 978 1559; x_wconf 89' lang='lat' dir='ltr'><strong>in</strong></span> <span class='ocrx_word' id='word_1_90' title='bbox 1011 1503 1314 1576; x_wconf 84' lang='lat' dir='ltr'><strong>Evangelia</strong></span> <span class='ocrx_word' id='word_1_91' title='bbox 1361 1508 1562 1578; x_wconf 82' lang='lat' dir='ltr'><strong>stylum</strong></span> <span class='ocrx_word' id='word_1_92' title='bbox 1615 1523 1722 1562; x_wconf 90' lang='lat' dir='ltr'><strong>non</strong></span> <span class='ocrx_word' id='word_1_93' title='bbox 1755 1510 2047 1565; x_wconf 85' lang='lat' dir='ltr'><strong>metricum</strong></span> 
     </span>
    </p>
   </div>
   <div class='ocr_carea' id='block_1_17' title="bbox 467 1597 2046 1670">
    <p class='ocr_par' dir='ltr' id='par_1_17' title="bbox 467 1597 2046 1670">
     <span class='ocr_line' id='line_1_17' title="bbox 467 1597 2046 1670; baseline 0.006 -21"><span class='ocrx_word' id='word_1_94' title='bbox 467 1598 556 1654; x_wconf 82' lang='lat' dir='ltr'><strong>vel</strong></span> <span class='ocrx_word' id='word_1_95' title='bbox 589 1597 1096 1670; x_wconf 78' lang='lat' dir='ltr'><strong>rhythmicum,scd</strong></span> <span class='ocrx_word' id='word_1_96' title='bbox 1133 1599 1438 1670; x_wconf 88' lang='lat' dir='ltr'><strong>simplicem</strong></span> <span class='ocrx_word' id='word_1_97' title='bbox 1465 1610 1519 1656; x_wconf 88' lang='lat' dir='ltr'><strong>et</strong></span> <span class='ocrx_word' id='word_1_98' title='bbox 1547 1617 1918 1665; x_wconf 86' lang='lat' dir='ltr'><strong>communem,</strong></span> <span class='ocrx_word' id='word_1_99' title='bbox 1937 1617 2046 1658; x_wconf 90' lang='lat' dir='ltr'><strong>non</strong></span> 
     </span>
    </p>
   </div>
   <div class='ocr_carea' id='block_1_18' title="bbox 470 1691 2047 1761">
    <p class='ocr_par' dir='ltr' id='par_1_18' title="bbox 470 1691 2047 1761">
     <span class='ocr_line' id='line_1_18' title="bbox 470 1691 2047 1761; baseline 0.003 -16"><span class='ocrx_word' id='word_1_100' title='bbox 470 1691 699 1761; x_wconf 84' lang='lat' dir='ltr'><strong>quidem</strong></span> <span class='ocrx_word' id='word_1_101' title='bbox 751 1699 979 1760; x_wconf 87' lang='lat' dir='ltr'><strong>prapter</strong></span> <span class='ocrx_word' id='word_1_102' title='bbox 1040 1691 1446 1761; x_wconf 72' lang='lat' dir='ltr'><strong>simpliritatem</strong></span> <span class='ocrx_word' id='word_1_103' title='bbox 1500 1692 1902 1761; x_wconf 82' lang='lat' dir='ltr'><strong>scribentium,</strong></span> <span class='ocrx_word' id='word_1_104' title='bbox 1949 1695 2047 1750; x_wconf 89' lang='lat' dir='ltr'><strong>sed</strong></span> 
     </span>
    </p>
   </div>
   <div class='ocr_carea' id='block_1_19' title="bbox 469 1785 2048 1855">
    <p class='ocr_par' dir='ltr' id='par_1_19' title="bbox 469 1785 2048 1855">
     <span class='ocr_line' id='line_1_19' title="bbox 469 1785 2048 1855; baseline 0.002 -17"><span class='ocrx_word' id='word_1_105' title='bbox 469 1794 698 1855; x_wconf 76' lang='lat' dir='ltr'><strong>propter</strong></span> <span class='ocrx_word' id='word_1_106' title='bbox 749 1785 1042 1840; x_wconf 81' lang='lat' dir='ltr'><strong>utilitatem</strong></span> <span class='ocrx_word' id='word_1_107' title='bbox 1102 1786 1445 1854; x_wconf 81' lang='lat' dir='ltr'><strong>legentium,</strong></span> <span class='ocrx_word' id='word_1_108' title='bbox 1483 1795 1543 1840; x_wconf 90' lang='lat' dir='ltr'><strong>ut</strong></span> <span class='ocrx_word' id='word_1_109' title='bbox 1592 1786 1660 1840; x_wconf 88' lang='lat' dir='ltr'><strong>ab</strong></span> <span class='ocrx_word' id='word_1_110' title='bbox 1709 1786 1856 1840; x_wconf 88' lang='lat' dir='ltr'><strong>atnni</strong></span> <span class='ocrx_word' id='word_1_111' title='bbox 1913 1787 2048 1841; x_wconf 81' lang='lat' dir='ltr'><strong>sim—</strong></span> 
     </span>
    </p>
   </div>
   <div class='ocr_carea' id='block_1_20' title="bbox 2159 569 3725 666">
    <p class='ocr_par' dir='ltr' id='par_1_20' title="bbox 2159 569 3725 666">
     <span class='ocr_line' id='line_1_20' title="bbox 2159 569 3725 666; baseline -0.007 -18"><span class='ocrx_word' id='word_1_112' title='bbox 2159 569 2404 666; x_wconf 78' lang='grc' dir='ltr'>βούλοιτο</span> <span class='ocrx_word' id='word_1_113' title='bbox 2455 589 2697 663; x_wconf 77' lang='grc' dir='ltr'>σωθῆναι</span> <span class='ocrx_word' id='word_1_114' title='bbox 2753 590 2882 655; x_wconf 68' lang='grc' dir='ltr'>τοὺς</span> <span class='ocrx_word' id='word_1_115' title='bbox 2936 585 3329 663; x_wconf 72' lang='grc' dir='ltr'>Σαρρακηνοῦς</span> <span class='ocrx_word' id='word_1_116' title='bbox 3360 569 3592 650; x_wconf 64' lang='grc' dir='ltr'>ό-Θεὸς,</span> <span class='ocrx_word' id='word_1_117' title='bbox 3631 585 3725 638; x_wconf 80' lang='grc' dir='ltr'>καὶ</span> 
     </span>
    </p>
   </div>
   <div class='ocr_carea' id='block_1_21' title="bbox 2157 673 3724 753">
    <p class='ocr_par' dir='ltr' id='par_1_21' title="bbox 2157 673 3724 753">
     <span class='ocr_line' id='line_1_21' title="bbox 2157 673 3724 753; baseline -0.008 -13"><span class='ocrx_word' id='word_1_118' title='bbox 2157 688 2283 748; x_wconf 85' lang='grc' dir='ltr'>τοὺς</span> <span class='ocrx_word' id='word_1_119' title='bbox 2307 684 2674 753; x_wconf 78' lang='grc' dir='ltr'><strong>γινώσκοντας</strong></span> <span class='ocrx_word' id='word_1_120' title='bbox 2701 683 2801 751; x_wconf 78' lang='grc' dir='ltr'>τὴν</span> <span class='ocrx_word' id='word_1_121' title='bbox 2827 681 2936 737; x_wconf 84' lang='grc' dir='ltr'><strong>τῶν</strong></span> <span class='ocrx_word' id='word_1_122' title='bbox 2974 680 3224 752; x_wconf 76' lang='grc' dir='ltr'>’Δράσων</span> <span class='ocrx_word' id='word_1_123' title='bbox 3253 677 3534 746; x_wconf 77' lang='grc' dir='ltr'>γλῶσσαν.</span> <span class='ocrx_word' id='word_1_124' title='bbox 3577 673 3636 728; x_wconf 83' lang='lat'><strong>&#39;0</strong></span> <span class='ocrx_word' id='word_1_125' title='bbox 3668 674 3724 728; x_wconf 75' lang='grc' dir='ltr'>δὲ</span> 
     </span>
    </p>
   </div>
   <div class='ocr_carea' id='block_1_22' title="bbox 2157 767 3725 846">
    <p class='ocr_par' dir='ltr' id='par_1_22' title="bbox 2157 767 3725 846">
     <span class='ocr_line' id='line_1_22' title="bbox 2157 767 3725 846; baseline -0.007 -16"><span class='ocrx_word' id='word_1_126' title='bbox 2157 777 2264 832; x_wconf 86' lang='grc' dir='ltr'><strong>τῶν</strong></span> <span class='ocrx_word' id='word_1_127' title='bbox 2307 775 2649 846; x_wconf 79' lang='grc' dir='ltr'>Χριστιανῶν</span> <span class='ocrx_word' id='word_1_128' title='bbox 2693 775 2879 844; x_wconf 86' lang='grc' dir='ltr'>νόμος,</span> <span class='ocrx_word' id='word_1_129' title='bbox 2908 774 2938 828; x_wconf 80' lang='grc' dir='ltr'><strong>ό</strong></span> <span class='ocrx_word' id='word_1_130' title='bbox 2991 775 3053 826; x_wconf 81' lang='grc' dir='ltr'>ὲν</span> <span class='ocrx_word' id='word_1_131' title='bbox 3096 771 3299 834; x_wconf 79' lang='grc' dir='ltr'><strong>πάσαις</strong></span> <span class='ocrx_word' id='word_1_132' title='bbox 3343 767 3725 839; x_wconf 75' lang='grc' dir='ltr'><strong>γεγραμμένος</strong></span> 
     </span>
    </p>
   </div>
   <div class='ocr_carea' id='block_1_23' title="bbox 2153 850 3724 935">
    <p class='ocr_par' dir='ltr' id='par_1_23' title="bbox 2153 850 3724 935">
     <span class='ocr_line' id='line_1_23' title="bbox 2153 850 3724 935; baseline -0.008 -12"><span class='ocrx_word' id='word_1_133' title='bbox 2153 859 2278 932; x_wconf 75' lang='grc' dir='ltr'>ταῖς</span> <span class='ocrx_word' id='word_1_134' title='bbox 2305 850 2634 931; x_wconf 78' lang='grc' dir='ltr'>διαλέκτοις,</span> <span class='ocrx_word' id='word_1_135' title='bbox 2673 869 2810 935; x_wconf 69' lang='grc' dir='ltr'>φησι</span> <span class='ocrx_word' id='word_1_136' title='bbox 2844 866 2938 919; x_wconf 78' lang='grc' dir='ltr'>τὸν</span> <span class='ocrx_word' id='word_1_137' title='bbox 2979 863 3115 919; x_wconf 83' lang='grc' dir='ltr'>Θεδν</span> <span class='ocrx_word' id='word_1_138' title='bbox 3155 866 3366 924; x_wconf 76' lang='grc' dir='ltr'>πάντας</span> <span class='ocrx_word' id='word_1_139' title='bbox 3405 858 3724 931; x_wconf 78' lang='grc' dir='ltr'>ἀνθρώπους</span> 
     </span>
    </p>
   </div>
   <div class='ocr_carea' id='block_1_24' title="bbox 2157 947 3726 1028">
    <p class='ocr_par' dir='ltr' id='par_1_24' title="bbox 2157 947 3726 1028">
     <span class='ocr_line' id='line_1_24' title="bbox 2157 947 3726 1028; baseline -0.008 -16"><span class='ocrx_word' id='word_1_140' title='bbox 2157 957 2334 1012; x_wconf 78' lang='grc' dir='ltr'>θέλειν</span> <span class='ocrx_word' id='word_1_141' title='bbox 2377 955 2636 1026; x_wconf 82' lang='grc' dir='ltr'>σωθῆναι.</span> <span class='ocrx_word' id='word_1_142' title='bbox 2672 955 2740 1009; x_wconf 77' lang='lat' dir='ltr'><strong>Oi</strong></span> <span class='ocrx_word' id='word_1_143' title='bbox 2775 952 3126 1028; x_wconf 71' lang='grc' dir='ltr'>Σαρῤακηνοὶ</span> <span class='ocrx_word' id='word_1_144' title='bbox 3169 951 3348 1005; x_wconf 91' lang='grc' dir='ltr'>τοίνυν</span> <span class='ocrx_word' id='word_1_145' title='bbox 3393 951 3443 1003; x_wconf 70' lang='grc' dir='ltr'>οἱ</span> <span class='ocrx_word' id='word_1_146' title='bbox 3481 949 3626 1019; x_wconf 82' lang='grc' dir='ltr'>μόνῳ</span> <span class='ocrx_word' id='word_1_147' title='bbox 3651 947 3726 1014; x_wconf 79' lang='grc' dir='ltr'>τῷ</span> 
     </span>
    </p>
   </div>
   <div class='ocr_carea' id='block_1_25' title="bbox 2156 1043 3726 1117">
    <p class='ocr_par' dir='ltr' id='par_1_25' title="bbox 2156 1043 3726 1117">
     <span class='ocr_line' id='line_1_25' title="bbox 2156 1043 3726 1117; baseline -0.006 -15"><span class='ocrx_word' id='word_1_148' title='bbox 2156 1050 2381 1117; x_wconf 76' lang='grc' dir='ltr'>ὀνόματι</span> <span class='ocrx_word' id='word_1_149' title='bbox 2412 1048 2698 1117; x_wconf 76' lang='grc' dir='ltr'>λεγόμενοι</span> <span class='ocrx_word' id='word_1_150' title='bbox 2750 1045 3108 1116; x_wconf 79' lang='grc' dir='ltr'><strong>σεσωσμένοι,</strong></span> <span class='ocrx_word' id='word_1_151' title='bbox 3149 1043 3335 1106; x_wconf 85' lang='grc' dir='ltr'>καθὼς</span> <span class='ocrx_word' id='word_1_152' title='bbox 3381 1043 3726 1112; x_wconf 83' lang='grc' dir='ltr'>προείρηται,</span> 
     </span>
    </p>
   </div>
   <div class='ocr_carea' id='block_1_26' title="bbox 2156 1131 3729 1208">
    <p class='ocr_par' dir='ltr' id='par_1_26' title="bbox 2156 1131 3729 1208">
     <span class='ocr_line' id='line_1_26' title="bbox 2156 1131 3729 1208; baseline -0.008 -11"><span class='ocrx_word' id='word_1_153' title='bbox 2156 1143 2253 1197; x_wconf 78' lang='grc' dir='ltr'>καὶ</span> <span class='ocrx_word' id='word_1_154' title='bbox 2282 1143 2332 1196; x_wconf 77' lang='grc' dir='ltr'>οι</span> <span class='ocrx_word' id='word_1_155' title='bbox 2362 1141 2512 1196; x_wconf 77' lang='grc' dir='ltr'>ἄλλοι</span> <span class='ocrx_word' id='word_1_156' title='bbox 2544 1142 2746 1202; x_wconf 73' lang='grc' dir='ltr'>πάντες</span> <span class='ocrx_word' id='word_1_157' title='bbox 2769 1140 2820 1193; x_wconf 76' lang='grc' dir='ltr'>οἱ</span> <span class='ocrx_word' id='word_1_158' title='bbox 2855 1139 2996 1193; x_wconf 87' lang='grc' dir='ltr'><strong>κατά</strong></span> <span class='ocrx_word' id='word_1_159' title='bbox 3023 1136 3291 1208; x_wconf 80' lang='grc' dir='ltr'>ἀλήθειαν</span> <span class='ocrx_word' id='word_1_160' title='bbox 3321 1133 3564 1204; x_wconf 87' lang='grc' dir='ltr'>σωθῆναι</span> <span class='ocrx_word' id='word_1_161' title='bbox 3601 1131 3729 1203; x_wconf 68' lang='grc' dir='ltr'>βου.</span> 
     </span>
    </p>
   </div>
   <div class='ocr_carea' id='block_1_27' title="bbox 2156 1223 3726 1302">
    <p class='ocr_par' dir='ltr' id='par_1_27' title="bbox 2156 1223 3726 1302">
     <span class='ocr_line' id='line_1_27' title="bbox 2156 1223 3726 1302; baseline -0.006 -16"><span class='ocrx_word' id='word_1_162' title='bbox 2156 1233 2397 1302; x_wconf 83' lang='grc' dir='ltr'>λόμενοι,</span> <span class='ocrx_word' id='word_1_163' title='bbox 2452 1231 2776 1302; x_wconf 75' lang='grc' dir='ltr'><strong>μαθέτωσαν</strong></span> <span class='ocrx_word' id='word_1_164' title='bbox 2828 1231 2921 1283; x_wconf 83' lang='grc' dir='ltr'>τὸν</span> <span class='ocrx_word' id='word_1_165' title='bbox 2978 1228 3221 1299; x_wconf 81' lang='grc' dir='ltr'>Χριστὸν</span> <span class='ocrx_word' id='word_1_166' title='bbox 3278 1223 3420 1281; x_wconf 78' lang='grc' dir='ltr'>εἶναι</span> <span class='ocrx_word' id='word_1_167' title='bbox 3476 1224 3726 1292; x_wconf 78' lang='grc' dir='ltr'><strong>Σωτῆρα,</strong></span> 
     </span>
    </p>
   </div>
   <div class='ocr_carea' id='block_1_28' title="bbox 2156 1313 3732 1391">
    <p class='ocr_par' dir='ltr' id='par_1_28' title="bbox 2156 1313 3732 1391">
     <span class='ocr_line' id='line_1_28' title="bbox 2156 1313 3732 1391; baseline -0.006 -13"><span class='ocrx_word' id='word_1_168' title='bbox 2156 1322 2681 1391; x_wconf 78' lang='grc' dir='ltr'>ἀναγινωσκέτωσάν</span> <span class='ocrx_word' id='word_1_169' title='bbox 2713 1340 2773 1376; x_wconf 85' lang='grc' dir='ltr'><strong>τε</strong></span> <span class='ocrx_word' id='word_1_170' title='bbox 2806 1322 2866 1377; x_wconf 81' lang='grc' dir='ltr'>τὸ</span> <span class='ocrx_word' id='word_1_171' title='bbox 2896 1320 3232 1390; x_wconf 82' lang='grc' dir='ltr'>Εὑαγγὲλιον</span> <span class='ocrx_word' id='word_1_172' title='bbox 3260 1320 3318 1374; x_wconf 68' lang='lat' dir='ltr'><strong>iv</strong></span> <span class='ocrx_word' id='word_1_173' title='bbox 3424 1317 3492 1373; x_wconf 77' lang='grc' dir='ltr'><strong>ἀν</strong></span> <span class='ocrx_word' id='word_1_174' title='bbox 3516 1316 3732 1387; x_wconf 74' lang='grc' dir='ltr'>βούλον-</span> 
     </span>
    </p>
   </div>
   <div class='ocr_carea' id='block_1_29' title="bbox 2156 1409 3733 1485">
    <p class='ocr_par' dir='ltr' id='par_1_29' title="bbox 2156 1409 3733 1485">
     <span class='ocr_line' id='line_1_29' title="bbox 2156 1409 3733 1485; baseline -0.004 -17"><span class='ocrx_word' id='word_1_175' title='bbox 2156 1432 2249 1468; x_wconf 87' lang='grc' dir='ltr'><strong>ται</strong></span> <span class='ocrx_word' id='word_1_176' title='bbox 2282 1414 2568 1485; x_wconf 80' lang='grc' dir='ltr'><strong>διαλέκτῳ,</strong></span> <span class='ocrx_word' id='word_1_177' title='bbox 2603 1415 2697 1468; x_wconf 79' lang='grc' dir='ltr'>καὶ</span> <span class='ocrx_word' id='word_1_178' title='bbox 2737 1413 3034 1484; x_wconf 73' lang='grc' dir='ltr'><strong>εὑρήσουσι</strong></span> <span class='ocrx_word' id='word_1_179' title='bbox 3075 1411 3270 1482; x_wconf 77' lang='grc' dir='ltr'>σχεδὸν</span> <span class='ocrx_word' id='word_1_180' title='bbox 3298 1411 3521 1464; x_wconf 73' lang='grc' dir='ltr'>ιναντία</span> <span class='ocrx_word' id='word_1_181' title='bbox 3551 1409 3733 1462; x_wconf 81' lang='grc' dir='ltr'>πάντα</span> 
     </span>
    </p>
   </div>
   <div class='ocr_carea' id='block_1_30' title="bbox 2153 1501 3736 1578">
    <p class='ocr_par' dir='ltr' id='par_1_30' title="bbox 2153 1501 3736 1578">
     <span class='ocr_line' id='line_1_30' title="bbox 2153 1501 3736 1578; baseline -0.005 -17"><span class='ocrx_word' id='word_1_182' title='bbox 2153 1511 2272 1569; x_wconf 70' lang='grc' dir='ltr'>τοῖς</span> <span class='ocrx_word' id='word_1_183' title='bbox 2300 1507 2721 1578; x_wconf 75' lang='grc' dir='ltr'>προειρημένοις</span> <span class='ocrx_word' id='word_1_184' title='bbox 2748 1506 2846 1560; x_wconf 72' lang='grc' dir='ltr'>καὶ</span> <span class='ocrx_word' id='word_1_185' title='bbox 2880 1505 3250 1576; x_wconf 76' lang='grc' dir='ltr'>δεδειγμένοις</span> <span class='ocrx_word' id='word_1_186' title='bbox 3276 1503 3382 1558; x_wconf 69' lang='grc' dir='ltr'>ὑπὸ</span> <span class='ocrx_word' id='word_1_187' title='bbox 3411 1501 3508 1556; x_wconf 82' lang='grc' dir='ltr'>τοῦ</span> <span class='ocrx_word' id='word_1_188' title='bbox 3547 1502 3736 1555; x_wconf 78' lang='grc' dir='ltr'>Ἀλκο-</span> 
     </span>
    </p>
   </div>
   <div class='ocr_carea' id='block_1_31' title="bbox 2159 1595 3731 1674">
    <p class='ocr_par' dir='ltr' id='par_1_31' title="bbox 2159 1595 3731 1674">
     <span class='ocr_line' id='line_1_31' title="bbox 2159 1595 3731 1674; baseline -0.004 -18"><span class='ocrx_word' id='word_1_189' title='bbox 2159 1602 2347 1672; x_wconf 87' lang='grc' dir='ltr'>ράνου.</span> <span class='ocrx_word' id='word_1_190' title='bbox 2374 1601 2686 1672; x_wconf 77' lang='grc' dir='ltr'>Εὕρήσουσι</span> <span class='ocrx_word' id='word_1_191' title='bbox 2732 1599 3236 1674; x_wconf 80' lang='grc' dir='ltr'>συμμαρτυροῢντα</span> <span class='ocrx_word' id='word_1_192' title='bbox 3289 1597 3440 1671; x_wconf 80' lang='grc' dir='ltr'>αὐτῷ</span> <span class='ocrx_word' id='word_1_193' title='bbox 3498 1595 3589 1652; x_wconf 83' lang='grc' dir='ltr'><strong>τδν</strong></span> <span class='ocrx_word' id='word_1_194' title='bbox 3632 1595 3731 1650; x_wconf 74' lang='grc' dir='ltr'><strong>τοῦ</strong></span> 
     </span>
    </p>
   </div>
   <div class='ocr_carea' id='block_1_32' title="bbox 2155 1687 3734 1765">
    <p class='ocr_par' dir='ltr' id='par_1_32' title="bbox 2155 1687 3734 1765">
     <span class='ocr_line' id='line_1_32' title="bbox 2155 1687 3734 1765; baseline -0.001 -16"><span class='ocrx_word' id='word_1_195' title='bbox 2155 1693 2400 1757; x_wconf 78' lang='grc' dir='ltr'><strong>Μωσέως</strong></span> <span class='ocrx_word' id='word_1_196' title='bbox 2433 1694 2599 1763; x_wconf 89' lang='grc' dir='ltr'>νόμον</span> <span class='ocrx_word' id='word_1_197' title='bbox 2650 1694 2748 1748; x_wconf 81' lang='grc' dir='ltr'>καὶ</span> <span class='ocrx_word' id='word_1_198' title='bbox 2775 1693 2904 1757; x_wconf 75' lang='grc' dir='ltr'>τοὺς</span> <span class='ocrx_word' id='word_1_199' title='bbox 2933 1693 3239 1765; x_wconf 75' lang='grc' dir='ltr'>προφήτας,</span> <span class='ocrx_word' id='word_1_200' title='bbox 3265 1690 3541 1762; x_wconf 73' lang='grc' dir='ltr'>μηδεμιᾶς</span> <span class='ocrx_word' id='word_1_201' title='bbox 3565 1687 3734 1758; x_wconf 74' lang='grc' dir='ltr'>οὔσης</span> 
     </span>
    </p>
   </div>
   <div class='ocr_carea' id='block_1_33' title="bbox 2157 1781 3734 1858">
    <p class='ocr_par' dir='ltr' id='par_1_33' title="bbox 2157 1781 3734 1858">
     <span class='ocr_line' id='line_1_33' title="bbox 2157 1781 3734 1858; baseline -0.005 -16"><span class='ocrx_word' id='word_1_202' title='bbox 2157 1789 2298 1858; x_wconf 74' lang='grc' dir='ltr'>πρδς</span> <span class='ocrx_word' id='word_1_203' title='bbox 2343 1788 2544 1851; x_wconf 71' lang='grc' dir='ltr'>αὐτοὺς</span> <span class='ocrx_word' id='word_1_204' title='bbox 2578 1785 2670 1841; x_wconf 73' lang='grc' dir='ltr'><strong>τοῦ</strong></span> <span class='ocrx_word' id='word_1_205' title='bbox 2724 1787 3062 1857; x_wconf 83' lang='grc' dir='ltr'>Εὐαγγελίου</span> <span class='ocrx_word' id='word_1_206' title='bbox 3101 1785 3500 1856; x_wconf 62' lang='grc' dir='ltr'>ἐναντιότητος,</span> <span class='ocrx_word' id='word_1_207' title='bbox 3532 1781 3734 1852; x_wconf 77' lang='grc' dir='ltr'>μᾶλλον</span> 
     </span>
    </p>
   </div>
   <div class='ocr_carea' id='block_1_34' title="bbox 470 1865 2054 1954">
    <p class='ocr_par' dir='ltr' id='par_1_34' title="bbox 470 1874 2050 1945">
     <span class='ocr_line' id='line_1_34' title="bbox 470 1874 2050 1945; baseline 0 -17"><span class='ocrx_word' id='word_1_208' title='bbox 470 1874 603 1944; x_wconf 88' lang='lat' dir='ltr'><strong>plici</strong></span> <span class='ocrx_word' id='word_1_209' title='bbox 634 1886 689 1930; x_wconf 88' lang='lat' dir='ltr'><strong>ct</strong></span> <span class='ocrx_word' id='word_1_210' title='bbox 723 1875 892 1930; x_wconf 83' lang='lat' dir='ltr'><strong>idiota</strong></span> <span class='ocrx_word' id='word_1_211' title='bbox 919 1876 1315 1937; x_wconf 83' lang='lat' dir='ltr'><strong>convenienter</strong></span> <span class='ocrx_word' id='word_1_212' title='bbox 1347 1875 1574 1945; x_wconf 81' lang='lat' dir='ltr'><strong>intelligi</strong></span> <span class='ocrx_word' id='word_1_213' title='bbox 1606 1885 1807 1944; x_wconf 80' lang='lat' dir='ltr'><strong>posset.</strong></span> <span class='ocrx_word' id='word_1_214' title='bbox 1835 1875 2050 1930; x_wconf 78' lang='lat' dir='ltr'><strong>Modum</strong></span> 
     </span>
    </p>
   </div>
   <div class='ocr_carea' id='block_1_35' title="bbox 2158 1865 3736 1954">
    <p class='ocr_par' dir='ltr' id='par_1_35' title="bbox 2161 1873 3736 1954">
     <span class='ocr_line' id='line_1_35' title="bbox 2161 1873 3736 1954; baseline -0.004 -20"><span class='ocrx_word' id='word_1_215' title='bbox 2161 1881 2264 1950; x_wconf 74' lang='grc' dir='ltr'>μὲν</span> <span class='ocrx_word' id='word_1_216' title='bbox 2289 1880 2381 1936; x_wconf 76' lang='grc' dir='ltr'>οὖν</span> <span class='ocrx_word' id='word_1_217' title='bbox 2409 1880 2871 1954; x_wconf 77' lang='grc' dir='ltr'>συμπληρωτικὸν</span> <span class='ocrx_word' id='word_1_218' title='bbox 2901 1881 2993 1936; x_wconf 73' lang='grc' dir='ltr'>καὶ</span> <span class='ocrx_word' id='word_1_219' title='bbox 3020 1877 3338 1950; x_wconf 77' lang='grc' dir='ltr'>τελειότητα</span> <span class='ocrx_word' id='word_1_220' title='bbox 3368 1877 3588 1932; x_wconf 81' lang='grc' dir='ltr'>πάντων</span> <span class='ocrx_word' id='word_1_221' title='bbox 3623 1873 3736 1928; x_wconf 87' lang='grc' dir='ltr'><strong>τῶν</strong></span> 
     </span>
    </p>
   </div>
   <div class='ocr_carea' id='block_1_36' title="bbox 467 1966 2049 2036">
    <p class='ocr_par' dir='ltr' id='par_1_36' title="bbox 467 1966 2049 2036">
     <span class='ocr_line' id='line_1_36' title="bbox 467 1966 2049 2036; baseline 0 -15"><span class='ocrx_word' id='word_1_222' title='bbox 467 1981 580 2022; x_wconf 89' lang='lat' dir='ltr'><strong>non</strong></span> <span class='ocrx_word' id='word_1_223' title='bbox 610 1966 774 2021; x_wconf 84' lang='lat' dir='ltr'><strong>habet</strong></span> <span class='ocrx_word' id='word_1_224' title='bbox 798 1967 1226 2022; x_wconf 82' lang='lat' dir='ltr'><strong>assentatorium</strong></span> <span class='ocrx_word' id='word_1_225' title='bbox 1254 1984 1268 2031; x_wconf 89' lang='lat'><strong>;</strong></span> <span class='ocrx_word' id='word_1_226' title='bbox 1297 1981 1474 2036; x_wconf 88' lang='lat' dir='ltr'><strong>neque</strong></span> <span class='ocrx_word' id='word_1_227' title='bbox 1506 1967 1683 2035; x_wconf 85' lang='lat' dir='ltr'><strong>turpia</strong></span> <span class='ocrx_word' id='word_1_228' title='bbox 1717 1967 1799 2020; x_wconf 93' lang='lat' dir='ltr'><strong>vel</strong></span> <span class='ocrx_word' id='word_1_229' title='bbox 1823 1968 2049 2023; x_wconf 87' lang='lat' dir='ltr'><strong>desueta</strong></span> 
     </span>
    </p>
   </div>
   <div class='ocr_carea' id='block_1_37' title="bbox 467 2046 2046 2128">
    <p class='ocr_par' dir='ltr' id='par_1_37' title="bbox 467 2046 2046 2128">
     <span class='ocr_line' id='line_1_37' title="bbox 467 2046 2046 2128; baseline 0 -13"><span class='ocrx_word' id='word_1_230' title='bbox 467 2062 722 2128; x_wconf 81' lang='lat' dir='ltr'><strong>nomina,</strong></span> <span class='ocrx_word' id='word_1_231' title='bbox 755 2046 867 2114; x_wconf 18' lang='lat' dir='ltr'><strong>sed.</strong></span> <span class='ocrx_word' id='word_1_232' title='bbox 889 2059 1205 2115; x_wconf 87' lang='lat' dir='ltr'><strong>communia</strong></span> <span class='ocrx_word' id='word_1_233' title='bbox 1240 2069 1296 2114; x_wconf 90' lang='lat' dir='ltr'><strong>et</strong></span> <span class='ocrx_word' id='word_1_234' title='bbox 1330 2060 1744 2114; x_wconf 84' lang='lat' dir='ltr'><strong>honestissima.</strong></span> <span class='ocrx_word' id='word_1_235' title='bbox 1787 2059 2046 2116; x_wconf 79' lang='lat' dir='ltr'><strong>Fabulam</strong></span> 
     </span>
    </p>
   </div>
   <div class='ocr_carea' id='block_1_38' title="bbox 470 2151 2048 2222">
    <p class='ocr_par' dir='ltr' id='par_1_38' title="bbox 470 2151 2048 2222">
     <span class='ocr_line' id='line_1_38' title="bbox 470 2151 2048 2222; baseline 0.001 -15"><span class='ocrx_word' id='word_1_236' title='bbox 470 2161 656 2207; x_wconf 82' lang='lat' dir='ltr'><strong>autem</strong></span> <span class='ocrx_word' id='word_1_237' title='bbox 697 2151 924 2207; x_wconf 86' lang='lat' dir='ltr'><strong>omnino</strong></span> <span class='ocrx_word' id='word_1_238' title='bbox 956 2152 1162 2206; x_wconf 87' lang='lat' dir='ltr'><strong>nullam</strong></span> <span class='ocrx_word' id='word_1_239' title='bbox 1197 2151 1446 2207; x_wconf 90' lang='lat' dir='ltr'><strong>continet</strong></span> <span class='ocrx_word' id='word_1_240' title='bbox 1493 2152 1845 2222; x_wconf 79' lang='lat' dir='ltr'><strong>Evangelium</strong></span> <span class='ocrx_word' id='word_1_241' title='bbox 1874 2170 1888 2218; x_wconf 93' lang='lat'><strong>;</strong></span> <span class='ocrx_word' id='word_1_242' title='bbox 1921 2164 1974 2208; x_wconf 90' lang='lat' dir='ltr'><strong>et</strong></span> <span class='ocrx_word' id='word_1_243' title='bbox 2003 2154 2048 2208; x_wconf 88' lang='lat' dir='ltr'><strong>si</strong></span> 
     </span>
    </p>
   </div>
   <div class='ocr_carea' id='block_1_39' title="bbox 472 2244 2047 2316">
    <p class='ocr_par' dir='ltr' id='par_1_39' title="bbox 472 2244 2047 2316">
     <span class='ocr_line' id='line_1_39' title="bbox 472 2244 2047 2316; baseline 0.001 -18"><span class='ocrx_word' id='word_1_244' title='bbox 472 2244 740 2316; x_wconf 81' lang='lat' dir='ltr'><strong>quasdam</strong></span> <span class='ocrx_word' id='word_1_245' title='bbox 765 2245 1063 2316; x_wconf 86' lang='lat' dir='ltr'><strong>aliquando</strong></span> <span class='ocrx_word' id='word_1_246' title='bbox 1091 2244 1380 2315; x_wconf 84' lang='lat' dir='ltr'><strong>parabolas</strong></span> <span class='ocrx_word' id='word_1_247' title='bbox 1405 2246 1649 2313; x_wconf 87' lang='lat' dir='ltr'><strong>apponit,</strong></span> <span class='ocrx_word' id='word_1_248' title='bbox 1667 2261 1732 2299; x_wconf 79' lang='lat' dir='ltr'><strong>ex</strong></span> <span class='ocrx_word' id='word_1_249' title='bbox 1755 2245 1868 2315; x_wconf 75' lang='lat' dir='ltr'><strong>ipsa</strong></span> <span class='ocrx_word' id='word_1_250' title='bbox 1896 2248 2047 2302; x_wconf 82' lang='lat' dir='ltr'><strong>verbi</strong></span> 
     </span>
    </p>
   </div>
   <div class='ocr_carea' id='block_1_40' title="bbox 473 2336 2050 2408">
    <p class='ocr_par' dir='ltr' id='par_1_40' title="bbox 473 2336 2050 2408">
     <span class='ocr_line' id='line_1_40' title="bbox 473 2336 2050 2408; baseline 0 -16"><span class='ocrx_word' id='word_1_251' title='bbox 473 2336 872 2408; x_wconf 87' lang='lat' dir='ltr'><strong>consequentia</strong></span> <span class='ocrx_word' id='word_1_252' title='bbox 901 2337 1190 2393; x_wconf 79' lang='lat' dir='ltr'><strong>manifeste</strong></span> <span class='ocrx_word' id='word_1_253' title='bbox 1217 2337 1546 2400; x_wconf 83' lang='lat' dir='ltr'><strong>ostenditur,</strong></span> <span class='ocrx_word' id='word_1_254' title='bbox 1569 2337 1715 2407; x_wconf 87' lang='lat' dir='ltr'><strong>quod</strong></span> <span class='ocrx_word' id='word_1_255' title='bbox 1741 2339 2050 2408; x_wconf 75' lang='lat' dir='ltr'><strong>parabolice</strong></span> 
     </span>
    </p>
   </div>
   <div class='ocr_carea' id='block_1_41' title="bbox 469 2427 2047 2498">
    <p class='ocr_par' dir='ltr' id='par_1_41' title="bbox 469 2427 2047 2498">
     <span class='ocr_line' id='line_1_41' title="bbox 469 2427 2047 2498; baseline 0 -15"><span class='ocrx_word' id='word_1_256' title='bbox 469 2428 743 2498; x_wconf 88' lang='lat' dir='ltr'><strong>loquitur.</strong></span> <span class='ocrx_word' id='word_1_257' title='bbox 776 2427 1047 2484; x_wconf 79' lang='lat' dir='ltr'><strong>Convenit</strong></span> <span class='ocrx_word' id='word_1_258' title='bbox 1078 2437 1262 2483; x_wconf 85' lang='lat' dir='ltr'><strong>autem</strong></span> <span class='ocrx_word' id='word_1_259' title='bbox 1295 2427 1350 2482; x_wconf 87' lang='lat' dir='ltr'><strong>in</strong></span> <span class='ocrx_word' id='word_1_260' title='bbox 1387 2429 1700 2493; x_wconf 85' lang='lat' dir='ltr'><strong>sententiis,</strong></span> <span class='ocrx_word' id='word_1_261' title='bbox 1735 2445 1841 2483; x_wconf 81' lang='lat' dir='ltr'><strong>non</strong></span> <span class='ocrx_word' id='word_1_262' title='bbox 1871 2429 2047 2484; x_wconf 85' lang='lat' dir='ltr'><strong>solum</strong></span> 
     </span>
    </p>
   </div>
   <div class='ocr_carea' id='block_1_42' title="bbox 470 2519 2047 2589">
    <p class='ocr_par' dir='ltr' id='par_1_42' title="bbox 470 2519 2047 2589">
     <span class='ocr_line' id='line_1_42' title="bbox 470 2519 2047 2589; baseline -0.002 -13"><span class='ocrx_word' id='word_1_263' title='bbox 470 2536 597 2576; x_wconf 88' lang='lat' dir='ltr'><strong>cum</strong></span> <span class='ocrx_word' id='word_1_264' title='bbox 630 2519 754 2575; x_wconf 86' lang='lat' dir='ltr'><strong>aliis</strong></span> <span class='ocrx_word' id='word_1_265' title='bbox 794 2521 965 2574; x_wconf 81' lang='lat' dir='ltr'><strong>sacris</strong></span> <span class='ocrx_word' id='word_1_266' title='bbox 997 2519 1320 2589; x_wconf 85' lang='lat' dir='ltr'><strong>Scripturis.</strong></span> <span class='ocrx_word' id='word_1_267' title='bbox 1349 2520 1493 2575; x_wconf 89' lang='lat' dir='ltr'><strong>sicut</strong></span> <span class='ocrx_word' id='word_1_268' title='bbox 1533 2521 1744 2575; x_wconf 88' lang='lat' dir='ltr'><strong>dictum</strong></span> <span class='ocrx_word' id='word_1_269' title='bbox 1795 2530 1902 2583; x_wconf 85' lang='lat' dir='ltr'><strong>est,</strong></span> <span class='ocrx_word' id='word_1_270' title='bbox 1950 2522 2047 2575; x_wconf 68' lang='lat' dir='ltr'><strong>sevi</strong></span> 
     </span>
    </p>
   </div>
   <div class='ocr_carea' id='block_1_43' title="bbox 469 2611 2052 2682">
    <p class='ocr_par' dir='ltr' id='par_1_43' title="bbox 469 2611 2052 2682">
     <span class='ocr_line' id='line_1_43' title="bbox 469 2611 2052 2682; baseline 0.003 -18"><span class='ocrx_word' id='word_1_271' title='bbox 469 2614 636 2665; x_wconf 88' lang='lat' dir='ltr'><strong>etiam</strong></span> <span class='ocrx_word' id='word_1_272' title='bbox 688 2628 816 2668; x_wconf 87' lang='lat' dir='ltr'><strong>cum</strong></span> <span class='ocrx_word' id='word_1_273' title='bbox 865 2611 1363 2682; x_wconf 80' lang='lat' dir='ltr'><strong>pltilasr-phis,-qui</strong></span> <span class='ocrx_word' id='word_1_274' title='bbox 1417 2612 1483 2665; x_wconf 84' lang='lat' dir='ltr'><strong>de</strong></span> <span class='ocrx_word' id='word_1_275' title='bbox 1532 2612 1831 2667; x_wconf 71' lang='lat' dir='ltr'><strong>virtutibus</strong></span> <span class='ocrx_word' id='word_1_276' title='bbox 1881 2621 1937 2667; x_wconf 86' lang='lat' dir='ltr'><strong>et</strong></span> <span class='ocrx_word' id='word_1_277' title='bbox 1983 2613 2052 2668; x_wconf 78' lang='lat' dir='ltr'><strong>de</strong></span> 
     </span>
    </p>
   </div>
   <div class='ocr_carea' id='block_1_44' title="bbox 469 2702 2056 2768">
    <p class='ocr_par' dir='ltr' id='par_1_44' title="bbox 469 2702 2056 2768">
     <span class='ocr_line' id='line_1_44' title="bbox 469 2702 2056 2768; baseline 0.002 -12"><span class='ocrx_word' id='word_1_278' title='bbox 469 2714 720 2759; x_wconf 69' lang='lat' dir='ltr'><strong>extrema</strong></span> <span class='ocrx_word' id='word_1_279' title='bbox 753 2705 1034 2760; x_wconf 84' lang='lat' dir='ltr'><strong>hominum</strong></span> <span class='ocrx_word' id='word_1_280' title='bbox 1078 2703 1185 2758; x_wconf 73' lang='lat' dir='ltr'><strong>fine</strong></span> <span class='ocrx_word' id='word_1_281' title='bbox 1208 2702 1661 2768; x_wconf 76' lang='lat' dir='ltr'><strong>demonstrativo,</strong></span> <span class='ocrx_word' id='word_1_282' title='bbox 1698 2705 1780 2758; x_wconf 86' lang='lat' dir='ltr'><strong>vel</strong></span> <span class='ocrx_word' id='word_1_283' title='bbox 1811 2704 2056 2759; x_wconf 85' lang='lat' dir='ltr'><strong>rationa-</strong></span> 
     </span>
    </p>
   </div>
   <div class='ocr_carea' id='block_1_45' title="bbox 473 2793 2054 2864">
    <p class='ocr_par' dir='ltr' id='par_1_45' title="bbox 473 2793 2054 2864">
     <span class='ocr_line' id='line_1_45' title="bbox 473 2793 2054 2864; baseline 0 -15"><span class='ocrx_word' id='word_1_284' title='bbox 473 2794 665 2850; x_wconf 82' lang='lat' dir='ltr'><strong>biliter</strong></span> <span class='ocrx_word' id='word_1_285' title='bbox 701 2804 1101 2852; x_wconf 89' lang='lat' dir='ltr'><strong>tractaverunt.</strong></span> <span class='ocrx_word' id='word_1_286' title='bbox 1135 2794 1304 2849; x_wconf 88' lang='lat' dir='ltr'><strong>Addit</strong></span> <span class='ocrx_word' id='word_1_287' title='bbox 1351 2793 1519 2848; x_wconf 87' lang='lat' dir='ltr'><strong>etiam</strong></span> <span class='ocrx_word' id='word_1_288' title='bbox 1574 2799 1823 2864; x_wconf 65' lang='lat' dir='ltr'><strong>quaedam</strong></span> <span class='ocrx_word' id='word_1_289' title='bbox 1866 2795 2054 2850; x_wconf 79' lang='lat' dir='ltr'><strong>excel-</strong></span> 
     </span>
    </p>
   </div>
   <div class='ocr_carea' id='block_1_46' title="bbox 469 2886 2053 2959">
    <p class='ocr_par' dir='ltr' id='par_1_46' title="bbox 469 2886 2053 2959">
     <span class='ocr_line' id='line_1_46' title="bbox 469 2886 2053 2959; baseline -0.001 -17"><span class='ocrx_word' id='word_1_290' title='bbox 469 2888 717 2955; x_wconf 84' lang='lat' dir='ltr'><strong>sissima,</strong></span> <span class='ocrx_word' id='word_1_291' title='bbox 750 2887 814 2944; x_wconf 87' lang='lat' dir='ltr'><strong>ad</strong></span> <span class='ocrx_word' id='word_1_292' title='bbox 845 2903 966 2959; x_wconf 81' lang='lat' dir='ltr'><strong>quae</strong></span> <span class='ocrx_word' id='word_1_293' title='bbox 1001 2886 1270 2943; x_wconf 86' lang='lat' dir='ltr'><strong>naturalis</strong></span> <span class='ocrx_word' id='word_1_294' title='bbox 1297 2887 1534 2941; x_wconf 87' lang='lat' dir='ltr'><strong>humana</strong></span> <span class='ocrx_word' id='word_1_295' title='bbox 1567 2887 1705 2942; x_wconf 81' lang='lat' dir='ltr'><strong>ratio</strong></span> <span class='ocrx_word' id='word_1_296' title='bbox 1730 2903 1840 2943; x_wconf 89' lang='lat' dir='ltr'><strong>non</strong></span> <span class='ocrx_word' id='word_1_297' title='bbox 1868 2895 2053 2958; x_wconf 85' lang='lat' dir='ltr'><strong>potest</strong></span> 
     </span>
    </p>
   </div>
   <div class='ocr_carea' id='block_1_47' title="bbox 466 2979 2052 3051">
    <p class='ocr_par' dir='ltr' id='par_1_47' title="bbox 466 2979 2052 3051">
     <span class='ocr_line' id='line_1_47' title="bbox 466 2979 2052 3051; baseline 0.001 -18"><span class='ocrx_word' id='word_1_298' title='bbox 466 2979 787 3049; x_wconf 78' lang='lat' dir='ltr'><strong>pervenire.</strong></span> <span class='ocrx_word' id='word_1_299' title='bbox 838 2981 908 3036; x_wconf 84' lang='lat' dir='ltr'><strong>Et</strong></span> <span class='ocrx_word' id='word_1_300' title='bbox 950 2995 1298 3051; x_wconf 85' lang='lat' dir='ltr'><strong>nequaquam</strong></span> <span class='ocrx_word' id='word_1_301' title='bbox 1354 2979 1561 3051; x_wconf 82' lang='lat' dir='ltr'><strong>aliquid</strong></span> <span class='ocrx_word' id='word_1_302' title='bbox 1605 2979 1771 3043; x_wconf 90' lang='lat' dir='ltr'><strong>dicit,</strong></span> <span class='ocrx_word' id='word_1_303' title='bbox 1808 2981 1895 3035; x_wconf 89' lang='lat' dir='ltr'><strong>cui</strong></span> <span class='ocrx_word' id='word_1_304' title='bbox 1925 2981 2052 3051; x_wconf 82' lang='lat' dir='ltr'><strong>quis</strong></span> 
     </span>
    </p>
   </div>
   <div class='ocr_carea' id='block_1_48' title="bbox 469 3071 2052 3144">
    <p class='ocr_par' dir='ltr' id='par_1_48' title="bbox 469 3071 2052 3144">
     <span class='ocr_line' id='line_1_48' title="bbox 469 3071 2052 3144; baseline -0.001 -19"><span class='ocrx_word' id='word_1_305' title='bbox 469 3072 907 3128; x_wconf 84' lang='lat' dir='ltr'><strong>demonstrative</strong></span> <span class='ocrx_word' id='word_1_306' title='bbox 929 3073 1104 3144; x_wconf 84' lang='lat' dir='ltr'><strong>possit</strong></span> <span class='ocrx_word' id='word_1_307' title='bbox 1132 3073 1361 3132; x_wconf 86' lang='lat' dir='ltr'><strong>instare.</strong></span> <span class='ocrx_word' id='word_1_308' title='bbox 1392 3071 1520 3143; x_wconf 83' lang='lat' dir='ltr'><strong>quia</strong></span> <span class='ocrx_word' id='word_1_309' title='bbox 1553 3086 1676 3126; x_wconf 89' lang='lat' dir='ltr'><strong>cum</strong></span> <span class='ocrx_word' id='word_1_310' title='bbox 1705 3071 2052 3127; x_wconf 84' lang='lat' dir='ltr'><strong>demonstra-</strong></span> 
     </span>
    </p>
   </div>
   <div class='ocr_carea' id='block_1_49' title="bbox 473 3163 2052 3237">
    <p class='ocr_par' dir='ltr' id='par_1_49' title="bbox 473 3163 2052 3237">
     <span class='ocr_line' id='line_1_49' title="bbox 473 3163 2052 3237; baseline 0.001 -20"><span class='ocrx_word' id='word_1_311' title='bbox 473 3163 552 3218; x_wconf 90' lang='lat' dir='ltr'><strong>tio</strong></span> <span class='ocrx_word' id='word_1_312' title='bbox 586 3165 867 3221; x_wconf 89' lang='lat' dir='ltr'><strong>contineat</strong></span> <span class='ocrx_word' id='word_1_313' title='bbox 889 3166 1261 3229; x_wconf 87' lang='lat' dir='ltr'><strong>verum,nihil</strong></span> <span class='ocrx_word' id='word_1_314' title='bbox 1282 3173 1464 3237; x_wconf 89' lang='lat' dir='ltr'><strong>potest</strong></span> <span class='ocrx_word' id='word_1_315' title='bbox 1495 3181 1616 3222; x_wconf 90' lang='lat' dir='ltr'><strong>esse</strong></span> <span class='ocrx_word' id='word_1_316' title='bbox 1635 3167 1685 3222; x_wconf 94' lang='lat' dir='ltr'><strong>ei</strong></span> <span class='ocrx_word' id='word_1_317' title='bbox 1715 3167 2052 3222; x_wconf 88' lang='lat' dir='ltr'><strong>contrarium</strong></span> 
     </span>
    </p>
   </div>
   <div class='ocr_carea' id='block_1_50' title="bbox 475 3231 2128 3330">
    <p class='ocr_par' dir='ltr' id='par_1_50' title="bbox 475 3231 2128 3330">
     <span class='ocr_line' id='line_1_50' title="bbox 475 3231 2128 3330; baseline 0.001 -20"><span class='ocrx_word' id='word_1_318' title='bbox 475 3256 585 3312; x_wconf 91' lang='lat' dir='ltr'><strong>nisi</strong></span> <span class='ocrx_word' id='word_1_319' title='bbox 621 3255 842 3313; x_wconf 76' lang='lat' dir='ltr'><strong>falsum.</strong></span> <span class='ocrx_word' id='word_1_320' title='bbox 884 3231 1315 3330; x_wconf 73' lang='lat' dir='ltr'><strong>Speculantibus</strong></span> <span class='ocrx_word' id='word_1_321' title='bbox 1344 3269 1525 3313; x_wconf 90' lang='lat' dir='ltr'><strong>autem</strong></span> <span class='ocrx_word' id='word_1_322' title='bbox 1561 3259 1876 3330; x_wconf 78' lang='lat' dir='ltr'><strong>diligenter,</strong></span> <span class='ocrx_word' id='word_1_323' title='bbox 1903 3259 2053 3313; x_wconf 83' lang='lat' dir='ltr'><strong>nulla</strong></span> <span class='ocrx_word' id='word_1_324' title='bbox 2082 3231 2128 3290; x_wconf 65' lang='grc' dir='ltr'>θ’</span> 
     </span>
    </p>
   </div>
   <div class='ocr_carea' id='block_1_51' title="bbox 474 3350 2052 3422">
    <p class='ocr_par' dir='ltr' id='par_1_51' title="bbox 474 3350 2052 3422">
     <span class='ocr_line' id='line_1_51' title="bbox 474 3350 2052 3422; baseline 0.001 -18"><span class='ocrx_word' id='word_1_325' title='bbox 474 3351 847 3406; x_wconf 72' lang='lat' dir='ltr'><strong>contradictio</strong></span> <span class='ocrx_word' id='word_1_326' title='bbox 901 3350 956 3405; x_wconf 95' lang='lat' dir='ltr'><strong>in</strong></span> <span class='ocrx_word' id='word_1_327' title='bbox 992 3351 1305 3422; x_wconf 82' lang='lat' dir='ltr'><strong>Evangeliis</strong></span> <span class='ocrx_word' id='word_1_328' title='bbox 1349 3352 1688 3408; x_wconf 85' lang='lat' dir='ltr'><strong>continetur.</strong></span> <span class='ocrx_word' id='word_1_329' title='bbox 1724 3352 1904 3419; x_wconf 86' lang='lat' dir='ltr'><strong>Quare</strong></span> <span class='ocrx_word' id='word_1_330' title='bbox 1944 3367 2052 3407; x_wconf 89' lang='lat' dir='ltr'><strong>non</strong></span> 
     </span>
    </p>
   </div>
   <div class='ocr_carea' id='block_1_52' title="bbox 472 3443 2054 3516">
    <p class='ocr_par' dir='ltr' id='par_1_52' title="bbox 472 3443 2054 3516">
     <span class='ocr_line' id='line_1_52' title="bbox 472 3443 2054 3516; baseline 0.001 -18"><span class='ocrx_word' id='word_1_331' title='bbox 472 3445 653 3499; x_wconf 85' lang='lat' dir='ltr'><strong>solum</strong></span> <span class='ocrx_word' id='word_1_332' title='bbox 689 3459 857 3499; x_wconf 92' lang='lat' dir='ltr'><strong>unum</strong></span> <span class='ocrx_word' id='word_1_333' title='bbox 888 3445 1240 3516; x_wconf 77' lang='lat' dir='ltr'><strong>Evangelium</strong></span> <span class='ocrx_word' id='word_1_334' title='bbox 1272 3461 1398 3501; x_wconf 90' lang='lat' dir='ltr'><strong>cum</strong></span> <span class='ocrx_word' id='word_1_335' title='bbox 1428 3446 1610 3515; x_wconf 83' lang='lat' dir='ltr'><strong>seipsa</strong></span> <span class='ocrx_word' id='word_1_336' title='bbox 1643 3444 1922 3512; x_wconf 86' lang='lat' dir='ltr'><strong>convenit,</strong></span> <span class='ocrx_word' id='word_1_337' title='bbox 1957 3443 2054 3501; x_wconf 85' lang='lat' dir='ltr'><strong>sed</strong></span> 
     </span>
    </p>
   </div>
   <div class='ocr_carea' id='block_1_53' title="bbox 473 3536 2056 3606">
    <p class='ocr_par' dir='ltr' id='par_1_53' title="bbox 473 3536 2056 3606">
     <span class='ocr_line' id='line_1_53' title="bbox 473 3536 2056 3606; baseline -0.001 -12"><span class='ocrx_word' id='word_1_338' title='bbox 473 3539 645 3594; x_wconf 89' lang='lat' dir='ltr'><strong>etiam</strong></span> <span class='ocrx_word' id='word_1_339' title='bbox 692 3546 933 3606; x_wconf 86' lang='lat' dir='ltr'><strong>quatuor</strong></span> <span class='ocrx_word' id='word_1_340' title='bbox 981 3537 1125 3591; x_wconf 89' lang='lat' dir='ltr'><strong>inter</strong></span> <span class='ocrx_word' id='word_1_341' title='bbox 1167 3553 1248 3601; x_wconf 83' lang='lat' dir='ltr'><strong>se,</strong></span> <span class='ocrx_word' id='word_1_342' title='bbox 1295 3537 1350 3592; x_wconf 90' lang='lat' dir='ltr'><strong>in</strong></span> <span class='ocrx_word' id='word_1_343' title='bbox 1403 3536 1665 3592; x_wconf 87' lang='lat' dir='ltr'><strong>omnibus</strong></span> <span class='ocrx_word' id='word_1_344' title='bbox 1724 3537 2056 3593; x_wconf 83' lang='lat' dir='ltr'><strong>necessariis</strong></span> 
     </span>
    </p>
   </div>
   <div class='ocr_carea' id='block_1_54' title="bbox 469 3627 2058 3699">
    <p class='ocr_par' dir='ltr' id='par_1_54' title="bbox 469 3627 2058 3699">
     <span class='ocr_line' id='line_1_54' title="bbox 469 3627 2058 3699; baseline -0.002 -14"><span class='ocrx_word' id='word_1_345' title='bbox 469 3632 618 3685; x_wconf 86' lang='lat' dir='ltr'><strong>circa</strong></span> <span class='ocrx_word' id='word_1_346' title='bbox 657 3628 841 3697; x_wconf 83' lang='lat' dir='ltr'><strong>tidem,</strong></span> <span class='ocrx_word' id='word_1_347' title='bbox 871 3629 1197 3699; x_wconf 87' lang='lat' dir='ltr'><strong>simpliciter</strong></span> <span class='ocrx_word' id='word_1_348' title='bbox 1237 3631 1610 3692; x_wconf 85' lang='lat' dir='ltr'><strong>conveniunt;</strong></span> <span class='ocrx_word' id='word_1_349' title='bbox 1640 3628 1692 3683; x_wconf 91' lang='lat' dir='ltr'><strong>id</strong></span> <span class='ocrx_word' id='word_1_350' title='bbox 1719 3637 1828 3690; x_wconf 84' lang='lat' dir='ltr'><strong>est,</strong></span> <span class='ocrx_word' id='word_1_351' title='bbox 1855 3628 1924 3681; x_wconf 90' lang='lat' dir='ltr'><strong>de</strong></span> <span class='ocrx_word' id='word_1_352' title='bbox 1971 3627 2058 3682; x_wconf 85' lang='lat' dir='ltr'><strong>itt-</strong></span> 
     </span>
    </p>
   </div>
   <div class='ocr_carea' id='block_1_55' title="bbox 472 3720 2100 3793">
    <p class='ocr_par' dir='ltr' id='par_1_55' title="bbox 472 3720 2100 3793">
     <span class='ocr_line' id='line_1_55' title="bbox 472 3720 2100 3793; baseline -0.001 -17"><span class='ocrx_word' id='word_1_353' title='bbox 472 3722 818 3790; x_wconf 80' lang='lat' dir='ltr'><strong>carnatione,</strong></span> <span class='ocrx_word' id='word_1_354' title='bbox 838 3720 1408 3793; x_wconf 85' lang='lat' dir='ltr'><strong>dactrina,passione,</strong></span> <span class='ocrx_word' id='word_1_355' title='bbox 1423 3721 1849 3786; x_wconf 80' lang='lat' dir='ltr'><strong>resur‘rectiane,</strong></span> <span class='ocrx_word' id='word_1_356' title='bbox 1871 3734 2058 3775; x_wconf 82' lang='lat' dir='ltr'><strong>asccn-</strong></span> <span class='ocrx_word' id='word_1_357' title='bbox 2098 3735 2100 3737; x_wconf 68' lang='lat'><strong><em>&#39;</em></strong></span> 
     </span>
    </p>
   </div>
   <div class='ocr_carea' id='block_1_56' title="bbox 473 3812 2052 3886">
    <p class='ocr_par' dir='ltr' id='par_1_56' title="bbox 473 3812 2052 3886">
     <span class='ocr_line' id='line_1_56' title="bbox 473 3812 2052 3886; baseline -0.004 -14"><span class='ocrx_word' id='word_1_358' title='bbox 473 3816 631 3873; x_wconf 81' lang='lat' dir='ltr'><strong>sione</strong></span> <span class='ocrx_word' id='word_1_359' title='bbox 673 3816 917 3883; x_wconf 88' lang='lat' dir='ltr'><strong>Christi,</strong></span> <span class='ocrx_word' id='word_1_360' title='bbox 959 3826 1016 3871; x_wconf 90' lang='lat' dir='ltr'><strong>et</strong></span> <span class='ocrx_word' id='word_1_361' title='bbox 1057 3816 1294 3886; x_wconf 84' lang='lat' dir='ltr'><strong>Spiritus</strong></span> <span class='ocrx_word' id='word_1_362' title='bbox 1335 3814 1511 3869; x_wconf 89' lang='lat' dir='ltr'><strong>sancti</strong></span> <span class='ocrx_word' id='word_1_363' title='bbox 1561 3814 1823 3869; x_wconf 83' lang='lat' dir='ltr'><strong>missione</strong></span> <span class='ocrx_word' id='word_1_364' title='bbox 1849 3855 1862 3880; x_wconf 93' lang='lat'><strong>,</strong></span> <span class='ocrx_word' id='word_1_365' title='bbox 1903 3821 1962 3869; x_wconf 73' lang='lat' dir='ltr'><strong>at</strong></span> <span class='ocrx_word' id='word_1_366' title='bbox 2007 3812 2052 3870; x_wconf 84' lang='lat' dir='ltr'><strong>si</strong></span> 
     </span>
    </p>
   </div>
   <div class='ocr_carea' id='block_1_57' title="bbox 471 3902 2056 3981">
    <p class='ocr_par' dir='ltr' id='par_1_57' title="bbox 471 3902 2056 3981">
     <span class='ocr_line' id='line_1_57' title="bbox 471 3902 2056 3981; baseline -0.004 -16"><span class='ocrx_word' id='word_1_367' title='bbox 471 3918 713 3980; x_wconf 80' lang='lat' dir='ltr'><strong>quatuor</strong></span> <span class='ocrx_word' id='word_1_368' title='bbox 741 3909 1035 3981; x_wconf 80' lang='lat' dir='ltr'><strong>Evangelia</strong></span> <span class='ocrx_word' id='word_1_369' title='bbox 1063 3911 1118 3964; x_wconf 90' lang='lat' dir='ltr'><strong>in</strong></span> <span class='ocrx_word' id='word_1_370' title='bbox 1147 3902 1376 3964; x_wconf 82' lang='lat' dir='ltr'><strong>diversis</strong></span> <span class='ocrx_word' id='word_1_371' title='bbox 1405 3908 1539 3964; x_wconf 86' lang='lat' dir='ltr'><strong>locis</strong></span> <span class='ocrx_word' id='word_1_372' title='bbox 1569 3916 1624 3963; x_wconf 92' lang='lat' dir='ltr'><strong>et</strong></span> <span class='ocrx_word' id='word_1_373' title='bbox 1668 3906 1900 3961; x_wconf 84' lang='lat' dir='ltr'><strong>diversis</strong></span> <span class='ocrx_word' id='word_1_374' title='bbox 1949 3905 2056 3960; x_wconf 88' lang='lat' dir='ltr'><strong>lin-</strong></span> 
     </span>
    </p>
   </div>
   <div class='ocr_carea' id='block_1_58' title="bbox 472 3999 2054 4078">
    <p class='ocr_par' dir='ltr' id='par_1_58' title="bbox 472 3999 2054 4078">
     <span class='ocr_line' id='line_1_58' title="bbox 472 3999 2054 4078; baseline -0.004 -18"><span class='ocrx_word' id='word_1_375' title='bbox 472 4006 617 4078; x_wconf 76' lang='lat' dir='ltr'><strong>guis,</strong></span> <span class='ocrx_word' id='word_1_376' title='bbox 665 4021 766 4062; x_wconf 88' lang='lat' dir='ltr'><strong>nec</strong></span> <span class='ocrx_word' id='word_1_377' title='bbox 813 4019 924 4059; x_wconf 91' lang='lat' dir='ltr'><strong>non</strong></span> <span class='ocrx_word' id='word_1_378' title='bbox 973 4020 1002 4059; x_wconf 89' lang='lat' dir='ltr'><strong>a</strong></span> <span class='ocrx_word' id='word_1_379' title='bbox 1051 4003 1288 4060; x_wconf 83' lang='lat' dir='ltr'><strong>diversis</strong></span> <span class='ocrx_word' id='word_1_380' title='bbox 1336 4001 1660 4058; x_wconf 84' lang='lat' dir='ltr'><strong>auctoribus</strong></span> <span class='ocrx_word' id='word_1_381' title='bbox 1704 4017 1736 4056; x_wconf 88' lang='lat' dir='ltr'><strong>a</strong></span> <span class='ocrx_word' id='word_1_382' title='bbox 1778 3999 2054 4071; x_wconf 84' lang='lat' dir='ltr'><strong>principio</strong></span> 
     </span>
    </p>
   </div>
   <div class='ocr_carea' id='block_1_59' title="bbox 473 4091 2056 4168">
    <p class='ocr_par' dir='ltr' id='par_1_59' title="bbox 473 4091 2056 4168">
     <span class='ocr_line' id='line_1_59' title="bbox 473 4091 2056 4168; baseline -0.004 -14"><span class='ocrx_word' id='word_1_383' title='bbox 473 4098 785 4168; x_wconf 86' lang='lat' dir='ltr'><strong>conscripta</strong></span> <span class='ocrx_word' id='word_1_384' title='bbox 819 4105 968 4163; x_wconf 89' lang='lat' dir='ltr'><strong>sunt,</strong></span> <span class='ocrx_word' id='word_1_385' title='bbox 990 4105 1049 4149; x_wconf 90' lang='lat' dir='ltr'><strong>ut</strong></span> <span class='ocrx_word' id='word_1_386' title='bbox 1077 4105 1204 4151; x_wconf 87' lang='lat' dir='ltr'><strong>ante</strong></span> <span class='ocrx_word' id='word_1_387' title='bbox 1237 4095 1446 4148; x_wconf 88' lang='lat' dir='ltr'><strong>dictum</strong></span> <span class='ocrx_word' id='word_1_388' title='bbox 1481 4101 1582 4148; x_wconf 85' lang='lat' dir='ltr'><strong>est.</strong></span> <span class='ocrx_word' id='word_1_389' title='bbox 1602 4091 1833 4159; x_wconf 84' lang='lat' dir='ltr'><strong>Quidam</strong></span> <span class='ocrx_word' id='word_1_390' title='bbox 1873 4101 2056 4147; x_wconf 79' lang='lat' dir='ltr'><strong>tamen</strong></span> 
     </span>
    </p>
   </div>
   <div class='ocr_carea' id='block_1_60' title="bbox 467 4185 2057 4260">
    <p class='ocr_par' dir='ltr' id='par_1_60' title="bbox 467 4185 2057 4260">
     <span class='ocr_line' id='line_1_60' title="bbox 467 4185 2057 4260; baseline -0.003 -15"><span class='ocrx_word' id='word_1_391' title='bbox 467 4189 850 4260; x_wconf 68' lang='lat' dir='ltr'><strong>simpliciores</strong></span> <span class='ocrx_word' id='word_1_392' title='bbox 897 4188 1392 4252; x_wconf 78' lang='lat' dir='ltr'><strong>existimaverunt,</strong></span> <span class='ocrx_word' id='word_1_393' title='bbox 1454 4186 1510 4240; x_wconf 91' lang='lat' dir='ltr'><strong>in</strong></span> <span class='ocrx_word' id='word_1_394' title='bbox 1570 4185 1868 4256; x_wconf 86' lang='lat' dir='ltr'><strong>Evangelia</strong></span> <span class='ocrx_word' id='word_1_395' title='bbox 1933 4200 2057 4240; x_wconf 88' lang='lat' dir='ltr'><strong>esse</strong></span> 
     </span>
    </p>
   </div>
   <div class='ocr_carea' id='block_1_61' title="bbox 475 4276 2059 4349">
    <p class='ocr_par' dir='ltr' id='par_1_61' title="bbox 475 4276 2059 4349">
     <span class='ocr_line' id='line_1_61' title="bbox 475 4276 2059 4349; baseline -0.004 -13"><span class='ocrx_word' id='word_1_396' title='bbox 475 4281 956 4342; x_wconf 76' lang='lat' dir='ltr'><strong>contrarietatem,</strong></span> <span class='ocrx_word' id='word_1_397' title='bbox 985 4289 1277 4349; x_wconf 87' lang='lat' dir='ltr'><strong>prapterea</strong></span> <span class='ocrx_word' id='word_1_398' title='bbox 1313 4277 1460 4347; x_wconf 91' lang='lat' dir='ltr'><strong>quod</strong></span> <span class='ocrx_word' id='word_1_399' title='bbox 1492 4277 1635 4333; x_wconf 87' lang='lat' dir='ltr'><strong>illud</strong></span> <span class='ocrx_word' id='word_1_400' title='bbox 1669 4276 1816 4347; x_wconf 85' lang='lat' dir='ltr'><strong>quod</strong></span> <span class='ocrx_word' id='word_1_401' title='bbox 1848 4278 1904 4331; x_wconf 92' lang='lat' dir='ltr'><strong>in</strong></span> <span class='ocrx_word' id='word_1_402' title='bbox 1947 4276 2059 4330; x_wconf 87' lang='lat' dir='ltr'><strong>alio</strong></span> 
     </span>
    </p>
   </div>
   <div class='ocr_carea' id='block_1_62' title="bbox 476 4369 2057 4442">
    <p class='ocr_par' dir='ltr' id='par_1_62' title="bbox 476 4369 2057 4442">
     <span class='ocr_line' id='line_1_62' title="bbox 476 4369 2057 4442; baseline -0.003 -15"><span class='ocrx_word' id='word_1_403' title='bbox 476 4371 780 4442; x_wconf 79' lang='lat' dir='ltr'><strong>Evangelia</strong></span> <span class='ocrx_word' id='word_1_404' title='bbox 811 4371 1154 4436; x_wconf 89' lang='lat' dir='ltr'><strong>continetur,</strong></span> <span class='ocrx_word' id='word_1_405' title='bbox 1185 4370 1240 4424; x_wconf 92' lang='lat' dir='ltr'><strong>in</strong></span> <span class='ocrx_word' id='word_1_406' title='bbox 1271 4369 1378 4424; x_wconf 84' lang='lat' dir='ltr'><strong>alia</strong></span> <span class='ocrx_word' id='word_1_407' title='bbox 1405 4369 1702 4439; x_wconf 79' lang='lat' dir='ltr'><strong>Evangelia</strong></span> <span class='ocrx_word' id='word_1_408' title='bbox 1727 4383 1838 4424; x_wconf 91' lang='lat' dir='ltr'><strong>non</strong></span> <span class='ocrx_word' id='word_1_409' title='bbox 1861 4369 2057 4436; x_wconf 56' lang='lat' dir='ltr'><strong>ﬁcanti-</strong></span> 
     </span>
    </p>
   </div>
   <div class='ocr_carea' id='block_1_63' title="bbox 476 4461 2059 4531">
    <p class='ocr_par' dir='ltr' id='par_1_63' title="bbox 476 4461 2059 4531">
     <span class='ocr_line' id='line_1_63' title="bbox 476 4461 2059 4531; baseline -0.004 -11"><span class='ocrx_word' id='word_1_410' title='bbox 476 4473 666 4520; x_wconf 87' lang='lat' dir='ltr'><strong>nctur.</strong></span> <span class='ocrx_word' id='word_1_411' title='bbox 699 4463 812 4520; x_wconf 85' lang='lat' dir='ltr'><strong>lloc</strong></span> <span class='ocrx_word' id='word_1_412' title='bbox 844 4475 1030 4518; x_wconf 83' lang='lat' dir='ltr'><strong>autem</strong></span> <span class='ocrx_word' id='word_1_413' title='bbox 1059 4477 1168 4517; x_wconf 89' lang='lat' dir='ltr'><strong>nan</strong></span> <span class='ocrx_word' id='word_1_414' title='bbox 1209 4472 1292 4517; x_wconf 89' lang='lat' dir='ltr'><strong>est</strong></span> <span class='ocrx_word' id='word_1_415' title='bbox 1321 4462 1709 4525; x_wconf 85' lang='lat' dir='ltr'><strong>contradictio,</strong></span> <span class='ocrx_word' id='word_1_416' title='bbox 1742 4461 1839 4516; x_wconf 88' lang='lat' dir='ltr'><strong>sed</strong></span> <span class='ocrx_word' id='word_1_417' title='bbox 1872 4461 2059 4531; x_wconf 86' lang='lat' dir='ltr'><strong>potius</strong></span> 
     </span>
    </p>
   </div>
   <div class='ocr_carea' id='block_1_64' title="bbox 2159 1965 3734 2043">
    <p class='ocr_par' dir='ltr' id='par_1_64' title="bbox 2159 1965 3734 2043">
     <span class='ocr_line' id='line_1_64' title="bbox 2159 1965 3734 2043; baseline -0.005 -17"><span class='ocrx_word' id='word_1_418' title='bbox 2159 1972 2354 2026; x_wconf 77' lang='grc' dir='ltr'>ἄλλων.</span> <span class='ocrx_word' id='word_1_419' title='bbox 2396 1970 2707 2043; x_wconf 83' lang='grc' dir='ltr'>Εὗρὴσουσί</span> <span class='ocrx_word' id='word_1_420' title='bbox 2743 1986 2804 2024; x_wconf 76' lang='grc' dir='ltr'><strong>τε</strong></span> <span class='ocrx_word' id='word_1_421' title='bbox 2851 1971 2915 2025; x_wconf 72' lang='grc' dir='ltr'><strong>ιν</strong></span> <span class='ocrx_word' id='word_1_422' title='bbox 2949 1967 3030 2040; x_wconf 79' lang='grc' dir='ltr'>τῷ</span> <span class='ocrx_word' id='word_1_423' title='bbox 3059 1967 3382 2038; x_wconf 76' lang='grc' dir='ltr'>Εὐαγγελίῳ</span> <span class='ocrx_word' id='word_1_424' title='bbox 3412 1967 3616 2038; x_wconf 81' lang='grc' dir='ltr'>φράσιν</span> <span class='ocrx_word' id='word_1_425' title='bbox 3667 1965 3734 2020; x_wconf 75' lang='grc' dir='ltr'>οὗ</span> 
     </span>
    </p>
   </div>
   <div class='ocr_carea' id='block_1_65' title="bbox 2163 2059 3730 2137">
    <p class='ocr_par' dir='ltr' id='par_1_65' title="bbox 2163 2059 3730 2137">
     <span class='ocr_line' id='line_1_65' title="bbox 2163 2059 3730 2137; baseline -0.005 -19"><span class='ocrx_word' id='word_1_426' title='bbox 2163 2063 2494 2137; x_wconf 81' lang='grc' dir='ltr'>μετρικὴνῆ</span> <span class='ocrx_word' id='word_1_427' title='bbox 2541 2062 2838 2136; x_wconf 79' lang='grc' dir='ltr'><strong>ῥυθμικὴν,</strong></span> <span class='ocrx_word' id='word_1_428' title='bbox 2876 2061 2994 2117; x_wconf 75' lang='grc' dir='ltr'>ἀλλ’</span> <span class='ocrx_word' id='word_1_429' title='bbox 3044 2060 3226 2132; x_wconf 84' lang='grc' dir='ltr'>ἀπλῆν</span> <span class='ocrx_word' id='word_1_430' title='bbox 3273 2061 3371 2115; x_wconf 78' lang='grc' dir='ltr'>καὶ</span> <span class='ocrx_word' id='word_1_431' title='bbox 3422 2059 3632 2128; x_wconf 77' lang='grc' dir='ltr'>κοινὴν,</span> <span class='ocrx_word' id='word_1_432' title='bbox 3666 2059 3730 2111; x_wconf 80' lang='grc' dir='ltr'>οὒ</span> 
     </span>
    </p>
   </div>
   <div class='ocr_carea' id='block_1_66' title="bbox 2098 2149 3735 2228">
    <p class='ocr_par' dir='ltr' id='par_1_66' title="bbox 2098 2149 3735 2228">
     <span class='ocr_line' id='line_1_66' title="bbox 2098 2149 3735 2228; baseline -0.009 -14"><span class='ocrx_word' id='word_1_433' title='bbox 2098 2205 2107 2214; x_wconf 93' lang='grc'>.</span> <span class='ocrx_word' id='word_1_434' title='bbox 2158 2156 2247 2210; x_wconf 84' lang='grc' dir='ltr'>διὰ</span> <span class='ocrx_word' id='word_1_435' title='bbox 2293 2156 2394 2228; x_wconf 75' lang='grc' dir='ltr'>τὴν</span> <span class='ocrx_word' id='word_1_436' title='bbox 2450 2154 2730 2224; x_wconf 79' lang='grc' dir='ltr'>ἁπλότητα</span> <span class='ocrx_word' id='word_1_437' title='bbox 2779 2153 2890 2208; x_wconf 85' lang='grc' dir='ltr'><strong>τῶν</strong></span> <span class='ocrx_word' id='word_1_438' title='bbox 2937 2153 3283 2224; x_wconf 82' lang='grc' dir='ltr'>γραφόντων,</span> <span class='ocrx_word' id='word_1_439' title='bbox 3324 2149 3462 2204; x_wconf 90' lang='grc' dir='ltr'><strong>ἀλλά</strong></span> <span class='ocrx_word' id='word_1_440' title='bbox 3506 2149 3592 2203; x_wconf 82' lang='grc' dir='ltr'><strong>διὰ</strong></span> <span class='ocrx_word' id='word_1_441' title='bbox 3632 2150 3735 2218; x_wconf 75' lang='grc' dir='ltr'><strong>τὴν</strong></span> 
     </span>
    </p>
   </div>
   <div class='ocr_carea' id='block_1_67' title="bbox 2159 2239 3735 2316">
    <p class='ocr_par' dir='ltr' id='par_1_67' title="bbox 2159 2239 3735 2316">
     <span class='ocr_line' id='line_1_67' title="bbox 2159 2239 3735 2316; baseline -0.007 -16"><span class='ocrx_word' id='word_1_442' title='bbox 2159 2245 2429 2316; x_wconf 80' lang='grc' dir='ltr'>ὠφέλειαν</span> <span class='ocrx_word' id='word_1_443' title='bbox 2492 2246 2603 2300; x_wconf 85' lang='grc' dir='ltr'><strong>τῶν</strong></span> <span class='ocrx_word' id='word_1_444' title='bbox 2645 2243 3152 2314; x_wconf 79' lang='grc' dir='ltr'>ἀναγινωσκόντων,</span> <span class='ocrx_word' id='word_1_445' title='bbox 3193 2240 3327 2296; x_wconf 82' lang='grc' dir='ltr'>ὥσθ’</span> <span class='ocrx_word' id='word_1_446' title='bbox 3378 2239 3486 2295; x_wconf 74' lang='grc' dir='ltr'><strong>ὑπὸ</strong></span> <span class='ocrx_word' id='word_1_447' title='bbox 3533 2240 3735 2301; x_wconf 79' lang='grc' dir='ltr'>παντὸς</span> 
     </span>
    </p>
   </div>
   <div class='ocr_carea' id='block_1_68' title="bbox 2157 2337 3739 2410">
    <p class='ocr_par' dir='ltr' id='par_1_68' title="bbox 2157 2337 3739 2410">
     <span class='ocr_line' id='line_1_68' title="bbox 2157 2337 3739 2410; baseline -0.006 -13"><span class='ocrx_word' id='word_1_448' title='bbox 2157 2343 2333 2397; x_wconf 79' lang='grc' dir='ltr'>ἀπ).οὖ</span> <span class='ocrx_word' id='word_1_449' title='bbox 2369 2360 2427 2396; x_wconf 86' lang='grc' dir='ltr'><strong>τε</strong></span> <span class='ocrx_word' id='word_1_450' title='bbox 2488 2344 2584 2398; x_wconf 75' lang='grc' dir='ltr'>καὶ</span> <span class='ocrx_word' id='word_1_451' title='bbox 2631 2341 2844 2397; x_wconf 83' lang='grc' dir='ltr'>ίδιὼτου</span> <span class='ocrx_word' id='word_1_452' title='bbox 2893 2342 3108 2406; x_wconf 73' lang='grc' dir='ltr'>οἰκείως</span> <span class='ocrx_word' id='word_1_453' title='bbox 3144 2338 3612 2410; x_wconf 76' lang='grc' dir='ltr'>ἀναγινώσκεσθαι</span> <span class='ocrx_word' id='word_1_454' title='bbox 3645 2337 3739 2389; x_wconf 59' lang='grc' dir='ltr'>δύο</span> 
     </span>
    </p>
   </div>
   <div class='ocr_carea' id='block_1_69' title="bbox 2159 2429 3736 2506">
    <p class='ocr_par' dir='ltr' id='par_1_69' title="bbox 2159 2429 3736 2506">
     <span class='ocr_line' id='line_1_69' title="bbox 2159 2429 3736 2506; baseline -0.005 -16"><span class='ocrx_word' id='word_1_455' title='bbox 2159 2436 2381 2490; x_wconf 87' lang='grc' dir='ltr'>νασθαι.</span> <span class='ocrx_word' id='word_1_456' title='bbox 2414 2432 2590 2500; x_wconf 83' lang='grc' dir='ltr'>Ἦθος</span> <span class='ocrx_word' id='word_1_457' title='bbox 2628 2435 2684 2489; x_wconf 80' lang='grc' dir='ltr'>δὲ</span> <span class='ocrx_word' id='word_1_458' title='bbox 2739 2434 2854 2506; x_wconf 72' lang='grc' dir='ltr'>ἔχει</span> <span class='ocrx_word' id='word_1_459' title='bbox 2901 2435 2962 2490; x_wconf 81' lang='grc' dir='ltr'>οὔ</span> <span class='ocrx_word' id='word_1_460' title='bbox 3016 2431 3430 2498; x_wconf 78' lang='grc' dir='ltr'>κολακευτικὸν,</span> <span class='ocrx_word' id='word_1_461' title='bbox 3464 2431 3578 2485; x_wconf 84' lang='grc' dir='ltr'>ἀλλ’</span> <span class='ocrx_word' id='word_1_462' title='bbox 3625 2429 3736 2483; x_wconf 81' lang='grc' dir='ltr'>οὐδ’</span> 
     </span>
    </p>
   </div>
   <div class='ocr_carea' id='block_1_70' title="bbox 2159 2523 3733 2600">
    <p class='ocr_par' dir='ltr' id='par_1_70' title="bbox 2159 2523 3733 2600">
     <span class='ocr_line' id='line_1_70' title="bbox 2159 2523 3733 2600; baseline -0.004 -18"><span class='ocrx_word' id='word_1_463' title='bbox 2159 2528 2362 2599; x_wconf 69' lang='grc' dir='ltr'>αἰσχρὰ</span> <span class='ocrx_word' id='word_1_464' title='bbox 2389 2527 2420 2598; x_wconf 72' lang='grc' dir='ltr'><strong>ἢ</strong></span> <span class='ocrx_word' id='word_1_465' title='bbox 2451 2528 2595 2600; x_wconf 82' lang='grc' dir='ltr'>ἀήθη</span> <span class='ocrx_word' id='word_1_466' title='bbox 2624 2527 2890 2598; x_wconf 77' lang='grc' dir='ltr'>ὀνόματα,</span> <span class='ocrx_word' id='word_1_467' title='bbox 2919 2525 3055 2582; x_wconf 83' lang='grc' dir='ltr'><strong>ἀλλά</strong></span> <span class='ocrx_word' id='word_1_468' title='bbox 3090 2526 3247 2581; x_wconf 82' lang='grc' dir='ltr'>κοινά</span> <span class='ocrx_word' id='word_1_469' title='bbox 3276 2525 3372 2581; x_wconf 75' lang='grc' dir='ltr'>καὶ</span> <span class='ocrx_word' id='word_1_470' title='bbox 3407 2523 3733 2594; x_wconf 81' lang='grc' dir='ltr'>σεμνότατα.</span> 
     </span>
    </p>
   </div>
   <div class='ocr_carea' id='block_1_71' title="bbox 2158 2615 3736 2694">
    <p class='ocr_par' dir='ltr' id='par_1_71' title="bbox 2158 2615 3736 2694">
     <span class='ocr_line' id='line_1_71' title="bbox 2158 2615 3736 2694; baseline -0.004 -20"><span class='ocrx_word' id='word_1_471' title='bbox 2158 2621 2345 2674; x_wconf 82' lang='grc' dir='ltr'>Μῦθον</span> <span class='ocrx_word' id='word_1_472' title='bbox 2373 2621 2429 2674; x_wconf 79' lang='grc' dir='ltr'>δὲ</span> <span class='ocrx_word' id='word_1_473' title='bbox 2459 2619 2651 2676; x_wconf 76' lang='grc' dir='ltr'>οὐδένα</span> <span class='ocrx_word' id='word_1_474' title='bbox 2687 2619 2968 2694; x_wconf 82' lang='grc' dir='ltr'>παντελῶς</span> <span class='ocrx_word' id='word_1_475' title='bbox 2999 2619 3248 2690; x_wconf 81' lang='grc' dir='ltr'>περιέχει</span> <span class='ocrx_word' id='word_1_476' title='bbox 3281 2617 3342 2671; x_wconf 75' lang='grc' dir='ltr'>τὸ</span> <span class='ocrx_word' id='word_1_477' title='bbox 3377 2615 3736 2685; x_wconf 77' lang='grc' dir='ltr'>Εὕαγγέλιον,</span> 
     </span>
    </p>
   </div>
   <div class='ocr_carea' id='block_1_72' title="bbox 2160 2709 3742 2784">
    <p class='ocr_par' dir='ltr' id='par_1_72' title="bbox 2160 2709 3742 2784">
     <span class='ocr_line' id='line_1_72' title="bbox 2160 2709 3742 2784; baseline -0.003 -17"><span class='ocrx_word' id='word_1_478' title='bbox 2160 2713 2297 2767; x_wconf 78' lang='grc' dir='ltr'>ἀλλὰ</span> <span class='ocrx_word' id='word_1_479' title='bbox 2322 2713 2416 2768; x_wconf 74' lang='grc' dir='ltr'>καὶ</span> <span class='ocrx_word' id='word_1_480' title='bbox 2448 2715 2500 2766; x_wconf 78' lang='grc' dir='ltr'><strong>εί</strong></span> <span class='ocrx_word' id='word_1_481' title='bbox 2524 2729 2675 2778; x_wconf 86' lang='grc' dir='ltr'>τινας</span> <span class='ocrx_word' id='word_1_482' title='bbox 2703 2712 2877 2768; x_wconf 70' lang='grc' dir='ltr'>ἐνίοτε</span> <span class='ocrx_word' id='word_1_483' title='bbox 2912 2711 3231 2784; x_wconf 73' lang='grc' dir='ltr'>παραϐολὰς</span> <span class='ocrx_word' id='word_1_484' title='bbox 3257 2712 3651 2784; x_wconf 72' lang='grc' dir='ltr'>παρατίθησιν,</span> <span class='ocrx_word' id='word_1_485' title='bbox 3677 2709 3742 2777; x_wconf 66' lang='grc' dir='ltr'><strong>ἐξ</strong></span> 
     </span>
    </p>
   </div>
   <div class='ocr_carea' id='block_1_73' title="bbox 2161 2801 3743 2874">
    <p class='ocr_par' dir='ltr' id='par_1_73' title="bbox 2161 2801 3743 2874">
     <span class='ocr_line' id='line_1_73' title="bbox 2161 2801 3743 2874; baseline -0.001 -16"><span class='ocrx_word' id='word_1_486' title='bbox 2161 2803 2332 2872; x_wconf 79' lang='grc' dir='ltr'>αὐτῆς</span> <span class='ocrx_word' id='word_1_487' title='bbox 2385 2805 2488 2874; x_wconf 76' lang='grc' dir='ltr'>τῆς</span> <span class='ocrx_word' id='word_1_488' title='bbox 2533 2801 2631 2857; x_wconf 80' lang='grc' dir='ltr'>τοῦ</span> <span class='ocrx_word' id='word_1_489' title='bbox 2685 2802 2848 2874; x_wconf 82' lang='grc' dir='ltr'>λόγου</span> <span class='ocrx_word' id='word_1_490' title='bbox 2883 2803 3211 2867; x_wconf 85' lang='grc' dir='ltr'>ἀκολουθίας</span> <span class='ocrx_word' id='word_1_491' title='bbox 3257 2803 3536 2858; x_wconf 83' lang='grc' dir='ltr'>δείκνυται</span> <span class='ocrx_word' id='word_1_492' title='bbox 3575 2819 3743 2870; x_wconf 70' lang='grc' dir='ltr'>φανε-</span> 
     </span>
    </p>
   </div>
   <div class='ocr_carea' id='block_1_74' title="bbox 2163 2893 3738 2968">
    <p class='ocr_par' dir='ltr' id='par_1_74' title="bbox 2163 2893 3738 2968">
     <span class='ocr_line' id='line_1_74' title="bbox 2163 2893 3738 2968; baseline 0 -19"><span class='ocrx_word' id='word_1_493' title='bbox 2163 2895 2296 2966; x_wconf 88' lang='grc' dir='ltr'>ρῶς,</span> <span class='ocrx_word' id='word_1_494' title='bbox 2338 2896 2421 2949; x_wconf 80' lang='grc' dir='ltr'><strong>δτι</strong></span> <span class='ocrx_word' id='word_1_495' title='bbox 2485 2895 2874 2965; x_wconf 77' lang='grc' dir='ltr'>παρασολικῶς</span> <span class='ocrx_word' id='word_1_496' title='bbox 2921 2893 3261 2964; x_wconf 79' lang='grc' dir='ltr'>διαλέγεται.</span> <span class='ocrx_word' id='word_1_497' title='bbox 3309 2894 3535 2968; x_wconf 77' lang='grc' dir='ltr'>Συνᾴδει</span> <span class='ocrx_word' id='word_1_498' title='bbox 3582 2893 3640 2947; x_wconf 74' lang='grc' dir='ltr'>δὶ</span> <span class='ocrx_word' id='word_1_499' title='bbox 3675 2897 3738 2949; x_wconf 72' lang='grc' dir='ltr'><strong>ιν</strong></span> 
     </span>
    </p>
   </div>
   <div class='ocr_carea' id='block_1_75' title="bbox 2161 2984 3745 3057">
    <p class='ocr_par' dir='ltr' id='par_1_75' title="bbox 2161 2984 3745 3057">
     <span class='ocr_line' id='line_1_75' title="bbox 2161 2984 3745 3057; baseline -0.001 -17"><span class='ocrx_word' id='word_1_500' title='bbox 2161 2989 2281 3051; x_wconf 86' lang='grc' dir='ltr'>ταῖς</span> <span class='ocrx_word' id='word_1_501' title='bbox 2320 2985 2664 3056; x_wconf 81' lang='grc' dir='ltr'>ἀποφάσεσιν</span> <span class='ocrx_word' id='word_1_502' title='bbox 2706 2986 2768 3040; x_wconf 80' lang='grc' dir='ltr'>οὐ</span> <span class='ocrx_word' id='word_1_503' title='bbox 2802 2985 2968 3057; x_wconf 82' lang='grc' dir='ltr'>μόνον</span> <span class='ocrx_word' id='word_1_504' title='bbox 3001 2987 3122 3049; x_wconf 79' lang='grc' dir='ltr'>ταῖς</span> <span class='ocrx_word' id='word_1_505' title='bbox 3168 2984 3362 3049; x_wconf 73' lang='grc' dir='ltr'>ἄλλαις</span> <span class='ocrx_word' id='word_1_506' title='bbox 3394 2987 3564 3057; x_wconf 74' lang='grc' dir='ltr'>ίεραῖς</span> <span class='ocrx_word' id='word_1_507' title='bbox 3594 2985 3745 3057; x_wconf 79' lang='grc' dir='ltr'>Γρα-</span> 
     </span>
    </p>
   </div>
   <div class='ocr_carea' id='block_1_76' title="bbox 2162 3077 3736 3149">
    <p class='ocr_par' dir='ltr' id='par_1_76' title="bbox 2162 3077 3736 3149">
     <span class='ocr_line' id='line_1_76' title="bbox 2162 3077 3736 3149; baseline -0.001 -17"><span class='ocrx_word' id='word_1_508' title='bbox 2162 3081 2312 3148; x_wconf 77' lang='grc' dir='ltr'>φαϊς,</span> <span class='ocrx_word' id='word_1_509' title='bbox 2352 3078 2535 3142; x_wconf 85' lang='grc' dir='ltr'>καθὼς</span> <span class='ocrx_word' id='word_1_510' title='bbox 2581 3078 2822 3149; x_wconf 75' lang='grc' dir='ltr'>εἴρηται,</span> <span class='ocrx_word' id='word_1_511' title='bbox 2853 3077 2992 3136; x_wconf 84' lang='grc' dir='ltr'><strong>ἀλλά</strong></span> <span class='ocrx_word' id='word_1_512' title='bbox 3023 3078 3257 3142; x_wconf 77' lang='grc' dir='ltr'>καὶτοῖς</span> <span class='ocrx_word' id='word_1_513' title='bbox 3283 3077 3595 3148; x_wconf 75' lang='grc' dir='ltr'>φιλοσόφοις</span> <span class='ocrx_word' id='word_1_514' title='bbox 3620 3081 3736 3142; x_wconf 81' lang='grc' dir='ltr'>τοίς</span> 
     </span>
    </p>
   </div>
   <div class='ocr_carea' id='block_1_77' title="bbox 2162 3171 3736 3244">
    <p class='ocr_par' dir='ltr' id='par_1_77' title="bbox 2162 3171 3736 3244">
     <span class='ocr_line' id='line_1_77' title="bbox 2162 3171 3736 3244; baseline -0.002 -18"><span class='ocrx_word' id='word_1_515' title='bbox 2162 3171 2292 3244; x_wconf 81' lang='grc' dir='ltr'>περὶ</span> <span class='ocrx_word' id='word_1_516' title='bbox 2320 3172 2534 3242; x_wconf 84' lang='grc' dir='ltr'>ἀρετῶν</span> <span class='ocrx_word' id='word_1_517' title='bbox 2559 3172 2655 3228; x_wconf 63' lang='grc' dir='ltr'>καὶ</span> <span class='ocrx_word' id='word_1_518' title='bbox 2680 3172 2777 3226; x_wconf 79' lang='grc' dir='ltr'>τοῦ</span> <span class='ocrx_word' id='word_1_519' title='bbox 2803 3171 3052 3244; x_wconf 73' lang='grc' dir='ltr'>ισχάτου</span> <span class='ocrx_word' id='word_1_520' title='bbox 3073 3171 3182 3226; x_wconf 89' lang='grc' dir='ltr'><strong>τῶν</strong></span> <span class='ocrx_word' id='word_1_521' title='bbox 3219 3171 3525 3241; x_wconf 65' lang='grc' dir='ltr'>ἀνθρώπων</span> <span class='ocrx_word' id='word_1_522' title='bbox 3550 3171 3736 3234; x_wconf 72' lang='grc' dir='ltr'>τέλόυς</span> 
     </span>
    </p>
   </div>
   <div class='ocr_carea' id='block_1_78' title="bbox 2157 3260 3736 3333">
    <p class='ocr_par' dir='ltr' id='par_1_78' title="bbox 2157 3260 3736 3333">
     <span class='ocr_line' id='line_1_78' title="bbox 2157 3260 3736 3333; baseline -0.001 -18"><span class='ocrx_word' id='word_1_523' title='bbox 2157 3260 2556 3324; x_wconf 80' lang='grc' dir='ltr'>ἀποδεικτικῶς</span> <span class='ocrx_word' id='word_1_524' title='bbox 2585 3261 2618 3331; x_wconf 80' lang='grc' dir='ltr'><strong>ἢ</strong></span> <span class='ocrx_word' id='word_1_525' title='bbox 2646 3260 2883 3328; x_wconf 74' lang='grc' dir='ltr'>λογικῶς</span> <span class='ocrx_word' id='word_1_526' title='bbox 2920 3261 3736 3333; x_wconf 72' lang='grc' dir='ltr'>πραγματευσαμένοις.11ροσ-</span> 
     </span>
    </p>
   </div>
   <div class='ocr_carea' id='block_1_79' title="bbox 2160 3351 3736 3427">
    <p class='ocr_par' dir='ltr' id='par_1_79' title="bbox 2160 3351 3736 3427">
     <span class='ocr_line' id='line_1_79' title="bbox 2160 3351 3736 3427; baseline -0.003 -15"><span class='ocrx_word' id='word_1_527' title='bbox 2160 3354 2344 3427; x_wconf 82' lang='grc' dir='ltr'>τίθησι</span> <span class='ocrx_word' id='word_1_528' title='bbox 2374 3354 2563 3425; x_wconf 76' lang='grc' dir='ltr'>μέντοι</span> <span class='ocrx_word' id='word_1_529' title='bbox 2607 3353 2704 3408; x_wconf 85' lang='grc' dir='ltr'><strong>καί</strong></span> <span class='ocrx_word' id='word_1_530' title='bbox 2732 3371 2853 3408; x_wconf 88' lang='grc' dir='ltr'>τινα</span> <span class='ocrx_word' id='word_1_531' title='bbox 2893 3353 3228 3424; x_wconf 74' lang='grc' dir='ltr'>ὑψηλότατα,</span> <span class='ocrx_word' id='word_1_532' title='bbox 3265 3351 3352 3424; x_wconf 66' lang='grc' dir='ltr'><strong>ἐφ’</strong></span> <span class='ocrx_word' id='word_1_533' title='bbox 3383 3352 3420 3409; x_wconf 80' lang='grc' dir='ltr'><strong>ἀ</strong></span> <span class='ocrx_word' id='word_1_534' title='bbox 3453 3355 3484 3408; x_wconf 83' lang='grc' dir='ltr'><strong>ό</strong></span> <span class='ocrx_word' id='word_1_535' title='bbox 3508 3351 3736 3422; x_wconf 79' lang='grc' dir='ltr'>φυσικὸς</span> 
     </span>
    </p>
   </div>
   <div class='ocr_carea' id='block_1_80' title="bbox 2159 3445 3737 3522">
    <p class='ocr_par' dir='ltr' id='par_1_80' title="bbox 2159 3445 3737 3522">
     <span class='ocr_line' id='line_1_80' title="bbox 2159 3445 3737 3522; baseline -0.004 -17"><span class='ocrx_word' id='word_1_536' title='bbox 2159 3451 2253 3505; x_wconf 80' lang='grc' dir='ltr'>καὶ</span> <span class='ocrx_word' id='word_1_537' title='bbox 2296 3449 2641 3522; x_wconf 70' lang='grc' dir='ltr'>ἀνθρώπινος</span> <span class='ocrx_word' id='word_1_538' title='bbox 2688 3449 2846 3516; x_wconf 86' lang='grc' dir='ltr'>λόγος</span> <span class='ocrx_word' id='word_1_539' title='bbox 2893 3448 2956 3501; x_wconf 74' lang='grc' dir='ltr'>οὔ</span> <span class='ocrx_word' id='word_1_540' title='bbox 3003 3448 3228 3503; x_wconf 82' lang='grc' dir='ltr'>δύναται</span> <span class='ocrx_word' id='word_1_541' title='bbox 3276 3447 3588 3518; x_wconf 71' lang='grc' dir='ltr'>ἐφικέσθαι.</span> <span class='ocrx_word' id='word_1_542' title='bbox 3624 3445 3737 3500; x_wconf 75' lang='grc' dir='ltr'><strong>Καὶ</strong></span> 
     </span>
    </p>
   </div>
   <div class='ocr_carea' id='block_1_81' title="bbox 2156 3531 3735 3611">
    <p class='ocr_par' dir='ltr' id='par_1_81' title="bbox 2156 3531 3735 3611">
     <span class='ocr_line' id='line_1_81' title="bbox 2156 3531 3735 3611; baseline -0.003 -15"><span class='ocrx_word' id='word_1_543' title='bbox 2156 3542 2309 3597; x_wconf 76' lang='grc' dir='ltr'>οὐδὲν</span> <span class='ocrx_word' id='word_1_544' title='bbox 2363 3541 2617 3611; x_wconf 73' lang='grc' dir='ltr'>οὐδαμῶς</span> <span class='ocrx_word' id='word_1_545' title='bbox 2670 3557 2872 3609; x_wconf 83' lang='grc' dir='ltr'>φησιν,</span> <span class='ocrx_word' id='word_1_546' title='bbox 2936 3531 2983 3608; x_wconf 76' lang='grc' dir='ltr'>ᾧ</span> <span class='ocrx_word' id='word_1_547' title='bbox 3049 3540 3117 3594; x_wconf 77' lang='grc' dir='ltr'>ἄν</span> <span class='ocrx_word' id='word_1_548' title='bbox 3181 3556 3262 3606; x_wconf 88' lang='grc' dir='ltr'><strong>τις</strong></span> <span class='ocrx_word' id='word_1_549' title='bbox 3338 3539 3735 3601; x_wconf 76' lang='grc' dir='ltr'>ἀποδεικτικῶς</span> 
     </span>
    </p>
   </div>
   <div class='ocr_carea' id='block_1_82' title="bbox 2158 3630 3730 3702">
    <p class='ocr_par' dir='ltr' id='par_1_82' title="bbox 2158 3630 3730 3702">
     <span class='ocr_line' id='line_1_82' title="bbox 2158 3630 3730 3702; baseline -0.002 -14"><span class='ocrx_word' id='word_1_550' title='bbox 2158 3637 2404 3701; x_wconf 73' lang='grc' dir='ltr'>ἑνσταίη.</span> <span class='ocrx_word' id='word_1_551' title='bbox 2432 3631 2545 3700; x_wconf 80' lang='grc' dir='ltr'><strong>τῆς</strong></span> <span class='ocrx_word' id='word_1_552' title='bbox 2589 3633 2696 3702; x_wconf 90' lang='grc' dir='ltr'><strong>γάρ</strong></span> <span class='ocrx_word' id='word_1_553' title='bbox 2729 3631 3064 3696; x_wconf 80' lang='grc' dir='ltr'>ἀποδείξεως</span> <span class='ocrx_word' id='word_1_554' title='bbox 3092 3631 3296 3701; x_wconf 67' lang='grc' dir='ltr'>ἀληθὲς</span> <span class='ocrx_word' id='word_1_555' title='bbox 3343 3630 3730 3702; x_wconf 80' lang='grc' dir='ltr'>περιεχούσης,</span> 
     </span>
    </p>
   </div>
   <div class='ocr_carea' id='block_1_83' title="bbox 2161 3723 3729 3797">
    <p class='ocr_par' dir='ltr' id='par_1_83' title="bbox 2161 3723 3729 3797">
     <span class='ocr_line' id='line_1_83' title="bbox 2161 3723 3729 3797; baseline -0.001 -17"><span class='ocrx_word' id='word_1_556' title='bbox 2161 3727 2321 3796; x_wconf 87' lang='grc' dir='ltr'>μόνον</span> <span class='ocrx_word' id='word_1_557' title='bbox 2389 3726 2452 3779; x_wconf 81' lang='grc' dir='ltr'><strong>τδ</strong></span> <span class='ocrx_word' id='word_1_558' title='bbox 2515 3725 2715 3794; x_wconf 69' lang='grc' dir='ltr'>ψεῦδος</span> <span class='ocrx_word' id='word_1_559' title='bbox 2773 3723 2947 3797; x_wconf 61' lang='grc' dir='ltr'>ταύτῃ</span> <span class='ocrx_word' id='word_1_560' title='bbox 3012 3724 3237 3780; x_wconf 82' lang='grc' dir='ltr'>δυνατὸν</span> <span class='ocrx_word' id='word_1_561' title='bbox 3313 3724 3729 3793; x_wconf 68' lang='grc' dir='ltr'>ιναντιωθῆναι.</span> 
     </span>
    </p>
   </div>
   <div class='ocr_carea' id='block_1_84' title="bbox 2169 3815 3733 3888">
    <p class='ocr_par' dir='ltr' id='par_1_84' title="bbox 2169 3815 3733 3888">
     <span class='ocr_line' id='line_1_84' title="bbox 2169 3815 3733 3888; baseline -0.003 -15"><span class='ocrx_word' id='word_1_562' title='bbox 2169 3817 2440 3888; x_wconf 80' lang='grc' dir='ltr'>Ἀκριόὦς</span> <span class='ocrx_word' id='word_1_563' title='bbox 2479 3835 2538 3870; x_wconf 81' lang='grc' dir='ltr'><strong>τε</strong></span> <span class='ocrx_word' id='word_1_564' title='bbox 2585 3817 3011 3881; x_wconf 78' lang='grc' dir='ltr'>σκοπουμένοις,</span> <span class='ocrx_word' id='word_1_565' title='bbox 3039 3816 3161 3871; x_wconf 69' lang='lat' dir='ltr'><strong>east</strong></span> <span class='ocrx_word' id='word_1_566' title='bbox 3211 3815 3312 3886; x_wconf 83' lang='grc' dir='ltr'><strong>μία</strong></span> <span class='ocrx_word' id='word_1_567' title='bbox 3363 3816 3733 3884; x_wconf 69' lang='grc' dir='ltr'>ἧναντιολογία</span> 
     </span>
    </p>
   </div>
   <div class='ocr_carea' id='block_1_85' title="bbox 2159 3904 3736 3976">
    <p class='ocr_par' dir='ltr' id='par_1_85' title="bbox 2159 3904 3736 3976">
     <span class='ocr_line' id='line_1_85' title="bbox 2159 3904 3736 3976; baseline -0.001 -17"><span class='ocrx_word' id='word_1_568' title='bbox 2159 3908 2218 3959; x_wconf 75' lang='grc' dir='ltr'>ὲν</span> <span class='ocrx_word' id='word_1_569' title='bbox 2248 3907 2361 3969; x_wconf 75' lang='grc' dir='ltr'>τοῖς</span> <span class='ocrx_word' id='word_1_570' title='bbox 2388 3905 2739 3974; x_wconf 76' lang='grc' dir='ltr'>Εὑαγγελίοις</span> <span class='ocrx_word' id='word_1_571' title='bbox 2776 3905 3116 3975; x_wconf 80' lang='grc' dir='ltr'>εὑρίσκεται.</span> <span class='ocrx_word' id='word_1_572' title='bbox 3147 3906 3323 3959; x_wconf 80' lang='grc' dir='ltr'>-Ὢστε</span> <span class='ocrx_word' id='word_1_573' title='bbox 3359 3906 3433 3976; x_wconf 83' lang='grc' dir='ltr'>μὴ</span> <span class='ocrx_word' id='word_1_574' title='bbox 3478 3905 3638 3975; x_wconf 89' lang='grc' dir='ltr'>μόνον</span> <span class='ocrx_word' id='word_1_575' title='bbox 3676 3904 3736 3957; x_wconf 72' lang='grc' dir='ltr'>ἓν</span> 
     </span>
    </p>
   </div>
   <div class='ocr_carea' id='block_1_86' title="bbox 2160 3997 3734 4069">
    <p class='ocr_par' dir='ltr' id='par_1_86' title="bbox 2160 3997 3734 4069">
     <span class='ocr_line' id='line_1_86' title="bbox 2160 3997 3734 4069; baseline -0.002 -16"><span class='ocrx_word' id='word_1_576' title='bbox 2160 3998 2492 4066; x_wconf 64' lang='grc' dir='ltr'>[εὐαγγέλιον</span> <span class='ocrx_word' id='word_1_577' title='bbox 2522 3997 2698 4068; x_wconf 74' lang='grc' dir='ltr'>ἑαυτῷ</span> <span class='ocrx_word' id='word_1_578' title='bbox 2737 3997 3075 4068; x_wconf 76' lang='grc' dir='ltr'>συμφωνεῖν,</span> <span class='ocrx_word' id='word_1_579' title='bbox 3105 3997 3239 4051; x_wconf 78' lang='grc' dir='ltr'>ἀλλὰ</span> <span class='ocrx_word' id='word_1_580' title='bbox 3268 3997 3362 4051; x_wconf 80' lang='grc' dir='ltr'>καὶ</span> <span class='ocrx_word' id='word_1_581' title='bbox 3400 3998 3466 4052; x_wconf 66' lang='grc' dir='ltr'><strong>τὰ</strong></span> <span class='ocrx_word' id='word_1_582' title='bbox 3495 3998 3734 4069; x_wconf 64' lang='grc' dir='ltr'>τέσσαρα</span> 
     </span>
    </p>
   </div>
   <div class='ocr_carea' id='block_1_87' title="bbox 2159 4090 3733 4163">
    <p class='ocr_par' dir='ltr' id='par_1_87' title="bbox 2159 4090 3733 4163">
     <span class='ocr_line' id='line_1_87' title="bbox 2159 4090 3733 4163; baseline -0.001 -17"><span class='ocrx_word' id='word_1_583' title='bbox 2159 4093 2413 4163; x_wconf 84' lang='grc' dir='ltr'>ἀλλήλοις</span> <span class='ocrx_word' id='word_1_584' title='bbox 2443 4093 2501 4146; x_wconf 69' lang='grc' dir='ltr'>ἐν</span> <span class='ocrx_word' id='word_1_585' title='bbox 2533 4094 2673 4146; x_wconf 80' lang='grc' dir='ltr'>πᾶσι</span> <span class='ocrx_word' id='word_1_586' title='bbox 2712 4094 2825 4155; x_wconf 80' lang='grc' dir='ltr'>τοῖς</span> <span class='ocrx_word' id='word_1_587' title='bbox 2872 4092 3002 4163; x_wconf 79' lang='grc' dir='ltr'>περὶ</span> <span class='ocrx_word' id='word_1_588' title='bbox 3035 4090 3135 4163; x_wconf 81' lang='grc' dir='ltr'>τὴν</span> <span class='ocrx_word' id='word_1_589' title='bbox 3169 4090 3356 4146; x_wconf 86' lang='grc' dir='ltr'>πίστιν</span> <span class='ocrx_word' id='word_1_590' title='bbox 3393 4092 3733 4157; x_wconf 77' lang='grc' dir='ltr'>ἀναγκαίοις,</span> 
     </span>
    </p>
   </div>
   <div class='ocr_carea' id='block_1_88' title="bbox 2157 4184 3732 4257">
    <p class='ocr_par' dir='ltr' id='par_1_88' title="bbox 2157 4184 3732 4257">
     <span class='ocr_line' id='line_1_88' title="bbox 2157 4184 3732 4257; baseline -0.003 -17"><span class='ocrx_word' id='word_1_591' title='bbox 2157 4187 2402 4248; x_wconf 81' lang='grc' dir='ltr'>τουτέστι</span> <span class='ocrx_word' id='word_1_592' title='bbox 2433 4189 2560 4257; x_wconf 71' lang='grc' dir='ltr'>περὶ</span> <span class='ocrx_word' id='word_1_593' title='bbox 2588 4189 2685 4255; x_wconf 81' lang='grc' dir='ltr'>τῆς</span> <span class='ocrx_word' id='word_1_594' title='bbox 2719 4185 3072 4256; x_wconf 81' lang='grc' dir='ltr'>σαρκώσεως,</span> <span class='ocrx_word' id='word_1_595' title='bbox 3101 4185 3202 4256; x_wconf 75' lang='grc' dir='ltr'>τῆς</span> <span class='ocrx_word' id='word_1_596' title='bbox 3231 4184 3601 4248; x_wconf 77' lang='grc' dir='ltr'>διδασκαλίας,</span> <span class='ocrx_word' id='word_1_597' title='bbox 3640 4184 3732 4238; x_wconf 71' lang='grc' dir='ltr'>τοῦ</span> 
     </span>
    </p>
   </div>
   <div class='ocr_carea' id='block_1_89' title="bbox 2162 4273 3735 4352">
    <p class='ocr_par' dir='ltr' id='par_1_89' title="bbox 2162 4273 3735 4352">
     <span class='ocr_line' id='line_1_89' title="bbox 2162 4273 3735 4352; baseline -0.003 -21"><span class='ocrx_word' id='word_1_598' title='bbox 2162 4279 2390 4344; x_wconf 75' lang='grc' dir='ltr'>πάθους,</span> <span class='ocrx_word' id='word_1_599' title='bbox 2434 4277 2534 4348; x_wconf 76' lang='grc' dir='ltr'><strong>τῆς</strong></span> <span class='ocrx_word' id='word_1_600' title='bbox 2577 4279 2956 4342; x_wconf 78' lang='grc' dir='ltr'>ἀναστάσεως,</span> <span class='ocrx_word' id='word_1_601' title='bbox 2986 4278 3087 4349; x_wconf 83' lang='grc' dir='ltr'>τῆς</span> <span class='ocrx_word' id='word_1_602' title='bbox 3115 4276 3445 4352; x_wconf 74' lang='grc' dir='ltr'><strong>ἀναλήψεως⁴</strong></span> <span class='ocrx_word' id='word_1_603' title='bbox 3481 4277 3575 4330; x_wconf 83' lang='grc' dir='ltr'>τοῦ</span> <span class='ocrx_word' id='word_1_604' title='bbox 3606 4273 3735 4343; x_wconf 74' lang='grc' dir='ltr'>Χρι-</span> 
     </span>
    </p>
   </div>
   <div class='ocr_carea' id='block_1_90' title="bbox 2163 4369 3741 4439">
    <p class='ocr_par' dir='ltr' id='par_1_90' title="bbox 2163 4369 3741 4439">
     <span class='ocr_line' id='line_1_90' title="bbox 2163 4369 3741 4439; baseline -0.003 -15"><span class='ocrx_word' id='word_1_605' title='bbox 2163 4370 2314 4432; x_wconf 82' lang='grc' dir='ltr'>στοῦ,</span> <span class='ocrx_word' id='word_1_606' title='bbox 2347 4370 2525 4424; x_wconf 84' lang='grc' dir='ltr'>καίτοι</span> <span class='ocrx_word' id='word_1_607' title='bbox 2556 4386 2622 4437; x_wconf 85' lang='grc' dir='ltr'><strong>γε</strong></span> <span class='ocrx_word' id='word_1_608' title='bbox 2650 4369 2759 4423; x_wconf 89' lang='grc' dir='ltr'><strong>τῶν</strong></span> <span class='ocrx_word' id='word_1_609' title='bbox 2797 4369 3079 4439; x_wconf 79' lang='grc' dir='ltr'>τεσσάρων</span> <span class='ocrx_word' id='word_1_610' title='bbox 3126 4369 3480 4438; x_wconf 78' lang='grc' dir='ltr'>Εὑαγγελίων</span> <span class='ocrx_word' id='word_1_611' title='bbox 3519 4371 3578 4422; x_wconf 80' lang='grc' dir='ltr'>ὲν</span> <span class='ocrx_word' id='word_1_612' title='bbox 3621 4370 3741 4423; x_wconf 77' lang='grc' dir='ltr'>δια-</span> 
     </span>
    </p>
   </div>
   <div class='ocr_carea' id='block_1_91' title="bbox 2162 4462 3736 4533">
    <p class='ocr_par' dir='ltr' id='par_1_91' title="bbox 2162 4462 3736 4533">
     <span class='ocr_line' id='line_1_91' title="bbox 2162 4462 3736 4533; baseline -0.002 -16"><span class='ocrx_word' id='word_1_613' title='bbox 2162 4465 2350 4533; x_wconf 82' lang='grc' dir='ltr'>φόροις</span> <span class='ocrx_word' id='word_1_614' title='bbox 2377 4463 2568 4526; x_wconf 83' lang='grc' dir='ltr'>τόποις</span> <span class='ocrx_word' id='word_1_615' title='bbox 2609 4464 2706 4517; x_wconf 74' lang='grc' dir='ltr'>καὶ</span> <span class='ocrx_word' id='word_1_616' title='bbox 2743 4463 3030 4533; x_wconf 82' lang='grc' dir='ltr'>διαφόροις</span> <span class='ocrx_word' id='word_1_617' title='bbox 3075 4463 3406 4527; x_wconf 75' lang='grc' dir='ltr'>διαλέκτοις,</span> <span class='ocrx_word' id='word_1_618' title='bbox 3434 4463 3516 4518; x_wconf 81' lang='grc' dir='ltr'>ῑτι</span> <span class='ocrx_word' id='word_1_619' title='bbox 3547 4477 3606 4516; x_wconf 78' lang='grc' dir='ltr'><strong>τε</strong></span> <span class='ocrx_word' id='word_1_620' title='bbox 3633 4462 3736 4515; x_wconf 72' lang='grc' dir='ltr'><strong>ὑπὸ</strong></span> 
     </span>
    </p>
   </div>
   <div class='ocr_carea' id='block_1_92' title="bbox 476 4552 2054 4636">
    <p class='ocr_par' dir='ltr' id='par_1_92' title="bbox 476 4552 2054 4628">
     <span class='ocr_line' id='line_1_92' title="bbox 476 4552 2054 4628; baseline -0.002 -20"><span class='ocrx_word' id='word_1_621' title='bbox 476 4554 821 4628; x_wconf 82' lang='lat' dir='ltr'><strong>dispensatio</strong></span> <span class='ocrx_word' id='word_1_622' title='bbox 869 4553 990 4620; x_wconf 90' lang='lat' dir='ltr'><strong>Dei,</strong></span> <span class='ocrx_word' id='word_1_623' title='bbox 1038 4554 1194 4622; x_wconf 84' lang='lat' dir='ltr'><strong>quasi</strong></span> <span class='ocrx_word' id='word_1_624' title='bbox 1240 4555 1543 4624; x_wconf 88' lang='lat' dir='ltr'><strong>inspirante</strong></span> <span class='ocrx_word' id='word_1_625' title='bbox 1593 4552 1803 4624; x_wconf 89' lang='lat' dir='ltr'><strong>Spiritu</strong></span> <span class='ocrx_word' id='word_1_626' title='bbox 1839 4562 2054 4620; x_wconf 85' lang='lat' dir='ltr'><strong>sancto,</strong></span> 
     </span>
    </p>
   </div>
   <div class='ocr_carea' id='block_1_93' title="bbox 2158 4552 3734 4636">
    <p class='ocr_par' dir='ltr' id='par_1_93' title="bbox 2164 4553 3734 4626">
     <span class='ocr_line' id='line_1_93' title="bbox 2164 4553 3734 4626; baseline -0.003 -20"><span class='ocrx_word' id='word_1_627' title='bbox 2164 4554 2439 4626; x_wconf 85' lang='grc' dir='ltr'>διαφόρων</span> <span class='ocrx_word' id='word_1_628' title='bbox 2483 4554 2850 4622; x_wconf 79' lang='grc' dir='ltr'>συγγραφέων</span> <span class='ocrx_word' id='word_1_629' title='bbox 2885 4555 2944 4619; x_wconf 77' lang='grc' dir='ltr'>ἐξ</span> <span class='ocrx_word' id='word_1_630' title='bbox 2976 4554 3155 4623; x_wconf 78' lang='grc' dir='ltr'>ἀρχῆς</span> <span class='ocrx_word' id='word_1_631' title='bbox 3199 4553 3734 4622; x_wconf 68' lang='grc' dir='ltr'>συγγεγραμμένων,</span> 
     </span>
    </p>
   </div>
   <div class='ocr_carea' id='block_1_94' title="bbox 478 4646 2055 4718">
    <p class='ocr_par' dir='ltr' id='par_1_94' title="bbox 478 4646 2055 4718">
     <span class='ocr_line' id='line_1_94' title="bbox 478 4646 2055 4718; baseline -0.001 -16"><span class='ocrx_word' id='word_1_632' title='bbox 478 4658 542 4702; x_wconf 86' lang='grc' dir='ltr'><strong>ιιι</strong></span> <span class='ocrx_word' id='word_1_633' title='bbox 585 4648 732 4717; x_wconf 88' lang='lat' dir='ltr'><strong>quod</strong></span> <span class='ocrx_word' id='word_1_634' title='bbox 785 4646 850 4701; x_wconf 83' lang='lat' dir='ltr'><strong>ab</strong></span> <span class='ocrx_word' id='word_1_635' title='bbox 892 4662 1004 4702; x_wconf 92' lang='lat' dir='ltr'><strong>uno</strong></span> <span class='ocrx_word' id='word_1_636' title='bbox 1047 4646 1396 4718; x_wconf 77' lang='lat' dir='ltr'><strong>Evangelista</strong></span> <span class='ocrx_word' id='word_1_637' title='bbox 1459 4646 1890 4715; x_wconf 72' lang='lat' dir='ltr'><strong>prmtermissum</strong></span> <span class='ocrx_word' id='word_1_638' title='bbox 1945 4656 2055 4712; x_wconf 87' lang='lat' dir='ltr'><strong>est,</strong></span> 
     </span>
    </p>
   </div>
   <div class='ocr_carea' id='block_1_95' title="bbox 2166 4641 3738 4721">
    <p class='ocr_par' dir='ltr' id='par_1_95' title="bbox 2166 4641 3738 4721">
     <span class='ocr_line' id='line_1_95' title="bbox 2166 4641 3738 4721; baseline -0.004 -20"><span class='ocrx_word' id='word_1_639' title='bbox 2166 4649 2242 4712; x_wconf 83' lang='grc' dir='ltr'>ὡς</span> <span class='ocrx_word' id='word_1_640' title='bbox 2293 4648 2641 4721; x_wconf 78' lang='grc' dir='ltr'>προείρηται.</span> <span class='ocrx_word' id='word_1_641' title='bbox 2700 4648 2855 4710; x_wconf 71' lang='grc' dir='ltr'>Τινὲς</span> <span class='ocrx_word' id='word_1_642' title='bbox 2927 4647 3114 4716; x_wconf 67' lang='grc' dir='ltr'>μέντοι</span> <span class='ocrx_word' id='word_1_643' title='bbox 3187 4647 3296 4699; x_wconf 87' lang='grc' dir='ltr'><strong>τῶν</strong></span> <span class='ocrx_word' id='word_1_644' title='bbox 3354 4641 3738 4715; x_wconf 68' lang='grc' dir='ltr'>ἀπλοδστέρων</span> 
     </span>
    </p>
   </div>
   <div class='ocr_carea' id='block_1_96' title="bbox 477 4734 2054 4811">
    <p class='ocr_par' dir='ltr' id='par_1_96' title="bbox 477 4737 2054 4811">
     <span class='ocr_line' id='line_1_96' title="bbox 477 4737 2054 4811; baseline -0.003 -15"><span class='ocrx_word' id='word_1_645' title='bbox 477 4742 618 4797; x_wconf 87' lang='lat' dir='ltr'><strong>alter</strong></span> <span class='ocrx_word' id='word_1_646' title='bbox 655 4740 824 4807; x_wconf 91' lang='lat' dir='ltr'><strong>dicat,</strong></span> <span class='ocrx_word' id='word_1_647' title='bbox 857 4739 1006 4811; x_wconf 89' lang='lat' dir='ltr'><strong>quod</strong></span> <span class='ocrx_word' id='word_1_648' title='bbox 1059 4751 1244 4795; x_wconf 81' lang='lat' dir='ltr'><strong>autem</strong></span> <span class='ocrx_word' id='word_1_649' title='bbox 1278 4739 1347 4794; x_wconf 90' lang='lat' dir='ltr'><strong>ab</strong></span> <span class='ocrx_word' id='word_1_650' title='bbox 1378 4754 1486 4794; x_wconf 91' lang='lat' dir='ltr'><strong>una</strong></span> <span class='ocrx_word' id='word_1_651' title='bbox 1523 4737 1857 4809; x_wconf 85' lang='lat' dir='ltr'><strong>evangelista</strong></span> <span class='ocrx_word' id='word_1_652' title='bbox 1889 4739 2054 4804; x_wconf 83' lang='lat' dir='ltr'><strong>scrip-</strong></span> 
     </span>
    </p>
   </div>
   <div class='ocr_carea' id='block_1_97' title="bbox 2158 4734 3737 4811">
    <p class='ocr_par' dir='ltr' id='par_1_97' title="bbox 2166 4734 3737 4810">
     <span class='ocr_line' id='line_1_97' title="bbox 2166 4734 3737 4810; baseline -0.002 -19"><span class='ocrx_word' id='word_1_653' title='bbox 2166 4740 2439 4794; x_wconf 74' lang='grc' dir='ltr'>ὑπέλαϐον</span> <span class='ocrx_word' id='word_1_654' title='bbox 2489 4742 2547 4794; x_wconf 71' lang='grc' dir='ltr'>ἐν</span> <span class='ocrx_word' id='word_1_655' title='bbox 2578 4738 2651 4810; x_wconf 78' lang='grc' dir='ltr'><strong>τῷ</strong></span> <span class='ocrx_word' id='word_1_656' title='bbox 2693 4739 3015 4809; x_wconf 77' lang='grc' dir='ltr'>Εὐαγγελίῳ</span> <span class='ocrx_word' id='word_1_657' title='bbox 3055 4734 3197 4792; x_wconf 72' lang='grc' dir='ltr'>εἶναι</span> <span class='ocrx_word' id='word_1_658' title='bbox 3244 4738 3618 4806; x_wconf 72' lang='grc' dir='ltr'>ἐναντιότητα,</span> <span class='ocrx_word' id='word_1_659' title='bbox 3651 4736 3737 4788; x_wconf 77' lang='grc' dir='ltr'>διὰ</span> 
     </span>
    </p>
   </div>
   <div class='ocr_carea' id='block_1_98' title="bbox 481 4831 2061 4902">
    <p class='ocr_par' dir='ltr' id='par_1_98' title="bbox 481 4831 2061 4902">
     <span class='ocr_line' id='line_1_98' title="bbox 481 4831 2061 4902; baseline -0.003 -14"><span class='ocrx_word' id='word_1_660' title='bbox 481 4844 599 4888; x_wconf 90' lang='lat' dir='ltr'><strong>tum</strong></span> <span class='ocrx_word' id='word_1_661' title='bbox 629 4842 736 4896; x_wconf 84' lang='lat' dir='ltr'><strong>est,</strong></span> <span class='ocrx_word' id='word_1_662' title='bbox 767 4833 956 4887; x_wconf 87' lang='lat' dir='ltr'><strong>nullus</strong></span> <span class='ocrx_word' id='word_1_663' title='bbox 988 4832 1220 4888; x_wconf 87' lang='lat' dir='ltr'><strong>aliorum</strong></span> <span class='ocrx_word' id='word_1_664' title='bbox 1253 4831 1422 4886; x_wconf 89' lang='lat' dir='ltr'><strong>trium</strong></span> <span class='ocrx_word' id='word_1_665' title='bbox 1452 4831 1694 4902; x_wconf 81' lang='lat' dir='ltr'><strong>negavit,</strong></span> <span class='ocrx_word' id='word_1_666' title='bbox 1727 4831 1814 4886; x_wconf 86' lang='lat' dir='ltr'><strong>vel</strong></span> <span class='ocrx_word' id='word_1_667' title='bbox 1837 4841 2061 4886; x_wconf 85' lang='lat' dir='ltr'><strong>contra-</strong></span> 
     </span>
    </p>
   </div>
   <div class='ocr_carea' id='block_1_99' title="bbox 481 4924 2060 4997">
    <p class='ocr_par' dir='ltr' id='par_1_99' title="bbox 481 4924 2060 4997">
     <span class='ocr_line' id='line_1_99' title="bbox 481 4924 2060 4997; baseline -0.003 -15"><span class='ocrx_word' id='word_1_668' title='bbox 481 4929 628 4983; x_wconf 87' lang='lat' dir='ltr'><strong>rium</strong></span> <span class='ocrx_word' id='word_1_669' title='bbox 654 4927 860 4997; x_wconf 83' lang='lat' dir='ltr'><strong>aliquid</strong></span> <span class='ocrx_word' id='word_1_670' title='bbox 878 4927 1150 4983; x_wconf 77' lang='lat' dir='ltr'><strong>dixit.Sed</strong></span> <span class='ocrx_word' id='word_1_671' title='bbox 1178 4925 1230 4984; x_wconf 88' lang='lat' dir='ltr'><strong>hi</strong></span> <span class='ocrx_word' id='word_1_672' title='bbox 1255 4934 1492 4995; x_wconf 86' lang='lat' dir='ltr'><strong>quatuor</strong></span> <span class='ocrx_word' id='word_1_673' title='bbox 1523 4941 1630 4979; x_wconf 91' lang='lat' dir='ltr'><strong>non</strong></span> <span class='ocrx_word' id='word_1_674' title='bbox 1659 4924 1843 4978; x_wconf 87' lang='lat' dir='ltr'><strong>omnia</strong></span> <span class='ocrx_word' id='word_1_675' title='bbox 1871 4939 2060 4994; x_wconf 85' lang='lat' dir='ltr'><strong>opera,</strong></span> 
     </span>
    </p>
   </div>
   <div class='ocr_carea' id='block_1_100' title="bbox 2165 4827 3734 4903">
    <p class='ocr_par' dir='ltr' id='par_1_100' title="bbox 2165 4827 3734 4903">
     <span class='ocr_line' id='line_1_100' title="bbox 2165 4827 3734 4903; baseline -0.004 -18"><span class='ocrx_word' id='word_1_676' title='bbox 2165 4832 2226 4885; x_wconf 75' lang='grc' dir='ltr'><strong>τὺ</strong></span> <span class='ocrx_word' id='word_1_677' title='bbox 2256 4832 2397 4903; x_wconf 84' lang='grc' dir='ltr'>ὅπερ</span> <span class='ocrx_word' id='word_1_678' title='bbox 2448 4834 2506 4886; x_wconf 67' lang='grc' dir='ltr'>ἐν</span> <span class='ocrx_word' id='word_1_679' title='bbox 2537 4833 2618 4885; x_wconf 75' lang='grc' dir='ltr'><strong>ἑνὶ</strong></span> <span class='ocrx_word' id='word_1_680' title='bbox 2669 4830 2988 4898; x_wconf 77' lang='grc' dir='ltr'>Εὑαγγελίῳ</span> <span class='ocrx_word' id='word_1_681' title='bbox 3025 4829 3365 4900; x_wconf 68' lang='grc' dir='ltr'>γέγραπται,</span> <span class='ocrx_word' id='word_1_682' title='bbox 3397 4831 3454 4882; x_wconf 69' lang='grc' dir='ltr'>ἰν</span> <span class='ocrx_word' id='word_1_683' title='bbox 3481 4828 3626 4898; x_wconf 83' lang='grc' dir='ltr'>ἀλλῳ</span> <span class='ocrx_word' id='word_1_684' title='bbox 3663 4827 3734 4896; x_wconf 80' lang='grc' dir='ltr'>μὴ</span> 
     </span>
    </p>
   </div>
   <div class='ocr_carea' id='block_1_101' title="bbox 2168 4919 3732 4998">
    <p class='ocr_par' dir='ltr' id='par_1_101' title="bbox 2168 4919 3732 4998">
     <span class='ocr_line' id='line_1_101' title="bbox 2168 4919 3732 4998; baseline -0.005 -19"><span class='ocrx_word' id='word_1_685' title='bbox 2168 4923 2544 4998; x_wconf 83' lang='grc' dir='ltr'>περιέχεσθαι.</span> <span class='ocrx_word' id='word_1_686' title='bbox 2578 4921 2750 4977; x_wconf 79' lang='grc' dir='ltr'>Τοῦτο</span> <span class='ocrx_word' id='word_1_687' title='bbox 2779 4922 2836 4975; x_wconf 79' lang='grc' dir='ltr'>δὲ</span> <span class='ocrx_word' id='word_1_688' title='bbox 2867 4921 2966 4975; x_wconf 81' lang='grc' dir='ltr'>οὐκ</span> <span class='ocrx_word' id='word_1_689' title='bbox 2993 4923 3142 4973; x_wconf 78' lang='grc' dir='ltr'>ἔστιν</span> <span class='ocrx_word' id='word_1_690' title='bbox 3173 4919 3567 4987; x_wconf 76' lang='grc' dir='ltr'>ὲναντιολογία,</span> <span class='ocrx_word' id='word_1_691' title='bbox 3599 4920 3732 4974; x_wconf 84' lang='grc' dir='ltr'><strong>ἀλλά</strong></span> 
     </span>
    </p>
   </div>
   <div class='ocr_carea' id='block_1_102' title="bbox 482 5012 2054 5089">
    <p class='ocr_par' dir='ltr' id='par_1_102' title="bbox 482 5018 2054 5089">
     <span class='ocr_line' id='line_1_102' title="bbox 482 5018 2054 5089; baseline -0.003 -12"><span class='ocrx_word' id='word_1_692' title='bbox 482 5023 572 5078; x_wconf 78' lang='lat' dir='ltr'><strong>vel</strong></span> <span class='ocrx_word' id='word_1_693' title='bbox 611 5021 778 5077; x_wconf 85' lang='lat' dir='ltr'><strong>verba</strong></span> <span class='ocrx_word' id='word_1_694' title='bbox 808 5021 1015 5077; x_wconf 81' lang='lat' dir='ltr'><strong>Christi</strong></span> <span class='ocrx_word' id='word_1_695' title='bbox 1068 5019 1542 5089; x_wconf 83' lang='lat' dir='ltr'><strong>conscripserunt,</strong></span> <span class='ocrx_word' id='word_1_696' title='bbox 1586 5018 1682 5074; x_wconf 87' lang='lat' dir='ltr'><strong>sed</strong></span> <span class='ocrx_word' id='word_1_697' title='bbox 1732 5019 1911 5072; x_wconf 90' lang='lat' dir='ltr'><strong>solum</strong></span> <span class='ocrx_word' id='word_1_698' title='bbox 1937 5031 2054 5087; x_wconf 61' lang='lat' dir='ltr'><strong>qua</strong></span> 
     </span>
    </p>
   </div>
   <div class='ocr_carea' id='block_1_103' title="bbox 2158 5012 3735 5089">
    <p class='ocr_par' dir='ltr' id='par_1_103' title="bbox 2170 5012 3735 5088">
     <span class='ocr_line' id='line_1_103' title="bbox 2170 5012 3735 5088; baseline -0.004 -17"><span class='ocrx_word' id='word_1_699' title='bbox 2170 5017 2374 5088; x_wconf 84' lang='grc' dir='ltr'>μᾶλλον</span> <span class='ocrx_word' id='word_1_700' title='bbox 2415 5013 2696 5084; x_wconf 75' lang='grc' dir='ltr'>οἰκονομία</span> <span class='ocrx_word' id='word_1_701' title='bbox 2737 5014 2894 5069; x_wconf 80' lang='grc' dir='ltr'>Θεοῦ.</span> <span class='ocrx_word' id='word_1_702' title='bbox 2925 5015 3031 5067; x_wconf 83' lang='grc' dir='ltr'><strong>Τοῦ</strong></span> <span class='ocrx_word' id='word_1_703' title='bbox 3083 5015 3190 5083; x_wconf 69' lang='grc' dir='ltr'>γὰρ</span> <span class='ocrx_word' id='word_1_704' title='bbox 3230 5015 3389 5080; x_wconf 69' lang='grc' dir='ltr'>ἁγίου</span> <span class='ocrx_word' id='word_1_705' title='bbox 3424 5012 3735 5081; x_wconf 83' lang='grc' dir='ltr'>Πνεὺματος</span> 
     </span>
    </p>
   </div>
   <div class='ocr_carea' id='block_1_104' title="bbox 484 5113 1566 5185">
    <p class='ocr_par' dir='ltr' id='par_1_104' title="bbox 484 5113 1566 5185">
     <span class='ocr_line' id='line_1_104' title="bbox 484 5113 1566 5185; baseline -0.005 -15"><span class='ocrx_word' id='word_1_706' title='bbox 484 5118 553 5172; x_wconf 91' lang='lat' dir='ltr'><strong>ad</strong></span> <span class='ocrx_word' id='word_1_707' title='bbox 584 5117 818 5172; x_wconf 87' lang='lat' dir='ltr'><strong>salutem</strong></span> <span class='ocrx_word' id='word_1_708' title='bbox 866 5124 996 5169; x_wconf 87' lang='lat' dir='ltr'><strong>sunt</strong></span> <span class='ocrx_word' id='word_1_709' title='bbox 1030 5113 1201 5185; x_wconf 79' lang='lat' dir='ltr'><strong>magis</strong></span> <span class='ocrx_word' id='word_1_710' title='bbox 1219 5113 1566 5168; x_wconf 77' lang='lat' dir='ltr'><strong>necessaria.</strong></span> 
     </span>
    </p>
   </div>
   <div class='ocr_carea' id='block_1_105' title="bbox 2169 5105 3735 5180">
    <p class='ocr_par' dir='ltr' id='par_1_105' title="bbox 2169 5105 3735 5180">
     <span class='ocr_line' id='line_1_105' title="bbox 2169 5105 3735 5180; baseline -0.004 -18"><span class='ocrx_word' id='word_1_711' title='bbox 2169 5107 2603 5180; x_wconf 82' lang='grc' dir='ltr'>παροτρύνοντος</span> <span class='ocrx_word' id='word_1_712' title='bbox 2654 5107 2714 5160; x_wconf 73' lang='grc' dir='ltr'>τὸ</span> <span class='ocrx_word' id='word_1_713' title='bbox 2758 5105 2890 5176; x_wconf 78' lang='grc' dir='ltr'>παρ’</span> <span class='ocrx_word' id='word_1_714' title='bbox 2937 5106 3052 5168; x_wconf 69' lang='grc' dir='ltr'>ἐνὸς</span> <span class='ocrx_word' id='word_1_715' title='bbox 3102 5106 3495 5174; x_wconf 64' lang='grc' dir='ltr'>εὐαγγελιστοῦ</span> <span class='ocrx_word' id='word_1_716' title='bbox 3551 5119 3735 5157; x_wconf 82' lang='grc' dir='ltr'>σεσιω-</span> 
     </span>
    </p>
   </div>
   <div class='ocr_carea' id='block_1_106' title="bbox 485 5197 3733 5281">
    <p class='ocr_par' dir='ltr' id='par_1_106' title="bbox 485 5197 3733 5281">
     <span class='ocr_line' id='line_1_106' title="bbox 485 5197 3733 5281; baseline -0.006 -16"><span class='ocrx_word' id='word_1_717' title='bbox 485 5213 732 5281; x_wconf 80' lang='grc' dir='ltr'>πημένον</span> <span class='ocrx_word' id='word_1_718' title='bbox 771 5209 855 5262; x_wconf 79' lang='grc' dir='ltr'>Ξτε</span> <span class='ocrx_word' id='word_1_719' title='bbox 868 5225 957 5278; x_wconf 86' lang='grc' dir='ltr'><strong>ρος</strong></span> <span class='ocrx_word' id='word_1_720' title='bbox 1003 5205 1149 5263; x_wconf 56' lang='lat' dir='ltr'><strong>eius.</strong></span> <span class='ocrx_word' id='word_1_721' title='bbox 1182 5207 1254 5261; x_wconf 80' lang='grc' dir='ltr'>Τὸ</span> <span class='ocrx_word' id='word_1_722' title='bbox 1297 5207 1354 5260; x_wconf 81' lang='grc' dir='ltr'>δὲ</span> <span class='ocrx_word' id='word_1_723' title='bbox 1389 5207 1478 5274; x_wconf 74' lang='grc' dir='ltr'><strong>ὑφ’</strong></span> <span class='ocrx_word' id='word_1_724' title='bbox 1514 5204 1632 5269; x_wconf 76' lang='grc' dir='ltr'>ἐνὸς</span> <span class='ocrx_word' id='word_1_725' title='bbox 1702 5202 2090 5273; x_wconf 83' lang='grc' dir='ltr'>εὐαγγελιστοῦ</span> <span class='ocrx_word' id='word_1_726' title='bbox 2132 5206 2344 5273; x_wconf 68' lang='grc' dir='ltr'>γραφὶν</span> <span class='ocrx_word' id='word_1_727' title='bbox 2389 5201 2566 5264; x_wconf 74' lang='grc' dir='ltr'>οὐδεὶς</span> <span class='ocrx_word' id='word_1_728' title='bbox 2635 5202 2914 5270; x_wconf 70' lang='grc' dir='ltr'>ἠρνήσατο</span> <span class='ocrx_word' id='word_1_729' title='bbox 2950 5197 3057 5252; x_wconf 83' lang='grc' dir='ltr'><strong>τῶν</strong></span> <span class='ocrx_word' id='word_1_730' title='bbox 3087 5197 3262 5250; x_wconf 82' lang='grc' dir='ltr'>ἄλλων</span> <span class='ocrx_word' id='word_1_731' title='bbox 3305 5197 3493 5265; x_wconf 88' lang='grc' dir='ltr'>τριῶν,</span> <span class='ocrx_word' id='word_1_732' title='bbox 3524 5197 3554 5264; x_wconf 79' lang='grc' dir='ltr'>ἢ</span> <span class='ocrx_word' id='word_1_733' title='bbox 3581 5197 3733 5248; x_wconf 66' lang='grc' dir='ltr'>ἀναν·</span> 
     </span>
    </p>
   </div>
   <div class='ocr_carea' id='block_1_107' title="bbox 484 5286 3737 5367">
    <p class='ocr_par' dir='ltr' id='par_1_107' title="bbox 484 5286 3737 5367">
     <span class='ocr_line' id='line_1_107' title="bbox 484 5286 3737 5367; baseline -0.007 -6"><span class='ocrx_word' id='word_1_734' title='bbox 484 5308 602 5362; x_wconf 74' lang='grc' dir='ltr'>τῖον</span> <span class='ocrx_word' id='word_1_735' title='bbox 660 5321 714 5357; x_wconf 85' lang='grc' dir='ltr'><strong>τι</strong></span> <span class='ocrx_word' id='word_1_736' title='bbox 775 5302 949 5357; x_wconf 74' lang='grc' dir='ltr'>εἶπεν.</span> <span class='ocrx_word' id='word_1_737' title='bbox 995 5299 1158 5352; x_wconf 75' lang='grc' dir='ltr'><strong>’Λλλὰ</strong></span> <span class='ocrx_word' id='word_1_738' title='bbox 1206 5301 1301 5352; x_wconf 75' lang='grc' dir='ltr'>καὶ</span> <span class='ocrx_word' id='word_1_739' title='bbox 1344 5291 1492 5351; x_wconf 66' lang='grc' dir='ltr'>οὗτοι</span> <span class='ocrx_word' id='word_1_740' title='bbox 1548 5299 1600 5350; x_wconf 83' lang='grc' dir='ltr'>οἱ</span> <span class='ocrx_word' id='word_1_741' title='bbox 1653 5297 1938 5367; x_wconf 76' lang='grc' dir='ltr'>τέσσαρες,</span> <span class='ocrx_word' id='word_1_742' title='bbox 1996 5297 2057 5348; x_wconf 84' lang='grc' dir='ltr'>οὐ</span> <span class='ocrx_word' id='word_1_743' title='bbox 2095 5297 2274 5350; x_wconf 83' lang='grc' dir='ltr'>πάντα</span> <span class='ocrx_word' id='word_1_744' title='bbox 2319 5295 2388 5347; x_wconf 87' lang='grc' dir='ltr'><strong>τά</strong></span> <span class='ocrx_word' id='word_1_745' title='bbox 2438 5295 2572 5363; x_wconf 78' lang='grc' dir='ltr'>ἔργα</span> <span class='ocrx_word' id='word_1_746' title='bbox 2623 5292 2656 5362; x_wconf 78' lang='grc' dir='ltr'>ἢ</span> <span class='ocrx_word' id='word_1_747' title='bbox 2733 5289 2857 5351; x_wconf 72' lang='grc' dir='ltr'>τοὺς</span> <span class='ocrx_word' id='word_1_748' title='bbox 2896 5289 3088 5357; x_wconf 80' lang='grc' dir='ltr'>λόγους</span> <span class='ocrx_word' id='word_1_749' title='bbox 3133 5286 3226 5341; x_wconf 77' lang='grc' dir='ltr'>τοῦ</span> <span class='ocrx_word' id='word_1_750' title='bbox 3277 5286 3514 5356; x_wconf 82' lang='grc' dir='ltr'>Χριστοῦ</span> <span class='ocrx_word' id='word_1_751' title='bbox 3586 5301 3737 5355; x_wconf 78' lang='grc' dir='ltr'>συνε-</span> 
     </span>
    </p>
   </div>
   <div class='ocr_carea' id='block_1_108' title="bbox 487 5394 2191 5478">
    <p class='ocr_par' dir='ltr' id='par_1_108' title="bbox 487 5394 2191 5478">
     <span class='ocr_line' id='line_1_108' title="bbox 487 5394 2191 5478; baseline -0.002 -23"><span class='ocrx_word' id='word_1_752' title='bbox 487 5407 792 5478; x_wconf 70' lang='grc' dir='ltr'>γράψαντο,</span> <span class='ocrx_word' id='word_1_753' title='bbox 824 5401 958 5455; x_wconf 77' lang='grc' dir='ltr'><strong>ἀλλά</strong></span> <span class='ocrx_word' id='word_1_754' title='bbox 1001 5401 1161 5470; x_wconf 82' lang='grc' dir='ltr'>μόνον</span> <span class='ocrx_word' id='word_1_755' title='bbox 1183 5398 1251 5451; x_wconf 86' lang='grc' dir='ltr'><strong>τά</strong></span> <span class='ocrx_word' id='word_1_756' title='bbox 1279 5396 1414 5466; x_wconf 79' lang='grc' dir='ltr'>πρὸς</span> <span class='ocrx_word' id='word_1_757' title='bbox 1448 5396 1725 5464; x_wconf 76' lang='grc' dir='ltr'>σωτηρίαν</span> <span class='ocrx_word' id='word_1_758' title='bbox 1762 5394 2191 5465; x_wconf 82' lang='grc' dir='ltr'>ἀναγκαιότερα.</span> 
     </span>
    </p>
   </div>
   <div class='ocr_carea' id='block_1_109' title="bbox 555 5489 2069 5567">
    <p class='ocr_par' dir='ltr' id='par_1_109' title="bbox 555 5489 2069 5567">
     <span class='ocr_line' id='line_1_109' title="bbox 555 5489 2069 5567; baseline -0.008 -15"><span class='ocrx_word' id='word_1_759' title='bbox 555 5497 844 5567; x_wconf 82' lang='lat' dir='ltr'><strong>Quomodo</strong></span> <span class='ocrx_word' id='word_1_760' title='bbox 869 5505 1050 5548; x_wconf 86' lang='lat' dir='ltr'><strong>autem</strong></span> <span class='ocrx_word' id='word_1_761' title='bbox 1080 5492 1332 5546; x_wconf 87' lang='lat' dir='ltr'><strong>doctrina</strong></span> <span class='ocrx_word' id='word_1_762' title='bbox 1361 5489 1668 5545; x_wconf 89' lang='lat' dir='ltr'><strong>Christiana</strong></span> <span class='ocrx_word' id='word_1_763' title='bbox 1697 5489 1936 5557; x_wconf 81' lang='lat' dir='ltr'><strong>perfecte</strong></span> <span class='ocrx_word' id='word_1_764' title='bbox 1961 5489 2069 5542; x_wconf 87' lang='lat' dir='ltr'><strong>mi-</strong></span> 
     </span>
    </p>
   </div>
   <div class='ocr_carea' id='block_1_110' title="bbox 492 5582 2066 5652">
    <p class='ocr_par' dir='ltr' id='par_1_110' title="bbox 492 5582 2066 5652">
     <span class='ocr_line' id='line_1_110' title="bbox 492 5582 2066 5652; baseline -0.006 -5"><span class='ocrx_word' id='word_1_765' title='bbox 492 5591 697 5648; x_wconf 87' lang='lat' dir='ltr'><strong>raculis</strong></span> <span class='ocrx_word' id='word_1_766' title='bbox 751 5589 825 5644; x_wconf 80' lang='lat' dir='ltr'><strong>sit</strong></span> <span class='ocrx_word' id='word_1_767' title='bbox 879 5585 1227 5647; x_wconf 75' lang='lat' dir='ltr'><strong>confirmata,</strong></span> <span class='ocrx_word' id='word_1_768' title='bbox 1271 5584 1327 5637; x_wconf 92' lang='lat' dir='ltr'><strong>in</strong></span> <span class='ocrx_word' id='word_1_769' title='bbox 1360 5583 1592 5652; x_wconf 78' lang='lat' dir='ltr'><strong>septima</strong></span> <span class='ocrx_word' id='word_1_770' title='bbox 1625 5582 1866 5650; x_wconf 84' lang='lat' dir='ltr'><strong>capitulo</strong></span> <span class='ocrx_word' id='word_1_771' title='bbox 1888 5582 2066 5637; x_wconf 85' lang='lat' dir='ltr'><strong>mani-</strong></span> 
     </span>
    </p>
   </div>
   <div class='ocr_carea' id='block_1_111' title="bbox 2242 5476 3733 5554">
    <p class='ocr_par' dir='ltr' id='par_1_111' title="bbox 2242 5476 3733 5554">
     <span class='ocr_line' id='line_1_111' title="bbox 2242 5476 3733 5554; baseline -0.007 -14"><span class='ocrx_word' id='word_1_772' title='bbox 2242 5486 2368 5547; x_wconf 87' lang='grc' dir='ltr'>Πῶς</span> <span class='ocrx_word' id='word_1_773' title='bbox 2401 5485 2458 5539; x_wconf 77' lang='grc' dir='ltr'>δὲ</span> <span class='ocrx_word' id='word_1_774' title='bbox 2503 5488 2535 5554; x_wconf 71' lang='grc' dir='ltr'>ἡ</span> <span class='ocrx_word' id='word_1_775' title='bbox 2573 5481 2937 5553; x_wconf 76' lang='grc' dir='ltr'>Χριστιανικὴ</span> <span class='ocrx_word' id='word_1_776' title='bbox 2985 5477 3307 5534; x_wconf 75' lang='grc' dir='ltr'>διδασκαλία</span> <span class='ocrx_word' id='word_1_777' title='bbox 3346 5478 3568 5542; x_wconf 82' lang='grc' dir='ltr'>τελείως</span> <span class='ocrx_word' id='word_1_778' title='bbox 3605 5476 3733 5531; x_wconf 79' lang='grc' dir='ltr'>θαύ-</span> 
     </span>
    </p>
   </div>
   <div class='ocr_carea' id='block_1_112' title="bbox 2175 5570 3729 5651">
    <p class='ocr_par' dir='ltr' id='par_1_112' title="bbox 2175 5570 3729 5651">
     <span class='ocr_line' id='line_1_112' title="bbox 2175 5570 3729 5651; baseline -0.008 -18"><span class='ocrx_word' id='word_1_779' title='bbox 2175 5598 2308 5651; x_wconf 86' lang='grc' dir='ltr'>μασι</span> <span class='ocrx_word' id='word_1_780' title='bbox 2340 5577 2671 5650; x_wconf 76' lang='grc' dir='ltr'>βεϐαιοῦται,</span> <span class='ocrx_word' id='word_1_781' title='bbox 2703 5575 2956 5643; x_wconf 75' lang='grc' dir='ltr'>φανερῶς</span> <span class='ocrx_word' id='word_1_782' title='bbox 2997 5577 3056 5627; x_wconf 74' lang='grc' dir='ltr'>ἓν</span> <span class='ocrx_word' id='word_1_783' title='bbox 3085 5573 3162 5644; x_wconf 80' lang='grc' dir='ltr'>τῷ</span> <span class='ocrx_word' id='word_1_784' title='bbox 3209 5573 3422 5642; x_wconf 73' lang='grc' dir='ltr'>ἑϐδόμῳ</span> <span class='ocrx_word' id='word_1_785' title='bbox 3455 5570 3729 5640; x_wconf 81' lang='grc' dir='ltr'>κεφαλαίῳ</span> 
     </span>
    </p>
   </div>
   <div class='ocr_carea' id='block_1_113' title="bbox 493 5663 2054 5743">
    <p class='ocr_par' dir='ltr' id='par_1_113' title="bbox 493 5679 2054 5743">
     <span class='ocr_line' id='line_1_113' title="bbox 493 5679 2054 5743; baseline -0.011 -2"><span class='ocrx_word' id='word_1_786' title='bbox 493 5689 783 5743; x_wconf 83' lang='lat' dir='ltr'><strong>l&#39;esteante</strong></span> <span class='ocrx_word' id='word_1_787' title='bbox 829 5679 1265 5734; x_wconf 79' lang='lat' dir='ltr'><strong>demonStratum</strong></span> <span class='ocrx_word' id='word_1_788' title='bbox 1319 5685 1425 5740; x_wconf 90' lang='lat' dir='ltr'><strong>est,</strong></span> <span class='ocrx_word' id='word_1_789' title='bbox 1479 5689 1653 5742; x_wconf 82' lang='lat' dir='ltr'><strong>quan</strong></span> <span class='ocrx_word' id='word_1_790' title='bbox 1696 5689 1803 5726; x_wconf 87' lang='lat' dir='ltr'><strong>non</strong></span> <span class='ocrx_word' id='word_1_791' title='bbox 1853 5685 2054 5742; x_wconf 84' lang='lat' dir='ltr'><strong>aportel</strong></span> 
     </span>
    </p>
   </div>
   <div class='ocr_carea' id='block_1_114' title="bbox 2158 5663 3733 5743">
    <p class='ocr_par' dir='ltr' id='par_1_114' title="bbox 2174 5663 3733 5741">
     <span class='ocr_line' id='line_1_114' title="bbox 2174 5663 3733 5741; baseline -0.008 -15"><span class='ocrx_word' id='word_1_792' title='bbox 2174 5671 2662 5741; x_wconf 69' lang='grc' dir='ltr'>προαποὸέὸεικται</span> <span class='ocrx_word' id='word_1_793' title='bbox 2683 5683 2697 5699; x_wconf 76' lang='grc'><strong><em>⁸</em></strong></span> <span class='ocrx_word' id='word_1_794' title='bbox 2721 5671 2814 5720; x_wconf 79' lang='grc' dir='ltr'>καὶ</span> <span class='ocrx_word' id='word_1_795' title='bbox 2838 5669 2900 5720; x_wconf 72' lang='grc' dir='ltr'>οὐ</span> <span class='ocrx_word' id='word_1_796' title='bbox 2927 5668 3010 5720; x_wconf 81' lang='grc' dir='ltr'><strong>δεῖ</strong></span> <span class='ocrx_word' id='word_1_797' title='bbox 3031 5667 3123 5719; x_wconf 74' lang='grc' dir='ltr'><strong>ἐπὶ</strong></span> <span class='ocrx_word' id='word_1_798' title='bbox 3151 5665 3312 5718; x_wconf 79' lang='grc' dir='ltr'>πλέον</span> <span class='ocrx_word' id='word_1_799' title='bbox 3338 5665 3396 5717; x_wconf 73' lang='grc' dir='ltr'><strong>ιν</strong></span> <span class='ocrx_word' id='word_1_800' title='bbox 3424 5668 3536 5727; x_wconf 74' lang='grc' dir='ltr'>τοῖς</span> <span class='ocrx_word' id='word_1_801' title='bbox 3554 5663 3733 5724; x_wconf 78' lang='grc' dir='ltr'>αὐτοῖς</span> 
     </span>
    </p>
   </div>
   <div class='ocr_carea' id='block_1_115' title="bbox 495 5753 2054 5850">
    <p class='ocr_par' dir='ltr' id='par_1_115' title="bbox 495 5766 2048 5850">
     <span class='ocr_line' id='line_1_115' title="bbox 495 5766 2048 5850; baseline -0.01 -17"><span class='ocrx_word' id='word_1_802' title='bbox 495 5776 735 5850; x_wconf 79' lang='lat' dir='ltr'><strong>amplius</strong></span> <span class='ocrx_word' id='word_1_803' title='bbox 785 5775 840 5828; x_wconf 87' lang='lat' dir='ltr'><strong>itt</strong></span> <span class='ocrx_word' id='word_1_804' title='bbox 889 5773 1097 5827; x_wconf 77' lang='lat' dir='ltr'><strong>eisdem</strong></span> <span class='ocrx_word' id='word_1_805' title='bbox 1151 5767 1384 5824; x_wconf 82' lang='lat' dir='ltr'><strong>versari.</strong></span> <span class='ocrx_word' id='word_1_806' title='bbox 1433 5766 1591 5821; x_wconf 84' lang='lat' dir='ltr'><strong>Nulla</strong></span> <span class='ocrx_word' id='word_1_807' title='bbox 1651 5774 1833 5821; x_wconf 85' lang='lat' dir='ltr'><strong>autem</strong></span> <span class='ocrx_word' id='word_1_808' title='bbox 1884 5778 1967 5821; x_wconf 85' lang='lat' dir='ltr'><strong>est</strong></span> 
     </span>
    </p>
   </div>
   <div class='ocr_carea' id='block_1_116' title="bbox 2158 5753 3730 5850">
    <p class='ocr_par' dir='ltr' id='par_1_116' title="bbox 2171 5753 3730 5829">
     <span class='ocr_line' id='line_1_116' title="bbox 2171 5753 3730 5829; baseline -0.008 -15"><span class='ocrx_word' id='word_1_809' title='bbox 2171 5761 2492 5829; x_wconf 75' lang='grc' dir='ltr'>διατρίϐειν.</span> <span class='ocrx_word' id='word_1_810' title='bbox 2530 5758 2768 5827; x_wconf 69' lang='grc' dir='ltr'>Οὐδεμία</span> <span class='ocrx_word' id='word_1_811' title='bbox 2793 5758 2850 5811; x_wconf 75' lang='grc' dir='ltr'>δέ</span> <span class='ocrx_word' id='word_1_812' title='bbox 2881 5761 3029 5810; x_wconf 77' lang='grc' dir='ltr'>ἐστιν</span> <span class='ocrx_word' id='word_1_813' title='bbox 3059 5756 3117 5809; x_wconf 70' lang='grc' dir='ltr'>ἓν</span> <span class='ocrx_word' id='word_1_814' title='bbox 3146 5754 3224 5825; x_wconf 81' lang='grc' dir='ltr'><strong>τῷ</strong></span> <span class='ocrx_word' id='word_1_815' title='bbox 3259 5755 3449 5824; x_wconf 79' lang='grc' dir='ltr'>κόσμῳ</span> <span class='ocrx_word' id='word_1_816' title='bbox 3484 5753 3730 5807; x_wconf 79' lang='grc' dir='ltr'>διδασκα-</span> 
     </span>
    </p>
   </div>
   <div class='ocr_carea' id='block_1_117' title="bbox 498 5839 2066 5931">
    <p class='ocr_par' dir='ltr' id='par_1_117' title="bbox 498 5839 2066 5931">
     <span class='ocr_line' id='line_1_117' title="bbox 498 5839 2066 5931; baseline -0.011 -3"><span class='ocrx_word' id='word_1_817' title='bbox 498 5842 704 5928; x_wconf 81' lang='lat' dir='ltr'><strong>mundo</strong></span> <span class='ocrx_word' id='word_1_818' title='bbox 727 5864 1004 5928; x_wconf 87' lang='lat' dir='ltr'><strong>doctrina,</strong></span> <span class='ocrx_word' id='word_1_819' title='bbox 1029 5864 1112 5918; x_wconf 79' lang='lat' dir='ltr'><strong>\‘cl</strong></span> <span class='ocrx_word' id='word_1_820' title='bbox 1146 5863 1251 5928; x_wconf 78' lang='lat' dir='ltr'><strong>lex,</strong></span> <span class='ocrx_word' id='word_1_821' title='bbox 1298 5875 1418 5931; x_wconf 78' lang='lat' dir='ltr'><strong>qua:</strong></span> <span class='ocrx_word' id='word_1_822' title='bbox 1441 5862 1518 5916; x_wconf 91' lang='lat' dir='ltr'><strong>sic</strong></span> <span class='ocrx_word' id='word_1_823' title='bbox 1555 5857 1894 5916; x_wconf 84' lang='lat' dir='ltr'><strong>rationabilis</strong></span> <span class='ocrx_word' id='word_1_824' title='bbox 1918 5839 2066 5916; x_wconf 60' lang='lat' dir='ltr'><strong>uti.</strong></span> 
     </span>
    </p>
   </div>
   <div class='ocr_carea' id='block_1_118' title="bbox 2177 5843 3733 5925">
    <p class='ocr_par' dir='ltr' id='par_1_118' title="bbox 2177 5843 3733 5925">
     <span class='ocr_line' id='line_1_118' title="bbox 2177 5843 3733 5925; baseline -0.008 -17"><span class='ocrx_word' id='word_1_825' title='bbox 2177 5855 2322 5924; x_wconf 77' lang='grc' dir='ltr'>λίαῆ</span> <span class='ocrx_word' id='word_1_826' title='bbox 2359 5856 2517 5925; x_wconf 68' lang='grc' dir='ltr'>νόμος</span> <span class='ocrx_word' id='word_1_827' title='bbox 2566 5851 2736 5916; x_wconf 75' lang='grc' dir='ltr'>οὕτως</span> <span class='ocrx_word' id='word_1_828' title='bbox 2767 5851 2983 5922; x_wconf 72' lang='grc' dir='ltr'>εὔλογος</span> <span class='ocrx_word' id='word_1_829' title='bbox 3029 5849 3104 5903; x_wconf 89' lang='grc' dir='ltr'><strong>ῶν</strong></span> <span class='ocrx_word' id='word_1_830' title='bbox 3161 5850 3254 5904; x_wconf 71' lang='grc' dir='ltr'>καὶ</span> <span class='ocrx_word' id='word_1_831' title='bbox 3301 5849 3522 5910; x_wconf 80' lang='grc' dir='ltr'>τέλειος,</span> <span class='ocrx_word' id='word_1_832' title='bbox 3551 5843 3733 5912; x_wconf 77' lang='grc' dir='ltr'>ὥσπερ</span> 
     </span>
    </p>
   </div>
  </div>
