4134 6314
532 311 668 376 ΠΜ

1785 320 2164 383 DEMETRII
2206 321 2521 385 CYDONII

3651 314 3788 381 1148

531 439 639 480 non
663 428 1038 499 investiganda
1068 445 1167 501 per
1205 431 1468 487 rationem
1490 474 1503 498 ,
1552 438 1611 486 ut
1641 432 2007 503 simpliciores
2041 432 2108 488 ad

2225 433 2285 496 bc
2335 433 2557 494 τελείως
2609 431 2910 501 νοουμένη,
2959 431 3051 485 καὶ
3105 432 3246 485 κατᾶ
3304 433 3395 484 τὸν
3437 431 3790 500 προσήκοντα

529 530 652 571 eam
703 519 864 573 facile
915 523 1175 577 accedere
1223 525 1448 592 possint.
1497 525 1627 579 Item
1667 535 1886 594 oportet
1929 527 2106 588 scire,

529 609 676 678 quod
713 611 848 664 nihil
878 621 961 667 est
994 613 1050 667 in
1076 614 1395 684 Evangelia,
1430 617 1572 682 quod
1603 631 1711 669 non
1751 616 2007 686 possibile
2037 617 2110 671 sit

534 717 562 755 a
590 702 750 755 nobis
780 703 1048 773 intelligi,
1074 705 1168 774 qui
1195 707 1320 762 fidei
1360 707 1569 764 lumine
1607 724 1798 764 sumus
1825 710 2016 780 adjoti.
2044 710 2111 764 Et

531 793 668 848 licet
707 793 759 846 in
789 809 847 848 se
878 796 1186 850 certissima
1209 837 1226 860 ,
1273 806 1455 854 tamen
1494 815 1601 854 non
1645 803 1713 855 ab
1745 803 2002 857 omnibus
2029 804 2113 857 in-

533 885 822 955 telligitur,
860 887 952 942 sed
1006 889 1074 943 ab
1117 889 1418 946 humilibus
1460 893 1673 956 solum,
1725 904 1779 947 et
1813 895 2112 948 humilibus

532 975 720 1029 corde.
751 975 986 1045 Superbi
1020 985 1200 1032 autem
1231 991 1286 1034 et
1311 983 1563 1036 carnales
1589 999 1695 1036 non
1723 984 2111 1052 possunthanc

534 1059 879 1136 intelligere;
942 1085 1175 1138 quorum
1238 1072 1551 1129 intellectus
1597 1074 1678 1129 sic
1711 1090 1771 1129 se
1824 1075 1985 1130 habet
2042 1073 2110 1128 ad

528 1174 691 1222 eam,
737 1163 877 1213 sicut
935 1162 1343 1230 vespertili'onis
1393 1166 1587 1218 oculus
1641 1165 1706 1220 ad
1761 1166 1951 1221 solem.
2016 1166 2113 1219 Sa-

529 1254 609 1305 cri
636 1262 820 1307 autem
863 1253 1192 1311 Christianae
1219 1257 1344 1312 ﬁdei
1398 1258 1652 1313 doctores
1694 1274 1803 1314 non
1850 1269 2112 1328 tanquam

529 1345 949 1414 vespertiliones
983 1347 1038 1401 in
1079 1357 1238 1403 nocte
1274 1349 1480 1414 volant,
1509 1350 1605 1404 sed
1647 1350 1869 1404 attentis
1900 1352 2097 1415 oculis,

533 1447 796 1506 tanquam
865 1422 1387 1507 aquilaefveritatis
1439 1441 1623 1496 radios
1667 1442 1719 1496 ln
1753 1441 1953 1510 seipsis
1983 1458 2116 1496 con-

533 1529 901 1597 templantur;
936 1530 1060 1584 aliis
1086 1540 1266 1586 autem
1304 1533 1705 1601 ignorantibus,
1752 1542 1809 1587 et
1849 1533 2113 1588 rationem

531 1623 912 1690 quieremibus
932 1662 948 1686 ,
975 1624 1213 1694 prepria:
1253 1622 1690 1693 interpretantur
1719 1624 1844 1682 ﬁdei
1876 1636 1933 1680 et
1974 1625 2118 1680 veri-

539 1712 670 1768 tatis
697 1716 1076 1784 mysteria._Et
1105 1731 1213 1770 non
1237 1715 1431 1772 dicunt
1450 1717 1551 1781 eis,
1580 1719 1725 1772 sicut
1757 1718 1811 1772 in
1845 1701 2117 1774 Meet-ano

536 1803 594 1858 in
623 1806 864 1874 capitulo
893 1806 1065 1872 Jonze,
1092 1817 1149 1862 et
1182 1808 1235 1862 in
1275 1808 1520 1880 capitulo
1548 1808 1927 1879 Eleapherim,
1961 1808 2111 1879 quod

535 1893 871 1954 conveniens
905 1906 992 1955 est
1045 1899 1580 1956 Saracenos‘dieere
1630 1902 1755 1956 aliis
1792 1901 2120 1956 nationibus

536 2006 656 2063 quae
676 1992 788 2042 non
820 1991 1059 2046 credunt
1085 2031 1101 2056 ,
1144 2003 1198 2047 et
1231 1993 1614 2047 contradicunt
1641 1991 1910 2047 Alcorano
1937 2008 1954 2050 :
1986 1992 2117 2047 Mihi

536 2097 652 2137 mea
693 2083 850 2148 ﬁdes,
884 2092 941 2137 et
972 2084 1130 2138 vobis
1175 2094 1379 2149 vestra.
1413 2085 1519 2140 Sed
1552 2097 1680 2140 sunt
1727 2085 1896 2155 parati
1932 2085 1998 2140 ad
2035 2101 2119 2141 re»-

535 2175 890 2241 sponsionem
934 2175 1247 2245 cuicunque
1279 2178 1522 2246 poscenti
1575 2180 1838 2233 rationem
1891 2177 1959 2232 de
2015 2177 2118 2232 ﬁde

535 2276 592 2319 et
624 2281 721 2336 spe
749 2282 869 2337 quae
897 2268 952 2322 in
978 2269 1059 2323 eis
1087 2274 1194 2326 est.
1217 2268 1338 2325 Hoc
1378 2281 1560 2326 autem
1589 2280 1669 2326 est
1705 2271 1987 2342 proprium
2030 2285 2123 2324 sa-

536 2362 760 2429 pientis,
815 2363 1084 2416 rationem
1138 2371 1195 2417 et
1240 2377 1461 2419 causam
1503 2365 1586 2419 sui
1634 2365 1819 2434 operis
1871 2363 2121 2421 reddere.

535 2451 706 2507 Aliter
733 2453 880 2506 enim
908 2453 1146 2524 quilibet
1172 2453 1393 2511 futurus
1421 2467 1607 2527 posset
1636 2457 1810 2527 legem
1842 2458 2081 2512 condere
2104 2499 2121 2523 ,

543 2552 599 2598 et
624 2546 956 2601 concludere
981 2547 1248 2621 quidquid
1273 2548 1457 2611 vellet.
1480 2558 1536 2603 et
1555 2549 1763 2614 dicere,
1787 2551 1935 2606 Nihil
1957 2563 2118 2619 Opera

537 2646 614 2692 tet
647 2640 987 2695 contrarium
1015 2642 1245 2697 credere
1273 2641 1364 2698 his
1396 2658 1518 2712 quae
1542 2643 1612 2697 ab
1643 2659 1712 2698 eo
1738 2644 1916 2714 posita
1965 2655 2120 2700 sunt.

2211 523 2413 593 τρόπον
2438 539 2452 553 ·
2487 522 2800 592 προτίθεται
2835 523 2962 592 γὰρ,
3001 522 3076 585 ὡς
3135 522 3256 576 δέον
3287 523 3463 594 ταύτῃ
3513 521 3791 574 πιστεύειν

2211 616 2332 687 θείᾳ
2383 613 2748 684 ἀποκαλύψει,
2812 613 2928 667 ἀλλ’
2983 614 3044 666 οὐ
3107 613 3329 684 ζητήσει
3383 614 3414 681 ἧ
3481 612 3790 682 καταλήψει

2211 708 2490 776 λογισμῶν
2521 707 2899 776 ἀνθρωπίνων,
2933 707 3074 760 ὥστε
3110 707 3351 771 καὶτοὺς
3373 707 3786 774 ἁπλουστέρους

2214 803 2301 856 ἐπ’
2331 802 2502 871 αὐτὴν
2537 801 2735 872 ῥᾳδίως
2765 799 3082 853 ἀναϐαίνειν
3109 798 3408 853 δύνασθαι.
3441 800 3560 852 Ἔτι
3605 800 3660 852 δὲ
3707 800 3794 852 δεῖ

2215 895 2526 964 γινώσκειν,
2565 895 2647 949 ὅτι
2682 893 2849 963 μηδέν
2888 894 3034 946 ἐστιν
3075 894 3131 946 ἐν
3162 893 3239 962 τῷ
3271 893 3614 963 Εὑαγγελίῳ,
3650 893 3677 946 ὃ
3711 894 3790 962 μὴ

2213 987 2440 1041 δυνατὸν
2470 985 2562 1054 ὑφ’
2597 984 2754 1055 ἡμῶν
2806 984 3066 1049 νοεῖσθαι,
3106 984 3185 1053 τῷ
3229 985 3330 1055 τῆς
3382 986 3619 1043 πίστεως
3666 984 3792 1052 βοη-

2182 1079 2495 1149 ’θουμένων
2526 1079 2683 1147 φωτί.
2724 1080 2783 1132 Ei
2820 1077 2879 1132 δὲ
2925 1078 3021 1132 καὶ
3063 1079 3447 1147 ἀσφαλεστάτη
3482 1079 3647 1142 ἐστὶν,
3671 1077 3795 1129 ἀλλ’

2215 1174 2364 1244 ὅμως
2393 1173 2491 1242 οὐχ
2523 1174 2627 1225 ὑπὸ
2659 1174 2879 1224 πάντων
2915 1175 3140 1235 νοεῖται,
3184 1171 3301 1223 ἀλλ’
3331 1171 3436 1224 ὑπὸ
3462 1171 3572 1223 τῶν
3600 1188 3796 1224 ταπει-

2216 1265 2322 1319 νῶν
2360 1265 2541 1334 μόνον,
2576 1267 2670 1317 καὶ
2713 1263 2987 1318 ταπεινῶν
3040 1266 3106 1335 τῇ
3163 1262 3387 1335 καρδίᾳ.
3421 1263 3486 1317 0i
3528 1262 3582 1315 δὲ
3624 1263 3796 1332 ὑπερ-

2217 1358 2414 1429 ήφανοι
2445 1358 2540 1411 καὶ
2567 1359 2821 1427 σαρκικοὶ
2844 1357 2904 1409 οῦ
2937 1354 3193 1410 δύνανται
3229 1354 3438 1423 ταύτην
3471 1355 3636 1416 νοεῖν,
3665 1347 3739 1405 ὧν
3763 1355 3793 1406 ὁ

2217 1450 2342 1513 νοῦς
2379 1448 2552 1510 οὕτως
2587 1447 2700 1520 ἔχει
2721 1445 2854 1517 πρὸς
2896 1445 3087 1516 αὐτὴν,
3119 1445 3309 1517 ὥσπερ
3339 1447 3367 1500 ὁ
3396 1445 3493 1515 τῆς
3539 1443 3796 1512 νυκτερί-

2213 1543 2306 1605 δος
2367 1541 2646 1612 ὀφθαλμὸς
2717 1541 2852 1610 πρὸς
2913 1539 3005 1594 τὸν
3070 1537 3244 1610 ἣλιον.
3291 1540 3352 1592 Οί
3407 1537 3463 1591 δὲ
3516 1537 3653 1606 ἱεροὶ
3695 1537 3796 1606 τῆς

2217 1622 2619 1705 Χριστιανικῆξ
2665 1634 2906 1698 πίστεως
2951 1632 3289 1696 διδάσκαλοι,
3332 1631 3431 1700 οὐχ
3483 1630 3557 1692 ὡς
3605 1646 3796 1682 νυκτε-

2149 1777 2195 1840 B
2221 1730 2367 1799 ρίδες
2405 1729 2466 1781 ὲν
2511 1727 2670 1781 νυκτὶ
2704 1728 2985 1792 πέτονται,
3031 1725 3148 1780 ἀλλ’
3179 1724 3431 1779 ἀτενέσιν
3471 1722 3796 1792 ὀφθαλμοῖς,

2221 1820 2413 1890 ὥσπερ
2440 1820 2607 1882 ἀετοὶ,
2633 1818 2733 1882 τὰς
2778 1820 2883 1888 τῆς
2925 1817 3188 1890 ἀληθείας
3233 1818 3459 1880 ἀκτῖνας
3486 1818 3544 1870 ὲν
3584 1817 3798 1878 ἑαυτοῖς

2225 1911 2514 1980 θεωροῦσι.
2547 1911 2674 1974 Τοῖς
2713 1910 2772 1964 δὲ
2815 1910 2996 1972 ἄλλοις
3027 1911 3142 1972 τοῖς
3185 1907 3464 1978 ἀγνοοῦσι,
3500 1907 3595 1961 καὶ
3638 1906 3800 1974 λόγον

2228 2001 2509 2072 ζητοῦσιν,
2545 2000 2764 2064 οἰκείως
2800 1998 3171 2072 ἐρμηνεῦουσι
3195 1999 3264 2052 τὰ
3303 2000 3402 2068 τῆς
3431 1997 3669 2056 πίστεως
3704 1995 3801 2046 καὶ

2221 2094 2614 2164 τῆςαληθείας
2648 2093 2954 2164 μυστήρια.
3010 2091 3154 2156 Ἀλλ’
3203 2091 3263 2144 οὗ
3311 2090 3564 2159 λέγουσιν
3595 2088 3799 2150 αὐτοῖς,

2222 2181 2413 2253 ὥσπερ
2445 2163 2522 2236 γὲν
2574 2181 2650 2250 τῷ
2729 2163 3095 2252 Ἀλλὼράνῳί
3131 2181 3191 2233 ἐν
3249 2180 3326 2247 τῷ
3386 2178 3674 2247 κεφαλαίῳ
3723 2174 3801 2243 τῷ

2236 2275 2628 2345 Ἐλκαφερε“ιμ,
2676 2275 2758 2328 ὅτι
2803 2274 2925 2328 δέον
2987 2273 3113 2336 τοὺς
3175 2271 3565 2343 Σαρῤακηνοῦς
3621 2269 3802 2337 λέγειν

2223 2369 2336 2429 τοῖς
2368 2365 2548 2427 ἄλλοις
2579 2363 2766 2432 γένεσι
2818 2367 2932 2428 τοῖς
2977 2365 3053 2434 μὴ
3091 2364 3409 2417 πιστεύουσι
3454 2362 3551 2414 καὶ
3577 2361 3800 2428 λέγουσι

2222 2457 2302 2527 τῷ
2339 2457 2673 2530 Ἀλκορᾲνῳ,
2715 2457 2873 2526 Ἐμοὶ
2918 2458 2952 2528 ἡ
3003 2455 3186 2517 πίστις
3237 2457 3271 2526 ἡ
3324 2455 3452 2524 ἐμὴ,
3489 2453 3583 2505 καὶ
3613 2453 3740 2521 ὑμῖν
3765 2453 3800 2520 ἡ

2227 2553 2468 2621 ὑμετέρα
2494 2566 2508 2580 ⁸
2541 2550 2660 2603 ἀλλ’
2690 2549 2835 2602 εἰσὶν
2869 2549 3088 2619 ἕτοιμοι
3121 2549 3259 2618 πρὸς
3293 2545 3597 2614 ἀπολογίαν
3641 2543 3802 2597 παντὶ

2226 2645 2306 2714 τῷ
2333 2643 2578 2698 αἰτοῦντι
2615 2642 2678 2695 λό
2691 2659 2780 2712 γον
2831 2643 2962 2711 περὶ
2993 2640 3092 2709 τῆς
3122 2642 3181 2694 ὲν
3218 2639 3404 2702 αὐτοῖς
3434 2637 3672 2695 πίστεως
3707 2636 3803 2688 καὶ

534 2734 771 2800 ἐλπίδος.
800 2737 974 2793 Τοῦτο
1003 2739 1060 2793 δέ
1088 2740 1237 2795 ἐστιν
1273 2739 1407 2795 ῑδιον
1455 2739 1554 2795 τοῦ
1589 2741 1783 2811 σοφοῦ,
1803 2741 1968 2811 λόγον
2010 2739 2105 2797 τοῦ
2149 2741 2282 2796 ἰδίου
2311 2742 2478 2812 ἔργον
2513 2740 2849 2795 ἀποδιδόναι.
2874 2738 3091 2801 Ἀλλως
3159 2738 3270 2809 γὰρ
3335 2736 3402 2789 ἂν
3437 2737 3544 2800 πᾶς
3576 2734 3802 2804 ἀνόητος

533 2832 765 2901 ἠδύνατο
799 2835 966 2903 νόμον
1020 2836 1349 2910 συντιθέναι,
1391 2839 1491 2891 καὶ
1532 2840 1934 2910 συμπεραίνειν
1973 2839 2114 2910 ὅπερ
2155 2838 2220 2890 ἂν
2282 2837 2547 2909 βούλοιτο,
2575 2838 2667 2896 καὶ
2691 2834 2881 2905 ’λέγειν
2943 2835 3109 2906 μηδὲν
3132 2834 3244 2888 δεῖν
3272 2832 3513 2887 ἐναντίον
3550 2831 3803 2884 πιστεύε-

537 2924 665 2978 σθαι
695 2930 806 2989 τοῖς
845 2927 940 2980 ὑπ’
968 2928 1138 2982 αὐτοῦ
1172 2906 1536 2999 τεθειμένους.

590 3067 754 3122 XVII.
791 3066 863 3122 De
889 3066 1283 3124 Saracenorum
1316 3073 1652 3140 responsione
1679 3073 1752 3125 ad
1776 3073 2048 3127 oradiclu.

2233 3069 2334 3124 lZ'.
2375 3073 2512 3141 napi
2545 3070 2654 3141 τῆς
2705 3068 2823 3123 τῶν
2871 3068 3274 3140 Σαρῤακηηῖιν
3298 3068 3633 3136 ἁπολοτίας
3656 3067 3806 3136 πρὸς

610 3268 688 3322 Ad
751 3269 868 3324 haec
926 3279 1111 3324 autem
1179 3281 1453 3326 conantur
1515 3271 1848 3342 respondere
1896 3273 2117 3342 quidam

536 3363 909 3430 superstitiosi
977 3372 1033 3416 et
1090 3365 1420 3418 eontentiosi
1478 3365 1784 3428 Saraceni,
1827 3354 2119 3422 dicentes:

542 3454 661 3510 Non
696 3456 934 3510 dicimus
962 3456 1109 3525 quod
1149 3458 1502 3527 Evangelium
1539 3472 1645 3512 non
1675 3459 1799 3512 sita
1838 3459 1970 3520 Deo.
1999 3475 2121 3514 cum

541 3548 877 3600 Alcoranum
925 3549 1029 3603 hoc
1066 3533 1356 3604 manifeste
1384 3559 1640 3616 testetur,
1680 3566 1856 3619 neque
1885 3552 2124 3609 dicimus

546 3642 928 3711 imperfectum
962 3659 1104 3708 esse,
1136 3659 1262 3699 cum
1310 3660 1339 3699 a
1375 3645 1485 3702 Deo
1513 3647 1624 3711 sit,
1686 3646 1780 3700 sed
1815 3653 1922 3702 tam
1953 3645 2122 3701 ardua

541 3746 600 3789 et
653 3732 897 3804 perfecta
936 3736 1183 3791 continet
1229 3735 1609 3808 Evangelium,
1642 3747 1702 3793 ut
1741 3755 1847 3793 non
1893 3741 2126 3795 solliciat

543 3828 787 3881 mundus
824 3844 887 3882 ea
943 3829 1231 3894 perﬁcere.
1279 3823 1420 3894 .Quis
1471 3829 1618 3885 enim
1673 3830 1846 3886 Deum
1898 3849 1964 3886 ex
2009 3837 2126 3886 toto

542 3920 734 3984 corde,
762 3931 816 3976 et
845 3921 1158 3990 proximum
1192 3922 1335 3978 sicut
1370 3924 1613 3991 scipsum
1650 3934 1830 3993 potest
1862 3925 2129 3995 diligere?

542 4011 678 4079 Quis
704 3997 897 4082 potest
953 4029 1051 4083 pro
1102 4017 1564 4085 persequentibus
1625 4026 1681 4072 et
1743 4018 2128 4072 calumnianti-

545 4108 651 4161 bus
677 4109 882 4162 orare?
912 4106 1048 4172 Quis
1079 4123 1147 4161 ex
1193 4117 1308 4163 toto
1345 4110 1512 4163 corde
1549 4109 1872 4166 benefacere
1906 4113 2128 4166 malefa-

545 4200 870 4254 cientibus‘?
926 4199 992 4253 Et
1037 4199 1143 4254 alia
1191 4202 1440 4270 quaedam
1476 4203 1870 4271 perfectissima
1905 4208 2127 4262 mandat

549 4289 923 4357 Evangelium.
955 4287 1223 4351 Quoniam
1259 4290 1424 4360 igitur
1456 4306 1566 4346 non
1607 4303 1727 4347 erat
1766 4293 1851 4349 lex
1878 4310 2000 4365 quae
2026 4311 2125 4365 po-

548 4378 746 4434 tuisset
793 4379 1027 4444 servari,
1085 4381 1330 4450 providit
1385 4383 1590 4438 mundo
1622 4385 1765 4440 Deus
1802 4401 1902 4454 per
1949 4387 2125 4458 legem

2754 3141 2825 3194 τὰ
2854 3142 3274 3210 προειρημένα.

2304 3277 2446 3348 Πρὸς
2473 3277 2648 3331 ταῦτα
2685 3277 2741 3330 δὲ
2795 3275 3176 3345 ἐπιχειροῦσιν
3225 3275 3618 3345 ἀπολογεῖσθαί
3658 3292 3804 3338 τινες

2228 3366 2622 3436 δεισιδαίμονες
2649 3367 3019 3438 Σαρῥακηνοὶ,
3052 3366 3146 3419 καὶ
3183 3366 3465 3437 δυσέριδες
3483 3407 3500 3431 ,
3530 3363 3801 3432 λέγοντεςο

2231 3461 2306 3512 Οὐ
2339 3460 2521 3527 φαμὲν
2557 3460 2620 3513 τὸ
2679 3459 3022 3527 Εὐαγγέλιον
3060 3459 3162 3511 οὐκ
3199 3453 3340 3511 εἶναι
3371 3457 3522 3529 παρὰ
3548 3454 3706 3516 Θεοῦ,
3744 3455 3804 3508 τὸ

2230 3551 2339 3621 γὰρ
2382 3550 2706 3620 Ἀλκοράνον
2753 3549 2914 3604 τοῦτό
2979 3567 3168 3619 φησιν’
3219 3549 3342 3604 οὔτε
3395 3550 3576 3619 φαμὲν
3622 3548 3808 3614 ἀτελὲς

2232 3639 2396 3708 εἶναι,
2428 3643 2584 3713 παρὰ
2626 3643 2764 3696 Θεοῦ
2791 3643 2873 3697 ὃν·
2919 3643 3037 3695 ἀλλ’
3069 3638 3213 3696 οὕτω
3257 3643 3472 3711 μεγάλα
3497 3641 3594 3695 καὶ
3627 3642 3809 3695 τέλεια

2234 3735 2484 3806 περιέχει
2509 3735 2572 3788 τὸ
2600 3736 2956 3804 Εὐαγγέλιον,
2990 3734 3133 3789 ὥστε
3163 3735 3236 3805 μὴ
3263 3737 3455 3805 ἀρκεῖν
3479 3734 3572 3788 τὸν
3603 3735 3807 3804 κόσμον

2233 3828 2405 3882 ταῦτα
2436 3827 2677 3882 τελέσαι.
2722 3829 2819 3890 Τίς
2852 3828 2964 3897 γὰρ
2997 3828 3088 3881 τὸν
3135 3827 3269 3880 Θεὸν
3304 3827 3365 3890 ἐξ
3393 3828 3521 3898 ὅλης
3557 3826 3806 3896 καρδίας,

2234 3925 2328 3978 καὶ
2353 3921 2445 3975 τὸν
2478 3921 2707 3989 πλησίον
2760 3922 2834 3984 ὡς
2877 3921 3071 3972 ἑαυτὸν
3125 3920 3348 3974 δύναται
3393 3920 3660 3990 ἀγαπᾷν;
3709 3918 3805 3980 Τίς

2233 4014 2463 4068 δύναται
2497 4015 2638 4084 ὑπὲρ
2665 4015 2775 4068 τῶν
2840 4014 3145 4068 διωκόντων
3189 4012 3472 4082 εὔχεσθαι,
3504 4015 3600 4066 καὶ
3640 4027 3802 4067 συκο-

2235 4103 2580 4174 φαντούντων
2610 4120 2624 4166 ;
2655 4104 2753 4165 Τίς
2798 4103 2861 4167 ἐξ
2902 4103 3031 4171 ὅλης
3078 4103 3176 4170 τῆς
3222 4102 3453 4170 καρδίας
3500 4101 3808 4182 εὐεργετεῖν

2234 4197 2360 4258 τοὺς
2410 4194 2884 4258 κακοποιοῦνταςς
2918 4197 3029 4248 Καὶ
3077 4194 3214 4249 ἄλλα
3253 4193 3311 4247 δέ
3344 4211 3469 4246 τινα.
3495 4193 3808 4246 τελειότατα

2237 4291 2577 4361 προστάττει
2623 4290 2684 4342 τὸ
2746 4289 3098 4356 Εὑαγγὲλιον.
3163 4285 3285 4340 Ὀτι
3339 4286 3523 4338 τοίνυν
3575 4285 3676 4338 οὐκ
3742 4279 3806 4354 ἦν

2235 4384 2400 4451 νόμος
2449 4362 2738 4452 τηρεῖσθαι
2785 4380 3105 4449 δυνάμενος,
3143 4380 3515 4451 προενοήσατο
3569 4376 3667 4429 τοῦ
3719 4376 3807 4428 κό-

550 4473 769 4532 salutis.
807 4481 862 4527 et
894 4472 1037 4528 levia
1067 4470 1198 4527 fecit
1227 4473 1509 4540 mandata,
1536 4485 1593 4529 et
1618 4467 2010 4532 deditmundo
2039 4479 2121 4534 Ab

2239 4491 2377 4545 σμου
2413 4475 2440 4526 ὁ
2472 4473 2604 4537 Θεὸς
2640 4472 2731 4526 διὰ
2760 4470 2856 4525 τοῦ
2879 4473 3046 4541 νόμον
3079 4468 3178 4542 τῆς
3211 4470 3506 4540 σωτηρίας,
3527 4470 3623 4523 καὶ
3653 4467 3807 4522 Exod-

551 4576 838 4629 coranum,
870 4565 1018 4631 quod
1051 4561 1274 4616 minime
1305 4562 1552 4617 continet
1581 4562 1819 4618 diﬁicilia
1865 4567 1998 4631 haec,
2033 4566 2127 4620 sed

550 4654 709 4709 facile
745 4664 827 4708 est
864 4655 930 4709 ad
964 4654 1288 4709 salvandum
1329 4656 1578 4712 homines
1609 4674 1707 4727 per
1735 4661 1936 4728 ipsum.
1979 4643 2130 4716 Unde

550 4749 763 4811 dicunt,
804 4750 1138 4804 Alcorauum
1169 4751 1342 4819 magis
1375 4767 1496 4806 esse
1526 4767 1839 4818 commune,
1873 4764 1929 4808 et
1972 4753 2130 4808 valde

551 4842 803 4896 sullieere
830 4843 897 4896 ad
928 4843 1160 4898 salutem
1196 4845 1422 4897 mundo.
1458 4845 1515 4899 Et
1549 4858 1773 4916 propter
1808 4847 1911 4902 hoc
1934 4854 2133 4901 vocant

550 4936 879 4991 Alcoranum
935 4938 1344 4992 antonomatice
1415 4938 1590 5004 legem
1652 4939 1861 4993 salutis.
1931 4939 2133 4994 Dicunt

553 5028 752 5095 igitur,
787 5027 932 5098 quod
966 5028 1301 5082 Alcoranum
1340 5031 1780 5100 suceessitquasi
1811 5032 1932 5087 loco
1959 5034 2132 5088 Evan-

551 5118 703 5188 gelii,
734 5127 790 5172 et
821 5117 1091 5187 quidquid
1121 5119 1247 5174 boni
1281 5129 1399 5174 erat
1423 5120 1476 5173 in
1501 5120 1816 5190 Evangelia,
1851 5131 2022 5176 totum
2050 5130 2133 5177 est

555 5212 608 5263 in
643 5211 936 5283 Alt-oratio,
972 5219 1027 5265 et
1050 5210 1204 5280 quod
1227 5211 1336 5283 jam
1372 5226 1482 5266 non
1529 5221 1612 5268 est
1635 5227 1774 5300 Opus
1817 5212 2130 5283 Evangelia.

555 5303 663 5356 Sed
712 5303 816 5356 hoe
872 5302 1221 5357 manifestum
1287 5304 1536 5358 continet
1591 5304 1956 5360 mendacium.
2009 5306 2132 5361 Non

553 5393 702 5448 enim
732 5395 995 5464 possibile
1035 5405 1121 5450 est
1165 5397 1383 5461 dicere,
1425 5396 1492 5451 ad
1531 5407 1745 5465 tempus
1780 5398 1968 5452 datum
2011 5414 2133 5454 esse

553 5487 936 5555 Evangelium,
974 5498 1033 5542 ut
1067 5498 1196 5558 puta
1231 5505 1401 5556 usque
1433 5490 1499 5543 ad
1530 5489 1880 5556 Alcoranunt,
1925 5501 1981 5545 et
2012 5500 2134 5560 post

556 5580 674 5633 haec
721 5579 1053 5634 Alcoranum
1109 5581 1156 5635 ei
1209 5581 1544 5637 successisse
1577 5581 1644 5635 ad
1694 5583 1922 5636 salutem
1959 5583 2137 5638 homi-

555 5684 712 5737 num,
758 5687 883 5726 cum
914 5673 1245 5728 Alcorauum
1299 5674 1588 5730 manifeste
1619 5683 1867 5740 testetur,
1895 5674 2040 5744 quod
2078 5676 2132 5729 in

563 5763 858 5836 Evangelia
881 5776 969 5822 est
1007 5766 1266 5823 deductio
1304 5778 1358 5824 et
1389 5767 1556 5826 salus.
1594 5769 1855 5824 Praeterea
1898 5783 2005 5823 non
2036 5783 2133 5838 po-

2236 4586 2362 4637 φισε
2403 4571 2502 4632 τὰς
2531 4567 2776 4633 ἐντολὰς,
2809 4567 2934 4630 δοὺς
2981 4565 3061 4634 τῷ
3105 4565 3297 4635 κόσμῳ
3339 4567 3402 4617 τὸ
3459 4560 3801 4629 ’Δλκοράνοη

2237 4669 2310 4734 μὴ
2368 4663 2624 4731 περιέχον
2689 4661 2754 4715 τὰ
2809 4661 3048 4733 δυσχερῆ
3100 4659 3298 4723 ταῦτα,
3348 4657 3485 4710 ἀλλὰ
3542 4657 3720 4727 ῥᾴδιον
3750 4654 3807 4706 ὃν

2238 4755 2377 4825 πρὸς
2407 4755 2466 4806 τὸ
2503 4754 2774 4817 σώζεσθαι
2807 4753 2872 4810 δι’
2896 4753 3059 4807 αὑτοῦ
3106 4755 3231 4815 τοὺς
3269 4749 3612 4820 ἀνθρώπους.
3649 4748 3805 4801 Ὅθεν

2235 4846 2371 4912 φασὶ
2419 4843 2479 4896 τὸ
2523 4843 2851 4914 ’Δλκοράνον
2884 4841 3084 4911 μᾶλλον
3135 4837 3278 4897 εἶναι
3321 4839 3517 4901 κοινὸν,
3561 4839 3654 4890 καὶ
3690 4828 3808 4888 λίαν

2234 4937 2428 5005 ἀρκεῖν
2488 4935 2626 5001 πρὸς
2692 4935 2972 5008 σωτηρίαν
3007 4933 3085 5004 τῷ
3119 4933 3331 5002 κόσμῳ.
3379 4934 3490 4986 Καὶ
3526 4932 3617 4985 διὰ
3653 4927 3803 4983 τοῦτο

2235 5028 2543 5092 καλοῦσιτὸ
2579 5028 2905 5098 ’Λλκοράνον
2931 5026 3283 5098 παρωνύμως
3314 5027 3479 5096 νόμον
3508 5025 3799 5097 σωτηρίας.

2235 5119 2373 5172 Φασὶ
2409 5117 2612 5181 τοίνυν,
2650 5117 2731 5170 ὅτι
2762 5117 2822 5170 τὸ
2863 5114 3194 5186 ’Δλκοράνον
3225 5114 3497 5180 διεδέξατο
3525 5115 3586 5168 τὸ
3633 5114 3802 5181 E641-

2236 5211 2436 5280 γέλιον·
2476 5211 2570 5263 καὶ
2605 5211 2712 5263 πᾶν
2750 5211 2888 5278 ὅπερ
2916 5204 2986 5278 ἦν
3016 5207 3222 5276 ἀγαθὸν
3248 5211 3308 5261 ἑν
3349 5206 3428 5273 τῷ
3469 5199 3802 5276 Εὐαγγελίῳ,

2235 5304 2411 5367 οὕτως
2443 5304 2566 5356 ὅλον
2602 5304 2659 5354 ὲν
2707 5302 2787 5372 τῷ
2826 5301 3144 5370 ’Λλκοράνῳ
3194 5300 3366 5354 ἐστίν.
3399 5300 3551 5352 Ὦστ’
3591 5300 3694 5371 ἠδη
3731 5299 3800 5368 μὴ

2236 5390 2372 5450 εἶναι
2399 5396 2587 5466 χρείαν
2613 5394 2705 5448 τοῦ
2758 5394 3118 5461 Εὑαγγελίου.
3171 5393 3334 5447 Ἀλλὰ
3363 5392 3537 5447 ταῦτα
3571 5392 3798 5462 φανερὸν

2239 5491 2561 5559 περιέχουσι
2590 5487 2806 5557 ψεῦδος.
2834 5488 2911 5540 Οὐ
2930 5489 3040 5558 γὰρ
3065 5487 3290 5540 δυνατὸν
3315 5486 3498 5554 λέγειν
3528 5490 3665 5554 πρὸς
3688 5502 3804 5538 και-

2243 5583 2334 5653 ρὸν
2360 5580 2612 5640 δεδόσθαι
2647 5581 2709 5634 τὸ
2741 5579 3099 5648 Εὐαγγέλιον,
3133 5573 3246 5632 οἷον
3280 5579 3445 5649 μέχρι
3478 5578 3575 5632 τοῦ
3617 5578 3800 5633 Ἀλκο-

2241 5674 2427 5745 ράνουο
2467 5674 2558 5726 καὶ
2596 5674 2737 5744 μετὰ
2783 5670 2958 5730 ταῦτα
2993 5672 3054 5725 τὸ
3089 5673 3416 5744 Ἀλκοράνον
3463 5671 3598 5726 αὐτὸ
3633 5669 3803 5726 euu-

2239 5768 2433 5834 ξασθαι
2485 5769 2618 5839 πρὸς
2671 5767 2770 5840 τὴν
2823 5767 3104 5839 σωτηρίαν
3153 5766 3263 5820 τῶν
3298 5764 3619 5835 ἀνθρώπιον.
3669 5763 3800 5819 Αὐτὸ
