4134 6314
539 304 686 369 1163

1795 295 2165 361 DEMLTRH
2211 300 2488 360 CYDONI

3660 279 3802 358 usi

541 428 596 478 ei
654 424 854 500 irasci;
888 437 996 478 non
1034 421 1424 493 concupiscere
1478 435 1706 476 uxorem
1745 421 1940 489 ipsius,
2002 436 2108 474 non

2234 416 2293 490 ιὴ
2323 419 2599 483 κλέπτειν,
2640 418 2713 487 μὴ
2749 414 3055 488 λῃστεύειν,
3093 413 3228 484 μηδὲ
3260 413 3432 477 ἄλλως
3465 411 3671 466 θλίϐειν
3698 416 3794 466 καὶ

520 515 821 590 _ancillam,
862 531 969 570 non
999 511 1112 570 rem
1165 517 1325 570 aliam
1362 529 1746 584 quamcunque
1773 513 1826 566 in
1860 513 1964 567 hoc
2019 527 2115 565 sae-

548 609 693 664 culo.
733 607 799 662 Et
832 623 939 661 non
969 609 1144 661 solum
1195 609 1329 669 ha-c,
1367 608 1460 661 sed
1510 607 1671 662 etiam
1705 605 1848 676 quod
1887 605 2120 658 carnali-

550 697 652 748 bus
681 695 993 748 hominibus
1020 695 1240 749 videtur
1275 695 1642 764 impossibile,
1682 695 1909 766 diligere
1931 694 2118 748 inimi-

548 802 644 839 eos
694 787 1023 842 benefacere
1079 788 1415 857 odientibus,
1448 782 1610 842 orare
1642 804 1742 861 pro
1763 802 2119 856 persequen-

549 879 720 942 tibus,
750 888 806 933 et
853 880 1317 935 calumniantibus
1350 896 1470 934 nos.
1524 880 1589 934 Et
1653 889 1712 934 ut
1771 881 1836 932 ad
1892 880 2122 935 virtutes

551 971 862 1034 veniamus,
893 971 1008 1040 ipsa
1050 972 1360 1027 humilitate
1391 982 1445 1026 et
1471 972 1893 1026 mansuetudine
1925 988 2121 1040 super-

554 1060 701 1115 biam
734 1061 941 1131 dejicit,
968 1063 1301 1132 benignitate
1342 1063 1602 1118 invidiam
1636 1065 1826 1128 vincit,
1879 1064 2125 1134 magnifl-

550 1154 730 1206 centia
761 1163 814 1207 et
867 1152 1111 1223 largitate
1141 1155 1426 1208 avaritiam
1487 1166 1728 1224 superat,
1765 1155 2125 1222 temperantia

551 1251 609 1294 et
630 1241 928 1296 sobrietate
959 1243 1137 1314 gulam
1171 1244 1403 1313 mitigat,
1429 1245 1691 1312 patientia
1741 1244 1878 1296 iram
1914 1244 2123 1297 exstin-

551 1334 688 1402 guit,
745 1335 1120 1390 sollicitudine
1151 1347 1207 1390 et
1256 1335 1539 1404 diligentia
1574 1337 1819 1389 acediam
1876 1344 2123 1400 enervat,

555 1428 877 1483 castimcnia
922 1444 1050 1481 vero
1102 1441 1155 1483 et
1191 1430 1453 1498 pudicitia
1489 1445 1595 1484 non
1628 1431 1802 1485 solum
1853 1429 2124 1482 luxuriam

548 1528 606 1573 et
640 1533 857 1576 omnem
893 1523 1154 1590 impetum
1190 1521 1432 1576 libidinis
1478 1523 1739 1584 refrenat,
1771 1536 1962 1576 verum
1991 1519 2130 1572 mul—

555 1622 639 1666 tos
676 1621 731 1666 et
761 1612 1027 1682 plurimos
1053 1613 1217 1667 veluti
1246 1614 1393 1681 ipsos
1417 1614 1670 1670 caelestes
1694 1623 1747 1667 et
1774 1614 2129 1683 incorporeus

550 1701 774 1770 spiritus
794 1701 965 1755 reddit
985 1685 1344 1771 impassibiles
1368 1703 1615 1757 omnino.
1638 1703 1778 1770 Quid
1795 1704 1985 1772 plura?
2008 1704 2127 1772 Ipsa

2223 511 2577 579 στενοχωρεῖν
2608 508 2698 559 τὸν
2730 506 2958 577 πλησίον
2980 522 2992 533 ·
3050 504 3123 575 μὴ
3166 503 3636 573 ψευδομαρτυρεῖν
3663 504 3794 555 κατ’

2221 599 2407 663 αὐτοῦ,
2437 599 2533 652 καὶ
2573 598 2632 650 τὸ
2677 594 2862 656 πλέον,
2905 593 2979 664 μὴ
3029 590 3404 658 σκανδαλίζειν
3434 588 3615 656 αὑτὸν,
3652 587 3792 659 μηδὲ

2221 690 2540 760 ὀργίζεσθαι
2570 688 2718 757 αὐτῷ
2738 705 2752 720 ·
2781 687 2854 757 μὴ
2877 686 3166 756 ἐπιθυμεῖν
3191 684 3292 752 τῆς
3319 679 3793 750 γυναικὸςαῦτοῦ,

2227 783 2300 854 μὴ
2336 786 2435 850 τῆς
2467 781 2779 850 παιδίσκης,
2819 779 2892 848 μὴ
2915 777 3074 832 ἄλλου
3113 777 3439 846 πράγματος
3482 772 3668 825 ὁποίου
3698 772 3794 839 δή·

2225 892 2353 927 ποτε
2378 875 2436 927 ἐν
2453 873 2635 943 τούτῳ
2667 873 2746 942 τῷ
2779 872 2956 924 αίῶνι.
2992 871 3099 924 Καὶ
3141 870 3198 922 οὒ
3227 867 3399 921 ταῦτα
3432 868 3618 936 μόνον,
3659 864 3798 917 ἀλλά

2224 966 2318 1017 καὶ
2344 968 2480 1034 ὅπερ
2522 965 2634 1025 τοῖς
2667 964 2948 1029 σαρκικοῖς
2981 959 3293 1028 ἀνθρώποις
3326 958 3587 1010 ἀδύνατον
3627 955 3798 1013 δοκεῖ,

2232 1057 2451 1127 ἀγαπᾷν
2497 1056 2620 1115 τοὺς
2681 1053 2928 1124 ἐχθροὺς,
2978 1052 3289 1119 εὐεργετεῖν
3320 1048 3446 1111 τοὺς
3483 1043 3801 1116 μισοῦντας,

2226 1150 2482 1218 εῦχεσθαι
2511 1148 2652 1217 ὑπὲρ
2692 1147 2802 1200 τῶν
2834 1145 3140 1198 διωκόντων
3186 1144 3279 1196 καὶ
3319 1137 3803 1207 συκοφαντούντων

2227 1236 2394 1304 ἡμᾶς.
2439 1237 2546 1288 Καὶ
2575 1235 2663 1288 ἵνα
2711 1235 2848 1306 πρὸς
2890 1235 2987 1297 τὰς
3042 1232 3245 1301 ἀ-ρετάς
3289 1229 3554 1296 ἔλθωμεν,
3580 1227 3667 1279 διὰ
3703 1226 3833 1290 μὲν·

2227 1325 2326 1396 τῆς
2359 1324 2745 1387 ταπεινώσεως
2800 1323 2893 1376 καὶ
2939 1323 3241 1392 πραότητος
3275 1320 3375 1387 τὴν
3422 1317 3804 1385 ὑπερηφανίαν

2228 1416 2584 1486 ἀπορρίπτει,
2610 1416 2697 1468 διὰ
2725 1417 2824 1486 τῆς
2854 1411 3280 1483 εὐγνωμοσύνης
3313 1413 3404 1463 τὸν
3431 1409 3622 1478 φθόνον
3654 1406 3800 1475 νικᾷ·

2229 1507 2316 1560 διὰ
2368 1507 2470 1576 τῆς
2529 1506 3007 1576 μεγαλοπρεπείας
3056 1503 3150 1555 καὶ
3209 1498 3649 1571 ἐλευθεριότητος
3704 1495 3806 1562 τὴν

2231 1599 2596 1669 φιλαργυρίαν
2626 1597 2946 1666 ὑπερϐαίνει
2980 1611 2995 1627 ο
3027 1594 3124 1647 διὰ
3159 1591 3260 1662 τῆς
3307 1587 3663 1658 σωφροσύνης
3705 1585 3806 1637 καὶ

2234 1696 2568 1765 ἐγκρατείας
2621 1695 2720 1763 τὴν
2771 1688 3220 1772 γαστριμαργίαν
3276 1685 3532 1752 πραΰνει,
3567 1682 3658 1736 διά
3701 1679 3804 1747 τῆς

552 1793 961 1857 avertitvisum,
978 1810 1044 1849 ne
1064 1793 1239 1847 videat
1255 1794 1776 1858 vanitatem,’claudit
1799 1795 2038 1848 auditum
2059 1809 2124 1846 ne

2234 1787 2766 1863 μακροθυμίαςπὴν
2817 1784 2985 1855 ὀργὴν
3022 1780 3287 1847 σϐεννύει,
3326 1779 3414 1855 διὰ
3474 1776 3575 1846 τῆς
3631 1789 3804 1827 σπουο

552 1882 767 1938 inutilia
789 1895 843 1938 et
864 1885 1112 1937 scurrilia
1133 1885 1320 1937 audiat
1345 1901 1359 1950 ;
1380 1883 1629 1952 prohibet
1654 1893 1890 1951 gustum,
1928 1898 1995 1936 ne
2024 1883 2123 1936 illi-

549 1961 657 2030 cita
677 1977 1029 2045 concupiscat
1050 1993 1065 2042 ;
1087 1985 1352 2044 temperat
1367 1976 1675 2034 odoratum,
1693 1992 1760 2029 ne
1779 1975 1842 2029 ad
1865 1977 2055 2029 inanes
2071 1984 2125 2028 et

550 2066 864 2121 mortiferas
878 2067 1153 2121 dilabatur
1170 2067 1467 2121 suavitates
1493 2083 1508 2130 ;
1543 2065 1782 2119 refrenat
1809 2075 1862 2119 et
1886 2067 2122 2119 retrahit

551 2168 776 2219 tactum,
803 2174 870 2212 ne
893 2158 1164 2228 prohibita
1210 2173 1432 2228 quoquo
1461 2158 1621 2211 modo
1660 2166 1864 2226 tangat.
1899 2163 1992 2210 aut
2013 2172 2128 2208 am-

549 2250 1360 2320 pleCtatuersecogitationes
1401 2249 1714 2304 immundos
1753 2258 1960 2317 purgat,
1981 2247 2126 2307 dele-

549 2346 823 2398 etationes
847 2343 1040 2398 noxias
1060 2342 1226 2414 fugat,
1252 2357 1578 2398 consensum
1603 2342 1668 2395 ad
1697 2340 1882 2394 illicita
1902 2338 2128 2396 omnino

550 2433 826 2501 prohibet,
845 2433 1083 2504 linguam
1104 2422 1346 2498 cohibet,
1366 2448 1646 2490 sermones
1668 2431 1902 2498 ordinat,
1921 2445 2126 2497 mores,

553 2529 852 2597 componit,
869 2543 1030 2596 opera
1053 2527 1122 2580 diu
1141 2509 1256 2596 igit,
1284 2526 1484 2580 omissa
1503 2530 1623 2594 quae
1662 2523 1869 2594 agenda
1899 2532 2026 2578 sunt
2045 2538 2130 2578 re-

547 2625 783 2682 staurat,
799 2624 925 2670 etut
940 2631 1047 2669 uno
1059 2629 1317 2669 sermone
1353 2615 1533 2668 omnia
1551 2615 1997 2683 complectamur,
2011 2614 2128 2682 ipsa

553 2704 714 2762 docet
741 2707 912 2763 Deum
945 2708 1160 2771 timere,
1190 2717 1247 2762 et
1298 2707 1476 2775 ipsum
1538 2716 1653 2762 toto
1681 2707 1848 2762 corde
1877 2707 2126 2776 diligere,

547 2795 657 2862 ipsi
707 2795 1005 2859 adhaerere,
1055 2805 1111 2850 et
1149 2799 1218 2851 ab
1254 2793 1374 2866 ipso
1432 2813 1710 2866 nunquam
1771 2798 1825 2850 in
1863 2809 2129 2852 aeternum

541 2885 836 2955 separari:
891 2888 1036 2956 quod
1089 2899 1176 2942 est
1222 2905 1434 2943 summa
1483 2888 1736 2952 felicitas,
1775 2889 1833 2945 et
1865 2891 2127 2944 immensa

536 2977 894 3049 iucunditas,
925 2980 1016 3033 bic
1046 2979 1329 3044 inchoata,
1380 2989 1661 3051 utcunque
1711 2980 1974 3052 possibile
2035 2996 2132 3050 per

557 3072 820 3140 speciem,
847 3087 973 3142 quae
1003 3074 1221 3128 tandem
1279 3073 1332 3126 in
1364 3074 1468 3126 alia
1509 3076 1617 3126 vita
1671 3089 1767 3141 per
1802 3074 1877 3126 rei
1909 3073 2132 3127 eviden-

2224 1885 2322 1954 δῆς
2381 1885 2475 1938 καὶ
2535 1879 2853 1952 ἐπιμελείας
2913 1878 3009 1949 τὴν
3071 1877 3304 1946 ἀκηδίαν
3363 1868 3804 1943 ἐκνευρίζει,δια

2225 1977 2284 2031 δέ
2312 1977 2411 2046 τῆς
2442 1976 2662 2044 ἁγνείας
2697 1975 2792 2029 καὶ
2829 1970 3191 2047 σωφροσύνης
3222 1968 3285 2051 οὐ,
3317 1965 3479 2037 μόνον
3530 1961 3627 2031 τὴν
3673 1960 3803 2012 ἀκο-

2225 2070 2546 2123 λασίανικαὶ
2595 2071 2778 2123 πᾶσαν
2830 2067 3009 2136 ὁρμὴν
3059 2060 3354 2131 ἀσελγείας
3404 2057 3631 2129 χαλινοί.
3669 2053 3802 2106 ἀλλὰ

2229 2158 2322 2211 καὶ
2347 2157 2576 2220 πολλοὺς
2605 2156 2702 2209 καὶ
2730 2154 3018 2217 πλείστους
3057 2155 3251 2223 ὥσπερ
3284 2148 3423 2203 αὐτὰ
3467 2146 3536 2199 τὰ
3573 2143 3804 2214 οὐράνια

2225 2250 2328 2303 καὶ
2380 2249 2649 2319 ἀσώματα
2700 2251 3031 2317 πνεύματα,
3078 2231 3515 2310 ἀποκαθίστησιν
3573 2235 3805 2297 ἀπαθεῖς

2230 2341 2530 2406 παντελῶς.
2577 2341 2644 2395 Τί
2686 2341 2850 2396 πλέον
2870 2359 2892 2406 ;.
2929 2338 3100 2401 Αὐτὸς
3131 2335 3469 2407 ἀποστρέφει
3517 2334 3618 2401 τὴν
3659 2329 3803 2398 ὄψιν,

2232 2436 2316 2489 ἵνα
2346 2435 2420 2506 μὴ
2453 2434 2624 2506 βλέπῃ
2675 2433 3073 2503 ματαιότηταςο
3122 2427 3293 2481 κλείει
3338 2426 3438 2495 τὴν
3493 2423 3684 2493 ἀκοὴν,
3714 2423 3799 2474 ἵνα

2235 2527 2663 2601 μήτεςάνωφελῆ
2695 2527 2791 2580 καὶ
2824 2523 3036 2594 ἀκαιρῆ
3062 2523 3239 2596 ἀκούῃ
3261 2536 3274 2553 ·
3309 2518 3512 2574 κωλύει
3547 2517 3645 2588 τὴν
3675 2513 3806 2584 γεῦ-

2233 2640 2340 2687 σιν,
2390 2610 2479 2674 ἵνα
2538 2622 2613 2690 μὴ
2668 2619 2778 2674 τῶν
2817 2618 3095 2688 ἀθεμίτων
3146 2616 3390 2684 ἐπιθυμῇ
3410 2626 3429 2673 ,⁸
3487 2611 3654 2682 κιρνᾷ
3704 2607 3804 2678 τὴν

2231 2721 2528 2790 δσφρησιν,
2570 2718 2655 2772 ἵνα
2709 2717 2785 2788 μὴ
2835 2717 2916 2780 είς
2964 2713 3202 2785 ματαίας
3250 2713 3345 2765 καὶ
3389 2708 3805 2778 θανατηφόρους

2231 2796 2514 2885 ὀλισθαίνῃ
2545 2810 2817 2881 ἡδύτητας
2840 2822 2854 2837 ·
2882 2806 3094 2876 χαλινοῖ
3117 2806 3211 2859 καὶ
3239 2803 3494 2857 ἀνθέλκει
3518 2800 3618 2870 τὴν
3637 2797 3804 2867 ἁφὴν,

2234 2902 2321 2956 ῑνα
2357 2901 2433 2972 μὴ
2475 2900 2582 2975 τῶν
2625 2897 3023 2967 κεκωλυμένων
3050 2897 3200 2957 ὅπως
3227 2894 3426 2962 δήποτε
3460 2890 3724 2974 ἅπτηται,
3770 2887 3803 2956 ἢ

2232 2996 2372 3049 αὑτά
2403 2991 2823 3064 περιπλέκηται.
2867 2981 3037 3051 Οὗτος
3067 2988 3168 3050 τὰς
3200 2984 3545 3054 ἀκαθάρτους
3577 2981 3807 3059 ἐνθυμή-

2235 3107 2348 3153 σεις
2394 3083 2671 3160 καθαίρει,
2717 3078 2814 3144 τ’ἀς
2866 3080 3136 3151 βλαϐερὰς
3187 3077 3380 3159 ἡδονὰς
3434 3073 3654 3138 διώκει,
3705 3071 3806 3140 τὴν

556 3163 690 3215 tiam
730 3164 1092 3232 complebitur
1143 3174 1199 3218 et
1251 3165 1564 3234 perﬁcietur
1613 3180 1679 3218 ex
1735 3166 1968 3235 integro.
2005 3161 2129 3230 Qua:

2238 3182 2376 3250 πρὸς
2403 3184 2480 3235 ’τὰ
2515 3156 2757 3247 ἀθέμιτα
2793 3171 3203 3240 συγκατάθεσιν
3235 3157 3436 3222 κωλύει
3465 3166 3804 3224 παντάπασι,

554 3254 792 3308 felicitas
826 3267 882 3310 et
905 3257 1224 3326 jucunditas
1254 3267 1349 3311 est
1394 3257 1519 3310 linis
1575 3265 1631 3311 et
1684 3261 1952 3312 terminus
2006 3259 2128 3321 viae,

555 3360 655 3416 per
699 3363 862 3416 quam
891 3349 977 3404 lex
1004 3351 1318 3421 evangelica
1373 3364 1500 3406 suos
1532 3358 1834 3406 sectatores
1865 3351 2036 3418 ducit,
2079 3361 2134 3405 et

557 3443 772 3514 dirigit,
808 3448 973 3501 modo
1003 3459 1064 3502 ut
1096 3449 1302 3504 dictum
1336 3462 1442 3508 est.
1495 3451 1597 3519 Qui
1631 3452 1849 3521 quidem
1905 3451 2028 3509 ﬁnis
2078 3463 2134 3507 et

557 3537 850 3603 terminus,
877 3540 1023 3608 quod
1051 3540 1283 3594 salutem
1310 3551 1363 3596 et
1389 3542 1701 3599 felicitatem
1724 3544 1978 3608 dicimus,
2007 3545 2134 3599 licet

547 3629 701 3682 sicut
746 3633 1332 3702 incomprehensibilis,
1389 3634 1463 3691 ita
1516 3644 1572 3690 et
1602 3623 2004 3707 inexplicabilis
2035 3639 2130 3702 sit,

548 3720 776 3801 dicente
821 3721 960 3779 Isaia
1012 3728 1320 3797 pr0pheta:
1355 3747 1373 3780 ι
1404 3729 1608 3785 Oculus
1658 3747 1764 3785 non
1823 3730 1980 3798 vidit,
2032 3747 2133 3786 nec

558 3812 707 3866 auris
733 3814 962 3880 audivit,
987 3832 1085 3871 nec
1108 3819 1161 3871 in
1182 3834 1277 3873 cor
1305 3821 1547 3875 hominis
1583 3823 1852 3888 ascendit,
1881 3841 1899 3874 ι
1929 3803 2130 3877 bonum

556 3903 768 3958 scilicet
813 3907 957 3976 quod
1018 3908 1160 3965 Deus
1212 3913 1535 3982 praeparavit
1579 3910 1930 3984 diligentibus
1971 3929 2028 3970 se
2050 3916 2133 3982 ";

559 3995 924 4053 nihilominus
953 4009 1010 4053 ut
1045 4016 1145 4056 nos
1183 4005 1443 4059 mortales
1470 4019 1782 4074 possumus,
1830 4006 2035 4076 aliquid
2079 4018 2132 4062 et

560 4089 807 4144 breviter
833 4092 1083 4148 dicemus
1110 4095 1178 4149 de
1207 4095 1344 4163 ipso,
1381 4108 1441 4150 ut
1471 4113 1534 4151 ex
1562 4099 1677 4167 ipsa
1703 4082 1965 4153 aviditate
1991 4115 2132 4169 prte-

563 4181 680 4243 utii.
710 4184 879 4253 animi
915 4185 1084 4238 nostri
1132 4202 1240 4240 non
1282 4188 1619 4246 abhorreant
1677 4191 2133 4246 arduitatenriti-

563 4273 733 4329 neris.
770 4275 983 4331 Etenim
1034 4278 1264 4335 felicitas
1291 4297 1452 4350 quam
1513 4283 1598 4336 lex
1635 4283 1950 4354 evangelica
2002 4299 2132 4353 pro—

563 4367 731 4421 mittit
759 4367 1116 4434 CliriStianis,
1149 4376 1540 4440 non,consistit
1573 4376 1623 4428 in
1657 4376 2003 4444 possessimte
2037 4377 2133 4430 bo-

564 4475 758 4514 norum
785 4471 1150 4528 lerrenorum,
1187 4481 1296 4519 non
1329 4467 1380 4520 in
1438 4483 1534 4520 esu
1575 4470 1990 4538 onmigenarum
2018 4450 2134 4521 car-

567 4555 715 4607 nium
742 4554 1105 4621 etfructuum,
1134 4573 1239 4610 non
1274 4558 1328 4611 in
1355 4568 1482 4627 potu
1515 4559 1649 4625 viui,
1682 4559 1859 4614 mcllis
1887 4544 2132 4624 ctla’etis,

565 4661 674 4699 non
726 4648 777 4702 in
811 4649 1078 4702 suavitate
1105 4648 1321 4704 sonitus
1351 4666 1614 4720 aquarum
1647 4652 2010 4715 currentium,
2065 4653 2136 4706 ri-

564 4739 820 4793 vulorum
848 4741 1058 4796 scilicet
1090 4751 1143 4798 et
1175 4743 1428 4809 fontium,
1451 4746 1628 4799 nonin
1651 4748 1902 4817 amplexu
1927 4759 1978 4802 et
2005 4749 2134 4801 luxu

563 4834 768 4888 carnali
814 4835 1302 4908 pulcherrimarum
1346 4836 1635 4891 mulierum
1655 4848 1704 4889 et
1727 4839 2134 4909 virginnmmou

567 4926 861 4994 iucaeteris,
884 4926 950 4982 ad
970 4943 1089 4998 qua:
1108 4929 1339 4984 carnalis
1356 4928 1793 5000 concupiscentia
1817 4939 1867 4983 --t
1891 4915 2134 4985 mortalis

565 5015 1567 5093 f.vxinstigat,cujusmodiparadisum
1604 5025 1760 5078 vobis
1798 5033 1979 5078 vester
2015 5039 2137 5094 pro-

568 5112 726 5168 mittit
750 5114 1070 5169 Alcoranus.
1093 5114 1196 5170 Sed
1217 5115 1448 5171 felicitas
1471 5125 1652 5171 nostra
1673 5117 2136 5182 Christianorum,

567 5222 730 5276 quam
757 5209 923 5263 vitam
967 5217 1226 5262 :eternam
1276 5209 1530 5272 dicimus,
1583 5209 1834 5263 Consistit
1886 5210 2140 5265 substan-

569 5298 776 5354 tialiter
823 5301 1040 5369 quidem
1079 5311 1132 5356 et
1162 5302 1529 5356 cssentialiter
1553 5317 1648 5372 per
1695 5317 1772 5364 se,
1822 5314 1877 5356 et
1933 5303 2139 5372 absque

567 5406 901 5462 quocunque
931 5403 1119 5447 creato
1153 5393 1334 5448 medio
1370 5396 1422 5448 in
1461 5397 1675 5448 vLsione
1709 5395 1878 5464 ipsius
1939 5394 2139 5448 divitum

568 5486 818 5539 essentia:
849 5497 901 5540 et
931 5497 1160 5541 naturae.
1188 5481 1363 5541 Unde
1393 5489 1654 5542 Dominus
1684 5498 1870 5542 noster
1890 5490 1940 5541 in
1971 5488 2141 5540 Evan-

568 5579 709 5646 gelio
737 5578 805 5630 ait
837 5595 851 5631 :
891 5598 908 5630 ι
952 5579 1075 5633 llaec
1122 5591 1203 5635 cst
1231 5566 1341 5634 vita
1367 5587 1594 5644 mterna,
1630 5590 1688 5636 ut
1725 5591 2056 5652 cognoscant
2086 5590 2136 5636 tc

641 5765 686 5798 ⁸⁸
724 5768 828 5824 lsa.
865 5786 1006 5831 an',
1036 5773 1098 5833 4;
1134 5771 1150 5825 Ι
1180 5772 1304 5828 Cor.
1345 5788 1404 5831 tt.
1435 5773 1488 5828 9.

2234 3273 2332 3342 τὴν
2379 3270 2623 3338 γλῶτταν
2662 3251 2872 3337 ἐπέχει,
2922 3264 3050 3326 τοὺς
3093 3261 3285 3330 λόγους
3334 3260 3662 3348 τάττειητα
3703 3255 3809 3324 ἢθη

2238 3362 2541 3427 συντίθησι,
2565 3361 2632 3415 τά
2661 3359 2796 3429 ἔργα
2841 3354 3183 3420 κατευθύνει,
3243 3351 3313 3405 τὰ
3360 3351 3616 3423 πρακτέα
3644 3365 3808 3401 καταη

2234 3455 2530 3523 λειπόμενα
2558 3453 2886 3505 ἀνακτᾶται.
2929 3450 3036 3501 Καὶ
3069 3448 3159 3500 ἵνα
3204 3445 3286 3498 ἐνὶ
3316 3441 3670 3520 λόγῳπάντα
3715 3456 3809 3492 πε-

2237 3548 2572 3618 ριλάϐωμεν,
2603 3539 2757 3608 οὗτος
2799 3547 3042 3600 διδάσκει
3072 3543 3165 3597 τὸν
3212 3543 3350 3596 Θεὸν
3377 3539 3682 3609 φοϐεῖσθαι,
3712 3535 3808 3588 καὶ

2234 3639 2398 3694 αὐτὸν
2428 3640 2525 3710 ὅλῃ
2554 3641 2620 3709 τῇ
2658 3638 2855 3709 καρδίᾳ
2882 3637 3124 3706 ἀγαπᾷν,
3158 3634 3307 3704 αὐτῷ
3346 3629 3805 3706 προσκολλᾶσθαι,

2235 3729 2334 3785 καὶ
2355 3731 2449 3785 ἀπ’
2493 3729 2658 3785 αὑτοῦ
2696 3731 2966 3801 μηδέποτε
2993 3730 3073 3791 είς
3104 3729 3193 3781 τὸν
3219 3726 3395 3780 αἰῶνα
3435 3722 3766 3796 χωρίζεσθαι
3788 3735 3803 3749 ο

2234 3824 2318 3877 ὅτι
2374 3824 2522 3874 ἐστὶν
2588 3816 2734 3890 ἄκρα
2790 3818 3136 3890 εὐδαιμονία,
3190 3819 3283 3872 καὶ
3327 3817 3578 3886 ,ἄμετρος
3623 3813 3804 3885 ἡδονὴ,

2236 3917 2474 3970 ἐνταῦθα
2501 3915 2779 3986 ἀρχομένη
2828 3914 2918 3966 διά
2969 3916 3207 3978 ἐλπίδος,
3247 3916 3323 3976 ὡς
3370 3911 3598 3964 δυνατόν
3638 3909 3809 3966 ἐστινΤ

2237 4014 2332 4065 καὶ
2374 4013 2612 4080 ὕστερον·
2657 4013 2716 4063 ἐν
2772 4011 2847 4081 τῷ
2900 4008 3040 4075 ἄλλῳ
3104 4010 3202 4079 βίῳ
3255 4010 3318 4078 τῇ
3378 4003 3684 4074 φανερώσει
3711 3998 3802 4051 τοῦ

2239 4104 2562 4173 πράγματος
2588 4101 3062 4172 τε’).ειωθησομένη
3095 4101 3186 4152 καὶ
3224 4097 3806 4170 συμπληρωθησομένη

2238 4200 2293 4264 ἐξ
2340 4197 2621 4267 ἀκεραίου.
2656 4197 2809 4259 "Hm;
2866 4184 2960 4264 δη
2998 4193 3314 4262 εὐδαιμονία
3357 4195 3451 4257 καὶ
3499 4189 3660 4259 ἠδονὴ
3695 4191 3809 4241 ἐστι

2235 4289 2383 4351 τέλος
2417 4290 2506 4339 καί
2531 4288 2656 4356 ὅρος
2689 4288 2787 4354 τῆς
2821 4284 2966 4350 ὁδοῦ,
3010 4283 3078 4337 δι’
3105 4278 3173 4354 ἧς
3206 4283 3236 4336 ὁ
3267 4279 3624 4349 εὐαγγελικὸς
3652 4277 3808 4342 νόμος

2237 4379 2362 4442 τοὺς
2393 4378 2722 4440 ἀκολούθους
2748 4375 2914 4429 αὐτοῦ
2947 4376 3068 4443 ἄγει
3099 4374 3193 4427 καὶ
3221 4371 3563 4434 κατευθύνει,
3599 4366 3720 4420 καθ’
3748 4357 3809 4418 ού

2242 4472 2457 4541 εἴρηται
2490 4471 2714 4541 τρόπου.
2749 4470 2812 4522 Ὃ
2841 4469 2903 4541 δὴ
2929 4468 3080 4531 τέλος
3113 4469 3208 4521 καὶ
3239 4466 3432 4537 πέρας,
3472 4464 3500 4516 ὃ
3533 4460 3808 4532 σωτηρίαν

2245 4566 2337 4619 καὶ
2366 4564 2710 4633 εὐδαιμονίαν
2762 4565 3012 4634 λέγομεν,
3062 4563 3109 4613 εί
3159 4562 3252 4614 καὶ
3297 4559 3489 4627 ὥσπερ
3533 4555 3810 4625 ἀκατάλη·

2243 4635 2395 4722 πῖον,
2429 4657 2570 4712 οὕτω
2613 4657 2704 4710 καὶ
2741 4653 3190 4727 ἀπροσπέλαστόν
3241 4654 3379 4720 ἐστι,
3438 4653 3687 4721 λέγοντος
3718 4649 3809 4701 τοῦ

2246 4750 2527 4820 προφήτου
2569 4747 2820 4809 Ἡσαΐου,
2846 4767 2861 4797 ι
2893 4744 3202 4814 Ὀφθαλμὸς
3235 4745 3333 4797 οὐκ
3373 4739 3534 4806 εἶδεν,
3572 4741 3692 4794 οὐδὲ
3724 4736 3812 4802 οὖς

2244 4844 2500 4913 ἤκουσεν,
2536 4841 2659 4895 οὐδὲ
2711 4823 2801 4893 ἐπὶ
2848 4840 3077 4908 καρδίαν
3116 4837 3407 4908 ἀνθρώπου
3462 4835 3654 4906 ἀνέϐη,
3696 4854 3715 4886 ι
3752 4835 3810 4886 τὸ

2245 4930 2446 5000 ἀγαθὸν
2477 4930 2714 5000 δηλονότι
2746 4931 2772 4982 ὃ
2817 4929 2844 4980 ὁ
2876 4930 3006 4992 Θεὸς
3045 4928 3309 4998 ἡτοίμασε
3345 4930 3475 4992 ⁴τοῖς
3527 4927 3811 4994 ἀγαπῶσιν

2245 5026 2440 5077 αὐτόν·
2503 5025 2652 5093 ὅμως
2703 5021 2841 5075 καθὸ
2899 5020 3085 5092 θνητοῖ⁸
3140 5022 3324 5090 ἡμεῖς,
3385 5019 3529 5073 κατά
3588 5020 3812 5086 δύναμιν

2247 5118 2479 5189 ἐροῦμέν
2511 5135 2563 5172 τι
2609 5117 2736 5183 περὶ
2767 5114 2954 5183 αὐτοῦ,
3008 5116 3102 5168 καὶ
3149 5113 3419 5184 βραχέως,
3473 5113 3560 5167 ἵνα
3611 5115 3674 5165 ἐκ
3718 5113 3811 5179 τῆς

2248 5212 2546 5281 ἐπιθυμίας
2580 5211 2671 5264 τοῦ
2709 5210 2894 5276 ἄθλου,
2953 5209 3026 5280 μὴ
3073 5210 3528 5278 ἀποστρέφωνται
3563 5210 3618 5261 αἱ
3647 5206 3810 5277 ψυχαὶ

2245 5306 2400 5374 ἡμῶν
2431 5306 2491 5357 τὸ
2527 5304 2754 5374 μέγεθος
2788 5303 2884 5372 τῆς
2931 5301 3074 5356 ὀδοῦ.
3119 5301 3224 5352 Καὶ
3257 5287 3429 5370 γάρῖὴ
3478 5299 3808 5368 εὐδαιμονία,

2244 5399 2310 5468 ἣν
2337 5401 2363 5451 ὁ
2398 5395 2750 5464 εὐαγγελικὸς
2803 5394 2965 5461 νόμος
3013 5394 3354 5463 ὑπισχνεῖται
3385 5394 3497 5454 τοῖς
3549 5392 3808 5460 Χριστια-

2242 5493 2375 5553 νςίς,
2405 5491 2465 5542 οὐ
2505 5488 2818 5541 συνίσταται
2861 5488 2918 5538 ἐν
2959 5487 3152 5554 κτήσει
3186 5486 3388 5555 γηΐνων
3420 5481 3662 5553 ἀγαθῶν,
3715 5481 3809 5533 οὐκ

2244 5587 2300 5637 ἐν
2342 5587 2512 5656 τροφῇ
2567 5579 2926 5635 παντοδαπῶν
2965 5579 3204 5648 σαρκῶν,
3256 5578 3431 5649 ἤγουν
3481 5575 3671 5648 κρεῶν,
3718 5575 3809 5628 καὶ
