4134 6314
489 356 620 418 1227

1020 356 1313 418 MAXIMI
1355 357 1941 422 CHRYSOBERG/E
2004 361 2102 422 DE
2145 357 2669 424 PROCESSIONE
2713 360 2770 422 S.
2815 359 3202 421 SPIRITUS.

3613 361 3634 424 1
3646 360 3756 427 228

481 470 688 534 coisse,
723 481 907 539 neque
941 476 1232 538 propterea
1271 482 1497 536 prorsus
1539 467 1786 537 ejusdem
1820 467 2061 537 Spiritus

2166 465 2534 534 διδάσκοντος,
2561 467 2621 519 οὐ
2647 466 2735 520 διὰ
2770 465 2966 520 τούτου
3004 467 3220 531 πάντως
3246 466 3339 522 τοῦ
3371 468 3538 523 αὑτοῦ
3571 469 3750 524 Πνεῦ-

481 564 726 620 datorem
792 561 1012 618 Patrem
1069 576 1318 628 negasse,
1371 576 1398 614 a
1455 575 1564 631 quo
1619 561 1756 616 Filio
1807 560 2060 632 provenit

482 658 613 712 dare
663 654 956 725 Spiritum,
1012 655 1108 710 sed
1157 664 1212 708 ul
1257 655 1463 708 clarum
1513 654 1752 724 Spiritus
1799 671 1864 709 ex
1922 653 2060 710 Filio

483 765 833 823 progressum
886 749 1242 821 signiﬁcaret.
1305 764 1430 802 cum
1466 747 1630 802 detur
1675 747 1766 802 ille
1825 748 1893 802 ab
1941 748 2058 819 ipso

484 845 563 898 uti
612 842 887 916 proprius,
924 857 1021 913 per
1054 856 1215 911 quem
1269 850 1325 896 et
1363 841 1576 895 beatam
1612 838 1868 896 deitatem
1909 854 2060 895 com-

484 938 619 1008 plet,
672 948 732 992 ut
781 936 1014 1006 sapienti
1055 933 1252 988 Basilio
1305 934 1539 989 videtur.
1581 933 1784 988 Eadem
1840 948 2060 1004 quoque

486 1030 700 1084 ratione
752 1026 965 1081 Patrem
1000 1026 1089 1079 alii
1133 1026 1493 1095 pronuntiant
1543 1024 1712 1078 solum
1749 1027 1944 1096 fontem
1971 1042 2060 1080 su-

484 1120 880 1192 peressentialis
905 1119 1148 1182 Deitatis,
1191 1134 1298 1171 non
1329 1124 1592 1188 negantes
1625 1115 1819 1171 Filium
1852 1109 2058 1171 fontem

486 1213 605 1272 esse
642 1213 892 1269 Deitatis.
945 1212 1119 1266 Absit.
1180 1209 1361 1264 Palam
1416 1209 1462 1264 si
1510 1210 1726 1279 quidem
1760 1207 2061 1286 et_divinus

486 1306 820 1360 Athanasius
859 1324 872 1358 :
905 1307 1032 1357 Jam
1092 1303 1225 1356 dixit
1289 1303 1456 1356 David
1504 1303 1646 1369 apud
1682 1300 1900 1355 Patrem
1947 1317 2060 1355 esse

486 1397 688 1452 Filium
721 1400 915 1470 fontem
969 1395 1202 1464 Spiritus
1241 1394 1433 1447 sancti.
1469 1391 1522 1447 ld
1554 1393 1598 1446 si
1645 1392 1916 1461 quispiam
1949 1406 2060 1448 non

485 1489 842 1548 ('ODCCSSCPil,
878 1500 1104 1541 necesse
1132 1494 1217 1540 851
1246 1485 1461 1539 Patrem
1495 1481 1668 1538 solum
1700 1481 1906 1536 fontem
1938 1495 2062 1536 esse

485 1581 813 1646 divinitatis,
847 1577 1045 1633 Filium
1084 1593 1212 1632 vero
1252 1576 1457 1631 fontem
1503 1575 1740 1646 Spiritus
1773 1575 1972 1640 sancti,
2005 1582 2061 1630 et

485 1689 595 1728 non
640 1673 946 1728 divinitatis
985 1688 1000 1726 :
1035 1686 1207 1742 quare
1258 1670 1435 1725 nudus
1489 1668 1956 1724 divinitatisesse
1993 1681 2059 1720 ex

477 1782 551 1821 eo
575 1767 933 1837 progrediens
965 1764 1201 1834 Spiritus
1228 1763 1658 1826 existimaretur,
1689 1761 1833 1831 quod
1865 1760 2060 1830 impie-

484 1870 653 1926 tatem
707 1874 930 1914 omnem
984 1866 1282 1928 exsuperat
1331 1872 1349 1912 :

473 1953 690 2008 fontem
742 1967 862 2006 esse
898 1951 1118 2006 deitatis
1167 1947 1387 2017 Filium,
1427 1947 1520 2002 sed
1574 1963 1682 2002 non
1738 1946 1931 2004 similis
1984 1946 2059 2001 illi

483 2064 601 2115 quae
631 2062 698 2102 ex
729 2045 885 2100 Patre
917 2044 1286 2116 progreditur,
1316 2042 1456 2098 adeo
1478 2050 1536 2096 ut
1565 2039 2064 2096 discriinen'deita-

483 2152 601 2198 tum
662 2140 1047 2208 conﬁngatur:
1084 2148 1138 2192 et
1193 2135 1335 2192 banc
1365 2136 1584 2206 quidem
1643 2134 1698 2188 in
1756 2131 2059 2204 hypostasi,

483 2233 633 2287 illam
689 2233 896 2302 absque
968 2229 1286 2302 bypostasi,‘
1320 2239 1376 2284 et
1423 2228 1564 2283 hanc
1617 2241 1743 2281 cum
1795 2215 2060 2290 essentia,

483 2325 635 2382 illam
675 2326 882 2395 absque
919 2309 1182 2387 essentia,
1215 2324 1361 2394 quod
1392 2329 1448 2377 et
1496 2319 1814 2376 Graecorum
1863 2317 2061 2373 fabulis

485 2419 657 2474 multo
687 2415 1093 2473 monstruosius
1126 2422 1248 2484 est;
1304 2423 1362 2469 et
1420 2412 1804 2473 nihilominus,
1839 2426 1873 2466 ο
1930 2409 2058 2474 viri,

486 2504 725 2574 Spiritus
775 2505 953 2560 sancti
999 2518 1202 2559 nomen
1260 2503 1400 2557 nulli
1461 2501 1553 2557 alii
1597 2500 1842 2569 adaptari
1896 2514 2059 2570 quam

485 2599 663 2656 tertiae
718 2599 772 2654 in
829 2597 1094 2653 Trinitate
1143 2609 1393 2667 personae
1424 2634 1439 2660 ,
1490 2609 1611 2664 quae
1679 2601 1732 2646 et
1767 2590 1973 2647 effundi
2029 2605 2061 2646 a

481 2689 646 2746 Patre
670 2701 725 2746 et
755 2687 922 2756 Filio,
962 2697 1020 2745 et
1070 2686 1411 2759 suppeditari
1465 2694 1523 2741 et
1573 2684 1744 2751 mitti,
1781 2700 1830 2738 a.
1857 2684 2062 2739 sanctis

483 2785 737 2843 Patribus
783 2775 1100 2842 edocemur.
1166 2783 1383 2838 Primus
1435 2782 1584 2837 enim
1630 2788 1758 2857 ante
1787 2779 1925 2834 alios
1953 2779 2060 2851 Cy-

482 2879 642 2934 rillus
675 2897 689 2934 :
717 2878 864 2934 Licet
903 2878 971 2934 sit
1006 2879 1059 2934 in
1094 2878 1364 2949 hypostasi
1403 2877 1618 2948 prapria
1651 2874 1886 2944 Spiritus
1936 2889 2064 2928 san-

479 2985 754 3043 ctumque
779 2971 1012 3038 Spiritus
1067 2981 1164 3036 est,
1219 2981 1267 3026 et
1317 2988 1420 3025 non
1474 2968 1668 3032 Filius,
1701 2976 2064 3023 uerumtamen

485 3081 589 3120 non
614 3080 687 3120 est
717 3066 804 3119 illi
854 3067 1060 3120 alienus
1094 3081 1114 3119 :
1149 3063 1384 3134 Spiritus
1422 3065 1556 3118 enim
1582 3062 1823 3117 veritatis
1863 3075 2065 3115 nuncu-

483 3170 643 3229 patus
677 3171 776 3222 est,
811 3169 860 3215 et
910 3166 985 3214 est
1033 3157 1275 3214 Christus
1305 3159 1520 3218 veritas,
1569 3164 1619 3210 et
1666 3151 1956 3225 eﬁ'unditur
1996 3153 2061 3206 ab

479 3256 616 3324 ipso,
647 3252 1087 3323 quemadmodum
1123 3267 1186 3305 ea:
1225 3250 1330 3305 Deo
1359 3262 1406 3304 et
1439 3248 1623 3304 Patre.
1650 3247 2058 3320 Supramodum

485 3351 650 3411 bene,
681 3344 753 3399 mi
785 3344 1007 3414 Cyrille,
1057 3343 1150 3412 qui
1195 3357 1299 3397 nos
1340 3359 1368 3394 a
1411 3342 1658 3397 molestia
1708 3340 1974 3402 liberasti,
2005 3339 2059 3394 in

487 3439 764 3508 hypostasi
795 3433 1014 3507 prdpria
1051 3435 1405 3490 exsistentem
1427 3433 1692 3500 Spiritum
1719 3442 1966 3488 sanctum
1994 3447 2063 3487 ex

477 3531 621 3587 Filio
642 3531 732 3584 Dei
756 3529 965 3585 ell'undi
994 3529 1185 3584 eodem
1218 3543 1326 3598 quo
1345 3535 1401 3581 et
1425 3541 1452 3580 a
1473 3525 1632 3581 Patre
1653 3527 1810 3580 modo
1835 3525 2058 3589 docens,

484 3630 689 3696 quique
720 3629 772 3679 in
805 3626 928 3681 aliis
955 3625 1062 3680 tuis
1094 3623 1445 3679 sermonibus
1472 3622 1659 3696 egredi
1689 3620 1957 3693 Spiritum
1988 3637 2057 3676 ex

483 3722 624 3776 Filio
657 3721 732 3774 uti
774 3735 840 3774 ex
872 3719 982 3773 Deo
1012 3717 1170 3772 Patre
1196 3714 1437 3772 Verbum
1468 3716 1625 3785 dicis,
1652 3727 1707 3772 et
1739 3732 1808 3772 ex
1844 3717 2062 3787 propria

482 3813 641 3870 nobis
692 3813 835 3869 illius
888 3820 1084 3868 natura
1121 3811 1264 3866 mitti
1316 3811 1593 3866 decernis.
1652 3810 1760 3864 Sed
1813 3806 2060 3864 divinum

481 3921 700 3978 quoque
734 3907 1117 3968 Athanasium,
1149 3906 1190 3960 si
1236 3907 1439 3976 placet,
1464 3920 1534 3959 ne
1578 3913 1989 3973 praetereamus,
2029 3918 2062 3955 ο

483 4004 610 4067 viri,
643 4001 738 4073 qui
774 4002 963 4057 scribit
999 4000 1167 4056 :Cum
1222 4017 1354 4054 unus
1386 4001 1452 4053 sit
1484 3998 1675 4060 Filius,
1721 4000 1893 4052 vivens
1936 3997 2062 4050 Ver-

479 4099 628 4159 bum,
686 4112 851 4150 unam
913 4103 1117 4163 oportet
1155 4110 1263 4148 esse
1296 4093 1724 4146 illuminatricem
1764 4101 1811 4145 et
1866 4091 2064 4145 sancti-

481 4193 770 4264 ﬁcatricem
797 4194 978 4255 vitam,
1008 4208 1124 4263 qua
1159 4192 1323 4260 ipsius
1352 4191 1420 4242 sit
1471 4189 1706 4254 Operatio
1748 4197 1794 4241 et
1843 4188 2060 4251 donum,

482 4302 599 4356 qua:
628 4303 691 4339 ex
726 4283 888 4338 Patre
936 4284 1130 4337 dicitur
1185 4282 1486 4350 procedere,
1530 4285 1741 4349 quando
1786 4281 1947 4333 etiam
1997 4294 2062 4333 ea:

489 4378 676 4443 Verbo,
706 4378 843 4446 quod
871 4394 934 4431 ea:
961 4375 1127 4429 Patre
1158 4375 1433 4436 asserilur,
1459 4377 1626 4426 elucet
1670 4383 1718 4425 et
1756 4372 1988 4426 mittitur
2013 4382 2060 4426 et

479 4471 668 4524 datur.
689 4469 864 4534 Quam
895 4466 1100 4531 divine,
1135 4484 1166 4521 ο
1195 4467 1320 4530 viri,
1350 4465 1738 4520 nonnullorum
1767 4480 2061 4535 argumen-

2169 559 2606 630 ματοςχορηγὸν
2634 557 2728 611 τὸν
2763 558 2987 629 Πατέρα.
3014 574 3078 626 γε
3109 559 3468 628 ἀρνουμένου,
3509 561 3642 632 παρ’
3686 559 3751 614 οῦ

2162 653 2190 705 ὁ
2207 651 2336 713 Υἱὸς
2362 651 2423 708 τὸ
2449 650 2652 704 διδόναι
2683 651 2743 703 τὸ
2767 649 2994 721 Πνεῦμα
3017 649 3201 722 [tm],
3223 651 3341 704 ἀλλ’
3371 653 3457 706 ἵνα
3488 655 3592 724 τὴν
3619 654 3757 709 εἰλι-

2165 742 2325 814 κρινῆ
2345 743 2497 813 παρὰ
2521 742 2612 796 τοῦ
2634 741 2765 796 Υίοῦ
2790 742 3022 813 πρόοδον
3042 739 3136 796 τοῦ
3158 742 3300 795 Πνεύ
3310 760 3482 812 ματος
3500 746 3753 817 σημάνῃ,

2161 836 2441 906 διδομένου
2473 835 2607 907 παρ’
2633 834 2800 890 αὑτοῦ
2832 837 2909 901 ὡς
2939 836 3168 900 οἰκείου,
3201 836 3269 890 δι’
3293 835 3354 890 οῦ
3382 838 3478 891 καὶ
3509 840 3610 909 τὴν
3645 859 3755 911 μα-

2165 931 2363 1000 καρίαν
2397 929 2630 1000 θεότητα
2665 929 2957 1000 ἐκπληροῖ,
2987 929 3062 994 ὡς
3101 930 3250 983 δοκεῖ
3279 929 3358 1001 τῷ
3399 931 3550 1002 σοφῷ
3583 921 3783 986 Βισιο’

2162 1015 2312 1091 λείῳ.
2350 1022 2453 1077 Τὸν
2502 1023 2666 1079 αὐτὸν
2701 1023 2757 1076 δὲ
2808 1024 3016 1094 τρόπον
3050 1005 3148 1078 im
3199 1025 3293 1077 τὸν
3347 1026 3563 1095 Πατέρα
3597 1027 3754 1081 ἄλλοι

2163 1115 2476 1185 θεολογοῦσι
2505 1118 2711 1188 μόνην
2741 1117 2948 1187 πηγὴν
2981 1117 3096 1185 τῆς
3133 1119 3509 1188 ὑπερουσίου
3546 1121 3755 1190 Beden-

2162 1227 2285 1275 τος,
2317 1210 2417 1263 οὐκ
2442 1208 2772 1280 ἀρνούμενοι
2802 1207 2896 1264 τδν
2928 1211 3057 1270 Υἰδν
3091 1211 3275 1281 πηγὴν
3305 1207 3444 1267 εἶναι
3470 1213 3748 1283 θεότητος,

2162 1305 2366 1371 ἄπαγε.
2410 1303 2606 1373 Σαφῶς
2635 1307 2745 1374 γὰρ
2794 1305 2888 1358 καὶ
2935 1307 2963 1359 ὁ
3017 1306 3164 1377 ἱερὸς
3204 1305 3553 1369 ’Δθανάσιοςο
3591 1309 3750 1376 ’Ἤδη

2163 1393 2278 1463 ἔφη
2330 1411 2395 1463 γε
2425 1396 2458 1448 ό
2493 1395 2678 1450 Δαυτδ
2725 1395 2887 1465 παρὰ
2919 1393 3000 1460 τῷ
3050 1397 3235 1464 Harp!
3275 1397 3422 1450 ὄντα
3457 1397 3566 1450 τὸν
3611 1399 3754 1452 Υίὸν

2164 1485 2279 1553 τὴν
2307 1473 2514 1556 πηγὴν
2564 1487 2672 1542 τοῦ
2721 1488 2898 1559 ἁγίου
2956 1491 3329 1559 Πνεύματος.
3379 1491 3440 1544 El
3499 1491 3610 1562 γὰρ
3670 1492 3749 1563 μὴ

2164 1579 2326 1634 τοῦτο
2358 1572 2709 1652 συγχωρήσει
2756 1571 2863 1647 τις,
2916 1583 3244 1653 συμϐαίνειν
3281 1585 3498 1656 ἀνάγκη
3525 1586 3618 1639 τὸν
3649 1587 3750 1656 μὲν

2170 1662 2391 1744 Πατέρα
2441 1674 2627 1745 πηγὴν
2675 1673 2941 1746 θεότητος
2999 1667 3162 1743 μόνον
3196 1673 3480 1742 εἷναι,τδν
3530 1677 3586 1731 δέ
3616 1679 3752 1731 Υἰὸν

2165 1768 2351 1839 πηγὴν
2381 1769 2480 1838 μὲν
2509 1768 2602 1822 τοῦ
2633 1752 2798 1836 ἁγίου
2818 1767 3157 1836 Πνεύματος,
3187 1770 3328 1841 πλὴν
3362 1771 3424 1823 οὐ
3455 1770 3741 1842 θεότητος·

1411 1857 1528 1911 sive
1583 1857 1887 1910 secundum
1936 1854 2060 1920 hoc,

2167 1860 2308 1914 ὥστε
2340 1862 2550 1930 γυμνὸν
2581 1861 2837 1932 θεότητος
2871 1862 2931 1915 τὸ
2961 1862 3021 1926 ἐξ
3053 1863 3265 1916 ἐκείνου
3299 1864 3490 1934 προϊὸν
3523 1864 3751 1935 Πνεῦμα

2164 1955 2505 2024 νομίζεσθαι,
2538 1953 2567 2008 δ
2597 1955 2787 2028 πόρρω
2819 1956 3002 2026 πάσης
3058 1955 3403 2028 καθέστηκεν
3437 1957 3748 2020 εὐσεὸείας.

2166 2048 2320 2118 Ἣητό
2348 2064 2410 2116 γε
2439 2047 2696 2120 δεύτερον
2725 2034 3126 2120 θεότητος”μὲν
3159 2051 3345 2120 πηγὴν
3379 2049 3631 2104 τίθεσθαι
3657 2051 3752 2103 τὸν

2171 2123 2318 2206 Υἱδν,
2358 2141 2499 2210 πλὴν
2526 2141 2625 2212 οὐχ
2674 2141 2867 2212 ὁμοίας
2893 2143 2995 2212 τῆς
3029 2145 3098 2196 ἐκ
3142 2142 3237 2197 τοῦ
3271 2144 3486 2214 Πατρδς
3522 2143 3750 2214 προῖοὺ-

2166 2249 2286 2303 σης,
2316 2233 2459 2287 ὥστε
2495 2237 2588 2288 καὶ
2616 2235 2890 2306 θεοτήτων
2923 2235 3189 2306 διαφορὰν
3217 2237 3498 2300 πλάττειν,
3527 2237 3623 2291 καὶ
3651 2236 3753 2307 τὴν

2164 2325 2267 2392 μὲν
2310 2326 2701 2390 ἐνυπόστατον,
2731 2325 2831 2398 τὴν
2857 2325 2912 2380 δέ
2952 2328 3352 2395 ἀνυπόστατον,
3381 2329 3474 2383 καὶ
3510 2329 3611 2395 τὴν
3650 2333 3752 2400 μὲν

2163 2416 2432 2484 ἐνούσιον,
2455 2417 2554 2490 τὴν
2590 2418 2648 2472 δὲ
2677 2419 2959 2488 ἀνούσιον,
2995 2421 3023 2475 ὃ
3055 2422 3149 2474 καὶ
3180 2421 3281 2486 τῆς
3319 2423 3610 2495 summa;
3649 2427 3748 2478 πέ-

2163 2527 2302 2579 φυκε
2331 2511 2801 2583 τερατωδέστερον
2839 2513 3194 2582 μυθολογίας.
3221 2514 3416 2569 Καίτοι
3454 2535 3540 2586 γε,
3574 2511 3619 2573 ὦ
3661 2521 3754 2574 ἄν-

2162 2602 2307 2672 δρες,
2338 2602 2398 2656 τὸ
2432 2602 2528 2656 τοῦ
2559 2602 2718 2674 ἁγίου
2751 2602 3071 2676 Πνεῦματος
3101 2607 3275 2679 ὄνομα
3332 2609 3528 2680 μηδενὶ
3577 2612 3751 2682 ἐτέρῳ

2163 2693 2431 2765 ἁρμόζειν
2457 2694 2824 2766 διδασκόμεθα
2853 2698 2961 2752 ὑπὸ
3008 2699 3121 2754 τῶν
3173 2701 3370 2769 ἁγίων,
3398 2702 3429 2773 ἦ
3465 2702 3545 2772 τῷ
3576 2705 3748 2776 τρίτῳ

2164 2786 2444 2857 προσώπῳ
2479 2787 2538 2840 ἐν
2570 2790 2636 2860 τῇ
2667 2788 2884 2856 Τριὰδι,
2921 2788 2949 2842 δ
2976 2789 3043 2859 δὴ
3076 2791 3174 2844 καὶ
3205 2793 3492 2863 ἐκχεῐσθαι
3528 2793 3748 2862 λέγεται

2163 2876 2318 2948 παρὰ
2343 2877 2555 2950 Πατρὺς
2587 2879 2685 2934 καὶ
2735 2879 2889 2949 Υίοῦ,
2924 2883 3018 2950 καὶ
3062 2885 3441 2954 χορηγεῖσθαι,
3474 2886 3571 2942 καὶ
3605 2889 3751 2960 πέμέ

2166 2969 2385 3025 πεσθαι.
2412 2971 2595 3036 Εὐθὺς
2620 2972 2726 3045 γὰρ
2752 2975 2782 3026 ὁ
2813 2974 2958 3046 lego;
2990 2974 3261 3045 Κύριλλος
3283 2994 3298 3009 ’
3335 2979 3405 3032 El
3439 2979 3541 3032 καὶ
3575 2978 3750 3033 ἐστιν

2165 3060 2236 3116 ἐν
2261 3063 2602 3119 ὑποστάσει
2637 3063 2802 3134 ιδικῇ
2850 3068 2924 3119 τὸ.
2953 3067 3198 3138 Πνεῦμα
3246 3068 3315 3123 τὸ
3357 3069 3554 3141 ἅγιον,
3599 3073 3757 3128 καθὸ.

2167 3153 2413 3227 Πνεῦμα
2437 3157 2596 3222 ἐστὶ,
2625 3159 2725 3213 καὶ
2759 3159 2875 3227 οὐχ
2907 3161 3063 3227 Υίὸς,
3101 3161 3242 3216 ἀλλ’
3267 3165 3381 3218 οὐκ
3429 3165 3608 3220 ἐστιν
3649 3167 3750 3221 ἀλ·

2165 3250 2410 3317 λότριον
2432 3250 2643 3306 αὐτοῦ.
2665 3251 2910 3329 Πνεῦμα
2934 3253 3043 3322 γὰρ
3068 3254 3355 3323 ἀληθείας
3378 3256 3744 3328 ὠνόμασται,

2164 3342 2265 3396 καὶ
2301 3344 2431 3397 ἐστι
2462 3345 2719 3412 Χριστὸς
2749 3346 2784 3414 ἡ
2816 3342 3071 3411 ἀλήθεια
3118 3349 3216 3402 καὶ
3269 3350 3578 3420 προχεῖται
3611 3353 3744 3419 παρ’

2165 3437 2373 3503 αὑτοῦ,
2405 3439 2673 3510 καθάπερ
2702 3442 2910 3512 ἀμέλει
2941 3443 3040 3496 καί
3071 3443 3140 3496 ἐκ
3177 3445 3283 3498 τοῦ
3320 3445 3469 3499 Θεοῦ
3504 3447 3604 3499 καί
3631 3450 3747 3500 Πα-

2166 3531 2328 3600 τρός.
2348 3532 2483 3586 ’Υπέ
2495 3550 2682 3605 ρευγε,
2709 3532 2971 3606 Κύριλλε,
2997 3537 3067 3600 ὡς
3095 3538 3414 3607 ἀπήλλαξσς
3437 3539 3586 3608 ἡμᾶς
3610 3556 3748 3608 πρα-

2166 3624 2418 3693 γμάτων,
2441 3626 2503 3677 τὸ
2537 3629 2594 3678 ἐν
2628 3627 2927 3681 ὑποστάσει
2984 3629 3090 3700 ἰδίᾳ
3134 3628 3194 3682 ὃν
3242 3629 3467 3699 Πνεῦμα
3500 3630 3655 3699 ἅγιον
3683 3633 3745 3682 ἐκ

2164 3713 2262 3770 τοῦ
2293 3715 2424 3770 Υἱοῦ
2449 3717 2544 3771 τοῦ
2574 3717 2709 3772 Θεοῦ
2742 3720 3069 3790 προχεῖσθαι
3099 3720 3174 3782 ὡς
3198 3723 3261 3774 ἐκ
3291 3721 3386 3776 τοῦ
3421 3723 3634 3792 Πατρδς
3667 3722 3744 3775 δι-

2165 3809 2405 3870 δάσκων,
2427 3808 2482 3872 ὃς
2517 3825 2580 3878 γε
2616 3810 2674 3862 ἐν
2724 3810 2905 3874 ἄλλοις
2954 3810 3139 3879 λόγοις
3170 3811 3380 3876 ἐξιέναι
3412 3813 3473 3866 τὺ
3522 3812 3744 3885 Πνεῦμα

2167 3906 2232 3957 ἐκ
2259 3902 2353 3956 τοῦ
2387 3901 2541 3969 Υίοῦ,
2572 3904 2647 3967 ὡς
2681 3905 2745 3955 ἐκ
2777 3904 2872 3957 τοῦ
2919 3904 3056 3957 Θεοῦ
3086 3906 3298 3976 Πατρδς
3331 3907 3528 3974 Λόγον,
3562 3909 3651 3960 καὶ
3687 3909 3744 3974 ἐξ

2169 3996 2308 4058 ιδίας
2340 3996 2470 4066 ἡμῖν
2505 3981 2935 4068 ἀναπέμπεσθαι
2972 3998 3193 4067 φύσεως
3245 3987 3542 4070 θέολογεῖς.
3585 4001 3744 4055 Ἀ).λὰ

2166 4091 2273 4161 γὰρ
2301 4092 2396 4143 καὶ⁵
2426 4086 2516 4142 τὸν
2556 4091 2701 4159 ἱερὸν
2753 4091 3102 4157 Ἀθανὰσιον,
3145 4094 3194 4146 εἰ
3226 4093 3396 4160 δοκεῖ,
3435 4096 3512 4164 μὴ
3542 4095 3746 4164 παρέλ-

2166 4186 2371 4253 θωμεν,
2401 4178 2446 4238 ὧ
2480 4184 2695 4256 ἄνδρες,
2743 4187 2802 4248 ὃς
2833 4203 3001 4256 φησιν
3024 4202 3039 4217 ο
3082 4186 3252 4252 Ἑνὸς
3285 4186 3395 4256 γὰρ
3430 4187 3605 4254 ὄντος
3641 4189 3742 4243 τοῦ

2177 4276 2312 4330 Υἱοῦ
2343 4277 2450 4330 τοῦ
2479 4275 2698 4342 ζῶντος
2748 4279 2969 4348 Λόγου,
2992 4277 3138 4347 μίαν
3179 4279 3334 4332 εἶναι
3367 4277 3463 4332 δεῖ
3488 4278 3604 4347 τὴν
3635 4298 3747 4350 φω-

2164 4369 2444 4438 τιστικὴν
2473 4371 2570 4424 καὶ
2612 4354 2974 4440 ἁγιαστικὴν
3005 4371 3165 4439 ζωὴν
3191 4368 3392 4427 οὖσαν
3443 4371 3746 4440 ἐνέργειαν

2165 4463 2353 4516 αὑτοῦ
2385 4462 2485 4517 καὶ
2519 4463 2767 4531 δωρεὰν,
2798 4463 2836 4531 ἢ
2881 4483 2969 4543 τις
2997 4466 3065 4518 ἐκ
3098 4466 3202 4520 τοῦ
3253 4466 3476 4536 Πατρός
3509 4469 3744 4535 λέγεται

464 4563 720 4623 _tationes
785 4552 1056 4617 dissolvit,
1088 4573 1154 4610 ex
1202 4559 1366 4610 Patre
1419 4555 1809 4626 procedentem
1867 4556 2057 4620 vitam,

2166 4559 2621 4628 ἐκπορεύεσθαι,
2645 4559 2854 4629 ἐπειδὴ
2892 4562 2961 4614 ἐκ
3006 4561 3115 4615 τοῦ
3170 4564 3363 4632 Λόγου
3412 4563 3520 4618 τοῦ
3547 4567 3617 4618 ἐκ
3646 4564 3745 4618 τοῦ

485 4669 646 4721 quam
704 4647 857 4707 dedit
894 4661 950 4706 et
992 4650 1128 4706 Filio
1172 4650 1337 4704 etiam
1402 4650 1457 4702 in
1521 4646 1660 4702 Filio
1716 4663 1837 4702 esse
1884 4659 1938 4702 et
1993 4649 2061 4703 ab

483 4747 680 4800 eodem
710 4744 825 4798 dari
852 4752 905 4797 et
934 4743 1073 4797 mitti
1109 4741 1515 4805 manilestavit;
1554 4744 1648 4796 sed
1697 4757 1731 4795 ο
1764 4741 2060 4795 multorum

483 4840 788 4892 obcaecatas
833 4836 1234 4907 cogitationes!
1272 4850 1306 4890 ο
1339 4835 1600 4906 injustuin
1663 4836 1931 4891 adversus
1968 4850 2064 4890 ve-

485 4933 703 4985 ritatem
770 4930 991 4984 odium!
1044 4944 1077 4984 ο
1131 4930 1400 4988 lubricam
1452 4929 1904 4984 contentionem!
1955 4943 2060 4999 qua

486 5025 803 5087 manifesta,
833 5040 897 5078 ac
928 5023 1222 5093 perspicua
1262 5038 1578 5093 Oppugnare
1612 5034 1904 5088 conantur,
1955 5037 2064 5093 qua

486 5117 711 5188 quidam
748 5118 816 5172 de
863 5118 1184 5173 nominibus
1216 5117 1564 5181 altercantes,
1595 5116 1788 5171 salutis
1827 5118 2065 5186 propriae

487 5214 800 5284 proditores
853 5206 1348 5277 miseri-evadunt,
1413 5210 1841 5266 absurdissimas
1901 5210 2064 5264 simul

490 5307 893 5377 propositiones
929 5306 1318 5370 concedentes,
1363 5323 1426 5359 ea;
1481 5303 1643 5356 Patre
1689 5305 1818 5370 solo,
1849 5319 2067 5359 rursus-

485 5418 615 5470 que,
643 5418 706 5455 ex
747 5400 906 5454 Patre
931 5418 1023 5469 per
1053 5400 1247 5455 Filium
1284 5402 1559 5468 procedere
1580 5397 1862 5467 Spiritum,
1889 5415 2066 5469 neque

488 5495 721 5563 seipsos,
755 5509 936 5563 neque
983 5510 1077 5546 sua
1112 5492 1255 5548 dicta
1299 5490 1692 5561 percipientes,
1745 5490 2067 5558 nequequi-

495 5591 722 5644 buscum
758 5604 1044 5642 sermones
1069 5587 1363 5641 conferunt
1389 5586 1787 5656 intelligentes;
1818 5582 2067 5638 homines

487 5687 636 5739 enim
663 5685 880 5741 dicendi
914 5694 1054 5746 arte,
1084 5693 1139 5738 et
1179 5699 1494 5737 sermonum
1553 5690 1810 5736 accurato
1859 5680 2068 5750 judicio

485 5781 813 5848 conspicuos
867 5790 1161 5849 sequentes
1196 5778 1262 5832 ad
1305 5776 1502 5831 similia
1555 5775 1825 5828 credenda
1875 5789 2067 5843 proce-

488 5875 650 5927 dunt.
691 5870 1254 5930 Verutntamenmiliil
1306 5880 1389 5925 est
1446 5869 1593 5940 quod
1651 5871 1942 5923 multorum
2005 5883 2068 5923 ac

2169 4652 2399 4718 Πατρός
2428 4652 2944 4721 ὁμολογουμένου,
2982 4654 3276 4724 ἐκλάμπει
3312 4656 3414 4711 καὶ
3448 4658 3746 4714 ἀποστέλ-

2165 4748 2334 4798 λεται
2367 4743 2466 4796 καί
2500 4742 2752 4797 δίδοται.
2796 4743 2884 4808 Ὦς
2918 4747 3241 4817 ὑπερφυῶς,
3271 4740 3316 4801 ὦ
3345 4749 3565 4819 ἄνδρες,
3589 4750 3744 4803 ἔλυσε

2165 4841 2294 4902 τοὺς
2322 4839 2433 4892 τῶν
2463 4840 2627 4893 τινῶν
2657 4840 2938 4914 ἐλέγχους,
2960 4841 3062 4913 τὴν
3093 4846 3159 4897 ἐκ
3207 4843 3300 4897 τοῦ
3331 4844 3548 4915 Πατρὸς
3583 4847 3747 4898 ἐκπο-

2172 4933 2473 5004 ρευομένην
2505 4933 2674 5003 ζωὴν,
2703 4932 2770 5003 ἢν
2825 4933 2994 4987 ἔδωκε
3045 4936 3141 4989 καὶ
3196 4936 3275 5006 τῷ
3328 4936 3445 5008 Υίῷ
3477 4942 3534 4992 ἐν
3567 4939 3742 5007 ἐαυτῷ

2167 5027 2312 5098 ἔχειν
2345 5025 2477 5095 παρ’
2513 5027 2682 5081 αὐτοῦ
2749 5027 2994 5083 δίδοσθαι
3029 5030 3123 5083 καὶ
3156 5031 3478 5101 πέμπεσθαι
3526 5034 3746 5104 διατρα-

2168 5121 2375 5181 νώσας.
2414 5118 2556 5172 Ἀλλ’
2585 5117 2630 5172 ὣ
2669 5119 2768 5189 τῆς
2800 5123 2910 5173 τῶν
2945 5121 3159 5175 πολλῶν
3189 5123 3600 5195 πεπηρωμένης
3632 5128 3744 5179 δια-

2169 5212 2341 5276 νοίαςι
2376 5212 2445 5265 Ὢ
2481 5213 2578 5266 τοῦ
2600 5206 2798 5268 ’ἀδίκου
2849 5214 2950 5283 τῆς
3003 5215 3265 5288 ἀληθείας
3303 5218 3519 5287 μίσουςῐ
3553 5219 3618 5272 Ὢ
3645 5219 3745 5289 τῆς

2171 5306 2508 5375 ἐπισφαλοῦς
2538 5306 2898 5374 φιλονεικίας,
2998 5313 3302 5381 πειρῶνται
3331 5313 3446 5376 τοῖς
3490 5318 3746 5384 φανεροῖς

2173 5401 2454 5469 πολεμεῖν,
2553 5418 2697 5464 τινες
2750 5404 2878 5473 περὶ
2908 5403 3020 5456 τῶν
3053 5404 3340 5472 ὀνομάτων
3372 5403 3747 5478 ζυγομαχοῦν-

2171 5512 2284 5557 τες,
2319 5495 2578 5565 προδόται
2607 5496 2850 5564 γίνονται
2881 5499 2978 5566 τῆς
3006 5497 3189 5550 αὐτῶν
3220 5498 3619 5566 κακοδαίμονες
3648 5516 3750 5552 σω-

2171 5588 2390 5658 τηρίας,
2417 5587 2835 5659 συγχωροῦντες
2881 5591 3020 5660 ὁμοῦ
3059 5594 3159 5654 τὰς
3200 5591 3563 5656 ἀτοπωτάτας
3612 5609 3745 5663 προ⁸

2170 5683 2377 5743 τάσεις,
2410 5679 2478 5735 ἐκ
2532 5680 2640 5736 τοῦ
2685 5683 2918 5750 Πατρός
2947 5685 3163 5751 μόνου,
3196 5683 3292 5736 καὶ
3329 5681 3508 5752 αὖθις,
3539 5685 3610 5738 ἐκ
3639 5685 3746 5738 τοῦ

2172 5775 2402 5843 Πατρός
2436 5773 2535 5828 διὰ
2567 5775 2674 5829 τοῦ
2717 5776 2856 5830 Υὶοῦ
2887 5779 3320 5846 ἐκπορεύεσθαι
3365 5759 3440 5833 τὸ.
3481 5781 3742 5850 Πνεῦμα,

2170 5867 2280 5922 οὔθ’
2305 5869 2536 5947 ἑαυτῶν,
2565 5867 2689 5924 οῦτε
2716 5870 2825 5924 τῶν
2853 5870 3026 5941 λόγων
3053 5871 3459 5943 αἰσθανόμενοι,
3481 5871 3607 5927 οὔτε
3631 5875 3739 5926 τίσι
