4134 6314
318 410 456 477 1229

1234 404 1238 409 ’
1338 414 1843 477 PHILOTHEUS
1902 414 2541 481 SELYMBRIENSIS.

3435 411 3572 480 1230

315 527 660 598 διαλέγονται
699 528 1116 595 κατανοοῦντεςι
1160 528 1411 600 Ἀνδράσι
1441 531 1553 599 γὰρ
1576 528 1756 595 λόγων
1783 531 1890 598 ἡμ-

2016 533 2427 600 mprudentium
2487 529 2769 587 audaciam
2838 527 3103 596 refrenet,
3160 525 3291 583 dum
3347 542 3447 583 nos
3514 538 3572 584 et

320 620 528 690 μένοις,
552 618 649 672 καὶ
682 620 864 690 κρίσει
900 620 1009 674 τῶν
1029 620 1214 689 λόγων
1248 622 1471 691 ἀκριϐεῖ
1498 620 1594 674 ἐπὶ
1622 621 1684 674 τὸ
1716 619 1895 674 ταῦτα

1998 633 2240 679 nostram
2273 623 2430 679 (idem
2465 621 2731 677 conviciis
2761 620 3147 692 proscindunt,
3202 619 3366 675 sicuti
3412 620 3571 685 mihi,

318 709 599 766 πιστεύειν
629 711 879 782 ἥκουσιν.
912 697 1061 765 ⁸Ἀλλ’
1080 713 1229 779 ὅμως
1254 713 1409 768 οὐδὲν
1435 712 1762 767 ἀναστέλλει
1794 714 1895 781 τὴν

2015 716 2162 770 )viri
2192 716 2506 778 Cretenses,
2562 715 2814 785 permulti
2872 714 3017 769 inter
3065 712 3575 772 vosinnotescunt,

317 804 429 858 τῶν
452 803 665 859 πολλῶν
686 804 781 860 καὶ
806 805 1081 860 ἀσυνέτων
1104 805 1310 878 τόλμην
1331 806 1517 870 κακῶς
1543 807 1730 874 λέγειν
1750 808 1896 878 ἡμᾶς

320 896 417 949 καὶ
448 899 551 967 τὴν
586 895 786 959 πίστιν,
810 896 884 961 ὡς
915 898 1130 968 ἔμοιγε,
1171 893 1217 953 ὧ
1264 900 1454 970 ἄνδρες
1490 901 1728 971 Κρῆτες,
1765 900 1895 954 πολ-

322 986 405 1039 λοί
433 988 576 1044 εἰσιν
610 990 669 1043 ἐν
717 990 853 1060 ὑμῖν
901 990 1080 1062 δῆλοι,
1109 992 1159 1046 οἳ
1210 991 1336 1045 καθ’
1384 994 1630 1064 ἑκάστην
1682 994 1897 1066 ἡμέραν

325 1079 636 1135 διατελοῦσι
661 1083 813 1153 τάμὰ
842 1083 1214 1157 διασύροντες,
1246 1084 1372 1139 οὔτε
1398 1085 1499 1158 τὴν
1525 1086 1668 1157 ἐμὴν
1697 1087 1898 1151 εἰδότες

325 1173 574 1244 γνώμην,
699 1175 841 1244 φιλῶ
872 1178 1000 1241 τοὺς
1032 1178 1339 1248 ὁμογενεῖς,
1368 1178 1493 1232 οὔτε
1527 1180 1655 1243 τοὺς
1684 1178 1897 1247 λόγους,

323 1266 569 1337 εὲρήσθω
601 1270 657 1322 δὲ
687 1270 786 1324 σὺν
816 1269 957 1341 Θεῷ,
998 1265 1080 1332 οἷς
1113 1271 1166 1324 τί
1196 1288 1257 1325 τε
1308 1272 1532 1343 ίσχυρδν
1578 1276 1672 1327 καὶ
1701 1276 1756 1327 τί
1806 1290 1902 1328 σα-

323 1357 454 1428 θρὸν
481 1361 541 1414 έν
568 1364 683 1426 τοῖς
715 1362 1033 1435 λεγομένοις
1062 1365 1300 1436 δύναμαι
1328 1369 1551 1437 γνῶναι.
1579 1370 1641 1424 Ei
1667 1367 1714 1422 δ’
1739 1370 1903 1439 ἀφέν-

321 1467 415 1515 τες
446 1452 548 1524 τὴν
574 1454 785 1526 πλάνην
817 1457 1151 1513 ἀκούσονται
1182 1460 1291 1514 τῶν
1316 1460 1468 1532 ἱμῶν
1496 1461 1698 1529 λόγων,
1725 1462 1903 1517 εῖσον-

321 1560 439 1610 ται,
463 1545 541 1610 ώς
567 1544 736 1617 εγωγ’
764 1549 959 1621 ἐχθρὸς
1004 1552 1107 1623 μὲν
1140 1552 1340 1621 οὐδενὶ,
1372 1554 1525 1623 φίλος
1550 1555 1607 1609 δὲ
1639 1556 1802 1624 μόνον
1834 1559 1900 1628 τῇ

260 1711 269 1717 Δ
319 1636 595 1711 εὐσεϐείᾳ,
726 1658 873 1707 τινες
922 1644 1292 1714 πολεμοῦντες
1345 1647 1661 1716 ἑμπιπλῶσι
1720 1650 1903 1721 μάχης

317 1729 426 1798 τὴν
456 1732 789 1805 οἰκουμένην
839 1735 935 1789 καὶ
996 1738 1298 1807 σχίσματος
1354 1738 1693 1808 ἐπισφαλοῦς
1734 1742 1907 1795 πᾶσιν

1996 809 2088 877 qui
2128 809 2357 879 singulis
2400 808 2594 863 diebus
2643 823 2766 863 mea
2815 807 3179 871 insectantur,
3233 819 3415 875 neque
3452 803 3576 857 ani-

1999 918 2148 957 mum
2206 918 2386 957 meum
2436 910 2587 956 recte
2613 900 2969 970 accipientes,
3002 914 3110 969 quo
3156 912 3279 953 cum
3322 913 3441 952 mea
3475 912 3573 949 na-

2002 998 2151 1051 tione
2210 992 2729 1060 amoredevincior,
2782 1007 2963 1064 neque
3017 1004 3327 1052 sermones,
3364 989 3581 1044 dicatur

2000 1087 2274 1159 siquidem
2305 1103 2429 1142 cum
2482 1085 2613 1150 Deo,
2667 1085 2871 1156 quibus
2921 1084 2965 1140 si
3013 1084 3141 1153 quid
3198 1082 3439 1137 validum
3486 1089 3580 1135 aut

1999 1166 2123 1238 lere
2197 1188 2252 1235 et
2308 1178 2491 1234 debile
2577 1179 2723 1234 inter
2785 1176 3208 1233 disserendum‘
3253 1173 3581 1235 occurrerit.

2000 1290 2222 1347 possum
2272 1274 2599 1345 diiudicare.
2633 1272 2790 1340 Quod
2857 1272 2902 1327 si
2960 1273 3175 1343 ejurato
3227 1283 3413 1324 errore
3471 1283 3586 1323 ser—

2004 1387 2197 1428 mones
2219 1387 2374 1427 meos
2401 1370 2734 1432 audiverim,
2767 1385 2852 1424 nae
2905 1368 2981 1422 illi
3037 1365 3197 1438 plane
3226 1370 3579 1435 cognoscent.

2004 1480 2093 1519 me
2126 1464 2259 1518 nulli
2290 1477 2516 1532 prorsus
2556 1459 2863 1525 inimicum,
2914 1458 3006 1515 sed
3040 1455 3417 1511 tantummodo
3437 1453 3583 1508 veri-

2007 1558 2135 1612 tatis
2189 1558 2430 1611 amicum
2488 1570 2633 1619 esse,
2688 1569 2849 1624 quam
2903 1550 3149 1607 nonnulli
3200 1556 3587 1620 oppugnantes

2008 1661 2280 1705 terrarum
2343 1647 2533 1702 Orbem
2589 1646 2917 1700 universum
2976 1642 3163 1697 litibus
3224 1640 3473 1710 implent,
3532 1645 3589 1692 et
3695 1635 3717 1642 ⁷

2005 1742 2318 1799 schismatis
2372 1738 2661 1809 periculosi
2722 1736 3039 1791 nationibus
3106 1734 3363 1789 omnibus
3416 1745 3584 1785 causa

319 1822 531 1881 ἔθνεσι.
554 1825 695 1890 Τοὺς
720 1827 1003 1895 τοιούτους
1033 1831 1168 1899 ἐγὼ,
1189 1824 1235 1886 ὦ
1260 1831 1453 1904 ἄνδρες
1483 1833 1728 1903 Κρῆτες,
1748 1828 1905 1903 οἶμαι

2015 1846 2157 1892 sunt.
2202 1833 2311 1888 Hos
2337 1845 2461 1903 ego,
2494 1846 2527 1886 ο
2556 1830 2657 1885 viri
2685 1831 3003 1892 Cretenses,
3042 1842 3164 1881 cum
3188 1838 3372 1879 amore
3400 1823 3588 1877 redar-

317 1917 435 1970 δεῖν
462 1918 584 1987 μετ’
624 1922 851 1993 ἀγάπης
875 1922 1145 1995 ιλέγχειν,
1175 1924 1432 1997 δεόμενος
1464 1926 1643 1981 αὐτῶν
1668 1928 1907 1999 ἀποσχέ-

322 2009 457 2063 σθαι
490 2012 590 2082 τῆς
624 2012 860 2085 πλάνης,
896 2018 991 2070 καὶ
1043 2019 1142 2087 τῆς
1186 2019 1339 2087 σφῶν
1376 2022 1654 2093 σωτηρίας
1685 2021 1907 2076 ἀντιλα-
1930 2008 1953 2045 ⁷

321 2102 543 2171 θέσθαι,
574 2096 652 2160 ὧν
678 2107 806 2171 τοὺς
834 2108 936 2177 μὲν
979 2109 1346 2181 πειθομένους
1375 2111 1666 2182 θαυμάζω,
1695 2114 1823 2177 τοὺς
1858 2113 1905 2169 δ’

323 2197 763 2267 ἀνθισταμένους
795 2201 1200 2273 παραιτοῦμαι,
1250 2203 1326 2274 τῷ
1382 2204 1695 2276 ’Δποστόλῳ
1724 2205 1909 2260 πειθό-

325 2305 513 2359 μενος.
550 2289 855 2362 Βουλοίμην
882 2292 928 2347 δ’
955 2292 1023 2348 ἂν
1054 2296 1204 2366 ἡμᾶς
1231 2297 1358 2360 τοὺς
1386 2297 1775 2369 ἀκροωμένους
1797 2299 1908 2353 τῶν

324 2382 809 2454 προτέρωνεῐναι.
847 2386 1084 2458 ’Δνδρῶν
1115 2389 1228 2463 γὰρ
1252 2389 1321 2444 ἂν
1349 2391 1593 2445 συνετῶν
1620 2392 1908 2464 ἔποιήσατΐ

323 2476 513 2556 ἔργον,
546 2477 994 2550 διαλλαττόμενοι
1043 2486 1107 2552 τῇ
1159 2481 1414 2556 ἀληθείᾳ,
1449 2483 1546 2539 καὶ
1599 2483 1678 2555 τῷ
1734 2485 1909 2556 λοιπῷ

328 2566 681 2639 σώματι³τῆς
719 2570 1046 2642 Ἐκκλησίας
1075 2572 1151 2635 ὡς
1189 2572 1328 2643 μέλη
1363 2573 1710 2645 διαιρεθέντα
1746 2591 1912 2629 συνα-

307 2662 617 2737 ἣπτόμενοι.
646 2662 768 2716 Τότ¹
810 2662 1003 2731 ἔγνωτ’
1031 2664 1122 2729 ἂν,
1165 2666 1244 2730 ὡς
1286 2666 1452 2736 ἔγωγ’
1498 2668 1630 2738 ὑμῖν
1675 2668 1911 2738 χρηστὸς

330 2753 667 2822 σύμϐουλος,
701 2756 797 2812 καὶ
846 2757 955 2810 τῶν
1002 2758 1165 2829 ἱερῶν
1217 2758 1393 2829 λόγων
1442 2760 1544 2829 τῆς
1575 2760 1813 2823 πίστεως
1844 2763 1912 2832 τῇ

327 2847 427 2901 τοῦ
458 2845 598 2901 Θεοῦ
638 2848 823 2920 χάριτι
854 2849 1048 2913 πιστὸς
1078 2851 1388 2921 οἰκονόμος,
1417 2852 1597 2905 οὐδενὶ
1632 2853 1733 2922 μὲν
1766 2838 1916 2907 οὐδε-

328 2944 428 3007 νός
456 2941 636 2996 κακοῦ
667 2942 950 3013 πρόξενος,
982 2945 1257 3016 σωτηρίας
1282 2944 1336 2999 δὲ
1363 2944 1612 3013 αίωνίου,
1639 2948 1688 2999 εί
1716 2945 1812 3001 καὶ
1838 2946 1915 3017 μὴ

329 3034 558 3107 θερμῶς
596 3035 690 3089 καὶ
734 3035 927 3104 ἀξίως,
960 3037 1435 3109 ἀντιποιούμενος,
1463 3039 1559 3092 καὶ
1586 3039 1705 3102 τοῖς
1731 3038 1915 3103 ἄλλοις

329 3129 391 3181 ιν
451 3127 682 3199 Χριστῷ
716 3128 996 3198 ἀδελφοῖς,
1025 3128 1174 3196 ὅπως
1226 3117 1438 3185 ἐκείνου
1484 3131 1768 3195 τεύξονται
1817 3129 1915 3185 τοῦ

2008 1927 2257 2000 guendos
2292 1942 2416 1982 esse
2447 1939 2591 1990 reor,
2623 1938 2860 1979 exorans
2890 1933 2946 1977 ut
2987 1934 3235 1975 errorem
3282 1916 3584 1987 deponant,

2008 2021 2349 2092 propriaeque
2378 2018 2573 2074 salutis
2595 2031 2782 2071 curam
2832 2008 3115 2071 habeant:
3150 2025 3309 2083 quos,
3352 2010 3395 2065 si
3429 2007 3589 2063 audi-

2008 2112 2209 2176 verint,
2242 2109 2424 2174 laudo,
2457 2110 2505 2165 si
2531 2118 2724 2164 contra
2754 2121 2877 2161 sese
2904 2104 3289 2175 opposuerim,
3318 2099 3589 2155 obediens

2009 2204 2271 2277 Apostoio
2298 2192 2504 2260 devito.
2538 2200 2905 2271 Percuperent
2940 2213 3070 2253 vero
3116 2210 3232 2259 vos,
3284 2191 3587 2258 auditores,

2008 2315 2075 2356 ex
2108 2312 2301 2355 eorum
2357 2311 2590 2352 numero
2623 2310 2771 2361 esse,
2809 2293 2900 2365 qui
2937 2292 3113 2363 primo
3164 2290 3288 2346 loco
3335 2284 3587 2343 collocati

2011 2402 2142 2449 sunt
2175 2409 2190 2447 :
2222 2391 2303 2448 sic
2333 2388 2482 2446 enim
2512 2388 2756 2443 virorum
2811 2384 3162 2455 prudentium
3196 2381 3410 2437 facinus
3438 2393 3589 2434 com-

2011 2484 2345 2548 mitteretis,
2412 2480 2631 2537 veritati
2701 2478 3062 2543 reconciliati,
3121 2484 3175 2531 et
3223 2474 3435 2543 reliquo
3490 2472 3593 2525 Eo-

2013 2579 2198 2635 clesim
2252 2575 2469 2647 corpori
2526 2573 2605 2629 uti
2674 2572 2919 2627 membra
2979 2581 3230 2640 separata
3286 2565 3588 2637 conjuncti.

2013 2670 2152 2726 Tum
2177 2670 2429 2740 equidem
2464 2664 2832 2740 agnosceretis
2868 2679 2956 2718 me
3005 2678 3093 2718 res
3117 2661 3356 2733 optimas
3385 2674 3587 2715 consu-

2014 2764 2146 2830 lere,
2202 2762 2441 2834 tldeique
2495 2774 2683 2817 sacros
2732 2773 3016 2815 sermones
3065 2771 3175 2812 non
3237 2754 3443 2823 absque
3497 2750 3595 2806 Dei

2015 2857 2187 2928 gratia
2229 2852 2852 2928 ﬁdeliter‘pe'rtractaré,
2898 2850 3032 2905 nulli
3076 2864 3273 2904 noxam
3332 2844 3589 2907 atterens,

2016 2948 2113 3004 sed
2174 2948 2406 3003 salutem
2470 2945 2902 3018 sempiternam,
2958 2943 3067 2998 etsi
3128 2956 3238 2995 non
3298 2936 3593 2993 admodum

2018 3040 2194 3097 calide
2221 3040 2516 3123 digneque,
2547 3053 2870 3109 procurans,
2910 3044 2965 3093 et
2998 3032 3121 3090 aliis
3154 3035 3207 3089 in
3238 3032 3459 3089 Christo
3486 3030 3598 3086 fra-

2022 3134 2219 3201 tribus,
2272 3142 2331 3188 ut
2389 3132 2591 3189 bonum
2637 3130 2768 3186 illud
2837 3128 3099 3202 consequi
3182 3127 3435 3199 possint,
3476 3137 3599 3194 per-

332 3221 508 3275 καλοῦ
545 3220 968 3293 ὑποτιθέμενος,
1001 3220 1063 3276 οὗ
1108 3226 1401 3295 μετασχεῖν
1434 3224 1584 3295 ἡμᾶς
1602 3226 1816 3292 γένοιτο
1842 3227 1910 3297 τῇ

2015 3226 2369 3281 accommoda
2431 3238 2754 3294 suggerens,
2788 3222 2947 3292 cujus
2995 3219 3290 3292 participes
3338 3232 3442 3272 nos
3478 3214 3596 3273 ﬁeri

329 3314 429 3385 τοῦ
462 3314 709 3385 Χριστοῦ
740 3314 945 3387 χάριτι,
971 3308 1015 3386 ᾧ
1040 3316 1170 3383 δόξα
1198 3316 1427 3389 πρέπει.
1470 3318 1669 3389 Ἀμήν.

1426 3516 1859 3528 ———-———-—.—.

2016 3317 2215 3402 Christi
2251 3316 2424 3389 gratia
2471 3315 2760 3402 concedat,
2795 3316 2884 3371 cui
2923 3314 3098 3387 gloria
3141 3313 3321 3370 decet.
3359 3313 3560 3365 Amen.

751 3481 3589 3512 Μ

2391 3515 2745 3528 μπ-ο-..ρμς-ρ-

1708 3648 1962 3705 saccum
2000 3657 2111 3705 xw
2153 3640 2227 3724 (ἲ)

429 3790 1168 3992 PHILOTHEI
1292 3823 2357 3994 SELYMBRIENSIS
2489 3823 3514 4011 ARCHIEPISCOPI

1771 4117 2159 4200 ORATIO

940 4328 1087 4444 IN
1176 4312 1859 4446 SANCTUM
1928 4327 2986 4449 AGATHONICUM

1513 4557 1748 4624 (Codices
1770 4558 1934 4613 erci
1960 4558 2198 4623 Naniam',
2221 4575 2273 4625 p.
2298 4560 2438 4629 55L)

411 4864 549 4919 Τῶν
595 4858 762 4914 πάλαι
799 4854 984 4925 σοφῶν
1032 4855 1130 4909 καὶ
1172 4851 1419 4925 ρητόρων
1444 4852 1545 4923 τῆς
1580 4849 1913 4922 Ἐκκλησίας

2104 4852 2256 4908 Inter
2285 4853 2543 4922 antiquos
2583 4848 2939 4922 philosophos
2976 4860 3031 4903 et
3068 4844 3329 4902 Ecclesiae
3357 4851 3607 4900 oratores

338 4962 442 5016 xui.
472 4958 665 5023 ἄκρων
698 4953 755 5005 ιν
784 4950 968 5017 λόγοις
998 4947 1229 5018 μηδενός
1254 4964 1343 5000 πω
1370 4945 1564 4999 ἑαυτὸν
1598 4942 1707 4998 οὐδ’
1743 4948 1929 4999 ὁπωσ-

336 5055 500 5110 τιοῦν
546 5047 915 5107 ἐκδεδωκότος
974 5042 1425 5113 διεξοδικώτερον
1474 5043 1531 5103 ὲς
1582 5039 1776 5107 λόγους
1828 5042 1924 5094 καὶ

338 5145 718 5219 ἀγωνίσματα
751 5139 847 5193 τοῦ
880 5138 1202 5205 στεφανίτου
1229 5134 1509 5207 μάρτυρος
1544 5132 1927 5202 Ἀγαθονίκου,

342 5238 665 5312 φιλοτίμως
690 5235 827 5307 όμοῦ
853 5233 949 5288 καὶ
985 5230 1448 5304 μεγαλοπρεπῶς,
1491 5230 1628 5282 ἀλλὰ
1662 5232 1787 5298 σιγῇ
1822 5245 1931 5281 πα-

344 5329 751 5404 ραδραμόντων
782 5328 852 5382 τὰ
894 5327 1120 5398 μνήμης
1151 5324 1249 5379 καὶ
1297 5322 1579 5393 θαύματος
1609 5322 1735 5389 ἄξια
1768 5323 1934 5392 μέχρι

340 5427 447 5497 τῆς
472 5422 664 5493 δεῦρο,
692 5422 816 5494 ﬁxo)
858 5418 955 5474 τοῦ
999 5419 1184 5486 λέγειν
1233 5415 1419 5482 αὐτὸς,
1444 5417 1494 5469 εί
1528 5417 1624 5471 καὶ
1664 5414 1763 5485 τὴν
1794 5415 1934 5485 ἐμὴν

341 5520 480 5588 περὶ
527 5515 725 5582 λόγους
782 5514 939 5585 ἰσχὺν
978 5507 1097 5565 οἰδα
1144 5508 1332 5579 σαφῶς
1361 5510 1530 5578 ἐγγὺς
1555 5508 1777 5561 ἰοῦσαν·
1808 5508 1928 5562 οὐδὲ

343 5606 590 5679 μετρίας
634 5606 736 5675 τῆς
784 5605 970 5672 ἀξίας,
1006 5601 1144 5657 ἀλλὰ
1190 5600 1377 5672 πολλῷ
1406 5600 1481 5670 τῷ
1516 5601 1701 5669 μέτρῳ
1741 5599 1933 5670 πόρρω

346 5715 479 5753 που.
517 5693 734 5763 Μηδεὶς
774 5696 821 5749 δ’
854 5695 1009 5767 ὑμῶν
1034 5694 1395 5766 προπέτειαν,
1428 5687 1473 5748 ὦ
1505 5693 1799 5772 παρόντες,
1831 5709 1935 5745 κοι-

2027 4947 2270 5017 aliosque
2352 4944 2572 5001 dicendi
2627 4945 2858 5015 peritos,
2924 4942 3108 4996 nullus
3154 4940 3208 4994 in
3257 4939 3609 4996 sermonibus

2030 5050 2125 5118 aut
2179 5040 2574 5096 certaminibus
2631 5037 2825 5093 fortior
2859 5037 3095 5100 exstitit,
3146 5042 3411 5090 coronato
3458 5048 3610 5087 mar-

2034 5144 2149 5206 tyre
2184 5132 2552 5205 Agathonico;
2609 5132 2705 5187 sed
2754 5130 2884 5185 dum
2938 5129 3121 5185 caeteri
3173 5143 3260 5183 res
3300 5138 3605 5182 memoratu

2036 5229 2229 5300 dignas
2261 5227 2370 5283 huc
2406 5240 2580 5296 usque
2630 5225 2850 5279 silentio
2901 5225 3307 5294 praeterierunt,
3348 5235 3452 5291 ego
3488 5220 3607 5275 illas

2033 5322 2413 5378 celebraturus
2461 5320 2678 5375 adsum.
2716 5316 2835 5374 Etsi
2876 5333 2963 5372 me
3016 5332 3206 5388 parum
3255 5319 3605 5386 eloquentem

2035 5432 2138 5472 nec
2177 5416 2328 5471 hisce
2393 5415 2555 5470 rebus
2607 5411 2854 5469 dicendis
2893 5420 3106 5482 aptum,
3162 5410 3269 5464 imo
3305 5408 3462 5463 valde
3511 5408 3611 5462 im—

2038 5522 2223 5580 parem
2250 5506 2421 5575 probe
2453 5505 2735 5569 noverim;
2779 5504 2963 5559 nullus
3008 5517 3140 5557 vero
3168 5502 3311 5556 inter
3340 5514 3457 5564 vos,
3514 5516 3612 5557 au-

2036 5599 2262 5664 ditores,
2299 5598 2465 5667 hujus
2500 5597 2765 5668 propositi
2799 5595 3165 5652 temeritatem
3205 5592 3607 5658 criminabitur,

2037 5693 2167 5748 licet
2198 5692 2353 5748 labor
2380 5693 2455 5747 sit
2480 5706 2748 5747 onerosus
2779 5700 2833 5745 et
2868 5689 3112 5759 perfecta
3143 5687 3376 5743 diﬂicilis
3410 5705 3425 5742 :
3460 5685 3609 5756 quod

341 5789 543 5862 ταγνῷ
572 5789 673 5845 τοῦ
699 5790 974 5860 παρόντος
1020 5791 1448 5861 ἐγχειρήματος,
1482 5789 1531 5841 εἰ
1558 5787 1653 5841 καὶ
1683 5785 1913 5858 ἐργώδη

2040 5787 2086 5841 si
2123 5789 2287 5860 igitur
2310 5802 2421 5842 non
2447 5800 2603 5841 vana:
2636 5785 2821 5859 gloria:
2854 5783 3181 5854 cupiditate,
3231 5785 3334 5837 nec
3359 5780 3612 5851 volupta-

342 5890 375 5942 ό
402 5886 575 5955 λόγος
598 5884 696 5939 καὶ
719 5884 955 5957 χαλεπὸς
983 5884 1303 5953 διενεγκεῖν.
1336 5882 1492 5939 Ἐπεὶ
1518 5878 1615 5939 οὖν
1640 5881 1738 5952 οὐχ
1765 5879 1935 5936 ἕνεκα

2044 5890 2154 5937 tem
2203 5881 2441 5953 aliquant
2499 5878 2628 5936 inde
2665 5890 2949 5950 capturus,
2988 5876 3085 5935 sed
3115 5879 3189 5933 ob
3216 5874 3603 5933 necessitatem
