4134 6314
531 311 677 378 1235
1609 318 1704 377 ΡΗ
1721 317 2032 377 lLOTHEI
2106 318 2134 377 Ε

2238 318 2735 383 .YMBRIENSIS
3687 318 3826 403 1235

527 430 645 486 suis
679 428 905 501 gloriari
959 427 1175 499 posset,
1221 440 1399 486 tamen
1451 432 1675 487 humilis
1726 448 1788 487 ac
1831 432 2119 489 modestus

2238 435 2517 507 βελτίστης
2547 437 2643 493 καὶ
2673 436 2902 507 πρώτης
2931 436 2988 490 ἔν
3015 453 3073 489 τε
3106 435 3320 505 βοδλαῖς
3347 432 3443 493 καὶ
3471 436 3777 500 πολιτείαις
3806 454 3822 475 ι·

528 539 652 580 esse
682 525 877 579 maluit
929 534 983 580 et
1039 529 1312 580 recusavit
1356 536 1566 581 statuas
1612 527 1813 597 quibus
1868 528 2116 599 plerique

2238 529 2282 583 ἓν
2316 548 2373 582 τε
2406 531 2641 600 πράξεσι
2673 531 2766 584 καὶ
2795 534 3034 600 νοήμασι
3068 532 3163 584 καὶ
3194 532 3594 601 στρατηγικαῖς
3620 532 3826 599 ἐμπεισ

525 617 705 671 mtatis
738 631 851 670 sua:
903 617 1146 686 praaiecti
1203 629 1256 673 et
1310 619 1479 673 duces
1535 620 1795 674 honorari
1844 620 2116 684 solebant,

2238 621 2406 687 piatq'
2439 622 2536 674 καὶ
2582 621 2750 684 πολὺς
2795 616 2962 693 ἦνιν
3009 620 3311 689 συλλόγοις.
3359 622 3418 673 ὲν
3460 620 3715 690 ἀγοραῖς.
3762 621 3829 674 ἐν

526 708 734 779 quippe
784 709 1039 764 virtutem
1093 711 1214 764 sine
1250 712 1505 766 mercede
1543 714 1723 766 coiere
1764 722 1891 768 ante
1932 716 2116 767 omnia

2238 713 2478 784 θεάτροις
2521 713 2597 777 ὡς
2626 714 2721 767 καὶ
2745 716 2858 775 τοῖς
2900 713 3187 783 βασιλεῦσι
3214 710 3490 781 γνώριμος
3516 712 3593 765 ὢν
3619 713 3681 765 ὲκ
3728 712 3830 781 γέ-

526 804 748 856 antabat
776 810 831 856 et
853 802 1166 858 actionibus
1191 804 1494 858 conditioni
1525 820 1637 859 sua:
1659 806 2118 875 congruentibus.

2238 823 2382 872 νους,
2411 809 2525 870 τοῖς
2555 806 2793 876 πρώτοις
2826 808 3247 877 συναριθμεῖται
3276 806 3658 876 συγκλητικοῖς
3677 848 3692 868 ,
3722 805 3831 873 ἄρ-

528 913 685 969 χουσι
728 900 822 954 καὶ
865 902 1196 971 στρατηγοῖς
1269 902 1381 965 τοῖς
1430 902 1645 972 μεγάλα
1690 901 2009 972 δυναμένοις
2035 918 2050 934 ο
2092 902 2152 966 ὃς
2190 902 2317 967 ὀξὺς
2367 900 2444 957 ὣν
2496 902 2640 955 κατὰ
2686 904 2781 956 τὸν
2829 903 3208 974 Θεμιστοκλέα
3257 899 3391 980 ’καὶ
3432 896 3784 965 Ἀλκιϐιάδην
3810 921 3826 947 ν

532 993 848 1063 στρατηγὸς
930 992 1319 1049 ἀναδείκνυται
1392 994 1487 1047 καὶ
1532 994 1694 1057 αὐτὸς
1736 994 1832 1048 καὶ
1872 995 1998 1064 νικᾷ
2059 993 2328 1065 πολέμους
2369 995 2662 1058 πλείστους
2706 994 3079 1065 βαρϐαρικοὺς
3151 993 3522 1061 κατακράτος.
3554 992 3655 1044 ’ον
3695 990 3831 1043 ἰδὼν

531 1091 784 1159 Ὅμηρος
814 1083 969 1144 εἶπεν
996 1090 1065 1143 ἂν
1098 1090 1261 1158 σοφὸν
1292 1090 1487 1161 βουλάς
1544 1110 1601 1146 τε
1662 1090 1915 1161 ἐξάρχειν
1963 1092 2200 1162 ἀγαθὰς,
2230 1093 2470 1164 πόλεμον
2499 1110 2559 1146 τε
2594 1092 2887 1163 κορύσσειν
2910 1109 2926 1124 ’
2960 1094 3055 1147 καὶ
3084 1094 3186 1146 ὅσα
3217 1092 3355 1145 ἄλλα
3382 1092 3510 1147 τοὺς
3538 1088 3735 1160 ἥρωάς
3764 1105 3831 1142 τε

530 1183 627 1236 καὶ
660 1183 894 1254 ῥήτορας
917 1199 933 1215 ο
969 1186 1066 1238 καὶ
1124 1187 1547 1257 ἀνδρειοτάτους
1606 1188 1717 1241 τῶν
1752 1187 2024 1258 Ἑλλήνων
2080 1186 2323 1257 ἔφασκεν
2377 1188 2654 1252 ἐπαινῶν,
2687 1188 2833 1242 κατὰ
2878 1188 2978 1257 τὴν
3013 1185 3211 1242 Ἰλιάδα
3242 1188 3339 1241 καὶ
3375 1186 3694 1239 Ὀδύσσειαν
3732 1193 3833 1243 καὶ

529 1274 715 1328 δέλτον
736 1319 750 1344 ,
783 1279 840 1329 ὲν
870 1278 1107 1349 ὲμμελίᾳ
1175 1284 1458 1351 ποιητικῇ.
1488 1282 1668 1351 Ἕχων
1721 1283 1777 1336 δὲ
1848 1284 2213 1354 μεγαφρονεῖν
2240 1282 2335 1335 ἐπὶ
2363 1282 2578 1346 τούτοις
2606 1280 3003 1354 κατορθώμασι
3036 1282 3133 1335 καὶ
3164 1280 3609 1350 πλεονεκτήμασι
3644 1279 3738 1330 καὶ
3771 1271 3835 1328 τὸ

532 1369 702 1423 καλοῦ
748 1373 950 1434 παντὸς
996 1372 1143 1427 ἰδέαν
1187 1373 1334 1444 ἔχειν
1376 1375 1436 1428 ὲν
1474 1374 1643 1447 ψυγῇ,
1681 1376 1932 1445 οὐδαμῶς
1972 1375 2132 1429 τοῦτο
2169 1376 2341 1429 ἐποίει
2368 1390 2380 1402 ·
2416 1374 2553 1427 ἀλλὰ
2610 1372 2865 1436 ταπεινὸς
2924 1369 2992 1443 ἦν
3024 1374 3120 1426 καὶ
3160 1374 3402 1444 μέτριος,
3437 1371 3493 1433 ὃς
3522 1386 3584 1438 γε
3614 1370 3715 1421 οὐκ
3748 1368 3831 1419 si‘

534 1466 690 1521 κόσιν
734 1469 855 1524 οὐδὲ
904 1469 1130 1539 στήλαις
1175 1472 1468 1541 μεγίσταις
1508 1473 1662 1543 ἠξίου
1706 1474 2127 1545 θαυμάζεσθαι,
2163 1474 2415 1544 καθάπερ
2450 1473 2638 1527 πολλοὶ
2691 1472 2801 1526 τῶν
2854 1472 3139 1544 ἡγεμόνων
3205 1473 3298 1524 καὶ
3330 1468 3679 1541 στρατηγῶν,
3711 1460 3834 1519 ἀλλ’

536 1560 723 1633 ἔργοις
771 1563 1081 1628 καλλίστοις
1124 1567 1323 1636 ἐκείνῳ
1362 1584 1421 1620 τε
1467 1570 1561 1622 καὶ
1601 1569 1669 1639 τῇ
1715 1569 1926 1621 ἐκείνου
1968 1567 2131 1638 φύσει
2166 1567 2312 1637 μάλα
2344 1566 2739 1637 προσήκουσιν.

2043 1715 2112 1767 Et
2149 1719 2268 1778 post
2304 1727 2475 1781 pauca
2500 1726 2520 1765 .'

608 1822 982 1892 Agathonicus
1030 1824 1399 1896 triumphator
1450 1845 1558 1883 non
1608 1830 1919 1884 temeritate
1974 1829 2203 1891 iraveB

543 1916 846 1986 perductus
889 1932 976 1972 res
1005 1920 1300 1988 praeclaras
1347 1921 1475 1975 dum
1512 1923 1834 1992 imperaret.
1893 1920 2125 1992 peregit,

542 2009 638 2064 sed
668 2010 1011 2066 humanitate
1042 2024 1091 2066 et
1120 2011 1287 2067 animi
1321 2014 1721 2085 magnitudine,
1760 2016 1831 2070 ita
1863 2024 1919 2068 ut
1946 2016 2095 2069 omni

541 2100 643 2154 bus
674 2101 797 2155 vitae
830 2110 887 2156 et
940 2118 1151 2157 morum
1208 2106 1488 2176 exemplar
1523 2106 1635 2160 sit:
1672 2116 1822 2161 certe
1854 2108 1966 2161 fieri
2015 2122 2124 2161 non

541 2199 721 2261 potest
750 2203 809 2247 ut
845 2194 946 2263 ipsi
979 2198 1320 2266 superiorem
1354 2198 1625 2251 invenias.
1655 2198 1744 2253 Sic
1790 2200 1937 2252 enim
1969 2198 2125 2254 fortis

543 2296 659 2339 erat
692 2286 863 2339 animi
902 2298 959 2341 ut
992 2303 1079 2341 res
1133 2289 1419 2359 plerasque
1460 2289 1615 2343 ﬂocci
1645 2290 1870 2356 faceret,
1919 2300 1975 2342 et
2014 2291 2124 2343 vir-

545 2387 718 2432 tutem
784 2378 1019 2434 colendo
1078 2382 1321 2450 seipsum
1352 2381 1476 2436 'Dei
1526 2383 1748 2437 domum
1782 2393 1836 2435 et
1885 2382 2125 2453 Spiritus

542 2469 723 2527 Sancti
779 2472 1154 2527 habitaculum
1192 2477 1580 2531 constitueret.
1632 2477 1699 2532 Ut
1731 2478 1915 2548 paucis
1940 2479 2121 2533 absol-

543 2580 690 2629 vam,
728 2564 811 2620 sic
846 2565 1009 2620 unice
1051 2566 1256 2621 vivitur
1311 2566 1585 2634 feliciter;
1630 2570 1709 2623 sic
1746 2579 1959 2624 tantum
2029 2585 2125 2639 per

544 2655 807 2710 virtutem
841 2657 896 2711 in
930 2655 1023 2713 Dei
1056 2659 1335 2713 civitatem
1368 2660 1497 2715 itur.
1555 2660 1692 2717 Cum
1724 2663 1869 2716 enim
1903 2673 2125 2717 anetore

542 2745 771 2803 Platone
811 2750 1008 2819 triplex
1044 2754 1117 2806 sit
1148 2754 1331 2807 anima
1367 2764 1639 2823 quatenus
1681 2756 1903 2827 cogitat,
1960 2757 2127 2811 sentit

544 2848 599 2894 et
634 2842 1001 2912 concupiscit,
1056 2845 1362 2913 cogitamus
1410 2847 1652 2917 quidem,
1708 2848 1852 2903 sicut
1902 2848 1982 2902 fas
2021 2858 2125 2915 est,

544 2948 688 3003 saepe
712 2943 1184 2992 autem'sensuum
1208 2938 1259 2995 vi
1296 2955 1641 3017 superamur,
1671 2949 1764 2996 aut
1794 2941 1978 2996 illicita
2002 2957 2132 2997 con-

545 3022 904 3090 cupiscimus,
941 3026 992 3081 id
1021 3038 1124 3095 est,
1161 3045 1281 3100 qua:
1310 3032 1470 3087 nobis
1495 3033 1647 3088 nullo
1677 3033 1840 3089 modo
1866 3034 2129 3102 prodesse

2314 1825 2672 1893 ’Λγαθόνικος
2702 1820 2798 1878 οὖν
2827 1826 2856 1878 ὁ
2883 1823 3292 1892 τροπαιοφόρος
3320 1821 3382 1876 οὐ
3416 1819 3595 1891 θυμοῦ
3640 1821 3831 1892 ῥώμῃ,

2234 1918 2344 1972 οὐδ’
2376 1918 2551 1988 ὀργῆς
2580 1917 2827 1989 ἀμετρία
2863 1916 2931 1970 τὰ
2971 1918 3226 1987 ἐπίσημα
3276 1918 3379 1985 τῆς
3418 1914 3599 1986 ἀρχῆς
3632 1914 3832 1983 ἐποιή-

2236 2027 2390 2067 σατο·
2420 2010 2556 2065 ἀλλὰ
2586 2009 3007 2081 φιλανθρωπίαν
3033 2012 3126 2064 καὶ
3154 2008 3570 2080 μεγαλοψυχίαν
3594 2010 3663 2061 τά
3694 2008 3836 2079 κρά-

2233 2120 2390 2157 τιστα
2446 2103 2852 2173 εἰσηνέγκατοο
2907 2101 3042 2156 ὥσθ’
3099 2102 3217 2173 ὅροι
3269 2094 3413 2155 εἶναι
3464 2099 3835 2169 σωφροσύνης

2235 2199 2405 2251 πᾶσιν
2440 2196 2757 2268 ἀνθρώποις
2784 2196 2878 2271 τὸν
2912 2196 3128 2249 ἐκείνου
3158 2194 3275 2266 βίον
3310 2196 3407 2249 καὶ
3453 2196 3658 2266 τρόπον
3686 2210 3700 2226 ⁸
3736 2197 3835 2249 καὶ

2206 2320 2215 2328 ι
2239 2290 2445 2360 μηδένα
2471 2289 2719 2360 ἐξευρεῖν
2748 2289 2896 2360 ἔχειν
2923 2289 3136 2359 βέλτιον
3162 2289 3274 2341 τῶν
3294 2287 3389 2341 ὑπ’
3415 2290 3612 2359 ἐκείνῳ
3638 2287 3829 2357 μηδέν·

2210 2384 2380 2438 ⁴οὕτω
2411 2383 2522 2453 γὰρ
2555 2382 2738 2454 ψυχὴν
2767 2383 3084 2455 ἐρρύθμησε
3121 2383 3215 2436 καὶ
3252 2382 3362 2436 τῶν
3390 2382 3516 2451 τῆδε
3550 2398 3833 2451 καταφρο-

2235 2478 2348 2530 νεῖν
2376 2475 2659 2529 ἀνέπεισε·
2689 2477 2784 2530 καὶ
2816 2474 2957 2547 πρὸς
3010 2476 3078 2530 τὰ
3110 2474 3373 2546 βέλτιστα
3421 2475 3829 2546 μετεσκεύασε⁹

2237 2568 2332 2623 καὶ
2361 2569 2543 2623 οίκίαν
2569 2567 2709 2622 Θεοῦ
2740 2568 3081 2638 κατέστησεν
3114 2569 3332 2633 ἑαυτὸν,
3364 2568 3459 2621 καὶ
3488 2568 3704 2636 δοχεῖον
3731 2566 3829 2623 τοῦ

2238 2661 2585 2731 Πνεύματοςο
2613 2662 2662 2713 εί
2695 2662 2779 2714 δεῖ
2802 2663 3100 2731 κεφάλαιον
3151 2661 3495 2735 προσειπεῖν,
3528 2660 3604 2723 ὡς
3656 2662 3831 2729 μόνην

2236 2753 2441 2822 ταύτην
2470 2753 2639 2807 οὖσαν
2669 2755 2968 2823 εὐδαιμονα
3007 2753 3219 2824 βιοτήνο
3250 2753 3311 2817 δς
3344 2756 3505 2826 μόνος
3552 2752 3682 2823 ὄρος
3707 2754 3832 2805 ἐστὶ

2235 2845 2339 2915 τῆς
2373 2846 2495 2900 κατ’
2526 2846 2730 2914 ἀρετὴν
2763 2846 3070 2918 εύκληρίας
3101 2848 3196 2901 καὶ
3224 2846 3327 2915 τῆς
3377 2847 3521 2908 κατὰ
3554 2840 3690 2899 Θεὸν
3728 2863 3826 2897 πο-

2231 2940 2440 3007 λιτείας
2475 2941 2569 2993 καὶ
2602 2940 2837 3007 τάξεως.
2882 2939 3070 3010 Τριῶν
3110 2942 3222 3013 γὰρ
3255 2938 3457 3007 ὄντων,
3502 2939 3643 3010 φησὶ
3676 2940 3827 2993 Πλά-

2229 3050 2364 3100 των,
2389 3031 2496 3087 τῶν
2528 3050 2593 3103 με
2605 3031 2712 3103 ρῶν
2740 3033 2840 3103 τῆς
2863 3034 3069 3105 ψυχῆς,
3096 3032 3426 3102 λογιστικὸν,
3447 3032 3703 3104 θυμικὸν,
3730 3031 3829 3086 καί⁵

547 3128 801 3179 possunt.
857 3119 1240 3189 Agathonicus
1299 3124 1467 3195 igitur
1524 3124 1581 3179 in
1617 3127 1876 3181 omnibus
1928 3129 2132 3195 primas

2238 3125 2664 3196 ἐπιθυμητικὸν,
2700 3127 2797 3179 καὶ
2843 3129 2955 3180 τῶν
2994 3128 3095 3196 μὲν
3137 3127 3219 3198 τῷ
3268 3126 3568 3196 λογιστικῷ
3595 3126 3823 3197 χρωμέμ

549 3210 696 3275 tulit,
725 3214 974 3267 omnium
1025 3214 1291 3286 suffragia
1323 3217 1583 3272 obtinuit.
1632 3219 1845 3288 Ingenii
1894 3221 2135 3276 habebat

550 3312 786 3371 tantum,
820 3314 882 3359 ut
926 3308 1137 3362 modica
1190 3308 1312 3376 ejus
1360 3311 1755 3367 exercitatione
1794 3328 1919 3397 cum
1953 3313 2133 3383 digni-

547 3407 660 3452 tate
684 3398 871 3454 vivere
905 3410 1091 3470 posset
1143 3412 1307 3470 atque
1362 3402 1435 3455 ita
1471 3412 1531 3456 ut
1562 3403 1702 3458 nihil
1731 3419 1956 3473 prorsus
1984 3406 2038 3457 in
2068 3419 2135 3459 eo

548 3489 975 3546 desideraretur.
1018 3493 1094 3548 De
1144 3493 1503 3565 intelligentia
1548 3496 1669 3565 ejus
1729 3498 1858 3566 quid
1914 3498 2136 3553 dicant?

549 3584 845 3655 Virtutem,
874 3594 931 3641 et
984 3586 1272 3643 facultates
1320 3588 1588 3644 humanas
1636 3591 1862 3645 n’overat
1904 3604 2028 3660 quae
2066 3592 2131 3646 ad

548 3678 867 3734 felicitatem
899 3680 1203 3749 perducere
1236 3683 1451 3751 valent;
1482 3682 1910 3753 imprudentiam
1948 3693 2133 3737 autem

548 3788 614 3829 ac
648 3770 823 3846 nugas
864 3776 975 3846 jam
1031 3777 1099 3831 ab
1134 3778 1503 3834 adolescentia
1546 3780 1767 3849 abiecit.
1826 3779 2134 3836 Reticenu’a

552 3868 673 3939 ejus
702 3880 872 3934 tanta,
898 3884 1100 3941 quanta
1136 3872 1443 3927 Anacharsi
1470 3873 1762 3938 suadente,
1790 3888 1915 3930 esse
1939 3873 2134 3939 debet;

552 3962 853 4016 secundum
887 3962 1249 4035 Pythagoram
1306 3976 1489 4018 autem
1546 3963 1763 4017 dicebat
1811 3978 2138 4033 quacunque

552 4055 765 4110 ratione
794 4056 1037 4111 abscindi
1068 4058 1271 4111 debere
1331 4071 1359 4109 a
1395 4058 1628 4125 corpore
1660 4056 1933 4121 morbum,
1973 4066 2027 4110 et
2069 4055 2136 4110 ab

553 4152 731 4203 anima
767 4150 1150 4221 ignorantiam,
1188 4164 1473 4204 sermones
1506 4162 1637 4202 vero
1680 4149 1871 4205 inanes
1910 4148 2137 4202 omnino

553 4240 890 4295 damnandos
916 4256 1056 4302 esse,
1094 4240 1236 4295 sicut
1261 4242 1424 4295 etiam
1450 4238 1927 4308 intemperantiam
1955 4250 2010 4292 et
2034 4239 2137 4294 im-

554 4334 1003 4400 moderationem,
1046 4345 1102 4387 ut
1137 4333 1287 4387 brevi
1329 4333 1627 4387 absolvam.
1668 4332 1752 4386 Ab
1792 4332 1870 4385 ira
1918 4347 2138 4402 quoque

552 4426 691 4479 adeo
718 4426 819 4480 sibi
847 4427 1185 4495 temperabat
1220 4436 1279 4481 ut
1330 4443 1526 4481 manus
1558 4426 1767 4482 elevata
1817 4434 1872 4481 et
1918 4441 2135 4481 servum

485 4522 491 4529 '
553 4519 777 4589 iamjam
829 4522 1183 4575 vcrberatura
1223 4520 1512 4577 deciderit.
1567 4520 1853 4592 Nunquam
1886 4522 2133 4575 convivia

554 4614 939 4683 retorquebat;
1000 4614 1362 4669 humanitatis
1418 4615 1555 4669 adeo
1589 4630 1782 4669 amans
1814 4623 1954 4679 erat,
1992 4625 2049 4668 ut
2083 4615 2138 4668 in

554 4708 791 4763 amando
838 4722 949 4763 non
999 4723 1127 4763 raro
1164 4708 1385 4762 modum
1440 4708 1760 4772 excederet,
1809 4707 1945 4763 adeo
1996 4723 2134 4778 prte-

554 4800 1104 4869 ceptum'divinum,
1166 4801 1316 4871 quod
1368 4800 1682 4871 proximum
1739 4817 1894 4870 aeque
1957 4815 2021 4855 ac
2082 4816 2142 4855 se

553 4890 732 4958 ipsum
758 4904 945 4944 amare
991 4890 1169 4959 jubet,
1202 4891 1559 4959 sequebatur.
1610 4891 1791 4945 Animi
1825 4892 1965 4946 idem
2009 4908 2143 4945 con-

548 4983 751 5048 stantia
785 4999 849 5038 ac
872 4984 1193 5039 fortitudine
1217 4997 1499 5053 praestans,
1526 5001 1632 5040 non
1662 4986 1968 5054 periculum
2001 4986 2143 5041 eni-

553 5078 851 5142 mescebat,
896 5092 1006 5132 non
1058 5078 1325 5157 bonorum
1375 5080 1669 5149 jacturam,
1709 5094 1817 5133 non
1851 5081 2138 5133 domorum

556 5171 995 5239 possessionem,
1038 5186 1151 5227 non
1190 5187 1473 5226 servorum
1530 5171 1651 5241 plus
1692 5188 1856 5241 quam
1902 5171 1982 5227 fas
2034 5181 2142 5238 est,

556 5261 881 5326 aﬁ'ectabat;
947 5267 1061 5319 vita
1117 5266 1233 5335 ipsa
1287 5267 1340 5318 in
1391 5265 1543 5319 nullo
1594 5265 1971 5319 mstimationis
2025 5265 2145 5319 loco

556 5356 697 5425 apud
728 5372 855 5410 eum
891 5367 1008 5411 erat
1040 5356 1338 5411 dummodo
1372 5372 1403 5411 e
1457 5356 1548 5411 Dei
1606 5356 1847 5410 amicitia
1884 5366 1939 5409 et
1980 5355 2143 5409 fami-

555 5448 793 5502 liaritate
830 5465 935 5502 non
963 5448 1263 5503 excideret.
1295 5446 1619 5503 Castitatem
1644 5463 1809 5517 porro
1840 5463 1903 5502 ac
1933 5449 2143 5501 sobrie-

561 5550 726 5595 tatem
770 5558 892 5611 qua:
949 5542 1200 5596 homines
1252 5542 1387 5612 ipsis
1437 5541 1648 5613 angelis
1699 5541 1973 5596 assimilat-
2019 5541 2144 5609 quis

559 5634 699 5687 sicut
741 5635 830 5689 ille
868 5634 1086 5689 coluit?

2171 4486 2217 4543 Ι)

2236 3235 2344 3273 νων
2370 3218 2449 3282 ὼς
2495 3219 2669 3284 είκδς,
2698 3219 2793 3272 τοῦ
2840 3220 3019 3291 θυμοῦ
3052 3221 3110 3275 tn
3160 3220 3502 3290 ἡττωμένων
3536 3220 3823 3283 πολλάκις,

2234 3313 2412 3367 ἄλλων
2442 3312 2499 3365 δὲ
2548 3313 2969 3383 ἐπιθυμούντων
3007 3313 3044 3369 ἃ
3082 3315 3159 3385 μὴ
3194 3313 3466 3386 προσῆκε,
3501 3315 3724 3369 πάντων
3753 3316 3823 3382 δ’,

2236 3407 2311 3469 ὡς
2346 3408 2479 3470 ἔπος
2503 3409 2704 3471 είπεϊν,
2735 3405 2974 3476 οὐδαμοῦ
3016 3408 3133 3468 τοῖς
3166 3406 3311 3469 ὅλοις
3342 3404 3457 3460 τῶν
3483 3404 3784 3476 βελτίστων
3806 3425 3820 3435 ·

2249 3495 2601 3563 Ἀγαθόνικος
2652 3495 2829 3549 δεινὸν
2878 3495 3074 3566 ὥσπερ
3122 3498 3453 3568 ἡγούμενος,
3503 3497 3553 3550 εί
3611 3496 3687 3569 μὴ
3719 3500 3826 3550 κάν

2236 3587 2452 3651 τούτοις
2484 3588 2710 3657 προέχοι
2728 3586 2839 3641 τῶν
2868 3587 3071 3655 ἄλλων,
3110 3587 3249 3659 μηδὲ
3273 3589 3376 3659 τὴν
3409 3588 3580 3659 μείζω
3601 3591 3828 3659 φέροιτο

2236 3679 2439 3750 ψῆφον,
2468 3681 2788 3751 φρονήσεως
2825 3680 2926 3749 μὲν
2959 3681 3219 3734 τοσοῦτον
3259 3685 3515 3752 μετεῖχεν
3546 3681 3735 3753 ὥσπερ
3761 3682 3830 3736 ἂν

2239 3774 2287 3825 εί
2315 3772 2401 3825 διὰ
2431 3771 2547 3841 βίου
2591 3773 2801 3837 παντὸς
2855 3774 3027 3842 μόνην
3078 3772 3290 3842 ταύτην
3332 3772 3447 3844 ἔχει
3504 3774 3740 3844 μελέτην
3768 3793 3827 3827 τε

2240 3867 2337 3920 καὶ
2371 3865 2637 3935 σπουδὴν,
2667 3866 2761 3918 τὸν
2794 3866 2923 3919 νοῦν
2968 3868 3263 3936 καθαίρειν
3307 3885 3364 3919 τε
3408 3868 3504 3921 καὶ
3537 3866 3828 3920 λεπτύνειν

2240 3960 2334 4012 καὶ
2370 3960 2496 4029 μηδ’
2548 3959 2699 4022 ὅπως
2730 3977 2784 4013 τι
2819 3959 2912 4013 οῦν
2944 3960 3329 4029 ἐλλελεῖφθαι·
3366 3963 3463 4014 τοῦ
3510 3961 3824 4028 λογιστικοῦ

2239 4052 2397 4104 τοῦτό
2433 4068 2497 4119 γε
2534 4051 2690 4114 εἰδὼς
2716 4050 2924 4123 ἀρετὴν
2967 4051 3063 4105 καὶ
3091 4051 3326 4123 δύναμιν
3358 4053 3451 4122 τῆς
3486 4054 3594 4105 τῶν
3618 4055 3830 4125 ἀνθρώ-

2241 4161 2358 4197 πων
2397 4143 2750 4214 εὐδαιμονίας
2780 4146 3073 4215 ποιητικὴν
3099 4160 3111 4172 ⁸
3145 4144 3465 4215 ἀφροσύνην
3497 4144 3554 4198 δὲ
3596 4145 3696 4216 τὴν
3724 4146 3828 4199 κά-

2242 4253 2408 4290 κιστα
2444 4237 2828 4307 ἀπολλυμένην
2850 4276 2862 4299 ,
2900 4236 3162 4302 καθάπαξ
3196 4238 3513 4291 νάπεεάλετο
3547 4241 3610 4292 ἐκ
3640 4241 3828 4311 νεότη-

2233 4346 2354 4401 τος·
2386 4330 2635 4399 γλώττης
2669 4330 2729 4381 δὲ
2765 4329 3021 4384 τοσοῦτον
3054 4331 3362 4400 ἐκράτησεν
3387 4331 3513 4384 ὅσον
3554 4332 3825 4401 Ἀνάχαρ-

2226 4406 2331 4481 ’σις
2368 4422 2656 4475 ἐκέλευσεν
2684 4425 2713 4475 ὀ
2744 4422 2907 4489 σοφός
2933 4438 2947 4453 ·
2988 4423 3085 4475 καὶ
3108 4422 3255 4475 κατὰ
3299 4424 3391 4475 τὸν
3420 4423 3624 4493 Σάμιον
3652 4425 3831 4477 Πυθα-

2246 4515 2418 4584 γόραν
2448 4514 2633 4581 ἔλεγεν
2682 4515 2763 4567 ὅτι
2800 4517 2952 4586 πάσῃ
2998 4518 3220 4585 μηχανῇ
3274 4517 3673 4585 περικοπτέον,
3720 4515 3826 4567 ἀπὸ

2245 4608 2346 4677 μὲν
2375 4606 2632 4676 σώματος
2654 4608 2830 4673 νόσον,
2858 4608 2969 4661 ἀπὸ
2992 4608 3048 4660 δὲ
3068 4608 3252 4679 ψυχῆς
3276 4607 3542 4677 ἀμαθίαν,
3568 4610 3665 4661 καὶ
3694 4609 3826 4681 πρὸς

2241 4702 2303 4755 τὸ
2332 4702 2519 4771 μηδὲν,
2554 4702 2673 4753 δέον
2707 4702 2784 4771 μὴ
2817 4702 3250 4755 καταναλίσκειν
3287 4702 3503 4769 λόγουςο
3540 4703 3636 4754 καὶ
3662 4703 3735 4765 ὡς
3772 4708 3828 4757 ὲν

2245 4790 2526 4861 κεφαλαίῳ
2561 4792 2753 4860 φάναι,
2810 4794 2875 4843 ὲκ
2906 4791 3127 4844 πάντων
3176 4793 3283 4845 τῶν
3320 4791 3634 4862 αἰσθήσεων
3686 4795 3827 4865 ἀμε-

2244 4885 2404 4953 τρίαν
2437 4886 2531 4937 καὶ
2563 4884 2639 4954 μὴ
2670 4883 2778 4948 ἔξω
2808 4883 2904 4936 τοῦ
2932 4883 3131 4952 καιροῦ
3159 4888 3400 4938 πίπτειν.
3436 4885 3623 4956 Θυμοῦ
3654 4887 3711 4940 δὲ
3744 4904 3829 4940 το-

2246 4978 2437 5031 σοῦτον
2466 4978 2776 5048 ἐκράτησεν
2811 4976 2888 5040 ὡς
2922 4979 3016 5030 καὶ
3045 4978 3144 5048 τὴν
3186 4980 3342 5047 χεῖρα
3377 4980 3829 5050 ἀπαιωρηθείσαν

2247 5071 2512 5133 πολλάκις
2542 5073 2842 5140 κατασχεῖν
2875 5071 2969 5124 καὶ
3004 5072 3274 5142 μηδαμῶς
3308 5068 3473 5138 τύψαι
3505 5073 3600 5126 τὸν
3631 5073 3827 5127 ἑαυτοῦ

2243 5164 2456 5218 δοῦλον·
2490 5165 2614 5234 μηδ’
2648 5165 2718 5217 αὖ
2744 5165 2831 5218 διὰ
2866 5164 3118 5234 γλώττης
3140 5164 3411 5237 λοιδορίαν
3443 5168 3832 5237 κατεγνωσμέ-

2250 5276 2348 5326 νην
2387 5260 2803 5328 προσενεγκεῖν
2836 5258 3256 5329 φιλανθρωπίαν
3296 5259 3351 5312 δὲ
3396 5258 3574 5324 οὕτως
3608 5262 3831 5330 ἐφίλησε

2249 5352 2346 5404 καὶ
2379 5351 2737 5421 κατώρθωσε’
2776 5353 2867 5403 καὶ
2894 5350 3037 5404 οὕτω
3070 5351 3275 5418 ταύτης
3307 5351 3567 5422 ἐξείχετο,
3620 5353 3694 5415 ὡς
3729 5370 3833 5423 μα-

2252 5444 2400 5506 νικός
2430 5462 2517 5507 τις
2542 5440 2610 5515 ἦν
2643 5446 2906 5515 ἐραστὴς·
2942 5445 3038 5534 καὶ
3067 5445 3208 5498 κατὰ
3232 5446 3320 5498 τὸν
3367 5446 3519 5497 θετον
3556 5448 3829 5517 χρησμὸν,

2253 5540 2345 5591 τὸν
2371 5539 2602 5607 πλησίον
2632 5541 2709 5601 ὡς
2763 5537 2961 5592 ἑαυτὸν
2995 5540 3151 5605 ἄγειν
3197 5538 3293 5592 καὶ
3337 5541 3547 5609 τιμᾷν,
3600 5540 3720 5592 ἴσον
3764 5542 3831 5611 τῇ

2256 5630 2451 5685 ἑαυτοῦ
2506 5633 2744 5702 κεφαλῇ.
2798 5632 3081 5703 Καρτερία
3106 5632 3163 5685 δὲ
3221 5632 3455 5703 μεγίστῃ
3488 5633 3583 5685 καὶ
3612 5631 3832 5703 ἀνδρείᾳ

560 5732 823 5800 προσεῖχε
853 5730 946 5785 καὶ
989 5728 1392 5799 μεγαλοψυχίᾳ,
1427 5727 1500 5788 ὡς
1531 5728 1627 5779 καὶ
1655 5726 1857 5789 ἔξωθεν
1888 5724 2329 5793 ἐπιφερομένους
2373 5725 2651 5788 κινδύνους
2683 5726 2849 5796 μηδὲν
2874 5742 2927 5778 τι
2958 5723 3203 5796 νομίζειν
3245 5726 3341 5779 καὶ
3380 5725 3698 5796 ἀποδειλιᾷν
3726 5741 3738 5755 ·
3769 5725 3829 5779 ού

563 5828 865 5900 χρημάτων
915 5828 1209 5899 ἀφαίρεσιν
1233 5841 1245 5855 ’
1269 5826 1332 5877 οὐ
1365 5823 1568 5887 «meo;
1597 5823 1807 5877 o‘miw'
1838 5824 1938 5876 olm
1960 5823 2127 5895 ἀνδρα
2143 5824 2270 5877 τοδα
2293 5839 2305 5853 ·
2342 5824 2441 5877 οὐκ
2470 5824 2602 5877 αἱ,τό
2636 5826 2695 5877 τὸ
2728 5826 3001 5895 περιεῖναι
3024 5824 3114 5877 καὶ
3145 5816 3280 5895 ζῇν)
3308 5823 3406 5878 οὐκ
3438 5822 3568 5878 ἄλλο
3592 5822 3830 5880 τοιοῦτον
