4134 6314
407 384 540 449 123Ἱ

1458 375 1748 437 ORATIO
1794 374 1872 434 ιΝ
1918 373 1980 434 S.
2032 370 2615 434 AGATHONICUM.

3533 369 3666 434 1238

404 499 580 562 οὐδὲν,
622 496 671 549 εί
721 495 796 567 μὴ
832 495 995 567 μόνον
1025 493 1087 550 τδ
1120 493 1381 548 ἐκπεσεῖν
1407 490 1508 563 τῆς
1549 489 1641 544 τοῦ
1676 488 1815 542 Θεοῦ
1851 487 2034 554 φιλίας
2065 488 2162 540 καὶ
2203 484 2564 556 οἰκειότητος·
2604 482 2908 554 παρθενίαν
2934 483 2990 536 δὲ
3045 483 3140 571 καί
3172 485 3533 554 σωφροσύνην
3568 487 3670 556 τὴν

404 592 631 665 πλησίον
669 593 766 645 καὶ
797 591 938 662 μετὰ
965 589 1212 660 ἀγγέλων
1241 586 1372 650 τοὺς
1404 584 1726 657 ἀνθρώπους
1758 581 2019 647 τιθεῖσαν,
2050 579 2133 644 τίς
2164 578 2337 641 οὕτως
2368 579 2442 640 ὼς
2478 575 2635 640 οὗτος
2664 577 2989 646 ὴγάπησενς

1834 701 1902 756 Et
1941 717 2070 785 pug.
2105 697 2212 754 749
2246 713 2260 749 :

476 832 609 898 Θεὸς
639 830 766 894 τοὺς
791 829 1116 894 δοξάζοντας
1148 824 1311 880 αὑτὸν
1337 822 1556 891 δοξάζει
1586 821 1684 877 καὶ
1703 822 1796 875 τὸν
1821 820 1989 875 αὐτοῦ

2168 820 2309 876 Deus
2360 821 2450 890 qui
2516 835 2703 876 servos
2757 836 2886 877 suos
2942 822 3227 894 glnriﬁcat,
3275 821 3673 894 Agathonicuiu

410 926 668 999 μάρτυρα
704 922 1083 992 Ἀγαθόνικον,
1130 921 1229 974 σὺν
1265 917 1448 985 πολλῷ
1480 914 1558 986 τῷ
1603 915 1851 986 περιόντι
1891 915 1982 966 καὶ

405 1022 505 1091 τὴν
534 1019 644 1072 τῶν
677 1015 975 1086 θαυμάτων
1021 1013 1306 1082 ἐνέργειαν
1339 1007 1737 1079 ἁποχαρίζεται
1765 1007 1833 1060 ὲκ
1860 1005 1983 1058 τότε

385 1091 503 1166 atat
535 1110 704 1179 μέχρι
735 1105 833 1160 τοῦ
862 1105 976 1171 νῦν,
1007 1105 1151 1159 κατὰ
1173 1102 1270 1175 τὴν
1298 1102 1456 1155 πόλιν
1482 1099 1575 1153 τοῦ
1610 1099 1836 1167 Σηλυος,
1863 1097 1983 1151 καθ’

406 1205 474 1276 ἢν
502 1204 641 1272 δῆτα
673 1202 765 1256 καὶ
790 1200 823 1270 η
851 1198 1042 1252 τούτου
1095 1195 1374 1268 μαρτυρία
1425 1194 1722 1263 γεγένηται
1748 1206 1987 1258 περιφα-

406 1297 511 1359 νῶς
559 1297 654 1348 καὶ
688 1291 918 1356 ἐνδόξως
945 1308 956 1322 ·
1011 1288 1263 1360 καθάπερ
1289 1287 1512 1352 ὲδὸξασε
1565 1287 1661 1340 καὶ
1699 1285 1757 1338 ὲν
1789 1283 1982 1344 ἄλλαις

407 1391 629 1444 πόλεσιν
653 1387 873 1458 ἑτέρους
905 1383 1194 1455 μάρτυρας
1241 1382 1318 1444 ὡς
1357 1380 1552 1450 ίσμεν·
1589 1377 1682 1432 τόν
1739 1393 1800 1430 τε
1827 1392 1985 1444 περι-

405 1483 550 1556 φανῆ
588 1480 793 1553 δηλαδὴ
825 1478 922 1532 καὶ
947 1475 1346 1546 τροπαιοφόρον
1375 1471 1652 1542 Γεώργιον
1671 1512 1694 1545 ,ν
1719 1470 1776 1522 ἐν
1820 1470 1981 1522 Kart—

405 1576 637 1647 παδοκία
667 1576 766 1646 τῆς
816 1570 1197 1642 Καισαρείας·
1251 1567 1344 1620 τόν
1392 1583 1450 1618 τε
1489 1563 1823 1632 στεφανίτην
1883 1563 1983 1614 καὶ

408 1668 758 1740 μυροὸλύτην
810 1664 1126 1735 Δημήτριον
1158 1661 1216 1711 ὲν
1251 1655 1542 1726 Θετταλίᾳ·
1591 1655 1650 1708 ἰν
1694 1653 1860 1724 Τύρῳ
1893 1651 1985 1704 τὸν

405 1782 474 1816 πε
484 1761 774 1834 ρί6λεπτον
806 1757 900 1811 καὶ
928 1755 1074 1808 θεῖον
1096 1752 1402 1820 Θεόδωρον·
1443 1748 1536 1804 καὶ
1568 1749 1628 1802 ἐν
1655 1746 1850 1807 ἄλλαις
1889 1743 1985 1797 άλ-

403 1856 556 1920 λους,
587 1855 683 1907 καὶ
707 1851 932 1921 ἐτέρους
959 1851 1014 1900 ὲν
1041 1847 1261 1915 ἑτέραις
1284 1858 1297 1871 ⁶
1332 1843 1425 1897 καὶ
1463 1840 1608 1910 μάλα
1635 1837 1884 1898 εἰκότως.
1920 1836 1986 1890 EE

405 1948 518 2018 γὰρ
579 1941 952 2012 τοϊςἚλλησι
1026 1938 1237 2020 πάλαι..
1285 1938 1398 1999 τοῖς
1426 1950 1486 1986 τε
1535 1931 1793 2001 Θηϐαίοις
1841 1928 1986 1996 λέγω

411 2039 678 2109 Πίνδαρον
701 2032 1121 2104 παρασχέσθαι,
1157 2028 1249 2082 καὶ
1289 2026 1543 2088 Βοιωτοῖς
1585 2024 1851 2088 Ἡσίοδον,
1888 2023 1984 2075 καὶ

406 2131 736 2203 Σμυρναίοις
760 2129 1009 2196 Ὅμηρον
1039 2123 1132 2178 καὶ
1158 2121 1340 2185 ἄλλοις
1373 2120 1531 2174 ἄλλον
1564 2120 1642 2181 είς
1672 2115 1985 2187 φιλοτιμίαν

2088 926 2308 981 quoque
2336 911 2406 967 ab
2467 913 2622 970 initio
2674 928 2846 982 usque
2898 930 3047 969 nunc
3091 913 3352 971 facultate
3409 917 3671 973 miracula

2088 1005 2348 1081 operandi
2399 1003 2599 1058 mirum
2638 1004 2691 1058 in
2722 1004 2942 1076 modum
2976 1006 3205 1062 donavit
3240 1007 3294 1062 in
3326 1000 3504 1081 Selyis
3534 1013 3670 1068 urbe

2086 1080 2206 1164 qua:
2255 1098 2499 1166 martyrii
2538 1096 2659 1166 ejus
2703 1097 2856 1160 testis
2903 1097 3101 1165 fuerat,
3154 1103 3296 1155 sicut
3355 1080 3498 1158 etin
3548 1105 3682 1160 aliis.

2088 1185 2320 1241 urbibus
2376 1188 2520 1242 alios
2567 1199 2840 1258 martyres
2903 1178 3252 1259 gluriﬁrayit,
3303 1205 3433 1250 ante
3479 1211 3671 1253 omnes

2086 1276 2379 1350 Georgium
2414 1279 2680 1336 Caesarea:
2712 1281 3086 1352 Cappadociae,
3123 1283 3454 1342 Demetrium
3488 1287 3671 1359 Myro-

2086 1367 2270 1439 blyten
2305 1369 2362 1423 in
2393 1369 2699 1435 Thessalia,
2736 1369 2863 1441 Tyri
2907 1372 3175 1440 insignem
3207 1374 3454 1429 divinum
3489 1375 3672 1431 Theo-

2085 1461 2306 1524 dorum,
2370 1461 2508 1515 alios
2567 1463 2720 1517 alibi.
2755 1463 2868 1519 Nec
2922 1467 3141 1520 mirum.
3208 1466 3263 1519 Si
3324 1470 3472 1521 enim
3526 1469 3672 1524 inter

2086 1549 2307 1607 Graecos
2373 1553 2644 1610 Pindarus
2720 1556 2940 1625 quidem
2993 1556 3200 1613 Thebis
3272 1560 3468 1614 honori
3542 1561 3666 1626 fuit,

2088 1642 2345 1723 Boeotiis_
2373 1644 2684 1710 Hesiodus,
2743 1645 3011 1701 Homerus
3071 1647 3404 1721 Smyrnaeis,
3464 1666 3672 1723 quanto

2089 1737 2262 1805 magis
2292 1717 2360 1790 de
2389 1738 2756 1806 Agathonico,
2787 1739 2958 1794 nobili
2985 1717 3232 1797 veritatis
3262 1757 3670 1815 propugnatore

2090 1827 2313 1898 gloriari
2349 1829 2513 1883 licet!
2545 1831 2862 1902 quicunque
2890 1834 3037 1887 enim
3093 1835 3149 1889 in
3189 1835 3392 1890 celebri
3458 1835 3668 1909 Selym-

2087 1919 2236 1984 bria,
2277 1931 2372 1975 aut
2422 1923 2542 1995 alia‘
2566 1923 2778 1978 vicinia:
2831 1927 2989 1992 urbe,
3059 1929 3251 1983 morbo
3299 1929 3483 2000 aliquo
3517 1933 3671 1985 labe-

2090 2021 2276 2067 rantes
2306 2012 2372 2068 ad
2402 2017 2655 2086 martyris
2684 2017 2856 2070 nostri
2883 2017 3050 2073 divini
3083 2003 3395 2090 sepulcrum
3443 2038 3664 2089 venere,

2094 2103 2298 2159 relictis
2337 2107 2595 2163 omnibus
2627 2110 2943 2184 morborum
2976 2113 3218 2184 vestigiis
3251 2114 3664 2182 abscesserunt,

404 2186 586 2298 φέρει,
620 2186 774 2294 πόσῳ
799 2186 1000 2291 μέλον
1033 2218 1176 2280 είκδς
1211 2215 1353 2287 μέγα
1381 2214 1598 2285 φρονεῖν
1628 2186 1718 2264 ιτέι
1745 2209 1822 2281 τῷ
1846 2209 1988 2279 μάρ-

2093 2210 2348 2266 maguum
2377 2189 2782 2267 Agathonicnm
2805 2200 3099 2270 gratiarum
3124 2205 3342 2260 actione
3365 2198 3419 2260 e't
3448 2205 3667 2277 hymnis

403 2336 534 2390 τυρι
577 2314 914 2386 Ἀγαθονίκῳ
959 2311 1037 2383 τῷ
1069 2310 1306 2378 γενναίῳ
1337 2307 1437 2378 τῆς
1487 2303 1750 2374 ἀληθείας
1781 2304 1986 2373 ἀγωνι-

407 2415 537 2484 στῇ.
580 2410 801 2465 Ὀπόσοι
823 2407 934 2479 γὰρ
969 2403 1268 2478 τηνικαῦτα
1301 2404 1358 2455 ὲν
1392 2402 1459 2472 τῇ
1493 2397 1791 2470 περιφανεῖ
1829 2394 1984 2449 πόλει

406 2506 738 2581 Σηλυμϐρίᾳ
762 2505 859 2559 καὶ
882 2504 993 2565 τοῖς
1021 2503 1149 2572 περὶ
1165 2496 1347 2583 ἀὐτὴν
1371 2494 1590 2567 χωρίοις
1620 2492 1872 2563 πονήρως
1893 2489 1985 2543 καὶ

406 2599 653 2661 ἀσθενῶς
681 2595 1026 2659 κατέκειντο,
1056 2592 1305 2653 ἐλθόντες
1340 2589 1408 2659 τῇ
1440 2586 1534 2640 τοῦ
1582 2584 1733 2638 θείου
1769 2583 1982 2655 μάρτυο

409 2711 507 2769 ρος
525 2693 720 2748 τούτου
747 2689 894 2762 σορῷ
919 2687 1332 2759 ἀπηλλάττοντο
1364 2682 1461 2735 καὶ
1489 2678 1612 2734 οὐδὲ
1656 2680 1799 2749 ῐχνος
1829 2677 1988 2733 άσθε-

406 2788 562 2852 νείας
585 2785 724 2848 ὅλως
745 2782 1087 2852 κατείχοντο.
1115 2775 1281 2832 Ὅθεν
1304 2772 1498 2843 καὶτῷ
1532 2771 2011 2842 μεγαλομάρτυρι’

418 2878 761 2951 ’Δγαθονίκῳ
789 2879 886 2940 τὰς
935 2875 1292 2945 εὐχαριστίας
1335 2869 1430 2923 καὶ
1476 2868 1751 2939 ὑμνῳδίας
1787 2866 1988 2937 προσέ-

407 2991 604 3047 φερον.
637 2972 750 3042 Οὐχ
773 2965 937 3043 ἦττον
966 2968 1009 3022 δ’
1032 2967 1092 3032 ἐξ
1115 2966 1326 3040 ἐκείνου
1350 2967 1444 3017 καὶ
1468 2961 1741 3033 ὁσημέραι
1762 2958 1989 3014 τοιαῦτα

348 3118 350 3120 τ
405 3070 557 3124 ποιεῖ
583 3064 863 3135 θαυμάσια
890 3063 924 3133 ἡ
955 3061 1075 3114 θεία
1097 3061 1244 3124 κάρα
1266 3055 1455 3121 αὐτοῦ,
1489 3054 1641 3107 ἐσαεὶ
1669 3053 1842 3115 ίάσεις
1867 3053 1990 3105 ἐπι-

404 3159 646 3217 τελοῦσα
677 3159 775 3213 καὶ
821 3155 1207 3226 θεραπεύουσα
1243 3152 1430 3223 πᾷσαν
1480 3149 1633 3202 νόσον
1678 3146 1774 3201 καὶ
1806 3147 1988 3200 πᾶσαν

407 3254 717 3328 μαλακίαν·
746 3247 807 3304 ct
833 3247 940 3319 γὰρ
975 3245 1163 3314 ἕτερον
1198 3243 1378 3313 σῶμα,
1411 3242 1572 3304 ἄλλος
1615 3239 1747 3296 ἄλλο
1799 3239 1988 3310 μέρος.

406 3350 510 3404 καὶ
543 3345 732 3416 ἕτερος
753 3343 942 3415 ἕτερον
987 3339 1096 3392 τῶν
1127 3336 1371 3390 εὐσεϐῶν
1423 3335 1532 3390 τῶν
1566 3350 1626 3387 τε
1677 3333 1870 3410 πόρρω
1894 3332 1990 3386 καὶ

405 3440 524 3496 τῶν
552 3436 720 3506 ἐγγὺς
745 3433 806 3499 ἐξ
846 3431 1070 3500 ἀγάπης
1102 3429 1565 3501 διαμερισάμενυς
1613 3426 1742 3496 παρ’
1774 3425 1987 3488 ἑαυτοῖς

405 3527 733 3600 κατείχοντο
760 3523 1168 3594 φυλακτήριον·
1202 3521 1335 3573 ἔνιοι
1377 3519 1438 3571 δέ
1476 3534 1642 3586 φασιν
1668 3511 1742 3580 ὥς
1765 3516 1989 3571 Λατίνοι

2089 2292 2416 2348 exaltantes.
2450 2292 2572 2348 Non
2602 2295 2783 2352 minus
2814 2307 2996 2353 autem
3025 2299 3150 2354 inde
3178 2301 3246 2354 ab
3280 2301 3388 2356 isto
3420 2310 3668 2374 tempore

2088 2396 2341 2441 sanctum
2397 2386 2573 2456 ipsius
2614 2398 2778 2458 caput
2812 2389 3058 2460 quotidie
3090 2393 3350 2447 miracula
3379 2403 3664 2465 operatur,

2096 2478 2320 2534 morbos
2375 2494 2442 2534 ac
2490 2480 2674 2536 omnia
2733 2481 3112 2539 inﬁrmitalum
3161 2502 3358 2557 genera
3402 2491 3664 2546 sanando.

2091 2568 2299 2624 Caetera
2362 2569 2508 2625 enim
2563 2574 2810 2643 corporis
2861 2574 3026 2646 hujus
3076 2580 3250 2634 sancti
3300 2583 3548 2637 membra
3579 2584 3672 2654 pia

2095 2675 2321 2731 corpora
2351 2662 2510 2733 longe
2535 2665 2756 2735 lateque
2777 2677 2968 2724 sortita
2996 2680 3056 2725 ut
3083 2672 3276 2728 salutis
3300 2673 3666 2732 instrumenta

2095 2763 2448 2810 venerantur.
2505 2755 2644 2814 Sunt
2674 2745 2766 2830 qui
2800 2759 2984 2839 dicant
3017 2765 3162 2833 quod
3201 2763 3377 2821 Latini
3415 2778 3538 2838 post
3573 2785 3672 2825 ex-

2095 2857 2388 2918 pugnatam
2440 2852 2642 2923 regiam
2706 2854 2932 2922 urbem,
2985 2854 3108 2928 Sely
3161 2874 3377 2930 quoque
3422 2877 3535 2916 sure
3582 2862 3668 2917 di-

2099 2939 2264 2996 tionis
2302 2941 2467 3007 l'acta,
2505 2945 2763 3017 martyris
2798 2962 3002 3019 corpus
3039 2950 3093 3004 in
3127 2952 3406 3023 antiquam
3440 2953 3670 3011 Romam

2095 3037 2240 3088 sicut
2293 3035 2556 3104 plurimas
2614 3039 2750 3094 alias
2799 3040 3062 3112 reliquias
3115 3055 3490 3114 asportaruut.
3550 3048 3670 3104 Itali

2097 3128 2241 3185 enim
2263 3131 2468 3200 regiam
2497 3132 2684 3187 urbem
2711 3148 2808 3202 per
2826 3135 3225 3207 quinquaginta
3256 3148 3464 3208 septem
3493 3156 3672 3196 annos

2100 3224 2211 3277 Deo
2280 3221 2502 3280 volente
2565 3241 2628 3281 ac
2693 3227 3091 3299 permittente,
3156 3238 3447 3289 tenuerant
3508 3243 3671 3305 atque

2096 3330 2261 3386 opera
2297 3317 2430 3372 artis
2462 3317 2680 3390 egregia
2717 3334 2781 3376 ac
2814 3322 3124 3393 magniﬁca,
3150 3324 3360 3380 Pliidize
3387 3341 3449 3381 ac
3481 3327 3673 3382 Praxi-

2098 3409 2222 3464 telis
2250 3408 2413 3476 dico;
2453 3424 2648 3466 aurum
2685 3409 2849 3481 porro
2879 3424 2934 3468 et
2977 3425 3290 3487 argentum,
3353 3420 3674 3488 margaritas

2098 3511 2156 3556 et
2189 3501 2398 3574 lapides
2433 3503 2724 3573 pretiosos,
2751 3507 3081 3564 vestimenta
3113 3505 3300 3565 divina
3328 3519 3383 3566 et
3415 3513 3671 3568 sacerdo-

1212 3574 1498 3673 ἐνταυθοῖ..
1518 3611 1682 3680 ἡνίκα
1710 3609 1806 3681 τὴν
1837 3608 1989 3679 βασι-

2100 3593 2226 3648 talia
2273 3609 2304 3648 e
2357 3595 2572 3665 templis
2631 3612 2693 3651 ac
2735 3597 2992 3656 domibus
3044 3602 3209 3672 regiis
3256 3618 3321 3658 ac
3379 3606 3675 3664 senatoriis

407 3720 684 3775 λεύουσαν
714 3715 871 3771 πόλιν
926 3710 1212 3780 κατέσχον,
1267 3707 1362 3762 καὶ
1400 3705 1608 3776 ταύτην
1644 3705 1738 3757 τοῦ
1789 3703 1993 3764 Σήλυος

411 3813 629 3887 πρόαγε
662 3812 799 3885 ¹ταῖς
845 3803 1057 3871 ἄλλαις,
1114 3800 1400 3870 ἀφείλοντο
1452 3798 1511 3852 τὸ
1561 3797 1660 3851 τοῦ
1715 3796 1994 3866 μάρτυρος

411 3882 596 3974 σῶμα,
622 3882 716 3956 καὶ
750 3899 890 3972 πρὸς
912 3899 1009 3967 τὴν
1032 3892 1410 3964 πρεσϐυτέραν
1441 3888 1667 3966 Ῥώμην
1687 3887 1994 3958 ἐπήγαγον,

408 3971 675 4065 καθάπερ
696 3971 949 4047 καὶίάλλα
984 3988 1210 4042 πλεῖστα
1235 3984 1341 4038 τῶν
1370 3983 1543 4050 ἁγίων
1564 3979 1856 4050 λειψάνων.
1883 3977 1995 4049 Τὴν

407 4095 522 4161 γάρ
556 4085 805 4158 βασιλίδα
848 4084 959 4137 τῶν
1017 4080 1227 4133 πόλεων
1274 4074 1642 4145 κατασχόντες
1692 4075 1741 4127 οί
1805 4072 1994 4146 Ἰταλοὶ

411 4181 645 4251 χρόνους
673 4177 813 4228 ἑπτὰ
848 4175 988 4244 πρὸς
1016 4173 1125 4234 τοῖς
1157 4168 1496 4238 πεντήκοντα
1523 4165 1733 4229 τούτοις
1765 4161 1995 4244 ,δουλεύ-

411 4289 584 4328 ουσαν
622 4271 789 4340 ἀνοχῇ
823 4271 916 4324 καὶ
950 4264 1344 4336 παραχωρήσει
1375 4259 1534 4323 Θεοῦ,
1566 4261 1616 4314 οῑ
1651 4260 1745 4314 καὶ
1777 4260 1996 4332 ἀφῃρη-

399 4345 571 4433 μένοι
597 4363 777 4416 πάντα
807 4362 874 4412 τὰ
908 4359 1182 4429 προσόντα
1213 4357 1348 4425 αὐτῇ
1382 4353 1649 4408 κάλλιστα
1688 4353 1828 4423 ἔργα
1863 4351 1993 4406 θαύ-

416 4476 588 4532 ματος
622 4459 715 4510 καὶ
747 4454 1067 4526 ἐκπλήξεως
1102 4451 1343 4520 γέμοντα
1376 4449 1471 4503 καὶ
1501 4448 1698 4517 ἡδονῆς
1726 4447 1993 4522 ἀρρήτου,

408 4553 626 4608 Φειδίου
659 4551 802 4620 φημὶ
848 4549 944 4603 καὶ
992 4544 1375 4614 Πραξιτέλους·
1405 4541 1484 4594 ἔτι
1537 4542 1593 4594 δὲ
1642 4540 1842 4611 χρυσὸν
1901 4539 1994 4591 καὶ

415 4646 664 4717 ἄργυρον
693 4643 786 4696 καὶ
818 4641 1062 4706 διαυγεῖς
1098 4635 1414 4708 μαργάρους
1445 4632 1539 4685 καὶ
1565 4633 1748 4693 λίθους
1777 4630 1994 4698 τιμίους

415 4741 519 4794 καὶ
552 4735 868 4798 πολυτελεῖς
900 4733 994 4787 καὶ
1035 4729 1220 4782 πέπλα
1252 4727 1368 4781 θεῖα
1399 4725 1493 4778 καὶ
1533 4725 1654 4792 ίερά
1688 4722 1753 4779 ἐκ
1785 4740 1841 4775 τε
1885 4721 1995 4774 τῶν

416 4835 585 4888 θείων
614 4829 788 4896 ναῶν,-
809 4825 871 4880 ἐκ
899 4841 958 4877 τε
988 4823 1096 4877 τῶν
1139 4820 1432 4891 βασιλείων
1452 4820 1636 4882 οἴκων,
1682 4818 1749 4869 ὲκ
1794 4832 1853 4868 τε
1885 4813 1995 4880 τῶν

2096 3682 2339 3753 ejusdem
2371 3685 2522 3741 urbis
2553 3687 2934 3757 abstulerunt;
2970 3705 3107 3760 quos
3132 3703 3409 3761 postremo
3436 3693 3670 3754 Michael

2094 3774 2432 3848 Palzeologus
2457 3776 2699 3848 Angelus
2726 3779 2745 3833 l
2772 3780 3067 3850 imperator
3105 3799 3267 3837 manu
3311 3784 3668 3856 {bi-tissimus,

2097 3867 2325 3939 expulit.
2362 3869 2431 3923 At
2469 3882 2758 3939 postquam
2806 3871 2862 3924 in
2897 3872 3073 3942 primo
3105 3876 3226 3930 loco
3257 3880 3588 3935 constitutus
3616 3892 3671 3936 et

2096 3962 2341 4016 omnium
2373 3973 2500 4017 ante
2535 3963 2710 4032 ipsum
2761 3964 3150 4033 imperatorum
3204 3969 3441 4027 honores
3472 3987 3533 4027 ac
3565 3975 3670 4044 pri-

2097 4055 2291 4128 vilegia
2341 4057 2571 4127 adeptus
2601 4069 2767 4121 esset,
2806 4070 3104 4129 postremo,
3152 4063 3418 4136 gliscente
3465 4049 3668 4124 invidia

2089 4149 2310 4223 Icivibus
2362 4138 2523 4205 bonis
2576 4149 2807 4205 infestus
2857 4163 2914 4207 et
2964 4156 3102 4208 mala
3163 4167 3346 4211 mente
3391 4159 3532 4216 sicut
3593 4162 3670 4214 illi

2096 4258 2217 4298 esse
2240 4245 2426 4317 cmpit,
2456 4260 2564 4315 quo
2607 4245 2807 4302 factum
2849 4258 2932 4302 est
2984 4260 3039 4303 ut
3073 4251 3319 4320 gloriam,
3354 4252 3461 4307 imo
3484 4253 3667 4310 omnia

2097 4337 2366 4395 amiserit.
2416 4325 2632 4406 Corpus
2663 4355 2794 4395 vero
2825 4342 2944 4411 ejus
2986 4345 3038 4397 in
3094 4343 3257 4415 hujus
3312 4344 3486 4416 Selyis
3539 4349 3670 4406 urbe

2097 4432 2154 4486 in
2215 4435 2550 4488 monasterio
2597 4433 2893 4491 Salvatoris
2952 4445 3007 4490 et
3052 4439 3418 4495 misericordis
3466 4441 3670 4500 Christi

2098 4523 2455 4582 tumefactum
2498 4527 2644 4596 jacet
2689 4536 2910 4596 propter
2934 4541 3314 4600 augescentem
3361 4536 3666 4607 dogmatum

2095 4611 2588 4690 corruptelam,“
2622 4637 2733 4692 quo
2760 4632 2984 4678 sanctus
3014 4640 3076 4680 ac
3108 4625 3327 4683 divinus
3359 4629 3666 4697 patriarcha

2096 4703 2364 4769 Arsenius
2418 4709 2600 4784 ipsum
2648 4716 3135 4774 auatbematizavit
3183 4719 3310 4789 quia
3361 4736 3584 4792 regnum
3637 4740 3667 4778 a

2097 4807 2209 4863 ﬁlio
2290 4806 2564 4862 Theodori
2617 4806 2872 4866 Lascaris
2958 4813 3264 4881 usurpavit.
3324 4814 3447 4871 Hac
3505 4817 3672 4888 igitur

417 4921 799 4995 συγκλητικῶν
828 4916 1037 4986 ἀνδρῶν
1070 4915 1163 4967 καὶ
1184 4913 1290 4966 τῶν
1311 4909 1610 4981 οίκητόρων
1636 4907 1868 4977 ταυτησὶ
1896 4905 1989 4976 τῆς

2100 4901 2364 4956 miracula
2392 4915 2609 4957 sacrum
2652 4904 2907 4978 martyris
2958 4905 3129 4959 nosu'i
3175 4917 3340 4972 caput
3390 4921 3668 4978 operatur,

414 5018 648 5077 πόλεως.
683 5007 846 5073 Αὖθις
882 5005 1020 5060 Θεοῦ
1052 5004 1379 5079 βουλομένου
1413 5001 1440 5054 ὁ
1476 4996 1992 5067 στρατηγικώτατος

413 5108 676 5181 βασιλεὺς
724 5101 943 5172 Μιχαὴλ
997 5093 1360 5163 Παλαιολόγος
1389 5093 1606 5162 πρῶτος
1642 5093 1670 5143 ὁ
1701 5088 1990 5158 ¹Ἄγγελος,

413 5203 638 5260 τούτους
666 5198 918 5264 ἐξέωσεν·
955 5192 1014 5254 ὃς
1041 5192 1096 5242 ἐν
1121 5190 1235 5250 τοῖς
1263 5183 1500 5258 πρώτοις
1530 5181 1866 5253 ἀριστεύσας
1895 5181 1991 5234 καὶ

408 5290 485 5350 τὰ
518 5292 784 5365 πρεσϐεῖα
820 5287 1036 5341 πάντων
1079 5281 1189 5334 τῶν
1247 5279 1332 5330 πώ
1379 5292 1507 5330 ποτε
1556 5275 1819 5358 βασιλέων
1849 5276 1990 5327 ἀνει-

415 5385 647 5457 ληφὼς,
701 5380 908 5441 ἐντοῖς
964 5373 1294 5433 τελευταίοις
1348 5370 1496 5439 οἶμοι
1554 5367 1734 5438 φθόνῳ
1777 5368 1987 5431 τούτοις

2101 4994 2320 5050 morbos
2371 4993 2617 5050 sanando
2673 4993 3022 5065 multifarios,
3058 5006 3118 5051 ut
3177 5001 3372 5069 capitis
3423 5002 3664 5068 dolores,

2100 5089 2302 5154 febres,
2340 5089 2581 5143 membra
2620 5090 2742 5160 gelu
2789 5094 3108 5146 constricta.
3142 5091 3320 5157 Quare
3357 5095 3444 5149 hic
3487 5111 3667 5149 sermo

2101 5181 2204 5238 tria
2227 5182 2444 5236 illorum
2476 5183 2870 5237 miraculorum
2907 5183 3325 5248 demonstrabit,
3352 5196 3458 5241 tam
3487 5198 3665 5243 vetera

2098 5290 2260 5346 quam
2289 5276 2560 5341 recentia;
2587 5285 2782 5329 caetera
2815 5290 3054 5345 namque
3077 5277 3327 5333 lubenter
3356 5280 3664 5348 praeteribo.

2101 5364 2400 5436 Imperator
2439 5364 2652 5419 Manuel
2682 5366 3247 5437 Porphyrogenitus...

415 5484 606 5546 καλοῖς
640 5458 1048 5552 βασκαίνοντος,
1099 5470 1166 5521 τὰ
1198 5467 1423 5519 ἐκείνων
1473 5464 1687 5530 φρονῶν
1740 5462 1961 5534 εὑρέθη·
1995 5461 2090 5515 καί⁵
2130 5461 2306 5533 ταύτῃ
2332 5479 2396 5531 γε
2430 5461 2672 5532 μάλιστα
2719 5466 2779 5516 τὸ
2829 5466 3081 5519 πλείστον
3111 5467 3222 5535 ςτῆς
3251 5464 3507 5538 δόξης-,ἢ
3541 5471 3666 5538 τόγε

415 5578 787 5649 ἀληθέστερον
823 5573 1020 5639 εἰπεῖν,
1056 5555 1275 5645 σύμπαν
1307 5558 1562 5635 ἀφείλετό
1600 5576 1659 5611 τε
1709 5563 1803 5612 καὶ
1837 5555 2142 5629 περιῄρητο
2167 5573 2184 5589 ο
2239 5557 2332 5609 καὶ
2389 5555 2447 5607 ὲν
2475 5557 2540 5627 τῇ
2571 5557 2662 5609 τοῦ
2708 5558 2911 5628 Σήλυος
2973 5561 3143 5634 mpm
3188 5562 3344 5615 πόλει
3380 5563 3520 5615 κατὰ
3570 5565 3668 5650 ﬁl?

415 5680 514 5736 τοῦ
548 5676 802 5748 Σωτῆρος
845 5673 941 5728 καὶ
981 5669 1387 5738 πανελεήμονος
1430 5663 1668 5735 Χριστοῦ
1723 5660 1893 5731 μονὴν
1938 5659 2000 5766 τὸ
2041 5655 2210 5766 αὐτού
2272 5655 2912 5766 σῶμιαλκατακείμενον,
2958 5658 3259 5766 καθορᾶται
3300 5660 3665 5766 ργιιούμενος,

399 5777 507 5842 διὰ
554 5777 658 5848 τὴν
694 5771 978 5845 προϐᾶσαν
1007 5768 1116 5823 τῶν
1147 5767 1436 5834 δογμάτων
1463 5760 1761 5829 διαφοράν·
1793 5754 2017 5829 προσέτι
2057 5769 2120 5825 γε
2150 5754 2281 5826 μὴν,
2317 5755 2411 5810 καὶ
2444 5751 2533 5807 διὰ
2574 5753 2665 5807 τὸν
2695 5754 3161 5829 προσφωνηθέντα
3195 5755 3314 5810 κατ’
3339 5753 3507 5811 αὐτοῦ
3533 5756 3662 5825 ἀφο-
