3996 6218
440 332 494 399 21
1565 335 2103 400 HISTORIARUM
2150 340 2385 400 LIBER
2428 340 2522 401 IV.
3521 348 3527 356 ’
3736 344 3739 345 ⁷

437 448 803 521 πρεσϐευτης,
845 448 964 503 ἐπει.
996 447 1198 518 μεταξὺ
1239 448 1656 517 πρεσϐεύοντος.
1694 448 1973 503 Καντακιιυ

2116 450 2339 515 interea,
2396 452 2524 505 dum
2566 451 2681 520 ipse
2716 452 3038 522 legationem
3089 452 3226 516 obit,
3263 452 3675 514 Cantacuzenus

431 541 587 609 ζηνδς
617 543 647 594 ό
684 540 937 610 βασιλεὺς
959 539 1182 610 ἐκράτει
1211 540 1531 607 Βυζαντίου,
1568 543 1647 604 εἰς
1676 541 1872 609 λόγους
1905 541 1994 595 ἐλ-

430 631 558 693 θὼν,
592 632 686 683 καὶ
713 631 809 698 τὴν
832 630 1095 699 βασιλέως
1123 629 1337 683 σύνεσιν
1366 630 1675 700 θαυμάσας,
1716 632 1918 703 πάππα
1938 650 1997 686 τε

428 722 504 790 τῷ
533 722 816 790 Κλήμεντι
878 720 974 773 καὶ
1004 712 1082 792 τῷ
1124 721 1401 791 πέμψαντι
1464 722 1708 792 Δελφίνῳ
1759 724 1998 794 ἔγραφεν

426 812 755 872 ἑπιστολάς’
780 810 844 873 ἃς
869 811 1061 882 ὥσπερ
1098 807 1247 881 εἶχον
1296 814 1721 886 προσεθήκαμεν
1775 817 1839 885 τῇ
1880 815 1997 880 διη-

426 903 607 972 γήσει.
632 899 790 971 Εἶχεν
813 899 905 957 οὖν
927 905 959 975 ἡ
981 905 1116 972 πρὸς
1141 904 1241 973 μὲν
1262 905 1495 959 πάππαν
1510 905 1701 970 οὔτως·
1722 907 2001 975 Ἀγαλλιά-

429 994 543 1046 σθω
577 997 687 1057 πᾶς
720 996 747 1047 ό
776 994 903 1056 λαὸς
932 996 1032 1061 τῆς
1064 996 1173 1047 τῶν
1209 995 1501 1063 Ῥωμαίων
1559 998 1756 1068 ἀρχῆς,
1788 999 1882 1052 καὶ
1899 998 2001 1068 τῆς

427 1088 583 1157 νίκης
610 1085 797 1138 ἕνεκεν
838 1085 931 1138 τοῦ
953 1085 1208 1140 τοσούτου
1248 1088 1514 1159 βασιλέως
1536 1090 2002 1162 εὐφρανθητωσαν

428 1178 649 1249 σύμπας
683 1181 711 1232 ό
768 1180 995 1249 κόσμος.
1059 1181 1399 1250 Ἥγιασμένη
1448 1184 1557 1253 γάρ
1623 1183 1807 1255 ἡμέρα
1868 1186 2002 1237 πᾶσι

429 1274 777 1340 Χριστιανοτς
813 1273 1148 1326 ἀνατέταλκε
1185 1276 1323 1328 κατὰ
1377 1275 1476 1345 τὴν
1526 1276 1719 1347 τρίτην
1772 1278 1866 1331 τοῦ
1912 1279 2004 1331 Φεο

433 1362 748 1431 ὁρουαρίου,
784 1362 840 1413 ἐν
931 1363 993 1431 δὴ
1031 1363 1413 1427 ἐξαπέστειλεν
1448 1367 1623 1429 όΘεὸς
1677 1367 1767 1421 τὸν
1807 1368 2003 1422 ἑαυτοῦ

436 1451 664 1518 ἄγγελον
696 1456 1183 1509 αατασκευάσοντα
1208 1456 1306 1526 τὴν
1341 1456 1459 1510 όδδν
1486 1458 1650 1511 αὐτοῦ
1685 1459 2004 1531 ἔμπροσθεν

437 1542 746 1604 αὑτοῦ,καὶ
807 1544 884 1612 τῷ
939 1546 1125 1614 οίκείῳ
1178 1546 1549 1620 διαυγεστάτῳ
1616 1550 1757 1619 φωτὶ
1816 1552 2007 1623 πόρέω

440 1632 800 1702 ποιησόμενον
827 1636 888 1685 τὸ
918 1637 1013 1703 τῆς
1048 1637 1228 1707 μάχης
1253 1642 1465 1704 σκότος,
1521 1642 1799 1709 ἀγαγόντα
1834 1636 2015 1697 καθάῖ

444 1739 541 1792 περ
574 1724 769 1787 κλάδος
798 1724 1133 1797 κλοαζούσης
1161 1730 1347 1792 ἐλαίας
1400 1732 1499 1803 τὴν
1547 1733 1799 1804 εἰρήνην.
1836 1729 2004 1798 Οὗτος

2104 540 2633 611 Constantinopolim
2668 552 3011 611 occupasset,
3062 558 3398 614 congressus
3426 561 3550 601 cum
3580 565 3671 616 eo,

2104 630 2331 699 ejusque
2364 632 2708 700 prudentiam
2736 631 3057 696 admiratus,
3100 632 3368 689 Clementi
3426 652 3580 707 papa:
3618 648 3675 694 et

2103 718 2312 775 Dellino
2337 762 2351 784 ,
2387 737 2416 774 a
2445 737 2552 791 quo
2580 723 2780 777 missus
2808 723 3007 787 fuerat,
3040 725 3280 793 scripsit.
3314 727 3419 782 Eas
3450 729 3662 799 episto-

2103 810 2185 866 las
2216 812 2270 865 in
2298 812 2582 867 historiam
2612 815 2755 869 hanc
2785 815 2852 869 ad
2885 816 3106 870 verbum
3157 818 3507 887 illigavimus.
3542 822 3676 887 Quae

2084 900 2328 973 quidem
2359 901 2426 955 ad
2461 917 2651 972 papam
2669 912 2774 965 est,
2810 905 2890 958 sic
2925 905 3086 960 habet
3120 905 3465 964 :Uuiversus
3498 926 3669 982 popu-

2104 989 2189 1046 lus
2246 991 2506 1056 exsultet,
2546 994 2885 1062 victoriaque
2942 995 3074 1048 tanti
3134 996 3479 1067 imperatoris
3525 1009 3674 1055 totus

2106 1087 2375 1141 terrarum
2406 1080 2554 1134 orbis
2586 1082 2909 1151 gratuletur.
2943 1083 3069 1138 Dies
3102 1087 3252 1139 enim
3288 1088 3669 1145 sanctiﬁcatus

2106 1169 2429 1225 Christianis
2464 1172 2642 1227 illuxit
2688 1174 2850 1228 tertio
2874 1173 3054 1229 Nonas
3089 1176 3391 1244 Februarii,
3446 1196 3557 1250 quo
3586 1182 3672 1235 ni-

2105 1262 2306 1317 mirum
2345 1264 2489 1318 Deus
2515 1264 2699 1319 emisit
2724 1266 2973 1337 angelum
3006 1282 3165 1322 suum
3198 1286 3503 1339 praeparare
3532 1274 3673 1327 viam

2105 1369 2259 1409 suam
2289 1366 2417 1410 ante
2443 1355 2619 1421 illum,
2645 1368 2699 1412 et
2718 1358 2925 1414 lumine
2950 1375 3049 1414 suo
3077 1361 3519 1430 splendidissimo
3549 1364 3677 1418 belli

2108 1444 2369 1499 tenebras
2412 1445 2600 1513 procul
2659 1445 2982 1515 dispellere:
3019 1449 3113 1518 qui
3166 1465 3355 1519 pacem
3422 1463 3687 1522 tanquam

2106 1535 2336 1590 virentis
2374 1535 2530 1589 olivm
2564 1538 2932 1593 ramusculum
2981 1541 3185 1595 attulit.
3240 1542 3340 1596 llic
3388 1543 3534 1596 enim
3593 1554 3679 1598 est

2107 1640 2198 1680 rex
2214 1626 2395 1694 “pacis,
2427 1626 2562 1681 alter
2601 1626 2877 1695 Salomon,
2923 1631 3081 1700 cujus
3107 1631 3299 1686 faciem
3325 1633 3503 1688 omnis
3538 1642 3681 1688 terra

2106 1716 2291 1772 videre
2321 1718 2596 1773 desiderat
2626 1720 2760 1789 (71).
2795 1720 2932 1776 Ecce
2971 1723 3115 1776 enim
3144 1732 3201 1777 ut
3231 1728 3549 1780 ostenderet
3580 1726 3682 1780 Do-

446 1818 545 1886 γάρ
574 1819 722 1887 ἐστιν
751 1820 777 1868 ό
810 1816 1067 1886 βασιλεὺς
1099 1821 1197 1891 τῆς
1220 1802 1481 1893 εἰρήνης,
1511 1826 1539 1877 ό
1562 1802 1818 1897 δεύτερος
1841 1828 2002 1881 Σολο-

2116 1807 2307 1873 minus,
2333 1823 2440 1861 non
2471 1808 2523 1861 in
2549 1810 2675 1878 equi
2698 1811 2913 1873 robore,
2947 1821 3040 1866 aut
3071 1812 3126 1865 in
3150 1815 3391 1883 potentia
3419 1815 3695 1879 hominis,

458 1904 664 1976 μὼν,οἶι
700 1911 760 1964 τὸ
799 1913 1092 1982 πρόσωπον
1125 1914 1389 1984 ἐπιθυμεῖ
1417 1917 1640 1987 βλέπειν
1690 1922 1841 1974 πᾶσα
1886 1921 2004 1983 κτί-

453 2017 545 2063 σες.
591 2001 718 2057 Ἰδοὺ
748 2004 858 2076 γὰρ
894 2005 978 2058 ἵνα
1043 2006 1193 2080 δείξῃ
1233 2009 1437 2079 Κύριος
1496 2012 1571 2074 ὡς
1620 2012 1723 2066 οὐκ
1761 2014 1820 2066 ἐν
1862 2012 2044 2084 ἰσχύϊ-

453 2091 629 2160 ἵππου,
658 2096 758 2149 οὐκ
788 2099 846 2150 ἐν
872 2097 1164 2169 δυναστείᾳ
1195 2101 1513 2171 ἀνθρώπου,
1547 2103 1665 2157 ἀλλ’
1693 2106 1752 2159 ἐν
1778 2105 2007 2176 δυνάμει

451 2181 573 2236 Θεοῦ
604 2185 796 2254 γέγονε
831 2188 889 2240 τὸ
906 2190 1170 2260 τρόπαιον
1196 2195 1349 2246 τουτὶ
1367 2194 1520 2265 παρὰ
1548 2196 1641 2250 τοῦ
1669 2198 2007 2267 ὑψηλοτάτου

455 2274 538 2324 καὶ
564 2278 1000 2343 νικητικωτάτου
1042 2279 1307 2347 βασιλέως
1339 2284 1434 2336 καὶ
1482 2285 1884 2355 αὐτοκράτορος
1911 2304 2009 2340 κυ-

466 2364 568 2430 ρίου
606 2365 855 2420 Ἰωάννου
888 2368 980 2424 τοῦ
1019 2371 1497 2443 Καντακουζηνοῦ,
1529 2377 1735 2447 ἀνέῳξε
1764 2380 1891 2440 τοὺς
1910 2379 2010 2446 τῆς

473 2454 658 2507 ἐαυτοῦ
684 2458 952 2526 δυνάμεως
992 2461 1329 2532 θησαυροὺς,
1365 2468 1562 2534 ἐγχέας
1613 2471 1701 2521 ἐπ’
1735 2470 1901 2522 αὐτὸν
1940 2472 2008 2524 τὰ

460 2543 605 2613 δῶρα
639 2547 749 2597 τῶν
777 2551 964 2602 ἑαυτοῦ
993 2560 1374 2624 χαρισμάτων,
1410 2560 1509 2627 τὴν
1528 2559 1778 2628 βασιλίδα
1807 2561 2010 2633 δηλαδὴ

456 2633 651 2705 ταύτην
683 2637 793 2691 τῶν
823 2640 1056 2709 πόλεων,
1104 2645 1202 2715 τὴν
1241 2645 1651 2705 Κωνσταντίνου
1715 2654 1880 2723 φημὶ,
1918 2656 2010 2707 καὶ

459 2725 750 2793 παρασχὼν
778 2728 975 2799 όλόκλη
985 2748 1077 2801 ρον
1100 2734 1247 2804 αὐτῷ
1271 2734 1549 2804 βασιλείαν
1603 2743 1669 2810 τῇ
1696 2740 1819 2812 θείᾳ.
1842 2741 2008 2795 αὐτοῦ

456 2815 752 2887 δυνάμειέν
782 2821 1076 2895 δυναστεία
1110 2826 1315 2891 ὅπλων,
1353 2831 1449 2883 καὶ
1503 2832 1852 2904 ἐκτεταμένῳ
1878 2833 2014 2904 βρα-

454 2907 607 2978 χίονι,
634 2911 702 2964 ἶν’
731 2915 789 2967 ἐν
813 2916 965 2987 αὐτῷ
1002 2919 1201 2987 μᾶλλον
1228 2922 1470 2990 φανῶσιν
1503 2924 1553 2976 οἱ
1582 2924 1671 2977 διὰ
1694 2925 1896 2989 παντὸς
1924 2926 2011 2994 ῥέ-

447 3016 595 3064 οντες
630 3009 870 3075 ποταμοὶ
940 3008 1048 3061 τῶν
1098 3010 1295 3064 ἐαυτοῦ
1357 3002 1713 3085 χαρισμάτων
1771 3020 1863 3069 καὶ
1915 3016 2009 3069 τοῦ

447 3090 651 3155 ἐλέους.
683 3095 858 3159 Αὐτὸς
884 3098 994 3169 γάρ
1016 3100 1133 3153 ἐστι
1163 3101 1291 3172 περὶ
1317 3098 1377 3157 οὗ
1409 3105 1744 3175 γέγραπται,
1777 3106 1861 3159 ὅτι
1883 3106 2007 3173 ἠδυ-
2039 3135 2081 3193 C

448 3188 583 3257 νήθη
606 3192 943 3261 παραϐῆναι,
976 3194 1069 3247 καὶ
1097 3195 1157 3248 οὔ
1174 3195 1410 3267 παρέϐη,
1445 3200 1538 3251 καὶ
1570 3200 1737 3251 κακὸν
1760 3203 2008 3269 ποιῆσαι,

446 3286 533 3333 καὶ
582 3284 683 3337 οὐκ
722 3285 944 3353 ἐποίησε
969 3302 982 3316 ·
1043 3287 1243 3356 μᾶλλον
1274 3289 1326 3340 δὲ
1362 3288 1628 3358 ἑπόμενος
1679 3292 1758 3360 τῷ
1792 3292 2013 3362 Χριστῷ

446 3374 832 3427 ἁνταπέδωκεν
862 3375 1065 3441 ἀγαθὸν
1094 3379 1215 3429 ἀντὶ
1252 3379 1446 3440 κακοῦ,
1508 3382 1769 3452 μνησθεὶς
1808 3384 2011 3448 ἐλέους,

444 3466 534 3515 καὶ
592 3466 978 3534 ἐπιλαθόμενος
1036 3469 1291 3539 ἀνομίας.
1364 3472 1464 3534 Ὃς
1517 3490 1582 3540 γε
1654 3475 1747 3527 καὶ
1793 3475 2016 3543 γέγονεν

442 3555 651 3622 ἀγαθὸς
685 3557 1029 3627 στρατιώτης
1078 3562 1219 3614 κατὰ
1270 3562 1362 3614 τὸν
1413 3563 1646 3632 πρώτως
1702 3565 2017 3633 ἀθλήσαντα

443 3641 745 3711 Στέφανον,
780 3648 921 3715 ὑπὲρ
964 3648 1071 3701 τῶν
1111 3650 1280 3713 λίθοις
1327 3650 1636 3720 βαλλόντων
1703 3653 1865 3705 αὑτὸν
1893 3655 2018 3707 διω·

440 3735 595 3787 τιτῶν
611 3738 1069 3806 προσευξάμενον,
1108 3743 1199 3794 καὶ
1223 3761 1241 3795 ‹
1273 3745 1364 3808 Μὴ
1398 3745 1602 3814 στήσῃς
1630 3745 1837 3809 αὐτοῖς,
1866 3748 2017 3818 εἰρη-

440 3829 607 3891 κίτα,
632 3829 896 3893 Δέσποτα,
933 3832 1030 3900 τὴν
1060 3832 1338 3901 ἁμαρτίαν
1365 3835 1593 3903 ταύτην,
1625 3836 1683 3887 οὐ
1721 3836 2017 3909 γὰροίδασι

438 3920 492 3972 τί
528 3921 824 3987 ἐποίησαν.
854 3940 872 3971 ι
919 3923 1051 3975 Οὐδὲ
1065 3924 1177 3975 ποτ’
1198 3926 1293 3977 ἀπ’
1317 3927 1507 3989 αἰῶνος
1540 3927 2022 3996 ἦκουσταιτοσαύ-

442 4026 549 4079 την
582 4011 771 4081 ἀνδρδς
801 4014 1001 4082 ἀρετὴν
1023 4017 1330 4083 γεγονέναι,
1360 4018 1476 4070 οὔτ’
1554 4020 1897 4090 Ὀκταὸιανῷ
1941 4022 2020 4090 τῷ

443 4099 688 4167 βασιλεῖ,
724 4102 849 4155 οὔτε
883 4103 1175 4176 θεοδοσίῳ,
1223 4106 1350 4160 οὔτε
1384 4111 1492 4179 μὴν
1533 4112 1590 4163 ἐν
1617 4111 1918 4181 Αὐγούστῳ
1944 4113 2022 4183 τῷ

446 4193 722 4263 Καίσαρι,
752 4193 827 4257 ὡς
851 4194 945 4260 οὓς
971 4198 1214 4269 ἠδυνήθη
1264 4202 1329 4269 τῇ
1388 4201 1497 4253 τῶν
1556 4201 1737 4255 ὃπλων
1792 4203 2022 4273 δυνάμει

446 4284 946 4359 καταστρωννύναι
970 4289 1047 4347 εἰς
1078 4288 1203 4357 γῆν,
1238 4288 1444 4353 τούτοις
1471 4290 1655 4345 δοῦναι
1695 4293 1786 4347 τὸν
1827 4294 2021 4346 ἑαυτοῦ

448 4375 696 4442 χρηστὸν
732 4375 903 4442 ἔλεον,
943 4378 1333 4449 ἐπιλαθόμενος
1358 4382 1467 4434 τῶν
1497 4384 1577 4444 είς
1598 4383 1759 4437 αὑτὸν
1803 4386 2019 4440 πάντων

2107 1900 2200 1954 sed
2232 1899 2411 1953 divina
2443 1901 2642 1955 virtute
2673 1912 2916 1956 erectum
2944 1902 3045 1959 hoc
3067 1912 3352 1975 tropmum,
3388 1922 3418 1960 a
3453 1909 3683 1975 praevel-

2106 1992 2413 2049 lcntissimo
2445 2004 2499 2049 et
2546 1994 2902 2050 invictissime
2934 1996 3156 2051 domino
3178 1998 3390 2053 Joanne
3416 1999 3687 2055 Cantacuo

2109 2099 2246 2141 zeno
2276 2088 2519 2157 Augusto
2545 2086 2897 2157 imperatore,
2946 2091 3236 2158 potestatis
3295 2106 3411 2146 suae
3464 2093 3686 2147 thesau-

2110 2192 2202 2232 ros
2227 2179 2463 2248 aperuit,
2497 2189 2553 2233 et
2577 2179 2630 2232 in
2669 2179 2819 2232 illum
2851 2196 3074 2235 suorum
3101 2183 3496 2237 chatismatum
3525 2183 3669 2237 dona

2110 2270 2318 2333 ell'udit,
2350 2270 2513 2339 709
2536 2271 2663 2324 dum
2697 2270 2950 2325 videlicet
2992 2272 3068 2325 illi
3129 2274 3270 2327 hanc
3300 2273 3540 2342 reginam
3583 2289 3682 2326 ur-

2112 2361 2285 2425 bium,
2317 2361 2851 2429 Constantinopolim
2884 2361 3128 2431 inquam,
3185 2372 3240 2417 et
3288 2373 3686 2432 quantumcun-

2112 2469 2219 2523 que
2249 2462 2331 2507 est
2385 2453 2698 2522 imperium.
2736 2453 2947 2509 caelesti
2988 2454 3189 2508 virtute
3225 2455 3279 2508 in
3309 2457 3556 2524 potentia
3593 2470 3685 2509 ar-

2112 2559 2348 2607 morum,
2407 2553 2462 2597 et
2498 2543 2721 2597 brachio
2747 2552 2973 2598 extento
3020 2544 3267 2612 tradidit,
3326 2556 3387 2600 ut
3454 2546 3511 2600 in
3567 2550 3687 2615 ipso

2113 2634 2380 2687 donorum
2442 2633 2563 2702 ejus
2602 2643 2658 2688 et
2723 2634 3115 2690 misericordia:
3184 2634 3338 2690 ﬂuvii
3412 2651 3703 2706 perennes.

2112 2725 2310 2779 clarius
2343 2734 2686 2794 apparerent.
2723 2723 2823 2779 Hic
2846 2727 2992 2779 enim
3021 2736 3109 2787 est
3134 2727 3203 2782 de
3232 2743 3341 2798 quo
3373 2727 3683 2797 Scriptura.

2114 2815 2205 2883 qui
2238 2817 2415 2885 potuit
2476 2818 2801 2887 transgredi,
2858 2828 2914 2873 et
2981 2834 3091 2873 non
3152 2828 3237 2874 est
3288 2830 3701 2890 transgressus,.

2114 2905 2295 2959 facere
2325 2904 2487 2970 mala,
2510 2915 2565 2961 et
2615 2923 2726 2961 non
2761 2907 3053 2967 fecit.'lmo
3107 2910 3354 2980 profecto
3403 2910 3703 2965 Christum.

2114 2995 2356 3050 imitatus
2382 3037 2398 3063 ,
2427 2998 2630 3052 bonum
2656 3013 2755 3068 pro
2790 2999 2932 3053 malo
2965 3000 3236 3067 reddidit;
3267 3016 3477 3056 memor
3519 3003 3683 3056 mise-

2115 3088 2364 3151 rationis,
2406 3098 2461 3143 et
2492 3089 2778 3145 immemor
2834 3091 3158 3161 iniquitatis.
3219 3093 3323 3159 Qui
3373 3094 3539 3147 etiant
3584 3093 3686 3146 fuit

2118 3181 2291 3233 bonus
2335 3181 2509 3244 miles,
2567 3183 2867 3238 secundum
2926 3187 3205 3254 exemplar
3264 3185 3427 3255 primi
3468 3183 3686 3239 athleta:

2116 3269 2380 3338 Stephani
2444 3276 2653 3326 orantis
2693 3289 2789 3342 pro
2852 3276 3296 3343 persecutoribus
3325 3280 3384 3329 se
3442 3275 3687 3344 lapidan-

2118 3362 2297 3423 tihus,
2358 3362 2744 3432 dicentisque:
2814 3384 2832 3417 ι
2875 3365 3119 3431 Domine,
3178 3382 3247 3421 ne
3314 3377 3523 3420 statuas
3578 3365 3686 3419 illis

2120 3453 2220 3507 hoc
2253 3465 2530 3522 peccatum
2562 3459 2686 3524 quia
2717 3458 3113 3527 nescinntquid
3155 3458 3419 3513 faciunt‘.
3459 3477 3478 3511 ι
3511 3456 3661 3511 Νυη-

2118 3558 2280 3611 quam
2312 3552 2433 3612 post
2467 3545 2719 3600 homines
2750 3560 2909 3600 natos
2942 3549 3104 3601 ullius
3127 3558 3233 3601 tam
3258 3548 3550 3617 singularis
3608 3548 3692 3600 in~

2118 3632 2504 3703 credibilisque
2544 3637 2717 3690 virtus
2761 3636 2945 3689 audita
3002 3648 3106 3702 est,
3159 3653 3335 3707 neque
3381 3636 3686 3698 Octaviani,

2120 3739 2299 3795 neque
2324 3723 2616 3781 Theodosii
2650 3726 2760 3796 (72)
2792 3743 2805 3779 :
2866 3737 2923 3781 ut
2952 3742 3089 3797 quos
3112 3728 3158 3780 vi
3210 3742 3489 3782 armorum
3536 3727 3689 3780 humi

2120 3823 2469 3887 prosternere
2513 3818 2709 3887 potuit,
2743 3817 2874 3883 illis,
2910 3818 3155 3871 omnium
3189 3818 3245 3871 in
3276 3832 3335 3872 se
3372 3816 3697 3871 commisso-.

2121 3924 2240 3963 rum
2272 3907 2496 3972 oblitus,
2535 3908 2621 3977 pie
2652 3908 3087 3964 misericordiam
3139 3906 3297 3964 suam
3360 3906 3687 3977 impertiret.

2122 3999 2330 4054 Laetare
2349 3998 2529 4069 igitur,
2565 3998 2908 4053 sanctissime
2936 3998 3177 4061 domine,
3206 3999 3343 4053 adeo
3372 3996 3723 4063 felicﬁadeol—

2123 4090 2463 4159 triumphali,
2513 4089 2915 4159 incruentoque
2982 4100 3035 4143 et
3113 4090 3431 4144 Christiano
3492 4086 3694 4158 populo

2125 4182 2350 4236 minime
2380 4182 2547 4235 noxio
2600 4183 2873 4251 ingressu.
2931 4182 3128 4235 lterum
3184 4180 3380 4250 gaude.
3432 4178 3689 4248 quoniam

2124 4273 2325 4327 veritas
2367 4287 2466 4341 per
2508 4272 2794 4326 veritatem
2837 4281 3092 4340 suscepta
3120 4280 3222 4324 est.
3273 4269 3482 4324 Christi
3544 4268 3715 4321 enim.

2124 4365 2323 4419 veritas
2349 4363 2512 4433 hujus
2536 4364 2766 4418 insontis
2806 4363 3148 4432 imperatoris
3190 4361 3475 4416 veritatem
3508 4369 3693 4413 osten-

448 4466 664 4521 κακῶν.
690 4466 877 4520 Ταῦτά
902 4485 983 4520 τοι
1014 4471 1107 4523 καὶ
1141 4473 1320 4541 χαῖρε,
1359 4473 1634 4540 άγιὼτατε
1663 4474 1922 4541 δέσποτα,
1950 4480 2014 4549 τῇ

2123 4458 2236 4521 dit,
2294 4465 2579 4527 propterea
2634 4455 2778 4524 quod
2830 4456 3032 4509 veritas
3091 4462 3147 4507 et
3188 4451 3562 4507 misericordia
3620 4449 3692 4502 illi

448 4558 631 4620 οὕτως
671 4558 910 4628 εὐτυχεῖ,
944 4558 1086 4613 οὕτω
1113 4566 1523 4635 νικητικωτάτῃ
1586 4565 1802 4638 εἰσόδῳ,
1868 4570 2026 4623 ἀναι-

451 4652 656 4720 μάκτῳ
711 4668 771 4704 τε
819 4652 916 4706 καὶ
968 4653 1191 4724 ἀζημίῳ
1242 4654 1336 4707 τοῦ
1403 4657 1794 4725 Χριστιανικοῦ
1842 4660 2020 4713 λαοῦ·

446 4742 547 4791 καὶ
596 4736 753 4801 αὖθις
783 4743 965 4811 χαῖρε,
998 4742 1078 4793 ὅτι
1129 4744 1162 4812 η
1196 4744 1424 4812 ἀλήθεια
1457 4746 1526 4799 δι’
1583 4746 1842 4817 ἀληθείας
1891 4751 2027 4804 ἐδεί-

372 4846 375 4851 ·
450 4831 587 4902 χοη.
631 4831 694 4883 Ἦ
727 4832 834 4903 γάρ
865 4832 960 4885 τοῦ
1020 4835 1258 4902 Χριστοῦ
1306 4836 1538 4907 ἀλήθεια
1589 4839 1761 4906 ἔδειξε
1812 4841 1908 4910 τὴν
1938 4842 2031 4895 τοῦ

447 4919 641 4972 αθὼου
673 4920 866 4974 τούτου
893 4922 1159 4991 βασιλέως
1189 4925 1474 4995 ἀλήθειαν,
1520 4926 1613 4979 ἐπὶ
1639 4928 1717 4999 τῷ
1771 4930 2021 4996 άπαντῆο

525 5080 542 5108 ⁸
580 5081 703 5132 Act.
742 5093 835 5144 \‘tt,
882 5078 967 5132 59.

2119 4549 2504 4611 obviaverunt,
2529 4546 2855 4616 justitiaque
2912 4554 2965 4599 et
3005 4560 3112 4615 pax
3164 4546 3310 4597 inter
3350 4557 3408 4597 se
3438 4540 3694 4595 osculata:

2121 4649 2267 4695 sunt.
2324 4640 2588 4710 Equidem
2620 4640 2724 4694 hoc
2755 4641 2821 4694 ad
2851 4654 3043 4710 pacem
3105 4638 3287 4709 potius
3317 4647 3370 4691 et
3422 4636 3688 4705 optimum

2126 4732 2365 4787 universi
2398 4731 2582 4803 populi
2614 4730 2916 4786 Christiani
2946 4740 3148 4785 statum
3183 4739 3238 4784 ct
3272 4730 3337 4783 ad
3375 4728 3689 4781 incremen-

2129 4837 2240 4879 tum
2279 4823 2465 4892 tropaei
2518 4832 2706 4877 contra
2751 4822 3004 4875 inimicos
3054 4822 3232 4874 crucis
3265 4818 3467 4872 Christi
3528 4816 3695 4885 perti-

2130 4925 2262 4966 nere
2319 4911 2532 4966 conlido
2564 4929 2579 4967 :
2612 4911 3070 4983 quemadmodum
3113 4924 3216 4963 non
3275 4905 3536 4960 mediocri
3595 4904 3693 4959 de.-
3738 4942 3741 4945 λ

1735 5174 1949 5238 Jacobi
1984 5174 2249 5237 Pontam
2284 5185 2468 5237 notae.

454 5328 643 5391 terrae.
672 5317 1057 5391 dicereturque
1087 5317 1345 5391 Delﬁnus.
1382 5319 1553 5391 Igitur
1586 5333 1732 5374 anno
1774 5320 2029 5390 sequenti

449 5388 699 5459 Joannes
728 5387 1372 5459 Philippi’primogenitus
1395 5387 1605 5459 accepit
1630 5387 2029 5458 possessionem

452 5458 633 5517 illius,
663 5466 716 5509 et
746 5459 918 5527 fartus
950 5467 1032 5512 est
1063 5458 1271 5527 primus
1315 5458 1576 5513 Delﬁnus.
1614 5460 1881 5514 lmbertus
1928 5476 2030 5513 au-

456 5536 571 5580 te.n
629 5527 770 5594 apud
818 5526 1141 5598 Lugdunum
1192 5529 1438 5584 ordinem
1488 5529 1912 5584 Prtedicatorutn
1949 5530 2032 5583 in-

456 5610 683 5665 gressus
706 5605 811 5649 est.

532 5664 649 5732 (7|)
691 5666 743 5717 In
779 5667 814 5718 ‘2
850 5665 1085 5739 Paralip.
1119 5676 1203 5722 est
1244 5668 1329 5722 his
1360 5670 1538 5724 verbis
1574 5688 1586 5723 :
1622 5667 1910 5739 Omnesque
1946 5682 2029 5739 re-

459 5750 550 5802 ges
585 5744 848 5788 terrarum
882 5738 1249 5791 desiderabant
1286 5741 1455 5793 αἰὼν-ε
1488 5742 1676 5810 [aciem
1705 5738 2013 5805 Salo'ntonis,

2129 5327 2185 5374 ut
2218 5321 2459 5374 audirent
2503 5320 2840 5389 sapientiam,
2873 5329 3003 5384 ctc.;
3042 5332 3142 5375 nec
3181 5320 3342 5374 aliter
3385 5318 3527 5389 apud
3565 5318 3702 5389 δέρε

2131 5392 2309 5444 tuaain
2320 5402 2393 5444 ta.
2704 5414 2711 5421 ε

2199 5407 2588 5531 ῗξὲςῐὲὲψιίιω·
2619 5458 2671 5512 in
2704 5458 2911 5519 Graeco,
2934 5458 3058 5531 οὔτε
3095 5458 3200 5531 μὴν
3228 5458 3538 5531 on/otism»
3565 5460 3703 5531 καί·

2131 5528 2317 5599 σαρος.
2354 5530 2460 5583 Sed
2488 5530 2588 5582 hoc
2618 5538 2704 5582 est
2737 5539 2985 5597 repetere
3014 5528 3297 5583 Octavium
3328 5544 3342 5580 :
3378 5528 3519 5582 idem
3549 5530 3695 5583 enim

2130 5598 2565 5669 Augustnquui
2598 5599 2873 5653 Octavius.
2911 5598 3180 5653 Fortassis
3207 5599 3372 5669 alium
3414 5600 3701 5651 nominare

2131 5666 2322 5724 voluit.
2359 5666 2520 5745 _lnfra
2550 5678 2753 5745 autem
2794 5670 3064 5745 explicat,
3095 5667 3380 5745 quomodo
3425 5682 3700 5745 queinque

2124 5740 2415 5810 superarit,
2447 5748 2499 5792 et
2526 5738 2941 5794 Constantinum
2999 5755 3059 5792 ac
3094 5736 3405 5805 Scipionem
3434 5736 3700 5804 adjnngit.
