3996 6218
286 366 362 428 23
1470 354 1820 421 'JOANNlS

1958 360 2382 423 NTACUZENI
3471 366 3544 431 22

288 481 550 538 trimento
581 480 683 534 fuit
712 478 1079 543 Romanorum
1140 476 1567 547 imperatoribus
1606 472 1856 545 longissi-

1972 493 2065 531 σαι
2094 479 2195 549 τὴν
2230 479 2491 549 ἀλήθειαν
2540 480 2689 550 αὐτῷ
2730 482 2822 535 καὶ
2851 481 2941 536 τὸν
2976 481 3148 546 ἔλεον,
3177 482 3269 536 καὶ
3302 500 3540 556 καταφι-

288 585 656 645 motempore
725 570 1395 643 ampliﬁcata'discordia.
1458 569 1697 623 Proinde
1753 568 1859 621 ριςί

288 670 537 737 qua‘dam
580 668 813 723 nefanda
843 666 1088 722 facinora
1112 665 1180 720 de
1215 663 1494 717 nominato
1524 676 1553 714 a
1587 676 1673 715 me
1705 674 1858 713 scrc-

288 765 521 820 nissimo
588 764 915 831 imperatore
976 768 1033 814 et
1102 766 1335 828 augusto
1385 755 1608 810 domino
1651 753 1859 807 Joanne

286 856 672 912 Cantacuzeno
694 853 807 923 (qui
841 853 1005 908 etiam
1049 859 1204 921 pater
1228 861 1375 903 nunc
1406 857 1490 902 est
1518 845 1858 901 serenissimi

286 946 635 1017 imperatoris
692 953 748 999 et
785 943 999 1010 augusti
1078 941 1454 995 Romanorum
1492 936 1715 992 Joannis
1759 934 1859 987 Pa-

286 1039 540 1109 lzeologi),
569 1036 845 1091 sanctitati
875 1045 981 1089 tuae
1033 1042 1251 1087 narrata
1292 1039 1441 1097 sunt,
1475 1039 1625 1085 certe
1648 1044 1860 1098 nequa-

280 1148 447 1204 quam
492 1130 849 1193 admittenda,
889 1144 990 1183 nec
1016 1127 1123 1181 ullo
1153 1124 1315 1179 modo
1376 1123 1650 1179 credenda
1703 1130 1853 1176 sunt.

282 1226 534 1279 Arbitror
596 1221 743 1275 enim
803 1217 1195 1274 beatitudinem
1234 1225 1381 1269 tuam
1412 1212 1585 1268 dehis
1624 1212 1693 1268 ab
1723 1212 1856 1282 ipsis

283 1317 522 1373 dominis
588 1312 1122 1381 imperatoribusque
1173 1308 1377 1364 nostris
1406 1307 1521 1362 sive
1563 1321 1661 1376 per
1711 1305 1858 1375 lega-

281 1419 389 1471 tos,
421 1408 537 1462 sive
584 1420 680 1474 per
710 1404 916 1457 litteras
967 1401 1139 1472 probe
1170 1410 1223 1454 et
1270 1399 1454 1454 verius
1483 1407 1646 1467 atque
1693 1394 1856 1465 liqui-

286 1499 413 1553 dius
471 1496 643 1551 nihilo
703 1494 891 1547 minus
948 1491 1317 1560 cognituram.
1376 1486 1501 1542 llaec
1524 1486 1592 1540 ad
1657 1501 1853 1556 papam

282 1594 615 1649 Clementem
658 1587 726 1641 Vl
762 1585 1189 1640 Bartholomazus
1211 1583 1281 1636 de
1302 1578 1743 1649 imperatoribus.
1773 1578 1854 1631 Ad

280 1685 579 1738 lnibertum
638 1694 819 1735 autem
879 1678 1147 1731 Deltlnum
1200 1668 1609 1747 Viennensem,
1658 1687 1687 1724 a
1745 1685 1855 1740 quo

1969 571 2131 639 λῆσαι
2162 573 2389 642 εἰρήνην
2422 591 2479 626 τε
2503 575 2596 626 καὶ
2617 572 2989 644 δικαιοσύνην.
3034 574 3178 641 Ἐγὼ
3210 575 3274 643 δὴ
3304 578 3540 632 πέποιθα

1962 665 2113 718 τοῦτ’
2146 661 2287 717 εἶναι
2315 664 2516 732 μᾶλλον
2554 664 2695 735 ὑπὲρ
2746 667 2971 735 εἰρήνης
3024 669 3116 719 καὶ
3150 670 3540 733 καταστάσεως

1962 758 2059 811 τοῦ
2096 757 2413 826 σύμπαντος
2446 757 2835 826 Χριστιανικοῦ
2867 758 3021 823 λαοῦ,
3060 760 3154 812 καὶ
3185 763 3265 821 εἰς
3292 760 3534 813 ἐπίδοσιν

1962 850 2057 903 τοῦ
2091 852 2255 921 κατα
2278 851 2391 904 τῶν
2427 851 2638 922 ἐχθρῶν
2686 850 2781 904 τοῦ
2831 852 3069 922 σταυροῦ
3112 851 3401 920 τροπαίου,
3428 851 3535 904 ὦσα

1962 960 2069 1014 περ
2099 944 2162 996 οὐ
2196 944 2401 1014 μικρὰν
2429 944 2527 1012 τὴν
2552 943 2758 1014 ζημίαν
2781 942 3082 1012 εἰργάσατο
3112 945 3224 1005 τοῖς
3250 943 3534 1013 βασιλεῦσι

1973 1032 2348 1107 Ῥωμανίαςη
2388 1038 2581 1108 χρόνον
2627 1038 2721 1089 ἐπὶ
2777 1036 3031 1089 πλεῖστον
3097 1036 3400 1105 αὐξηθεῖσα
3457 1038 3541 1091 διέ

1959 1130 2168 1201 χόνοια.
2199 1129 2393 1183 Τοίνυν
2422 1132 2470 1181 εί
2504 1129 2598 1181 καί
2636 1147 2758 1182 τινα
2789 1129 3090 1199 δεδήλωται
3126 1132 3191 1199 τῇ
3251 1132 3317 1199 σῇ
3384 1129 3533 1196 ἅγιά·

1958 1240 2081 1292 τητι
2114 1222 2624 1292 ἀρῤητουργήματα
2656 1222 2797 1275 κατὰ
2827 1222 2918 1274 τοῦ
2938 1221 3341 1293 προρρηίίέντος
3359 1222 3531 1288 γαλη-

1957 1314 2181 1366 νοτάτου
2206 1312 2471 1383 βασιλέως
2494 1314 2598 1389 ⁸καὶ
2618 1312 3016 1381 αὐτοκράτορος
3034 1310 3317 1380 Ῥωμαίων
3338 1314 3527 1381 κυρίου

1970 1405 2219 1459 Ἰωάννου
2265 1404 2360 1457 τοῦ
2392 1402 2877 1473 Καντακουξηνοῦ,
2928 1403 3025 1455 τοῦ
3078 1405 3172 1456 καὶ
3199 1404 3400 1470 πατρὸς
3438 1403 3531 1455 νῦν

1954 1495 2050 1549 τοῦ
2100 1495 2465 1563 γαληνοτάτου
2513 1493 2777 1563 βασιλέως
2823 1493 2915 1545 καὶ
2960 1493 3361 1563 αὐτοκράτορος
3400 1494 3533 1544 Ῥω-

1959 1587 2136 1655 μαίων
2191 1585 2380 1653 κυρίου
2415 1585 2663 1655 Ἰωάννου
2702 1586 2795 1639 τοῦ
2850 1585 3238 1652 Παλαιολόγου,
3280 1584 3394 1637 ἀλλ’
3438 1580 3547 1647 οὖν,

1961 1678 2226 1747 μηδαμῶς
2250 1673 2359 1731 εἷεν
2380 1678 2594 1741 δεκτέα,
2623 1679 2656 1750 ἢ
2678 1678 2975 1732 πιστευτέα
3007 1678 3146 1730 κατά
3169 1666 3285 1729 τινα
3306 1679 3526 1745 τρόπον.

284 1778 447 1831 ctiam
479 1776 694 1844 legatus
720 1774 786 1826 ad
847 1771 1056 1824 Annam
1096 1766 1509 1835 imperatricem
1573 1762 1742 1827 venit,
1799 1761 1851 1816 in

1960 1766 2132 1840 Οἶμαι
2187 1771 2298 1838 γὰρ
2329 1770 2406 1834 ὡς
2440 1772 2497 1822 ὲν
2526 1770 2705 1840 τούτῳ
2727 1771 2957 1841 θήσεται
2985 1772 3018 1840 ἡ
3050 1769 3116 1837 σὴ
3142 1771 3371 1839 ἁγιότης
3399 1772 3529 1837 περὶ

285 1869 399 1922 haec
433 1868 594 1920 verba
634 1864 846 1917 litteras
874 1860 1026 1916 dedit
1058 1878 1073 1915 :
1111 1859 1282 1913 Totus
1326 1856 1567 1911 ﬁdelium
1618 1854 1853 1926 populus

281 1958 479 2028 jubilet
526 1956 815 2021 hilariter;
868 1953 1067 2022 psallat
1113 1950 1562 2005 ChriStianorum
1611 1948 1849 2013 chorus;

281 2051 444 2120 710
477 2048 531 2101 in
589 2044 954 2101 sacrosanctis
1006 2042 1254 2098 ecclesiis
1328 2038 1681 2095 illustrissimi
1736 2037 1855 2091 dies

280 2140 405 2194 {esti
434 2144 806 2203 renoventur;
842 2134 1043 2189 feriant
1074 2132 1255 2187 sidera
1306 2130 1622 2200 psalmodiae
1660 2142 1677 2193 ;
1726 2138 1857 2182 cant

281 2232 424 2285 caelo
452 2226 843 2281 monachorum
875 2238 1075 2293 organa
1103 2241 1118 2290 ;
1164 2222 1458 2278 volvantur
1486 2235 1586 2291 per
1607 2219 1853 2274 omnium

281 2339 403 2385 ora,
446 2333 774 2388 omnemque
818 2317 1179 2372 circumcirca
1230 2316 1509 2385 regionem
1558 2326 1857 2381 pervagen-

254 2470 255 2473 η
282 2427 373 2470 tur
408 2418 488 2470 ha:
516 2412 775 2484 iucundae
807 2423 1128 2481 panegyrcs,
1159 2417 1219 2462 ut
1247 2406 1600 2479 gaudentium
1648 2405 1854 2460 clamor

279 2522 393 2561 non
421 2522 449 2559 a
484 2504 847 2558 terrestribus
871 2502 1070 2565 solum,
1102 2500 1196 2554 sed
1224 2500 1390 2553 etiam
1445 2512 1475 2551 a
1535 2496 1854 2551 caelestibus

282 2598 494 2652 civibus
528 2595 876 2650 exaudiatur.
898 2591 1098 2646 Audite
1123 2590 1309 2659 igitur,
1335 2588 1479 2651 cmli,
1505 2604 1625 2657 quae
1640 2586 1853 2656 loquar,

279 2701 339 2749 et
366 2688 550 2743 audiat
586 2697 731 2743 terra
759 2684 939 2739 verbis
973 2682 1086 2737 oris
1115 2680 1243 2735 mei.
1276 2682 1346 2734 At
1394 2680 1540 2734 cnim
1580 2680 1703 2748 quis
1743 2695 1855 2734 non

280 2785 521 2838 libenter
552 2778 761 2842 audiat,
814 2776 940 2846 quis
970 2790 1080 2829 non
1113 2770 1347 2830 sollicite
1394 2773 1558 2828 dictis
1596 2772 1858 2835 adhibeat

282 2875 547 2938 animum,
584 2870 784 2926 factam
809 2883 930 2923 esse
956 2867 1168 2923 scilicet
1190 2850 1420 2920 manuni
1446 2865 1657 2919 Domini
1690 2881 1857 2934 super

281 2967 593 3021 Romanum
627 2962 942 3033 imperium,
974 2961 1103 3031 quia
1132 2960 1250 3015 dies
1281 2958 1610 3013 illuminavit
1636 2967 1854 3012 noctem

283 3072 341 3117 et
383 3058 645 3129 splendor
690 3054 897 3127 iugavit
957 3055 1253 3117 tenebras,
1319 3051 1745 3123 sedentibusque
1798 3050 1853 3105 in

1955 1859 2162 1913 τούτων
2193 1860 2374 1924 καλῶς
2408 1859 2564 1928 παρὰ
2590 1861 2704 1914 τῶν
2751 1860 3182 1933 προρρηθέντων
3210 1860 3415 1913 τούτων
3435 1877 3529 1912 κυ-

1960 1954 2091 2019 ρίων
2121 1955 2214 2007 καὶ⁵
2248 1953 2539 2023 βασιλέων,
2568 1953 2601 2024 ἢ
2632 1953 2722 2007 διὰ
2753 1953 3060 2023 πρέσϐεων,
3087 1954 3120 2023 ἢ
3149 1952 3239 2007 διὰ
3262 1954 3527 2022 γραμμά-

1958 2061 2069 2096 των
2101 2043 2470 2114 ἁληθέστερόν
2509 2062 2567 2096 τε
2603 2044 2699 2097 καὶ⁵
2730 2043 3144 2114 καθαρώτερον.
3172 2042 3409 2096 Τοιαῦτα
3432 2043 3528 2112 μὲν

1956 2135 2050 2190 οὖν
2080 2137 2216 2205 πρὸς
2247 2137 2482 2191 πάππαν
2535 2135 2824 2206 Κλήμεντα
2876 2134 3033 2189 ἕκτον
3062 2137 3090 2187 ό
3129 2135 3530 2205 Βαρθολομαῖος

1956 2228 2162 2298 ἔγραψε
2191 2230 2324 2297 περὶ
2344 2229 2453 2282 τῶν
2477 2228 2769 2295 βασιλέων.
2820 2229 3149 2298 ἰνιμπέρτῳ
3198 2227 3253 2279 δὲ
3286 2226 3529 2295 Δελφίνῳ

1956 2319 2238 2389 Ντεσιάνᾳ
2268 2319 2400 2385 παρ’
2426 2311 2490 2372 οὗ
2526 2322 2620 2371 καὶ
2649 2317 2996 2388 πρεσϐευτὴς
3036 2318 3175 2386 πρὸς
3211 2311 3529 2387 Ἀννανῆκε

1954 2409 2053 2476 τὴν
2091 2408 2362 2477 βασιλίδα,
2397 2407 2571 2471 οὕτως
2599 2424 2614 2439 ·
2682 2408 3135 2471 Ἀλαλαξάτωσαν
3164 2409 3393 2477 ἄσμενοι
3421 2408 3530 2459 τῶν

1956 2500 2168 2552 πιστῶν
2195 2500 2343 2558 ἅπας
2375 2501 2403 2553 ὁ
2428 2500 2600 2570 δῆμος
2619 2516 2636 2532 ο
2667 2499 3028 2569 ψαλλάτωσαν
3049 2501 3077 2552 ὁ
3103 2500 3261 2570 χορὸς
3284 2500 3385 2569 τῆς
3421 2501 3529 2551 τῶν

1956 2591 2304 2662 Χριστιανῶν
2364 2593 2599 2652 πίστεως
2627 2608 2641 2621 ·
2708 2591 3250 2653 ἁνακαινιζὲσϐωσαν
3297 2591 3357 2638 ἐν
3400 2589 3521 2645 ταῖς

1960 2683 2135 2752 ἱεραῖς
2159 2682 2255 2737 καὶ
2307 2682 2490 2751 ἁγίαις
2527 2681 2851 2751 ἐκκλησίαις
2917 2680 3235 2752 περιφανεῖς
3288 2677 3473 2747 ἑορταί
3505 2692 3519 2706 ⁸

1956 2774 2262 2845 ὴχείτωσαν
2315 2778 2395 2839 είς
2443 2774 2504 2828 τὸ
2564 2773 2697 2844 ὕψος
2763 2775 2821 2828 at
2890 2773 3241 2844 ψαλμῳδξαι·
3292 2771 3362 2823 τὰ
3418 2770 3526 2821 τῶν

1962 2865 2215 2935 μοναχῶν
2238 2866 2451 2935 ὄργανα
2503 2867 2895 2937 πληττέτωσαν
2934 2858 3045 2918 τὸν
3085 2864 3246 2935 ἀέρα,
3303 2862 3394 2915 καὶ
3436 2861 3526 2913 διὰ

1961 2958 2231 3028 στόματος
2261 2960 2460 3011 ἴτωσαν
2485 2960 2729 3024 πάντων,
2755 2960 2848 3012 καὶ
2885 2961 3066 3012 πᾶσαν
3090 2959 3192 3028 τὴν
3220 2956 3529 3025 περίχωρον

1958 3050 2392 3120 διατρεχὲτωσαν
2415 3051 2472 3105 αί
2506 3054 2797 3123 προσηνεῖς
2814 3044 2974 3104 αὐται
2992 3050 3357 3118 πανηγύρεις,
3382 3049 3531 3109 ὅπως

280 3153 523 3208 tenebris
585 3159 639 3205 et
694 3150 885 3202 umbra
931 3147 1125 3201 mortis
1154 3146 1243 3200 lux
1288 3145 1355 3199 de
1385 3144 1537 3199 cmlis
1593 3143 1853 3197 ortaest?

1959 3141 1992 3210 ἡ
2038 3141 2150 3192 τῶν
2194 3141 2496 3211 χαιρόντων
2526 3144 2743 3212 κραυγὴ
2777 3142 2852 3212 μὴ
2888 3142 3047 3212 μόνον
3080 3140 3233 3208 παρὰ
3275 3139 3384 3190 τῶν
3414 3141 3533 3190 ἐπι-

285 3246 476 3300 Videte
508 3242 785 3313 quomodo
818 3240 910 3294 lux
942 3240 1057 3293 lucc
1081 3238 1320 3306 desuper
1354 3248 1473 3291 orta
1507 3238 1598 3299 sit,
1647 3243 1705 3289 ut
1761 3235 1853 3305 qui

281 3340 435 3393 sedet
468 3351 633 3406 super
678 3349 868 3389 omnes
914 3330 1369 3393 Excelsissimus,
1424 3344 1533 3381 non
1592 3339 1853 3399 apparatu

281 3427 479 3481 bellico
509 3426 713 3480 eximio
738 3467 752 3491 ,
818 3423 915 3480 sed
948 3438 1045 3477 sua
1093 3422 1265 3491 ipsius
1308 3420 1507 3474 virtute
1535 3421 1748 3490 magno
1800 3429 1855 3473 et

282 3518 1001 3590 inclytissimoimperatori,
1054 3515 1277 3570 domino
1331 3512 1530 3568 Joanni
1587 3513 1856 3568 Cantacu—

252 3604 449 3676 'zcno,
482 3610 771 3679 eidemque
815 3606 1033 3677 imperii
1095 3618 1151 3661 et
1195 3605 1547 3676 imperatoris
1616 3604 1853 3675 parenti,

281 3705 426 3759 hanc
455 3704 697 3757 omnium
730 3699 944 3755 urbium
968 3699 1214 3771 reginam
1252 3697 1513 3761 traderet,
1548 3705 1604 3752 et
1636 3697 1744 3751 huc
1769 3711 1856 3751 us-

279 3810 387 3865 que
420 3796 605 3865 justus
634 3793 802 3861 judex
852 3792 956 3845 hoc
1014 3790 1065 3844 ei
1116 3790 1408 3859 imperium
1471 3804 1571 3858 pro
1625 3780 1855 3843 munere

280 3891 549 3944 servaret,
586 3890 645 3934 ut
677 3880 931 3934 omnibus
968 3879 1072 3932 huc
1101 3893 1130 3931 a
1161 3879 1392 3932 Domino
1440 3878 1574 3941 Deo,
1628 3894 1736 3932 non
1789 3880 1857 3933 ab

278 3977 502 4033 homine
535 3977 736 4032 factum
770 3976 930 4045 plane
961 3984 1263 4030 constaret.
1314 3973 1404 4027 Ait
1455 3975 1603 4028 enim
1635 3973 1856 4044 sapien-

281 4070 530 4125 tissimus
587 4069 877 4133 Salomon,
951 4086 969 4119 ι
1032 4065 1274 4137 Tempus
1333 4066 1533 4137 cuique
1600 4068 1676 4121 rei
1755 4066 1858 4121 sub

281 4162 444 4227 cmlo,
501 4176 556 4217 et
605 4162 788 4217 omnia
854 4161 994 4215 bona
1031 4160 1088 4215 in
1130 4168 1380 4230 tempore
1432 4174 1556 4215 suo.
1618 4158 1857 4230 Tempus

280 4254 467 4317 ﬂendi,
530 4262 585 4309 et
661 4263 876 4324 tempus
929 4250 1147 4307 lzetandi
1178 4252 1219 4305 ³.
1256 4272 1274 4305 ι
1305 4250 1397 4307 Sic
1441 4251 1734 4323 aliquando
1802 4262 1859 4307 et

278 4346 552 4409 Christus,
575 4365 593 4398 ι
623 4344 875 4401 Nondum
910 4345 1059 4400 venit
1110 4345 1245 4399 hora
1302 4361 1420 4400 mea
1449 4344 1490 4399 ³.
1543 4364 1561 4397 ι
1598 4344 1661 4400 Et
1705 4345 1854 4406 alibi.

285 4456 306 4489 ι
337 4438 518 4502 Pater,
553 4437 703 4491 venit
742 4437 907 4501 liora,
951 4445 1005 4491 et
1036 4451 1177 4490 nunc
1205 4444 1289 4490 est
1323 4448 1381 4490 ut
1402 4437 1728 4490 clarilicetur
1767 4436 1853 4490 Fi-
1884 4454 1928 4508 ι)

278 4530 385 4584 litts
418 4531 611 4596 tuus‘;
641 4548 660 4581 ι
687 4531 981 4599 statimque
1013 4542 1229 4599 paterna
1251 4543 1350 4583 vox
1377 4529 1441 4583 ad
1478 4526 1698 4591 Filium,
1727 4546 1747 4577 ι
1786 4528 1853 4582 Et

244 4654 249 4663 ι
277 4622 591 4685 clariﬁcavi,
618 4632 673 4677 et
698 4622 892 4677 iterum
919 4621 1228 4677 clariﬁcabo
1256 4622 1299 4673 '.
1326 4639 1345 4672 ›
1383 4619 1553 4675 Etiam
1588 4621 1641 4673 in
1678 4621 1852 4675 Evan-

281 4716 421 4787 gelia
453 4715 705 4785 legimus,
762 4712 963 4767 Joanni
989 4712 1206 4767 Christo
1236 4723 1425 4767 nostro
1456 4712 1523 4767 ad
1555 4712 1851 4766 Jordanem

279 4807 504 4864 dicenti:
544 4826 562 4858 ι
591 4803 702 4874 Ego
732 4821 762 4859 a
810 4815 861 4859 te
891 4804 1154 4874 baptizari
1185 4804 1377 4868 debeo,
1404 4813 1456 4857 et
1499 4814 1552 4857 tu
1586 4805 1738 4859 venis
1785 4805 1853 4858 ad

278 4898 427 4955 me“?
455 4917 472 4950 ι
501 4893 845 4969 respondisse
863 4893 1132 4949 Christum
1160 4911 1174 4948 :
1205 4914 1223 4946 ι
1251 4892 1378 4948 Sine
1397 4892 1577 4961 modo;
1603 4896 1682 4950 sic
1706 4895 1851 4948 enim

208 5032 219 5045 .
278 4993 440 5048 decet
453 5006 553 5046 nos
571 4990 797 5060 implere
820 5003 1037 5042 omnem
1056 4987 1368 5061 justitiam’.
1385 5008 1402 5036 ι
1415 4986 1585 5042 Verba
1604 4988 1714 5048 illa.
1729 4987 1856 5041 Sine

280 5084 453 5146 modo,
486 5083 728 5137 nondum
760 5082 951 5138 adesse
979 5088 1189 5150 tempus
1223 5079 1603 5150 signitit-abant
1650 5080 1855 5133 exalta-

280 5175 445 5230 tionis
509 5184 563 5227 et
598 5176 806 5244 glorizc,
860 5173 1118 5247 quoniam
1150 5172 1392 5226 nondum
1447 5178 1673 5225 venerat
1720 5172 1851 5225 hora

280 5265 682 5323 benedimionis
705 5276 757 5320 et
787 5269 993 5336 gratiae.
1030 5264 1156 5320 Haec
1214 5265 1377 5335 igitur
1433 5264 1656 5318 luminis
1715 5263 1851 5318 liora

280 5360 650 5415 Romanorum
679 5372 890 5412 servata
920 5369 1001 5412 est
1026 5359 1257 5425 imperio
1302 5374 1314 5409 :
1351 5372 1420 5412 ne
1450 5358 1491 5411 si
1532 5365 1755 5426 repente
1800 5366 1856 5409 et

286 5452 589 5521 improviso
612 5464 811 5504 munus
834 5449 936 5503 huc
966 5448 1093 5503 ﬁdcl
1119 5449 1220 5503 bus
1237 5450 1606 5511 exhiberetur,
1625 5449 1855 5518 vilipen-

279 5542 526 5597 deretur.
548 5540 649 5595 llic
674 5548 780 5606 est,
805 5540 897 5611 qui
924 5538 1121 5593 caelum
1152 5554 1214 5593 ac
1238 5547 1589 5608 tempestates
1614 5546 1853 5593 serenat.

280 5634 383 5691 Hic
406 5634 520 5701 ille,
570 5634 662 5704 qui
715 5642 841 5704 post
873 5634 1320 5691 lamentationem
1346 5643 1400 5687 et
1429 5632 1695 5703 lacrymas
1720 5632 1878 5690 lmti-.

1958 3232 2393 3299 γείων,ἁλλ’ἒτι
2426 3233 2522 3286 καὶ
2574 3234 2726 3304 παρὰ
2774 3234 2882 3286 τῶν
2937 3232 3207 3302 οὐρανίων
3260 3230 3529 3298 ἀκούηται

1950 3322 2211 3375 «πολιτῶν.
2257 3324 2550 3376 Ἀκούσατε
2592 3324 2807 3390 τοίνυν,
2835 3325 3076 3395 οὐρανοὶ,
3136 3323 3230 3375 καὶ
3290 3321 3529 3389 λαλήσω,

1958 3415 2053 3467 καὶ
2080 3413 2326 3466 ἀκουέτω
2359 3415 2431 3481 γῆ
2465 3416 2688 3485 ῥήματα
2734 3416 2796 3466 ὲκ
2855 3415 3125 3482 στόματός
3186 3431 3311 3482 μου.
3368 3411 3530 3464 Ἀλλὰ

1956 3505 2041 3568 τίς
2074 3506 2176 3558 οὐκ
2204 3504 2273 3558 ἂν
2305 3506 2558 3574 ἁσμένως
2585 3505 2840 3571 ἀκούσαι,
2868 3505 2950 3569 τίς
2986 3507 3088 3559 οὐκ
3129 3505 3527 3576 ὴκριίωμένως

1957 3597 2216 3668 προσέξοι
2248 3600 2359 3661 τοῖς
2389 3597 2729 3667 λεγομένοις,
2766 3597 2848 3651 ὅτι
2872 3600 2993 3669 χεὶρ
3053 3600 3257 3668 Κυρίου
3305 3600 3527 3667 ἐγένετο

1957 3688 2053 3740 ἐπὶ
2083 3690 2150 3758 τῇ
2176 3687 2427 3759 βασιλείᾳ
2456 3686 2773 3758 Ῥωμαίων,
2807 3689 2901 3742 ἐπὶ
2951 3689 3029 3759 τῷ
3054 3690 3155 3760 τὴν
3188 3692 3404 3760 ἡμέραν
3428 3709 3530 3743 κα·

1955 3780 2270 3847 ταφωτίσαι
2301 3779 2402 3848 τὴν
2429 3779 2622 3844 νύκτα,
2666 3782 2761 3833 καὶ
2801 3781 2899 3851 τὴν
2932 3781 3299 3854 λαμπρότητα
3339 3784 3532 3856 πόρρω

1955 3871 2017 3923 τδ
2053 3870 2243 3933 σκότος
2272 3871 2633 3940 ποιήσασθαι,
2665 3874 2898 3935 καὶτοῖς
2944 3874 3279 3945 καθημένοις
3316 3879 3373 3928 ὲν
3406 3878 3534 3931 σκό‹

1956 3978 2039 4015 ut
2080 3962 2173 4014 καὶ
2213 3962 2343 4032 σκιᾷ
2373 3961 2468 4014 τοῦ
2525 3962 2758 4017 θανάτου
2800 3963 2913 4031 φῶς
2960 3965 3022 4028 ἐξ
3069 3968 3371 4034 οὐρανῶνά
3409 3985 3539 4022 ατε-

1928 4048 2249 4117 ⁶ταλκέναις
2284 4054 2481 4123 Ὀρᾶτε
2509 4053 2641 4123 γοῦν
2659 4054 2805 4115 ὅπως
2828 4054 2975 4105 τουτὶ
3004 4054 3063 4106 τὸ
3094 4054 3210 4122 φῶς
3232 4057 3531 4109 ἀνατέταλ-

1957 4164 2052 4200 κεν
2099 4145 2329 4211 ἄνωθεν,
2361 4145 2437 4209 ὠς
2461 4148 2531 4217 τῇ
2569 4146 2779 4216 μεγάλῃ
2806 4146 2912 4198 τῶν
2967 4144 3148 4199 ὅπλων
3211 4149 3527 4216 κατασκευῇ

1958 4240 2051 4292 τδν
2101 4240 2194 4291 ἐπὶ
2228 4238 2435 4299 πάντας
2467 4236 2772 4306 καθήμενον
2803 4238 3028 4307 ὕψιστον
3054 4241 3119 4309 τῇ
3148 4238 3324 4308 οἰκεία⁴
3369 4238 3534 4292 δυνά.-

1961 4348 2052 4401 μει
2082 4331 2490 4401 παρεσχηκέναι
2515 4329 2591 4400 τῷ
2620 4330 2843 4400 μεγάλῳ
2876 4330 3335 4400 περιφανεστάτω
3371 4331 3531 4398 βασι-

1959 4424 2042 4477 λεῖ
2076 4425 2249 4494 κυρίῳ
2290 4421 2516 4494 Ἰωάννῃ
2555 4423 2634 4492 τῷ
2671 4420 3131 4493 Καντακουζηνῴ,
3184 4421 3261 4491 τῷ
3298 4423 3395 4474 καὶ
3435 4422 3535 4489 τῆς

1964 4518 2374 4587 βασιλείαίκαὶ
2400 4516 2495 4567 τοῦ
2530 4515 2797 4585 βασιλέως
2832 4516 3022 4584 πατρὶ,
3064 4515 3164 4585 τὴν
3188 4513 3419 4568 ἁπασῶν
3443 4516 3538 4581 βα-

1965 4608 2294 4661 σιλεύουσαν
2316 4607 2548 4675 ταυτηνὶ
2569 4606 2747 4665 πόλιν,
2785 4606 2882 4657 καὶ
2936 4606 3102 4674 μέχρι
3138 4607 3233 4656 καὶ
3265 4608 3345 4663 εἰς
3374 4602 3535 4673 δεῦρο

1960 4700 2458 4771 διατηρείσθαιτδν
2494 4698 2587 4752 τοῦ
2644 4698 2862 4751 δικαίου
2926 4699 3123 4768 κριτὴν
3169 4697 3246 4767 τῷ
3308 4696 3532 4762 τοιούτῳ

1964 4798 2180 4867 βασιλεῖ
2207 4797 2269 4849 τδ
2328 4799 2506 4866 παρὸν
2555 4797 2652 4866 τῆς
2691 4796 2869 4865 ἀρχῆς
2920 4793 3172 4864 δώρημα,
3227 4796 3312 4845 ἴνα
3363 4792 3531 4859 γνῶσι

1964 4889 2151 4957 σαφῶς
2177 4888 2415 4950 ἅπαντες
2465 4887 2624 4940 τοῦτο
2654 4889 2803 4956 παρὰ
2832 4886 3041 4956 Κυρίου
3071 4885 3164 4938 τοῦ
3199 4884 3335 4937 Θεοῦ
3372 4899 3532 4951 γεγο-

1960 4987 2070 5047 νὸς,
2107 4984 2200 5035 καὶ
2230 4984 2290 5035 οὐ
2323 4983 2473 5052 παρὰ
2502 4981 2818 5051 ἀνθρώπου.
2859 4981 2999 5048 Φησὶ
3030 4980 3139 5050 γὰρ
3168 4980 3194 5030 ό
3219 4977 3532 5045 σοφώτατος
3562 4986 3568 4991 ’

1958 5076 2233 5145 Σολομῶν⁸
2262 5095 2279 5128 ι
2313 5075 2518 5146 Καιρδς
2543 5074 2622 5145 τῷ
2658 5076 2762 5127 ὐπὸ
2787 5075 2877 5127 τὸν
2909 5072 3134 5143 οὐρανὸν
3163 5074 3326 5147 παντὶ
3352 5070 3535 5138 πραγ-

1960 5184 2115 5241 ματι,
2138 5168 2231 5221 καὶ
2264 5167 2443 5222 πάντα
2468 5166 2611 5219 καλὰ
2642 5168 2701 5218 ὲν
2742 5163 2919 5234 καιρῷ
2939 5162 3140 5216 αὐτῶν.
3174 5163 3379 5233 Καιρὶς
3398 5163 3533 5235 θρή-

1958 5279 2076 5329 νου,
2110 5262 2204 5315 καὶ
2235 5262 2426 5331 καιρὸς
2458 5258 2762 5330 χαρμονῆς.
2791 5277 2809 5310 ι
2850 5256 3037 5319 Utitur;
3068 5256 3258 5329 εἴρηκέ
3290 5242 3425 5310 ποτὲ
3442 5258 3537 5312 καὶ

1959 5358 1988 5409 ό
2007 5356 2260 5425 Χριστὸς,
2304 5371 2323 5405 ι
2351 5352 2548 5407 Οὐκέτι
2572 5349 2737 5425 ἦλθεν
2762 5354 2792 5423 ἡ
2819 5350 2935 5421 ὥρα
2963 5368 3083 5420 μου.
3121 5371 3139 5403 ι
3180 5353 3284 5405 Και
3304 5352 3534 5422 dux—pii

1958 5446 2131 5515 λέγει,
2162 5468 2179 5499 ι
2211 5446 2411 5517 Πάτερ,
2440 5446 2659 5515 ἔρχεται
2689 5445 2827 5515 ὥρα,
2849 5445 2943 5498 καὶ
2966 5445 3059 5497 νῦν
3082 5444 3251 5511 ἔστιν,
3282 5444 3365 5498 ἵνα
3384 5442 3563 5505 δ’ξα·¹

1961 5540 2061 5611 σθῇ
2084 5543 2111 5593 ό
2136 5540 2263 5601 Υίός
2283 5554 2397 5593 σου’
2431 5557 2450 5590 ι
2478 5539 2569 5591 καὶ
2588 5538 2931 5609 παραχρῆμα
2965 5537 3258 5608 ήπατρικὴ
3288 5535 3435 5604 φωνὴ
3457 5532 3538 5603 τῷ

1960 5631 2075 5702 Υίῷ
2101 5632 2456 5702 ἁπεκρίνατο,
2490 5648 2508 5682 ι
2532 5630 2640 5682 Καὶ
2668 5627 2917 5693 ἐδόξασα,
2946 5628 3040 5681 καὶ
3070 5627 3237 5680 πάλιν
3256 5624 3483 5691 δοξάσω.
3510 5640 3532 5676 ι

350 5782 373 5817 '
403 5780 580 5842 Ecde.
607 5795 692 5849 ut,
731 5782 755 5838 l
784 5794 936 5855 seqq.
1019 5781 1214 5848 ’Joan.
1240 5796 1297 5848 ιι,
1338 5782 1390 5837 4.
1462 5779 1481 5811 ⁸
1508 5779 1669 5836 Joan.
1701 5794 1834 5849 xvii,
1870 5781 1920 5837 1.
1990 5776 2193 5837 'Joan.
2223 5792 2320 5841 xu,
2346 5776 2435 5834 28.
2470 5778 2490 5810 °
2517 5774 2705 5832 Matth.
2757 5790 2839 5840 tu,
2870 5772 2957 5830 Η.
3034 5771 3207 5830 'ibid.
3241 5772 3329 5831 i5.
