3996 6218
419 376 497 437 ‘25
1548 366 1991 427 HISTORIAM

2133 367 2367 430 LIBER
2407 372 2512 433 1v.
2852 336 2857 341 ’
3596 377 3670 443 26

422 483 557 552 υῦχὶ
588 480 642 532 δὲ
675 478 770 533 καὶ
797 479 850 529 ὲν
886 474 963 545 τῷ
996 472 1309 544 Εεαγγελίῳ
1342 474 1657 543 ἀνέγνωμεν
1713 474 1991 541 ὁπηνικαδ

2102 471 2233 530 tiam
2297 479 2557 535 infundit.
2620 478 2790 546 Quem
2851 480 2996 538 enim
3060 493 3379 553 sanctorum
3440 487 3663 544 Patrum

422 573 689 640 Ἰωάννης
732 570 927 637 εἴρηκε
962 566 1037 635 τῷ
1067 566 1287 636 Χριστῷ
1314 565 1473 635 ἡμῶν
1502 567 1558 618 ὲν
1586 565 1661 633 τῷ
1695 566 1940 635 Ίορδανη
1973 579 1987 593 ·

431 690 449 719 t
475 665 621 733 Ἐγὼ
645 663 838 733 χρείαν
858 661 962 729 ἔχω
984 660 1087 710 ὑπὸ
1114 657 1208 710 σοῦ
1233 656 1623 728 βαπτισθῆναι,
1653 658 1744 709 καὶ
1768 656 1832 707 σὺ
1857 656 1992 726 ἔρχῃ

422 759 558 827 προς
581 772 675 826 με;
698 774 715 806 ι
738 753 802 807 Τί
817 751 1046 821 Χριστὸς
1065 750 1455 819 ἀπεκρίνατο;ι
1472 751 1640 816 "Aes;
1660 748 1789 815 γὰρ,
1805 748 1991 817 φησὶν,

418 844 463 903 ὦ
504 850 756 914 Ἰωάννησ
789 846 921 910 ἄφες
950 842 1097 911 ἄρτι.
1140 841 1294 894 Οὕτω
1327 842 1433 909 γὰρ
1464 842 1546 892 δεῖ
1572 839 1859 908 πληρῶσαι
1892 838 1996 889 πᾶ-

420 959 521 993 σαν
561 936 930 1004 δικαιοσύνην.
989 952 1007 984 ι
1058 933 1358 1001 Τοιγαροῦν
1396 932 1545 999 ἄφες
1589 932 1741 998 ἄρτι,
1770 929 1995 995 δηλοῦν-

420 1053 509 1087 το;
542 1032 637 1085 τοῦ
680 1032 862 1097 λόγου,
894 1028 968 1090 ὼς
1010 1026 1164 1080 οὔπω
1195 1026 1387 1092 καιρὸς
1447 1023 1709 1094 ὑψώσιως
1766 1024 1887 1076 οὐδὲ
1908 1022 1994 1075 δό-

424 1128 518 1194 ξης
545 1166 560 1187 ο
603 1124 675 1184 ὡς
706 1120 861 1173 οὔπω
891 1118 1139 1186 ἐληλύθει
1200 1118 1233 1185 ἡ
1302 1120 1399 1185 τῆς
1441 1114 1691 1182 εὐλογίας
1748 1114 1842 1167 καὶ
1897 1114 1995 1179 τῆς

424 1220 642 1288 χάριτος
670 1215 813 1283 ὥρα.
862 1211 1011 1276 Αὕτη
1071 1210 1254 1262 τοίνυν
1312 1211 1343 1278 η
1402 1207 1493 1260 τοῦ
1537 1207 1713 1276 φωτὸς
1764 1206 1903 1276 ὦρα,
1961 1206 1993 1274 ἡ

421 1316 488 1380 τῇ
533 1308 788 1377 βασιλείᾳ
835 1304 1129 1371 Ῥωμαίων
1163 1301 1490 1369 τηρηθεῐσα,
1522 1300 1609 1352 ἵνα
1665 1298 1739 1367 μὴ
1796 1298 1994 1368 ἀθρόον

424 1402 657 1454 ἐπιστὰν
674 1400 785 1457 τοῖς
815 1398 1024 1456 πιστοῖς
1045 1394 1104 1445 τὸ
1122 1392 1293 1461 δῶρον
1317 1391 1533 1453 εὐτελὲς
1553 1388 1808 1459 νομισθῇ,
1827 1382 1995 1451 Οὗτός

426 1496 571 1545 ἐστιν
591 1495 616 1543 6
638 1490 846 1559 μετὰτο
866 1488 1024 1556 νέιξος
1056 1486 1275 1555 αἰθρίαν
1298 1485 1441 1549 δοὺς,
1460 1480 1613 1545 οὗτος
1644 1485 1790 1536 ἐστιν
1809 1485 1836 1535 6
1854 1484 1995 1551 μετὰ

424 1587 514 1638 τὴν
548 1584 781 1651 ὀδυρμδν
818 1582 910 1632 καὶ
963 1579 1087 1633 τοίας
1150 1580 1379 1647 θρήνους
1419 1577 1727 1647 ἁγαλλίαμα
1768 1577 1994 1645 ἐγχέων.

425 1677 559 1729 Τίνα
590 1676 696 1742 γὰρ
730 1673 838 1725 τῶν
877 1671 1045 1736 ἁγίων
1070 1671 1327 1739 Ιιατέρων
1361 1669 1576 1738 ὕψωσεν
1619 1671 1677 1719 ἐν
1729 1668 1877 1739 δόξῃ,
1920 1665 1996 1737 μὴ

425 1766 707 1835 προτέρων
740 1764 975 1833 θλίψεων
1003 1763 1388 1831 ἡγησαμένων,
1422 1760 1515 1812 καὶ
1550 1759 1752 1829 καθὰή
1804 1760 1995 1829 Γραφὴ

428 1857 722 1927 διαρρήδην
750 1856 872 1923 βοᾷ,
907 1873 923 1903 ι
957 1856 1068 1916 lli;
1103 1854 1213 1916 υίὸς
1250 1852 1550 1922 ὑψούμενος
1584 1852 1732 1920 παρὰ
1762 1852 1989 1921 Κυρίου.

434 1949 642 2016 πρῶτον
662 1947 975 1999 παιδεύεται
993 1962 1041 2011 ς»
1072 1946 1178 1998 Καὶ
1205 1948 1231 1999 6
1258 1946 1390 2003 Θεὸς
1408 1945 1580 2012 λέγει,
1606 1964 1623 1996 t
1658 1942 1769 2005 Οῦς
1791 1943 1992 2009 ἀγαπῶ

428 2038 743 2109 διορθοῦμαι
773 2056 833 2090 τε
866 2040 961 2089 καὶ
994 2035 1249 2089 παιδεύω.
1281 2055 1299 2086 ι
1336 2036 1491 2090 Οῦτω
1542 2037 1634 2089 καὶ
1662 2035 1991 2105 ὀψαλμῳδὸς

426 2138 514 2188 καὶ
532 2134 830 2202 κιθαρῳδὸς
845 2133 1093 2201 οὐράνιος
1119 2133 1330 2193 ἐκεῖνος
1352 2132 1515 2185 Δαὸὶδ
1536 2126 1687 2204 ᾗσε·‹
1716 2130 1993 2182 Παιδεύων

431 2226 718 2278 ἐπαίδευσέ
755 2242 821 2293 με
850 2227 878 2276 6
911 2224 1141 2293 Κύριος,
1174 2222 1251 2292 τῷ
1286 2223 1341 2275 δὲ
1377 2222 1591 2291 θανάτῳ
1622 2223 1681 2273 ού
1708 2221 1993 2291 παρέδωκέ

431 2334 554 2386 με.)
581 2316 690 2367 Καὶ
718 2314 968 2383 ἀλλαχοῦ·
998 2331 1016 2363 ι
1044 2314 1102 2366 Ὀ
1122 2315 1302 2383 πατὴρ
1323 2330 1445 2383 μου,
1466 2315 1559 2365 καὶ
1588 2315 1620 2382 ἡ
1654 2314 1834 2383 μήτηρ
1865 2329 1991 2380 μου,

443 2405 532 2456 καὶ
564 2406 756 2466 πάντες
799 2406 843 2456 oi
896 2404 1123 2470 γνωστοί
1163 2420 1264 2470 μου
1307 2401 1669 2469 ἐγκατέλιπον
1733 2417 1823 2468 με,
1858 2403 1886 2452 6
1936 2400 1994 2451 δὲ

448 2496 652 2565 Κύριοε
694 2496 1040 2563 προσελάϐετό
1082 2511 1170 2562 με.
1200 2512 1218 2544 ι
1256 2492 1995 2569 Προσλαμϐἀνου,τοίνυνκαὶ

430 2587 613 2645 αὐτὸς.
650 2586 1027 2652 ἐρασμιώτατε
1060 2586 1208 2649 δοὺξ,
1234 2586 1329 2637 τον
1356 2584 1589 2653 ρηθέντα
1606 2584 1815 2635 τουτονὶ
1841 2582 1997 2651 βασι-

426 2676 546 2738 λέα,
572 2677 740 2744 ὅνπερ
774 2677 801 2726 ὁ
846 2674 979 2738 Θεὸς
1007 2675 1372 2744 προσελάϐετο
1416 2676 1495 2737 είς
1544 2673 1643 2743 τὴν
1683 2673 1781 2742 τῆς
1844 2673 1995 2741 βασι-

430 2768 577 2819 λείας
594 2767 925 2819 κατάστασιν
951 2783 966 2799 ·
994 2766 1089 2819 καὶ
1112 2767 1303 2820 τοῦτον
1327 2768 1386 2820 ἐν
1412 2769 1524 2828 τοῖς
1548 2766 1782 2835 μάλιστα
1807 2768 1990 2825 τάττε,

430 2859 488 2910 ὃν
509 2860 535 2909 6
559 2860 687 2921 θεὸς
717 2858 1039 2929 διετήρησεν
1066 2862 1145 2920 εἰς
1178 2860 1277 2923 τὴν
1303 2858 1605 2927 βασιλείαν.
1642 2876 1660 2908 ι
1702 2859 1854 2911 Πᾶσα
1884 2859 1992 2928 γὰρ

429 2952 643 3011 ἐξουσία
675 2954 752 3014 είς
793 2952 998 3018 ἀγαθὸν
1032 2951 1183 3018 παρὰ
1216 2954 1422 3022 Κυρίου
1454 2952 1547 3004 τοῦ
1578 2950 1713 3003 Θεοῦ
1746 2953 1926 3003 ἐστιν’
1966 2953 1994 3003 6

426 3044 472 3095 δί
506 3046 572 3112 τῇ
617 3043 710 3095 τοῦ
743 3042 1117 3112 βασιλεύοντος
1142 3043 1533 3113 ἀνθιστάμενος
1573 3043 1813 3113 ἐξουσία.
1851 3043 1992 3095 κατὰ

2096 565 2351 619 cxaltavit
2376 568 2642 639 ingloria,
2680 570 3117 630 tribulationibus
3136 575 3286 645 prius
3319 592 3429 631 non
3455 579 3668 632 exerci-

2098 664 2211 709 tum
2232 656 2254 709 ?
2272 658 2482 712 sicutet
2500 658 2775 729 Scriptura
2796 664 3083 733 perspicue
3105 666 3335 721 clamat:
3365 687 3384 719 ι
3410 668 3667 739 Flagellat

2096 758 2280 802 autem
2336 763 2553 805 omnem
2593 751 2759 807 filium
2821 771 2983 821 quem
3023 756 3235 826 recipit.
3272 758 3293 790 ⁸
3325 778 3344 810 ι
3400 769 3456 814 et
3521 760 3666 815 Deus

2097 839 2229 893 dicit
2262 856 2277 892 :
2318 856 2335 891 t
2374 838 2521 906 Quos
2574 842 2735 913 diligo
2764 883 2779 908 ,
2828 845 2984 914 711
3021 862 3190 917 arguo
3267 856 3321 902 et
3390 851 3665 919 castigo’.

2097 929 2188 984 Sic
2224 930 2651 997 ctPsalmicen,
2713 935 2952 991 cwlestis
3017 937 3109 992 ille
3164 939 3504 995 citharmdus
3565 942 3667 997 Da-

2096 1020 2209 1083 vid,
2235 1022 2433 1076 cecinit
2469 1040 2483 1075 :
2526 1042 2544 1073 ι
2569 1022 2854 1095 Castigaus
2889 1028 3176 1097 castigavit
3230 1046 3315 1085 me
3360 1031 3625 1088 Dominus
3647 1074 3661 1098 ,

2099 1111 2197 1165 sed
2250 1113 2410 1167 morti
2457 1129 2563 1168 non
2627 1116 2851 1170 tradidit
2902 1132 2988 1172 me
3018 1120 3084 1171 ⁸ο.
3127 1138 3145 1171 ι
3185 1120 3251 1175 Et
3314 1123 3423 1176 alio
3471 1123 3592 1178 loco
3646 1141 3661 1178 :

2103 1221 2119 1252 ι
2157 1203 2318 1258 l’ater
2340 1221 2515 1272 meus,
2541 1215 2598 1261 et
2623 1217 2797 1263 mater
2821 1225 2963 1275 mea,
2982 1212 3038 1265 'et
3065 1227 3258 1267 omnes
3283 1215 3393 1268 noti
3427 1217 3535 1271 mei
3567 1217 3669 1271 dc-

2098 1296 2438 1365 reliqueruut
2468 1315 2576 1365 me,
2612 1300 2869 1356 Dominus
2914 1314 3095 1359 autem
3122 1308 3424 1376 assumpsit
3448 1323 3534 1363 me
3560 1311 3659 1364 ⁸⁸.»

2097 1385 2179 1440 Tu
2217 1403 2433 1459 quoque
2466 1428 2483 1453 .
2534 1392 2922 1450 amabilissime
2998 1396 3107 1451 dux
3140 1436 3156 1461 ,
3229 1398 3375 1453 hunc
3425 1399 3493 1454 de
3555 1415 3667 1469 quo

2096 1478 2289 1546 loquor
2353 1481 2737 1549 imperatorem
2771 1522 2788 1547 ,
2844 1485 3100 1551 admitte,
3160 1503 3323 1559 quem
3394 1488 3543 1545 Deus
3595 1490 3665 1547 ad

2098 1571 2387 1640 imperium
2457 1576 2869 1643 temperandum
2924 1578 3149 1648 delegit,
3205 1588 3261 1635 et
3323 1581 3471 1637 hunc
3521 1583 3666 1637 inter

2100 1667 2399 1734 praecipuos
2434 1683 2681 1732 numera,
2719 1686 2881 1738 quem
2917 1671 3057 1727 Deus
3090 1674 3321 1744 imperio
3349 1675 3664 1734 custodivit.

2106 1774 2125 1807 t
2168 1757 2358 1812 Omnis
2390 1774 2627 1829 namque
2652 1771 2890 1830 potestas
2916 1779 2943 1816 a
2975 1762 3203 1819 Domino
3231 1766 3298 1821 ad
3330 1767 3530 1821 bonum
3560 1770 3664 1822 ali-

2097 1863 2256 1917 quem
2286 1848 2475 1905 ‘linem
2505 1851 2749 1907 instituta
2781 1862 2902 1920 cst;
2944 1866 2996 1910 ct
3058 1858 3150 1926 qui
3209 1861 3459 1926 potestati
3492 1860 3669 1929 impc-

2097 1941 2266 1995 rautis
2296 1943 2504 1998 resistit
2524 1985 2539 2007 .
2572 1948 2871 2002 secundum
2903 1948 3225 2017 Apostolum
3246 1952 3312 2013 ",
3347 1951 3545 2005 divina:
3574 1966 3668 2006 or-

2095 2028 2362 2083 dinationi
2395 2032 2618 2088 resistit.
2654 2052 2672 2085 ι
2698 2034 2760 2088 Et
2792 2051 3021 2099 eave,ne
3044 2039 3261 2108 quando
3282 2056 3424 2095 unus
3449 2041 3516 2096 de
3548 2043 3672 2096 illo-

2096 2135 2215 2175 rum
2244 2123 2434 2178 ordine
2460 2126 2753 2194 reperiare,
2773 2129 2863 2198 qui
2891 2145 2921 2183 a
2950 2130 3095 2199 justo
3116 2130 3220 2186 Job
3244 2133 3667 2202 reprehendun-

2098 2217 2206 2275 tur,
2231 2211 2348 2266 istis
2366 2214 2575 2269 verbis:
2602 2232 2623 2266 t
2648 2215 2709 2269 lli
2735 2229 2861 2271 sunt
2883 2219 2976 2286 qui
3008 2221 3272 2274 resistunt
3296 2221 3429 2277 luci.
3451 2222 3514 2275 Hi
3532 2233 3666 2277 sunt

2095 2299 2410 2356 desertores
2439 2303 2683 2367 luminis,
2712 2308 2858 2374 quod
2895 2308 2947 2361 in
3000 2310 3239 2363 tenebris
3269 2312 3389 2365 sine
3435 2312 3666 2366 eritnine

2098 2390 2242 2442 lucet
2262 2431 2275 2454 ,
2312 2394 2581 2460 siquidem
2618 2395 2856 2450 tenebrae
2886 2398 2937 2452 id
2968 2414 3076 2451 non
3108 2401 3661 2470 comprehenderunt.

2097 2478 2163 2534 Et
2221 2484 2531 2550 exemplum
2578 2496 2785 2540 aeterna
2841 2489 3064 2557 dignum
3123 2493 3385 2546 memoria
3452 2492 3662 2548 Christi

2096 2571 2399 2629 cultoribus
2445 2577 2724 2639 exhibeto.
2782 2582 3059 2648 quomodo
3093 2599 3323 2655 magnus
3363 2585 3467 2640 iste
3496 2585 3669 2656 impc-

2098 2674 2247 2718 rator
2286 2668 2464 2737 magni
2501 2668 2851 2727 Constantini
2885 2675 3191 2731 clementiae
3218 2678 3270 2731 iu
3312 2693 3372 2732 se
3403 2679 3519 2748 ipso
3561 2679 3668 2733 fert

2098 2756 2390 2825 imaginem
2428 2776 2441 2812 :
2471 2777 2578 2829 qua
2602 2762 2859 2830 infantes,
2888 2766 2941 2819 in
2982 2783 3212 2836 quorum
3246 2784 3441 2824 cruore
3466 2786 3495 2823 a
3518 2770 3666 2838 lepra

2095 2851 2367 2905 curandus
2401 2864 2559 2920 erat,
2612 2856 2849 2927 jugulari
2909 2862 3107 2915 vetuit.
3157 2861 3219 2915 Et
3268 2863 3663 2916 humanitatem

2095 2939 2376 3011 illius,qui
2415 2956 2536 3014 post
2584 2948 2783 3003 Julium
2836 2950 3103 3007 Carsarem
3148 2954 3445 3023 imperavit
3497 2953 3665 3010 Octa-

2098 3029 2239 3083 viani
2280 3034 2541 3105 (propter
2593 3054 2757 3105 quam
2814 3049 2868 3093 et
2905 3039 3259 3097 humanitatis
3320 3060 3412 3098 rex
3444 3053 3667 3099 vocatus

426 3138 517 3186 τίν
543 3135 599 3188 Ἀ
615 3138 889 3203 πόστολον,
913 3141 976 3206 τῇ
1000 3137 1094 3190 τοῦ
1124 3137 1256 3190 Θεοῦ
1299 3137 1551 3207 βουλήσει
1581 3138 1924 3192 ἀνθίσταται.
1966 3156 1984 3187 ι

2096 3138 2178 3182 cst
2208 3125 2323 3199 [l5]
2350 3128 2392 3197 ),
2428 3139 2614 3183 noster
2644 3132 2939 3198 imperator
2966 3135 3267 3204 superavit,
3305 3136 3525 3204 aequalis
3552 3176 3567 3201 ,
3616 3136 3663 3190 si

428 3230 568 3294 Ὅρα
593 3228 650 3279 δὲ
679 3230 750 3297 μή
785 3245 915 3281 ποτε
947 3225 1012 3301 ᾖς
1042 3228 1135 3281 καὶ
1170 3229 1332 3292 αὐτὸς
1354 3224 1435 3291 εἶς
1467 3229 1688 3282 ἐκείνων
1709 3230 1817 3282 τῶν
1841 3233 1989 3299 παρὰ

423 3320 517 3371 τοῦ
541 3321 751 3373 δικαίου
786 3321 902 3373 ’1ὼὸ
931 3322 1325 3391 ἐλεγχομένων,
1350 3322 1622 3390 λέγοντος·
1660 3316 1818 3375 οὗτοί
1849 3324 1989 3375 εἰσιν

426 3413 474 3465 οἱ
504 3413 593 3464 τοῦ
628 3414 804 3482 φωτὸς
830 3415 1152 3478 ἀποστάται,
1187 3414 1324 3483 ὅπερ
1354 3415 1410 3466 ὲν
1435 3414 1513 3484 τῷ
1553 3415 1736 3467 σκότει
1778 3418 1990 3481 φαῖνον,

424 3503 487 3554 οὗ
514 3504 665 3573 φέρει
702 3503 881 3555 αἰτίαν
905 3521 919 3536 -
956 3506 1069 3569 εῐγε
1118 3506 1144 3574 ἡ
1175 3507 1366 3558 σκοτία
1396 3505 1527 3557 αὐτὸ
1572 3506 1633 3559 ού
1670 3504 1987 3559 κατέλαϐεν.

428 3593 526 3644 Ἐν
559 3594 739 3660 μέντοι
780 3610 842 3661 γε
891 3594 1172 3662 διηνεκοῦς
1223 3596 1444 3665 μνήμης
1487 3596 1637 3661 ἄξιον
1687 3596 1991 3664 ὑπόδειγμα

424 3686 537 3744 τοῖς
568 3684 639 3751 τῷ
670 3686 890 3752 Χριστῷ
918 3685 1241 3754 λατρεύουσι
1281 3687 1465 3757 δήλου,
1502 3687 1577 3750 ὡς
1611 3690 1641 3741 6
1687 3686 1862 3757 μέγας
1887 3688 1982 3739 οὑ-

418 3776 541 3825 τοσὶ
603 3775 853 3839 βασιλεὺς
887 3780 985 3846 τὴν
1039 3776 1133 3829 τοῦ
1193 3780 1431 3846 μεγάλου
1478 3779 1893 3833 Κωνσταντίνου
1934 3779 1993 3831 ἐν

419 3866 600 3931 ἐαυτῷ
660 3868 815 3936 φέρει
888 3868 1265 3939 χρηστότητα’
1298 3864 1439 3942 ᾗτινι
1494 3868 1820 3939 φονευθῆναι
1867 3871 1993 3933 τοὺς

416 3956 625 4017 παῖδας
656 3958 927 4026 ἁπεῖρξεν,
957 3954 1033 4013 ὦν
1078 3961 1134 4011 ὲν
1170 3960 1243 4027 τῷ
1276 3961 1470 4029 αἵματι
1500 3961 1895 4031 θεραπεύεσθαι
1935 3961 1994 4014 ε-

416 4047 623 4115 μελλεν
650 4049 753 4100 ἀπὸ
776 4052 871 4115 τῆς
906 4051 1136 4119 λέπρας.
1167 4052 1240 4104 Τὸ
1277 4052 1371 4104 τοῦ
1403 4053 1540 4120 μετὰ
1582 4053 1803 4107 Ἰούλιον
1853 4053 1994 4107 Καί-

416 4154 567 4204 σαρα
616 4138 1068 4205 βεϐασιλευκότος
1102 4141 1455 4194 Ὀκταόιανοῦ
1497 4138 1989 4212 φιλάνθρωπον,ᾦ-

416 4244 529 4278 τινι
554 4231 641 4279 καί
669 4229 1177 4300 φιλανθρωπότητος
1200 4234 1401 4294 ἐκεῖνος
1427 4232 1690 4301 κέκληται
1717 4232 1990 4301 βασιλεὺς,

420 4321 450 4371 ὁ
482 4319 667 4388 παρὼν
696 4320 947 4389 βασιλεὺς
974 4323 1318 4393 ὑπερήλασεν
1340 4341 1356 4357 ·
1397 4326 1513 4386 ίσος
1543 4327 1590 4377 εί
1623 4326 1698 4395 μὴ
1742 4326 1837 4378 καί¹
1878 4324 1994 4393 μεί-

422 4408 536 4471 ζων
576 4416 723 4464 ἐστὶν
757 4414 832 4474 είς
863 4413 1172 4467 θεοσέϐειαν
1213 4413 1292 4485 τῷ
1320 4415 1499 4478 καλῶς
1529 4415 1758 4485 ἄρξαντι
1796 4417 1989 4469 Θεοδο-

2096 3239 2205 3278 ηοη
2238 3225 2401 3279 etiam
2438 3225 2629 3294 major,
2663 3226 2871 3296 pietate
2898 3229 3103 3296 optimo
3128 3228 3441 3298 imperatori
3481 3228 3665 3284 Theo-

2092 3315 2271 3370 dosio.
2305 3314 2445 3370 Vicit
2469 3318 2779 3386 aequitatem
2813 3334 2875 3372 ac
2906 3319 3202 3373 bonitatem
3235 3319 3506 3389 Scipionis
3528 3320 3665 3373 Afri-

2093 3409 2253 3472 cani,
2311 3410 2405 3478 qui
2457 3410 2695 3463 Africam
2746 3411 2907 3466 nobis
2953 3411 3101 3467 Italis
3135 3413 3476 3467 tributariam
3512 3412 3661 3470 fecit.

2092 3500 2227 3553 Nam
2265 3514 2389 3553 cum
2433 3501 2589 3553 multi
2649 3502 2992 3571 diversisque
3053 3504 3295 3557 moribus
3342 3512 3394 3556 et
3430 3503 3664 3572 ingeniis

2095 3591 2350 3645 mortales
2390 3592 2773 3661 imperatorem
2806 3594 2965 3647 talem
2999 3594 3357 3647 offendissent
3386 3631 3402 3653 .
3440 3594 3663 3647 merito-

2092 3699 2198 3754 que
2238 3683 2431 3752 capitis
2462 3698 2678 3753 pmnam
2749 3683 2943 3755 timere
2976 3684 3296 3754 potuissent.
3337 3684 3664 3753 simulatque

2094 3776 2147 3829 vi
2195 3775 2388 3830 bellica
2445 3775 2585 3829 intra
2632 3775 2830 3829 mantia
2867 3775 2988 3839 fuit,
3024 3776 3158 3830 nulli
3188 3775 3331 3830 malo
3366 3775 3665 3846 aliquoiu-

2094 3870 2239 3923 llicto
2288 3869 2517 3932 nocuit;
2565 3867 2633 3922 de
2685 3867 2947 3922 omnibus
2995 3876 3179 3922 autem
3222 3867 3383 3923 bonis
3416 3877 3470 3922 et
3508 3866 3667 3921 malis

2094 3962 2234 4017 bene
2286 3961 2483 4014 mereri
2525 3960 2716 4029 cupit,
2771 3959 2941 4013 Deum
2996 3960 3051 4013 in
3088 3961 3191 4014 hoc
3224 3958 3523 4021 imitando,
3568 3959 3663 4028 qui

2092 4055 2260 4109 solem
2300 4069 2457 4108 suum
2536 4068 2703 4123 super
2752 4052 2925 4108 bonos
2980 4061 3035 4105 et
3096 4051 3267 4105 malos
3332 4050 3461 4104 oriri
3512 4050 3661 4107 facit.

2092 4146 2337 4211 Quonam
2402 4146 2565 4216 igitur
2650 4144 2813 4199 modo
2870 4143 3199 4198 Christianis
3259 4143 3376 4197 istis
3456 4142 3659 4196 bonum

2094 4252 2201 4289 non
2264 4236 2464 4290 velim?
2522 4235 2811 4301 Quomodo
2870 4235 3238 4288 Romanorum
3292 4249 3484 4304 genus,
3517 4234 3662 4301 quod

2093 4326 2370 4381 Christum
2406 4327 2458 4380 in
2487 4341 2703 4381 erucem
2738 4334 2920 4380 actum
2953 4326 3145 4379 adorat
3184 4326 3367 4393 (quem
3397 4325 3562 4379 Vetus
3600 4338 3663 4377 ao

2095 4416 2305 4473 Novum
2336 4417 2744 4473 Testamentum
2777 4418 3022 4489 agnoscit
3047 4426 3104 4473 et
3134 4418 3426 4488 sequitur),
3456 4417 3511 4471 in
3545 4432 3663 4470 mc~

420 4503 547 4569 οἴῳ.
602 4503 881 4572 ’Υπερέὃη
943 4505 1043 4573 τὴν
1076 4506 1475 4565 ἐπιείκειὰντε
1511 4508 1605 4559 καὶ
1646 4507 1990 4577 χρηστότητα

2095 4509 2184 4564 dio
2208 4509 2392 4564 cordis
2422 4510 2527 4563 mei
2562 4525 2669 4564 non
2697 4509 2981 4573 collocem,
3036 4518 3261 4580 pmpter
3293 4525 3454 4579 quem
3487 4524 3665 4577 neque

417 4591 521 4643 τοῦ
553 4594 873 4664 Ἀφρικανοῦ
906 4596 1246 4664 Σκηπίωνος,
1271 4598 1365 4650 τοῦ
1399 4601 1512 4659 τοῖς
1542 4600 1830 4668 ἡμετέροις
1858 4599 1993 4649 Ἰτα-

416 4684 539 4743 λοῑς
558 4686 655 4751 τὴν
696 4687 963 4755 Ἀφρικὴν
985 4688 1373 4753 ὑποτάξαντος.
1408 4689 1627 4742 Πολλῶν
1652 4693 1758 4759 γὰρ
1784 4690 1880 4741 ἀνθ
1892 4690 1993 4757 po-

418 4794 545 4826 πων
579 4777 673 4827 καὶ
709 4780 847 4829 κατὰ
888 4780 1176 4848 διαφόρους
1201 4782 1435 4851 τρόπους
1469 4782 1548 4850 τῷ
1579 4782 1808 4851 τοιούτῳ
1837 4782 1990 4851 βασι-

414 4866 505 4917 λεῖ
530 4874 1072 4938 προσκεκρουκότων,
1106 4874 1157 4924 οἵ
1179 4890 1241 4939 γε
1268 4874 1363 4926 καὶ
1388 4874 1614 4936 εἰκότως
1644 4872 1877 4940 ὤφειλον
1901 4876 1994 4927 τὸν

416 4956 515 5008 τοῦ
559 4960 791 5014 θανάτου
834 4965 1075 5016 κίνδυνον
1104 4965 1325 5036 δειλιᾷν,
1358 4968 1586 5035 ἐπείπερ
1614 4968 1673 5019 ἐν
1700 4967 1879 5019 ὅπλων
1904 4968 1985 5019 δυ-

419 5051 582 5117 νάμει
613 5054 763 5115 ἐντος
789 5058 1024 5119 γένοιτο.
1056 5058 1231 5109 οὐδενὶ
1264 5072 1433 5111 κακον
1472 5076 1524 5111 τι
1553 5057 1852 5126 ἐπαγαγὼν
1872 5059 1991 5111 ἐλυ-

423 5143 667 5211 ιιήνατοδ
705 5149 909 5211 πάντας
933 5150 978 5201 δ’
1014 5144 1608 5221 εὖεργετείνλβούλεται
1656 5152 1894 5217 ἀγαθούς
1933 5169 1991 5203 τε

490 5306 514 5336 ⁸
546 5307 708 5361 "chr.
748 5326 841 5374 Ml,
879 5311 931 5365 ϐ.
1010 5314 1028 5342 ⁹
1056 5316 1224 5381 Apoc.
1255 5329 1336 5377 ΙΙΙ,
1372 5312 1456 5366 19.

1537 5310 1579 5341 ¹⁶
1605 5310 1747 5364 Psal.
1772 5323 1936 5362 cxvii.
1968 5307 2053 5362 18.

2090 4593 2352 4672 sanguine
2386 4602 2629 4656 humano
2652 4602 2812 4671 gladii
2842 4602 3191 4665 imbuuntur,
3244 4616 3423 4670 neque
3458 4602 3663 4659 malum

2091 4695 2250 4758 malo,
2310 4693 2420 4747 imo
2463 4694 2664 4747 malum
2714 4694 2855 4748 bono
2901 4693 3209 4763 pensatur?
3266 4694 3397 4760 Quze
3427 4709 3552 4753 eum
3589 4693 3663 4751 ita

2091 4786 2229 4850 sint,
2262 4793 2407 4838 tuatu
2451 4783 2692 4838 ducalem
2741 4792 3069 4852 potestatem
3105 4784 3317 4849 hortor,
3359 4794 3413 4838 ut
3450 4785 3664 4837 huncce

2102 4878 2490 4945 imperatorem
2522 4874 2787 4929 Joannem
2813 4917 2828 4940 ,
2860 4876 3019 4944 cujus
3051 4890 3245 4929 nomen
3298 4873 3384 4925 llei
3434 4870 3661 4940 gratiam

2094 4975 2288 5032 sonat,
2331 4966 2498 5020 arctis
2560 4964 3079 5019 amicitim'vinrulis
3126 4963 3219 5017 tibi
3256 4961 3545 5030 astringas,
3580 4961 3661 5016 ui.

2096 5059 2278 5126 hilque
2338 5066 2525 5113 contra
2582 5057 2731 5126 illum
2791 5057 2912 5109 novi
2968 5054 3049 5108 vel
3110 5054 3308 5111 facere.
3357 5052 3436 5105 vel
3470 5052 3661 5107 audire

2093 5125 2385 5205 sustineas.
2417 5150 2510 5203 ilic
2540 5125 2882 5219 712'enim
2919 5147 3159 5201 Joannes
3212 5145 3386 5216 gratia
3436 5144 3662 5208 dicitur,

2134 5306 2174 5336 "
2210 5304 2349 5357 Psal.
2382 5320 2525 5365 xxxi,
2561 5304 2643 5355 10.
2725 5303 2765 5333 ¹¹
2801 5300 2960 5355 Rom.
2998 5318 3114 5365 xm,
3148 5302 3200 5356 ἐξ.

1648 5465 1859 5528 Joeobi
1895 5466 2162 5528 Pontuni
2197 5478 2386 5527 noue.

492 5595 603 5662 (75)
642 5593 1000 5669 Octavianum
1033 5598 1146 5653 sive
1193 5603 1490 5669 Augustum
1523 5614 1641 5654 esse
1670 5617 1848 5669 regem
1888 5601 1991 5653 htt-

412 5668 1003 5738 monatatishvocatum,
1052 5685 1151 5736 ego
1198 5668 1417 5737 quidem
1474 5668 1748 5738 nusquam
1791 5671 1968 5731 legere

412 5737 657 5792 utemini.
691 5736 757 5791 Et
792 5746 974 5795 tamen
1019 5736 1453 5798 Cantacuzenum
1487 5740 1537 5793 id
1571 5736 1711 5810 apud
1749 5741 1980 5809 scripto-

2104 5616 2213 5652 rem
2248 5600 2478 5666 :iliqucm
2528 5600 2723 5669 legisse
2768 5601 3059 5654 verisimile
3089 5609 3190 5653 ειμι.
3241 5599 3397 5652 Multa
3435 5598 3501 5651 tle
3538 5600 3658 5665 ejus

2079 5670 2412 5749 humanitate
2469 5669 2791 5727 Plutarchus
2864 5671 3076 5736 scribit,
3135 5671 3239 5724 hoc
3291 5677 3472 5724 tamen
3544 5684 3658 5731 utut

2084 5747 2288 5792 scribit.
