3996 6218
314 457 379 523 3t
640 440 643 441 ί
1278 462 1286 472 '
1502 451 1820 514 JOANNIS
1858 450 2381 511 CANTACUZENI
3481 454 3555 517 3.2

309 584 435 639 erga
456 584 515 621 se
544 567 1017 622 mansuetudinem
1068 566 1607 634 benevolentiamque
1630 578 1883 623 cernens.

1992 563 2127 632 πρὸς
2163 564 2348 628 αὑτὸν,
2403 565 2478 627 ὡς
2536 565 2583 616 εί
2652 563 2897 633 βούλοιτο
2944 565 3312 635 ποιησόμενον
3363 567 3565 622 ἀπολο-

312 660 718 729 propemodum
761 659 1033 712 somniare
1074 674 1131 712 se
1162 659 1408 727 putabat,
1436 666 1656 725 propter
1694 671 1879 708 rerum

305 760 566 805 eventum
625 751 960 820 inopinatum
1012 750 1283 804 videlicet.
1346 748 1670 803 qusitatutn
1732 747 1880 801 enim

309 841 499 894 mortis
524 856 715 911 genus,
746 850 801 895 et
826 840 1007 896 omnia
1041 854 1254 893 summa
1278 837 1532 901 ludibria,
1562 852 1883 905 supremas-

306 948 413 1000 que
452 933 806 987 contumelias
832 932 933 986 sibi
965 931 1249 1001 patiendas
1282 929 1696 998 suspicabatur,
1749 929 1879 984 dum

312 1025 715 1093 perpenderet,
777 1039 940 1091 quam
990 1023 1160 1076 multa
1192 1022 1316 1076 belli
1350 1030 1596 1091 tempore
1651 1023 1705 1075 in
1754 1036 1880 1076 eum

316 1115 523 1168 nefarie
557 1114 896 1183 deliquisset.
935 1112 1140 1166 Deinde
1182 1114 1293 1182 jam
1341 1112 1565 1167 meliore
1619 1128 1715 1183 spe
1749 1112 1881 1167 sub-

314 1206 496 1268 nixus,
534 1215 587 1258 et
641 1220 672 1258 e
710 1205 904 1258 timore
930 1218 1038 1271 quo
1068 1202 1356 1257 tenebatur
1386 1198 1684 1269 recreatus,
1710 1203 1884 1273 impe-

308 1292 544 1351 ratorem
579 1296 646 1350 de
708 1294 930 1348 lenitate
962 1296 1397 1364 injuriarumquc
1434 1294 1707 1349 oblivione
1742 1310 1882 1365 pra:-

317 1388 529 1441 dii-abat
587 1387 789 1456 Oppido
811 1427 825 1451 ,
859 1387 1161 1455 agebatque
1194 1387 1398 1456 gratias
1430 1386 1701 1456 impense,
1736 1386 1879 1456 quod

316 1480 401 1532 sui
438 1482 716 1542 misi-rtus,
776 1479 1096 1548 ignovisset.
1144 1479 1371 1533 Petebat
1435 1486 1615 1533 autem
1668 1488 1881 1549 tempus

308 1572 375 1624 ad
430 1572 867 1635 deliberandum,
923 1572 1053 1639 quid
1109 1570 1384 1640 episcopis
1438 1572 1880 1640 respondendum

315 1672 483 1726 esset,
525 1663 570 1717 si
601 1678 819 1722 causam
848 1678 1001 1717 suam
1029 1662 1168 1716 tueri
1205 1662 1404 1730 vellet;
1461 1662 1604 1733 quod
1633 1663 1682 1716 ei
1712 1665 1881 1733 impe-

317 1763 467 1808 rator
492 1755 787 1812 concessit.
814 1754 1000 1810 Tertio
1032 1765 1162 1825 post
1191 1754 1281 1810 die
1310 1755 1379 1809 ad
1417 1770 1542 1810 eum
1575 1771 1878 1826 regressus,

310 1844 626 1915 perblandis
654 1861 719 1901 ac
748 1846 957 1901 festivis
1010 1846 1355 1902 sermonibus
1388 1861 1513 1901 eum
1545 1846 1878 1912 exhilaratus,

312 1932 478 1986 etiam
511 1934 577 1988 de
607 1933 810 2001 judicio
842 1934 1323 2004 percunctabatur,
1358 1935 1594 1990 velletne
1659 1928 1879 1991 cauSam

315 2040 469 2079 suam
507 2027 721 2096 agitari.
762 2026 1080 2080 Patriarcha
1109 2042 1323 2081 rursum
1344 2027 1550 2080 allatim
1592 2027 1883 2096 imperato-

314 2130 429 2168 rem
458 2116 698 2183 lauilare,
731 2125 786 2171 et
815 2117 1081 2186 judicium
1148 2118 1251 2172 sibi
1312 2126 1558 2188 Optatum
1593 2118 1879 2184 allirmare;

315 2204 521 2258 etenim
559 2189 789 2260 crimina
822 2221 879 2260 se
911 2206 1236 2260 diluturum.
1268 2205 1567 2276 imperator
1604 2209 1722 2277 ejus
1754 2209 1887 2277 peti-

324 2294 531 2349 tionem
564 2296 834 2367 cpiscOpis
868 2297 1051 2351 statim
1099 2294 1388 2369 significat,
1431 2314 1637 2367 suaque
1669 2309 1886 2354 senten-

317 2384 392 2439 tia
436 2395 492 2438 ut
545 2385 746 2455 justam
784 2388 1093 2451 conﬁrmat,
1118 2388 1169 2442 id
1209 2389 1350 2458 quod
1375 2389 1643 2461 episcopis
1671 2406 1886 2460 quoque

320 2477 640 2545 perplacere
687 2477 992 2541 videbatur,
1038 2479 1437 2534 allirmantibus
1478 2497 1580 2535 nec
1625 2482 1729 2535 sibi
1771 2498 1889 2551 pro-

316 2566 434 2619 bari
487 2566 854 2634 patriam-ham
889 2566 1087 2619 throno
1132 2565 1369 2636 depelli,
1430 2571 1536 2643 nisi
1576 2586 1885 2638 perversam

232 2714 238 2721 ,
315 2654 621 2708 doctrinam
655 2654 806 2709 etab
861 2655 1165 2709 orthodoxa
1201 2658 1464 2727 religione
1497 2659 1651 2713 valde
1688 2660 1889 2715 discre—

317 2751 540 2811 pautem
571 2742 773 2799 sectari
797 2744 1202 2811 ostenderetur;
1235 2746 1694 2817 prmﬁgebaulque
1721 2749 1885 2814 diem,

315 2850 427 2904 quo
481 2850 673 2892 omnes
746 2837 800 2891 in
862 2838 1121 2910 palatium
1184 2840 1405 2905 coacti,
1477 2840 1531 2895 in
1604 2842 1723 2910 ejus
1798 2842 1892 2897 do-

316 2938 495 2999 gmata
553 2931 911 3005 inquirerent.
947 2931 1047 2998 Qui
1096 2932 1185 2986 ubi
1217 2933 1430 2997 illuxit,
1490 2935 1729 3005 episc0pi
1758 2978 1773 3000 ,
1839 2945 1892 2988 et

317 3019 715 3073 monachorum
748 3021 1051 3092 praecipui,
1107 3022 1523 3093 auiicorumque
1598 3039 1889 3093 procerum

317 3108 599 3164 lectissimi
653 3112 1013 3166 conveniunt.
1065 3110 1304 3167 Vocatur
1338 3113 1674 3183 patriarcha;
1709 3114 1894 3169 iltll‘crt

1988 654 2117 720 γίαν
2144 653 2231 706 ἐπ’
2274 654 2438 707 αὐτοῦ
2492 655 2602 708 τῶν
2629 656 3147 726 κατηγορουμένων.
3194 657 3253 709 Ὀ
3283 656 3340 711 δέ
3378 657 3437 710 τὸ
3461 657 3559 710 τοῦ

1990 744 2261 814 βασιλέως
2315 746 2588 820 προσηνὲς
2648 748 2741 801 καὶ
2788 747 2887 817 τὴν
2949 747 3242 816 εὐμένειαν
3294 749 3392 818 τὴν
3423 749 3559 818 πρὸς

1987 840 2152 893 αὐτὸν
2183 841 2349 907 ὁρῶν,
2383 842 2584 910 μικροῦ
2622 840 2723 909 μὲν
2748 840 2920 894 ἐδόκει
2950 841 3305 911 ὀνειρώττειν
3334 843 3424 896 διὰ
3455 843 3558 910 τὴν

1984 933 2117 1002 παρ’
2151 906 2511 993 ἐλπίδας-τῶν
2539 906 2882 1003 πραγμάτων
2913 906 3165 986 ἐκῦασιν.
3200 932 3405 987 Καινόν
3436 906 3555 984 τινα

1985 1021 2097 1093 γὰρ
2136 1023 2358 1075 ὑπενόει
2418 1022 2652 1076 Θανάτου
2708 1024 2912 1099 τρόπον
2970 1022 3403 1092 ὑποστήσεσθαι,
3459 1024 3556 1076 καὶ

1983 1116 2165 1169 πᾶσαν
2217 1115 2531 1186 ἐρεσχελίαν
2592 1110 2686 1166 καὶ
2723 1115 2937 1185 ὕϐρεως
2984 1114 3297 1185 ὑπερϐολὴν
3343 1116 3553 1182 ὑπομε-

1984 1211 2120 1268 νεῖν,
2160 1207 2257 1276 τὴν
2288 1208 2522 1261 ἀτοπίαν
2560 1205 2970 1276 ἐνθυμούμενος
3027 1206 3136 1259 τῶν
3168 1206 3553 1277 εἰργασμένων

1983 1299 2120 1370 πρὸς
2162 1300 2324 1353 αὑτὸν
2357 1300 2461 1353 ὑπὸ
2485 1300 2577 1353 τὸν
2606 1300 2870 1367 πόλεμον.
2906 1298 3145 1351 Ἔπειτα
3180 1299 3237 1352 δὲ
3267 1299 3366 1369 ἤδη
3418 1315 3554 1368 χρη-

1984 1391 2263 1462 στοτέρων
2292 1390 2402 1444 τῶν
2429 1390 2661 1445 ἐλπίδων
2718 1390 2938 1455 ἐπιϐὰς,
2986 1389 3082 1443 καὶ
3111 1389 3456 1452 ἁναπνεύσας
3487 1391 3551 1441 ἐκ

1981 1482 2093 1535 τῶν
2117 1485 2459 1553 κατεχόντων
2498 1483 2701 1551 φόϐων,
2744 1466 3011 1552 βασιλέως
3036 1544 3041 1547 ἠ
3064 1482 3163 1552 μὲν
3194 1483 3293 1552 τῆς
3328 1481 3550 1552 ἡμερό-

1981 1589 2145 1643 τητος
2193 1574 2288 1627 καὶ
2312 1574 2414 1643 τῆς
2465 1573 2776 1644 ἀμνηστίας
2836 1574 2948 1626 τῶν
2994 1573 3181 1627 κακῶν
3215 1573 3551 1642 ὑπερηύχετο

1983 1664 2177 1731 πολλὰ,
2209 1663 2307 1718 καὶ
2358 1664 2603 1733 μεγάλας
2633 1664 2903 1733 ὡμολόγει
2933 1664 3166 1733 χάριτας
3204 1650 3302 1732 τ’ἠς
3334 1681 3554 1732 συμπα-

1984 1753 2136 1816 θείας
2193 1754 2288 1809 καὶ
2335 1756 2436 1824 τῆς
2487 1755 2816 1826 συγγνώμης
2848 1750 2916 1826 ἦς
2963 1755 3289 1825 παρέσχετο.
3340 1755 3589 1824 ᾘτεῖτο,

1981 1841 2037 1894 δέ
2067 1842 2259 1914 χρόνον
2289 1843 2426 1914 πρὸς
2449 1841 2762 1914 διάσκεψιν,
2795 1846 2844 1898 εί
2889 1842 3136 1915 βούλοιτο
3168 1842 3553 1896 ἀντικαθίστα-

1984 1934 2108 1988 σθαι
2131 1936 2246 1999 τοῖς
2279 1936 2601 2006 ἀρχιερεῦσι
2626 1935 2764 2007 πρὸς
2790 1936 2902 1989 τῶν
2933 1936 3430 2006 κατηγορουμένων
3451 1933 3549 2003 τὴν

1984 2027 2307 2097 ἀπολογίαν,
2342 2032 2437 2082 καὶ
2487 2031 2795 2098 παρέσχετο
2860 2031 2888 2082 ὁ
2951 2028 3222 2099 βασιλεύς.
3283 2025 3450 2095 Τρίτῃ
3485 2026 3539 2076 δέ

1984 2121 2171 2191 ἡμέρᾳ
2198 2121 2314 2190 μετ’
2346 2123 2584 2191 ἐκείνην,
2618 2122 2780 2176 πάλιν
2806 2122 2941 2191 πρὸς
2966 2121 3126 2175 αὑτὸν
3148 2119 3340 2185 ἐλθὼν,
3368 2118 3548 2184 λόγοις

1984 2231 2043 2266 τε
2080 2213 2347 2268 ἀνεκτᾶτο
2378 2214 2512 2267 πολὺ
2540 2215 2602 2266 τὸ
2627 2213 2918 2282 ἐπαγωγὸν
2968 2215 3079 2266 καὶ-
3120 2212 3309 2283 χάριεν
3341 2228 3548 2279 κεκτη-

1991 2306 2200 2376 μένοις,
2227 2308 2321 2359 καὶ
2356 2305 2486 2377 περὶ
2524 2307 2624 2376 τῆς
2663 2306 2819 2375 δίκης
2849 2305 3176 2375 ἐπανήρετο,
3232 2306 3278 2357 εί
3312 2302 3553 2372 βούλοιτο

1988 2395 2125 2464 πρὶς
2155 2396 2256 2465 τὴν
2279 2396 2524 2461 ἐξέτασιν
2548 2396 2771 2464 χωρεῖν.
2821 2392 2880 2449 '0
2913 2394 2968 2446 δέ
3028 2390 3189 2456 αὖθίς
3223 2410 3278 2445 τε
3312 2391 3554 2459 ὑπερηῦ-

1988 2504 2113 2557 χετο
2142 2486 2333 2548 πολλὰ,
2364 2485 2459 2538 καὶ
2484 2486 2588 2555 τὴν
2616 2485 2774 2555 δίκην
2804 2484 3045 2553 ἔφασκεν
3075 2484 3225 2552 αὐτῷ
3252 2483 3393 2536 κατὰ
3423 2485 3557 2551 γνώο

1992 2592 2103 2644 μην
2133 2572 2275 2626 εἶναι
2300 2591 2313 2604 ·
2348 2574 2719 2627 ἀπολύσεσθαι
2752 2576 2863 2644 γὰρ
2912 2577 2983 2627 τά
3038 2574 3361 2641 ἐγκλήματα
3418 2575 3554 2643 πρδς

1990 2667 2210 2729 ἐκείνην
2240 2665 2536 2726 καταστάς.
2579 2664 2790 2717 Αὐτίκα
2851 2682 2909 2718 τε
2954 2666 2980 2717 ὁ
3010 2664 3263 2734 βασιλεὺς
3315 2666 3427 2727 τοῖς
3460 2666 3556 2716 ἀς·
3628 2718 3637 2726 ο

1991 2755 2267 2826 χιερεῦσιν
2292 2755 2481 2823 ἐδήλου
2518 2755 2612 2823 τὴν
2644 2754 2870 2817 ἀξίωσιν
2893 2756 2984 2807 τοῦ
3021 2757 3390 2825 πατριάρχου,
3425 2758 3554 2805 ἐπε-

1989 2845 2260 2916 ψηφίζετό
2297 2862 2355 2897 τε
2387 2847 2462 2908 ὡς
2494 2846 2681 2898 δικαία
2722 2847 2807 2914 εἴη
2866 2847 2897 2915 ἡ
2957 2846 3186 2912 ἀξίωσις
3214 2862 3227 2876 ο
3257 2846 3431 2897 ἐδόκει
3495 2847 3557 2912 δὴ

1992 2941 2085 2993 καὶ
2124 2941 2235 3002 τοῖς
2270 2938 2587 3011 ἀρχιερεῦσι
2636 2938 2873 3008 μάλιστα
2914 2942 2946 3008 ἠ
2979 2939 3102 3007 δίκη
3148 2940 3275 3007 φίλη
3304 2955 3316 2967 ·
3352 2941 3557 3008 ἰσχυρί-

1995 3031 2149 3096 ζοντο
2170 3030 2277 3101 γὰρ
2304 3031 2424 3083 οὐδὲ
2451 3030 2635 3092 αὐτοῖς
2667 3029 2809 3082 κατὰ
2834 3029 3061 3099 γνώμην
3094 3026 3234 3084 εἶναι
3269 3031 3559 3097 ἐξάγεσθαι

1993 3123 2089 3177 τοῦ
2122 3123 2315 3193 θρόνου
2334 3123 2425 3176 τὸν
2454 3123 2823 3193 πατριάρχην,
2854 3126 2901 3174 εί
2930 3122 3002 3190 μὴ
3034 3123 3305 3191 ἐλέγχοιτο
3327 3122 3559 3190 δὲγμασι

317 3210 376 3254 et
415 3215 475 3254 se
507 3213 797 3257 venturum
825 3212 1010 3275 negat.
1038 3204 1239 3258 lterum
1272 3220 1333 3258 ac
1368 3205 1590 3259 tertium
1615 3221 1713 3275 pro
1738 3222 1887 3261 more

1996 3214 2283 3286 προσέχειν
2339 3214 2715 3284 διαστρόφοις,
2754 3214 2849 3266 καὶ
2888 3214 3022 3267 πολὺ
3082 3214 3193 3266 τῶν
3252 3214 3559 3282 ὁρθοδόξων

320 3280 570 3355 vocatus,
612 3293 881 3363 judicium
934 3311 1150 3366 semper
1180 3296 1467 3350 detrectat.
1505 3297 1884 3366 Episcopidc-

324 3393 528 3440 cretam
556 3386 1084 3453 exauctorationem,
1102 3386 1253 3454 juxta
1276 3389 1490 3443 Patrum
1523 3388 1588 3443 de
1613 3389 1698 3445 his
1729 3394 1887 3444 rebus

320 3478 659 3544 smn-tiones,
687 3488 858 3533 ratam
896 3478 1200 3533 faciendam
1237 3479 1600 3534 constituunt.
1628 3475 1746 3531 Non
1768 3491 1890 3547 per-

324 3571 546 3625 mittens
574 3571 892 3642 imperator,
947 3570 1473 3647 ipsc‘patriarcham
1519 3568 1669 3636 adit;
1699 3568 1891 3639 quaerit

323 3680 454 3717 num
518 3664 584 3716 ad
630 3680 854 3718 causam
906 3662 1192 3718 dicendam
1253 3662 1384 3717 velit
1420 3675 1730 3717 occurrere.
1773 3658 1892 3726 Quo

318 3765 529 3825 aperte,
560 3758 722 3812 etiam
761 3757 853 3811 illo
901 3755 1164 3820 preside.
1215 3754 1484 3824 judicium
1538 3752 1891 3822 repudiante,

320 3848 568 3915 episcopi
598 3862 872 3901 consensu
907 3845 1313 3899 abdicationem
1343 3844 1462 3913 ejus
1491 3842 1545 3896 in
1574 3842 1783 3896 litteras
1805 3857 1895 3897 rc-

321 3937 540 4007 digunt,
569 3947 624 3991 et
652 3938 719 3990 de
758 3936 1028 4007 dogmatis
1061 3945 1266 3989 tomum
1303 3933 1493 3997 edunt,
1524 3932 1578 3986 in
1617 3946 1727 4002 quo
1770 3945 1896 3986 con-

323 4025 554 4085 ﬁtentur
589 4039 782 4082 omnes
806 4066 820 4090 ,
869 4026 1212 4096 Acindynum
1256 4025 1487 4093 ejusque
1512 4032 1714 4079 coetum
1751 4021 1897 4095 (qui-

325 4116 560 4173 huscum
589 4125 645 4171 et
666 4117 988 4187 patriarchae
1004 4114 1221 4182 Joanni,
1240 4115 1432 4170 eadem
1457 4113 1735 4177 sentienti,
1764 4126 1899 4167 con-

321 4207 560 4262 suetudo
591 4207 777 4274 luerit,
807 4207 968 4279 715
999 4207 1253 4278 quocirca
1282 4215 1339 4261 et
1364 4205 1494 4261 sede
1530 4220 1626 4259 sua
1654 4204 1897 4274 dcjectus

292 4298 418 4379 .sit)
459 4313 624 4367 prave
684 4307 848 4369 atque
907 4299 1075 4369 impie
1133 4298 1203 4353 de
1246 4297 1508 4369 religione
1540 4297 1769 4359 sentire,
1798 4294 1899 4351 Pa-

326 4389 527 4447 lamam
579 4400 763 4444 autem
822 4403 947 4445 cum
999 4387 1098 4443 'sui
1154 4389 1427 4444 similibus
1482 4388 1545 4457 (ι)
1588 4385 1896 4442 divinorum

329 4481 711 4552 theologorum
774 4483 1003 4552 placitis
1053 4491 1420 4538 consentanea
1472 4488 1526 4535 et
1579 4492 1771 4550 sapere
1843 4486 1900 4534 et

1996 3304 2452 3374 παραλλάττουσι,
2538 3304 2632 3356 καὶ
2682 3302 3021 3356 συνετίθεντο
3077 3304 3315 3373 ἡμέραν,
3364 3306 3425 3365 ἐν

1994 3398 2205 3459 πάντας
2240 3398 2299 3450 ἐν
2355 3396 2648 3466 βασιλείοις
2706 3395 2812 3448 ἔδει
2835 3383 3177 3463 ’γενομένους
3212 3397 3319 3447 τῶν
3351 3395 3560 3460 δογμά-

1993 3509 2102 3545 των
2132 3492 2231 3561 τὴν
2262 3488 2509 3555 ἐξέτασιν
2539 3489 2837 3542 ποιεῖσθαι.
2876 3486 3030 3541 Ἐπεὶ⁵
3063 3486 3120 3538 δὲ
3167 3488 3201 3555 ἡ
3252 3503 3327 3555 πρ
3361 3486 3558 3552 θεσμέα

1995 3582 2143 3650 ἥκει,
2171 3578 2426 3649 παρῆσαν
2460 3577 2559 3648 μὲν
2588 3578 2638 3630 οἱ
2666 3579 2968 3648 ἀρχιερεῖς,
3040 3578 3134 3632 καὶ
3162 3576 3271 3629 τῶν
3310 3576 3557 3645 μονσχῶν

1996 3673 2114 3726 ὅσοι
2150 3671 2385 3741 μάλιστα
2418 3671 2476 3723 ἐν
2507 3669 2651 3737 λόγῳ
2699 3666 2860 3740 ἦσαν,
2893 3671 2989 3724 καὶ
3023 3671 3133 3725 τῶν
3180 3669 3559 3739 συγκλητικῶν

1998 3765 2048 3815 οἱ
2083 3760 2322 3832 μάλιστα
2354 3763 2659 3830 ἐπιφανεῖς.
2703 3761 2984 3816 Ἐκαλεῖτο
3013 3762 3071 3816 δέ
3101 3764 3194 3816 ἐπὶ
3218 3765 3317 3834 τὴν
3345 3762 3503 3831 δίκην
3535 3764 3562 3814 ὀ

2000 3851 2370 3921 πατριάρχης·
2429 3851 2457 3903 ὁ
2506 3849 2563 3903 δὲ
2617 3849 2943 3905 ἀνεϐάλλετο
2990 3853 3065 3922 μὴ
3095 3851 3249 3923 ἥξειν
3314 3850 3561 3919 φάσκων.

2000 3944 2091 4006 Δὶς
2119 3941 2178 3995 δέ
2195 3943 2305 3996 ’καὶ
2331 3941 2451 4012 τρὶς
2504 3942 2805 4011 γενομένης
2852 3943 2952 4012 τῆς
2991 3946 3279 4013 μηνύσεως
3327 3944 3466 3996 κατὰ
3506 3943 3563 3994 τὸ

1998 4036 2143 4102 ἐθος,
2174 4038 2203 4089 ό
2234 4033 2334 4106 μὲν
2390 4034 2595 4103 ὁμοίως
2628 4036 2687 4087 ἐν
2724 4036 2925 4097 πάσαις
2959 4036 3235 4090 ἀπείπατο
3262 4036 3359 4107 τὴν
3384 4036 3560 4105 δίκην.

2002 4124 2129 4188 Τοῖς
2152 4125 2209 4178 δέ
2244 4122 2598 4196 ἀρχιερεῦσιν
2623 4124 2798 4178 ἐδόκει
2824 4125 2922 4197 τὴν
2954 4125 3337 4196 ἐψηφισμένην
3375 4125 3568 4179 καθαίι

2007 4235 2156 4292 ρεσιν
2192 4216 2493 4285 ἐπικυροῦν
2522 4217 2666 4270 κατὰ
2696 4216 2823 4280 τοὺς
2859 4218 2988 4286 περὶ
3026 4216 3237 4270 τούτων
3267 4218 3563 4285 κειμένους

2002 4312 2110 4367 τῶν
2149 4310 2409 4379 Πατέρων
2459 4308 2681 4378 νόμους.
2739 4308 3003 4373 Βασιλεὺς
3057 4309 3114 4362 δὲ
3161 4308 3262 4362 οὐκ
3292 4310 3399 4375 εἶα,
3449 4307 3562 4361 ἀλλ’

2004 4406 2167 4469 αὐτὸς
2208 4403 2277 4459 δι’
2319 4401 2517 4457 ἐαυτοῦ
2551 4403 3023 4475 παραγενόμενος,
3071 4402 3407 4456 ἐπυνθάνετο
3457 4419 3565 4454 πα-

2004 4497 2294 4568 τριάρχου,
2328 4499 2378 4550 εί
2414 4497 2490 4569 μὴ
2526 4496 2771 4568 βούλοιτο
2794 4497 2994 4565 χωρεῖν
3026 4495 3162 4565 πρὸς
3190 4494 3290 4564 τὴν
3320 4492 3566 4557 ἐξέτασιν

334 4574 603 4643 proiitcri.
657 4575 772 4630 Tali
832 4576 994 4631 modo
1052 4575 1293 4631 Joannes
1344 4574 1651 4644 patriarcha
1704 4573 1890 4626 thronc

2007 4586 2114 4640 τῶν
2140 4587 2627 4657 κατηγορημένων.
2670 4585 2826 4638 Ἐπεὶ
2847 4584 2905 4637 δὲ
2930 4583 3181 4654 φανερῶς
3208 4584 3303 4636 καὶ
3352 4582 3446 4635 ἐπὶ
3474 4580 3569 4634 τοῦ

333 4667 547 4738 ejectus
574 4676 678 4732 est,
738 4667 904 4722 etiam
960 4676 1252 4736 antequam
1305 4665 1625 4736 Byzantium
1671 4664 1905 4719 intraret

334 4758 657 4827 imperator.
689 4757 800 4812 Nec
844 4773 975 4812 vero
1026 4757 1384 4824 quiescebat,
1430 4756 1524 4811 sed
1555 4771 1679 4810 cum
1720 4754 1899 4808 eccleo

331 4848 569 4907 Siasticis
596 4850 935 4918 quibus-lam,
974 4860 1029 4904 et
1062 4848 1355 4917 episcopis,
1393 4864 1455 4900 ac
1487 4846 1715 4916 privatis
1763 4860 1897 4897 con-

331 4942 583 5015 spirans,
634 4943 832 4998 iterum
903 4942 1090 4995 turbas
1149 4942 1551 5002 commovebat,
1596 4947 1649 4990 et
1694 4937 1905 5005 jactare

2001 4676 2269 4749 βασιλέως
2294 4677 2612 4748 ἀπηγόρευε
2663 4675 2765 4744 τὴν
2793 4675 2974 4743 δίκην,
3003 4676 3106 4744 τήν
3140 4691 3199 4727 τε
3247 4673 3568 4741 καθαίρεσιν

2002 4769 2210 4822 ἐκείνου
2269 4769 2563 4838 ἐγγράφως
2600 4767 2885 4831 ἐποιοῦντο
2938 4768 2986 4819 οί
3033 4767 3310 4835 ἀρχιερεῖς
3367 4766 3568 4824 πάντες

2004 4862 2471 4932 ἐπιψηφισάμενοι
2502 4862 2723 4932 ὁμοίως,
2757 4862 2848 4914 καὶ
2875 4861 3042 4926 τόμον
3074 4858 3205 4928 περὶ
3232 4856 3340 4909 τῶν
3368 4853 3568 4921 δογμά-

1549 5028 1765 5092 Jacobi
1806 5020 2071 5087 Pontani
2108 5027 2299 5081 notua.

335 5153 486 5201 mus,
526 5138 692 5193 Graeci
738 5135 1158 5205 imperatoribus
1202 5135 1318 5191 suis
1362 5135 1672 5205 adulantes,
1726 5127 1888 5183 nimis

335 5222 586 5277 magnam
621 5209 701 5261 eis
726 5203 1099 5265 auctoritatem
1122 5215 1534 5262 concesserunt.
1572 5203 1677 5267 Qui
1706 5214 1891 5255 excin—

1970 5124 2142 5194 .plum
2178 5121 2761 5194 nominatimqua-rit,
2796 5120 3345 5194 legatBalsamouem
3392 5118 3445 5173 in
3475 5132 3570 5173 ca-

1995 5190 2195 5247 nouem
2224 5192 2290 5245 69
2323 5192 2513 5262 synodi
2546 5203 2717 5247 sextae
2755 5193 2806 5245 in
2841 5190 3051 5244 Trulio.

1561 5312 1776 5380 Jacobi
1818 5300 2099 5373 Gretseri
2138 5310 2327 5363 notm.

344 5504 347 5505 ν
405 5442 479 5511 ια)
517 5446 592 5498 De
625 5445 995 5499 Controversia
1024 5444 1287 5499 Barlaami
1308 5485 1321 5503 .
1353 5442 1615 5513 Acindyui
1649 5451 1705 5495 et
1744 5442 1895 5497 Pala-

344 5532 447 5572 mae
492 5515 709 5581 copiose
753 5516 965 5583 egimus
1021 5515 1086 5569 ad
1119 5515 1280 5568 linem
1316 5514 1438 5568 libri
1493 5512 1761 5583 secundi,
1794 5528 1904 5580 quo

346 5588 609 5640 lentoiem
659 5582 836 5638 redire
882 5585 1134 5653 cupimus
1164 5626 1177 5648 ,
1218 5584 1433 5652 quoties
1490 5582 1906 5637 Cautacuzenus

347 5655 623 5711 Palamam
680 5656 905 5723 ejusque
957 5654 1192 5707 asscclas
1222 5692 1237 5710 .
1291 5662 1547 5723 tauquam
1582 5662 1729 5704 recte
1756 5664 1904 5723 ‘sen-

352 5729 548 5781 ticutcs
575 5765 589 5789 ,
642 5720 901 5793 pri-dicat
940 5732 1009 5793 ct
1058 5722 1312 5793 extollit,
1347 5720 1643 5773 Omisimus
1690 5735 1756 5773 co
1786 5721 1906 5793 loco

352 5796 497 5849 hanc
562 5790 826 5864 synodum
880 5792 1145 5864 adversus
1223 5790 1562 5864 Aciudyuum
1611 5791 1907 5864 occasione

363 5859 605 5921 Jeaunzs'
636 5863 954 5933 patriurtbu:
999 5872 1260 5919 cetzclam.
1298 5862 1424 5927 Quae
1474 5862 1515 5913 si
1560 5859 1622 5914 ad
1672 5859 1908 5931 reliquas

2006 5442 2497 5517 adjuugaturLjam
2552 5460 2646 5517 εισι
2683 5444 2919 5517 synodos
2972 5456 3139 5517 super
3194 5437 3565 5517 controversia

2002 5513 2309 5567 delumiuc
2344 5513 2626 5567 Tiiaborio
2672 5513 2726 5566 et
2776 5514 3132 5565 distinctione
3176 5513 3429 5563 essentne
3482 5520 3569 5557 ac-

2005 5584 2278 5652 tionisquc
2328 5584 2525 5636 divina:
2596 5583 2941 5635 habt-bimus.
2996 5582 3248 5652 Quinque
3292 5576 3562 5652 “quidem,

2002 5647 2234 5721 quarum
2259 5654 2372 5722 ipse
2402 5652 2816 5707 Cautacuzeuus
2864 5651 3133 5722 luciniuit,
3163 5647 3229 5700 iet
3257 5647 3446 5722 aliam,
3469 5658 3565 5695 cu-

1999 5716 2089 5791 jus
2116 5723 2210 5776 lib.
2259 5716 2292 5775 ti
2328 5732 2516 5776 testem
2568 5719 3202 5792 laudavimusDutident
3238 5716 3565 5792 monachum

2006 5782 2059 5846 in
2094 5808 2192 5845 sua
2234 5793 2513 5846 “elatione
2553 5791 2617 5843 de
2651 5790 3047 5859 disceptatione
3084 5782 3349 5839 Barlaami
3381 5792 3435 5835 ct
3468 5782 3569 5836 lia.

2005 5863 2180 5919 lania.
