3996 6218
408 233 472 295 33
1570 230 2109 293 HISTORIARUM
2153 237 2381 299 LIBER
2421 241 2515 303 ιν.
3590 252 3659 321 34

406 356 508 391 των
558 335 883 401 εξετίθεέιτο,
934 336 992 386 ἐν
1047 327 1090 402 ᾧ
1155 336 1352 399 πάντες
1397 340 1833 409 συνωμολόγουν,
1892 340 1937 394 ὠ

2074 352 2477 417 perseverabat,
2507 355 2609 407 sibi
2638 355 2689 408 in
2736 356 2945 425 judicio
2971 358 3168 415 factam
3208 361 3467 433 tnjuriam
3501 383 3518 423 :
3550 386 3650 422 vo-

404 428 707 489 Ἀκίνδυνος
742 428 841 497 μὲν
872 426 967 480 καὶ
1004 428 1035 497 ἡ
1067 428 1197 497 περ)⁵
1243 429 1411 487 αὑτὸν
1442 432 1669 500 φατρέα.
1697 428 1777 495 οἷς
1812 436 1906 487 κο).
1939 434 1967 486 θ

306 572 319 583 ς
396 519 748 589 χρηματίσας
795 520 1153 588 πατριάρχης
1196 520 1447 591 Ἰωάννης
1496 522 1834 591 ὠμοφρόνει,
1886 526 1968 578 διὸ

395 613 486 664 καὶ
541 610 831 681 καθῃρέθη
883 609 977 661 τοῦ
1040 610 1253 679 θρόνου,
1310 613 1597 682 ἐκθέσμως
1658 617 1749 668 καὶ
1783 618 1967 681 κακῶς

390 700 621 769 περὶτὰ
670 700 790 753 θεῖα
832 699 1081 769 δόγματα
1136 701 1419 771 φρονοῦσι,
1481 704 1742 774 Παλαμᾶς
1789 707 1843 759 δέ
1872 710 1966 761 καὶ

388 792 504 841 ὅσοι
538 790 654 841 τῶν
685 790 887 859 ὁμοίων
928 792 1164 858 ἔχονται,
1196 792 1466 847 ἀκόλουθα
1510 798 1624 860 τοῖς
1683 797 1964 867 θεοσόφοις

387 880 665 946 θεολόγοις
702 879 794 933 καὶ
844 879 1088 947 λέγουσι,
1141 882 1237 935 καὶ
1285 883 1605 952 φρονοῦσιν.
1658 884 1815 940 Οὕτω
1866 890 1966 956 μὶν

388 968 480 1024 οὗν
512 974 541 1024 ὀ
569 974 916 1042 πατριάρχης
958 973 1212 1043 Ἰωάννης
1242 975 1542 1046 ἐκὸἐδλητο
1583 978 1691 1031 τῶν
1729 980 1961 1050 θρόνων,

387 1065 481 1115 καὶ
520 1066 652 1132 πρὶν
684 1063 911 1132 βασιλέα
950 1063 1042 1116 τὸν
1078 1065 1536 1135 Καντακουζηνὺν
1563 1070 1720 1139 ἥκειν
1749 1071 1828 1133 είς
1854 1071 1959 1123 Βυ-

384 1156 631 1220 ζάντιον.
670 1156 743 1207 Οὐ
775 1155 886 1223 μὴν
919 1155 1166 1225 ἡσύχασε
1218 1157 1357 1224 μετά
1387 1160 1486 1223 τὴν
1538 1161 1791 1230 ἐκϐολὴν,
1824 1163 1962 1219 ἀλλὰ

380 1246 493 1297 τῶν
529 1245 622 1315 τῆς
652 1244 983 1312 Ἐκκλησίας
1019 1247 1582 1316 προσεταιρισάμενός
1636 1268 1807 1315 τινας.
1867 1256 1961 1309 καὶ

382 1340 443 1391 ἐκ
475 1338 588 1390 τῶν
620 1338 929 1410 ἀρχιερέων
963 1339 1061 1391 καὶ
1110 1337 1221 1390 τῶν
1264 1338 1515 1407 ίδιωτῶν,
1570 1339 1731 1406 αὖθις
1764 1344 1957 1415 ἐθορύ-

388 1430 499 1486 ϐει.
532 1431 627 1483 καὶ
680 1428 977 1500 ἠδικῆσθαι
1004 1429 1293 1483 διετείνετο
1323 1436 1454 1499 περὶ
1500 1432 1613 1502 τὴν,
1646 1432 1829 1504 δίκην,
1861 1438 1958 1490 καὶ

377 1522 489 1573 τῶν
522 1521 863 1575 καθελόντων
899 1522 1203 1591 ἀρχιερέων
1265 1521 1540 1576 κατεϐόασ
1576 1526 1702 1579 ὅθεν
1752 1528 1955 1596 πάντες

377 1613 775 1680 προσελθόντες
811 1613 1027 1682 βασιλεῖ
1065 1613 1206 1683 πλὴν
1257 1617 1308 1669 οῖ
1362 1617 1556 1687 ἐκείνῳ
1617 1620 1951 1685 συνείποντο,

2070 438 2311 494 cil’eraus
2374 453 2563 497 contra
2630 447 2939 517 episcopos,
2986 452 3075 520 qui
3114 456 3163 507 ei
3215 454 3648 522 patriarcbatum

2071 529 2495 599 abrogaveranl.
2539 535 2906 601 Quamobrem
2940 556 3152 608 omnes,
3188 546 3435 615 exceptis
3468 550 3645 604 tritius

2068 622 2187 685 ejus
2220 625 2463 684 asseclis.
2500 628 2565 680 ad
2620 628 3004 698 imperatorem
3042 634 3309 691 adeuntes
3339 648 3551 707 petunt,
3589 651 3649 698 nt

2068 709 2327 781 Byzantio
2355 716 2605 783 pellatur,
2636 719 2706 772 ita
2736 736 2765 773 a
2793 722 3061 777 seditione
3099 734 3153 778 et
3190 730 3429 781 tumultu
3452 730 3641 785 Eccle-

2066 802 2200 857 siam
2227 808 2665 875 conqttietnram.
2706 811 3028 880 Imperatori
3058 816 3127 869 ob
3150 818 3471 873 seditionem
3492 828 3673 877 com?

2066 896 2374 959 ponendam
2442 899 2695 954 similiter
2764 904 2933 957 visum
2994 914 3074 959 cst
3118 907 3447 963 faciendum.
3503 914 3643 980 Ειμο

2066 983 2504 1057 Didymotiehum
2542 992 2691 1045 illum
2740 994 2906 1049 misit.
2937 995 3038 1062 Qni
3086 1013 3195 1051 non
3234 1000 3327 1053 diu
3369 1014 3490 1070 post
3520 1014 3639 1056 tau-

2064 1084 2131 1129 ιω
2160 1078 2482 1133 mutationis
2519 1081 2813 1150 impatiens
2845 1086 2897 1153 (a
2919 1100 3135 1140 summo
3169 1089 3314 1141 enim
3363 1090 3641 1147 felicitatis

2062 1169 2231 1239 gradu
2282 1171 2349 1225 ad
2388 1172 2550 1227 imam
2596 1176 2869 1230 miseriam
2905 1180 3277 1249 praecipitatus
3316 1185 3479 1251 erat),
3518 1188 3637 1253 pri-

2061 1275 2209 1313 mum
2261 1263 2485 1331 quidem
2545 1266 2797 1319 morbum
2857 1271 3168 1335 contraxit;
3225 1276 3568 1341 postmodum
3603 1291 3635 1331 e

2060 1363 2333 1420 potestate
2388 1354 2576 1419 exivit,
2614 1370 2927 1426 quanquam
2963 1376 3072 1415 non
3110 1362 3273 1416 simul
3336 1374 3391 1419 et
3425 1370 3632 1433 semet;

2060 1445 2341 1502 interdum
2377 1449 2524 1504 enim
2568 1461 2787 1520 recepta
2823 1462 3029 1518 mente,
3062 1470 3282 1510 rursum
3332 1456 3400 1512 de
3439 1473 3500 1513 ea
3535 1461 3635 1513 de-

2059 1536 2404 1594 turbabatur.
2439 1539 2595 1606 Quod
2649 1544 2877 1598 audiens
2913 1544 3209 1615 imperator
3256 1562 3383 1603 eum
3416 1548 3633 1621 Byzan-

2056 1624 2194 1679 tium
2241 1629 2467 1695 reverti,
2534 1639 2589 1684 et
2623 1645 2652 1684 a
2700 1632 2927 1688 medicis
2972 1636 3151 1689 curari
3204 1639 3483 1708 praecepit.
3516 1639 3631 1693 Re-

376 1705 563 1773 ὴξίουν
618 1704 914 1769 Βυζαντίου
952 1705 1308 1776 ἐκσὶηθῆναι,
1340 1709 1414 1773 ὡς
1459 1709 1602 1762 οὕτω
1660 1714 1940 1781 παυσαμέ-

2056 1732 2285 1783 versus,
2340 1735 2450 1773 non
2490 1721 2582 1775 diu
2642 1722 2895 1787 duravit,
2931 1726 3023 1779 sed
3071 1728 3263 1782 morbo
3295 1738 3349 1783 et
3380 1733 3627 1785 cruciatu

375 1814 475 1864 νης
535 1801 675 1850 κατὰ
723 1797 821 1867 τὴν
845 1796 1177 1868 Ἐκκλησίαν
1238 1800 1481 1864 στάσεως
1538 1802 1633 1854 καὶ
1682 1805 1945 1873 ταραχῆς.

390 1888 601 1939 Ἐδόκει
651 1886 715 1957 δὴ
770 1886 1013 1957 κάκείνῳ
1058 1888 1157 1955 τὴν
1186 1889 1375 1943 στάσιν
1409 1890 1566 1943 τοῦτο
1602 1891 1805 1946 λύσειν.
1840 1895 1949 1946 Καὶ

377 1978 658 2044 ἐπέμπετο
687 1978 765 2041 είς
796 1977 1199 2048 Διδυμότειχον.
1233 1980 1308 2032 Οὐ
1341 1979 1477 2034 πολὺ
1509 1980 1566 2033 δὲ
1595 1980 1823 2051 ὕστερον
1846 1984 1948 2053 τὴν

379 2070 653 2135 τοσαύτην
692 2071 1003 2143 μεταϐολὴν
1055 2074 1158 2126 οὐκ
1201 2074 1476 2142 ἐνεγκὼν·
1532 2078 1595 2130 ἐκ
1622 2077 1730 2149 γὰρ
1763 2079 1943 2149 ἄκρας

380 2156 630 2224 εὐτυχίας
664 2159 742 2221 είς
776 2160 1085 2215 τούναντίον
1131 2162 1276 2215 ἅπαν
1322 2166 1355 2234 ἡ
1407 2167 1678 2238 μεταϐολὴ
1743 2171 1941 2240 ἐκείνῳ

385 2251 675 2317 περιέστη·
746 2250 941 2319 πρῶτα
998 2250 1097 2322 μέν
1154 2254 1451 2326 ἐνόσησεν,
1510 2259 1700 2311 ἔπειτα
1748 2262 1941 2331 ἐξέστη

371 2340 481 2391 ’καὶ
512 2341 617 2393 τῶν
648 2344 877 2412 φρενῶν,
902 2344 961 2397 οὗ
992 2345 1099 2416 μὴν
1156 2348 1441 2413 καθάπαξο
1485 2352 1599 2403 ἀλλ’
1645 2354 1813 2406 ἐνίοτε
1849 2358 1943 2408 καὶ

392 2434 707 2500 σωφρονῶν,
736 2434 886 2497 αὖθις
915 2435 1003 2488 τοῦ
1033 2436 1437 2509 καθεστηκότος
1460 2442 1765 2513 ἐξεφέρετο.
1799 2448 1861 2498 ’Λ
1879 2447 1941 2517 δὴ

382 2524 694 2590 πυθόμενος
743 2527 770 2577 ό
823 2528 1095 2597 βασιλεὺς,
1137 2531 1293 2596 αὖθις
1336 2535 1499 2587 αὐτὸν
1556 2537 1808 2589 ἐκέλευεν
1862 2542 1939 2600 εἰς

376 2616 674 2681 Βυζάντιον
707 2620 1028 2688 ἐπανάγειν,
1067 2623 1197 2676 ὥστ’
1228 2626 1549 2694 ἐπιμελείας
1576 2631 1758 2697 τυχεῖν
1788 2631 1940 2699 παρὰ

373 2707 725 2776 τῶνίατρῶψ
768 2710 1080 2765 ἐπανελθὼν
1115 2713 1193 2777 δὲ,
1227 2715 1327 2767 οὐκ
1374 2716 1637 2785 ἀντέσχεν
1686 2720 1936 2771 ἐπιπλεῖ-

376 2815 499 2850 στον
522 2816 538 2831 ⁸
564 2800 679 2852 ἀλλ’
708 2800 812 2853 ὑπὸ
850 2803 950 2872 τῆς
983 2804 1140 2856 νόσου
1171 2806 1265 2858 καὶ
1317 2806 1423 2876 τῆς
1452 2806 1625 2876 λύττης
1667 2826 1939 2879 κατεργα·

375 2891 546 2953 σθεὶς,
600 2894 922 2965 ἐτελεύτησε
982 2896 1121 2965 μετά
1181 2898 1400 2967 μικρόν.
1461 2898 1648 2952 Ταῦτα
1685 2902 1785 2969 μὲν
1843 2897 1936 2953 οὖν

378 2983 627 3053 ὕστερον.
659 2986 792 3039 Τότε
853 2987 909 3039 δὲ
941 2987 1101 3051 εὐθὺς
1136 2990 1274 3051 μετὰ
1306 2992 1404 3060 τὴν
1446 2991 1766 3063 καθαίρεσιν
1792 2994 1935 3046 ἐκεί-
1961 3017 2006 3078 c

376 3094 464 3128 νου
515 3077 680 3146 λόγος
716 3073 785 3149 ἦν
820 3079 987 3144 πολὺς
1025 3081 1153 3149 περὶ
1202 3081 1297 3135 τοῦ
1338 3085 1783 3155 προστησομένου
1839 3087 1935 3154 τῆς

370 3170 729 3240 Ἐκκλησίας.
767 3173 830 3223 Οἱ
864 3172 963 3241 μὲν
1001 3168 1096 3225 οὖν
1125 3172 1275 3227 ἄλλοι
1315 3177 1518 3238 πάντες
1553 3176 1717 3237 εὐθὺς
1748 3176 1935 3231 οὐδένα

367 3260 534 3330 ᾤοντο
596 3262 937 3333 δικαιότερον
988 3260 1127 3317 εῖναι
1194 3265 1431 3335 Παλαμᾶ
1484 3265 1783 3333 ἀνάγεσθαι
1842 3268 1935 3321 ἐπὶ

368 3353 477 3403 τῶν
530 3352 778 3422 θρόνων,
829 3354 891 3406 οὗ
931 3353 1020 3406 διὰ
1082 3355 1181 3424 τὴν
1214 3355 1416 3425 ἀρετὴν
1476 3356 1635 3425 μόνον
1683 3360 1777 3411 καὶ
1833 3358 1934 3428 τὴν

368 3445 513 3496 κατὰ
545 3446 638 3495 τον
690 3444 805 3512 βίον
862 3444 1207 3513 φιλοσοφίαν,
1239 3446 1333 3498 καὶ
1384 3446 1487 3515 τὴν
1530 3450 1657 3518 περὶ
1714 3450 1781 3503 τά
1810 3450 1932 3503 θεῖα

368 3538 619 3606 δόγματα
642 3538 932 3607 ἀκρίϐειαν
959 3539 1047 3591 καὶ
1089 3537 1407 3607 ἐμπειρίαν,
1446 3538 1566 3590 ἀλλ’
1595 3541 1675 3591 ὅτι
1701 3540 1794 3592 καὶ
1829 3556 1931 3609 φαο

375 3630 547 3699 νερῶς
595 3629 756 3691 εὐθὺς
814 3628 1056 3697 ἐξαρχῆς
1098 3628 1235 3699 πρὸς
1289 3630 1417 3691 τοὺς
1476 3630 1932 3701 πεπολεμηκότας

368 3717 599 3787 ἀντέστη
656 3716 888 3784 βασιλεῖ,
943 3718 1169 3784 φάσκων
1218 3716 1421 3779 ἀδίκως
1455 3718 1547 3769 καὶ
1579 3717 1689 3770 τῶν
1738 3718 1932 3771 κοινῶν

367 3811 463 3861 ἐπὶ
489 3808 663 3879 φθορᾷ
695 3808 789 3860 καὶ
824 3807 974 3879 λύμῃ
1004 3808 1094 3859 τὸν
1120 3808 1357 3876 πόλεμον
1391 3810 1763 3877 κεκινηκέναι,
1801 3810 1873 3863 δι’
1895 3810 1931 3864 ἃ

365 3900 459 3949 καὶ
482 3897 859 3965 δεσμωτήριον
882 3897 1052 3947 οἰκεῖν
1070 3895 1376 3965 κατεκρίθη
1394 3896 1521 3965 ἄχρι
1537 3897 1725 3959 τέλους
1748 3899 1929 3967 ἀτταρ-

363 3994 488 4061 χῆξ.
526 3990 648 4051 Τοῖς
684 3990 1002 4059 ἀρχιερεῦσι
1033 3988 1090 4040 δέ
1121 3988 1216 4041 καὶ
1246 3990 1359 4049 τοῖς
1388 3988 1569 4051 ἄλλοις
1600 3989 1792 4057 λογάσι
1818 3990 1928 4043 τῶν

367 4082 622 4150 μο-ιαχῶν
671 4082 837 4149 πολλὴ
868 4077 989 4151 ἧνη
1018 4079 1436 4150 ἀμφισϐήτησις
1471 4082 1600 4149 περὶ
1629 4081 1720 4134 τοῦ
1752 4084 1932 4151 πράγ-

367 4191 561 4243 ματος.
606 4172 801 4224 Πολλοὶ
827 4172 937 4241 γὰρ
970 4172 1065 4223 καὶ
1125 4172 1231 4223 τῶν
1267 4172 1633 4242 λογιωτέρων,
1678 4174 1770 4226 καὶ
1829 4174 1930 4242 μά-

364 4265 525 4316 λιστα
548 4262 713 4326 ἀξίων
733 4262 895 4323 λόγου
919 4260 1061 4313 κατὰ
1082 4263 1173 4313 τὸν
1188 4260 1281 4313 τοῦ
1306 4261 1543 4331 πολέμου
1570 4262 1761 4331 χρόνον
1786 4262 1928 4331 ὑπὲρ

2050 1808 2217 1861 animi
2252 1821 2632 1881 consumptus,
2669 1814 2926 1870 decessit.
2966 1814 3072 1870 Sed
3103 1816 3216 1871 haec
3252 1828 3439 1888 postea
3480 1827 3627 1875 acci-

2049 1896 2271 1955 derunt.
2315 1900 2452 1955 Tum
2498 1918 2627 1957 vero
2658 1920 2724 1959 eo
2760 1917 3132 1973 exauctorato,
3166 1910 3231 1963 dc
3271 1911 3377 1965 alio
3413 1913 3463 1964 in
3503 1914 3624 1982 ejus

2049 1984 2227 2040 locum
2264 1989 2584 2046 sumcienilo
2616 2008 2739 2047 mox
2770 2008 3053 2055 Sermones
3085 1998 3242 2067 tttlgo
3276 2000 3622 2055 serebantur.

2045 2076 2149 2131 Alii
2201 2078 2363 2150 igitur
2416 2098 2605 2138 omnes
2656 2086 2932 2139 neminem
2994 2091 3359 2157 opinabantur
3405 2092 3625 2147 Palama

2048 2170 2250 2223 throno
2284 2173 2455 2241 magis
2488 2173 2745 2228 idoneum
2768 2216 2782 2239 ,
2818 2192 2926 2230 non
2978 2180 3050 2232 ob
3082 2180 3339 2235 virtutem
3384 2191 3624 2235 tantum-

2046 2260 2209 2313 modo
2258 2277 2321 2315 ac
2367 2264 2679 2333 religiosum
2723 2267 2848 2320 vita:
2905 2269 3253 2331 institutum,
3288 2272 3623 2323 divinorum—

2045 2362 2151 2415 que
2180 2348 2493 2429 dogmatum
2523 2363 2832 2407 accuratam
2855 2357 3147 2426 cognitioni
3169 2374 3219 2411 m
3253 2366 3413 2427 atque
3438 2376 3619 2423 usum,

2046 2442 2141 2494 sed
2199 2442 2343 2509 quod
2402 2443 2627 2513 insuper
2662 2444 2773 2513 jam
2812 2445 2936 2500 inde
2976 2447 3044 2499 ab
3081 2446 3233 2501 initio
3277 2449 3622 2518 imperatoris

2047 2532 2300 2587 hostibus
2327 2535 2500 2603 palam
2521 2537 2842 2591 adversatus
2876 2553 2938 2591 ac
2963 2546 3191 2592 testatus
3227 2550 3395 2604 esset,
3426 2539 3612 2612 inique

2042 2634 2097 2677 et
2131 2640 2254 2679 eum
2319 2628 2632 2696 reipublic-te
2684 2628 2803 2683 labe
2857 2640 3017 2699 atque
3062 2632 3228 2685 exitio
3264 2633 3459 2686 bellum
3496 2650 3615 2687 mo-

2045 2718 2174 2771 veri.
2212 2718 2393 2783 Quare
2436 2736 2463 2771 a
2511 2720 2782 2789 principio
2816 2737 2983 2789 usque
3034 2724 3098 2774 ad
3133 2723 3293 2776 ﬁni-nt
3340 2740 3614 2780 carcerem

2042 2808 2328 2863 habitavit.
2376 2808 2630 2878 EpiscOpi
2685 2825 2812 2865 tero
2857 2823 2907 2865 et
2972 2813 3355 2869 honoratiores
3396 2816 3461 2867 de
3496 2834 3617 2869 u-o-

2041 2899 2231 2953 nachis
2298 2900 2649 2953 vehementer
2721 2902 2773 2953 in
2839 2916 2905 2955 co
2959 2904 3176 2973 negotio
3241 2904 3610 2974 disputabant.

2042 2989 2221 3044 Multis
2254 2992 2521 3058 siquidem
2559 3002 2614 3044 et
2648 2992 3078 3057 eruditioribus,
3112 3004 3163 3046 ct
3191 3005 3314 3047 ante
3345 2997 3480 3048 alios
3514 3012 3611 3049 vc-

2038 3080 2379 3135 nerab-libus
2406 3122 2420 3144 ,
2475 3096 2573 3149 per
2623 3090 2837 3151 tempus
2873 3082 2994 3137 belli
3032 3097 3127 3150 pro
3160 3084 3493 3153 imperatore
3524 3084 3611 3137 his

2037 3170 2261 3241 quidem
2297 3171 2349 3223 in
2381 3170 2590 3223 adibus
2618 3170 2915 3235 conclusis,
2950 3172 3032 3225 his
3062 3174 3115 3225 in
3144 3186 3384 3235 carcere.
3418 3173 3611 3227 etaliis

2035 3262 2141 3318 alia
2174 3264 2383 3317 ratione
2415 3262 2652 3323 amictis,
2684 3263 3103 3331 patriarchicam
3137 3264 3319 3318 sedem
3352 3264 3452 3318 sibi
3478 3280 3610 3318 suo-

2036 3372 2152 3409 rum
2210 3354 2457 3408 laborum
2506 3358 2789 3424 praemium
2846 3355 3043 3425 singuli
3105 3357 3503 3424 promiserant,
3554 3365 3611 3410 et

2033 3445 2262 3514 quilibet
2318 3445 2421 3499 sibi
2458 3459 2566 3513 pra:
2597 3446 2808 3499 caeteris
2839 3445 3157 3517 suﬂ'rsgium
3204 3447 3391 3501 dabat.
3428 3448 3604 3511 Quam

2034 3536 2445 3588 contentionem
2478 3550 2669 3602 parum
2708 3535 3483 3600 liberalem‘animadvertens,
3515 3555 3605 3591 se-

2033 3625 2407 3694 ditionemque
2438 3626 2564 3680 inde
2616 3625 2669 3677 in
2710 3625 2956 3678 Ecclesia
2990 3627 3355 3680 suborituram
3389 3628 3605 3697 prospi-

2034 3717 2185 3771 ciens
2219 3717 2536 3785 imperator,
2601 3716 2737 3771 nihil
2774 3730 2869 3783 pcr
2905 3731 2963 3770 se
2994 3715 3172 3769 facere
3196 3754 3210 3778 ,
3250 3718 3344 3771 sed
3375 3719 3603 3773 electio-

2036 3795 2525 3875 nem-patriarcha:
2573 3808 2845 3876 episcopis
2876 3805 3100 3862 liberam
3136 3807 3442 3878 relinquere
3490 3819 3601 3865 sta-

2034 3899 2155 3953 tuit.
2209 3897 2374 3967 716
2402 3895 2756 3952 Plurc3°nno
2809 3898 2990 3953 animo
3055 3898 3320 3967 Isidorum
3355 3899 3601 3971 eligunt,

2034 3988 2205 4041 virum
2241 3988 2484 4056 probatis
2527 3986 2810 4049 moribus,
2838 4000 2900 4041 ac
2950 3989 3160 4052 mitem,
3198 3998 3252 4043 et
3277 3988 3343 4044 ad
3377 4004 3599 4044 omnem

2032 4080 2450 4133 sanctimoniam
2488 4087 2700 4141 natum,
2736 4090 2898 4147 atque
2934 4078 2988 4132 in
3027 4079 3335 4133 litteratum
3360 4082 3606 4151 discipli-

2030 4171 2115 4223 nis
2157 4177 2211 4222 et
2271 4171 2543 4223 recondita
2602 4170 2913 4239 dogmatum
2973 4170 3203 4225 scientia
3268 4171 3599 4240 perfectum.

2032 4256 2333 4326 Imperator
2382 4256 2708 4311 electionem
2753 4260 3055 4326 approbat,
3116 4276 3213 4314 nec
3262 4262 3436 4315 multo
3479 4275 3601 4331 post

366 4352 654 4419 βασιλέως,
687 4350 735 4401 oi
790 4350 887 4419 μέν
935 4350 993 4400 ἐν
1066 4352 1185 4411 ταῖς
1233 4350 1433 4412 οἰκίαις
1486 4350 1925 4421 καθειρχθέντες,

2042 4357 2407 4401 consectatur.
2445 4347 2509 4400 Et
2543 4363 2666 4401 cum
2698 4350 2879 4403 caeteri
2901 4349 3139 4417 quidem,
3173 4351 3318 4403 nullo
3351 4362 3601 4421 excepto,

364 4444 543 4510 ἕτεροι
572 4442 627 4493 δε
655 4443 713 4493 ἐν
745 4440 1165 4509 δεσμωτηρίοις,
1186 4441 1281 4492 καὶ
1308 4439 1457 4493 ἄλλοι
1478 4440 1687 4509 ἑτέροις
1702 4441 1927 4511 τρόποις

365 4533 728 4596 κακωθέντες,
747 4521 947 4595 πάξτες
987 4533 1214 4601 ἤλπιζον
1232 4533 1467 4603 ἀμοιϐὴν
1495 4533 1677 4596 αὐτοῖς
1699 4534 1806 4585 τῶν
1832 4534 1929 4586 πό⁴

366 4644 384 4673 ε.
394 4644 470 4675 ων
489 4624 706 4677 ἔσεσθαι
722 4625 813 4677 τὸν
831 4624 1037 4695 θρόνονο
1055 4624 1149 4675 καὶ⁵
1168 4623 1276 4675 τῶν
1296 4623 1469 4676 ἄλλων
1490 4624 1681 4676 ἐαυτὸν
1695 4624 1929 4686 ἕκαστος

367 4714 672 4780 προύτίθει.
705 4713 955 4781 Συνορῶν
991 4714 1045 4765 δέ
1070 4715 1097 4763 ό
1131 4712 1389 4782 βασιλεὺς
1430 4714 1530 4783 τὴν
1562 4713 1921 4780 φιλονεικίαν,

366 4810 457 4857 καὶ
488 4806 883 4873 στοχαζόμενος
911 4784 1323 4874 ἀναφυήσεσθαί
1355 4821 1475 4856 τινα
1504 4806 1562 4855 ἐν
1595 4807 1662 4873 τῇ
1692 4804 1929 4873 Ἐκκλη-

368 4898 457 4963 σία
479 4896 666 4949 στάσιν
692 4898 757 4948 ἐκ
778 4898 875 4964 τῆς
906 4896 963 4947 οὐ
999 4895 1167 4965 καλῆς
1200 4895 1403 4965 ταύτης
1434 4894 1629 4964 ἔριδος,
1661 4895 1927 4964 ἐσκέψατο

371 4974 531 5054 μγ,δέν
572 4988 747 5041 ποιεῖν
801 4987 932 5057 παρ’
992 4986 1215 5052 ἑαυτοῦ,
1268 4985 1405 5039 ἀλλά
1440 4990 1553 5050 τοῖς
1608 4988 1925 5058 ἀρχιερεῦσι

364 5080 463 5147 τὴν
493 5078 708 5147 αἰρεσιν
737 5078 832 5131 τοῦ
886 5079 1331 5149 προστησομένου
1384 5078 1726 5147 ἐπιτρέπειν.
1774 5079 1924 5148 Συμ-

366 5170 714 5238 φωνήσαντες
743 5170 798 5223 δέ
825 5172 875 5223 οι
905 5171 1123 5232 πλείους
1189 5170 1397 5223 εἴλοντο
1442 5171 1734 5241 Ἰσίδωρον,
1752 5170 1923 5240 ἄνδρα

362 5260 569 5326 ἀγαθὸν
605 5263 731 5323 τοὺς
759 5264 998 5331 τρόπους
1029 5264 1126 5316 καὶ
1159 5263 1400 5332 ἐπιεικῆ,
1432 5264 1527 5318 καὶ
1586 5265 1722 5333 πρὸς
1754 5262 1924 5329 ἁγιω-

363 5354 532 5418 σύν-ην
565 5351 797 5419 μάλιστα
845 5354 1036 5422 ἔχοντα
1060 5353 1297 5421 εὐφυῶς,
1327 5356 1423 5408 καὶ
1449 5357 1581 5424 περὶ
1606 5354 1799 5419 λόγους
1830 5352 1925 5406 καὶ

361 5443 653 5513 ἀκρίϐειαν
682 5444 970 5513 δογμάτων
1030 5445 1300 5499 κάλλιστα
1357 5446 1754 5517 ἐξησκημένον.
1816 5444 1924 5496 Καὶ

358 5540 384 5588 ὁ
416 5536 669 5603 βασιλεὺς
703 5536 902 5589 αὐτίκα
940 5537 1254 5606 ἐπεψήφιζε
1284 5538 1383 5608 τὴν
1424 5538 1679 5607 ἐκλογὴν,
1710 5536 1826 5607 μετ’
1859 5538 1920 5588 οὐ

358 5628 493 5680 πολὺ
529 5627 586 5678 δέ
619 5628 709 5680 καὶ
740 5630 1147 5698 ἐχειροτονιίτο.
1183 5631 1243 5681 0i
1266 5628 1364 5699 μὲν
1392 5624 1485 5683 οὖν
1535 5628 1685 5682 ἄλλοι
1720 5630 1919 5691 πάντες

2030 4439 2105 4492 illi
2141 4438 2367 4492 subesse
2400 4453 2509 4491 non
2539 4439 2783 4502 nollent,
2815 4440 2904 4508 qui
2955 4441 3107 4510 prius
3136 4443 3320 4495 sedem
3365 4444 3467 4498 sibi
3501 4443 3599 4498 de-

2033 4528 2397 4599 sponderant,
2435 4546 2493 4585 se
2524 4532 2827 4598 prmzeritos
2860 4547 2966 4585 non
3001 4534 3447 4601 concoqucbant;
3484 4547 3607 4590 tan-

2028 4625 2260 4688 demque
2295 4636 2481 4675 amore
2516 4622 2828 4676 dominandi
2860 4638 2925 4676 eo
2950 4624 3207 4692 nequitia:
3236 4624 3599 4688 devenerunt,

2028 4718 2085 4762 ut
2136 4724 2261 4762 cum
2320 4726 2424 4761 non
2464 4710 2767 4773 haberent,
2804 4713 3077 4779 quomodo
3119 4715 3497 4781 imperatorem
3545 4724 3599 4765 ιιι

2032 4801 2349 4868 episcopos,
2382 4816 2410 4852 a
2442 4798 2642 4868 quibus
2668 4816 2728 4855 se
2758 4802 3042 4871 despectos
3064 4804 3341 4868 rebantur,
3368 4803 3596 4856 ulcisca-

2029 4901 2242 4955 rentur,
2281 4893 2425 4947 inter
2482 4900 2784 4947 sectatores
2823 4894 3089 4963 Aciudyni
3122 4894 3333 4947 nomina
3365 4893 3597 4953 darent,

2026 4996 2193 5051 seque
2233 4984 2379 5050 ipsos
2424 4996 2547 5034 cum
2584 4981 2690 5035 alia
2740 4984 3084 5038 tttultitudinc
3125 4985 3192 5036 ab
3234 4982 3469 5035 Ecclesia
3502 4985 3595 5035 ah-

2025 5087 2344 5144 rumpentes
2374 5117 2388 5141 ,
2448 5077 2797 5131 vehementer
2853 5078 2999 5129 illam
3048 5075 3435 5141 deformarent,
3468 5094 3596 5132 cum

2026 5170 2189 5239 paulo
2220 5178 2345 5221 ante
2377 5168 2567 5221 eadem
2621 5170 2688 5223 de
2740 5181 2903 5221 causa
2946 5165 3208 5221 Joannem
3244 5168 3438 5223 throno
3464 5170 3593 5223 sub-

2026 5262 2346 5317 movissent.
2387 5261 2450 5314 Et
2480 5259 2570 5329 qui
2628 5268 2833 5313 tutores
2888 5262 3201 5330 dogmatum
3240 5262 3395 5332 longe
3434 5278 3495 5332 pr
3518 5263 3594 5317 mi

2026 5352 2369 5409 videbantur.
2409 5353 2550 5420 quod
2585 5351 2843 5419 praeteriti
2875 5361 3079 5415 essent,
3111 5364 3332 5423 repente
3362 5356 3591 5417 mutati,

2024 5460 2212 5499 eorum
2250 5442 2374 5497 iacti
2409 5450 2536 5496 sunt
2590 5443 2867 5507 vindices,
2902 5457 3133 5513 quorum
3173 5445 3386 5498 fuerant
3423 5460 3591 5498 aecn-

2026 5546 2263 5591 satores.
2306 5536 2433 5590 Haac
2487 5535 2610 5605 jure
2663 5535 2932 5605 quispiam
2987 5536 3037 5591 ei
3074 5535 3345 5599 tribuerit,
3386 5538 3477 5604 qui
3524 5538 3599 5588 ab

2026 5628 2157 5683 orbe
2188 5626 2405 5683 condito
2450 5627 2755 5682 communis
2800 5626 3021 5683 humani
3074 5630 3284 5699 generis
3334 5629 3585 5683 inimicus
