3996 6218
408 320 485 383 ~39
788 359 792 367 ,
1579 297 1900 360 JOANNIS
1934 297 1992 355 ci

2094 295 2454 355 l‘ACUZENI
3585 296 3655 361 60

400 425 627 484 ’liabuit.
663 421 867 478 Verum
909 414 1245 484 Palaeologus
1300 407 1502 465 deinde
1549 406 1701 461 solus
1752 407 1987 475 impera-

2094 401 2298 463 εἳωθός.
2331 402 2440 472 Τὴν
2476 400 2575 469 μὲν
2609 395 2703 454 οὗν
2738 400 2984 470 μεγάλην
3016 400 3179 453 στοὰν
3230 400 3367 471 μετὰ
3422 403 3515 459 τοῦ
3562 405 3661 476 βή-

414 528 523 579 tor,
577 514 720 585 quod
764 512 951 567 deerat
992 505 1249 576 explevit,
1303 500 1634 569 manumque
1677 506 1974 552 extremam

415 606 696 679 imposuit.
751 598 1175 659 Subserviebant
1215 604 1396 650 autem
1443 592 1867 664 imperatoribus
1922 589 1978 643 in

416 702 519 754 hac
584 695 837 767 praeclara
886 688 1230 744 aemulatione
1252 686 1441 741 AStras
1505 699 1731 755 magnus
1783 690 1981 737 strato-

414 792 705 862 pedarclta,
739 785 819 840 vir
862 782 918 836 in
946 780 1137 852 primis
1190 787 1468 847 spectatus
1529 786 1585 830 et
1648 774 1981 829 architectus

416 882 661 952 insignis,
690 886 895 932 etcum
958 888 1025 927 eo
1069 885 1134 926 ex
1180 868 1387 923 Latinis
1439 865 1753 935 imperatori
1801 864 1984 933 subje-

417 978 521 1031 c:is
551 974 788 1028 Joannes
817 968 1024 1022 Peralta
1055 964 1387 1019 nominatus.
1413 958 1518 1016 Sed
1552 962 1665 1015 huic
1710 958 1980 1029 posterius

416 1066 779 1135 contigerunt.
828 1063 980 1117 Tunc
1036 1077 1208 1130 ergo,
1269 1070 1329 1115 ut
1391 1058 1677 1120 docebam,
1724 1055 1977 1124 quoniam

418 1171 669 1226 magnuut
759 1153 887 1207 illud
955 1152 1142 1206 mundi
1209 1151 1530 1205 miraculum
1591 1156 1647 1202 et
1696 1145 1981 1218 decantata

415 1246 560 1300 aedes
587 1245 759 1299 ruinae
785 1251 963 1305 erant,
999 1258 1180 1297 rerum
1230 1241 1556 1312 elegantium
1590 1235 1848 1292 studiosis
1902 1236 1984 1288 la-

415 1334 761 1404 crymabiles,
794 1333 845 1387 in
890 1330 1211 1387 Blacbernis
1242 1330 1296 1383 in
1335 1330 1424 1385 Dei
1478 1327 1686 1391 Matris,
1722 1324 1824 1380 sub
1874 1324 1974 1379 lsi-

415 1425 548 1479 doro
582 1425 909 1492 patriarcha,
964 1422 1165 1478 llelena
1215 1420 1557 1492 imperatoris
1617 1416 1981 1473 Cantacuzeni

418 1517 522 1571 lilia
569 1517 764 1572 Joanni
799 1516 1111 1587 imperatori
1165 1516 1217 1569 in
1276 1528 1495 1568 manum
1542 1510 1802 1567 convenit
1846 1508 1981 1579 :qui

416 1618 472 1662 et
502 1609 616 1677 ipse
654 1623 682 1662 a
721 1608 930 1662 Joanne
968 1608 1271 1676 patriarcha
1329 1618 1455 1659 ante
1492 1612 1805 1667 coronatus,
1841 1614 1982 1654 uxo-

421 1714 535 1752 rem
563 1712 713 1751 Suam
750 1698 949 1751 usitato
984 1710 1131 1749 more
1161 1696 1463 1749 coronavit.
1496 1690 1557 1745 Et
1601 1688 1983 1760 indulgebatur

2092 494 2320 571 ματοςή
2352 494 2560 562 βασιλὶς
2592 494 2881 563 ἀνήγειρεν
2911 491 3069 555 αὖθις
3124 494 3311 555 Ἅννα,
3364 496 3657 552 Φακεωλά-

2088 602 2178 637 τον
2206 587 2552 654 ἐπιστήσασα
2579 585 2654 653 τῷ
2679 585 2854 655 ἔργῳ’
2887 585 2948 636 τὸ
2984 583 3246 638 ἐπέκεινα
3283 585 3338 637 δὲ
3363 587 3502 653 μετά
3558 592 3660 657 τῆς

2086 675 2290 745 ὀροφῆς
2352 676 2604 739 βασιλεὺς
2635 676 2860 745 ὕστερον
2918 674 3216 746 ἀνέστησεν
3262 676 3290 729 6
3346 679 3660 732 Kavtax'.u-

2088 764 2271 837 ζηνὸς,
2327 768 2422 821 καὶ
2472 771 2571 836 τῆς
2633 767 2798 836 ἄλλης
2858 767 3169 840 ἐπεμελήθη
3224 768 3318 821 τοῦ
3398 773 3563 838 τεμέν
3596 791 3656 835 υς

2086 859 2381 928 εὐκοσμίας
2408 860 2507 929 ὅση
2531 876 2587 911 τε
2611 861 2668 911 ἐν
2692 858 3001 929 μαρμάροις
3024 859 3115 911 καὶ
3150 859 3356 929 λεπτῆς
3426 862 3659 931 digestae;

2089 952 2350 1007 διαθέσει.
2385 954 2453 1007 El’
2471 972 2523 1007 τι
2547 954 2601 1008 δὲ
2627 954 2792 1007 ἐνέδει
2822 953 2956 1022 πρὸς
2984 954 3280 1021 τελείωσιν,
3298 957 3658 1023 Παλωολᾶχος

2090 1040 2315 1110 ὕστερον
2353 1045 2620 1115 ἐπέθηκεν
2661 1046 2689 1098 6
2735 1045 2850 1107 νέος
2907 1045 3182 1114 βασιλεὺς,
3212 1049 3369 1117 μόνος
3420 1051 3519 1119 ἤδη
3561 1052 3667 1121 τῗςςη

2097 1133 2388 1203 Ῥωμαίων
2417 1136 2713 1206 ἡγεμονίας
2738 1136 2877 1206 ἔχων
2923 1136 3019 1207 τὴν
3061 1139 3254 1207 ἀρχήν.
3306 1140 3553 1206 Διηκίνει
3601 1140 3657 1192 δὲ

2088 1225 2368 1299 ἑκατέροις
2394 1228 2505 1290 τοῖς
2535 1227 2812 1299 βασιλεῦσι
2844 1228 2979 1298 πρὸς
3014 1229 3110 1298 τὴν
3148 1230 3316 1299 καλὴν
3343 1231 3655 1301 φιλοτιμίαν

2088 1318 2294 1389 ταύτην
2361 1319 2587 1390 Ἀστρᾶς
2625 1321 2653 1373 6
2701 1320 2876 1390 μέγας
2935 1320 3438 1391 στρατοπεδάρχης,
3481 1323 3551 1374 τά
3598 1339 3657 1375 τε

2086 1408 2222 1462 ἄλλα
2249 1409 2409 1477 λόγου
2444 1408 2595 1474 ἄξιος
2620 1409 2836 1473 πολλοῦ,
2861 1410 2956 1463 καὶ
2988 1409 3119 1480 περὶ
3172 1411 3481 1479 οἰκοδομίας
3519 1411 3659 1482 ἔχων

2086 1498 2338 1566 εὑςυῶς,
2368 1501 2464 1555 καὶ
2494 1502 2557 1552 ὲκ
2581 1498 2691 1552 τῶν
2719 1500 2976 1569 ὑπηκόων
3029 1498 3242 1569 βασιλεῖ
3280 1500 3526 1554 Λατίνων
3576 1518 3659 1563 τις

2100 1590 2354 1659 Ἰωάννης
2399 1590 2652 1660 Περάρτα
2712 1592 3279 1661 προσαγορευόμενος.
3312 1589 3497 1651 Ταῦτα
3558 1592 3659 1660 μὲν

2087 1675 2181 1733 οὖν
2211 1679 2457 1751 ὕστερον.
2490 1680 2623 1732 Τότε
2653 1678 2709 1732 δέ
2735 1680 2938 1734 ἐπεὶιτὺ
2992 1681 3135 1752 μέγα
3196 1682 3294 1750 τῆς
3336 1682 3659 1753 οἰκουμένης

418 1789 596 1858 epulis
663 1804 724 1841 ac
781 1786 1080 1855 plausibus.
1111 1784 1505 1852 exercebatque
1541 1780 1703 1835 ferias
1733 1778 1985 1849 populus,

2094 1770 2268 1841 θαῦμα
2298 1773 2326 1825 6
2381 1773 2703 1841 περιϐόητος
2747 1774 2931 1827 οὑτοσὶ
2967 1774 3091 1838 ναὸς
3163 1775 3364 1848 πτῶμα
3408 1776 3659 1846 δακρύων

421 1889 481 1931 ut
529 1877 781 1931 videlicet
854 1874 1057 1944 nuptiis
1114 1871 1485 1943 imperatoris
1525 1871 1780 1925 decorum
1844 1876 1983 1925 erat.

420 1967 719 2035 Imperator
749 1964 891 2018 domi
955 1964 1117 2017 rebus
1147 1964 1316 2032 probe
1340 1961 1655 2017 constitutis
1698 1960 1768 2015 ad
1802 1960 1986 2015 hostes

419 2068 678 2113 externos
712 2071 833 2110 sese
863 2056 1150 2119 convertit,
1184 2069 1238 2108 et
1262 2055 1327 2108 ad
1356 2054 1565 2108 Cralem
1598 2053 1779 2108 missis
1807 2062 1988 2107 orato-

420 2144 592 2211 ribus,
644 2145 853 2215 amplas
904 2145 952 2199 ei
983 2144 1185 2214 gratias
1231 2143 1338 2213 egit
1373 2143 1537 2214 719
1580 2143 1646 2197 de
1686 2145 1891 2197 honore
1923 2155 1988 2198 ac
2034 2184 2035 2187 η

418 2236 620 2300 studio,
676 2237 875 2305 quibus
904 2246 1225 2305 pra-sentem
1269 2246 1590 2305 prosecutus
1636 2234 1847 2298 fuisset,
1880 2248 1988 2303 quo

358 2380 363 2387 ς
420 2334 666 2394 tempore
699 2324 1146 2397 bomophylorum
1204 2341 1351 2379 arma
1403 2326 1755 2394 pertulisset,
1800 2340 1983 2394 seque,

419 2415 509 2468 ubi
548 2416 764 2470 occasio
816 2416 1090 2480 inciderit,
1143 2415 1265 2483 jure
1319 2430 1383 2471 ac
1451 2417 1650 2470 merito
1704 2416 1861 2470 factis
1898 2432 1987 2470 re-

417 2521 792 2576 sponsurum;
841 2508 886 2561 si
931 2510 1109 2560 tamen
1173 2505 1375 2560 fmdcra
1435 2506 1582 2560 salva
1655 2515 1987 2572 manerent,

418 2598 617 2665 quibus
677 2597 746 2652 ab
796 2607 1135 2666 utrocunque
1172 2588 1389 2651 violatis
1448 2597 1678 2653 alterum
1714 2599 1985 2653 vindicem

421 2700 715 2759 propterea
776 2689 830 2741 in
889 2688 1022 2743 vitio
1082 2704 1325 2757 ponere,
1382 2689 1527 2743 baud
1576 2705 1792 2759 asquum
1829 2705 1986 2755 esse;

420 2781 621 2833 nullam
655 2780 858 2849 quippe
891 2780 1107 2834 obstare
1137 2779 1332 2850 legem,
1379 2781 1534 2849 quin,
1569 2782 1661 2850 qui
1694 2782 1853 2835 laesus
1882 2791 1986 2845 est,

420 2874 489 2925 ab
517 2886 582 2926 eo
615 2874 709 2941 qui
749 2873 883 2926 lzesit
917 2872 1172 2939 injuriam
1223 2881 1603 2941 persequatur,
1655 2873 1987 2942 posmlabat-

419 2980 527 3034 quo
559 2964 719 3018 urbes
763 2971 886 3032 post
933 2963 1106 3019 foedus
1165 2964 1430 3017 sancitum
1481 2964 1729 3017 Romano
1762 2965 1990 3034 imperio

421 3056 702 3125 ademptas
752 3055 964 3109 restitui
999 3070 1013 3105 :
1048 3056 1126 3110 sic
1162 3055 1304 3109 enim
1365 3057 1419 3108 in
1482 3056 1807 3125 iuramentis
1854 3057 1989 3110 scri-
2018 3092 2061 3149 ο

422 3159 575 3216 ptum
611 3155 843 3201 exstare.
894 3145 1135 3213 Namque
1159 3163 1266 3200 non
1299 3146 1471 3200 solum
1515 3146 1738 3211 Pheras,
1790 3157 1844 3201 et
1890 3147 1994 3223 alia

422 3238 749 3292 Macedonia:
801 3238 997 3307 oppida
1048 3247 1206 3306 atque
1240 3238 1482 3302 castella,
1515 3247 1708 3307 praeter
1762 3236 1997 3292 Thessa-

425 3330 657 3405 lonicam
726 3339 1047 3399 occuparat,
1133 3330 1227 3383 sed
1287 3330 1724 3384 Berrliuaotarum
1781 3344 1995 3399 quoque

427 3420 832 3490 potentissimos
871 3421 1098 3491 pecunia
1157 3431 1204 3475 et
1253 3418 1738 3491 pollicitationibus
1786 3421 1997 3490 magnis

425 3523 709 3583 corruptos
732 3528 799 3568 eo
830 3520 1185 3583 pertraxerat,
1226 3522 1285 3567 ut
1311 3522 1501 3567 exacto
1550 3512 1796 3567 Manuele
1826 3515 1998 3583 impe-

428 3604 623 3659 ratoris
685 3604 794 3659 lilio
851 3605 1042 3659 urbem
1116 3604 1219 3658 sibi
1261 3604 1578 3659 addicerent
1616 3605 1807 3674 :quod
1863 3619 1997 3660 sane

425 3696 676 3751 molestia
747 3695 1019 3750 alliciebat
1086 3696 1468 3764 imperatorem
1538 3709 1649 3749 non
1710 3695 1995 3750 mediocri.

422 3786 637 3842 llanuel
666 3787 844 3853 itaque
869 3788 1009 3855 apud
1032 3784 1292 3839 Joannem
1314 3785 1575 3855 Angelum
1608 3786 1996 3840 consobrinum

434 3879 487 3930 in
541 3877 820 3931 Thessalia
857 3875 1101 3945 degebat.
1143 3874 1330 3928 Crales
1364 3876 1545 3928 audita
1591 3874 1859 3944 legatione
1916 3876 1999 3930 ni-

441 3968 518 4021 hil
569 3968 711 4033 iuste
740 3966 1036 4020 obtendere
1085 3966 1727 4034 poterat;etjuramcnta
1760 3969 1840 4020 sic
1869 3981 1998 4020 cono

427 4063 584 4123 cepta
617 4068 735 4107 esse
762 4068 869 4108 non
907 4053 1020 4107 ibat
1057 4053 1146 4107 ille
1179 4053 1398 4121 quidem
1428 4053 1664 4119 inficias,
1689 4055 1887 4125 oppida
1911 4064 1994 4110 ta-

428 4158 552 4196 men
585 4141 813 4196 reddere
869 4141 1109 4204 nolebat,
1162 4143 1255 4196 Sed
1311 4143 1374 4196 ad
1404 4153 1696 4211 praeteritus
1747 4153 1802 4198 et
1831 4159 1996 4199 exeu-

431 4232 677 4288 sationes
720 4233 928 4302 ineptas
985 4233 1351 4304 confugiebat.
1425 4218 1725 4303 lmpbrator
1798 4235 1993 4290 iterata

428 4322 692 4390 legatione
719 4321 974 4391 postulat,
993 4334 1052 4376 ut
1086 4324 1189 4377 sibi
1221 4324 1442 4377 urbibus
1471 4340 1537 4378 ex
1557 4325 1882 4394 juramentis
1907 4341 1994 4380 ce-

2088 1862 2396 1930 φιλοκάλςις
2425 1862 2571 1927 ἄξιον
2604 1858 2673 1935 ἦν
2717 1863 2939 1933 ψυχαῖς,
2970 1868 3027 1918 ἐν
3052 1866 3131 1938 τῷ
3175 1866 3285 1921 τῶν
3341 1865 3658 1937 Βλαχερνῶν

2085 1953 2187 2020 τῆς
2243 1953 2592 2025 Θεομήτορος
2650 1955 2765 2026 ναῷ
2809 1956 2913 2009 ὑπὸ
2983 1956 3256 2027 ’ῐσιδὼρου
3316 1959 3655 2030 πατριάρχου

2098 2045 2289 2116 Ἑλένῃ
2315 2048 2380 2116 τῇ
2408 2044 2674 2115 βασιλέως
2719 2045 2953 2117 θυγατρὶ
3004 2048 3032 2100 6
3089 2046 3342 2119 βασιλεὺς
3408 2050 3659 2122 Ἰωάννης

2089 2134 2499 2202 συνεζεύγνυτο.
2538 2136 2774 2206 Ἐστεφε
2799 2136 2855 2189 δὲ
2883 2136 3103 2192 κατὰτὸ
3147 2138 3267 2202 ἔθος
3293 2137 3391 2210 τὴν
3426 2143 3660 2208 γυναῖκα

2087 2226 2182 2279 καὶ
2214 2226 2396 2291 αὐτὸς,
2427 2227 2696 2298 πρότερον
2761 2228 3097 2300 ἐστεμμένος
3150 2231 3255 2285 61:6
3314 2233 3658 2305 πατριάρχου

2086 2316 2161 2369 ὣν
2184 2317 2275 2370 τοῦ
2321 2317 2589 2384 Ἰωάννου,
2619 2320 2714 2374 καὶ
2744 2320 2969 2392 εὐωχίαι
3001 2317 3142 2393 ἦσαν
3198 2328 3292 2377 καὶ
3325 2326 3531 2395 κρότοι,
3562 2328 3660 2382 καὶ

2088 2406 2333 2477 δημόσιοι
2386 2410 2582 2479 ἤγοντο
2632 2407 2885 2485 ἐορταὶῇ
2933 2413 3179 2483 προσῆκε
3230 2417 3345 2479 τοῖς
3397 2416 3658 2487 βασιλέων

2087 2499 2305 2567 γάμοις.
2347 2501 2496 2553 Ἐπεὶ
2521 2500 2577 2554 δὲ
2602 2501 2672 2555 τὰ
2700 2501 2838 2556 οἴκοι
2869 2503 3048 2567 καλῶς
3073 2503 3308 2576 διῴκητο
3326 2506 3399 2576 τῷ
3424 2507 3654 2577 βασιλεῖ,

2089 2592 2350 2659 ἐτρέπετο
2374 2592 2466 2643 ἐπὶ
2492 2592 2621 2655 τοὺς
2667 2594 2772 2657 ἔξω
2829 2594 3145 2664 πολεμίους,
3214 2598 3307 2650 καὶ
3361 2599 3654 2667 πρεσϐείαν

2091 2681 2223 2746 πρὸς
2257 2681 2480 2750 Κράλην
2512 2684 2753 2753 πέμψας,
2789 2686 2988 2749 πολλὰς
3018 2686 3114 2755 μὲν
3137 2687 3400 2758 ὡμολόγει
3425 2690 3657 2760 χάριτας

2097 2771 2247 2841 αὐτῷ
2270 2772 2370 2839 τῆς
2422 2775 2499 2838 είς
2555 2775 2718 2828 αὑτὸν
2768 2777 3083 2848 φιλοτιμίας
3134 2781 3227 2831 καὶ
3277 2782 3539 2851 σπουδῆς,
3593 2786 3659 2853 ἢν

2091 2861 2225 2930 πρὸς
2254 2862 2499 2932 παρόντα
2527 2864 2843 2932 ἐνεδείξατο,
2877 2866 2999 2921 καθ’
3026 2867 3087 2921 όν
3117 2867 3221 2922 ὑπὸ
3245 2869 3351 2923 τῶν
3376 2871 3661 2941 ὁμοφύλων

2090 2952 2410 3022 ἐπολεμεῖτο
2452 2957 2661 3026 χρόνον,
2718 2959 2813 3011 καὶ
2863 2958 3089 3023 δικαίως
3143 2956 3282 3015 εἶναι
3338 2963 3662 3032 ἀμείϐεσθαι

2091 3048 2198 3105 τοῖς
2260 3046 2394 3109 ἴσοις
2448 3048 2644 3117 καιροῦ
2724 3048 3036 3116 καλοῦντος,
3098 3052 3175 3121 μὴ
3232 3053 3662 3124 παραλυομένων

2100 3140 2282 3208 μέντοι
2313 3140 2421 3192 τῶν
2447 3140 2625 3211 ὅρκων
2652 3141 2747 3194 καὶ
2800 3141 2908 3194 τῶν
2940 3144 3180 3197 σπονδῶν
3203 3144 3311 3196 τῶν
3338 3145 3472 3217 πρὸς
3501 3146 3664 3216 ἀλλή-

2096 3229 2241 3292 λους.
2277 3231 2341 3283 Εἰ
2370 3232 2478 3302 γὰρ
2509 3234 2693 3285 ἐκεῖνα
2733 3232 3157 3302 παραϐαίνοιντο
3212 3236 3303 3302 ὑφ’
3333 3238 3570 3301 ὁτουοῦν,
3600 3240 3662 3292 οὑ

2095 3321 2303 3375 δίκαιον
2331 3316 2472 3375 εἶναι
2503 3323 2845 3393 ἀμυνόμενον
2871 3323 2960 3377 τὸν
3006 3324 3189 3395 ἕτερον
3222 3327 3402 3390 αἰτίας
3452 3328 3658 3393 ἀξιοῦν·

2098 3410 2297 3465 κωλύει
2325 3411 2433 3482 γὰρ
2464 3412 2640 3476 οὐδεὶς
2670 3413 2970 3483 ἀμύνεσθαι
3027 3416 3190 3485 νόμος
3246 3416 3339 3470 τὸν
3385 3417 3665 3489 πάσχοντα

2098 3504 2306 3568 κακῶς,
2339 3499 2493 3570 ἠξίου
2523 3519 2581 3556 τε
2624 3504 2772 3573 αὑτῴ
2828 3504 3155 3575 ἀποδοθῆναι
3210 3505 3310 3568 τὰς
3362 3508 3566 3571 πόλεις,
3598 3509 3665 3574 ἀς

2100 3587 2240 3657 μετά
2267 3588 2328 3641 τδ
2356 3591 2492 3659 πρὸς
2521 3590 2685 3644 αὐτὸν
2712 3592 2812 3654 τὰς
2861 3591 3093 3656 σπονδὰς
3146 3595 3238 3646 καὶ
3289 3594 3419 3657 τοὺς
3468 3594 3663 3665 ὅρκους

2098 3678 2287 3733 θέσθαι
2317 3682 2414 3751 τῆς
2454 3681 2743 3754 Ῥωμαίων
2768 3678 3057 3755 παρείλετο
3095 3686 3299 3757 ἀρχῆς·
3352 3684 3494 3739 οὕτω
3553 3686 3663 3757 γὰρ

2095 3773 2545 3844 ἐγγεγραμμένον
2592 3777 2705 3837 τοῖς
2752 3775 2938 3845 ὅρκοις
2989 3772 3147 3831 εἶναι.
3206 3778 3299 3849 Μὴ
3352 3778 3513 3848 μόνον
3555 3783 3665 3849 γὰρ

2096 3864 2272 3932 Φεράς
2300 3880 2359 3916 τε
2389 3865 2482 3917 καὶ
2512 3865 2679 3928 ἄλλας
2708 3868 2806 3937 τῆς
2832 3867 3167 3931 Μακεδονίας
3216 3869 3422 3931 πόλεις,
3453 3870 3546 3923 καὶ
3596 3872 3667 3924 τὰ

2099 3952 2332 4023 φρούρια
2358 3953 2499 4025 πλὴν
2546 3956 2949 4025 θεσσαλονίκης
2990 3952 3156 4021 εἷλεν,
3204 3959 3340 4014 ἀλλὰ
3389 3962 3482 4014 καὶ
3524 3961 3658 4033 Βερο

2097 4045 2341 4115 ροιωτῶν
2394 4047 2516 4108 τοὺς
2545 4045 2952 4111 δυνατωτάτους
3003 4051 3248 4120 χρήμασι
3277 4051 3372 4104 καὶ
3398 4053 3661 4122 μεγάλαις

2096 4136 2449 4205 ἐπαγγελίαις
2477 4138 2819 4209 διαφθείρας,
2848 4140 2940 4193 τὸν
2991 4142 3253 4210 βασιλέως
3303 4142 3518 4197 ἔπεισεν
3551 4145 3667 4197 υἰὶν

2098 4227 2350 4293 ἐξελάσαι
2380 4228 2471 4282 τὸν
2496 4229 2777 4300 Μανουὴλ,
2824 4232 3062 4301 κάκείνῳ
3118 4232 3218 4301 τὴν
3276 4233 3433 4287 πόλιν
3489 4251 3673 4304 παρα-

2095 4318 2306 4371 δοῦναι·
2339 4318 2375 4372 ἃ.
2412 4319 2512 4373 οὐκ
2540 4320 2626 4373 ἐπ’
2656 4322 2836 4390 ὀλίγον
2867 4323 2990 4393 ἡνία
3031 4322 3276 4392 βασιλέα.
3322 4322 3380 4376 '0
3426 4324 3525 4393 μὲν
3574 4318 3672 4379 οὖν

426 4413 546 4477 dat;
572 4414 618 4466 si
639 4413 886 4482 abneget,
908 4413 1102 4468 bellum
1137 4414 1186 4469 ei
1218 4415 1517 4477 denuntiat,
1543 4425 1595 4470 et
1635 4426 1754 4472 orat
1784 4417 1990 4473 futuras

2095 4409 2205 4472 υἱὸς
2235 4411 2292 4463 ἐν
2321 4410 2585 4481 Θετταλίᾳ
2633 4412 2870 4483 διέτριϐε
2930 4415 3072 4483 παρὰ
3108 4414 3199 4467 τὸν
3231 4415 3372 4467 θεῖον
3403 4417 3670 4483 Ἄγγελον

426 4503 601 4556 caades
652 4518 714 4556 ac
780 4504 1074 4558 serritutes
1143 4520 1213 4558 ne
1289 4505 1392 4559 sibi
1463 4506 1732 4572 ascribat;
1801 4507 1999 4576 opibus

427 4594 572 4649 enim
624 4595 885 4655 Romanis
909 4595 1055 4649 civili
1110 4596 1249 4649 bello
1309 4596 1497 4650 fractis
1530 4611 1593 4649 ac
1619 4596 1915 4652 debilitatis
1941 4611 2001 4653 se

434 4684 792 4739 Barbarorum
825 4685 1039 4738 auxiliis
1069 4685 1152 4739 vel
1176 4686 1448 4740 nolentem
1491 4702 1736 4741 usurum.
1774 4685 1905 4753 Quae
1945 4696 2002 4742 ut

427 4775 717 4844 expendat,
755 4782 812 4828 et
852 4790 959 4845 quo
1000 4775 1140 4829 facto
1166 4791 1301 4846 opus
1334 4779 1423 4843 sit,
1458 4777 1639 4845 faciat,
1673 4796 1732 4833 se
1770 4781 1997 4834 hortari.

425 4870 561 4922 Cum
598 4882 702 4922 nec
726 4874 850 4936 post
879 4866 1104 4921 alteram
1133 4867 1457 4937 legationem
1484 4879 1766 4939 praestaret
1790 4871 1995 4937 Crales,

425 4959 571 5028 quod
603 4958 855 5024 debebat,
915 4958 1023 5013 imo
1058 4958 1239 5027 potius
1270 4968 1494 5014 caeteras
1515 4960 1680 5014 urbes
1704 4960 1998 5027 obsideret,

427 5050 723 5118 imperator
771 5049 1076 5106 Orelianem
1152 5063 1411 5119 generum
1470 5049 1770 5105 subsidium
1830 5066 1998 5121 popo-

426 5141 531 5191 scit
561 5155 574 5189 :
607 5150 979 5209 veneruntque
1011 5140 1374 5194 Barbarorum.
1403 5142 1773 5209 suprahdecem
1810 5144 1995 5208 millia,

426 5229 758 5286 ducentibus
792 5232 1073 5287 Sulimano
1107 5249 1230 5287 cum
1260 5234 1521 5289 fratribus
1552 5233 1821 5291 Orclianis
1849 5237 1987 5290 liliis.

428 5320 594 5403 Mittit
624 5340 730 5377 una
764 5324 1055 5394 imperator
1098 5327 1262 5380 etiam
1313 5325 1629 5382 Mattlizeum
1663 5327 1836 5383 filium
1892 5329 1998 5383 Ro-
2036 5326 2039 5329 λ

430 5426 592 5465 mano
642 5413 841 5483 agmini
914 5416 1298 5483 praepositum,
1363 5425 1417 5470 et
1473 5417 1608 5472 citra
1672 5418 1994 5473 maleficium

431 5503 679 5558 transitis
712 5502 1079 5559 Romanorum
1108 5506 1329 5567 linibus,
1390 5505 1658 5563 Triballos
1714 5510 1997 5565 devaslare

427 5594 605 5665 jubet.
688 5597 757 5648 At
792 5594 1011 5649 Barbari
1067 5597 1157 5650 ubi
1221 5608 1429 5653 tantum
1496 5600 1835 5671 Mygdoniam
1902 5619 1998 5672 per

429 5685 814 5751 munitionem,
858 5700 979 5753 quae
1016 5685 1167 5755 juxta
1220 5689 1606 5758 Cbristopolim
1655 5703 1759 5757 est,
1805 5707 1997 5761 peric-

2109 4500 2200 4553 τὸν
2244 4500 2517 4570 Ἰωάννην.
2560 4503 2785 4573 Κράλης
2824 4505 2880 4556 δὲ
2935 4506 3057 4557 ἐπεὶ
3105 4505 3321 4566 ἐδέξατο
3363 4506 3461 4576 τὴν
3504 4522 3672 4575 πρεσ-

2103 4591 2276 4655 ϐείαν,
2324 4592 2530 4647 δίκαιον
2563 4596 2661 4664 μὲν
2708 4597 3035 4649 ἀντιτιθέναι
3065 4600 3178 4660 τοῖς
3207 4598 3386 4664 λόγοις
3438 4597 3671 4665 ἠδύνατο

2100 4683 2275 4750 οὐδὲν,
2315 4686 2452 4737 ἀλλά
2481 4686 2847 4756 συνωμολόγει
2875 4689 2998 4749 τοὺς
3020 4690 3216 4759 ὅρκους
3250 4690 3391 4741 οὕτω
3437 4688 3670 4758 γεγενῆ-

2103 4775 2248 4841 σθαι,
2273 4778 2584 4843 ἀποδιδόναι
2612 4778 2668 4830 δέ
2695 4778 2793 4841 τὰς
2824 4780 3005 4841 πόλεις
3038 4782 3139 4832 οὐκ
3180 4779 3440 4848 ἠϐούλετο
3460 4795 3473 4808 ·
3531 4780 3670 4833 ἀλλίι

2101 4865 2235 4935 πρὸς
2263 4867 2492 4936 σκήψεις
2521 4869 2716 4939 ἐχώρει
2770 4872 2862 4922 καὶ
2903 4872 3201 4941 προφάσεις
3244 4872 3472 4941 ἐχούσας
3518 4871 3675 4939 ὑγιὲς

2100 4955 2275 5013 οὐδέν.
2310 4958 2571 5022 Βασιλεὺς
2614 4961 2669 5013 δὲ
2721 4963 2812 5013 καὶ
2868 4958 3021 5020 αὖθις
3070 4962 3327 5032 δευτέραν
3370 4964 3670 5032 ἐποιήσατο

2101 5049 2415 5117 πρεσϐείαν,
2498 5052 2591 5103 καὶ
2651 5051 2812 5104 πάλιν
2861 5049 3011 5119 ἠξίου
3063 5052 3169 5102 τῶν
3235 5053 3446 5103 πόλεων
3521 5051 3670 5118 αὐτῷ

2102 5143 2452 5210 παραχωρεῖν
2479 5142 2616 5193 κατὰ
2642 5144 2766 5203 τοὺς
2827 5143 3041 5212 ὅρκους.
3074 5142 3134 5194 Εἰ
3164 5142 3220 5194 δὲ
3272 5143 3347 5213 μὴ
3405 5136 3668 5211 βούλοιτο,

2100 5232 2313 5298 ἠπείλει
2344 5236 2705 5302 πολεμήσειν·
2735 5236 2887 5302 ἠξίου
2921 5250 2977 5285 τε
3012 5233 3087 5303 μὴ
3122 5234 3268 5302 αὐτῷ
3318 5233 3670 5302 προσλογίζε-

2102 5322 2224 5375 σθαι
2259 5325 2548 5393 ἐσομένους
2580 5326 2773 5391 φόνους
2835 5326 2929 5377 καὶ
2982 5326 3107 5386 τοὺς
3162 5322 3628 5393 ἀνδραποδισμούς
3654 5338 3669 5352 ⁹

2101 5417 2198 5482 τῆς
2245 5416 2351 5485 γὰρ
2397 5415 2715 5485 Ῥωμαϊκῆς
2774 5418 3055 5485 δυνάμεως
3110 5417 3512 5487 διειθαρμένης
3570 5413 3674 5467 ὑπὸ

2097 5508 2191 5560 τοῦ
2266 5510 2593 5576 συγγενικοῦ
2666 5509 2924 5578 πολέμου,
2990 5511 3302 5576 ἀναγκαίως
3374 5507 3672 5576 χρήσεσθαι

2102 5599 2400 5669 βαρϐάροις
2430 5603 2571 5655 κατά
2604 5601 2942 5672 συμμαχίαν.
2978 5604 3043 5654 ’Δ
3070 5600 3285 5654 ἐκέλευε
3330 5598 3672 5666 σκεψάμενον

2098 5692 2168 5744 τὰ
2247 5693 2433 5745 δέοντα
2501 5695 2694 5747 ποιεῖν.
2739 5691 2829 5755 Ὠς
2878 5694 2935 5743 δὲ
2966 5695 3060 5746 καὶ
3119 5688 3240 5760 μετ’
3289 5690 3503 5757 ἐκείνην
3574 5686 3674 5754 τὴν
