3996 6218
272 331 342 397 Η
1425 323 1975 387 HISTORlARUM
2019 323 2246 383 LIBER
2289 325 2383 385 IV.
3461 330 3531 394 i2

265 444 588 516 πρεσϐείαν,
631 443 784 498 οὐδὲν
837 443 866 496 ὁ
917 440 1136 512 Κράλης
1197 440 1370 493 ἐποίει
1424 441 1532 494 τῶν
1601 439 1848 503 δεόντων,

1962 449 2175 502 uerunt,
2230 449 2284 492 et
2317 439 2480 494 urbes
2513 439 2632 495 illas
2667 455 2695 494 a
2720 440 2874 496 Crale
2904 443 3076 497 teneri
3122 443 3529 508 intellexerunt,

263 540 405 595 ἀλλὰ
440 537 534 590 καὶ
560 530 662 598 τὰς
690 534 1014 595 ὑπολοίπους
1047 532 1353 602 ἐπολιόρκει
1376 532 1583 594 πόλεις,
1613 529 1839 598 πέμψας

265 630 410 700 πρὸς
446 627 717 697 Ὀρχάνην
740 625 829 677 τὸν
853 622 1101 692 γαμϐρὸν
1133 623 1160 673 ὁ
1185 621 1460 691 βασιλεὺς,
1497 621 1853 690 μετεκαλεῖτο

265 721 535 790 στρατιάν
554 735 568 749 ·
588 718 682 770 καὶ
705 715 954 784 παρῆσαν
981 713 1122 781 ὺπέρ
1150 712 1376 784 μυρίους
1401 714 1508 766 τῶν
1532 712 1852 781 Βαρΰάρων,

259 805 342 864 ὧν
370 807 644 878 Σουλιμὰν
696 806 836 876 μετά
889 805 997 856 τῶν
1035 804 1277 870 ἀδελφῶν
1322 804 1372 856 οί
1449 803 1546 855 τοῦ
1614 801 1849 870 Ὀρχάνη

264 903 461 965 παῖδες
529 901 918 968 ἐστρατήγουν.
956 896 1169 962 Πέμπει
1200 895 1264 965 δὴ
1321 895 1459 964 μετά
1509 893 1712 946 τούτων
1761 893 1855 944 καὶ

262 995 550 1050 Ματθαῖον
583 992 672 1044 τὸν
726 991 840 1043 υἱὸν
864 991 891 1041 ὁ
929 988 1184 1058 βασιλεὺς
1232 988 1328 1056 τῆς
1362 985 1657 1054 Ῥωμαίων
1697 1001 1858 1052 στρα-

264 1087 389 1146 τιᾶς
421 1082 746 1154 ἡγούμενον,
782 1083 874 1132 καὶ
899 1079 1115 1131 ἐκέλευε
1144 1078 1268 1141 τοὺς
1294 1078 1452 1147 ὅρους
1488 1077 1586 1144 τῆς
1617 1072 1856 1142 Ῥωμοί-

269 1194 351 1228 ων
385 1173 678 1244 ἡγεμονίας
711 1170 1013 1232 διελθόντας
1053 1167 1299 1230 ἀϐλαϐῶς
1322 1168 1463 1219 οὕτω
1491 1165 1710 1235 πορθεῖν
1731 1163 1856 1224 τοὺς

271 1265 600 1334 Τριόαλούς.
660 1264 725 1316 Οἱ
785 1262 1058 1332 Βάρϐαροι
1115 1260 1171 1312 δὲ
1223 1259 1297 1322 ὡς
1363 1260 1518 1328 μόνον
1581 1256 1867 1324 ἐπέϐησαν

274 1356 604 1424 Μυγδονίας,
627 1354 688 1407 τδ
709 1371 770 1405 πε
781 1355 833 1423 ρὶ
858 1337 1252 1422 Χριστούπολιν
1271 1351 1527 1418 τείχισμα
1546 1346 1850 1408 διαϐάντες,

1956 531 2155 584 dueum
2192 531 2420 600 imperia
2459 533 2939 601 parvipeudeutes,
2997 535 3062 589 ad
3123 537 3528 606 populationem

1955 629 2075 668 sese
2143 615 2289 669 illiro
2345 616 2695 684 eﬂuderunt,
2742 620 3000 689 vicosque
3043 637 3236 676 omnes
3287 634 3536 678 vastave-

1954 714 2209 769 runt,'et
2260 708 2424 763 urbes
2496 710 2790 780 Mygdonia:
2857 712 3112 768 finitimas
3161 714 3532 780 incursarunt,

1953 798 2385 867 oceideruntque
2413 809 2466 852 et
2493 801 2738 869 captivos
2773 815 3002 871 egerunt
3050 805 3486 874 quamplurimos
3516 822 3530 858 :

1965 898 2128 956 atque
2168 905 2288 942 cum
2317 891 2496 958 opima
2525 890 2702 959 prada
2738 893 2903 947 armis
2931 896 3178 963 quaasita,
3230 897 3392 966 720
3440 913 3538 967 per

1961 976 2373 1045 Hellespontum
2407 980 2458 1030 in
2481 980 2783 1050 Bithyniam
2829 984 3123 1038 redierunt.
3159 985 3452 1056 Imperator
3479 999 3534 1042 ut

1956 1068 2220 1121 Barbaros
2271 1069 2582 1124 deseruisse
2622 1073 2842 1126 ordines
2887 1077 3110 1138 audivit,
3155 1078 3538 1134 molestissime

1956 1161 2077 1214 tulit
2107 1175 2122 1214 :
2151 1161 2584 1230 quandoquidem
2618 1164 2672 1216 in
2713 1181 2940 1233 quorum
2983 1167 3267 1223 utilitatem
3331 1171 3546 1225 belluzu‘

1953 1251 2055 1306 hoc
2098 1261 2434 1320 susceperat,
2489 1268 2586 1308 eos
2645 1254 2792 1323 ipsos
2853 1255 2924 1317 hi,
2980 1259 3068 1326 qui
3114 1273 3171 1312 se
3218 1276 3316 1328 pro
3373 1263 3537 1316 soriis

1953 1343 2188 1412 adjuturi
2210 1343 2550 1402 videbantur.
2585 1347 2950 1414 perdiderant.

275 1455 566 1524 πυθόμενοι
595 1451 670 1514 ὡς
705 1450 808 1504 ὑπὸ
869 1447 1093 1516 Κράλην
1122 1446 1178 1498 αἱ
1244 1445 1426 1504 πόλεις
1464 1444 1705 1509 ἄγοιντο,
1756 1438 1916 1501 εὐθὺς
1954 1437 2250 1506 ἐτράποντο
2295 1439 2386 1490 ἐπὶ
2441 1441 2756 1509 λεηλασίαν,
2791 1444 2946 1511 ὀλίγα
3001 1446 3383 1514 φροντίσαντες
3427 1449 3537 1500 τῶν

282 1544 626 1617 στρατηγῶν,
684 1544 780 1596 καὶ
830 1539 930 1602 τὰς
975 1537 1168 1607 κώμας
1225 1539 1405 1594 πάσας
1459 1533 1854 1602 ἐξεπόρθησαν,
1901 1530 1994 1583 καὶ⁵
2060 1530 2160 1590 τὰς
2223 1530 2407 1594 πόλεις
2465 1533 2810 1603 κατέδραμον
2880 1537 2978 1598 τὰς
3044 1539 3179 1590 κατά
3237 1541 3539 1608 Μυγδονίαν

277 1641 372 1693 καὶ
442 1634 769 1689 ἀπέκτεινάν
811 1647 869 1684 τε
927 1629 1215 1696 πλείστους
1273 1629 1367 1679 καὶ
1432 1623 1890 1694 ἠνδραποδίσαντο
1923 1623 2022 1674 οὐκ
2052 1621 2298 1688 ὀλίγους·
2339 1622 2488 1675 λείαν
2513 1642 2571 1676 τε
2610 1626 2867 1694 πλείστην
2883 1627 3204 1697 δοριάλωτον
3222 1632 3538 1700 ἐλάσαντες,

279 1734 609 1798 ἀνέστρεφον
644 1727 735 1780 καὶ
767 1724 1121 1793 ἐπεραιοῦντο
1153 1723 1292 1774 κατὰ
1325 1719 1416 1772 τδν
1459 1716 1850 1787 Ἑλλήσποντον
1891 1716 1968 1778 είς
2000 1715 2096 1784 τὴν
2162 1714 2356 1768 οἰκίαν.
2423 1717 2685 1770 Βασιλεὺς
2716 1719 2770 1771 δὲ
2831 1721 3130 1790 πυθόμενος
3160 1724 3255 1794 τὴν
3311 1726 3538 1791 ἀταξίαν

281 1827 388 1880 τῶν
429 1825 752 1895 Βαρϐάρων,
819 1822 879 1874 οὺ
939 1818 1174 1889 μετρίως
1225 1817 1434 1886 ἠνιᾶτο,
1489 1815 1570 1865 ὅτι
1621 1811 1760 1880 ὑπὲρ
1818 1805 1892 1864 ὧν
1926 1809 2098 1862 ἐδόκει
2123 1809 2214 1861 τὶν
2248 1810 2480 1880 πόλεμον
2539 1814 2832 1882 αίρεῖσθαι,
2896 1818 3116 1882 τούτους
3172 1819 3536 1893 διέφθειρενῆ

288 1919 593 1987 συμμαχεῖν
623 1913 853 1967 δοκοῦσα
885 1909 1134 1980 στρατιά.

1740 2025 1965 2082 CAPUT
2011 2025 2106 2079 νη

289 2131 585 2200 Imperator
607 2130 880 2200 juniorem
913 2128 1084 2197 ﬁlium
1113 2133 1175 2201 (ξεΔ
1190 2139 1440 2193 generum
1479 2121 1726 2201 desuetas
1763 2128 1929 2201 cre_at.
1961 2121 2271 2201 Mattftteum
2305 2120 2446 2201 uitra
2477 2121 2709 2201 lextoflit.
2748 2120 2962 2178 Fratres
2990 2127 3170 2180 uxoris
3213 2125 3541 2201 sebastocra-

359 2191 497 2254 ίοταε
533 2191 686 2267 [αξη.
749 2191 942 2267 Inopia
991 2191 1228 2266 pecuniis
1283 2209 1476 2263 magna
1505 2191 2218 2272 urtdt'queidenea‘virjtitu
2271 2191 2545 2272 exigenda.
2581 2191 2795 2272 .fterum
2842 2204 3025 2249 contra
3076 2197 3542 2272 sycophantast-se

360 2257 610 2339 defendit,
645 2269 710 2322 de
741 2257 925 2338 quilius
953 2257 1276 2339 ueliementer
1331 2257 1691 2331 conqueritur.
1756 2259 1829 2312 De
1890 2257 2140 2311 Barbaris
2174 2260 2227 2309 in
2270 2262 2434 2312 socios
2483 2262 2660 2313 asciti:
2698 2279 2756 2314 se
2804 2274 3018 2333 purgat,
3077 2257 3126 2318 εἱ
3179 2257 3240 2317 de
3272 2266 3541 2335 republica

358 2337 588 2408 jucunda
627 2337 916 2392 sententias
953 2337 1162 2406 quierit.

370 2455 522 2508 Μετά
550 2453 701 2507 τοῦτο
725 2454 818 2507 καὶ
868 2453 947 2513 είς
1005 2450 1300 2505 Θετταλίαν
1344 2451 1576 2520 τριήρη
1612 2446 1855 2515 πέμψας,

2029 2442 2143 2498 Sub
2212 2445 2330 2502 hinc
2380 2447 2543 2500 missa
2593 2447 2796 2503 triremi
2844 2450 2897 2504 ir.
2955 2449 3316 2516 Thessaliam,
3374 2456 3540 2512 lilium

289 2545 385 2600 τὸν
436 2546 550 2598 υἱὸν
599 2548 982 2616 μετεπέμπετο
1049 2544 1340 2614 Μανουήλ·
1398 2543 1518 2596 ἐπεὶ
1574 2541 1631 2594 δὲ
1688 2535 1755 2608 ἦν
1796 2539 1859 2627 ἐν

1970 2533 2275 2590 Manuelem
2325 2538 2576 2604 accersit,
2633 2553 2867 2608 eumque
2895 2540 3372 2615 Constantinopoli
3418 2565 3542 2604 cum

286 2637 585 2706 Βυζαντίῳ,
617 2638 825 2688 ἐκεῖνον
857 2635 955 2705 μὲν
985 2635 1077 2687 καὶ
1106 2634 1197 2687 τὸν
1244 2632 1491 2702 γαμϐρὸν
1541 2629 1749 2684 Δούκαν
1771 2621 1859 2679 τὸν

1968 2621 2284 2694 Nicephoro
2337 2626 2477 2681 duca
2531 2643 2733 2698 genero
2789 2647 2891 2685 suo
2941 2632 3222 2703 de5potam
3281 2637 3542 2696 declarat.

283 2729 616 2797 Νικηςξόρον,
654 2728 920 2789 δεσπότας
999 2725 1310 2779 ἀπεδείκνυ.
1343 2721 1620 2776 Ματθαίον
1669 2720 1725 2772 δέ
1774 2718 1859 2771 τὸν

1971 2717 2284 2773 Mattbteum
2320 2721 2592 2775 seniorem
2625 2721 2793 2776 ﬁlium
2828 2724 2970 2778 nulla
3004 2727 3265 2797 dignitate
3296 2735 3547 2788 nornina-

285 2818 660 2890 πρεσϐύτερον
719 2819 834 2871 υἱὸν
921 2817 1076 2881 ἀξίας
1134 2815 1233 2885 μὲν
1288 2814 1544 2881 οὐδεμιᾶς
1607 2809 1859 2881 ὀνομαστί

1971 2809 2066 2863 tim
2123 2810 2483 2875 eohonestat;
2519 2809 2728 2867 honore
2761 2823 2940 2869 tamen
2973 2832 3134 2886 supra
3184 2820 3438 2891 despotas
3464 2824 3547 2878 ef-

290 2911 474 2979 ἡξίου,
525 2910 696 2980 τιμὴν
734 2911 791 2962 δέ
859 2912 1085 2980 παρεῖχε
1142 2909 1240 2977 τὴν
1290 2907 1427 2977 ὑπὲρ
1477 2906 1762 2969 δεσπότας,
1792 2904 1859 2966 ὡς

1970 2900 2099 2963 fert,
2141 2917 2338 2971 nempe
2370 2912 2429 2956 ut
2467 2913 2610 2958 esset
2672 2905 2985 2974 imperatori
3028 2910 3306 2978 proximus
3340 2931 3353 2967 :
3385 2928 3546 2983 quem

285 3004 448 3066 εὐθὺς
528 2997 668 3055 εἶναι
757 3001 896 3071 μετὰ
947 2999 1215 3072 ’βασιλέαξ
1289 3001 1412 3069 tivo
1470 2998 1685 3066 πρῶτος
1761 2997 1859 3049 τῶν

1976 2991 2240 3046 honorem
2301 2993 2511 3062 primus
2582 2994 3006 3066 Palreologorum
3081 3001 3379 3072 imperator
3449 3007 3547 3060 Mi-

292 3094 673 3159 [Ῑαλαιολόγων
701 3091 968 3161 βασιλέων
1019 3088 1239 3160 Μιχαὴλ
1293 3089 1714 3157 ἐκαινοτόμησεν
1777 3085 1859 3139 ἐπὶ

1973 3082 2152 3147 chael,
2214 3095 2435 3153 propter
2468 3087 2634 3141 filium
2685 3087 3108 3145 Constantinum
3177 3094 3551 3167 Porpberge-

285 3184 385 3252 υίῷ
449 3183 845 3252 Κωνσταντίνῳ
896 3182 975 3252 τῷ
1028 3179 1554 3250 Πορφυρογεννὴτῳ,
1604 3177 1640 3247 ἡ
1693 3177 1859 3230 ἐδόκει

1975 3176 2148 3229 nilum
2211 3177 2442 3244 invenit,
2477 3179 2869 3250 videbaturque
2907 3199 2968 3236 ea
3024 3184 3262 3255 dignitas
3293 3190 3547 3258 despota-

286 3273 456 3324 πλέον
485 3291 537 3324 τι
555 3273 652 3342 τῆς
679 3273 788 3324 τῶν
804 3271 1078 3325 δεσποτῶν
1103 3271 1256 3334 ἀξίας
1277 3269 1440 3340 ἔχειν.
1461 3268 1597 3330 Τοὺς
1619 3267 1859 3334 γυναικὸς

1974 3281 2096 3321 rum
2155 3269 2407 3339 dignitati
2459 3272 2810 3327 autecellere.
2869 3271 3088 3330 Fratres
3138 3281 3326 3332 uxoris
3381 3279 3550 3336 Joan-

285 3366 342 3418 δέ
373 3369 474 3434 τῆς
518 3365 789 3435 βασιλίδος
842 3364 1104 3434 ἀδελφοὺς
1160 3362 1414 3431 Ἰωάννην
1464 3363 1557 3414 καὶ
1614 3357 1859 3426 Mavorti.)

1975 3371 2098 3409 ne-m
2159 3366 2214 3411 et
2255 3358 2555 3412 Manuelem
2610 3356 3252 3436 sebastocratoras’legit.
3306 3367 3549 3426 Cernr-ns

288 3457 808 3525 σεϐαστοκράτορας
834 3453 1136 3518 ἀπέδειξεν.
1180 3451 1354 3517 Ὀρῶν
1374 3450 1550 3518 δὲτὴν
1588 3449 1859 3518 Ῥωμαίων

1977 3455 2159 3499 autem
2229 3445 2535 3503 Romanum
2587 3449 2881 3519 imperium
2958 3454 3105 3508 civili
3192 3457 3334 3511 bello
3387 3463 3551 3515 vehe-

287 3545 593 3615 ⁴Ιιγεμονίαν
679 3543 870 3606 δεινῶς
954 3543 1058 3596 ὑπὸ
1131 3543 1226 3595 τοῦ
1308 3540 1571 3611 ἐμφυλίου
1635 3540 1859 3608 πολέμοι

1977 3546 2192 3590 menter
2219 3547 2534 3606 quassatum
2583 3549 2639 3594 et
2667 3542 2914 3596 attritum
2940 3555 3102 3612 atque
3131 3562 3158 3598 a
3193 3549 3388 3603 vicinis
3424 3567 3546 3604 cum

289 3635 702 3704 διεφθαρμένην
792 3634 886 3686 καὶ
965 3634 1479 3703 καταφρονουμένην
1582 3631 1688 3684 ὑπὸ
1745 3633 1859 3685 ,τῶι

1980 3636 2200 3697 propter
2245 3629 2478 3695 inopiam
2515 3632 2761 3698 pecunia:
2825 3633 3009 3700 (quam
3081 3627 3304 3703 quidaui
3351 3655 3549 3694 nervus

292 3725 598 3794 περιοίκων
622 3765 636 3787 ,
668 3725 976 3795 ἀμύνεσθαι
1007 3725 1063 3778 δέ
1092 3726 1366 3786 ἀδυνάτως
1393 3725 1530 3793 ἔχων
1560 3723 1648 3777 διὰ
1677 3725 1859 3776 σπάνις

1979 3731 2101 3771 esse
2131 3717 2255 3771 belli
2293 3733 2399 3770 non
2440 3718 2634 3771 inscite
2666 3717 2822 3789 dixit)
2880 3721 3070 3775 ulcisci
3100 3737 3159 3777 se
3202 3739 3310 3777 non
3343 3741 3547 3796 posset,

285 3816 403 3870 τῶν
431 3815 739 3886 χρημάτων
796 3813 989 3885 (νεῦρα
1044 3815 1152 3884 γάρ
1205 3831 1287 3876 τις
1343 3813 1572 3881 καιρίως
1629 3809 1751 3867 εἷπε
1804 3813 1859 3866 τὸ

1975 3807 2118 3876 quod
2169 3823 2272 3862 nec
2305 3807 2373 3862 de
2405 3823 2526 3870 suo,
2573 3824 2677 3863 nec
2734 3809 2800 3863 de
2849 3811 3072 3880 publico
3121 3801 3371 3885 sumptus
3415 3833 3548 3889 sup-

287 3910 562 3979 χρήματα
612 3905 710 3957 τοῦ
769 3904 1056 3974 πολέμου),
1116 3904 1215 3957 καὶ
1267 3905 1404 3974 μήτε
1457 3903 1672 3957 οἴκοθεν
1734 3903 1859 3973 ἔχων

1973 3899 2240 3969 peditaret
2265 3915 2279 3963 ;
2309 3914 2429 3968 qua:
2453 3901 2600 3954 enim
2628 3901 2681 3954 in
2701 3904 2970 3959 thesauris
2997 3901 3360 3975 imperatoriis
3384 3925 3547 3979 repo-

285 3999 580 4068 χορηγεῖν,
616 3998 755 4067 μήτε
783 3997 846 4048 ἐκ
872 3996 984 4048 τῶν
1030 3995 1304 4065 δημοσίων
1331 4011 1346 4026 ο
1379 3997 1446 4050 τά
1501 4011 1561 4049 τε
1592 3995 1700 4064 γάρ
1753 4012 1859 4049 κει-

1971 3990 2072 4046 sita
2103 3990 2768 4061 habebantur,‘absumpta
2787 4003 2944 4048 erant
2965 3995 3168 4054 omnia:
3191 4005 3245 4050 et
3266 3998 3546 4070 vectigalia

284 4090 473 4159 μήλια
500 4086 774 4141 ἀνάλωται
809 4087 985 4140 πάντα
1015 4087 1082 4140 τὰ
1113 4086 1388 4154 βασιλικὰ,
1420 4088 1513 4139 καὶ
1542 4089 1596 4139 αί
1619 4089 1872 4157 πρόσοδοι

283 4182 343 4235 al
407 4180 597 4233 κοιναὶ
662 4178 927 4244 ἐξέλιπον,
948 4178 1046 4248 τῆς
1073 4176 1259 4247 χώρας
1309 4178 1565 4244 καθάπαξ
1617 4179 1722 4230 ὑπὸ
1776 4179 1870 4232 τοῦ

279 4271 536 4342 πολέμου
564 4269 989 4338 διεφθαρμένης,
1028 4269 1121 4320 καὶ
1144 4269 1320 4338 νήσων
1351 4268 1444 4320 καὶ
1495 4269 1872 4338 ἠπειρωτίδων

284 4365 533 4428 πόλεων,
559 4361 671 4414 τῶν
703 4361 802 4430 μιν
865 4360 972 4413 ὑπὸ
1021 4360 1132 4412 τῶν
1160 4360 1434 4430 πολεμίων
1463 4363 1865 4430 κατεχομένων,

278 4455 400 4507 τῶν
434 4453 734 4506 ἐπιλοίπων
756 4451 814 4503 δέ
846 4453 925 4512 είς
978 4450 1216 4520 ἐσχάτην
1269 4450 1506 4520 ἀπορίαν
1531 4450 1618 4520 Ᾱέκ
1647 4469 1705 4504 τε
1761 4452 1870 4507 τῶν

283 4543 504 4608 ἔξωθεν
554 4541 780 4608 ἐφόδων,
813 4541 908 4592 καὶ
961 4518 1074 4593 τῶν
1110 4518 1256 4593 ἐνδον
1298 4518 1557 4595 atrium;
1589 4543 1865 4612 ἡκόντων·

278 4629 601 4702 τρέφεσθαι
654 4629 711 4682 δέ
773 4629 899 4698 ἐνῆν
954 4629 1080 4692 τοὺς
1135 4631 1470 4696 στρατιώτας
1532 4633 1868 4702 οὐδαμόθενο

278 4724 502 4783 πάντες
533 4721 590 4773 δέ
613 4717 754 4790 ἦσαν
782 4721 1046 4789 ἄχρηστοι
1077 4719 1170 4772 καὶ
1222 4719 1413 4773 ἄοπλοι
1470 4722 1576 4775 ὐπὸ
1641 4725 1859 4788 πενίας·

1973 4735 2100 4774 cere
2129 4721 2408 4790 cogitavit,
2461 4731 2521 4776 ut
2553 4725 2700 4777 cives
2735 4723 2802 4777 de
2861 4724 3212 4782 facultatibus
3243 4730 3358 4785 suis
3415 4732 3550 4785 viri-

278 4818 387 4870 καὶ
415 4815 651 4882 οὐδεμία
695 4814 879 4882 ὄνησις
929 4813 1154 4868 ἐκείνων
1178 4809 1268 4884 ἦν,
1296 4816 1390 4868 καὶ
1435 4815 1611 4870 ταῦτα
1663 4817 1859 4872 πολλῶι

1977 4813 2072 4866 tim
2107 4812 2442 4877 conferrent,
2497 4828 2606 4882 quo
2663 4822 2719 4868 et
2777 4815 2875 4882 ipsi
2915 4818 3008 4885 qui
3040 4817 3337 4884 haberent,
3416 4830 3471 4874 et
3512 4822 3549 4876 ii

277 4909 473 4961 ὅντων
505 4908 599 4958 καὶ
631 4905 870 4972 ἀγαθῶν,
902 4906 1107 4976 ἀπορίᾳ
1127 4907 1462 4976 πανταχόθεν
1493 4909 1859 4979 συνεχόμενος,

1974 4904 2066 4972 qui
2099 4913 2319 4972 egerent
2355 4918 2460 4956 una
2499 4915 2872 4959 servarentur.
2899 4905 3010 4960 Hoc
3037 4907 3317 4961 meditanti
3352 4923 3546 4963 occur-

278 4998 572 5065 ἐσκέψατο
601 4998 860 5065 εἰσφορὰν
885 4996 1214 5069 ποιήσασθαι
1243 4999 1306 5050 ἐκ
1331 4998 1440 5051 τῶν
1469 4998 1612 5052 ίδίων
1645 5001 1859 5066 τιόινταςΕ

1975 4996 2049 5048 rit
2097 4995 2205 5047 vim
2260 4993 2682 5060 abstinentiam,
2725 4996 2994 5064 siquidem
3034 4997 3178 5049 illam
3223 4997 3399 5067 ipsant
3454 5015 3549 5070 pe-

281 5088 358 5140 ἶν’
389 5087 551 5139 αὐτοί
578 5103 637 5138 τε
661 5086 920 5150 σώζοιντο
959 5087 1008 5138 οἱ
1036 5087 1275 5155 ἔχοντες,
1310 5088 1402 5140 καὶ
1453 5090 1579 5152 τοὺς
1630 5090 1859 5159 ἀπόρους

1973 5087 2190 5140 cuniam
2243 5087 2556 5142 eollatitiam
2611 5102 2708 5155 pro
2742 5087 3150 5141 conferentibus
3173 5090 3546 5160 insumpturus

283 5173 742 5237 συνδιασώζειεν.
773 5171 931 5225 Οὕτω
956 5172 1014 5226 δέ
1047 5173 1404 5245 σκεπτομένῳ
1467 5175 1528 5227 οὐ
1589 5175 1711 5246 βίαν
1769 5181 1859 5233 εἰσ.

1979 5188 2144 5242 esset,
2201 5179 2295 5233 sed
2326 5179 2596 5232 hortando
2647 5180 2829 5248 potius
2860 5179 2929 5232 ad
2976 5179 3029 5232 id
3057 5179 3287 5236 libenter
3337 5183 3548 5239 facien-

279 5269 493 5336 φέρειν
523 5265 696 5318 ἐδόκει
724 5263 835 5316 δεῖν
869 5263 1118 5334 μέλλοντι
1162 5264 1302 5335 ὑπὲρ
1339 5265 1520 5319 αὐτῶν
1564 5270 1672 5322 τῶν
1697 5273 1859 5343 είσφε·

1977 5270 2106 5326 dum
2136 5268 2516 5340 impellendos.
2551 5269 2682 5323 lude
2720 5277 2996 5323 conventu
3027 5269 3227 5325 civium
3261 5272 3547 5344 Byzantio-

275 5357 508 5429 ρόντων
523 5355 595 5408 τὰ
609 5357 866 5426 χρήματα
886 5356 1216 5411 ἀναλίσκειν·
1231 5357 1368 5411 ἀλλὰ
1391 5358 1600 5413 πείθειν
1615 5367 1859 5432 παραινέ

1979 5376 2098 5414 rum
2140 5377 2208 5415 ex
2231 5359 2487 5414 omnibus
2537 5360 2822 5415 ordinibus
2877 5362 3082 5417 indicto
3109 5364 3257 5434 (nam
3313 5376 3369 5420 et
3402 5383 3548 5422 mer-

277 5465 479 5504 σιιντα
505 5448 706 5517 μᾶλλον
737 5449 870 5518 πρὸς
898 5449 1000 5519 τὴν
1055 5449 1254 5520 πρᾶξιν
1290 5451 1470 5504 ἑκοντὶ
1517 5455 1734 5524 χωρεῖν.
1770 5459 1859 5510 Κα¹

1973 5459 2216 5513 catores,
2273 5459 2330 5502 et
2359 5447 2583 5514 milites,
2635 5457 2692 5502 et
2732 5449 2977 5518 opifices,
3041 5449 3200 5518 721
3261 5460 3317 5504 et
3362 5453 3547 5520 plebes

278 5537 504 5605 κοινὴν
530 5537 825 5603 ἐκκλησίαν
848 5538 910 5588 ἐκ
946 5537 1127 5606 πάσης
1173 5538 1318 5599 ἰδέας
1351 5535 1466 5606 βίου
1516 5539 1859 5610 συναθροίσας

1976 5540 2160 5596 infima
2191 5539 2462 5607 frequens,
2494 5549 2549 5593 et
2576 5554 2854 5594 sacrorum
2891 5543 3349 5595 monasteriorum
3403 5559 3544 5612 pra:-

275 5634 350 5684 ἐκ
381 5629 504 5680 τῶν
526 5628 814 5692 Βυζαντίου
840 5628 1092 5680 πολιτῶν⁹
1112 5628 1235 5680 οὔτε
1257 5631 1364 5697 γὰρ
1390 5631 1630 5700 ἔμπορος
1669 5632 1856 5684 ὑπελεί

1979 5629 2124 5692 fecti,
2157 5639 2211 5682 et
2254 5629 2609 5684 ecclesiarum
2663 5641 3044 5700 procuratores
3081 5632 3452 5700 conﬂuebant,
3491 5636 3544 5687 in

274 5737 439 5775 πετο
481 5719 596 5771 οὕτε
613 5720 972 5788 στρατιώτης,
991 5719 1126 5772 ἀλλὰ
1146 5723 1236 5771 καὶ
1258 5721 1590 5792 χειροτέχναι
1605 5723 1858 5792 παρῆσαν

1983 5720 2220 5775 medium
2269 5735 2585 5792 progressus
2686 5721 2763 5777 sic
2822 5722 2944 5777 infit
2998 5723 3177 5778 dicere
3221 5740 3237 5778 :

589 5813 856 5872 ΡΑτιιοι..
910 5812 1028 5870 Gtt.
1067 5809 1269 5873 CLIV.

2686 5860 2694 5867 .
2751 5857 2764 5864 .
3187 5817 3227 5873 2

1899 3777 1942 3833 C

1970 4082 2461 4152 regione-funditus
2487 4084 2696 4154 direpta
2719 4100 2780 4138 ac
2805 4086 3082 4141 devastata
3119 4088 3462 4157 defecerant;
3496 4104 3550 4149 et

1972 4173 2164 4228 insula:
2188 4183 2350 4244 atque
2373 4177 2709 4231 continentis
2731 4178 2892 4233 urbes
2916 4179 3035 4234 alia:
3059 4180 3308 4236 hostibus
3338 4185 3550 4239 servie-

1972 4263 2126 4328 bant,
2161 4265 2280 4318 aliae
2305 4275 2528 4335 propter
2557 4267 2781 4322 hostiles
2806 4269 3155 4326 incursiones
3189 4269 3348 4338 loris,
3381 4283 3438 4329 et
3465 4279 3549 4330 ci-

1969 4356 2116 4408 vium
2149 4355 2450 4410 discordias
2479 4355 2650 4421 intus,
2671 4359 2937 4414 extremis
2968 4359 3384 4418 difﬁcultatibus
3415 4380 3550 4419 con-

1972 4445 2320 4501 ﬂictabantur
2345 4462 2360 4512 ;
2391 4462 2490 4501 uec
2512 4451 2834 4518 suppetebat
2857 4452 2911 4505 in
2939 4451 3139 4507 milites
3153 4454 3428 4520 alimonia,
3456 4457 3547 4527 qui

1969 4553 2286 4608 quanquam
2316 4539 2474 4593 multi
2495 4554 2559 4593 ac
2575 4542 2812 4606 strenui,
2837 4558 2946 4612 pra:
2969 4553 3232 4614 egestate,
3257 4562 3362 4616 qua
3385 4550 3548 4602 undi-

1973 4644 2078 4698 que
2096 4631 2505 4700 premebantur,
2536 4641 2696 4686 erant
2719 4632 2955 4687 inermes
2972 4646 3134 4704 atque
3159 4638 3378 4693 inutiles
3397 4655 3412 4706 ;
3432 4641 3550 4694 edi-

3293 5722 3543 5780 Veterem
3577 5783 3580 5786 .
