3996 6218
287 360 347 422 49
1424 359 1969 421 IIISTORIARUM
2009 360 2240 419 LIBER
2277 360 2373 421 IV.
3435 362 3504 422 ὅθ

285 470 555 542 ροτέχνης,
604 470 673 525 ἂν
718 472 818 543 μὲν
850 475 1033 539 ἀδείας
1082 475 1357 547 ἀπολαύῃ,
1405 474 1584 539 ἐαυτῷ
1635 475 1841 543 ὁμοίως

1946 473 2144 543 alioqui
2182 489 2236 527 re
2268 489 2366 531 sua
2398 474 2655 528 incolumi
2690 472 2744 528 in
2778 472 3030 533 libertate
3086 474 3261 528 libens
3303 486 3365 528 ac
3408 489 3507 529 vo-

284 562 541 629 χρήσιμος
584 561 761 625 ἔσται,
791 565 887 617 καὶ
924 564 1003 635 τῷ
1038 566 1472 636 προπολεμοῦντι
1505 564 1833 635 στρατιώτῃο

280 652 339 704 ἄν
364 651 419 703 δέ
461 651 539 721 μὴ
583 652 827 721 βούλοιτο
859 656 1069 709 ἐκεῖνον
1099 657 1344 727 τρέφειν,
1379 658 1473 711 καὶ
1506 658 1702 710 ἑαυτὸν
1759 654 1837 725 τῷ

285 742 581 812 στρατιώτῃ
616 745 1018 816 συνδιαφοερεῖ,
1062 748 1269 800 ἐκεῖνον
1320 749 1419 818 μέν
1446 746 1612 816 λιμῷ,
1642 744 1837 799 ἐαυτὸν

283 830 331 881 δὲ
375 832 471 883 καὶ
518 834 717 897 παῖδας
747 837 889 905 λιμῴ
922 855 982 890 τε
1002 838 1231 908 ζόμοίως
1256 840 1368 892 ’καὶ
1402 838 1689 908 πολιορκίᾳ
1744 836 1838 890 καὶ

282 922 384 982 τοῖς
416 923 698 991 πολεμίοις
725 925 935 993 ξίφεσιν
957 945 970 958 ·
1002 928 1035 997 ἢ
1063 931 1110 980 εἰ
1144 928 1218 998 μὴ
1268 926 1446 995 τοῦτο,
1475 930 1593 981 ἀλλ’
1622 928 1838 997 ἀνάγκῃ

281 1011 769 1079 καταδουλωθέντα,
824 1015 1042 1077 πλείους
1094 1021 1208 1081 τοῖς
1247 1018 1671 1087 δεδουλωμένοις
1745 1020 1837 1070 καὶ

282 1098 609 1169 βιαιοτέρους
635 1103 895 1172 παρέχειν
952 1106 1153 1175 φόρους
1176 1107 1209 1176 ἢ
1240 1109 1335 1160 ὅσα
1359 1105 1486 1176 ἐξῆν
1520 1107 1839 1174 εἰσφέροντα

282 1190 591 1260 προθύμως,
612 1194 724 1245 τῶν
746 1195 923 1249 ἄλλων
942 1198 1237 1251 ἀπολαύειν
1260 1198 1581 1269 ἐλευθέρως.
1605 1199 1839 1253 Τοιαῦτα

280 1283 500 1335 καὶτῶν
537 1284 845 1346 Βυζαντίων
882 1287 1114 1341 πολιτῶν
1152 1290 1439 1352 εἰπόντων,
1477 1289 1664 1360 ἐπῄνει
1707 1307 1766 1343 τε
1809 1289 1838 1343 ὁ

283 1373 546 1442 βασιλεὺς,
571 1377 665 1427 καὶ
686 1378 977 1446 συνηγόρει
1002 1380 1136 1447 πρὸς
1156 1381 1282 1441 τοὺς
1299 1379 1511 1446 λόγους,
1525 1381 1840 1447 ἀναγκαίως

280 1462 481 1517 δεῖσθαι
518 1466 821 1535 χρημάτων
853 1460 1023 1521 εἰπὼν
1059 1469 1194 1540 πρὸς
1216 1470 1276 1522 τὸ
1310 1471 1839 1541 παρασκευάσασθαι

283 1551 411 1602 κατὰ
444 1552 553 1604 τῶν
585 1554 996 1623 πολεμούντων.
1030 1558 1092 1609 Ei
1124 1558 1222 1627 μὲν
1248 1559 1339 1611 οῦν
1373 1560 1449 1631 μὴ
1484 1561 1840 1630 προανάλωτο

281 1640 423 1710 αύτῷ
447 1643 514 1694 τὰ
543 1642 672 1696 ὄντα
693 1644 797 1697 ὑπὸ
831 1646 938 1699 τῶν
967 1650 1153 1711 κακῶς
1176 1650 1265 1701 ἐπὶ
1286 1650 1430 1721 λύμῃ
1457 1652 1838 1722 πεπολεμηκό-

280 1748 376 1782 των
406 1735 472 1801 τῇ
500 1737 674 1801 κοινῇ,
696 1736 851 1788 οὐδὲν
876 1736 939 1789 ἂν
963 1738 1159 1809 ἐδεήθη
1184 1739 1459 1810 ἐρανίζειν
1480 1744 1609 1813 παρ’
1634 1742 1835 1807 αὐτῶν,

280 1821 461 1889 ὥσπερ
484 1824 605 1876 ούδέ
624 1826 893 1895 πρότερόν
919 1846 1043 1881 ποτε
1070 1806 1323 1896 μεγάλων
1350 1833 1475 1884 πολέ
1487 1806 1602 1902 μων
1625 1851 1842 1904 κεκινη-
1874 1806 1912 1863 Β

285 1913 472 1980 μένων,
513 1914 773 1983 βασιλέως
799 1908 885 1970 ἐτι
911 1921 1193 1987 περιόντος
1210 1904 1577 1992 Ἀνδρδιίκου,
1613 1926 1698 1988 ἐφ’
1724 1925 1839 1991 οὓς,

287 2004 332 2053 εί
372 2003 447 2071 μὴ
496 2004 565 2056 τὰ
597 2004 835 2071 δημόσια
874 2007 1121 2077 ἐξήρκει,
1154 2012 1247 2065 καὶ
1283 2012 1390 2064 ἀπὸ
1431 2013 1540 2065 τῶν
1584 2014 1730 2067 ίδίων
1770 2015 1839 2068 τὰ

281 2094 522 2146 ἐνδέοντα
556 2095 886 2165 ἐπεχορήγει
913 2098 1189 2161 αύτὸ;,ὣν
1223 2102 1478 2157 ἁπάντων
1507 2104 1615 2156 τῶν
1645 2106 1840 2159 κοινῶν

280 2182 573 2252 διοικητὴς.
631 2185 768 2237 Νυνὶ
798 2188 853 2239 δὲ
888 2190 1114 2241 ἐκείνων
1149 2208 1209 2244 τε
1260 2195 1340 2255 είς
1369 2193 1521 2248 οὐδὲν
1565 2200 1839 2266 χρήσιμον
1895 2182 1903 2189 ’

283 2273 651 2340 ἀπολωλότων,
678 2279 768 2328 καὶ
799 2278 908 2328 τῶν
933 2279 1210 2347 δημοσίων
1234 2283 1629 2340 ἐκλελοιπότων
1656 2287 1839 2356 φόρων

290 2362 388 2415 ὑπὸ
414 2363 505 2415 τοῦ
534 2366 632 2432 τὴν
662 2366 852 2437 χώραν
880 2370 1226 2439 διεφθάρθαι,
1257 2377 1575 2441 ἀναγκαίως
1606 2378 1840 2429 ἀποϐλέ-

291 2466 407 2503 πειν
430 2454 508 2514 εἰς
554 2456 648 2522 τὴν
678 2458 988 2511 συντέλειαν
1020 2460 1227 2531 ταύτην
1272 2463 1371 2532 τὴν
1422 2466 1629 2535 κοινὴν,
1671 2467 1747 2529 ὡς
1790 2470 1837 2519 εί

280 2547 576 2614 χρημάτων
637 2552 731 2603 καὶ
797 2554 1035 2621 μετρίων
1079 2555 1400 2623 εύπορήσοι,
1441 2559 1641 2629 ῥᾳδίως
1677 2560 1837 2623 αὖθις

277 2635 373 2702 τήν
409 2637 695 2706 Ῥωμαίων
724 2643 1142 2696 καταπεσοῦσαν
1165 2648 1462 2715 ἡγεμονίαν
1489 2650 1835 2720 ἀνορθώσων.

276 2726 516 2780 Τοιαῦτα
575 2731 666 2782 καὶ
717 2732 878 2803 ἕτερά.
921 2752 1039 2786 τινα
1096 2738 1373 2806 παρόμοια
1417 2741 1832 2807 προσεπειπὼν,

272 2817 447 2869 διέλυε
480 2820 579 2889 τὴν
629 2822 925 2891 ἐκκλησίαν
946 2809 974 2889 ,’
1010 2828 1257 2895 οἰόμενος
1297 2828 1445 2898 αύτῷ
1488 2846 1539 2881 τι
1569 2830 1648 2899 τῷ
1675 2831 1836 2901 κοινῷ

275 2904 553 2968 λυσιτελὲς
609 2912 704 2963 καὶ
756 2914 1024 2979 χρήσιμον
1078 2915 1335 2984 ηνύσθαι.
1388 2917 1546 2979 Τινὲς
1605 2919 1661 2970 δὲ
1725 2920 1835 2971 τῶν

274 2998 510 3069 ἐξαρχῆς
565 3001 757 3071 ἐκείνῳ
807 3005 1100 3073 ᾑρημένων
1153 3007 1427 3076 πολεμεῖν,
1478 3006 1617 3079 ἦσαν
1649 3012 1707 3064 δὲ
1737 3015 1836 3064 οὐκ

1942 564 2060 618 lens
2108 562 2477 631 pependisset.
2529 562 2654 617 llaec
2703 577 2826 617 cum
2871 564 3017 618 cives
3074 562 3355 633 Byzantini
3418 578 3509 616 re-

1939 655 2309 725 spondiasent,
2343 655 2634 723 imperator
2663 654 2901 718 laudare,
2930 664 2985 708 et
3007 669 3195 708 eorum
3224 652 3511 707 sententiae

1939 742 2218 812 suﬂ‘ragari
2257 758 2320 796 ac
2345 742 2549 803 dicere,
2581 742 2902 812 pecuniam}
2930 743 2994 796 ad
3029 752 3348 811 apparatum
3380 757 3506 795 con-

1940 839 2021 885 tra
2056 831 2269 885 hostem
2300 831 2459 899 plane
2493 830 2721 899 requiri.
2772 829 2927 894 Quod
2958 832 3002 882 si
3051 829 3252 884 divitiae
3287 829 3405 895 ejus
3441 827 3509 880 ab

1942 922 2011 975 iis
2058 922 2151 991 qui
2215 937 2340 976 cum
2399 922 2716 991 reipublicae
2770 921 3101 975 detrimento
3152 926 3508 991 pugnassent,

1938 1021 2274 1081 consumpta:
2299 1028 2407 1065 non
2439 1020 2643 1074 essent,
2670 1012 2807 1064 nihil
2855 1027 2993 1081 opus
3042 1012 3212 1067 fuisse
3245 1026 3394 1067 nunc
3440 1015 3507 1067 ab

1940 1104 2078 1171 ipsis
2148 1105 2383 1158 mutuari
2426 1122 2438 1157 :
2485 1114 2544 1158 ut
2598 1121 2775 1173 neque
2843 1096 3011 1175 prius,
3058 1121 3316 1175 unquam,
3381 1123 3505 1162 cum

1939 1210 2133 1263 magna
2171 1197 2331 1258 bella,
2393 1196 2722 1266 imperatore
2762 1198 3075 1251 Andronico
3128 1199 3308 1253 adhuc
3359 1198 3503 1263 vivo,

1938 1297 2280 1358 gererentur,
2337 1289 2404 1342 ad
2464 1305 2583 1357 qua:
2645 1290 2870 1357 pecunia
2923 1291 3143 1359 publica
3188 1307 3297 1343 non
3355 1292 3509 1343 suﬂi-

1939 1379 2139 1440 ciente,
2170 1379 2287 1447 ipse
2316 1379 2531 1447 imperii
2570 1382 2979 1434 administrator
3009 1381 3074 1434 de
3107 1397 3205 1435 sua
3241 1396 3506 1434 summam

1938 1469 2257 1539 expleverit.
2302 1470 2478 1531 Modo,
2541 1470 2797 1538 quoniam
2837 1486 2901 1525 ea
2962 1471 3231 1524 inutiliter
3288 1472 3508 1541 profusa

1938 1560 2031 1623 sit,
2086 1570 2140 1613 et
2196 1570 2417 1630 propter
2477 1560 2743 1630 direptam
2808 1563 3247 1632 devastatamque
3286 1565 3505 1632 provin—
3556 1562 3563 1569 ’

1938 1649 2080 1703 ciam
2144 1650 2374 1717 publica:
2428 1651 2720 1717 pensiones
2776 1653 3135 1712 cessaverint,
3192 1654 3308 1723 cogi
3346 1669 3403 1707 se
3442 1656 3508 1708 ad

1939 1754 2285 1793 communem
2346 1740 2504 1793 istam
2558 1741 2905 1795 collationem
2944 1743 3235 1810 respicere.
3300 1743 3508 1798 Etenim

1942 1830 1987 1883 si
2015 1831 2100 1884 vel
2132 1832 2397 1885 moderati
2443 1842 2693 1899 sumptus
2722 1833 3097 1902 suppeditent,
3129 1849 3187 1886 sc
3210 1835 3508 1903 collapsum

1942 1921 2310 1975 Rotnauorum
2368 1923 2657 1991 imperium
2710 1938 2879 1987 parvo
2912 1925 3131 1993 negotio
3180 1924 3513 1979 instauratu-

1942 2028 2085 2067 rum.
2118 2011 2245 2068 Haec
2293 2023 2349 2068 et
2398 2013 2596 2067 similia
2634 2014 2849 2077 effatus,
2891 2024 3222 2095 conventum
3283 2015 3513 2081 dimisit,

1944 2108 2187 2157 ratus'se
2220 2118 2547 2174 magnOperc
2583 2120 2612 2158 e
2647 2104 2924 2172 republica
2963 2104 3223 2160 locutum.
3260 2106 3329 2159 At
3379 2121 3547 2158 non-v

1941 2191 2075 2244 nulli
2116 2206 2305 2245 eorum
2360 2194 2451 2261 qui
2489 2195 2557 2245 ab
2611 2192 2769 2245 initio
2804 2193 3081 2247 adversari
3136 2194 3509 2253 instituerant,

1941 2283 2030 2351 qui
2066 2283 2281 2350 plurimi
2313 2292 2486 2347 erant,
2532 2292 2584 2336 et
2615 2298 2679 2334 ex
2716 2284 2958 2336 tabernis
2989 2285 3309 2353 argentariis
3352 2299 3512 2336 num—

1940 2373 2178 2436 mularii,
2220 2372 2387 2426 etiam
2442 2382 2725 2440 postquam
2777 2389 2878 2440 pax
2916 2373 3024 2425 visa
3060 2381 3143 2427 est
3171 2374 3508 2437 confirmata,

1940 2464 2150 2517 animos
2198 2463 2498 2517 retinentes
2544 2472 2779 2516 armatos
2848 2471 2903 2517 et
2954 2464 3165 2532 injuria:
3218 2480 3519 2528 memores,

1940 2554 2297 2621 manibusque
2333 2567 2397 2607 ac
2435 2554 2665 2622 pedibus
2710 2568 2831 2606 eum
2883 2554 3144 2621 impedire
3179 2553 3514 2619 laborantes,

1940 2642 2103 2712 725
2138 2644 2384 2710 nihilque
2419 2644 2663 2721 sitientes
2690 2643 2963 2696 communi
2995 2644 3359 2708 commodare,
3394 2660 3515 2699 ma-

1940 2736 2083 2789 xime
2119 2744 2174 2787 ut
2204 2736 2444 2802 ipsorum
2488 2735 2811 2803 improbitas
2843 2742 3139 2805 tegeretur,
3172 2750 3271 2790 nec
3298 2737 3512 2790 videre-

1940 2833 2027 2879 tur
2059 2835 2281 2895 propter
2316 2826 2519 2880 bellum
2558 2835 2746 2879 contra
2802 2827 3186 2894 imperatorem
3255 2825 3512 2879 aﬂlictutn

1937 2931 2000 2970 ac
2050 2920 2320 2983 perditum
2379 2918 2682 2971 Romanum
2749 2916 3038 2985 imperium
3096 2916 3409 2986 (siquidem
3461 2928 3515 2971 et

1944 3017 2069 3076 post
2101 3023 2313 3076 pacem,
2351 3017 2405 3060 ct
2462 3016 2586 3077 post
2626 3023 2817 3060 omnes
2865 3009 2932 3061 ab
2966 3009 3291 3077 imperatore
3318 3008 3516 3077 subju-

261 3090 462 3156 ’όλίγοι,
504 3094 598 3143 καὶ
631 3098 694 3145 ἐκ
724 3094 831 3148 τῶν
866 3098 921 3149 ὲν
955 3100 1340 3169 ἐργαστηρίοις
1374 3102 1837 3171 ἐμπορευομένων

1946 3106 2121 3161 gates,
2160 3099 2301 3151 nulla
2352 3098 2541 3153 fuisset
2590 3099 2878 3152 subsecuta
2938 3100 3319 3165 commoditas,
3352 3100 3514 3153 nulla:

272 3180 727 3252 ἁργυραμοιϐὦν,
787 3188 881 3239 καὶ
944 3190 1082 3257 μετὰ
1153 3190 1254 3258 τὴν
1316 3190 1579 3244 δοκοῦσαν
1654 3196 1839 3249 διαλυ-

275 3288 355 3326 σιν
408 3276 492 3327 ἐτι
575 3276 1042 3346 δυσμεναίνοντες,
1091 3285 1183 3335 καὶ
1230 3288 1712 3354 μνησικακοῦντες,
1748 3292 1843 3340 καὶ

271 3369 447 3421 πάντα
541 3372 744 3439 τρόπον
836 3374 1247 3444 ἐπιχειροῦντες
1326 3379 1488 3431 αύτδν
1574 3380 1830 3445 κωλύειν,

272 3458 361 3510 καὶ
408 3459 589 3527 μηδὲν
644 3461 740 3531 ὲᾷν
792 3462 871 3531 τῷ
907 3465 1071 3534 κοινῷ
1118 3466 1391 3530 λυσιτελὲς
1441 3471 1634 3534 ποιεῖν,
1674 3470 1750 3533 ὡς
1778 3471 1843 3523 ἂν

274 3550 509 3616 μάλιστα
541 3552 767 3605 ἐκείνων
798 3555 829 3623 ή
863 3555 1028 3608 κακία
1051 3560 1415 3622 συσκιάζοιτο,
1437 3561 1531 3612 καὶ
1556 3562 1629 3631 μὴ
1662 3561 1841 3631 δοκοίη

271 3640 354 3693 διὰ
380 3643 474 3695 τὸν
501 3645 639 3712 πρὸς
662 3644 882 3713 βασιλέα
916 3647 1149 3717 πόλεμον
1180 3652 1209 3719 ή
1256 3652 1545 3721 Ῥωμαίων
1580 3655 1846 3724 ἡγεμονία

268 3732 616 3803 διεφθάρθαι,
647 3736 721 3797 ὡς
752 3740 841 3788 καὶ
869 3739 1007 3805 μετὰ
1035 3740 1136 3809 τὴν
1163 3743 1386 3812 εἰρήνην
1422 3746 1517 3797 καὶ
1550 3744 1612 3797 τὸ
1640 3745 1847 3808 πάντας

268 3824 653 3893 ὑπαγαγέσθαι
688 3828 911 3897 βασιλέα
941 3829 1205 3898 ὠφελείας
1258 3832 1539 3901 οὐδεμιᾶς,
1569 3834 1692 3887 οὐδὲ
1718 3837 1850 3888 ἀνα-

266 3919 452 3986 ωχῆς
491 3916 604 3969 τῶν
632 3919 817 3970 κακῶν
849 3922 1240 3991 γεγενημένης,
1273 3924 1426 3977 αὐτοί
1455 3942 1513 3978 τε
1533 3926 1846 3995 ἐθορύϐουν,

268 4006 337 4069 ὡς
368 4009 429 4058 ού
460 4010 728 4077 χρήματα
756 4013 1102 4078 παρέξοντες,
1137 4017 1230 4066 καὶ
1262 4016 1385 4079 τοὺς
1413 4016 1603 4078 ἄλλους
1636 4018 1850 4071 ἔπειθον

267 4098 494 4165 ὁμοίως.
524 4100 676 4149 δεινά
712 4102 989 4155 πείσεσθαι
1039 4104 1361 4169 φάσκοντες.
1395 4110 1442 4159 εί
1470 4108 1505 4160 ἃ.
1538 4109 1611 4178 μή
1656 4110 1852 4179 πρότε-

269 4206 359 4258 ρον
383 4191 657 4259 πολέμιος
682 4191 755 4244 ὢν
780 4195 806 4244 δ
832 4192 1082 4261 βασιλεὺς
1107 4197 1344 4266 ἠδυνήθη
1386 4200 1855 4276 κατεργάσασθαι,

262 4279 443 4332 ταῦτα
498 4280 598 4333 νῦν
651 4282 708 4333 ἐν
748 4283 955 4345 εὐνοίας
990 4285 1087 4337 καὶ
1136 4287 1459 4356 κηδεμονίας
1506 4291 1854 4360 προσχήματι

267 4370 651 4440 ὑπομενοῦσι·
711 4373 964 4442 πολεμῶν
1014 4375 1141 4446 γὰρ,
1190 4378 1299 4428 τῶν
1355 4379 1455 4445 μὲν
1507 4379 1612 4443 ἔξω
1658 4382 1856 4451 τειχῶν

1944 3190 2209 3267 malorum
2246 3186 2525 3251 inductu),
2587 3198 2640 3242 et
2701 3189 2801 3258 ipsi
2835 3190 3325 3255 tumultuabantur,
3356 3201 3515 3244 uttes

1944 3296 2288 3349 nequaquam
2325 3280 2597 3345 collaturi,
2657 3290 2710 3334 et
2742 3282 2869 3339 aliis
2919 3283 3059 3335 idem
3106 3283 3306 3336 dabant
3336 3282 3517 3337 consi-

1946 3373 2099 3435 lium,
2158 3375 2299 3427 male
2353 3360 2642 3427 admodum
2698 3390 2879 3428 secum
2926 3385 3107 3429 aetum
3141 3375 3206 3429 iri
3248 3377 3511 3438 dicentes,

1946 3468 2014 3530 si,
2048 3484 2167 3536 qua:
2218 3469 2513 3536 imperator
2569 3478 2729 3522 antca
2785 3469 2962 3522 adhuc
3022 3468 3196 3522 hostis
3248 3471 3517 3523 conficere

1946 3557 2261 3625 nequiisset,
2285 3573 2345 3610 ca
2375 3572 2517 3610 nunc
2550 3566 2770 3625 propter
2801 3556 3189 3609 bene-volentie
3218 3565 3273 3609 et
3303 3557 3505 3609 sollici-

1951 3648 2151 3702 tudinis
2205 3647 2605 3701 simulationem
2658 3646 2726 3699 ab
2785 3646 2902 3713 ipso
2952 3646 3144 3697 ferant.
3205 3643 3338 3698 Nam
3385 3646 3515 3698 dum

1949 3741 2197 3804 bellaret,
2236 3754 2451 3792 omnem
2503 3737 2941 3791 suburbanorum
3000 3736 3293 3803 diripuisse
3347 3752 3516 3805 pecu-

1950 3831 2093 3884 niam
2129 3847 2141 3882 :
2179 3844 2300 3898 quae
2328 3828 2466 3881 intra
2498 3828 2684 3881 urbem
2721 3837 2775 3880 et
2832 3827 2889 3880 in
2923 3826 3173 3880 manibus
3207 3826 3403 3879 civium
3438 3842 3519 3879 cs-

1951 3930 2055 3987 set,
2091 3921 2157 3975 de
2210 3936 2271 3974 ea
2317 3918 2530 3991 auferre
2566 3919 2699 3972 nihil
2735 3918 3001 3986 potuisse.
3059 3915 3216 3972 Nunc
3265 3928 3320 3972 et
3372 3918 3516 3972 illam

1950 4011 2318 4080 deperdidisse
2354 4050 2368 4073 ,
2404 4018 2459 4063 et
2520 4012 2660 4079 hanc
2689 4018 2934 4062 avertere
2964 4008 3122 4074 velle,
3154 4009 3338 4062 nescio
3381 4025 3520 4077 quos

1952 4110 2242 4172 apparatus
2276 4101 2496 4153 bellicos
2532 4110 2585 4153 et
2643 4099 2778 4151 alias
2819 4099 3081 4165 quasdam
3119 4098 3353 4154 fallacias
3382 4117 3520 4170 prte-

1955 4192 2187 4251 texendo
2223 4207 2235 4243 :
2278 4206 2507 4260 quorum
2560 4189 2699 4244 nihil
2759 4199 2964 4242 tantum
3004 4189 3147 4259 apud
3180 4205 3272 4243 eos
3320 4192 3520 4246 valitu-

1955 4301 2075 4338 rum
2127 4285 2213 4342 sit,
2274 4281 2429 4335 utilli
2474 4280 2632 4334 bouis
2666 4281 2778 4333 suis
2810 4280 3024 4343 cedant,
3087 4280 3187 4332 nisi
3237 4280 3373 4335 forte
3412 4284 3522 4335 vim

1958 4373 2300 4429 manifestam
2333 4371 2660 4436 adhibuerit,
2688 4381 2745 4423 et
2767 4370 3001 4424 cwdibus
3032 4372 3288 4425 saevierit.
3308 4364 3522 4443 Hujus—

265 4462 659 4531 ἀπεστέρησεν
708 4463 983 4527 ἁπάντων,
1037 4468 1143 4518 τῶν
1196 4467 1342 4519 ἔνδον
1386 4468 1565 4521 δὲκαὶ
1599 4472 1655 4522 ἐν
1689 4472 1845 4541 χερσὶ

1951 4461 2184 4523 cemodi,
2215 4471 2270 4514 et
2298 4457 2383 4513 his
2420 4459 2643 4512 tetriora
2680 4458 2733 4510 in
2768 4457 2960 4525 vulgus
2998 4456 3519 4522 disseminabantur,

263 4554 581 4623 χρημάτων
629 4554 866 4624 ήδυνήθη
902 4555 1085 4609 λαϐεῖν
1115 4559 1287 4612 οὐδέν.
1311 4560 1449 4612 Νυνὶ
1472 4563 1528 4613 δὲ
1576 4564 1761 4615 ἐκεῖνὰ
1788 4580 1848 4615 τε

263 4644 550 4705 ἀπόλωλε,
579 4645 672 4697 καὶ
698 4645 808 4698 τῶν
843 4645 989 4698 ἔνδον
1026 4646 1195 4701 ὄντων
1226 4648 1473 4717 βούλεται
1506 4652 1847 4723 ἀποστερεῖν,

266 4737 556 4805 πολέμους
588 4738 1057 4806 προφασιζόμενος
1090 4740 1185 4791 καὶ
1217 4745 1590 4808 παρασκευὰς,
1626 4746 1720 4795 καὶ
1757 4745 1852 4798 ἆλ-

265 4824 362 4887 ia;
399 4824 727 4889 ἐξαπάτας,
784 4822 858 4878 ὦν
911 4827 1062 4879 οὐδὲν
1092 4829 1286 4891 αὐτοὺς
1323 4829 1500 4881 πείσει
1544 4832 1651 4883 τῶν
1683 4832 1851 4886 ὅντων

269 4916 421 4984 αύτῷ
450 4919 843 4983 παραχωρεῖν,
898 4918 946 4968 εί
984 4917 1056 4985 μὴ
1088 4917 1329 4985 βούλοιτο
1365 4919 1645 4987 βιάζεσθαι
1682 4939 1850 4989 φανε-

270 5003 382 5071 ρῶς
418 5003 524 5055 καὶ
550 5003 900 5072 διαφθείρειν.
942 5004 1174 5058 Τοιαῦτα
1208 5008 1305 5073 μὲν
1336 5009 1429 5060 καὶ
1461 5008 1640 5079 πολλῷ
1678 5011 1852 5063 δεινό-

268 5110 404 5162 τερα
427 5093 645 5146 τούτων
674 5096 808 5162 πρὸς
834 5096 959 5156 τοὺς
983 5095 1171 5157 ἄλλους
1199 5095 1469 5162 διεδίδοτο,
1503 5104 1599 5151 καὶ
1624 5098 1853 5167 θόρυϐος

262 5182 333 5254 ἦν
360 5189 468 5255 καὶ
496 5186 716 5250 ἀταξία,
751 5188 845 5239 καὶ
884 5186 1080 5249 πάντες
1099 5188 1300 5256 ὁμοίως
1329 5190 1464 5257 πρὸς
1496 5190 1601 5245 τῶν
1631 5190 1851 5261 χρημά-

262 5294 375 5329 των
407 5278 675 5330 ἀνένευον
709 5277 809 5346 τὴν
862 5280 1141 5348 εἰσφοράν.
1184 5279 1443 5343 Βασιλεὺς
1479 5280 1535 5333 δὲ
1567 5283 1689 5335 ἐπεὶ
1719 5280 1855 5334 ἐπύ-

260 5368 413 5432 θετο,
478 5367 732 5436 συνεώρα
785 5370 883 5437 μὲν
935 5369 1033 5439 ήδη
1098 5370 1206 5422 τῶν
1253 5374 1728 5431 συνεσκευακότων
1756 5373 1855 5442 τὴν

260 5461 504 5523 κακίαν,
548 5464 638 5511 καὶ
662 5459 887 5529 ὥρμητο
914 5461 1162 5525 κολάζειν
1186 5464 1312 5525 τοὺς
1349 5466 1442 5518 ἐπὶ
1472 5464 1698 5519 τοιαῦτα
1727 5465 1856 5517 ἐνά-

202 5618 207 5627 ῗ
257 5568 476 5618 γοντας
505 5551 601 5603 τὸν
620 5550 790 5619 δῆμον
809 5564 823 5578 ⁶
853 5552 1052 5605 ἄτοπον
1082 5552 1385 5623 ἡγούμενος
1433 5557 1530 5609 καὶ
1578 5555 1858 5615 παντελῶς

202 5678 220 5713 ι,
259 5644 373 5707 ἔξω
406 5641 522 5692 τοῦ
559 5640 723 5693 καλοῦ
760 5643 851 5695 καὶ
877 5642 968 5693 τοῦ
992 5642 1442 5709 δικαίουπίπτον,
1469 5642 1557 5695 δια
1572 5644 1671 5712 τὴν
1696 5644 1857 5696 τινῶν

260 5732 685 5804 ἀγνωμοσύνην
752 5733 851 5803 τῆς
901 5732 1009 5787 τῶν
1055 5732 1228 5787 ἄλλων
1280 5734 1537 5790 ἁπάντων
1590 5735 1858 5803 σωτηρίας

1546 5822 1575 5837 ρ

1949 4552 2392 4617 exsistebantque
2434 4548 2692 4602 tumultus
2728 4557 2781 4600 et
2814 4548 3174 4616 perturbatio,
3212 4557 3267 4601 et
3327 4563 3524 4602 omnes

1950 4645 2153 4714 pariter
2186 4641 2531 4695 contribuere
2580 4639 2869 4707 pecuniam
2902 4639 3241 4692 abnuebant.
3280 4640 3523 4708 Impera-

1953 4744 2036 4789 tor
2082 4733 2165 4786 his
2213 4731 2435 4793 auditis,
2486 4728 2790 4799 praestigias
2834 4744 2897 4782 ac
2938 4729 3093 4783 dolos
3147 4727 3519 4796 improborum

1950 4826 2219 4879 artificum
2270 4821 2617 4890 intelligebat
2642 4859 2659 4885 ,
2701 4829 2756 4874 et
2787 4819 2986 4888 p0pulo
3020 4835 3206 4872 earum
3243 4819 3518 4871 turbarum

1953 4911 2404 4979 anctorespmnis
2453 4909 2684 4983 subdere
2746 4908 2993 4977 parabat,
3052 4907 3274 4960 stultum
3343 4914 3396 4957 et
3450 4907 3520 4958 ab

1953 5004 2100 5058 omni
2168 5004 2450 5056 honestate
2514 5000 2829 5069 iustitiaque
2877 4998 3113 5049 alienum
3173 4994 3401 5057 ducens;
3448 4995 3522 5049 ob

1954 5096 2313 5166 quorumdam
2345 5094 2756 5160 perversitatem
2788 5098 3108 5141 czrterorum
3142 5085 3387 5139 omnium
3436 5101 3523 5139 sa-

1955 5189 2122 5242 lutem
2176 5182 2589 5252 ﬂoccipendere.
2645 5179 2844 5232 Verum
2894 5177 3196 5241 enimvero,
3258 5192 3327 5231 ne
3380 5177 3522 5241 illos,

1956 5294 2064 5334 non
2121 5272 2397 5330 communi
2467 5278 2713 5339 spectato
2765 5268 3159 5331 emolumento,
3228 5267 3324 5322 sed
3380 5268 3529 5337 quod

1958 5369 2111 5438 prius
2142 5366 2208 5420 ab
2233 5365 2389 5417 Anna
2426 5362 2661 5430 Augusta
2690 5361 2990 5422 stetissent,
3017 5360 3265 5428 specioso
3290 5360 3527 5428 quodam

1959 5467 2222 5530 przetextu
2270 5455 2336 5508 ad
2369 5468 2587 5522 poenam
2642 5465 2835 5505 vocare
2874 5465 3104 5517 seseque
3140 5450 3330 5503 ulcisci
3372 5462 3531 5519 puta~

1960 5559 2133 5613 retur,
2190 5547 2255 5601 iis
2307 5544 2613 5615 plectendis
2667 5542 2973 5610 supersedit
3030 5551 3310 5609 totumque
3361 5557 3533 5611 neg0~

1962 5641 2096 5696 tium
2146 5638 2415 5705 reliquum
2452 5633 2721 5703 neglecmi
2760 5632 2970 5697 habuit,
3003 5632 3229 5684 multum
3260 5632 3430 5683 iratus
3462 5646 3531 5683 ac

1963 5739 2208 5791 mmstus,
2242 5727 2385 5797 quod
2417 5741 2474 5781 se
2502 5733 2689 5781 contra
2719 5724 2897 5778 hostes
2926 5737 3231 5777 emersuros
3256 5722 3531 5775 instruere
