3996 6218
391 303 460 362 55
1555 303 1589 364 J
1593 302 1793 363 ΟΛΝΝ
1800 302 1874 363 IS
1910 302 1974 363 C2

2077 301 2442 364 l‘ACUZENf
3567 302 3634 362 56

393 411 702 469 deturbare.
742 411 930 483 Neque
969 427 1097 469 vero
1136 422 1363 467 matrem
1398 409 1515 480 eius
1565 413 1863 482 Augustam
1894 411 1964 465 ob

2077 412 2241 480 λογίαι
2266 413 2341 466 Οὐ
2372 411 2479 482 γὰρ
2507 411 2710 472 δίκαια,
2746 411 2867 464 οὐδὲ
2891 411 3062 474 άλλως
3095 412 3359 466 ἐννοεῖσθε
3399 412 3595 467 δυνατά
3622 431 3636 444 ·

392 519 477 568 ea,
502 519 732 573 quorum
772 504 987 558 conscia
1028 519 1137 557 non
1169 512 1271 564 est,
1299 516 1559 556 accusare
1610 503 1788 556 decet.
1825 501 1969 566 Quin

393 611 493 666 ego
546 595 736 649 ambos
795 609 857 649 ea
914 594 1290 648 benevolentia
1370 601 1425 646 et
1465 592 1816 647 veneratione
1861 591 1968 647 coli

392 687 538 751 volo,
567 701 727 756 quam
771 686 1028 754 maiestas
1086 684 1430 755 imperatoria
1477 683 1736 754 postulat.
1774 686 1815 735 Α
1855 697 1972 736 sce-

394 778 579 833 leratis
636 787 816 831 autem
875 777 982 830 illis
1034 787 1090 832 et
1131 777 1451 832 insidiarum
1507 775 1968 846 compositoribus

393 869 612 923 meritas
637 868 862 939 periurii
907 884 1095 938 ptenas
1127 878 1398 938 expetam.
1441 867 1565 923 llu-e
1595 868 1696 923 fuit
1731 871 1968 939 impera-

392 960 525 1012 toris
581 960 646 1013 ad
707 975 965 1030 proceres
1019 962 1217 1025 oratio,
1266 977 1367 1032 pro
1397 978 1462 1018 eo
1493 961 1638 1034 quod
1685 961 1863 1030 ipsum
1912 962 1966 1016 in

392 1049 578 1103 odium
631 1050 1016 1120 imperatricis,
1050 1060 1106 1106 et.
1147 1049 1331 1120 generi
1366 1051 1708 1122 imperatoris
1742 1060 1966 1121 eruptu-

391 1155 510 1194 rum
560 1148 932 1210 speraverant.
992 1142 1092 1206 Qui
1133 1151 1192 1195 ut
1244 1159 1304 1197 se
1357 1158 1577 1212 Operam
1634 1142 1882 1212 perdere,
1912 1151 1968 1196 et

391 1230 537 1299 quod
594 1233 882 1299 proverbio
915 1231 1109 1295 fertur,
1137 1235 1190 1286 in
1235 1233 1431 1288 coelum
1475 1233 1702 1302 iaculari
1729 1247 1965 1302 agnove-

393 1326 544 1378 runt,
575 1317 718 1371 illius
753 1319 1054 1374 mutatione
1100 1321 1408 1391 desperata,
1445 1323 1512 1378 ad
1548 1317 1757 1376 lienem
1795 1322 1966 1392 impe-

395 1406 649 1460 ratricern
683 1424 741 1462 se
763 1410 1134 1474 contulerunt,
1161 1413 1261 1465 rati
1295 1429 1413 1466 eam
1445 1428 1504 1466 se
1538 1397 1962 1484 expugnaturos,

395 1511 864 1570 persuasurosque
917 1511 977 1554 ut
1018 1503 1120 1556 sibi
1184 1513 1437 1572 tanquam
1479 1503 1616 1558 bene
1673 1505 1964 1560 monituris

396 1603 558 1642 aures
592 1590 767 1644 daret.
824 1591 1090 1646 Caeterum
1147 1593 1238 1645 ubi
1285 1593 1376 1647 illa
1427 1594 1641 1658 eadem,
1667 1594 1748 1648 vel
1795 1593 1961 1648 etiam

397 1675 668 1728 severiora
748 1679 1065 1745 respondit,
1116 1688 1278 1748 atque
1351 1697 1381 1734 a
1438 1681 1695 1736 [tertianis
1763 1683 1958 1737 iterum

2073 502 2309 557 Βασιλέα
2357 503 2468 573 γὰρ
2516 503 2608 556 τὸν
2661 503 2793 572 ἐμὸν
2829 503 3079 573 γαμὸρίιν
3117 501 3241 556 οὔτε
3287 505 3635 558 ἀποκτείνειν

2071 594 2316 661 δυνατὸν,
2354 594 2466 648 οὔτ’
2506 595 2829 664 ἀποστερεῖν
2879 595 3000 664 τῆς.
3029 595 3309 666 βασιλείας
3358 596 3495 666 μετᾶ
3541 597 3640 665 τῆς

2071 686 2336 757 θυγατρος
2383 686 2472 740 τὸν
2522 685 2720 755 γάμον.
2753 685 2889 738 Οῠτε
2923 688 3030 756 μὴν
3085 686 3321 758 βασιλίδι
3354 693 3419 758 τῇ
3468 690 3643 758 μητρὶ

2067 777 2273 831 δίκαιον
2301 779 2549 846 ἐγκαλεῖν
2597 778 2681 846 ἐφ’
2713 774 2792 841 οἷς
2839 778 2990 832 οὐδὲν
3020 778 3258 849 συνῄδει,
3289 779 3422 832 ἀλλά
3453 783 3641 833 πᾶσαν
3666 784 3677 852 ἠ

2069 868 2250 930 αὐτοῖς
2281 869 2578 936 προσάγειν
2603 867 2867 938 βούλομαι
2903 868 3112 931 πάντας
3152 869 3247 922 καὶ
3272 868 3370 938 τὴν
3428 868 3644 922 εὔνοιαν

2067 962 2164 1014 καί⁹
2214 962 2311 1031 τὴν
2363 959 2524 1026 αἰδὼ,
2556 958 2742 1024 καθὼς
2775 961 3045 1030 προσήκει
3087 959 3387 1030 βασιλεῦσι.
3426 961 3564 1023 Τοὺς
3594 961 3642 1014 δ’

2066 1051 2560 1122 ἀγνωμονήσαντας
2601 1051 2862 1118 ἐκείνους,
2917 1051 3015 1105 καὶ
3051 1051 3335 1121 ράψαντας
3373 1051 3475 1121 τὴν
3514 1052 3641 1104 ἑπι-

2066 1142 2264 1212 ϐουλὴν
2283 1141 2393 1210 ἐγὼ
2411 1142 2509 1204 τὰς
2539 1141 2697 1206 ἀξίας
2723 1143 2822 1212 τῆς
2845 1145 3131 1212 ἐπιορκίας
3155 1142 3442 1210 ἀπαιτήσω
3461 1142 3640 1204 δίκας.

2079 1234 2136 1288 '0
2167 1234 2265 1304 μὲν
2296 1231 2390 1286 οὖν
2421 1231 2674 1303 βασιλεὺς
2698 1232 2922 1285 τοιαῦτα
2952 1234 3064 1294 τοῖς
3084 1234 3141 1284 έν
3169 1231 3310 1286 τέλει
3343 1231 3640 1300 διειλέχθη,

2063 1325 2148 1395 ἐφ’
2167 1319 2248 1388 οἷς
2277 1323 2505 1396 ἤλπιζον
2523 1323 2687 1377 αὐτὸν
2710 1322 3039 1393 ὲξορμήσειν
3067 1323 3159 1375 ἐπὶ
3185 1325 3246 1375 τὸ
3295 1324 3482 1386 κακῶς
3512 1328 3645 1392 περὶ

2067 1417 2310 1489 βασιλίδα
2385 1414 2718 1469 διατίθεσθαι
2779 1415 2874 1468 καὶ
2925 1413 3153 1484 βασιλέα
3217 1418 3309 1468 τὸν
3365 1415 3640 1486 γαμϐρόν.

2076 1509 2226 1561 Ἐπεὶ
2277 1507 2332 1560 δὲ
2379 1507 2576 1559 ἐκεῖνοι
2606 1505 2850 1573 ἔγνωσαν
2879 1505 3166 1574 ἀνηνύτοις
3201 1507 3638 1575 ἐπιχειροῦντες,

2064 1603 2159 1656 καὶ
2181 1601 2242 1654 τδ
2265 1600 2582 1668 λεγόμενον,
2606 1597 2916 1662 τοξεύοντες
2941 1599 3020 1658 εἰς
3041 1597 3642 1667 ούρανὸν.ἀπογνόντες

2063 1693 2122 1744 τὸ
2162 1693 2367 1745 ἐκεῖνον
2397 1688 2772 1760 μεταπείθειν,
2823 1688 2917 1740 ἐπὶ
2969 1689 3219 1757 βασιλίδα
3263 1688 3507 1757 ἐχώρουν
3543 1689 3644 1757 τὴν

398 1768 609 1836 magnis
661 1768 1068 1824 calamitatibus
1118 1771 1416 1826 obruendis
1468 1771 1735 1826 facessere
1780 1773 1963 1842 jussit,

2077 1784 2332 1853 Εἰρήνην,
2347 1749 2582 1848 οἰομενοι
2600 1749 3055 1851 περιγενήσεσθαι
3077 1749 3412 1847 ἐκείνης’καί
3430 1749 3642 1831 πείσειν

399 1856 645 1912 nonnulli
691 1860 908 1926 quidem
955 1862 1480 1932 reprehensionibus
1523 1863 1641 1917 istis
1669 1865 1964 1930 pudefacti,

397 1950 620 2005 omnino
661 1951 1007 2019 quieverunt,
1075 1953 1192 2020 alii,
1244 1953 1493 2008 homines
1544 1955 1597 2008 in
1641 1970 1793 2008 omni
1857 1955 1967 2009 vita

398 2040 694 2095 turbulenti
746 2057 810 2095 ac
853 2042 1122 2108 seditiosi,
1175 2060 1298 2099 cum
1354 2062 1578 2114 pausam
1637 2047 1968 2116 aliquantam

399 2130 681 2198 fet-issent,
735 2133 1050 2188 Matthaeum
1106 2136 1274 2190 tilium
1329 2128 1676 2204 induxerunt,
1711 2149 1769 2193 ut
1816 2139 1973 2208 Didy—

397 2225 717 2292 molichnm,
759 2226 1192 2296 Adrianopolim,
1248 2238 1304 2283 et
1359 2229 1414 2283 in
1450 2231 1682 2284 circuitu
1713 2231 1970 2300 oppidula

397 2326 712 2384 occuparet,
769 2316 1012 2384 ipsisque
1074 2319 1461 2387 adjuvantibus
1509 2322 1789 2391 proprium
1824 2325 1970 2392 prin-

396 2409 635 2477 cipatum
663 2409 934 2464 fundaret.
971 2409 1236 2465 Factiosis
1267 2412 1333 2466 ad
1372 2413 1521 2467 illum
1557 2415 1844 2469 deficiendi
1889 2417 1970 2469 in-

394 2502 756 2553 vitamentum
794 2511 850 2554 et
898 2503 1112 2556 occasio
1141 2513 1280 2566 erat,
1313 2505 1460 2572 quod
1493 2517 1645 2574 pater
1679 2509 1972 2576 imperator

395 2599 520 2662 post
575 2591 722 2644 mille
784 2591 998 2646 labores
1058 2603 1220 2663 atque
1276 2597 1540 2663 pericula,
1608 2607 1664 2651 et
1727 2613 1972 2653 amorem

395 2682 729 2752 principunm
755 2698 878 2754 erga
909 2700 1004 2738 eos
1037 2686 1505 2754 demonstratum,
1549 2689 1798 2744 hostibus
1829 2692 1975 2747 devi-

399 2775 523 2836 ctis,
575 2773 842 2829 Joannem
902 2792 1187 2845 generum,
1233 2793 1335 2831 nec
1374 2779 1524 2833 illum
1561 2781 1846 2845 duntaxat,
1880 2784 1975 2838 sed

400 2865 696 2919 faiiiiliares
730 2866 850 2934 ejus
887 2881 1080 2920 onmes
1117 2868 1495 2921 benevolentia
1545 2871 1853 2938 praeferret,
1878 2885 1978 2924 nec

399 2959 632 3012 sineret'
666 2959 826 3021 bona,
849 2958 1049 3024 quibus
1098 2961 1372 3012 essentali
1413 2959 1520 3013 illis
1571 2960 1802 3025 multati,
1841 2963 1975 3016 reci-

2069 1875 2251 1936 αύτοῖς
2281 1874 2568 1942 προσέχειν
2593 1910 2607 1936 ,
2633 1871 2708 1934 ώς
2735 1872 2986 1940 λυσιτελῆ
3024 1871 3459 1941 βοσκευομένοις.
3477 1871 3564 1932 Ὦς
3583 1871 3642 1922 δὲ

2071 1965 2164 2017 καὶ
2192 1963 2330 2034 αὑτὴ
2353 1966 2470 2025 ταῖς
2509 1963 2656 2025 ἴσαις
2714 1963 2746 2033 ἢ
2785 1963 2879 2014 καὶ
2913 1962 3349 2031 αὐστηροτέραις
3384 1961 3643 2031 ἠμείϐετο

2071 2055 2410 2121 ἀπολογίαις,
2453 2055 2547 2106 καὶ
2597 2053 2865 2107 παύεσθαι
2899 2054 3119 2107 ἐκέλευε
3175 2054 3443 2123 μεγάλαις
3486 2050 3644 2116 αὖθις

2075 2148 2379 2215 συμφοραῖς
2409 2147 2534 2207 τοὺς
2575 2144 2883 2214 Ῥωμαίους
2929 2147 3342 2216 ἐπιχειροῦντας
3376 2145 3638 2215 περιϐάλ-

2074 2237 2206 2299 λειν,
2243 2237 2427 2307 ὥσπερ
2451 2238 2575 2298 τοὺς
2601 2237 2856 2307 ἐλέγχους
2887 2235 3282 2307 αἰσχυνθέντες,
3313 2238 3362 2288 οἱ
3399 2237 3495 2303 μὲν
3546 2238 3643 2290 καὶ

2073 2329 2350 2393 παντελῶς
2396 2331 2706 2400 ἡσύχασαν,
2761 2330 2892 2382 ἔνιοι
2931 2330 2987 2382 δὲ
3036 2330 3236 2391 αὐτῶν,
3279 2333 3423 2392 ὅσοις
3463 2334 3490 2382 ὸ
3525 2331 3640 2402 βίος

2071 2420 2314 2490 ταραχῆς
2340 2419 2623 2481 ἀνάπλεως
2660 2418 2756 2471 καὶ
2797 2417 3111 2486 θορυϐώδης
3153 2412 3242 2486 ἦν,
3273 2418 3643 2486 ἡσυχάσαντες

2073 2513 2167 2563 ἐπὶ
2197 2511 2412 2580 μικρὸν,
2461 2507 2651 2560 ἔπειτα
2685 2506 2960 2560 Ματοαῖον
2991 2507 3216 2560 ἔπεισαν
3262 2507 3353 2559 τὸν
3382 2505 3645 2575 βασιλέως

2075 2602 2212 2666 υἱὸν,
2241 2601 2646 2668 Διδυμότειχον,
2680 2600 2774 2651 καὶ
2803 2599 2902 2667 τὴν
2949 2598 3251 2669 Ἀδριανοῦ,
3281 2599 3494 2661 καὶτὰς
3515 2599 3646 2668 περὶ

2076 2690 2216 2743 αὐτὰ
2244 2689 2502 2758 πολίχνας
2531 2689 2848 2756 κατασχεῖν,
2894 2687 3031 2740 ἰδίαν
3081 2688 3488 2756 συστησάμενον
3518 2687 3646 2754 ἡγε-

2081 2781 2268 2852 μονίαν
2295 2781 2412 2850 μετ’
2436 2779 2632 2832 αὐτῶν.
2663 2779 2944 2849 Πρόφασις
2967 2777 3023 2829 δὲ
3057 2773 3125 2848 ἦν
3150 2777 3243 2828 καὶ
3267 2776 3403 2846 πρὸς
3441 2777 3647 2829 ἐκεῖνον

2077 2875 2173 2942 τῆς
2226 2870 2562 2930 ἀποστασίας
2618 2871 2730 2932 τοῖς
2785 2871 3156 2930 στασιασταῖς,
3201 2868 3285 2919 ὃτι
3328 2865 3581 2936 βασιλεὺς
3619 2866 3648 2917 ὁ

2083 2965 2264 3034 πατὴρ
2303 2963 2441 3032 μετὰ
2473 2963 2599 3024 τοὺς
2625 2961 2851 3030 μυρίους
2886 2961 3079 3039 πόνους
3106 2960 3200 3011 καὶ
3224 2957 3520 3021 κινδύνους,
3552 2956 3649 3008 καὶ⁸

403 3065 531 3118 pere
560 3066 574 3104 :
602 3049 694 3103 sed
750 3050 986 3102 retinere
1025 3065 1090 3102 ea
1138 3058 1432 3118 pateretur,
1468 3051 1739 3120 despectis
1790 3053 1856 3105 iis
1883 3053 1972 3121 qui

2078 3060 2175 3127 τὴν
2227 3055 2423 3124 πολλὴν
2467 3051 2744 3115 ἀπόδειξιν
2791 3051 2892 3121 τῆς
2935 3053 3016 3113 είς
3063 3051 3226 3102 αὑτὸν
3278 3050 3490 3110 εὐνοίας
3525 3049 3648 3099 ἐπεὶ

402 3140 720 3202 amiserant,
757 3150 810 3193 ut
837 3139 1087 3194 dolerent
1127 3141 1381 3208 amplius,
1415 3149 1467 3194 et
1507 3143 1666 3195 enixe
1699 3142 1974 3196 laboraret

402 3241 463 3287 ut
491 3233 809 3303 imperatori
841 3231 1040 3301 iuniori
1081 3233 1370 3301 imperium
1402 3243 1772 3298 conservaret,
1799 3235 1889 3304 qui
1921 3243 1976 3289 et

327 3354 336 3362 -
402 3339 573 3393 nunc,
605 3323 803 3389 Spretis
830 3323 1176 3393 iuramentis,
1201 3338 1323 3376 cum
1353 3333 1496 3377 coetu
1527 3339 1624 3377 suo
1645 3323 1822 3393 fugam
1858 3339 1974 3378 me-

402 3417 692 3471 ditaretur.
729 3415 860 3481 Quae
896 3415 939 3469 si
981 3415 1121 3469 irent
1152 3429 1214 3469 ex
1257 3417 1548 3481 sententia,
1588 3416 1720 3469 nihil
1748 3417 1977 3470 obstitn-

406 3525 548 3572 rum,
582 3507 712 3576 quin
767 3508 960 3561 iterum
997 3505 1197 3560 bellum
1247 3505 1503 3568 habeant,
1548 3507 1883 3576 perindeque
1918 3517 1977 3562 ut

401 3611 563 3656 antea
615 3614 738 3652 cum
778 3598 897 3668 ipso
939 3614 1131 3652 omnes
1179 3599 1246 3653 de
1288 3600 1465 3653 salute
1512 3601 1865 3654 contendant.
1903 3601 1976 3654 De

403 3691 491 3746 his
519 3700 576 3744 ut
606 3690 838 3744 sollicite
869 3690 1151 3760 c0gitaret,
1177 3703 1278 3742 nec
1314 3677 1367 3742 in
1395 3691 1511 3745 otio
1535 3691 1701 3745 stulto
1735 3691 1976 3744 inconsi-

403 3785 590 3838 derate
641 3782 870 3853 periculi
923 3790 1137 3852 tempus
1193 3791 1570 3852 exspectaret,
1629 3785 1976 3836 monebant:

404 3875 568 3944 729
613 3875 708 3928 sed
754 3874 968 3927 sibimet
1007 3871 1218 3942 illisque
1273 3872 1630 3943 prospiceret,
1703 3883 1762 3927 ut
1799 3874 1840 3927 si
1882 3875 1981 3926 im-

402 3976 624 4036 perator
647 3965 875 4019 maritus
903 3964 1132 4027 sororis,
1171 3963 1258 4018 vel
1303 3972 1518 4018 mortuo
1553 3973 1722 4032 patre,
1762 3965 1842 4018 vel
1874 3965 1981 4018 alio

405 4056 638 4126 quodam
686 4055 849 4110 modo
897 4055 1067 4109 totius
1099 4054 1308 4122 imperii
1342 4064 1535 4123 potens
1568 4056 1842 4120 evaderet,
1870 4058 1982 4125 ipse

409 4162 531 4201 cum
566 4145 756 4201 amicis
796 4155 949 4199 extra
986 4143 1286 4197 discrimen
1335 4152 1501 4198 esset.
1530 4144 1606 4196 Ne
1639 4145 1782 4196 enim
1813 4144 1980 4198 Joan-

409 4254 536 4294 nem
567 4237 949 4304 imperatorem
1002 4243 1056 4288 et
1098 4233 1312 4287 allinem
1345 4249 1578 4300 unquam
1603 4233 1705 4288 sibi
1745 4235 1980 4289 amicum

410 4336 524 4384 tore
553 4329 794 4390 duceret,
821 4326 916 4381 sed
944 4326 1171 4380 ultorem
1198 4340 1522 4395 quacunque
1552 4327 1776 4387 ratione,
1798 4329 1986 4382 enixu-

2079 3147 2453 3216 περιεγένοντο
2475 3143 2584 3196 τῶν
2611 3141 2906 3210 πολεμίων,
2943 3143 3010 3211 τῇ
3049 3141 3176 3209 περί
3202 3139 3425 3208 βασιλέα
3463 3139 3647 3190 Ἰωάν-

2076 3255 2175 3306 νην
2207 3237 2300 3290 τὸν
2335 3233 2584 3304 γαμϐρὸν
2607 3233 2812 3304 εὐνοίᾳ,
2847 3233 2906 3284 οὑ
2952 3232 3112 3302 μόνον
3139 3232 3365 3294 ἐκεῖνον,
3399 3228 3535 3282 ἀλλὰ
3557 3231 3650 3280 καὶ

2075 3330 2202 3392 τοὺς
2229 3329 2357 3398 περὶ
2385 3327 2546 3380 αὐτὸν
2571 3325 2818 3387 ἅπαντας
2845 3324 3197 3395 προτιμήσοι,
3229 3325 3320 3376 καὶ
3344 3321 3410 3374 τά
3438 3339 3497 3374 τε
3519 3322 3648 3373 ὄντα

2077 3420 2258 3482 αὐτοῖς
2288 3417 2617 3472 ὑπ’ὲκείνων
2637 3417 2901 3488 πρότερον
2932 3416 3262 3485 ἡρπασμένα
3307 3416 3405 3467 οὐκ
3436 3417 3650 3468 ἐάσειεν
3671 3469 3686 3482 ,

2077 3509 2520 3578 ἀπολαμϐάνειν·
2581 3507 2698 3562 ἀλλ’
2752 3506 2977 3576 ἔχοντας
3026 3506 3311 3575 περιορᾷν,
3349 3505 3413 3557 ἵν’
3441 3505 3651 3572 ἀλγῶσι

2079 3599 2298 3668 μᾶλλον,
2332 3599 2426 3651 καὶ
2469 3599 2648 3650 πᾶσαν
2675 3597 2931 3667 πρόνοιαν
2965 3597 3180 3653 ποιοῖτο
3203 3597 3300 3664 τὴν
3333 3597 3649 3648 δυναστείαν

2077 3691 2156 3756 τῷ
2182 3691 2288 3758 νέῳ
2332 3689 2546 3758 βασιλεῖ
2590 3687 2897 3756 περιποιεῖν
2926 3703 2938 3716 ο
2989 3685 3042 3748 ὃς
3098 3688 3192 3738 καὶ
3237 3685 3330 3737 νῦν
3375 3686 3510 3752 μετά
3541 3686 3651 3736 τῶν

2082 3779 2502 3852 προσκειμένων
2570 3778 2842 3846 ἀθετήσας
2895 3779 3021 3840 τοὺς
3069 3777 3285 3847 ὅρκους,
3342 3777 3648 3846 βουλεύσειε

2080 3871 2342 3940 δρασμόν.
2383 3871 2451 3922 Ἀ
2487 3870 2536 3920 εἰ
2585 3867 2898 3936 προύχώρει
2934 3867 3076 3920 κατά
3115 3867 3361 3936 γνώμην,
3401 3868 3553 3921 οὐδὲν
3584 3869 3649 3921 ἂν

2081 3961 2320 4016 ἐκώλυεν
2369 3959 2526 4022 αὖθις
2553 3953 2693 4011 εἰναι
2733 3961 2790 4012 ὲν
2838 3959 3117 4028 πολέμοις,
3161 3959 3255 4011 καὶ
3281 3958 3648 4020 κινδυνεύειν.
3734 4005 3754 4015 -

2083 4053 2178 4108 καὶ
2209 4051 2455 4122 περὶτῆς
2486 4051 2758 4119 σωτηρίας
2791 4049 2950 4103 αὐτόν
2989 4066 3046 4102 τε
3078 4050 3171 4102 καὶ
3200 4049 3407 4110 πάντας
3453 4049 3653 4110 αὐτοὺς

2083 4144 2302 4214 ὁμοίως.
2333 4143 2399 4194 "A
2437 4141 2685 4194 ἐκέλευον
2720 4141 2883 4193 αὐτὸν
2909 4142 2964 4193 ἐν
2997 4139 3238 4210 φροντίδι
3262 4139 3529 4204 τίθεσθαι,
3557 4141 3654 4191 καὶ

2090 4235 2163 4306 μὴ
2201 4235 2371 4298 οὓτως
2400 4235 2824 4304 ἀπερισκέπτως
2875 4233 2983 4285 τῶν
3022 4233 3286 4286 κινδύνων
3329 4232 3654 4302 περιμένειν

2087 4331 2176 4382 τὸν
2208 4329 2420 4398 καιρὸν,
2455 4329 2762 4397 πράττοντα
2808 4326 2975 4395 μηδὲν
3033 4325 3124 4377 ὑπ’
3176 4323 3462 4386 ἀϐουλίας·
3517 4323 3654 4376 ἀλλά

411 4434 660 4488 rumque,
691 4425 751 4470 ut
779 4432 902 4470 eum
953 4417 1058 4469 vita
1101 4416 1310 4480 multet,
1339 4415 1468 4469 dum
1511 4432 1693 4470 secum
1718 4417 1785 4471 de
1811 4417 1954 4486 impe

2089 4422 2344 4491 πρόνοιάν
2371 4437 2491 4472 τινα
2513 4419 2682 4472 αὐτοῦ
2714 4418 2983 4471 ποιεῖσθαι
3016 4418 3111 4471 καὶ
3140 4417 3342 4477 αὐτῶν,
3373 4416 3441 4467 ἵν’
3466 4417 3516 4468 εί
3553 4415 3654 4484 βα-

415 4512 520 4574 rio,
555 4516 700 4562 ut-et
739 4508 917 4577 ipsum
974 4507 1318 4575 imperatoris
1367 4507 1531 4560 filium
1567 4523 1662 4575 pro
1679 4509 1857 4563 debita
1877 4511 1979 4564 sibi

416 4601 737 4657 haereditate
761 4607 1298 4653 controversaturum
1329 4599 1680 4671 _opinabitur:
1719 4613 1981 4671 erantque

411 4704 686 4754 auctores,
723 4701 784 4745 ut
815 4692 1013 4760 oppida
1045 4706 1208 4760 supra
1238 4691 1517 4745 nominata
1547 4694 1647 4746 sub
1678 4707 1736 4746 se
1771 4695 1984 4764 redige-

413 4794 516 4844 ret,
559 4798 622 4836 ac
664 4783 730 4835 de
764 4781 971 4848 reliquo
1000 4794 1229 4846 corpore
1275 4779 1486 4848 imperii
1539 4782 1798 4834 avelleret
1827 4798 1840 4834 :
1873 4797 1978 4834 non

411 4877 634 4946 quidem
683 4873 901 4942 penitus
927 4910 942 4933 ,
983 4885 1170 4924 verum
1211 4869 1285 4923 ita
1343 4879 1404 4922 ut
1445 4880 1566 4939 post
1620 4871 1979 4926 defectionem

412 4983 607 5024 rursus
638 4976 846 5035 patrem
890 4965 1276 5031 irnperatOrem
1327 4971 1563 5031 rogaret,
1600 4962 1789 5016 liceret
1831 4964 1982 5031 iura-

417 5069 601 5114 mento
649 5061 895 5120 firmare,
953 5053 1284 5106 militaturos
1339 5050 1487 5120 ipsi,
1539 5066 1662 5105 cum
1708 5052 1983 5106 collocatis

415 5152 490 5206 ibi
528 5149 812 5219 praesidiis,
843 5163 949 5217 quo
993 5161 1086 5200 eos
1115 5152 1337 5199 vocaret
1367 5160 1381 5197 :
1413 5159 1575 5198 omne
1599 5144 1690 5214 ius
1716 5145 1981 5213 reliquum

416 5257 603 5299 earnm
656 5241 895 5303 urbium,
947 5249 1100 5308 patre
1147 5239 1270 5292 vivo
1313 5253 1376 5292 ac
1429 5246 1664 5306 mortuo,
1702 5252 1867 5307 penes
1925 5251 1983 5291 se

416 5335 726 5390 resideret:
758 5331 836 5385 sic
863 5345 1096 5398 namque
1143 5340 1196 5384 et
1223 5345 1304 5393 se,
1329 5340 1384 5383 et
1416 5330 1622 5384 amicos
1676 5345 1867 5384 secure
1901 5330 1983 5382 vi-

416 5439 627 5489 cturos,
652 5433 706 5478 et
746 5422 1126 5492 imperatorem
1159 5419 1361 5475 sororis
1397 5421 1593 5483 virum,
1616 5420 1777 5474 etiam
1806 5414 1988 5474 volen4

420 5529 552 5580 tem,
586 5515 723 5568 nihil
773 5513 1094 5568 danmosum
1134 5512 1335 5565 inferre
1370 5527 1548 5582 posse.
1585 5511 1696 5565 llac
1736 5513 1986 5566 cohorta-

420 5612 568 5664 tione
614 5605 819 5660 sensim
859 5604 1114 5674 iuvenem
1151 5604 1219 5658 ad
1254 5605 1611 5658 defectionem
1638 5603 1987 5672 impellebant

423 5699 672 5770 tnalaqtte
704 5697 910 5752 semina
943 5694 1146 5764 pejoris
1181 5692 1376 5748 deinde
1400 5688 1658 5764 germinis
1691 5693 1982 5761 iaciebant.

2084 4511 2260 4574 σιλεὺς
2285 4511 2313 4561 ὁ
2350 4511 2596 4580 γαμϐρὸς
2640 4512 2850 4575 γένοιτο
2867 4510 2961 4578 τῆς
2993 4508 3166 4577 ἀρχῆς
3200 4509 3419 4585 ἀπάσης
3453 4510 3626 4576 ὲγκρα

2083 4605 2202 4672 τὴς.
2234 4601 2267 4670 ἢ
2296 4600 2391 4653 τοῦ
2426 4603 2630 4667 πατρδις
2675 4600 2941 4669 βασιλέως
2973 4600 3419 4666 τελευτήσαντος,
3457 4599 3488 4668 ἢ
3525 4599 3653 4663 τρό-

2083 4714 2168 4765 πῳ
2197 4697 2258 4764 δή
2299 4713 2404 4749 τινι
2440 4697 2632 4763 ὲτέρτρ,
2676 4685 2780 4758 ἔξω
2829 4693 3088 4746 κινδύνων
3137 4693 3298 4756 αὐτὸς
3353 4692 3489 4762 μετὰ
3543 4692 3652 4744 τῶν

2085 4787 2254 4853 φίλων
2285 4786 2392 4854 εἴη.
2429 4784 2579 4852 Μηδὲ
2610 4785 2717 4852 γὰρ
2757 4783 2964 4837 οἴεσθαί
3013 4799 3144 4835 ποτε
3179 4784 3459 4849 εὐνοήσειν
3502 4783 3652 4850 αὐτῷ

2087 4878 2308 4946 βασιλέα
2333 4877 2421 4928 τὸν
2449 4876 2842 4945 γαμϐρὸν,άλλ’
2870 4876 3196 4944 ἀμυνεῖσθαι
3217 4876 3394 4927 πάντα
3426 4876 3651 4943 τρόπον,

2085 4969 2178 5019 καὶ
2203 4965 2521 5018 σπουδάσειν
2550 4946 2722 5017 ποιέῖν
2745 4966 2808 5016 ἐκ
2841 4964 3030 5033 μέσου,
3071 4966 3318 5032 οἰόμενον
3369 4964 3652 5032 ἀμφισϐηο

2085 5059 2270 5127 τήσειν
2302 5057 2450 5127 αὐτῷ
2483 5058 2612 5129 περὶ⁵
2661 5057 2760 5126 τῆς
2801 5057 3096 5126 βασιλείας,
3138 5050 3225 5107 οἷα
3257 5056 3322 5124 δὴ
3377 5057 3468 5107 καὶ
3493 5057 3656 5106 αὑτὸν

2087 5147 2348 5217 βασιλέως
2380 5149 2507 5200 ὄντα
2533 5149 2716 5212 παῖδα,
2754 5148 2851 5200 καὶ
2873 5146 3082 5199 δίκαιον
3109 5146 3236 5199 ὅντα
3264 5148 3362 5216 τὴν
3393 5145 3654 5215 πατρῴαν

2086 5235 2267 5305 ἀρχὴν
2299 5235 2687 5306 κληρονομεῖν·
2724 5234 3110 5287 συνεϐούλευόν
3134 5252 3193 5286 τε
3229 5237 3326 5296 τὰς
3357 5237 3656 5303 εἰρημένας

2086 5324 2265 5386 πόλεις
2295 5325 2691 5388 ὑποποιεῖσθαι,
2719 5327 2813 5377 καὶ
2861 5326 2955 5392 τῆς
2987 5325 3154 5392 ἄλλης
3181 5325 3478 5393 ἡγεμονίας
3523 5317 3656 5376 Ῥω-

2091 5417 2266 5485 μαίων
2306 5418 2635 5484 ἀποτέμνειν
2663 5418 2721 5468 οὐ
2773 5418 3144 5482 παντάπασιν,
3199 5418 3335 5470 ἀλλά
3382 5417 3520 5485 μετά
3555 5416 3656 5484 τὴν

2087 5506 2443 5570 ἀποστασίαν,
2485 5503 2772 5575 δεήσεσοαι
2805 5501 2958 5568 αὖθις
2992 5506 3254 5575 βασιλέως
3293 5506 3386 5558 τοῦ
3423 5505 3654 5576 πάτρος,

2089 5599 2228 5677 ὥστε
2264 5599 2460 5669 ὅρκους
2495 5597 2871 5667 παρασχέσθαι
2895 5597 3355 5668 συστρατεύεσθαι
3389 5597 3488 5665 μὲν
3519 5596 3657 5647 ὲκεί-

2089 5711 2163 5757 νῳ
2199 5693 2336 5763 μετὰ
2363 5691 2459 5761 τῆς
2491 5688 2954 5759 ἐγκαθιδρυμένης
2991 5691 3247 5760 στρατιᾶς
3291 5687 3486 5751 αὐτοὺς
3531 5687 3652 5739 ϐπιοι
