3996 6218
367 311 439 372 63
1257 317 1259 320 ’
1570 310 1890 372 JOANNIS
1928 310 2451 376 CANTACUZENI
2570 307 2573 309 ’
3556 313 3628 377 (ii

363 428 806 484 antecessoribus
834 429 947 483 suis
978 425 1400 497 imperatoribus
1443 425 1806 481 libentissime
1839 440 1932 480 ce-
1961 474 1966 486 ,

2069 406 2439 500 ηγωνιζόμενον
2474 429 2920 501 προθύμως.Τῶν
2955 427 3056 498 μὲν
3084 427 3194 498 γὰρ
3225 426 3403 482 ἀλλων
3437 427 3632 482 πλεον-

363 520 516 581 dere,
543 519 822 573 alacritate
864 528 1045 571 autem
1074 517 1139 570 ad
1172 531 1262 571 res
1286 515 1566 581 honestas,
1589 525 1646 569 et
1669 515 1941 570 desiderio

364 610 610 676 videndi
647 609 913 662 Barbaros
987 607 1177 662 eadem
1229 607 1366 674 pati,
1423 622 1544 675 quae
1607 605 1944 660 Christianis

368 702 578 756 tamdiu
611 699 819 754 nefarie
850 698 1186 764 intulissent,
1216 698 1350 752 nulli
1376 698 1598 752 cedere.
1623 696 1840 768 Legatic
1869 697 1943 751 ita

369 807 427 846 se
455 791 708 854 habebat,
733 799 788 844 et
818 789 967 844 ibant
989 805 1054 844 ex
1079 790 1351 844 sententia
1373 791 1720 859 imperatoris
1737 790 1942 844 omnia.

369 884 501 937 Cum
533 883 677 935 enim
707 882 872 949 legati
907 884 1288 952 exposuissent
1309 897 1482 951 papae,
1511 897 1741 951 quorum
1770 882 1946 950 gratia

368 982 650 1036 venerant,
676 973 766 1026 ille
789 989 1035 1035 exorsus,
1058 973 1243 1027 omnia
1275 973 1416 1027 bello
1438 982 1586 1042 gesta
1609 983 1714 1026 tam
1735 985 1944 1038 exacte,

271 1057 276 1070 ’
370 1080 532 1134 quam
572 1065 617 1118 si
664 1080 848 1118 coram
880 1064 1170 1128 a-lfuisset,
1217 1067 1558 1120 recensebat.
1627 1064 1947 1120 Mirantibns

369 1155 580 1223 legatis,
614 1171 678 1210 ac
702 1157 1215 1226 percunctantibus,
1243 1157 1388 1210 unde
1417 1160 1531 1210 luec
1560 1157 1632 1210 illi
1659 1166 1766 1212 tam
1799 1166 1947 1211 certa

371 1247 588 1310 notitia,
644 1262 672 1300 a
728 1247 978 1323 zampzea
1031 1245 1390 1302 Sabaudiensi
1451 1248 1675 1309 {en-tina,
1718 1264 1838 1314 qua:
1895 1249 1950 1302 in

372 1337 632 1390 comitatu
659 1337 1025 1406 imperatricis
1065 1337 1192 1392 inde
1225 1339 1294 1392 ab
1325 1338 1552 1392 exordio
1597 1339 1723 1392 belli
1768 1353 1942 1408 usque

375 1430 442 1482 ad
484 1438 792 1482 extremum
839 1439 1052 1483 versata
1098 1439 1264 1494 esset,
1319 1445 1378 1484 se
1432 1432 1713 1500 accepisse
1755 1431 1890 1485 dixit
1932 1445 1949 1486 :

381 1537 505 1589 qtue
531 1531 692 1590 capto
729 1521 984 1591 Byzantio
1021 1523 1073 1574 in
1102 1520 1330 1590 patriam
1365 1522 1696 1590 remigraus,
1735 1521 1953 1590 penitus

379 1602 562 1666 omnia
595 1614 694 1666 sibi
739 1615 814 1667 uti
848 1613 1231 1682 contigissent,
1267 1613 1556 1683 diligenter
1589 1621 1904 1668 enarrasset
1935 1629 1949 1666 :

2045 523 2369 591 εκτημάτων
2419 523 2533 586 τοῖς
2593 521 2700 593 πρὸ
2725 522 2892 576 αὐτοῦ
2921 520 3335 592 βεϐασιλευκόσι
3363 521 3539 590 ῥᾷστα
3566 521 3635 573 ἂν

2045 615 2470 684 παραχωρήσειε
2496 655 2513 679 ,
2548 614 2860 684 προθυμίας
2885 609 2946 666 δὲ
2975 611 3079 682 τῆς
3110 611 3238 682 περὶ
3270 613 3337 667 τὰ
3365 611 3510 666 καλά
3537 611 3636 666 καὶ

2044 703 2136 755 τοῦ
2189 703 2475 773 βούλεσθαι
2519 703 2647 766 τοὺς
2695 692 3016 772 Βαρϐἇρους
3062 700 3270 753 ἐπιδεῖν
3318 701 3632 770 πάσχοντας

2046 794 2355 866 ἀντίῤῥοπα
2402 795 2516 858 τοῖς
2567 793 2889 864 τολμηθεῖσι
2947 792 3089 847 κατὰ
3141 791 3489 862 Χριστιανῶν
3539 790 3633 842 ἐπὶ

2045 884 2299 940 τοσοῦτον
2322 888 2533 956 χρόνον,
2565 886 2742 939 οὐδενί
2762 904 2776 918 ο
2801 886 2835 956 ἡ
2865 885 2966 955 μὲν
2991 884 3082 938 οὖν
3110 882 3381 954 πρεσϐεία
3402 881 3632 951 τοιαύτη

2045 972 2146 1049 ἧν,
2185 979 2278 1032 καὶ
2313 978 2493 1031 πάντα
2527 977 2764 1031 ἐτελεῖτο
2799 977 2943 1031 κατὰ
2976 974 3204 1046 γνώμην
3239 974 3472 1044 βασιλεῖ.
3509 975 3636 1026 Δια-

2046 1069 2361 1139 λεγομένων
2405 1070 2515 1140 γὰρ
2560 1071 2670 1123 τῶν
2719 1063 3010 1140 πρέσϐεῶν
3055 1067 3134 1140 τῷ
3181 1068 3342 1138 πάπᾳ
3390 1067 3521 1137 περ)⁸
3560 1060 3636 1120 ὧν

2047 1157 2216 1234 ἧκον,
2255 1164 2462 1225 ἐκεῖνος
2500 1162 2592 1216 τὸν
2631 1162 2789 1229 λόγον
2831 1161 3152 1222 ἀναλαϐὼν,
3189 1159 3364 1212 πάντα
3400 1159 3639 1227 διηγεῖτο

2051 1255 2315 1322 ἀκριϐῶς,
2343 1252 2534 1323 ὥσπερ
2565 1255 2632 1307 ἂν
2660 1254 2823 1317 αὐτὸς
2853 1253 3044 1324 παρὼν
3068 1252 3163 1304 τοῦ
3196 1251 3432 1318 πολέμου
3459 1251 3641 1302 τελου-

2055 1343 2238 1410 μένου.
2271 1341 2674 1410 Θαυμαζόντων
2702 1343 2759 1396 δὲ
2791 1343 2900 1396 τῶν
2929 1342 3215 1411 πρέσϐεων
3246 1341 3342 1394 καὶ
3372 1341 3643 1393 πυνθανο-

2056 1431 2235 1500 μένων
2269 1430 2392 1482 ὅθεν
2427 1431 2592 1500 εἰδείη
2626 1429 2800 1485 ταῦτα
2835 1430 3128 1500 ἀσφαλῶς,
3164 1429 3314 1499 παρά
3349 1431 3643 1497 Ζαμπαίας

2053 1520 2152 1588 τῆς
2182 1521 2246 1573 ἐκ
2273 1519 2522 1582 Σαϐωἲας
2550 1519 2793 1589 ἔφασκεν,
2818 1521 3116 1590 ἀκηκοέναι
3149 1520 3382 1590 βασιλίδι
3415 1538 3645 1588 συμπα-

2058 1609 2259 1678 ρούσης
2284 1612 2343 1662 ἐν
2371 1609 2652 1680 Βυζαντίῳ
2681 1609 2774 1662 ἀπ’
2799 1610 2976 1679 ἀρχῆς
3009 1611 3246 1679 μάλιστα
3273 1610 3366 1662 τοῦ
3398 1610 3642 1679 πολέμου

380 1703 743 1772 laudabalque
773 1714 826 1758 et
853 1705 906 1758 iu
940 1704 1136 1758 caelum
1173 1703 1393 1758 tollebat
1427 1705 1832 1772 imperator-em,
1861 1703 1953 1773 qui

2069 1700 2184 1772 Ξχρι
2221 1699 2432 1764 τέλους.
2462 1701 2535 1753 Ἦ
2583 1701 2721 1770 μετὰ
2749 1700 2822 1753 ττδ
2871 1700 3096 1770 βασιλέα
3141 1701 3436 1766 Βυζάντιον
3480 1702 3643 1764 ἑλεῖν,

381 1796 518 1849 adeo
575 1762 783 1864 injuste
842 1795 1007 1848 armis
1045 1803 1411 1865 oppugnatus.
1467 1762 1521 1848 ei
1561 1795 1854 1850 calumniis
1880 1762 1956 1850 ita

2069 1762 2371 1861 ἅπαίρουσα
2394 1762 2487 1854 si;
2521 1762 2617 1861 τὴν
2651 1791 2849 1857 οίκίαν,
2871 1762 3067 1844 ’πάντα
3102 1762 3341 1859 διηγεῖτο
3376 1762 3648 1861 ἀκριϐῶς,

383 1893 638 1944 vexatus.
685 1896 738 1938 et
793 1885 936 1938 bello
977 1894 1085 1938 tam
1127 1885 1295 1938 multa
1353 1885 1574 1955 indigna
1634 1899 1955 1955 perpessus,

388 1986 515 2045 post
566 1975 811 2030 devictos
866 1976 1053 2030 hostes
1097 1976 1232 2029 nihil
1266 1991 1456 2045 parum
1515 1976 1829 2046 ingenuum,
1866 1984 1960 2031 aut

383 2067 565 2140 pusilli
616 2069 782 2121 animi
835 2085 944 2136 prae
996 2083 1056 2122 se
1091 2069 1350 2124 tulisset:
1401 2082 1580 2136 neque
1631 2069 1810 2122 malus
1856 2069 1959 2123 sibi

385 2159 545 2212 malis
569 2174 632 2213 ac
660 2161 962 2228 praesertim
998 2171 1154 2214 antea
1186 2169 1264 2214 tot
1293 2177 1322 2213 a
1348 2175 1406 2214 se
1433 2160 1717 2214 beneﬁciis
1745 2160 1960 2215 allectis

386 2247 600 2322 fuisset,
619 2249 712 2302 sed
730 2264 851 2302 cum
879 2250 1118 2318 Augusta
1165 2261 1219 2303 et
1243 2249 1368 2302 ﬁliis
1391 2250 1507 2318 ejus
1530 2265 1654 2303 cum
1689 2259 1745 2303 ut
1768 2258 1960 2314 seruet,

387 2346 500 2391 tum
528 2347 588 2391 ut
621 2339 913 2393 studioillo
933 2339 1278 2410 imperatoris
1305 2342 1462 2395 amici
1494 2356 1621 2411 erga
1654 2356 1713 2396 se
1736 2343 1957 2414 dignum

385 2437 525 2494 erat,
557 2431 737 2499 egisse
761 2432 913 2484 visus
934 2446 1081 2484 esset
1113 2450 1125 2484 :
1156 2441 1210 2486 et
1238 2435 1290 2485 in
1318 2433 1452 2485 alios
1485 2448 1676 2486 omnes
1707 2434 1963 2488 similiter

387 2537 507 2576 sese
534 2523 718 2575 mitem
760 2537 823 2574 ac
858 2522 1147 2588 placidum,
1205 2539 1314 2575 non
1349 2524 1522 2576 solum
1546 2525 1962 2580 commissorum

391 2629 579 2684 pinnas
615 2629 643 2665 a
672 2613 896 2669 nemine
947 2613 1308 2682 reposcendo,
1356 2615 1449 2668 sed
1498 2625 1688 2669 contra
1721 2618 1965 2673 studiose

395 2703 795 2758 benel‘aciendu
852 2703 1219 2772 praestitisset.
1286 2704 1420 2758 Illud
1485 2722 1613 2761 vero
1675 2709 1729 2761 in
1792 2708 1967 2778 prima

395 2795 560 2849 laude
589 2795 844 2861 ducebat,
879 2794 1024 2864 quod
1058 2795 1374 2864 imperatori
1411 2796 1748 2854 adolescenti
1802 2799 1967 2854 ﬁliam

393 2887 729 2955 copulasset,
769 2896 1170 2956 paternumque
1205 2887 1495 2957 imperium
1531 2890 1591 2944 ei
1619 2893 1968 2947 restituisset.

395 2979 663 3033 Tractatis
685 2991 866 3034 autem
891 2979 1676 3050 legatishonorilicentjssime.
1701 2984 1753 3037 in
1780 2985 1970 3054 primis

2060 1883 2136 1952 τῷ
2164 1883 2321 1952 πάπᾳ
2347 1881 2710 1951 συντυχοῦσα,
2733 1882 2807 1946 ὡς
2833 1882 3068 1950 ἐγένετο,
3093 1882 3259 1952 μηδὲν
3277 1883 3649 1952 ἀποκρύψασα

2060 1975 2159 2042 τῆς
2182 1975 2462 2041 ἀληθείας.
2493 1973 2714 2044 Ἐπῄνει
2737 1991 2796 2026 τε
2819 1975 2844 2026 ὀ
2871 1975 3055 2036 πάπας
3083 1973 3328 2043 βασιλέα,
3355 1976 3449 2027 καὶ
3478 1975 3650 2044 ὑπερ-

2059 2065 2262 2134 ηύχετο
2291 2064 2478 2130 αὑτοῦ,
2508 2065 2589 2118 ὅτι
2619 2064 2949 2134 πολεμηθεὶς
2981 2065 3182 2128 ἀδίκως
3213 2065 3379 2130 οὕτω,
3411 2068 3503 2118 καὶ
3532 2066 3649 2118 δια-

2064 2156 2282 2226 ϐληθεὶς
2311 2155 2414 2209 ὑπὸ
2443 2157 2818 2224 συκοφαντῶν,
2845 2159 2939 2210 καὶ⁹
2964 2157 3204 2210 τοσαῦτα
3230 2158 3473 2226 ἐνεγκὼν
3495 2157 3650 2210 δεινὰ

2063 2248 2206 2302 κατὰ
2247 2248 2339 2301 τὸν
2383 2249 2642 2319 πόλεμον,
2685 2250 2872 2319 ἐπειδὴ
2913 2253 3023 2309 τοῖς
3065 2250 3254 2313 ὅπλοις
3298 2250 3651 2319 περιεγένετο

2061 2340 2172 2393 τῶν
2214 2340 2616 2411 ἀντισχόντων,
2662 2342 2816 2396 οὐδὲν
2872 2343 3210 2412 μικρόψυχον
3254 2343 3492 2407 Eri-103v,
3539 2342 3650 2394 οὐδ’

2063 2429 2282 2496 ἀγεννές
2309 2445 2322 2458 ⁸
2355 2429 2478 2482 οὐδὲ
2510 2431 2926 2502 ἐμνησικάκησε
2957 2435 3068 2494 τοῖς
3101 2436 3291 2496 κακοῖς
3324 2435 3453 2502 περὶ
3486 2434 3652 2486 αὐτὸν

2066 2521 2478 2590 γεγενημένοις,
2505 2523 2598 2574 καὶ
2625 2521 2800 2574 ταῦτα
2826 2523 2919 2577 ὑπ’
2947 2526 3159 2577 ἐκείνου
3188 2525 3453 2594 πρότερον
3483 2525 3656 2578 πολλὰ

2068 2611 2542 2679 εὐεργετηθεῖσιν,
2593 2613 2728 2666 ἀλλά
2779 2613 3010 2684 βασιλίδι
3054 2633 3112 2669 τε
3160 2619 3256 2669 καὶ
3302 2618 3414 2678 τοῖς
3459 2617 3655 2668 παισὶν

2071 2700 2225 2764 ἄξιος
2269 2699 2425 2772 ὤφθη
2471 2702 2705 2768 ἑαυτοῦ,
2751 2706 2847 2758 καλ⁸
2891 2705 2994 2773 τῆς
3039 2705 3305 2774 βασιλέως
3351 2705 3447 2758 τοῦ
3497 2706 3656 2773 φίλου

2071 2792 2198 2861 περὶ
2231 2792 2392 2845 αὐτὸν
2424 2792 2661 2863 σπουδῆς
2684 2835 2699 2860 ,
2736 2796 2830 2847 καὶ
2858 2797 2970 2858 τοῖς
3005 2795 3184 2858 ἄλλοις
3220 2795 3426 2849 ἅπασιν
3457 2797 3658 2866 ὁμοίως

2070 2882 2275 2953 ἥμερος
2310 2883 2404 2936 καὶ
2439 2889 2717 2955 προσηνής
2744 2924 2760 2949 ,
2793 2886 2853 2938 οὐ
2883 2884 3056 2955 ’μόνον
3093 2887 3202 2939 τῶν
3233 2887 3658 2956 τετολμημένων

2072 2972 2226 3034 δίκας
2265 2974 2470 3044 μηδένα
2503 2976 2835 3045 ἀπαιτήσας,
2871 2975 3005 3029 ἀλλὰ
3039 2971 3136 3028 καὶ
3170 2977 3469 3046 φιλοτίμως
3502 2977 3660 3043 εὐερ-

401 3072 646 3133 sedibus,
682 3073 733 3124 in
756 3072 1190 3137 deductiun1bus,
1223 3073 1271 3125 in
1316 3073 1732 3132 dei-essionibus
1765 3078 1833 3132 de
1863 3078 1966 3142 via,

2079 3065 2251 3132 γετῶν
2295 3066 2354 3131 ἐξ
2401 3068 2788 3137 ἀντιστρόφου.
2832 3069 3084 3122 Μάλιστα
3125 3069 3180 3122 δὲ
3224 3069 3413 3139 ἐπῄνει
3459 3070 3518 3120 τδ
3561 3068 3661 3140 τὴν

397 3171 451 3215 et
481 3162 598 3215 aliis
617 3163 808 3230 quibus
839 3160 1042 3226 decuit,
1072 3174 1166 3214 eos
1196 3161 1409 3215 tandem
1431 3161 1657 3229 dimisit,
1690 3179 1810 3218 cum
1839 3163 1976 3218 duu-

369 3237 499 3304 ibus
529 3252 818 3321 episcopis,
842 3267 1073 3320 quorum
1111 3268 1251 3306 unus
1288 3252 1398 3324 (88)
1430 3264 1542 3308 erat
1571 3255 1779 3310 ordinis
1811 3256 1978 3311 illinu-

397 3355 539 3403 rum,
567 3341 887 3414 Guilit-lmus
922 3343 1164 3410 nomine,
1192 3343 1324 3398 alter
1344 3349 1408 3400 ex
1449 3345 1868 3402 Prmdicalorum
1894 3349 1977 3402 l'a-

364 3431 565 3496 ‘-milia,
598 3430 751 3502 HIth
787 3433 852 3486 de
879 3433 1039 3502 Spert
1062 3434 1379 3501 vocabatur,
1405 3447 1634 3505 uterque
1667 3439 1850 3492 virtuti
1883 3440 1977 3494 de-

396 3522 720 3586 ditissimus,
758 3533 812 3578 et
846 3525 897 3577 in
926 3525 1166 3594 profanis
1207 3528 1400 3582 litteris
1430 3529 1672 3599 apprime
1708 3542 1972 3588 versatus.

393 3613 576 3678 Quare
599 3623 654 3668 et
677 3615 739 3689 in
791 3630 1083 3687 congressu
1115 3628 1270 3673 erant
1299 3619 1628 3675 festivis~imi
1671 3631 1726 3676 et
1767 3632 1980 3692 pt-terat

397 3706 627 3760 multum
653 3721 839 3760 eorum
863 3709 927 3762 ad
950 3711 1386 3777 persuadendum
1405 3729 1608 3766 sermo.
1627 3714 1778 3779 Quos
1806 3717 1977 3785 impe-

396 3808 548 3850 ntor
585 3800 946 3866 perbenevole
987 3811 1040 3855 ct
1092 3818 1285 3872 magno
1323 3820 1446 3858 cum
1498 3805 1704 3860 honore
1738 3809 1974 3876 excepit,

398 3889 751 3957 quotidieque
774 3905 894 3942 cum
920 3891 1024 3944 illis
1043 3894 1286 3962 jucunde
1303 3897 1600 3951 collocutus
1625 3907 1706 3950 est
1726 3915 1738 3963 ;
1763 3898 1976 3969 ipsique

402 3991 585 4044 0pch
638 3980 870 4045 pretium
906 3982 1202 4036 maximum
1240 3986 1513 4040 duxerunt
1546 3989 1750 4053 omnia,
1784 4005 1903 4059 qua:
1935 3993 1979 4047 is

403 4065 605 4120 indies
639 4069 880 4138 singulos
907 4075 1306 4143 proposuisset,
1337 4077 1499 4148 734
1551 4088 1606 4132 et
1654 4096 1822 4149 super
1853 4098 1979 4152 proo

403 4157 598 4225 positis
641 4158 1016 4226 disseruisset,
1058 4173 1170 4218 toto
1214 4166 1305 4220 illo
1352 4177 1617 4236 tempore,
1667 4163 1776 4238 quo
1828 4173 1973 4242 apud

375 4262 528 4324 leum
563 4251 919 4318 mansissent,
958 4254 1154 4310 litteris
1182 4258 1522 4329 consignare,
1551 4277 1622 4316 ne
1649 4279 1678 4317 e
1714 4268 1976 4322 memoria

399 4339 770 4395 elaberentur.
827 4342 958 4408 Quae
1022 4345 1076 4398 iu
1135 4347 1345 4402 Italiam
1406 4367 1591 4406 secum
1650 4365 1970 4425 portantes,

404 4429 588 4498 ibique
635 4440 688 4485 et
734 4448 903 4502 papae,
961 4443 1017 4489 et
1068 4436 1199 4491 viris
1244 4440 1580 4509 sapientibus
1627 4447 1973 4514 exhibentes,

405 4529 640 4588 quantus
669 4522 750 4575 vir
779 4531 943 4590 esset,
976 4529 1360 4597 ostendebant,
1398 4544 1454 4588 et
1492 4551 1588 4590 ore
1629 4537 1732 4606 ipsi
1774 4541 1980 4594 nihilo-

409 4611 591 4666 minus
622 4617 742 4682 ejus
770 4616 959 4673 laudes
992 4621 1382 4687 prardicabant.
1413 4625 1614 4682 Verum
1645 4630 1759 4685 haec
1797 4643 1980 4702 poste-

405 4703 518 4756 rius
547 4705 687 4759 facta
717 4715 864 4761 sunt.
905 4709 1043 4763 Tum
1077 4727 1206 4767 vero
1231 4717 1334 4769 sub
1365 4718 1662 4774 adventum
1693 4739 1854 4783 suum
1893 4725 1976 4778 le-

405 4793 676 4869 gationem
698 4797 988 4872 euilicant,
1015 4803 1173 4882 cuius
1197 4805 1310 4861 iure
1334 4820 1453 4864 erat
1475 4826 1707 4865 summa.
1737 4813 1980 4870 Primum

409 4909 531 4947 tum
581 4896 738 4948 bonis
792 4893 1046 4949 omnibus
1104 4898 1305 4964 gratias
1361 4909 1549 4969 agunt,
1614 4903 1759 4971 quod
1791 4905 1983 4973 junior

408 4985 708 5056 imperator
755 4989 987 5058 ejusque
1021 4999 1192 5043 mater
1217 4990 1292 5044 illi
1328 5007 1472 5046 ουτω
1503 4993 1612 5047 sint
1645 5012 1658 5047 :
1691 5010 1836 5058 cum,
1861 5013 1981 5067 quae

408 5092 570 5132 nemo
602 5096 836 5148 unquam
877 5091 1270 5151 exspectasset,
1306 5093 1428 5152 pust
1461 5093 1567 5138 tam
1616 5102 1819 5150 saevum
1858 5090 1973 5143 bel-

409 5164 545 5231 lum,
574 5177 626 5220 et
658 5169 973 5225 inimicitias
1017 5172 1416 5240 implacabiles.
1464 5181 1519 5226 et
1561 5173 1979 5230 criminatorum

410 5258 464 5311 in
495 5258 642 5311 illum
682 5261 884 5326 scelus,
926 5277 1036 5315 non
1071 5263 1139 5316 ad
1185 5265 1462 5331 praeterita
1514 5267 1840 5334 respexerit,
1879 5268 1976 5322 sed

409 5351 544 5404 satis
601 5365 721 5403 esse
769 5352 1117 5416 existimarit,
1163 5355 1206 5407 si
1245 5363 1455 5408 tantum
1513 5356 1640 5410 belli
1694 5373 1983 5413 causarum

415 5457 584 5512 purus
613 5443 907 5506 videretur,
945 5453 1000 5498 et
1021 5446 1175 5515 quasi
1208 5445 1345 5500 nihil
1391 5449 1520 5501 novi
1562 5448 1979 5517 intervenisset,

1657 5563 1873 5626 Jacobi
1908 5567 2172 5630 Pontani
2201 5578 2390 5630 noue.

485 5659 598 5737 (88)
623 5658 1184 5737 _Gregoras_quoque_
1201 5661 1280 5737 de.
1311 5662 1399 5718 his
1429 5662 1657 5737 duobus
1681 5664 1980 5737 episcopis,

413 5735 509 5801 qui
555 5731 655 5786 sub
692 5730 1009 5787 Andronico
1036 5730 1186 5788 missi
1238 5732 1371 5800 sint,
1401 5733 1686 5790 confundit
1719 5730 1993 5808 tempora,

2083 3158 2362 3229 θυγατέρα
2398 3160 2740 3229 συναρμόσαι
2775 3159 2985 3229 βασιλεῖ
3016 3159 3092 3229 τῷ
3127 3161 3255 3229 νέῳ,
3293 3165 3386 3216 καὶ
3419 3162 3517 3230 τὴν
3552 3180 3663 3215 πα-

2079 3247 2258 3320 τρῴαν
2280 3249 2568 3304 ἀποδοῦναι
2595 3251 2897 3322 βασιλείαν.
2921 3251 3318 3320 Φιλοτιμότατά
3342 3270 3398 3305 τε
3421 3256 3446 3305 ὀ
3473 3254 3664 3315 πάπας

2081 3344 2208 3410 περὶ
2232 3345 2354 3404 τοὺς
2378 3341 2640 3411 βασιλέως
2671 3341 2930 3412 πρέσϐεις
2953 3342 3222 3404 διατεθεὶς
3244 3345 3299 3394 ἐν
3322 3343 3662 3414 προεδρίαις,

2079 3434 2172 3486 καὶ
2212 3437 2568 3503 προπομπαῖς
2593 3475 2608 3500 ,
2646 3435 2741 3486 καὶ
2783 3434 3163 3503 ὑπαντήσεσι,
3199 3436 3291 3487 καὶ
3329 3438 3440 3496 τοῖς
3482 3435 3664 3498 ἄλλοις

2079 3528 2190 3588 τοῖς
2231 3527 2633 3595 προσήκουσιν,
2673 3525 2864 3578 ἔπειτα
2904 3527 3232 3595 ἀπέπεμπε,
3271 3529 3363 3578 καὶ
3405 3527 3666 3595 πρέσϐεις

2079 3615 2172 3669 δύο
2189 3616 2294 3668 τῶν
2313 3616 2624 3668 ὲπ;σκόπων
2644 3616 3050 3686 συνεκπέμψας,
3076 3613 3147 3669 ὧν
3172 3616 3198 3666 ὁ
3221 3615 3406 3684 ἕτερος
3432 3614 3524 3667 τοῦ
3557 3632 3657 3685 με·

2079 3707 2311 3774 νουρίων
2349 3709 2627 3776 τάγματος
2661 3705 2750 3779 ἦν,
2773 3708 3062 3777 Γελίελμος
3099 3707 3662 3778 προσαγορευόμενος,

2069 3799 2271 3868 Ὀὖγγα
2301 3800 2356 3852 δέ
2390 3801 2564 3869 Σπὲρτ
2597 3802 2624 3853 ὁ
2657 3800 2844 3864 λοιπὸς
2879 3800 3128 3852 ἐκαλεῖτο
3160 3801 3224 3851 ἐκ
3256 3799 3364 3851 τῶν
3397 3798 3661 3866 κηρύκων

2084 3893 2645 3962 προσαγορευομένων
2692 3891 2808 3944 ὧν·
2857 3891 3062 3962 ἀρετῆς
3110 3907 3169 3942 τε
3223 3891 3459 3960 μάλιστα
3511 3893 3663 3943 ἀντι-

2083 3985 2426 4055 ποιούμενοι,
2456 3985 2546 4038 καὶ
2573 3988 2671 4056 τὴν
2702 3984 2935 4055 θύραθεν
2965 3985 3158 4053 σοφίαν
3186 3986 3264 4046 εἰς
3291 3985 3459 4053 ἄκρον
3489 3999 3664 4051 μεμε-

2079 4080 2393 4148 λετηκότες.
2437 4077 2515 4130 Δι’
2559 4077 2595 4132 ὃ.
2644 4078 2738 4130 καὶ
2775 4079 3010 4143 μάλιστα
3061 4077 3206 4146 ἡδεῖς
3252 4070 3408 4145 ἦσαν’
3439 4078 3496 4128 ἐν
3542 4076 3665 4137 ταῖς

2086 4171 2433 4233 συνουσίαις,
2463 4170 2552 4223 καὶ
2586 4169 2802 4223 πιθανοὶ
2833 4169 2966 4240 πρὸς
2999 4169 3282 4233 διαλέξεις.
3315 4165 3424 4230 Ui);
3451 4169 3479 4219 ό
3512 4167 3666 4236 βασι·

2082 4264 2208 4326 λεὺς
2251 4263 2391 4333 μετά
2434 4255 2636 4331 πολλῆς
2680 4263 2896 4326 ἐδέξατο
2928 4261 3027 4329 τῆς
3071 4259 3358 4330 εὐμενείας
3407 4262 3503 4310 καὶ
3564 4259 3667 4327 τῆς

2081 4357 2270 4426 τιμῆς,
2305 4355 2590 4425 καὶρὴδέως
2623 4355 2817 4424 ὡμίλει
2847 4355 3121 4423 ὁσημέραι
3153 4352 3244 4404 καὶ
3278 4351 3466 4421 συνῆι,
3506 4351 3666 4403 αὐτοί

2079 4465 2138 4500 τε
2180 4449 2457 4518 προῦργου
2501 4447 2699 4508 παντὸς
2744 4445 3023 4498 ἐποιοῦντο
3049 4445 3138 4496 τὸν
3168 4444 3380 4512 χρόνον,
3419 4442 3478 4494 ὃν
3517 4440 3666 4510 αὐτῷ

2077 4540 2313 4606 συνῆσαν
2339 4539 2437 4589 ὅσα
2467 4537 2553 4588 ἐπ’
2576 4537 2784 4588 ἐκείνου
2812 4535 3144 4604 προϐληθείη
3183 4535 3509 4604 καθημέραν
3528 4573 3542 4597 ,
3573 4534 3665 4585 καὶ

2076 4624 2166 4682 οἷα
2191 4631 2330 4699 ,περὶ
2361 4629 2467 4681 τῶν
2499 4628 2904 4699 προϐλημάτων
2934 4626 3240 4696 διαλεχθείη
3277 4628 3543 4695 γράφειν,
3579 4625 3666 4693 ἵνα

2081 4722 2155 4789 μὴ
2186 4720 2324 4791 λάθῃ
2352 4720 2448 4787 τῆς
2485 4720 2707 4788 μνήμης
2738 4717 3031 4791 ἐκρυέντα.
3061 4718 3129 4767 "A
3158 4718 3238 4778 είς
3274 4715 3503 4766 Ἰταλίαν
3533 4717 3668 4781 ἀγα-

2079 4813 2290 4882 γόντες,
2319 4813 2414 4865 καὶ
2440 4813 2598 4878 πάπᾳ
2624 4826 2684 4861 τε
2714 4815 2809 4861 καὶ
2833 4809 2946 4868 τοῖς
2973 4809 3152 4860 ἐκεῖσε
3179 4806 3450 4868 διαδόντες
3481 4807 3667 4872 σοφοῖς

2085 4906 2258 4974 μέγαν
2284 4905 2346 4956 ἐκ
2369 4903 2572 4955 τούτων
2599 4900 2954 4953 ἀπεδείκνυον
2979 4899 3224 4968 βασιλέα,
3251 4898 3346 4949 καὶ
3370 4897 3478 4949 ἀπὸ
3503 4896 3668 4963 γλώτ-

2079 5013 2179 5064 της
2222 4995 2322 5047 οὑκ
2371 4993 2525 5062 ὀλίγα
2572 4993 2928 5064 ἐξηγούμενοι
2973 4989 3146 5043 αὐτοί.
3196 4988 3381 5041 Ταῦτα
3431 4988 3529 5055 μὲν
3573 4987 3666 5040 οὖν

2087 5086 2336 5157 ὕστερον.
2371 5086 2502 5138 Τότε
2538 5086 2592 5138 δὲ
2632 5087 2771 5155 μετά
2805 5083 2903 5154 τὴν
2937 5082 3120 5148 ἄφιξιν
3159 5080 3353 5151 μικρὸν
3391 5078 3670 5148 ἀπήγγελ-

2083 5179 2174 5234 λον
2200 5179 2500 5249 βασιλεῖτά
2535 5179 2788 5249 περὶτῆς
2823 5174 3143 5243 πρεσϐείας.
3173 5173 3252 5225 Τὰ
3286 5172 3342 5224 δέ
3374 5167 3441 5240 ἦν
3473 5173 3667 5238 πρῶτα
3703 5189 3707 5193 ·

2087 5273 2184 5342 μὲν
2211 5269 2554 5345 εὐχαριστίαι
2588 5270 2682 5322 καὶ
2711 5267 2870 5336 εὐχαὶ
2898 5267 2994 5336 τῆς
3024 5265 3150 5334 περὶ
3183 5263 3405 5333 βασιλέα
3433 5261 3520 5312 τὸν
3548 5261 3669 5312 νέον

2083 5364 2433 5434 κηδεμονίας,
2470 5362 2565 5414 καὶ
2603 5359 2852 5430 βασιλίδα
2886 5360 2984 5428 τὴν
3041 5357 3251 5426 μητέρα
3286 5373 3300 5386 ο
3345 5356 3427 5406 ὅτι
3465 5352 3499 5405 ἃ
3544 5349 3668 5419 μηδ’

2085 5458 2152 5511 ἄν
2181 5472 2263 5518 τις
2297 5453 2666 5525 προσεδόκησε
2701 5450 2837 5521 μετά
2871 5451 2962 5504 τὸν
2993 5448 3250 5502 τοσοῦτον
3282 5446 3537 5514 πόλεμον,
3571 5443 3668 5525 καὶ

3563 5521 3634 5584 δ

2090 5677 2146 5724 et
2172 5685 2286 5723 rem
2323 5658 2489 5723 totam
2539 5665 3011 5736 imperfectissime
3065 5658 3660 5731 ncgligentissimequc.

2107 5750 2164 5794 ut
2201 5740 2358 5808 solet,
2395 5742 2616 5808 exponit
2640 5738 2733 5792 lib.
2773 5753 2825 5791 ι.
