3996 6218
290 306 361 368 65
1253 266 1262 275 ’
1421 296 1869 363 HISTORIARI

2009 299 2240 361 LlBER
2283 298 2388 358 ιν.
3459 293 3531 355 66

278 423 375 491 τὴν
412 418 674 473 ἄσπονδον
714 416 932 489 ἐκείνην
975 416 1196 488 ἔχθραν,
1242 417 1335 470 καὶ
1378 417 1477 486 τὴν
1520 417 1656 487 πρὸς
1702 414 1865 468 αὑτὸν

1972 414 2218 484 pristinis
2244 414 2488 467 moribus
2518 413 2737 478 vixerit;
2786 411 3078 480 statimque
3103 428 3132 466 a
3164 424 3338 466 morte
3370 416 3543 484 impe-

278 511 678 581 ἀγνωμοσύνην
707 510 815 561 τῶν
846 510 1230 571 διαδαλὸντων,
1262 509 1324 560 ού
1359 508 1497 577 πρὸς
1526 507 1594 559 τὰ
1621 523 1855 576 γεγενη-

280 605 420 675 μένα
465 599 628 669 εἶδεν,
677 601 793 654 ἀλλ’
837 603 1024 669 ἀρκεῖν
1060 603 1305 670 ἡγήσατο
1346 600 1406 652 τὸ
1443 599 1552 652 τῶν
1594 599 1729 669 πρὸς
1768 600 1859 651 τὸν

280 694 518 759 πόλεμον
562 694 753 746 αἰτίων
794 694 1023 762 ὀφθῆναι
1071 694 1232 762 μόνον
1276 692 1542 761 καθαρόν.
1589 693 1760 753 Αὐτὸς
1801 692 1859 743 δὲ

276 780 469 852 ὥσπερ
506 784 720 844 οὐδενὸς
764 783 967 851 μεταξὺ
1011 783 1199 834 καινοῦ
1245 783 1613 850 γεγενημένου
1657 784 1716 835 τὸ
1756 783 1858 851 ἀρε

275 879 430 942 χαῖον
463 871 593 944 ἦθος
630 874 927 925 διεσώσατο
950 914 962 935 ,
1000 874 1094 925 καὶ
1125 874 1223 941 τὴν
1260 876 1387 941 περὶ
1422 875 1548 934 τοὺς
1587 872 1857 939 βασιλέως

276 968 477 1028 παῖδας
505 966 921 1033 εὐγνωμοσύνην
946 966 1038 1018 καὶ
1065 964 1412 1034 κηδεμονίαν,
1441 966 1505 1033 ἣν
1531 959 1674 1034 εἶχεν
1702 964 1860 1030 ἔξαρσ-

274 1060 379 1127 χῆς
408 1058 569 1118 εὐθὺς
596 1058 732 1125 μετὰ
760 1055 856 1125 τὴν
885 1056 1092 1107 ἐκείνου
1117 1056 1393 1123 τελευτήν.
1422 1056 1652 1106 Ἔπειτα
1680 1054 1735 1106 δὲ
1764 1054 1857 1106 καὶ

272 1149 377 1215 τὴν
406 1147 544 1197 κατὰ
575 1144 682 1195 τῶν
711 1143 1012 1213 Βαρϐάρων
1040 1143 1225 1209 ἔφοδον
1253 1144 1477 1211 ἐμήνυε,
1509 1144 1600 1194 καὶ
1624 1144 1736 1202 τοῖς
1767 1140 1860 1193 ἄ).-

270 1240 387 1299 λοις
438 1236 537 1305 μὲν
582 1239 691 1298 τοῖς
736 1236 843 1304 πρὸ
888 1234 1051 1286 αὑτοῦ
1095 1234 1311 1304 Ῥώμης
1357 1235 1674 1296 ἐπισκόποις
1720 1233 1858 1285 εἶναι

270 1328 781 1398 περισπούδαστον·
824 1325 1022 1394 μᾶλλον
1064 1325 1121 1377 δὲ
1165 1326 1313 1393 αὐτῴ
1355 1325 1463 1377 τῶν
1504 1325 1679 1378 ἄλλων
1718 1320 1859 1376 εἶναι

269 1420 417 1472 κατὰ
468 1420 717 1487 γνώμην,
771 1419 864 1470 καὶ
912 1416 1125 1478 πολλοῖς
1174 1415 1433 1477 πολλάκις
1484 1417 1614 1483 περὶ
1665 1415 1857 1467 τούτου

268 1510 569 1578 διειλέχθαι
621 1510 731 1560 τῶν
781 1508 923 1561 κατὰ
977 1509 1073 1577 τὴν
1119 1507 1348 1559 Ἰταλίαν
1396 1508 1709 1570 δυναστῶν,
1763 1508 1859 1559 καὶ

270 1603 489 1662 πάντας
533 1590 877 1668 παρακαλεῖν
923 1600 1015 1650 ἐπὶ
1058 1596 1118 1650 τὸ
1167 1598 1328 1667 ἔργον
1375 1601 1527 1667 κοινῇ
1582 1600 1717 1667 πρὶς
1766 1600 1859 1669 τὴν

274 1690 597 1759 ἐλευθερίαν
628 1689 733 1741 ἀπὸ
763 1689 871 1739 τῶν
901 1688 1198 1756 Βαρϐάρων
1227 1688 1335 1737 τῶν
1366 1686 1709 1754 Χριστιανῶν
1742 1688 1861 1739 ἐσό-

1973 507 2177 559 ratoris
2233 506 2533 560 Andronici
2564 507 2851 575 benignam
2886 505 3220 559 voluntatem
3255 522 3316 558 ac
3344 508 3546 562 solliei—

1972 598 2219 650 tudinem
2247 612 2373 666 erga
2414 598 2532 665 ejus
2572 597 2708 650 lilios
2741 597 3062 665 susceperit.
3096 598 3365 651 Prieterea
3395 601 3539 667 quod

1968 688 2035 741 de
2069 689 2207 741 bello
2238 688 2486 740 Barbaris
2522 687 2809 741 inferendo
2849 689 3091 739 animum
3122 689 3532 758 suumsignili-

1969 776 2128 830 carit.
2154 776 2222 829 Et
2253 777 2371 829 aliis
2388 776 2604 844 quidem
2637 786 2763 829 ante
2793 777 2968 843 ipsum
2988 777 3247 830 Romanis
3267 778 3544 846 episcOpis

1976 865 2149 917 fuisse
2188 865 2240 917 id
2272 866 2709 934 optatissimum,
2748 865 2850 917 sibi
2902 874 3079 918 tamen
3136 866 3294 934 longe
3345 871 3539 935 magis,

1970 958 2273 1024 crebroque
2303 972 2364 1010 ac
2398 958 2629 1009 multum
2663 971 2825 1024 super
2857 973 2923 1009 eo
2954 973 3075 1010 cum
3104 957 3269 1010 Italia:
3298 958 3542 1028 dynastis

1970 1045 2171 1113 egisse.
2209 1060 2507 1113 omnesque
2542 1048 2817 1099 hortatum
2863 1049 3228 1099 conuuuniter
3269 1050 3334 1100 ad
3382 1066 3540 1117 opus,

1968 1136 2114 1188 unde
2147 1136 2579 1189 Christianorum
2630 1136 2853 1189 libertas
2885 1153 2913 1189 a
2962 1136 3214 1190 Barbaris
3247 1149 3544 1204 asseratur,

1966 1228 2193 1295 etquod
2238 1228 2317 1280 ad-
2353 1243 2411 1280 se
2457 1227 2714 1288 attineat,
2767 1226 2832 1278 ad
2888 1220 3173 1293 pecuniam
3244 1236 3299 1280 et
3343 1233 3550 1296 cupias,

1970 1327 2205 1386 quantas
2243 1320 2509 1371 maximas
2560 1318 2751 1386 possit,
2805 1318 3142 1386 omninoque
3179 1318 3245 1371 ad
3300 1334 3552 1388 sumptus

1967 1426 2079 1464 non
2116 1410 2356 1463 modicus
2390 1426 2487 1479 pro
2517 1426 2611 1463 sua
2666 1419 2821 1477 parte
2880 1411 3245 1469 conl’erendos‘
3290 1423 3538 1477 paratum

1967 1515 2107 1554 esse.
2135 1501 2287 1554 Nunc
2313 1502 2478 1555 etiam
2499 1500 2733 1570 auplius
2757 1501 2875 1569 ejus
2901 1501 3313 1570 legatorumque
3376 1503 3553 1556 \erbis

1967 1593 2283 1646 exarsisse:
2318 1602 2371 1644 et
2415 1590 2623 1659 gratias
2668 1604 2849 1661 agere,
2892 1606 3014 1643 cum
3054 1606 3112 1644 se
3161 1591 3226 1644 ad
3276 1591 3549 1644 Barbaros

1968 1700 2066 1752 pro
2102 1683 2307 1737 Christi
2342 1683 2595 1735 fidelibus
2630 1682 2978 1751 expeditione
3024 1682 3373 1736 lacessendos
3407 1686 3546 1736 adeo

274 1800 441 1849 μενον
462 1823 477 1845 ,
512 1783 604 1833 καὶ
638 1781 800 1832 αὑτὸν
833 1780 1051 1848 ἕτοιμον
1084 1775 1223 1831 εἶναι
1260 1779 1354 1830 καὶ
1389 1780 1650 1848 χρήματα
1688 1781 1857 1850 ποιρέ-

1972 1768 2297 1843 prupensunt
2325 1775 2695 1827 demonstret.
2729 1774 2884 1837 Quod
2928 1774 2972 1825 si
3022 1786 3220 1841 praeter
3258 1774 3359 1827 alia
3390 1776 3551 1838 bona,

270 1890 426 1942 χειν,
462 1874 556 1923 καὶ
587 1870 848 1939 στρατιὰν
878 1870 1009 1938 ὅσην
1042 1868 1106 1921 ἂν
1141 1868 1379 1937 μάλιστα
1412 1868 1503 1937 ἐξῇ
1526 1908 1539 1930 ,
1573 1870 1668 1921 καὶ
1705 1870 1861 1936 μεγί-

274 1981 415 2033 στην
446 1964 581 2031 πρὸς
608 1963 699 2013 τὸν
727 1961 965 2029 πόλεμον
996 1961 1332 2029 παρέχεσθαι
1363 1962 1698 2012 συντέλειαν.
1723 1960 1860 2012 Νυνὶ

273 2055 338 2107 δὲ
372 2058 465 2106 καὶ
503 2053 702 2122 μᾶλλον
737 2052 843 2104 ὑπὸ
874 2051 984 2105 τῶν
1020 2051 1187 2103 αὑτοῦ
1225 2052 1428 2119 λόγων,
1465 2054 1557 2103 καὶ
1592 2052 1688 2121 τῆς
1726 2068 1859 2119 πρε-

278 2146 469 2206 σδείας
498 2145 875 2213 ὲξωρμῆσθαι,
900 2145 994 2196 καὶ
1017 2148 1178 2214 χάριν
1203 2144 1349 2213 αὐτῷ
1374 2144 1573 2196 εἰδέναι
1599 2144 1737 2211 ὑπὲρ
1763 2144 1862 2211 τῆς

275 2233 592 2300 προθυμίας
625 2228 691 2303 ἧς
728 2232 1061 2286 ἐνδείκνυται
1092 2236 1200 2294 τοῖς
1242 2232 1544 2303 Βαρϐἁροις
1579 2234 1719 2301 ὑπὲρ
1754 2236 1861 2287 τῶν

280 2323 383 2390 τὴν
418 2324 497 2384 είς
539 2323 774 2391 Χριστὸν
809 2325 991 2375 πίστιν
1028 2324 1300 2391 ἑλομένων
1334 2325 1424 2376 τὸν
1463 2325 1697 2392 πόλεμον
1735 2329 1863 2378 ἐπε-

283 2412 511 2479 γείρων.
550 2412 606 2465 Et
646 2413 700 2464 δὲ
742 2414 876 2483 πρὸς
914 2415 1025 2475 τοῖς
1065 2414 1244 2477 ἄλλοις
1286 2414 1544 2481 ἀγαθοῖς,
1583 2409 1657 2467 ὧν
1694 2417 1865 2478 αἴτιος

284 2502 584 2565 σπουδάζει
598 2504 887 2573 Ῥωμαίοις
906 2505 1262 2571 καταστῆναι,
1287 2507 1383 2558 καὶ
1403 2506 1511 2557 τῶν
1529 2505 1866 2575 Ἐκκλησιῶν

284 2594 775 2664 πραγματεύσαιτο
801 2596 898 2666 τὴν
924 2596 1137 2662 ἕνωσιν,
1166 2599 1258 2651 καὶ
1288 2599 1356 2650 δι’
1375 2599 1538 2650 αὐτοῦ
1567 2600 1632 2652 τὰ
1660 2600 1868 2667 διεστη-

288 2691 427 2739 κότα
462 2688 553 2739 τοῦ
597 2689 833 2757 Χριστοῦ
880 2691 1013 2759 μέλη
1057 2691 1378 2762 συναφθείῃ,
1416 2694 1518 2745 ούκ
1559 2693 1893 2761 ἀνθρώποις,

290 2780 457 2847 μόνον
487 2782 674 2845 πᾶσιν,
707 2781 841 2834 ἀλλά
875 2784 969 2835 καὶ
998 2786 1118 2847 ταῖς
1148 2786 1420 2852 οὐρανίοις
1452 2784 1738 2853 δυνάμεσι,
1774 2786 1867 2837 καὶ
1889 2804 1900 2814 “

287 2871 442 2938 αὐτῷ
463 2870 581 2941 Θεῷ
606 2872 845 2941 μεγάλης
870 2873 935 2926 ἂν
956 2875 1297 2944 εὐφροσύνης
1325 2875 1501 2938 αἴτιος
1534 2876 1864 2945 κατασταίη.

290 2958 534 3011 Τοιαῦτα
586 2962 683 3029 μὲν
728 2963 757 3011 ὁ
802 2964 988 3026 παπας
1038 2964 1127 3017 διὰ
1178 2966 1289 3016 τῶν
1338 2967 1654 3018 ἐπισκόπων
1707 2964 1871 3036 ἐπρε-

1963 1881 2082 1936 qute
2119 1866 2385 1920 [totuanis
2413 1867 2714 1920 conriliare
2748 1866 3015 1926 enitatur,
3072 1866 3238 1919 etiam
3288 1866 3557 1920 Ecclt-sias

1963 1958 2264 2011 concordia
2324 1958 2607 2011 devincire
2660 1969 2911 2014 conetur.
2967 1972 3023 2015 ut
3077 1958 3285 2010 divulsa
3348 1958 3552 2012 Christi

1965 2051 2209 2103 membra
2266 2066 2357 2119 per
2389 2066 2515 2104 eum
2560 2049 3029 2119 conglutineutur,
3070 2065 3178 2102 non
3230 2050 3552 2103 hominibus

1964 2142 2225 2196 duntaxat
2243 2142 2529 2205 universis,
2547 2142 2638 2196 sed
2658 2141 2971 2195 caelestibus
2991 2141 3151 2194 etiam
3173 2143 3555 2209 potestatibus,

1966 2234 2180 2303 ipsique
2210 2236 2318 2287 Deo
2352 2234 2404 2287 id
2432 2249 2639 2301 magna:
2680 2233 2945 2299 voluptati
2981 2232 3248 2284 futurum.
3280 2232 3552 2301 Hactenus

1967 2341 2103 2393 papa
2150 2341 2245 2393 per
2293 2328 2500 2394 legatos
2534 2324 2843 2391 episCOpos.
2881 2323 3183 2389 Imperator
3231 2323 3308 2374 illi
3354 2324 3557 2392 gratias

1969 2433 2132 2487 agere
2169 2418 2237 2470 de
2274 2416 2679 2478 benevolentia,
2722 2426 2775 2467 et
2816 2416 3138 2481 quotl‘ultru
3188 2426 3379 2468 contra
3420 2415 3554 2467 Bar-

1971 2511 2128 2564 baros
2176 2510 2619 2563 Christianorum
2683 2506 2939 2560 inimicos
2988 2507 3329 2569 exarsisset,
3388 2524 3558 2576 seque

1968 2602 2262 2671 dUpliciter
2317 2601 2419 2654 hoc
2472 2600 2609 2652 bello
2664 2599 2842 2651 laetum
2899 2614 3065 2651 esse:
3128 2608 3240 2652 tum
3294 2599 3420 2667 quia
3458 2616 3557 2668 pro

1968 2692 2247 2751 Communi
2299 2692 2685 2744 Christianum
2714 2711 2743 2741 ιι
2804 2690 3036 2744 utilitate
3090 2691 3387 2759 gerendum
3436 2692 3555 2746 sit:

1973 2795 2083 2840 tum
2135 2783 2261 2852 quia
2321 2794 2375 2836 et
2436 2783 2554 2851 ipse
2609 2790 2718 2834 tam
2769 2782 3057 2851 puli-hrum
3119 2781 3222 2833 hoc
3278 2792 3557 2835 certamen

1972 2876 2298 2929 certantium
2345 2876 2527 2928 socius
2579 2883 2630 2927 et
2694 2873 2995 2927 conuuilito
3049 2873 3270 2928 futurus
3324 2874 3414 2928 sit.
3467 2875 3560 2929 Sic
3619 2906 3629 2914 -

1976 2962 2121 3014 enim
2160 2977 2216 3015 si:
2246 2962 2534 3027 statuisse,
2568 2972 2621 3014 et
2676 2961 2868 3022 classe,
2904 2971 2957 3015 et
2998 2964 3328 3032 Sumptihus,
3371 2978 3425 3017 et
3468 2980 3559 3017 ar-

293 3047 542 3104 σϐεύετο.
600 3050 864 3115 Βασιλεὺς
915 3053 970 3105 δὲ
1024 3056 1117 3106 καὶ
1174 3056 1337 3137 αὐτῇς
1397 3055 1589 3124 πρῶτα
1646 3058 1744 3127 μὲν
1795 3057 1869 3128 τῷ

1982 3057 2105 3119 mis,
2171 3066 2226 3108 et
2290 3054 2480 3123 equis.
2546 3063 2601 3107 et
2653 3054 3101 3123 quibuscumque
3156 3056 3326 3124 possit
3396 3058 3561 3109 rebus

292 3142 454 3213 παπᾳ
487 3144 710 3212 χάριτας
744 3145 1011 3213 ὡμολόγει
1043 3146 1142 3215 τῆς
1173 3162 1231 3198 τε
1268 3147 1395 3215 περὶ
1427 3148 1587 3200 αὑτὸν
1621 3150 1866 3211 εὐνοίας,

292 3233 386 3285 καὶ
414 3236 506 3291 τοῦ
537 3237 677 3287 κατά
708 3236 1004 3307 Βσρὸάρων
1028 3238 1136 3290 τῶν
1163 3240 1509 3308 Χριστιανοίς
1542 3240 1748 3310 ἐχθρῶν
1776 3244 1872 3312 ρᾳ-

290 3325 419 3386 δίως
454 3325 804 3395 ἑξωρμῆσθαι
825 3367 841 3392 ,
872 3330 1031 3380 αὐτόν
1060 3346 1119 3381 τε
1155 3330 1316 3399 διπλῇ
1354 3331 1442 3383 διὰ
1472 3331 1562 3383 τὸν
1593 3334 1733 3383 κατᾶ
1763 3335 1871 3384 τὼν

292 3415 595 3485 Βαρϐάρων
617 3416 767 3483 ἔλεγε
792 3418 1005 3488 χαίρειν
1031 3420 1264 3488 πόλεμον
1284 3437 1296 3451 ·
1325 3421 1484 3473 τοῦτο
1512 3423 1608 3490 μὲν
1632 3422 1706 3483 ὡς
1733 3420 1878 3491 ὑπὲρ

292 3507 388 3576 τῆς
428 3509 610 3575 κοινῆς
643 3510 751 3561 τῶν
787 3512 890 3561 απὸ
924 3512 1170 3580 Χριστοῦ
1208 3515 1561 3585 καλουμένων
1596 3514 1869 3582 ὠφελείας

294 3599 500 3651 ἔσοιτο·
542 3599 700 3652 τοῦτο
739 3601 783 3653 δ’
809 3602 890 3654 ὅτι
930 3604 1183 3666 κοινωνὸς
1225 3604 1376 3656 ἔσται
1420 3608 1516 3658 καὶ
1558 3608 1718 3669 αὐτὸς
1761 3609 1873 3669 τοῖς

294 3689 386 3740 τὸν
425 3689 587 3741 καλὸν
626 3691 813 3757 ἀγῶνα
852 3691 1043 3745 τοῦτον
1084 3695 1527 3764 ἀγωνισομένοις.
1568 3694 1725 3748 Οὕτω
1766 3699 1873 3766 γὰρ

293 3776 437 3832 εἶναι
478 3786 993 3853 παρεσκευασμένος
1015 3828 1029 3850 ,
1066 3786 1140 3848 ὡς
1175 3788 1270 3839 καὶ
1303 3789 1461 3841 ναυσὶ
1498 3789 1591 3840 καὶ
1625 3791 1872 3860 χρήμασι

291 3873 382 3925 ui
436 3873 620 3936 ὅπλοις
672 3876 765 3928 καὶ
819 3875 1036 3940 ἵπποις,
1089 3878 1184 3930 καὶ
1234 3881 1401 3931 πᾶσιν
1451 3875 1532 3942 οἷς
1585 3880 1701 3950 ἔχει
1750 3882 1873 3935 κατ’

292 3967 521 4018 ἐκείνων
578 3969 933 4039 ὲξορμήσων,
994 3970 1184 4038 κέρδος
1248 3973 1505 4039 μέγιστον
1569 3974 1874 4043 ἡγούμενος

292 4057 352 4108 τὸ
412 4056 557 4126 ὑπὲρ
611 4060 721 4111 τῶν
772 4061 1032 4114 τοιούτων
1089 4063 1496 4131 ἀγωνιζόμενος
1556 4065 1872 4119 ἀποθανεῖν.

296 4150 437 4221 Περὶ
476 4151 534 4204 δὲ
572 4150 679 4204 τῶν
722 4151 1087 4221 διεστηκότων
1132 4153 1225 4206 τοῦ
1267 4155 1506 4223 Χριστοῦ
1558 4156 1734 4225 μελῶν
1775 4158 1874 4226 τῆς

294 4244 545 4305 ἑνῶσεως
570 4244 664 4295 καὶ
690 4244 977 4315 ἁρμονίας,
1004 4245 1101 4297 καὶ
1124 4246 1222 4315 τῆς
1250 4248 1477 4317 εἰρήνης
1503 4248 1615 4300 τῶν
1644 4248 1875 4317 Ἐκκλη-

298 4336 437 4387 σιῶν
462 4336 595 4404 ὅσην
635 4336 748 4407 ἔχει
790 4338 891 4405 τὴν
932 4338 1136 4406 ,ἔφεσιν
1178 4341 1273 4390 καὶ⁸
1303 4340 1401 4408 τὴν
1455 4338 1715 4409 σπουδὴν,
1753 4340 1873 4392 οὐδὲ

294 4425 481 4494 λόγοις
518 4426 780 4481 δύνασθαι
810 4429 1126 4497 καταφανὲς
1160 4432 1359 4483 ποιεῖν.
1405 4432 1552 4501 Πλὴν
1595 4431 1769 4493 οὕτως
1794 4430 1873 4485 εἴ·

299 4536 390 4570 ναι
420 4519 516 4570 καὶ
542 4519 676 4587 πρὸς
708 4519 882 4572 ταῦτα
910 4522 1458 4590 παρεσκευασμένον,
1497 4522 1627 4574 ὥστ’
1660 4524 1710 4574 εἰ
1744 4524 1872 4592 δεή-

301 4624 449 4661 σειεν
477 4610 642 4679 αὐτὸν
667 4611 806 4679 ὑπὲρ
833 4612 932 4679 τῆς
959 4612 1213 4680 ὁμονοίας
1240 4614 1657 4682 ἀποσφαγῆναι,
1687 4614 1749 4667 ού
1781 4614 1878 4684 μό-

298 4718 392 4754 νον
427 4701 763 4771 ιμπαρέξειν
789 4703 982 4755 ἑαυτὸν
1012 4703 1330 4773 προθύμως,
1360 4705 1496 4757 ἀλλά
1539 4707 1636 4758 καὶ
1666 4707 1873 4775 μάχαι-

305 4809 406 4862 ραν
459 4795 906 4862 προσεπιδοῦναι·
954 4796 1065 4867 ἢεί
1107 4798 1278 4862 δόξειε
1328 4798 1602 4854 καυθέντα
1650 4801 1739 4856 διὰ
1772 4806 1873 4872 τῆς

302 4889 507 4955 τέφρας
548 4887 642 4938 τοῦ
679 4888 890 4941 ἐκείνου
939 4888 1191 4958 σώματος
1222 4892 1324 4961 τὴν
1357 4892 1555 4945 ἕνωσιν
1598 4896 1720 4957 ταῖς
1752 4896 1876 4948 Ἐκ-

304 4978 559 5046 κλησὶαις
593 4979 988 5049 βραὸευθῆναι,
1035 4982 1200 5035 αὐτὸν
1230 4983 1322 5035 ἐπὶ
1361 4984 1461 5054 τὴν
1489 4985 1670 5054 πυρὰν
1721 4987 1876 5056 πρῶ-

304 5085 399 5120 τον
424 5070 693 5122 ἐπιθεῖναι
729 5071 883 5136 ξύλα,
913 5071 981 5124 δι’
1012 5066 1086 5125 ὧν
1108 5074 1528 5142 ἐκτεφρωθῆναι
1556 5075 1872 5144 περιέσται.

303 5160 436 5211 Δέον
476 5163 663 5229 μέντοι
699 5162 862 5214 τοῦτο
896 5163 956 5215 τὸ
992 5164 1137 5233 μέγα
1171 5180 1229 5215 τε
1267 5165 1361 5216 καὶ
1401 5164 1709 5233 Θαυμάσιον
1732 5206 1746 5232 ,
1780 5168 1878 5220 καὶ

305 5252 415 5304 τῶν
447 5252 625 5306 ἄλλων
661 5254 912 5319 ἀντάξιον
944 5255 1163 5309 πάντων
1187 5255 1371 5325 ἔργον,
1410 5258 1485 5326 μὴ
1514 5256 1701 5319 ἁπλῶς
1735 5256 1877 5310 οὕτω

304 5343 401 5395 καὶ
425 5346 550 5414 είκη
582 5348 673 5399 καί
705 5347 1134 5415 ἀπερισκέπτως
1166 5346 1416 5414 γίνεσθαι
1459 5363 1474 5379 θ
1510 5348 1647 5401 ἀλλὰ
1675 5348 1878 5419 πολλῆς

1977 3146 2096 3199 illos
2192 3145 2507 3199 invadere:
2592 3155 2893 3214 putareque
2958 3162 3017 3199 se
3108 3146 3225 3200 fore
3303 3149 3559 3201 beatissi-

1976 3255 2147 3299 mum,
2178 3237 2222 3291 si
2267 3237 2320 3290 in
2372 3232 2463 3289 tali
2504 3252 2665 3289 causa
2697 3248 2958 3305 oppetere
2993 3249 3225 3292 mortem
3258 3250 3557 3304 emit-ligat.

1976 3330 2134 3400 735
2165 3333 2381 3395 Quanto
2414 3340 2596 3383 autem
2630 3330 3016 3383 distraeturum
3050 3332 3250 3386 (Zbristi
3288 3335 3560 3387 membro-

1976 3438 2097 3475 rum
2137 3422 2475 3491 cunjunctio,
2513 3430 2677 3490 atque
2710 3431 3035 3485 concentus,
3068 3432 3124 3475 et
3162 3438 3259 3489 pax
3299 3424 3564 3478 Ecclesiae

1977 3531 2095 3568 rum
2140 3518 2244 3570 sibi
2296 3516 2569 3570 desiderio
2635 3532 2697 3569 ae
2744 3518 2927 3570 studio
2971 3517 3059 3580 sit,
3100 3517 3278 3569 verbis
3313 3532 3370 3569 se
3402 3517 3562 3570 etfari

1978 3605 2120 3659 haud
2157 3620 2340 3673 posse.
2371 3604 2664 3657 Enimvero
2695 3606 2760 3658 ad
2802 3604 2905 3657 huc
2939 3613 3222 3673 tantopere
3255 3604 3383 3657 ferri
3416 3622 3558 3669 ερον,

1976 3706 2031 3750 et
2076 3696 2320 3760 incitari,
2358 3704 2418 3749 ut
2471 3695 2518 3748 si
2566 3710 2664 3763 pro
2714 3693 3007 3749 concordia
3057 3694 3287 3748 interlici
3340 3705 3561 3763 oporte-

1983 3798 2064 3842 ret
2107 3789 2241 3859 (89),
2279 3803 2390 3841 non
2436 3787 2611 3841 solum
2661 3786 3013 3841 intertieienti
3056 3785 3327 3856 jugulum,
3366 3787 3460 3839 sed
3508 3795 3564 3838 et

1978 3881 2215 3953 gladium
2249 3880 2505 3935 alacriter
2540 3881 2658 3950 ipse
2695 3881 2973 3952 porrigere
3009 3880 3173 3934 vellet
3203 3898 3216 3932 :
3246 3888 3341 3934 aut
3373 3879 3417 3933 si
3465 3895 3563 3947 pu-

1979 3983 2187 4028 taretur
2231 3972 2349 4042 ipse
2395 3982 2621 4026 exustus
2661 3988 2757 4042 per
2783 3973 2998 4027 eineres
3045 3972 3295 4042 corporis
3326 3972 3407 4026 sui
3454 3975 3562 4027 lico

1977 4066 2162 4120 clesiis
2208 4079 2542 4120 consensum
2615 4062 3186 4134 conspirationemque
3238 4064 3563 4130 tributurus,

1980 4160 2158 4229 ipsum
2190 4171 2250 4210 se
2296 4166 2421 4210 ante
2458 4157 2595 4210 alios
2637 4156 2781 4226 ligna
2826 4156 2880 4209 in
2913 4170 3127 4225 pyram,
3157 4171 3262 4226 qua
3312 4158 3365 4208 in
3407 4156 3560 4210 cine-

1980 4265 2094 4302 rem
2123 4249 2491 4318 redigeretur.
2524 4248 2933 4316 impositurum.
2967 4247 3223 4300 Attamen
3257 4247 3380 4312 tale,
3424 4257 3563 4301 tatu-

1906 4377 1949 4432 υ
1979 4355 2085 4409 que
2126 4354 2411 4409 maguum,
2448 4349 2504 4392 et
2537 4338 2886 4400 admirabile,
2924 4348 2979 4391 et
3026 4353 3192 4390 unum
3233 4339 3406 4392 instar
3438 4355 3559 4392 orn--

1976 4430 2130 4483 nium
2166 4445 2304 4498 Opus
2337 4444 2446 4484 non
2482 4430 2555 4482 ita
2593 4429 2965 4497 indiligenter,
3000 4444 3064 4482 ac
3106 4439 3333 4493 temere,
3367 4438 3421 4482 et
3460 4430 3557 4482 in-

1974 4525 2224 4580 consulto
2274 4526 2415 4589 ﬁeri,
2455 4524 2548 4579 sed
2603 4534 2922 4596 antegressa
2972 4523 3323 4593 indagatioue
3368 4522 3556 4585 multa,

1976 4618 2239 4685 onmique
2286 4617 2580 4671 sedulitate
2612 4618 2679 4671 ad
2718 4632 2844 4671 vere
2881 4617 3083 4671 bonum
3120 4616 3555 4686 cognoscendum

1981 4709 2251 4770 adhibita.
2284 4711 2365 4763 sic
2411 4710 2630 4764 domum
2671 4725 2734 4764 ea
2780 4709 2980 4778 eligere
3027 4718 3302 4779 oportere,
3335 4724 3455 4777 qua:
3496 4707 3557 4760 ti-

1981 4801 2105 4856 dem
2181 4816 2497 4873 germanam
2565 4811 2620 4855 et
2675 4810 2851 4854 tutam
2907 4800 3197 4868 complecti
3250 4782 3554 4852 videantur.

1984 4892 2231 4964 Ineptum
2286 4894 2490 4961 quippe
2542 4908 2606 4947 ac
2659 4900 2819 4961 turpe
2865 4891 3071 4955 videri,
3116 4889 3182 4942 de
3231 4886 3554 4956 quibusdam

1982 4987 2168 5049 ﬂuxis,
2191 4995 2246 5041 et
2274 4985 2500 5040 caducis
2532 4984 2761 5038 consilia
2792 4984 3085 5053 agitantes,
3115 4995 3233 5048 qua:
3265 4988 3315 5032 et
3347 4978 3557 5046 adeptis

1977 5077 2121 5132 haud
2185 5078 2379 5145 ingens
2444 5075 2912 5133 emolumentum,
2974 5081 3029 5125 et
3099 5070 3384 5129 frustratis,
3438 5069 3557 5122 leve

1976 5170 2232 5225 damnum
2269 5167 2512 5237 pariunt,
2546 5167 2599 5219 in
2638 5165 2744 5217 illis
2776 5163 2980 5216 nullam
3019 5160 3315 5230 diligentia:
3347 5171 3553 5231 partem

1977 5261 2276 5321 omittere,
2319 5273 2428 5322 ne,
2474 5256 2620 5326 quod
2679 5256 2883 5310 bonum
2934 5263 3161 5322 apparet
3216 5253 3497 5306 amittatur
3540 5270 3555 5307 :

1980 5367 2104 5408 cum
2149 5351 2218 5405 de
2255 5346 2592 5413 ctelestibus,
2625 5356 2680 5402 et
2711 5348 2779 5403 de
2812 5344 3043 5402 veritate
3081 5348 3393 5415 dogmatum
3431 5346 3553 5399 lidei

1542 5464 1757 5526 Jacobi
1785 5466 2053 5529 Pontani
2100 5473 2286 5527 notte.

932 5526 945 5550 Ι

374 5577 486 5646 (89)
520 5577 708 5631 Parent
742 5576 1139 5638 Constantinus
1175 5592 1284 5648 prae
1314 5593 1373 5633 se
1399 5577 1550 5642 tulit,
1583 5579 1741 5646 cujus
1777 5580 1882 5634 hoc

303 5648 510 5701 dictum
554 5664 612 5701 ιιι
677 5648 876 5701 Annal.
929 5658 1079 5702 toruo
1116 5651 1392 5715 proditum
1445 5660 1528 5702 εει
1578 5664 1607 5701 a
1643 5649 1884 5714 Zonora,

305 5718 701 5789 imperatorem
735 5719 940 5773 nemini
980 5723 1247 5785 omnium,
1286 5734 1349 5773 ac
1392 5733 1464 5774 ne
1502 5718 1617 5774 suis
1661 5719 1883 5788 quidem

1991 5581 2256 5637 membris
2310 5576 2548 5649 propriis
2594 5594 2823 5648 parcere
2856 5577 3080 5644 debere,
3135 5575 3369 5646 publica?
3410 5585 3563 5630 tran-

1995 5651 2284 5723 quillitatis
2317 5649 2707 5706 conservandae
2738 5665 2923 5704 causa.
