3996 6218
422 242 487 304 71
1081 266 1083 268 ·
1591 244 1918 306 JOANNIS
1958 243 2490 306 CA'NTACUZENI

3599 247 3672 308 72

426 362 577 414 dium
604 359 672 413 ab
702 359 928 416 aliarum
961 361 1322 417 Ecclesiarum
1355 357 1662 413 rectoribus
1693 359 1991 413 discutien-

2103 358 2306 428 ἀγαθοῦ
2339 359 2675 426 διακρατεῖν,
2717 358 2842 427 περὶ
2878 358 3147 429 οὐρανίων
3173 358 3228 412 δὲ
3263 359 3356 414 τοῦ
3387 359 3549 429 λόγου
3585 364 3670 415 ὅν-

350 460 356 466 ’
427 454 548 506 dam
596 453 1029 522 proposuissent,
1059 462 1265 507 tantum
1315 450 1444 506 mali
1491 467 1601 506 non
1643 452 1992 519 vidissemus,

2103 468 2220 515 τος,
2255 450 2357 503 καὶ·
2393 451 2501 503 τῶν
2531 451 2659 521 περὶ
2702 452 2800 520 τὴν
2834 451 3017 504 πίστιν
3066 451 3322 505 ἀπλανῶν
3356 453 3664 524 δογμάτων,

1649 571 1866 645 JacObi
1901 584 2184 646 Gretseri
2219 590 2405 644 notae.

427 719 759 788 Spiraciores
793 727 981 781 parum
1004 711 1298 788 ell‘ecturos
1318 713 1654 788 ._si-prim_am
1684 716 1828 769 illam
1849 717 1991 769 viam

429 783 626 842 inirent
677 795 730 836 et
773 792 1054 845 tenerent;
1093 783 1223 850 quid
1262 785 1408 834 enim
1441 785 1701 838 insulsius
1751 793 1806 837 et
1837 787 1994 839 stoli-

427 859 571 917 dius,
609 869 768 920 quam
799 865 1070 923 asserere,
1110 854 1339 920 primam
1369 864 1423 905 ct
1477 869 1785 921 supremam
1818 855 1997 923 digiti—

427 936 592 979 tatem
631 927 681 976 in
732 921 1103 975 ecclesiastica
1136 923 1441 976 liierarcliia
1478 923 1716 990 pendere
1748 927 1815 976 ab
1849 921 1995 978 arbi-

426 997 531 1046 trio
564 992 947 1060 imperatoris?
983 990 1156 1060 Aliam
1210 1007 1338 1058 ergo
1373 993 1640 1044 rationem
1690 994 1993 1048 ambitiosae

426 1081 536 1116 sum
563 1059 808 1128 cupidini
845 1059 1213 1113 satisfaciendi
1244 1062 1656 1128 excogitarunt:
1693 1062 1990 1116 Romanam

421 1135 570 1185 enim
600 1130 900 1200 Ecclesium
934 1129 1132 1200 passim
1166 1131 1307 1196 apud
1342 1147 1470 1183 suos
1497 1132 1810 1192 traduxcre,
1838 1135 1991 1200 quasi

425 1203 478 1255 in
519 1201 800 1254 nonnullis
838 1199 958 1251 lidci
992 1199 1268 1265 capitibus
1301 1216 1329 1252 a
1363 1202 1533 1252 sacris
1566 1200 1807 1264 Litteris,
1841 1199 1894 1254 et
1926 1203 1994 1255 ab

425 1271 743 1338 apostolicis
773 1267 1162 1322 traditionibus
1199 1270 1422 1336 penitus
1475 1271 1678 1329 devict,
1726 1273 1998 1338 pernicio-

425 1356 624 1407 sosquc
650 1353 872 1408 errores
911 1339 1111 1408 foveat,
1153 1348 1389 1406 tueatur,
1425 1350 1481 1392 et
1510 1341 1763 1392 omnibus
1791 1343 1998 1408 ample-

425 1406 654 1462 cictidos
677 1407 958 1461 obtriidat.
992 1406 1336 1476 Quapropter
1365 1423 1480 1461 cam
1514 1410 1699 1477 primae
1730 1406 1996 1463 sedis—lim

425 1495 558 1531 noro
589 1478 903 1532 etculmine
929 1478 1196 1530 excidisse
1223 1516 1236 1540 ,
1274 1478 1526 1545 hancque
1565 1480 1886 1542 dignitatem
1926 1481 1992 1534 ad

421 1547 1094 1612 Constantinopolitannm
1126 1549 1414 1614 praesulem
1468 1549 1750 1601 transiisse
1778 1549 1994 1602 dictita-

425 1619 577 1670 bant.
609 1616 771 1670 Primi
797 1655 810 1678 ,
845 1615 934 1679 qui
970 1616 1107 1668 lianc
1133 1617 1269 1667 viam
1298 1617 1456 1685 paulo
1483 1618 1824 1684 expressiore
1849 1620 1986 1686 pede

422 1697 745 1756 presserunt
776 1686 1180 1756 etiiistiterunt
1217 1687 1473 1738 videntur
1501 1688 1670 1740 fuisse
1700 1689 1886 1741 Patres
1911 1689 1985 1741 illi

422 1755 703 1818 Trullani;
755 1755 847 1822 qui
894 1763 950 1806 ut
1010 1755 1380 1826 turpissimam
1442 1757 1834 1826 ambitionem,
1882 1775 1989 1826 qua

422 1827 746 1884 :rstuabant,
782 1825 1084 1888 honestatis
1113 1827 1264 1892 quasi
1289 1829 1409 1877 vclo
1435 1825 1807 1890 obiiuberent,
1838 1825 1989 1881 varia

337 1925 345 1931 ε
423 1897 476 1949 in
505 1895 820 1948 Latinorum
849 1894 1089 1947 Ecclesia
1121 1910 1364 1961 carpere,
1401 1895 1508 1947 imo
1538 1907 1591 1946 ct
1622 1897 1879 1949 damnari:
1906 1898 1993 1950 in-

422 1967 593 2029 gressi
627 1975 788 2017 sunt:
818 1976 877 2016 ιιι
901 1965 1296 2016 continentiam
1347 1980 1441 2016 seu
1484 1965 1797 2019 caelibatum
1825 1966 1988 2019 mini-

421 2045 659 2088 strorum
692 2034 964 2095 Ecclesia,
991 2033 1259 2101 jejunium
1286 2033 1538 2098 Sabbati;
1572 2035 1672 2102 ipsi
1692 2040 1835 2088 enim
1855 2035 1992 2088 Sab-

422 2105 548 2174 bato
578 2120 682 2157 non
708 2104 976 2172 jojiinaiit.
1009 2105 1229 2174 Missam
1253 2103 1545 2170 perfectam
1581 2115 1635 2157 rt
1665 2107 1989 2174 completam

424 2175 476 2226 in
511 2173 936 2241 Quadragesima
964 2189 979 2234 ;
1017 2172 1118 2240 ipsi
1147 2173 1290 2225 enim
1321 2183 1548 2239 excepto
1577 2175 1665 2227 die
1689 2172 1991 2240 Doiiiinico,

421 2243 683 2304 Salibatu,
716 2253 770 2294 ct
811 2243 952 2294 festo
980 2241 1452 2306 Aniiuntiatiouis,
1487 2244 1698 2296 caeteris
1742 2245 1993 2308 Quadra—

419 2328 515 2381 ges
538 2329 637 2365 nite
689 2312 886 2364 diebus
939 2311 1218 2363 Celebrant
1271 2311 1510 2376 Missam,
1556 2329 1716 2380 quain
1749 2323 1944 2365 vorant
1975 2354 1988 2373 .

419 2386 526 2434 τῶν
554 2381 1035 2450 προηγιασμένων,
1067 2381 1118 2433 id
1161 2389 1269 2450 est,
1313 2397 1378 2450 ex
1410 2382 1890 2449 prmanaiﬁcatis,
1922 2383 1988 2436 ad

419 2467 545 2503 eum
579 2449 692 2503 lere
729 2451 974 2507 modum.
1002 2466 1110 2517 quo
1155 2449 1437 2503 Latinidie
1472 2466 1626 2503 sacro
1664 2453 1992 2507 Parasceves

420 2535 487 2573 cx
520 2518 992 2587 prtesanctilicatis
1033 2518 1276 2571 otlerunt
1305 2537 1318 2583 ;
1355 2521 1455 2572 etsi
1480 2520 1654 2575 Graeci
1686 2536 1791 2574 non
1829 2537 1990 2574 uuam

421 2599 633 2642 tantum
672 2588 939 2654 speciem,
979 2597 1038 2640 ut
1089 2587 1294 2652 Latini,
1333 2590 1426 2640 sed
1479 2597 1769 2657 utramque
1801 2591 1990 2644 adser-

422 2667 574 2719 vant,
605 2669 662 2712 et
698 2659 765 2709 .in
821 2658 924 2709 bac
964 2671 1062 2709 sua
1102 2657 1260 2709 Missa
1315 2658 1598 2712 adhibent.
1639 2658 1990 2712 Accusarunt

418 2727 586 2781 etiam
629 2726 874 2788 Latinos,
911 2725 1054 2793 quod
1089 2741 1117 2777 a
1149 2728 1414 2794 sanguine
1459 2736 1515 2780 et
1561 2728 1827 2782 sull‘ocato
1879 2745 1985 2782 non

419 2798 756 2860 abstineant,
807 2797 953 2863 quod
987 2795 1195 2848 aditum
1249 2796 1315 2849 ad
1365 2811 1579 2850 sacrum
1623 2798 1795 2851 altare
1835 2799 1991 2852 laicis

421 2881 532 2937 non
562 2865 958 2930 intercludant,
995 2874 1052 2917 ut
1078 2866 1127 2918 id
1152 2881 1324 2936 genus
1344 2867 1447 2919 alia
1482 2877 1801 2936 praeteream
1828 2885 1842 2921 :
1867 2870 1993 2937 qui-

421 2936 526 2991 bus
566 2937 1006 2990 accusationibus
1039 2937 1181 2989 viam
1218 2951 1327 2989 non
1370 2937 1613 2997 sibi,sed
1649 2937 1773 2990 aliis
1805 2936 1989 2990 mimi-

2097 726 2154 767 ut
2190 717 2635 769 communionem
2668 725 2769 768 sub
2799 730 2902 768 una
2939 722 3147 767 tantum
3185 716 3409 784 specie;
3455 732 3663 774 morem

2093 785 2259 839 semel
2289 785 2552 838 duntaxat
2576 785 2853 852 mergendi
2896 785 2975 837 vel
3004 785 3242 852 tingendi
3276 801 3370 840 eos
3413 788 3502 854 qui
3565 791 3662 843 ba-

2093 857 2394 924 ptizantur;
2428 869 2633 906 morem
2662 871 2767 906 non
2808 854 3081 924 przebendi
3120 854 3542 921 Eiicliaristiain,
3566 871 3663 912 aut

2093 922 2563 995 ciinlirtiiationciii
2590 923 3005 995 adtiiiiiistranili
3033 922 3334 978 infantibus
3361 943 3373 986 ;
3408 939 3664 995 purgato-

2094 993 2272 1057 rium,
2333 1002 2646 1046 sanctorum
2697 993 3127 1054 beatitudinem;
3164 995 3330 1046 verba
3369 993 3663 1050 consecra-

2101 1064 2267 1114 tionis
2300 1063 2362 1132 in,
2383 1063 2650 1132 sacrilicio
2697 1063 2897 1132 Missio,
2933 1073 2988 1115 et
3015 1062 3179 1131 liuius
3209 1066 3423 1128 generis
3468 1068 3622 1132 plura
3647 1107 3662 1131 ,

2100 1132 2302 1198 quibus
2334 1131 2503 1184 erci
2533 1131 2584 1183 in
2635 1147 2758 1184 eum
2790 1131 2985 1202 fastum
3021 1133 3400 1200 superliizrque
3440 1131 3663 1202 typliuin

2097 1203 2224 1254 elati
2255 1210 2416 1262 sunt,
2473 1209 2530 1254 ut
2569 1202 2828 1254 Romanae
2877 1201 3135 1255 Ecclesia:
3171 1218 3276 1253 non
3315 1201 3475 1255 modo
3502 1206 3658 1266 vale,

2095 1271 2191 1322 sed
2229 1279 2284 1324 et
2311 1271 2599 1322 anathema
2639 1271 2902 1332 diei-rent,
2941 1286 3204 1338 suamque
3227 1311 3240 1334 ,
3281 1273 3383 1324 lioc
3407 1282 3490 1326 est
3523 1273 3668 1325 Cou-
3698 1278 3700 1280 ⁷

2095 1340 2665 1410 stantiiiopolitanam,
2697 1341 3132 1410 quasipmniuin
3159 1341 3481 1410 principem,
3507 1343 3666 1410 jacti-

2094 1416 2275 1462 tarent
2315 1420 2371 1463 et
2420 1408 2789 1479 venditarent,
2835 1408 3114 1479 llineilla
3163 1408 3667 1475 plena—insolentiae

2095 1479 2272 1532 oratio
2304 1479 2556 1549 Jerein_i.e
2587 1477 2934 1549 patriarcha:
2981 1478 3566 1549 Constantiimpolitaui
3605 1482 3661 1534 in

2093 1561 2323 1619 censura
2357 1549 2422 1600 ad
2449 1618 2452 1619 ν
2477 1546 2828 1619 Lutlieranos
2875 1563 2994 1619 cap.
3021 1551 3106 1619 χιό
3135 1565 3152 1619 ι
3195 1546 3356 1601 Ἐπεὶ(
3396 1553 3576 1601 τοίνυι
3630 1553 3663 1619 ἡ

2091 1617 2213 1667 καθ’
2255 1621 2399 1685 ἡμᾶς
2432 1618 2563 1683 ἁγὶα
2585 1621 2678 1669 τοῦ
2706 1616 2840 1669 Θεοῦ
2885 1616 3176 1683 Ἐκκλησία
3208 1621 3403 1687 πατρὶς
3433 1621 3540 1670 τῶν
3572 1616 3668 1670 ἐκέ

2095 1687 2356 1754 κλησιῶν,
2415 1691 2506 1740 καὶ
2540 1690 2800 1753 ἡγεμονεί
2841 1690 2896 1738 ἐν
2925 1690 2987 1754 τῇ
3024 1687 3221 1753 γνώσει
3251 1691 3313 1756 τῇ
3347 1692 3530 1756 χάριτι
3566 1687 3664 1739 τοῦ

2099 1756 2256 1822 θεοῦ,
2292 1762 2384 1808 καὶ
2417 1758 2477 1810 τὸ
2504 1755 2730 1808 ἄσπιλον
2765 1756 2921 1824 αὐχεῖ
2953 1760 3008 1827 ἐν
3035 1759 3155 1819 ταῖς
3186 1755 3531 1827 λαμπρότησι
3558 1757 3669 1827 μὶν

2099 1827 2476 1880 ἁποστολικών
2534 1829 2624 1877 καὶ
2657 1827 2941 1894 πατρικῶν
2973 1826 3379 1893 διαταγμάτωίι,
3432 1831 3528 1879 καὶ
3561 1826 3661 1894 ἤδη

2101 1898 2133 1966 ὴ
2166 1895 2258 1945 νέα
2307 1899 2372 1948 τὰ
2415 1895 2682 1965 πρεσϐεῖα
2721 1896 2817 1963 τῆς
2864 1893 3170 1966 ὀροοόοξίας
3214 1894 3425 1965 είληφε,
3460 1899 3551 1948 καί
3583 1893 3666 1955 εἰς

2101 1966 2348 2032 κειίαλὴν
2378 1967 2655 2025 τέτακται,
2687 1967 2804 2016 δέον
2831 1966 2946 2034 ἐστὶ
2978 1965 3070 2016 καὶ
3103 1968 3281 2017 πᾶσαν
3319 1966 3664 2034 Χριστιανῶν

2114 2035 2445 2103 Ἐκκλησίαν
2493 2037 2635 2086 οὕτω
2665 2042 2732 2086 τὰ
2786 2037 2880 2102 τῆς
2918 2033 3257 2102 λειτουργίας
3317 2033 3659 2103 ἱερουργεῖν·

2102 2102 2366 2168 Quoniam
2394 2105 2556 2173 igitur
2582 2120 2699 2170 qua
2727 2106 2866 2172 apud
2894 2119 2986 2156 nos
3019 2116 3091 2155 est
3130 2114 3316 2156 sancta
3348 2105 3442 2156 Dei
3478 2102 3663 2156 Eccle-

2098 2177 2200 2232 sia.
2232 2177 2409 2241 patria
2453 2174 2797 2240 ecclesiarum
2846 2183 2943 2238 est,
2981 2181 3029 2224 et
3057 2189 3148 2242 per
3180 2175 3409 2242 gratiam
3442 2175 3533 2224 Dei
3569 2186 3664 2224 ex‘

2099 2244 2241 2295 cclIit
2266 2246 2559 2312 cognitione
2587 2259 2604 2295 :
2637 2245 2699 2295 de
2725 2245 3026 2296 sinceritate
3046 2243 3309 2311 gloriatur
3334 2245 3386 2295 in
3415 2243 3666 2295 claritate

2103 2315 2516 2380 apostolicorum
2560 2324 2607 2365 et
2653 2322 2993 2382 paternorum
3035 2314 3389 2364 institutorum
3417 2331 3428 2365 :
3459 2322 3508 2364 et
3542 2313 3665 2382 jant

2103 2386 2213 2436 haec
2242 2399 2374 2436 nova
2398 2385 2616 2449 (Roma)
2654 2385 3009 2452 principatum
3046 2395 3196 2435 rectae
3240 2383 3526 2446 doctrinm,
3569 2398 3663 2436 ca-

2101 2455 2330 2522 pitisque
2357 2453 2525 2506 locum
2553 2454 2767 2513 oblinat,
2793 2470 2892 2519 par
2919 2467 3016 2516 est,
3050 2460 3106 2502 ut
3127 2452 3666 2522 onmesCliristiano-

2100 2540 2219 2576 rum
2244 2521 2504 2576 ’Ecclesite
2545 2523 2612 2576 ad
2654 2527 2791 2574 hunc
2831 2523 3040 2576 inodum
3067 2539 3250 2574 sacras
3306 2521 3550 2589 liturgias
3579 2538 3664 2575 re-

2101 2592 2317 2644 Iebrettl.
2349 2592 2423 2645 Ita
2442 2593 2564 2645 caici
2590 2593 2676 2647 isti
2702 2593 2769 2645 de
2792 2607 2888 2644 sua
2917 2594 3192 2659 impietate
3221 2600 3275 2644 et
3309 2592 3667 2644 mendicitate

2099 2661 2204 2714 sibi
2225 2661 2600 2726 blandiuntur,
2627 2673 2680 2714 et
2706 2676 2764 2715 se
2787 2661 3058 2730 print-ipes
3077 2675 3196 2714 esse
3221 2661 3514 2724 smnniant,
3539 2677 3666 2714 cuin

2099 2733 2210 2784 sint
2237 2732 2482 2784 omnium
2521 2731 2829 2785 mortalium
2857 2731 3211 2799 abjectissimi
3238 2739 3292 2783 ει
3343 2730 3667 2785 miserrimi.

2101 2799 2204 2854 Sed
2235 2809 2369 2853 satis
2397 2800 2464 2869 de
2490 2804 2800 2869 arrogantia
2827 2800 3138 2854 Graecorum
3167 2840 3180 2862 ,
3215 2814 3334 2867 quae
3353 2837 3367 2859 ,
3405 2810 3463 2852 ιιι
3492 2814 3662 2868 supra

2103 2870 2373 2932 dicebam,
2403 2868 2636 2923 Latinos
2660 2871 2853 2923 merito
2883 2870 3143 2922 remorari
3182 2880 3410 2936 poterat,
3440 2884 3506 2921 ne
3533 2886 3664 2922 cuni

2102 2939 2306 2993 Graecis
2358 2939 2615 3008 synodico
2643 2945 3021 3002 convenirent,
3057 2955 3164 2992 non
3203 2939 3362 2990 modo
3394 2939 3511 2990 sine
3548 2941 3666 2990 irii-

423 3017 627 3088 erunlt,
666 3015 725 3058 ut
753 3009 1065 3088 poutilitem
1094 3006 1434 3088 “Romanum
1480 3008 1686 3087 de.su_a
1735 3007 1996 3088 dignitate
2023 3021 2066 3080 ε
2102 3018 2214 3088 ctu,
2271 3009 2364 3088 sed
2389 3006 2453 3062 ‘et
2483 3010 2751 3088 singulis.
2785 3024 2886 3088 spe.
2929 3010 3174 3074 l'tuctus;
3207 3008 3505 3088 praesertim
3533 3024 3662 3060 cum

421 3076 694 3129 excidisse
723 3076 937 3143 publice
965 3074 1348 3144 pi-iedicarcnt.
1390 3077 1523 3129 Nam
1561 3076 1696 3145 ipsis
1722 3079 1854 3130 satis
1891 3078 1995 3131 fuit

422 3146 478 3198 in
515 3147 770 3214 praesenti
805 3161 903 3198 ova
940 3148 1191 3212 posuisse
1221 3188 1235 3206 ,
1302 3161 1423 3214 qua:
1474 3146 1566 3199 alii
1611 3147 1991 3211 excluderent,

424 3230 800 3285 canonenique
831 3216 898 3269 de
929 3218 1189 3283 episcopo
1218 3214 1835 3285 Constantinopolitano
1863 3231 1994 3270 con-

420 3284 632 3339 didisse
688 3285 850 3354 longe
905 3285 1403 3349 iuipudentiorem”
1452 3300 1614 3354 quani
1667 3285 1994 3354 imposwres

423 3363 674 3422 tempore
703 3355 933 3408 Coucilii
960 3354 1122 3422 primi
1157 3354 1751 3423 (lonstantinoliolitaui
1785 3364 1840 3409 et
1871 3355 1996 3409 Cal-

423 3424 838 3480 cbedonensis:
886 3425 952 3476 de
994 3440 1103 3492 quo
1132 3427 1287 3492 plura
1333 3425 1660 3478 Franciscus
1693 3424 1995 3480 Turrianus

385 3494 519 3548 'lib.
556 3495 622 3546 de
671 3503 847 3558 sexta,
901 3496 1153 3564 septima,
1207 3504 1279 3564 et”
1317 3504 1506 3548 octava
1559 3496 1790 3564 synodo.
1823 3495 1987 3548 Scen-

423 3573 514 3616 tus
551 3572 634 3617 cst
664 3564 912 3624 Pliotius,
946 3563 1040 3631 qui
1086 3579 1207 3632 qua:
1241 3563 1485 3616 Trullani
1527 3563 1616 3618 isti
1659 3564 1995 3631 legislatores

422 3634 764 3702 inceperant,
807 3634 1132 3703 perliceret,
1178 3634 1476 3687 ambitibne
1521 3635 1996 3687 tlironiL‘onstan-

423 3705 768 3772 tin0politaiii
807 3705 971 3756 simul
1022 3715 1075 3756 et
1109 3706 1295 3756 lurore
1335 3705 1390 3756 in
1442 3703 1726 3757 Nicolaum
1757 3705 1994 3771 primum

422 3775 764 3842 pontiﬁcem,
801 3773 930 3827 etin
965 3783 1196 3826 caeteros
1232 3772 1509 3842 Romanos
1533 3773 1787 3840 praesules
1809 3773 1999 3842 incen-

425 3841 541 3906 sus,
575 3845 717 3910 quod
752 3845 1078 3905 obstarent,
1112 3857 1181 3895 ne
1214 3843 1398 3894 sedem
1436 3841 2000 3907 Constantinopolita-

425 3928 551 3965 nam
587 3922 777 3964 contra
801 3912 891 3974 jus
917 3921 974 3962 et
1001 3912 1080 3962 las
1099 3923 1424 3976 occupatam
1447 3915 1632 3978 quiete
1666 3910 1995 3976 possideret.

425 3981 502 4034 De
525 3981 722 4032 l’liotio
754 3981 863 4034 dici
898 3988 1096 4046 potest,
1126 3983 1270 4048 quod
1301 3979 1674 4048 Tertullianus
1702 3980 1840 4048 libro
1865 3994 1997 4032 con-

429 4059 517 4103 tra
561 4049 993 4111 Valentinianos,
1032 4046 1156 4117 cap;
1187 4050 1241 4111 4,
1267 4049 1334 4107 de
1372 4047 1657 4102 Valentino
1694 4046 1998 4116 :Sperauc-

424 4127 510 4171 rat
531 4120 888 4188 episcopatum
923 4117 1226 4172 Valentinus
1249 4117 1521 4187 (l’botius)
1544 4119 1669 4187 quia
1705 4129 1752 4170 et
1789 4119 1997 4188 ingenio

424 4198 653 4258 poterat,
679 4200 725 4241 et
759 4188 984 4258 eloquio.
1019 4188 1122 4242 Sed
1163 4189 1328 4242 alium
1353 4204 1416 4241 ea:
1443 4190 1686 4258 martyrii
1722 4204 1999 4258 prwroga-

425 4257 534 4312 tiva
565 4258 664 4312 loci
710 4257 932 4327 potitum
953 4259 1282 4328 indignatus,
1321 4259 1383 4312 de
1406 4257 1644 4312 Ecclesia
1681 4257 1997 4313 audientiae

2101 3079 2205 3131 isto
2238 3080 2398 3132 etiam
2433 3078 2666 3134 concilio
2694 3079 2986 3132 concilium
3031 3088 3212 3146 petere
3237 3078 3378 3130 soliti
3418 3077 3660 3142 luci-int,

2097 3159 2159 3200 ut
2211 3149 2516 3200 Romanum
2567 3150 2877 3216 pontiﬁcem
2935 3150 2989 3200 in
3052 3148 3298 3200 ordinem
3355 3160 3661 3214 cogerent:

2097 3217 2311 3287 liocque
2368 3217 2582 3287 concilii
2645 3227 2913 3272 conventu
2950 3216 3292 3280 indicarent,
3340 3231 3650 3283 supremam

2097 3286 2502 3340 controversias
2545 3286 2880 3356 dijudicandi
2913 3298 2964 3340 et
3000 3287 3292 3339 delitiieiidi
3324 3294 3652 3352 potestatein

2098 3372 2206 3409 non
2254 3370 2371 3409 esse
2417 3371 2583 3423 penes
2623 3357 2926 3409 Romanum
2972 3359 3318 3424 pontilicem,
3353 3359 3444 3406 sed
3493 3370 3662 3422 penes

2098 3427 2267 3479 solam
2303 3425 2606 3494 synodum,
2644 3425 2909 3494 quidquid
2955 3427 3196 3494 pontilex
3243 3433 3431 3477 contra
3463 3427 3666 3478 sentiat

2098 3505 2192 3548 aut
2251 3495 2530 3549 decernat.
2593 3497 2765 3558 Adde,
2798 3494 2945 3563 quod
3001 3495 3296 3563 concilium
3336 3494 3652 3563 petebant;
3723 3538 3726 3540 ν

2099 3566 2193 3618 sed
2226 3580 2290 3618 eo
2324 3564 2662 3634 niodo,'quo
2702 3562 2846 3617 nunc
2895 3563 3189 3617 Lutlierani
3218 3603 3232 3624 ,
3288 3562 3566 3634 liberum,
3604 3573 3665 3616 ut

2098 3635 2420 3702 loquuntur,
2477 3645 2534 3687 et
2565 3633 2972 3698 Christianum,
3036 3635 3137 3697 hoc
3164 3643 3277 3697 est,
3339 3634 3498 3699 quale
3553 3633 3656 3701 ipsi

2098 3706 2412 3772 pustulam,
2447 3705 2587 3757 etin
2642 3719 2752 3772 quo
2807 3719 2870 3756 ea
2931 3704 3195 3757 duntaxat
3235 3710 3565 3772 sanetanturi
3605 3712 3662 3754 et

2099 3771 2527 3842 constituantur,
2577 3771 2701 3842 qua:
2752 3774 2854 3841 ipsi
2907 3773 3221 3840 postulant,
3256 3780 3312 3824 et
3332 3779 3508 3842 prout
3554 3771 3656 3838 ipsi

2101 3843 2404 3909 postulant.
2462 3841 2574 3896 lloc
2595 3840 2810 3897 scilicet
2837 3842 3067 3896 liberum
3093 3852 3178 3896 est
3204 3851 3262 3896 et
3284 3840 3652 3897 Christianum

2099 3912 2411 3964 concilium.

2173 3981 2359 4034 Restat
2395 3981 2510 4050 ipse
2537 3980 3012 4035 scbismaticorum
3051 3980 3266 4051 genius,
3294 3984 3380 4036 cui
3413 3981 3656 4036 solemne

2095 4050 2310 4121 judices
2361 4063 2548 4120 petere
2573 4089 2588 4115 ,
2649 4052 2742 4105 sed
2778 4052 2870 4105 ubi
2903 4051 3013 4104 uati
3059 4050 3293 4114 iuerint,
3321 4069 3350 4106 a
3379 4064 3656 4106 sententia

2099 4135 2288 4173 eorum
2343 4122 2451 4173 alio
2509 4121 2783 4189 appellare
2817 4137 2830 4174 :
2866 4130 3031 4175 testes
3077 4131 3243 4184 sunt,
3275 4130 3333 4174 ut
3363 4123 3498 4177 alios
3546 4137 3657 4174 non

2099 4191 2400 4252 nominem,
2433 4190 2746 4259 Donatistae,
2778 4191 2870 4259 qui
2902 4192 3292 4245 controversiae
3321 4207 3443 4244 eum
3477 4191 3659 4244 Caeci-

2099 4260 2246 4312 liano
2268 4260 2511 4328 jiidicem
2545 4258 2875 4326 ﬂagitarunt.
2917 4260 3084 4314 Datus
3116 4269 3198 4312 est
3233 4275 3262 4312 a
3293 4259 3660 4314 Constantino

423 4329 622 4398 regulae
656 4331 871 4408 abrupit
903 4338 978 4408 iiut
1027 4330 1195 4408 solent
1225 4331 1394 4408 animi
1417 4345 1522 4408 pro
1561 4332 1800 4408 prioratu
1839 4331 1992 4382 exciti
2029 4352 2071 4408 υ
2100 4329 2434 4408 imperatore
2470 4329 2798 4408 ale-loliiades
2842 4330 3083 4408 pontiieg
3139 4328 3433 4408 Romanus.
3482 4332 3661 4382 Abso-

422 4399 832 4471 prazsumptione
856 4399 1070 4452 ultionis
1096 4400 1331 4469 accendi)
1356 4403 1424 4453 ad
1441 4399 1854 4468 expugnandam
1869 4414 1988 4451 con-

424 4485 605 4523 uersus
643 4473 938 4532 veritatem,
985 4479 1034 4522 et
1067 4471 1344 4536 cujusdam
1393 4471 1582 4538 ueteris
1616 4470 1876 4538 opinionis
1907 4483 1988 4522 se-

423 4539 555 4592 mini
579 4550 700 4592 actu
731 4540 1004 4592 colubroso
1045 4543 1184 4593 vium
1207 4541 1513 4593 detineavit.
1542 4537 1668 4594 ιιωε
1693 4538 1987 4595 Tertullia-

423 4623 531 4663 nus
560 4611 628 4664 de
665 4609 993 4680 Valentino,
1025 4623 1132 4680 ego,
1161 4609 1230 4663 de
1261 4610 1455 4664 Pbotio
1474 4623 1494 4680 :7
1523 4611 1615 4678 qui
1647 4609 1728 4662 ira
1753 4608 1987 4678 e’iaspe-

422 4680 859 4748 ratusadversus
879 4677 1103 4733 Latinos
1125 4679 1430 4733 insurrexit
1447 4677 1728 4748 objectans
1755 4677 1986 4745 cuinea,

420 4763 544 4818 qua:
577 4747 764 4803 Patres
793 4747 1060 4812 Tralli-ni,
1091 4759 1204 4802 tum
1245 4747 1548 4818 praisertitn
1583 4749 1988 4818 processioneni

423 4817 666 4888 Spiritus
687 4820 860 4872 sancti
906 4833 937 4872 ε
961 4819 1122 4888 l’atre
1146 4829 1202 4872 et
1221 4817 1380 4883 Filio,
1398 4829 1453 4872 et
1476 4817 1811 4871 additionem
1843 4817 1987 4871 illam

422 4887 493 4944 ad
549 4889 866 4956 Symbolum
905 4904 920 4942 :
960 4887 1222 4955 Filioque.
1289 4890 1474 4942 Exstat
1530 4890 1634 4941 boc
1665 4897 1990 4956 argumento

421 4959 564 5014 liber
593 4958 775 5014 Pliotii
821 4962 876 5013 in
913 4959 1248 5013 bibliotheca
1285 4958 1567 5012 Bavarica.

493 5029 735 5084 Tandem
786 5029 968 5083 Leone
1024 5028 1095 5082 IX
1181 5030 1440 5098 pontiliize
1491 5027 1762 5094 maximo,
1813 5024 1986 5080 Graeci

422 5100 602 5154 omnis
629 5101 745 5170 jugi
795 5102 904 5170 jam
936 5099 1286 5170 impatientes
1316 5101 1370 5152 in
1427 5109 1751 5170 perpetuum
1799 5107 1856 5151 et
1896 5112 1990 5170 ge-

423 5170 610 5223 nerale
638 5169 876 5222 scbisina
917 5169 1243 5238 eruperunt,
1299 5171 1534 5238 ducibus
1569 5169 1826 5222 Michaele
1871 5169 1990 5235 cpi-

421 5252 590 5306 seOpo
639 5237 1275 5308 Constantinopolitano,
1352 5249 1407 5293 et
1466 5237 1650 5292 Leone
1725 5239 1988 5306 episcopo

421 5307 1114 5380 Achridanoinbulgaria,
1138 5321 1328 5364 contra
1353 5324 1490 5378 quos
1514 5320 1573 5362 ut
1596 5309 1989 5380 longissimam,

423 5381 500 5434 ita
530 5386 583 5430 et
615 5378 983 5431 doctissiniain
1029 5381 1312 5446 epistolam
1343 5381 1566 5448 scripsit
1607 5377 1719 5432 Leo
1750 5377 1818 5430 lx
1854 5393 1992 5446 pon-

426 5451 582 5512 til'ex,
617 5458 872 5502 accurate
911 5463 1103 5502 omnes
1143 5466 1332 5502 eorum
1365 5451 1618 5518 querelas
1661 5463 1758 5503 seu
1805 5451 1989 5516 potius

428 5520 842 5573 criminationes
874 5519 1157 5584 refellens,
1193 5524 1286 5587 qui
1316 5518 1572 5572 Romana:
1610 5519 1868 5572 Ecclesia:
1893 5533 1989 5585 pot-

427 5588 703 5642 tissinium
725 5588 958 5658 crimini
986 5589 1210 5651 dabant,
1237 5592 1382 5658 quod
1425 5593 1477 5641 in
1505 5590 1712 5658 azymis
1756 5603 1871 5641 rem
1903 5589 1985 5640 di-

422 5661 603 5714 vinam
631 5659 852 5712 faceret.
886 5657 1229 5714 Addiderunt
1256 5657 1443 5729 postea
1490 5657 1583 5714 alii
1623 5658 1798 5713 Graeci
1833 5659 1936 5712 alia
1967 5696 1985 5724 ,

2098 4399 2249 4452 lutus
2267 4407 2353 4452 est
2379 4399 2722 4453 Caecilianus.
2759 4397 3005 4453 Dainuati
3040 4398 3354 4453 Donatista.
3389 4397 3533 4454 Num
3563 4413 3656 4451 ac-

2099 4467 2478 4537 quieveruiit‘i
2508 4469 2859 4522 Postularunt
2905 4468 3042 4522 alios
3074 4468 3308 4537 iudices.
3355 4469 3473 4522 Dati
3527 4478 3660 4521 sunt

2095 4549 2152 4591 et
2186 4537 2298 4602 isti,
2336 4538 2528 4592 eodem
2581 4552 2770 4593 rursus
2816 4547 3040 4593 eventu.
3090 4539 3229 4591 Num
3257 4542 3658 4602 acquieverunt

2100 4607 2394 4662 Donatistae
2417 4608 2440 4660 ?
2468 4607 2691 4662 Minime
2718 4623 2869 4665 vero.
2897 4607 3058 4661 Aliud
3115 4607 3354 4661 tribunal
3383 4607 3654 4675 quaesive-

2100 4687 2248 4741 runt,
2276 4693 2308 4731 a
2337 4692 2447 4744 quo
2491 4681 2672 4730 denuo
2705 4677 3054 4731 condemnati
3089 4685 3236 4732 sunt.
3276 4678 3381 4733 Sed
3425 4681 3654 4730 frustra.

2098 4745 2350 4816 Dainuari
2383 4746 2560 4815 potuit
2581 4746 2900 4815 pertinacia,
2927 4747 3073 4800 vinci
3097 4757 3192 4800 aut
3219 4747 3525 4816 l'rangi.non
3555 4761 3657 4812 po-

2105 4818 2208 4870 tuit
2239 4833 2252 4869 :
2287 4815 2427 4869 Puto
2455 4819 2593 4886 quod
2642 4817 2750 4886 ipse
2773 4819 3030 4879 diabolus,
3078 4819 3254 4884 inquit
3305 4815 3523 4870 sanctus
3547 4819 3657 4868 Au-

2095 4888 2378 4957 gustinus,
2411 4888 2570 4955 epist.
2631 4887 2756 4952 ιυ7,
2793 4888 2837 4938 si
2887 4889 3201 4941 auctoritate
3245 4888 3461 4955 judicis,
3500 4899 3654 4957 quem

2099 4956 2238 5010 ultro
2262 4961 2521 5025 elegerat,
2573 4959 2724 5009 toties
2752 4957 3066 5017 vinceretur,
3099 4972 3204 5010 non
3247 4964 3376 5009 esset
3419 4966 3530 5008 tam
3556 4956 3659 5025 ini-

2099 5028 2321 5096 pudens,
2340 5023 2406 5078 ἰιι
2437 5029 2491 5079 in
2537 5041 2597 5078 ea
2623 5042 2786 5079 causa
2821 5027 3144 5095 persisteret.
3182 5025 3302 5080 Non
3323 5027 3481 5080 aliter
3506 5023 3656 5092 egis-

2098 5095 2216 5150 Sent
2263 5096 2434 5150 Graeci
2491 5097 2653 5150 toties
2698 5105 2855 5150 antea
2902 5095 3144 5149 damnati
3174 5112 3189 5148 :
3225 5097 3350 5149 licet
3403 5096 3656 5148 tileinens

2099 5168 2366 5236 pontifex,
2404 5166 2772 5221 Cantacuzeni
2816 5177 3027 5234 rogatu,
3055 5167 3319 5235 synodum
3341 5177 3656 5236 convocas-

2097 5235 2201 5297 Set,
2239 5239 2384 5305 quod
2409 5238 2619 5306 aliquot
2649 5245 2773 5305 post
2803 5239 2961 5289 annis
2984 5237 3040 5288 in
3070 5237 3302 5290 concilio
3336 5235 3656 5306 Florentino

2099 5308 2446 5360 manifestum
2472 5305 2666 5361 e’vaSit.
2699 5306 2884 5374 Itaque
2918 5321 3054 5359 vana
3079 5316 3164 5360 est
3201 5305 3426 5375 querela
3456 5305 3658 5358 Canta-

2097 5381 2314 5443 cuzeni,
2364 5392 2488 5430 cum
2523 5378 2598 5429 ait
2638 5376 2860 5429 Latinos
2903 5390 3001 5428 sua
3041 5377 3292 5445 dogmata
3325 5377 3391 5428 ab
3425 5375 3655 5445 aliarum

2096 5446 2461 5521 Ecclesiarum
2489 5447 2788 5521 rectoribus
2803 5444 3140 5498 discutienda
3159 5462 3266 5500 non
3283 5444 3656 5521 proposuisse,

2096 5517 2444 5586 nimiumque
2493 5519 2598 5570 sibi
2661 5530 2986 5585 arrogasse,
3033 5519 3361 5585 contemptis
3415 5517 3655 5586 caeteris-

2094 5582 2369 5642 Vanitatis'
2417 5591 2755 5656 redarguunt
2795 5582 3015 5639 vdiClulll
3051 5588 3157 5642 hoc
3195 5582 3398 5655 scripta
3447 5582 3654 5656 Nucem

2093 5659 2255 5727 primi
2288 5669 2344 5714 et
2372 5657 2570 5714 Leonis
2589 5654 2693 5721 lx,
2727 5666 2785 5712 ut
2813 5656 3000 5713 sileam
3025 5658 3254 5714 concilia
3283 5654 3407 5712 ante
3449 5654 3645 5710 Canta-
