1998 3109
217 114 253 146 75
806 111 969 142 JOANNIS
989 107 1251 140 CANTACUZENI
1802 106 1839 144 ‘75

215 175 311 204 ratus,
337 175 367 198 ttt
394 170 505 199 credere
534 170 613 198 velint
641 169 733 197 omnia
762 177 823 204 quae
854 175 1004 196 commune

1059 166 1252 200 ΠαλαιοΜγων
1267 166 1376 202 Μιχαὴλ
1393 166 1473 194 τοῦτο
1488 167 1701 203 τετολμημένον,
1717 169 1748 195 οὐ
1762 171 1842 203 συνῄε-

210 218 408 253 μορίεεοροισιιηι
428 217 560 252 judicium
583 221 611 243 et
627 216 762 243 sententia
779 215 813 242 de
830 215 881 242 tide
897 214 1002 242 consti-

215 264 310 295 tuerit,
331 268 406 291 extra
433 264 484 290 hoc
510 262 575 289 nulli
602 270 644 288 me
675 262 787 289 novitati
811 261 945 288 addicam.
972 259 1004 286 Et

215 316 278 337 cum
298 309 440 343 episcopos
462 314 568 339 omnes,
589 312 644 333 tum
665 306 734 333 alios
754 305 1003 333 ecclesiasticarum

215 355 374 390 dogmatum
405 352 565 380 defensores
598 359 630 379 ac
657 356 785 386 patronos
811 351 862 378 hoc
886 358 1004 386 propen-

184 395 189 406 ¹
216 401 324 429 sissime
347 399 468 426 facturos
487 398 605 433 opinor;
625 399 666 425 sin
686 397 848 425 auctoritate
868 396 1003 431 imperiali

217 446 424 482 compellantur,
444 451 524 470 aures
548 444 735 474 obturaturos,
758 447 787 469 ιιι
811 449 863 469 nec
887 442 1003 476 primam

215 500 310 520 vocem
339 491 487 526 excipiant.
512 490 672 524 Quanquam
698 497 750 516 nec
771 489 842 522 apttd
863 496 911 515 vos
937 487 1004 515 milti

217 540 297 566 tidem
325 537 448 564 habitum
477 536 510 562 iri
537 541 613 570 puto.
634 535 655 562 si
685 536 721 562 ita
750 535 846 562 leviter
877 535 1005 568 nttlloqtte

216 584 343 612 examine
367 583 500 618 dogmatis
521 583 620 609 vestris
640 582 840 616 subscripsere.
858 581 909 614 Qui
931 580 1003 607 enim

217 638 313 665 parum
329 633 490 656 constanter
506 627 633 660 inhaeret,
646 632 672 654 et
686 632 797 661 paratus
812 630 852 653 est
877 626 1006 652 deserere

217 684 278 710 qua:
308 675 425 709 majores
450 673 488 699 illi
516 672 706 702 tradiderunt.
733 675 760 697 et
785 671 812 697 in
839 670 939 705 quibus
965 673 1006 696 cst

218 721 359 751 educatus,
379 727 470 754 quam,
496 725 599 752 quteso,
618 721 709 744 teneat
735 716 768 743 de
794 717 951 743 recentibus
975 714 1006 741 li-

217 768 301 795 (ἰουιῖ
318 766 451 799 Quocirca
476 764 661 792 necessarium
678 764 809 796 arbitror,
828 763 849 790 si
871 763 942 790 idern
961 770 1006 789 ro-

217 815 260 842 bis
276 812 449 849 probabitur,
468 819 549 846 super
565 811 647 838 rebus
672 810 739 837 adeo
762 809 853 844 magni
876 808 1005 835 momettti

218 859 394 887 orientalium
430 856 698 890 occidentaliutnque
725 856 913 889 epiSt-oporunt
940 861 1006 880 con-
1024 869 1042 895 Β

219 910 331 932 ventum
355 901 555 930 cecuntenicum
578 900 722 927 celebrari.
748 899 774 926 Id
795 901 817 927 si
842 899 897 931 ﬁat,
920 898 1006 925 lidcl's

219 955 260 977 est
274 950 355 980 Deus,
371 948 417 983 qui
434 954 484 973 nos
501 954 515 973 a
531 945 646 972 veritate
662 945 789 972 aberrare
804 952 858 971 tton
877 944 1006 979 patietur.

220 997 249 1023 Si
268 996 352 1030 igitur
368 994 432 1021 Asia
462 997 489 1020 et
504 992 622 1026 Europa,
639 991 869 1026 quemadmodum
889 989 964 1021 olim,
979 989 1006 1015 in

220 1041 406 1068 Romanorum
427 1038 544 1074 itnperio
564 1042 755 1067 cemerentur,
772 1036 842 1071 apud
861 1043 911 1063 nos
926 1043 1008 1070 syno-

219 1088 269 1115 dus
281 1086 401 1122 cogenda
414 1091 496 1113 esset.
509 1085 586 1118 Quod
600 1092 659 1111 cum
674 1084 729 1110 ﬁeri
740 1083 795 1118 jam
809 1083 1005 1117 nequeat(nam

218 1138 246 1160 et
261 1140 328 1167 papa
343 1132 397 1158 huc
413 1130 547 1166 proﬁcisci
563 1129 659 1163 nequit
673 1133 719 1156 :et
733 1128 800 1155 mihi
814 1132 867 1154 tam
879 1127 960 1161 longe
973 1126 1007 1153 ab

219 1178 334 1214 imperio
349 1177 489 1204 discedere
500 1180 612 1210 propter
622 1175 791 1202 continentia
804 1174 883 1205 bella,
893 1173 1008 1200 vicinos-

218 1232 272 1261 que
286 1224 431 1255 Barbaros,
448 1227 475 1249 et
490 1222 622 1257 dynastas
639 1221 717 1252 alios,
731 1221 810 1247 nobis
826 1219 946 1254 undique
963 1219 1003 1245 in-

219 1270 390 1301 cumbentes,
407 1268 455 1302 qui
469 1275 531 1294 cum
547 1267 580 1294 de
597 1266 648 1293 [ide
665 1266 805 1292 nobiscum
821 1264 952 1297 sentiant,
967 1268 1007 1290 ta-

221 1323 281 1342 men
295 1315 388 1342 hostes
400 1321 428 1340 se
441 1312 611 1348 profitentur,
624 1318 677 1338 non
688 1316 729 1337 est
744 1309 846 1344 facile),
861 1309 883 1336 si
897 1314 924 1336 et
937 1308 1007 1344 patri

219 1369 296 1397 papa:
304 1360 453 1392 videbitur,
463 1358 592 1386 adloeum
603 1357 717 1392 aliquem
731 1356 896 1383 maritimum
916 1355 942 1381 in
953 1362 1008 1382 me—

221 1409 264 1434 dio
280 1412 462 1439 utrorumque
485 1404 566 1431 situm
590 1410 724 1431 consensu
742 1401 919 1429 dcveniemus
937 1410 943 1428 :
964 1400 1008 1428 ille

219 1461 281 1481 cum
296 1451 454 1479 Occidentis
468 1450 613 1485 episcopis,
629 1457 678 1484 ego
694 1457 755 1476 cum
772 1447 933 1483 patriarchis
963 1453 1008 1473 co—

221 1506 335 1533 runtque
348 1497 495 1532 episcopis.
507 1495 538 1522 Et
551 1496 577 1522 in
594 1503 640 1529 spe
655 1503 726 1526 sum,
740 1494 824 1521 Deum
840 1493 1007 1528 benignitate

1056 220 1164 245 νεγκεν,
1183 212 1250 238 ἀλλὰ
1265 213 1354 247 χεῖρον
1370 212 1466 247 γέγονε
1477 212 1507 238 τὸ
1522 214 1627 247 ῥῆγμα,
1643 213 1718 248 καὶὴ
1734 213 1844 241 διάστα-

1059 266 1101 288 σις
1114 258 1304 293 χαλεπωτέρα.
1323 257 1361 284 Δι’
1377 258 1395 284 ἃ
1410 257 1469 284 οὐδὲ
1487 258 1567 289 αὐτὸς
1586 259 1677 293 οἴομαι
1694 260 1843 294 πεισθήσει

1057 303 1120 331 σθαι
1134 313 1199 330 ποτε
1216 305 1281 340 πρὶν
1296 304 1490 340 οἱκουμενικὴν
1512 305 1621 331 σύνοδον
1638 305 1843 341 ἀθροισθεῖσαν,

1056 349 1086 375 τὸ
1100 350 1194 376 δοκοῦν
1221 351 1340 385 ἀσφαλὲς
1364 351 1560 385 ἀποφήνασθαι
1581 352 1646 385 περὶ
1668 352 1718 386 τὴν
1737 352 1841 384 πίστιν,

1056 395 1245 431 ἐπιχειρήσειν
1263 396 1343 427 αὐτός
1358 405 1388 422 τε
1413 397 1558 431 προσέχειν
1574 397 1775 431 καινοτομίαις,
1795 399 1843 424 καὶ

1057 440 1199 476 βιάζεσθαι
1214 442 1277 473 τοὺς
1294 442 1400 472 ἄλλους·
1412 442 1443 468 οὐ
1457 442 1501 469 διὰ
1514 442 1568 477 τὴν
1581 443 1746 477 Ἐκκλησίαν
1762 444 1843 477 μόνον

1056 487 1103 512 καὶ
1116 487 1146 512 τὸ
1161 487 1332 521 Χριστιανῶν
1347 487 1421 514 ἅπαν
1438 488 1587 522 πλήρωμα,
1603 489 1670 515 ἀλλά
1685 489 1732 516 καὶ
1745 489 1779 515 δι’
1792 490 1842 524 ἐμὲ
1864 511 1869 515 ς

1055 532 1147 559 αὐτόν.
1167 533 1287 567 Καῗγάρ
1308 532 1395 564 οὕτως
1413 533 1478 567 ἔχω,
1496 533 1534 564 ὡς
1559 535 1627 560 πᾶσι
1663 534 1713 568 μὲν
1731 535 1845 569 πεισθη-

1057 579 1170 613 σόμενος
1191 578 1257 612 ἅττα
1285 579 1317 605 ἂν
1344 579 1396 605 ὑπὸ
1416 579 1509 614 κοινῆς
1540 579 1654 614 γνώμης
1670 580 1725 606 τῶν
1749 582 1844 615 ἀρχιε-

1057 625 1127 659 ρέων
1154 625 1218 658 περὶ
1242 625 1292 657 τῆς
1320 624 1438 656 πίστεως
1469 625 1679 660 ὲπιψηφισθείη·
1703 626 1799 652 τούτου
1815 626 1844 652 δὲ

1056 671 1184 701 ἀπόντος.
1202 670 1362 705 καινοτομίᾳ
1388 671 1503 706 οὐδεμιᾷ
1519 672 1670 706 προσέξων.
1695 671 1794 705 Οἵομαι
1816 671 1846 698 δὲ

1057 718 1103 742 καὶ
1118 716 1182 747 τοὶς
1205 716 1351 751 ἀρχιερέας
1369 716 1502 748 ἅπαντας,
1521 718 1567 742 καὶ
1583 717 1645 748 τοὺς
1663 717 1758 748 ἄλλους
1781 717 1844 747 τοὺς

1056 762 1199 796 δογμάτων
1214 761 1267 788 τῶν
1279 762 1326 796 τῆς
1335 762 1499 797 Ἐκκλησίας
1517 762 1669 797 τροφίμους
1682 764 1749 797 πρὸς
1766 763 1846 789 τοῦτο

1059 808 1108 841 μὲν
1123 807 1233 833 ἔσεσθαι
1256 806 1414 842 προθύμους
1431 808 1558 842 μάλισται
1585 810 1617 834 ἂν
1640 809 1667 835 δὲ
1694 809 1843 843 βιάζοιντο.

1058 853 1181 888 ἀρχικῶς
1197 853 1228 879 τὰ
1241 850 1298 879 ὦτα
1313 853 1459 888 βύσαντσῗς,
1475 853 1543 889 μηδὲ
1560 855 1609 889 τῆς
1627 854 1737 889 πρώτης
1753 855 1847 886 ἀνέξε-

1059 899 1121 924 σθαι
1138 899 1239 933 φωνῆς.
1258 899 1352 925 Καίτοι
1375 907 1407 932 γε
1431 899 1491 925 οὐδὲ
1513 900 1577 934 παρ’
1603 900 1666 934 ὑμῖν
1691 900 1740 934 ἐμὲ
1770 900 1829 931 ἁξιό

1046 947 1148 979 ’χρεων
1172 943 1226 978 ἐγὼ
1242 945 1346 978 νομίζω
1364 944 1474 971 ἔσεσθαι
1498 945 1567 979 πρὸς
1591 946 1682 971 πίστιν
1712 946 1776 980 περὶ
1791 946 1845 973 τιίν

1060 990 1223 1024 μελλόντων,
1243 991 1266 1015 εί
1282 990 1382 1025 ῥᾳδίως
1398 990 1470 1017 οὕτω
1489 991 1537 1018 καὶ
1551 992 1736 1025 ἀνεξετάστως
1753 993 1798 1019 ἐπὶ
1811 992 1845 1018 τὰ

1058 1034 1189 1061 δοκοῦντα
1209 1035 1333 1069 δόγματα
1351 1036 1416 1071 ὑμῖν
1437 1038 1635 1073 μεταχωρήσω.
1659 1038 1689 1064 'U
1712 1039 1765 1073 γὰρ
1788 1041 1845 1070 τοῖς

1059 1082 1111 1108 ὑπὸ
1123 1082 1177 1107 τῶν
1195 1082 1337 1117 προγόνων
1355 1083 1599 1118 παραδεδομένοις,
1617 1085 1663 1110 καὶ
1689 1083 1730 1115 οἷς
1750 1086 1845 1111 συντέο

1058 1128 1164 1163 θραπτο
1177 1128 1259 1160 αὐτὸς
1275 1129 1313 1163 μὴ
1333 1129 1405 1156 πάνυ
1421 1130 1563 1164 προσέχων
1578 1130 1717 1164 ἀσφαλῶς,
1741 1131 1797 1157 ἀλλ’
1814 1131 1845 1163 ἐξ

1058 1174 1167 1209 ἑτοίμου
1184 1174 1357 1209 προϊέμενος,
1372 1176 1433 1202 τινα
1446 1175 1479 1202 ἂν
1494 1175 1551 1211 ἔχοι
1566 1177 1631 1212 περὶ
1649 1177 1702 1203 τῶν
1720 1178 1845 1212 προσφά-

1057 1229 1112 1247 των
1126 1220 1218 1246 πίστιν
1231 1228 1238 1253 ;
1254 1221 1294 1247 Δι’
1305 1219 1322 1247 ἃ
1337 1221 1441 1255 νομίζω
1460 1221 1520 1247 δέον
1537 1219 1618 1255 εῖναι,
1632 1223 1659 1248 εἴ
1670 1231 1703 1256 γε
1719 1223 1766 1249 καλ⁵
1780 1222 1845 1257 ὑμῖν

1059 1268 1266 1303 συνδοκεῖ,περῒ
1280 1269 1335 1295 τῶν
1356 1269 1429 1295 οὕτω
1446 1269 1574 1303 μεγάλων
1593 1270 1700 1297 σύνοδον
1717 1271 1845 1305 οἰκουμε-

1059 1313 1137 1349 νικὴν
1158 1311 1261 1351 ὲνῇηοῖ
1274 1323 1303 1341 τε
1323 1315 1386 1350 ἑῷοι
1419 1315 1466 1342 καὶ
1489 1316 1514 1341 οἱ
1534 1316 1658 1351 ἑσπέριοι
1680 1316 1846 1351 παρέσονται

1059 1358 1199 1394 ἀρχιερεῖς
1215 1359 1354 1393 γενέσθαι.
1370 1359 1472 1386 Τούτου
1492 1360 1520 1386 δὲ
1536 1360 1734 1395 γεγενημένου,
1748 1361 1846 1392 πιστὸς

1058 1404 1072 1430 ὸ
1089 1404 1167 1436 Θεὸς,
1183 1404 1213 1436 ὃς
1226 1406 1301 1440 ἡμᾶς
1316 1405 1365 1432 οὐκ
1388 1406 1464 1432 ἐάσει
1478 1406 1528 1441 τῆς
1540 1406 1670 1441 ἀληθείας
1687 1407 1847 1441 ἀποπλανη-

1059 1450 1149 1484 υῆναι.
1167 1451 1197 1477 Ei
1217 1451 1266 1485 μὲν
1292 1450 1338 1478 οὖν
1361 1451 1456 1486 ὥσπερ
1473 1452 1609 1487 πρότερον
1635 1452 1687 1478 ὑπὸ
1711 1452 1760 1487 τὴν
1777 1452 1845 1479 Ῥω·

1060 1497 1149 1531 μαίων
1165 1496 1306 1531 βασιλείαν
1331 1497 1347 1532 ἦ
1370 1505 1400 1523 τε
1421 1497 1498 1523 Ἀσία
1515 1498 1562 1524 καὶ
1585 1498 1703 1533 Εὐρώπη
1720 1498 1846 1531 διετέλει,

221 1553 270 1573 sua
283 1543 463 1571 adducturum
479 1550 529 1569 nos
543 1542 569 1568 in
585 1549 694 1568 omnem
706 1540 860 1573 veritatem,
880 1547 931 1567 nec
947 1547 1007 1573 pcr-

1058 1541 1123 1577 παρ¹
1141 1542 1207 1576 ἡμῖν
1225 1542 1277 1568 ἔδει
1301 1542 1351 1577 τὴν
1368 1542 1478 1569 σύνοδον
1491 1543 1679 1579 ἀθροισθῆναι.
1713 1545 1791 1571 Ἐπεὶ
1815 1545 1845 1572 δὲ

221 1591 381 1622 missurum,
400 1595 430 1616 ut
453 1588 562 1624 negotio
584 1588 686 1614 infecto
706 1591 885 1614 revertamur.
902 1586 943 1612 Ad
959 1593 1007 1612 ex-

221 1642 338 1663 tremum
356 1636 467 1670 adjecit,
483 1635 506 1662 si
525 1641 599 1669 papa:
616 1633 737 1668 placeret
754 1631 1006 1667 syttoduntfcolligi.

221 1682 364 1710 celerrime
387 1681 421 1708 ad
447 1688 476 1707 se
498 1681 624 1706 nuntium
646 1679 777 1711 mitteret,
796 1678 840 1712 qui
861 1685 890 1705 se
912 1682 939 1705 et
960 1685 1009 1705 att-

222 1729 317 1756 nuisse
331 1727 418 1758 illum,
435 1730 462 1753 et
479 1726 512 1753 de
527 1726 585 1757 loco
601 1733 631 1752 ac
648 1730 781 1759 tctnpore,
795 1724 904 1758 quando
919 1728 946 1751 et
961 1724 1007 1750 ubi

223 1772 380 1807 congregari
408 1771 535 1802 debeant,
554 1770 698 1797 certiorem
720 1770 838 1802 faceret;
861 1770 914 1798 sibi
933 1770 1006 1797 enim

222 1819 256 1846 ad
283 1817 452 1853 patriarchas
486 1816 608 1850 aliosque
635 1815 779 1850 episcopos
818 1816 1009 1843 convocandos

223 1871 299 1891 tnora
318 1863 440 1898 longiore
459 1869 528 1897 opus
549 1862 616 1888 fore.
635 1861 698 1888 llaec
724 1861 872 1895 imperator
887 1861 920 1888 ad
938 1861 1009 1896 lega-

224 1909 325 1936 tionetn
347 1915 434 1941 papae,
450 1915 509 1941 qua:
530 1906 610 1941 legati
630 1906 750 1940 episcopi
770 1907 946 1933 vehementer
963 1914 1009 1941 ap-

224 1955 382 1988 probantes,
403 1958 430 1980 et
457 1960 518 1980 cum
547 1956 637 1982 antea,
659 1956 713 1978 tum
738 1952 898 1984 discessuri,
917 1953 1018 1983 multis

222 2001 257 2028 ab
273 2008 307 2027 eo
323 1999 482 2026 tnuneribus
495 1997 573 2035 culti,
587 1997 615 2024 in
630 1997 731 2024 Italiam
751 1998 891 2025 redierant
906 2007 913 2025 :
929 1998 1008 2033 737

223 2054 255 2073 ac
274 2045 394 2080 pontitici
414 2044 579 2078 legationem
599 2043 799 2075 renuntiantes,
817 2044 909 2070 multis
926 2044 1009 2079 impe-

224 2097 343 2119 ratoretn
374 2090 503 2118 laudibus
530 2090 728 2124 prmdicarunt,
755 2096 930 2124 cxaratasquc
951 2097 965 2116 (ι
981 2098 1010 2117 se

224 2137 414 2172 ephemeridas
438 2135 628 2164 ostenderunt.
655 2134 727 2170 Papa
757 2140 784 2162 et
812 2135 869 2169 ipse
899 2144 952 2162 non
980 2143 1010 2163 se

223 2179 240 2210 εἰ
254 2182 356 2218 synodo
373 2182 525 2208 abhorrere
543 2180 696 2212 confessus,
714 2180 840 2208 celeriter
861 2180 945 2213 misit,
961 2181 1007 2214 qui

223 2229 249 2256 ei
264 2228 398 2258 dicerent,
416 2226 562 2253 consilium
577 2226 637 2259 ejus
653 2233 682 2252 se
698 2226 774 2253 \‘alde
789 2226 927 2260 amplecti,
944 2234 1008 2253 con-

223 2278 335 2300 vcntttm
367 2271 557 2306 episcoporum
586 2271 636 2297 sibi
669 2278 729 2297 esse
760 2270 787 2297 in
819 2271 1007 2305 optatissimis.

224 2319 358 2350 Caeterum
384 2316 527 2350 epiScopos
548 2322 613 2342 suos
632 2323 728 2342 omnes
746 2315 773 2342 in
792 2319 874 2343 unum
894 2324 1008 2351 congre-

223 2369 311 2400 gatos,
327 2363 417 2389 locum
447 2367 473 2388 et
490 2367 598 2395 tempus
621 2355 724 2395 synodo
740 2362 853 2397 agundae
868 2363 1009 2390 nominare

222 2410 334 2438 debere.
365 2407 477 2434 Interim
503 2406 574 2433 haud
596 2407 681 2433 multo
698 2412 757 2441 post
782 2415 890 2434 rursum
908 2415 922 2434 a
939 2415 1008 2442 papa

222 2457 320 2483 littcne
345 2452 503 2488 imperatori
520 2451 682 2485 redduntur,
707 2453 807 2486 quibus
835 2454 1007 2486 monebatur,

223 2507 252 2528 ut
276 2499 552 2535 procrastinationem
569 2498 667 2532 synodi
687 2498 859 2532 negligentiae
875 2499 956 2526 alicui
974 2507 1008 2526 ne

223 2546 386 2573 attribueret
401 2553 408 2571 :
422 2552 451 2572 se
466 2544 576 2578 quidem
592 2543 776 2571 Ecclesiarum
793 2545 1009 2579 redintegrandaa

224 2590 379 2618 concordiae
405 2590 471 2616 nihil
498 2591 724 2617 antevertendum
752 2590 870 2623 ducere,
895 2596 923 2618 et
957 2591 1009 2618 hoc

224 2643 309 2663 unum
327 2636 355 2662 in
373 2643 478 2662 summe
505 2636 668 2662 necessariis
688 2644 846 2668 numerare,
864 2637 933 2663 bello
961 2644 1010 2662 att-

225 2687 280 2709 tcm
301 2680 420 2707 maxime
441 2680 466 2706 in
487 2680 561 2706 Italia
582 2680 653 2708 inter
672 2681 877 2716 potentissimos
902 2682 1008 2716 regulos

224 2729 330 2757 exorto,
353 2723 499 2758 multisque
518 2724 659 2751 hominum
682 2725 802 2753 millibus
822 2727 1008 2758 concursuris,

224 2771 323 2797 decere
338 2777 368 2796 se
392 2769 418 2795 in
440 2769 540 2803 primis
551 2775 580 2796 ut
596 2774 698 2804 patrem
716 2771 897 2804 spiritualent,
914 2779 1007 2805 pacem

224 2814 279 2842 illts
304 2819 329 2840 et
356 2813 441 2841 otium
466 2815 646 2842 eonsuadere.
667 2816 726 2848 Quo
745 2824 777 2843 ex
794 2817 930 2844 sententia
952 2826 1009 2851 per-

223 2859 307 2891 fecto,
328 2859 398 2887 nihil
423 2859 561 2894 antiquius
587 2860 604 2888 l;
627 2862 630 2865 ’
686 2868 755 2894 rum,
772 2860 852 2896 quam
878 2863 1009 2891 consultis

1058 1589 1136 1615 τοῦτο
1155 1589 1202 1615 νῦν
1218 1589 1362 1623 ἀδύνατον,
1392 1591 1406 1616 ὅ
1420 1599 1449 1617 τε
1466 1591 1519 1626 γὰρ
1540 1592 1634 1623 πάπας
1650 1592 1768 1619 ἐνταῦθα
1783 1593 1847 1626 ἀφι-

1059 1635 1158 1660 κέσθαι
1181 1635 1321 1667 ἀδυνάτως
1336 1636 1405 1670 ἔχει,
1423 1636 1486 1670 ἐμοί
1500 1645 1529 1662 τε
1554 1637 1584 1663 οὐ
1610 1637 1703 1672 ῥᾴδιον
1718 1637 1846 1664 τοσοῦτον

1059 1680 1209 1716 ἀποστῆναι
1235 1681 1285 1716 τῆς
1311 1682 1399 1716 ἀρχῆς
1426 1681 1470 1708 διὰ
1488 1681 1550 1713 τοὺς
1573 1684 1696 1717 συνεχεῖς
1709 1683 1846 1718 πολέμους

1059 1726 1106 1753 καὶ
1130 1727 1192 1757 τοὺς
1206 1727 1378 1762 πανταχόθεν
1400 1727 1529 1758 ἐπιόντας
1555 1728 1621 1762 ἡμῖν
1645 1728 1799 1763 βαρϐάρους
1815 1737 1845 1756 τι

1059 1771 1121 1805 τοὺς
1135 1771 1263 1806 ὁμόρους,
1277 1773 1323 1798 καὶ
1339 1772 1400 1803 τοὺς
1412 1772 1508 1804 ἄλλους
1521 1773 1664 1805 δυνάστας,
1679 1775 1703 1801 οἳ
1715 1776 1780 1809 περὶ
1795 1777 1846 1810 τὴν

1059 1816 1150 1843 πίστιν
1164 1818 1229 1852 ἡμῖν
1240 1818 1315 1844 οὐδὲν
1322 1818 1529 1853 διαφερόμενοι,
1542 1820 1616 1854 ὅμως
1627 1820 1752 1855 πολέμιοί
1764 1822 1843 1854 εἰσιν,

1060 1863 1084 1888 ει
1097 1863 1195 1897 καὶτῷ
1215 1864 1298 1898 πατρὶ
1321 1863 1453 1895 συνδόξειε
1474 1865 1562 1899 πάπᾳ,
1580 1865 1647 1899 πρός
1661 1874 1687 1892 τι
1705 1866 1759 1892 τῶν
1774 1875 1845 1902 παρ-

1060 1908 1143 1935 αλίων
1167 1909 1323 1943 ἀψιξόμεθα
1343 1910 1452 1944 χωρίων
1476 1911 1508 1937 ὲκ
1533 1910 1711 1945 συνθήματος,
1729 1911 1844 1945 ὓμέσως

1059 1954 1092 1981 ἂν
1108 1955 1184 1989 σχοίη
1199 1955 1341 1989 ἑκατέροις
1365 1956 1433 1991 προς
1451 1956 1605 1982 ἀπόστασιν
1622 1956 1678 1983 τῶν
1694 1951 1772 1984 οἶκοι.
1789 1958 1844 1984 Καὶ

1060 1999 1132 2027 οὕτω
1147 2001 1375 2035 συνελευσόμεθα,
1393 2002 1496 2033 ἐκεῖνος
1515 2002 1565 2036 μὲν
1580 2002 1643 2033 τοὺς
1659 2004 1691 2029 ἐκ
1705 2002 1754 2037 τῆς
1769 2003 1848 2029 ἐστιέ.

1063 2054 1109 2080 ρας
1125 2046 1196 2080 ἔχων
1213 2047 1372 2081 ἀρχιερέας,
1395 2048 1450 2081 ἐγὼ
1469 2039 1581 2079 δὲ”τοὺς
1604 2048 1777 2083 πατριάρχας
1801 2050 1847 2075 καὶ
1895 2066 1897 2068 -

1061 2091 1124 2122 τοὺς
1139 2091 1185 2116 ὑπ’
1211 2092 1303 2123 αὐτοῖς
1317 2092 1462 2123 τελοῦντας
1487 2093 1666 2124 ἐπισκόπους.
1683 2094 1805 2120 Πιστεύω
1819 2095 1846 2120 6‘s

1061 2135 1120 2170 Θεῴ
1149 2136 1186 2167 ὡς
1211 2136 1370 2171 ἀπράκτους
1401 2138 1475 2172 ἡμᾶς
1500 2138 1662 2164 ἐπανελθεῖν
1685 2138 1735 2164 οὐκ
1760 2138 1845 2171 ἐάσει,

1023 2181 1129 2231 Dem
1155 2183 1188 2217 τῇ
1216 2182 1337 2217 σφετέρᾳ
1366 2184 1541 2217 χρησάμενος
1559 2183 1762 2217 φιλανθρωπίᾳ,
1786 2184 1848 2218 ὁδη-

1063 2227 1143 2262 γήσει
1162 2228 1235 2262 ἡμᾶς
1253 2228 1292 2258 εἰς
1308 2228 1398 2253 πᾶσαν
1414 2228 1463 2262 τὴν
1480 2228 1621 2262 ἀλήθειαν.
1650 2228 1712 2254 Ἐπὶ
1731 2229 1801 2255 τέλει
1817 2229 1847 2255 δὲ

1064 2273 1204 2299 καὶτοῦτο
1218 2274 1384 2307 προσετίθει,
1400 2274 1436 2305 ὡς
1458 2275 1483 2300 εί
1505 2275 1621 2309 ἀρεστὸν
1639 2274 1682 2309 εἴη
1702 2275 1782 2310 πάπᾳ
1796 2276 1848 2310 τὴν

1061 2318 1169 2344 σύνοδον
1201 2319 1446 2353 συγκροτηθῆναι,
1470 2319 1585 2354 τάχιστα
1616 2317 1693 2350 αὖθις
1726 2320 1849 2354 πέμπειν

1060 2364 1191 2397 ἀγγελίαν
1209 2364 1277 2399 πρὸς
1293 2365 1384 2395 αὐτὸν,
1414 2365 1426 2390 ὅ
1442 2365 1468 2390 τι
1491 2374 1519 2390 τε
1538 2365 1665 2391 συνέθετο
1679 2362 1847 2400 μηνύουσαν,

1060 2410 1108 2436 καὶ
1122 2410 1168 2435 τὸν
1184 2411 1266 2436 τόπον
1283 2410 1329 2436 καὶ
1345 2410 1389 2436 τὸν
1405 2411 1500 2445 χρόνον
1519 2411 1547 2436 ὲν
1566 2407 1587 2443 ᾦ
1600 2412 1740 2445 προσῆκον
1756 2411 1849 2437 συνελ-

1061 2454 1127 2483 θεῖν.
1140 2456 1196 2482 Οὺκ
1207 2455 1298 2489 ὀλίγου
1310 2456 1364 2490 γὰρ
1374 2455 1518 2491 δεήσεσθαι
1527 2457 1622 2490 χρόνου
1634 2456 1680 2481 καὶ
1691 2456 1773 2482 αὑτὸν
1784 2457 1848 2488 τούς

1060 2509 1088 2526 τε
1098 2502 1270 2536 πατριάρχας
1282 2501 1530 2536 μεταπεμπόμενον
1549 2502 1665 2533 καὶτοὺς
1675 2501 1771 2533 ἄλλους
1786 2502 1849 2528 ἑπι-

1061 2545 1189 2576 σκόπους.
1216 2546 1333 2572 Τοιαῦτα
1361 2547 1436 2580 μὲνὸ
1463 2546 1682 2583 βασιλεὺςφπρὺς
1704 2547 1753 2579 τὴν
1778 2554 1848 2581 πρε-

1062 2591 1156 2617 σϐείαν
1174 2592 1253 2617 πάπα
1267 2592 1435 2625 ἀπεκρίνατο
1452 2599 1459 2606 ·
1477 2591 1525 2617 καὶ
1543 2592 1632 2618 ἐδόκει
1649 2592 1774 2626 βέλτιστα
1790 2593 1847 2623 τοίς

1062 2636 1297 2670 πρεσὸευομὲνοις
1321 2636 1504 2668 ἐπισκόποις,
1527 2636 1552 2662 οἳ
1576 2637 1681 2663 πολλῶν
1713 2637 1849 2672 πρότερόν

1060 2691 1089 2707 τε
1113 2683 1157 2708 καὶ
1176 2682 1322 2717 μέλλοντες
1347 2683 1502 2717 ἀναχωρεῖν
1518 2682 1593 2716 παρὰ
1614 2682 1746 2717 βασιλέως
1769 2683 1850 2718 εὐερ-

1061 2728 1159 2761 γεσιῶν
1191 2728 1320 2762 τυχόντες
1344 2747 1352 2759 ,
1381 2728 1491 2762 ἀπῆραν
1527 2727 1596 2762 πρὸς
1630 2728 1680 2761 τὴν
1711 2728 1817 2753 οἰκείαν
1839 2735 1847 2742 ·

1061 2772 1107 2798 καὶ
1125 2773 1342 2806 παραγενόμενοι
1367 2773 1435 2807 πρὸς
1456 2772 1559 2805 πάπαν,
1576 2773 1626 2805 τήν
1640 2780 1668 2797 τε
1695 2772 1847 2806 πρεσϐείαν

1060 2819 1240 2853 ἀπήγγελλον,
1258 2819 1304 2845 καὶ
1327 2818 1441 2850 πολλοὺς
1463 2818 1604 2853 διεξῄεσαν
1619 2817 1748 2849 ἐπαίνους
1773 2818 1844 2853 ὑπὲρ

1060 2865 1205 2900 βασιλέως,
1228 2867 1276 2890 καὶ
1296 2865 1344 2895 τὰς
1369 2874 1407 2896 γε·
1424 2865 1568 2897 ,οαμμένας
1594 2864 1736 2897 ὲφηυεοίδ.
1754 2873 1761 2876 -
