3996 6218
332 259 400 324 79
1515 247 1833 308 JOANNIS
1873 246 2400 307 CAN’I‘ACUZENI
3436 299 3439 301 .
3487 235 3562 310 tl)

331 361 401 428 ob
429 369 714 427 dimissum
759 365 1005 428 militem,
1049 377 1210 432 quem
1261 376 1476 414 rursum
1540 375 1734 430 cogere
1783 367 1890 411 tam

2000 376 2156 410 τινων
2188 358 2505 428 φροντίδων.
2531 356 2744 422 Μεταξὺ
2766 358 2823 411 δὲ
2859 357 3119 422 ὁδεύοντι,
3153 357 3450 430 ἠγγέλλετο
3479 361 3558 424 ὡς

336 465 486 520 brevi
531 472 777 531 tempore
821 472 933 511 non
981 462 1216 525 poterat,
1251 451 1655 520 metuebatque,
1691 465 1759 504 ne
1807 451 1889 503 in-

336 565 483 610 terea
529 553 658 608 dum
709 557 959 621 cogeret,
1002 546 1180 600 Persae
1229 559 1351 598 cum
1401 543 1578 612 praeda
1617 541 1671 594 in
1708 540 1888 621 Asiam

335 625 753 712 renavigarent,
791 620 863 692 et
918 637 1032 705 ipse
1085 633 1361 689 incassum
1420 631 1652 687 veniret.
1702 620 1890 698 itaque

336 743 578 797 coactus,
612 738 934 802 praesentem
972 726 1184 796 copiam
1237 725 1293 778 in
1345 724 1465 778 illos
1499 724 1666 787 ducit,
1700 731 1753 778 et
1791 738 1889 792 po-

335 825 527 881 stridie
572 821 712 892 apud
762 827 1003 873 montem
1043 815 1254 886 Lippiei
1307 815 1634 885 appellatum
1682 825 1890 868 castra-

336 914 663 969 metantibus
712 909 1134 980 apprOpinquat.
1172 905 1337 960 Forte
1371 905 1424 959 in
1464 905 1582 959 loco
1631 903 1890 973 impedito

334 1004 512 1058 Persae
566 985 879 1065 tendebant,
918 1007 971 1053 et
1027 998 1410 1065 imperatorem
1459 993 1749 1066 conﬂigere
1797 1008 1893 1050 vo-

335 1096 533 1148 lentem
579 1093 769 1146 adesse
815 1089 1153 1143 nesciebant.
1204 1089 1502 1156 lmperator
1533 1096 1715 1140 autem
1759 1087 1890 1140 locis

333 1183 663 1245 ditlicilibus,
700 1181 967 1248 fossisque
1023 1187 1077 1231 et
1111 1177 1342 1231 vallibus
1375 1177 1721 1246 interruptis,
1754 1191 1890 1244 quos

332 1275 567 1330 ducebat
606 1272 1005 1340 cataphractos,
1040 1269 1334 1338 sagittariis
1380 1268 1593 1322 levibus
1650 1277 1705 1321 et
1738 1282 1892 1337 expe-

333 1366 462 1420 ditis
514 1362 867 1433 opponendos
915 1376 1023 1413 non
1071 1361 1317 1429 putabat.
1354 1357 1486 1412 Nam
1532 1368 1888 1428 praeterquam

304 1457 480 1527 quod
532 1448 716 1523 plures
764 1461 943 1513 erant,
985 1451 1151 1504 etiam
1205 1448 1574 1504 difﬁcultatem
1631 1450 1734 1503 loci
1784 1467 1889 1504 non

335 1563 525 1618 parum
557 1547 623 1600 iis
646 1546 710 1600 ad
737 1545 1017 1599 victoriam
1053 1542 1315 1597 momenti
1346 1543 1652 1596 allaturam.
1684 1543 1893 1598 Idcirco

337 1638 706 1708 prosp'ciehat
758 1636 894 1698 suis,
936 1645 993 1689 ut
1044 1633 1096 1686 in
1143 1633 1280 1688 locis
1329 1633 1695 1702 opacissimis,
1727 1643 1781 1689 et
1822 1635 1891 1688 ad

1994 448 2132 501 κατὰ
2183 449 2276 501 τὸν
2346 446 2738 517 Ἑλλήσποντον
2796 449 3026 518 στρατιά
3072 449 3296 519 Περσῶν
3356 451 3556 522 ἱππικὴ

1993 537 2361 606 περαιωθεῖσαι
2415 537 2582 605 ὀλίγῳ
2628 535 2888 601 ἐλάσσους
2922 537 3200 609 δισχιλίων
3227 539 3552 607 ἐπιλέκτων,

1993 627 2259 695 ἐτράπετο
2301 628 2392 680 ἐπὶ
2438 625 2730 697 λεηλασίαν
2765 625 2906 680 κατά
2948 626 3048 690 τὰς
3091 627 3192 698 τῆς
3213 627 3433 700 Θρᾴκης
3462 632 3560 683 πόδ

1992 718 2126 780 λεις.
2160 718 2394 788 Ἤχθετο
2444 719 2544 788 μὲν
2589 716 2682 772 οὖν
2740 717 2904 782 εὐθὺς
2945 721 2973 772 ό
3025 718 3281 788 βασιλεὺς
3315 721 3408 772 ἐπὶ
3453 719 3555 786 τῆς

1993 811 2254 878 στρατιᾶς
2302 813 2367 879 τῇ
2417 809 2688 863 διαλύσειο
2737 788 3188 879 μεταπέμπεσθαι
3240 810 3350 880 γὰρ
3399 805 3556 874 αὖθις

1992 903 2090 955 οὐκ
2123 903 2266 971 ἐνῆν,
2299 902 2398 954 οὐκ
2421 902 2777 968 ἐξαρκοῦντος
2797 901 2892 955 τοῦ
2922 902 3134 972 χρόνου.
3183 902 3406 956 Ἐδεδίει
3440 905 3552 973 γὰρ

1996 993 2070 1063 μὴ
2097 993 2151 1044 ἐν
2173 985 2217 1060 ᾧ
2257 993 2355 1061 τὴν
2389 988 2646 1061 στρατιὰν
2690 991 2959 1060 συλλέγων
3007 991 3293 1061 διατρίϐοι,
3327 993 3376 1044 οι
3413 993 3554 1062 Πέρ-

1995 1099 2084 1137 σαι
2119 1083 2215 1153 μὲν
2251 1085 2350 1152 τὴν
2393 1083 2542 1135 λείαν
2573 1084 2798 1150 ἄγοντες
2841 1078 3001 1146 αὖθις
3052 1083 3432 1154 περαιωθῶσιν
3475 1085 3556 1144 είς

2006 1172 2211 1240 Ἀσίαν,
2272 1173 2548 1245 ὑστερήσῃ
2593 1173 2650 1225 δὲ
2704 1173 2896 1227 ἐλθών.
2947 1174 3111 1227 Ὅθεν
3161 1176 3243 1236 εἰς
3309 1174 3560 1244 ἀνάγκην

1996 1265 2424 1333 συνωθούμενος,
2456 1264 2651 1336 ἐχώρει
2698 1265 2818 1335 μεθ’
2853 1257 2926 1318 ὧν
2969 1260 3118 1334 εῖχεν
3162 1265 3248 1318 ἐπ’
3291 1264 3554 1326 ἐκείνους,

1993 1357 2088 1410 καὶ
2143 1358 2224 1419 είς
2275 1355 2372 1428 τὴν
2408 1355 2687 1421 ἐπιοῦσαν,
2732 1343 3164 1426 ἑγγὺςᾌγέιῖετο
3213 1356 3458 1425 Περσῶν,
3505 1356 3560 1408 οῖ

1996 1446 2546 1516 ἐστρατοπεδευμένοι
2591 1443 2734 1518 ἦσαν
2773 1449 2915 1501 κατά
2945 1447 3005 1501 ea
3040 1447 3136 1501 τοῦ
3169 1447 3397 1509 Λίπικος
3431 1447 3557 1517 ὅρος

1995 1538 2560 1609 προσαγορευόμενον.
2619 1539 2826 1608 Συνέϐη
2885 1540 2942 1593 δὲ
2994 1540 3052 1592 ἔν
3111 1557 3171 1593 τε
3227 1540 3558 1609 δυσχωρίαις

1993 1628 2118 1691 τοὺς
2158 1628 2372 1699 Πέρσας
2418 1628 2967 1699 ὲστρατοπεδεῦσθαι,
3014 1631 3106 1684 καὶ
3149 1630 3316 1701 μηδὲν
3357 1630 3562 1682 εἰδέναι

333 1729 720 1784 occultandum
768 1741 889 1782 sese
938 1726 1150 1781 idoneis
1195 1727 1573 1790 dens‘arentur,
1607 1740 1730 1780 cum
1766 1741 1892 1779 cau-

2000 1721 2122 1788 περὶ
2165 1719 2448 1789 βασιλέως,
2481 1719 2557 1784 ώς
2585 1722 2752 1789 ἐγγὺς
2793 1721 2878 1791 εἴη
2927 1722 3339 1791 συμπλέκεσθαι
3371 1720 3558 1792 βουλό-

336 1824 485 1877 tione
541 1823 732 1885 multa,
778 1836 845 1874 ne
903 1837 931 1874 a
981 1819 1234 1882 Barbaris
1288 1818 1762 1888 conspicerentur.
1815 1819 1893 1874 lla

334 1915 605 1984 reliquum
645 1912 784 1967 diem
833 1912 1252 1977 consumebant,
1286 1911 1534 1964 fallentes
1580 1910 1700 1966 illos
1740 1912 1831 1981 qui
1865 1926 1895 1965 e

340 2006 560 2074 regione
594 2014 769 2058 castra
803 2004 1096 2057 habebant.
1131 2001 1256 2056 Sole
1282 2002 1392 2070 jam
1425 2001 1730 2066 occidente,
1762 2001 1892 2055 Bar-

336 2096 452 2152 bari
485 2097 680 2150 castris
714 2096 1010 2165 praedatum
1047 2107 1155 2163 quo
1189 2093 1392 2147 libebat
1424 2093 1808 2161 procedebant,
1843 2101 1898 2146 et

335 2185 632 2254 imperator
670 2200 764 2238 eos
804 2184 950 2237 lento
985 2183 1154 2252 gradu
1202 2191 1313 2237 tota
1364 2191 1526 2236 nocte
1563 2183 1897 2239 omnimodis

335 2277 507 2330 latere
552 2276 779 2330 studens
831 2274 1180 2342 Sequebatur.
1218 2273 1380 2342 739
1412 2273 1642 2328 Postero
1693 2276 1780 2330 die
1827 2277 1895 2330 ad

335 2365 610 2419 ldesenam
662 2363 920 2431 oppidum
978 2362 1195 2432 agmina
1249 2362 1410 2416 ambo
1462 2363 1722 2428 veniunt,
1774 2379 1898 2418 con-

337 2454 596 2522 ﬂictuque
646 2453 802 2511 inito,
841 2451 1068 2504 Romani
1119 2452 1368 2520 plurimis
1403 2453 1761 2508 Barbarorum
1805 2471 1898 2510 oc-

338 2545 488 2605 cisis,
525 2542 710 2595 multis
749 2540 911 2594 etiam
957 2540 1153 2608 captis,
1188 2540 1390 2594 virtute
1431 2541 1732 2595 victoriam.
1749 2543 1896 2598 obti-

339 2641 595 2687 nuerunt.
636 2632 693 2684 ln
733 2647 910 2701 pugna
959 2631 1100 2684 alter
1151 2630 1398 2697 ducum,
1441 2630 1899 2689 Caramachumet

339 2721 624 2786 vocabulo,
662 2721 894 2783 cecidit;
935 2718 1092 2786 pauci
1141 2718 1230 2788 qui
1281 2719 1336 2773 in
1384 2735 1624 2789 praesens
1666 2735 1896 2778 mortem

337 2813 668 2882 effugerunt,
706 2825 828 2863 cum
880 2810 1251 2864 Maratumano
1284 2810 1454 2865 altero
1492 2811 1628 2865 duce
1663 2813 1898 2868 desertis

340 2906 514 2975 equis.
543 2903 734 2958 collem
787 2905 1074 2971 quemdam
1124 2910 1483 2971 occuparunt,
1524 2902 1665 2956 unde
1707 2904 1898 2958 crebro

1998 1828 2180 1880 μενος.
2213 1812 2435 1865 Βασιλεῖ
2461 1813 2516 1866 δὲ
2542 1813 2642 1866 οὐκ
2683 1813 2856 1867 ἐδόκει
2878 1813 2986 1867 δεῖν
3016 1816 3074 1868 ὲν
3099 1813 3428 1885 δυσχωρίαις
3465 1813 3560 1865 καὶ

1997 1902 2242 1973 τάφροις,
2272 1903 2366 1955 καὶ
2401 1905 2642 1976 φάραγξι
2678 1905 3129 1975 διατετμημένοις
3163 1905 3382 1976 χωρίοις
3408 1901 3564 1969 τοξό-

1994 2012 2114 2057 ταις
2170 1995 2262 2047 καὶ
2321 1996 2605 2050 εύσταλένσι
2665 1999 2761 2052 καὶ
2816 1999 3076 2070 κούφοις,
3134 1997 3556 2067 καταφράκτους

1994 2087 2140 2153 ἀγων
2186 2086 2597 2155 συμπλέκεσθαι
2660 2088 2800 2160 πρὸς
2861 2090 3064 2160 μάχην.
3129 2089 3272 2158 Πρὸς
3326 2089 3434 2158 γὰρ
3482 2085 3560 2156 τῷ

1997 2174 2428 2239 πολλαπλασίους
2475 2172 2642 2244 εἶναι,
2685 2179 2778 2231 καὶ⁵
2833 2180 2864 2248 ή
2919 2177 3196 2250 δυσχωρία
3247 2179 3350 2231 οὐκ
3404 2175 3562 2244 ὀλίγα

1999 2265 2360 2336 συμϐαλεῖται
2421 2268 2556 2335 πρὸς
2607 2267 2705 2338 τὴν
2761 2269 3054 2340 νίκηνσδι’
3097 2269 3135 2324 ἃ
3188 2269 3406 2322 ἐκέλευε
3462 2268 3561 2339 τὴν

1997 2359 2260 2428 στρατιὰν
2291 2358 2717 2427 καταζευγνύειν
2743 2361 2802 2416 ὲν
2827 2361 3015 2426 τόποις
3061 2361 3298 2432 μάλιστα
3324 2373 3556 2431 συνηρειι

1996 2449 2122 2518 ῳέσι
2161 2451 2254 2502 καὶ
2288 2449 2606 2519 δυναμένοις
2631 2452 3027 2523 ἀποκρύπτειν,
3061 2452 3263 2522 πολλὴν
3295 2455 3555 2521 πρόνοιαν

1997 2542 2352 2610 ποιουμένους
2382 2543 2456 2612 μὴ
2488 2543 2778 2614 κατάδηλοι
2806 2545 3059 2612 γενέσθαι
3093 2547 3204 2609 τοῖς
3234 2543 3552 2616 βαρϐάροις.

1997 2634 2105 2685 Καὶ
2133 2633 2394 2703 διήγαγον
2420 2635 2564 2688 οὕτω
2591 2637 2652 2689 ea
2682 2637 2866 2689 λεῖπον
2899 2636 3000 2706 τῆς
3027 2636 3242 2707 ἡμέρας
3271 2637 3383 2698 τοῖς
3427 2635 3560 2704 βαρ·

1998 2722 2184 2791 ϐἀροις
2211 2725 2921 2796 ἁντιστρατοπεδευομὲνοις
2960 2724 3338 2795 ἀγνοούμενοι.
3365 2724 3562 2777 Δύνονι

1997 2830 2088 2876 τος
2121 2814 2178 2867 δὲ
2203 2815 2352 2881 ἡλίου
2376 2815 2500 2885 ἥδη,
2525 2817 2658 2869 οἵτε
2689 2817 2962 2887 Βάρὸαροι
2989 2819 3052 2870 ὲκ
3077 2816 3170 2870 τοῦ
3197 2817 3565 2886 στρατοπέδου

1999 2906 2251 2974 ἄραντες.
2288 2907 2531 2973 ἐϐάδιζον
2561 2927 2594 2983 ῃ
2621 2910 2805 2972 αὐτοῖς
2832 2909 3005 2963 ἐδόκει
3034 2912 3126 2965 ἐπὶ
3149 2909 3224 2978 τῷ
3251 2909 3563 2978 ληῖσασθαιε
3613 2969 3618 2971 Α

342 2997 394 3047 in
460 2993 735 3046 Romanos
782 2990 1118 3061 iaculantes,
1174 2989 1481 3059 multosque
1537 3000 1592 3044 et
1637 3006 1806 3060 equos
1846 3000 1897 3045 ct

2003 2996 2110 3048 Καὶ
2147 2999 2173 3048 ὁ
2213 2996 2465 3065 βασιλεὺς
2492 2997 2590 3068 τὴν
2623 3000 2878 3069 στρατιὰν
2911 2999 3070 3070 ἔχων,
3107 3001 3191 3072 ᾔει
3232 3000 3395 3070 σχολῇ
3427 3015 3561 3052 κατ-

341 3086 540 3139 militcs
574 3082 917 3136 vulnerantes
951 3095 1072 3136 sese
1106 3081 1414 3136 tuebantur.
1457 3082 1514 3135 ιιι
1539 3092 1755 3152 pcrator
1786 3085 1900 3136 suis

342 3177 580 3236 edicens.
610 3177 685 3229 uti
718 3189 893 3244 pugna
926 3173 1284 3238 abstinerent,
1311 3176 1533 3242 prepior
1559 3175 1749 3241 factus,
1775 3176 1902 3229 Per-

342 3284 430 3322 sas
481 3283 538 3322 sc
589 3266 784 3320 dedere
826 3264 1009 3332 jussit,
1048 3263 1188 3317 nihil
1235 3265 1455 3333 gravius
1505 3263 1898 3332 formidantes;

343 3368 462 3413 erat
491 3359 637 3414 enim
667 3357 771 3411 illis
802 3357 945 3410 haud
975 3355 1212 3424 ignotus.
1239 3355 1433 3425 quippe
1458 3357 1674 3424 quicum
1703 3357 1850 3424 ειυνίι
1877 3373 1902 3411 s

342 3448 485 3500 lwllo
519 3447 661 3500 civili
697 3445 1080 3498 militaverant.
1115 3441 1218 3508 Qui
1253 3443 1614 3504 allirmarunt,
1651 3447 1703 3498 iu
1737 3446 1903 3500 armis

344 3553 441 3607 pro
476 3552 534 3590 se
569 3536 887 3590 dimicantes
920 3545 1135 3604 paratos
1164 3535 1508 3600 occumbere,
1541 3549 1636 3590 nec
1665 3536 1901 3605 abjicere

341 3645 491 3699 spem
542 3627 753 3688 salutis,
792 3641 891 3680 nec
929 3641 1051 3679 cum
1088 3639 1348 3694 generosa
1394 3635 1568 3680 morte
1614 3626 1668 3679 in
1714 3628 1902 3696 praalio

345 3729 554 3788 turpem
612 3726 666 3772 ct
705 3717 966 3787 abjectam
1014 3716 1331 3770 servitutem
1367 3725 1703 3770 commutare
1742 3718 1900 3772 velle.

342 3811 583 3864 Vocante
633 3818 814 3862 autem
864 3822 962 3870 eo,
1018 3806 1376 3873 hortanteque
1426 3806 1504 3859 uti
1562 3808 1896 3862 confidentes

345 3898 478 3950 nihil
518 3910 675 3949 secus
717 3909 990 3961 passuros,
1027 3893 1256 3946 libenter
1295 3908 1353 3946 se
1389 3895 1678 3960 traderent,
1714 3896 1897 3949 statim

271 4055 275 4057 _
345 3994 712 4048 accesserunt,
751 3991 805 4036 et
851 3981 1186 4045 circumfusi,
1223 3997 1347 4035 eum
1391 3983 1563 4052 solum
1618 3985 1671 4038 in
1723 3987 1903 4041 medio

348 4080 602 4132 habentes
662 4075 991 4137 adorarunt,
1046 4075 1204 4142 eique
1255 4073 1699 4141 pcdes-osculati
1753 4085 1897 4131 sunt.

345 4169 466 4234 Quo
515 4167 636 4220 illos
686 4165 1015 4233 alloquente,
1051 4173 1106 4216 et
1151 4161 1398 4230 iniquum
1439 4161 1652 4218 facinus
1702 4178 1901 4233 eitpro-

347 4261 555 4318 brante,
596 4255 738 4323 quod
776 4254 932 4306 amici
969 4266 1091 4305 cum
1147 4259 1353 4313 essent,
1394 4253 1448 4306 in
1483 4267 1632 4307 suam
1679 4255 1901 4323 provin-

2003 3088 2128 3139 όπιν
2157 3087 2242 3140 διὰ
2286 3087 2466 3156 πάσης
2498 3088 2594 3158 τῆς
2633 3089 2850 3153 νυκτὸς,
2880 3093 3063 3144 πᾶσαν
3093 3091 3348 3160 πρόνοιαν
3378 3087 3562 3142 ποιού-

2007 3193 2168 3244 μενος
2213 3176 2564 3245 ἀγνοηθῆναι.
2600 3179 2678 3248 Τῇ
2732 3179 2959 3250 ἐπιούσῃ
3013 3180 3072 3232 δὲ
3111 3181 3171 3234 ὲν
3208 3180 3436 3250 Μεσήνῃ
3489 3179 3560 3248 τῇ

2002 3268 2154 3320 πόλει
2215 3270 2514 3339 σιδνηνὲχθη
2569 3270 2637 3323 τὰ
2697 3271 3039 3341 στρατόπεδα
3089 3271 3416 3342 ἀμφότερα,
3468 3271 3564 3324 καὶ

2003 3355 2304 3426 γενομένης
2335 3356 2632 3427 συμϐολῆς,
2665 3359 2860 3413 ἐνίκων
2888 3361 2936 3413 oi
2965 3359 3225 3428 Ῥωμαῖοι
3257 3361 3400 3414 κατά
3429 3359 3567 3430 κρά-

2003 3461 2114 3508 τος,
2161 3448 2253 3500 καὶ
2293 3447 2419 3510 τοὺς
2455 3448 2740 3511 πλείστους
2779 3449 2881 3518 μὲν
2931 3449 3181 3504 ἔκτειναν
3210 3449 3320 3505 τῶν
3343 3448 3561 3520 Βαρσά-

2009 3554 2114 3606 ρων
2140 3579 2154 3604 ,
2188 3532 2326 3590 εἷλον
2372 3539 2426 3591 δὲ
2458 3541 2550 3592 καὶ
2581 3539 2786 3604 ζῶντας
2817 3539 3065 3604 πολλούς.
3099 3541 3300 3595 Ἐπεσε
3331 3539 3387 3594 δὲ
3413 3541 3503 3593 καὶ
3536 3539 3568 3592 δ
3591 3609 3606 3621 .

2005 3632 2188 3702 ἕτερος
2222 3633 2331 3686 τῶν
2377 3636 2699 3706 στρατηγῶν
2733 3637 2875 3692 κατά
2905 3637 3004 3708 τὴν
3059 3639 3258 3708 μάχην,
3293 3639 3561 3708 Καραμα-

2003 3723 2207 3791 χούμετ
2243 3727 2806 3797 προσαγορευόμενος.
2854 3727 2912 3780 Ὀ
2942 3727 2998 3778 δὲ
3039 3725 3224 3789 λοιπὸς
3273 3728 3567 3796 Μαρατου-

2007 3813 2196 3882 μάνος,
2253 3814 2470 3883 ὀλίγους
2515 3817 2624 3870 τῶν
2683 3819 2741 3870 έν
2796 3817 2872 3887 τῷ
2921 3818 3120 3872 αὐτίκα
3167 3809 3226 3871 τδ
3274 3818 3568 3872 ἀποθανεὲν

2004 3903 2373 3972 διαφυγόντων
2435 3906 2608 3976 ἔχων,
2663 3908 2773 3962 τῶν
2837 3909 3018 3963 ἵππων
3065 3909 3371 3973 ἀποϐάντες
3417 3909 3573 3978 λόφῳ-

2005 3993 2430 4066 προσεχώρησάν
2491 4013 2632 4051 τινι’
2690 4000 2784 4052 καὶ
2851 4002 3224 4066 καταστάντες
3296 4001 3574 4070 ἠμύνοντο

2007 4085 2290 4155 βάλλοντες
2317 4093 2526 4161 συχνοῖς
2556 4093 2668 4154 τοῖς
2700 4092 2914 4162 βέλεσιν
2957 4094 3065 4148 ἀπὸ
3113 4094 3204 4147 τοῦ
3236 4094 3400 4163 λόφου
3437 4096 3565 4156 τοὺς

2019 4178 2341 4248 Ῥωμαίους,
2377 4181 2470 4234 καὶ
2507 4182 2734 4247 πολλοὺς
2764 4185 3091 4254 ἐτίτρωσκον
3139 4183 3477 4255 στρατιώτας
3506 4201 3565 4237 τε

2010 4269 2103 4322 καὶ
2127 4269 2346 4334 ἵππους.
2373 4269 2647 4333 Κελεύσας
2668 4273 2723 4325 δὲ
2753 4276 2780 4327 ὁ
2809 4273 3063 4345 βασιλεὺς
3091 4273 3427 4344 ἀποσχέσθαι
3461 4274 3565 4344 μά-

346 4349 483 4401 eiam
536 4347 856 4407 irruissent,
904 4343 1244 4413 Nicephorus
1287 4344 1510 4413 despota
1565 4359 1730 4414 gener
1776 4361 1897 4401 cum

2007 4377 2108 4428 χης
2137 4360 2199 4411 τὸ
2247 4362 2632 4431 στρατόπεδον,
2667 4343 2834 4432 ἐγγὺς
2885 4370 3177 4438 γενόμενος
3231 4343 3412 4431 αὐτὸς,
3445 4367 3566 4418 ἐκέ-

347 4438 783 4492 adolescentibus
831 4435 1153 4504 quibusdam
1204 4435 1476 4489 nobilibus
1524 4442 1728 4490 temere
1778 4451 1902 4505 per-

349 4530 580 4582 turbatis
621 4527 1012 4587 ordinibus,’in
1055 4515 1355 4579 eitremum
1390 4525 1686 4580 discrimen
1727 4527 1903 4596 impe-

345 4632 579 4673 ratorem
614 4617 865 4684 coniecit.
905 4617 1116 4670 Etenim
1150 4623 1370 4686 repente
1401 4617 1454 4670 in
1486 4617 1905 4672 circumstantes

346 4713 536 4765 Persas
588 4710 932 4762 incurrentes
969 4721 1064 4760 eos
1109 4710 1226 4760 neci
1274 4707 1492 4761 dabant.
1535 4707 1638 4774 Qui
1687 4710 1905 4767 nudatis

344 4803 588 4863 ensibus,
627 4798 802 4864 facile,
843 4799 886 4852 si
921 4797 1240 4862 voluissent,
1277 4797 1659 4866 imperatorem
1698 4799 1752 4854 in
1789 4816 1906 4856 me-

345 4897 434 4950 dio
466 4910 655 4949 eorum
692 4891 1083 4947 consistentem
1136 4890 1517 4946 trucidassent.
1564 4891 1685 4946 Rati
1719 4908 1900 4962 porro,

347 4984 399 5038 id
447 4983 588 5053 quod
642 4992 776 5045 erat,
822 4988 1019 5051 praeter
1068 4979 1212 5032 illius
1260 4979 1591 5035 voluntatem
1641 4982 1903 5037 militibus

347 5072 692 5126 turbantibus
723 5071 775 5124 id
807 5071 1092 5134 accidisse,
1122 5068 1261 5123 nihil
1295 5077 1492 5139 praeter
1534 5069 1612 5124 fas
1652 5081 1899 5142 egerunt.

346 5154 641 5230 hiiperator
701 5169 757 5213 ut
819 5161 1081 5229 quosdam
1137 5159 1344 5230 aspexit
1402 5159 1665 5226 interﬁci,
1722 5165 1904 5218 statim

346 5252 566 5307 Persica
622 5252 798 5319 lingua
850 5253 1160 5316 mandavit,
1219 5252 1296 5305 uti
1352 5251 1408 5306 in
1459 5253 1650 5308 collem
1711 5256 1904 5312 salutis

346 5357 509 5397 causa
572 5340 957 5410 confugerent,
1020 5356 1122 5395 nec
1185 5343 1330 5397 enim
1401 5342 1614 5398 Persice
1679 5345 1904 5400 omnino

345 5431 641 5487 nesciebat.
674 5432 876 5488 Navem
915 5432 1006 5487 illo
1038 5431 1267 5502 impetu,
1301 5449 1408 5488 una
1439 5448 1561 5488 cum
1591 5434 1728 5488 duce
1755 5435 1903 5509 dcsln

345 5523 585 5586 deratis,
641 5524 776 5579 collc
826 5540 1014 5580 rursus
1073 5539 1406 5590 conscenso,
1465 5541 1701 5597 pugnam
1758 5525 1904 5583 ciere

343 5610 681 5667 institerunt.
718 5614 1021 5682 Imperator
1059 5615 1140 5671 ira
1183 5615 1574 5681 inflammatus,
1607 5631 1900 5687 generum-

2004 4447 2126 4498 λευε
2179 4451 2290 4511 τοῖς
2342 4450 2580 4520 Πέρσαις
2623 4458 2968 4525 προσχωρεῖν
3017 4456 3164 4526 αὐτῷ
3220 4457 3386 4527 μηδὲν
3436 4457 3568 4509 ὑπο-

2006 4537 2303 4602 πτεύοντας
2357 4541 2553 4598 δεινόν.
2587 4539 2694 4596 Ἦν
2729 4546 2836 4614 γὰρ
2888 4548 3072 4610 αὐτοῖς
3137 4547 3235 4600 οὐκ
3287 4548 3567 4614 ἄγνωστος

2007 4628 2266 4692 πολλάκις
2323 4633 2759 4701 συστρατεύσασι
2807 4637 2946 4690 κατὰ
3003 4637 3095 4691 τὸν
3145 4638 3239 4689 τοῦ
3297 4637 3564 4707 ἐμφυλίου

2006 4719 2243 4789 πολέμου
2299 4723 2508 4792 χρόνον.
2545 4724 2629 4780 Οί’
2659 4726 2705 4779 δ’
2735 4728 2943 4796 ἔφασαν
2991 4729 3216 4800 γνώμης
3248 4730 3347 4799 μὲν
3392 4728 3565 4790 οὕτως

2007 4806 2170 4876 ἔχειν,
2205 4809 2278 4872 ὡς
2317 4811 2374 4864 ὲν
2433 4813 2543 4875 τοῖς
2587 4813 2771 4878 ὅπλοις
2811 4815 3174 4887 ἀποθνήσκειν
3209 4817 3567 4887 ἀμυνόμενοι,

2006 4901 2099 4952 καὶ
2154 4900 2226 4969 μὴ
2278 4905 2715 4972 καταπροῖεσθαι
2743 4905 2842 4969 τὰς
2870 4906 2964 4960 τοῦ
3002 4907 3272 4970 σώζεσθαι
3304 4906 3523 4970 ἐλπίδας
3545 4921 3561 4937 ο

2009 4990 2131 5060 μηδ’
2184 4991 2536 5047 ἀλλάττεσθαι
2603 4995 2849 5053 δουλείαν
2921 4998 3152 5069 αίσχράν
3210 4997 3306 5051 καὶ
3365 4999 3564 5068 ἀγεννῆ

2005 5084 2125 5136 ἀντὶ
2150 5083 2244 5137 τοῦ
2278 5086 2622 5156 μαχομένους
2654 5089 2916 5157 γενναίως
2959 5091 3342 5158 ἀποθνήσκειν.
3389 5089 3566 5143 Αὑτοῦ

2005 5175 2064 5228 δὲ
2117 5174 2409 5238 καλοῦντος
2474 5179 2569 5231 καὶ
2645 5179 2959 5243 κελεύοντος
3015 5180 3359 5252 θαρρεῖνςὼς
3414 5176 3567 5234 οὕδὲν

2007 5265 2414 5334 ὑπομενοῦντας
2443 5255 2689 5336 ἀγεννὲς,
2718 5269 3014 5340 προθύμως
3043 5271 3374 5343 ἐγχειρίσιιν
3397 5273 3566 5340 σφᾶς,

2005 5356 2101 5410 καὶ⁷
2137 5356 2448 5428 προσῄεσαν
2501 5360 2724 5424 αὐτίκα,
2753 5363 2847 5414 καὶ
2893 5363 3330 5435 περιϊστάμενοι,
3365 5378 3566 5433 προσε-

2003 5441 2198 5496 κύνουν
2217 5445 2312 5496 καὶ
2343 5444 2651 5513 ἠσπάζοντο
2681 5447 2809 5511 τοὺς
2835 5449 3001 5513 πόδας
3058 5452 3220 5520 μόνον
3249 5451 3463 5521 ἔχοντες
3506 5454 3567 5504 ὲν

2006 5531 2212 5603 μέσοις.
2259 5535 2650 5606 Διαλεγομένου
2683 5537 2738 5591 δὲ
2771 5539 2981 5593 ἐκείνου
3024 5544 3136 5604 τοῖς
3171 5543 3438 5612 Πέρσαις,
3469 5543 3564 5596 καὶ

2001 5623 2100 5694 τὴν
2135 5625 2527 5696 ἀγνωμοσύνην
2562 5629 2940 5696 ὀνειδίζοντος,
2970 5633 3184 5688 ὅτιτῶν
3217 5634 3388 5703 φίλων
3411 5633 3570 5696 ὄντες
