3996 6218
446 402 519 476 δι
1579 411 2116 477 IIISTORIARUM
2156 417 2386 492 LUiEll
2426 415 2521 474 IV.
3636 413 3707 474 8‘9.

447 509 845 584 στρατεύσειαν
879 513 971 566 ἐπὶ
1001 513 1097 583 τὴν
1129 514 1364 581 ἐκείνου,
1402 515 1715 587 Νικηφόρος
1754 519 2023 590 δεσπότης

2136 537 2236 591 que
2291 532 2346 575 et
2377 527 2577 576 milites
2607 538 2635 574 a
2668 519 2848 575 Persis
2882 534 3164 588 revocans,
3201 537 3394 592 pennas
3428 526 3712 582 confusio-

443 600 770 672 ὁβασιλέως
813 601 1061 671 γαμϐρὸς
1115 601 1252 672 μετά
1304 621 1465 659 τινων
1522 608 1725 678 ἐτέρων
1779 610 1914 662 νέων
1968 611 2028 678 ἐξ

442 693 818 763 εὐπατριδῶν,
876 695 1072 766 ἀταξίᾳ
1129 697 1470 768 χρησάμενοι
1519 706 1614 753 καὶ
1665 701 1918 774 ἀϐουλίᾳ,
1971 707 2029 758 ἐν

445 784 564 854 χρῷ
590 783 842 837 κινδύνου
870 787 1214 856 κατέστησαν
1257 790 1346 841 τὸν
1391 791 1618 860 βασιλέα
1639 806 1654 821 °
1694 792 1893 862 ἀθρόον
1922 793 2030 865 γάρ

441 879 562 937 τοῖς
595 878 988 946 περιεστηκόσι
1023 879 1261 948 Πέρσαις
1295 882 1716 952 ἐπιδραμόντες,
1760 885 2024 942 ἔκτεινον.

455 964 688 1020 Ἐκεῖνοι
722 967 779 1020 δὲ
824 969 1214 1038 γυμνώσαντες
1257 975 1328 1024 τά
1384 972 1534 1043 ξίφη,
1574 975 1771 1046 ῥᾳδίως
1802 978 1902 1048 μὲν
1963 980 2029 1032 ἂν

446 1059 499 1110 ιι
545 1057 828 1112 ἐϐούλοντο
865 1060 1186 1114 ἀπέκτεινον
1227 1062 1455 1133 βασιλέα
1507 1069 1564 1119 ἐν
1601 1067 1788 1136 μέσοις
1824 1087 2030 1140 περιει-

446 1148 769 1220 λημμένον·
826 1154 1152 1222 νομίσαντες
1202 1157 1257 1210 δέ
1311 1157 1448 1225 ὅπερ
1499 1154 1586 1230 ἦν,
1619 1161 1678 1213 ού
1733 1163 1875 1215 κατά
1931 1162 2030 1232 τὴν

446 1241 660 1294 ἐκείνου
707 1242 955 1312 γνώμην,
999 1244 1114 1297 ἀλλ’
1158 1246 1356 1318 ἀταξίᾳ
1383 1249 1492 1302 τῶν
1542 1252 1896 1321 στρατιωτῶν
1935 1270 2030 1322 γε-

443 1331 713 1402 γενῆσθαι
737 1335 835 1405 τὴν
865 1336 1179 1408 ἐπιϐουλὴν,
1215 1339 1619 1412 ἠγνωμόνησαν
1646 1345 1819 1398 οὐδέν.
1857 1346 2025 1398 Βασι-

443 1423 574 1486 λεὺς
599 1423 655 1478 δὲ
691 1426 814 1479 ἐπεὶ
845 1426 992 1497 ἐώρα
1027 1431 1430 1499 κτεινομένους,
1466 1434 1719 1487 ἐκέλευεν
1755 1435 1911 1500 αὖθις
1950 1437 2030 1499 εἰς

447 1515 542 1568 τὸν
572 1515 735 1583 λόφον
764 1518 1088 1587 ἀνατρέχειν
1121 1521 1385 1592 Περσιστὶ
1412 1527 1505 1578 καὶ
1541 1525 1810 1590 σώζεσθαι
1836 1545 1848 1559 ·
1877 1530 2033 1583 ἀπει-

446 1624 541 1676 ρος
578 1609 688 1676 γάρ
718 1609 780 1661 οὐ
829 1611 1178 1666 παντάπασιν
1227 1609 1296 1684 ἦν
1325 1616 1423 1687 τῆς
1452 1618 1675 1673 ἐκείνων
1719 1620 2030 1678 διαλέκτου.

444 1699 555 1750 Καὶ
597 1699 916 1762 ἀνελθόντες
959 1701 1115 1765 αὖθις
1163 1705 1490 1762 καθίσταντο
1529 1711 1608 1775 είς
1633 1714 1835 1782 μάχην,
1872 1715 2031 1770 ἐννέα

445 1788 591 1840 κατὰ
621 1789 721 1858 τὴν
750 1791 939 1859 ἔφοδον
989 1794 1267 1850 πεσόντων
1300 1801 1397 1852 καὶ
1434 1801 1528 1854 τοῦ
1565 1805 1893 1875 στρατηγοῦ.
1928 1807 2030 1860 Βα-

448 1879 633 1942 σιλεὺς
693 1881 748 1933 δὲ
805 1883 942 1951 πρὸς
1006 1885 1179 1956 ὀργὴν
1230 1889 1323 1942 τόν
1356 1909 1414 1944 τε
1469 1895 1742 1964 γαμϐρὸν,
1777 1899 2030 1963 καὶτοὺς

447 1972 792 2041 στρατιώτας
840 1976 1043 2048 ἀφίστη
1101 1982 1214 2033 τῶν
1273 1983 1522 2052 Περσῶν,
1585 1989 1681 2042 καὶ
1734 1989 1890 2054 δίκας
1933 1993 2032 2060 τῆς

442 2061 676 2127 ἀταξίας
732 2066 1008 2120 ἐπετίθει’
1072 2072 1183 2133 τοῖς
1235 2074 1622 2145 περιληφθεῖσι
1682 2079 1918 2151 Πέρσαις
1974 2083 2030 2135 δὲ

447 2156 589 2207 κειτά
621 2155 712 2208 τὸν
765 2157 926 2226 λόφον
984 2164 1403 2233 παρασχόμενος
1453 2167 1682 2237 δωρεὰς,
1715 2172 2032 2243 ἐλευθέρους

446 2244 779 2316 ἀπέπεμπεν
825 2251 903 2313 είς
962 2255 1061 2320 τὴν
1120 2253 1349 2321 οἰκείαν,
1400 2257 1497 2327 οὐχ
1553 2261 1747 2314 ἐαυτοῦ
1802 2265 2034 2332 νομίσας

446 2331 585 2388 εἶναι
621 2339 694 2407 μὴ
745 2340 1032 2407 διασώζειν
1078 2345 1209 2409 τοὺς
1238 2348 1753 2420 ἀπολυπραγμόιως
1809 2359 2030 2409 πιστεύ-

457 2441 652 2491 σαντας
710 2433 907 2501 ἐκείνῳ
960 2433 1058 2505 τὴν
1121 2437 1392 2508 σφετέραν
1445 2443 1740 2512 σωτηρίαν.
1790 2445 1927 2498 Ὑπὸ
1977 2448 2034 2502 δὲ

451 2517 544 2568 τὸν
590 2520 749 2575 αὐτόν
803 2524 997 2592 χρόνον
1054 2526 1146 2579 καὶ
1198 2529 1480 2595 Ματθαῖος
1511 2534 1540 2585 ό
1581 2535 1694 2598 υίὸς
1740 2536 1848 2590 τῶν
1893 2542 2032 2594 κατά

444 2609 545 2693 τῇ
579 2611 920 2685 Χαλκιδικὴν
959 2618 1170 2671 πόλεων
1231 2621 1374 2690 ἔχων
1427 2623 1526 2692 τὴν
1588 2627 1787 2699 ἀρχὴν,
1830 2631 2027 2703 ἑτέραν

448 2702 606 2792 {vim
646 2708 908 2776 στρατιάν
946 2709 1172 2780 Περσῶν
1215 2714 1390 2781 πεζήν
1416 2731 1429 2747 ο
1465 2716 1532 2787 ἢν
1583 2721 1742 2772 ναυσὶ
1798 2702 2036 2792 περαιω-

450 2787 658 2882 θεῖσαν,
681 2793 791 2882 καὶ
843 2794 912 2882 τά
968 2797 1153 2871 ἐκείνῃ
1202 2801 1380 2870 χωρία
1436 2801 1767 2878 ληϊζομένην
1812 2787 2033 2882 ἐνίκησε

448 2878 742 2948 συμϐαλὼν
807 2879 974 2950 οὖσαν
1032 2888 1132 2940 οὐκ
1185 2889 1406 2962 ὀλίγην⁸
1451 2895 1705 2960 καὶτοὺς
1743 2899 1842 2968 μὲν
1901 2878 2035 2954 ἀπέ-

447 2990 626 3027 κτεινε
657 2976 798 3030 κατά
837 2979 936 3049 τὴν
967 2981 1312 3052 μάχην,τοί)ς
1340 2987 1396 3040 δὲ
1425 2981 1535 3040 εἷλε
1567 2990 1798 3060 ζῶντας,
1823 2995 2035 3060 οὐδενὸς

445 3064 898 3136 ἀπολειφθέντος.
929 3073 1236 3148 Συνηνέχθη
1283 3078 1338 3129 δὲ
1376 3080 1628 3134 κάκεῖνον
1664 3086 1722 3136 ἐν
1761 3086 1878 3155 χρῷ
1912 3105 2031 3140 κινη

2136 615 2222 666 nis
2281 614 2442 683 hujus
2497 615 2782 684 sumpsit:
2828 614 3026 670 Persas
3085 617 3326 685 reliquos
3388 619 3441 672 in
3504 624 3716 677 tunmlo

2135 705 2293 760 donis
2343 706 2691 776 impertitos,
2747 709 2969 763 domum
3024 710 3222 765 liberos
3270 711 3480 766 dimisit
3518 751 3534 777 ,
3570 715 3713 771 haud

2134 813 2290 852 suum
2339 813 2460 853 esse
2501 800 2706 854 ducens
2745 817 2855 854 non
2889 817 3109 856 servare
3142 818 3236 858 eos
3278 806 3370 872 qui
3397 806 3448 860 ei
3481 807 3712 863 salutem

2134 907 2288 945 suam
2331 893 2468 946 bona
2515 893 2618 946 ﬁde
2666 893 3050 947 credidissent.
3087 893 3200 949 Sub
3236 897 3376 950 idem
3415 907 3630 968 tempus
3661 913 3716 954 et.

2134 984 2420 1039 MalllhIBIIS
2457 984 2800 1041 Chalcidices
2843 986 3058 1041 urbium
3094 988 3386 1058 przefectus
3421 991 3712 1047 Persarum

2135 1077 2476 1146 pedestrem,
2535 1092 2764 1147 eamque
2829 1092 2938 1132 non
2999 1079 3248 1149 exiguam
3308 1083 3713 1137 multitudinem

2136 1169 2368 1224 navibus
2415 1168 2482 1222 ad
2527 1169 2639 1224 loca
2698 1168 2784 1222 illa
2839 1169 3144 1240 diripienda
3195 1173 3480 1241 trajectam
3535 1176 3712 1228 vicit:

2135 1261 2299 1333 ’140
2340 1272 2393 1315 et
2437 1263 2573 1316 alios
2605 1261 2828 1331 quidem
2865 1261 3164 1327 interemit,
3197 1263 3335 1317 alios
3377 1266 3540 1334 cepit,
3576 1265 3717 1319 desi-

2133 1354 2322 1408 derato
2370 1369 2434 1406 ex
2484 1354 2600 1408 suis
2645 1355 2890 1408 nemine.
2933 1353 3105 1417 Quem
3157 1355 3335 1423 ipsum
3387 1371 3607 1424 quoque
3653 1373 3716 1409 eo

2134 1443 2388 1498 conﬂictu
2427 1445 2912 1511 praesentissimum
2947 1445 3100 1500 adire
3131 1446 3430 1512 periculum
3464 1448 3714 1516 contigit.

2137 1536 2272 1590 Dum
2317 1539 2464 1591 enim
2511 1536 2743 1606 juvenili
2785 1537 3020 1606 quadam
3077 1537 3304 1592 audacia
3357 1537 3720 1606 impotentius
3765 1605 3774 1612 _

2134 1629 2188 1682 in
2242 1628 2481 1684 hostium
2534 1629 2707 1683 aciem
2757 1645 2817 1684 se
2867 1629 3132 1696 immittit,
3171 1631 3460 1700 eundoque
3508 1647 3574 1685 ac
3601 1633 3719 1685 red-

2133 1722 2314 1775 eundo
2371 1732 2605 1792 stragem
2679 1723 2828 1789 edit,
2899 1737 3042 1793 equo
3090 1724 3338 1793 lapsante
3395 1721 3719 1789 eﬂ‘unditur,

2135 1814 2589 1885 clrcuntfusisque
2641 1827 2868 1887 repente
2908 1817 3186 1884 Barbaris,
3223 1819 3389 1888 pedes
3426 1834 3484 1874 se
3523 1818 3716 1873 defen-

2135 1907 2234 1970 dit,
2273 1918 2329 1960 ct
2381 1909 2612 1975 proximi
2668 1919 2832 1979 caput
2879 1920 3125 1980 amputat
3179 1913 3534 1980 increpitans.
3579 1917 3716 1970 Tum

2135 1999 2319 2052 caeteri
2347 1997 2620 2053 terret‘acti
2653 2010 2800 2054 retro
2826 2001 3017 2071 pedem
3047 2002 3285 2069 referre;
3320 2005 3520 2060 milites
3549 2007 3716 2062 alium

2135 2104 2336 2157 equum
2378 2091 2683 2157 subjicere;
2743 2093 2835 2149 ille
2888 2094 3319 2164 imperturbatus
3378 2098 3714 2162 ascendere,

2137 2180 2534 2250 victoriamque
2587 2185 2882 2253 complere,
2921 2195 2978 2238 et
3029 2185 3093 2238 ad
3155 2198 3434 2254 parentem
3480 2189 3719 2244 victoria:

2137 2273 2362 2326 nuntios
2398 2271 2542 2326 illico
2596 2273 2831 2328 mittere.
2893 2273 3038 2328 Idem
3094 2291 3290 2342 parens
3327 2276 3394 2328 ad
3434 2277 3602 2328 lilium
3642 2277 3721 2330 fa-

2137 2376 2261 2414 cere
2295 2381 2308 2413 :
2342 2362 2654 2430 evenitque,
2691 2371 2748 2415 ut
2793 2363 2886 2431 qui
2933 2365 3184 2416 nuntium
3225 2374 3553 2433 trupamrum
3591 2382 3715 2432 por-

2138 2451 2350 2514 tabaut,
2396 2451 2452 2506 in
2507 2452 2686 2506 media
2723 2453 2808 2506 via
2858 2453 2961 2506 sibi
2995 2463 3373 2511 occurrerent.
3419 2455 3720 2523 Imperator

2136 2543 2310 2597 victor
2357 2542 2575 2598 Mesena
2624 2543 3067 2614 Didymoticltutn
3115 2546 3426 2612 reveniens,
3461 2563 3526 2601 ex
3569 2549 3718 2601 reni-

2137 2636 2237 2689 bus
2268 2651 2415 2689 anno
2449 2637 2662 2706 integro
2689 2636 2977 2703 laboravit,
3009 2651 3132 2690 cum
3165 2647 3278 2692 tota
3310 2639 3417 2693 vita
3450 2656 3620 2710 usque
3652 2642 3720 2695 ad

2138 2727 2188 2781 id
2225 2728 2488 2797 temporis
2523 2744 2804 2794 nunquam
2845 2738 3201 2800 aegrotasset;
3247 2731 3345 2785 scd
3396 2734 3572 2786 octavi
3626 2743 3722 2787 aut

2137 2820 2360 2889 septimi
2412 2823 2540 2876 anni
2598 2821 2862 2902 periodo,
2916 2821 3154 2877 tertiana
3208 2821 3359 2878 febre
3408 2833 3717 2893 corruptus,

2139 2923 2260 2980 post
2293 2914 2506 2967 tertiam
2539 2914 2913 2968 accessionem
2951 2931 3078 2969 mox
3110 2915 3544 2971 convalescebat.
3581 2916 3717 2970 Tum

2137 3021 2290 3068 vero,
2324 3022 2447 3060 cum
2474 3019 2601 3061 ante
2643 3022 2878 3074 pugnam
2912 3007 3068 3062 dolor
3099 3007 3377 3078 cmpisset,
3415 3009 3717 3062 secundum

2138 3114 2258 3152 eam
2319 3099 2505 3152 statin
2566 3101 2740 3153 crevit
2794 3113 3146 3169 magnopere.
3207 3099 3318 3155 Nec
3365 3101 3538 3155 levem
3590 3101 3719 3155 huic

443 3155 606 3260 δύνου
651 3161 794 3214 κατά
845 3163 944 3234 τὴν
985 3167 1166 3237 μάχην
1205 3169 1423 3238 ἐκείνην
1480 3175 1787 3242 γεγονέναι.
1829 3177 2030 3248 Ἀκρα-

2138 3192 2480 3246 incremento
2527 3192 2874 3246 occasionem
2921 3193 3036 3260 ipse
3072 3192 3292 3248 dedisse
3337 3194 3486 3248 visus
3521 3205 3622 3250 est.
3662 3195 3716 3247 In

445 3248 560 3311 τῶς
595 3251 706 3321 γάρ
733 3254 1048 3309 ἐπελαύνων
1076 3263 1190 3323 τοῖς
1246 3261 1532 3332 πολεμίοις
1564 3265 1668 3319 ὑπὸ
1701 3269 2034 3340 προθυμίας,

449 3342 549 3393 καὶ
579 3345 804 3398 κτείνων
835 3350 892 3402 ἐν
937 3353 1057 3412 ταῖς
1089 3351 1347 3416 διεξόδοις
1389 3355 1484 3408 καὶ
1517 3357 1908 3428 ἀναστροφαῖς,
1942 3365 2036 3417 τοῦ

449 3430 622 3486 ἵππου
675 3440 1158 3508 συμποδισθέντος,
1214 3445 1495 3518 ἀπερρύη.
1544 3452 1929 3518 Περιστάντων
1980 3456 2038 3509 δὲ

450 3525 565 3578 τῶν
616 3526 934 3600 βαρϐάρων,
969 3535 1208 3604 ἠμύνετο
1266 3540 1427 3604 πεζός
1458 3556 1474 3570 ·
1510 3545 1603 3595 καὶ
1657 3545 1752 3597 τοῦ
1803 3545 2038 3617 πρώτως

455 3618 623 3686 ἐγγὺς
658 3626 1029 3693 γεγενημένου
1073 3629 1173 3697 τὴν
1216 3631 1465 3702 κεφαλὴν
1496 3634 1745 3705 ἀπέτεμε
1789 3638 1866 3708 τῷ
1893 3637 2038 3709 ξίφει

455 3710 688 3780 πλήξας.
724 3712 790 3768 Οἱ
824 3715 880 3767 δὲ
913 3718 1064 3770 ἄλλοι
1102 3719 1382 3788 δείσαντες
1415 3723 1759 3796 ὑπεχώρουν,
1795 3732 1889 3781 καὶ
1927 3731 2035 3785 τῶν

451 3803 676 3857 οἰκείων
732 3811 1082 3878 στρατιωτῶν
1119 3813 1286 3867 ἵππον
1319 3815 1507 3886 ἕτερον
1542 3823 2032 3890 προσαγαγόντων,

454 3895 678 3968 ἀπαθής
707 3917 765 3951 τε
799 3901 991 3974 ἐπέϐη,
1020 3907 1109 3956 καὶ
1134 3906 1232 3977 τὴν
1264 3907 1418 3975 νίκην
1446 3911 1696 3982 καθαράν
1720 3917 2040 3987 προσεξειρ-

453 3989 688 4055 γάσατο.
726 3994 932 4048 Λύτίκα
983 4014 1040 4049 τε
1100 3997 1315 4068 ἔπεμπε
1354 4005 1490 4073 πρὸς
1545 4005 1767 4075 βασιλέα
1797 4007 1892 4061 τὸν
1929 4029 2036 4064 πα-

2138 3299 2437 3354 congressu
2472 3282 2740 3351 siquidem
2773 3284 2844 3338 ob
2871 3283 3114 3339 laborem
3147 3285 3319 3340 multo
3351 3289 3554 3340 sudore
3601 3303 3718 3340 ma-

2140 3391 2278 3429 uans
2310 3375 2574 3443 undique,
2609 3376 2790 3430 calore
2838 3376 3065 3448 insuper
3111 3379 3318 3433 azstatis
3359 3379 3718 3470 intptt-rabili,

2137 3468 2403 3536 depositis
2458 3467 2626 3521 armis
2677 3468 2962 3522 ventulum
3012 3477 3259 3537 captans,
3297 3471 3417 3537 plus
3448 3467 3606 3537 impio
3660 3487 3718 3522 se

2141 3558 2501 3626 refrigeravit,
2537 3572 2602 3610 ex
2644 3573 2752 3625 quo
2786 3559 3038 3612 morbum
3073 3573 3193 3612 esse
3226 3570 3444 3612 auctum
3480 3560 3720 3628 suspicio

2139 3647 2256 3702 fuit.
2296 3645 2620 3718 Egrotabat
2649 3647 2835 3716 igitur,
2868 3662 2969 3700 nec
3009 3648 3370 3712 medicorum,
3406 3665 3718 3716 quanquam

2137 3739 2588 3802 clarissimorum,
2610 3738 2808 3793 auxilia
2835 3738 3528 3808 quidquamproﬁciebant,
3545 3739 3721 3792 donec

2137 3843 2281 3882 anno
2330 3836 2576 3882 vertente
2625 3827 2780 3882 dolor
2827 3837 3214 3892 evanesceret;
3267 3845 3365 3883 nec
3424 3838 3721 3898 potuerunt

2138 3921 2238 3984 illi,
2279 3920 2420 3974 unde
2446 3919 2692 3988 cmperit,
2713 3927 2806 3972 aut
2834 3919 3056 3974 desierit
3089 3935 3442 3990 cognoscere.
3476 3919 3722 3974 Tenebat

2139 4023 2322 4068 autem
2371 4021 2690 4066 consuetam
2734 4011 2910 4066 victus
2954 4012 3244 4078 rationem,
3280 4029 3381 4067 nec
3425 4029 3547 4066 raro
3587 4013 3728 4066 assi-

454 4082 591 4151 τέρα
617 4087 745 4147 τοὺς
779 4088 878 4156 τὴν
905 4090 1061 4161 νίκην
1113 4094 1587 4162 ἀπαγγελοῦντας.
1621 4101 1701 4152 Τά
1735 4102 1827 4155 ἴσα
1858 4103 1915 4155 δὲ
1947 4106 2032 4158 καὶ

2138 4106 2406 4159 duitatcm
2438 4107 2490 4157 in
2531 4103 2733 4158 lectulo
2759 4119 2867 4158 non
2892 4102 3096 4169 ferens,
3133 4104 3186 4156 in
3219 4119 3417 4172 equum
3461 4120 3541 4168 se,
3584 4116 3728 4159 tatu-

459 4173 718 4260 ﬂaatifbg
743 4181 914 4234 ἐποίει
962 4186 1100 4250 πρὸς
1127 4187 1218 4238 τὸν
1251 4189 1365 4242 υίὸν
1393 4207 1405 4220 ·
1437 4193 1534 4244 καὶ
1587 4194 1874 4248 συνέϐαινε
1910 4197 2032 4260 τοὺς

2136 4199 2236 4254 etsi
2271 4197 2582 4260 diﬂiculter,
2618 4212 2719 4251 nec
2751 4197 2870 4251 sine
2901 4196 3150 4252 cruciatu
3182 4196 3529 4251 sustollebat.

455 4241 728 4334 ἀγγέλους
758 4273 866 4325 τῶν
898 4278 1177 4345 τροπαίων
1219 4283 1359 4334 κατά
1388 4283 1563 4354 μέσην
1595 4285 1696 4356 τὴν
1757 4287 1880 4339 ὁδὸν
1948 4289 2202 4361 ἀλλήλοις
2235 4291 2505 4360 ὑπαντᾷν.
2561 4289 2826 4351 Βασιλεὺς
2874 4288 2931 4341 δὲ
2983 4289 3125 4359 μετὰ
3158 4287 3258 4358 τὴν
3308 4288 3466 4358 νίκην
3503 4289 3565 4340 ἐκ
3615 4291 3728 4342 Με-

459 4359 630 4457 σήνης
657 4364 737 4425 είς
765 4367 1147 4441 Διδυμότειχον
1177 4372 1370 4442 ἐλθὼν,
1428 4378 1652 4448 ἐνόσησε
1680 4383 1806 4446 τοὺς
1840 4359 2082 4454 νεφροὺς*
2112 4387 2198 4454 ἐφ’
2267 4385 2567 4455 ὁλόκληρον
2616 4383 2886 4448 ἐνιαυτὸν,
2921 4383 3016 4438 καί
3075 4402 3158 4438 τοι
3223 4385 3376 4457 παρὰ
3424 4383 3602 4436 πάντα
3636 4388 3726 4439 τὸν

463 4453 579 4524 βίον
633 4459 762 4527 ἄχρι
815 4462 937 4514 τότε
1016 4467 1286 4536 μηδέποτε
1338 4472 1506 4539 μηδὲν
1556 4476 1771 4544 χρόνιον
1833 4481 2070 4549 νοσήσας
2098 4497 2113 4513 ·
2152 4453 2288 4532 ἀλλά
2318 4453 2739 4546 κατάήπερίοδον
2771 4478 3040 4549 όγδόου,-ἢ
3077 4453 3317 4549 ἑϐδόμου.
3340 4481 3592 4534 ἐνιαυτοῦ
3624 4483 3729 4533 ὑπὸ

460 4555 707 4646 τριταίου
742 4559 976 4627 πυρετοῦ
1013 4563 1361 4633 ὀχλούμενος,
1398 4567 1528 4638 ἄχρι
1568 4572 1755 4643 τρίτης
1791 4575 2043 4644 περιόδου
2085 4575 2288 4629 αὐτίκα
2355 4574 2750 4644 ἀπηλλάττετο.
2803 4575 2935 4627 Τότε
2983 4574 3041 4627 δέ
3096 4574 3190 4625 καὶ
3240 4573 3347 4642 πρὸ
3399 4578 3496 4644 τῆς
3547 4577 3730 4646 μάχης

459 4645 568 4696 τῶν
616 4651 830 4716 νεφρῶν
887 4653 1037 4723 αὐτῷ
1070 4655 1457 4726 ’όδυνωμένων,
1508 4663 1649 4729 μετὰ
1697 4664 1795 4734 τὴν
1857 4667 2038 4735 μάχην
2079 4668 2244 4730 εὐθὺς
2304 4668 2558 4720 ἐπέκειτο
2619 4667 2889 4737 λαμπρῶς
2917 4666 2977 4720 τὸ
3013 4666 3248 4735 νόσημα.
3293 4667 3499 4720 Ἐδόκει
3531 4668 3586 4719 δὲ
3630 4645 3729 4718 καὶ

460 4739 626 4801 αὐτὸς
675 4742 853 4795 αἰτίαν
919 4751 1222 4816 παρασχεῖν
1286 4751 1424 4819 πρὸς
1485 4753 1545 4805 τὸ
1613 4754 1842 4826 ἄλγημα
1907 4759 1968 4811 οὐ
2000 4761 2102 4828 τὴν
2141 4760 2434 4830 τυχοῦσαν.
2469 4761 2624 4814 Κατά
2663 4761 2767 4830 γὰρ
2793 4761 2892 4829 τὴν
2926 4757 3108 4829 μάχην
3147 4759 3330 4830 πολλῷ
3359 4759 3728 4830 περιρρεόμε-

461 4845 549 4890 νο;
584 4832 766 4900 ἱδρῶτι
818 4834 882 4886 ἐκ
917 4836 1010 4888 τοῦ
1055 4841 1194 4892 κατὰ
1233 4841 1324 4893 τὸν
1364 4843 1554 4909 ἀγῶνα
1606 4846 1829 4917 μόχθου,
1860 4849 2034 4913 ἄλλως
2077 4851 2124 4904 θ’
2149 4852 2231 4904 ὅτι
2268 4854 2364 4907 καὶ
2412 4853 2603 4920 πνῖγος
2633 4847 2700 4922 ἦν
2761 4853 2819 4904 ἐν
2863 4852 3058 4922 θέρους
3119 4851 3259 4922 ὥρᾳ,
3299 4851 3368 4904 τά
3402 4851 3541 4902 ὅπλα
3591 4854 3728 4903 ἀπο-

463 4924 710 4994 θέμενος,
774 4928 994 4997 ἀνέμοις
1039 4931 1396 5002 ἐνετύγχανεν
1428 4936 1741 5006 εὐκράτοις,
1807 4942 1903 4994 καὶ
1938 4943 2100 4996 πλέον
2140 4943 2172 5012 ἢ
2206 4947 2448 5014 προσῆκε
2505 4945 2790 5014 ψύχουσιν,
2822 4944 2882 5009 ἐξ
2923 4940 2997 5000 ὧν
3030 4944 3387 4998 ὑπωπτεύετο
3421 4944 3480 4996 τὸ
3507 4943 3728 5013 νόσημα

463 5017 722 5072 ἐπιπλέον
750 5020 849 5090 τὴν
875 5025 1056 5077 αἰτίαν
1104 5030 1276 5096 σχεῖν.
1318 5028 1526 5084 Ἐνόσει
1578 5031 1677 5102 μὲν
1737 5029 1831 5087 οὖν
1897 5036 1925 5088 ό
1986 5036 2266 5107 βασιλεὺς,
2304 5041 2396 5092 καὶ
2440 5039 2639 5108 ἰατρῶν
2691 5037 2914 5108 ἐξήρκει
2950 5041 3114 5107 τέχνη
3144 5036 3393 5103 οὐδεμία,
3427 5037 3608 5090 καίτοι
3663 5053 3726 5104 γε

465 5109 574 5162 τῶν
631 5112 866 5180 μάλιστα
923 5117 1232 5184 εὐδοκιμεῖν
1285 5118 1588 5176 δοκούντων
1654 5125 1856 5195 ἰατρῶν
1920 5129 2036 5180 ἐκεῖ
2073 5131 2382 5198 παρόντων,
2450 5133 2608 5200 ἄχρις
2660 5131 2745 5197 ἐφ’
2803 5129 2998 5198 ἑτέραν
3077 5127 3328 5180 ἐνιαυτοῦ
3383 5127 3729 5198 περιτροπήν

466 5203 630 5275 ἐλύθη
662 5207 1004 5275 αὐτομάτως,
1035 5210 1138 5280 τὴν
1180 5214 1362 5266 αἰτίαν
1407 5216 1640 5269 συνιδεῖν
1689 5218 1798 5272 τῶν
1867 5221 2072 5290 ἰατρῶν
2105 5222 2179 5292 μὴ
2249 5223 2586 5294 δυνηθέντων
2638 5223 2697 5288 ἐξ
2737 5217 2806 5294 ἧς
2863 5221 3102 5290 ἐγένετο,
3135 5221 3168 5290 ἢ
3203 5220 3390 5292 ἐλύθη.
3431 5221 3726 5291 Ἐτρέφετο

463 5295 524 5386 δὲ
554 5299 798 5369 συνήθως
829 5301 997 5372 μηδὲν
1025 5305 1551 5380 πιραϐλαπτόμενος
1620 5311 1727 5365 ὑπὸ
1795 5312 1898 5384 τῆς
1959 5313 2258 5386 ἀλγηδόνος
2316 5315 2427 5368 τῶν
2477 5314 2694 5385 νεφρῶν
2725 5354 2740 5378 ,
2799 5315 2894 5368 καὶ
2955 5313 3247 5367 ἐπέϐαινεν
3310 5314 3410 5368 οὐκ
3473 5313 3725 5381 ὀλιγάκις

464 5385 664 5462 tm“:
697 5391 831 5466 πρὸς
860 5396 960 5467 τὴν
1014 5397 1107 5452 ἐπὶ
1157 5397 1346 5470 κλίνης
1378 5401 1678 5474 ἀχθόμενος
1722 5403 2029 5478 διατριϐὴν,
2069 5385 2348 5478 δυσχερῶς
2375 5407 2432 5460 δὲ
2467 5410 2561 5460 καὶ
2590 5407 2690 5461 οὐκ
2725 5407 2854 5461 ἄνευ
2888 5407 3225 5476 ἀλγηδόνων.
