3996 6218
288 421 360 487 83
1478 416 1794 480 JOANNIS
1851 415 2373 477 CANTACUZENI
3470 413 3541 478 ει

1617 555 1791 626 ,741
1833 551 2057 608 CAPUT
2102 553 2191 608 XI.

291 680 404 734 Cur
435 678 662 735 (τοιαιωὶ
692 676 885 730 bellum
922 678 1201 729 moverint.
1245 675 1443 729 Eorum
1485 668 1730 744 perﬁdia.
1780 669 2026 738 Spatium
2060 684 2223 737 supra
2282 669 2481 732 urbem,
2519 684 2612 722 cur
2645 684 2708 719 ao
2749 667 3063 735 imperatore
3134 667 3388 719 etiverint.
3439 664 3549 720 Cur

360 750 524 801 asinis
556 754 952 801 comparentur.
985 745 1238 801 fEdlﬁcia
1264 745 1569 798 suburbana
1618 750 1665 794 et
1699 755 1858 793 naves
1900 738 2279 801 Byzantiorum
2303 746 2549 791 exurunt.
2575 736 2776 790 Collent
2813 737 2948 787 turri
2977 684 3241 801 a‘di/‘i’cata
3277 733 3543 798 muniunt,

360 750 524 803 asinis
556 754 952 817 comparentur.
985 745 1238 817 fEdiﬁcia
1264 736 1586 817 suburbana
1618 750 1665 794 et
1699 736 1861 817 naves
1900 736 2279 817 Byzantiorum
2303 736 2776 817 exuruntgollem
2813 737 2948 817 turri

3123 745 3241 788 cata
3277 733 3555 798 muniunt,

366 819 633 887 reliquum
672 805 916 887 'spatium
970 805 1126 887 muro
1186 815 1615 887 circumdant__et
1660 805 1964 887 aggeribus;
2022 805 2322 887 imperator
2368 806 2616 887 Byzantii
2655 823 2685 857 a
2744 806 3117 887 mercatoribus
3174 814 3220 857 et
3278 806 3546 887 opiﬁcibus

360 874 544 942 contra
592 874 859 939 Galatazos
894 886 1177 938 vindictam
1222 892 1462 953 rogatur.
1516 874 2119 953 Naves'coustruuntnr.
2147 875 2384 953 galatari
2417 874 2624 946 'paccm
2679 882 2871 953 erant;
2899 874 3007 953 loco
3038 875 3324 944 intercepto
3352 891 3407 926 se
3441 890 3547 926 ces-

364 975 515 1011 suros
573 965 788 1022 negant.
845 954 1114 1016 Machina,
1146 942 1525 1022 undevlapides
1580 952 1635 1004 in
1691 950 1907 1022 urbem“
1928 946 2097 1022 missi,
2141 945 2228 1022 Ea:
2254 947 2379 998 urbe
2417 942 2599 1022 rursus
2644 961 2775 1022 saxa
2832 942 3243 1022 (inlatam-fer
3284 953 3543 1022 tormenta

359 1012 692 1096 injiciuntur.
735 1024 977 1077 Machina
1011 1012 1126 1076 cum
1170 1012 1838 1096 onerariasubmergitur;
1868 1012 2136 1096 Oneraria
2188 1016 2481 1096 genuensis
2511 1015 2863 1096 intercipi't‘ur.
2905 1012 3047 1075 Quid
3082 1012 3335 1096 Romanis
3391 1014 3545 1092 quin-

357 1081 613 1167 qziaginta
647 1095 700 1147 in
731 1110 793 1146 ea
821 1094 1093 1167 acciderit.
1161 1092 1348 1167 Dolus‘
1379 1081 1761 1167 Galatworum.
1798 1083 2091 1167 Qesgriptio
2120 1085 2242 1137 belli
2305 1084 2531 1142 navalis.
2576 1081 2716 1137 Deus
2746 1081 3007 1135 Romanos
3037 1082 3210 1152 punit.
3262 1082 3543 1151 Magnani-

359 1152 518 1219 r'nitas
553 1164 915 1234 imperatoris.
947 1162 1306 1217 Calatazorum
1332 1162 1384 1215 in
1425 1161 1642 1213 victoria
1676 1152 1980 1209 exsultatio.

358 1280 439 1333 Eo
464 1277 607 1346 apud
640 1274 1079 1346 Didymotichum
1119 1288 1284 1344 :egro,
1316 1288 1345 1326 a
1375 1270 1584 1325 Latinis
1608 1266 1859 1324 Galataeis
1888 1267 1935 1324 Δ

288 1370 492 1426 bellum
545 1368 721 1423 oritur
750 1410 769 1435 ,
817 1366 908 1421 tali
955 1365 1136 1421 initio.
1185 1365 1372 1420 Genus
1429 1364 1533 1419 hoc
1576 1361 1859 1417 hominum

290 1474 509 1529 semper
539 1458 869 1512 insidiosum
927 1464 983 1509 et
1030 1455 1287 1509 infestum
1330 1453 1590 1508 Romanis
1624 1450 1746 1516 fuit,
1783 1457 1864 1503 at-

288 1564 396 1619 que
424 1548 516 1602 ubi
552 1547 999 1603 commoditatem
1047 1546 1403 1617 aggrediundi
1454 1541 1859 1607 animadvertit,

292 1642 361 1698 ad
390 1640 550 1695 ﬁdem
582 1640 919 1710 prodendam
965 1637 1395 1715 paratissimum.
1437 1634 1571 1688 Nam
1605 1640 1660 1687 et
1686 1631 1863 1701 impe-

291 1743 475 1786 ratore
509 1732 824 1786 Androoico
857 1730 1077 1799 iuniore
1109 1727 1426 1798 superstite,
1450 1725 1737 1778 Phocaeam
1812 1730 1867 1797 et

293 1822 587 1893 Mitylenen
634 1822 931 1892 perﬁdiose
980 1827 1321 1889 occuparunt
1362 1816 1487 1887 (etsi
1522 1815 1762 1885 pravitas
1789 1812 1867 1867 nil

291 1917 373 1969 eis
413 1914 641 1985 profuit,
673 1913 1122 1982 quandoquidem
1174 1910 1419 1981 egregie,
1441 1917 1495 1963 et
1523 1921 1634 1977 quo
1664 1906 1868 1961 debue-

290 2019 421 2063 rnnt
446 2023 569 2063 cum
602 2006 874 2061 dedecore
922 2004 1048 2059 inde
1080 2003 1218 2072 pulsi
1265 2004 1433 2071 sunt),
1465 2009 1519 2054 et
1549 2005 1671 2068 post
1717 1996 1867 2050 illius

290 2098 527 2163 obitum,
564 2106 815 2168 tempore.
850 2097 977 2151 belli
1010 2095 1184 2150 civilis
1216 2092 1411 2148 Citium
1457 2088 1653 2154 adorti,
1692 2087 1867 2143 foedus

290 2206 418 2245 cum
443 2194 601 2245 Anna
630 2189 980 2259 imperatrice
1003 2187 1275 2243 sancitum
1306 2182 1719 2253 posthabentes,
1746 2195 1865 2234 eam

290 2284 646 2353 subegerunt.
683 2282 882 2336 Postea
939 2292 1074 2348 pace
1126 2274 1452 2344 composita,
1488 2283 1543 2327 et
1593 2270 1869 2324 Cantacu-

291 2392 430 2432 zeno
453 2389 723 2431 summam
761 2381 990 2428 tenente
1024 2369 1443 2440 rempublicam,
1490 2366 1755 2421 adeuntes
1786 2378 1870 2416 ro-

292 2481 510 2541 garunt,
547 2478 608 2524 ut
640 2468 805 2541 quod
836 2482 1000 2535 supra
1036 2465 1356 2536 oppidulum
1406 2472 1552 2516 esset
1601 2457 1865 2528 regionis,

294 2560 430 2630 ipsis
480 2558 917 2625 concederetur;
962 2555 1145 2624 specie
1203 2553 1421 2622 quidem
1469 2548 1712 2619 oppiduli
1754 2562 1867 2601 am~

293 2649 519 2720 pliandi,
551 2662 698 2712 cum,
729 2646 819 2715 qui
853 2658 997 2699 nunc
1032 2652 1179 2697 esset
1210 2641 1470 2701 ambitus,
1505 2639 1571 2692 ad
1605 2638 1860 2691 habitan-

293 2743 425 2795 dum
468 2754 576 2793 non
628 2735 918 2801 sufﬁceret,
978 2747 1167 2788 revera
1206 2738 1391 2787 autem
1444 2728 1679 2798 spatium
1731 2725 1861 2779 illud

294 2815 454 2887 muro
485 2829 732 2883 volentes
777 2826 1125 2896 intercipere,
1160 2839 1230 2878 ne
1271 2823 1430 2878 facile
1460 2820 1696 2877 obsideri
1732 2834 1862 2888 pos-

294 2932 437 2978 sent.
471 2920 608 2975 Nam
635 2919 779 2989 quod
819 2917 1021 2972 acclivc
1077 2922 1133 2969 et
1166 2914 1317 2968 velut
1369 2911 1662 2965 imminens
1711 2910 1860 2979 ipso-

294 3029 415 3067 rum
446 3011 740 3081 capitibus,
775 3006 1181 3062 incommodum
1210 3012 1330 3059 erat
1365 3003 1539 3070 valde,
1569 3004 1612 3055 si
1644 3001 1863 3071 quando

295 3098 417 3160 cura
466 3102 729 3159 Romanis
760 3101 961 3155 bellum
991 3106 1265 3169 gererent.
1296 3093 1440 3149 Nihil
1470 3094 1618 3149 enim
1654 3092 1863 3147 humile

294 3196 633 3268 cogitabant,
663 3193 756 3247 sed
805 3191 940 3246 mari
988 3189 1247 3244 volebant
1298 3186 1638 3255 imperitare,
1666 3192 1720 3238 et
1754 3181 1863 3236 Ro-

296 3301 491 3341 manos
527 3281 875 3352 navigatione
904 3277 1212 3342 excludere,
1240 3275 1395 3345 quasi
1435 3275 1485 3327 id
1531 3272 1662 3343 ipsis
1694 3272 1864 3327 debe-

298 3387 454 3431 retur
477 3374 759 3446 (videbant
781 3370 985 3442 quippe
1017 3370 1288 3423 Romanos
1316 3366 1487 3436 magis
1539 3376 1670 3419 tunc
1700 3378 1863 3433 quam

302 3476 464 3521 antea
494 3466 545 3519 id
578 3464 1014 3533 frequentantes,
1047 3474 1345 3528 eorumque
1374 3472 1541 3511 naves
1571 3457 1760 3527 longas
1812 3466 1867 3510 et

296 3557 433 3610 alias
491 3553 774 3609 onerarias
828 3565 938 3605 non
992 3548 1478 3618 paucas,1nultum
1519 3546 1683 3601 studii
1712 3546 1766 3600 in
1815 3546 1867 3600 id

299 3647 689 3702 Cantacuzeno
738 3639 1136 3712 impendente),
1167 3639 1311 3709 quod
1350 3639 1737 3705 imperatorem
1768 3637 1869 3691 mi-

299 3737 448 3791 nime
506 3735 870 3790 toleraturum
923 3732 1276 3787 verebantur.
1314 3729 1495 3795 Quare
1549 3730 1866 3799 priusquam

297 3826 534 3897 cogitata
579 3823 883 3895 aperirent,
914 3821 1063 3876 locos
1112 3828 1414 3888 suSpectos,
1454 3819 1600 3872 unde
1645 3833 1703 3873 se
1745 3817 1866 3871 laedi

2045 1264 2133 1317 Ἐν
2167 1265 2277 1335 ὅσῳ
2304 1266 2359 1319 δέ
2380 1267 2587 1330 ἐκεῖνος
2625 1265 2800 1319 ἐνόσει
2829 1266 2886 1317 ἐν
2915 1264 3280 1335 Διδυμοτείχῳ
3300 1307 3314 1331 ,
3333 1265 3361 1317 ό
3393 1266 3543 1335 παρά

1963 1353 2074 1407 τῶν
2095 1356 2156 1409 ἂν
2186 1355 2401 1426 Γαλατᾷ
2441 1357 2687 1410 Λατίνων
2720 1356 2953 1425 πόλεμος
2980 1356 3253 1425 ἀνήπτετο
3277 1372 3291 1386 ο
3335 1357 3459 1426 ἔσχε
3485 1358 3541 1410 δὲ

1964 1445 2060 1515 τὴν
2099 1447 2272 1516 ἀρχὴν
2304 1447 2364 1511 ἐξ
2389 1448 2567 1511 αίτίας
2615 1447 2894 1517 τοιαύτης.
2930 1447 3102 1499 Τοῦτο
3148 1447 3211 1499 τὺ
3243 1448 3422 1515 γένος,
3456 1440 3543 1500 ἀεὶ

1968 1536 2071 1606 μὲν
2105 1538 2392 1592 ἐπίϐουλον
2441 1542 2537 1592 καὶ
2584 1539 2847 1608 πολέμιον
2896 1538 3213 1608 Ῥωμαίοις,
3262 1539 3359 1590 καὶ
3403 1540 3541 1609 πρὸς

1965 1629 2255 1699 ἐπιορκίας
2318 1630 2690 1700 ἑτοιμότατον,
2750 1629 2817 1683 ἂν
2868 1629 3116 1700 συνορῴη
3177 1630 3408 1699 δυνατὴν
3441 1631 3541 1701 τὴν

1965 1719 2310 1789 ἐπιχείρησίν
2339 1736 2502 1774 τινος.
2536 1721 2646 1773 Καὶ
2686 1717 2954 1793 βασιλέως
2994 1721 3102 1788 γὰρ
3132 1719 3225 1772 τοῦ
3269 1721 3387 1774 νέου
3426 1722 3545 1774 Ἀν-

1966 1808 2215 1879 δρονίκου
2248 1809 2552 1878 περιόντος,
2580 1809 2832 1862 Φώκαιαν
2864 1810 3130 1879 κατέσχον
3159 1812 3536 1879 ἐπιορκήσειν..

1965 1916 2057 1961 τες
2088 1901 2181 1954 καὶ
2211 1901 2546 1971 Μιτυλήνην,
2577 1902 2625 1953 εί
2660 1901 2756 1957 καὶ
2821 1900 2989 1972 μηδὲν
3014 1900 3356 1971 ἠδυνήθησαν
3400 1902 3540 1954 ἁπό-

1968 1985 2160 2039 νασθαι
2218 1989 2318 2056 τῆς
2362 1988 2629 2059 πονηρίας
2673 1989 2878 2055 καλῶς,
2914 1990 3008 2043 καὶ
3056 1991 3196 2059 μετὰ
3236 1992 3337 2055 τῆς
3368 2008 3541 2060 προσ-

1964 2078 2206 2147 ηκούσης
2263 2079 2447 2142 αὐτοῖς
2508 2079 2772 2149 αἰσχύνης
2824 2082 3195 2147 ἐξελαθέντες.
3252 2084 3346 2137 καὶ
3395 2085 3535 2152 μετὰ

1965 2167 2065 2237 τὴν
2095 2168 2305 2220 ἐκείνου
2330 2167 2589 2238 τελευτὴν
2623 2169 2746 2221 καθ’
2781 2170 2839 2222 ὃν
2870 2172 2898 2224 ὁ
2931 2171 3251 2239 συγγενικδς
3290 2173 3532 2241 πόλεμος

1967 2258 2158 2328 χρόνον
2198 2258 2495 2328 Ῥωμαίοις
2549 2255 2639 2331 ἦν,
2669 2259 2785 2331 Χίῳ
2831 2262 3168 2330 ἐπιθέμενοι,
3224 2264 3537 2334 ἐκράτησαν

1970 2352 2345 2422 ἀμελήσαντες
2395 2352 2504 2406 τῶν
2560 2354 2761 2422 ὅρκων,
2796 2355 2889 2407 καὶ
2943 2356 3052 2408 τῶν
3111 2356 3394 2425 συνθηκῶν
3427 2358 3534 2409 τῶν

1971 2442 2107 2511 πρὸς
2140 2444 2337 2495 Ἀνναν
2382 2444 2481 2512 τὴν
2534 2442 2797 2512 βασιλίδα.
2829 2447 3100 2517 ’Ὕστερον
3140 2449 3196 2500 δὲ
3228 2451 3350 2502 ἐπεὶ
3384 2452 3415 2516 ἡ
3458 2453 3540 2502 εί-

1979 2536 2113 2602 ρήνη
2142 2529 2230 2603 ἦν,
2280 2526 2678 2604 καὶίβασιλεὺς
2735 2540 2763 2590 ὀ
2821 2539 3269 2609 Καντακουζηνὸς
3317 2543 3542 2611 ἐκράτει

1968 2630 2078 2683 τῶν
2114 2631 2482 2700 πραγμάτων,
2512 2633 2722 2687 ἐδέοντο
2769 2636 3161 2703 προσελθόντες
3207 2640 3544 2707 παραχωρῆ-

1968 2738 2058 2772 σαι
2091 2721 2243 2789 σφίσι
2289 2721 2382 2773 τοῦ
2419 2722 2556 2793 ὑπὲρ
2603 2725 2665 2779 τὸ
2716 2726 2972 2795 φρούριον
2996 2728 3222 2795 χωρίου,
3268 2728 3543 2798 πρόφασιν

1968 2810 2069 2879 μὲν
2098 2811 2173 2874 ὡς
2224 2811 2394 2881 μείζω
2453 2812 2547 2866 τοῦ
2602 2817 2865 2886 φρουρίου
2921 2817 3011 2870 τὸν
3060 2818 3352 2887 περίϐολον
3384 2820 3543 2889 ποιη-

1968 2919 2179 2966 σοντες,
2211 2903 2307 2955 τοῦ
2343 2904 2496 2966 ὄντος
2529 2906 2667 2975 πρὸς
2700 2908 2915 2976 οἴκησιν
2945 2909 3045 2960 ούκ
3077 2909 3457 2978 ἐξαρκοῦντος,
3476 2913 3541 2978 τῇ

1966 2995 2012 3046 δ’
2044 2995 2272 3068 ἀληθείᾳ
2297 2997 2357 3050 τὸ
2383 2992 2585 3068 χωρίον
2623 3000 2938 3070 βουλόμενοι
2983 3002 3296 3072 τειχίσματι
3347 3003 3536 3055 διαλα-

1965 3092 2100 3155 ϐεῖν,
2135 3093 2222 3143 ἵνα
2256 3092 2329 3161 μὴ
2361 3092 2532 3163 ῥᾴδιοι
2560 3094 2969 3164 πολιορκεῖσθαι
2998 3090 3128 3148 είεν·
3162 3095 3392 3157 ἄναντες
3423 3096 3533 3166 γὰρ

1964 3183 2043 3247 ὃν,
2079 3183 2176 3236 καὶ
2226 3178 2335 3237 οἷον
2375 3185 2819 3255 ἐπικρεμάμενον
2876 3188 3028 3255 σφίσι
3080 3189 3222 3241 κατὰ
3278 3188 3543 3257 κεφαλῆς,

1964 3276 2026 3328 οὐ
2058 3275 2258 3346 μικρὰν
2309 3279 2537 3347 παρεῖχε
2589 3278 2794 3348 βλάϐην
2840 3278 2894 3331 εί
2924 3297 3056 3333 ποτε
3106 3281 3352 3351 συμϐαίη
3404 3281 3544 3351 πρὸς

1966 3366 2205 3436 πόλεμον
2240 3365 2535 3437 Ῥωμαίοις
2565 3370 2933 3437 καταστῆναι.
2974 3371 3253 3424 Ἐνενόουν
3297 3371 3406 3442 γὰρ
3449 3372 3543 3424 ού-

1966 3458 2056 3511 δὲν
2115 3457 2331 3527 μικρὸν,
2366 3458 2505 3512 ἀλλὰ
2575 3442 3044 3529 θαλασσοκρατεῖν
3109 3461 3411 3523 ἐϐούλοντο,
3445 3463 3541 3513 καὶ

1980 3544 2285 3615 Ῥωμαίους
2322 3548 2619 3616 ἀπείργειν
2651 3549 2825 3610 πλεῖν,
2860 3551 2934 3610 ὡς
2960 3550 3110 3613 σφίσι
3146 3550 3537 3619 προσηκούσης

1968 3638 2068 3706 τῆς
2108 3636 2406 3705 θαλάσσης.
2447 3638 2669 3708 Ἑώρων
2702 3638 2809 3706 γὰρ
2856 3640 3166 3708 Ῥωμαίους
3199 3639 3403 3708 μᾶλλον
3429 3641 3538 3691 τῶν

1969 3728 2144 3781 ἄλλων
2159 3728 2371 3798 χρόνων
2400 3730 2771 3799 προσσχόντας
2800 3734 2866 3801 τῇ
2891 3731 3158 3801 θαλάσσῃ,
3191 3733 3282 3785 καὶ
3310 3732 3542 3794 ὁλκάδας

1969 3820 2066 3873 καὶ
2112 3818 2245 3882 ναῦς
2289 3820 2483 3889 ἐτέρας
2534 3824 2845 3891 φορτηγοὺς
2894 3823 2993 3875 ούκ
3026 3823 3215 3890 ὀλίγας
3257 3823 3539 3899 κτησαμέ-

300 3896 462 3989 posse
493 3915 901 3978 existimabant,
932 3926 1313 3983 praeoccupare
1349 3909 1663 3979 cupiebant.
1696 3896 1868 3979 impe-

1971 3929 2117 3977 νους,
2143 3911 2345 3981 πολλὴν
2376 3914 2634 3982 πρόνοιαν
2667 3916 3124 3984 Καντακουξηνοῦ
3152 3917 3243 3968 τοῦ
3273 3914 3539 3986 βασιλέως

304 4021 457 4064 rator
488 4007 701 4062 vafrum
748 4006 962 4060 illorum
1013 4011 1381 4058 commentum
1429 4017 1535 4055 non
1589 4002 1867 4067 ignorans,

307 4116 481 4159 naves
509 4099 883 4170 comparabat,
915 4104 995 4163 ut,
1030 4095 1076 4151 si
1109 4094 1256 4151 bello
1299 4108 1437 4163 opus
1468 4094 1631 4162 foret,
1659 4108 1725 4147 ne
1766 4092 1870 4147 im-

300 4205 527 4265 paratus
575 4201 770 4248 esset:
807 4197 864 4243 et
898 4190 1138 4258 spatium
1194 4185 1303 4240 illis
1346 4185 1581 4256 negabat
1628 4183 1869 4254 penitus,

299 4287 451 4359 quod
490 4300 588 4342 eos
641 4284 835 4339 timore
888 4280 1059 4353 magis
1116 4295 1278 4350 quam
1320 4278 1579 4348 aequitate
1630 4286 1685 4332 et
1718 4279 1871 4348 jura-

300 4378 473 4435 menti
537 4376 805 4446 religione
852 4372 1128 4445 perversis
1179 4371 1425 4426 consiliis
1474 4379 1872 4439 temperaturos

299 4476 548 4525 noverat.
580 4465 742 4538 742
771 4465 949 4532 Quare
987 4475 1043 4519 et
1070 4463 1138 4517 ab
1167 4462 1287 4517 aliis
1317 4461 1524 4515 Latinis
1549 4476 1676 4515 cum
1701 4461 1873 4515 asinis

299 4560 686 4617 conferuntur.
724 4556 940 4611 Etenim
993 4554 1203 4615 asinus,
1236 4554 1282 4606 si
1331 4567 1493 4623 agaso
1535 4551 1677 4605 forte
1723 4550 1875 4605 debi-

300 4651 407 4705 lior
463 4663 575 4703 non
605 4647 780 4718 possit
805 4644 985 4700 valide
1019 4644 1217 4698 fustem
1246 4643 1512 4707 incutere,
1543 4642 1690 4696 haud
1722 4650 1872 4697 recta

300 4739 608 4809 ingreditur
637 4737 724 4794 via
757 4773 776 4803 ,
808 4736 906 4792 sed
957 4734 1252 4796 exorbitat,
1286 4743 1341 4789 et
1368 4733 1609 4788 deflectit
1660 4741 1716 4786 et
1747 4746 1871 4802 pro-

300 4839 423 4903 pter
474 4832 682 4903 agentis
731 4826 1160 4884 imbecillitatem
1207 4825 1488 4879 ambulare
1533 4823 1756 4879 desinit.
1790 4822 1867 4878 Ita

300 4922 382 4986 hi,
430 4920 535 4977 nisi
585 4932 803 4990 ptenam
857 4932 1025 4986 supra
1075 4923 1238 4985 caput
1289 4923 1557 4968 astantem
1607 4922 1872 4978 metuant,

300 5007 450 5061 nulla
498 5006 602 5061 alia
647 5006 716 5062 de
770 5021 977 5067 causa,
1020 5005 1164 5075 quod
1222 5003 1465 5067 debent,
1513 5004 1870 5073 praestabunt.

302 5095 568 5162 Quocirca
610 5098 931 5166 imperator,
964 5105 1024 5151 ut
1066 5095 1405 5159 dicebamus,
1442 5109 1631 5148 eorum
1665 5095 1874 5165 impro-

303 5188 490 5244 bitatis
541 5189 687 5244 haud
732 5191 977 5255 nescius,
1019 5173 1139 5245 loco
1183 5204 1345 5258 quem
1394 5189 1722 5257 expetebant
1773 5189 1876 5242 mi-

1974 4002 2340 4073 ποιησαμένου
2374 4004 2505 4074 περὶ
2564 4006 2742 4068 τοῦτο,
2773 4004 2808 4058 ἃ
2837 4006 3098 4059 ὑπενόουν
3156 4006 3383 4076 βασιλέα
3441 4008 3542 4061 οὐκ

1971 4094 2276 4158 ἀνέξεσθαι.
2323 4095 2413 4147 Διὸ
2461 4095 2557 4147 καὶ
2608 4097 2954 4169 πρότερον,ῆ
3013 4099 3315 4166 ἐκφαίνειν,
3346 4098 3382 4151 ἃ
3429 4100 3540 4152 διε-

1971 4184 2207 4247 νοοῦντο,
2265 4186 2391 4249 τοὺς
2450 4186 2727 4249 ὑπόπτους
2804 4188 3089 4242 ἐϐούλοντο
3149 4192 3559 4262 προκαταλαμ-“

1972 4277 2155 4330 ϐἀνειν
2184 4278 2401 4341 τόπους,
2429 4279 2487 4342 ἐξ
2518 4272 2591 4332 ὧν
2622 4278 2789 4349 ῷοντο
2823 4281 3246 4352 βλαφθήσεσθαι.
3278 4284 3543 4346 Βασιλεὺς

1971 4368 2027 4421 δὲ
2066 4368 2245 4420 αὐτῶν
2276 4368 2374 4438 τὴν
2419 4370 2660 4423 ἐπίνοιαν
2708 4372 2809 4423 οῦκ
2861 4372 3093 4439 ἀγνοῶν,
3146 4373 3277 4437 ναῦς
3309 4392 3366 4425 τε
3400 4392 3543 4445 παρ-

1972 4459 2331 4523 εσκευάζετο,
2371 4458 2447 4522 ὡς
2501 4462 2546 4512 εί
2591 4462 2703 4514 δέοι
2760 4462 3017 4530 πολεμεῖν
3071 4465 3323 4533 ἑτοίμους
3377 4460 3542 4531 εἶναι,

1973 4553 2068 4607 καὶ
2116 4550 2211 4611 τοῦ
2261 4553 2461 4621 χωρίου
2519 4552 2615 4622 τὴν
2664 4553 2978 4623 παράληψιν
3018 4555 3200 4617 αὐτοῖς
3233 4555 3545 4624 ἀπηγόρευε

1974 4643 2322 4694 παντάπασιν
2352 4657 2367 4672 ·
2417 4641 2534 4712 ᾔδει
2610 4644 2719 4712 γάρ
2785 4645 2980 4707 αὐτοὺς
3039 4645 3186 4713 φόϐῳ
3251 4646 3453 4714 μᾶλλον
3510 4646 3543 4715 ἢ

1974 4730 2362 4801 εὐγνωμοσύνῃ
2442 4732 2537 4785 καὶ
2612 4734 2835 4805 εύορκίᾳ
2891 4737 3378 4805 ἀποσχησομένους
3437 4736 3547 4790 τῶν

1976 4823 2192 4876 ἀτόπων
2218 4823 2619 4894 βουλευμάτων.
2656 4826 2747 4877 Διὸ
2774 4829 2869 4879 καὶ
2913 4826 3019 4879 ὑπὸ
3048 4830 3155 4879 τῶν
3184 4827 3359 4881 ἄλλων
3383 4828 3549 4882 Λατί-

1977 4934 2083 4970 νων
2112 4916 2254 4979 livet;
2289 4917 2690 4986 παρεικάζεται
2722 4917 2781 4968 τὸ
2809 4920 2961 4979 γένος
2992 4917 3167 4989 τοῦτο.
3214 4920 3453 4982 Ἐκεῖνός
3485 4937 3547 4972 τε

1977 5008 2084 5077 γὰρ
2134 5008 2201 5060 ἆν
2254 5009 2282 5059 ὁ
2325 5006 2566 5060 ἐλαύνων
2614 5007 2692 5077 μὴ
2745 5007 2967 5077 δύνηται
3046 5009 3273 5078 βαρείας
3332 5011 3549 5078 πληγὰς

1978 5099 2255 5162 ἐντείνειν,
2291 5099 2389 5151 οὐκ
2428 5098 2715 5168 ὀρθοποδεῖ
2738 5101 2870 5169 πρδς
2900 5100 2998 5171 τὴν
3022 5101 3161 5164 ὁδὸν,
3207 5102 3341 5154 ἀλλὰ
3370 5120 3549 5171 παρα-

1981 5190 2205 5261 φέρεται
2249 5191 2759 5260 παρατρεπόμενος,
2793 5191 2886 5242 καὶ
2935 5192 3032 5260 τῆς
3065 5192 3377 5262 ὁδοιπορίας
3410 5196 3547 5262 άμε-

304 5278 451 5333 nime
484 5278 671 5333 cessit.
701 5279 781 5332 illi
814 5280 1062 5333 triremes
1117 5257 1391 5349 compingi
1439 5288 1751 5343 cernentes,
1781 5292 1871 5346 pa-

1981 5284 2090 5335 λῶν
2132 5282 2216 5334 διὰ
2266 5282 2365 5350 τὴν
2397 5280 2700 5350 ἀδυναμίαν
2740 5282 2845 5335 τοῦ
2883 5283 3215 5346 ἐλαύνοντος,
3255 5286 3348 5338 καὶ
3402 5282 3548 5338 οὗτοι

307 5367 550 5435 riterque
605 5376 660 5419 et
708 5367 813 5421 loci
869 5366 1282 5421 frustrationem
1313 5405 1328 5427 ,
1360 5376 1416 5421 et
1466 5367 1872 5423 multitudinem

308 5457 706 5522 onerariarum,
738 5472 875 5528 quas
913 5455 1144 5510 Romani
1178 5458 1470 5522 habebant,
1506 5458 1872 5527 indignantes,

307 5545 510 5600 bellum
534 5545 714 5601 facere
738 5549 1065 5611 decernunt,
1091 5556 1151 5600 ut
1177 5547 1338 5601 simul
1361 5547 1721 5605 etuﬂomanos
1743 5550 1875 5603 mari

308 5645 553 5702 arceant,
583 5647 640 5692 et
693 5639 898 5704 locum,
930 5639 974 5692 si
1030 5639 1260 5709 possint,
1292 5639 1379 5693 vel
1430 5638 1601 5693 invito
1649 5640 1878 5708 imperas

310 5736 428 5783 tore
457 5729 852 5784 communiant.
883 5727 1117 5799 Jamque
1168 5728 1400 5783 selectos
1441 5728 1647 5798 lapides
1689 5744 1879 5798 quam-

310 5819 395 5899 vis
427 5820 575 5881 aliud
590 5820 941 5904 simulantes
969 5820 1319 5893 colligebant,
1354 5820 1728 5903 reliquamque
1764 5836 1879 5877 ma-

1983 5374 2049 5425 ᾰν
2082 5372 2154 5442 μὴ
2184 5372 2273 5424 τὸν
2305 5372 2401 5425 τοῦ
2436 5374 2621 5436 κακῶς
2645 5375 2839 5427 παθεῖν
2862 5375 3026 5441 φόϐον
3069 5376 3266 5443 ἔχωσιν
3301 5378 3549 5444 ἐπηρτη-

1985 5466 2164 5535 μένον.
2227 5464 2287 5529 ἐξ
2342 5465 2600 5534 οὐδεμιᾶς
2624 5467 2802 5530 αἰτίας
2859 5468 3024 5537 ἄλλης
3080 5470 3146 5520 τά
3181 5468 3370 5520 δέοντά
3418 5485 3547 5520 ποτε

1978 5556 2354 5625 βουλεύσονται
2380 5560 2570 5609 ποιεῖν.
2602 5558 2863 5621 Βασιλεὺς
2894 5559 2994 5627 μὲν
3038 5555 3131 5612 οὖν
3178 5559 3357 5611 αὐτῶν
3387 5558 3547 5622 είδὼς

1975 5647 2077 5715 τὴν
2124 5646 2450 5717 μοχθηρίαν,
2483 5648 2542 5699 ού
2599 5648 2911 5716 παρεχώρει
2948 5649 3042 5701 τοῦ
3067 5650 3287 5719 χωρίου.
3313 5650 3549 5701 Ἐκεῖνοι

1978 5738 2035 5790 δὲ
2097 5737 2188 5800 τάς
2237 5753 2297 5790 τε
2345 5739 2595 5808 τριήρεις
2654 5738 2886 5809 ὁρῶντες
2953 5740 3544 5808 κατασκευαζομένας,

1977 5825 2275 5901 ἁδρὶμενοί
2320 5844 2380 5881 τε
2436 5827 2637 5899 ὁμοίως
2688 5829 2821 5901 πρός
2871 5846 2931 5883 τε
2959 5830 3057 5902 τὴν
3105 5829 3404 5899 ἀποτυχίαν
3451 5826 3547 5881 τοῦ
