3996 6218
339 423 413 485 85
1478 425 2015 487 lIlS’l'ORl.-\RU.\I
2061 429 2289 489 LIBER
2326 431 2416 494 IV.

338 533 570 606 χωρίου.
631 533 726 586 καὶ
779 523 914 603 πρὸς
967 536 1028 589 τὸ
1084 537 1286 610 πλῆθος
1343 540 1452 591 τῶν
1508 541 1792 609 φορτίδων,
1858 541 1946 603 ἂς.

2052 541 2216 594 eriam
2249 543 2385 596 clam
2430 543 2828 597 convehebant.
2863 544 3156 611 Postquam
3191 553 3370 595 autem
3413 542 3587 610 impc-

340 630 645 697 ἐκτήσαντο
684 627 945 698 Ῥωμαῖοι
1001 632 1156 698 ναῦς,
1190 634 1490 703 ἐσκέψαντο
1540 636 1784 704 πόλεμον
1837 653 1920 687 κι-

341 725 476 787 νεῖν,
505 721 573 772 ἶν’
594 721 732 790 ὁμοῦ
785 739 844 774 τε
884 724 1109 792 εῐργωσι
1149 725 1459 796 Ῥωμαίους
1488 729 1586 794 τῆς
1621 727 1916 794 θαλάττης,

342 814 442 865 καὶ
493 811 552 862 τὸ
604 809 824 879 χωρίον,
876 813 924 862 εί
985 813 1252 878 δύναιντο,
1311 815 1589 884 τειχίζωσι
1655 815 1920 882 βασιλέως

343 902 594 964 ἄκοντος.
626 904 735 956 Καὶ
782 906 1067 971 συνέλεγον
1109 906 1292 969 λίθους
1329 907 1560 975 λογάδην
1589 909 1674 974 ἐφ’
1703 908 1920 972 ἑτέραις

341 992 410 1060 δή
444 1009 553 1043 τισι
583 995 910 1061 προφάσεσι,
943 996 1034 1047 καὶ
1077 995 1176 1065 τὴν
1205 996 1371 1065 ἄλλην
1402 995 1534 1062 ὕλην
1565 996 1922 1064 συνεπόριζον

345 1082 407 1132 ἐν
447 1082 766 1151 ἀπορρήτῳ,
809 1083 964 1136 Ἐπεὶ
1012 1085 1068 1137 δὲ
1120 1086 1373 1155 βασιλεὺς
1401 1091 1576 1140 νοσεῖν
1607 1091 1664 1140 ἐν
1700 1088 1922 1155 Διδυμο-

345 1175 514 1242 τείχῳ
556 1175 843 1240 ἔγνωσται,
879 1179 1071 1248 καιρὸν
1117 1175 1259 1232 εἰναι
1305 1182 1589 1252 οἰηθέντες
1618 1184 1924 1247 ἐπιτηδειό-

345 1283 510 1320 τατον
542 1269 728 1331 αὐτοῖς
763 1270 899 1338 πρὸς
942 1273 1310 1342 ἐπιχείρησιν,
1341 1275 1539 1343 ἀθρόον
1584 1276 1924 1329 ἐπιτίθενται

347 1358 542 1417 νυκτὸς
568 1360 706 1410 κατὰ
729 1358 830 1428 τὴν
856 1361 1084 1423 περαίαν
1113 1362 1323 1415 οἰκοῦσι
1356 1364 1650 1433 Ῥωμαίοις
1685 1366 1921 1435 πρῶτον,

348 1450 573 1509 καὶτὰς
625 1452 804 1512 οἰκίας
857 1453 1073 1514 ἁπάσας
1121 1455 1435 1523 ἐνέπρησαν
1488 1457 1643 1524 πυρί.
1680 1457 1770 1518 Είς
1829 1456 1925 1527 τὴν

349 1541 646 1609 ὑστεραίαν
671 1543 726 1596 δὲ
753 1545 854 1606 τὰς
889 1545 1037 1613 σφῶν
1061 1547 1312 1616 τριήρεις
1336 1547 1728 1615 ἐφοπλίσαντες
1760 1547 1926 1611 οὔσας

351 1637 900 1702 παρεσκευασμένας,
935 1637 1028 1689 καί
1064 1638 1265 1691 ἀκάτια
1320 1638 1416 1691 καὶ
1449 1638 1684 1707 λέμϐους
1712 1641 1812 1692 ὅσα
1837 1635 1924 1709 ἦν,

350 1723 450 1780 τὰς
504 1725 609 1787 ἐξω
662 1726 860 1795 τειχῶν
925 1728 1075 1796 παρὰ
1146 1729 1244 1799 τὴν
1297 1729 1574 1782 θάλασσαν
1631 1730 1927 1793 Βυζαντίου

351 1817 530 1877 οἰκίας
574 1819 932 1888 ἐνεπίμπρων
984 1821 1076 1872 καὶ
1135 1820 1366 1884 ὁλκάδας
1423 1823 1520 1881 τὰς
1564 1823 1662 1890 μὲν
1689 1823 1932 1891 ἐλάμϐα-

354 1922 467 1967 νον,
494 1905 595 1966 τὰς
646 1906 704 1958 δέ
759 1909 1151 1978 ἐνεπίμπρων·
1201 1911 1554 1965 κατέκαυσαν
1600 1914 1654 1966 δὲ
1713 1913 1933 1976 καὶτὰς

353 1997 908 2066 κατασκευαζομένας
957 2001 1177 2064 ἁπάσας
1233 2003 1485 2072 τριήρεις
1553 2004 1695 2072 πλὴν
1741 2005 1932 2074 τριῶν,

353 2085 424 2149 ἃς
455 2089 576 2140 ἐπεὶ
618 2091 678 2141 τὸ
728 2091 899 2143 κακὸν
933 2091 1108 2145 πάντα
1142 2095 1462 2162 ἐπενέμετο,
1493 2095 1724 2165 ἄραντες
1763 2098 1823 2161 ἐξ
1872 2094 1933 2151 οὗ

353 2183 822 2244 κατεσκευάζοντο
899 2183 1069 2236 τόπου
1131 2185 1226 2238 τοῦ
1288 2187 1584 2255 Κοσμιδίου
1661 2206 1935 2257 προσαγο-

363 2276 682 2339 ρευομένου,
738 2274 835 2328 τοῦ
901 2274 1168 2344 βασιλέως
1219 2277 1336 2329 υἱοῦ
1402 2279 1788 2342 κελεύσαντος,
1849 2281 1937 2333 διὰ

363 2361 462 2412 τοῦ
492 2366 629 2416 κατὰ
658 2366 760 2432 τὴν
795 2367 1140 2434 καλουμένην
1189 2367 1398 2420 ΙΙίσσαν
1433 2371 1659 2428 δι’ίὸντος
1689 2369 1938 2437 ποταμοῦ

363 2452 732 2521 διαγαγόντες,
792 2456 1120 2510 ἀνείλκυσαν
1203 2475 1264 2510 τε
1333 2460 1469 2527 πρὸς
1547 2461 1646 2528 τὴν
1722 2461 1938 2529 χέρσον,

360 2550 460 2598 καὶ
501 2551 739 2618 φρουράν
775 2551 1125 2621 ἑκατέρωθεν
1162 2552 1588 2622 ἐπιστήσαντες,
1615 2551 1937 2620 ἐφύλαττον.

357 2637 522 2690 Οὕτω
550 2640 647 2708 μὲν
683 2643 732 2693 οἰ
774 2642 996 2694 Λατῖνοι
1040 2642 1134 2695 τὸν
1178 2643 1418 2711 πόλεμον
1469 2643 1612 2696 κατὰ
1653 2643 1943 2711 Ῥωμαίων

359 2731 618 2801 φανερῶς
649 2735 974 2803 ἐξήνεγκαν,
1003 2736 1098 2788 καὶ
1142 2735 1199 2802 ἐξ
1229 2736 1440 2789 ἐκείνου
1485 2736 1586 2806 ἤδη
1617 2736 1714 2805 τῆς
1747 2736 1946 2789 θαλάσ-

361 2841 466 2892 σης
524 2826 801 2895 ἄρχοντες,
853 2828 1032 2880 πάντα
1092 2828 1206 2882 ἄνω
1267 2829 1362 2881 καὶ
1409 2827 1558 2880 κάτω
1591 2828 1661 2880 τὰ
1701 2828 1944 2897 παράλια

363 2917 796 2989 παραπλέοντες,
836 2919 1093 2982 ἐκάκουν,
1133 2921 1228 2972 καί⁵
1280 2921 1414 2988 πυρὶ
1459 2920 1527 2972 τὰ
1583 2919 1760 2971 πάντα
1819 2921 1943 2970 ἐπε-

364 3012 613 3078 νέμοντο·
642 3013 913 3082 πανδημεί
953 3029 1012 3065 τε
1044 3012 1374 3082 ἐξελθόντες,
1405 3000 1596 3083 πρῶτα
1626 3014 1725 3080 μὲν
1755 3013 1942 3080 ἐτείχιο

363 3105 461 3167 ζον
486 3105 580 3156 τὸν
623 3104 806 3174 λόφον,
838 3105 1046 3174 πύργον
1077 3107 1383 3176 ἐγείροντες
1438 3107 1574 3175 πρὸς
1604 3109 1668 3175 τῇ
1723 3105 1950 3174 ἀκρολο-

2022 641 2257 685 ratorem
2294 631 2652 703 Didymotichi
2684 637 2874 688 morbo
2903 633 3160 688 affectum
3187 643 3583 700 cognoverunt,

2025 722 2124 775 rati
2184 722 2468 777 advenisse
2503 725 2598 778 .rei
2653 723 2976 793 incipiendae
3025 725 3371 779 occasionem
3424 725 3594 776 maxi-

2025 830 2191 876 mam,
2225 823 2388 867 noctu
2425 815 2492 868 de
2539 815 2836 884 improviso
2866 815 3140 870 Romanos
3190 816 3421 883 primum
3450 830 3479 867 c
3509 829 3596 868 re-

2026 905 2188 973 gione
2240 905 2548 961 incolentes
2598 907 2900 971 invadunt,
2951 909 3094 961 aedes
3146 921 3338 960 omnes
3389 905 3599 958 inﬂatu-

2029 1005 2198 1047 mant.
2233 995 2503 1050 Postridie
2556 991 2808 1052 triremes
2856 1014 2984 1052 suas
3036 999 3144 1068 jam
3192 1006 3430 1068 paratas,
3468 998 3597 1050 item

2027 1081 2199 1134 ar-atia
2236 1095 2287 1135 et
2316 1084 2834 1156 lembos,quotquot
2857 1092 3278 1153 erant,arn2atis
3301 1091 3600 1150 instruunt,

2030 1175 2267 1242 Byzantii
2303 1177 2529 1230 aedilicia
2561 1187 2712 1231 extra
2747 1195 2931 1233 muros
2967 1180 3033 1233 ad
3073 1195 3222 1233 mare
3280 1180 3599 1242 incendunt,

2029 1272 2084 1316 et
2125 1265 2403 1324 onerarias
2435 1267 2570 1320 alias
2613 1267 2835 1335 quidem
2873 1268 3120 1335 capiunt,
3162 1269 3294 1322 alias
3340 1279 3597 1322 exurunt.

2029 1355 2171 1420 Quin
2202 1357 2363 1409 etiam
2397 1361 2725 1414 constructis
2759 1361 3075 1416 triremibus
3107 1361 3401 1424 universis,
3429 1362 3602 1416 tribus

2032 1455 2240 1500 tantum
2290 1450 2554 1516 exceptis,
2585 1449 2763 1519 ignem
2797 1451 3074 1521 injiciunt.
3128 1452 3276 1518 Quas
3320 1463 3448 1511 tres,
3484 1453 3608 1504 reli-

2031 1537 2156 1605 quis
2206 1538 2422 1593 ﬂannna
2476 1541 2802 1611 ahSumptis,
2843 1545 3096 1599 tollentes
3149 1545 3394 1614 Byzantii
3427 1544 3610 1598 eloco

2035 1629 2125 1683 ubi
2158 1632 2516 1695 parabantur,
2550 1633 2832 1689 Cosntidio
2872 1638 3168 1705 appellato,
3213 1638 3323 1691 filio
3375 1637 3612 1706 impera-

2036 1725 2172 1779 toris
2209 1724 2456 1780 Manurle
2497 1729 2815 1787 mandante.
2850 1747 2947 1799 per
2992 1730 3216 1785 ﬂuvium
3265 1731 3473 1787 Pissam
3525 1731 3609 1784 in-

2036 1815 2376 1872 terfluentem
2411 1819 2465 1872 in
2518 1829 2716 1892 ternum
2759 1823 3159 1882 subduxerunt.
3196 1832 3248 1878 et
3309 1823 3611 1877 custodiam

2037 1905 2145 1959 illis
2188 1909 2446 1978 utrinque
2481 1910 2873 1965 adhibuerunt.
2907 1913 2996 1967 Sic
3030 1912 3208 1966 Latini
3261 1914 3464 1968 bellum
3500 1912 3614 1966 Ro-

2039 2001 2213 2052 mauis
2242 2012 2490 2069 apertum
2523 2001 2847 2068 inferentes,
2879 2013 2932 2058 et
2963 2020 3028 2058 ex
3064 2020 3129 2059 eo
3170 2005 3282 2074 jam
3323 2006 3489 2058 maris
3516 2019 3616 2072 po-

2041 2100 2237 2153 tentes,
2271 2109 2396 2146 oras
2452 2094 2724 2164 legebant,
2757 2095 3051 2165 omniaque
3107 2097 3510 2165 direptionibus
3563 2105 3619 2148 et

2042 2184 2310 2238 incendiis
2365 2186 2764 2254 permiscebant
2803 2205 2815 2240 :
2859 2198 2915 2242 ct
2946 2203 3203 2256 egressus
3250 2189 3482 2257 populus
3512 2189 3618 2242 fre-

2041 2276 2451 2342 quentissimus,
2485 2278 2719 2343 primum
2759 2279 2978 2346 quidem
3012 2279 3228 2340 collem,
3263 2280 3316 2332 in
3346 2279 3465 2344 ejus
3489 2278 3619 2346 jugo

2045 2366 2178 2415 turri
2233 2369 2468 2418 excitata
2527 2366 2867 2432 muniebant,
2900 2367 3159 2436 omnique
3230 2368 3283 2419 in
3335 2383 3454 2420 eam
3503 2381 3618 2418 rem

2044 2469 2238 2509 conatu
2298 2459 2552 2511 mulieres
2597 2460 2753 2527 juxta
2816 2469 2980 2526 atque
3041 2461 3140 2514 viri
3182 2461 3617 2514 incumbebant:

2045 2563 2149 2602 nec
2180 2549 2261 2602 vel
2300 2550 2646 2605 illustrissimi
2682 2551 2751 2605 ad
2787 2552 3208 2606 adiﬁcatiouem
3243 2554 3456 2606 sociare
3487 2567 3619 2619 ope-

2047 2656 2162 2694 ram
2200 2639 2659 2712 dedignabantur.
2694 2644 2899 2698 Deinde
2931 2654 2988 2700 et
3018 2644 3288 2714 reliquum
3323 2643 3484 2713 spatii
3535 2658 3628 2697 oc-

2047 2743 2330 2802 cupantes.
2384 2753 2539 2790 muro
2581 2737 2958 2802 includebant,
3021 2740 3200 2807 quoad
3249 2739 3366 2792 calx
3421 2746 3472 2790 et
3523 2754 3627 2789 ca:-

2051 2836 2230 2879 menta
2285 2831 2721 2896 suppeditarent,
2762 2831 2853 2899 qui
2889 2831 2940 2882 in
2971 2830 3315 2884 altitudinem
3371 2845 3620 2897 magnam

2051 2918 2183 2970 Satis
2212 2921 2475 2972 surrexit.
2515 2919 2656 2984 Quin
2685 2921 2820 2974 alias
2855 2937 3072 2989 quoque
3103 2923 3410 2975 structuras
3431 2934 3626 2973 omnes

2051 3011 2115 3062 ad
2168 3014 2516 3066 securitatem
2564 3012 2830 3067 facientes
2860 3015 3249 3085 adjungebant.
3285 3014 3400 3079 Qua
3442 3024 3624 3066 autem

2055 3102 2253 3156 defecti
2298 3104 2492 3157 murali
2536 3107 2784 3169 materia,
2827 3107 3129 3175 producere
3159 3122 3297 3174 opus
3331 3122 3436 3159 non
3475 3115 3627 3172 pote-

363 3197 610 3267 φία,καὶ
655 3199 836 3249 πᾶσαν
867 3199 1254 3251 ἐπεδείκνυντο
1309 3198 1571 3268 σπουδὴν,
1615 3202 1707 3250 καὶ
1753 3198 1945 3265 ἄνδρες

2055 3203 2199 3253 rant.
2228 3195 2458 3248 excelsis
2494 3197 2782 3266 aggeribus
2811 3208 2865 3251 et
2917 3199 3173 3253 crucibus
3232 3213 3350 3251 eam
3419 3206 3627 3266 partem

361 3287 574 3354 ἱμοίως
600 3287 697 3337 καὶ
746 3289 1038 3351 γυναῖκες·
1088 3288 1182 3338 καὶ
1221 3286 1328 3339 οὐδ’
1383 3287 1432 3338 οἰ
1489 3286 1947 3354 περιφανέστατοι

360 3377 552 3430 αὖτῶν
607 3379 872 3445 ἀπηξίουν
903 3380 961 3430 τὸ
1015 3382 1125 3440 τοῖς
1169 3379 1348 3440 ἄλλοις
1407 3379 1764 3446 συναίρεσθαι
1812 3379 1948 3446 πρὸς

361 3472 468 3540 τὴν
511 3470 848 3536 οίκώομίαν,
890 3472 1121 3522 Ἔπειτα
1150 3472 1245 3524 καὶ
1274 3473 1334 3522 τὸ
1372 3471 1652 3522 ἐπίλοιπον
1701 3471 1799 3522 τοῦ
1845 3487 1951 3538 χω-

369 3565 492 3634 ρίου
529 3563 882 3626 διαλαϐόντες
936 3565 963 3616 δ
990 3564 1252 3634 ετείχιζον
1302 3565 1459 3632 ἄχρις
1489 3556 1550 3614 οὗ
1586 3561 1881 3631 ἐξήρκεσεν
1918 3563 1951 3631 ἡ

367 3656 498 3727 ὕλη,
526 3659 620 3709 καὶ
650 3659 728 3716 εἰς
762 3656 891 3725 ὕψος
921 3674 980 3707 τε
1023 3657 1188 3727 ᾔρετο
1230 3656 1292 3707 τὸ
1317 3660 1494 3724 τεῖχος
1528 3655 1713 3707 ἱκανὸν
1745 3656 1949 3719 αὐτοῖς,

366 3751 468 3803 καὶ
498 3749 666 3818 ἄλλην
720 3752 902 3800 πᾶσαν
946 3752 1008 3800 ἐκ
1063 3751 1406 3815 κατασκευῆς
1455 3748 1761 3816 ἀσφάλειαν
1827 3750 1954 3800 ἐπε-

365 3843 668 3913 τεχνῶντο.
701 3842 868 3893 Ὅσον
899 3842 950 3892 δὲ
977 3842 1077 3893 οὑκ
1104 3843 1230 3907 ἐξῆν
1266 3843 1523 3910 τειχίζειν
1553 3841 1620 3893 δι’
1655 3841 1788 3911 ὕλης
1820 3845 1956 3894 ἀπο-

370 3939 524 4007 ρίαν,
555 3936 924 4005 χαρακώμασι
962 3935 1220 4001 μεγάλοις
1256 3936 1347 3986 καὶ
1378 3936 1632 4003 σταυροῖς
1655 3933 1954 4002 περιελάμ-

368 4032 563 4092 ϐανον,
593 4029 685 4080 καὶ
724 4030 784 4078 ἐν
831 4029 996 4096 ὀλίγῳ
1045 4028 1220 4096 χρόνῳ
1251 4028 1308 4078 τὸ
1352 4027 1551 4094 χωρίον
1579 4026 1726 4078 ἆπαν
1754 4025 1953 4093 εἴχετο.

371 4121 642 4180 Βασιλεὺς
681 4119 738 4170 δὲ
789 4121 910 4170 ἐπεὶ
944 4119 1175 4169 ἐπύθετο
1204 4118 1268 4168 τὰ
1316 4117 1467 4186 παρὰ
1495 4116 1602 4168 τῶν
1651 4119 1706 4166 ἐν
1741 4116 1958 4182 Γαλατᾷ

374 4212 786 4282 τετολμημένα,
828 4211 1033 4278 ἤλγησε
1070 4209 1169 4276 μὲν
1198 4211 1258 4260 οὗ
1305 4209 1502 4278 μέτρια
1548 4208 1633 4276 ἐφ’
1663 4204 1746 4270 οἷς
1775 4209 1960 4259 τοιαῦ-

375 4326 450 4362 τα
492 4307 736 4373 ἔπασχεν
778 4302 882 4356 ὑπὸ
919 4303 1163 4354 Λατίνων
1208 4305 1306 4368 τὴν
1350 4300 1635 4366 Ῥωμαίων
1666 4299 1962 4352 οἰκούντων

374 4401 504 4468 γῆν,
534 4399 630 4451 καὶ
658 4394 886 4449 δικαίων
925 4395 1094 4447 ὄντων
1135 4392 1380 4462 ἀκριϐῶς
1435 4393 1729 4445 δουλεύειν.
1773 4393 1962 4461 Ὅμως

377 4493 456 4554 ὡς
490 4486 629 4558 εἶχε,
681 4489 857 4540 καίτοι
909 4487 1231 4554 πιεζόμενος
1285 4487 1392 4538 ὑπὸ
1423 4486 1518 4553 τῆς
1551 4486 1708 4537 νόσου
1743 4485 1845 4546 ἔτι,
1881 4485 1961 4542 εἷς

2053 3285 2506 3350 cireumdabant,
2568 3287 2828 3356 brevique
2909 3298 3153 3356 tempore
3203 3285 3465 3355 quidquid
3517 3294 3631 3337 erat

2053 3377 2213 3445 spatii
2260 3379 2718 3448 comprehensum
2764 3388 2868 3433 est.
2899 3378 3058 3449 743
3094 3380 3392 3448 Imperator
3436 3377 3504 3431 de
3535 3392 3633 3428 au-

2053 3469 2208 3523 dacia
2254 3469 2616 3523 Galataaorum
2667 3471 2845 3524 factus
2877 3473 3098 3531 certior,
3139 3470 3508 3538 maximopere
3537 3470 3634 3522 du-

2053 3561 2174 3624 luit,
2235 3575 2518 3630 propterea
2554 3562 2697 3630 quod
2731 3563 2844 3615 [nec
2879 3577 2908 3614 a
2943 3561 3146 3614 Latinis
3191 3561 3494 3613 Romanum
3543 3574 3631 3612 so-

2057 3655 2165 3707 lum
2192 3655 2585 3712 accolentibus.
2625 3663 2679 3706 et
2734 3653 2821 3719 qui
2855 3651 3050 3705 merito
3080 3654 3308 3705 subesse
3347 3667 3409 3704 ac
3439 3666 3634 3720 parere

2057 3746 2245 3801 sedulo
2272 3746 2551 3808 deberent,
2588 3753 2885 3821 pateretur.
2917 3743 3121 3799 Tamen
3157 3759 3486 3812 quamquam
3537 3741 3633 3795 ad-

2063 3839 2168 3894 huc
2198 3838 2390 3892 morbo
2421 3838 2782 3897 cruciaretur.
2802 3847 2860 3890 ut
2883 3837 3078 3904 potuit,
3102 3835 3419 3906 Byzantium
3454 3833 3630 3886 inivit:

2058 3931 2150 3984 ubi
2182 3947 2304 3984 eum
2339 3930 2522 3984 statim
2566 3939 2900 3984 mercatores
2936 3927 3280 3996 potissimum
3333 3935 3386 3980 et
3412 3923 3636 3994 opifices

2060 4020 2113 4072 iu
2149 4018 2345 4087 palatio
2372 4025 2770 4079 convenerunt,
2797 4024 3039 4079 orantes.
3068 4030 3136 4068 ne
3161 4029 3221 4069 se
3250 4014 3322 4067 ita
3356 4012 3634 4068 contemni

2061 4125 2089 4162 a
2120 4109 2331 4164 Latinis
2355 4109 2625 4171 Galataeis,
2651 4116 2706 4162 et
2746 4107 3105 4162 intolerandis
3134 4105 3396 4174 exagitari
3424 4105 3636 4174 injuriis

2061 4203 2289 4267 sineret,
2326 4202 2421 4255 sed
2482 4201 2707 4254 armatis
2739 4199 3056 4254 triremibus
3111 4199 3319 4252 nefarie
3361 4206 3636 4266 perpetra-

2063 4302 2244 4347 torum
2292 4305 2483 4361 pmnas
2529 4291 2817 4359 exigeret:
2860 4303 2920 4343 se
2979 4289 3278 4356 impensam
3329 4289 3392 4340 ad
3435 4287 3640 4340 bellum

2065 4391 2316 4452 prompte
2355 4397 2449 4449 pro
2482 4379 2737 4434 facultate
2780 4365 3124 4435 collaturos':
3171 4379 3317 4431 illata
3367 4376 3640 4446 siquidem

2066 4489 2096 4527 a
2127 4473 2334 4527 Latinis
2381 4472 2707 4526 detrimenta
2743 4470 2920 4540 magis
2967 4469 3034 4524 ad
3089 4469 3241 4539 ipsor-
3265 4468 3639 4537 pertinebant,

379 4582 682 4644 Βυζάντιον
711 4582 928 4645 ἀφῖκτο.
958 4577 1161 4629 Λύτίκα
1196 4576 1252 4627 δὲ
1285 4580 1329 4626 oi
1361 4577 1416 4625 ἐν
1450 4574 1752 4639 Βυζαντίῳ,
1787 4574 1946 4641 μάλι‹

2068 4565 2214 4634 quod
2262 4579 2455 4629 naves,
2505 4562 2769 4632 supellex,
2803 4571 2858 4616 et
2905 4563 3101 4618 domus
3156 4562 3416 4623 incensa,
3460 4558 3642 4613 omnia

383 4692 484 4728 στα
513 4674 563 4726 οί
595 4674 725 4741 περὶ
757 4670 1027 4739 ἐμπορίας
1060 4668 1444 4738 ἠσχοληιεένοι,
1480 4665 1577 4717 καὶ
1621 4668 1668 4717 οί
1701 4667 1757 4718 ἐν
1791 4669 1960 4734 ἐργα-

383 4768 634 4835 στηρίοις
672 4745 1066 4833 διατρίϐοντεξ,
1121 4764 1178 4813 ἐν
1231 4760 1523 4830 βασιλείοις
1594 4758 1962 4829 συνελθόντες,

383 4859 597 4911 ἐδέοντο
638 4856 901 4924 βασιλέως
938 4856 1010 4923 μὴ
1046 4855 1183 4920 σφᾶς
1215 4854 1484 4922 περιϊδεῖν
1515 4851 1690 4910 οὕτως
1724 4851 1828 4902 ὑπὸ
1857 4852 1965 4903 Λα-

384 4955 548 5004 τίνων
587 4949 701 5002 τῶν
755 4949 811 4999 ἐν
861 4947 1079 5015 Γαλατᾷ
1142 4944 1702 5016 περιφρονουμένους,
1749 4943 1843 4994 καὶ
1899 4943 1964 4992 τά

387 5045 662 5111 ἀνήκεστα
706 5042 1080 5107 ὑπομένοντας
1105 5053 1119 5066 ·

392 5135 570 5204 μένων
599 5135 905 5200 ἀπαιτῆσαι
944 5129 1194 5198 τριήρεις
1241 5126 1610 5192 ἐφοπλίσαντα
1670 5123 1876 5185 Αὐτοὺς
1911 5123 1968 5175 δὲ

388 5221 640 5289 ἑτοίμους
674 5213 815 5270 εἰναι
849 5217 1113 5285 χρήματα
1147 5213 1412 5282 παρέχειν
1448 5212 1582 5281 πρὸς
1614 5211 1705 5263 τὸν
1730 5211 1967 5279 πόλεμον

387 5310 425 5389 ᾖ
456 5313 524 5366 ἂν
549 5313 783 5371 ἕκαστος
808 5307 1091 5376 εὐποροίη.
1119 5305 1335 5358 Μᾶλλον
1364 5305 1475 5374 γὰρ
1496 5304 1604 5356 τῶν
1627 5303 1800 5357 ἄλλων
1828 5302 1944 5354 ἐκεί
1954 5333 1970 5342 ο

388 5423 497 5457 νων
530 5401 760 5471 ἦψατοὴ
785 5397 937 5468 παρὰ
959 5399 1202 5448 Λατίνων
1231 5395 1405 5463 φθορά
1430 5395 1791 5463 γεγενημένη.
1822 5393 1970 5461 Νῆἐς

401 5511 451 5550 τε
487 5494 600 5564 γὰρ
649 5493 745 5545 καὶ
771 5493 1052 5560 χρήματα,
1089 5489 1184 5541 καὶ
1223 5489 1392 5540 οἰκίαι
1445 5488 1501 5538 al
1538 5487 1970 5556 ἐμπρησθεῖσαι,

395 5589 463 5643 τὰ
512 5587 807 5658 σύμπαντα
858 5582 1044 5652 σχεδον
1102 5580 1327 5634 ἐκείνων
1392 5575 1556 5650 ἦσαν.
1584 5579 1872 5658 Βασιλεὺς
1915 5577 1973 5630 δὲ

400 5657 596 5751 πρῶτα
633 5677 734 5747 μὲν
760 5676 1044 5744 ἐμέμφετο
1074 5674 1260 5736 αὐτοῖς
1295 5673 1370 5735 ὼς
1399 5674 1459 5725 οὑ
1494 5657 1799 5742 χρωμένοις
1829 5669 1974 5723 κατὰ

402 5771 594 5842 καιρὸν
621 5772 689 5840 τῇ
733 5768 1038 5838 προθυμία.
1082 5765 1217 5818 Τότε
1244 5766 1353 5834 γὰρ
1381 5764 1489 5817 ἔδει
1536 5761 1874 5835 παρέχεσθαι
1907 5761 1976 5812 τὰ

401 5866 662 5940 χρήματα
707 5861 1026 5934 προθύμως,
1072 5861 1162 5914 ὅτε
1206 5857 1589 5914 συνεϐούλευεν
1643 5856 1826 5922 αὐτὸς,
1881 5854 1978 5908 καὶ

1170 5036 1303 5087 ἀλλὰ
1344 5037 1499 5095 δίκας
1543 5034 1652 5086 τῶν
1705 5034 1966 5101 τετολμη-

2071 4653 2184 4708 fere
2226 4653 2440 4707 illorum
2488 4662 2660 4707 erant.
2715 4652 3017 4721 lrnperator
3046 4667 3138 4706 eos
3167 4651 3404 4722 primum
3452 4649 3519 4704 de
3555 4650 3641 4703 in-

2071 4743 2393 4810 tempestiva
2451 4742 2753 4812 cupiditate
2806 4741 3206 4810 reprehendere
3251 4758 3264 4790 :
3313 4749 3442 4792 tunc
3493 4737 3637 4791 enim

2073 4845 2318 4905 prompte
2353 4835 2742 4889 conferendam
2776 4834 2963 4896 fuisse,
3003 4848 3125 4887 cum
3156 4833 3271 4901 ipse
3323 4839 3515 4883 auctor
3555 4828 3643 4881 fie-

2071 4929 2163 4982 bat
2194 4945 2206 4981 :
2241 4927 2312 4981 ita
2352 4943 2496 4982 nunc
2553 4926 2776 4980 Latinos
2826 4926 2972 4978 nihif
3019 4923 3122 4978 tale
3172 4936 3401 4975 ausuros
3449 4919 3640 4973 fuisse.

2072 5019 2206 5074 Nam
2233 5033 2358 5073 cum
2392 5020 2494 5072 hoc
2524 5019 2680 5088 longa
2711 5031 2890 5070 rerum
2913 5012 3253 5082 experientia
3280 5011 3475 5064 doctus
3503 5026 3643 5079 pra:-

2074 5111 2304 5176 videret,
2357 5120 2649 5176 antequam
2707 5108 2879 5169 fieret,
2940 5104 3166 5158 suadere
3216 5102 3474 5165 voluisse,
3523 5118 3646 5170 qua:

2077 5204 2238 5275 paulo
2300 5213 2422 5272 post
2489 5201 2783 5270 plurimum
2842 5196 3126 5266 profutura
3168 5204 3405 5263 putaret.
3464 5194 3644 5248 Nihilo

2077 5296 2258 5350 minus
2285 5304 2339 5348 et
2388 5293 2523 5361 ipse,
2551 5299 2838 5360 postquam
2878 5286 3078 5341 bellum
3109 5287 3288 5341 visum
3335 5295 3418 5340 est
3452 5302 3646 5356 capes~

2077 5385 2326 5448 seudum,
2375 5379 2661 5451 Byzantios
2697 5377 2980 5447 pecuniam
3012 5391 3312 5443 numerare
3349 5376 3534 5444 jussit,
3594 5386 3648 5428 et

2077 5475 2498 5534 Constantinum
2554 5471 2976 5526 Tarchaniotam
3028 5467 3298 5521 exactioni
3357 5467 3643 5535 prmfecit.

2078 5573 2237 5642 eique
2295 5567 2597 5623 triremium
2646 5563 3082 5618 :ediﬁcaudarum
3146 5559 3420 5630 negmituu
3473 5559 3643 5612 dedit.

2079 5661 2416 5719 Tenentibus
2438 5667 2620 5713 autem
2653 5673 2804 5711 mare
2830 5655 3104 5718 Galataeis,
3142 5669 3263 5708 cum
3302 5668 3398 5721 per
3425 5651 3477 5705 id
3505 5652 3647 5718 ligna

2081 5754 2467 5812 construendis
2525 5751 2758 5806 navibus
2815 5747 3122 5804 subvehere
3172 5745 3396 5799 difficile
3461 5749 3648 5799 esset,

2081 5849 2255 5907 bobus
2307 5855 2362 5902 ct
2424 5843 2584 5902 mulis
2633 5840 2860 5914 junctis,
2911 5855 2977 5896 ex
3044 5836 3316 5907 Sergentii
3369 5832 3644 5889 montibus
