3996 6218
335 381 418 444 83

1481 368 2450 453 Htsrozmncit‘ttnautv.
2623 379 2632 388 '
3150 438 3158 447 .
3361 377 3364 379 ‘
3507 399 3580 463 ῃ)

245 545 256 548 -
335 512 447 566 χην
471 511 487 526 ο
517 491 861 566 στρατηγούς
892 509 952 545 τε
981 494 1174 563 ἐφίστη
1191 497 1310 559 ταῖς
1351 497 1452 566 μὲν
1479 499 1612 568 πρὸς
1637 501 1704 569 τῇ
1739 498 1915 582 [iisan

2052 499 2352 568 .jecerunt,
2387 512 2552 572 atque
2606 503 2680 558 ita
2723 501 2961 559 victores
3001 502 3054 557 in
3086 518 3202 558 eam
3243 503 3594 561 insiluerltnt.

337 586 496 654 τρισὶ
549 587 801 656 τριήρεσι
859 583 1212 641 Φακεωλάτον
1282 588 1373 641 τὸν
1420 591 1905 659 πρωτοστράτορα,

337 682 465 740 ταῖς
494 679 540 732 δ’
593 679 653 731 ἐν
680 677 757 746 τῷ
788 678 1153 748 κοντοσκαλίῳ
1198 680 1686 750 ναυπηγηθείσαις,
1724 681 1916 750 Τζαμ-

339 770 606 822 πλάκωνα
637 770 726 822 τὸν
757 769 930 837 μέγαν
960 768 1146 832 δοῦκα,
1180 761 1554 838 ἐφιλονείκησε
1587 772 1643 824 δὲ
1674 772 1702 822 ὁ
1741 772 1914 840 μέγας

337 861 470 924 δοὺξ
525 861 935 930 φιλοτιμότερον
996 861 1541 931 προσεξεργάσασθαι
1589 864 1687 926 τὰς
1722 865 1857 927 ίδίας
1897 881 1910 896 ⁸

337 948 484 1024 ἦσαν
535 952 644 1022 γάρ
676 953 770 1004 καὶ
803 953 1059 1020 μέγισται
1098 954 1338 1020 μεγέθει,
1399 953 1494 1007 καὶ
1526 953 1773 1018 ξυλίνους
1804 957 1922 1009 ἐπι-

343 1046 553 1114 στήσας
600 1042 866 1112 πύργους,
905 1044 1000 1097 καὶ
1048 1046 1174 1106 τοὺς
1211 1046 1409 1113 ἐρέτας
1463 1045 1668 1098 ἄνωθεν
1698 1047 1920 1115 ἐρέψας,

342 1137 535 1200 διπλᾶς
570 1138 742 1190 ἐποίει
811 1138 910 1198 τὰς
938 1138 1206 1207 τριήρεις,
1277 1137 1370 1190 καὶ
1435 1137 1640 1205 πλῆθος
1685 1137 1921 1190 ὁπλιτῶν

345 1232 630 1297 ἐνέστη-σε,
677 1231 776 1300 καὶ
805 1227 1002 1296 ψιλῶν,
1033 1229 1060 1280 ὃ
1113 1230 1207 1280 καὶ
1261 1228 1499 1297 μάλιστα
1546 1229 1748 1298 ἔϐλαψε
1780 1228 1922 1282 κατὰ

346 1323 449 1388 τῆς
482 1323 660 1392 μάχης
685 1321 776 1373 τὸν
815 1321 1026 1390 καιρὸν,
1059 1323 1132 1384 ὡς
1163 1320 1328 1391 ὀλίγῳ
1358 1320 1583 1392 ὕστερον
1618 1322 1918 1392 είρήσεται.

297 1420 428 1502 ,ίτῇ
467 1417 768 1488 προτεραίᾳ
791 1417 846 1469 δὲ
884 1411 952 1488 ἦς
983 1416 1211 1483 ἔμελλον
1249 1416 1552 1484 ἀνάγεσθαι
1582 1417 1638 1470 αἱ
1674 1417 1922 1485 τριήρεις

299 1571 304 1574 ,
347 1513 413 1564 ἐκ
437 1511 533 1563 τοῦ
566 1509 813 1579 νεωρίου,
851 1508 1017 1570 ὁλκὰς
1047 1508 1390 1561 ἀναπλέουσα
1425 1507 1683 1576 ἐφαίνετο
1708 1508 1772 1560 ἐκ
1795 1507 1924 1559 Fav-

347 1603 534 1665 νούαξ,
569 1600 801 1653 πλοῦτον
833 1601 1067 1666 ἄγουσα,
1103 1601 1175 1661 ὡς
1203 1600 1440 1667 ἐλέγετο,
1460 1598 1646 1652 πολύν.
1669 1597 1924 1659 ’Λπλοίας

348 1697 405 1748 δὲ
462 1695 570 1748 τῶν
618 1694 837 1762 ἀνέμων
885 1693 1254 1759 παυσαμένων
1312 1691 1716 1761 κατασχούσης,
1787 1691 1923 1760 πρὸς

351 1786 644 1856 ιῐριγκιπῳ
677 1787 744 1854 τῇ
772 1786 918 1854 νήσῳ
945 1783 1218 1855 ὡρμίζετο
1263 1785 1351 1837 ἐπ’
1390 1783 1670 1853 ἀγκυρῶν.
1714 1783 1827 1850 Ἐφ’
1858 1784 1925 1854 ήν

2017 605 2119 645 nec
2153 593 2338 660 paucis
2364 595 2722 657 obtruncatis,
2759 596 3006 649 omnium
3039 595 3192 664 potiti
3217 607 3359 652 sunt.
3391 596 3592 652 Verum

2019 682 2110 735 ubi
2147 699 2332 737 rumor
2362 686 2575 740 incerto
2606 695 2831 740 auclore
2878 687 3140 750 manavit,
3181 687 3400 742 Latinas
3429 689 3594 743 trire-

2017 789 2133 828 mes
2152 792 2181 828 e
2203 777 2390 830 Galata
2416 795 2481 832 eo
2503 794 2726 833 cursum
2765 780 3023 845 dirigere,
3061 779 3299 850 perculsi
3338 780 3592 846 Romani,

2019 866 2235 920 circiter
2291 868 2683 940 quinquaginta
2732 873 2799 925 de
2829 872 2945 925 suis
2985 872 3042 925 in
3081 873 3331 926 oneraria
3365 873 3588 938 reiietis,

2019 958 2200 1026 fugam
2260 964 2632 1030 arripuerunt.
2673 963 2832 1034 745
2876 962 2980 1017 Sed
3040 964 3129 1018 hic
3192 981 3378 1018 rumor
3435 966 3592 1034 plane

2021 1053 2256 1105 mendax
2286 1064 2425 1107 erat.
2462 1056 2669 1110 Deserti
2703 1057 2759 1109 in
2785 1057 3031 1110 oneraria
3063 1057 3312 1119 liontani,
3341 1059 3590 1112 triremes

2021 1142 2384 1214 abnavigasse
2427 1161 2552 1200 eum
2602 1148 2892 1212 sentirent,
2949 1149 3164 1203 consilii
3220 1150 3428 1218 inopes,
3464 1132 3589 1202 cum

2023 1234 2227 1290 Latinis
2267 1238 2376 1306 jam
2415 1240 2575 1292 victis
2637 1241 3066 1310 colloquuntur;
3103 1250 3158 1295 et
3213 1243 3492 1304 convenit,
3537 1251 3595 1294 ut

2023 1329 2389 1382 communiter
2436 1331 2750 1385 incendium
2801 1331 3230 1402 restinguerent,
3263 1347 3331 1384 ne
3369 1332 3596 1400 etips’s

2026 1434 2132 1472 una
2193 1421 2533 1489 pereundum
2599 1423 2760 1477 foret.
2815 1423 3042 1478 Postero
3101 1424 3216 1487 die,
3270 1423 3314 1477 si
3370 1421 3599 1476 Romani

2024 1510 2414 1581 adnavigantes
2471 1513 2782 1567 onerariam
2839 1522 3147 1582 caperent,
3206 1513 3311 1581 ipsi
3373 1513 3598 1566 Latinos

2026 1603 2265 1656 exoratis
2301 1603 2533 1657 ducibus
2575 1613 2988 1681 conservarent.
3041 1603 3138 1658 Sin
3170 1603 3370 1668 Latini,
3403 1613 3460 1657 ut
3494 1603 3604 1657 Ro-

2027 1693 2203 1745 manis
2235 1692 2377 1748 idem
2432 1693 2667 1748 oﬂicium
2723 1695 2903 1749 Latini
2965 1703 3312 1763 praestarent,
3346 1695 3490 1764 quod
3546 1701 3602 1747 et

2029 1783 2228 1837 factum
2272 1786 2444 1852 prima
2491 1785 2638 1840 luce.
2660 1784 2875 1841 Paratis
2907 1787 3052 1840 enim
3089 1786 3163 1840 ita
3192 1786 3448 1842 omnibus
3500 1785 3603 1838 im-

349 1880 446 1933 δύο
473 1880 579 1930 τῶν
612 1877 906 1946 βασιλικῶν
939 1877 1212 1945 τριήρεων
1255 1877 1319 1928 ἐκ
1370 1874 1465 1927 τοῦ
1517 1874 1744 1943 νεωρίου
1796 1875 1927 1944 ἀνή-

2039 1876 2296 1944 peratoris
2322 1877 2652 1942 triremibus,
2696 1878 2878 1933 Latini
2909 1878 3236 1944 allabentes,
3276 1878 3595 1932 semiustatn

350 1985 509 2037 γοντο
558 1967 782 2030 νυκτὸς,
848 1967 1185 2034 παρείποντο
1237 1965 1294 2018 δὲ
1321 1968 1413 2018 καὶ
1471 1966 1729 2035 μονήρεις
1764 1966 1878 2018 [σαι
1906 1976 1923 1993 ⁸

351 2059 450 2113 καὶ
477 2059 877 2125 προσϐαλόντες
908 2059 976 2126 τῇ
1008 2055 1215 2122 ὁλκάδι,
1248 2056 1371 2109 ἐπεὶ
1402 2055 1672 2125 ἠμύνοντο
1708 2057 1758 2108 οἱ
1779 2055 1926 2108 ἔνδον

349 2151 656 2220 κραταιῶς,
689 2148 800 2218 πῦρ
829 2147 1037 2201 ἐνίεσαν
1071 2149 1118 2200 οί
1147 2149 1449 2216 τριηρίται,
1472 2148 1567 2199 καὶ
1596 2145 1736 2199 οὕτω
1768 2162 1929 2216 περι-

354 2243 657 2310 γενόμενοι,
705 2239 984 2310 ἐπέϐησάν
1037 2256 1096 2291 τε
1127 2239 1226 2306 τῆς
1258 2237 1504 2300 ὁλκάδος,
1563 2237 1663 2289 οὐκ
1713 2235 1929 2302 ὀλίγους

359 2335 470 2388 τῶν
498 2334 854 2404 ἀμυνομένων
883 2332 1330 2393 ἀποκτείναντες,
1393 2330 1488 2381 καὶ
1539 2329 1760 2382 πάντων
1788 2323 1930 2398 ἦσαν

361 2427 466 2495 ἥδη
494 2426 687 2494 κύριοι.
736 2425 934 2492 Φήμης
964 2423 1022 2474 δέ
1069 2421 1286 2488 ἀδήλως
1335 2421 1455 2481 ταῖς
1500 2421 1784 2489 τριήρεσιν
1809 2419 1931 2470 ἐπι-

356 2516 652 2582 πεσούσης,
684 2513 758 2574 ὡς
786 2514 1033 2583 τριήρεις
1060 2509 1409 2564 ἐπιπλέουσιν
1435 2510 1497 2562 ὲκ
1523 2509 1740 2562 Γαλατᾶ
1770 2511 1933 2562 Λατι-

355 2608 528 2670 νικαὶ,
561 2607 882 2676 ἐτράπησαν
916 2605 997 2666 είς
1041 2603 1238 2673 φυγὴν,
1277 2600 1444 2672 ὀλίγῳ
1484 2600 1744 2662 ἐλάσσους
1800 2616 1930 2650 πεν-

353 2699 602 2767 τήκοντα
631 2697 739 2748 τῶν
776 2694 991 2748 οἰκείων
1019 2692 1406 2754 καταλιπόντες
1434 2691 1526 2742 ἐπὶ
1557 2692 1655 2760 τῆς
1685 2688 1927 2751 ὁλκάδος.

358 2786 546 2844 Ἦσαν
575 2788 630 2841 δὲ
666 2787 980 2840 παντάπασι
1013 2785 1225 2854 ψευδεῖς
1256 2786 1311 2836 αί
1344 2785 1541 2852 φῆμαι.
1575 2784 1637 2834 Oi
1671 2782 1726 2834 δὲ
1758 2798 1933 2834 κατα·

360 2881 678 2949 λειφθέντες
738 2877 999 2946 Ῥωμαῖοι
1028 2877 1123 2929 ἐπὶ
1175 2875 1275 2945 τῆς
1324 2875 1566 2939 ὁῖκάδος,
1622 2872 1936 2940 αἰσθόμενοι

363 2973 790 3034 ἀποπλευσάσας
838 2970 936 3031 τάς
979 2973 1252 3038 τριήρεις,
1320 2969 1380 3020 ἐν
1443 2965 1723 3036 ἀμηχανίᾳ
1771 2981 1938 3017 κατα-

362 3063 614 3126 στάντες,
650 3063 731 3123 είς
790 3060 976 3127 λόγους
1011 3055 1178 3129 ἦλθον
1219 3060 1332 3120 τοῖς
1363 3058 1617 3118 Λατίνοις
1644 3053 1935 3124 νενικημέ-

359 3171 474 3217 νοις
510 3153 611 3223 rei;
661 3153 803 3204 ararit
859 3151 1079 3220 κράτος,
1137 3152 1232 3202 καὶ
1283 3149 1586 3218 συνέϐησαν
1615 3147 1753 3200 ὥστε
1781 3147 1934 3215 κοινῇ

2028 1970 2332 2024 onerariam
2364 1970 2772 2034 abstraxerunt,
2829 1970 3035 2040 quique
3075 1971 3130 2023 in
3164 1985 3228 2023 ea
3259 1970 3604 2024 vehebantur

2028 2059 2228 2121 Latini.
2259 2079 2322 2116 ex
2362 2063 2679 2132 juramcuto
2719 2061 2978 2117 Romanis
3030 2061 3460 2118 incolumitatem
3495 2061 3602 2115 im-

2029 2164 2331 2222 patrarunt.
2373 2139 2738 2224 Imperatoriae
2775 2156 3029 2209 triremes
3070 2155 3354 2208 instructa:
3411 2166 3604 2206 omnes

2030 2261 2086 2304 et
2119 2257 2324 2319 paratas
2355 2249 2595 2316 Penitus,
2624 2255 2940 2315 ornatasque
2983 2245 3297 2313 insigniter,
3328 2255 3384 2298 et
3429 2259 3605 2298 arma-

2032 2350 2219 2404 torum;
2243 2353 2493 2402 numero,
2525 2336 2818 2403 splendore
2870 2351 2932 2390 ac
2973 2335 3348 2404 magnitudine
3377 2325 3608 2403 appara-

2032 2443 2121 2488 tus
2154 2430 2328 2485 nihilo
2359 2428 2602 2499 antiquis
2643 2430 3013 2484 Romanorum
3066 2426 3336 2482 classibus
3377 2427 3604 2483 inferio-

2033 2541 2142 2585 res.
2181 2541 2213 2580 e
2263 2524 2438 2579 navali
2490 2523 2861 2578 deducuntur.
2917 2521 3200 2576 Uuiremes
3254 2536 3364 2576 non
3411 2535 3605 2590 paucae

2032 2627 2332 2686 sequuntur
2369 2634 2383 2669 :
2424 2615 2588 2669 lembi
2622 2615 2771 2675 item.
2805 2623 2862 2668 et
2916 2613 3180 2674 actuaria,
3200 2619 3267 2667 'et
3307 2613 3359 2666 in
3400 2613 3467 2667 iis
3513 2627 3607 2667 ca-

2037 2709 2326 2778 taphracti,
2359 2707 2448 2776 qui
2488 2722 2680 2760 omnes
2717 2705 2846 2761 odio
2870 2705 3187 2760 Latinorum
3237 2703 3432 2774 cupide
3461 2701 3612 2756 mili-

2037 2811 2203 2854 tatum
2233 2797 2744 2870 proficiscebantur.
2781 2796 2960 2850 Latini
2991 2805 3144 2850 tanto
3172 2803 3434 2880 apparatn
3461 2801 3606 2848 atto-

2037 2892 2157 2946 niti.
2193 2891 2374 2944 omnia
2415 2889 2596 2958 potius
2645 2887 2976 2956 cogitabant,
3011 2902 3170 2954 quam
3203 2901 3325 2939 cum
3363 2882 3603 2939 triremi-

2038 2983 2139 3036 bus
2165 2979 2532 3050 imperatoriis
2563 2978 2865 3031 decertare.
2896 2976 3035 3030 Suas
3068 2982 3252 3028 autem
3288 2981 3414 3028 ante
3444 2973 3604 3041 oppi-

2040 3072 2167 3125 dum
2237 3071 2529 3126 instructas
2573 3069 2867 3130 habebant,
2931 3066 3246 3137 opinionem
3307 3064 3613 3134 praebentes

2045 3163 2097 3214 in
2151 3159 2555 3231 imperatorias,
2614 3158 2659 3213 si
2719 3157 2993 3223 venirent,
3054 3155 3245 3210 ituras.
3281 3153 3371 3207 Sic
3430 3161 3613 3206 autem

362 3246 642 3300 σϐεννύειν
692 3242 1134 3312 κατακαιομένην
1185 3242 1285 3311 τὴν
1311 3241 1530 3302 ὁλκάδα,
1583 3239 1669 3291 ἵνα
1708 3237 1780 3306 μὴ
1816 3253 1936 3288 συν-

2043 3264 2202 3310 erant
2230 3228 2537 3323 comparati
2567 3250 2810 3316 Galataei,
2844 3259 2905 3305 ut
2939 3250 2984 3304 si
3016 3249 3393 3318 imperatorias
3422 3259 3615 3299 accur-

361 3337 706 3406 διαφθαρῶσι
757 3335 852 3387 καὶ
906 3336 1080 3387 αύτοί.
1147 3335 1236 3396 Ei;
1295 3334 1394 3403 τὴν
1447 3332 1707 3385 ἐπιοῦσαν
1766 3332 1822 3384 δὲ
1872 3329 1937 3383 ἂν

369 3432 471 3499 μὲν
519 3429 784 3499 Ῥωμαῖοι
845 3425 1273 3487 ἐπιπλεύσαντες
1330 3423 1510 3494 κύριοι
1569 3423 1667 3492 τῆς
1713 3421 1936 3486 ὁλκάδος

364 3523 657 3591 γένωνται,
711 3517 1095 3582 συνδιασώζειν
1161 3519 1287 3580 τοὺς
1333 3513 1759 3583 ἀπολειφθέντας
1808 3513 1944 3566 Ῥω-

370 3611 563 3683 μαίοῦς
617 3611 742 3672 τοὺς
779 3609 1040 3670 Λατίνους
1092 3606 1554 3676 ἐξαιτησαμένους
1621 3604 1775 3674 παρὰ
1829 3603 1940 3657 τῶν

366 3705 678 3774 ἀρχόντωνο
709 3703 778 3756 ἂν
805 3702 848 3754 δ’
881 3701 929 3754 οἱ
961 3701 1176 3753 Λατῖνοι
1228 3693 1528 3752 ἐπιπλέωσὶ
1578 3701 1674 3752 καὶ
1716 3697 1940 3767 κυριεύ-

361 3812 472 3848 ωσι
501 3795 599 3862 τῆς
627 3793 870 3855 ὁλκάδος,
899 3792 968 3844 τά
1003 3792 1091 3844 ira
1118 3790 1383 3852 Λατίνους
1418 3790 1596 3841 ποιεῖν
1634 3788 1769 3857 πρὸς
1814 3787 1940 3848 τοὺς

372 3888 711 3957 Ῥωμαίους,
741 3885 769 3938 ὃ
802 3886 895 3937 καὶ
929 3884 1138 3953 ἐγίνετο
1171 3883 1287 3951 ἅμα
1319 3882 1394 3952 ἕῳ
1425 3898 1442 3915 '
1475 3882 1598 3934 ἐπεὶ
1641 3881 1751 3950 γὰρ
1790 3878 1944 3932 οὔπω

363 3983 544 4034 πᾶσαι
574 3979 1084 4047 παρεσκευασμέναι
1113 3971 1251 4046 ἦσαν
1282 3977 1340 4028 αί
1372 3974 1651 4043 βασιλικαὶ
1675 3971 1942 4042 τριήρεις,

365 4078 417 4127 οἱ
456 4074 674 4127 Λατῖνοι
731 4069 1184 4136 ἐπιπλεύσαντες,
1217 4069 1498 4139 ήμιφλεγῆ
1559 4066 1803 4121 ἀνεῖλκον
1847 4065 1946 4134 τὴν

363 4165 592 4220 ὁλκάδα.
646 4161 916 4226 Διέσωζον
974 4163 1030 4214 δὲ
1086 4162 1182 4216 καὶ
1240 4163 1369 4226 τοὺς
1431 4161 1744 4232 Ῥωμαίους
1804 4160 1946 4213 κατὰ

364 4261 500 4322 τοὺς
528 4262 725 4329 ὅρκους
749 4259 801 4311 οί
841 4260 896 4310 ἐν
921 4260 987 4327 τῇ
1020 4259 1111 4328 νηῒ
1140 4274 1153 4288 ⁸
1195 4259 1250 4310 αί
1285 4257 1564 4327 βασιλικαὶ
1594 4256 1650 4308 δὲ
1702 4253 1946 4324 τριήρεις

365 4352 494 4405 ἐπεὶ
525 4353 696 4419 πᾶσαι
741 4347 1254 4419 παρεσκευασμέναι
1293 4345 1454 4418 ἦσαν,
1487 4349 1592 4402 ’καὶ
1621 4348 1775 4400 οὐδὲν
1828 4345 1950 4398 ἐνέ-

366 4445 449 4498 δει
480 4445 582 4502 ἔτι,
608 4444 872 4512 ἀνήγοντο
904 4443 969 4494 ἐκ
999 4441 1092 4494 τοῦ
1142 4442 1369 4512 νεωρίου
1404 4441 1576 4493 πᾶσαι
1629 4437 1949 4506 διαπρεπῶς

2043 3362 2161 3400 rere
2231 3345 2502 3410 viderent,
2560 3343 2784 3398 funibus
2840 3357 2966 3396 suas
3033 3340 3394 3404 retraherent,
3430 3352 3493 3391 ac
3546 3335 3615 3390 de

2045 3438 2214 3492 muris
2247 3451 2367 3491 sese
2421 3443 2730 3490 tuerentur.
2767 3433 2969 3488 Verum
3020 3432 3304 3484 enimvero
3353 3429 3516 3482 etiam
3557 3426 3612 3480 iu

2047 3529 2217 3583 muris
2266 3528 2351 3582 sui
2403 3527 2658 3582 servandi
2709 3540 2861 3594 spem
2911 3525 3174 3593 gerebant
3213 3520 3614 3574 inanissimam.

2047 3619 2322 3673 Triremes
2371 3616 2718 3686 imperatoris
2767 3613 3057 3674 deductae,
3111 3625 3174 3664 ea
3232 3618 3392 3663 nocte
3451 3621 3618 3675 pr0pe

2045 3712 2234 3767 navale
2283 3718 2575 3772 steterunt,
2609 3719 2668 3762 ut
2725 3707 2896 3762 altero
2948 3704 3036 3759 die
3085 3717 3209 3758 cum
3264 3700 3440 3756 tribus
3479 3713 3617 3769 quas

2049 3803 2404 3859 i-‘haceolatus
2440 3800 2689 3862 ducebat,
2721 3797 3046 3867 conjunctae,
3077 3795 3131 3848 in
3180 3793 3447 3849 Gaiatzeos
3484 3805 3615 3857 age-

2046 3909 2254 3953 rentur.
2291 3894 2654 3949 Phaceolattts
2681 3900 2736 3946 et
2769 3891 2888 3958 ipse
2920 3895 3143 3956 paratus
3166 3891 3306 3949 erat,
3333 3892 3390 3936 ut
3414 3881 3618 3951 postri-

2046 3989 2134 4044 die
2190 3993 2522 4054 erumperet.
2579 3983 2646 4037 Et
2697 3983 2996 4050 imperator
3050 3993 3176 4032 eum
3227 3975 3339 4030 lilio
3393 3974 3618 4043 despota

2047 4080 2388 4147 frequentem
2437 4089 2501 4128 ac
2547 4081 2833 4126 strenuum
2888 4068 3191 4137 equitatum
3243 4065 3515 4126 mittebat,
3559 4071 3621 4116 ut

2049 4167 2356 4239 congressis
2401 4164 2738 4228 triremibus,
2793 4161 2897 4231 ipsi
2958 4173 3175 4230 quoque
3226 4173 3255 4210 a
3305 4157 3622 4212 continente
3674 4161 3682 4166 ”

2052 4264 2343 4317 irruerent.
2381 4257 2475 4311 Die
2523 4257 2634 4326 jam
2663 4255 3017 4327 procedente,
3054 4266 3224 4306 naves
3254 4265 3285 4305 e
3320 4249 3498 4304 navali
3553 4247 3622 4301 ad

2055 4358 2263 4420 portam
2315 4346 2686 4416 Eugenianam
2747 4343 3116 4398 cernebantur
3149 4357 3164 4395 :
3194 4339 3392 4410 quibus
3439 4347 3621 4392 autem

2052 4441 2409 4498 Phaceolatus
2461 4444 2822 4508 protostrator
2875 4443 3125 4504 praeerat,
3176 4442 3235 4487 et
3284 4432 3414 4501 ipsa:
3461 4429 3622 4500 pulsu

369 4534 809 4605 κεκοσμημέναι,
843 4535 935 4586 καὶ
955 4533 1152 4601 πλήθει
1182 4532 1417 4584 ὁπλιτῶν
1449 4536 1543 4583 καὶ
1573 4530 1936 4600 λαμπρότητι1

2056 4549 2326 4591 remorum
2355 4532 2584 4602 agitatae,
2627 4530 2752 4583 aliis
2780 4543 2900 4582 sese
2933 4541 3224 4598 aggregare
3261 4525 3621 4579 festinabant.

371 4627 471 4678 καὶ
520 4626 744 4694 μεγέθει
770 4624 1126 4692 παρασκευῆς
1162 4623 1337 4675 οὐδενὶ
1385 4624 1492 4674 τῶν
1523 4623 1589 4674 ἐκ
1623 4619 1822 4673 πολλοῦ
1855 4637 1948 4686 γε-

371 4733 510 4784 γενη
518 4717 700 4782 μένων
743 4713 1032 4781 Ῥωμαίοις
1063 4714 1267 4766 στόλων
1299 4714 1718 4782 ἐλασσούμεναι.
1750 4714 1950 4783 Παρεί-

374 4825 542 4860 ποντο
584 4806 641 4858 δὲ
693 4808 783 4858 καὶ
812 4808 1067 4875 μονήρεις
1094 4805 1194 4858 οὐκ
1249 4804 1452 4870 ὀλίγαι,
1511 4805 1604 4857 καὶ
1633 4803 1825 4872 λέμϐοι
1856 4803 1950 4856 καὶ

373 4899 584 4950 ἀκάτια
623 4895 850 4957 ὁπλίτας
878 4895 1098 4963 ἄγοντα,
1157 4895 1303 4964 ἔχθει
1332 4895 1440 4947 τῶν
1477 4895 1720 4948 Λατίνων
1749 4893 1952 4964 προθύ-

381 5008 498 5061 μως
536 4991 791 5043 ἀπάντων
817 4990 1354 5058 συστρατευομένων.
1385 4989 1452 5042 Ol
1474 5006 1528 5040 τε
1566 4990 1786 5042 Λατῖνοι
1815 4986 1951 5056 πρὸς

375 5085 441 5136 τὸ
476 5083 703 5148 μέγεθος
727 5081 824 5148 τῆς
853 5083 1206 5152 παρασκευῆς
1245 5073 1712 5150 ἐκπεπληγμένοι,
1774 5078 1952 5131 πάντα

381 5176 612 5246 μᾶλλον,
646 5175 679 5243 ἢ
708 5176 845 5243 πρὸς
880 5175 978 5238 τὰς
1013 5174 1299 5244 βασιλικὰς
1351 5175 1604 5244 τριήρεις
1649 5173 1952 5242 διαναυμα-

376 5274 493 5342 χεῖν
529 5269 850 5323 διενοοῦντο·
873 5268 1010 5321 ἀλλά
1041 5269 1140 5331 τὰς
1172 5267 1440 5337 σφετέρας
1469 5269 1713 5337 τριήρεις
1743 5267 1953 5335 πεπλη-

381 5363 636 5434 ρωμένας
664 5361 897 5430 ἔχοντες,
929 5360 1240 5430 ὡρμίζοντο
1273 5361 1379 5430 πρὸ
1411 5361 1506 5413 τοῦ
1536 5360 1820 5431 φρουρίου,
1867 5360 1955 5412 δό-

380 5473 546 5524 κησιν
579 5454 679 5523 μὲν
703 5454 1054 5522 παρέχοντες,
1083 5453 1158 5515 ὡς
1188 5451 1552 5522 ἐμϐαλοῦντες
1593 5451 1811 5540 ἐμιοῦσι
1841 5453 1953 5512 τοῖς

384 5545 712 5615 βασιλικοῖς.
738 5541 896 5594 Οὕτω
925 5542 981 5595 δέ
1016 5537 1155 5614 ἦσαν
1181 5537 1717 5612 παρεσκευασμένοι,
1748 5539 1824 5601 ὡς
1857 5541 1954 5602 τὰς

389 5637 491 5706 μὲν
533 5635 1118 5706 τριήρειςνκαλωδίοις
1163 5635 1554 5696 ἀνελκύσοντες
1608 5635 1675 5687 ἂν
1725 5631 1954 5685 αίσθωνη

384 5744 478 5782 ται
506 5728 606 5791 τὰς
640 5727 925 5798 βασιλικὰς
953 5727 1345 5791 ἐπιπλεούσας,
1374 5727 1529 5780 αὐτοὶ
1568 5725 1613 5780 δ’
1641 5725 1956 5794 ἀμυνούμε-

388 5838 472 5875 νοι
497 5819 609 5874 ἀπὸ
637 5818 745 5874 τῶν
774 5820 986 5890 τειχῶν.
1020 5815 1204 5874 Ἦσαν
1264 5819 1323 5874 δὲ
1355 5820 1700 5890 φαυλοτάτας
1742 5818 1958 5890 ἔχοντες

899 6019 926 6030 ε.

2053 4622 2124 4678 At
2158 4621 2303 4677 enim
2340 4620 2474 4684 Deo,
2502 4619 2595 4690 qui
2644 4619 2910 4685 gubernat
2939 4615 3123 4670 omnia
3176 4625 3233 4669 et
3281 4628 3378 4668 sua
3425 4613 3626 4680 cuique

2049 4717 2198 4784 juste
2266 4713 2572 4781 dispensat,
2631 4709 2929 4770 Romanos,
2987 4716 3048 4760 ut
3101 4712 3346 4774 apparet,
3401 4711 3626 4772 propter

2054 4807 2540 4877 praeterita,eaque
2565 4803 2735 4857 multa
2772 4802 2966 4857 delicta
2999 4799 3278 4868 puniente,
3303 4805 3358 4849 et
3389 4809 3418 4848 a
3455 4793 3627 4846 multo

2055 4898 2407 4953 inferioribus
2443 4893 2686 4961 superari
2732 4893 3102 4961 permittente,
3136 4903 3264 4942 ecce
3292 4887 3386 4940 tibi
3432 4899 3624 4954 magna

2053 4992 2137 5046 vis
2192 4988 2338 5044 venti
2389 4988 2652 5050 cooritur,
2686 4984 2850 5054 746
2899 4993 2953 5036 et
2994 4981 3196 5050 primas
3263 4978 3531 5040 triremes,
3563 4975 3622 5029 in

2055 5083 2252 5152 quibus
2276 5081 2466 5149 lignea:
2494 5087 2694 5139 turres,
2719 5075 2933 5136 evertit,
2964 5071 3234 5140 simulque
3265 5069 3468 5124 milites
3496 5083 3625 5122 cum

2057 5174 2191 5244 ipsis
2216 5171 2404 5234 armis,
2428 5178 2482 5223 et
2515 5168 2744 5236 remiges
2778 5167 2831 5219 in
2869 5165 3090 5234 pelagus
3123 5163 3402 5224 decidunt,
3429 5175 3476 5217 et
3512 5177 3626 5216 uno

2056 5271 2333 5322 momento
2398 5275 2589 5315 omnes
2658 5267 2938 5313 vectorum
3007 5272 3193 5311 vacuae
3263 5257 3623 5325 aspiciuntur.
3721 5297 3728 5304 .

2056 5359 2258 5415 Eodem
2295 5363 2497 5425 puncto
2531 5353 2816 5420 temporis,
2844 5353 2934 5419 qui
2987 5350 3203 5403 stabant
3242 5349 3298 5402 in
3346 5347 3625 5410 tabulatis,

2056 5463 2243 5504 earum
2279 5462 2411 5516 quas
2438 5443 2794 5497 Phaceolatus
2814 5441 3066 5501 ducebat,
3088 5440 3340 5492 similiter
3367 5439 3420 5491 in
3453 5439 3628 5491 undas

2057 5539 2271 5608 delapsi.
2304 5546 2431 5592 sunt
2457 5553 2470 5588 :
2499 5544 2728 5596 eratque
2762 5533 3038 5601 multiplex
3078 5541 3364 5586 nautarum
3397 5548 3460 5586 ac
3488 5531 3632 5584 mili-

2061 5641 2173 5688 tum
2197 5629 2458 5685 interitio.
2485 5627 2807 5696 Complures
2842 5641 2995 5688 sane,
3019 5625 3446 5694 quoniamjuxta
3481 5624 3634 5678 littus

2057 5739 2226 5780 naves
2255 5721 2662 5780 evertebantur,
2691 5729 3003 5782 evasi-runt,
3038 5717 3194 5785 aquis
3237 5716 3484 5772 suifoeati
3527 5715 3635 5768 cir-

2061 5817 2197 5873 citer
2220 5813 2458 5881 ducenti,
2493 5822 2542 5868 et
2569 5813 2634 5866 de
2663 5809 3043 5879 Zatnplaconis
3069 5825 3225 5879 grege
3256 5807 3445 5860 Meuali
3475 5804 3632 5860 ducis
