3996 6218
412 401 476 468 91

1611 415 1935 476 JOANNIS
1971 400 2497 478 CANTACUZEM

3602 402 3673 469 92

409 517 587 581 ﬁlius,
638 516 853 575 Manuel
914 519 1415 595 Philantbropenus
1477 527 1768 596 przefeetus
1831 532 1987 586 navis

2108 529 2315 592 ἐλπίδας
2353 528 2566 582 τοῦ”καὶ
2594 527 2651 580 ἐν
2705 530 2815 591 τοῖς
2856 525 3061 598 τείχεσι
3106 521 3561 592 διασωθήσεσοαι.
3604 524 3670 579 Δί

409 611 697 678 praetorias,
740 613 825 666 vir
865 629 1026 668 manu
1050 625 1355 686 promptus,
1393 619 1817 691 imperatorique
1861 623 1991 677 cha-

410 700 685 758 rissimus.
719 703 857 758 Tum
909 703 1129 760 Galatazi
1182 710 1503 766 instauratis
1550 714 1746 769 animis
1794 731 1990 785 prove-

416 782 642 856 liuntur,
680 810 847 850 naves
897 795 1136 852 hostium
1184 804 1494 867 retrahunt,
1533 820 1734 875 easque
1774 808 1992 864 nemine

415 885 744 952 prohibente
775 898 871 942 aut
895 890 1196 947 ulciscente
1227 893 1461 949 flammis
1506 897 1754 967 implent,
1820 909 1876 955 et
1910 901 1993 956 vi-

412 976 638 1030 ctoriam
675 980 794 1035 sine
828 983 1099 1051 sanguine
1136 997 1567 1055 consequuntur.
1606 990 1707 1055 Qui
1758 1008 1889 1046 vero
1939 993 1993 1047 in

413 1069 734 1127 continente
781 1088 905 1127 cum
952 1076 1063 1130 ﬁlio
1111 1079 1459 1146 imperatoris
1491 1093 1665 1145 erant,
1695 1086 1844 1151 Operi
1877 1089 1997 1156 qui-

414 1167 540 1221 dem
576 1182 697 1222 sese
728 1170 1102 1240 accingebant.
1134 1182 1390 1242 putantes
1429 1176 1589 1233 etiam
1638 1182 1858 1238 navales
1904 1198 1998 1237 so-

415 1260 531 1314 cios
577 1276 607 1315 e
642 1262 777 1315 mari
824 1263 1239 1334 impressionem
1285 1268 1549 1327 facturos.
1584 1275 1681 1328 Ast
1706 1276 1799 1331 ubi
1832 1294 1997 1335 naves

415 1354 693 1413 Romanas
724 1359 916 1416 inanes
947 1363 1173 1419 subduci
1206 1380 1637 1437 conspexerunt,
1684 1375 1848 1430 etiam
1894 1378 1995 1446 ipsi

415 1458 877 1508 retrocesscrunt.
935 1457 1254 1523 Imperator,
1309 1461 1499 1516 videns
1542 1474 1744 1519 tantam
1786 1470 1996 1537 cOpiam

417 1535 584 1600 gratis
636 1540 876 1603 periisse,
919 1552 1027 1598 tam
1070 1549 1218 1617 gravi
1263 1550 1637 1609 Romanorum
1687 1557 1999 1616 calamitate

418 1625 701 1696 ingemuit.
741 1642 800 1686 ut
832 1636 921 1697 qui
957 1637 1119 1692 Deum
1157 1643 1425 1697 offensum
1460 1647 1563 1699 hoc
1593 1650 1771 1712 egisse
1804 1652 2002 1707 intelli-

417 1730 589 1785 geret.
620 1721 764 1777 Nihil
794 1735 971 1782 tamen
1002 1730 1067 1783 de
1089 1732 1380 1789 altitudine
1407 1738 1571 1792 animi
1601 1740 1872 1808 discessit,
1896 1761 2001 1801 nec

418 1810 543 1877 quia
592 1814 791 1877 victus.
824 1819 987 1873 etiam
1039 1822 1240 1879 fractus
1274 1844 1287 1878 :
1324 1829 1454 1894 quin
1500 1829 1681 1884 subito
1716 1833 1782 1887 ad
1830 1851 1999 1892 novas

419 1902 668 1959 triremes
694 1909 1039 1969 :edificandas
1068 1915 1326 1984 lignatum
1357 1921 1435 1975 ire
1473 1926 1750 1993 praecepit,
1776 1935 1823 1982 et
1849 1931 2000 1998 operi

418 2006 701 2051 curatores
750 2002 1016 2068 prmfccit.
1067 2006 1285 2063 Galataei
1320 2028 1485 2079 porro
1517 2016 1659 2073 diem
1697 2019 1847 2074 illum
1883 2022 2001 2077 fau-

420 2086 721 2143 stissimum
777 2108 1150 2161 numerantes,
1190 2117 1298 2175 quo
1348 2114 1426 2159 tot
1474 2106 1716 2163 hostium
1771 2114 2002 2170 navibus

422 2180 573 2232 nullo
612 2197 712 2234 suo
745 2185 934 2245 labore
966 2192 1121 2257 potiti
1155 2204 1360 2257 essent,
1390 2213 1496 2250 non
1517 2201 1711 2255 .solum
1740 2204 1997 2272 epinicia,

421 2272 516 2323 sed
544 2272 768 2343 insuper
791 2280 992 2334 soteria
1020 2283 1391 2341 celebrabant.
1415 2287 1531 2344 Jam
1565 2293 1709 2347 enim
1743 2303 1851 2349 tota
1874 2313 2001 2367 spes

419 2363 612 2418 salutis
640 2367 747 2426 levi
777 2384 1053 2429 momento
1086 2377 1193 2432 illis
1229 2383 1581 2448 pependerat.
1621 2385 1716 2442 Die
1748 2363 2001 2459 sequenti

420 2456 676 2514 omnibus
719 2460 1034 2519 triremibus
1069 2468 1184 2521 suis
1217 2469 1519 2536 instructis,
1555 2486 1609 2530 et
1641 2456 1897 2549 tanquam
1945 2482 1999 2537 in

420 2542 646 2599 victoria
692 2555 987 2617 coronatis,
1022 2556 1439 2632 elegantemque
1473 2566 1525 2619 in
1574 2571 1795 2626 modum
1842 2589 1997 2628 exor-

421 2637 587 2703 natis,
618 2655 681 2693 ex
725 2642 953 2699 adverso
984 2649 1166 2713 palatii
1199 2668 1415 2711 sursum
1448 2673 1512 2713 ac
1547 2659 1804 2716 deorsum
1844 2666 2003 2719 navi-

420 2738 632 2796 gantes,
666 2733 1018 2797 imperatoria
1065 2740 1217 2811 signa
1262 2754 1439 2813 capta,
1476 2750 1541 2803 ad
1589 2750 1910 2819 ludibrium,
1941 2764 2005 2812 ut

423 2831 541 2873 mos
564 2830 667 2884 est,
702 2825 1008 2882 trahebant.
1046 2829 1112 2885 Et
1137 2830 1522 2902 imperatorem
1553 2853 1776 2912 propter
1804 2846 1999 2902 adver-

2032 1870 2073 1924 Β

421 2922 541 2962 sum
588 2926 777 2967 casum
824 2918 987 2974 etiam
1040 2923 1226 2977 animo
1278 2929 1669 2996 succubuisse,
1706 2937 2041 3008 statimque-

424 3001 565 3055 bello
616 3005 794 3071 posito
842 3025 1031 3075 pacem
1087 3018 1480 3085 expetiturum,
1526 3030 1579 3076 et
1624 3025 1885 3093 spatium,
1915 3001 2003 3086 'de

426 3106 539 3158 quo
580 3109 767 3163 supra,
813 3100 918 3154 illis
962 3101 1290 3159 donaturum
1336 3108 1767 3167 arbitrabantur.
1801 3114 1903 3171 Sed
1940 3127 2003 3173 ut

2098 622 2197 691 μὲν
2226 620 2321 674 οὖν
2360 619 2642 690 βασιλικαὶ
2669 620 2918 691 τριήρεις
2953 617 3273 688 ἀναχθεῖσαι
3316 620 3379 668 ὲκ
3407 614 3503 668 τοῦ
3536 633 3671 669 νεω-

2097 713 2215 784 ρίου
2244 712 2410 767 αὐτοῦ
2443 728 2550 768 που
2581 712 2811 783 πλησίον
2862 711 3152 780 ηὐλίσαντο
3182 708 3279 779 τὴν
3325 706 3519 771 νύκτα,
3555 707 3672 759 δια-

2096 806 2380 876 νοούμενοι
2411 804 2486 869 ὡς
2536 807 2594 869 ἐς
2629 804 2726 875 τὴν
2765 802 3058 873 ὑστεραίαν
3105 804 3227 863 ταῖς
3275 801 3416 870 μετά
3442 800 3535 853 τοῦ
3568 802 3715 857 Φα-.

2096 899 2369 951 κεωλάτου
2400 898 2548 968 τρισὶ
2592 898 2882 967 τριήρεσιν
2937 897 3018 957 είς
3066 894 3125 947 ἓν
3150 893 3457 962 γενόμενοι,
3489 892 3668 944 Γαλα-

2096 991 2233 1054 τίοις
2276 990 2668 1044 ἐπιπλεύσωσι.
2716 987 3075 1050 Φακεωλάτος
3118 987 3173 1039 δὲ
3210 987 3304 1039 καὶ¹
3351 985 3519 1047 αὐτὸς
3570 985 3672 1046 τὰς

2096 1083 2343 1150 τριήρεις
2371 1079 2691 1148 ἐφοπλίσας,
2741 1075 3261 1149 παρεσκευασμένος
3291 1069 3360 1145 ἦν
3384 1074 3460 1135 ὡς
3490 1074 3547 1135 ἐς
3570 1072 3671 1141 τὴν

2100 1169 2392 1239 ὑστεραίαν
2454 1166 2796 1237 ἐξορμήσων,
2853 1164 2950 1219 καὶ
3021 1165 3049 1218 ὁ
3122 1162 3376 1232 βασιλεὺς
3436 1160 3671 1229 ἱππικὴν

2100 1262 2313 1329 ἔπεμπε
2370 1260 2629 1329 στρατιὰν
2674 1260 2791 1328 ἅμα
2821 1256 3054 1326 δεσπότῃ
3114 1254 3191 1323 τῷ
3243 1252 3344 1322 υίῷ
3380 1250 3583 1319 πολλήν
3609 1266 3669 1301 τε

2100 1354 2193 1406 καὶ
2226 1352 2460 1421 ἀγαθὴν,
2493 1351 2569 1414 ὡς
2621 1351 2721 1420 τῆς
2749 1346 3027 1415 συμϐολῆς
3052 1347 3352 1414 γενομένης
3380 1342 3489 1395 τῶν
3515 1342 3673 1410 τριή-

2106 1464 2264 1515 ρεων,
2296 1444 2390 1498 καὶ
2427 1444 2580 1498 αὐτοὶ
2606 1440 2966 1514 προσ6ἀλοιεν
2995 1441 3061 1491 ἐκ
3089 1438 3189 1506 τῆς
3218 1436 3471 1505 ἠπείρου.
3518 1431 3674 1485 Ἐπεὶ

2100 1538 2156 1590 δὲ
2207 1536 2387 1606 ἡμέρα
2414 1535 2515 1606 ἤδη
2564 1530 2661 1604 ἦν,
2698 1534 2755 1585 αἱ
2804 1532 2902 1602 μὲν
2937 1533 3000 1583 ὲκ
3028 1529 3121 1583 τοῦ
3169 1527 3400 1597 νεωρίου
3432 1526 3678 1594 τριήρεις

2103 1627 2436 1693 ἀναχθεῖσαι,
2506 1624 2640 1694 πρὸς
2694 1625 2760 1691 τῇ
2817 1622 3080 1688 Εὐγενίου
3145 1616 3461 1689 καλουμένῃ
3524 1614 3667 1684 πύλῃ

2102 1721 2204 1791 ἤδη
2232 1715 2393 1789 ἦσαν.
2427 1719 2493 1772 At
2527 1717 2582 1770 δὲ
2631 1716 2768 1786 μετὰ
2800 1714 3160 1768 Φακεωλάτου
3200 1710 3294 1763 τοῦ
3323 1707 3678 1777 πρωτοστρᾶ-

2104 1826 2280 1881 τορος,
2309 1811 2401 1861 καὶ
2432 1809 2595 1861 αὐταὶ
2651 1805 2750 1858 τοῦ
2785 1805 3036 1870 ποταμοῦ
3068 1801 3483 1873 ἐξορμηθείσαι,
3515 1798 3680 1868 ἠπεί-

2102 1924 2261 1977 γοντο
2283 1909 2403 1969 ταῖς
2436 1905 2624 1967 ἄλλαις
2662 1905 2721 1956 ἐν
2743 1902 2924 1970 ταυτῷ
2947 1898 3199 1969 γενέσθαι
3227 1913 3242 1928 °
3277 1895 3371 1949 τοῦ
3404 1897 3460 1949 δέ
3502 1896 3683 1948 πάντα

2103 2000 2325 2067 ἄγοντος
2350 1996 2486 2050 Θεοῦ
2512 1998 2604 2051 καὶ
2632 1997 2765 2048 πᾶσι
2798 1993 3223 2054 ταλαντεύοντος
3249 1991 3500 2054 δικαίως,
3547 1987 3655 2041 Ῥω

2108 2089 2321 2160 μαίους,
2358 2090 2433 2152 ὼς
2459 2088 2657 2155 ἔοικεν,
2691 2088 2773 2151 εἰς
2811 2086 3023 2141 πολλῶν
3048 2084 3227 2139 ἄλλων
3276 2084 3484 2135 ἔκτισιν
3505 2082 3686 2148 ἀμαρ-

2102 2181 2365 2250 τημάτων
2414 2178 2854 2249 τιμωρουμένου,
2911 2178 3007 2232 καὶ
3045 2178 3161 2239 τοῖς
3213 2172 3394 2243 πολλῷ
3440 2172 3685 2242 χείροσιν

2103 2271 2370 2342 ἡττᾶσθαι
2420 2271 2900 2341 παραχωροῦντας,
2937 2268 3137 2337 ἀθρόον
3176 2265 3496 2335 πνεύματος
3527 2264 3687 2333 ἀκρί-

2103 2381 2197 2417 του
2229 2362 2650 2433 προσπεσόντος,
2701 2363 2798 2414 καὶ
2840 2359 3066 2429 πρώτας
3116 2357 3537 2429 ἀνατρέψαντος
3588 2356 3687 2415 τὰς

2105 2457 2254 2523 τρεῖς
2283 2454 2530 2523 τριήρεις
2568 2453 2653 2521 ἐφ’
2702 2447 2789 2514 αἷς
2819 2454 2865 2505 οί
2916 2451 3123 2515 ξύλινοι
3162 2450 3364 2519 πύργοι
3395 2442 3561 2527 ἦσαν,
3593 2445 3686 2496 καὶ

2106 2550 2155 2601 οἱ
2183 2548 2331 2602 ἄλλοι
2357 2548 2539 2608 αὐτοῖς
2566 2546 2752 2607 ὅπλοις
2782 2544 3120 2598 κατέπιπτον
3154 2544 3265 2597 ἀπὸ
3295 2541 3404 2595 τῶν
3433 2541 3567 2594 νεῶν
3593 2538 3688 2589 ἐπὶ

2105 2642 2204 2710 τὴν
2246 2640 2540 2703 Θάλασσαν,
2573 2639 2666 2691 καὶ
2697 2637 2885 2691 ναῦται
2915 2636 3115 2707 ὁμοίως
3148 2636 3244 2688 καὶ
3275 2633 3514 2687 ὁπλῖται.
3576 2629 3689 2683 Καὶ

2110 2730 2167 2782 ἐν
2205 2730 2302 2799 μιᾷ
2335 2730 2472 2797 ῥοπῇ
2515 2728 2708 2797 χρόνου
2764 2728 2939 2779 πᾶσαι
2987 2724 3241 2791 ἑωρῶντο
3280 2726 3442 2775 κεναὶ
3496 2719 3689 2773 ἐπιϐα-

2106 2823 2234 2887 τῶν,
2269 2822 2345 2892 τῷ
2373 2820 2521 2891 αὐτῷ
2538 2821 2593 2874 δὲ
2623 2821 2800 2891 χρόνῳ
2817 2823 2907 2873 καὶ
2944 2812 3019 2873 ὧν
3049 2820 3075 2871 ὁ
3105 2815 3465 2875 Φακεωλάτος
3499 2816 3688 2880 ἐστρα-

2106 2916 2283 2983 τήγει,
2341 2912 2449 2968 τῶν
2512 2913 3034 2983 καταστρωμάτων,
3099 2910 3195 2963 καὶ
3243 2908 3400 2962 αὐτοὶ
3450 2906 3544 2958 ἐπὶ
3589 2903 3689 2971 τήν

2108 3004 2383 3069 θάλασσαν
2443 3005 2799 3069 κατέπιπτον,
2866 3006 2964 3056 καὶ
3051 3000 3275 3069 ὄλεθρος
3325 2993 3392 3067 ἦν
3438 2994 3691 3054 παντοῖος

2109 3098 2318 3150 ναυτῶν
2362 3095 2497 3163 ὁμοῦ
2540 3095 2636 3147 καὶ
2678 3092 2938 3147 ὁπλιτῶν.
2977 3092 3041 3145 Oi
3099 3089 3198 3160 μὲν
3229 3082 3323 3140 οὗν
3362 3083 3547 3137 πολλοὶ
3576 3082 3690 3133 διε-

423 3195 575 3251 spem
613 3199 841 3242 eventus
871 3191 1079 3259 fefellit,
1109 3210 1347 3266 eumque
1384 3216 1552 3255 novas
1580 3203 1832 3261 triremes
1859 3223 2005 3262 com-

2114 3189 2367 3259 σώθησαν
2412 3189 2580 3256 ἐγγὺς
2610 3189 2709 3256 τῆς
2742 3186 2844 3252 γῆς
2893 3181 3270 3252 γεγενημένης
3302 3177 3399 3247 τῆς
3430 3177 3641 3266 τροπῆς
3672 3187 3687 3202 ⁶

423 3273 723 3344 pingendas
749 3279 1015 3338 locavisse
1043 3277 1398 3352 audiverunt,
1430 3308 1618 3359 pacem
1662 3311 1758 3363 per
1797 3297 2009 3368 legatos

424 3380 809 3433 poposcerunt.
871 3376 948 3429 Ac
1009 3377 1247 3445 primum
1312 3383 1530 3452 quidem
1591 3386 1658 3440 de
1720 3388 1841 3443 loco
1906 3391 2008 3447 sibi

426 3460 784 3530 relinquendo
839 3466 1224 3536 imperatorem
1280 3483 1663 3545 tentaverunt;
1731 3499 1894 3552 quem
1948 3494 2009 3540 ut

425 3551 781 3623 intrepidum,
816 3570 871 3613 et
911 3561 1097 3617 animo
1146 3563 1429 3630 invictum,
1467 3551 1863 3642 putantemque
1907 3577 2009 3630 tri-

422 3653 561 3699 stem
600 3648 743 3703 illam
791 3650 1065 3707 fortunam
1111 3656 1339 3711 aliorum
1376 3664 1739 3729 quorumdam
1784 3666 2011 3722 delicto-

425 3751 543 3790 rum
567 3752 690 3792 esse
721 3742 979 3808 pretium,
1006 3755 1062 3799 et
1084 3747 1135 3799 in
1164 3750 1347 3817 priore
1372 3753 1643 3807 sententia
1670 3753 2005 3812 immobilem

424 3824 700 3891 viderunt,
736 3830 897 3900 ’147
946 3849 1049 3889 nec.
1093 3835 1138 3889 si
1189 3837 1387 3894 millies
1425 3842 1547 3895 talia
1598 3847 2005 3917 contingerent,

422 3915 603 3971 locum
655 3920 1160 3989 illis-donalurum,
1212 3938 1267 3983 et
1317 3930 1515 3986 iratum
1571 3934 2009 4008 frementemque

424 4009 606 4076 potius
637 4012 779 4077 quod
812 4013 988 4069 victus
1042 4026 1096 4070 et
1140 4020 1205 4073 ad
1243 4020 1387 4076 vires
1418 4027 1743 4092 reparandas
1780 4030 2011 4085 alacrio-

426 4114 563 4163 rem,
608 4103 760 4157 velut
805 4116 918 4157 tum
970 4109 1206 4176 primum
1253 4128 1405 4168 arma
1446 4119 1851 4185 eapcssivisset,
1889 4137 2008 4175 me-

426 4197 644 4245 tuentes
693 4208 760 4246 ne
804 4193 908 4247 sibi
963 4212 1154 4265 parum
1202 4200 1438 4259 feliciter
1476 4207 1698 4263 caderet
1743 4210 2007 4265 diuturna

424 4286 725 4348 contentio,
752 4285 928 4342 locum
954 4290 1233 4347 remittere
1256 4294 1323 4348 de
1346 4308 1633 4367 compacto
1656 4310 2006 4359 Statuerunt:

426 4375 677 4446 factaque
707 4395 804 4447 pax
838 4381 889 4434 in
922 4382 1063 4437 hanc
1088 4385 1487 4452 conditionem,
1519 4400 1579 4445 ut
1607 4393 1843 4460 spatium
1876 4394 2009 4449 illud

427 4469 741 4538 imperatori
792 4473 1116 4541 redderent,
1168 4472 1353 4533 veteri"
1385 4482 1590 4537 ambitu
1641 4486 1908 4543 contenti.
1947 4487 2013 4541 Et

2112 3280 2381 3332 ἀπέθανον
2426 3277 2483 3329 δέ
2514 3279 2572 3329 ἐν
2611 3271 2731 3337 τοῖς
2758 3274 2947 3326 ὕδασιν
3000 3272 3168 3338 ὀλίγῳ
3217 3270 3477 3327 ἐλάσσους
3510 3265 3692 3316 διακο-

2114 3369 2243 3423 σίων
2273 3384 2286 3397 ·
2325 3369 2417 3421 καὶ
2449 3369 2513 3420 ἐκ
2540 3367 2647 3419 τῶν
2693 3363 2835 3434 μετά
2862 3361 2955 3417 τοῦ
2997 3359 3452 3430 Τζαμπλάκωνος
3488 3367 3694 3418 τεταγο

2115 3455 2416 3527 μένωντοῦ
2465 3455 2704 3525 μεγάλου
2747 3452 2959 3515 δουκὸς,
3020 3450 3049 3503 ὀ
3082 3441 3545 3548 Φιλανθρωπηινὸς
3571 3440 3694 3548 b.11-

2112 3551 2273 3617 νουὴλ
2322 3551 2423 3619 τῆς
2479 3546 2806 3616 ναυαρχίδος
2862 3546 3072 3615 ἄρχων,
3125 3540 3268 3641 ἀνὴρ
3300 3534 3694 3641 ,κατάικχεὶίρα

2113 3644 2383 3713 γενναῖος,
2405 3642 2615 3708 καὶτῆς
2630 3638 2783 3708 παρὰ
2805 3636 3069 3707 βασιλέως
3094 3629 3382 3703 εὐμενείας
3402 3625 3693 3681 ἀπολαύων

2116 3736 2368 3804 μάλιστα.
2397 3734 2457 3786 Οἱ
2486 3734 2542 3784 ἐν
2568 3730 2783 3801 Γαλατᾷ
2823 3729 2880 3781 δὲ
2924 3726 3149 3781 Λατῖνοι
3180 3721 3689 3789 ἀναθαρσήσαντες,

2111 3826 2439 3896 ἀναχθέντες
2474 3824 2725 3878 ἀνεῖλκον
2757 3823 2856 3886 τὰς
2891 3822 3139 3892 τριήρεις
3184 3814 3550 3884 ἀναψάμενοι,
3580 3824 3693 3862 κω-

2112 3918 2333 3982 λύοντος
2379 3917 2628 3980 οὐδενὸς,
2673 3913 2794 3968 οὐδὲ
2855 3909 3229 3982 ἀμυνομένου,
3282 3906 3377 3959 καὶ
3417 3896 3693 3964 ἀναιμωτὶ

2111 4011 2212 4080 τὴν
2265 4009 2421 4079 νίκην
2489 4005 2656 4078 εἶχον.
2700 4006 2763 4059 Ἠ
2808 4004 2865 4058 δὲ
2900 4006 2965 4056 ἐκ
3011 4003 3111 4072 τῆς
3164 3999 3418 4094 ήπεμίρου-
3461 3990 3695 4094 στρατιά

2117 4100 2257 4171 μετά
2301 4099 2567 4170 βασιλέως
2596 4096 2691 4149 τοῦ
2737 4095 2880 4157 υἱοῦ,
2937 4093 3102 4185 ἔργου
3132 4090 3231 4185 μὲν
3263 4085 3505 4185 ἔχεσθαι.
3539 4082 3713 4185 ἐῆούο.

2111 4190 2285 4255 λοντο,
2320 4189 2562 4258 οἰόμενοι
2616 4187 2798 4240 καὶτὸ
2845 4182 3100 4239 ναυτικὸν
3164 4183 3228 4235 ἐκ
3260 4180 3357 4248 τῆς
3419 4174 3698 4237 Θαλάττης

2114 4284 2137 4333 ἐ
2148 4281 2371 4351 μὸαλεῖν
2392 4298 2412 4315 ι
2465 4280 2589 4333 ἐπεὶ
2615 4279 2673 4333 δὲ
2696 4277 2883 4348 ἐώρων
2906 4276 3006 4337 τάς
3038 4272 3330 4342 Ῥωμαίων
3365 4266 3499 4329 ναῦς
3527 4266 3697 4325 κενὰς

2113 4374 2504 4445 ἀνελκομένας,
2567 4371 2881 4441 ἀνεχώρουν
2939 4370 3034 4422 καὶ
3081 4366 3260 4419 αὐτοί.
3290 4361 3586 4460 ⁸βασιλεὺς
3623 4357 3695 4460 se

2112 4468 2213 4538 τὴν
2244 4469 2517 4536 τοσαύτην
2546 4464 2774 4533 δύναμιν
2795 4465 2859 4515 ἐκ
2892 4458 3221 4544 προφάσεως
3251 4453 3510 4523 οὐδεμιᾶς
3543 4450 3693 4544 ὀρῶν

427 4558 564 4614 ῖιιίῑο
593 4562 796 4618 foedere
852 4581 1045 4620 novam
1096 4569 1459 4626 munitionem
1500 4574 1742 4642 despotm
1773 4577 2005 4647 impera-

2114 4560 2457 4615 ἀπολωλυῖαν
2492 4555 2747 4622 ἐστέναξε
2782 4553 2880 4624 μὲν
2908 4551 3006 4623 τὴν
3025 4540 3286 4647 τοιαύτην
3307 4540 3697 4647 κακοπραγίαν

429 4654 563 4708 toris
608 4653 735 4718 tilio,
767 4672 888 4710 cum
932 4660 1149 4729 agmine
1194 4674 1530 4718 armatorum
1580 4667 1819 4722 venienti
1854 4670 2011 4723 resti—

433 4753 674 4800 tuerunt.
708 4747 1009 4817 Imperator
1033 4762 1215 4806 autem
1245 4755 1528 4810 accersitis
1556 4771 1744 4811 eorum
1777 4760 2015 4829 optima-

430 4838 608 4901 tibus,
684 4842 915 4895 comilcr
981 4859 1045 4898 ac
1102 4845 1314 4914 placide
1367 4848 1492 4901 illos
1542 4848 1775 4913 allatus,
1828 4850 2010 4907 locum

429 4944 625 5001 sponte
677 4935 866 4990 donat.
917 4937 1110 4993 Aiebat
1156 4939 1335 5003 enim,
1386 4954 1496 4995 non
1547 4941 1616 4995 de
1678 4940 1887 4996 tantilla
1949 4957 2014 4997 ac

426 5027 632 5083 nullius
687 5030 845 5097 pretii
907 5030 1258 5101 regiuncula,
1338 5033 1435 5088 sed
1498 5034 1567 5087 de
1618 5034 1745 5103 jure
1797 5034 2017 5101 imperii

430 5119 659 5174 Romani
696 5138 817 5176 cum
853 5124 984 5192 ipsis
1021 5124 1124 5179 sibi
1174 5114 1607 5179 controversiam
1660 5140 1801 5180 esse.
1856 5124 2015 5181 Haud

428 5211 575 5266 enim
648 5227 771 5266 cum
846 5215 1057 5269 ratione
1133 5231 1479 5287 congruere,
1531 5232 1674 5271 eum
1744 5217 1854 5271 sint
1921 5217 2018 5271 ad-

429 5317 603 5367 venae,
636 5314 692 5357 et
739 5319 766 5357 a
813 5304 1075 5360 Romanis
1106 5306 1534 5375 imperatoribus
1564 5308 1849 5377 complura
1880 5322 2010 5363 con-

428 5397 603 5453 secuti
650 5398 933 5462 beueficia,
962 5408 1022 5453 ut
1051 5400 1278 5454 subesse
1333 5416 1396 5455 ac
1443 5416 1635 5470 parere
1658 5401 1778 5470 jure
1803 5400 2015 5470 optimo

429 5490 684 5553 debeant,
718 5491 895 5545 adhuc
926 5493 1272 5561 impudenter
1300 5507 1483 5560 agere,
1519 5500 1575 5547 et
1608 5492 1741 5561 ipsis
1776 5492 2016 5546 nolenti-

432 5582 555 5643 bus,
589 5581 794 5650 aliquid
839 5581 906 5636 de
951 5582 1180 5652 imperio
1210 5583 1351 5637 velle
1382 5584 1700 5652 decerpere.
1734 5582 1913 5653 Atque
1949 5583 2018 5637 ob

432 5673 574 5728 hanc
600 5687 821 5729 causam
865 5675 1036 5745 magis
1066 5690 1229 5744 quam
1268 5675 1337 5730 ob
1365 5675 1471 5729 loci
1516 5676 1921 5744 possessionem
1960 5690 2022 5729 se

428 5764 497 5819 ad
530 5765 733 5820 bellum
768 5781 1109 5837 aggressum.
1157 5766 1314 5834 Quod
1348 5766 1451 5821 nisi
1490 5764 1720 5836 iustitiae
1754 5764 2017 5832 serviant,

426 5872 638 5918 certum
675 5861 779 5920 sibi
828 5875 970 5931 esse,
1018 5859 1209 5918 tandiu
1252 5874 1399 5915 arma
1453 5858 1799 5926 continuare,
1834 5858 2013 5930 quoad

664 5938 693 5965 ο

2111 4653 2220 4706 τῶν
2255 4649 2565 4720 Ῥωμαίων,
2586 4649 2715 4701 οἴων
2738 4646 2912 4699 αἴτιον
2938 4642 3126 4697 κακῶν
3152 4640 3212 4692 τὸ
3234 4637 3352 4737 Bst}:
3379 4632 3696 4737 nposxpoti:

2112 4760 2192 4797 ειν
2217 4740 2480 4811 συνορῶν.
2515 4739 2682 4793 Οὐδὲν
2726 4737 2783 4790 δὲ
2817 4735 2997 4805 ὑφῆκε
3028 4730 3125 4785 τοῦ
3158 4729 3530 4799 φρονήματος,
3567 4721 3694 4811 οὐδέ

2113 4810 2381 4889 κατέπεσε
2423 4832 2560 4903 πρὸς
2609 4829 2709 4900 τὴν
2740 4824 2934 4899 ἧτταν,
2980 4823 3095 4878 ἀλλ’
3146 4822 3241 4874 ἐπὶ
3272 4817 3536 4922 ξυλισμὸν
3570 4810 3699 4922 ἑκτέα

2112 4926 2235 4979 λευε
2266 4915 2484 4996 χωρεῖν,
2514 4922 2589 4984 ὡς
2616 4921 2863 4990 τριήρεις
2893 4916 3086 4987 ἐτέρας
3114 4910 3544 4967 κατασκευάσων
3591 4910 3693 4957 αὐ·

2116 5019 2198 5081 Οις
2219 5034 2233 5047 ο
2266 5017 2362 5069 καὶ
2396 5015 2592 5083 ἐφίστη
2625 5013 2749 5074 τοὺς
2785 5008 3291 5079 ἐπιμελησομένους
3332 5003 3469 5072 πρὸς
3499 4998 3570 5052 τὰ
3598 4996 3685 5068 ἕρ.

2096 5130 2210 5181 ⁵γα.
2242 5111 2305 5163 Οἱ
2344 5111 2404 5163 ἐν
2430 5107 2647 5177 Γαλατᾷ
2671 5106 2728 5158 δὲ
2765 5102 3170 5172 εὐτυχεστάτην
3204 5098 3530 5167 νομίσαντες
3550 5089 3699 5145 ἐκεί-

2117 5222 2214 5275 νην
2245 5203 2344 5273 τὴν
2381 5203 2600 5271 ἡμέραν
2653 5201 2711 5250 ἐν
2861 5193 3136 5247 τοσούτων
3196 5190 3333 5243 νεῶν
3381 5187 3701 5275 ἐκράτησαν

2118 5272 2413 5364 πολεμίων,
2445 5292 2598 5345 οὐδὲν
2638 5289 2794 5343 αὐτοὶ
2838 5285 3245 5355 εἰσενεγκόντες
3293 5280 3433 5351 πρὸς
3474 5278 3577 5347 τὴν
3606 5272 3703 5349 ἦτ-

2115 5409 2238 5455 ταν,
2293 5385 2568 5457 ἑώρταζον
2596 5384 2699 5437 οὐκ
2751 5379 3001 5435 ἐπινίκια
3050 5377 3250 5471 μόνονζ
3270 5373 3407 5471 ἀλλά
3455 5372 3552 5471 καλ.
3592 5387 3703 5471 om:

2116 5483 2283 5552 τήρια
2316 5492 2332 5510 ⁸
2377 5479 2550 5531 πᾶσαι
2600 5476 2708 5544 γὰρ
2759 5473 2946 5533 αὐτοῖς
2996 5472 3054 5523 ἐν
3087 5467 3260 5537 στενῷ
3316 5468 3372 5519 αἱ
3423 5464 3557 5535 περὶ
3603 5479 3703 5515 του

2121 5574 2390 5638 σώζεσθαι
2438 5570 2785 5639 κατέστησαν
2831 5563 3068 5625 ἐλπίδες,
3111 5562 3200 5623 Ἐς
3246 5559 3345 5626 τὴν
3390 5555 3697 5625 ὑστεραίαν

2119 5670 2175 5723 δὲ
2202 5668 2380 5728 πάσας
2430 5660 2820 5731 ἐφοπλίσαντες
2863 5656 2963 5719 τὰς
3012 5654 3224 5708 ἐαυτῶν
3254 5652 3502 5722 τριήρεις
3543 5650 3706 5701 ἐστε-

2121 5760 2465 5831 φανωμένας,
2502 5755 2577 5818 ὡς
2604 5753 2697 5807 ἐπὶ
2724 5752 2846 5822 νίκῃ
2896 5750 2993 5803 καὶ
3018 5744 3446 5815 κεκοσμημένας
3494 5744 3709 5810 ἐκπρε-

2124 5854 2263 5918 πῶς,
2309 5848 2537 5919 ἀντικρύ
2597 5844 2908 5918 παρέπλεον
2953 5837 3260 5913 βασιλείων,
3295 5836 3552 5907 σύροντες
3582 5831 3709 5886 ἀτί-
