3996 6218
1843 291 1856 300 Α
1872 286 2001 304 0U,“
2024 287 2079 301 κατ’

482 404 556 470 95
931 406 937 413 ’
1651 402 1976 467 JOANNIS
2012 403 2546 469 CANTACUZENI'
3655 405 3727 469 96

484 524 776 582 dimidium
835 512 1047 581 mrario'
1086 522 1371 593 penderet,
1400 530 1455 577 et
1504 536 1606 592 pro
1652 520 1919 576 fructibus
1961 508 2060 590 pro

2186 523 2247 595 ιὴ
2299 526 2567 596 πρότερον
2601 523 3045 594 νενομισμένους,
3095 521 3239 574 ὥστε
3294 521 3477 574 πᾶσαν
3535 519 3734 574 ὁλκάδα

487 616 741 687 portione
808 613 1084 669 similiter.
1157 613 1425 684 Agricola!
1495 627 1597 681 pro
1663 611 2062 681 quinquaginta

2166 615 2310 666 σῖτον
2350 608 2590 682 ἄγουσαν
2625 614 2686 679 ἐξ
2722 611 3033 681 ἀλλοδαπῆς
3073 609 3403 680 ἐωνημένον,
3439 607 3581 679 ὑπὲρ
3637 624 3734 677 μευ

484 705 700 773 congiis
734 703 840 757 vini
900 718 1129 758 aureum
1191 704 1590 774 persolverent.
1622 702 1727 768 Qui
1782 717 1811 755 a
1844 701 2062 755 rusticis

2186 704 2352 774 ῑίμνου
2386 706 2557 775 ἥμισυ
2597 705 2823 776 χρυσίου
2870 704 2948 773 τῷ
2975 702 3222 787 δημοσίῳ
3260 703 3467 770 φέρειν,
3504 700 3597 753 καὶ
3627 700 3734 753 τῶν

486 802 885 859 mercarentur,
911 796 1133 864 duplum
1166 796 1379 857 darent,
1434 810 1545 849 non
1577 795 1752 847 solum
1784 800 1843 846 ut
1872 794 2061 861 c0pio-

488 884 680 945 siores,
712 886 803 935 sed
863 884 1009 952 quod
1045 885 1208 937 etiam
1240 885 1375 938 citra
1426 884 1666 937 laborem
1708 883 1809 952 ipsi
1838 898 1902 936 ex
1927 883 2065 936 alio-

490 991 610 1028 rum
664 976 943 1029 laboribus
996 976 1146 1029 lucra
1204 976 1407 1044 majora
1461 974 1790 1030 factitarent.
1821 973 2067 1043 Cumque

487 1076 647 1122 vetus
678 1078 821 1119 esset
852 1067 963 1129 lex,
997 1076 1055 1119 ut
1086 1076 1417 1122 mercatores
1450 1067 1647 1137 singuli
1673 1068 1869 1122 aerario
1897 1066 2066 1121 decu-

488 1174 609 1213 mus
668 1158 979 1219 solverent,
1032 1160 1152 1227 ipse
1229 1159 1735 1228 quinquagecumas
1796 1158 2067 1222 instituit,

492 1249 637 1305 mule
696 1249 859 1314 paulo
893 1248 1073 1302 minus
1109 1248 1363 1303 ducentis
1412 1249 1679 1302 onerariae
1722 1248 1874 1301 brevi
1932 1258 2071 1303 tem-

489 1354 624 1413 pore
676 1338 935 1392 Romanis
985 1349 1360 1406 accesserunt,
1392 1341 1535 1409 quod
1585 1349 1747 1394 antea
1789 1355 2071 1409 nunquam

492 1428 718 1492 factum,
759 1430 1119 1498 valebantque
1176 1432 1359 1485 nax‘ali
1416 1432 1682 1501 potentia,
1716 1441 1772 1486 et
1817 1432 1928 1499 jam
1976 1431 2074 1485 do-

492 1520 623 1571 mini
676 1520 858 1586 maris,
909 1537 975 1573 ex
1018 1523 1391 1587 mercimoniis
1426 1534 1690 1592 qurestum
1728 1540 1838 1578 non
1870 1524 2075 1578 medio-

493 1626 640 1663 crem
677 1611 1025 1681 colligebant.
1053 1614 1189 1678 Quia
1218 1629 1347 1667 vero
1386 1614 1573 1676 Chius,
1615 1622 1672 1668 ut
1708 1615 2071 1680 narravimus,

495 1702 695 1768 injuste
749 1712 803 1756 et
831 1714 1020 1757 contra
1047 1704 1227 1757 fwdus
1262 1722 1291 1759 a
1327 1704 1711 1759 Genuensibus
1772 1714 2070 1767 teneretur,

491 1794 560 1846 ad
620 1794 924 1863 principem
972 1810 1164 1848 eorum
1222 1794 1437 1867 (ducem
1496 1796 1597 1864 ipsi
1658 1793 1979 1865 appellant),
2010 1794 2077 1849 ad

493 1894 745 1938 senatum
826 1887 1195 1955 populumque
1262 1886 1558 1955 imperator
1624 1886 1832 1957 legatos
1908 1887 2074 1950 misit,

495 1975 834 2043 insulamque
866 1978 1168 2031 Secundum
1193 1979 1397 2032 sancita
1428 1994 1553 2033 eum
1581 1978 1846 2033 Romanis
1873 1978 2077 2033 foedera

498 2067 778 2136 repetivit.
819 2069 955 2130 Dux.
988 2078 1215 2125 senatus
1279 2070 1621 2141 populusque
1658 2071 2077 2140 responderunt,

488 2167 642 2240 justa
670 2160 889 2226 quidem
933 2160 1319 2230 imperatorem
1355 2162 1673 2232 postulare:
1704 2173 2080 2217 verumtamen

498 2255 732 2308 insulam
768 2271 880 2308 non
932 2258 1203 2310 sententia
1256 2273 1315 2311 ac
1366 2256 1624 2328 suffragio
1656 2272 1777 2316 suo.
1812 2256 1905 2311 sed
1939 2272 2081 2326 quo-

502 2347 753 2399 rumdam
811 2346 955 2415 apud
995 2361 1055 2400 se
1099 2347 1387 2413 nobilium,
1435 2362 1532 2402 seu
1581 2348 1954 2417 patriciorum,
1985 2347 2080 2418 qui

503 2437 620 2491 suis
686 2437 999 2505 sumptibus
1076 2438 1305 2492 classem
1376 2438 1797 2501 instruxissent,
1851 2440 2080 2494 audacia

501 2528 765 2594 obtineri,
813 2544 949 2597 quos
985 2529 1039 2580 in
1092 2544 1328 2596 praesens
1369 2545 1627 2584 coercere
1674 2546 1781 2584 non
1816 2539 2077 2598 possent;

502 2633 642 2686 opus
678 2618 824 2669 enim
880 2618 996 2671 fore
1047 2618 1238 2686 grandi
1285 2618 1554 2687 impensa,
1584 2628 1639 2673 et
1669 2628 1932 2688 apparatu
1970 2635 2079 2673 non

504 2708 991 2777 minimo;quibus
1047 2723 1171 2761 cum
1206 2719 1481 2773 carerent,
1515 2724 1608 2762 eos
1639 2709 1812 2763 insula
1852 2710 2081 2778 nequire

498 2799 802 2868 depellere,
835 2799 928 2863 sed
977 2808 1221 2867 tempore
1284 2798 1635 2867 procedente,
1669 2798 1935 2852 industria
1988 2811 2081 2866 po-

503 2891 614 2945 tius
646 2905 710 2944 ac
761 2890 1103 2959 providentia
1133 2890 1365 2959 quadam
1399 2890 1503 2944 illis
1549 2875 1878 2959 ademptam,
1911 2891 2081 2958 impe-

506 2983 671 3037 ratori
710 2981 852 3035 haud
887 2981 1050 3035 dubie
1082 2981 1463 3035 restituturos.
1487 2983 1616 3034 meo
1651 2981 2077 3050 responderunt,

504 3083 560 3127 et
591 3073 753 3127 simul
813 3072 1073 3127 Jacobum
1130 3052 1494 3136 Herminium,
1521 3080 1575 3127 et
1603 3070 1864 3125 Antarum
1898 3069 2079 3123 Pinci-

506 3163 620 3216 lum
653 3163 720 3216 de
766 3162 1084 3227 nobilitate,
1114 3162 1241 3216 fidei
1294 3161 1557 3216 facienda:
1600 3163 1886 3215 miserunt.
1920 3161 2082 3231 749

2188 3171 2332 3225 ὥστε
2412 3168 2653 3221 ἀκόντων
2730 3166 2827 3236 τὴν
2902 3165 3064 3235 νῆσον
3155 3158 3560 3232 ἀφαιρεῖσθαι·

509 3253 830 3323 imperatori
867 3268 1185 3321 teSponsum
1221 3266 1333 3306 non
1370 3252 1596 3321 placuit,
1625 3253 1909 3323 voluitque
1935 3253 2080 3307 diem

509 3344 774 3415 praestitui
829 3343 1119 3398 reddendae
1172 3342 1364 3398 insulae
1416 3361 1430 3398 :
1496 3354 1590 3398 aut
1642 3360 1699 3399 se
1734 3344 1966 3414 aperjurii
2013 3334 2084 3399 ne

508 3444 853 3501 accusarent,
888 3436 931 3491 si
970 3434 1101 3489 'eam
1141 3447 1469 3504 extorquere
1507 3436 1798 3507 potuisset.
1832 3437 1899 3490 Et
1954 3452 2093 3490 con-

509 3536 736 3580 rentum
764 3534 871 3581 ‘est
910 3527 960 3580 in
1011 3542 1131 3581 eam
1170 3528 1569 3593 conditionem,
1598 3537 1656 3581 ut
1686 3527 1863 3582 Latini
1897 3528 2083 3582 urben

434 3602 439 3609 ’
511 3616 723 3679 insulae.
774 3617 939 3671 etiam
988 3618 1184 3675 Chium
1229 3619 1592 3685 nominatam,
1641 3620 1707 3675 ad
1760 3620 2084 3674 decennium

511 3709 833 3771 retinerent,
870 3710 1295 3779 fruerenturque
1347 3711 1614 3767 reditibus
1670 3710 1814 3780 (θυι,
1849 3712 2087 3780 penden-

511 3811 595 3857 tes
651 3802 704 3854 in
763 3818 937 3856 annos
986 3803 1227 3873 singulos
1284 3801 1600 3871 imperatori
1643 3804 1752 3857 duo
1804 3812 1857 3856 et
1897 3802 2087 3872 viginti

512 3907 803 3946 aureorum
856 3893 1047 3944 millia.
1101 3894 1329 3962 Insuper
1377 3893 1631 3947 vexillum
1681 3893 2087 3962 imperatorium

514 3980 570 4035 in
615 3981 747 4034 urbe
802 3996 902 4049 pro
958 3983 1360 4037 consuetudine
1410 3985 1719 4053 erigerent;
1778 3983 2087 4053 episcopum

510 4087 582 4125 ex
620 4071 857 4126 Ecclesia
902 4073 1200 4142 Byzantina
1235 4074 1563 4142 acciperent,
1593 4084 1647 4129 et
1695 4074 1948 4130 Sabbatis
1991 4092 2091 4145 pro

514 4174 667 4213 more
694 4158 931 4213 faustum
982 4161 1409 4230 imperatoribus
1435 4162 1806 4218 acclamarent
1832 4181 1846 4218 :
1874 4179 2089 4219 eorum-

514 4266 622 4319 que
654 4252 972 4304 memoriam
1023 4252 1338 4306 sacerdotes
1365 4252 1419 4307 io
1462 4253 1731 4309 sacrificio
1778 4255 1956 4309 missae
1986 4254 2092 4309 fre-

509 4354 866 4412 quentarent,
923 4360 1026 4398 nec
1080 4344 1147 4398 ab
1197 4345 1307 4423 ullo
1360 4344 1809 4414 prohiberentur.
1868 4346 2090 4417 Reliqua

517 4436 693 4490 insula
747 4445 857 4490 tota
900 4437 1308 4492 cum‘castellis
1361 4446 1416 4493 et
1458 4438 1592 4493 vicis
1632 4440 1734 4494 sub
1762 4439 2091 4508 imperatore

2165 795 2341 851 ἄλλων
2383 797 2613 865 καρπῶν
2658 795 2959 863 ἀναλόγως.
3009 794 3147 853 Τοὺς
3189 792 3245 844 δὲ
3293 792 3419 861 περὶ
3458 790 3736 861 γεωργίαν

2166 887 2571 957 ήσχολημένους
2622 886 2785 950 οῖ’νου,
2832 886 2981 953 ,ὑπὲρ
3044 884 3381 952 πεντήκοντα
3425 882 3562 951 χοῶν
3600 896 3739 951 χρυ-

2171 981 2282 1034 σίον
2312 981 2369 1032 ἓν
2401 981 2574 1033 τελεῖν
2599 998 2612 1011 υ
2655 980 2783 1042 τοὺς
2821 978 3005 1045 μέντοι
3051 978 3115 1030 ἐκ
3168 975 3278 1029 τῶν
3340 973 3732 1043 γεωργούντων

2169 1072 2531 1143 ὠνουμένους,
2581 1072 2860 1126 διπλάσιον
2900 1070 3184 1140 παρέχειν,
3232 1069 3293 1121 οὐ
3348 1067 3509 1135 μόνον
3538 1065 3611 1127 ὡς
3647 1064 3739 1115 εὐ-

2172 1165 2535 1236 πορωτέρους,
2581 1164 2695 1218 ἀλλ’
2740 1164 2826 1216 ὅτι
2872 1164 2968 1215 καὶ
3003 1160 3244 1230 ἀμογητὶ
3284 1161 3348 1211 ὲκ
3394 1157 3503 1210 τῶν
3534 1156 3735 1224 ἑτέρων

2174 1259 2349 1310 πόνων
2374 1257 2526 1310 αὐτοὶ
2583 1254 2973 1309 πολλαπλασίω
3000 1252 3067 1306 τὰ
3099 1251 3269 1320 κέρδη
3319 1250 3601 1318 φέρονται.
3630 1246 3738 1299 Νό-

2177 1366 2276 1418 μου
2305 1348 2359 1400 δὲ
2385 1348 2534 1410 ὄντος
2558 1348 2784 1416 ἀρχαίου
2809 1345 3042 1406 δεκάτας
3087 1344 3213 1405 τοὺς
3263 1336 3739 1409 ὲμπορευομένους
3766 1354 3777 1361 ‘

2180 1440 2428 1500 ἅπαντας
2457 1439 2631 1491 τελεῖν
2661 1426 2737 1505 τῷ
2784 1435 3054 1504 δημοσίῳ,
3110 1430 3521 1503 πεντηκοστύας
3552 1424 3741 1490 ἔταξεν

2182 1530 2366 1593 αὐτός.
2429 1528 2517 1595 Ἐξ
2573 1524 2648 1581 ὧν
2680 1528 2845 1596 ὀλίγῳ
2886 1527 3107 1579 δέουσαι
3181 1521 3470 1576 διακοσίων
3519 1519 3744 1579 ὁλκάδες
3810 1562 3830 1577 ,

2180 1622 2570 1691 προσεγένοντο
2600 1620 2888 1688 Ῥωμαίοις
2909 1618 2964 1669 ὲν
2979 1617 3143 1684 ὀλίγῳ
3159 1615 3356 1684 χρόνῳ,
3381 1612 3595 1664 οὐδέπω
3617 1611 3745 1681 ἄχρι

2179 1716 2297 1766 τότε
2330 1714 2722 1781 γεγενημένον,
2759 1710 2859 1764 καὶ
2910 1708 3153 1778 μεγάλην
3184 1706 3413 1773 δύναμιν
3439 1704 3748 1769 ἐκτήσαντο

2181 1805 2460 1874 ναυτικὴν,
2503 1804 2597 1856 καὶ
2654 1801 2825 1854 πολλὰ
2871 1803 2933 1855 ὲκ
2960 1800 3059 1867 τῆς
3096 1797 3366 1866 ἐμπορίας
3415 1791 3746 1860 ὠφελοῦντο,

2185 1897 2459 1965 Θαλάσσης
2488 1895 2590 1965 ἤδη
2641 1893 2904 1964 ἄρχοντες
2935 1890 3313 1959 γεγενημένοι.
3351 1885 3652 1954 Ἐχομένης
3693 1881 3748 1934 δὲ

2183 1988 2280 2055 τῆς
2313 1987 2468 2049 Χίου,
2516 1984 2703 2055 ὥσπερ
2736 1982 3021 2052 ἱστόρηται
3058 1981 3213 2049 ἡμῖν,
3246 1978 3351 2030 ὐπὸ
3373 1977 3480 2028 τῶν
3516 1976 3579 2027 έκ
3621 1974 3744 2024 Γενο

2185 2078 2345 2139 νούας
2376 2077 2575 2138 ἀδίκως
2607 2078 2667 2128 ὲν
2694 2074 2974 2137 σπονδαῖς,
3004 2073 3140 2141 πρὸς
3171 2072 3262 2123 τὸν
3291 2069 3527 2138 ἄρχοντα
3556 2065 3748 2131 αὐτῆς,

2185 2168 2351 2223 δοῦκα
2388 2168 2668 2238 ἑγχωρίως
2718 2164 3284 2237 προσαγορευόμενον,
3339 2161 3431 2213 καὶ
3482 2159 3577 2227 τὴν
3629 2157 3751 2225 βου-

2186 2260 2304 2329 λὴν,
2345 2261 2438 2314 καὶ
2468 2260 2558 2312 τὸν
2602 2259 2796 2327 δῆμον,
2848 2259 2875 2309 ὁ
2920 2255 3172 2325 βασιλεὺς
3208 2253 3420 2322 έπεμψε
3454 2246 3751 2319 πρεσϐείαν

2186 2351 2434 2406 ἀπαιτῶν
2461 2348 2556 2418 τὴν
2591 2349 2753 2418 νῆσον
2780 2346 2923 2400 κατά
2948 2346 3047 2407 τὰς
3097 2343 3351 2405 σπονδὰς,
3389 2343 3482 2395 καὶ
3508 2340 3634 2400 τούς
3659 2339 3753 2405 ὅρ-

2186 2460 2313 2505 κους
2348 2441 2442 2503 οὒς
2501 2441 2682 2510 ἔχουσι
2736 2440 2872 2509 μετᾶ
2922 2437 3029 2490 τῶν
3086 2437 3375 2503 Ῥωμαξων
3453 2428 3734 2501 βασιλέων.

2187 2534 2323 2599 Δούξ
2372 2534 2428 2587 δὲ
2481 2534 2573 2585 καὶ
2639 2532 2672 2601 ή
2718 2530 2900 2601 βουλὴ,
2954 2528 3052 2582 καὶ
3113 2529 3141 2580 ὁ
3187 2527 3378 2594 δῆμος,
3426 2523 3606 2576 δίκαια
3653 2519 3753 2587 μὲν

2187 2626 2393 2693 ἔφασαν
2424 2622 2816 2692 προκαλεῖσθαι
2849 2619 3103 2691 βασιλέα,
3158 2617 3220 2670 οὐ
3270 2616 3413 2670 κατὰ
3441 2616 3662 2680 γνώμην
3697 2609 3756 2661 δὲ

2188 2714 2369 2775 αὐτοῖς
2402 2712 2621 2782 ἔχεσθαι
2658 2714 2757 2782 τὴν
2806 2711 2989 2779 νῆσον,
3035 2707 3155 2761 οὐδὲ
3189 2706 3356 2776 ψήφῳ
3386 2704 3481 2773 τῆς
3518 2701 3710 2771 βουλῆς
3737 2714 3753 2729 ⁸

2188 2805 2325 2858 ἀλλά
2374 2804 2482 2858 τῶν
2522 2805 2655 2876 παρ’
2710 2804 2896 2866 αὐτοῖς
2940 2800 3283 2871 εὐπατριδῶν
3338 2815 3490 2858 τινας
3534 2795 3757 2854 οἰκείοις

2188 2897 2508 2966 ἀναλώμασι
2592 2896 2684 2948 τὸν
2745 2896 2933 2948 στόλον
2988 2893 3387 2960 ὲφοπλίσαντας
3440 2886 3753 2953 κατασχεῖν,

2188 2987 2282 3050 οὒς
2341 2988 2417 3057 μὴ
2466 2986 2726 3040 δύνασθαι
2772 2985 2867 3038 νῦν
2914 2983 3196 3054 βιάζεσθαι
3230 2997 3244 3011 ⁸
3276 2980 3457 3048 δεήσει
3488 2978 3596 3044 γὰρ
3625 2974 3754 3025 πολ-

2187 3082 2293 3134 λῶν
2325 3079 2622 3151 χρημάτων
2668 3081 2764 3132 κοιλ¹
2808 3076 3160 3149 παρασκευῆς
3197 3074 3256 3126 οὐ
3311 3073 3409 3139 τῆς
3461 3066 3752 3136 τυχούσης,

2188 3171 2330 3205 .7..."
2412 3168 2653 3205 ἢνΑυφωυ
2730 3166 2827 3205 m‘no
2902 3165 3064 3205 νίιτηυ
3155 3158 3509 3205 ἇωαιοεῖσθαι
3546 3173 3560 3187 ·
3619 3155 3757 3205 ἀλλὰ

3619 3167 3718 3206 αλλ.

2184 3262 2279 3315 τοῦ
2338 3260 2539 3330 χρόνου
2614 3257 2920 3328 ’προϊόντος
3009 3254 3237 3325 προνοίᾳ
3331 3250 3533 3319 μᾶλλον
3613 3246 3754 3312 ἀφεο

2184 3353 2465 3424 λομένους,
2525 3350 2619 3404 καὶ
2671 3347 2955 3418 οἰκονομίᾳ
2991 3345 3284 3400 ἀποδοῦναι
3316 3341 3528 3412 βασιλεί
3582 3338 3761 3403 ἀναμ-

2186 3442 2443 3515 φιϐόλως.
2463 3439 2700 3495 Τοιαύτά
2722 3456 2780 3491 τε
2802 3434 2953 3491 εἷπον
2979 3436 3113 3504 πρὸς
3151 3435 3275 3495 τοὺς
3307 3430 3572 3497 πρέσϐεις
3600 3427 3763 3501 βασι-

2186 3536 2343 3601 λέως,
2365 3534 2459 3587 καὶ
2481 3533 2597 3602 ἅμα
2621 3529 2899 3602 Ἑρμίνιον
2932 3525 3189 3581 Ἰάκωϐον
3212 3524 3306 3576 καὶ
3330 3521 3551 3574 Πινέλον
3567 3520 3761 3570 Ἀντα-

2189 3628 2288 3700 ρὼ,
2306 3628 2470 3687 ὄντας
2490 3628 2553 3677 ὲκ
2574 3623 2684 3675 τῶν
2705 3640 2780 3675 πα
2793 3621 2841 3690 ρ’
2866 3620 3056 3681 αὐτοῖς
3074 3616 3354 3684 ἐπιφανῶν
3374 3615 3503 3682 πρὸς
3532 3611 3756 3700 βασιλέα

2188 3698 2446 3783 πρέσϐεις
2469 3709 2723 3777 ἔπεμψαν
2760 3705 3214 3776 ίσχυρισομένους
3257 3705 3387 3772 περὶ⁴
3410 3701 3517 3752 τῶν
3552 3698 3755 3753 αὐτῶν.

2189 3803 2411 3856 Βασιλεῖ
2442 3802 2498 3855 δὲ
2537 3802 2712 3855 ἐδόκει
2767 3802 2799 3870 ἡ
2852 3798 3121 3865 ἀπολογία
3169 3797 3267 3848 οὐκ
3323 3793 3591 3864 ἀρκοῦσα,
3622 3790 3763 3843 ἀλλὰ

2191 3892 2536 3964 προθεσμίαν
2568 3891 2691 3943 τινὰ
2717 3889 2898 3958 ἐζήτει
2932 3887 3057 3941 καθ’
3080 3887 3148 3955 ἣν
3175 3883 3515 3938 ἀποδώσουσι
3548 3880 3642 3938 τὴν
3670 3879 3765 3946 »ἧς

2192 3999 2316 4037 σον’
2350 3982 2384 4053 ἢ
2421 3982 2497 4052 μὴ
2540 3982 2793 4047 ἐγκαλεῖν
2846 3976 3156 4047 ἐπιορκίαν,
3188 3976 3255 4027 ἂν
3286 3974 3449 4035 αὐτὸς
3492 3968 3760 4040 ἀφέληται

2189 4073 2460 4143 δυνηθείς.
2505 4072 2616 4125 Καὶ
2673 4071 2997 4137 συνέϐησαν,
3054 4067 3197 4119 ῶστε
3238 4064 3501 4124 Λατίνους
3540 4062 3635 4130 μὲν
3662 4060 3761 4129 τὴν

2190 4167 2333 4221 κατά
2355 4166 2454 4235 τὴν
2479 4164 2644 4233 νῆσον
2674 4163 2851 4225 πόλιν,
2880 4162 3012 4213 Χῖον
3040 4160 3134 4211 καὶ
3165 4156 3336 4226 αὐτὴν
3359 4170 3765 4235 προσαγορευο-

2193 4259 2384 4328 μένην,
2441 4256 2535 4307 ὲπὶ
2582 4254 2716 4306 δέκα
2765 4254 2911 4303 ἔτεσι
2950 4249 3226 4317 κατέχειν,
3280 4246 3375 4297 καὶ
3414 4238 3767 4312 καρποῦσθαι

2190 4353 2287 4413 τὰς
2323 4348 2619 4419 προσόδους
2651 4343 2993 4413 παρέχοντας
3023 4338 3296 4393 ἐνιαύσιον
3319 4334 3397 4404 τῷ
3422 4333 3631 4405 βασιλεῖ
3655 4332 3771 4383 δισ-

2193 4439 2400 4510 χιλίους
2453 4437 2547 4490 καὶ
2593 4434 2818 4504 μυρίους
2849 4431 3089 4501 χρυσοῦς
3115 4447 3128 4460 ·
3174 4429 3413 4497 ἐγείρειν
3458 4427 3514 4479 δὲ
3545 4429 3634 4479 καὶ
3666 4442 3768 4494 ση-

512 4534 684 4586 esset,
712 4526 800 4595 qui
831 4527 1153 4595 praefectum
1186 4543 1284 4597 pro
1315 4528 1579 4583 arbitratu
1616 4533 1973 4586 censtitueret
2000 4541 2082 4588 :‘el

2198 4529 2363 4601 μαίαν
2392 4526 2678 4598 βασιλικὴν
2702 4527 2851 4584 ἐντὸς
2876 4523 2978 4591 τῆς
3006 4521 3213 4581 πόλεως
3249 4518 3391 4571 κατά
3412 4517 3473 4569 τὸ
3503 4516 3643 4578 ἔθος,
3673 4516 3771 4567 καὶ

516 4615 567 4670 is
608 4617 901 4682 Romanos,
927 4618 1021 4688 qui
1066 4618 1206 4673 intra
1237 4620 1427 4675 urbem
1453 4632 1823 4687 versarentur,
1856 4633 2091 4693 regeret,

522 4710 878 4779 privatasque
929 4712 1247 4766 eorum-lem
1299 4714 1704 4767 controversias
1739 4714 2091 4783 disceptaret.

514 4804 672 4867 Quod
716 4803 761 4856 si
812 4801 1034 4859 Latinus
1064 4803 1331 4873 quispiam
1366 4805 1632 4870 Romano,
1671 4816 1765 4860 aut
1817 4806 2096 4863 Romanus

520 4892 724 4948 Latino
778 4895 928 4948 litem
980 4894 1317 4959 intenderet,
1356 4896 1652 4964 'praatores,
1683 4912 1778 4951 seu
1831 4899 2096 4968 praefecti,

414 5025 425 5031 -
518 4970 680 5061 simul
708 4990 797 5057 jus
839 4989 945 5043 illis
987 4990 1258 5055 dicerent,
1290 4999 1346 5045 et
1378 4990 1530 5046 litem
1558 4992 1857 5047 secundum
1891 4992 2093 5049 alteru-

521 5087 667 5155 trum
701 5078 915 5134 darent.
948 5077 1075 5133 Post
1118 5080 1305 5134 decem
1342 5094 1472 5134 vero
1510 5093 1685 5135 annos
1731 5082 1799 5136 ab
1827 5093 2093 5152 occupato

518 5183 555 5245 ᾳ
582 5156 966 5247 Cantaeuzeno
995 5170 1276 5241 Byzantio,
1305 5170 1481 5227 Latini
1531 5173 1667 5227 Chio
1697 5177 1912 5243 penitus
1938 5190 2098 5231 exce-

522 5258 739 5336 derent.
768 5258 889 5312 llaec
917 5272 1071 5328 paeta
1099 5260 1259 5329 legati
1305 5259 1678 5317 Genucnsium
1712 5279 1834 5317 cum
1870 5267 2102 5333 impera-

525 5357 645 5404 tore
692 5349 949 5409 inierunt.
993 5350 1215 5406 Simeon
1254 5369 1386 5408 vero
1437 5353 1731 5424 Benjuzus,
1779 5371 1969 5411 eorum
2009 5360 2098 5425 qui

524 5438 760 5496 insulam
795 5443 1049 5496 tenebant
1094 5440 1250 5497 facile
1284 5442 1560 5515 princeps,
1602 5444 1898 5517 caeterique
1932 5448 2102 5502 tnani~

2192 4619 2455 4691 ἀρχιερέα
2483 4612 2622 4669 εἶναι
2645 4618 2707 4668 ἐκ
2741 4615 2836 4684 τῆς
2854 4617 2911 4666 ὲν
2934 4612 3212 4681 Βυζαντίῳ
3232 4609 3561 4679 Ἐκκλησίας
3582 4625 3770 4675 κεχει-

2195 4713 2576 4787 ροτονημένον,
2610 4713 2704 4763 καὶ
2736 4712 3009 4779 εὐφημεῖν
3044 4712 3171 4768 τοὺς
3224 4704 3482 4776 βασιλέας
3524 4703 3666 4756 κατά
3698 4700 3773 4755 τά

2194 4803 2459 4867 σάϐϐατα,
2506 4802 2580 4870 ᾡς
2635 4800 2775 4863 ἔθος,
2816 4801 3007 4870 μνείαν
3035 4815 3095 4851 τε
3127 4797 3308 4851 αὐτῶν
3336 4795 3462 4856 τοὺς
3499 4794 3677 4860 ἱερέας
3712 4794 3773 4843 ὲν

2194 4898 2312 4956 ταῖς
2345 4860 2771 4965 ἱεροτέλεστίαις
2800 4860 3103 4955 ποιεῖσθαι,
3132 4890 3231 4942 καὶ
3267 4886 3434 4956 μηδὲν
3460 4882 3771 4937 κωλύεσθαι

2197 4987 2332 5058 παρ’
2385 4988 2619 5047 οὐδενός.
2672 4986 2784 5055 Τὴν
2818 4984 2875 5036 δὲ
2902 4982 3071 5052 ἀλλην
3108 4982 3271 5050 νῆσον
3299 4974 3543 5040 ἃπασαν,
3575 4976 3669 5028 καὶ
3698 4976 3772 5029 τά

2197 5079 2456 5151 φρούρια,
2505 5080 2600 5132 καὶ
2655 5079 2849 5146 κώμας
2895 5074 3003 5128 ὑπὸ
3052 5062 3323 5143 βασιλέως
3376 5068 3616 5138 ἔχεσθαι,
3670 5065 3777 5119 καὶ⁵

2195 5173 2458 5244 ἄρχοντας
2488 5171 2674 5233 αὐτοῖς
2701 5170 2760 5223 ὃν
2807 5169 2876 5222 ἂν
2930 5166 3090 5239 ἐθέλῃ
3146 5165 3394 5234 ὲφιστᾷν,
3437 5162 3532 5216 τὸν
3569 5160 3625 5211 δὲ
3674 5159 3780 5212 καὶ

2197 5266 2305 5319 τῶν
2333 5265 2484 5327 ἐντὸς
2522 5265 2655 5316 Χίου
2684 5263 2782 5328 τῆς
2810 5261 3018 5322 πόλεως
3064 5257 3377 5326 Ῥωμαίων,
3407 5255 3621 5323 ἄρχειν.
3648 5250 3781 5331 rges

2203 5358 2302 5428 μὲν
2345 5355 2602 5427 Ῥωμαίῳ
2642 5356 2779 5426 πρὸς
2823 5355 3096 5425 Ῥωμαῖον
3134 5351 3275 5417 ὑπὲρ
3323 5352 3468 5403 ἰδίων
3499 5343 3779 5415 ἀδικημά-

2200 5464 2311 5503 των
2343 5446 2755 5519 ἀμφισϐήτησις
2800 5442 2859 5518 ᾖ,
2891 5444 3046 5515 παρά
3074 5443 3165 5497 τὸν
3202 5440 3493 5511 Ῥωμαίων
3531 5437 3779 5507 ἄρχοντα

1752 5572 1967 5633 Jacobi
2002 5574 2263 5637 Pontani
2313 5582 2497 5638 noue.

600 5669 715 5737 (9|)
745 5669 929 5740 Ipsius
958 5669 1077 5735 Ubii
1108 5670 1260 5725 urbis
1292 5679 1526 5736 tantum,
1565 5688 1633 5727 an
1664 5673 1833 5728 totius
1864 5675 2101 5730 insulae?

524 5736 584 5791 Si
617 5736 829 5798 tantum
862 5742 1033 5812 urbis,
1063 5741 1339 5812 quomodo
1359 5752 1663 5812 potuerunt
1694 5745 2005 5812 imperatori
2039 5746 2095 5799 in

524 5760 583 5791 ῠΙ
617 5760 829 5798 ιιιιιιυιιι
862 5760 1033 5806 urbis,
1063 5760 1339 5812 QUOIIIOUO
1366 5760 1663 5809 potuerunt
1694 5760 1765 5797 tm
1843 5760 2005 5799 ratort
2039 5762 2095 5799 ιη

520 5821 697 5893 annos
743 5811 994 5881 singulos
1030 5811 1272 5883 pendere
1318 5811 1510 5882 viginti
1544 5813 1653 5871 duo
1688 5760 1888 5887 intima,
1927 5817 2098 5886 siqui-

2209 5676 2354 5744 dem,
2389 5688 2448 5733 ut
2477 5678 2573 5732 lib.
2604 5692 2640 5731 ιι
2672 5675 2881 5731 dictum
2910 5683 3012 5737 est,
3041 5680 3155 5729 tota
3180 5670 3357 5744 insula
3400 5676 3608 5744 tantum
3641 5665 3786 5731 red;

2198 5740 2360 5804 debat
2391 5750 2444 5803 in
2474 5763 2680 5803 annuat
2715 5756 2935 5803 centum
2963 5744 3133 5800 millia
3160 5751 3215 5798 et
3247 5740 3482 5813 viginti?
