3996 6218
287 238 393 304 1C1

1466 241 2005 304 IIlSTORiAllUM
2052 246 2280 307 LIBER
2327 240 2423 311 IV.

3449 254 3551 327 ΜΞ

283 360 386 410 καὶ
415 355 555 425 μετὰ
581 354 841 426 τελευτὴν
874 356 1062 425 ὥσπερ
1098 357 1219 411 τινὰ
1251 356 1503 428 πατρῷον
1538 359 1741 429 κλῆρον
1775 377 1870 412 κα-

1976 361 2261 430 linquunt;
2288 381 2350 419 ac
2373 366 2598 437 Lycurgi
2624 368 2799 437 legum
2822 378 3012 439 parum
3037 372 3393 443 obSert’antes
3418 377 3552 446 (94),

282 450 642 510 ταλεὶποντες
689 450 803 511 τοῖς
834 451 991 501 παισὶ
1038 452 1137 519 τὴν
1197 451 1333 515 πρός
1391 468 1539 512 τινας
1574 451 1863 521 διαφοράν.

286 539 403 591 Καὶ
446 539 555 591 τῶν
583 540 905 607 Λυκούργου
955 543 1137 610 νόμων
1192 547 1412 595 πάντων
1468 543 1863 612 ἀμελήσαντες,

286 636 411 697 ἐνὸς
466 635 629 703 μόνου
662 636 773 686 τῶν
827 635 1063 698 Σόλωνος
1109 638 1391 714 ἐξέχονται
1443 638 1537 691 τοῦ
1579 639 1866 708 Ἀθηναίω

282 727 559 796 ἀκριϐῶς,
592 727 652 788 ὃς
672 728 907 795 ἀτίμους
940 730 1083 780 ποιεῖ
1104 729 1213 780 τῶν
1238 730 1474 785 πολιτῶν
1498 732 1625 791 τοὺς
1658 733 1714 782 ἐν
1744 731 1868 781 στά-

285 836 375 870 σει
417 819 659 887 μηδεμιᾷ
691 818 867 887 μερίδι
896 823 1354 888 προσκειμένους.
1391 823 1495 874 Τοῦ
1522 823 1783 874 δεσπότου
1810 822 1866 872 δὲ

282 909 375 960 διὰ
404 910 499 967 τὰς
528 907 785 979 λῃστείας
808 908 913 959 τῶν
945 910 1191 977 Περσῶν,
1216 912 1503 964 ἐποιοῦντο
1526 914 1633 983 γὰρ
1656 900 1869 975 ἲιοὶλδς

283 1001 386 1050 καὶ
423 1003 668 1067 συνεχεῖς
728 1002 791 1051 ὲκ
827 1000 927 1067 τῆς
969 1001 1153 1062 Ἀτίας
1217 1006 1612 1073 περαιούμενοι
1670 1010 1865 1077 ὀλίγοι,

283 1092 386 1144 καὶ
432 1092 573 1144 κατὰ
607 1091 887 1143 θάλασσαν
931 1092 1042 1142 δεῖν
1098 1095 1353 1162 οἰομένου
1403 1099 1652 1167 τριήρεις
1698 1118 1866 1153 κατα-

286 1183 585 1246 σκευάζειν
610 1182 696 1250 ἐφ’
721 1176 766 1250 ᾦ
790 1184 1140 1254 περιπλέοιεν
1160 1185 1260 1256 τὴν
1285 1186 1470 1255 νῆσον,
1492 1191 1587 1241 Ral
1605 1190 1870 1244 κωλύοιεν

283 1278 415 1336 τοὺς
457 1280 744 1345 πειρατὰς,
775 1279 899 1329 ἐπεὶ
939 1280 1074 1331 πᾶσι
1111 1281 1415 1333 λυσιτελεῖν
1446 1283 1643 1344 ἐδόκει,
1682 1285 1777 1334 καὶ
1810 1284 1867 1335 ἐ·

283 1371 367 1422 δει
398 1372 607 1432 πάντας
647 1373 907 1440 χρήματα
929 1373 1230 1441 είσρέρειν,
1267 1375 1294 1424 ό
1320 1375 1669 1442 Λαμπούδιος
1705 1377 1870 1445 ὑπέρ-

285 1480 444 1531 χεται
492 1465 591 1530 τὴν
653 1464 943 1533 εἴσπραξιν
996 1463 1199 1529 ἑκοντὶ,
1232 1465 1408 1518 πολλὰ
1459 1466 1554 1519 τοῦ
1599 1468 1867 1522 δεσπότου

282 1552 523 1619 δεηθεὶς,
557 1554 629 1616 ὡς
654 1554 765 1605 τῶν
794 1554 972 1607 ἄλλων
1006 1556 1209 1623 μᾶλλον
1242 1556 1404 1619 αὐτὸς
1436 1559 1868 1628 καταπραξόμε-

283 1661 377 1703 νος
403 1644 615 1713 βέλτιον
644 1645 734 1696 διὰ
788 1646 886 1715 τὴν
918 1646 1216 1717 ἐμπειρίαν
1279 1648 1373 1700 καὶ
1417 1648 1516 1719 τὴν
1558 1650 1690 1718 πρὸς
1727 1653 1869 1703 ἐκεῖ·

283 1753 379 1787 νον
419 1734 650 1787 εὔνοιαν.
691 1736 901 1798 ’Λδείας
941 1737 995 1790 δὲ
1047 1737 1248 1806 τυχὼν,
1300 1738 1399 1808 τὴν
1456 1740 1867 1807 Πελοπόννησον

284 1826 513 1879 ἃπασαν
559 1828 813 1897 περιϊὼν,
846 1829 1178 1897 ὲξεπολέμου
1211 1830 1289 1900 τῷ
1318 1831 1576 1901 δεσπότῃ.
1634 1833 1740 1884 Καὶ
1773 1835 1868 1885 πό-

284 1919 439 1971 λεσιν
476 1920 719 1981 ἀπάσαις
770 1922 864 1973 καὶ
928 1922 1148 1989 κώμαις
1191 1921 1292 1989 τὴν
1333 1922 1701 1975 ὲθε).οδουλίαν
1727 1925 1868 1976 ὀνει-

281 2008 473 2073 δίζων,
503 2010 593 2061 καὶ
620 2012 680 2061 τὸ
715 2011 789 2079 μὴ
819 2010 987 2076 ἀξίως
1021 2010 1130 2064 τῶν
1161 2012 1446 2081 προγόνων
1478 2014 1572 2063 ἐπὶ
1602 2014 1700 2081 τὴν
1726 2013 1871 2066 ἐλευ-

284 2100 478 2168 θερίαν
505 2100 936 2171 προθυμεῖσθαι,
975 2103 1087 2156 ἀλλ’
1117 2103 1308 2173 ὥσπερ
1336 2104 1644 2173 ἀνδράποδα
1682 2107 1871 2175 ἀνέχε-

285 2194 442 2257 σθαι,
478 2194 711 2260 ἄγεσθαι
771 2195 864 2246 καὶ
896 2194 1162 2264 φέρεσθαι
1202 2196 1305 2247 ὑπὸ
1334 2197 1426 2247 τοῦ
1457 2196 1742 2262 δεσπότου,
1776 2198 1869 2249 καὶ

288 2285 451 2346 τέλος
481 2286 688 2344 πάντας
712 2284 931 2337 ἔπειθεν
962 2286 1168 2355 ὁμοίως
1199 2285 1275 2355 τῷ
1314 2287 1551 2357 δεσπότῃ
1582 2288 1867 2356 πολεμεῖν·

290 2376 729 2446 ἰσχυριζόμενος,
782 2377 859 2439 ὡς
923 2376 954 2445 ἢ
1013 2378 1113 2429 οὐκ
1163 2379 1486 2447 ἀντισχήσει
1525 2382 1678 2448 κοινῇ
1732 2379 1869 2445 πρὸς

282 2468 506 2530 πάντας
542 2466 818 2535 πολεμῶν,
873 2466 1014 2518 ἀλλὰ
1065 2466 1328 2533 φεύξεται
1384 2467 1708 2518 καταλιπὼν
1769 2467 1869 2537 τὴν

282 2560 721 2628 Πελοπόννησον,
781 2559 1071 2630 ἀγαπητὸν
1117 2558 1426 2629 ἡγούμενος
1474 2560 1533 2611 τὸ
1573 2558 1865 2621 σώζεσθαι,

282 2654 318 2723 ῆ
380 2652 819 2722 διαφθαρήσεται
876 2652 1077 2721 μένων,
1118 2651 1458 2720 πανταχόθεν
1488 2651 1581 2703 τοῦ
1626 2652 1866 2718 πολέμου

281 2746 700 2817 περιρρέοντος.
732 2743 889 2795 Οὕτω
924 2743 1021 2813 μὲν
1049 2744 1293 2805 ἐκείνους
1335 2743 1542 2807 ἔπειθε,
1577 2743 1671 2795 καὶ
1702 2746 1868 2795 πᾶσιν

280 2837 459 2888 ἔδωκε
494 2835 747 2903 σύνθημα
780 2836 984 2897 κοινὸν,
1036 2834 1103 2885 ἵν’
1135 2835 1194 2885 ἐν
1228 2836 1413 2903 ἡμέρᾳ
1459 2838 1525 2903 τῇ
1563 2836 1698 2902 αὐτῇ
1753 2838 1869 2896 τοῖς

284 2926 475 2993 σςρὶσιν
500 2926 729 2993 ἄρχουσι
761 2924 964 2983 πάντες
1007 2922 1346 2990 ἐπιθέμενοι,
1380 2923 1600 2991 πρῶτον
1644 2924 1739 2993 μὲν
1774 2924 1867 2976 αὑ.

1898 1693 1945 1752 Β

1975 451 2064 502 uni
2118 458 2326 506 tantum
2377 453 2592 509 Solonis
2654 458 2898 513 studiose
2966 462 3260 524 obediunt,
3317 468 3555 521 notantis

1970 541 2192 595 infamia
2220 546 2385 611 cives,
2420 546 2510 614 qui
2549 547 2599 599 in
2652 549 2919 603 seditione
2965 561 3286 606 neutrarum
3317 557 3553 623 partium

1971 632 2224 688 fuissent.
2266 635 2498 699 Despota
2525 656 2674 703 vero,
2709 651 2933 710 propter
2957 642 3245 697 Persarum
3273 646 3556 715 depra'da-

1972 722 2081 775 tion
2119 738 2165 805 st
2207 733 2363 793 (quas
2440 745 2469 779 n
2499 729 2636 781 ultas
2703 739 2759 783 et
2811 732 3058 785 assiduas
3109 743 3248 787 terra
3313 738 3557 806 marique

1970 816 2128 884 pauci
2192 833 2257 870 ex
2310 820 2435 871 Asia
2493 821 2830 887 trajicientcs
2888 824 3248 893 inferebant),
3278 828 3558 897 iudicante

1974 908 2225 959 triremes
2281 912 2695 978 comparandas,
2746 912 2949 981 quibus
2987 917 3158 970 insula
3194 919 3558 976 circumnavi-

1971 1006 2195 1063 garetur
2252 998 2411 1067 752
2470 1010 2523 1053 et
2588 1002 2777 1068 pirata:
2827 1018 3163 1073 arcerentur,
3200 1025 3322 1062 eum
3357 1012 3407 1064 id
3457 1029 3557 1082 pro

1973 1087 2087 1137 utili
2144 1088 2381 1156 placeret
2415 1091 2689 1154 omnbus,
2725 1100 2783 1145 et
2822 1093 2874 1145 in
2908 1094 2959 1146 id
2992 1111 3165 1163 pecun
3190 1114 3277 1151 am
3322 1101 3555 1157 conferri

1975 1194 2001 1227 v
2029 1176 2171 1229 rizim
2208 1188 2506 1246 oporteret,
2535 1181 2870 1251 Lampadius
2917 1201 3118 1240 munus
3145 1194 3466 1256 exactionis,
3501 1202 3559 1248 ut

1976 1282 2082 1334 prae
2113 1269 2327 1323 caneris
2374 1272 2646 1325 universis
2679 1273 2750 1327 ob
2779 1277 3170 1343 experientiam
3219 1289 3273 1333 et
3314 1298 3557 1337 amorem

1972 1372 2098 1425 erga
2147 1359 2299 1411 illum
2344 1362 2545 1414 melus
2593 1378 2661 1417 eo
2706 1363 3016 1427 functurus,
3072 1370 3255 1423 multis
3309 1387 3437 1439 prec
3460 1373 3560 1427 bus

1973 1448 2073 1501 sibi
2105 1465 2133 1501 a
2161 1453 2384 1519 despota
2433 1453 2576 1506 ultro
2623 1454 2869 1523 deposcit
2906 1474 2918 1508 :
2954 1470 3257 1528 nactusque
3314 1472 3559 1530 potesta-

1975 1552 2082 1596 tem
2133 1553 2297 1597 lotam
2325 1546 2760 1615 Peloponnesum
2804 1547 3017 1612 ob'cns,
3059 1553 3268 1605 animos
3314 1554 3379 1605 ad
3411 1569 3559 1608 arma

1978 1635 2030 1686 in
2066 1649 2189 1687 eum
2214 1635 2500 1701 sollicitat;
2530 1637 2787 1691 urbibuS‘
2821 1654 2884 1691 ac
2916 1640 3053 1692 vicis
3075 1657 3202 1693 omn
3233 1644 3332 1695 bus
3364 1644 3559 1697 volun—

1980 1726 2172 1778 tariam
2201 1727 2517 1782 servitutem
2546 1731 2843 1798 exprobrat
2868 1774 2876 1791 ,
2917 1747 3010 1785 Θοε
3042 1735 3305 1799 ιιιιιξυτιιηι
3335 1752 3558 1789 suorum

1978 1816 2294 1883 dissimiles,
2346 1820 2412 1872 ad
2468 1822 2819 1875 asserendem
2864 1823 3167 1876 libertatem
3225 1832 3460 1893 torpcze.
3495 1841 3561 1881 ac

1978 1909 2375 1977 mancipiorum
2405 1909 2576 1964 instar
2604 1913 2688 1980 agi
2719 1927 2777 1966 se
2841 1914 3079 1980 ferrique
3113 1932 3140 1967 a
3182 1917 3407 1985 despota
3437 1933 3559 1986 per-

1979 1998 2103 2066 peti.
2137 1999 2227 2052 Sic
2265 2000 2481 2054 tandem
2519 2018 2775 2072 peraeque
2822 2006 3076 2059 omnibus
3112 2022 3387 2061 armorum
3438 2024 3561 2063 cor-

1980 2097 2359 2166 ripiendornm
2392 2110 2586 2153 auctor
2620 2099 2743 2165 fuit,
2779 2103 3167 2159 aﬂirmansaut
3211 2106 3343 2158 nihil
3378 2108 3555 2174 ipsum

1978 2202 2172 2242 contra
2223 2189 2637 2243 universitatem
2697 2192 3013 2253 valiturum,
3049 2195 3142 2247 sed
3176 2196 3562 2263 Peloponneso

1981 2278 2173 2331 relicta
2217 2278 2545 2343 fugiturum,
2608 2290 2929 2335 contentum
2991 2298 3242 2337 servasse
3286 2286 3557 2351 animant;

1978 2380 2070 2423 aut
2096 2372 2137 2423 si
2175 2380 2412 2432 Inaneat,
2441 2388 2564 2424 cum
2601 2374 2744 2427 bello
2778 2375 3023 2443 undique
3049 2384 3377 2439 coarctctur,
3411 2378 3560 2447 peri-

1982 2468 2185 2514 turum.
2222 2462 2311 2514 Sic
2340 2463 2460 2515 illos
2495 2465 2729 2529 seduxit,
2759 2480 3164 2534 communeque
3195 2479 3410 2535 pactum
3444 2485 3564 2536 pro-

1979 2551 2249 2620 posuit,ut
2274 2566 2463 2605 omnes
2495 2553 2685 2605 eodem
2715 2554 2802 2608 die
2828 2570 2958 2612 suos
2987 2556 3268 2623 praefectos
3297 2560 3560 2627 aggressi,

1978 2643 2217 2711 primum
2260 2645 2479 2711 quidem
2516 2644 2636 2698 illos
2670 2645 2724 2698 in
2748 2655 3013 2713 potestate
3048 2648 3329 2713 luberent,
3361 2651 3560 2707 deinde

1978 2735 2034 2788 in
2063 2735 2346 2802 despotam
2402 2736 2507 2803 jam
2559 2737 2971 2791 imbecilliorem
3023 2739 3201 2793 infesti
3233 2742 3396 2795 irent.
3425 2743 3560 2797 Acta

1982 2836 2251 2880 transacta
2285 2842 2349 2879 ex
2404 2828 2549 2880 illius
2607 2830 2839 2881 consilio
2874 2829 3077 2882 omnia.
3113 2829 3231 2883 Uno
3263 2833 3407 2885 enim
3469 2847 3563 2886 eo-

1979 2920 2212 2986 demque
2261 2920 2349 2971 die
2386 2920 2488 2973 sub
2532 2921 2719 2989 jngutn
2751 2920 2901 2973 missi
2937 2936 3149 2981 ornnes.
3208 2922 3299 2991 qui
3335 2924 3563 2978 urbibus

281 3016 396 3068 τῶν
425 3017 801 3086 κρατήσωσιν,
854 3014 1046 3066 ἔπειτα
1096 3013 1576 3082 ὲπιστρατεύσωσι
1605 3015 1865 3087 δεσπότῃ,

1981 3022 2076 3064 aut
2113 3012 2245 3064 viris
2302 3020 2589 3077 prter-rant.
2644 3012 2772 3065 Post
2803 3015 3166 3082 untlcquaque
3213 3014 3447 3069 conﬂata
3483 3017 3564 3071 itt-

283 3106 671 3175 ἁσθενεστὲρῳ
702 3105 1058 3173 γεγενημένῳ
1091 3103 1215 3173 ἢδη.
1256 3105 1363 3155 Καὶ
1395 3105 1539 3155 κατὰ
1578 3107 1675 3171 τὴν
1726 3105 1870 3155 ὲκεί-

282 3215 377 3250 νου
407 3198 744 3266 παραίνεσιν
764 3197 949 3248 πάντα
979 3198 1217 3247 ἐτελεῖτο
1242 3210 1255 3225 ’
1287 3196 1471 3263 ἡμέρα
1500 3197 1608 3263 γὰρ
1643 3199 1706 3262 τῇ
1737 3196 1872 3265 αὐτῇ

284 3293 513 3342 παντων
550 3290 869 3359 ἐκράτησαν
914 3290 1028 3341 ὅσοι
1094 3288 1304 3339 πόλεων
1359 3284 1532 3356 ἦρχον
1570 3288 1601 3356 ἢ
1645 3287 1869 3355 κωμῶν.

286 3385 535 3435 Ἔπειτα.
564 3380 948 3449 ἁπανταχόθεν
976 3378 1360 3447 ἀθροισθέντες
1394 3378 1748 3448 παμπληθεῖς
1784 3395 1875 3429 πει

282 3476 367 3539 ζοί
404 3492 463 3525 τε
503 3474 599 3527 καὶ
652 3474 864 3534 ίππείς,
903 3472 1149 3541 ἐπῄεσαν
1200 3471 1463 3541 δεσπότῃ,
1515 3471 1871 3537 Λαμπουδίου

288 3567 430 3636 μετὰ
458 3567 569 3617 τῶν
598 3564 774 3618 ἄλλων
802 3565 909 3616 τῶν
948 3563 1332 3629 δυνατωτέρων
1376 3563 1707 3631 ἡγουμένου.
1773 3566 1873 3613 Δε⁴

288 3660 495 3723 σπῦτης
525 3656 583 3708 δὲ
619 3657 747 3717 τοὺς
778 3655 941 3716 ἰδίους
964 3654 1263 3722 ἐφοπλίσας
1291 3654 1408 3705 ὅσοι
1433 3654 1649 3704 εἵποντο
1674 3657 1733 3704 ὲκ
1770 3653 1872 3704 Βυ-

283 3748 507 3810 ζαντίου
563 3750 691 3816 περὶ
742 3746 1098 3815 τριακοσίους
1154 3746 1316 3807 ὄντας
1358 3746 1593 3810 λογάδας
1640 3745 1869 3810 πάντας,

284 3836 617 3906 ἀντεπεξῄει
676 3838 789 3898 τοῖς
828 3835 1304 3904 Πελοποννησίοις,
1369 3835 1460 3885 καὶ
1501 3834 1871 3903 μισθοφόρους

285 3930 425 3997 ἔχων
457 3928 675 3994 ὀλίγους
722 3927 1084 3995 Ἀκαρνᾶνας.
1120 3928 1183 3977 0i
1205 3925 1261 3977 δὲ
1288 3925 1409 3977 οὐδὲ
1457 3926 1536 3987 εἰς
1565 3923 1689 3992 ὄψιν
1736 3925 1870 3977 ὑπο-

290 4021 585 4087 μείναντες
626 4019 819 4081 ὲλθεῖν,
853 4020 933 4080 εἰς
962 4017 1143 4086 φυγήν
1192 4033 1253 4069 τε
1284 4017 1610 4086 ἐτράποντο,
1646 4017 1736 4069 καὶ
1767 4017 1873 4070 διε·-

286 4111 529 4178 λιίθησαν
582 4111 723 4162 κατὰ
775 4110 990 4172 πόλεις·
1018 4111 1111 4161 καὶ
1143 4092 1191 4161 οἱ
1224 4108 1323 4178 μὲν
1349 4109 1551 4162 αὐτίκα
1588 4109 1875 4178 προσεχώ-

291 4220 417 4271 ρουν
455 4202 907 4271 παραιτούμενοι.
942 4202 1031 4253 καὶ
1057 4200 1353 4269 ἐτύγχανον
1388 4201 1725 4272 συγγνώμης
1748 4221 1762 4237 ο
1813 4206 1871 4257 ὅ-

289 4311 369 4345 σοι
408 4294 468 4345 δὲ
496 4290 637 4364 ἦσαν
680 4292 1072 4362 τολμηρότεροι
1106 4292 1244 4359 πρὸς
1286 4294 1712 4361 νεωτερισμοὺς,
1769 4294 1870 4357 τὰς

1979 3121 2110 3173 gens
2142 3105 2381 3172 peditum
2411 3105 2770 3174 equitumque
2803 3107 2905 3172 vis,
2941 3106 3245 3175 Lampudio
3293 3117 3346 3162 et
3373 3119 3562 3178 poten-

1981 3197 2211 3247 tioribus
2257 3197 2653 3261 prtl‘t‘llttliblls,
2701 3197 2755 3250 in
2782 3198 3063 3267 despotam
3110 3200 3299 3253 tendit.
3343 3198 3391 3254 ls
3438 3214 3560 3253 cum

1979 3288 2117 3349 suis,
2145 3296 2415 3355 quotquot
2464 3286 2723 3357 Byzantio
2750 3290 3065 3343 adduxerat
3102 3290 3427 3359 (adduxrrat
3466 3307 3563 3344 au-

1981 3386 2087 3431 tem
2122 3379 2340 3431 circiter
2385 3390 2683 3442 trecentos,
2725 3362 2956 3435 selectos
2998 3387 3208 3450 omnes)
3263 3386 3562 3453 paucisque

1978 3470 2154 3524 condu
2198 3470 2332 3525 titiis
2416 3470 2798 3527 Acarnanith
2875 3482 3068 3525 contra
3140 3460 3562 3542 Peloponnesios

1977 3565 2257 3632 procedit;
2291 3566 2383 3632 qui
2406 3580 2471 3616 ne
2496 3565 2547 3616 in
2570 3575 2922 3632 conspectum
2948 3565 3166 3630 quidem
3192 3568 3425 3618 hostium
3462 3581 3560 3619 ve-

1976 3653 2095 3705 n're
2139 3652 2493 3714 sustinentes,
2535 3651 2587 3704 in
2635 3652 2816 3718 fugam
2865 3652 3007 3704 versi
3055 3660 3110 3706 et
3159 3651 3453 3720 oppidatim
3480 3655 3558 3706 di-

1975 3741 2111 3810 lapsi
2147 3752 2296 3795 sunt.
2339 3738 2475 3793 'l‘um
2527 3741 2594 3793 de
2644 3741 2728 3794 his
2760 3740 2847 3793 alii
2889 3739 3108 3808 quidem
3145 3741 3197 3793 in
3242 3741 3358 3810 ejus
3398 3741 3558 3797 ﬁdem

1976 3836 2164 3905 statim
2201 3850 2258 3888 se
2292 3834 2408 3887 trod
2439 3835 2590 3894 dcre.
2630 3836 2844 3886 veniam
2895 3844 3209 3901 poscentes,
3241 3849 3402 3902 quam
3434 3850 3560 3889 mox

1975 3928 2451 3997 consequebantur
2499 3945 2511 3980 :
2554 3926 2669 3988 alii,
2734 3926 2933 3994 quibus
2975 3926 3042 3979 ad
3084 3924 3324 3978 studium
3375 3928 3558 3979 rerum

1974 4032 2241 4073 novarum
2289 4018 2410 4086 plus
2457 4016 2633 4069 inerat
2687 4014 2951 4077 audaciae,
2997 4014 3227 4067 urbibus
3256 4015 3558 4083 occupatis,

1975 4112 2258 4180 despotam
2313 4125 2420 4162 non
2460 4108 2840 4171 :dmittebant,
2880 4106 3074 4160 stolide
3137 4106 3411 4173 profecto;
3468 4107 3561 4175 qui

1976 4206 2123 4259 enim
2151 4216 2344 4255 omnes
2384 4201 2546 4253 simul
2603 4200 2863 4253 resistere
2918 4214 3025 4251 non
3066 4208 3339 4267 poterant,
3373 4200 3425 4252 bi
3466 4214 3562 4268 per

1978 4293 2349 4350 collorticulas
2380 4290 2651 4359 dissipati,
2686 4290 2877 4343 victori
2920 4306 2968 4342 tn
2998 4291 3101 4343 sibi
3139 4292 3557 4359 pollicebantur.

290 4386 477 4447 πόλεις
515 4384 905 4453 κατασχόντες,
949 4383 1049 4435 οὐκ
1101 4383 1349 4451 ἐδέχοντο
1383 4385 1654 4452 δεσπότην
1704 4388 1865 4457 ἀνοή-

1976 4387 2216 4440 Tandem
2249 4384 2541 4453 aliquando
2578 4396 2630 4435 et
2666 4382 2763 4451 ipsi
2797 4390 2874 4435 tot
2913 4381 3135 4450 peri-tis
3167 4383 3559 4448 incommodis,

289 4490 421 4534 τως.
464 4472 528 4523 UE
560 4474 669 4540 γὰρ
695 4471 829 4539 ὁμοῦ
863 4471 1181 4539 σύμπαντες
1214 4473 1491 4540 ἀντισχεῖν
1518 4474 1620 4524 οὐκ
1673 4473 1875 4542 ἡδονή·

290 4564 491 4634 θησαν,
543 4556 689 4615 οὗτοι
743 4563 866 4615 κατ’
919 4562 1136 4630 ὀλίγους
1183 4562 1573 4631 διαιρεθέντες,
1633 4564 1873 4634 ἤλπισαν

292 4655 803 4724 περεγενήσεσθαι·
860 4652 1090 4723 ὕστερον
1120 4654 1308 4719 μέντοι
1366 4656 1462 4706 καὶ
1518 4656 1675 4708 αὐτοὶ
1731 4657 1873 4725 μετὰ

290 4746 497 4813 πολλὴν
535 4746 802 4809 κάκωσιν,
834 4744 929 4797 καὶ
966 4744 1076 4814 ,τὰς
1128 4747 1372 4821 συνεχεῖς
1417 4747 1717 4816 ἐπιδρομὰς
1774 4748 1874 4801 καὶ

288 4837 586 4905 λεηλασίας
618 4837 676 4888 τὸ
709 4839 955 4890 συνοῖσον
992 4836 1319 4900 συνιδόντες,
1365 4840 1755 4908 προσεχώρουν
1792 4840 1869 4911 τῷ

291 4927 526 4996 δεσπότῃ
572 4927 821 4995 δεόμενοι
855 4930 1039 4995 τυχεῖν
1069 4928 1423 4998 συγγνώμης.
1471 4931 1529 4982 '0
1556 4931 1612 4984 δὲ
1669 4932 1873 5001 παρείς

292 5036 423 5088 χετο
460 5022 650 5085 πᾶσιν,
684 5020 742 5071 οὐ
783 5019 959 5089 μισῶν
996 5019 1221 5087 μᾶλλον,
1254 5022 1284 5089 ἧ
1320 5022 1418 5090 τῆς
1462 5024 1653 5087 ἀνοίας
1684 5025 1875 5094 ὲλεῶν,

293 5113 376 5164 ὅτι
409 5111 705 5175 ἀκινδύνως
740 5111 1013 5173 σώζεσθαι
1044 5112 1186 5177 ἐνὸν,
1242 5111 1524 5168 ἀπώλοντο
1558 5119 1673 5180 τοῖς
1732 5119 1873 5190 ὑπὲρ

282 5190 526 5271 ’δύναμιν
561 5202 993 5273 ἐπιχειροῦντες.
1038 5203 1356 5273 Ἧσύχασαν
1402 5207 1460 5258 δὲ
1523 5209 1714 5277 χρόνον
1770 5213 1873 5264 οὐκ

296 5292 497 5360 ὀλίγον,
547 5293 648 5361 τὴν
700 5292 804 5345 ὑπὸ
856 5292 1092 5365 δεσπότῃ
1117 5293 1367 5346 δουλείαν
1421 5295 1482 5347 οὐ
1535 5297 1740 5364 μᾶλλον
1773 5298 1869 5351 ὑπ’

1972 4486 2028 4532 et
2057 4475 2487 4538 incursionibus,
2533 4473 3045 4543 dircptionibusque
3092 4472 3353 4535 assiduis,
3379 4472 3564 4527 oculos

1973 4557 2331 4639 aperuerunt,
2358 4582 2410 4623 et
2448 4568 2616 4637 petita
2679 4567 2835 4621 venia
2876 4566 2929 4619 in
2982 4565 3225 4634 despotae
3268 4566 3566 4620 auctorita-

1975 4673 2081 4718 tem
2114 4671 2524 4717 concesserunt.
2552 4660 2643 4715 Ille
2690 4660 2972 4730 ignoscere
3015 4658 3292 4720 omnibus.
3336 4674 3437 4712 nec
3464 4673 3558 4712 eos

1974 4754 2158 4809 odisse
2186 4754 2380 4824 magis,
2404 4769 2566 4822 quam
2590 4763 2647 4805 ut
2693 4760 2937 4804 amentes
2971 4749 3213 4802 miserari
3241 4786 3256 4811 ,
3293 4748 3382 4816 qui
3429 4762 3553 4801 cum

1981 4848 2100 4901 sine
2128 4848 2369 4916 pcr'culo
2401 4845 2604 4899 servari
2634 4852 2881 4913 possent,
2912 4844 3095 4911 iniqua
3128 4842 3332 4895 viribus
3358 4838 3560 4903 conati,

1981 4954 2103 5019 sese
2147 4938 2414 5007 perditum
2467 4937 2698 4992 iverant.
2739 4936 2850 4990 Nec
2897 4935 2986 4988 diu
3043 4934 3376 5010 requierunt,
3414 4933 3559 4999 quod

1994 5028 2235 5098 despotze
2265 5029 2548 5098 imperium
2584 5043 2693 5081 non
2728 5035 2835 5079 tam
2862 5035 3085 5094 propter
3105 5022 3560 5092 aequanimitatem

1977 5120 2230 5186 libentes,
2275 5137 2435 5189 quam
2474 5136 2594 5174 cum
2630 5121 2825 5172 timore
2864 5117 3116 5170 nolentes
3153 5114 3474 5179 sut'ferrent;
3510 5123 3564 5168 et

1979 5212 2122 5266 bello
2167 5212 2309 5264 inter
2352 5214 2713 5278 imperatores
2749 5207 3097 5269 resuscitato,
3127 5203 3286 5274 753
3320 5205 3560 5272 juniore-

1974 5320 2081 5373 que
2119 5305 2446 5371 imperatore.
2469 5299 2773 5368 Palteologo
2807 5313 2989 5351 rerum
3020 5288 3284 5367 potiente,
3320 5313 3559 5359 rursum,

1530 5410 1747 5469 Jacobi
1785 5414 2049 5475 Pontani
2088 5424 2272 5475 noun.

366 5528 478 5598 (94)
531 5528 906 5597 Quaﬂuerint
947 5530 1067 5583 ista:
1099 5531 1267 5597 leges,
1317 5537 1409 5583 aut
1454 5546 1574 5599 qua:
1608 5530 1715 5593 lex,
1757 5548 1878 5598 qua:

299 5594 608 5654 inimicitias
631 5594 698 5653 ad
724 5609 973 5668 posteros
994 5594 1485 5667 etiam—propagari
1507 5611 1738 5664 vetaret,
1767 5594 1879 5654 non

301 5671 513 5737 reperi:
547 5669 657 5725 nisi
694 5678 780 5725 est
812 5670 904 5724 illa
935 5669 1096 5737 forte,
1140 5674 1407 5725 adversus
1435 5670 1657 5725 eosdem
1696 5673 1883 5725 hostes

1979 5535 2185 5590 bellum
2238 5553 2346 5590 non
2390 5536 2770 5605 repetendum,
2826 5536 2972 5604 quod
3026 5535 3191 5588 etiam
3245 5530 3315 5588 de
3362 5532 3556 5588 simul-

1986 5608 2189 5661 tatibus
2220 5618 2273 5661 et
2310 5605 2480 5660 inimit
2502 5608 2613 5660 itiis
2646 5616 2825 5675 potest
2857 5605 3053 5674 accipi.
