  <div class='ocr_page' id='page_1' title='image "/cluster/home/n/w/nwhite01/storage/ocr_20150623/154/hvd.32044073505299/057.png"; bbox 0 0 3996 6218; ppageno 0'>
   <div class='ocr_carea' id='block_1_1' title="bbox 383 237 484 319">
    <p class='ocr_par' dir='ltr' id='par_1_1' title="bbox 383 237 484 319">
     <span class='ocr_line' id='line_1_1' title="bbox 383 237 484 319; baseline -0.03 0"><span class='ocrx_word' id='word_1_1' title='bbox 383 237 484 319; x_wconf 76' lang='lat'><strong>1&#39;03</strong></span> 
     </span>
    </p>
   </div>
   <div class='ocr_carea' id='block_1_2' title="bbox 1535 231 2413 308">
    <p class='ocr_par' dir='ltr' id='par_1_2' title="bbox 1535 231 2413 308">
     <span class='ocr_line' id='line_1_2' title="bbox 1535 231 2413 308; baseline -0.007 -1"><span class='ocrx_word' id='word_1_2' title='bbox 1535 231 1857 308; x_wconf 73' lang='lat' dir='ltr'><strong>JOANNIS</strong></span> <span class='ocrx_word' id='word_1_3' title='bbox 1895 235 2413 304; x_wconf 74' lang='lat' dir='ltr'><strong>CANTACUZENI</strong></span> 
     </span>
    </p>
   </div>
   <div class='ocr_carea' id='block_1_3' title="bbox 3514 231 3617 303">
    <p class='ocr_par' dir='ltr' id='par_1_3' title="bbox 3514 231 3617 303">
     <span class='ocr_line' id='line_1_3' title="bbox 3514 231 3617 303; baseline 0.019 -2"><span class='ocrx_word' id='word_1_4' title='bbox 3514 231 3617 303; x_wconf 72' lang='grc'><strong>104</strong></span> 
     </span>
    </p>
   </div>
   <div class='ocr_carea' id='block_1_4' title="bbox 366 354 1965 455">
    <p class='ocr_par' dir='ltr' id='par_1_4' title="bbox 366 359 1946 455">
     <span class='ocr_line' id='line_1_4' title="bbox 366 359 1946 455; baseline -0.007 -31"><span class='ocrx_word' id='word_1_5' title='bbox 366 369 494 438; x_wconf 83' lang='lat' dir='ltr'><strong>quia</strong></span> <span class='ocrx_word' id='word_1_6' title='bbox 547 377 704 455; x_wconf 71' lang='lat' dir='ltr'><strong>pater</strong></span> <span class='ocrx_word' id='word_1_7' title='bbox 757 365 992 437; x_wconf 86' lang='lat' dir='ltr'><strong>imperio</strong></span> <span class='ocrx_word' id='word_1_8' title='bbox 1059 380 1117 421; x_wconf 85' lang='lat' dir='ltr'><strong>se</strong></span> <span class='ocrx_word' id='word_1_9' title='bbox 1173 359 1501 425; x_wconf 87' lang='lat' dir='ltr'><strong>abdicasset,</strong></span> <span class='ocrx_word' id='word_1_10' title='bbox 1541 361 1661 430; x_wconf 86' lang='lat' dir='ltr'><strong>plus</strong></span> <span class='ocrx_word' id='word_1_11' title='bbox 1695 375 1753 416; x_wconf 89' lang='lat' dir='ltr'><strong>se</strong></span> <span class='ocrx_word' id='word_1_12' title='bbox 1788 363 1946 429; x_wconf 72' lang='lat' dir='ltr'><strong>posse</strong></span> 
     </span>
    </p>
   </div>
   <div class='ocr_carea' id='block_1_5' title="bbox 2068 354 3619 455">
    <p class='ocr_par' dir='ltr' id='par_1_5' title="bbox 2068 354 3619 429">
     <span class='ocr_line' id='line_1_5' title="bbox 2068 354 3619 429; baseline -0.003 -17"><span class='ocrx_word' id='word_1_13' title='bbox 2068 359 2474 429; x_wconf 59' lang='grc' dir='ltr'><strong>εὐγνωμοσύνης⁹</strong></span> <span class='ocrx_word' id='word_1_14' title='bbox 2505 355 2763 427; x_wconf 78' lang='grc' dir='ltr'><strong>εὐμαρῶς</strong></span> <span class='ocrx_word' id='word_1_15' title='bbox 2797 354 3059 425; x_wconf 82' lang='grc' dir='ltr'><strong>φέροντες</strong></span> <span class='ocrx_word' id='word_1_16' title='bbox 3111 354 3234 424; x_wconf 64' lang='grc' dir='ltr'><strong>ὅσῳ</strong></span> <span class='ocrx_word' id='word_1_17' title='bbox 3269 354 3375 407; x_wconf 72' lang='grc' dir='ltr'><strong>ὑπὸ</strong></span> <span class='ocrx_word' id='word_1_18' title='bbox 3423 355 3578 419; x_wconf 78' lang='grc' dir='ltr'><strong>δέους</strong></span> <span class='ocrx_word' id='word_1_19' title='bbox 3602 361 3619 378; x_wconf 92' lang='grc'><strong>⁹</strong></span> 
     </span>
    </p>
   </div>
   <div class='ocr_carea' id='block_1_6' title="bbox 369 451 1948 526">
    <p class='ocr_par' dir='ltr' id='par_1_6' title="bbox 369 451 1948 526">
     <span class='ocr_line' id='line_1_6' title="bbox 369 451 1948 526; baseline -0.008 -12"><span class='ocrx_word' id='word_1_20' title='bbox 369 459 562 514; x_wconf 77' lang='lat' dir='ltr'><strong>conﬁsi</strong></span> <span class='ocrx_word' id='word_1_21' title='bbox 595 451 611 516; x_wconf 77' lang='grc' dir='ltr'>Ξ</span> <span class='ocrx_word' id='word_1_22' title='bbox 651 467 707 514; x_wconf 89' lang='lat' dir='ltr'><strong>et</strong></span> <span class='ocrx_word' id='word_1_23' title='bbox 753 459 981 526; x_wconf 77' lang='lat' dir='ltr'><strong>instiper</strong></span> <span class='ocrx_word' id='word_1_24' title='bbox 1015 454 1208 508; x_wconf 81' lang='lat' dir='ltr'><strong>Asanis</strong></span> <span class='ocrx_word' id='word_1_25' title='bbox 1249 452 1416 506; x_wconf 85' lang='lat' dir='ltr'><strong>lsaaci</strong></span> <span class='ocrx_word' id='word_1_26' title='bbox 1461 451 1605 514; x_wconf 77' lang='lat' dir='ltr'><strong>filiis,</strong></span> <span class='ocrx_word' id='word_1_27' title='bbox 1637 451 1728 519; x_wconf 91' lang='lat' dir='ltr'><strong>qui</strong></span> <span class='ocrx_word' id='word_1_28' title='bbox 1763 451 1892 503; x_wconf 91' lang='lat' dir='ltr'><strong>illuc</strong></span> <span class='ocrx_word' id='word_1_29' title='bbox 1920 466 1948 501; x_wconf 92' lang='lat' dir='ltr'><strong>a</strong></span> 
     </span>
    </p>
   </div>
   <div class='ocr_carea' id='block_1_7' title="bbox 373 539 1948 618">
    <p class='ocr_par' dir='ltr' id='par_1_7' title="bbox 373 539 1948 618">
     <span class='ocr_line' id='line_1_7' title="bbox 373 539 1948 618; baseline -0.009 -14"><span class='ocrx_word' id='word_1_30' title='bbox 373 551 448 603; x_wconf 80' lang='lat' dir='ltr'><strong>Pa</strong></span> <span class='ocrx_word' id='word_1_31' title='bbox 470 551 682 618; x_wconf 69' lang='lat' dir='ltr'><strong>teologo</strong></span> <span class='ocrx_word' id='word_1_32' title='bbox 724 549 790 601; x_wconf 89' lang='lat' dir='ltr'><strong>ad</strong></span> <span class='ocrx_word' id='word_1_33' title='bbox 825 546 1050 600; x_wconf 81' lang='lat' dir='ltr'><strong>insulam</strong></span> <span class='ocrx_word' id='word_1_34' title='bbox 1077 541 1474 612; x_wconf 90' lang='lat' dir='ltr'><strong>procurandam</strong></span> <span class='ocrx_word' id='word_1_35' title='bbox 1507 541 1657 594; x_wconf 85' lang='lat' dir='ltr'><strong>missi</strong></span> <span class='ocrx_word' id='word_1_36' title='bbox 1683 547 1859 599; x_wconf 64' lang='lat' dir='ltr'><strong>ciant,</strong></span> <span class='ocrx_word' id='word_1_37' title='bbox 1884 539 1948 590; x_wconf 90' lang='lat' dir='ltr'><strong>ad</strong></span> 
     </span>
    </p>
   </div>
   <div class='ocr_carea' id='block_1_8' title="bbox 373 615 1948 700">
    <p class='ocr_par' dir='ltr' id='par_1_8' title="bbox 373 615 1948 700">
     <span class='ocr_line' id='line_1_8' title="bbox 373 615 1948 700; baseline -0.011 -4"><span class='ocrx_word' id='word_1_38' title='bbox 373 658 522 696; x_wconf 67' lang='lat' dir='ltr'><strong>arma</strong></span> <span class='ocrx_word' id='word_1_39' title='bbox 554 657 648 696; x_wconf 90' lang='lat' dir='ltr'><strong>eos</strong></span> <span class='ocrx_word' id='word_1_40' title='bbox 703 638 1101 700; x_wconf 76' lang='lat' dir='ltr'><strong>revocantibus,</strong></span> <span class='ocrx_word' id='word_1_41' title='bbox 1127 633 1368 689; x_wconf 87' lang='lat' dir='ltr'><strong>universi</strong></span> <span class='ocrx_word' id='word_1_42' title='bbox 1401 631 1557 687; x_wconf 88' lang='lat' dir='ltr'><strong>simul</strong></span> <span class='ocrx_word' id='word_1_43' title='bbox 1593 646 1658 684; x_wconf 90' lang='lat' dir='ltr'><strong>ac</strong></span> <span class='ocrx_word' id='word_1_44' title='bbox 1700 615 1948 697; x_wconf 82' lang='lat' dir='ltr'><strong>despota,</strong></span> 
     </span>
    </p>
   </div>
   <div class='ocr_carea' id='block_1_9' title="bbox 375 713 1945 804">
    <p class='ocr_par' dir='ltr' id='par_1_9' title="bbox 375 713 1945 804">
     <span class='ocr_line' id='line_1_9' title="bbox 375 713 1945 804; baseline -0.008 -17"><span class='ocrx_word' id='word_1_45' title='bbox 375 741 575 804; x_wconf 71' lang='lat' dir='ltr'><strong>praeter</strong></span> <span class='ocrx_word' id='word_1_46' title='bbox 618 731 831 785; x_wconf 88' lang='lat' dir='ltr'><strong>unicam</strong></span> <span class='ocrx_word' id='word_1_47' title='bbox 884 730 1112 791; x_wconf 84' lang='lat' dir='ltr'><strong>urbem,</strong></span> <span class='ocrx_word' id='word_1_48' title='bbox 1171 713 1330 789; x_wconf 82' lang='lat' dir='ltr'><strong>cujus</strong></span> <span class='ocrx_word' id='word_1_49' title='bbox 1373 720 1696 794; x_wconf 67' lang='lat' dir='ltr'><strong>praesidiarii</strong></span> <span class='ocrx_word' id='word_1_50' title='bbox 1747 721 1945 774; x_wconf 75' lang='lat' dir='ltr'><strong>milites</strong></span> 
     </span>
    </p>
   </div>
   <div class='ocr_carea' id='block_1_10' title="bbox 378 813 1951 887">
    <p class='ocr_par' dir='ltr' id='par_1_10' title="bbox 378 813 1951 887">
     <span class='ocr_line' id='line_1_10' title="bbox 378 813 1951 887; baseline -0.01 -8"><span class='ocrx_word' id='word_1_51' title='bbox 378 841 562 879; x_wconf 84' lang='lat' dir='ltr'><strong>arcem</strong></span> <span class='ocrx_word' id='word_1_52' title='bbox 590 835 783 877; x_wconf 87' lang='lat' dir='ltr'><strong>natura</strong></span> <span class='ocrx_word' id='word_1_53' title='bbox 823 821 947 884; x_wconf 92' lang='lat' dir='ltr'><strong>loci,</strong></span> <span class='ocrx_word' id='word_1_54' title='bbox 996 828 1053 873; x_wconf 87' lang='lat' dir='ltr'><strong>et</strong></span> <span class='ocrx_word' id='word_1_55' title='bbox 1082 833 1248 887; x_wconf 89' lang='lat' dir='ltr'><strong>opere</strong></span> <span class='ocrx_word' id='word_1_56' title='bbox 1289 813 1762 885; x_wconf 80' lang='lat' dir='ltr'><strong>inexpugnabilem</strong></span> <span class='ocrx_word' id='word_1_57' title='bbox 1797 820 1951 865; x_wconf 86' lang='lat' dir='ltr'><strong>tene-</strong></span> 
     </span>
    </p>
   </div>
   <div class='ocr_carea' id='block_1_11' title="bbox 378 904 1957 977">
    <p class='ocr_par' dir='ltr' id='par_1_11' title="bbox 378 904 1957 977">
     <span class='ocr_line' id='line_1_11' title="bbox 378 904 1957 977; baseline -0.009 -8"><span class='ocrx_word' id='word_1_58' title='bbox 378 919 528 977; x_wconf 85' lang='lat' dir='ltr'><strong>bant,</strong></span> <span class='ocrx_word' id='word_1_59' title='bbox 576 913 914 968; x_wconf 79' lang='lat' dir='ltr'><strong>defecerunt.</strong></span> <span class='ocrx_word' id='word_1_60' title='bbox 953 909 1219 964; x_wconf 71' lang='lat' dir='ltr'><strong>Caeterum</strong></span> <span class='ocrx_word' id='word_1_61' title='bbox 1265 909 1488 976; x_wconf 81' lang='lat' dir='ltr'><strong>despota</strong></span> <span class='ocrx_word' id='word_1_62' title='bbox 1538 905 1649 959; x_wconf 91' lang='lat' dir='ltr'><strong>suis</strong></span> <span class='ocrx_word' id='word_1_63' title='bbox 1694 904 1957 957; x_wconf 76' lang='lat' dir='ltr'><strong>duntaxat</strong></span> 
     </span>
    </p>
   </div>
   <div class='ocr_carea' id='block_1_12' title="bbox 375 992 1956 1072">
    <p class='ocr_par' dir='ltr' id='par_1_12' title="bbox 375 992 1956 1072">
     <span class='ocr_line' id='line_1_12' title="bbox 375 992 1956 1072; baseline -0.008 -14"><span class='ocrx_word' id='word_1_64' title='bbox 375 1004 604 1072; x_wconf 79' lang='lat' dir='ltr'><strong>eoplolis</strong></span> <span class='ocrx_word' id='word_1_65' title='bbox 656 1009 710 1055; x_wconf 92' lang='lat' dir='ltr'><strong>et</strong></span> <span class='ocrx_word' id='word_1_66' title='bbox 737 1003 905 1054; x_wconf 91' lang='lat' dir='ltr'><strong>armis</strong></span> <span class='ocrx_word' id='word_1_67' title='bbox 939 999 1121 1053; x_wconf 88' lang='lat' dir='ltr'><strong>denuo</strong></span> <span class='ocrx_word' id='word_1_68' title='bbox 1170 994 1483 1066; x_wconf 79' lang='lat' dir='ltr'><strong>subjugavit</strong></span> <span class='ocrx_word' id='word_1_69' title='bbox 1517 1008 1729 1046; x_wconf 88' lang='lat' dir='ltr'><strong>omnes.</strong></span> <span class='ocrx_word' id='word_1_70' title='bbox 1759 993 1834 1044; x_wconf 78' lang='lat' dir='ltr'><strong>Ex</strong></span> <span class='ocrx_word' id='word_1_71' title='bbox 1863 992 1956 1046; x_wconf 92' lang='lat' dir='ltr'><strong>illo</strong></span> 
     </span>
    </p>
   </div>
   <div class='ocr_carea' id='block_1_13' title="bbox 378 1079 1956 1156">
    <p class='ocr_par' dir='ltr' id='par_1_13' title="bbox 378 1079 1956 1156">
     <span class='ocr_line' id='line_1_13' title="bbox 378 1079 1956 1156; baseline -0.009 -10"><span class='ocrx_word' id='word_1_72' title='bbox 378 1094 577 1147; x_wconf 86' lang='lat' dir='ltr'><strong>bellum</strong></span> <span class='ocrx_word' id='word_1_73' title='bbox 621 1091 884 1143; x_wconf 88' lang='lat' dir='ltr'><strong>adversus</strong></span> <span class='ocrx_word' id='word_1_74' title='bbox 924 1103 1051 1141; x_wconf 91' lang='lat' dir='ltr'><strong>eum</strong></span> <span class='ocrx_word' id='word_1_75' title='bbox 1110 1085 1329 1156; x_wconf 83' lang='lat' dir='ltr'><strong>penitus</strong></span> <span class='ocrx_word' id='word_1_76' title='bbox 1361 1084 1546 1138; x_wconf 87' lang='lat' dir='ltr'><strong>valere</strong></span> <span class='ocrx_word' id='word_1_77' title='bbox 1588 1081 1864 1151; x_wconf 91' lang='lat' dir='ltr'><strong>jubentes,</strong></span> <span class='ocrx_word' id='word_1_78' title='bbox 1889 1079 1956 1133; x_wconf 86' lang='lat' dir='ltr'><strong>ad</strong></span> 
     </span>
    </p>
   </div>
   <div class='ocr_carea' id='block_1_14' title="bbox 377 1171 1958 1250">
    <p class='ocr_par' dir='ltr' id='par_1_14' title="bbox 377 1171 1958 1250">
     <span class='ocr_line' id='line_1_14' title="bbox 377 1171 1958 1250; baseline -0.009 -14"><span class='ocrx_word' id='word_1_79' title='bbox 377 1198 561 1250; x_wconf 86' lang='lat' dir='ltr'><strong>pacem</strong></span> <span class='ocrx_word' id='word_1_80' title='bbox 598 1182 888 1250; x_wconf 86' lang='lat' dir='ltr'><strong>ipsumque</strong></span> <span class='ocrx_word' id='word_1_81' title='bbox 919 1178 1210 1232; x_wconf 85' lang='lat' dir='ltr'><strong>colendum</strong></span> <span class='ocrx_word' id='word_1_82' title='bbox 1235 1191 1293 1230; x_wconf 85' lang='lat' dir='ltr'><strong>se</strong></span> <span class='ocrx_word' id='word_1_83' title='bbox 1322 1174 1614 1238; x_wconf 85' lang='lat' dir='ltr'><strong>dederunt,</strong></span> <span class='ocrx_word' id='word_1_84' title='bbox 1641 1171 1958 1240; x_wconf 89' lang='lat' dir='ltr'><strong>plurimum—</strong></span> 
     </span>
    </p>
   </div>
   <div class='ocr_carea' id='block_1_15' title="bbox 376 1258 1958 1338">
    <p class='ocr_par' dir='ltr' id='par_1_15' title="bbox 376 1258 1958 1338">
     <span class='ocr_line' id='line_1_15' title="bbox 376 1258 1958 1338; baseline -0.009 -11"><span class='ocrx_word' id='word_1_85' title='bbox 376 1289 483 1338; x_wconf 89' lang='lat' dir='ltr'><strong>que</strong></span> <span class='ocrx_word' id='word_1_86' title='bbox 524 1273 650 1326; x_wconf 87' lang='lat' dir='ltr'><strong>inde</strong></span> <span class='ocrx_word' id='word_1_87' title='bbox 699 1267 1059 1324; x_wconf 79' lang='lat' dir='ltr'><strong>emolumenti</strong></span> <span class='ocrx_word' id='word_1_88' title='bbox 1103 1273 1432 1330; x_wconf 82' lang='lat' dir='ltr'><strong>senserunt;</strong></span> <span class='ocrx_word' id='word_1_89' title='bbox 1465 1263 1682 1332; x_wconf 82' lang='lat' dir='ltr'><strong>quando</strong></span> <span class='ocrx_word' id='word_1_90' title='bbox 1727 1269 1784 1314; x_wconf 91' lang='lat' dir='ltr'><strong>et</strong></span> <span class='ocrx_word' id='word_1_91' title='bbox 1813 1258 1958 1314; x_wconf 84' lang='lat' dir='ltr'><strong>arvis</strong></span> 
     </span>
    </p>
   </div>
   <div class='ocr_carea' id='block_1_16' title="bbox 381 1353 1960 1432">
    <p class='ocr_par' dir='ltr' id='par_1_16' title="bbox 381 1353 1960 1432">
     <span class='ocr_line' id='line_1_16' title="bbox 381 1353 1960 1432; baseline -0.006 -16"><span class='ocrx_word' id='word_1_92' title='bbox 381 1365 673 1432; x_wconf 85' lang='lat' dir='ltr'><strong>imperare,</strong></span> <span class='ocrx_word' id='word_1_93' title='bbox 725 1370 780 1414; x_wconf 91' lang='lat' dir='ltr'><strong>et</strong></span> <span class='ocrx_word' id='word_1_94' title='bbox 815 1359 1130 1429; x_wconf 85' lang='lat' dir='ltr'><strong>pecuariam</strong></span> <span class='ocrx_word' id='word_1_95' title='bbox 1163 1358 1362 1421; x_wconf 83' lang='lat' dir='ltr'><strong>facere,</strong></span> <span class='ocrx_word' id='word_1_96' title='bbox 1407 1364 1461 1411; x_wconf 88' lang='lat' dir='ltr'><strong>ct</strong></span> <span class='ocrx_word' id='word_1_97' title='bbox 1493 1353 1870 1425; x_wconf 86' lang='lat' dir='ltr'><strong>possessiones</strong></span> <span class='ocrx_word' id='word_1_98' title='bbox 1896 1366 1960 1406; x_wconf 91' lang='lat' dir='ltr'><strong>ac</strong></span> 
     </span>
    </p>
   </div>
   <div class='ocr_carea' id='block_1_17' title="bbox 380 1445 1960 1520">
    <p class='ocr_par' dir='ltr' id='par_1_17' title="bbox 380 1445 1960 1520">
     <span class='ocr_line' id='line_1_17' title="bbox 380 1445 1960 1520; baseline -0.008 -12"><span class='ocrx_word' id='word_1_99' title='bbox 380 1455 582 1508; x_wconf 79' lang='lat' dir='ltr'><strong>ftmdos</strong></span> <span class='ocrx_word' id='word_1_100' title='bbox 614 1451 816 1506; x_wconf 91' lang='lat' dir='ltr'><strong>multos</strong></span> <span class='ocrx_word' id='word_1_101' title='bbox 845 1451 1126 1520; x_wconf 87' lang='lat' dir='ltr'><strong>acquirere</strong></span> <span class='ocrx_word' id='word_1_102' title='bbox 1149 1449 1367 1515; x_wconf 86' lang='lat' dir='ltr'><strong>licebat,</strong></span> <span class='ocrx_word' id='word_1_103' title='bbox 1396 1463 1518 1501; x_wconf 90' lang='lat' dir='ltr'><strong>cum</strong></span> <span class='ocrx_word' id='word_1_104' title='bbox 1551 1447 1704 1515; x_wconf 79' lang='lat' dir='ltr'><strong>prius</strong></span> <span class='ocrx_word' id='word_1_105' title='bbox 1732 1445 1960 1513; x_wconf 89' lang='lat' dir='ltr'><strong>despota</strong></span> 
     </span>
    </p>
   </div>
   <div class='ocr_carea' id='block_1_18' title="bbox 382 1539 1960 1614">
    <p class='ocr_par' dir='ltr' id='par_1_18' title="bbox 382 1539 1960 1614">
     <span class='ocr_line' id='line_1_18' title="bbox 382 1539 1960 1614; baseline -0.005 -15"><span class='ocrx_word' id='word_1_106' title='bbox 382 1548 734 1608; x_wconf 75' lang='lat' dir='ltr'><strong>adveniente.</strong></span> <span class='ocrx_word' id='word_1_107' title='bbox 786 1554 983 1614; x_wconf 88' lang='lat' dir='ltr'><strong>praeter</strong></span> <span class='ocrx_word' id='word_1_108' title='bbox 1037 1544 1220 1606; x_wconf 89' lang='lat' dir='ltr'><strong>urbes,</strong></span> <span class='ocrx_word' id='word_1_109' title='bbox 1255 1552 1308 1596; x_wconf 88' lang='lat' dir='ltr'><strong>et</strong></span> <span class='ocrx_word' id='word_1_110' title='bbox 1349 1542 1448 1596; x_wconf 87' lang='lat' dir='ltr'><strong>has</strong></span> <span class='ocrx_word' id='word_1_111' title='bbox 1485 1539 1849 1596; x_wconf 80' lang='lat' dir='ltr'><strong>seditionibus</strong></span> <span class='ocrx_word' id='word_1_112' title='bbox 1897 1549 1960 1592; x_wconf 88' lang='lat' dir='ltr'><strong>ac</strong></span> 
     </span>
    </p>
   </div>
   <div class='ocr_carea' id='block_1_19' title="bbox 380 1629 1960 1704">
    <p class='ocr_par' dir='ltr' id='par_1_19' title="bbox 380 1629 1960 1704">
     <span class='ocr_line' id='line_1_19' title="bbox 380 1629 1960 1704; baseline -0.005 -14"><span class='ocrx_word' id='word_1_113' title='bbox 380 1637 667 1691; x_wconf 79' lang='lat' dir='ltr'><strong>discordiis</strong></span> <span class='ocrx_word' id='word_1_114' title='bbox 702 1636 973 1689; x_wconf 80' lang='lat' dir='ltr'><strong>intestinis</strong></span> <span class='ocrx_word' id='word_1_115' title='bbox 1015 1648 1186 1704; x_wconf 72' lang='lat' dir='ltr'><strong>aegras</strong></span> <span class='ocrx_word' id='word_1_116' title='bbox 1220 1649 1282 1688; x_wconf 90' lang='lat' dir='ltr'><strong>ac</strong></span> <span class='ocrx_word' id='word_1_117' title='bbox 1320 1633 1614 1700; x_wconf 82' lang='lat' dir='ltr'><strong>depositas,</strong></span> <span class='ocrx_word' id='word_1_118' title='bbox 1652 1630 1790 1685; x_wconf 91' lang='lat' dir='ltr'><strong>nihil</strong></span> <span class='ocrx_word' id='word_1_119' title='bbox 1825 1629 1960 1683; x_wconf 78' lang='lat' dir='ltr'><strong>fuis-</strong></span> 
     </span>
    </p>
   </div>
   <div class='ocr_carea' id='block_1_20' title="bbox 382 1721 1954 1795">
    <p class='ocr_par' dir='ltr' id='par_1_20' title="bbox 382 1721 1954 1795">
     <span class='ocr_line' id='line_1_20' title="bbox 382 1721 1954 1795; baseline -0.006 -13"><span class='ocrx_word' id='word_1_120' title='bbox 382 1737 485 1782; x_wconf 88' lang='lat' dir='ltr'><strong>set.</strong></span> <span class='ocrx_word' id='word_1_121' title='bbox 527 1727 703 1781; x_wconf 84' lang='lat' dir='ltr'><strong>Latini</strong></span> <span class='ocrx_word' id='word_1_122' title='bbox 748 1742 878 1781; x_wconf 90' lang='lat' dir='ltr'><strong>vero</strong></span> <span class='ocrx_word' id='word_1_123' title='bbox 909 1727 1148 1795; x_wconf 87' lang='lat' dir='ltr'><strong>principi</strong></span> <span class='ocrx_word' id='word_1_124' title='bbox 1182 1725 1439 1793; x_wconf 79' lang='lat' dir='ltr'><strong>subjecti,</strong></span> <span class='ocrx_word' id='word_1_125' title='bbox 1471 1724 1702 1794; x_wconf 91' lang='lat' dir='ltr'><strong>primum</strong></span> <span class='ocrx_word' id='word_1_126' title='bbox 1734 1721 1954 1790; x_wconf 86' lang='lat' dir='ltr'><strong>quidem</strong></span> 
     </span>
    </p>
   </div>
   <div class='ocr_carea' id='block_1_21' title="bbox 383 1812 1958 1886">
    <p class='ocr_par' dir='ltr' id='par_1_21' title="bbox 383 1812 1958 1886">
     <span class='ocr_line' id='line_1_21' title="bbox 383 1812 1958 1886; baseline -0.006 -15"><span class='ocrx_word' id='word_1_127' title='bbox 383 1828 439 1871; x_wconf 87' lang='lat' dir='ltr'><strong>et</strong></span> <span class='ocrx_word' id='word_1_128' title='bbox 483 1818 584 1886; x_wconf 88' lang='lat' dir='ltr'><strong>ipsi</strong></span> <span class='ocrx_word' id='word_1_129' title='bbox 631 1817 910 1885; x_wconf 79' lang='lat' dir='ltr'><strong>despotam</strong></span> <span class='ocrx_word' id='word_1_130' title='bbox 957 1816 1126 1870; x_wconf 86' lang='lat' dir='ltr'><strong>armis</strong></span> <span class='ocrx_word' id='word_1_131' title='bbox 1189 1813 1406 1885; x_wconf 80' lang='lat' dir='ltr'><strong>aggredi</strong></span> <span class='ocrx_word' id='word_1_132' title='bbox 1453 1812 1874 1874; x_wconf 78' lang='lat' dir='ltr'><strong>constituerant,</strong></span> <span class='ocrx_word' id='word_1_133' title='bbox 1905 1815 1958 1862; x_wconf 86' lang='lat' dir='ltr'><strong>et</strong></span> 
     </span>
    </p>
   </div>
   <div class='ocr_carea' id='block_1_22' title="bbox 385 1900 1957 1977">
    <p class='ocr_par' dir='ltr' id='par_1_22' title="bbox 385 1900 1957 1977">
     <span class='ocr_line' id='line_1_22' title="bbox 385 1900 1957 1977; baseline -0.006 -15"><span class='ocrx_word' id='word_1_134' title='bbox 385 1910 647 1963; x_wconf 81' lang='lat' dir='ltr'><strong>infestare</strong></span> <span class='ocrx_word' id='word_1_135' title='bbox 703 1909 886 1971; x_wconf 84' lang='lat' dir='ltr'><strong>urbes,</strong></span> <span class='ocrx_word' id='word_1_136' title='bbox 923 1908 1066 1977; x_wconf 90' lang='lat' dir='ltr'><strong>quod</strong></span> <span class='ocrx_word' id='word_1_137' title='bbox 1117 1922 1218 1961; x_wconf 90' lang='lat' dir='ltr'><strong>nec</strong></span> <span class='ocrx_word' id='word_1_138' title='bbox 1248 1914 1375 1960; x_wconf 87' lang='lat' dir='ltr'><strong>ante</strong></span> <span class='ocrx_word' id='word_1_139' title='bbox 1406 1904 1725 1960; x_wconf 90' lang='lat' dir='ltr'><strong>omiserant.</strong></span> <span class='ocrx_word' id='word_1_140' title='bbox 1759 1900 1957 1956; x_wconf 84' lang='lat' dir='ltr'><strong>Verum</strong></span> 
     </span>
    </p>
   </div>
   <div class='ocr_carea' id='block_1_23' title="bbox 386 1992 1958 2069">
    <p class='ocr_par' dir='ltr' id='par_1_23' title="bbox 386 1992 1958 2069">
     <span class='ocr_line' id='line_1_23' title="bbox 386 1992 1958 2069; baseline -0.008 -13"><span class='ocrx_word' id='word_1_141' title='bbox 386 2011 498 2056; x_wconf 88' lang='lat' dir='ltr'><strong>tota</strong></span> <span class='ocrx_word' id='word_1_142' title='bbox 529 2000 757 2056; x_wconf 85' lang='lat' dir='ltr'><strong>audacia</strong></span> <span class='ocrx_word' id='word_1_143' title='bbox 794 2002 944 2055; x_wconf 86' lang='lat' dir='ltr'><strong>brevi</strong></span> <span class='ocrx_word' id='word_1_144' title='bbox 974 2011 1219 2069; x_wconf 81' lang='lat' dir='ltr'><strong>tempore</strong></span> <span class='ocrx_word' id='word_1_145' title='bbox 1256 2013 1417 2052; x_wconf 89' lang='lat' dir='ltr'><strong>secus</strong></span> <span class='ocrx_word' id='word_1_146' title='bbox 1445 1998 1644 2059; x_wconf 82' lang='lat' dir='ltr'><strong>cessit;</strong></span> <span class='ocrx_word' id='word_1_147' title='bbox 1680 1993 1782 2063; x_wconf 88' lang='lat' dir='ltr'><strong>ipsi</strong></span> <span class='ocrx_word' id='word_1_148' title='bbox 1813 1992 1958 2046; x_wconf 91' lang='lat' dir='ltr'><strong>enim</strong></span> 
     </span>
    </p>
   </div>
   <div class='ocr_carea' id='block_1_24' title="bbox 386 2085 1959 2163">
    <p class='ocr_par' dir='ltr' id='par_1_24' title="bbox 386 2085 1959 2163">
     <span class='ocr_line' id='line_1_24' title="bbox 386 2085 1959 2163; baseline -0.008 -16"><span class='ocrx_word' id='word_1_149' title='bbox 386 2095 526 2149; x_wconf 88' lang='lat' dir='ltr'><strong>bello</strong></span> <span class='ocrx_word' id='word_1_150' title='bbox 583 2094 762 2163; x_wconf 87' lang='lat' dir='ltr'><strong>potius</strong></span> <span class='ocrx_word' id='word_1_151' title='bbox 818 2092 1000 2147; x_wconf 81' lang='lat' dir='ltr'><strong>amicti</strong></span> <span class='ocrx_word' id='word_1_152' title='bbox 1052 2101 1178 2145; x_wconf 85' lang='lat' dir='ltr'><strong>sunt</strong></span> <span class='ocrx_word' id='word_1_153' title='bbox 1233 2090 1605 2144; x_wconf 84' lang='lat' dir='ltr'><strong>vehementer.</strong></span> <span class='ocrx_word' id='word_1_154' title='bbox 1643 2085 1809 2150; x_wconf 82' lang='lat' dir='ltr'><strong>.Quod</strong></span> <span class='ocrx_word' id='word_1_155' title='bbox 1837 2098 1959 2138; x_wconf 89' lang='lat' dir='ltr'><strong>cum</strong></span> 
     </span>
    </p>
   </div>
   <div class='ocr_carea' id='block_1_25' title="bbox 390 2177 1964 2255">
    <p class='ocr_par' dir='ltr' id='par_1_25' title="bbox 390 2177 1964 2255">
     <span class='ocr_line' id='line_1_25' title="bbox 390 2177 1964 2255; baseline -0.003 -18"><span class='ocrx_word' id='word_1_156' title='bbox 390 2186 780 2255; x_wconf 71' lang='lat' dir='ltr'><strong>intelligerent,</strong></span> <span class='ocrx_word' id='word_1_157' title='bbox 842 2200 938 2254; x_wconf 90' lang='lat' dir='ltr'><strong>per</strong></span> <span class='ocrx_word' id='word_1_158' title='bbox 980 2185 1184 2251; x_wconf 78' lang='lat' dir='ltr'><strong>legatos</strong></span> <span class='ocrx_word' id='word_1_159' title='bbox 1222 2182 1418 2236; x_wconf 85' lang='lat' dir='ltr'><strong>obnixe</strong></span> <span class='ocrx_word' id='word_1_160' title='bbox 1465 2187 1771 2250; x_wconf 88' lang='lat' dir='ltr'><strong>precantes,</strong></span> <span class='ocrx_word' id='word_1_161' title='bbox 1801 2193 1829 2232; x_wconf 88' lang='lat' dir='ltr'><strong>a</strong></span> <span class='ocrx_word' id='word_1_162' title='bbox 1871 2177 1964 2232; x_wconf 82' lang='lat' dir='ltr'><strong>de-</strong></span> 
     </span>
    </p>
   </div>
   <div class='ocr_carea' id='block_1_26' title="bbox 389 2260 1962 2343">
    <p class='ocr_par' dir='ltr' id='par_1_26' title="bbox 389 2260 1962 2343">
     <span class='ocr_line' id='line_1_26' title="bbox 389 2260 1962 2343; baseline -0.005 -16"><span class='ocrx_word' id='word_1_163' title='bbox 389 2286 542 2343; x_wconf 79' lang='lat' dir='ltr'><strong>Spota</strong></span> <span class='ocrx_word' id='word_1_164' title='bbox 566 2276 714 2343; x_wconf 85' lang='lat' dir='ltr'><strong>pacis</strong></span> <span class='ocrx_word' id='word_1_165' title='bbox 743 2273 917 2327; x_wconf 65' lang='lat' dir='ltr'><strong>rendus</strong></span> <span class='ocrx_word' id='word_1_166' title='bbox 943 2260 1330 2342; x_wconf 83' lang='lat' dir='ltr'><strong>impetrarunt,</strong></span> <span class='ocrx_word' id='word_1_167' title='bbox 1352 2277 1408 2322; x_wconf 91' lang='lat' dir='ltr'><strong>ut</strong></span> <span class='ocrx_word' id='word_1_168' title='bbox 1433 2268 1485 2322; x_wconf 90' lang='lat' dir='ltr'><strong>in</strong></span> <span class='ocrx_word' id='word_1_169' title='bbox 1515 2269 1719 2322; x_wconf 89' lang='lat' dir='ltr'><strong>ditionc</strong></span> <span class='ocrx_word' id='word_1_170' title='bbox 1743 2266 1962 2336; x_wconf 86' lang='lat' dir='ltr'><strong>quidem</strong></span> 
     </span>
    </p>
   </div>
   <div class='ocr_carea' id='block_1_27' title="bbox 384 2356 1963 2436">
    <p class='ocr_par' dir='ltr' id='par_1_27' title="bbox 384 2356 1963 2436">
     <span class='ocr_line' id='line_1_27' title="bbox 384 2356 1963 2436; baseline -0.007 -15"><span class='ocrx_word' id='word_1_171' title='bbox 384 2383 448 2421; x_wconf 90' lang='lat' dir='ltr'><strong>ac</strong></span> <span class='ocrx_word' id='word_1_172' title='bbox 491 2376 755 2436; x_wconf 73' lang='lat' dir='ltr'><strong>potestate</strong></span> <span class='ocrx_word' id='word_1_173' title='bbox 786 2365 1065 2435; x_wconf 89' lang='lat' dir='ltr'><strong>principis,</strong></span> <span class='ocrx_word' id='word_1_174' title='bbox 1104 2363 1277 2432; x_wconf 91' lang='lat' dir='ltr'><strong>ipsius</strong></span> <span class='ocrx_word' id='word_1_175' title='bbox 1322 2370 1504 2416; x_wconf 89' lang='lat' dir='ltr'><strong>autem</strong></span> <span class='ocrx_word' id='word_1_176' title='bbox 1544 2359 1705 2413; x_wconf 86' lang='lat' dir='ltr'><strong>amici</strong></span> <span class='ocrx_word' id='word_1_177' title='bbox 1739 2374 1801 2414; x_wconf 91' lang='lat' dir='ltr'><strong>ac</strong></span> <span class='ocrx_word' id='word_1_178' title='bbox 1828 2356 1963 2413; x_wconf 92' lang='lat' dir='ltr'><strong>socii</strong></span> 
     </span>
    </p>
   </div>
   <div class='ocr_carea' id='block_1_28' title="bbox 389 2448 1967 2522">
    <p class='ocr_par' dir='ltr' id='par_1_28' title="bbox 389 2448 1967 2522">
     <span class='ocr_line' id='line_1_28' title="bbox 389 2448 1967 2522; baseline -0.006 -13"><span class='ocrx_word' id='word_1_179' title='bbox 389 2466 606 2517; x_wconf 81' lang='lat' dir='ltr'><strong>essent;</strong></span> <span class='ocrx_word' id='word_1_180' title='bbox 636 2453 807 2508; x_wconf 88' lang='lat' dir='ltr'><strong>sicubi</strong></span> <span class='ocrx_word' id='word_1_181' title='bbox 837 2470 1026 2509; x_wconf 90' lang='lat' dir='ltr'><strong>eorum</strong></span> <span class='ocrx_word' id='word_1_182' title='bbox 1059 2468 1279 2522; x_wconf 89' lang='lat' dir='ltr'><strong>operam</strong></span> <span class='ocrx_word' id='word_1_183' title='bbox 1320 2451 1374 2504; x_wconf 86' lang='lat' dir='ltr'><strong>in</strong></span> <span class='ocrx_word' id='word_1_184' title='bbox 1409 2450 1584 2505; x_wconf 91' lang='lat' dir='ltr'><strong>insula</strong></span> <span class='ocrx_word' id='word_1_185' title='bbox 1619 2457 1675 2504; x_wconf 90' lang='lat' dir='ltr'><strong>et</strong></span> <span class='ocrx_word' id='word_1_186' title='bbox 1698 2460 1850 2503; x_wconf 85' lang='lat' dir='ltr'><strong>extra</strong></span> <span class='ocrx_word' id='word_1_187' title='bbox 1881 2448 1967 2500; x_wconf 91' lang='lat' dir='ltr'><strong>in-</strong></span> 
     </span>
    </p>
   </div>
   <div class='ocr_carea' id='block_1_29' title="bbox 391 2536 1967 2614">
    <p class='ocr_par' dir='ltr' id='par_1_29' title="bbox 391 2536 1967 2614">
     <span class='ocr_line' id='line_1_29' title="bbox 391 2536 1967 2614; baseline -0.007 -15"><span class='ocrx_word' id='word_1_188' title='bbox 391 2547 564 2599; x_wconf 82' lang='lat' dir='ltr'><strong>sulam</strong></span> <span class='ocrx_word' id='word_1_189' title='bbox 593 2547 914 2612; x_wconf 79' lang='lat' dir='ltr'><strong>requireret,</strong></span> <span class='ocrx_word' id='word_1_190' title='bbox 935 2551 1186 2612; x_wconf 85' lang='lat' dir='ltr'><strong>prompte</strong></span> <span class='ocrx_word' id='word_1_191' title='bbox 1217 2542 1366 2594; x_wconf 87' lang='lat' dir='ltr'><strong>illum</strong></span> <span class='ocrx_word' id='word_1_192' title='bbox 1390 2539 1804 2614; x_wconf 85' lang='lat' dir='ltr'><strong>suisstipcndiis</strong></span> <span class='ocrx_word' id='word_1_193' title='bbox 1823 2536 1967 2590; x_wconf 79' lang='lat' dir='ltr'><strong>mili—</strong></span> 
     </span>
    </p>
   </div>
   <div class='ocr_carea' id='block_1_30' title="bbox 393 2627 1969 2704">
    <p class='ocr_par' dir='ltr' id='par_1_30' title="bbox 393 2627 1969 2704">
     <span class='ocr_line' id='line_1_30' title="bbox 393 2627 1969 2704; baseline -0.006 -13"><span class='ocrx_word' id='word_1_194' title='bbox 393 2647 573 2691; x_wconf 82' lang='lat' dir='ltr'><strong>tantes</strong></span> <span class='ocrx_word' id='word_1_195' title='bbox 609 2636 949 2704; x_wconf 87' lang='lat' dir='ltr'><strong>adjuvarent.</strong></span> <span class='ocrx_word' id='word_1_196' title='bbox 983 2633 1120 2687; x_wconf 81' lang='lat' dir='ltr'><strong>llinc</strong></span> <span class='ocrx_word' id='word_1_197' title='bbox 1169 2641 1225 2686; x_wconf 87' lang='lat' dir='ltr'><strong>et</strong></span> <span class='ocrx_word' id='word_1_198' title='bbox 1255 2639 1440 2685; x_wconf 87' lang='lat' dir='ltr'><strong>contra</strong></span> <span class='ocrx_word' id='word_1_199' title='bbox 1470 2629 1662 2688; x_wconf 76' lang='lat' dir='ltr'><strong>Persas</strong></span> <span class='ocrx_word' id='word_1_200' title='bbox 1684 2627 1969 2699; x_wconf 69' lang='lat' dir='ltr'><strong>praedones</strong></span> 
     </span>
    </p>
   </div>
   <div class='ocr_carea' id='block_1_31' title="bbox 391 2719 1970 2798">
    <p class='ocr_par' dir='ltr' id='par_1_31' title="bbox 391 2719 1970 2798">
     <span class='ocr_line' id='line_1_31' title="bbox 391 2719 1970 2798; baseline -0.009 -14"><span class='ocrx_word' id='word_1_201' title='bbox 391 2729 590 2798; x_wconf 70' lang='lat' dir='ltr'><strong>sacpius</strong></span> <span class='ocrx_word' id='word_1_202' title='bbox 617 2728 666 2781; x_wconf 91' lang='lat' dir='ltr'><strong>ei</strong></span> <span class='ocrx_word' id='word_1_203' title='bbox 694 2743 797 2780; x_wconf 78' lang='lat' dir='ltr'><strong>anx</strong></span> <span class='ocrx_word' id='word_1_204' title='bbox 824 2727 954 2780; x_wconf 84' lang='lat' dir='ltr'><strong>lium</strong></span> <span class='ocrx_word' id='word_1_205' title='bbox 981 2725 1251 2786; x_wconf 85' lang='lat' dir='ltr'><strong>tulerunt,</strong></span> <span class='ocrx_word' id='word_1_206' title='bbox 1285 2719 1570 2790; x_wconf 87' lang='lat' dir='ltr'><strong>multaque</strong></span> <span class='ocrx_word' id='word_1_207' title='bbox 1604 2735 1726 2774; x_wconf 91' lang='lat' dir='ltr'><strong>cum</strong></span> <span class='ocrx_word' id='word_1_208' title='bbox 1755 2733 1820 2773; x_wconf 90' lang='lat' dir='ltr'><strong>eo</strong></span> <span class='ocrx_word' id='word_1_209' title='bbox 1840 2734 1970 2772; x_wconf 90' lang='lat' dir='ltr'><strong>con-</strong></span> 
     </span>
    </p>
   </div>
   <div class='ocr_carea' id='block_1_32' title="bbox 402 2809 1968 2886">
    <p class='ocr_par' dir='ltr' id='par_1_32' title="bbox 402 2809 1968 2886">
     <span class='ocr_line' id='line_1_32' title="bbox 402 2809 1968 2886; baseline -0.007 -13"><span class='ocrx_word' id='word_1_210' title='bbox 402 2829 484 2873; x_wconf 87' lang='lat' dir='ltr'><strong>tra</strong></span> <span class='ocrx_word' id='word_1_211' title='bbox 535 2819 798 2872; x_wconf 83' lang='lat' dir='ltr'><strong>Barbaros</strong></span> <span class='ocrx_word' id='word_1_212' title='bbox 847 2825 1047 2886; x_wconf 65' lang='lat' dir='ltr'><strong>tropxa</strong></span> <span class='ocrx_word' id='word_1_213' title='bbox 1107 2822 1418 2868; x_wconf 84' lang='lat' dir='ltr'><strong>statuerunt</strong></span> <span class='ocrx_word' id='word_1_214' title='bbox 1450 2829 1463 2866; x_wconf 90' lang='lat'><strong>:</strong></span> <span class='ocrx_word' id='word_1_215' title='bbox 1497 2820 1549 2866; x_wconf 86' lang='lat' dir='ltr'><strong>ct</strong></span> <span class='ocrx_word' id='word_1_216' title='bbox 1605 2811 1658 2864; x_wconf 87' lang='lat' dir='ltr'><strong>in</strong></span> <span class='ocrx_word' id='word_1_217' title='bbox 1706 2809 1968 2863; x_wconf 75' lang='lat' dir='ltr'><strong>Bmotiam</strong></span> 
     </span>
    </p>
   </div>
   <div class='ocr_carea' id='block_1_33' title="bbox 393 2899 1967 2977">
    <p class='ocr_par' dir='ltr' id='par_1_33' title="bbox 393 2899 1967 2977">
     <span class='ocr_line' id='line_1_33' title="bbox 393 2899 1967 2977; baseline -0.009 -12"><span class='ocrx_word' id='word_1_218' title='bbox 393 2917 594 2965; x_wconf 79' lang='lat' dir='ltr'><strong>eontra</strong></span> <span class='ocrx_word' id='word_1_219' title='bbox 636 2908 926 2977; x_wconf 87' lang='lat' dir='ltr'><strong>quemdam</strong></span> <span class='ocrx_word' id='word_1_220' title='bbox 956 2921 986 2960; x_wconf 90' lang='lat' dir='ltr'><strong>e</strong></span> <span class='ocrx_word' id='word_1_221' title='bbox 1036 2904 1238 2958; x_wconf 77' lang='lat' dir='ltr'><strong>Latinis</strong></span> <span class='ocrx_word' id='word_1_222' title='bbox 1285 2903 1590 2973; x_wconf 85' lang='lat' dir='ltr'><strong>dynastant,</strong></span> <span class='ocrx_word' id='word_1_223' title='bbox 1641 2899 1967 2954; x_wconf 69' lang='lat' dir='ltr'><strong>liuntzcrcm</strong></span> 
     </span>
    </p>
   </div>
   <div class='ocr_carea' id='block_1_34' title="bbox 2053 445 3622 520">
    <p class='ocr_par' dir='ltr' id='par_1_34' title="bbox 2053 445 3622 520">
     <span class='ocr_line' id='line_1_34' title="bbox 2053 445 3622 520; baseline -0.003 -16"><span class='ocrx_word' id='word_1_224' title='bbox 2053 453 2148 504; x_wconf 84' lang='grc' dir='ltr'><strong>τοῦ</strong></span> <span class='ocrx_word' id='word_1_225' title='bbox 2195 451 2329 520; x_wconf 74' lang='grc' dir='ltr'><strong>πρὸς</strong></span> <span class='ocrx_word' id='word_1_226' title='bbox 2360 449 2625 518; x_wconf 72' lang='grc' dir='ltr'><strong>ἀλλήλους</strong></span> <span class='ocrx_word' id='word_1_227' title='bbox 2661 447 2717 500; x_wconf 85' lang='grc' dir='ltr'><strong>δὲ</strong></span> <span class='ocrx_word' id='word_1_228' title='bbox 2743 447 2852 508; x_wconf 76' lang='grc' dir='ltr'><strong>τῶν</strong></span> <span class='ocrx_word' id='word_1_229' title='bbox 2881 445 3149 515; x_wconf 86' lang='grc' dir='ltr'><strong>βασιλέων</strong></span> <span class='ocrx_word' id='word_1_230' title='bbox 3175 445 3330 508; x_wconf 77' lang='grc' dir='ltr'><strong>αὖθις</strong></span> <span class='ocrx_word' id='word_1_231' title='bbox 3383 446 3622 514; x_wconf 81' lang='grc' dir='ltr'><strong>πολέμου</strong></span> 
     </span>
    </p>
   </div>
   <div class='ocr_carea' id='block_1_35' title="bbox 2053 535 3626 612">
    <p class='ocr_par' dir='ltr' id='par_1_35' title="bbox 2053 535 3626 612">
     <span class='ocr_line' id='line_1_35' title="bbox 2053 535 3626 612; baseline -0.005 -17"><span class='ocrx_word' id='word_1_232' title='bbox 2053 539 2561 612; x_wconf 81' lang='grc' dir='ltr'><strong>ἁναρῤιπισθέντος,</strong></span> <span class='ocrx_word' id='word_1_233' title='bbox 2588 539 2684 592; x_wconf 76' lang='grc' dir='ltr'><strong>καὶ</strong></span> <span class='ocrx_word' id='word_1_234' title='bbox 2713 537 2807 590; x_wconf 77' lang='grc' dir='ltr'><strong>τοῦ</strong></span> <span class='ocrx_word' id='word_1_235' title='bbox 2837 539 2959 590; x_wconf 82' lang='grc' dir='ltr'><strong>νέου</strong></span> <span class='ocrx_word' id='word_1_236' title='bbox 2985 536 3250 605; x_wconf 87' lang='grc' dir='ltr'><strong>βασιλέως</strong></span> <span class='ocrx_word' id='word_1_237' title='bbox 3273 535 3368 588; x_wconf 83' lang='grc' dir='ltr'><strong>τοῦ</strong></span> <span class='ocrx_word' id='word_1_238' title='bbox 3394 537 3626 588; x_wconf 89' lang='grc' dir='ltr'><strong>Παλαιο-</strong></span> 
     </span>
    </p>
   </div>
   <div class='ocr_carea' id='block_1_36' title="bbox 2053 609 3630 701">
    <p class='ocr_par' dir='ltr' id='par_1_36' title="bbox 2053 609 3630 701">
     <span class='ocr_line' id='line_1_36' title="bbox 2053 609 3630 701; baseline -0.005 -16"><span class='ocrx_word' id='word_1_239' title='bbox 2053 609 2215 701; x_wconf 80' lang='grc' dir='ltr'><strong>λόγου</strong></span> <span class='ocrx_word' id='word_1_240' title='bbox 2249 633 2356 684; x_wconf 80' lang='grc' dir='ltr'><strong>τῶν</strong></span> <span class='ocrx_word' id='word_1_241' title='bbox 2388 630 2731 698; x_wconf 72' lang='grc' dir='ltr'><strong>πραγμάτων</strong></span> <span class='ocrx_word' id='word_1_242' title='bbox 2755 627 3043 698; x_wconf 78' lang='grc' dir='ltr'><strong>ἄρξαντος,</strong></span> <span class='ocrx_word' id='word_1_243' title='bbox 3085 609 3245 688; x_wconf 64' lang='grc' dir='ltr'><strong>αὖθις</strong></span> <span class='ocrx_word' id='word_1_244' title='bbox 3279 628 3328 679; x_wconf 84' lang='grc' dir='ltr'><strong>οῖ</strong></span> <span class='ocrx_word' id='word_1_245' title='bbox 3356 627 3630 680; x_wconf 84' lang='grc' dir='ltr'><strong>Πελοπον-</strong></span> 
     </span>
    </p>
   </div>
   <div class='ocr_carea' id='block_1_37' title="bbox 2057 702 3629 793">
    <p class='ocr_par' dir='ltr' id='par_1_37' title="bbox 2057 702 3629 793">
     <span class='ocr_line' id='line_1_37' title="bbox 2057 702 3629 793; baseline -0.004 -17"><span class='ocrx_word' id='word_1_246' title='bbox 2057 721 2232 793; x_wconf 82' lang='grc' dir='ltr'><strong>νήσιοι</strong></span> <span class='ocrx_word' id='word_1_247' title='bbox 2257 723 2345 776; x_wconf 84' lang='grc' dir='ltr'><strong>διὰ</strong></span> <span class='ocrx_word' id='word_1_248' title='bbox 2373 721 2434 774; x_wconf 78' lang='grc' dir='ltr'><strong>τὸ</strong></span> <span class='ocrx_word' id='word_1_249' title='bbox 2459 702 2803 790; x_wconf 63' lang='grc' dir='ltr'><strong>βασιλέα’τον</strong></span> <span class='ocrx_word' id='word_1_250' title='bbox 2835 719 3044 788; x_wconf 89' lang='grc' dir='ltr'><strong>πατέρα</strong></span> <span class='ocrx_word' id='word_1_251' title='bbox 3065 717 3378 770; x_wconf 80' lang='grc' dir='ltr'><strong>πεπαῦσθαι</strong></span> <span class='ocrx_word' id='word_1_252' title='bbox 3407 719 3502 787; x_wconf 79' lang='grc' dir='ltr'><strong>τῆς</strong></span> <span class='ocrx_word' id='word_1_253' title='bbox 3530 719 3629 788; x_wconf 82' lang='grc' dir='ltr'><strong>ἁρ-</strong></span> 
     </span>
    </p>
   </div>
   <div class='ocr_carea' id='block_1_38' title="bbox 2057 809 3628 882">
    <p class='ocr_par' dir='ltr' id='par_1_38' title="bbox 2057 809 3628 882">
     <span class='ocr_line' id='line_1_38' title="bbox 2057 809 3628 882; baseline -0.009 -15"><span class='ocrx_word' id='word_1_254' title='bbox 2057 812 2181 882; x_wconf 78' lang='grc' dir='ltr'><strong>χῆς,</strong></span> <span class='ocrx_word' id='word_1_255' title='bbox 2229 811 2558 880; x_wconf 85' lang='grc' dir='ltr'><strong>δυνήσεσθαί</strong></span> <span class='ocrx_word' id='word_1_256' title='bbox 2608 829 2662 863; x_wconf 88' lang='grc' dir='ltr'><strong>τι</strong></span> <span class='ocrx_word' id='word_1_257' title='bbox 2715 809 2878 862; x_wconf 81' lang='grc' dir='ltr'>πλέον</span> <span class='ocrx_word' id='word_1_258' title='bbox 2923 810 3218 876; x_wconf 74' lang='grc' dir='ltr'><strong>οἰηθέντες,</strong></span> <span class='ocrx_word' id='word_1_259' title='bbox 3245 809 3414 870; x_wconf 77' lang='grc' dir='ltr'><strong>ἄλλως</strong></span> <span class='ocrx_word' id='word_1_260' title='bbox 3444 825 3501 862; x_wconf 77' lang='grc' dir='ltr'><strong>τε</strong></span> <span class='ocrx_word' id='word_1_261' title='bbox 3533 810 3628 860; x_wconf 71' lang='grc' dir='ltr'><strong>καὶ</strong></span> 
     </span>
    </p>
   </div>
   <div class='ocr_carea' id='block_1_39' title="bbox 2056 899 3630 971">
    <p class='ocr_par' dir='ltr' id='par_1_39' title="bbox 2056 899 3630 971">
     <span class='ocr_line' id='line_1_39' title="bbox 2056 899 3630 971; baseline -0.003 -16"><span class='ocrx_word' id='word_1_262' title='bbox 2056 904 2164 955; x_wconf 84' lang='grc' dir='ltr'><strong>τῶν</strong></span> <span class='ocrx_word' id='word_1_263' title='bbox 2195 900 2406 971; x_wconf 63' lang='grc' dir='ltr'><strong>Ἃσᾶνη.</strong></span> <span class='ocrx_word' id='word_1_264' title='bbox 2425 901 2518 955; x_wconf 83' lang='grc' dir='ltr'><strong>τοῦ</strong></span> <span class='ocrx_word' id='word_1_265' title='bbox 2567 903 2838 956; x_wconf 81' lang='grc' dir='ltr'><strong>Ὶσαακίου</strong></span> <span class='ocrx_word' id='word_1_266' title='bbox 2874 901 3005 953; x_wconf 79' lang='grc' dir='ltr'><strong>υἱῶν</strong></span> <span class='ocrx_word' id='word_1_267' title='bbox 3037 900 3345 967; x_wconf 75' lang='grc' dir='ltr'><strong>ἐναγόντων</strong></span> <span class='ocrx_word' id='word_1_268' title='bbox 3371 899 3507 969; x_wconf 74' lang='grc' dir='ltr'><strong>πρδς</strong></span> <span class='ocrx_word' id='word_1_269' title='bbox 3537 899 3630 950; x_wconf 68' lang='grc' dir='ltr'><strong>τὸν</strong></span> 
     </span>
    </p>
   </div>
   <div class='ocr_carea' id='block_1_40' title="bbox 2059 987 3629 1065">
    <p class='ocr_par' dir='ltr' id='par_1_40' title="bbox 2059 987 3629 1065">
     <span class='ocr_line' id='line_1_40' title="bbox 2059 987 3629 1065; baseline -0.003 -20"><span class='ocrx_word' id='word_1_270' title='bbox 2059 993 2316 1065; x_wconf 87' lang='grc' dir='ltr'><strong>πόλεμον,</strong></span> <span class='ocrx_word' id='word_1_271' title='bbox 2349 994 2398 1047; x_wconf 78' lang='grc' dir='ltr'><strong>οἳ</strong></span> <span class='ocrx_word' id='word_1_272' title='bbox 2427 987 2567 1063; x_wconf 73' lang='grc' dir='ltr'><strong>ἦσαν</strong></span> <span class='ocrx_word' id='word_1_273' title='bbox 2593 996 2710 1047; x_wconf 80' lang='grc' dir='ltr'><strong>ἐκεῖ</strong></span> <span class='ocrx_word' id='word_1_274' title='bbox 2760 993 2864 1046; x_wconf 73' lang='grc' dir='ltr'><strong>ὑπὸ</strong></span> <span class='ocrx_word' id='word_1_275' title='bbox 2895 991 3158 1060; x_wconf 74' lang='grc' dir='ltr'><strong>βασιλέως</strong></span> <span class='ocrx_word' id='word_1_276' title='bbox 3191 990 3286 1043; x_wconf 82' lang='grc' dir='ltr'><strong>τοῦ</strong></span> <span class='ocrx_word' id='word_1_277' title='bbox 3335 991 3458 1043; x_wconf 90' lang='grc' dir='ltr'><strong>νέου</strong></span> <span class='ocrx_word' id='word_1_278' title='bbox 3504 993 3629 1042; x_wconf 84' lang='grc' dir='ltr'><strong>ἐπι-</strong></span> 
     </span>
    </p>
   </div>
   <div class='ocr_carea' id='block_1_41' title="bbox 2059 1082 3628 1155">
    <p class='ocr_par' dir='ltr' id='par_1_41' title="bbox 2059 1082 3628 1155">
     <span class='ocr_line' id='line_1_41' title="bbox 2059 1082 3628 1155; baseline -0.004 -17"><span class='ocrx_word' id='word_1_279' title='bbox 2059 1084 2346 1155; x_wconf 85' lang='grc' dir='ltr'><strong>τροπεύειν</strong></span> <span class='ocrx_word' id='word_1_280' title='bbox 2375 1085 2720 1151; x_wconf 79' lang='grc' dir='ltr'><strong>πεμφθέντες</strong></span> <span class='ocrx_word' id='word_1_281' title='bbox 2753 1085 2855 1152; x_wconf 82' lang='grc' dir='ltr'><strong>τῆς</strong></span> <span class='ocrx_word' id='word_1_282' title='bbox 2902 1084 3336 1150; x_wconf 84' lang='grc' dir='ltr'><strong>Πελοποννήσου,</strong></span> <span class='ocrx_word' id='word_1_283' title='bbox 3374 1082 3628 1150; x_wconf 86' lang='grc' dir='ltr'><strong>σύμπαν-</strong></span> 
     </span>
    </p>
   </div>
   <div class='ocr_carea' id='block_1_42' title="bbox 2057 1172 3629 1246">
    <p class='ocr_par' dir='ltr' id='par_1_42' title="bbox 2057 1172 3629 1246">
     <span class='ocr_line' id='line_1_42' title="bbox 2057 1172 3629 1246; baseline -0.003 -17"><span class='ocrx_word' id='word_1_284' title='bbox 2057 1193 2148 1238; x_wconf 88' lang='grc' dir='ltr'><strong>τες</strong></span> <span class='ocrx_word' id='word_1_285' title='bbox 2182 1175 2320 1246; x_wconf 79' lang='grc' dir='ltr'><strong>ὁμοῦ</strong></span> <span class='ocrx_word' id='word_1_286' title='bbox 2351 1175 2667 1244; x_wconf 84' lang='grc' dir='ltr'><strong>ἀπέστησαν</strong></span> <span class='ocrx_word' id='word_1_287' title='bbox 2697 1177 2980 1234; x_wconf 82' lang='grc' dir='ltr'><strong>δεσπότου,</strong></span> <span class='ocrx_word' id='word_1_288' title='bbox 3024 1175 3164 1243; x_wconf 75' lang='grc' dir='ltr'><strong>πλὴν</strong></span> <span class='ocrx_word' id='word_1_289' title='bbox 3216 1174 3346 1242; x_wconf 77' lang='grc' dir='ltr'><strong>μιᾶς</strong></span> <span class='ocrx_word' id='word_1_290' title='bbox 3400 1172 3629 1236; x_wconf 82' lang='grc' dir='ltr'><strong>πόλεως,</strong></span> 
     </span>
    </p>
   </div>
   <div class='ocr_carea' id='block_1_43' title="bbox 2057 1259 3630 1338">
    <p class='ocr_par' dir='ltr' id='par_1_43' title="bbox 2057 1259 3630 1338">
     <span class='ocr_line' id='line_1_43' title="bbox 2057 1259 3630 1338; baseline -0.011 -7"><span class='ocrx_word' id='word_1_291' title='bbox 2057 1261 2125 1338; x_wconf 84' lang='grc' dir='ltr'><strong>ἦς</strong></span> <span class='ocrx_word' id='word_1_292' title='bbox 2155 1266 2368 1336; x_wconf 75' lang='grc' dir='ltr'><strong>φρουρὰ</strong></span> <span class='ocrx_word' id='word_1_293' title='bbox 2393 1268 2614 1335; x_wconf 82' lang='grc' dir='ltr'><strong>κατεῖχε</strong></span> <span class='ocrx_word' id='word_1_294' title='bbox 2643 1259 2740 1337; x_wconf 76' lang='grc' dir='ltr'><strong>τὴν</strong></span> <span class='ocrx_word' id='word_1_295' title='bbox 2789 1265 3089 1336; x_wconf 82' lang='grc' dir='ltr'><strong>ἀκρόπολιν</strong></span> <span class='ocrx_word' id='word_1_296' title='bbox 3133 1264 3413 1317; x_wconf 82' lang='grc' dir='ltr'><strong>ἀνάλωτον</strong></span> <span class='ocrx_word' id='word_1_297' title='bbox 3460 1259 3630 1316; x_wconf 78' lang='grc' dir='ltr'><strong>οὖσαν</strong></span> 
     </span>
    </p>
   </div>
   <div class='ocr_carea' id='block_1_44' title="bbox 2058 1354 3631 1427">
    <p class='ocr_par' dir='ltr' id='par_1_44' title="bbox 2058 1354 3631 1427">
     <span class='ocr_line' id='line_1_44' title="bbox 2058 1354 3631 1427; baseline -0.003 -17"><span class='ocrx_word' id='word_1_298' title='bbox 2058 1357 2147 1411; x_wconf 83' lang='grc' dir='ltr'><strong>διὰ</strong></span> <span class='ocrx_word' id='word_1_299' title='bbox 2184 1357 2562 1427; x_wconf 86' lang='grc' dir='ltr'><strong>καρτερότητα</strong></span> <span class='ocrx_word' id='word_1_300' title='bbox 2616 1358 2715 1426; x_wconf 77' lang='grc' dir='ltr'><strong>τήν</strong></span> <span class='ocrx_word' id='word_1_301' title='bbox 2749 1373 2805 1408; x_wconf 91' lang='grc' dir='ltr'><strong>τε</strong></span> <span class='ocrx_word' id='word_1_302' title='bbox 2865 1355 3101 1424; x_wconf 75' lang='grc' dir='ltr'><strong>φυσικὴν</strong></span> <span class='ocrx_word' id='word_1_303' title='bbox 3171 1356 3266 1407; x_wconf 80' lang='grc' dir='ltr'><strong>καὶ</strong></span> <span class='ocrx_word' id='word_1_304' title='bbox 3309 1354 3406 1424; x_wconf 82' lang='grc' dir='ltr'><strong>τὴν</strong></span> <span class='ocrx_word' id='word_1_305' title='bbox 3463 1370 3631 1407; x_wconf 84' lang='grc' dir='ltr'><strong>κατε-</strong></span> 
     </span>
    </p>
   </div>
   <div class='ocr_carea' id='block_1_45' title="bbox 2061 1443 3634 1518">
    <p class='ocr_par' dir='ltr' id='par_1_45' title="bbox 2061 1443 3634 1518">
     <span class='ocr_line' id='line_1_45' title="bbox 2061 1443 3634 1518; baseline -0.004 -15"><span class='ocrx_word' id='word_1_306' title='bbox 2061 1450 2466 1518; x_wconf 89' lang='grc' dir='ltr'><strong>σκευασμένην.</strong></span> <span class='ocrx_word' id='word_1_307' title='bbox 2514 1449 2572 1501; x_wconf 91' lang='lat'><strong>&#39;0</strong></span> <span class='ocrx_word' id='word_1_308' title='bbox 2602 1449 2660 1501; x_wconf 76' lang='grc' dir='ltr'><strong>δὲ</strong></span> <span class='ocrx_word' id='word_1_309' title='bbox 2688 1450 2753 1517; x_wconf 77' lang='grc' dir='ltr'><strong>τῇ</strong></span> <span class='ocrx_word' id='word_1_310' title='bbox 2792 1443 3352 1518; x_wconf 79' lang='grc' dir='ltr'><strong>σφετέρᾳ⁹χρώμενος</strong></span> <span class='ocrx_word' id='word_1_311' title='bbox 3400 1445 3634 1512; x_wconf 79' lang='grc' dir='ltr'><strong>δυνάμει</strong></span> 
     </span>
    </p>
   </div>
   <div class='ocr_carea' id='block_1_46' title="bbox 2065 1528 3633 1612">
    <p class='ocr_par' dir='ltr' id='par_1_46' title="bbox 2065 1528 3633 1612">
     <span class='ocr_line' id='line_1_46' title="bbox 2065 1528 3633 1612; baseline -0.004 -17"><span class='ocrx_word' id='word_1_312' title='bbox 2065 1542 2223 1612; x_wconf 81' lang='grc' dir='ltr'><strong>μόνῃ,</strong></span> <span class='ocrx_word' id='word_1_313' title='bbox 2253 1539 2413 1602; x_wconf 81' lang='grc' dir='ltr'><strong>αὖθίς</strong></span> <span class='ocrx_word' id='word_1_314' title='bbox 2439 1539 2763 1612; x_wconf 50' lang='grc' dir='ltr'><strong>τεοέκράτει</strong></span> <span class='ocrx_word' id='word_1_315' title='bbox 2793 1538 3148 1607; x_wconf 77' lang='grc' dir='ltr'><strong>συμπάντων,</strong></span> <span class='ocrx_word' id='word_1_316' title='bbox 3183 1528 3275 1590; x_wconf 74' lang='grc' dir='ltr'><strong>καὶ</strong></span> <span class='ocrx_word' id='word_1_317' title='bbox 3303 1538 3416 1594; x_wconf 85' lang='grc' dir='ltr'><strong>τοῖς</strong></span> <span class='ocrx_word' id='word_1_318' title='bbox 3443 1537 3633 1598; x_wconf 78' lang='grc' dir='ltr'><strong>ὅπλοις</strong></span> 
     </span>
    </p>
   </div>
   <div class='ocr_carea' id='block_1_47' title="bbox 2062 1626 3633 1700">
    <p class='ocr_par' dir='ltr' id='par_1_47' title="bbox 2062 1626 3633 1700">
     <span class='ocr_line' id='line_1_47' title="bbox 2062 1626 3633 1700; baseline -0.004 -18"><span class='ocrx_word' id='word_1_319' title='bbox 2062 1630 2344 1700; x_wconf 81' lang='grc' dir='ltr'><strong>χρώμενος</strong></span> <span class='ocrx_word' id='word_1_320' title='bbox 2385 1627 2792 1682; x_wconf 67' lang='grc' dir='ltr'><strong>κατεδουλοῦτο.</strong></span> <span class='ocrx_word' id='word_1_321' title='bbox 2833 1626 2924 1691; x_wconf 78' lang='grc' dir='ltr'>Ἐξ</span> <span class='ocrx_word' id='word_1_322' title='bbox 2945 1627 3156 1679; x_wconf 69' lang='grc' dir='ltr'><strong>ἐκείνου</strong></span> <span class='ocrx_word' id='word_1_323' title='bbox 3187 1627 3245 1680; x_wconf 81' lang='grc' dir='ltr'><strong>δὲ</strong></span> <span class='ocrx_word' id='word_1_324' title='bbox 3278 1626 3633 1680; x_wconf 85' lang='grc' dir='ltr'><strong>παντάπασιν</strong></span> 
     </span>
    </p>
   </div>
   <div class='ocr_carea' id='block_1_48' title="bbox 2060 1711 3635 1788">
    <p class='ocr_par' dir='ltr' id='par_1_48' title="bbox 2060 1711 3635 1788">
     <span class='ocr_line' id='line_1_48' title="bbox 2060 1711 3635 1788; baseline -0.007 -13"><span class='ocrx_word' id='word_1_325' title='bbox 2060 1722 2384 1782; x_wconf 75' lang='grc' dir='ltr'><strong>ἀπειπόντες</strong></span> <span class='ocrx_word' id='word_1_326' title='bbox 2413 1719 2474 1772; x_wconf 80' lang='grc' dir='ltr'><strong>τὸ</strong></span> <span class='ocrx_word' id='word_1_327' title='bbox 2522 1719 2718 1787; x_wconf 81' lang='grc' dir='ltr'><strong>ἐκείνῳ</strong></span> <span class='ocrx_word' id='word_1_328' title='bbox 2749 1717 3025 1788; x_wconf 83' lang='grc' dir='ltr'><strong>πολεμεῖν,</strong></span> <span class='ocrx_word' id='word_1_329' title='bbox 3059 1711 3157 1787; x_wconf 77' lang='grc' dir='ltr'><strong>τήν</strong></span> <span class='ocrx_word' id='word_1_330' title='bbox 3188 1735 3247 1770; x_wconf 88' lang='grc' dir='ltr'><strong>τε</strong></span> <span class='ocrx_word' id='word_1_331' title='bbox 3297 1717 3430 1785; x_wconf 80' lang='grc' dir='ltr'><strong>πρὸς</strong></span> <span class='ocrx_word' id='word_1_332' title='bbox 3467 1717 3635 1784; x_wconf 61' lang='grc' dir='ltr'><strong>άλλήδ</strong></span> 
     </span>
    </p>
   </div>
   <div class='ocr_carea' id='block_1_49' title="bbox 2059 1807 3635 1880">
    <p class='ocr_par' dir='ltr' id='par_1_49' title="bbox 2059 1807 3635 1880">
     <span class='ocr_line' id='line_1_49' title="bbox 2059 1807 3635 1880; baseline -0.006 -14"><span class='ocrx_word' id='word_1_333' title='bbox 2059 1812 2183 1876; x_wconf 87' lang='grc' dir='ltr'><strong>λους</strong></span> <span class='ocrx_word' id='word_1_334' title='bbox 2212 1811 2547 1874; x_wconf 77' lang='grc' dir='ltr'><strong>ἀσπάζονται</strong></span> <span class='ocrx_word' id='word_1_335' title='bbox 2571 1812 2798 1880; x_wconf 82' lang='grc' dir='ltr'><strong>εἰρήνην</strong></span> <span class='ocrx_word' id='word_1_336' title='bbox 2861 1811 2958 1862; x_wconf 76' lang='grc' dir='ltr'><strong>καὶ</strong></span> <span class='ocrx_word' id='word_1_337' title='bbox 2991 1810 3086 1878; x_wconf 84' lang='grc' dir='ltr'><strong>τὴν</strong></span> <span class='ocrx_word' id='word_1_338' title='bbox 3126 1810 3262 1880; x_wconf 77' lang='grc' dir='ltr'><strong>πρὸς</strong></span> <span class='ocrx_word' id='word_1_339' title='bbox 3300 1811 3504 1861; x_wconf 83' lang='grc' dir='ltr'><strong>ἐκεῖνον</strong></span> <span class='ocrx_word' id='word_1_340' title='bbox 3539 1807 3635 1858; x_wconf 74' lang='grc' dir='ltr'><strong>εὖ·</strong></span> 
     </span>
    </p>
   </div>
   <div class='ocr_carea' id='block_1_50' title="bbox 2060 1903 3634 1975">
    <p class='ocr_par' dir='ltr' id='par_1_50' title="bbox 2060 1903 3634 1975">
     <span class='ocr_line' id='line_1_50' title="bbox 2060 1903 3634 1975; baseline -0.003 -14"><span class='ocrx_word' id='word_1_341' title='bbox 2060 1925 2227 1970; x_wconf 88' lang='grc' dir='ltr'><strong>νοιαν,</strong></span> <span class='ocrx_word' id='word_1_342' title='bbox 2258 1909 2352 1961; x_wconf 69' lang='grc' dir='ltr'><strong>καὶ</strong></span> <span class='ocrx_word' id='word_1_343' title='bbox 2408 1907 2476 1959; x_wconf 77' lang='grc' dir='ltr'><strong>τά</strong></span> <span class='ocrx_word' id='word_1_344' title='bbox 2520 1906 2756 1975; x_wconf 87' lang='grc' dir='ltr'><strong>μέγιστα</strong></span> <span class='ocrx_word' id='word_1_345' title='bbox 2803 1903 3115 1975; x_wconf 73' lang='grc' dir='ltr'><strong>ὠφέληνται</strong></span> <span class='ocrx_word' id='word_1_346' title='bbox 3163 1905 3228 1956; x_wconf 81' lang='grc' dir='ltr'><strong>ὲκ</strong></span> <span class='ocrx_word' id='word_1_347' title='bbox 3273 1905 3485 1964; x_wconf 83' lang='grc' dir='ltr'><strong>τούτου,</strong></span> <span class='ocrx_word' id='word_1_348' title='bbox 3540 1903 3634 1957; x_wconf 72' lang='grc' dir='ltr'><strong>ἐπὶ</strong></span> 
     </span>
    </p>
   </div>
   <div class='ocr_carea' id='block_1_51' title="bbox 2060 1997 3630 2070">
    <p class='ocr_par' dir='ltr' id='par_1_51' title="bbox 2060 1997 3630 2070">
     <span class='ocr_line' id='line_1_51' title="bbox 2060 1997 3630 2070; baseline -0.004 -18"><span class='ocrx_word' id='word_1_349' title='bbox 2060 2000 2333 2070; x_wconf 78' lang='grc' dir='ltr'><strong>γεωργίας</strong></span> <span class='ocrx_word' id='word_1_350' title='bbox 2359 2000 2714 2068; x_wconf 73' lang='grc' dir='ltr'><strong>τραπόμενοι,</strong></span> <span class='ocrx_word' id='word_1_351' title='bbox 2750 2000 2843 2050; x_wconf 67' lang='grc' dir='ltr'><strong>καὶ</strong></span> <span class='ocrx_word' id='word_1_352' title='bbox 2892 1998 3254 2068; x_wconf 79' lang='grc' dir='ltr'><strong>βοσκημάτων</strong></span> <span class='ocrx_word' id='word_1_353' title='bbox 3284 1997 3630 2065; x_wconf 76' lang='grc' dir='ltr'><strong>ἐπιμέλειαν,</strong></span> 
     </span>
    </p>
   </div>
   <div class='ocr_carea' id='block_1_52' title="bbox 2062 2075 3655 2162">
    <p class='ocr_par' dir='ltr' id='par_1_52' title="bbox 2062 2075 3655 2162">
     <span class='ocr_line' id='line_1_52' title="bbox 2062 2075 3655 2162; baseline -0.004 -18"><span class='ocrx_word' id='word_1_354' title='bbox 2062 2092 2158 2144; x_wconf 72' lang='grc' dir='ltr'><strong>καὶ</strong></span> <span class='ocrx_word' id='word_1_355' title='bbox 2189 2093 2410 2162; x_wconf 83' lang='grc' dir='ltr'><strong>κτήσεις</strong></span> <span class='ocrx_word' id='word_1_356' title='bbox 2441 2091 2742 2159; x_wconf 84' lang='grc' dir='ltr'><strong>ἐκτήσαντο</strong></span> <span class='ocrx_word' id='word_1_357' title='bbox 2774 2091 2830 2142; x_wconf 84' lang='grc' dir='ltr'><strong>ἐν</strong></span> <span class='ocrx_word' id='word_1_358' title='bbox 2865 2093 2978 2150; x_wconf 87' lang='grc' dir='ltr'><strong>τοῖς</strong></span> <span class='ocrx_word' id='word_1_359' title='bbox 3009 2091 3199 2158; x_wconf 84' lang='grc' dir='ltr'><strong>ἀγροῖς</strong></span> <span class='ocrx_word' id='word_1_360' title='bbox 3232 2088 3455 2154; x_wconf 84' lang='grc' dir='ltr'><strong>πολλὰς,</strong></span> <span class='ocrx_word' id='word_1_361' title='bbox 3499 2075 3655 2156; x_wconf 68' lang='grc' dir='ltr'><strong>πρό-’</strong></span> 
     </span>
    </p>
   </div>
   <div class='ocr_carea' id='block_1_53' title="bbox 2063 2176 3635 2248">
    <p class='ocr_par' dir='ltr' id='par_1_53' title="bbox 2063 2176 3635 2248">
     <span class='ocr_line' id='line_1_53' title="bbox 2063 2176 3635 2248; baseline -0.004 -14"><span class='ocrx_word' id='word_1_362' title='bbox 2063 2199 2220 2248; x_wconf 80' lang='grc' dir='ltr'><strong>τερον</strong></span> <span class='ocrx_word' id='word_1_363' title='bbox 2249 2181 2370 2234; x_wconf 81' lang='grc' dir='ltr'><strong>καθ’</strong></span> <span class='ocrx_word' id='word_1_364' title='bbox 2401 2181 2460 2234; x_wconf 79' lang='grc' dir='ltr'><strong>ὃν</strong></span> <span class='ocrx_word' id='word_1_365' title='bbox 2485 2181 2751 2246; x_wconf 79' lang='grc' dir='ltr'><strong>δεσπότης</strong></span> <span class='ocrx_word' id='word_1_366' title='bbox 2783 2182 2980 2248; x_wconf 74' lang='grc' dir='ltr'><strong>ἀφῖκτο</strong></span> <span class='ocrx_word' id='word_1_367' title='bbox 3018 2176 3208 2248; x_wconf 80' lang='grc' dir='ltr'><strong>χρόνον</strong></span> <span class='ocrx_word' id='word_1_368' title='bbox 3240 2179 3453 2240; x_wconf 71' lang='grc' dir='ltr'><strong>οὐδενος</strong></span> <span class='ocrx_word' id='word_1_369' title='bbox 3480 2177 3635 2239; x_wconf 79' lang='grc' dir='ltr'><strong>όντος</strong></span> 
     </span>
    </p>
   </div>
   <div class='ocr_carea' id='block_1_54' title="bbox 2066 2269 3636 2344">
    <p class='ocr_par' dir='ltr' id='par_1_54' title="bbox 2066 2269 3636 2344">
     <span class='ocr_line' id='line_1_54' title="bbox 2066 2269 3636 2344; baseline -0.004 -18"><span class='ocrx_word' id='word_1_370' title='bbox 2066 2274 2206 2344; x_wconf 78' lang='grc' dir='ltr'><strong>πλὴν</strong></span> <span class='ocrx_word' id='word_1_371' title='bbox 2235 2273 2346 2326; x_wconf 84' lang='grc' dir='ltr'><strong>τῶν</strong></span> <span class='ocrx_word' id='word_1_372' title='bbox 2374 2273 2602 2334; x_wconf 83' lang='grc' dir='ltr'><strong>πόλεων,</strong></span> <span class='ocrx_word' id='word_1_373' title='bbox 2635 2273 2732 2325; x_wconf 80' lang='grc' dir='ltr'><strong>καὶ</strong></span> <span class='ocrx_word' id='word_1_374' title='bbox 2755 2271 2962 2323; x_wconf 84' lang='grc' dir='ltr'><strong>τούτων</strong></span> <span class='ocrx_word' id='word_1_375' title='bbox 2988 2272 3092 2323; x_wconf 82' lang='grc' dir='ltr'><strong>ὑπὸ</strong></span> <span class='ocrx_word' id='word_1_376' title='bbox 3120 2271 3229 2322; x_wconf 84' lang='grc' dir='ltr'><strong>τῶν</strong></span> <span class='ocrx_word' id='word_1_377' title='bbox 3261 2272 3504 2323; x_wconf 88' lang='grc' dir='ltr'><strong>στάσεων</strong></span> <span class='ocrx_word' id='word_1_378' title='bbox 3525 2269 3636 2322; x_wconf 72' lang='grc' dir='ltr'><strong>διε-</strong></span> 
     </span>
    </p>
   </div>
   <div class='ocr_carea' id='block_1_55' title="bbox 2068 2360 3636 2433">
    <p class='ocr_par' dir='ltr' id='par_1_55' title="bbox 2068 2360 3636 2433">
     <span class='ocr_line' id='line_1_55' title="bbox 2068 2360 3636 2433; baseline -0.002 -17"><span class='ocrx_word' id='word_1_379' title='bbox 2068 2364 2421 2433; x_wconf 58' lang='grc' dir='ltr'><strong>φθαρμένωνδ</strong></span> <span class='ocrx_word' id='word_1_380' title='bbox 2462 2363 2677 2418; x_wconf 82' lang='grc' dir='ltr'><strong>Λατῖνοι</strong></span> <span class='ocrx_word' id='word_1_381' title='bbox 2705 2361 2764 2415; x_wconf 77' lang='grc' dir='ltr'><strong>δὲ</strong></span> <span class='ocrx_word' id='word_1_382' title='bbox 2797 2363 2848 2415; x_wconf 83' lang='grc' dir='ltr'><strong>οῖ</strong></span> <span class='ocrx_word' id='word_1_383' title='bbox 2876 2363 3137 2432; x_wconf 76' lang='grc' dir='ltr'><strong>πρίγκιπι</strong></span> <span class='ocrx_word' id='word_1_384' title='bbox 3159 2362 3415 2433; x_wconf 80' lang='grc' dir='ltr'><strong>ὑπήκοοι,</strong></span> <span class='ocrx_word' id='word_1_385' title='bbox 3440 2360 3636 2432; x_wconf 81' lang='grc' dir='ltr'><strong>πρῶτα</strong></span> 
     </span>
    </p>
   </div>
   <div class='ocr_carea' id='block_1_56' title="bbox 2071 2453 3639 2525">
    <p class='ocr_par' dir='ltr' id='par_1_56' title="bbox 2071 2453 3639 2525">
     <span class='ocr_line' id='line_1_56' title="bbox 2071 2453 3639 2525; baseline -0.001 -17"><span class='ocrx_word' id='word_1_386' title='bbox 2071 2456 2168 2525; x_wconf 79' lang='grc' dir='ltr'><strong>μὲν</strong></span> <span class='ocrx_word' id='word_1_387' title='bbox 2197 2457 2291 2510; x_wconf 73' lang='grc' dir='ltr'><strong>καὶ</strong></span> <span class='ocrx_word' id='word_1_388' title='bbox 2337 2456 2491 2508; x_wconf 76' lang='grc' dir='ltr'><strong>αὐτοὶ</strong></span> <span class='ocrx_word' id='word_1_389' title='bbox 2527 2454 2785 2525; x_wconf 81' lang='grc' dir='ltr'><strong>ὥρμηντο</strong></span> <span class='ocrx_word' id='word_1_390' title='bbox 2816 2454 3054 2522; x_wconf 86' lang='grc' dir='ltr'><strong>δεσπότῃ</strong></span> <span class='ocrx_word' id='word_1_391' title='bbox 3079 2453 3358 2520; x_wconf 83' lang='grc' dir='ltr'><strong>πολεμεῖν,</strong></span> <span class='ocrx_word' id='word_1_392' title='bbox 3396 2453 3508 2505; x_wconf 72' lang='grc' dir='ltr'><strong>καὶ·</strong></span> <span class='ocrx_word' id='word_1_393' title='bbox 3537 2469 3639 2506; x_wconf 82' lang='grc' dir='ltr'><strong>κα-</strong></span> 
     </span>
    </p>
   </div>
   <div class='ocr_carea' id='block_1_57' title="bbox 2067 2542 3634 2614">
    <p class='ocr_par' dir='ltr' id='par_1_57' title="bbox 2067 2542 3634 2614">
     <span class='ocr_line' id='line_1_57' title="bbox 2067 2542 3634 2614; baseline -0.008 -9"><span class='ocrx_word' id='word_1_394' title='bbox 2067 2551 2180 2612; x_wconf 86' lang='grc' dir='ltr'><strong>κῶς</strong></span> <span class='ocrx_word' id='word_1_395' title='bbox 2211 2550 2383 2602; x_wconf 83' lang='grc' dir='ltr'><strong>ποιεῖν</strong></span> <span class='ocrx_word' id='word_1_396' title='bbox 2431 2547 2526 2610; x_wconf 78' lang='grc' dir='ltr'><strong>τὰς</strong></span> <span class='ocrx_word' id='word_1_397' title='bbox 2583 2546 2788 2608; x_wconf 89' lang='grc' dir='ltr'><strong>πόλεις,</strong></span> <span class='ocrx_word' id='word_1_398' title='bbox 2815 2544 2936 2598; x_wconf 80' lang='grc' dir='ltr'><strong>ούδέ</strong></span> <span class='ocrx_word' id='word_1_399' title='bbox 2976 2545 3244 2614; x_wconf 74' lang='grc' dir='ltr'><strong>πρότερον</strong></span> <span class='ocrx_word' id='word_1_400' title='bbox 3278 2542 3634 2612; x_wconf 75' lang='grc' dir='ltr'><strong>ἁμελοῦιτεςο</strong></span> 
     </span>
    </p>
   </div>
   <div class='ocr_carea' id='block_1_58' title="bbox 2069 2634 3640 2706">
    <p class='ocr_par' dir='ltr' id='par_1_58' title="bbox 2069 2634 3640 2706">
     <span class='ocr_line' id='line_1_58' title="bbox 2069 2634 3640 2706; baseline -0.004 -14"><span class='ocrx_word' id='word_1_401' title='bbox 2069 2643 2146 2702; x_wconf 78' lang='grc' dir='ltr'><strong>εἰς</strong></span> <span class='ocrx_word' id='word_1_402' title='bbox 2174 2637 2484 2690; x_wconf 73' lang='grc' dir='ltr'><strong>τούναντίον</strong></span> <span class='ocrx_word' id='word_1_403' title='bbox 2516 2636 2572 2689; x_wconf 73' lang='grc' dir='ltr'><strong>δὲ</strong></span> <span class='ocrx_word' id='word_1_404' title='bbox 2613 2636 2760 2690; x_wconf 80' lang='grc' dir='ltr'><strong>ἆπαν</strong></span> <span class='ocrx_word' id='word_1_405' title='bbox 2783 2637 2845 2688; x_wconf 72' lang='grc' dir='ltr'><strong>τὸ</strong></span> <span class='ocrx_word' id='word_1_406' title='bbox 2872 2636 3132 2706; x_wconf 82' lang='grc' dir='ltr'><strong>τόλμημα</strong></span> <span class='ocrx_word' id='word_1_407' title='bbox 3177 2640 3233 2688; x_wconf 85' lang='grc' dir='ltr'><strong>ἐν</strong></span> <span class='ocrx_word' id='word_1_408' title='bbox 3266 2635 3432 2704; x_wconf 78' lang='grc' dir='ltr'><strong>ὀλίγῳ</strong></span> <span class='ocrx_word' id='word_1_409' title='bbox 3458 2634 3640 2705; x_wconf 80' lang='grc' dir='ltr'><strong>χρόνῳ</strong></span> 
     </span>
    </p>
   </div>
   <div class='ocr_carea' id='block_1_59' title="bbox 2069 2726 3642 2798">
    <p class='ocr_par' dir='ltr' id='par_1_59' title="bbox 2069 2726 3642 2798">
     <span class='ocr_line' id='line_1_59' title="bbox 2069 2726 3642 2798; baseline -0.004 -15"><span class='ocrx_word' id='word_1_410' title='bbox 2069 2730 2302 2792; x_wconf 81' lang='grc' dir='ltr'><strong>ἐκείνοις</strong></span> <span class='ocrx_word' id='word_1_411' title='bbox 2329 2729 2594 2798; x_wconf 82' lang='grc' dir='ltr'><strong>περιέστη</strong></span> <span class='ocrx_word' id='word_1_412' title='bbox 2613 2743 2628 2758; x_wconf 79' lang='grc' dir='ltr'><strong>ο</strong></span> <span class='ocrx_word' id='word_1_413' title='bbox 2657 2727 2856 2798; x_wconf 86' lang='grc' dir='ltr'><strong>μᾶλλον</strong></span> <span class='ocrx_word' id='word_1_414' title='bbox 2882 2727 2992 2798; x_wconf 82' lang='grc' dir='ltr'><strong>γὰρ</strong></span> <span class='ocrx_word' id='word_1_415' title='bbox 3017 2727 3168 2781; x_wconf 69' lang='grc' dir='ltr'><strong>αὐτοὶ</strong></span> <span class='ocrx_word' id='word_1_416' title='bbox 3196 2728 3378 2789; x_wconf 81' lang='grc' dir='ltr'><strong>κακῶς</strong></span> <span class='ocrx_word' id='word_1_417' title='bbox 3401 2726 3642 2796; x_wconf 73' lang='grc' dir='ltr'><strong>ἔπασχον</strong></span> 
     </span>
    </p>
   </div>
   <div class='ocr_carea' id='block_1_60' title="bbox 2071 2819 3643 2888">
    <p class='ocr_par' dir='ltr' id='par_1_60' title="bbox 2071 2819 3643 2888">
     <span class='ocr_line' id='line_1_60' title="bbox 2071 2819 3643 2888; baseline -0.003 -14"><span class='ocrx_word' id='word_1_418' title='bbox 2071 2821 2212 2875; x_wconf 81' lang='grc' dir='ltr'><strong>κατὰ</strong></span> <span class='ocrx_word' id='word_1_419' title='bbox 2238 2821 2328 2874; x_wconf 82' lang='grc' dir='ltr'><strong>τὸν</strong></span> <span class='ocrx_word' id='word_1_420' title='bbox 2377 2821 2633 2888; x_wconf 88' lang='grc' dir='ltr'><strong>πόλεμον.</strong></span> <span class='ocrx_word' id='word_1_421' title='bbox 2668 2821 2976 2883; x_wconf 83' lang='grc' dir='ltr'><strong>Συνιδόντες</strong></span> <span class='ocrx_word' id='word_1_422' title='bbox 3011 2820 3066 2872; x_wconf 79' lang='grc' dir='ltr'><strong>δὲ</strong></span> <span class='ocrx_word' id='word_1_423' title='bbox 3110 2821 3296 2882; x_wconf 76' lang='grc' dir='ltr'><strong>αὐτοῖς</strong></span> <span class='ocrx_word' id='word_1_424' title='bbox 3346 2819 3444 2872; x_wconf 82' lang='grc' dir='ltr'><strong>οὐκ</strong></span> <span class='ocrx_word' id='word_1_425' title='bbox 3479 2819 3643 2884; x_wconf 82' lang='grc' dir='ltr'><strong>ὀλίγα</strong></span> 
     </span>
    </p>
   </div>
   <div class='ocr_carea' id='block_1_61' title="bbox 2071 2911 3640 2987">
    <p class='ocr_par' dir='ltr' id='par_1_61' title="bbox 2071 2911 3640 2987">
     <span class='ocr_line' id='line_1_61' title="bbox 2071 2911 3640 2987; baseline -0.003 -22"><span class='ocrx_word' id='word_1_426' title='bbox 2071 2913 2470 2984; x_wconf 82' lang='grc' dir='ltr'><strong>λυμαινόμενον</strong></span> <span class='ocrx_word' id='word_1_427' title='bbox 2501 2912 2592 2964; x_wconf 78' lang='grc' dir='ltr'><strong>τὸν</strong></span> <span class='ocrx_word' id='word_1_428' title='bbox 2644 2913 2901 2976; x_wconf 76' lang='grc' dir='ltr'><strong>πόλεμον,</strong></span> <span class='ocrx_word' id='word_1_429' title='bbox 2935 2913 3226 2982; x_wconf 70' lang='grc' dir='ltr'><strong>πρεσϐείας</strong></span> <span class='ocrx_word' id='word_1_430' title='bbox 3257 2911 3640 2987; x_wconf 71' lang='grc' dir='ltr'><strong>ποιησάμενοι,</strong></span> 
     </span>
    </p>
   </div>
   <div class='ocr_carea' id='block_1_62' title="bbox 395 2993 1965 3076">
    <p class='ocr_par' dir='ltr' id='par_1_62' title="bbox 395 2993 1965 3070">
     <span class='ocr_line' id='line_1_62' title="bbox 395 2993 1965 3070; baseline -0.01 -14"><span class='ocrx_word' id='word_1_431' title='bbox 395 3003 463 3056; x_wconf 88' lang='lat' dir='ltr'><strong>de</strong></span> <span class='ocrx_word' id='word_1_432' title='bbox 487 3002 644 3055; x_wconf 87' lang='lat' dir='ltr'><strong>Loria</strong></span> <span class='ocrx_word' id='word_1_433' title='bbox 671 2999 1024 3070; x_wconf 86' lang='lat' dir='ltr'><strong>appellatum,</strong></span> <span class='ocrx_word' id='word_1_434' title='bbox 1053 3012 1155 3050; x_wconf 91' lang='lat' dir='ltr'><strong>una</strong></span> <span class='ocrx_word' id='word_1_435' title='bbox 1178 2996 1525 3064; x_wconf 83' lang='lat' dir='ltr'><strong>irruperunt:</strong></span> <span class='ocrx_word' id='word_1_436' title='bbox 1548 2993 1726 3062; x_wconf 83' lang='lat' dir='ltr'><strong>deque</strong></span> <span class='ocrx_word' id='word_1_437' title='bbox 1759 3005 1965 3044; x_wconf 89' lang='lat' dir='ltr'><strong>morum</strong></span> 
     </span>
    </p>
   </div>
   <div class='ocr_carea' id='block_1_63' title="bbox 2068 2993 3646 3076">
    <p class='ocr_par' dir='ltr' id='par_1_63' title="bbox 2075 3000 3646 3072">
     <span class='ocr_line' id='line_1_63' title="bbox 2075 3000 3646 3072; baseline -0.005 -14"><span class='ocrx_word' id='word_1_438' title='bbox 2075 3004 2364 3058; x_wconf 73' lang='grc' dir='ltr'><strong>καὶπολλὰ</strong></span> <span class='ocrx_word' id='word_1_439' title='bbox 2395 3003 2656 3057; x_wconf 80' lang='grc' dir='ltr'><strong>δεσπότου</strong></span> <span class='ocrx_word' id='word_1_440' title='bbox 2686 3003 2992 3072; x_wconf 80' lang='grc' dir='ltr'><strong>δεηθέντες,</strong></span> <span class='ocrx_word' id='word_1_441' title='bbox 3039 3005 3262 3056; x_wconf 79' lang='grc' dir='ltr'><strong>ἔπεισαν</strong></span> <span class='ocrx_word' id='word_1_442' title='bbox 3293 3002 3480 3055; x_wconf 84' lang='grc' dir='ltr'><strong>Θέσθαι</strong></span> <span class='ocrx_word' id='word_1_443' title='bbox 3506 3000 3646 3071; x_wconf 76' lang='grc' dir='ltr'><strong>πρὸς</strong></span> 
     </span>
    </p>
   </div>
   <div class='ocr_carea' id='block_1_64' title="bbox 398 3085 1971 3150">
    <p class='ocr_par' dir='ltr' id='par_1_64' title="bbox 398 3085 1971 3150">
     <span class='ocr_line' id='line_1_64' title="bbox 398 3085 1971 3150; baseline -0.009 0"><span class='ocrx_word' id='word_1_444' title='bbox 398 3095 666 3150; x_wconf 87' lang='lat' dir='ltr'><strong>suavitate</strong></span> <span class='ocrx_word' id='word_1_445' title='bbox 742 3101 796 3146; x_wconf 87' lang='lat' dir='ltr'><strong>ct</strong></span> <span class='ocrx_word' id='word_1_446' title='bbox 858 3091 1113 3145; x_wconf 83' lang='lat' dir='ltr'><strong>ﬁdelitate</strong></span> <span class='ocrx_word' id='word_1_447' title='bbox 1173 3089 1370 3143; x_wconf 63' lang='lat' dir='ltr'><strong>eximie</strong></span> <span class='ocrx_word' id='word_1_448' title='bbox 1431 3085 1582 3140; x_wconf 90' lang='lat' dir='ltr'><strong>illum</strong></span> <span class='ocrx_word' id='word_1_449' title='bbox 1640 3085 1971 3139; x_wconf 76' lang='lat' dir='ltr'><strong>dilexerunt.</strong></span> 
     </span>
    </p>
   </div>
   <div class='ocr_carea' id='block_1_65' title="bbox 395 3174 1976 3254">
    <p class='ocr_par' dir='ltr' id='par_1_65' title="bbox 395 3174 1976 3254">
     <span class='ocr_line' id='line_1_65' title="bbox 395 3174 1976 3254; baseline -0.009 -13"><span class='ocrx_word' id='word_1_450' title='bbox 395 3186 514 3242; x_wconf 72' lang='lat' dir='ltr'><strong>lam</strong></span> <span class='ocrx_word' id='word_1_451' title='bbox 545 3185 688 3238; x_wconf 89' lang='lat' dir='ltr'><strong>enim</strong></span> <span class='ocrx_word' id='word_1_452' title='bbox 723 3183 930 3254; x_wconf 88' lang='lat' dir='ltr'><strong>pridem</strong></span> <span class='ocrx_word' id='word_1_453' title='bbox 980 3182 1186 3236; x_wconf 85' lang='lat' dir='ltr'><strong>nullius</strong></span> <span class='ocrx_word' id='word_1_454' title='bbox 1215 3178 1469 3250; x_wconf 79' lang='lat' dir='ltr'><strong>promissi</strong></span> <span class='ocrx_word' id='word_1_455' title='bbox 1517 3176 1674 3230; x_wconf 82' lang='lat' dir='ltr'><strong>ﬁdem</strong></span> <span class='ocrx_word' id='word_1_456' title='bbox 1719 3174 1976 3229; x_wconf 79' lang='lat' dir='ltr'><strong>fefellisse</strong></span> 
     </span>
    </p>
   </div>
   <div class='ocr_carea' id='block_1_66' title="bbox 397 3258 1977 3346">
    <p class='ocr_par' dir='ltr' id='par_1_66' title="bbox 397 3258 1977 3346">
     <span class='ocr_line' id='line_1_66' title="bbox 397 3258 1977 3346; baseline -0.011 -14"><span class='ocrx_word' id='word_1_457' title='bbox 397 3287 714 3346; x_wconf 60' lang='lat' dir='ltr'><strong>compertus</strong></span> <span class='ocrx_word' id='word_1_458' title='bbox 759 3285 864 3329; x_wconf 89' lang='lat' dir='ltr'><strong>est.</strong></span> <span class='ocrx_word' id='word_1_459' title='bbox 893 3258 1047 3328; x_wconf 82' lang='lat' dir='ltr'><strong>Unde</strong></span> <span class='ocrx_word' id='word_1_460' title='bbox 1093 3274 1142 3326; x_wconf 92' lang='lat' dir='ltr'><strong>si</strong></span> <span class='ocrx_word' id='word_1_461' title='bbox 1178 3271 1306 3341; x_wconf 83' lang='lat' dir='ltr'><strong>quid</strong></span> <span class='ocrx_word' id='word_1_462' title='bbox 1338 3285 1402 3324; x_wconf 90' lang='lat' dir='ltr'><strong>eo</strong></span> <span class='ocrx_word' id='word_1_463' title='bbox 1437 3275 1618 3340; x_wconf 81' lang='lat' dir='ltr'><strong>egent,</strong></span> <span class='ocrx_word' id='word_1_464' title='bbox 1647 3267 1762 3336; x_wconf 81' lang='lat' dir='ltr'><strong>ejus</strong></span> <span class='ocrx_word' id='word_1_465' title='bbox 1798 3275 1977 3320; x_wconf 84' lang='lat' dir='ltr'><strong>tamen</strong></span> 
     </span>
    </p>
   </div>
   <div class='ocr_carea' id='block_1_67' title="bbox 397 3360 1978 3440">
    <p class='ocr_par' dir='ltr' id='par_1_67' title="bbox 397 3360 1978 3440">
     <span class='ocr_line' id='line_1_67' title="bbox 397 3360 1978 3440; baseline -0.006 -18"><span class='ocrx_word' id='word_1_466' title='bbox 397 3369 757 3440; x_wconf 80' lang='lat' dir='ltr'><strong>jurejurando</strong></span> <span class='ocrx_word' id='word_1_467' title='bbox 787 3381 894 3420; x_wconf 91' lang='lat' dir='ltr'><strong>non</strong></span> <span class='ocrx_word' id='word_1_468' title='bbox 926 3375 1106 3433; x_wconf 78' lang='lat' dir='ltr'><strong>egent,</strong></span> <span class='ocrx_word' id='word_1_469' title='bbox 1126 3382 1248 3419; x_wconf 90' lang='lat' dir='ltr'><strong>cum</strong></span> <span class='ocrx_word' id='word_1_470' title='bbox 1277 3363 1340 3418; x_wconf 92' lang='lat' dir='ltr'><strong>ad</strong></span> <span class='ocrx_word' id='word_1_471' title='bbox 1371 3363 1529 3416; x_wconf 78' lang='lat' dir='ltr'><strong>[idem</strong></span> <span class='ocrx_word' id='word_1_472' title='bbox 1559 3361 1784 3415; x_wconf 86' lang='lat' dir='ltr'><strong>verbum</strong></span> <span class='ocrx_word' id='word_1_473' title='bbox 1805 3360 1978 3429; x_wconf 61' lang='lat' dir='ltr'><strong>ipsius</strong></span> 
     </span>
    </p>
   </div>
   <div class='ocr_carea' id='block_1_68' title="bbox 315 3447 1981 3528">
    <p class='ocr_par' dir='ltr' id='par_1_68' title="bbox 315 3447 1981 3528">
     <span class='ocr_line' id='line_1_68' title="bbox 315 3447 1981 3528; baseline -0.008 -11"><span class='ocrx_word' id='word_1_474' title='bbox 315 3447 326 3458; x_wconf 73' lang='grc'><em>’</em></span> <span class='ocrx_word' id='word_1_475' title='bbox 401 3463 606 3516; x_wconf 89' lang='lat' dir='ltr'><strong>nudum</strong></span> <span class='ocrx_word' id='word_1_476' title='bbox 645 3458 885 3528; x_wconf 69' lang='lat' dir='ltr'><strong>&#39;suljiciat</strong></span> <span class='ocrx_word' id='word_1_477' title='bbox 925 3457 1060 3524; x_wconf 62' lang='lat'><strong>(95).</strong></span> <span class='ocrx_word' id='word_1_478' title='bbox 1103 3456 1511 3526; x_wconf 86' lang='lat' dir='ltr'><strong>PeIOponnesus</strong></span> <span class='ocrx_word' id='word_1_479' title='bbox 1555 3453 1740 3521; x_wconf 77' lang='lat' dir='ltr'><strong>itaque</strong></span> <span class='ocrx_word' id='word_1_480' title='bbox 1796 3469 1825 3505; x_wconf 92' lang='lat' dir='ltr'><strong>a</strong></span> <span class='ocrx_word' id='word_1_481' title='bbox 1871 3451 1981 3505; x_wconf 80' lang='lat' dir='ltr'><strong>Ma-</strong></span> 
     </span>
    </p>
   </div>
   <div class='ocr_carea' id='block_1_69' title="bbox 399 3543 1984 3606">
    <p class='ocr_par' dir='ltr' id='par_1_69' title="bbox 399 3543 1984 3606">
     <span class='ocr_line' id='line_1_69' title="bbox 399 3543 1984 3606; baseline -0.006 0"><span class='ocrx_word' id='word_1_482' title='bbox 399 3551 565 3606; x_wconf 88' lang='lat' dir='ltr'><strong>nuele</strong></span> <span class='ocrx_word' id='word_1_483' title='bbox 625 3549 996 3605; x_wconf 84' lang='lat' dir='ltr'><strong>Cantacuzcni</strong></span> <span class='ocrx_word' id='word_1_484' title='bbox 1080 3547 1193 3601; x_wconf 75' lang='lat' dir='ltr'><strong>tilio</strong></span> <span class='ocrx_word' id='word_1_485' title='bbox 1258 3545 1447 3601; x_wconf 88' lang='lat' dir='ltr'><strong>multis</strong></span> <span class='ocrx_word' id='word_1_486' title='bbox 1496 3543 1772 3598; x_wconf 87' lang='lat' dir='ltr'><strong>cumulata</strong></span> <span class='ocrx_word' id='word_1_487' title='bbox 1828 3543 1984 3596; x_wconf 86' lang='lat' dir='ltr'><strong>bonis</strong></span> 
     </span>
    </p>
   </div>
   <div class='ocr_carea' id='block_1_70' title="bbox 401 3632 1982 3714">
    <p class='ocr_par' dir='ltr' id='par_1_70' title="bbox 401 3632 1982 3714">
     <span class='ocr_line' id='line_1_70' title="bbox 401 3632 1982 3714; baseline -0.006 -16"><span class='ocrx_word' id='word_1_488' title='bbox 401 3641 493 3714; x_wconf 91' lang='lat' dir='ltr'><strong>(ob</strong></span> <span class='ocrx_word' id='word_1_489' title='bbox 520 3659 640 3712; x_wconf 80' lang='lat' dir='ltr'><strong>qua:</strong></span> <span class='ocrx_word' id='word_1_490' title='bbox 671 3658 844 3711; x_wconf 85' lang='lat' dir='ltr'><strong>usque</strong></span> <span class='ocrx_word' id='word_1_491' title='bbox 874 3641 1035 3694; x_wconf 83' lang='lat' dir='ltr'><strong>hodie</strong></span> <span class='ocrx_word' id='word_1_492' title='bbox 1059 3640 1126 3694; x_wconf 84' lang='lat' dir='ltr'><strong>ab</strong></span> <span class='ocrx_word' id='word_1_493' title='bbox 1150 3639 1394 3692; x_wconf 90' lang='lat' dir='ltr'><strong>hostibus</strong></span> <span class='ocrx_word' id='word_1_494' title='bbox 1431 3637 1630 3690; x_wconf 89' lang='lat' dir='ltr'><strong>invicta</strong></span> <span class='ocrx_word' id='word_1_495' title='bbox 1657 3632 1885 3702; x_wconf 83' lang='lat' dir='ltr'><strong>manet),</strong></span> <span class='ocrx_word' id='word_1_496' title='bbox 1916 3634 1982 3688; x_wconf 88' lang='lat' dir='ltr'><strong>ab</strong></span> 
     </span>
    </p>
   </div>
   <div class='ocr_carea' id='block_1_71' title="bbox 401 3728 1983 3799">
    <p class='ocr_par' dir='ltr' id='par_1_71' title="bbox 401 3728 1983 3799">
     <span class='ocr_line' id='line_1_71' title="bbox 401 3728 1983 3799; baseline -0.007 -8"><span class='ocrx_word' id='word_1_497' title='bbox 401 3737 592 3791; x_wconf 87' lang='lat' dir='ltr'><strong>eodem</strong></span> <span class='ocrx_word' id='word_1_498' title='bbox 641 3744 926 3790; x_wconf 78' lang='lat' dir='ltr'><strong>mansuete</strong></span> <span class='ocrx_word' id='word_1_499' title='bbox 965 3741 1022 3787; x_wconf 91' lang='lat' dir='ltr'><strong>et</strong></span> <span class='ocrx_word' id='word_1_500' title='bbox 1083 3747 1206 3786; x_wconf 92' lang='lat' dir='ltr'><strong>cum</strong></span> <span class='ocrx_word' id='word_1_501' title='bbox 1250 3730 1612 3785; x_wconf 86' lang='lat' dir='ltr'><strong>sollicitudine</strong></span> <span class='ocrx_word' id='word_1_502' title='bbox 1641 3744 1762 3799; x_wconf 82' lang='lat' dir='ltr'><strong>erga</strong></span> <span class='ocrx_word' id='word_1_503' title='bbox 1803 3728 1983 3796; x_wconf 86' lang='lat' dir='ltr'><strong>subje-</strong></span> 
     </span>
    </p>
   </div>
   <div class='ocr_carea' id='block_1_72' title="bbox 396 3822 1368 3884">
    <p class='ocr_par' dir='ltr' id='par_1_72' title="bbox 396 3822 1368 3884">
     <span class='ocr_line' id='line_1_72' title="bbox 396 3822 1368 3884; baseline -0.007 0"><span class='ocrx_word' id='word_1_504' title='bbox 396 3840 520 3884; x_wconf 87' lang='lat' dir='ltr'><strong>ctos</strong></span> <span class='ocrx_word' id='word_1_505' title='bbox 547 3826 710 3880; x_wconf 86' lang='lat' dir='ltr'><strong>etiam</strong></span> <span class='ocrx_word' id='word_1_506' title='bbox 742 3839 892 3878; x_wconf 91' lang='lat' dir='ltr'><strong>nunc</strong></span> <span class='ocrx_word' id='word_1_507' title='bbox 928 3822 1368 3877; x_wconf 86' lang='lat' dir='ltr'><strong>administratur.</strong></span> 
     </span>
    </p>
   </div>
   <div class='ocr_carea' id='block_1_73' title="bbox 404 3918 1150 3994">
    <p class='ocr_par' dir='ltr' id='par_1_73' title="bbox 404 3918 1150 3994">
     <span class='ocr_line' id='line_1_73' title="bbox 404 3918 1150 3994; baseline -0.011 -19"><span class='ocrx_word' id='word_1_508' title='bbox 404 3925 528 3994; x_wconf 80' lang='grc' dir='ltr'><strong>ρίαν</strong></span> <span class='ocrx_word' id='word_1_509' title='bbox 583 3918 1150 3988; x_wconf 83' lang='grc' dir='ltr'><strong>προσαγορευόμενον,</strong></span> 
     </span>
    </p>
   </div>
   <div class='ocr_carea' id='block_1_74' title="bbox 2073 3093 3643 3165">
    <p class='ocr_par' dir='ltr' id='par_1_74' title="bbox 2073 3093 3643 3165">
     <span class='ocr_line' id='line_1_74' title="bbox 2073 3093 3643 3165; baseline -0.003 -14"><span class='ocrx_word' id='word_1_510' title='bbox 2073 3096 2270 3158; x_wconf 78' lang='grc' dir='ltr'><strong>αὐτοὺς</strong></span> <span class='ocrx_word' id='word_1_511' title='bbox 2299 3095 2528 3157; x_wconf 76' lang='grc' dir='ltr'><strong>σπονδὰς</strong></span> <span class='ocrx_word' id='word_1_512' title='bbox 2559 3097 2862 3165; x_wconf 73' lang='grc' dir='ltr'><strong>είιρηνικὰς,</strong></span> <span class='ocrx_word' id='word_1_513' title='bbox 2893 3095 3031 3148; x_wconf 82' lang='grc' dir='ltr'><strong>ὥστε</strong></span> <span class='ocrx_word' id='word_1_514' title='bbox 3056 3093 3194 3148; x_wconf 79' lang='grc' dir='ltr'><strong>εἶναι</strong></span> <span class='ocrx_word' id='word_1_515' title='bbox 3230 3093 3506 3160; x_wconf 72' lang='grc' dir='ltr'><strong>ὑπηκόους</strong></span> <span class='ocrx_word' id='word_1_516' title='bbox 3537 3093 3643 3162; x_wconf 79' lang='grc' dir='ltr'><strong>μὲν</strong></span> 
     </span>
    </p>
   </div>
   <div class='ocr_carea' id='block_1_75' title="bbox 2075 3183 3642 3255">
    <p class='ocr_par' dir='ltr' id='par_1_75' title="bbox 2075 3183 3642 3255">
     <span class='ocr_line' id='line_1_75' title="bbox 2075 3183 3642 3255; baseline -0.003 -17"><span class='ocrx_word' id='word_1_517' title='bbox 2075 3185 2356 3255; x_wconf 78' lang='grc' dir='ltr'><strong>πρίγκιπι,</strong></span> <span class='ocrx_word' id='word_1_518' title='bbox 2383 3184 2529 3253; x_wconf 82' lang='grc' dir='ltr'><strong>αὐτῷ</strong></span> <span class='ocrx_word' id='word_1_519' title='bbox 2551 3185 2606 3237; x_wconf 81' lang='grc' dir='ltr'><strong>δὲ</strong></span> <span class='ocrx_word' id='word_1_520' title='bbox 2649 3185 2834 3254; x_wconf 77' lang='grc' dir='ltr'><strong>φίλους</strong></span> <span class='ocrx_word' id='word_1_521' title='bbox 2866 3186 2960 3237; x_wconf 71' lang='grc' dir='ltr'><strong>καὶ</strong></span> <span class='ocrx_word' id='word_1_522' title='bbox 2984 3187 3326 3254; x_wconf 79' lang='grc' dir='ltr'><strong>συμμάχους,</strong></span> <span class='ocrx_word' id='word_1_523' title='bbox 3366 3184 3457 3235; x_wconf 80' lang='grc' dir='ltr'><strong>καὶ</strong></span> <span class='ocrx_word' id='word_1_524' title='bbox 3488 3183 3642 3234; x_wconf 73' lang='grc' dir='ltr'><strong>ἔνδον</strong></span> 
     </span>
    </p>
   </div>
   <div class='ocr_carea' id='block_1_76' title="bbox 2075 3270 3647 3348">
    <p class='ocr_par' dir='ltr' id='par_1_76' title="bbox 2075 3270 3647 3348">
     <span class='ocr_line' id='line_1_76' title="bbox 2075 3270 3647 3348; baseline -0.004 -16"><span class='ocrx_word' id='word_1_525' title='bbox 2075 3297 2135 3332; x_wconf 86' lang='grc' dir='ltr'><strong>τε</strong></span> <span class='ocrx_word' id='word_1_526' title='bbox 2168 3277 2582 3344; x_wconf 74' lang='grc' dir='ltr'><strong>Πελοποννήσου</strong></span> <span class='ocrx_word' id='word_1_527' title='bbox 2613 3276 2908 3348; x_wconf 81' lang='grc' dir='ltr'><strong>προθύμως</strong></span> <span class='ocrx_word' id='word_1_528' title='bbox 2952 3278 3280 3346; x_wconf 72' lang='grc' dir='ltr'><strong>συμμαχεῖν,</strong></span> <span class='ocrx_word' id='word_1_529' title='bbox 3377 3275 3442 3326; x_wconf 83' lang='grc' dir='ltr'><strong>ἂν</strong></span> <span class='ocrx_word' id='word_1_530' title='bbox 3472 3274 3647 3326; x_wconf 75' lang='grc' dir='ltr'><strong>δέοιτο</strong></span> 
     </span>
    </p>
   </div>
   <div class='ocr_carea' id='block_1_77' title="bbox 2077 3366 3647 3439">
    <p class='ocr_par' dir='ltr' id='par_1_77' title="bbox 2077 3366 3647 3439">
     <span class='ocr_line' id='line_1_77' title="bbox 2077 3366 3647 3439; baseline -0.006 -13"><span class='ocrx_word' id='word_1_531' title='bbox 2077 3371 2254 3426; x_wconf 79' lang='grc' dir='ltr'><strong>αὐτῶν</strong></span> <span class='ocrx_word' id='word_1_532' title='bbox 2283 3371 2346 3421; x_wconf 86' lang='grc' dir='ltr'><strong>ἐκ</strong></span> <span class='ocrx_word' id='word_1_533' title='bbox 2385 3369 2496 3422; x_wconf 86' lang='grc' dir='ltr'><strong>τῶν</strong></span> <span class='ocrx_word' id='word_1_534' title='bbox 2555 3371 2773 3423; x_wconf 72' lang='grc' dir='ltr'><strong>οἰκείων</strong></span> <span class='ocrx_word' id='word_1_535' title='bbox 2825 3370 3213 3439; x_wconf 74' lang='grc' dir='ltr'><strong>τρεφομένους,</strong></span> <span class='ocrx_word' id='word_1_536' title='bbox 3250 3370 3342 3422; x_wconf 79' lang='grc' dir='ltr'><strong>καὶ</strong></span> <span class='ocrx_word' id='word_1_537' title='bbox 3384 3369 3542 3429; x_wconf 58' lang='grc' dir='ltr'><strong>ἐκτθς</strong></span> <span class='ocrx_word' id='word_1_538' title='bbox 3587 3366 3647 3417; x_wconf 82' lang='grc'><strong>6-</strong></span> 
     </span>
    </p>
   </div>
   <div class='ocr_carea' id='block_1_78' title="bbox 2087 3445 3650 3532">
    <p class='ocr_par' dir='ltr' id='par_1_78' title="bbox 2087 3445 3650 3532">
     <span class='ocr_line' id='line_1_78' title="bbox 2087 3445 3650 3532; baseline -0.003 -17"><span class='ocrx_word' id='word_1_539' title='bbox 2087 3459 2274 3532; x_wconf 82' lang='grc' dir='ltr'><strong>μοίως.</strong></span> <span class='ocrx_word' id='word_1_540' title='bbox 2305 3461 2468 3514; x_wconf 81' lang='grc' dir='ltr'><strong>Ὅθεν</strong></span> <span class='ocrx_word' id='word_1_541' title='bbox 2501 3445 2791 3530; x_wconf 77' lang='grc' dir='ltr'><strong>μαχομένῳ</strong></span> <span class='ocrx_word' id='word_1_542' title='bbox 2819 3477 2874 3513; x_wconf 88' lang='grc' dir='ltr'><strong>τε</strong></span> <span class='ocrx_word' id='word_1_543' title='bbox 2906 3462 3042 3530; x_wconf 69' lang='grc' dir='ltr'><strong>πρὸς</strong></span> <span class='ocrx_word' id='word_1_544' title='bbox 3078 3461 3294 3530; x_wconf 84' lang='grc' dir='ltr'><strong>Πέρσας</strong></span> <span class='ocrx_word' id='word_1_545' title='bbox 3325 3460 3514 3511; x_wconf 74' lang='grc' dir='ltr'><strong>ναυσὶν</strong></span> <span class='ocrx_word' id='word_1_546' title='bbox 3533 3459 3650 3511; x_wconf 88' lang='grc' dir='ltr'><strong>ἐπι-</strong></span> 
     </span>
    </p>
   </div>
   <div class='ocr_carea' id='block_1_79' title="bbox 2085 3547 3648 3619">
    <p class='ocr_par' dir='ltr' id='par_1_79' title="bbox 2085 3547 3648 3619">
     <span class='ocr_line' id='line_1_79' title="bbox 2085 3547 3648 3619; baseline -0.003 -15"><span class='ocrx_word' id='word_1_547' title='bbox 2085 3550 2480 3619; x_wconf 82' lang='grc' dir='ltr'><strong>στρατεύοντας</strong></span> <span class='ocrx_word' id='word_1_548' title='bbox 2527 3550 2788 3613; x_wconf 84' lang='grc' dir='ltr'><strong>πολλάκις</strong></span> <span class='ocrx_word' id='word_1_549' title='bbox 2845 3553 3250 3619; x_wconf 77' lang='grc' dir='ltr'><strong>συνεμάχησαν,</strong></span> <span class='ocrx_word' id='word_1_550' title='bbox 3283 3550 3376 3602; x_wconf 78' lang='grc' dir='ltr'><strong>καὶ</strong></span> <span class='ocrx_word' id='word_1_551' title='bbox 3433 3547 3648 3601; x_wconf 71' lang='grc' dir='ltr'><strong>πολῗῶι</strong></span> 
     </span>
    </p>
   </div>
   <div class='ocr_carea' id='block_1_80' title="bbox 2083 3637 3652 3719">
    <p class='ocr_par' dir='ltr' id='par_1_80' title="bbox 2083 3637 3652 3719">
     <span class='ocr_line' id='line_1_80' title="bbox 2083 3637 3652 3719; baseline -0.003 -25"><span class='ocrx_word' id='word_1_552' title='bbox 2083 3642 2232 3719; x_wconf 80' lang='grc' dir='ltr'><strong>αὐτῷ</strong></span> <span class='ocrx_word' id='word_1_553' title='bbox 2261 3641 2536 3713; x_wconf 87' lang='grc' dir='ltr'><strong>τροπαίων</strong></span> <span class='ocrx_word' id='word_1_554' title='bbox 2588 3641 2952 3710; x_wconf 78' lang='grc' dir='ltr'><strong>ἐκοινώνησαν</strong></span> <span class='ocrx_word' id='word_1_555' title='bbox 2991 3641 3133 3694; x_wconf 79' lang='grc' dir='ltr'><strong>κατὰ</strong></span> <span class='ocrx_word' id='word_1_556' title='bbox 3185 3637 3477 3710; x_wconf 68' lang='grc' dir='ltr'><strong>βαρδάρων</strong></span> <span class='ocrx_word' id='word_1_557' title='bbox 3503 3681 3515 3702; x_wconf 82' lang='grc'><strong>,</strong></span> <span class='ocrx_word' id='word_1_558' title='bbox 3553 3638 3652 3690; x_wconf 73' lang='grc' dir='ltr'><strong>καὶ</strong></span> 
     </span>
    </p>
   </div>
   <div class='ocr_carea' id='block_1_81' title="bbox 2085 3729 3650 3802">
    <p class='ocr_par' dir='ltr' id='par_1_81' title="bbox 2085 3729 3650 3802">
     <span class='ocr_line' id='line_1_81' title="bbox 2085 3729 3650 3802; baseline -0.004 -18"><span class='ocrx_word' id='word_1_559' title='bbox 2085 3733 2162 3794; x_wconf 90' lang='grc' dir='ltr'><strong>εἰς</strong></span> <span class='ocrx_word' id='word_1_560' title='bbox 2184 3731 2446 3782; x_wconf 86' lang='grc' dir='ltr'><strong>Βοιωτίαν</strong></span> <span class='ocrx_word' id='word_1_561' title='bbox 2479 3731 2862 3784; x_wconf 78' lang='grc' dir='ltr'><strong>συνεισέὸαλον</strong></span> <span class='ocrx_word' id='word_1_562' title='bbox 2890 3732 3024 3802; x_wconf 88' lang='grc' dir='ltr'><strong>πρός</strong></span> <span class='ocrx_word' id='word_1_563' title='bbox 3052 3747 3171 3782; x_wconf 90' lang='grc' dir='ltr'><strong>τινα</strong></span> <span class='ocrx_word' id='word_1_564' title='bbox 3199 3731 3307 3782; x_wconf 85' lang='grc' dir='ltr'><strong>τῶν</strong></span> <span class='ocrx_word' id='word_1_565' title='bbox 3342 3731 3456 3782; x_wconf 83' lang='grc' dir='ltr'><strong>ἐκεῖ</strong></span> <span class='ocrx_word' id='word_1_566' title='bbox 3483 3729 3650 3780; x_wconf 85' lang='grc' dir='ltr'><strong>δυνα-</strong></span> 
     </span>
    </p>
   </div>
   <div class='ocr_carea' id='block_1_82' title="bbox 2087 3817 3651 3890">
    <p class='ocr_par' dir='ltr' id='par_1_82' title="bbox 2087 3817 3651 3890">
     <span class='ocr_line' id='line_1_82' title="bbox 2087 3817 3651 3890; baseline -0.002 -19"><span class='ocrx_word' id='word_1_567' title='bbox 2087 3819 2382 3872; x_wconf 82' lang='grc' dir='ltr'><strong>στευόντων</strong></span> <span class='ocrx_word' id='word_1_568' title='bbox 2415 3819 2656 3872; x_wconf 86' lang='grc' dir='ltr'><strong>Λατίνων</strong></span> <span class='ocrx_word' id='word_1_569' title='bbox 2699 3819 3025 3890; x_wconf 64' lang='grc' dir='ltr'><strong>πολεμοῦντι</strong></span> <span class='ocrx_word' id='word_1_570' title='bbox 3059 3818 3387 3888; x_wconf 78' lang='grc' dir='ltr'><strong>Ῥουτζερην</strong></span> <span class='ocrx_word' id='word_1_571' title='bbox 3435 3817 3651 3870; x_wconf 75' lang='grc' dir='ltr'><strong>Ντελω-</strong></span> 
     </span>
    </p>
   </div>
   <div class='ocr_carea' id='block_1_83' title="bbox 1227 3883 3650 3986">
    <p class='ocr_par' dir='ltr' id='par_1_83' title="bbox 1227 3883 3650 3986">
     <span class='ocr_line' id='line_1_83' title="bbox 1227 3883 3650 3986; baseline -0.002 -19"><span class='ocrx_word' id='word_1_572' title='bbox 1227 3915 1432 3985; x_wconf 85' lang='grc' dir='ltr'><strong>πολλήν</strong></span> <span class='ocrx_word' id='word_1_573' title='bbox 1491 3930 1550 3966; x_wconf 86' lang='grc' dir='ltr'><strong>τε</strong></span> <span class='ocrx_word' id='word_1_574' title='bbox 1619 3912 1830 3967; x_wconf 75' lang='grc' dir='ltr'><strong>εὔνοιαν</strong></span> <span class='ocrx_word' id='word_1_575' title='bbox 1879 3883 2016 3983; x_wconf 62' lang='grc' dir='ltr'><strong>πρός</strong></span> <span class='ocrx_word' id='word_1_576' title='bbox 2055 3915 2215 3969; x_wconf 74' lang='grc' dir='ltr'><strong>αὐτὸν</strong></span> <span class='ocrx_word' id='word_1_577' title='bbox 2254 3915 2550 3985; x_wconf 74' lang='grc' dir='ltr'><strong>ἐκτήσαντο</strong></span> <span class='ocrx_word' id='word_1_578' title='bbox 2612 3914 2699 3968; x_wconf 77' lang='grc' dir='ltr'><strong>διὰ</strong></span> <span class='ocrx_word' id='word_1_579' title='bbox 2726 3883 3154 3986; x_wconf 37' lang='grc' dir='ltr'><strong>τὴν-ἐπιείκειαν</strong></span> <span class='ocrx_word' id='word_1_580' title='bbox 3208 3883 3301 3968; x_wconf 66' lang='grc' dir='ltr'><strong>καῖ</strong></span> <span class='ocrx_word' id='word_1_581' title='bbox 3341 3883 3650 3980; x_wconf 65' lang='grc' dir='ltr'><strong>τὸφιλάλη-</strong></span> 
     </span>
    </p>
   </div>
   <div class='ocr_carea' id='block_1_84' title="bbox 405 4006 3653 4081">
    <p class='ocr_par' dir='ltr' id='par_1_84' title="bbox 405 4006 3653 4081">
     <span class='ocr_line' id='line_1_84' title="bbox 405 4006 3653 4081; baseline -0.003 -14"><span class='ocrx_word' id='word_1_582' title='bbox 405 4016 520 4075; x_wconf 79' lang='grc' dir='ltr'><strong>θες.</strong></span> <span class='ocrx_word' id='word_1_583' title='bbox 565 4013 654 4065; x_wconf 82' lang='grc' dir='ltr'><strong>Ἐν</strong></span> <span class='ocrx_word' id='word_1_584' title='bbox 683 4013 859 4080; x_wconf 83' lang='grc' dir='ltr'><strong>χρόνῳ</strong></span> <span class='ocrx_word' id='word_1_585' title='bbox 884 4010 994 4078; x_wconf 82' lang='grc' dir='ltr'><strong>γὰρ</strong></span> <span class='ocrx_word' id='word_1_586' title='bbox 1027 4010 1130 4080; x_wconf 74' lang='grc' dir='ltr'><strong>ήδη</strong></span> <span class='ocrx_word' id='word_1_587' title='bbox 1172 4010 1271 4062; x_wconf 82' lang='grc' dir='ltr'><strong>οὐκ</strong></span> <span class='ocrx_word' id='word_1_588' title='bbox 1315 4009 1480 4081; x_wconf 82' lang='grc' dir='ltr'><strong>ὀλίγῳ</strong></span> <span class='ocrx_word' id='word_1_589' title='bbox 1514 4009 1774 4062; x_wconf 81' lang='grc' dir='ltr'><strong>οὐδέποτε</strong></span> <span class='ocrx_word' id='word_1_590' title='bbox 1826 4010 1980 4062; x_wconf 81' lang='grc' dir='ltr'><strong>οὐδὲν</strong></span> <span class='ocrx_word' id='word_1_591' title='bbox 2021 4011 2193 4080; x_wconf 81' lang='grc' dir='ltr'><strong>ἐφάνη</strong></span> <span class='ocrx_word' id='word_1_592' title='bbox 2253 4011 2359 4064; x_wconf 84' lang='grc' dir='ltr'><strong>τῶν</strong></span> <span class='ocrx_word' id='word_1_593' title='bbox 2427 4011 2854 4081; x_wconf 80' lang='grc' dir='ltr'><strong>ἐπηγγελμένων</strong></span> <span class='ocrx_word' id='word_1_594' title='bbox 2909 4011 3262 4079; x_wconf 52' lang='grc' dir='ltr'><strong>ἐψευσμένος.</strong></span> <span class='ocrx_word' id='word_1_595' title='bbox 3306 4008 3470 4063; x_wconf 85' lang='grc' dir='ltr'><strong>Ὅθεν</strong></span> <span class='ocrx_word' id='word_1_596' title='bbox 3531 4006 3653 4059; x_wconf 70' lang='grc' dir='ltr'><strong>αἰδὲ</strong></span> 
     </span>
    </p>
   </div>
   <div class='ocr_carea' id='block_1_85' title="bbox 405 4103 3652 4178">
    <p class='ocr_par' dir='ltr' id='par_1_85' title="bbox 405 4103 3652 4178">
     <span class='ocr_line' id='line_1_85' title="bbox 405 4103 3652 4178; baseline -0.001 -18"><span class='ocrx_word' id='word_1_597' title='bbox 405 4109 586 4176; x_wconf 78' lang='grc' dir='ltr'><strong>ὅρκων</strong></span> <span class='ocrx_word' id='word_1_598' title='bbox 619 4105 830 4157; x_wconf 83' lang='grc' dir='ltr'><strong>δέονται</strong></span> <span class='ocrx_word' id='word_1_599' title='bbox 857 4105 922 4172; x_wconf 73' lang='grc' dir='ltr'><strong>ἦν</strong></span> <span class='ocrx_word' id='word_1_600' title='bbox 950 4121 1002 4156; x_wconf 90' lang='grc' dir='ltr'><strong>τι</strong></span> <span class='ocrx_word' id='word_1_601' title='bbox 1027 4104 1255 4158; x_wconf 83' lang='grc' dir='ltr'><strong>δέωνται</strong></span> <span class='ocrx_word' id='word_1_602' title='bbox 1315 4105 1523 4156; x_wconf 69' lang='grc' dir='ltr'><strong>ἐκείνου</strong></span> <span class='ocrx_word' id='word_1_603' title='bbox 1549 4121 1562 4135; x_wconf 73' lang='grc' dir='ltr'><strong>ο</strong></span> <span class='ocrx_word' id='word_1_604' title='bbox 1589 4105 1705 4158; x_wconf 81' lang='grc' dir='ltr'><strong>ἀλλ’</strong></span> <span class='ocrx_word' id='word_1_605' title='bbox 1763 4105 2060 4175; x_wconf 80' lang='grc' dir='ltr'><strong>ἀξιόχρεως</strong></span> <span class='ocrx_word' id='word_1_606' title='bbox 2095 4108 2278 4168; x_wconf 84' lang='grc' dir='ltr'><strong>αὐτοῖς</strong></span> <span class='ocrx_word' id='word_1_607' title='bbox 2317 4107 2452 4177; x_wconf 75' lang='grc' dir='ltr'><strong>πρὸς</strong></span> <span class='ocrx_word' id='word_1_608' title='bbox 2497 4107 2700 4172; x_wconf 83' lang='grc' dir='ltr'><strong>πίστιν,</strong></span> <span class='ocrx_word' id='word_1_609' title='bbox 2736 4107 2831 4160; x_wconf 80' lang='grc' dir='ltr'><strong>καὶ</strong></span> <span class='ocrx_word' id='word_1_610' title='bbox 2879 4107 3033 4174; x_wconf 85' lang='grc' dir='ltr'><strong>λόγος</strong></span> <span class='ocrx_word' id='word_1_611' title='bbox 3087 4107 3408 4178; x_wconf 82' lang='grc' dir='ltr'><strong>προϊέμενος</strong></span> <span class='ocrx_word' id='word_1_612' title='bbox 3442 4103 3652 4164; x_wconf 82' lang='grc' dir='ltr'><strong>ἁπλῶς.</strong></span> 
     </span>
    </p>
   </div>
   <div class='ocr_carea' id='block_1_86' title="bbox 409 4191 3655 4268">
    <p class='ocr_par' dir='ltr' id='par_1_86' title="bbox 409 4191 3655 4268">
     <span class='ocr_line' id='line_1_86' title="bbox 409 4191 3655 4268; baseline -0.002 -20"><span class='ocrx_word' id='word_1_613' title='bbox 409 4200 482 4253; x_wconf 80' lang='grc' dir='ltr'>Ἠ</span> <span class='ocrx_word' id='word_1_614' title='bbox 515 4197 612 4267; x_wconf 81' lang='grc' dir='ltr'><strong>μὲν</strong></span> <span class='ocrx_word' id='word_1_615' title='bbox 664 4191 756 4248; x_wconf 82' lang='grc' dir='ltr'><strong>οὖν</strong></span> <span class='ocrx_word' id='word_1_616' title='bbox 801 4197 1206 4266; x_wconf 78' lang='grc' dir='ltr'><strong>Πελοπόννησος</strong></span> <span class='ocrx_word' id='word_1_617' title='bbox 1241 4196 1414 4259; x_wconf 76' lang='grc' dir='ltr'><strong>οὕτως</strong></span> <span class='ocrx_word' id='word_1_618' title='bbox 1452 4197 1640 4264; x_wconf 79' lang='grc' dir='ltr'><strong>ἄγεται</strong></span> <span class='ocrx_word' id='word_1_619' title='bbox 1694 4195 1856 4268; x_wconf 80' lang='grc' dir='ltr'><strong>μέχρι</strong></span> <span class='ocrx_word' id='word_1_620' title='bbox 1925 4197 2018 4249; x_wconf 74' lang='grc' dir='ltr'><strong>νῦν</strong></span> <span class='ocrx_word' id='word_1_621' title='bbox 2057 4198 2163 4250; x_wconf 75' lang='grc' dir='ltr'><strong>ὑπὸ</strong></span> <span class='ocrx_word' id='word_1_622' title='bbox 2197 4197 2460 4250; x_wconf 86' lang='grc' dir='ltr'><strong>δεσπότου</strong></span> <span class='ocrx_word' id='word_1_623' title='bbox 2513 4197 2768 4268; x_wconf 75' lang='grc' dir='ltr'><strong>Μανουὴλ</strong></span> <span class='ocrx_word' id='word_1_624' title='bbox 2831 4197 2926 4250; x_wconf 79' lang='grc' dir='ltr'><strong>τοῦ</strong></span> <span class='ocrx_word' id='word_1_625' title='bbox 2983 4195 3437 4265; x_wconf 75' lang='grc' dir='ltr'><strong>Καντακουζηνοῦ</strong></span> <span class='ocrx_word' id='word_1_626' title='bbox 3479 4193 3655 4245; x_wconf 59' lang='lat' dir='ltr'><strong>noui</strong></span> 
     </span>
    </p>
   </div>
   <div class='ocr_carea' id='block_1_87' title="bbox 404 4270 3658 4362">
    <p class='ocr_par' dir='ltr' id='par_1_87' title="bbox 404 4285 3658 4362">
     <span class='ocr_line' id='line_1_87' title="bbox 404 4285 3658 4362; baseline 0.001 -23"><span class='ocrx_word' id='word_1_627' title='bbox 404 4287 763 4358; x_wconf 73' lang='grc' dir='ltr'><strong>ὠφελουμένη</strong></span> <span class='ocrx_word' id='word_1_628' title='bbox 799 4291 861 4344; x_wconf 79' lang='grc' dir='ltr'><strong>ἐκ</strong></span> <span class='ocrx_word' id='word_1_629' title='bbox 887 4309 944 4345; x_wconf 88' lang='grc' dir='ltr'><strong>τε</strong></span> <span class='ocrx_word' id='word_1_630' title='bbox 986 4285 1060 4347; x_wconf 84' lang='grc' dir='ltr'><strong>ὧν</strong></span> <span class='ocrx_word' id='word_1_631' title='bbox 1090 4295 1199 4356; x_wconf 83' lang='grc' dir='ltr'><strong>τοῖς</strong></span> <span class='ocrx_word' id='word_1_632' title='bbox 1237 4291 1518 4362; x_wconf 78' lang='grc' dir='ltr'><strong>πολεμίοις</strong></span> <span class='ocrx_word' id='word_1_633' title='bbox 1551 4293 1820 4362; x_wconf 82' lang='grc' dir='ltr'><strong>ἀήττητος</strong></span> <span class='ocrx_word' id='word_1_634' title='bbox 1855 4291 1980 4360; x_wconf 70' lang='grc' dir='ltr'><strong>ἄχρι</strong></span> <span class='ocrx_word' id='word_1_635' title='bbox 2014 4291 2109 4344; x_wconf 75' lang='grc' dir='ltr'><strong>νῦν</strong></span> <span class='ocrx_word' id='word_1_636' title='bbox 2164 4291 2524 4354; x_wconf 78' lang='grc' dir='ltr'><strong>διατετέλεκε,</strong></span> <span class='ocrx_word' id='word_1_637' title='bbox 2594 4292 2690 4345; x_wconf 76' lang='grc' dir='ltr'><strong>καὶ</strong></span> <span class='ocrx_word' id='word_1_638' title='bbox 2759 4293 2870 4355; x_wconf 86' lang='grc' dir='ltr'><strong>τοῖς</strong></span> <span class='ocrx_word' id='word_1_639' title='bbox 2922 4293 3189 4362; x_wconf 79' lang='grc' dir='ltr'><strong>ὑπηκόοις</strong></span> <span class='ocrx_word' id='word_1_640' title='bbox 3242 4293 3518 4362; x_wconf 61' lang='grc' dir='ltr'><strong>προσηνὴς</strong></span> <span class='ocrx_word' id='word_1_641' title='bbox 3559 4291 3658 4343; x_wconf 75' lang='grc' dir='ltr'><strong>καὶ</strong></span> 
     </span>
    </p>
   </div>
   <div class='ocr_carea' id='block_1_88' title="bbox 406 4385 788 4456">
    <p class='ocr_par' dir='ltr' id='par_1_88' title="bbox 406 4385 788 4456">
     <span class='ocr_line' id='line_1_88' title="bbox 406 4385 788 4456; baseline 0.013 -19"><span class='ocrx_word' id='word_1_642' title='bbox 406 4385 536 4456; x_wconf 87' lang='grc' dir='ltr'><strong>κηδε</strong></span> <span class='ocrx_word' id='word_1_643' title='bbox 545 4387 788 4456; x_wconf 87' lang='grc' dir='ltr'><strong>μονικός.</strong></span> 
     </span>
    </p>
   </div>
   <div class='ocr_carea' id='block_1_89' title="bbox 1734 4501 2338 4572">
    <p class='ocr_par' dir='ltr' id='par_1_89' title="bbox 1734 4501 2338 4572">
     <span class='ocr_line' id='line_1_89' title="bbox 1734 4501 2338 4572; baseline -0.003 -15"><span class='ocrx_word' id='word_1_644' title='bbox 1734 4501 1895 4572; x_wconf 59' lang='grc'><strong>7554</strong></span> <span class='ocrx_word' id='word_1_645' title='bbox 1935 4501 2160 4556; x_wconf 69' lang='lat' dir='ltr'><strong>CAPUT</strong></span> <span class='ocrx_word' id='word_1_646' title='bbox 2204 4502 2338 4555; x_wconf 74' lang='lat' dir='ltr'><strong>MV.</strong></span> 
     </span>
    </p>
   </div>
   <div class='ocr_carea' id='block_1_90' title="bbox 410 4593 3664 4668">
    <p class='ocr_par' dir='ltr' id='par_1_90' title="bbox 410 4593 3664 4668">
     <span class='ocr_line' id='line_1_90' title="bbox 410 4593 3664 4668; baseline -0.001 -17"><span class='ocrx_word' id='word_1_647' title='bbox 410 4595 625 4666; x_wconf 82' lang='lat' dir='ltr'><strong>Legatio</strong></span> <span class='ocrx_word' id='word_1_648' title='bbox 663 4599 732 4650; x_wconf 85' lang='lat' dir='ltr'><strong>ad</strong></span> <span class='ocrx_word' id='word_1_649' title='bbox 794 4599 1062 4651; x_wconf 79' lang='lat' dir='ltr'><strong>sultanum</strong></span> <span class='ocrx_word' id='word_1_650' title='bbox 1092 4596 1311 4668; x_wconf 61' lang='lat' dir='ltr'><strong>{Egypti</strong></span> <span class='ocrx_word' id='word_1_651' title='bbox 1357 4613 1450 4668; x_wconf 76' lang='lat' dir='ltr'><strong>pro</strong></span> <span class='ocrx_word' id='word_1_652' title='bbox 1475 4596 1838 4668; x_wconf 65' lang='lat' dir='ltr'><strong>Christianis;</strong></span> <span class='ocrx_word' id='word_1_653' title='bbox 1871 4597 2004 4647; x_wconf 81' lang='lat' dir='ltr'><strong>citra</strong></span> <span class='ocrx_word' id='word_1_654' title='bbox 2060 4598 2210 4662; x_wconf 79' lang='lat' dir='ltr'><strong>cujus</strong></span> <span class='ocrx_word' id='word_1_655' title='bbox 2244 4611 2678 4668; x_wconf 7' lang='lat' dir='ltr'><strong>assensumjnon</strong></span> <span class='ocrx_word' id='word_1_656' title='bbox 2719 4605 2960 4666; x_wconf 67' lang='lat' dir='ltr'><strong>poterant</strong></span> <span class='ocrx_word' id='word_1_657' title='bbox 3008 4597 3229 4666; x_wconf 75' lang='lat' dir='ltr'><strong>rpisropt</strong></span> <span class='ocrx_word' id='word_1_658' title='bbox 3278 4595 3502 4649; x_wconf 76' lang='lat' dir='ltr'><strong>restitui.</strong></span> <span class='ocrx_word' id='word_1_659' title='bbox 3555 4593 3664 4648; x_wconf 81' lang='lat' dir='ltr'><strong>Pa-</strong></span> 
     </span>
    </p>
   </div>
   <div class='ocr_carea' id='block_1_91' title="bbox 481 4664 3662 4740">
    <p class='ocr_par' dir='ltr' id='par_1_91' title="bbox 481 4664 3662 4740">
     <span class='ocr_line' id='line_1_91' title="bbox 481 4664 3662 4740; baseline -0.001 -21"><span class='ocrx_word' id='word_1_660' title='bbox 481 4664 1278 4740; x_wconf 7' lang='lat' dir='ltr'><strong>triarcha_lljieroso!ymitdnus</strong></span> <span class='ocrx_word' id='word_1_661' title='bbox 1311 4664 1624 4740; x_wconf 65' lang='lat' dir='ltr'><strong>accusatur,</strong></span> <span class='ocrx_word' id='word_1_662' title='bbox 1666 4665 1856 4740; x_wconf 51' lang='lat' dir='ltr'><strong>gradu</strong></span> <span class='ocrx_word' id='word_1_663' title='bbox 1912 4676 2170 4740; x_wconf 76' lang='lat' dir='ltr'><strong>mouetur,</strong></span> <span class='ocrx_word' id='word_1_664' title='bbox 2227 4664 2364 4740; x_wconf 71' lang='lat' dir='ltr'><strong>{ante</strong></span> <span class='ocrx_word' id='word_1_665' title='bbox 2417 4664 2728 4740; x_wconf 19' lang='lat' dir='ltr'><strong>cruciatur;</strong></span> <span class='ocrx_word' id='word_1_666' title='bbox 2769 4665 2836 4718; x_wconf 88' lang='lat' dir='ltr'><strong>ad</strong></span> <span class='ocrx_word' id='word_1_667' title='bbox 2900 4664 3326 4719; x_wconf 75' lang='lat' dir='ltr'><strong>Cantacazenum</strong></span> <span class='ocrx_word' id='word_1_668' title='bbox 3381 4665 3662 4732; x_wconf 71' lang='lat' dir='ltr'><strong>confugere</strong></span> 
     </span>
    </p>
   </div>
   <div class='ocr_carea' id='block_1_92' title="bbox 480 4733 3655 4799">
    <p class='ocr_par' dir='ltr' id='par_1_92' title="bbox 480 4733 3655 4799">
     <span class='ocr_line' id='line_1_92' title="bbox 480 4733 3655 4799; baseline -0.001 -10"><span class='ocrx_word' id='word_1_669' title='bbox 480 4739 675 4799; x_wconf 72' lang='lat' dir='ltr'><strong>nitens,</strong></span> <span class='ocrx_word' id='word_1_670' title='bbox 714 4733 1075 4793; x_wconf 53' lang='lat' dir='ltr'><strong>Gutatreoru&#39;m</strong></span> <span class='ocrx_word' id='word_1_671' title='bbox 1108 4739 1474 4791; x_wconf 70' lang='lat' dir='ltr'><strong>incitationem</strong></span> <span class='ocrx_word' id='word_1_672' title='bbox 1529 4733 1574 4788; x_wconf 80' lang='lat' dir='ltr'><strong>et</strong></span> <span class='ocrx_word' id='word_1_673' title='bbox 1607 4737 1775 4788; x_wconf 80' lang='lat' dir='ltr'><strong>minus</strong></span> <span class='ocrx_word' id='word_1_674' title='bbox 1805 4738 2114 4795; x_wconf 71' lang='lat' dir='ltr'><strong>contemnit,</strong></span> <span class='ocrx_word' id='word_1_675' title='bbox 2143 4734 2372 4787; x_wconf 76' lang='lat' dir='ltr'><strong>hostibus</strong></span> <span class='ocrx_word' id='word_1_676' title='bbox 2408 4735 2658 4790; x_wconf 85' lang='lat' dir='ltr'><strong>traditur.</strong></span> <span class='ocrx_word' id='word_1_677' title='bbox 2696 4733 3024 4789; x_wconf 80' lang='lat' dir='ltr'><strong>Patriarrha:</strong></span> <span class='ocrx_word' id='word_1_678' title='bbox 3055 4736 3109 4787; x_wconf 89' lang='lat' dir='ltr'><strong>in</strong></span> <span class='ocrx_word' id='word_1_679' title='bbox 3155 4751 3270 4787; x_wconf 86' lang='lat' dir='ltr'><strong>eum</strong></span> <span class='ocrx_word' id='word_1_680' title='bbox 3329 4736 3655 4794; x_wconf 69' lang='lat' dir='ltr'><strong>humanitas,</strong></span> 
     </span>
    </p>
   </div>
   <div class='ocr_carea' id='block_1_93' title="bbox 480 4802 3660 4879">
    <p class='ocr_par' dir='ltr' id='par_1_93' title="bbox 480 4802 3660 4879">
     <span class='ocr_line' id='line_1_93' title="bbox 480 4802 3660 4879; baseline -0.003 -17"><span class='ocrx_word' id='word_1_681' title='bbox 480 4818 660 4879; x_wconf 83' lang='lat' dir='ltr'><strong>postea</strong></span> <span class='ocrx_word' id='word_1_682' title='bbox 692 4809 1090 4870; x_wconf 82' lang='lat' dir='ltr'><strong>inlutmanitas;</strong></span> <span class='ocrx_word' id='word_1_683' title='bbox 1119 4825 1180 4879; x_wconf 81' lang='lat' dir='ltr'><strong>_a</strong></span> <span class='ocrx_word' id='word_1_684' title='bbox 1212 4806 1578 4879; x_wconf 75' lang='lat' dir='ltr'><strong>Cantacuzeno</strong></span> <span class='ocrx_word' id='word_1_685' title='bbox 1616 4805 1904 4879; x_wconf 61' lang='lat' dir='ltr'><strong>liberaliter</strong></span> <span class='ocrx_word' id='word_1_686' title='bbox 1963 4804 2218 4879; x_wconf 83' lang='lat' dir='ltr'><strong>habetur_;</strong></span> <span class='ocrx_word' id='word_1_687' title='bbox 2275 4809 2342 4879; x_wconf 66' lang='lat' dir='ltr'><strong>ad</strong></span> <span class='ocrx_word' id='word_1_688' title='bbox 2404 4803 2677 4879; x_wconf 68' lang='lat' dir='ltr'><strong>sultanum</strong></span> <span class='ocrx_word' id='word_1_689' title='bbox 2729 4805 2927 4879; x_wconf 77' lang='lat' dir='ltr'><strong>legatus</strong></span> <span class='ocrx_word' id='word_1_690' title='bbox 2983 4806 3247 4868; x_wconf 80' lang='lat' dir='ltr'><strong>mittitur;</strong></span> <span class='ocrx_word' id='word_1_691' title='bbox 3281 4821 3374 4875; x_wconf 79' lang='lat' dir='ltr'><strong>per</strong></span> <span class='ocrx_word' id='word_1_692' title='bbox 3423 4802 3660 4856; x_wconf 73' lang='lat' dir='ltr'><strong>etintdean</strong></span> 
     </span>
    </p>
   </div>
   <div class='ocr_carea' id='block_1_94' title="bbox 477 4871 2946 4944">
    <p class='ocr_par' dir='ltr' id='par_1_94' title="bbox 477 4871 2946 4944">
     <span class='ocr_line' id='line_1_94' title="bbox 477 4871 2946 4944; baseline -0.001 -12"><span class='ocrx_word' id='word_1_693' title='bbox 477 4871 589 4932; x_wconf 55' lang='lat' dir='ltr'><strong>sedi</strong></span> <span class='ocrx_word' id='word_1_694' title='bbox 620 4895 730 4933; x_wconf 81' lang='lat' dir='ltr'><strong>sua:</strong></span> <span class='ocrx_word' id='word_1_695' title='bbox 759 4879 1076 4932; x_wconf 82' lang='lat' dir='ltr'><strong>restituitur.</strong></span> <span class='ocrx_word' id='word_1_696' title='bbox 1108 4876 1322 4930; x_wconf 68' lang='lat' dir='ltr'><strong>Litterae</strong></span> <span class='ocrx_word' id='word_1_697' title='bbox 1367 4875 1598 4944; x_wconf 75' lang='lat' dir='ltr'><strong>ejusdem</strong></span> <span class='ocrx_word' id='word_1_698' title='bbox 1629 4875 1697 4925; x_wconf 87' lang='lat' dir='ltr'><strong>ad</strong></span> <span class='ocrx_word' id='word_1_699' title='bbox 1734 4875 2127 4943; x_wconf 83' lang='lat' dir='ltr'><strong>imperatorem.</strong></span> <span class='ocrx_word' id='word_1_700' title='bbox 2167 4871 2232 4926; x_wconf 90' lang='lat' dir='ltr'><strong>In</strong></span> <span class='ocrx_word' id='word_1_701' title='bbox 2270 4873 2376 4940; x_wconf 78' lang='lat' dir='ltr'><strong>ﬁne</strong></span> <span class='ocrx_word' id='word_1_702' title='bbox 2411 4873 2526 4927; x_wconf 84' lang='lat' dir='ltr'><strong>laus</strong></span> <span class='ocrx_word' id='word_1_703' title='bbox 2570 4871 2946 4930; x_wconf 77' lang='lat' dir='ltr'><strong>Cantacuzeni.</strong></span> 
     </span>
    </p>
   </div>
   <div class='ocr_carea' id='block_1_95' title="bbox 479 4965 1965 5064">
    <p class='ocr_par' dir='ltr' id='par_1_95' title="bbox 479 4987 1965 5064">
     <span class='ocr_line' id='line_1_95' title="bbox 479 4987 1965 5064; baseline -0.006 -16"><span class='ocrx_word' id='word_1_704' title='bbox 479 4992 598 5049; x_wconf 74' lang='lat' dir='ltr'><strong>1am</strong></span> <span class='ocrx_word' id='word_1_705' title='bbox 631 5008 759 5048; x_wconf 90' lang='lat' dir='ltr'><strong>vero</strong></span> <span class='ocrx_word' id='word_1_706' title='bbox 782 4995 1076 5064; x_wconf 90' lang='lat' dir='ltr'><strong>imperator</strong></span> <span class='ocrx_word' id='word_1_707' title='bbox 1110 4992 1176 5045; x_wconf 88' lang='lat' dir='ltr'><strong>ad</strong></span> <span class='ocrx_word' id='word_1_708' title='bbox 1201 4991 1438 5062; x_wconf 65' lang='lat' dir='ltr'><strong>lEgypti,</strong></span> <span class='ocrx_word' id='word_1_709' title='bbox 1496 4989 1668 5058; x_wconf 66' lang='lat' dir='ltr'><strong>Syria:</strong></span> <span class='ocrx_word' id='word_1_710' title='bbox 1696 4997 1751 5042; x_wconf 89' lang='lat' dir='ltr'><strong>et</strong></span> <span class='ocrx_word' id='word_1_711' title='bbox 1778 4987 1965 5042; x_wconf 68' lang='lat' dir='ltr'><strong>Judzca</strong></span> 
     </span>
    </p>
   </div>
   <div class='ocr_carea' id='block_1_96' title="bbox 2068 4965 3660 5064">
    <p class='ocr_par' dir='ltr' id='par_1_96' title="bbox 2164 4965 3660 5062">
     <span class='ocr_line' id='line_1_96' title="bbox 2164 4965 3660 5062; baseline 0.002 -22"><span class='ocrx_word' id='word_1_712' title='bbox 2164 4988 2424 5051; x_wconf 81' lang='grc' dir='ltr'><strong>Βασιλεὺς</strong></span> <span class='ocrx_word' id='word_1_713' title='bbox 2455 4990 2511 5042; x_wconf 83' lang='grc' dir='ltr'><strong>δὲ</strong></span> <span class='ocrx_word' id='word_1_714' title='bbox 2549 4990 2643 5044; x_wconf 75' lang='grc' dir='ltr'><strong>καὶ</strong></span> <span class='ocrx_word' id='word_1_715' title='bbox 2679 4965 2816 5061; x_wconf 79' lang='grc' dir='ltr'><strong>πρὸς</strong></span> <span class='ocrx_word' id='word_1_716' title='bbox 2846 4993 2937 5045; x_wconf 79' lang='grc' dir='ltr'><strong>τὸν</strong></span> <span class='ocrx_word' id='word_1_717' title='bbox 2981 4993 3258 5062; x_wconf 78' lang='grc' dir='ltr'><strong>Αἰγύπτου</strong></span> <span class='ocrx_word' id='word_1_718' title='bbox 3320 4992 3414 5045; x_wconf 77' lang='grc' dir='ltr'><strong>καὶ</strong></span> <span class='ocrx_word' id='word_1_719' title='bbox 3457 4991 3660 5060; x_wconf 79' lang='grc' dir='ltr'><strong>Συρέας</strong></span> 
     </span>
    </p>
   </div>
   <div class='ocr_carea' id='block_1_97' title="bbox 412 5080 1984 5158">
    <p class='ocr_par' dir='ltr' id='par_1_97' title="bbox 412 5080 1984 5158">
     <span class='ocr_line' id='line_1_97' title="bbox 412 5080 1984 5158; baseline -0.006 -16"><span class='ocrx_word' id='word_1_720' title='bbox 412 5087 686 5142; x_wconf 86' lang='lat' dir='ltr'><strong>sultanum</strong></span> <span class='ocrx_word' id='word_1_721' title='bbox 723 5087 1049 5156; x_wconf 77' lang='lat' dir='ltr'><strong>legationem</strong></span> <span class='ocrx_word' id='word_1_722' title='bbox 1090 5102 1186 5158; x_wconf 92' lang='lat' dir='ltr'><strong>pro</strong></span> <span class='ocrx_word' id='word_1_723' title='bbox 1219 5085 1432 5138; x_wconf 89' lang='lat' dir='ltr'><strong>illarum</strong></span> <span class='ocrx_word' id='word_1_724' title='bbox 1484 5083 1764 5153; x_wconf 74' lang='lat' dir='ltr'><strong>regionum</strong></span> <span class='ocrx_word' id='word_1_725' title='bbox 1824 5080 1984 5136; x_wconf 81' lang='lat' dir='ltr'><strong>Chri-</strong></span> 
     </span>
    </p>
   </div>
   <div class='ocr_carea' id='block_1_98' title="bbox 413 5171 1988 5249">
    <p class='ocr_par' dir='ltr' id='par_1_98' title="bbox 413 5171 1988 5249">
     <span class='ocr_line' id='line_1_98' title="bbox 413 5171 1988 5249; baseline -0.005 -17"><span class='ocrx_word' id='word_1_726' title='bbox 413 5177 614 5232; x_wconf 89' lang='lat' dir='ltr'><strong>stianis</strong></span> <span class='ocrx_word' id='word_1_727' title='bbox 650 5177 816 5232; x_wconf 87' lang='lat' dir='ltr'><strong>misit.</strong></span> <span class='ocrx_word' id='word_1_728' title='bbox 849 5176 1033 5249; x_wconf 76' lang='lat' dir='ltr'><strong>Legati</strong></span> <span class='ocrx_word' id='word_1_729' title='bbox 1062 5173 1467 5240; x_wconf 81' lang='lat' dir='ltr'><strong>erantlllanuel,</strong></span> <span class='ocrx_word' id='word_1_730' title='bbox 1512 5171 1863 5243; x_wconf 76' lang='lat' dir='ltr'><strong>Sergopolus,</strong></span> <span class='ocrx_word' id='word_1_731' title='bbox 1911 5172 1988 5226; x_wconf 89' lang='lat' dir='ltr'><strong>ci-</strong></span> 
     </span>
    </p>
   </div>
   <div class='ocr_carea' id='block_1_99' title="bbox 2096 5077 3661 5153">
    <p class='ocr_par' dir='ltr' id='par_1_99' title="bbox 2096 5077 3661 5153">
     <span class='ocr_line' id='line_1_99' title="bbox 2096 5077 3661 5153; baseline 0.001 -22"><span class='ocrx_word' id='word_1_732' title='bbox 2096 5081 2190 5134; x_wconf 74' lang='grc' dir='ltr'><strong>καὶ</strong></span> <span class='ocrx_word' id='word_1_733' title='bbox 2225 5077 2482 5144; x_wconf 80' lang='grc' dir='ltr'><strong>Ἰουδαίας</strong></span> <span class='ocrx_word' id='word_1_734' title='bbox 2527 5081 2760 5134; x_wconf 73' lang='grc' dir='ltr'><strong>σουλτὰν</strong></span> <span class='ocrx_word' id='word_1_735' title='bbox 2793 5083 2933 5152; x_wconf 74' lang='grc' dir='ltr'><strong>ὑπὲρ</strong></span> <span class='ocrx_word' id='word_1_736' title='bbox 2961 5083 3070 5135; x_wconf 87' lang='grc' dir='ltr'><strong>τῶν</strong></span> <span class='ocrx_word' id='word_1_737' title='bbox 3099 5084 3283 5153; x_wconf 78' lang='grc' dir='ltr'><strong>ἐκείνῃ</strong></span> <span class='ocrx_word' id='word_1_738' title='bbox 3312 5082 3661 5151; x_wconf 83' lang='grc' dir='ltr'><strong>Χριστιανῶν</strong></span> 
     </span>
    </p>
   </div>
   <div class='ocr_carea' id='block_1_100' title="bbox 2097 5171 3664 5247">
    <p class='ocr_par' dir='ltr' id='par_1_100' title="bbox 2097 5171 3664 5247">
     <span class='ocr_line' id='line_1_100' title="bbox 2097 5171 3664 5247; baseline 0 -23"><span class='ocrx_word' id='word_1_739' title='bbox 2097 5171 2397 5238; x_wconf 74' lang='grc' dir='ltr'><strong>πρεσϐείαν</strong></span> <span class='ocrx_word' id='word_1_740' title='bbox 2429 5175 2682 5227; x_wconf 83' lang='grc' dir='ltr'><strong>ἐποιεῖτο.</strong></span> <span class='ocrx_word' id='word_1_741' title='bbox 2722 5175 3054 5246; x_wconf 75' lang='grc' dir='ltr'><strong>ιΙρεσσευταὶ</strong></span> <span class='ocrx_word' id='word_1_742' title='bbox 3090 5175 3148 5230; x_wconf 80' lang='grc' dir='ltr'><strong>δὲ</strong></span> <span class='ocrx_word' id='word_1_743' title='bbox 3188 5171 3327 5247; x_wconf 81' lang='grc' dir='ltr'><strong>ἦσαν</strong></span> <span class='ocrx_word' id='word_1_744' title='bbox 3357 5174 3421 5228; x_wconf 79' lang='grc' dir='ltr'><strong>ἐκ</strong></span> <span class='ocrx_word' id='word_1_745' title='bbox 3461 5175 3521 5227; x_wconf 83' lang='grc' dir='ltr'><strong>τε</strong></span> <span class='ocrx_word' id='word_1_746' title='bbox 3554 5173 3664 5226; x_wconf 80' lang='grc' dir='ltr'><strong>τῶν</strong></span> 
     </span>
    </p>
   </div>
   <div class='ocr_carea' id='block_1_101' title="bbox 1647 5297 2392 5362">
    <p class='ocr_par' dir='ltr' id='par_1_101' title="bbox 1647 5297 2392 5362">
     <span class='ocr_line' id='line_1_101' title="bbox 1647 5297 2392 5362; baseline 0.001 -3"><span class='ocrx_word' id='word_1_747' title='bbox 1647 5299 1862 5362; x_wconf 85' lang='lat' dir='ltr'><strong>Jacobi</strong></span> <span class='ocrx_word' id='word_1_748' title='bbox 1900 5297 2164 5360; x_wconf 83' lang='lat' dir='ltr'><strong>Pontani</strong></span> <span class='ocrx_word' id='word_1_749' title='bbox 2200 5307 2392 5360; x_wconf 74' lang='lat' dir='ltr'><strong>noue.</strong></span> 
     </span>
    </p>
   </div>
   <div class='ocr_carea' id='block_1_102' title="bbox 480 5420 1978 5494">
    <p class='ocr_par' dir='ltr' id='par_1_102' title="bbox 480 5420 1978 5494">
     <span class='ocr_line' id='line_1_102' title="bbox 480 5420 1978 5494; baseline -0.001 -18"><span class='ocrx_word' id='word_1_750' title='bbox 480 5422 592 5491; x_wconf 80' lang='lat'><strong>(95)</strong></span> <span class='ocrx_word' id='word_1_751' title='bbox 621 5421 830 5494; x_wconf 83' lang='lat' dir='ltr'><strong>Nempe</strong></span> <span class='ocrx_word' id='word_1_752' title='bbox 859 5433 920 5478; x_wconf 93' lang='lat' dir='ltr'><strong>ut</strong></span> <span class='ocrx_word' id='word_1_753' title='bbox 940 5425 1268 5480; x_wconf 83' lang='lat' dir='ltr'><strong>Xenocratis</strong></span> <span class='ocrx_word' id='word_1_754' title='bbox 1300 5421 1614 5494; x_wconf 76' lang='lat' dir='ltr'><strong>phil030phi</strong></span> <span class='ocrx_word' id='word_1_755' title='bbox 1646 5420 1978 5494; x_wconf 72' lang='lat' dir='ltr'><strong>gravissimi,</strong></span> 
     </span>
    </p>
   </div>
   <div class='ocr_carea' id='block_1_103' title="bbox 418 5491 1986 5574">
    <p class='ocr_par' dir='ltr' id='par_1_103' title="bbox 418 5491 1986 5574">
     <span class='ocr_line' id='line_1_103' title="bbox 418 5491 1986 5574; baseline 0 -32"><span class='ocrx_word' id='word_1_756' title='bbox 418 5491 668 5574; x_wconf 39' lang='lat' dir='ltr'><strong>{datori-is</strong></span> <span class='ocrx_word' id='word_1_757' title='bbox 709 5491 989 5574; x_wconf 64' lang='lat' dir='ltr'><strong>discipuli,</strong></span> <span class='ocrx_word' id='word_1_758' title='bbox 1039 5496 1195 5574; x_wconf 79' lang='lat' dir='ltr'><strong>cujus</strong></span> <span class='ocrx_word' id='word_1_759' title='bbox 1243 5491 1626 5574; x_wconf 54' lang='lat' dir='ltr'><strong>verbisutanta</strong></span> <span class='ocrx_word' id='word_1_760' title='bbox 1654 5491 1986 5572; x_wconf 69' lang='lat' dir='ltr'><strong>habebatur</strong></span> 
     </span>
    </p>
   </div>
   <div class='ocr_carea' id='block_1_104' title="bbox 422 5561 1990 5632">
    <p class='ocr_par' dir='ltr' id='par_1_104' title="bbox 422 5561 1990 5632">
     <span class='ocr_line' id='line_1_104' title="bbox 422 5561 1990 5632; baseline 0 -20"><span class='ocrx_word' id='word_1_761' title='bbox 422 5563 558 5612; x_wconf 83' lang='lat' dir='ltr'><strong>lides</strong></span> <span class='ocrx_word' id='word_1_762' title='bbox 588 5564 832 5628; x_wconf 80' lang='lat' dir='ltr'><strong>Athenis,</strong></span> <span class='ocrx_word' id='word_1_763' title='bbox 856 5561 925 5617; x_wconf 77' lang='grc' dir='ltr'><strong>ἰιι</strong></span> <span class='ocrx_word' id='word_1_764' title='bbox 956 5580 1079 5618; x_wconf 92' lang='lat' dir='ltr'><strong>cum</strong></span> <span class='ocrx_word' id='word_1_765' title='bbox 1109 5561 1338 5632; x_wconf 83' lang='lat' dir='ltr'><strong>injurati</strong></span> <span class='ocrx_word' id='word_1_766' title='bbox 1371 5564 1574 5616; x_wconf 89' lang='lat' dir='ltr'><strong>nullius</strong></span> <span class='ocrx_word' id='word_1_767' title='bbox 1608 5561 1990 5632; x_wconf 66' lang='lat' dir='ltr'><strong>testimonium</strong></span> 
     </span>
    </p>
   </div>
   <div class='ocr_carea' id='block_1_105' title="bbox 419 5628 1991 5704">
    <p class='ocr_par' dir='ltr' id='par_1_105' title="bbox 419 5628 1991 5704">
     <span class='ocr_line' id='line_1_105' title="bbox 419 5628 1991 5704; baseline 0 -22"><span class='ocrx_word' id='word_1_768' title='bbox 419 5634 833 5699; x_wconf 71' lang='lat' dir='ltr'><strong>autnittcretur,</strong></span> <span class='ocrx_word' id='word_1_769' title='bbox 875 5635 1004 5690; x_wconf 86' lang='lat' dir='ltr'><strong>huic</strong></span> <span class='ocrx_word' id='word_1_770' title='bbox 1032 5634 1132 5690; x_wconf 87' lang='lat' dir='ltr'><strong>soli</strong></span> <span class='ocrx_word' id='word_1_771' title='bbox 1166 5628 1404 5704; x_wconf 81' lang='lat' dir='ltr'><strong>injurato</strong></span> <span class='ocrx_word' id='word_1_772' title='bbox 1431 5633 1764 5688; x_wconf 77' lang='lat' dir='ltr'><strong>crederetur.</strong></span> <span class='ocrx_word' id='word_1_773' title='bbox 1799 5628 1991 5684; x_wconf 84' lang='lat' dir='ltr'><strong>Cicero</strong></span> 
     </span>
    </p>
   </div>
   <div class='ocr_carea' id='block_1_106' title="bbox 2083 5420 3667 5491">
    <p class='ocr_par' dir='ltr' id='par_1_106' title="bbox 2083 5420 3667 5491">
     <span class='ocr_line' id='line_1_106' title="bbox 2083 5420 3667 5491; baseline 0.001 -15"><span class='ocrx_word' id='word_1_774' title='bbox 2083 5421 2156 5491; x_wconf 76' lang='lat' dir='ltr'><strong>de</strong></span> <span class='ocrx_word' id='word_1_775' title='bbox 2181 5420 2407 5475; x_wconf 69' lang='lat' dir='ltr'><strong>Platone</strong></span> <span class='ocrx_word' id='word_1_776' title='bbox 2442 5421 2560 5491; x_wconf 87' lang='lat' dir='ltr'><strong>ipso</strong></span> <span class='ocrx_word' id='word_1_777' title='bbox 2588 5439 2604 5476; x_wconf 91' lang='grc' dir='ltr'><strong>ι</strong></span> <span class='ocrx_word' id='word_1_778' title='bbox 2661 5423 3120 5480; x_wconf 77' lang='lat' dir='ltr'><strong>Tusculanarum:</strong></span> <span class='ocrx_word' id='word_1_779' title='bbox 3155 5425 3221 5481; x_wconf 85' lang='lat' dir='ltr'><strong>Ut</strong></span> <span class='ocrx_word' id='word_1_780' title='bbox 3243 5425 3380 5480; x_wconf 84' lang='lat' dir='ltr'><strong>enim</strong></span> <span class='ocrx_word' id='word_1_781' title='bbox 3404 5426 3667 5478; x_wconf 81' lang='lat' dir='ltr'><strong>rationem</strong></span> 
     </span>
    </p>
   </div>
   <div class='ocr_carea' id='block_1_107' title="bbox 2089 5489 3669 5571">
    <p class='ocr_par' dir='ltr' id='par_1_107' title="bbox 2089 5489 3669 5571">
     <span class='ocr_line' id='line_1_107' title="bbox 2089 5489 3669 5571; baseline 0.003 -27"><span class='ocrx_word' id='word_1_782' title='bbox 2089 5489 2248 5571; x_wconf 82' lang='lat' dir='ltr'><strong>Plato</strong></span> <span class='ocrx_word' id='word_1_783' title='bbox 2272 5489 2476 5571; x_wconf 73' lang='lat' dir='ltr'><strong>nullam</strong></span> <span class='ocrx_word' id='word_1_784' title='bbox 2499 5493 2714 5571; x_wconf 56' lang='lat' dir='ltr'><strong>amerrct</strong></span> <span class='ocrx_word' id='word_1_785' title='bbox 2741 5495 2873 5562; x_wconf 81' lang='lat' dir='ltr'><strong>(vide</strong></span> <span class='ocrx_word' id='word_1_786' title='bbox 2898 5495 3024 5565; x_wconf 85' lang='lat' dir='ltr'><strong>quid</strong></span> <span class='ocrx_word' id='word_1_787' title='bbox 3042 5497 3238 5552; x_wconf 82' lang='lat' dir='ltr'><strong>homini</strong></span> <span class='ocrx_word' id='word_1_788' title='bbox 3260 5495 3669 5565; x_wconf 73' lang='lat' dir='ltr'><strong>tribuam),ipsa</strong></span> 
     </span>
    </p>
   </div>
   <div class='ocr_carea' id='block_1_108' title="bbox 2092 5563 2850 5632">
    <p class='ocr_par' dir='ltr' id='par_1_108' title="bbox 2092 5563 2850 5632">
     <span class='ocr_line' id='line_1_108' title="bbox 2092 5563 2850 5632; baseline 0.005 -17"><span class='ocrx_word' id='word_1_789' title='bbox 2092 5563 2411 5616; x_wconf 83' lang='lat' dir='ltr'><strong>auctoritate</strong></span> <span class='ocrx_word' id='word_1_790' title='bbox 2448 5578 2530 5616; x_wconf 84' lang='lat' dir='ltr'><strong>me</strong></span> <span class='ocrx_word' id='word_1_791' title='bbox 2559 5563 2850 5632; x_wconf 76' lang='lat' dir='ltr'><strong>frangeret.</strong></span> 
     </span>
    </p>
   </div>
  </div>
