3996 6218
423 296 519 363 111

1567 294 1889 356 JOANNIS
1933 291 2458 352 CANTACUZENI

3554 261 3648 358 tia

417 416 858 475 Christianorum
894 415 1018 471 fidei
1043 424 1206 483 atque
1237 413 1528 482 dogmatis,
1554 415 1798 468 omnium
1821 426 1966 469 sacrr

2084 409 2317 474 λέοντος,
2349 409 2441 462 τοῦ
2482 409 2749 481 ἀνδρείου,
2787 410 2882 463 τοῦ
2914 411 2972 462 ἐν
3022 409 3281 479 πολέμοις
3329 412 3645 483 ὁρμητικοῦ,

420 514 570 563 fonte
619 509 956 562 initiatorum
1005 506 1271 558 columine
1332 505 1673 570 immobilis,
1713 503 1979 558 doctrina:

414 603 621 655 (thristi
664 597 1083 671 propugnatoris
1110 634 1125 658 .
1179 596 1347 666 gladii
1381 595 1781 659 Macedonum,
1835 594 1978 664 regis

416 694 751 752 tirmrorum,
786 690 927 757 regis
954 687 1335 757 llulgarorum,
1365 686 1714 747 Asaniorum,
1746 684 1979 737 Blacho-

418 799 559 842 rum,
616 781 949 834 Rhossorum
1004 787 1060 832 et
1115 777 1449 839 Alanorum,
1503 776 1811 828 ornamenti
1878 772 1980 825 do-

414 877 611 947 gntalis
647 874 926 926 lbcrorum
959 880 1015 924 et
1053 870 1336 940 Syrorum,
1369 867 1599 922 Incredis
1639 866 1855 935 imperii
1891 882 1979 919 re-

412 982 643 1037 gnorum
687 965 825 1033 ejus,
858 962 1090 1016 marium
1141 970 1195 1014 et
1248 974 1570 1030 magnorum
1607 958 1892 1013 ﬂuminum
1920 967 1978 1012 ct

411 1060 740 1120 insularum,
771 1054 978 1109 domini
1013 1052 1201 1123 Angeli
1230 1053 1491 1106 Comueni
1524 1051 1807 1119 Pal-.eologi
1835 1049 1977 1105 Can-

413 1148 662 1203 tacuzeni
688 1148 825 1215 (99).
855 1144 1107 1213 Maiestas
1138 1153 1228 1197 tua
1257 1184 1270 1209 ,
1306 1142 1449 1211 quod
1479 1141 1528 1195 ci
1573 1141 1830 1210 placitum
1855 1148 1940 1197 est
1960 1180 1973 1202 ,

411 1256 440 1293 a
472 1240 744 1293 sultauica
779 1236 1024 1305 potentia
1059 1243 1246 1288 nostra
1274 1274 1288 1298 ,
1328 1244 1383 1287 et
1432 1233 1767 1288 sanctificata
1812 1241 1975 1300 atque

410 1331 716 1385 illutuinata
789 1328 950 1381 donzo
1006 1335 1194 1381 nostra
1255 1342 1471 1395 semper
1524 1327 1788 1394 requirat.
1840 1324 1973 1378 Nam

408 1437 510 1491 pro
544 1435 613 1475 eo
656 1434 878 1482 amore,
932 1433 1041 1487 quo
1091 1419 1381 1471 amborum
1432 1419 1665 1487 majores
1721 1416 1867 1469 inter
1917 1431 1976 1470 se

407 1513 687 1581 conjuncti
723 1512 1049 1578 fuerunt,’,et
1079 1524 1179 1562 nos
1211 1524 1338 1578 erga
1369 1518 1420 1561 te
1468 1521 1676 1569 sumus,
1709 1515 1971 1575 quantum

408 1605 621 1659 viribus
655 1617 968 1673 possumus,
1021 1607 1229 1655 tantum
1273 1599 1369 1652 tibi
1417 1596 1868 1667 gratilicabimur.
1907 1595 1974 1652 Ut

408 1693 877 1765 quemadmodum
910 1701 1127 1761 patrum
1173 1698 1388 1744 tuorum
1419 1686 1695 1741 desiderio
1730 1701 1759 1739 a
1788 1695 1973 1739 nostra

407 1785 737 1838 auctoritate
797 1780 1258 1851 respondebatur,
1308 1776 1580 1845 uobisque
1635 1776 1712 1830 illi
1768 1776 1970 1845 gratias

406 1873 707 1937 habebant,
735 1882 792 1927 et
820 1872 888 1925 ad
922 1887 1023 1926 nos
1051 1872 1256 1940 legatos
1281 1869 1591 1931 mittebant,
1628 1876 1683 1920 et
1704 1881 1972 1920 commer-

405 1966 552 2020 cium
591 1965 738 2018 inter
786 1977 886 2017 nos
920 1972 1037 2017 erat
1093 1976 1107 2015 :
1164 1962 1244 2015 sic
1281 1962 1479 2014 iterum
1534 1974 1656 2030 quae
1691 1956 1787 2012 tibi
1819 1965 1971 2025 grata

403 2067 554 2120 sunt,
588 2057 740 2119 fiant,
767 2064 821 2109 et
853 2054 1120 2109 voluntati
1164 2064 1271 2106 tum
1322 2052 1385 2105 ad
1426 2066 1523 2105 nos
1572 2048 1892 2120 provocanti
1940 2062 1970 2101 a

405 2158 595 2204 nostra
641 2154 912 2217 potestate
945 2145 1197 2200 satisﬁat.
1232 2144 1297 2197 Et
1333 2143 1590 2212 quoniam
1626 2137 1971 2196 consuetudo

406 2242 498 2297 illa
532 2241 878 2308 interrupta,
912 2246 967 2291 et
1014 2237 1065 2290 in
1111 2236 1332 2305 longum
1373 2234 1539 2287 dilata
1579 2243 1683 2298 est,
1707 2231 1889 2286 denuo
1938 2245 1969 2284 a

407 2347 493 2386 me
522 2331 816 2385 mittuntur
845 2327 961 2381 ista:
994 2326 1223 2389 litterae,
1265 2335 1325 2379 ut
1354 2339 1537 2378 coram
1568 2339 1764 2393 magno
1795 2322 1970 2392 impe-

402 2431 585 2474 ratore
611 2421 883 2489 legantur,
922 2418 988 2470 ad
1018 2418 1233 2470 laudem
1260 2415 1462 2469 veteris
1502 2415 1778 2477 amicitias,
1812 2424 1867 2467 et
1898 2413 1964 2468 ad

405 2488 831 2565 invitamentum
865 2488 1109 2576 petendi,
1137 2515 1327 2574 utpote
1366 2506 1523 2559 nobis
1572 2505 1755 2558 omnia
1794 2504 1969 2559 liben-

404 2613 490 2659 ter
539 2618 663 2656 cum
697 2598 1331 2668 auctario_prtestituris.
1369 2597 1649 2666 Quidquid
1703 2605 1887 2651 autem
1937 2611 1965 2650 a

400 2692 562 2746 vobis
621 2692 687 2745 ad
744 2658 1473 2744 honestatisdulcissimam
1521 2687 1965 2757 propagationcm

401 2784 690 2854 pertinens
724 2779 979 2844 venerit,
1023 2780 1076 2831 id
1133 2793 1296 2831 omne
1329 2778 1511 2831 animo
1559 2776 1965 2831 benevolentis—

400 2874 543 2930 simo
570 2870 904 2940 suscipimus
938 2887 951 2922 :
988 2868 1264 2939 quomodo
1290 2877 1343 2923 et
1378 2882 1526 2921 nunc
1550 2870 1613 2921 de
1636 2882 1796 2921 manu
1827 2883 1964 2937 prae-

400 2966 530 3021 fecti
556 2963 824 3018 Manuclis
848 2971 1043 3029 vestrae
1071 2961 1375 3031 majestatis
1421 2960 1609 3030 legati,
1664 2960 1803 3014 mira
1838 2976 1962 3014 cum

398 3057 588 3113 laetitia
631 3065 686 3110 et
726 3070 857 3124 pace
888 3055 1008 3125 ejus
1032 3053 1245 3107 litteras
1275 3054 1658 3123 suscepimus,
1703 3061 1759 3107 et
1800 3069 1963 3123 quam

399 3147 761 3204 continebant
779 3146 1102 3215 petitionem
1122 3145 1479 3214 legimus.Aio
1494 3145 1679 3215 igitur,
1698 3145 1964 3198 cliaritate

395 3249 448 3294 et
466 3238 703 3293 amicitia
717 3234 1175 3306 colligatosfuisse
1192 3250 1443 3304 magnum
1461 3236 1735 3290 sultanum
1755 3247 1962 3306 patrem

392 3345 601 3393 meum,
618 3327 777 3397 757
794 3328 946 3395 cujus
962 3325 1155 3377 animae
1171 3323 1311 3378 Deus
1324 3326 1571 3381 excelsus
1589 3326 1655 3405 sit
1672 3327 1964 3396 propitius,

393 3430 450 3472 et
480 3418 778 3486 majestatis
804 3428 907 3473 tua;
928 3414 1145 3468 fratrem
1164 3412 1529 3469 Romanorum
1554 3415 1964 3487 irruperat‘erem,

392 3520 457 3565 ut
488 3518 712 3581 propter
758 3508 1213 3585 constteludiuetn
1270 3510 1555 3563 amborum
1602 3511 1797 3565 domus
1831 3529 1959 3578 una,

396 3614 455 3657 ut
484 3603 648 3668 dicis,
678 3611 848 3667 esset,
882 3610 938 3654 et
978 3600 1104 3655 inde
1135 3599 1436 3669 legationes
1472 3586 1694 3665 ad'nos,
1734 3612 1789 3655 et
1836 3619 1959 3655 rur-

390 3708 515 3747 sum
574 3693 701 3745 hinc
762 3692 888 3744 illuc
938 3690 1307 3754 mitterentur,
1369 3700 1425 3744 et
1469 3691 1663 3745 fierent
1708 3708 1829 3761 qua:
1869 3694 1959 3747 ille

392 3784 576 3837 vellet.
631 3781 904 3834 Przeterea
964 3780 1032 3833 de
1093 3781 1260 3833 sacris
1317 3780 1703 3851 Hierosolyma:
1755 3794 1958 3837 sanctze

394 3874 611 3941 templis
647 3872 888 3942 petebat,
920 3869 1064 3938 quod
1112 3871 1273 3923 etiam
1309 3870 1556 3941 legimus,
1594 3883 1649 3927 et
1683 3875 1955 3940 ecclesiis,

395 3966 463 4019 de
497 3964 700 4033 quibus
753 3960 1118 4031 significastis,
1167 3975 1352 4014 curam
1384 3964 1625 4018 adhiberi
1672 3967 1955 4035 jussimus.

395 4055 553 4121 Quod
589 4064 769 4107 autem
810 4053 1165 4121 apposuistis,
1195 4064 1255 4108 ut
1279 4056 1489 4124 copiam
1521 4057 1669 4112 fandi
1704 4059 1958 4117 daremus

394 4145 629 4199 Manueli
684 4144 938 4213 praefecto
985 4144 1181 4215 legato,
1239 4155 1297 4200 ut
1351 4148 1666 4214 conficeret,
1724 4166 1955 4220 quorum

395 4254 560 4293 causa
596 4238 831 4302 veniret,
864 4237 1071 4290 invenit
1099 4237 1243 4305 quod
1277 4237 1516 4307 optavit;
1546 4255 1669 4293 nam
1702 4256 1824 4295 eum
1860 4259 1958 4298 au-

394 4332 500 4387 diri
539 4331 820 4402 jussimus.
861 4332 989 4384 Post
1037 4330 1155 4384 haec
1187 4331 1376 4399 petivit
1411 4332 1621 4401 legatus
1660 4346 1861 4402 vester,
1898 4347 1958 4393 ut

2081 502 2160 561 είς
2186 500 2244 553 ὃν
2271 501 2331 553 οὐ
2384 501 2608 555 δύναταί
2651 518 2734 563 τις
2784 501 3047 570 σταθῆναι
3101 501 3411 571 ἔμπροσθεν
3463 505 3646 567 αὑτοῦ,

2078 591 2173 645 τοῦ
2203 592 2514 661 σοφωτάτου
2544 594 2622 656 είς
2660 593 2719 645 τὸ
2742 593 2914 661 δόγμα
2946 593 3132 655 αὐτοῦ,
3164 595 3257 647 τοῦ
3309 595 3646 650 δικαιοτάτου

2079 684 2159 745 είς
2184 682 2278 737 τὸν
2312 683 2480 737 τόπον
2510 684 2604 736 καὶ
2634 683 2729 753 τὴν
2771 683 2954 754 χώραν
3011 684 3199 747 αὑτοῦ,
3258 685 3353 738 τοῦ
3402 688 3648 755 θεμελίου

2078 776 2176 842 τῆς
2203 774 2435 837 πίστεως
2465 776 2558 828 καὶ
2586 775 2680 827 τοῦ
2713 776 2982 844 δόγματος
3009 777 3118 829 τῶν
3170 778 3532 846 Χριστιανῶν,
3562 780 3649 833 τοῦ

2078 867 2257 929 κίονος
2283 866 2377 920 τοῦ
2411 868 2665 921 ἀσείστου
2716 869 2970 923 ἁπάντων
3019 869 3126 922 τῶν
3185 870 3649 939 βεϐαπτισμένοιν,

2080 956 2172 1008 τοῦ
2199 956 2393 1026 βοηθοῦ
2439 959 2546 1011 τῶν
2574 959 2858 1027 δογμάτων
2897 959 2990 1011 τοῦ
3019 960 3276 1030 Χριστοῦ,
3300 963 3399 1029 τῆς
3440 963 3650 1029 σπάθης

2076 1047 2184 1097 τῶν
2217 1046 2564 1110 Μακεδόνων,
2617 1048 2712 1101 τοῦ
2760 1049 3021 1119 Σαμψὼν,
3079 1050 3173 1103 τοῦ
3241 1051 3501 1117 βασιλέως
3545 1054 3648 1106 τῶν

2089 1136 2381 1207 Ἑλλήνων,
2438 1139 2533 1193 τοῦ
2618 1140 2883 1209 βασιλέως
2936 1144 3043 1195 τῶν
3119 1144 3466 1213 Βουλγάρων,

2092 1227 2374 1294 ’Δσανίων,
2432 1230 2538 1283 τῶν
2612 1232 2873 1302 Βλάχων,
2933 1234 3043 1286 τῶν
3111 1234 3326 1287 Ῥώσων
3389 1237 3484 1288 καὶ
3544 1236 3648 1288 τῶν

2089 1320 2350 1383 ’Λλανῶν,
2497 1323 2661 1393 τιμῆς
2694 1324 2788 1375 τοῦ
2818 1325 3085 1394 δόγματος
3113 1326 3219 1379 τῶν
3281 1327 3506 1396 Ἰϐήρων
3558 1331 3650 1382 καὶ

2074 1412 2186 1466 τῶν
2218 1414 2424 1482 Σύρων,
2452 1412 2545 1467 τοῦ
2570 1414 2908 1485 κληρονόμου
2940 1417 3039 1484 τῆς
3067 1415 3344 1485 βασιλείας
3395 1420 3492 1488 τῆς
3546 1421 3649 1489 γῆς

2076 1500 2260 1567 αὑτοῦ,
2316 1504 2408 1556 τοῦ
2466 1503 2725 1558 αὑθέντου
2806 1508 2916 1559 τῶν
2967 1506 3272 1571 θαλασσῶν,
3355 1509 3452 1562 καὶ
3539 1512 3647 1563 τῶν

2077 1596 2337 1665 ποταμῶν
2373 1596 2483 1648 τῶν
2515 1597 2910 1667 μεγάλων,καὶ
2965 1600 3075 1652 τῶν
3130 1602 3328 1667 νήσων,
3395 1603 3645 1670 Ἀγγέλο)

2077 1686 2361 1756 Κομνηνοῦ
2386 1688 2751 1756 Παλαιολόγου
2786 1687 2880 1741 τοῦ
2911 1690 3392 1760 Καντακουζηνοῦ.
3444 1694 3650 1746 Πάντο-

2074 1778 2188 1847 τεή
2221 1776 2466 1846 βασιλεία
2502 1795 2595 1830 σου
2631 1778 2691 1829 τὸ
2719 1778 2931 1847 θέλημα
2952 1780 3121 1847 αὐτῆς
3150 1781 3216 1832 να
3250 1781 3309 1833 τὸ
3360 1780 3493 1850 ζητῇ
3540 1784 3646 1836 ἀπ’)

2072 1865 2173 1934 τὴν
2201 1866 2558 1936 σουλτανικὴν
2590 1866 2843 1931 ἐξουσίαν
2873 1885 2996 1937 μου,
3027 1871 3119 1922 καὶ
3147 1871 3254 1923 ἀπὸ
3281 1870 3343 1923 τὸ
3390 1872 3648 1942 ὀσπήτιόν

2074 1971 2181 2022 μας
2203 1955 2263 2007 τὸ
2290 1956 2623 2026 ἡγιασμένον
2651 1960 2745 2009 καὶ
2773 1960 3209 2028 πεφωτισμένον,
3230 1961 3326 2013 καὶ
3353 1961 3425 2024 ὡς
3454 1962 3650 2033 ἔχομεν

2073 2047 2254 2098 πᾶσαν
2292 2046 2521 2116 δύναμιν
2548 2049 2613 2101 va
2646 2050 2946 2120 πληρῶμεν
2988 2052 3085 2122 τὴν
3114 2054 3333 2124 ἀγάπην
3383 2056 3482 2125 τῆς
3551 2057 3648 2125 βα-

2074 2136 2273 2199 σιλείας
2299 2154 2411 2203 σου,
2440 2140 2534 2193 καὶ
2567 2140 2745 2202 καθὼς
2779 2141 3060 2211 εὑρίσκετο
3090 2144 3195 2197 τῶν
3233 2146 3512 2213 προγόνων
3548 2149 3647 2215 τῆς

2073 2226 2350 2297 βαςιλείας
2381 2246 2475 2282 σου
2518 2231 2654 2300 μετά
2690 2232 2798 2285 τῶν
2833 2235 3111 2304 προγόνων
3155 2236 3253 2305 τῆς
3288 2239 3647 2308 σουλτανικῆς

2070 2320 2316 2387 ὲξυυσίας
2348 2341 2472 2392 μου,
2520 2327 2614 2377 καὶ
2670 2327 2849 2391 καθὼς
2902 2330 3272 2400 ὲπληροῦτοή
3329 2334 3504 2402 ὄρεξις
3544 2335 3650 2386 τῶν

2072 2412 2338 2481 βασιλέων
2386 2413 2494 2465 τῶν
2530 2416 2808 2484 προγόνων
2833 2420 2932 2486 τῆς
2972 2418 3245 2487 βασιλείας
3277 2438 3368 2472 σου
3417 2422 3524 2474 ἀπ’»
3553 2425 3649 2490 τῆς

2069 2504 2353 2565 αὐθεντία;
2397 2523 2522 2573 μας,
2553 2509 2645 2559 καὶ
2671 2508 3030 2577 ηὐχαρίστουν
3054 2528 3157 2579 pa;
3182 2512 3408 2565 πάντοτε
3429 2515 3644 2579 ἑκεῖιοι,

2070 2592 2166 2645 καὶ
2194 2594 2445 2662 ἔπεμπαν
2499 2597 2579 2658 είς
2603 2597 2698 2666 τὴν
2765 2599 3103 2667 ἡγιασμένην
3162 2602 3329 2672 αὐλήν
3394 2622 3520 2673 μας,
3560 2607 3651 2658 καὶ

2070 2684 2496 2753 συνετύγχαινάν
2524 2704 2649 2756 μας,
2696 2689 2867 2752 οὕτως
2918 2691 3079 2745 πάλιν
3105 2692 3171 2746 νὰ
3226 2695 3575 2764 εὐεργετῆται
3616 2699 3648 2766 ή

2069 2776 2267 2846 ἀγάπη
2309 2779 2407 2847 τῆς
2460 2778 2741 2848 βασιλείας
2808 2799 2922 2848 σου,
2982 2786 3099 2859 καὶ,
3146 2788 3211 2837 νὰ
3273 2787 3573 2857 πληροῦται
3613 2791 3646 2858 ἡ

2074 2866 2261 2935 ὄρεξις
2310 2869 2477 2938 αὐτῆς
2513 2870 2620 2923 ἀπὸ
2676 2872 2777 2941 τῆς
2836 2873 3118 2937 αὑθεντίας
3177 2893 3322 2944 μας.-
3356 2880 3463 2931 Kal.
3515 2879 3651 2934 διότι

2066 2961 2322 3031 ἀπεκόπη
2350 2962 2442 3015 καὶ
2465 2963 2770 3033 ἐμάκρυνεν
2794 2968 2825 3035 ἡ
2850 2968 3107 3037 συνήθεια
3141 2970 3343 3045 ἐκείνη,
3369 2972 3646 3043 ἀπεστάλη

3546 1146 3648 1197 τῶν

1995 3078 2036 3133 C
2069 3053 2103 3122 ἡ
2138 3054 2323 3123 γραφὴ
2359 3054 2496 3123 αὕτη
2531 3055 2627 3108 ἀπ’
2652 3057 2788 3125 ἐμᾶς
2829 3059 2894 3111 να
2954 3061 3277 3133 ἀναγνωσθῇ
3338 3064 3651 3135 ἔμπροσθεν

2068 3144 2149 3204 είς
2181 3143 2270 3195 τὸν
2321 3145 2495 3212 μέγαν
2550 3145 2793 3215 βασιλέα,
2842 3152 2919 3211 ei;
2963 3149 3181 3204 ἔπαινον
3234 3156 3330 3223 τῆς
3382 3159 3651 3225 προτξρας

2072 3232 2278 3299 φιλίας,
2332 3236 2425 3290 κα).
2483 3237 2563 3300 είς
2620 3237 2987 3309 παρακίνησιν
3029 3241 3148 3295 τῶν·
3193 3243 3649 3316 Comparari:

2072 3325 2302 3379 πάντοτε
2356 3330 2493 3398 μετὰ
2540 3332 2711 3402 χαρᾶς
2796 3333 2858 3385 να
2910 3334 3023 3387 ἔναι
3073 3336 3503 3409 πεπληρωμένα,
3555 3346 3649 3397 καὶ

2071 3422 2433 3490 περισσότερα
2463 3422 2529 3476 να
2576 3425 2857 3491 γίνωνται,
2907 3428 3000 3479 καὶ
3050 3428 3109 3481 τὸ
3166 3424 3328 3500 ἦλθεν
3381 3432 3475 3484 ἀπ’
3516 3436 3650 3497 ﬁci;

2069 3510 2150 3572 ei;
2178 3509 2266 3562 τδν
2288 3510 2599 3581 πλατυσμὸν
2625 3513 2724 3583 τῆς
2746 3514 3047 3587 καλοσύνης
3072 3535 3175 3586 μας
3187 3519 3278 3571 τὸν
3294 3520 3648 3588 γλυκύτατεν,

2070 3601 2137 3653 να
2166 3602 2227 3653 τὸ
2273 3599 2560 3672 δεχώμεοά
2616 3623 2682 3673 με
2739 3608 2837 3677 τὴν
2890 3610 3296 3679 καλογνωμίαν,
3347 3613 3526 3676 καθὼς
3576 3618 3647 3669 τά

2065 3692 2384 3761 ἐδεξάμεθα,
2432 3700 2526 3748 καὶ
2565 3698 2712 3767 τῶρα
2746 3700 2886 3753 καλὰ
2914 3700 3024 3753 ἀπὸ
3048 3704 3115 3755 τά
3170 3705 3328 3774 χέρια
3356 3704 3447 3757 τοῦ
3510 3706 3648 3759 ἀπο-

2067 3786 2377 3856 κρισιαρίου
2450 3789 2547 3857 τῆς
2610 3789 2885 3869 βασιλείας
2943 3811 3036 3847 σου
3084 3796 3176 3849 τοῦ
3236 3797 3499 3876 ἄρχοντος
3544 3800 3640 3851 τοῦ

2065 3872 2343 3944 Μανουὴλς
2378 3878 2470 3929 καὶ
2500 3878 2878 3948 παρελάϐομεν
2909 3884 3047 3936 αὐτὶ
3080 3888 3217 3954 μετά
3266 3872 3508 3958 εἰρήνης’,
3543 3890 3640 3942 καὶ

2064 3958 2441 4036 ἐγνωρίσαμεν
2465 3968 2525 4020 τὸ
2555 3968 2791 4039 ἔγραφεν
2839 3974 3047 4029 ἁπέσω.
3090 3977 3294 4031 Ἐκεῖνο
3319 3981 3379 4031 τὸ
3436 3981 3641 4051 ἐζήτει,

2063 4053 2091 4105 ὅ
2126 4072 2248 4108 τινα
2271 4056 2386 4109 ἓναι
2412 4058 2624 4129 ἀγάπη,
2658 4060 2751 4112 καὶ
2798 4062 2946 4131 φιλία
2970 4065 3028 4117 τὺ
3049 4060 3175 4136 ἦτον
3234 4068 3394 4137 μέσον
3423 4072 3502 4134 είς
3549 4072 3646 4123 τὸν

2068 4146 2278 4217 πατέρα
2339 4165 2439 4218 μου
2496 4150 2587 4204 τὸν
2640 4152 2925 4205 σουλτάνον
2987 4157 3078 4209 τὸν
3126 4157 3316 4226 μέγαν,
3348 4164 3375 4214 ὁ
3431 4162 3563 4225 Θεὸς
3612 4164 3645 4214 ὁ

2066 4235 2268 4306 ὑψηλὸς
2296 4238 2360 4291 νά
2405 4238 2607 4313 ἁγιάσῃ
2660 4244 2759 4311 τὴν
2812 4244 2988 4314 ψυχὴν
3042 4247 3227 4309 αὐτοῦ,
3282 4254 3374 4302 καὶ
3425 4252 3505 4314 είς
3549 4251 3645 4304 τὸν

2063 4326 2288 4397 βασιλέα
2326 4330 2433 4382 τῶν
2480 4330 2766 4410 Ῥωμαίων
2795 4336 2884 4387 τὸν
2943 4336 3171 4405 ἀδελφὸν
3203 4343 3299 4407 τῆς
3355 4340 3639 4410 βασιλείας

393 4425 662 4494 quoddam
699 4424 901 4477 veteris
939 4422 1123 4492 templi
1160 4424 1442 4479 ruinosutn
1471 4427 1780 4496 azdilicium,
1818 4432 1954 4488 vici-

2069 4434 2179 4481 σου,
2207 4417 2281 4480 ὡς
2309 4413 2453 4487 εἶχον
2481 4406 2770 4489 συνήθειαν
2803 4422 2984 4488 καθὼς
3010 4426 3185 4493 λέγεις
3209 4406 3274 4483 νά
3315 4406 3427 4483 έναι
3456 4433 3523 4484 τὰ
3546 4406 3646 4485 δύο

392 4533 523 4570 num
558 4515 836 4577 Romanis,
866 4515 1037 4569 sancti
1063 4514 1277 4587 Georgii
1312 4530 1697 4587 renovaretur;
1720 4521 1772 4576 id
1797 4525 1961 4579 etiam

395 4609 652 4661 fecimus.
688 4606 918 4674 Insuper
947 4620 1153 4659 Sacram
1181 4622 1211 4660 a
1242 4608 1402 4663 nobis
1433 4610 1753 4667 facultatem
1806 4627 1961 4683 pete-

391 4698 505 4755 bat.
538 4707 596 4750 ut
625 4710 748 4750 cum
780 4695 942 4749 sociis
971 4709 999 4747 a
1026 4702 1117 4748 tua
1150 4695 1435 4764 majestate
1470 4698 1542 4752 illi
1571 4701 1866 4767 attributis,
1894 4704 1961 4757 ad

395 4799 639 4844 sanetam
672 4786 1131 4841 resurrectionem
1172 4788 1435 4843 adorandi
1485 4805 1649 4844 causa
1686 4794 1957 4862 proficisci

392 4890 576 4951 posset
600 4896 613 4945 ;
646 4879 788 4950 quod
814 4878 1184 4948 permisimus,
1214 4887 1268 4933 et
1288 4878 1519 4934 libenter
1543 4880 1661 4951 ejus
1689 4886 1956 4941 voluntati

392 4972 791 5041 respondimus.
824 4969 960 5025 Nam
994 4971 1061 5024 de
1094 4985 1162 5025 eo
1192 4970 1337 5040 quod
1368 4971 1576 5041 legatus
1618 4975 1860 5043 petebat,
1899 4984 1958 5030 ut

392 5063 567 5128 fieret,
594 5064 737 5133 quod
786 5064 852 5117 ad
911 5076 1154 5118 sanctam
1204 5064 1662 5120 resurrectionem
1722 5069 1961 5137 pertinet

391 5156 655 5224 scriptum
686 5162 772 5210 est
811 5155 1147 5217 mandatum,
1180 5164 1233 5209 et
1257 5155 1465 5227 roganti
1498 5156 1627 5210 illuc
1657 5159 1957 5227 proficisci,

392 5245 647 5297 comitem
759 5244 1073 5314 praefectum
1150 5245 1504 5321 adiunximus
1524 5284 1540 5309 ,
1560 5318 1571 5321 Α
1598 5228 1991 5321 adoravitque.

391 5344 655 5404 quantum
690 5335 883 5399 voluit,
914 5345 1105 5389 etcum
1140 5316 1433 5406 gratiarum
1462 5318 1676 5394 actione
1704 5316 1960 5397 reversus

391 5438 494 5484 est.
534 5430 708 5485 Etiam
738 5429 838 5483 hoc
872 5428 1013 5483 idem
1042 5429 1250 5500 legatus
1278 5431 1476 5500 adjecit
1510 5444 1566 5489 ut
1595 5435 1838 5492 edictum
1866 5451 1956 5492 se-

2062 4507 2300 4577 ὀσπήτια
2334 4509 2413 4575 ἓν,
2443 4511 2536 4563 καὶ
2565 4512 2793 4584 ἤρχοντο
2826 4516 2920 4568 ἀπ’
2955 4517 3118 4570 αὐτοῦ
3158 4518 3261 4572 ὲδὼ
3314 4521 3647 4592 ἀποκρισιά-

2062 4616 2187 4669 ριοι,
2219 4603 2311 4653 καὶ
2356 4601 2452 4655 ἀπ’
2484 4601 2584 4653 ὲδὼ
2626 4603 2787 4657 πάλιν
2837 4606 3025 4671 αὑτοῦ,
3084 4610 3178 4663 καὶ
3231 4610 3292 4663 τὸ
3346 4612 3517 4677 θέλεις
3574 4616 3644 4668 νά

2065 4692 2294 4759 γίνεται,
2327 4693 2420 4746 καὶ
2456 4694 2518 4746 vi
2567 4694 2921 4765 ὑπαγαίνουν,
2950 4700 3042 4751 καὶ
3071 4701 3136 4753 νά
3180 4702 3444 4774 ἔρχωνται
3495 4707 3643 4760 κατὰ

2058 4780 2155 4849 τὴν
2183 4780 2407 4851 πρώτην
2449 4784 2756 4855 συνήθειαν.
2785 4788 2952 4841 Πάλιν
3013 4789 3242 4861 ἐζήτησε
3272 4792 3359 4846 διὰ
3412 4794 3511 4857 τὰς
3543 4798 3643 4848 ὲκ-

2064 4873 2292 4941 κλησίας
2336 4877 2443 4928 τῶν
2492 4877 2775 4948 Ῥωμαίων
2807 4883 3019 4947 ὲκείνας
3073 4886 3207 4939 ὅπου
3272 4888 3385 4941 έναι
3435 4891 3515 4953 είς
3567 4891 3645 4945 τὰ

2079 4964 2422 5036 Ἱεροσόλυμα
2454 4968 2521 5021 τὰ
2555 4969 2708 5037 ᾰγια,
2770 4974 2863 5026 καὶ
2911 4976 3286 5047 ἐγνωρίσαμεν
3339 4982 3433 5032 καὶ
3475 4983 3639 5035 αὐτό.

2069 5056 2178 5107 Καὶ
2208 5056 2484 5126 ὼρὶσαμεν
2512 5061 2578 5113 vi
2608 5064 2904 5131 προσέξουν
2929 5067 3028 5139 τὰς
3077 5069 3390 5139 ἐκκλησίας,
3445 5072 3515 5125 δι’
3566 5073 3641 5137 ἃς

2058 5146 2393 5217 ὲμηνύσατε,
2423 5151 2515 5203 καὶ
2543 5152 2718 5205 ὲκείνο
2744 5156 2806 5207 τὸ
2860 5156 3157 5228 ἐζητήσατε
3189 5162 3256 5215 να
3306 5163 3645 5234 ἀκούσωμεν

2059 5238 2150 5291 τὸν
2210 5238 2365 5307 λόγον
2442 5242 2534 5293 τοῦ
2619 5246 2877 5314 ἄρχοντος
2904 5248 3000 5301 τοῦ
3054 5250 3475 5322 ἀποκρισιαρίου
3540 5257 3643 5309 τοῦ

2057 5330 2333 5402 Μανουὴλ,
2375 5334 2467 5386 καὶ
2493 5336 2557 5388 vi
2598 5336 2689 5389 τὸν
2748 5338 3200 5412 ἀπολογηθῶμεν,
3234 5347 3327 5396 καὶ
3375 5347 3441 5399 νά
3497 5348 3645 5417 πλη-

2062 5421 2321 5492 ρώσωμεν
2349 5426 2444 5488 τὰς
2467 5426 2708 5491 δουλείας
2740 5445 2857 5497 του,
2916 5432 3319 5506 ἐπληρώσαμεν
3350 5441 3408 5490 τὸ
3438 5439 3641 5505 ἤθελεν

1615 5555 1828 5618 Jacobi
1866 5557 2127 5621 Pontani
2161 5570 2346 5626 noue.

1251 5653 1755 5745 tte-e_:l.’alzeOIOgtts,
1786 5660 1891 5716 nisi
1927 5674 1957 5717 a
1996 5670 2240 5719 materna
2273 5665 2434 5727 linea.
2494 5666 2601 5724 Sed
2673 5669 2948 5730 Barbarus
2996 5676 3045 5730 ei
3113 5675 3372 5733 honorem
3422 5677 3637 5745 habere

392 5714 584 5780 voluit,
616 5725 878 5785 quantum
912 5714 1214 5775 maximqu
1248 5724 1444 5791 potuit.
