3996 6218
311 375 406 450 ,127

1444 379 1987 445 UISTORIARUM
2033 385 2262 445 LIBER
2310 387 2404 448 IV.

3442 392 3543 457 118

317 481 592 555 πρεσσεῦον
625 483 837 550 αἰρεσιν
870 486 1144 553 καθάπαξ.
1180 488 1270 553 οὓς
1324 491 1570 561 ἀνάγκην
1625 493 1738 562 ἔχει
1771 493 1860 548 οε.

1974 505 2151 567 potest
2203 499 2472 554 derivare.
2515 498 2668 565 Quod
2720 501 2762 556 si
2819 502 2908 557 liat
2937 541 2951 566 ,
3005 513 3110 558 tnta
3149 502 3448 575 zEgyptns,
3481 519 3536 562 et

315 573 548 646 ραπεύειν
578 576 606 627 ὁ
646 575 872 629 σουλτᾶν
903 578 1178 646 Αἰγύπτου
1206 621 1222 644 ,
1250 581 1338 634 διὰ
1385 586 1446 635 τδ
1479 583 1737 637 δύνασθαι
1769 586 1860 638 si»:

312 666 477 720 Νεῖλον
515 665 607 719 ἐπ’
652 667 822 738 ἄλλην
859 669 965 737 γῆν
1001 673 1397 742 μετοχετεύειν.
1439 674 1508 730 ’0
1540 677 1590 728 εί
1625 678 1858 744 γένοιτο,

313 757 553 824 σύμπασα
582 756 753 827 ἄρδην
785 759 1080 826 Αἴγυπτος,
1116 767 1212 814 καὶ
1261 764 1293 831 ἡ
1348 764 1484 834 ἄλλη
1519 766 1691 835 Συριὰ
1722 769 1862 820 ἀπο-

309 847 502 900 λοῦνται
534 848 872 917 τρεφόμεναι
923 851 1018 903 ὑπ’
1047 852 1260 906 ἐκείνου
1317 855 1638 926 φιλοτίμως.
1689 860 1767 911 Δι’
1797 859 1864 930 ἢν

310 939 466 993 αίτίαν
497 941 594 993 καὶ
617 939 737 993 τότε
786 941 836 994 οι
865 939 1133 1015 βάρϐαροι
1165 949 1278 1010 τοῖς
1309 947 1568 1002 Ἰακώϐου
1604 950 1864 1020 αἱρεσιώ-

307 1049 413 1096 ταις
465 1035 645 1103 μόνοις
680 1030 822 1104 ἦσαν
857 1037 1126 1106 εὐμενεῖς.
1161 1040 1288 1102 Τοῖς
1324 1041 1390 1092 δ’τ
1422 1042 1604 1106 ἄλλοις
1657 1043 1865 1110 ἅπασιν

309 1120 462 1183 οὕτως
516 1124 855 1195 ἐπετέθησαν
885 1128 1150 1198 σφοδρῶς,
1187 1130 1262 1193 ὡς
1287 1132 1517 1196 πολλοὺς
1551 1135 1649 1202 μὲν
1673 1134 1749 1203 τῷ
1776 1134 1866 1187 διὰ

309 1213 586 1283 μαρτυρίου
636 1216 781 1270 τέλει
828 1221 1200 1288 παραπέμψαι
1248 1223 1523 1286 ποικίλαις
1551 1226 1639 1277 καὶ
1674 1224 1865 1294 διαφό-

310 1321 405 1375 ροις
433 1307 708 1360 κολάσεων
765 1308 952 1373 ἰδέαις,
986 1311 1088 1364 οὐκ
1129 1313 1343 1381 ὀλίγους
1389 1315 1444 1368 δὲ
1484 1319 1579 1369 καὶ
1628 1321 1728 1387 τῆς
1784 1319 1866 1382 είς

308 1399 522 1468 Χριστὸν
573 1401 884 1471 ἀποστῆσαι
950 1404 1212 1470 πίστεως,
1271 1408 1366 1460 καὶ
1422 1409 1525 1477 τῆς
1591 1411 1862 1479 σφετέρας

309 1496 465 1544 πείσαι
495 1491 721 1559 ἔχεσθαι
751 1494 1076 1565 θρησκείας,
1115 1497 1144 1549 ὃ
1197 1499 1291 1550 καὶ
1326 1499 1565 1568 μάλιστα
1606 1502 1864 1572 δακρύων

307 1581 453 1647 ἄξιον,
485 1583 604 1636 ὅσοι
631 1583 767 1653 δῆτα
805 1587 900 1638 καὶ
933 1588 1073 1655 μετὰ
1103 1586 1206 1656 τῆς
1235 1588 1316 1650 είς
1362 1590 1600 1658 Χριστὸν
1625 1592 1868 1653 πίστεως

311 1674 664 1743 συνιπήγοντο
701 1673 780 1744 τῷ
842 1678 1064 1746 πονηρῷ
1104 1678 1192 1731 διὰ
1230 1679 1341 1731 τῶν
1391 1680 1588 1749 ἔργων,
1643 1683 1737 1734 καὶ
1771 1683 1870 1751 τῆς

309 1765 458 1834 αὐτῆς
514 1767 711 1834 ἐκείνῳ
765 1768 994 1838 γεέννης
1047 1766 1186 1842 ἦσαν
1223 1771 1572 1842 κληρονόμοι.
1635 1775 1710 1826 Οὐ
1759 1775 1870 1844 γὰρ

1968 589 2119 658 Syria
2149 631 2162 652 ,
2219 607 2338 659 qnze
2375 591 2497 645 inde
2527 593 2731 646 :tll‘atitn
2783 595 3002 649 aluntur
3031 637 3044 658 ,
3101 596 3241 651 l'antc
3294 597 3538 652 funditus

1971 681 2270 734 intereant.
2305 684 2416 736 Hae
2462 682 2530 735 de
2567 699 2733 738 causa
2762 694 2819 738 et
2867 695 2995 739 tunc
3029 686 3245 741 Barbari
3280 690 3412 742 solis
3461 689 3549 744 Ja-

1968 771 2167 826 cobitis
2198 783 2355 827 erant
2395 775 2612 843 prOpitii
2645 794 2659 829 :
2700 777 2938 846 reliquos
2972 776 3318 833 Christianos
3354 795 3548 835 omnes

1969 863 2049 916 sic
2080 866 2394 932 premebant
2425 906 2438 926 ,
2472 878 2531 920 ιιι
2562 868 2869 936 complures
2923 869 3091 923 variis
3142 879 3540 925 tormentorum

1969 955 2260 1022 generibus
2295 956 2638 1013 excruciatos
2667 973 2696 1012 e
2722 959 2900 1012 medio
2937 960 3210 1024 tollerent.
3249 979 3358 1016 non
3404 981 3541 1032 pau-

1971 1062 2067 1102 cos
2105 1048 2271 1102 etiam
2329 1064 2355 1101 a
2393 1049 2496 1102 ﬁde
2545 1051 2597 1103 in
2644 1050 2925 1105 Christum
2959 1053 3022 1106 ad
3057 1067 3152 1106 sna
3190 1069 3214 1108 s
3253 1071 3340 1108 cra
3390 1057 3548 1125 pelli~

1969 1146 2179 1192 cerent.
2233 1138 2464 1206 Dignum
2497 1153 2629 1192 sane
2679 1139 2931 1208 lacrymis
2959 1180 2973 1203 ,
3023 1140 3158 1194 adeo
3195 1141 3394 1194 multos
3422 1158 3546 1195 eum

1973 1230 2077 1284 [ide
2135 1229 2336 1284 Christi
2396 1247 2495 1299 per
2550 1246 2714 1300 opera
2751 1231 2816 1284 ad
2869 1232 3305 1286 cacodarmonem
3353 1234 3550 1303 abripi.

1972 1333 2024 1376 et
2053 1322 2296 1391 ejusdem
2347 1323 2612 1392 gehenme
2664 1322 2982 1377 colurredes
3033 1323 3108 1376 illi
3143 1324 3396 1379 evadere.
3434 1325 3552 1392 [Son

1970 1413 2112 1466 enim
2142 1421 2260 1475 est,
2296 1426 2426 1471 non,
2462 1412 2680 1481 inquam
2738 1410 2812 1481 (p)
2843 1451 2857 1475 ,
2909 1420 2992 1466 est
3036 1412 3160 1465 vita:
3189 1414 3551 1482 integritatem

1973 1519 2096 1558 ettm
2132 1519 2258 1556 vera
2292 1503 2395 1555 [ide
2445 1512 2791 1567 sectantem,
2847 1502 3146 1571 aliquando
3182 1503 3325 1555 circa
3369 1503 3550 1568 tidem,

1980 1593 2168 1649 divino
2195 1594 2398 1647 auxilio
2429 1595 2776 1657 destitutum,
2830 1593 3167 1663 nattl'ragari.
3216 1593 3354 1647 Tum
3392 1593 3556 1663 igitur

1971 1695 2026 1740 et
2093 1685 2359 1739 LaZartnn
2433 1685 2797 1755 patriareham
2851 1686 2927 1754 (q)
3001 1686 3552 1754 comprehemlcntes,

1977 1777 2211 1845 primum
2241 1777 2459 1846 quidem
2494 1777 2771 1830 blanditiis
2810 1793 2934 1830 eum
2978 1778 3291 1848 captabant,
3328 1780 3556 1846 ejusque

309 1860 453 1923 ἔστιν,
485 1859 590 1912 οὐκ
639 1859 757 1912 ἐστι
806 1861 896 1913 τὸν
927 1860 1094 1930 ὀρθοῦ
1127 1861 1246 1930 βίου
1303 1863 1446 1930 μετὰ
1496 1864 1596 1932 τῆς
1631 1865 1868 1928 πίστεως

1978 1867 2230 1922 invictam
2286 1869 2654 1924 constantiam
2707 1869 3072 1926 labefactare;
3107 1881 3161 1924 et
3215 1887 3244 1924 a
3296 1871 3556 1941 religione

310 1949 570 2018 ἐχόμενον,
610 1950 924 2020 ναυαγῆσαι
979 1968 1111 2004 ποτε
1150 1953 1284 2022 περὶ
1340 1954 1442 2023 τὴν
1499 1955 1704 2018 πίστιν,
1770 1956 1872 2024 τῆς

310 2042 438 2111 παρὰ
462 2041 600 2095 Θεοῦ
653 2043 978 2113 ἐπικουρίας
1011 2044 1222 2115 ἔρημον
1274 2047 1592 2114 γενόμενον.
1625 2048 1758 2101 Ὅτε
1807 2049 1871 2117 δὴ

308 2133 388 2186 καὶ
412 2133 660 2204 Λάζαρον
708 2134 804 2187 τὸν
849 2139 1196 2206 πατριάρχην
1239 2136 1617 2204 συλλαϐόντες,
1675 2141 1872 2208 πρῶτα

315 2225 402 2293 μὲν
429 2225 653 2285 πολλαῖς
694 2227 1006 2298 ὑπήρχοντο
1065 2228 1350 2293 θωπείαις,
1407 2233 1505 2284 καὶ
1559 2232 1866 2303 παραλύειν

312 2315 392 2368 τὸν
437 2318 582 2371 τόνον
612 2320 939 2389 ὲπειρωντο,
978 2320 1073 2372 καὶ
1104 2320 1205 2389 τῆς
1240 2323 1320 2384 είς
1367 2322 1601 2393 Χριστὸν
1634 2325 1874 2390 ἁπάγειν

316 2410 530 2473 πίστεως
551 2427 568 2443 ο
610 2412 928 2481 νομίζοντες
958 2413 1024 2466 ἃν
1052 2413 1240 2467 τοῦτον
1268 2414 1455 2479 ἕλωσι,
1488 2415 1698 2478 πάντας
1729 2417 1873 2468 ὑπά-

309 2501 481 2565 ξεσθαι
513 2503 876 2574 Χριστιανοὺς
924 2506 1058 2574 πρλλς
1086 2507 1314 2574 ἄρνησιν
1350 2507 1550 2559 αὐτίκα
1599 2506 1694 2559 τοῦ
1737 2509 1872 2578 Χρι-

307 2595 440 2661 στοῦ,
461 2597 534 2667 τῷ
561 2597 815 2668 σφετέρῳ
843 2599 1120 2668 προστάτῃ
1141 2598 1239 2667 τῆς
1274 2598 1511 2661 πίστεως
1544 2601 1868 2669 ἑπομένους,

308 2691 390 2742 καὶ
423 2691 494 2761 μὴ
523 2690 1047 2760 ἀναγκασθήσεσθαι
1071 2691 1481 2744 ἀποκτιννύναι.
1516 2693 1733 2746 Μᾶλλον
1758 2693 1871 2762 γὰρ

305 2784 579 2855 ἠϐούλοντο
610 2787 1050 2856 μεταστήσαντες
1069 2784 1172 2855 τῆς
1200 2784 1441 2848 πίστεως
1466 2785 1674 2848 ζῶντας
1699 2785 1868 2854 ἔχειν,

1973 1960 2288 2014 Christiana
2322 1961 2639 2015 abstrahere
2686 1961 3044 2014 nitebantur:
3074 1962 3287 2023 ronlisi,
3328 1963 3374 2016 si
3410 1962 3557 2016 hunc

1978 2059 2411 2118 expugnassent,
2465 2049 2631 2120 760
2661 2048 2946 2103 universos
2982 2048 3164 2103 statim
3215 2047 3558 2102 Christianus

1970 2141 2129 2196 ducis
2162 2142 2246 2196 sui
2297 2143 2610 2210 exemplum
2654 2151 2949 2209 sequentes
2974 2179 2989 2203 ,
3025 2140 3092 2194 ad
3141 2139 3418 2194 Christum
3459 2155 3557 2194 ne-

1971 2233 2203 2302 gandum
2262 2236 2552 2286 adacturus
2595 2246 2609 2285 :
2647 2247 2748 2284 nec
2803 2232 2868 2284 ad
2923 2245 3018 2284 eos
3058 2231 3376 2284 mactandos
3407 2245 3556 2284 com-

1981 2325 2191 2388 pulsum
2235 2324 2337 2386 iri,
2375 2323 2646 2393 siquidem
2701 2337 2798 2376 eos
2835 2337 2866 2375 a
2899 2322 3068 2376 sacris
3098 2321 3334 2390 ipsorum
3377 2321 3555 2375 dimo-

1984 2428 2094 2480 tos,
2131 2417 2332 2470 habere
2359 2415 2536 2479 vivos,
2571 2429 2731 2484 quam
2763 2414 2915 2466 nullo
2947 2428 3069 2466 cum
3101 2412 3278 2466 fructu
3307 2413 3560 2469 occidere

1973 2506 2270 2562 malebant.
2295 2505 2398 2560 Ubi
2427 2503 2673 2560 adulatio
2697 2504 2898 2558 [rustra
2931 2502 3055 2564 fuit.
3081 2505 3260 2557 omnia
3286 2502 3563 2570 siquidem

1970 2600 2060 2654 ille
2097 2599 2279 2668 potius
2317 2614 2414 2667 pro
2446 2597 2551 2650 [ide
2578 2595 2886 2651 Christiana
2919 2596 3123 2666 perpeti
3159 2606 3379 2664 paratus
3406 2607 3530 2652 erat

1969 2691 2400 2759 camilli-nmque
2430 2691 2483 2744 in
2514 2703 2571 2743 se
2603 2704 2797 2743 manus
2825 2689 3172 2757 provocabat,
3206 2697 3259 2742 et
3279 2688 3555 2751 laniatus,.

1971 2798 2036 2838 ac
2068 2785 2436 2837 membrorum
2470 2781 2834 2837 distorsiones
2865 2786 3126 2849 exoptare
3175 2780 3348 2852 magis
3394 2779 3554 2836 vide-

1524 2901 1743 2964 Jacobi
1783 2901 2062 2963 Cretseri
2099 2909 2290 2962 notae.

366 3026 436 3098 ip)
477 3025 804 3098 Signiticare
853 3026 1068 3098 videtur
1117 3027 1554 3098 Cantacnzenus.
1596 3043 1719 3081 eum
1775 3023 1868 3097 qui

305 3097 456 3152 semel
496 3114 688 3152 veram
719 3097 879 3150 [idem
911 3097 1141 3166 adeptus
1170 3108 1274 3160 est,
1309 3097 1541 3167 vitaeque
1570 3107 1624 3150 et
1652 3115 1865 3151 morum

308 3169 559 3222 honestati
621 3177 677 3220 ct
724 3167 984 3236 probitati
1042 3169 1246 3230 studet,
1304 3184 1410 3220 non
1459 3183 1617 3232 posse
1680 3185 1707 3220 a
1764 3169 1867 3221 lide

304 3237 560 3299 excidere,
594 3237 744 3306 qu'od
773 3237 968 3306 dogma
997 3236 1202 3291 Calvini
1233 3247 1318 3292 est
1349 3237 1868 3299 etCalvintstarum.

303 3306 438 3370 licet,
472 3316 532 3360 ut
559 3307 942 3360 consideranti
977 3308 1330 3362 manifestum
1367 3307 1494 3370 erit,
1533 3308 1698 3360 verba
1731 3307 1872 3362 Catt-

305 3378 534 3429 tacuzeni
593 3377 650 3429 in
704 3376 906 3428 bonum
957 3392 1179 3430 sensum
1228 3377 1399 3444 aceipi
1457 3377 1702 3443 possint;
1761 3394 1866 3431 nou

301 3447 431 3499 cuitu
461 3461 804 3516 quemquam
839 3444 942 3500 [ide
971 3455 1028 3500 et
1071 3447 1339 3500 charitate
1375 3445 1661 3513 przeditum
1698 3447 1870 3501 desti-

304 3516 371 3568 tui
433 3515 572 3571 Deus
625 3515 832 3568 auxilio
875 3517 1189 3569 necessario
1227 3516 1294 3569 ad
1333 3517 1459 3577 hoc,
1515 3525 1574 3568 ut
1621 3517 1780 3570 tidem
1818 3527 1872 3571 et

308 3587 620 3640 charitatem
657 3595 968 3646 conservet,
997 3587 1090 3638 sed
1118 3586 1163 3640 si
1196 3588 1420 3646 amittit.
1466 3587 1625 3655 culpa
1675 3596 1730 3640 et
1776 3603 1874 3641 ne-

308 3655 545 3723 gligentia
603 3671 704 3709 sua
767 3655 1000 3725 amittit,
1068 3671 1179 3708 non
1231 3657 1447 3711 defectu
1519 3667 1568 3709 et
1643 3659 1872 3725 penuria

305 3727 527 3778 caelestis
556 3723 798 3778 subsidii
830 3726 895 3777 ad
938 3726 1410 3779 conservationem
1448 3723 1657 3793 gratiae
1682 3742 1873 3781 neces-

301 3794 442 3847 Sarii.
501 3795 731 3849 Similes
783 3795 1070 3849 sententiae
1115 3805 1414 3848 occurrunt
1464 3795 1760 3862 aliquando
1816 3798 1870 3852 in

304 3863 651 3918 Honumentis
687 3863 932 3930 Patrum,
983 3880 1048 3917 ex
1099 3881 1330 3933 quorum
1373 3879 1602 3919 numero
1651 3878 1875 3922 sanctus

301 3934 595 4002 Cyprianus
639 3935 779 3988 libro
820 3933 894 3986 De
924 3936 1123 3987 unitate
1159 3934 1406 3988 Ecclesia:
1436 3952 1454 3988 .'
1489 3933 1655 3986 Nemo
1703 3938 1875 3992 εετὶδιὶ·

303 4015 394 4056 :net
423 4005 584 4058 bonos
612 4005 677 4057 de
725 4003 956 4056 Ecclesia
987 4021 1132 4075 posse
1161 4005 1440 4059 discedere.
1473 4003 1719 4058 Triticum
1769 4023 1871 4060 nou

305 4077 432 4141 rapit
481 4087 690 4140 ventus,
736 4089 828 4126 nec
865 4075 1104 4127 arborem
1158 4075 1327 4127 solida
1375 4075 1552 4128 radice
1596 4076 1872 4142 fundatam

303 4145 520 4211 procella
549 4145 830 4198 subvertit.
880 4143 1072 4196 lnanes
1105 4144 1274 4209 palea!
1319 4152 1624 4214 tempestate
1662 4146 1874 4212 jactan-

304 4224 402 4272 tur.
434 4215 689 4267 invalida:
718 4216 931 4266 arbores
963 4216 1182 4267 turbinis
1212 4215 1506 4268 incursione
1546 4225 1868 4270 evertuntur.

308 4282 409 4337 lloc
448 4285 576 4336 ideo
614 4283 771 4353 dicit,
802 4286 928 4352 quia
975 4299 1116 4352 saepe
1159 4284 1237 4345 lit,
1292 4288 1473 4353 utqui
1525 4284 1578 4336 in
1639 4285 1868 4338 baeresin

306 4361 390 4404 aut
445 4353 612 4406 aliam
681 4352 1021 4406 inﬁdelitatis
1075 4354 1310 4421 speciem
1359 4352 1641 4415 labuntur,
1717 4354 1871 4421 prius

304 4423 620 4476 sceleratam
654 4423 906 4490 vitiisque
931 4425 1354 4476 contaminatam
1385 4427 1548 4478 vitam
1575 4423 1866 4479 duxerint:

305 4490 471 4562 Neque
513 4493 661 4545 enim
690 4492 808 4559 ﬁeri
833 4502 1016 4561 potest,
1055 4493 1233 4560 inquit
1283 4493 1670 4551 Damascenus.
1696 4493 1818 4547 ‘lib.
1856 4511 1871 4548 ι

307 4560 504 4623 Paral.,
540 4577 667 4630 cap.
731 4560 839 4622 12,
871 4571 928 4613 ut
977 4563 1256 4632 quisquam
1304 4565 1576 4616 lnercticus
1615 4564 1732 4628 ﬁat,
1773 4565 1873 4617 nisi

305 4633 436 4697 prius
471 4632 552 4685 vel
585 4633 642 4683 in
685 4632 872 4693 verbis,
907 4634 985 4684 vel
1024 4634 1076 4685 in
1130 4633 1416 4685 actionibus
1462 4633 1695 4685 rationes
1750 4637 1874 4687 vitae

303 4715 403 4754 suta
456 4702 599 4754 male
647 4703 988 4771 compararit.
1050 4703 1273 4754 lnteritn
1333 4712 1543 4756 eertum
1597 4704 1872 4771 ltxutnque

306 4783 531 4834 maneat,
561 4787 715 4834 eum,
759 4773 852 4840 qui
893 4786 1022 4824 vere
1055 4780 1182 4835 stat,
1217 4787 1344 4826 vero
1395 4774 1608 4840 cadere.
1641 4783 1698 4830 et
1745 4789 1872 4827 eum

307 4841 392 4911 qui
441 4857 573 4895 vere
634 4839 855 4906 cecidit,
898 4841 1272 4911 vere_iternm
1341 4839 1653 4911 resurgere,
1707 4851 1872 4911 atque

308 4910 434 4964 adeo
467 4926 601 4965 vere
625 4920 769 4964 stare
797 4926 975 4979 puss-c.
1017 4909 1189 4973 Quam
1230 4912 1383 4964 multi
1413 4909 1564 4964 modo
1597 4909 1875 4964 luxurian-

312 4986 411 5048 tur,
474 4981 658 5048 inquit
711 4989 934 5034 sanctus
990 4981 1328 5048 Augustinus
1389 4990 1604 5036 tractat.
1664 4983 1766 5041 4:3,
1818 4983 1871 5034 in

307 5045 640 5110 Joan.,casti
675 5051 861 5118 futuri.
900 5045 1277 5114 Quam'multi
1325 5050 1688 5118 blasphemant
1721 5050 1873 5104 Clari-

307 5133 329 5168 s
356 5135 460 5180 um,
490 5122 746 5172 credituri
769 5124 822 5172 in
839 5119 1137 5180 Christum;
1163 5136 1319 5188 quam
1342 5121 1491 5172 multi
1512 5137 1567 5172 se
1588 5123 1873 5183 iuebriuut,

310 5191 469 5249 futuri
503 5191 705 5254 sobrii;
732 5207 890 5258 quam
923 5189 1077 5242 multi
1112 5191 1325 5258 rapiunt
1354 5205 1434 5242 res
1456 5190 1680 5253 alienas,
1710 5191 1876 5242 dona-

311 5261 407 5308 turi
434 5275 582 5320 suas,
613 5269 716 5312 etc.
757 5260 888 5313 Item
922 5275 1080 5328 quam
1107 5258 1260 5312 multi
1285 5261 1424 5312 intus
1451 5260 1694 5324 laudant,
1731 5261 1876 5313 blas-

311 5331 638 5394 piiematuri;
669 5331 799 5382 casti
839 5342 986 5392 sunt,
1041 5330 1391 5398 fornicaturi;
1434 5331 1594 5384 sobrii
1644 5343 1790 5393 sunt,
1821 5346 1878 5383 se

310 5398 418 5448 tino
442 5408 630 5468 postea
654 5400 946 5468 sepulturi;
973 5409 1140 5462 stant,
1170 5401 1362 5452 casuri.

377 5469 447 5536 (ᾳ)
493 5469 571 5522 De
605 5483 825 5524 carcere
875 5470 1198 5537 caeterisque
1226 5469 1491 5523 molestiis
1513 5478 1566 5522 et
1594 5471 1875 5531 :erumnis,

311 5550 440 5602 quas
469 5539 713 5593 Lazarus
750 5540 851 5592 iste
882 5539 1178 5607 perpessus
1197 5552 1278 5592 εει
1307 5555 1336 5592 a
1366 5538 1706 5602 Sarracenis,
1740 5539 1876 5592 nihil

312 5607 454 5680 aliud
507 5610 690 5680 habeo
731 5611 937 5680 dicere,
981 5625 1146 5676 quam
1191 5609 1322 5680 illud
1370 5610 1544 5680 satnti
1593 5608 1874 5680 Cypriani,

312 5675 444 5731 libro
496 5677 578 5730 De
643 5681 844 5733 unitate
893 5675 1362 5732 Ecclesiaz:Tales
1405 5675 1782 5747 (schismatici)
1833 5680 1879 5731 si

314 5750 458 5801 occisi
502 5755 558 5803 in
620 5750 933 5816 confessione
986 5749 1210 5801 nominis
1263 5751 1479 5815 fuerint,
1513 5749 1724 5802 macula
1776 5750 1877 5801 ista

317 5833 402 5873 nec
424 5821 686 5890 sanguine
723 5819 973 5874 abluitur.
1027 5818 1370 5889 lnex-piabilis
1414 5829 1460 5872 ct
1513 5821 1684 5888 gravis
1720 5817 1875 5887 culpa

1978 3027 2255 3081 discordia:
2303 3042 2396 3080 nec
2438 3026 2678 3096 passione
2710 3034 2995 3096 purgatur.
3053 3028 3184 3080 Esse
3220 3034 3428 3095 martyr
3450 3044 3560 3083 non

1977 3108 2165 3167 potest,
2206 3099 2295 3166 qui
2329 3098 2381 3149 in
2435 3095 2673 3149 Ecclesia
2710 3095 2826 3149 non,
2861 3107 2958 3157 est,
2993 3099 3063 3148 ad
3115 3113 3234 3150 eum
3282 3100 3555 3167 pervenire

1898 3207 1939 3260 ε
1979 3184 2081 3248 non
2122 3168 2626 3260 poterinvquiLeam
2681 3183 2796 3232 qua:
2839 3178 3124 3236 regnatura
3177 3176 3275 3229 est,
3309 3166 3552 3260 ’rlcrelin;

1973 3238 2104 3302 quit.
2170 3249 2278 3291 etc.
2340 3237 2599 3290 Exlaibere
2651 3253 2704 3289 se
2742 3253 2845 3288 non
2902 3245 3069 3306 potest
3127 3246 3432 3305 martyrem,
3464 3239 3560 3304 qui

1974 3306 2270 3373 fraternam
2302 3323 2405 3360 non
2443 3309 2607 3361 tenuit
2639 3308 2972 3360 charitatem.
3030 3307 3186 3359 Docet
3219 3310 3314 3358 hoc
3345 3316 3396 3360 et
3430 3323 3558 3360 cou-

1977 3384 2202 3429 testatur
2248 3375 2450 3429 Paulus
2500 3375 2769 3445 apostolus
2802 3377 2975 3430 dicens
3008 3393 3019 3405 °
3059 3396 3076 3426 ι
3121 3376 3188 3429 Et
3227 3379 3272 3429 si
3324 3378 3554 3430 habuero

1973 3445 2154 3511 ﬁderit,
2188 3447 2263 3499 ita
2295 3456 2350 3498 ut
2386 3456 2586 3499 montes
2620 3447 2963 3513 transferam.
3018 3446 3330 3499 charitatem
3377 3456 3555 3500 autem

1976 3530 2079 3566 non
2138 3518 2381 3574 habeam,
2439 3515 2734 3568 ni/ul'sum.
2773 3515 2840 3567 Et
2888 3518 2933 3567 si
2980 3519 3033 3569 in
3089 3516 3225 3567 cibos
3257 3531 3554 3583 pauperum

1974 3583 2288 3637 distribuere
2320 3587 2500 3638 omnia
2537 3601 2674 3643 utea,
2701 3595 2746 3636 ct
2775 3586 2821 3636 si
2845 3585 3113 3637 tradidero
3144 3601 3330 3651 corpus
3357 3601 3550 3642 meum.
3596 3643 3599 3645 _

1976 3663 2031 3705 ut
2084 3655 2324 3716 ardeam,
2361 3656 2671 3707 charilatem
2727 3662 2907 3704 autem
2961 3669 3065 3705 non
3118 3653 3359 3716 habeant,
3419 3654 3555 3706 nillil

1976 3723 2214 3791 proﬁcio,
2251 3745 2266 3774 ι
2307 3735 2416 3778 etc.
2455 3723 2585 3774 Cum
2622 3724 2726 3775 Deo
2765 3739 2975 3775 ntanere
3010 3740 3112 3775 non
3159 3733 3396 3792 possunt.
3424 3726 3552 3790 quia

1976 3807 2082 3846 esse
2111 3796 2164 3847 in
2209 3793 2442 3847 Ecclesia
2481 3792 2576 3845 Dei
2637 3792 2911 3845 unanimes
2962 3792 3278 3855 noluerunt;
3330 3793 3555 3844 ardeant

1977 3861 2094 3916 licet
2143 3866 2372 3934 [laniatis
2425 3872 2474 3916 et
2531 3864 2736 3930 ignibus
2771 3863 3084 3934 tratlitiirel
3134 3863 3322 3926 obiecti
3374 3863 3555 3914 bestiis

1974 3933 2181 3987 animas
2212 3952 2334 3988 suas
2371 3942 2592 4003 ponant,
2660 3950 2772 4003 non
2790 3934 2889 3985 erit
2918 3933 3016 3987 illa
3049 3934 3173 3996 fidei
3207 3948 3422 3991 corona,
3459 3948 3555 3984 nec

1976 4004 2236 4073 religiosa:
2267 4001 2478 4059 virtutis
2514 4004 2685 4057 exitus
2722 4001 3002 4071 gloriosus,
3031 4005 3122 4056 sed
3172 4003 3559 4073 rlespcratiouis

1975 4069 2244 4144 interitus.
2271 4076 2450 4128 Occidi
2478 4074 2598 4126 talis
2629 4069 2816 4144 potest,
2841 4074 3087 4127 coronari
3115 4089 3216 4125 non
3251 4069 3444 4144 potest:
3468 4069 3557 4124 Sic

1955 4145 2029 4194 "se
2069 4143 2428 4198 Christianum
2471 4159 2579 4195 esse
2630 4141 2932 4210 profitetur.
3001 4145 3260 4213 quontodo
3313 4151 3362 4194 et
3405 4141 3557 4195 Chri-

1973 4222 2111 4265 stum
2151 4215 2387 4266 diabolus
2429 4228 2567 4280 stepe
2621 4214 2892 4284 mentitur,
2925 4212 3035 4284 ipso
3071 4212 3293 4264 Domino
3337 4227 3557 4281 prterito-

1978 4292 2130 4334 ncnte
2179 4294 2227 4336 et
2261 4287 2459 4336 (licente
2509 4298 2580 4336 :t
2622 4283 2782 4336 Multi
2836 4283 3041 4336 venient
3091 4285 3141 4335 in
3189 4284 3395 4335 nomine
3443 4297 3554 4333 meo

1975 4354 2203 4405 (licentes
2236 4367 2254 4404 :
2293 4353 2402 4420 Ego
2439 4369 2553 4405 sum
2598 4352 2834 4406 Christus
2864 4394 2878 4414 ,
2925 4364 2972 4404 et
3027 4351 3225 4420 multos
3277 4350 3486 4418 fallent.
3530 4370 3548 4401 ο

1977 4421 2123 4474 Sicut
2164 4423 2251 4475 ille
2301 4419 2536 4476 Christus
2575 4438 2677 4474 non
2721 4433 2819 4482 est,
2851 4424 3084 4490 quamvis
3147 4419 3305 4489 fallat
3341 4422 3395 4472 in
3455 4435 3555 4470 no~

1949 4495 2118 4544 lmine
2159 4492 2324 4557 illius,
2363 4494 2438 4546 itu
2499 4509 2591 4545 nec
2647 4491 2978 4546 Christianus
3025 4492 3188 4546 videri
3236 4499 3425 4556 patcst,
3465 4490 3555 4557 qui

1908 4540 1949 4595 ί)
1978 4577 2081 4614 non
2119 4540 2390 4630 permanet
2421 4565 2472 4615 in
2504 4562 2780 4630 Evangelii
2817 4563 2927 4630 ejus
2987 4574 3031 4616 et
3082 4559 3208 4627 fidei
3236 4540 3478 4630 'veritaiel

2047 4629 2280 4686 Sanetus
2318 4629 2787 4700 Augustinusilib.
2821 4629 2847 4684 t
2864 4633 3063 4686 Contra
3110 4629 3552 4692 l’armenianum,

1975 4715 2096 4771 cap.
2137 4703 2166 4754 7
2194 4720 2208 4757 :
2247 4703 2364 4756 Non
2392 4704 2626 4771 quisquis
2659 4703 2711 4753 in
2747 4702 2930 4769 aliqua
2981 4701 3250 4770 religionis
3271 4700 3556 4771 quastione

1976 4768 2132 4847 fuerit
2174 4775 2385 4847 punitus
2404 4768 2483 4824 ab
2523 4768 2853 4847 imperatore
2887 4768 3146 4837 (δαίιαηγο)
3204 4768 3556 4847 τηαν-(υννρίῖμ

1976 4841 2132 4903 citur,
2161 4857 2265 4897 etc.
2299 4843 2416 4896 Non
2449 4859 2570 4907 ergo
2598 4838 2667 4895 ex
2714 4843 2956 4902 passione
3009 4851 3152 4893 certa
3186 4849 3261 4892 est
3315 4838 3554 4907 justi'ia,

1975 4911 2066 4961 sed
2095 4928 2158 4984 ea;
2179 4914 2390 4982 justitia
2424 4905 2598 4981 passio
2627 4913 2863 4984 gloriosa
2887 4923 2960 4963 est
2980 4911 3239 4984 {ideoque
3275 4905 3552 4984 pommus,

1978 4995 2043 5031 ne
2066 4977 2341 5049 quicquam
2372 4977 2432 5036 in
2456 4983 2554 5034 hac
2581 4977 2645 5034 γε’
2686 4980 2903 5033 nebulas
2948 4979 3235 5049 offunderet
3272 4977 3552 5042 imperitis,

1977 5058 2023 5100 et
2064 5046 2117 5102 in
2157 5046 2373 5104 suorum
2393 5052 2736 5104 damnatione
2761 5046 3068 5101 meritorum
3096 5046 3307 5098 laudem
3345 5057 3553 5110 qurere-

1979 5129 2055 5171 ret
2109 5132 2430 5188 martyrum,
2483 5137 2585 5172 non
2640 5118 2960 5188 generaliter
3024 5118 3102 5188 ait
3123 5130 3214 5188 st
3263 5113 3414 5166 Beati
3464 5113 3556 5181 qui

1979 5184 2387 5258 persecutionem
2447 5184 2760 5258 patiuntur;
2807 5206 2824 5238 ι
2883 5188 2976 5240 sed
3027 5184 3229 5258 addidit
3302 5198 3556 5252 magnam

1979 5257 2348 5327 diﬁ'ercntiam,
2384 5257 2486 5328 qua
2510 5274 2633 5311 vera
2661 5275 2692 5309 (ι
2719 5258 2994 5328 sacrilegio
3023 5257 3191 5324 pietas
3221 5260 3550 5328 secernatur.

1984 5323 2067 5380 Ait
2111 5331 2251 5382 enim
2297 5345 2315 5382 :
2377 5323 2405 5378 ι’
2433 5328 2748 5398 Βεαιίνίμιὶ,
2794 5323 3206 5398 persecutionem
3243 5323 3557 5398 patiuntur

1980 5407 2191 5468 propter
2208 5399 2494 5467 justitiam.
2528 5417 2544 5448 ι
2585 5393 2748 5468 Nullo
2790 5393 3177 5468 inodoiautem
3233 5393 3555 5468 (patiuntur)

1981 5463 2508 5541 proiirter'jttstitiamA,
2545 5467 2876 5541 qui_CItristi
2928 5466 3228 5541 Ecclesium
3256 5463 3557 5541 diviserunt

1983 5548 2061 5596 tut
2097 5540 2344 5590 iecerunt
2382 5537 2719 5590 sehismatiei
2768 5537 2989 5602 Graeci),
3027 5543 3076 5588 et
3123 5553 3240 5588 cum
3289 5551 3372 5592 ea.
3402 5537 3556 5602 quasi

1979 5608 2234 5685 simulata
2281 5608 2498 5685 justitia
2551 5617 2812 5685 conantur
2869 5618 3013 5685 ante
3059 5613 3260 5685 tempus
3318 5601 3554 5685 apalea

1980 5677 2238 5747 separari,
2283 5673 2361 5729 ἠε
2394 5677 2659 5745 frumenta
2720 5678 2834 5747 ejus
2888 5677 3039 5746 falsis
3098 5673 3558 5747 crintinationilr_tts

1982 5741 2327 5810 insectantur,
2361 5741 2485 5800 dum
2535 5748 2633 5815 ipsi
2662 5741 2812 5800 ab'ea
2861 5741 3053 5816 potius,
3093 5756 3346 5816 tanquam
3400 5741 3557 5792 levis-

1983 5821 2116 5872 sima
2144 5817 2321 5887 palea,
2346 5819 2507 5872 variis
2540 5834 2810 5872 rumorum
2831 5820 3041 5889 flatibus
3071 5819 3304 5871 separati
3337 5820 3480 5867 sunt.
