3996 6218
397 336 449 396 l-l
462 338 494 395 ii

1534 350 1665 406 10A
1679 348 1781 407 NN
1796 349 1863 407 [S
1898 340 2444 409 CANTACUZENI'.

3528 342 3628 407 130

393 455 590 508 hatur:
627 464 703 511 ct.
727 452 889 517 Nihil,
927 456 1123 525 inquit,
1158 472 1243 512 me
1271 471 1300 510 a
1339 456 1441 512 (ide
1463 458 1667 516 Christi
1703 477 1953 531 separare

2062 461 2376 533 ἢάναιρετν,
2416 461 2475 526 ἐξ
2521 454 2596 515 ῶν
2628 476 2733 530 περ
2766 454 2993 526 οὐδεμία
3017 455 3225 523 ὄνησις.
3268 453 3351 516 '0,-
3386 453 3442 507 δὲ
3481 454 3627 506 οὐδε-

392 547 616 615 poterit,
650 548 927 616 desperata
960 548 1057 601 viri
1117 551 1439 616 mutatione,
1479 552 1699 609 Barbari
1748 556 1957 609 blandi-

392 649 574 692 menta
630 649 686 693 ut
742 655 1141 708 supervacanea
1202 644 1497 710 omittunt,
1540 647 1605 700 ad
1662 647 1955 717 ingenitam

393 741 450 784 et
499 731 725 786 amicam
782 731 885 785 sibi
934 732 1323 791 immanitatem
1386 752 1443 792 se
1490 748 1833 794 convertunt.
1892 741 1958 795 Et

399 822 602 876 Siebun
630 822 849 892 quidem
868 825 1049 878 stat'm
1074 825 1224 880 illum
1250 838 1421 881 morte
1444 828 1683 885 damnat.
1700 830 1959 889 Sullanus

392 924 615 975 autem,
670 924 727 967 ut
784 916 1134 982 accepimus,
1186 933 1253 971 ne
1308 920 1607 987 occidatur,
1642 930 1825 991 rogat,
1861 925 1957 980 sed

390 1004 495 1057 alio
535 1004 768 1073 quodam
816 1006 977 1060 modo
1006 1006 1071 1059 de
1111 1007 1477 1065 inohedivntia
1527 1014 1803 1080 puniatur.
1835 1015 1955 1070 Non

394 1095 538 1148 enim
594 1096 681 1149 ille
719 1106 824 1150 tam
859 1096 1088 1152 infestus
1134 1110 1250 1154 erat
1296 1100 1622 1159 Christianis
1659 1106 1789 1173 (uno
1829 1121 1958 1161 vero

394 1201 585 1239 eorum
643 1202 806 1245 neces
856 1187 1103 1243 dolenter
1145 1190 1288 1245 ferre
1337 1193 1637 1265 dicebatur)
1676 1211 1837 1265 quam
1872 1199 1959 1252 Si-

386 1276 537 1331 -chun
561 1317 576 1339 ,
606 1278 732 1331 mali
791 1279 934 1333 ill‘us
965 1282 1117 1349 pejus
1165 1282 1495 1339 domicilium
1526 1304 1538 1340 :
1571 1288 1673 1342 hoc
1706 1299 1808 1351 est,
1842 1290 1958 1357 ipso

392 1369 640 1423 dmmone
694 1370 866 1438 pejor,
922 1371 1064 1425 [ilius
1111 1374 1478 1442 perditionis,
1527 1380 1618 1447 qui
1669 1379 1956 1436 homicidae

394 1463 530 1536 patri
555 1475 655 1514 suo
680 1461 1230 1530 obsequentissimus,
1257 1464 1691 1523 ChriSIianorum
1720 1472 1957 1528 caedibus

398 1554 631 1609 saturari
684 1555 962 1623 nequibat,
1018 1557 1113 1612 sed
1147 1557 1492 1613 cruciabatur
1545 1561 1761 1627 potius.
1812 1564 1955 1630 quol

394 1661 503 1697 non
531 1645 999 1701 celeriter'Christi
1034 1663 1235 1703 nomen
1254 1665 1284 1703 e
1321 1651 1479 1704 terris
1507 1652 1731 1707 eradere
1754 1663 1953 1722 posset.

396 1733 673 1788 Sententia
709 1735 872 1803 igitur
905 1737 1101 1791 mortis
1138 1738 1525 1806 inhibebatur;
1564 1741 1747 1809 plagas
1775 1754 1953 1797 autem

392 1825 781 1895 quinquaginta
808 1867 824 1891 ,
868 1827 1048 1880 nervis
1113 1827 1333 1882 bubulis
1366 1830 1570 1883 nudato
1618 1833 1828 1899 corpori
1868 1830 1954 1885 Si-

393 1918 537 1970 ehun
574 1916 802 1987 iubebat
832 1917 1064 1987 imponi,
1097 1919 1243 1987 quod
1272 1920 1337 1973 ad
1370 1930 1448 1975 tot
1482 1922 1705 1975 verbera
1737 1923 1959 1978 minime

394 2007 715 2061 duraturum
749 2017 962 2076 putaret
987 2049 1001 2074 ,
1054 2011 1149 2065 scd
1179 2022 1304 2065 ante
1335 2011 1493 2065 ﬁnem
1528 2013 1761 2067 animam
1792 2015 1959 2069 emis-

395 2113 627 2163 surum,
680 2100 747 2154 ad
805 2100 951 2155 vires
1007 2101 1274 2157 humanas
1328 2102 1584 2159 videlicet
1641 2107 1958 2176 respiciens.

396 2190 695 2249 Carniﬁees
735 2200 1016 2261 postquam
1067 2194 1356 2248 seductum
1394 2195 1765 2266 ﬂagellat-unt,
1799 2208 1854 2254 et
1884 2200 1960 2253 illi

392 2283 610 2351 quidem
648 2283 925 2353 plagarum
956 2324 971 2349 ,
1005 2300 1139 2353 quas
1167 2286 1474 2343 inferebant
1500 2331 1514 2356 ,
1548 2306 1779 2349 numero
1810 2292 1962 2349 deie-

391 2386 586 2427 cerunt
605 2374 624 2437 ;Δ
653 2374 854 2429 athleta
890 2390 1018 2429 vero
1046 2384 1286 2429 mentem
1330 2377 1381 2431 in
1422 2380 1530 2433 Deo
1559 2396 1719 2447 quem
1746 2382 1962 2437 deside-

395 2463 589 2530 rabat,
620 2464 851 2519 deﬁxam
891 2466 1096 2523 habens
1121 2508 1136 2533 ,
1189 2468 1407 2523 cmlestc
1452 2472 1717 2525 auxilium
1772 2474 1963 2542 implo—
1998 2484 2007 2491 ‘

394 2553 537 2607 raxit
560 2595 573 2618 ,
629 2554 764 2608 nihil
800 2556 1077 2624 ahjectum
1106 2574 1206 2614 nec
1234 2560 1425 2615 dicens
1450 2601 1465 2625 ,
1500 2578 1603 2618 nec
1654 2565 1859 2621 iaciens
1893 2566 1962 2621 ob

395 2643 747 2699 acerbitatem
798 2647 1084 2704 verberum
1116 2691 1131 2713 ,
1170 2658 1433 2719 tyrannus
1474 2655 1647 2723 magis
1701 2671 1963 2713 accensus

395 2734 556 2796 furiis
582 2744 637 2790 et
666 2735 772 2803 ira,
806 2740 963 2808 quasi
1026 2740 1267 2810 scipsum
1299 2744 1542 2799 mollitiei
1571 2755 1624 2801 et
1658 2747 1962 2805 timiditatis

394 2843 733 2898 coargucns,
792 2831 1013 2887 totidem
1054 2833 1193 2889 alias
1248 2836 1416 2907 indigi
1454 2840 1748 2895 mandavit.
1805 2842 1959 2909 Quod

395 2936 521 2975 cum
576 2920 653 2974 illi
692 2920 839 2976 dlClO
867 2922 1031 2979 citius
1072 2937 1503 2995 exsequerentur
1528 2972 1543 2997 ,
1603 2940 1774 2985 totum
1810 2934 1963 3002 pavi-

404 3022 643 3082 mentum
676 3016 941 3084 sanguine
975 3017 1317 3085 ruhescebat,
1352 3029 1408 3075 et
1440 3036 1631 3077 carnes
1660 3024 1962 3079 dilaceratie

2061 555 2159 623 μία
2188 572 2270 616 τις
2301 554 2481 616 αὐτοῖς
2510 555 2573 606 ἐκ
2605 552 2698 605 τοῦ
2731 553 2935 604 ἐκεῖνον
2949 547 3269 609 κολακεύειν
3293 547 3616 616 ὑπεφαίνετο

2058 643 2233 705 ἐλπὶς,
2268 644 2443 697 πάντα
2470 642 2581 713 γὰρ
2609 643 2816 703 ἐκεῖνος
2865 638 3065 708 μᾶλλον
3107 638 3325 706 ἕτοιμος
3360 636 3499 706 ύπέῥ
3522 638 3620 704 τῆς

2059 735 2138 797 είς
2170 735 2407 804 Χριστὸν
2430 738 2665 794 πίστεως
2696 730 2994 800 ὑπομένειν
3020 725 3107 799 ἦν,
3138 730 3233 782 καὶ
3270 728 3481 799 δημίων
3511 727 3631 791 ἐξε-

2059 828 2278 881 καλεῖτο
2305 829 2514 896 χεῖρας,
2550 825 2644 880 καὶ
2678 824 2927 890 ξεσμοὺς,
2957 822 3050 875 καὶ
3083 806 3491 890 στρεϐλωτήρια
3518 817 3633 871 ἐδό-

2058 936 2145 973 κει
2181 919 2379 987 μᾶλλον
2408 917 2614 981 ποθεῖν,
2638 916 2752 975 καὶ.
2774 914 2939 966 Οὐδὲν
2972 913 3083 966 τῶν
3109 911 3301 971 ὄντων.
3326 911 3506 978 ἔλεγε,
3529 908 3632 979 τῆς

2059 1012 2139 1072 είς
2167 1010 2400 1079 Χριστόν
2431 1024 2497 1078 με
2529 1008 2819 1074 δυνήσεται
2846 1005 3080 1066 πίστεως
3106 1003 3418 1072 ἀποστῆσαι
3448 1020 3465 1037 ι
3495 1004 3635 1055 ἀπε-

2058 1102 2323 1167 γίνωσκον
2365 1100 2464 1166 μὲν
2497 1100 2545 1151 οἱ
2590 1096 2858 1169 βάρϐαροι
2908 1096 3008 1165 τὴν
3062 1094 3376 1163 μετάθεσιν,
3430 1094 3524 1145 καὶ
3571 1092 3631 1147 τὸ

2060 1191 2374 1245 κολακεύειν
2426 1191 2609 1261 ὥσπερ
2666 1206 2717 1241 τι
2772 1188 2882 1241 τῶν
2941 1187 3234 1256 ἀχρήστων
3286 1184 3627 1250 ἀπετίθεντο,

2059 1288 2297 1357 ἐχώρουν
2328 1285 2385 1338 δὲ
2438 1285 2529 1337 ἐπὶ⁸
2575 1284 2673 1350 τὴν
2704 1281 3001 1349 σύντροφον
3034 1279 3293 1347 ὠμότητα
3324 1278 3418 1333 καὶ
3444 1277 3629 1346 φίλην,

2060 1382 2154 1434 καὶ
2207 1377 2425 1446 Σειχοῦν
2469 1376 2564 1445 μὲν
2597 1374 2826 1427 θάνατον
2875 1371 3038 1433 εὐθὺς
3084 1368 3486 1438 κατεψηφίζετο
3536 1367 3630 1420 τοῦ

2058 1468 2420 1538 πατριάρχου.
2458 1464 2691 1517 Σουλτὰν
2715 1464 2770 1516 δέ
2805 1462 2880 1523 ὼς
2921 1462 3158 1528 ἐλέγετο,
3191 1460 3359 1513 ἐδεῖτο
3392 1459 3467 1529 μὴ
3500 1460 3634 1511 ἀπο-

2059 1559 2334 1612 κτιννύναι
2362 1573 2375 1588 ⁸
2405 1555 2539 1609 ἀλλά
2579 1555 2778 1624 τρόπον
2817 1552 3004 1622 ἔτερόν
3044 1570 3163 1605 τινα
3207 1553 3306 1622 τῆς
3350 1552 3635 1612 ἀπειθείας

2058 1649 2221 1702 ἕνεκα
2251 1646 2518 1711 κολάζειν.
2546 1646 2621 1699 Οὐ
2651 1648 2761 1715 γάρ
2786 1644 3036 1697 τοσοῦτον
3064 1638 3131 1714 ἦν
3162 1643 3329 1712 βαρὺς
3367 1644 3631 1712 Χριστια-

2059 1741 2168 1802 νοῖς
2192 1740 2419 1801 ἐκεῖνος,
2471 1738 2671 1807 μᾶλλον
2704 1738 2758 1789 δὲ
2791 1737 3012 1803 ἐλέγετο
3040 1736 3135 1809 καὶ
3173 1734 3434 1803 ἄχθεσθαι
3482 1736 3638 1792 ἀναιο

2064 1830 2345 1900 ρουμένων
2366 1870 2382 1894 ,
2418 1830 2541 1882 ὅσον
2578 1828 2819 1898 Σειχοῦν,
2844 1830 2905 1881 τὸ
2948 1826 3041 1880 τοῦ
3076 1826 3315 1895 πονηροῦ
3345 1826 3638 1896 πονηρότε-

2064 1935 2155 1989 ρον
2184 1919 2518 1987 οἰκητήριον,
2559 1919 2586 1969 ὁ
2616 1919 2713 1982 τῆς
2741 1915 3014 1977 ἀπωλείας
3043 1916 3151 1977 υἱός
3174 1930 3188 1945 ⁸
3214 1915 3273 1978 ὃς
3303 1914 3381 1982 τῷ
3411 1915 3597 1983 ἀνθρω
3616 1943 3631 1954 ο

2062 2008 2305 2077 ποκτόλῳ
2333 2010 2499 2077 πατρὶ
2530 2006 2851 2075 πειθόμενος
2882 2004 3184 2074 κατάκρας,
3232 2006 3394 2069 κόρον
3442 2004 3638 2056 οὐδένα

2062 2099 2422 2169 κτεινομένων
2450 2098 2719 2168 ἐλάμϐανε
2753 2098 3120 2167 Χριστιανῶν·
3151 2096 3263 2153 ἀλλ’
3292 2096 3485 2167 ήχθετο
3500 2097 3637 2165 μάλα

2062 2191 2175 2255 λον,
2209 2192 2291 2246 ὅτι
2321 2192 2397 2262 μὴ
2445 2190 2653 2260 ταχέως
2678 2188 2740 2241 τὸ
2771 2190 2863 2243 τοῦ
2891 2188 3129 2257 Χριστοῦ
3161 2189 3332 2257 ὄνομα
3388 2189 3487 2253 τῆς
3528 2189 3634 2259 γῆς

2061 2286 2290 2355 ἠδύνατο
2349 2282 2677 2348 ἐξελαύνειν.
2739 2283 2806 2335 Ἦ
2868 2281 2969 2350 μέν
3014 2280 3108 2333 οὖν
3158 2280 3253 2335 τοῦ
3298 2282 3639 2334 ἀποκτείνειν

2060 2378 2237 2448 ψῆφος
2287 2376 2576 2437 ἐκωλύετο,
2612 2376 2826 2445 πληγὰς
2870 2374 2928 2427 δέ
2984 2373 3201 2427 ἐκέλευε
3262 2372 3487 2443 Σειχιοῦν
3545 2375 3637 2426 ἐπὶ

2062 2470 2288 2539 γυμνῶν
2333 2468 2441 2522 τῶν
2471 2470 2685 2538 σαρκῶν
2713 2466 3025 2536 βουνεύροις
3063 2467 3319 2519 ἐντείνειν
3374 2482 3636 2518 πεντακο-

2066 2564 2209 2626 σίας.
2238 2566 2395 2634 ᾭετο
2417 2563 2526 2631 γὰρ
2555 2562 2655 2614 οὐκ
2678 2560 3030 2630 ἀντισχήσειν
3052 2559 3189 2628 πρὸς
3219 2556 3472 2611 τοσοῦτον
3502 2555 3641 2622 πλῆ-

2065 2655 2180 2718 θος,
2213 2655 2348 2709 ἀλλά
2392 2656 2520 2723 πρὶν
2550 2657 2627 2715 εἰς
2676 2652 2839 2715 τέλος
2872 2651 3075 2713 ταύτας
3110 2649 3267 2718 ήκειν
3325 2644 3640 2714 ἀπολείψειν

2066 2747 2229 2800 αὐτὸν
2281 2747 2341 2798 τὸ
2383 2744 2504 2815 ζῇν,
2562 2746 2684 2797 ὅσον
2724 2744 2804 2805 είς
2848 2743 2949 2812 τὴν
3000 2740 3350 2809 ἀνθρωπίνην
3409 2738 3639 2807 δύναμιν

2065 2837 2417 2893 ἀποσκοπῶν.
2460 2837 2612 2889 Ἐπεὶ
2641 2836 2698 2887 δέ
2728 2836 2775 2888 οί
2806 2835 2988 2903 δήμιοι
3030 2832 3375 2893 διαλαϐόντες
3424 2832 3638 2903 ᾔκιζον,

2067 2933 2161 2985 καὶ
2187 2931 2234 2981 oi
2271 2929 2371 2998 μὲν
2401 2929 2536 2997 πρὸς
2563 2928 2622 2980 τὸ
2658 2926 2860 2994 πλῆθος
2892 2925 3123 2995 ἔκαμνον
3172 2924 3280 2976 τῶν
3314 2924 3561 2994 πληγῶν,
3611 2928 3641 2976 ὁ

2067 3001 2306 3095 ἀθλητὴς
2337 3023 2393 3076 δέ
2430 3025 2522 3076 τὸν
2551 3022 2673 3074 νοῦν
2721 3021 2857 3092 προς
2901 3021 2960 3073 ὃν
3010 3020 3192 3074 ἐπόθει
3231 3020 3466 3088 Χριστὸν
3499 3014 3637 3090 εἶχε,

396 3092 740 3172 deﬂuebant,
815 3105 1301 3180 fatiscentibusque
1374 3114 1759 3184 compagibus,
1836 3132 1958 3171 ossa

2065 3118 2158 3170 καὶ
2316 3114 2523 3167 ἐκεῖθεν
2573 3113 2823 3184 βοήθειαν
2858 3112 3185 3177 ἐξεκαλεῖτο,
3221 3113 3375 3165 οὐδὲν
3403 3112 3630 3179 ἀγεννὲς

394 3198 767 3268 patesceiiaut.
785 3197 1101 3255 Patriarcha
1122 3210 1269 3257 tanto
1291 3204 1661 3260 cruciamento
1675 3206 1959 3271 deﬁciens,

393 3298 448 3343 et
482 3305 631 3343 num.
663 3291 936 3347 collabens
958 3292 1179 3361 jacebat
1203 3333 1217 3358 ,
1266 3296 1485 3364 paulum
1514 3296 1692 3351 adhuc
1725 3297 1959 3367 Spirans,

396 3376 452 3435 et
500 3380 752 3437 Barbaris
785 3384 1069 3438 tolerantia
1124 3394 1228 3439 tam
1262 3386 1393 3443 dira:
1422 3390 1819 3445 verberationis
1845 3405 1962 3447 Sitt-

328 3484 333 3488 '
396 3489 578 3542 porem
636 3477 1031 3533 commovebat.
1119 3477 1325 3533 Deinde
1377 3481 1592 3544 .iterum
1655 3495 1909 3553 quaarunt
1944 3527 1960 3552 ,

394 3579 521 3617 nam
553 3565 750 3623 sultani
785 3568 1058 3622 mandatis
1105 3569 1491 3640 obtemperans
1514 3614 1527 3639 ,
1560 3574 1765 3629 Christi
1802 3578 1961 3633 tidem

394 3667 675 3720 deserere,
709 3668 763 3711 et
797 3675 921 3713 cum
953 3660 1089 3730 ipsis
1123 3664 1530 3719 communicare
1561 3666 1694 3720 velit
1722 3685 1735 3721 :
1768 3668 1965 3723 lihcre-

397 3764 502 3818 que
532 3760 878 3807 ret-usantctn
908 3793 923 3818 ,
954 3768 1018 3807 ac
1048 3752 1319 3809 dicentem
1347 3798 1360 3819 ,
1418 3758 1566 3811 Nihil
1600 3775 1684 3815 me
1714 3775 1743 3816 a
1776 3761 1879 3817 fide
1908 3763 1962 3818 in

393 3840 671 3895 Christum
728 3858 984 3911 separare
1044 3846 1287 3912 poterit,
1349 3848 1505 3918 761
1581 3849 1637 3903 in
1689 3867 1962 3909 carcerem

396 3936 690 4001 quemdam
725 3943 902 3987 morte
934 3934 1201 3990 damnatis
1236 3936 1567 3993 destinatum
1623 3954 1965 4012 asportantes

394 4023 692 4092 projiciunt
717 4066 731 4089 ,
777 4033 835 4077 ut
867 4023 912 4078 si
949 4040 1056 4078 non
1094 4042 1157 4080 ex
1191 4027 1364 4099 plagis
1392 4070 1407 4095 ,
1458 4039 1605 4087 certe
1633 4043 1755 4103 post
1788 4036 1966 4105 gladio

394 4115 741 4167 moriturum.
762 4113 913 4169 Socii
935 4126 1112 4170 autem
1145 4119 1379 4173 carceris
1410 4123 1835 4190 (quorumeraut
1855 4144 1963 4181 non

392 4206 551 4275 pauci
587 4221 648 4260 ex
684 4205 961 4272 Barbaris,
1001 4207 1095 4260 alii
1124 4208 1258 4263 alias
1286 4210 1356 4264 ob
1383 4225 1575 4266 causas
1607 4215 1785 4283 capite
1811 4217 1964 4271 dam-

390 4295 525 4364 nati)
556 4295 891 4353 humanitate
932 4298 1163 4366 quadam
1202 4308 1257 4353 et
1290 4300 1636 4359 miseratione
1661 4306 1731 4361 ob
1759 4290 1965 4363 natura:

388 4387 771 4454 consortium,
818 4403 928 4443 non
977 4390 1191 4446 modica
1239 4406 1363 4447 eum
1414 4408 1544 4448 cura
1573 4395 1959 4466 dignahantur,

2064 3206 2185 3261 οὕτε
2219 3206 2492 3277 πράττων,
2523 3203 2645 3257 οῦτε
2676 3204 3049 3273 φθεγγόμενος
3084 3203 3217 3272 πρὸς
3263 3203 3361 3264 τὰς
3390 3202 3629 3271 πληγὰς,

2062 3302 2090 3352 ὀ
2118 3301 2380 3367 τύραννος
2412 3297 2492 3349 ἔτι
2524 3297 2722 3366 μᾶλλον
2751 3296 3115 3363 ἐξαπτόμενος
3153 3292 3261 3347 ὑπὸ
3296 3293 3495 3362 θυμοῦ,
3546 3294 3642 3346 καὶ

2063 3390 2250 3458 ῶσπερ
2278 3387 2473 3443 ἑαυτοῦ
2508 3389 2781 3458 μαλακίαν
2806 3389 2895 3441 καὶ
2926 3385 3283 3458 μικρολογίαν
3309 3388 3639 3453 καταγνοὺς,

2064 3484 2159 3536 καὶ
2194 3483 2387 3551 ἑτέρας
2441 3480 2710 3544 τοσαύτας
2756 3480 3006 3534 ἐκέλευεν
3041 3477 3318 3532 ἐντείνειν.
3348 3478 3555 3530 Θᾶττον
3582 3477 3642 3530 δὲ

2063 3573 2097 3643 ἢ
2126 3573 2281 3640 λόγος
2329 3574 2397 3628 τὰ
2428 3571 2831 3643 κεκελευσμένα
2882 3573 3232 3642 πραττόντων
3264 3570 3373 3623 τῶν
3405 3570 3639 3638 δημίων,

2064 3666 2260 3734 αἵμασι
2296 3666 2396 3734 μὲν
2413 3665 2470 3719 τὸ
2485 3666 2843 3734 ὑποκείμενον
2865 3666 3011 3720 ᾶπαν
3039 3666 3233 3735 ἔδαφος
3270 3664 3629 3733 ἐφοινίσσετο,

2068 3760 2269 3825 σάρκες
2310 3759 2365 3811 δὲ
2395 3759 2687 3828 κατέρρεον
2725 3758 3142 3827 ἀποσπώμεναι,
3180 3762 3275 3814 καὶ
3304 3759 3476 3828 νεῦρα
3506 3776 3639 3811 κατ-

2066 3847 2314 3900 ελείπετο
2357 3848 2451 3901 καὶ
2484 3848 2645 3901 ὀστέα
2690 3851 2876 3916 γυμνά
2920 3849 3160 3918 σαρκῶν.
3199 3849 3261 3900 Ὀ
3290 3851 3636 3919 πατριάρχης

2063 3939 2120 3991 δὲ
2158 3938 2292 4008 πρὸς
2322 3940 2587 4009 τοσαύτην
2642 3938 2891 4005 ἀπειπὼν
2941 3940 3052 3991 τῶν
3103 3940 3292 3993 δεινῶν
3337 3942 3627 4009 ἐπιφοράν,

2063 4030 2241 4085 Εκειτο
2267 4033 2461 4102 μικρὸν
2498 4034 2769 4102 ἐμπνέων,
2818 4032 2912 4085 καὶ
2943 4034 3054 4095 τοῖς
3096 4032 3406 4102 Βαρόάροι;
3439 4033 3647 4102 ἐκπλη-

2064 4121 2144 4186 ξιν
2173 4124 2429 4187 ἐνεποίει,
2464 4125 2545 4177 ὃτι
2591 4125 2724 4193 πρὸς
2748 4123 3019 4185 τοσαύτας
3050 4124 3391 4192 διαρκέσειεν
3424 4124 3633 4187 αἰκίας.

2067 4212 2297 4266 Ἔπειτα
2326 4212 2550 4282 ἠρώτων
2577 4209 2750 4277 αὖθις,
2772 4213 2820 4264 εί
2847 4212 2922 4283 μὴ
2955 4214 3062 4274 τοῖς
3104 4212 3330 4264 σουλτὲν
3366 4214 3645 4281 προστάγ-

2064 4318 2229 4371 μασιν
2289 4303 2478 4368 εἴκων,
2517 4305 2615 4374 τῆς
2665 4304 2746 4366 είς
2773 4302 3006 4373 Χριστὸν
3037 4303 3273 4365 πίστεως
3326 4304 3641 4372 ἀποστῆναι

2064 4394 2331 4463 βούλοιτο,
2386 4398 2479 4449 καὶ
2521 4396 2889 4466 συμμετέχειν
2943 4395 3128 4456 αὑτοῖς
3189 4394 3326 4462 πρὸς
3372 4394 3472 4464 τὴν
3504 4393 3644 4463 θρη-

390 4478 661 4547 peritique
691 4480 1002 4549 huiusmodi
1029 4481 1322 4537 aﬂecluum
1356 4485 1745 4541 medendorum
1772 4528 1787 4553 ,
1825 4504 1960 4558 pau-

2070 4484 2257 4539 σκείαν
2279 4501 2292 4516 ·
2323 4484 2399 4549 ὡς
2431 4485 2476 4538 δ’
2507 4486 2715 4546 ἐκεῖνος
2768 4485 2909 4555 μετά
2955 4483 3272 4554 παρρησίας
3304 4484 3642 4553 ἀπηγόρευε,

391 4570 543 4627 latim
596 4586 716 4627 cum
763 4572 1071 4642 persanatis
1119 4574 1396 4644 plagarum
1433 4576 1755 4632 vulneribus
1798 4579 1960 4633 resti-

391 4672 634 4718 tuerunt.
693 4662 888 4719 Adhuc
953 4664 1054 4720 sub
1106 4665 1313 4734 judicio
1370 4666 1559 4721 mortis
1618 4678 1735 4723 erat
1771 4708 1785 4734 ,
1838 4686 1959 4725 eum

390 4754 761 4809 Jacobitarum
806 4754 1117 4826 episcopus,
1148 4770 1459 4825 quanquam
1492 4755 1646 4825 prius
1675 4757 1745 4811 ob
1773 4772 1960 4814 saeto-

390 4862 509 4900 rum
582 4846 961 4911 diversitatem,
1007 4861 1133 4901 eum
1202 4846 1449 4911 odisset,
1502 4847 1961 4919 interfectumque

391 4937 723 5007 eupivisset,
750 4946 952 5008 praeter
969 4937 1279 5006 opinionem
1302 4951 1576 4992 servatum
1596 4941 1962 5009 conspiciens,

276 5018 293 5035 “
387 5045 489 5084 nec
522 5029 868 5096 bumanaeid,
918 5029 1013 5084 sed
1057 5029 1255 5084 divina:
1285 5030 1502 5085 virtutis
1548 5040 1958 5086 monumentum

388 5120 705 5174 existimans
732 5160 749 5185 ,
781 5136 848 5175 ex
906 5134 977 5175 eo
1010 5129 1069 5174 ut
1097 5119 1357 5175 athletam
1387 5122 1672 5192 complecti
1704 5123 1962 5193 omnique

391 5214 601 5265 honore
645 5222 699 5266 et
731 5212 1081 5266 observantia
1130 5212 1308 5268 colere
1334 5252 1350 5277 ,
1383 5222 1438 5269 et
1478 5214 1721 5270 studiose
1755 5216 1958 5270 victum

390 5302 633 5372 quandiu
670 5301 723 5354 in
755 5302 990 5356 vinculis
1019 5301 1122 5357 fuit
1147 5344 1161 5366 ,
1213 5304 1625 5360 subministrare
1656 5307 1842 5375 capit.
1884 5310 1960 5362 Ac

392 5401 517 5466 post
548 5393 896 5449 intervallum
953 5393 1169 5462 longius
1200 5394 1452 5449 Sichunti
1485 5397 1718 5467 abrupta
1754 5398 1959 5463 anima,

393 5490 516 5558 ipse
547 5485 916 5557 patriarcham
943 5501 975 5540 α
1009 5486 1225 5541 sultano
1287 5489 1634 5557 impetratum
1680 5504 1711 5544 e
1740 5505 1960 5546 carcere

388 5578 616 5642 eduxit,
652 5580 746 5649 qui
791 5587 847 5632 et
896 5578 1223 5634 Chiistiantn
1276 5578 1555 5648 religionis
1585 5580 1825 5635 colenda:
1866 5596 1962 5651 po-

387 5678 640 5725 testatem
699 5668 867 5724 dedit.
910 5668 1039 5723 Erat
1095 5685 1328 5739 namque
1375 5669 1624 5725 sultanus
1670 5671 1751 5741 (ut
1779 5672 1962 5727 docui-

384 5760 528 5834 mus)
569 5777 677 5820 non
712 5775 811 5819 sua
842 5768 1033 5833 sponte
1064 5761 1129 5818 ad
1162 5760 1594 5831 persecutionem
1630 5779 1955 5834 propensus,

2064 4581 2183 4646 καὶ,
2212 4578 2377 4633 Οῦδέν
2407 4597 2473 4650 με
2501 4579 2597 4649 τῆς
2632 4581 2709 4644 είς
2740 4579 2996 4650 Χριστὸν,
3029 4580 3263 4648 ἔφασκε,
3286 4577 3518 4638 πίστεως
3548 4576 3643 4628 δυ-

2062 4674 2289 4742 νήσεται
2321 4672 2649 4741 ἀποστῆσαι,
2675 4672 2765 4724 ἐπί
2797 4689 2852 4724 τι
2904 4671 3302 4741 δεσμωτήριον,
3357 4671 3386 4724 ὃ
3410 4673 3522 4732 τοῖς
3548 4671 3644 4723 ἐπὶ

2064 4760 2292 4814 θάνατον
2317 4762 2551 4833 ἐξῄρητο
2584 4765 3078 4830 κατεγνωσμένοις,
3110 4765 3367 4833 φέροντες
3412 4763 3642 4829 ῥιπτοῦ-

2065 4868 2170 4914 σιν,
2198 4851 2273 4914 ὡς
2303 4853 2351 4904 εί
2387 4852 2463 4921 μὴ
2497 4852 2590 4904 νῦν
2617 4854 2679 4904 ἐκ
2709 4852 2818 4905 τῶν
2848 4853 3094 4922 πληγῶν,
3132 4853 3246 4906 ἀλλ’
3278 4853 3505 4925 ὕστερον
3539 4852 3643 4924 τὴν

2061 4943 2148 4995 διὰ
2173 4943 2359 5012 ξίφους
2411 4944 2627 5014 σφαγὴν
2658 4945 3118 5017 ὑποστησάμενον.
3154 4948 3217 4998 Οἱ
3250 4946 3639 5016 συνδεσμῶται

2062 5034 2139 5096 δὲ,
2163 5029 2301 5103 ἦσαν
2324 5039 2431 5104 γὰρ
2460 5036 2559 5088 οὐκ
2588 5036 2757 5102 ὀλίγοι
2788 5039 2852 5090 ἐκ
2888 5037 3185 5107 βαρϐάρων
3212 5037 3296 5105 ἐφ’
3330 5038 3545 5106 ἑτέραις
3571 5038 3636 5107 δή

2062 5141 2207 5177 τισιν
2234 5126 2437 5189 αἰτίαις
2488 5126 2958 5197 κατεψηφισμένοι
3007 5127 3396 5196 ἀποθνήσκειν,
3445 5126 3638 5195 φιλάν-

2064 5217 2280 5287 θρωπόν
2333 5235 2385 5272 τι
2437 5219 2723 5286 παθόντες,
2782 5221 2875 5272 καὶ
2925 5220 3024 5291 τὴν
3062 5220 3412 5289 ἀνθρωπίνην
3472 5218 3638 5286 φύσιν

2064 5310 2555 5380 κατοικτείραντες,
2588 5312 2848 5381 πρόνοιάν
2883 5329 2939 5365 τε
3014 5314 3340 5381 ἐποιήσαντο
3375 5309 3540 5364 αὐτοῦ
3572 5310 3637 5362 οὗ

2062 5398 2161 5468 τήν
2184 5398 2457 5468 τυχοῦσαν
2480 5415 2492 5428 ⁸
2533 5398 2629 5453 καὶ
2655 5399 2792 5469 πρὸς
2822 5398 3117 5469 θεραπείας
3146 5397 3402 5451 τοιούτων
3453 5394 3640 5465 παθη-

2067 5491 2253 5559 μάτων
2278 5489 2554 5560 ἐμπείρως
2577 5489 2810 5559 ἔχοντες,
2832 5489 3029 5559 ἀνεκτή
3040 5487 3201 5567 σαντό
3221 5505 3280 5540 τε
3308 5488 3395 5541 διὰ
3418 5487 3637 5557 χρόνον,

2062 5583 2158 5634 καὶ
2185 5581 2289 5633 τῶν
2318 5583 2381 5634 ἐκ
2410 5581 2518 5633 τῶν
2548 5580 2772 5649 πληγῶν
2805 5578 3121 5648 ἀπήλλαξαν
3146 5579 3499 5648 τραυμάτων.
3524 5576 3632 5630 Ἦν

2060 5672 2135 5737 δὲ⁸
2160 5672 2240 5725 ἔτι
2271 5672 2376 5725 om
2400 5672 2498 5742 τὴν
2526 5672 2922 5741 θανατηφόρων
2970 5670 3149 5740 δίκην.
3196 5669 3258 5721 '0
3293 5669 3349 5721 δέ
3371 5669 3480 5722 τῶν
3526 5669 3635 5722 ἰα-

2063 5764 2241 5819 κώόου
2272 5765 2609 5837 αἱρεσιωτῶν
2671 5764 2983 5836 ἀρχιερεὺς,
3033 5762 3208 5816 καίτοι
3242 5760 3510 5833 πρότερον
3547 5760 3641 5818 διὰ
