3996 6218
534 359 632 421 12⁵1

1714 354 2036 418 JOANNIS
2062 324 2597 418 CANTACUZENI
2707 322 2712 327 ’
3675 357 3763 423 1:8

534 471 806 541 perisset,
863 476 1182 534 teneretque
1240 465 1565 522 auctoritate
1624 482 1723 523 sua
1762 468 2097 539 praesidium,

2215 467 2388 537 κρύφα
2421 465 2724 536 διαλεχθεὶς
2765 464 2896 535 περὶ
2939 464 3029 518 τοῦ
3064 464 3481 536 πεπραγμένου,
3516 468 3607 519 καὶ
3656 488 3766 522 συν-

530 575 717 630 aperle
771 576 829 615 se
872 576 899 613 a
948 558 1243 627 l’alzeologo
1313 569 1371 613 et
1419 559 1623 614 Zelotis
1669 560 1931 629 seiunxit.
1997 559 2100 613 Pa—

539 655 795 721 laeulogus
844 652 989 703 cives
1016 652 1068 703 in
1114 667 1172 705 se
1209 652 1589 720 conspirantes
1630 652 2099 717 animadvertetis,

531 743 692 813 765
725 742 1150 809 parathalassios
1180 744 1255 809 (id
1283 752 1365 795 est
1389 743 1457 797 ad
1492 758 1664 808 mare,
1692 736 1789 798 Seu
1820 743 1877 797 in
1920 744 2102 799 littore

532 834 866 904 habitantes)
895 844 951 887 ut
994 836 1159 889 etiam
1191 844 1339 898 ante,
1377 836 1689 905 occupavit,
1729 845 1783 891 et
1830 851 1979 890 arma
2020 851 2135 891 ca-.

531 945 658 998 pere
698 929 882 996 jussit,
921 940 1108 983 contra
1159 912 1593 998 protosehastum
1654 929 1900 999 aliosque
1952 930 2103 984 cives

529 1038 586 1074 se
632 1021 962 1074 defensurus
1021 1022 1289 1075 videlicet.
1353 1023 1456 1087 Qui
1507 1037 1570 1076 ex
1632 1024 1909 1091 praeterito
1971 1038 2103 1077 casu

531 1112 655 1165 facti
689 1112 987 1173 cautiores,
1022 1127 1129 1165 nou
1154 1113 1263 1180 jam
1292 1115 1406 1167 otio
1452 1122 1506 1167 et
1548 1112 1884 1167 cunctationi
1919 1112 2105 1166 indul-

530 1203 754 1270 gebant,
792 1203 887 1255 sed
938 1202 1100 1255 simul
1153 1219 1217 1256 ac
1253 1220 1377 1256 eum
1423 1212 1715 1257 senserunt
1762 1214 1927 1258 noctu
1980 1220 2104 1259 cum

532 1294 940 1361 parathalassiis
973 1296 1023 1348 in
1050 1298 1218 1350 armis
1248 1313 1389 1361 esse,
1419 1314 1529 1351 non
1554 1306 1862 1367 exspectata
1894 1298 2015 1351 luee
2048 1298 2103 1352 in

533 1386 683 1439 illum
733 1387 1073 1453 invaserunt,
1134 1389 1338 1442 victum
1395 1390 1528 1444 urbe
1585 1390 1933 1460 pepulerunt.
1974 1389 2104 1460 Ejus

532 1486 586 1532 et
640 1480 1162 1544 parathalassiorum
1206 1482 1399 1536 domos
1454 1483 1692 1552 populus
1747 1483 1995 1552 diripuit,
2048 1484 2104 1536 in

535 1586 716 1638 pugna
778 1581 963 1625 tamen
1017 1587 1209 1626 eorum
1270 1588 1432 1626 nemo
1489 1574 1706 1627 cecidit.
1773 1574 2105 1643 Palaaologus

534 1662 823 1715 Confestim
883 1663 1049 1715 rebus
1110 1664 1227 1717 suis
1281 1663 1506 1729 dillisus,
1563 1664 1628 1718 ad
1684 1663 1921 1727 Cralcm,
1981 1665 2105 1718 inde

536 1764 725 1822 postea
787 1754 853 1806 ad
912 1765 1162 1809 sanctum
1207 1768 1449 1810 montem
1497 1757 1639 1811 Atho
1691 1757 1862 1810 venit.
1906 1755 2107 1809 Zelota:

536 1861 657 1899 cum
687 1847 946 1915 populum
985 1848 1220 1915 amplius
1254 1847 1537 1902 concitare
1568 1862 1677 1901 non
1716 1858 1967 1916 possent,
2008 1863 2112 1903 nec

536 1936 761 1991 divitum
803 1940 947 1990 :edes
1002 1938 1263 2007 diripere,
1319 1939 1529 2007 abjecta
1582 1954 1844 2008 persona,
1892 1956 1994 2009 qua
2052 1956 2111 1995 se

537 2045 637 2098 pro
671 2029 893 2097 juniore
924 2030 1262 2097 imperatore
1296 2031 1628 2084 contendere
1668 2030 2021 2096 simulabant,
2050 2040 2112 2084 ut

539 2115 733 2169 civitas
799 2114 1069 2173 Triballis
1111 2117 1473 2184 proderetur,
1528 2115 1865 2170 laborarunt.
1926 2117 2112 2173 Crales

535 2206 679 2260 enim
713 2207 782 2259 ob
830 2206 880 2259 id
914 2207 1171 2275 grandem
1210 2208 1498 2275 pecuniam
1549 2208 1890 2272 cﬂundebat,
1947 2227 2112 2279 gran—

538 2297 745 2350 diorem
779 2299 1138 2366 promittebat
1174 2314 1188 2351 :
1224 2301 1410 2357 homo,
1444 2299 1536 2368 qui
1584 2301 1749 2355 etiam
1795 2301 1997 2370 alioqui
2045 2318 2111 2356 ex

537 2387 925 2457 largitionibus
988 2390 1183 2444 famam
1254 2400 1642 2460 aucuparetur.
1706 2392 1904 2447 Verum
1974 2394 2110 2448 nihil

537 2488 678 2543 erat,
736 2480 880 2548 quod
935 2482 982 2534 ei
1032 2498 1146 2549 pra:
1195 2482 1588 2538 Thessalonica
1642 2499 1749 2538 non
1806 2486 2107 2540 sorderet:

538 2587 703 2639 quam
741 2572 783 2624 si
820 2583 1166 2639 occupasset,
1193 2574 1497 2643 impensam
1534 2590 1593 2629 se
1633 2575 1984 2641 refectumm,
2012 2594 2113 2633 nec

540 2661 795 2729 pusillam
856 2660 1089 2716 Romani
1160 2663 1373 2732 imperii
1432 2675 1639 2733 partem
1699 2676 1810 2719 tam
1874 2656 2113 2737 spatiosa

542 2753 677 2805 urbe
711 2753 777 2806 ad
822 2762 1049 2807 caeteras
1074 2756 1184 2823 jam
1218 2765 1347 2809 ante
1396 2766 1693 2827 occupatas
1723 2760 1976 2828 adjuncta
2015 2762 2110 2813 ha-

540 2844 785 2899 biturum
834 2844 1062 2900 sciebat.
1113 2848 1303 2915 Itaque
1342 2847 1582 2917 profusis
1630 2849 2019 2905 donationibus
2058 2860 2112 2905 et

542 2934 785 3000 'Imlotas,
828 2945 885 2988 ct
919 2952 1013 3004 per
1054 2938 1173 2991 illos
1214 2955 1320 2993 non
1368 2956 1569 3009 paucos
1604 2941 1751 2995 cives
1802 2943 1869 2995 ad
1916 2958 1974 2997 se
2003 2954 2113 2997 tra-

540 3028 713 3091 duxit,
740 3040 796 3080 ut
834 3030 999 3082 etiam
1034 3032 1208 3097 palam
1249 3031 1564 3098 allirmaret,
1598 3034 1747 3102 juste
1793 3050 1855 3088 ac
1920 3036 2112 3089 merito

540 3123 606 3173 ad
641 3137 699 3173 se
741 3122 985 3187 transiri,
1024 3125 1114 3189 qui
1155 3124 1373 3189 quando
1402 3133 1571 3179 totam
1601 3127 1936 3195 provinciam
1968 3128 2111 3183 obti—

541 3222 719 3277 neret,
753 3214 943 3267 urbem
976 3216 1249 3281 obsidere,
1280 3227 1334 3270 et
1366 3219 1690 3272 detrimenta
1720 3221 1919 3275 inferre
1953 3237 2113 3290 quam

541 3308 860 3366 gravissima
896 3318 1098 3375 posset,
1136 3320 1191 3361 et
1225 3308 1269 3362 si
1321 3325 1382 3363 se
1411 3310 1699 3377 dederent,
1732 3313 1836 3365 illis
1871 3329 2110 3367 commo-

542 3407 678 3451 dare
737 3399 924 3453 vellet.
984 3399 1196 3464 Quibus
1259 3402 1635 3457 conditionem
1696 3404 2112 3474 rejicientibus,

546 3490 735 3543 urbem
774 3490 943 3545 cinxit
994 3502 1159 3561 atque
1190 3493 1427 3547 obsedit.
1458 3493 1613 3560 Quod
1646 3510 1770 3549 cum
1802 3496 2118 3565 protoseba-

537 3590 657 3637 stus
692 3594 747 3637 et
795 3583 942 3638 cives
982 3584 1356 3641 Ronnanorum
1402 3587 1633 3643 studiosi
1674 3599 1988 3654 cernerent,
2014 3605 2113 3645 ne-

538 3691 646 3743 que
680 3678 1048 3746 proditoribus
1078 3680 1378 3748 praemilere
1414 3689 1687 3749 poterant,
1730 3690 1950 3751 propter
1978 3683 2111 3746 vim,

538 3783 661 3833 qua:
726 3769 859 3824 feris
926 3772 1163 3825 instabat
1217 3770 1361 3840 (cum
1418 3772 1719 3837 prmscrtim
1778 3782 1832 3825 et
1883 3773 2115 3841 pepulus

542 3858 885 3912 obsidionem
947 3862 1351 3929 argregfercns,
1407 3862 1663 3917 Triballis
1721 3864 1935 3931 subjici,
1999 3864 2112 3919 fore

542 3951 704 4005 malis
752 3952 970 4004 liberari
1007 3956 1265 4021 putaret),
1303 3969 1481 4021 neque
1518 3963 1626 4007 tam
1659 3955 1890 4023 amplam
1923 3956 2111 4010 urbem

543 4044 807 4097 Romanis
839 4045 997 4113 eripi,
1032 4056 1087 4099 et
1128 4061 1187 4099 se
1239 4046 1492 4101 Barbaris
1543 4048 1861 4102 servitutem
1907 4050 2115 4105 servire

540 4138 712 4204 :e'juis
740 4136 936 4191 animis
961 4138 1329 4207 patiebantur.
1356 4139 1700 4210 Quapropter
1730 4142 2109 4211 imperatorem

542 4227 925 4293 obsecrabaut,
990 4243 1058 4281 ne
1107 4229 1187 4281 sui
1249 4238 1394 4283 esset
1443 4231 1752 4296 immemor,
1805 4234 1903 4287 sed
1948 4250 2111 4302 quam

542 4317 810 4373 citissime
858 4336 1013 4388 opem
1066 4322 1249 4375 ferret.
1287 4322 1421 4375 Nam
1468 4322 1512 4375 si
1561 4334 1886 4387 moraretur,
1921 4326 2108 4379 urbem

544 4410 733 4477 paucis
781 4410 977 4463 diebus
1027 4411 1080 4465 in
1137 4413 1374 4466 hostium
1432 4422 1752 4482 potestatem
1803 4424 2109 4468 venturam.

2210 556 2652 625 αγανακτοῦντας
2678 555 2886 617 πάντας
2902 554 3175 623 εὑρηκὼς,
3208 556 3348 626 ἔχων
3373 557 3469 609 καὶ
3496 557 3593 625 τὴν
3620 575 3766 627 etpa-

2208 652 2332 705 τιάν
2366 650 2513 719 αύτῷ
2571 649 2969 720 προσέχουσαν,
3022 648 3281 720 διηνέχθη
3342 651 3589 718 φανερῶς
3642 653 3764 721 πρὸς

2211 730 2580 808 Παλαιολόγον
2612 740 2707 792 καὶ
2768 740 2899 803 τοὺς
2957 740 3237 809 Ζηλωτάς.
3306 741 3669 809 Παλαιολόγος
3720 742 3771 795 δὲ

2208 835 2353 901 δρῶν
2381 834 2467 887 ἐπ’
2505 830 2668 886 αύτδν
2717 832 3150 900 συνισταμένους
3184 834 3312 895 τοὺς
3362 831 3607 896 πολίτας,
3660 836 3774 898 τοῦς

2210 924 2686 995 παραθαλασσίους
2734 923 3170 992 κατελάμϐανεν,
3220 923 3410 994 ὥσπερ
3441 924 3538 976 καὶ
3565 924 3621 976 τὸ
3649 927 3770 995 πρό-

2210 1031 2390 1086 τερον,
2435 1015 2528 1067 καὶ
2585 1014 2723 1082 πρὸς
2799 1013 2938 1066 ὅπλα
2996 1013 3215 1066 ἐκέλευε
3269 1016 3488 1085 χωρεῖν,
3524 1014 3599 1078 ὡς
3639 1033 3773 1085 πρω-

2212 1107 2533 1177 τοσεϐαστῷ
2567 1122 2624 1158 τε
2661 1105 2757 1157 καὶ
2802 1105 2914 1170 τοῖς
2950 1099 3134 1169 ἄλλοις
3187 1105 3775 1176 ἀντικαταστησόμενος

2222 1196 2494 1257 πολίταις.
2545 1195 2778 1247 Ἐκεῖνοι
2808 1193 2864 1246 δὲ
2908 1193 2971 1247 ίκ
3018 1194 3128 1246 τῶν
3163 1193 3447 1262 προτέρων
3499 1193 3570 1245 τὰ
3606 1191 3775 1246 δέοντα

2210 1285 2607 1356 δεδιδαγμένοι,
2646 1285 2707 1338 ού
2749 1285 2888 1354 πρὸς
2921 1284 3178 1353 ἀσχολίας
3209 1284 3509 1354 ἐτράποντο
3541 1285 3636 1337 καὶ
3668 1285 3777 1353 μέλ-

2212 1378 2390 1447 λησιν
2428 1377 2545 1431 ἀλλ’
2585 1377 2703 1446 ἅμα
2728 1394 2787 1429 τε
2815 1375 3116 1446 ᾐσθάνοντο
3140 1375 3281 1446 μετά
3309 1376 3418 1427 τῶν
3444 1376 3777 1444 παραθαλασ-

2215 1471 2345 1522 σίων
2383 1468 2736 1537 δπλιζόμενον
2784 1467 3000 1530 νυκτὸς,
3056 1468 3153 1520 καὶ
3200 1467 3356 1520 αὐτοὶ
3409 1467 3686 1537 ἐπῄεσαν,
3713 1467 3780 1537 μὴ

2214 1561 2633 1631 περιμείναντες
2656 1561 2753 1630 τὴν
2783 1559 3020 1631 ἡμέραν,
3045 1560 3139 1612 καὶ
3166 1559 3609 1629 περιγενόμενοι,
3638 1558 3783 1623 ἐξέω-

2196 1638 2314 1705 ’σαν
2358 1652 2457 1722 τῆς
2490 1652 2698 1715 πόλεως
2721 1667 2735 1681 ·
2770 1654 2871 1722 τήν
2906 1668 2965 1705 τε
3017 1652 3196 1705 οἰκίαν
3231 1652 3443 1704 ἐκείνου
3486 1653 3780 1722 διήρπασεν

2212 1747 2241 1799 ό
2271 1745 2441 1814 δῆμος
2470 1747 2564 1797 καὶ
2598 1744 2696 1807 τὰς
2733 1743 3228 1814 παραθαλασσίων,
3265 1744 3503 1798 ἀπέθανε
3534 1744 3595 1799 δὲ
3622 1744 3783 1805 οὐδεὶς

2144 1828 2186 1882 Β
2216 1835 2359 1888 κατά
2379 1834 2479 1903 τὴν
2503 1834 2702 1903 μάχην.
2739 1833 2802 1884 '0
2831 1831 2931 1900 μὲν
2961 1830 3054 1885 οὖν
3079 1832 3441 1899 Παλαιολόγος
3473 1832 3637 1895 εὐθὺς
3652 1829 3784 1901 ’πρὸς

2218 1930 2401 1983 πᾶσαν
2453 1928 2653 1994 πεῖραν
2707 1924 2983 1988 ἀπειπὼν,
3036 1927 3159 1977 ἐπεὶ
3191 1924 3520 1993 ἐξηλαύνετο
3568 1925 3665 1995 τῆς
3695 1924 3782 1977 πό-

2216 2020 2375 2085 λεως,
2412 2018 2550 2089 πρὸς
2580 2017 2806 2086 Κράλην
2843 2013 3027 2088 ἦλθεν·
3063 2016 3254 2069 ἔπειτα
3294 2017 3501 2069 ἐκεῖθεν
3532 2016 3619 2078 είς
3651 2012 3784 2065 Ἀθω

2216 2113 2309 2165 τὸν
2342 2112 2506 2181 ίερόν.
2536 2111 2598 2165 Oi
2635 2109 2885 2180 Ζηλωταὶ
2909 2109 2967 2162 δὲ
2999 2110 3121 2162 ἐπεὶ
3150 2109 3242 2162 τὸν
3278 2108 3449 2178 δῆμον
3480 2108 3640 2176 ἄγειν
3669 2104 3785 2173 ἡδύ-

2218 2223 2379 2260 ναντο
2408 2204 2615 2268 οὐκέτι,
2649 2202 2772 2255 οὐδὲ
2808 2200 3130 2272 διαρπάζειν
3156 2202 3257 2265 τάς
3297 2202 3474 2263 οἰκίας
3506 2201 3618 2254 τῶν
3654 2198 3787 2268 ἑχόν-

2217 2314 2349 2361 των,
2382 2297 2482 2365 τὴν
2512 2295 2795 2366 προτέραν
2831 2293 3161 2363 ἀποθέμενοι
3204 2294 3519 2363 ὑπόκρισιν,
3558 2293 3633 2355 ὡς
3658 2292 3785 2358 ὑπὲρ

2222 2388 2488 2460 βασιλέως
2527 2386 2892 2455 ἀγωνίζονται
2944 2385 3040 2439 τοῦ
3075 2386 3222 2450 νέου,
3276 2384 3554 2455 ἔπρασσον
3587 2386 3723 2443 ὅπως
3754 2382 3784 2451 ή
3818 2416 3833 2436 .

2221 2480 2379 2543 πόλις
2431 2477 2721 2551 προδοθείη
2771 2476 3081 2548 Τριδαλοϊς.
3123 2476 3349 2548 Κράἶης
3391 2475 3500 2545 γὰρ
3548 2472 3785 2543 οὐδαμῶς

2219 2572 2462 2639 ἐφείδετο
2519 2570 2861 2641 χρημάτων,
2898 2569 3035 2623 ἀλλά
3083 2568 3309 2639 παρεῖχέ
3352 2585 3410 2620 τε
3458 2565 3650 2631 πολλὰ,
3697 2566 3787 2617 καὶ

2219 2662 2391 2714 πλείω
2444 2660 2835 2730 ἐπηγγέλλετο⁸
2886 2654 2954 2728 ἦν
3006 2658 3115 2728 γὰρ
3160 2660 3252 2712 καὶ
3302 2658 3476 2719 ἄλλως
3530 2656 3633 2725 μὲν
3661 2653 3790 2724 πρὸς

2218 2753 2539 2823 εὐεργεσίας
2568 2755 2595 2806 ὁ
2627 2752 2764 2823 ἀνὴρ
2797 2752 3108 2822 φιλότιμος,
3139 2750 3377 2821 μάλιστα
3424 2750 3481 2802 δὲ
3528 2750 3666 2818 πρὸς
3696 2746 3792 2816 τὴν

2218 2850 2622 2919 Θεσσαλονίκης
2672 2850 2885 2919 αἵρεσιν
2921 2848 3097 2902 πάντα
3130 2846 3361 2917 δεύτερα
3405 2846 3614 2915 ἠγεῖτο,
3647 2841 3790 2901 είδὼς

2221 2943 2296 3007 ὡς
2325 2947 2373 2995 εἰ
2415 2942 2625 3010 γένοιτο
2659 2942 2853 3012 κύριος
2882 2941 2982 3010 τῆς
3014 2939 3250 3003 πόλεως,
3282 2938 3350 2991 τά
3366 2956 3421 2990 τε
3449 2936 3793 2990 ἀναλωθέντα

2218 3035 2584 3097 ἀνασώσεται,
2628 3036 2723 3088 καὶ
2770 3034 2937 3104 μέρος
2986 3033 3046 3086 ού
3102 3032 3297 3102 μικρὸν
3349 3032 3448 3098 τῆς
3527 3028 3794 3100 Ρωμαίων

2218 3130 2516 3199 ἡγεμονίας
2540 3124 3023 3195 ἕξει,τηλικαύτην
3054 3124 3211 3176 πόλιν
3244 3126 3362 3186 ταῖς
3390 3122 3796 3192 προκατειλημ-

2229 3220 2417 3290 μέναις
2451 3217 2741 3279 τοσαύταις
2766 3216 2953 3280 οὔσαις
3001 3216 3230 3278 ἐπιθείς.
3273 3214 3537 3284 Ἀφειδῶς
3585 3211 3680 3266 οὖν
3707 3214 3794 3264 ὲκ⁴

2227 3309 2400 3363 κενῶν
2428 3308 2495 3360 τὰ
2524 3310 2804 3379 χρήματα,
2841 3309 2965 3369 τούς
2998 3324 3056 3360 τε
3105 3307 3381 3377 Ζηλωτάς,
3419 3308 3512 3358 καὶ
3556 3304 3626 3358 δι’
3658 3302 3797 3356 ἐκεί-

2226 3418 2331 3453 νων
2357 3401 2454 3451 οὐκ
2480 3398 2697 3467 ὀλίγους
2749 3400 2933 3452 ἔπεισε
2966 3398 3076 3453 τῶν
3125 3398 3359 3451 πολιτῶν
3402 3396 3551 3466 αὐτῷ
3600 3395 3797 3466 προσέ-

2224 3510 2361 3561 χειν,
2395 3491 2534 3544 ὥστε
2566 3494 2662 3544 καὶ
2709 3491 3017 3560 ἀναφανδὸν
3062 3489 3462 3556 ὲδικαιολόγουν
3510 3487 3653 3558 ὑπὲρ
3705 3484 3797 3538 τοῦ

2221 3581 2331 3634 δεῖν
2364 3583 2559 3652 ἐκείνῳ
2590 3584 2936 3653 προσχωρεῖν
2979 3566 3237 3651 βλάπτειν
3265 3581 3331 3634 τά
3364 3581 3601 3649 μέγιστα
3640 3578 3799 3631 δυνα-

2225 3678 2393 3745 μένῳ,
2431 3675 2517 3728 διὰ
2546 3676 2606 3727 τὸ
2632 3676 2729 3745 τὴν
2772 3675 2957 3745 χώραν
2986 3675 3205 3729 ἃπασαν
3239 3674 3387 3745 ἔχειν
3438 3673 3528 3740 ὑφ’
3584 3670 3793 3734 ἑαυτὸν,

2224 3768 2318 3821 καὶ
2357 3768 2616 3821 δύνασθαι
2670 3769 3003 3838 πολιορκεῖν,
3059 3767 3155 3821 καὶ
3202 3766 3432 3832 ὠφελεῖν
3464 3763 3701 3818 ἐθέλοντι
3743 3760 3793 3811 εί

2224 3863 2614 3930 προσχωροῖεν,
2641 3859 2891 3923 αύτός,τε
2923 3860 2950 3911 ὁ
2990 3858 3211 3929 Κράλης
3239 3843 3462 3910 ἐκείνων
3491 3853 3795 3923 ἐναγόντων

2227 3949 2851 4021 περιεστρατοπεδεύετο
2896 3949 2991 4002 καὶ
3036 3950 3368 4015 ἐπολιόρκει.
3410 3950 3475 4000 ’Δ
3510 3943 3796 4014 πρωτοσέ-

2218 4042 2419 4104 βαστός
2450 4060 2505 4095 τε
2549 4042 2691 4112 ὁρῶν
2744 4042 2838 4094 καὶ
2867 4041 2915 4094 οί
2952 4034 3346 4109 φιλορῤὡμαιοι
3392 4038 3503 4090 τῶν
3537 4036 3795 4098 πολιτῶν,

2219 4132 2343 4187 οὔτε
2394 4134 2779 4204 περιγίνεσθαι
2834 4133 2944 4185 τῶν
2980 4132 3344 4203 προδιδόντων
3387 4126 3527 4200 ἦσαν
3582 4126 3801 4182 δυνατοὶ

2219 4228 2309 4279 διὰ
2334 4226 2432 4295 τὴν
2464 4225 2664 4290 ἔξωθεν
2691 4226 3048 4293 ἐπικειμένην
3082 4223 3335 4291 δύναμιν,
3383 4222 3562 4283 ἄλλως
3612 4236 3675 4272 τε
3708 4220 3803 4272 καὶ

2222 4318 2313 4369 τοῦ
2342 4317 2515 4386 δήμου
2548 4316 2682 4385 πρὸς
2716 4318 2816 4384 τὴν
2848 4316 3165 4384 πολιορκίαν
3203 4315 3529 4383 ἀχθομένου,
3564 4318 3663 4366 καὶ
3711 4311 3804 4366 λύ-

2225 4423 2310 4458 σιν
2343 4406 2591 4474 οἰομένου
2622 4409 2732 4459 τῶν
2757 4407 2940 4459 κακῶν
2970 4407 3067 4477 τὴν
3100 4406 3204 4459 ύπδ
3233 4406 3519 4474 Τριὸαλοῐς
3552 4406 3806 4460 δουλείαν

542 4500 670 4554 ΙΙωο
697 4501 771 4553 illi
805 4502 1165 4569 scripserunt.
1202 4504 1501 4572 Imperator
1527 4516 1634 4560 tam
1668 4507 1937 4575 pr:rclar:e
1971 4508 2110 4573 urbi,

2219 4496 2461 4560 ἔσεσθαι,
2515 4496 2640 4549 οὔτε
2689 4498 2968 4568 ἠνείχοντο
3015 4502 3114 4569 τήν
3144 4516 3202 4552 τε
3266 4500 3421 4551 πόλιν
3486 4498 3803 4568 Ῥωμαίους

545 4599 651 4642 tam
686 4591 991 4658 periculose
1026 4592 1297 4646 laboranti
1328 4610 1438 4647 non
1471 4596 1658 4649 venire
1691 4597 1917 4661 auxilio,
1945 4597 2114 4649 inhu-

541 4696 766 4735 manum
826 4683 1302 4743 existimabanct
1362 4696 1543 4740 tamen
1592 4687 1909 4755 deponere,
1968 4687 2115 4755 quod

539 4773 726 4827 animo
775 4776 1136 4827 constitutum
1186 4776 1444 4837 habebat.
1491 4786 1547 4831 et
1599 4778 1665 4831 ad
1708 4778 1846 4833 bella
1881 4779 2111 4832 ductan-

540 4864 750 4933 dosque
796 4865 1073 4920 exercitus
1127 4866 1306 4920 redire
1346 4869 1694 4937 gravabatur.
1749 4869 2116 4923 Nihilominus

542 4957 832 5010 utilitatem
858 4973 1012 5011 suam
1045 4960 1429 5013 communibus
1462 4960 1832 5015 Rouuanorum
1866 4977 2115 5016 commo-

540 5049 625 5101 dis
658 5059 1014 5119 postponens,
1058 5044 1256 5104 itei'nm
1293 5053 1592 5122 satagebat,
1625 5069 1694 5109 ne
1725 5053 2113 5111 Thessalonica

543 5128 765 5207 periret.
810 5140 974 5211 766
1007 5140 1282 5196 Rescribit
1319 5143 1485 5212 igitur
1529 5145 1655 5207 illis,
1708 5147 1997 5217 segnitiem
2046 5150 2115 5200 ab

542 5245 602 5283 se
651 5244 963 5295 amoveant,
1022 5235 1401 5303 proditoribus
1448 5252 1507 5290 se
1558 5248 1860 5307 opponant,
1913 5240 2112 5293 auxilia

543 5324 858 5391 propediem
910 5325 1225 5382 missurum.
1266 5328 1425 5383 Mittit
1466 5331 1629 5385 etiam
1680 5332 1745 5385 ad
1804 5331 2111 5386 Orchauem

541 5431 827 5484 generum,
874 5426 929 5470 et
978 5419 1163 5488 copias
1203 5421 1270 5475 ab
1327 5436 1392 5474 eo
1447 5423 1801 5477 snbsidiarias
1854 5423 2009 5489 petit.
2065 5426 2114 5478 ls

543 5508 725 5562 subito
755 5509 1037 5566 Sulimano
1072 5511 1180 5567 lilio
1214 5514 1453 5575 mandat,
1477 5531 1600 5568 cum
1640 5515 1832 5584 viginti
1868 5517 2111 5585 equitqu

546 5598 788 5655 millibus
818 5601 1133 5671 imperatori
1178 5603 1397 5658 militet.
1436 5604 1635 5661 Volens
1663 5618 1846 5661 autem
1879 5607 2113 5676 impera-

545 5700 630 5743 tor
660 5691 826 5745 etiam
861 5690 1246 5761 imperatorem
1288 5710 1551 5766 generum
1601 5696 1655 5750 in
1704 5697 2109 5765 expeditionem

545 5781 1089 5841 Thessalonicensem
1120 5801 1307 5843 secum
1346 5787 1601 5854 educere,
1642 5788 1891 5845 triremes
1926 5803 2109 5843 artua-

2218 4587 2386 4644 οὖσαν
2414 4592 2750 4661 τηλικαύτην
2778 4592 3241 4663 ἀποστερηθῆναι,
3275 4593 3370 4644 καὶ
3391 4592 3587 4653 αὐτοὺς
3625 4596 3688 4645 ὲν
3713 4594 3809 4645 ἀν-

2216 4685 2495 4755 δραπόδων
2533 4685 2699 4754 μοίρᾳ
2727 4684 3001 4737 δουλεύειν
3024 4687 3135 4744 τοῖς
3159 4685 3475 4755 βαρϐάροις.
3498 4686 3596 4737 Διά
3626 4684 3833 4755 ταῦταῐ

2217 4746 2430 4829 ἐδέοντο
2459 4746 2746 4845 βασιλέως,
2783 4775 2857 4845 μὴ
2891 4778 3031 4843 σφᾶς
3066 4746 3353 4846 περιϊδεῖν,
3387 4746 3522 4829 ἀλλά
3571 4778 3679 4847 τὴν
3713 4746 3837 4877 ’ταοῖ

2217 4869 2411 4937 κίστην
2445 4868 2780 4938 ἐπιϐοηθεῖν,
2808 4867 2881 4928 ὠς
2925 4869 3056 4920 εἵσω
3096 4868 3292 4935 ὀλίγων
3340 4868 3567 4938 ἡμερῶν
3620 4870 3674 4921 εί
3730 4868 3807 4937 μὴ

2216 4952 2710 5028 ὲπικουροίη,’τῆς
2738 4957 2950 5021 πόλεως
3000 4958 3372 5029 ἁλωσομένης.
3423 4960 3667 5013 Τοιαῦτα
3706 4961 3812 5030 μὲν

2217 5051 2416 5102 ἐκεῖνοι
2448 5051 2710 5119 ἔγραφον.
2740 5050 2955 5102 Βασιλεῖ
2981 5051 3037 5104 δὲ
3089 5052 3150 5104 τό
3188 5068 3247 5104 τε
3293 5051 3549 5120 τοιαύτης
3586 5034 3839 5120 πόλεως-ξ

2218 5114 2639 5210 κινδυνευούσης
2682 5143 2954 5212 μηδεμίαν
2990 5144 3250 5213 πρόνοιαν
3319 5114 3664 5214 ποιήσασθαι.
3699 5114 3850 5229 Ser-1

2215 5235 2305 5289 νὸν
2326 5235 2522 5301 ἐδόκει,
2554 5239 2647 5291 καὶ
2682 5237 2816 5305 πρὸς
2838 5237 2897 5289 τὸ
2942 5238 3051 5288 τῶν
3076 5238 3411 5307 δεδογμένων
3437 5238 3817 5309 ἀμελήσαντα

2215 5324 2368 5391 αὖθις
2385 5329 2476 5381 ἐπὶ
2496 5330 2767 5398 πολέμους
2796 5330 3091 5399 τρέπεσθαι
3130 5331 3224 5383 καὶ
3258 5332 3593 5401 στρατηγίας
3640 5333 3820 5385 ἐδυσ-

2215 5422 2493 5490 χέραινεν,
2538 5423 2688 5491 ὅμως
2754 5425 2853 5491 τῆς
2922 5423 3111 5493 κοινῆς
3168 5424 3441 5492 ὠφελείας
3499 5425 3818 5495 Ῥωμαίων

2214 5514 2313 5582 τὴν
2356 5512 2493 5567 ἰδίαν
2546 5512 2803 5583 δευτέραν
2836 5513 3085 5583 θέμενος,
3114 5514 3268 5576 αὖθις
3313 5517 3605 5586 ἔπραττεν,
3646 5518 3821 5581 ὅπως

2217 5605 2293 5674 μὴ
2320 5606 2592 5674 ἀπόληται
2624 5607 3016 5675 Θεσσαλονίκη’
3052 5610 3146 5662 καὶ
3176 5610 3381 5679 ἔγραφε
3412 5609 3517 5679 μὲν
3539 5612 3625 5661 ἑκε
3640 5611 3818 5676 ίνοις,

2213 5697 2570 5751 ἀνθίστασθαι
2604 5700 2715 5759 τοῖς
2751 5699 3084 5769 προδιδοῦσι,
3120 5704 3213 5755 καὶ
3260 5702 3334 5772 μὴ
3384 5702 3680 5773 ῥᾳθυμεῖν,
3733 5702 3823 5768 ὡς

2215 5790 2305 5842 καὶ
2324 5788 2489 5843 αὑτοῦ
2509 5789 2604 5861 τὴν
2628 5788 2885 5862 βοήθειαν
2905 5791 3087 5857 ὀξεῖαν
3119 5795 3496 5865 ποιησομένου.
3529 5794 3818 5865 Ἐπεμπε
