3996 6218
245 298 329 362 129

1393 295 1941 358 IIlS'l‘OBlARUM
1980 296 2213 356 LIBER
2253 296 2353 359 IV.

3383 298 3483 363 13)

241 414 283 465 δὲ
306 410 400 463 καὶ
422 408 559 477 πρὸς
603 405 876 479 Ὀρχὰνην
906 409 996 461 τὸν
1019 409 1270 485 γαμϐρὸν
1300 410 1623 481 πρεσϐείαν,
1646 426 1810 479 στρα-

1916 406 1987 461 tis
2029 410 2285 478 complet,
2329 407 2528 477 quibus
2574 415 2690 462 tuto
2733 407 2787 461 in
2842 406 3209 463 Macedoniam
3257 422 3379 463 cum
3419 427 3486 464 eo

238 504 343 556 ιιάν
372 501 541 554 αἰτῶν
572 502 708 569 πρὸς
742 502 1081 571 συμμαχίαν.
1127 502 1186 554 Ὀ
1235 503 1292 555 δὲ
1324 503 1524 556 αὐτίκα
1555 512 1648 555 τὸν
1690 505 1807 555 υἱὸν

239 594 444 645 ἐκέλευε
502 591 777 659 Σουλιμὰν
830 592 1153 662 δισμυρίους
1213 594 1418 655 ἱππέας
1464 594 1659 662 ἔχοντα
1711 595 1807 646 ἐπὶ

239 685 528 755 Τριϐαλοὺς
560 683 1022 752 συστρατεύεσθαι
1051 684 1130 754 τῷ
1159 685 1389 754 βασιλεῖ.
1437 686 1496 738 Ὀ
1551 685 1808 755 βασιλεὺς

239 776 285 829 δὲ
313 775 643 845 βουλόμενος
674 776 767 826 καὶ
796 772 1022 840 βασιλέα
1062 775 1155 827 τὸν
1186 774 1438 843 γαμϐρὸν
1470 776 1560 827 ἐπὶ
1591 776 1687 846 τὴν
1728 776 1807 837 είς

240 867 632 934 Θεσσαλονίκην
652 865 959 931 ἐπάγεσθαι
1000 866 1313 935 στρατείαν,
1353 866 1628 934 ὲφώπλιζε
1655 867 1809 937 τριή·

243 975 338 1026 ρεις
369 950 449 1019 ὼς
470 956 726 1024 ἀσφαλῶς
756 960 815 1009 ἐν
852 958 1044 1020 αὑταῖς
1074 956 1191 1027 ἅμα
1229 958 1422 1028 ἐκείνῳ
1454 961 1535 1020 είς
1563 959 1807 1011 Μακεδο-

240 1050 342 1102 νίαν
384 1048 806 1104 καταπλεύσων.
844 1050 998 1119 ’ῌδει
1048 1050 1158 1119 γὰρ
1209 1051 1337 1112 τοὺς
1369 1050 1673 1120 βαρϐάρους
1700 1051 1801 1121 ζη-

244 1139 606 1202 λοτυποῦντας
655 1140 791 1209 πρὸς
841 1141 933 1191 τὸν
981 1140 1102 1192 νέον
1146 1140 1412 1209 βασιλέα,
1462 1142 1557 1194 καὶ
1606 1142 1805 1213 ῥᾳδίως

240 1232 691 1297 ἀποκτενοῦντας,
742 1236 789 1285 εί
824 1232 1066 1301 γένοιντο
1108 1236 1165 1287 ἐν
1196 1235 1421 1305 ἐφικτῷ.
1467 1236 1648 1305 Νόμος
1674 1236 1805 1306 γάρ

244 1326 371 1377 ἐστιν
402 1326 587 1388 αὐτοῖς
621 1324 954 1395 βαρϐαρικὸς
993 1326 1171 1379 πάντα
1200 1329 1291 1380 τὸν
1321 1327 1458 1396 πρὸς
1486 1329 1586 1398 τὴν
1628 1327 1804 1401 ἀρχὴν

243 1417 720 1488 ἀμφισϐητήσοντα
747 1418 1164 1483 ἀποκτιννύναι,
1196 1420 1290 1473 καὶ
1325 1421 1597 1491 μηδεμιᾶς
1623 1422 1803 1488 φείδε-

246 1512 347 1563 σθαι
374 1513 518 1580 μήτε
552 1512 793 1581 ἡλικίας,
835 1515 972 1581 μήτε
1014 1515 1359 1580 συγγενείας.
1416 1515 1505 1567 Διδ
1535 1515 1631 1567 καὶ
1664 1514 1805 1568 κατὰ

243 1601 325 1661 τὰς
349 1602 527 1669 ἀρχᾶς
566 1601 802 1670 μάλιστα
836 1602 945 1653 τῶν
976 1604 1243 1671 βασιλέων
1269 1606 1366 1675 τῆς
1389 1608 1633 1676 είρήνης,
1666 1606 1805 1675 μετὰ

246 1692 295 1742 τὸ
316 1691 403 1740 τὸν
451 1693 577 1741 νέον
624 1690 853 1759 βασιλέα
919 1689 1104 1763 Ἑλένῃ
1131 1694 1196 1762 τῇ
1231 1693 1462 1762 βασιλίδι
1509 1698 1801 1757 συνοικεῖν,

247 1782 453 1847 νομίσας
490 1783 521 1832 ὁ
564 1780 830 1850 Ὀρχάνης
856 1782 985 1849 φίλα
1013 1784 1277 1851 πράττειν
1307 1783 1517 1853 βασιλεῖ
1540 1785 1617 1854 τῷ
1648 1785 1805 1855 x1355-

248 1873 353 1938 στῇ,
379 1872 425 1921 εί
453 1871 646 1940 τρόπῳ
676 1872 737 1940 δή
759 1889 865 1924 τινι
894 1872 984 1925 τδν
1013 1873 1132 1926 νέον
1155 1873 1379 1942 βασιλέα
1406 1876 1800 1941 ἀποκτείνοιεν,

248 1963 488 2030 ἐκτομίαν
523 1964 645 2014 τινα
683 1964 1031 2034 Μερτζιάνην
1099 1966 1665 2034 προσαγορευόμενον,
1709 1969 1803 2020 καὶ

250 2055 443 2123 ἑτέρους
471 2054 574 2106 οὐκ
607 2054 821 2122 ὀλίγους
857 2055 1069 2125 ἔχοντα,
1095 2057 1189 2109 ἐπὶ
1214 2054 1374 2128 ῥώμῃ
1426 2056 1677 2126 σώματος
1710 2060 1804 2111 καὶ

248 2146 489 2216 εὐτολμία
528 2147 658 2215 παρ’
700 2148 886 2210 αὐτοῖς
921 2147 1377 2217 θαυμαζομένους
1425 2148 1696 2218 ἔπεμπεν,
1728 2150 1805 2212 ὡς

254 2236 477 2303 βασιῗκέα,
525 2237 795 2305 πρόφασιν
844 2237 943 2307 μὲν
980 2237 1056 2300 ὡς
1084 2238 1397 2304 ἀναγκαίων
1444 2238 1609 2292 τινῶν
1663 2256 1804 2311 πρε-

263 2327 628 2396 σϐευσομένους
655 2329 806 2395 πέρι,
856 2332 923 2399 τῇ
955 2328 1002 2383 δ’
1046 2328 1297 2400 ἀληθείᾳ,
1349 2331 1415 2382 ἵν’
1462 2333 1510 2383 εί
1558 2332 1807 2385 δύναιντο

256 2418 471 2485 βασιλέα
498 2419 581 2471 τὸν
613 2420 732 2471 νέον
767 2419 1159 2475 ἀποκτείνοιεν.
1205 2422 1481 2474 Ἀπιστείν
1507 2422 1562 2475 δὲ
1587 2423 1646 2475 οὐ
1674 2423 1803 2492 χρὴ,

252 2509 640 2576 λογιζομένους,
672 2510 752 2573 ὡς
785 2512 887 2563 οἰκ
917 2512 1044 2581 ἐξῆν
1085 2512 1311 2567 τοιαῦτα
1342 2513 1639 2578 ἀκινδύνως
1681 2515 1806 2567 τολ-

253 2600 345 2668 ρᾷν
376 2601 433 2651 ἐν
464 2602 651 2668 μέσοις
692 2601 1007 2671 Ῥωμαίοις.
1044 2602 1206 2667 Ἐθος
1240 2604 1348 2674 γὰρ
1377 2605 1560 2668 αὐτοῖς
1580 2606 1640 2657 οὐ
1670 2605 1808 2676 πρὸς

251 2689 566 2756 ἁλλοῖιύλους
615 2693 798 2759 μόνον,
848 2693 985 2745 ἀλλὰ
1031 2696 1124 2746 καὶ
1170 2695 1306 2765 πρὸς
1340 2696 1463 2758 τοὺς
1502 2696 1808 2765 ὁμοφύλους

246 2778 453 2831 τοιαῦτα
477 2781 763 2848 πράττειν,
794 2783 887 2834 καὶ
926 2781 1121 2835 ἑκοντὶ⁴
1141 2782 1232 2835 τὸν
1274 2784 1504 2838 θάνατον
1533 2785 1807 2855 αἱρεῖσθαι

248 2870 373 2939 ὑπὲρ
396 2870 488 2923 τοῦ
522 2873 615 2923 τὸν
639 2872 901 2940 πολέμιον
937 2873 1015 2943 τῷ
1046 2874 1296 2944 σφετέρῳ
1325 2876 1565 2946 δυνάστῃ
1594 2877 1811 2929 ἀνελόν-

245 2979 349 3024 τας,
380 2965 549 3033 χάριν
602 2964 871 3036 μεγίστην
927 2966 1284 3031 καταθέσθαι,
1337 2968 1433 3020 καὶ
1479 2968 1659 3027 παισὶ,
1716 2968 1810 3020 καὶ

1832 1745 1879 1804 Β

1886 500 2215 570 'navigarct.
2248 499 2366 554 Non
2420 502 2565 555 enim
2600 500 2906 569 ignorabat,
2940 501 3209 555 Barbaros
3244 502 3479 556 utalevo'

1908 593 2071 647 lentia
2098 594 2150 647 in
2183 607 2306 646 eum
2343 594 2606 660 suﬁ‘usos,
2644 609 2699 648 et
2726 595 2769 649 si
2802 610 2930 648 eum
2978 605 3206 664 possent
3232 593 3483 663 adipisci,

1909 685 2069 740 facile
2137 686 2584 756 interempturos.
2672 688 2767 740 Est
2826 686 3097 755 siquidem
3165 686 3310 754 apud
3382 698 3484 738 eos

1909 776 2166 831 immanis
2193 778 2295 831 ista
2319 778 2683 839 consuetudo,
2707 779 2955 846 quemvis
2988 777 3202 845 imperii
3226 777 3483 854 annulum

1908 868 2179 937 occidere,
2225 879 2278 920 et
2328 866 2381 920 in
2427 882 2493 921 eo
2542 868 2676 921 nulli
2729 868 2813 922 vel
2842 868 3011 933 aetati,
3055 868 3141 921 vel
3171 868 3483 937 cognationi

1908 974 2158 1028 parcere.
2223 958 2363 1013 llinc
2427 969 2477 1013 et
2545 960 2815 1029 principio
2878 962 3063 1015 statim
3134 961 3283 1029 pntis
3342 961 3485 1013 inter

1908 1050 2265 1119 imperatores
2292 1050 2466 1115 factae,
2500 1044 2623 1120 post
2648 1042 2909 1105 Helenam
2938 1052 3255 1120 imperatori
3274 1052 3482 1121 juniori

1908 1152 2155 1212 nuptam,
2202 1144 2459 1211 opinatus
2492 1142 3048 1209 Orcbanes,-gratum
3093 1157 3153 1196 se
3204 1142 3482 1195 facturum

1907 1247 2122 1296 socero,
2155 1232 2201 1286 si
2233 1247 2342 1302 quo
2372 1234 2536 1287 modo
2567 1233 2841 1301 jnniorem
2897 1232 3281 1301 imperatorem
3317 1233 3485 1301 jugu-

1905 1322 2063 1389 larct,
2103 1324 2414 1378 eunuchutn
2449 1323 2740 1391 quemdam
2788 1324 3143 1377 Mertzianem
3197 1324 3483 1387 vocabulo,

1897 1423 1960 1468 et
2016 1415 2198 1482 plures
2252 1416 2388 1470 alios
2450 1417 2648 1470 robore
2712 1419 2968 1486 corporis
3038 1416 3485 1485 couﬁdcntiaquc

1906 1508 2148 1578 insignes
2183 1509 2335 1562 misit
2365 1527 2379 1563 :
2408 1510 2637 1564 obtentu
2662 1510 2881 1579 quidem
2913 1509 3201 1580 legationis
3229 1524 3488 1563 necessa-

1908 1603 2023 1661 riae,
2055 1600 2230 1670 reipsa
2279 1611 2339 1655 ut
2384 1617 2508 1655 cum
2555 1602 2679 1656 data
2733 1602 3025 1656 occasione
3067 1603 3483 1657 obtruncarent.

1904 1691 2016 1745 Nec
2071 1692 2236 1762 igitur
2289 1678 2603 1747 ﬁdes'buic
2649 1695 2952 1748 narrationi
3012 1693 3326 1762 dereganda
3377 1703 3483 1755 est,

1907 1783 2063 1852 quasi
2107 1783 2222 1837 haec
2262 1783 2317 1836 in
2353 1783 2534 1837 medio
2586 1785 2960 1839 Romanorum
2998 1786 3137 1839 citra
3175 1784 3480 1854 periculum

1903 1875 2093 1929 auderi
2126 1891 2233 1931 non
2281 1877 2583 1945 potuerint.
2650 1875 2764 1931 Mos
2805 1876 2955 1931 enim
3012 1876 3119 1930 illis
3170 1887 3310 1941 erat,
3366 1892 3475 1929 non

1905 1968 2049 2037 apud
2086 1977 2303 2022 exteros
2346 1978 2401 2023 et
2428 1968 2760 2040 alienigenas
2799 1970 2981 2029 modo.
3007 1968 3102 2023 scd
3136 1967 3191 2020 iu
3219 1980 3317 2020 sua
3350 1966 3481 2021 item

1904 2069 2065 2131 gente
2102 2060 2415 2129 huiusmodi
2449 2059 2665 2115 facinus
2696 2061 3006 2131 designare,
3063 2068 3119 2110 et
3156 2065 3351 2125 sponte
3382 2073 3482 2110 sua

1906 2153 2056 2210 letho
2085 2166 2251 2223 caput
2272 2157 2470 2214 olTerrc
2494 2174 2507 2211 :
2537 2172 2636 2227 pro
2660 2171 2724 2211 eo
2749 2154 2893 2224 quod
2927 2156 3209 2212 inimicum
3238 2154 3489 2224 dynastas

1906 2259 2008 2300 suo
2041 2247 2398 2317 trucidantes,
2442 2249 2669 2318 gratiam
2721 2247 2927 2300 inirent
2974 2248 3290 2310 maximam,
3347 2248 3485 2299 libe-

1911 2337 2097 2403 risque
2131 2352 2195 2391 ac
2242 2338 2463 2391 familiae
2506 2354 2617 2391 sua:
2648 2339 3084 2392 benevolentiam
3134 2340 3300 2405 illius,
3333 2342 3482 2393 velut

1907 2429 2295 2498 patrimonium
2323 2429 2591 2498 quoddam
2645 2430 3010 2498 relinquerent
3044 2447 3059 2484 :
3088 2433 3364 2500 quomodo
3400 2431 3486 2484 ni-

1909 2522 2108 2575 mirum
2169 2521 2332 2574 etiam
2396 2522 2486 2573 llic
2546 2521 2869 2574 Mertxianes
2921 2535 2979 2575 se
3038 2537 3163 2575 cum
3220 2512 3487 2592 sanguine

1909 2628 2098 2683 ptenas
2124 2627 2490 2680 expensurum
2534 2612 2670 2665 nihil
2716 2612 2993 2678 dubitans,
3019 2622 3196 2666 tamen
3228 2624 3485 2667 conatum

1910 2704 2173 2772 suscepit,
2214 2712 2270 2757 et
2313 2718 2419 2771 qua
2460 2711 2577 2756 erat
2619 2703 2669 2756 in
2726 2704 3036 2757 Orcltanem
3094 2707 3484 2772 propens'onc,

1909 2791 2139 2845 salutem
2186 2806 2342 2845 suam
2394 2792 2649 2861 prodidit.
2704 2792 3011 2862 Imperator
3065 2794 3487 2847 Cantacuzenus

1910 2884 2003 2938 ubi
2038 2883 2265 2937 insidias
2299 2882 2469 2937 factas
2503 2884 2777 2953 cognovit,
2822 2881 3228 2936 adolescentem
3277 2886 3486 2952 alisque

1911 2989 1969 3028 se
2006 2989 2284 3043 nunquam
2323 2981 2478 3027 extra
2514 2972 2769 3041 palatium
2823 2971 3043 3038 prodire
3085 2973 3278 3034 voluit,
3315 2972 3483 3041 ponis-

247 3058 341 3117 τοῖς
361 3059 594 3119 οἰκείοις
626 3058 727 3128 τὴν
757 3059 964 3111 ἐκείνου
992 3058 1207 3113 εὔνοιαν
1234 3059 1572 3124 καταλιπεῖν,
1621 3059 1810 3129 ὥσπερ

1914 3066 2111 3119 simum
2148 3065 2510 3118 Barbarorum
2551 3064 2743 3132 legatis
2798 3063 3040 3133 Byzantii
3090 3066 3485 3120 versantibus:

243 3148 359 3213 δῆτα
410 3151 512 3203 καὶ
566 3152 595 3201 ὁ
641 3150 989 3220 Μερτζ.ἀνης
1040 3146 1223 3214 οὗτος,
1259 3151 1575 3220 σαφέστατα
1630 3149 1807 3216 είδὼς,

243 3240 312 3292 ὅτι
338 3243 428 3293 καὶ
455 3242 631 3304 αὐτὸς
660 3244 1037 3308 ἀποθανεῖται,
1068 3244 1219 3312 ὅμως
1259 3243 1525 3311 ὑφίστατο
1561 3243 1660 3313 τὴν
1694 3246 1814 3295 sm-

240 3334 495 3403 χείρησιν,
540 3334 631 3387 διὰ
660 3337 760 3403 τὴν
784 3336 921 3404 πρὸς
938 3335 1030 3389 τὸν
1069 3335 1337 3405 Ὀρχάνην
1358 3332 1571 3386 εὔνοιαν
1602 3334 1700 3404 τὴν
1735 3334 1811 3386 οἰ-

242 3428 380 3479 κείαν
416 3427 708 3497 σωτηρίαν
740 3426 1185 3497 καταπροδιδούς.
1220 3423 1487 3485 Βασιλεὺς
1529 3425 1585 3479 δὲ
1615 3428 1642 3477 ὁ
1667 3427 1813 3478 Καν-

236 3520 617 3590 mmmam,
666 3520 795 3571 Emi
851 3519 1118 3590 ᾐσθάνετο
1172 3519 1505 3588 μηνυθεῖσαν
1554 3520 1654 3588 τὴν
1714 3517 1810 3570 τοῦ

240 3612 417 3674 παιδὸς
467 3611 799 3681 ἐπιϐουλὴν,
861 3614 1072 3666 ἐκεῖνον
1126 3613 1224 3682 μὲν
1273 3613 1490 3666 ἐκέλευε
1538 3610 1611 3681 μὴ
1642 3611 1813 3679 χωρὶς

235 3703 385 3754 αὑτοῦ
418 3704 753 3772 προϐαίνειν
784 3703 1073 3773 βασιλείων
1098 3707 1233 3774 μήτε
1259 3705 1374 3767 νῦν,
1411 3703 1537 3774 μήθ’
1565 3702 1810 3772 ὕστερον,

239 3794 511 3868 Βυζαντίῳ
578 3797 819 3868 μάλιστα
890 3799 953 3850 ὲκ
1015 3798 1124 3850 τῶν
1188 3796 1479 3867 βαρϐάρων
1530 3796 1813 3867 πρέσϐεων

239 3889 675 3957 ἐπιδημούντων
698 3889 1045 3959 Μερτζιάνην
1066 3889 1122 3940 δὲ
1153 3891 1375 3957 ταχεῖαν
1401 3888 1498 3958 τὴν
1521 3889 1814 3957 ἀπόκρισιν

241 3984 604 4051 ⁸ιτποιινλσιιὶμ.ενιος
650 3980 734 4047 ἐφ’
785 3976 867 4040 οἷς
912 3979 1281 4047 ἐπρέσϐευεν,
1327 3979 1662 4047 ἀπέπεμπε.
1715 3977 1812 4030 Διά

236 4074 426 4141 ταύτην
446 4071 551 4127 οὖν
571 4072 678 4142 τὴν
706 4073 837 4141 πρὸς
866 4072 956 4123 τὸν
982 4073 1100 4125 νέον
1128 4071 1353 4141 βασιλέα
1384 4071 1493 4123 τῶν
1525 4070 1814 4140 βαρϐαρων

235 4166 557 4233 δυσμένειαν
590 4166 691 4227 τὰς
741 4167 989 4234 τριήρεις
1035 4164 1337 4233 ὲφοπλίσας
1371 4164 1815 4233 παρεσκευάζετο

233 4262 315 4311 καὶ
340 4259 533 4321 αὑτός.
578 4257 813 4327 Γνώμην
844 4257 899 4308 δὲ
928 4253 1096 4326 εἶχεν,
1128 4252 1213 4317 ὡς
1251 4254 1346 4307 νῦν
1385 4255 1485 4324 μὲν
1534 4255 1592 4318 ἐξ
1623 4255 1812 4320 ἐφόδου

1911 3155 2259 3209 Mertzianem
2299 3170 2429 3208 vero
2460 3153 2713 3208 celeriter
2742 3154 2810 3207 ad
2852 3155 3177 3224 legationem
3227 3156 3358 3207 dato
3396 3170 3486 3208 re-

1911 3262 2115 3317 sponso
2168 3246 2394 3300 dimisit.
2455 3245 2537 3298 Ob
2598 3246 2739 3299 lianc
2800 3246 2970 3315 igitur
3028 3261 3156 3314 erga
3212 3245 3485 3313 junioretu

1914 3341 2303 3408 imperatorem
2340 3337 2700 3392 Barbarorunt
2734 3338 3124 3408 malignitatem
3166 3339 3391 3391 armatis
3432 3339 3487 3390 in

1914 3432 2169 3486 triremes
2213 3430 2484 3499 impositis
2515 3438 2568 3482 et
2598 3430 2713 3498 ipse
2753 3443 2813 3482 se
2842 3430 3213 3498 comparabat.
3244 3430 3491 3483 llaliebat

1912 3533 2095 3577 autem
2154 3522 2515 3591 propositum,
2580 3536 2726 3573 nunc
2779 3521 2996 3588 quidem
3053 3521 3231 3589 primo
3278 3521 3488 3589 impetu

1914 3613 2184 3669 Triballos
2251 3611 2535 3665 obsidione
2590 3609 2885 3677 depellere,
2936 3618 2993 3663 et
3043 3609 3485 3662 Thessalonicam

1917 3704 2231 3760 discrimine
2262 3701 2495 3755 liberare
2527 3715 2542 3763 ;
2568 3699 2678 3768 jam
2712 3698 2856 3751 enim
2903 3706 2959 3752 et
3004 3706 3297 3751 autumnus
3326 3713 3488 3751 senc-

1914 3797 2143 3861 scebat;
2184 3794 2383 3849 deinde
2441 3792 2830 3861 imperatorem
2871 3792 3130 3859 juvenem
3186 3789 3257 3843 ibi
3312 3790 3486 3845 relin-

1914 3903 2106 3959 quere,
2146 3888 2262 3956 ipse
2300 3884 2616 3955 Byzantium
2651 3882 2855 3938 redire.
2906 3891 2962 3935 et
3003 3897 3102 3951 per
3150 3876 3391 3935 hiemem
3429 3895 3491 3934 se

1916 3983 2209 4042 instruere,
2228 3988 2391 4046 atque
2406 3991 2529 4029 cum
2549 3976 2756 4044 majore
2772 3989 2836 4028 ac
2860 3974 3202 4027 diuturniore
3217 3982 3485 4043 apparatu
3570 4030 3573 4033 λ

1916 4072 2137 4126 reverti.
2184 4069 2343 4139 767
2375 4067 2528 4133 Quod
2582 4068 2840 4136 Augusm:
2888 4066 3060 4118 Anna:
3115 4066 3265 4119 nullo
3322 4067 3487 4119 tnodo

1918 4164 2289 4238 probabatur,
2333 4161 2662 4230 rogabatque
2706 4167 2771 4212 et.
2807 4158 3134 4212 admonebat
3188 4173 3258 4211 ne
3314 4159 3488 4210 lilium

1918 4253 1992 4306 ibi
2032 4252 2390 4319 relinqueret,
2432 4247 2526 4301 scd
2559 4263 2683 4301 cum
2723 4261 2789 4300 eo
2835 4248 3075 4312 rediret;
3111 4247 3300 4299 timere
3345 4247 3493 4300 enim

234 4352 639 4423 κακουργήσων
688 4366 747 4401 τε
796 4349 868 4400 τὰ
906 4347 1215 4416 Τριϐαλῶν,
1279 4347 1373 4399 καὶ
1415 4346 1810 4414 Θεσσαλονίκην

1923 4355 1983 4396 se
2016 4355 2125 4394 non
2159 4341 2333 4409 magis
2365 4337 2736 4392 adolescentis
2776 4346 2996 4391 aetatem
3028 4335 3203 4390 fraudi
3231 4348 3496 4405 opportu-

230 4443 326 4495 τῶν
352 4446 636 4496 κινδύνων
661 4439 1007 4503 ἀπαλλάξωνο
1040 4440 1141 4509 ἤδη
1167 4439 1274 4508 γὰρ
1299 4441 1393 4491 καὶ
1423 4438 1551 4507 περὶ
1584 4436 1810 4498 ἐκϐολὰς

230 4530 312 4583 τοῦ
340 4533 707 4602 gemo-rs?)an
741 4534 773 4602 ἠ
809 4531 930 4600 ὧρα
960 4525 1059 4600 ἦν’
1098 4528 1290 4581 ἔπειτα
1326 4528 1549 4599 βασιλέα
1585 4527 1681 4597 μὲν
1725 4526 1815 4579 τὸν

230 4641 337 4676 νεον
381 4628 580 4677 ἐκεῖσε
638 4623 1013 4675 καταλείπειν*
1065 4620 1225 4682 αὐτὸς
1278 4621 1335 4673 δὲ
1391 4622 1471 4682 είς
1523 4618 1817 4680 Βυζάντιον

232 4715 566 4787 ἐπανελθὼν,
606 4717 702 4769 καὶ
757 4713 1324 4784 παρασκευασάμενος
1382 4712 1475 4765 τοῦ
1527 4710 1814 4780 χειμῶνος,

233 4814 361 4874 μετὰ
418 4811 690 4878 μείζονος
737 4809 837 4876 τῆς
893 4806 1248 4876 παρασκευῆς
1308 4804 1405 4857 καὶ¹
1460 4801 1819 4873 χρονισούσης

231 4901 490 4955 ἐπελθεῖν.
535 4903 615 4953 Ἀ
648 4880 714 4969 τῇ
748 4897 981 4967 βασιλίδι
1028 4898 1196 4967 ’Λννῃ
1228 4897 1328 4954 οὐκ
1357 4896 1559 4965 ἤρεσκε
1611 4894 1817 4945 παντά-

231 5007 407 5044 πασιν·
450 4991 609 5046 ἀλλὰ
657 4990 825 5042 ἐδεῖτο
861 4987 1144 5057 βασιλέως,
1184 4988 1277 5039 καὶ⁵
1312 4983 1565 5053 παρῄνει,
1619 4984 1695 5054 μὴ
1726 4984 1818 5034 τὸν

231 5085 336 5135 υἱὸν
370 5087 562 5136 ἐκεῖσε
598 5080 976 5143 καταλείπειν,
1000 5078 1114 5131 ἀλλ’
1139 5078 1331 5146 ἔχοντα
1358 5075 1817 5145 ἐπαναστρέφειν·

235 5175 453 5227 δεδιέναι
491 5176 614 5243 γὰρ
648 5173 885 5239 ἔφασκεν
913 5171 975 5222 ού
1007 5169 1208 5239 μᾶλλον
1237 5167 1331 5220 τοῦ
1364 5169 1550 5228 παιδὸς
1575 5166 1673 5235 τὴν
1704 5168 1821 5235 ἡλι-

235 5266 347 5317 τίαν
388 5263 575 5319 οὖσαν
622 5263 1054 5329 εύεξαπάτητον,
1091 5261 1214 5312 ὅσον
1248 5258 1355 5310 τῶν
1404 5259 1675 5325 ἐσπερῖων
1721 5259 1822 5323 τὴν

239 5360 545 5427 μοχθηρῖαν
581 5356 683 5405 καὶ
710 5354 809 5423 τὴν
839 5352 1167 5421 ἑτοιμότητα
1217 5349 1353 5419 πρὸς
1397 5348 1819 5418 νεωτερισμούς·

236 5452 263 5500 Et
290 5449 683 5518 φυλάττεσθαι
718 5447 949 5517 παρῄνει
980 5448 1054 5515 μὴ
1080 5446 1170 5498 ὑπ’
1199 5447 1424 5497 ἐκείνων
1457 5444 1824 5514 ἐξαπατηθέν-

236 5545 435 5604 τοςτοῦ
468 5543 609 5595 νέου
678 5530 937 5607 βασιλέως
998 5539 1188 5598 στάσις
1228 5536 1381 5596 αὖθις
1442 5537 1534 5587 καὶ
1590 5535 1824 5603 πόλεμος

240 5636 431 5700 μεταξὺ
483 5632 794 5703 Ῥωμαίων
825 5630 1055 5699 ἐξαφθῇ,
1104 5628 1198 5680 καὶ
1243 5630 1353 5688 τοῖς
1399 5629 1688 5697 πράγμασι
1732 5628 1825 5678 καὶ

246 5732 415 5795 σξὶσιν
462 5728 673 5790 αὐτοῖς
711 5724 1031 5794 λυμήνηται
1071 5721 1135 5775 τὰ
1177 5720 1431 5789 μέγιστα.
1490 5717 1746 5783 Βασιλεὺς
1776 5718 1835 5770 δὲ

1923 4448 2070 4497 nam,
2115 4446 2281 4498 quam
2331 4430 2738 4499 improbitatem
2773 4429 3219 4493 occidentalium,
3269 4437 3323 4482 et
3371 4444 3497 4497 pro-

1918 4523 2086 4580 clives
2110 4523 2177 4576 ad
2212 4536 2297 4575 res
2329 4520 2609 4574 novandas
2634 4520 2869 4585 animos,
2910 4534 3029 4589 quae
3071 4534 3266 4573 cavere
3301 4520 3494 4575 horta-

1918 4616 2103 4677 batur,
2147 4630 2216 4668 ne
2249 4614 2318 4667 ab
2365 4614 2471 4667 illis
2500 4616 2730 4684 decepto
2772 4615 2993 4681 juvene,
3024 4612 3222 4667 seditio
3257 4620 3311 4665 et
3353 4612 3497 4665 bella

1921 4705 2062 4759 inter
2092 4704 2370 4758 Romanos
2427 4703 2975 4771 redintegrascerent,
2999 4700 3144 4770 quod
3182 4708 3235 4754 et
3268 4699 3401 4768 ipsis
3445 4710 3497 4751 et

1922 4798 2239 4868 reipublica:
2290 4797 2773 4851 damnosissimum
2820 4794 3117 4848 accideret.
3193 4791 3498 4859 imperator

1922 4890 2211 4944 consilium
2268 4887 2659 4957 imperatricis,
2710 4894 2771 4939 ut
2804 4901 2991 4938 vermn
3045 4898 3108 4936 ac
3156 4881 3388 4948 justum,
3441 4890 3494 4930 et

1924 4999 2046 5038 cum
2083 4996 2211 5051 erga
2260 4997 2318 5036 se
2364 4981 2615 5035 amicitiae
2656 4979 2973 5041 voluntatis,
3024 4987 3138 5029 tum
3185 4986 3311 5042 erga
3353 4986 3499 5023 rem-

1928 5074 2203 5144 publicam
2236 5071 2625 5127 sollicitudinis
2661 5071 2884 5139 plenum
2922 5068 3171 5129 laudare,
3194 5062 3497 5130 jubereque

1928 5171 2073 5223 bono
2102 5182 2223 5220 esse
2252 5168 2459 5235 animo.
2498 5164 2695 5217 Putare
2731 5177 2789 5215 sc
2822 5162 2874 5213 in
2909 5159 3100 5229 primis
3131 5152 3499 5212 conducibile.

1930 5270 2050 5331 post
2101 5259 2391 5312 adventum
2448 5253 2893 5309 Thessalonicam
2944 5250 3114 5304 lilium
3172 5246 3282 5299 illic
3327 5246 3503 5299 solum

1932 5353 2265 5420 relinquere.
2296 5364 2421 5403 cum
2459 5348 2574 5416 ipse
2599 5344 2808 5399 diutius
2842 5342 2967 5397 inde
2994 5340 3283 5394 ablaturus
3316 5337 3406 5388 sit.
3441 5335 3506 5387 Et

1933 5460 2080 5498 nunc
2109 5442 2327 5512 quidem
2376 5455 2473 5494 ceu
2510 5436 2923 5507 impressionem
2969 5428 3299 5489 faciendam,
3328 5441 3502 5495 quan-

1934 5536 2225 5604 doqui‘dcm
2256 5533 2309 5585 in
2361 5529 2510 5599 gravi
2556 5528 2799 5598 periculo
2834 5527 3028 5579 civitas
3058 5518 3260 5575 versari
3318 5516 3501 5570 videa~

1938 5636 2047 5686 tttr,
2092 5622 2237 5691 quod
2277 5621 2324 5673 ei
2359 5634 2466 5670 non
2509 5627 2616 5672 tam
2663 5615 2953 5669 inlirmitas
2989 5611 3311 5673 incolarum,
3342 5619 3506 5675 quam

1944 5714 2275 5791 perversitas
2302 5710 2544 5766 attulerit
2580 5730 2591 5766 :
2627 5718 2681 5764 ct
2710 5724 2790 5776 sc,
2818 5723 2943 5764 cum
2988 5706 3061 5761 ibi
3094 5704 3275 5769 fuerit,
3316 5700 3511 5770 expul-
