3996 6218
473 277 568 346 131

1639 259 1878 319 JOANN
1897 258 1966 316 IS
1999 253 2530 316 (.‘ANTACUZENI

3622 253 3724 318 132

463 399 563 461 sis,
595 392 687 462 qui
745 390 936 445 urbem
976 383 1232 440 Triballis
1278 379 1509 451 prodere
1549 376 1902 445 cogitassent,
1940 375 2040 426 im-

2150 369 2345 440 ὲπῄνει
2374 386 2432 421 τε
2464 384 2561 438 της
2616 366 2995 436 παραινέσει-ις
3042 365 3140 436 τὴν
3174 364 3440 436 βασιλίδα..
3477 365 3554 430 ὥς
3589 369 3724 438 ἀλη-

465 495 769 559 peralorem
792 484 1042 550 juvenem
1070 476 1267 529 ibidem
1301 487 1393 540 per
1427 471 1666 526 hiemem
1692 466 2034 527 relicturum,

466 557 559 646 qui
619 572 1008 645 proditoribus,
1070 566 1114 619 si
1172 565 1263 631 qui
1322 561 1721 632 superfuerint.
1779 557 2034 610 obsistat.

463 669 578 724 Non
611 662 752 721 enim
801 664 984 728 utique
1015 673 1080 710 eo
1112 663 1378 724 przesente
1411 648 1689 706 communi
1737 646 2033 705 sententia.

468 771 525 814 ut
593 757 672 810 vel
735 749 1112 807 scelestissimi
1175 747 1324 806 sint,
1387 743 1568 811 ipsum
1638 753 1761 792 cum
1819 737 2040 790 civitate

425 831 428 835 i
470 849 713 904 hostibus
745 842 1066 896 tradituros.
1099 837 1236 890 Vere
1266 835 1510 894 ineunte,
1541 830 1632 883 ubi
1668 838 1723 883 et
1753 828 1870 895 ipse
1911 840 2036 878 cmn

467 941 669 1007 majore
720 941 984 1004 apparatu
1039 926 1346 988 advenerit,
1386 935 1498 978 ttnu
1554 923 1662 990 jam
1723 919 1833 972 Deo
1881 917 2032 985 adju-

471 1040 627 1084 vaute
677 1043 784 1081 non
836 1028 902 1079 de
959 1019 1350 1076 Thessalonica
1409 1015 1628 1077 solum,
1691 1011 1787 1066 sed
1854 1020 1910 1062 et
1974 1008 2044 1064 de

467 1123 675 1188 reliqua
725 1117 1064 1178 Macedonia,
1097 1109 1376 1165 Thessalia
1408 1117 1461 1161 et
1510 1102 1816 1159 Acarnania
1862 1099 2038 1171 (qttas,

466 1216 593 1268 dum
628 1212 829 1265 bellum
865 1220 1168 1278 gereretur,
1202 1201 1426 1255 Triballi
1471 1196 1811 1266 occuparint)
1845 1193 1911 1247 ad
1945 1206 2043 1246 eos

467 1304 634 1358 verba
700 1303 990 1352 facturum.
1053 1295 1162 1348 llac
1231 1293 1439 1344 ratione
1512 1291 1833 1357 Augustam,
1893 1282 2038 1352 quod

475 1394 773 1458 nitebatur,
815 1405 924 1443 non
959 1387 1254 1440 admodum
1293 1383 1459 1436 lit-xit.

2144 465 2272 525 θοῦς
2311 463 2405 516 καὶ
2437 461 2651 522 δικαίας
2680 459 2866 530 οὔσης,
2898 460 2993 512 καὶ
3019 460 3119 527 τῆς
3150 459 3284 529 πρὸς
3336 460 3498 512 αὐτὸν
3543 462 3726 528 φιλίας

2141 557 2330 624 ἄκρως
2376 553 2664 624 ἐχομένης,
2715 553 2809 604 καὶ
2842 551 3174 618 κηδεμονίας
3197 551 3306 604 τῶν
3354 552 3552 604 κοινῶν
3577 592 3594 615 ,
3629 553 3727 605 καὶ

2139 647 2372 716 παρῄνει
2413 644 2507 696 καὶ
2544 642 2708 705 αὐτὸς
2740 641 2982 713 θορρεἶν,
3012 640 3087 702 ὼς
3123 639 3260 710 μετὰ
3279 639 3379 709 τὴν
3410 640 3490 702 εἰς
3517 640 3726 693 Θεσσ-

2140 739 2360 808 λονίκην
2396 736 2718 806 ἐπιδημίαν,
2763 735 2788 786 ὃ
2825 751 2876 786 τι
2909 733 2976 786 ἂν
3004 733 3187 802 δοκοίη
3221 732 3458 799 μάλιστα
3509 731 3730 784 λυσιτε-

2142 829 2255 882 λεῖν
2287 832 2621 902 ποιήσοντος⁶
2655 826 2776 878 οὐδὲ
2843 825 2950 897 γὰρ
2999 825 3108 877 οὐδ’
3153 822 3305 892 αὐτῷ
3353 822 3583 892 μάλιστα
3614 823 3729 874 τῶν

2143 921 2364 989 ἀγαθῶν
2416 921 2593 972 δοκεῖν
2656 917 2878 987 βασιλέα
2933 917 3025 969 τὸν
3081 917 3196 968 υίδν
3257 917 3417 984 μόνον
3474 913 3730 967 καταλεί-

2145 1029 2270 1065 πειν
2305 1012 2565 1079 μέλλοντα
2591 1010 2842 1062 ’ἐπιπολὺ
2891 1007 3191 1061 ἀπέσεσθαι
3221 1005 3408 1059 αὐτοῦ·
3458 1005 3596 1059 ἀλλὰ
3632 1005 3734 1056 νῦν

2147 1104 2244 1174 μὲν
2272 1103 2462 1172 ὥσπερ
2502 1102 2689 1169 ἔφοδον
2721 1099 2993 1153 ποιεῖσθαι
3041 1097 3130 1151 διὰ
3178 1097 3270 1150 τὸν
3321 1094 3730 1164 Θεσσαλονίκης

2144 1195 2389 1247 κίνδυνον
2427 1193 2552 1258 ὀξὺν
2593 1191 3038 1258 ὑποπτευόμενον
3067 1206 3080 1219 ·
3125 1188 3186 1241 ὃν
3234 1188 3397 1258 οὐχὴ
3453 1187 3731 1255 ἀδυναμία

2141 1284 2250 1336 τῶν
2282 1282 2636 1335 ἐνοικούντων
2677 1281 2878 1351 μᾶλλον
2911 1280 3208 1348 ἐπήγαγεν,
3240 1279 3271 1346 ἢ
3319 1279 3351 1345 ἡ
3403 1276 3682 1346 μοχθηρία
3712 1287 3731 1303 ⁸

2142 1376 2320 1427 ἐκεῖσε
2350 1374 2404 1425 δὲ
2435 1374 2746 1441 γενόμενον,
2786 1373 2880 1424 καὶ
2906 1371 3033 1433 τοὺς
3065 1369 3413 1438 προδιδόντας
3455 1371 3570 1427 τοῖς
3601 1367 3736 1436 Τρι-

471 1484 648 1549 δχλοίς
679 1486 776 1542 τὴν
809 1481 962 1534 πόλιν
1005 1478 1352 1542 ἐξελάσαντα,
1397 1469 1622 1540 βασιλέα
1671 1469 1770 1537 μὲν
1831 1469 1897 1536 τῇ
1959 1465 2110 1517 πόλει
2152 1463 2503 1516 καταλείπειν
2533 1462 2625 1514 τοῦ
2655 1463 2921 1530 χειμῶνος
2952 1461 3267 1512 κωλύσοντα
3294 1459 3418 1520 τοὺς
3452 1459 3736 1529 προδιδόν-

470 1598 586 1641 τας,
628 1579 681 1630 εἴ
711 1592 852 1634 τινες
911 1569 1283 1634 ὑπολειφθεῖεν
1317 1569 1416 1618 ἐτι.
1471 1564 1546 1618 Οὐ
1598 1562 1706 1631 γὰρ
1761 1561 1825 1628 δή
1880 1563 2037 1627 κοινῇ
2076 1558 2345 1626 παρόντος
2417 1557 2583 1610 αὑτοῦ
2659 1556 3012 1625 βουλήσονται
3037 1556 3200 1608 αὐτόν
3229 1571 3288 1606 τε
3313 1556 3407 1607 καὶ
3434 1553 3532 1619 τὴν
3564 1551 3733 1603 πόλιν

472 1670 804 1742 προδιδόναι,
830 1664 934 1718 κᾶν
969 1665 1046 1726 είς
1081 1663 1250 1732 ἄκρον
1275 1662 1512 1728 μάλιστα
1537 1659 1806 1711 ὲλάσσωσι
1833 1655 2156 1727 μοχθηρίας.
2195 1656 2428 1706 Ἔπειτα
2491 1653 2606 1723 ἅμα
2668 1649 2762 1721 ἦρι
2801 1653 2938 1721 μετὰ
2996 1651 3244 1725 ,πλείονος
3309 1648 3602 1701 ἐπελθόντα
3629 1649 3735 1714 τῆς

473 1759 830 1831 παρασκευῆς
862 1759 956 1810 καὶ
989 1758 1172 1815 αὑτὸν,
1203 1752 1312 1805 τότ’
1341 1753 1441 1821 ἤδη
1478 1751 1613 1804 Θεοῦ
1648 1750 2062 1818 συναιρομένου,
2103 1748 2164 1800 οὐ
2233 1749 2362 1816 περὶ
2422 1746 2820 1810 Θεσσαλονίκης
2864 1744 3022 1813 μόνον
3051 1743 3374 1811 ποιήσεσθαι
3413 1741 3502 1792 τὸν
3549 1739 3734 1806 λόγον,

469 1856 607 1910 ἀλλὰ
635 1855 728 1905 καὶ
760 1851 888 1920 περὶ
919 1849 1018 1914 τῆς
1051 1847 1216 1914 ἄλλης
1244 1845 1578 1906 Μακεδονίας
1645 1845 1741 1895 καὶ
1809 1841 2103 1902 Θετταλίας
2143 1842 2238 1893 καὶ
2281 1839 2660 1908 Ἀκαρνανίας,
2694 1836 2760 1900 ἃς
2793 1837 3009 1906 ἔχουσιν
3051 1837 3100 1888 οἱ
3129 1835 3389 1904 Τριϐολοὶ
3431 1835 3738 1903 κατασχόν-

469 1968 561 2012 τες
591 1951 683 2002 ἐπὶ
722 1948 828 2001 τῶν
867 1945 962 1998 τοῦ
1001 1944 1240 2013 πολέμου
1279 1941 1506 2011 χρόνων.
1531 1940 1808 2001 Τοιούτοις
1841 1939 1942 2008 μὲν
1976 1938 2040 2006 δὴ
2083 1937 2264 2004 λόγοις
2301 1936 2481 1989 ἔπειθε
2511 1937 2608 2006 τὴν
2645 1933 2913 2004 βασιλίδα,
2955 1933 3016 1985 οὐ
3064 1932 3201 1984 πάνυ
3230 1931 3581 2001 πειθομένην.

1886 2059 2116 2117 CAPUT
2151 2050 2319 2115 XVII.

475 2170 632 2226 Caret
666 2167 984 2223 Macedoniw
1017 2182 1048 2217 a
1080 2162 1461 2233 direptionibus
1499 2162 1808 2229 imperator.
1839 2156 2046 2233 Tentat
2097 2156 2166 2233 iu‘
2204 2153 2676 2233 transiluﬂr‘na’nia
2723 2147 3146 2231 Anactoropolis.
3199 2147 3271 2202 De
3319 2151 3433 2216 ejus
3476 2151 3734 2233 profecto

545 2221 755 2292 Ᾰίίντέίο.
794 2221 1007 2289 Eionem
1045 2221 1244 2304 [rustra
1293 2221 1588 2304 oppugnat,
1625 2243 1782 2281 naves
1827 2227 2086 2304 legitimi}:
2127 2223 2610 2304 Orrlmiu’sfiltum
2642 2239 2798 2304 “cura.
2836 2221 2990 2301 sociis
3030 2227 3255 2304 γευσταί,
3288 2227 3501 2304 propter
3533 2221 3730 2304 hostes.

549 2287 1068 2362 ire—uerleute's
1105 2287 1776 2369 tllwsian'z'deprwdautm:
1819 2293 1992 2369 Filius
2025 2287 2514 2369 illattliwusclimn
2558 2291 3071 2369 redit_._l]ttiitoitilas
3117 2287 3348 2358 prwfecli
3393 2288 3730 2358 Amphipolis

541 2360 1020 2448 iuriniperatorem.
1055 2373 1231 2427 Persa:
1260 2371 1340 2425 illi
1365 2386 1421 2423 se
1443 2360 1704 2439 :junguut.
1732 2364 2112 2419 Thessalonica:
2150 2363 2439 2425 dissidimn,
2473 2373 2522 2435 et
2556 2378 2636 2413 res
2669 2362 2737 2413 ibi
2761 2360 2983 2428 feliciter
3017 2369 3185 2426 gesta.

544 2487 845 2556 imperator
893 2494 954 2539 ut
991 2484 1237 2539 Persicas
1271 2481 1456 2552 copias
1505 2480 1574 2533 ad
1633 2479 2040 2546 Hellespontum

2222 2473 2390 2529 Αὐτὸς
2419 2473 2476 2525 δὲ
2502 2473 2623 2524 ἐπεὶ
2654 2471 2883 2524 ἐπύθετο
2912 2472 3009 2541 τὴν
3039 2470 3311 2542 Περσικήν
3340 2468 3597 2537 στρατιὰ-ι
3623 2470 3723 2521 τὶν

475 2579 848 2633 transmittere
900 2575 1213 2637 intellexit,
1292 2572 1498 2640 paratis
1552 2572 1664 2639 jam
1731 2568 2045 2622 triremibus

471 2669 730 2726 celeriter
763 2667 964 2728 solvit,
998 2666 1380 2734 imperatorem
1413 2650 1912 2732 juniorem'sccum
1944 2659 2048 2712 du-

472 2759 903 2826 cens-Cumque
931 2757 986 2810 in
1023 2754 1376 2824 Hellesponto
1405 2763 1573 2817 esset,
1609 2767 1677 2806 eo
1712 2752 1768 2804 in
1806 2749 2046 2804 navibus

474 2851 686 2916 relicto,
721 2850 836 2916 ipse
867 2849 920 2902 in
951 2847 1330 2901 continentem
1360 2858 1635 2915 egressus,
1663 2844 1832 2898 duces
1860 2843 2048 2898 admo-

474 2943 641 2998 uebat
687 2958 790 3009 qua
847 2941 1185 3003 incederent,
1240 2939 1578 3006 cavebatque
1625 2935 1931 3005 diligenter
1975 2948 2045 2988 ne

476 3035 848 3089 Macedoniam
901 3049 1053 3086 suam
1107 3047 1230 3086 mox
1293 3031 1529 3085 futuram
1577 3029 1973 3099 popularentur
2024 3042 2041 3083 :

475 3126 641 3196 768
663 3125 754 3179 sed
783 3140 905 3178 cum
938 3123 1381 3178 Thessalonicam
1416 3120 1718 3184 venissent,
1760 3120 1861 3175 sibi
1899 3133 2044 3174 cura!

473 3220 740 3280 futurum,
771 3226 1040 3286 quatenus
1087 3216 1362 3285 regionem
1413 3212 1656 3268 hostium
1698 3210 2039 3265 inlestarent.

477 3307 545 3362 Et
601 3308 915 3360 Matthaaum
958 3305 1128 3359 lilium
1194 3302 1470 3357 Romanas
1521 3310 1773 3371 agentem
1831 3299 2041 3365 cupias,

472 3412 598 3452 cum
631 3396 863 3450 ducibus
898 3394 1089 3463 praeire
1107 3391 1549 3447 Thessalonicam
1578 3389 1826 3445 Barbaris
1853 3388 2038 3458 jussit.

475 3485 685 3554 Scopus
717 3495 897 3540 autem
940 3484 1084 3538 illius
1137 3491 1280 3545 erat,
1314 3491 1375 3536 ut
1408 3497 1533 3535 cum
1575 3481 1649 3535 ibi
1683 3479 1739 3532 in
1787 3488 1904 3534 tuto
1940 3478 2042 3531 im-

470 3585 780 3646 peratorem
805 3574 1080 3644 juniorem
1115 3572 1446 3642 reliquisset,
1486 3570 1604 3640 ipse
1638 3586 1755 3625 cum
1786 3568 2043 3623 Romanis

472 3677 529 3722 et
559 3666 810 3721 Barbaris
841 3667 896 3720 in
931 3664 1169 3720 hostium
1197 3663 1531 3734 provinciam
1558 3663 1907 3730 irrumperet.
1940 3660 2042 3716 Ubi

471 3759 659 3829 igitur,
710 3768 768 3812 ut
798 3757 1106 3823 videbatur,
1165 3756 1466 3808 exercitum
1522 3763 1838 3808 terrestrem
1894 3760 2042 3807 recte

473 3850 779 3911 constituit,
809 3847 1125 3901 triremibus
1154 3846 1207 3899 in
1242 3847 1412 3899 altum
1451 3857 1537 3900 est
1568 3856 1882 3914 provectus.
1915 3846 2041 3900 Obi-

476 3949 562 3990 ter
596 3953 758 4006 porro
789 3924 951 4004 atque
978 3936 1034 3988 in
1072 3935 1306 3988 transitu
1341 3935 1540 3988 Eiones
1574 3936 1725 3990 urbis
1755 3936 2042 3990 maritima:

475 4030 535 4085 in
552 4028 812 4092 Thracia,
830 4043 950 4096 quae
972 4043 1118 4081 nunc
1133 4027 1550 4095 Anactoropolis
1570 4038 1816 4092 vocatur,
1840 4028 2041 4098 muenia

475 4119 727 4180 tentavit,
761 4117 850 4171 cui
904 4125 1138 4186 praeerat
1168 4115 1387 4183 quidam
1415 4115 1639 4170 Alexius
1691 4115 1977 4186 Bithynos,
2011 4133 2042 4172 e

472 4208 594 4260 vico
623 4206 857 4275 quodam
905 4207 1122 4260 nomine
1152 4205 1442 4260 Bellicoma
1473 4207 1756 4270 oriundus,
1780 4207 1874 4275 qui
1901 4208 2042 4262 bello

479 4297 626 4352 civili
661 4299 761 4352 snb
789 4297 1122 4366 Apocaucho
1148 4313 1342 4367 magno
1366 4297 1504 4350 duce
1535 4309 1831 4364 meruerat,
1856 4310 2038 4354 etnon

478 4404 666 4457 parum
697 4387 788 4441 ditt
823 4388 1087 4442 uniremis
1119 4388 1458 4457 praedatoriae
1490 4389 1803 4457 pra-fectum
1835 4402 2040 4460 egerat.

477 4476 606 4532 Post
637 4479 794 4547 cujus
833 4492 1048 4542 necem,
1079 4476 1333 4530 similiter
1360 4487 1419 4531 ut
1457 4478 1571 4542 alii,
1620 4488 1843 4548 prepter
1875 4479 2043 4534 inter-

476 4584 702 4638 regnum
735 4584 821 4622 res
862 4583 1030 4622 novas
1053 4567 1309 4629 moliens,
1347 4583 1450 4620 non
1483 4570 1621 4622 hanc
1647 4570 1834 4623 urbem
1867 4569 2038 4624 solum

477 4661 580 4713 sibi
617 4659 872 4726 subjecit.
920 4659 1021 4712 sed
1079 4659 1244 4711 etiam
1274 4657 1603 4727 Chrismpoli
1631 4659 1840 4720 nocuit,
1872 4674 2043 4728 quan-

479 4763 591 4805 tum
618 4753 812 4821 potuit,
849 4749 1221 4818 Thraciosque
1250 4759 1304 4802 et
1333 4731 1589 4804 Leni-nios
1611 4750 1830 4818 pressit,
1857 4750 2040 4805 omnia

476 4861 504 4896 a
573 4829 841 4896 [toruano
875 4840 1108 4910 imperio
1177 4840 1412 4894 avellere
1469 4839 1684 4909 sibique
1751 4841 2040 4912 subjugare

473 4934 896 5003 concupiscens.
962 4931 1229 4997 Quocirca
1283 4931 1626 4986 descendens
1699 4932 2038 5000 imperator,

476 5025 809 5096 Eionemque
844 5026 1094 5084 adortus.
1129 5024 1354 5078 biduum
1410 5033 1505 5078 aut
1564 5024 1799 5078 triduum
1855 5041 2041 5081 muros

2156 2565 2550 2634 Ἑλλήσποντον
2587 2563 3022 2634 περαιουμένην,
3056 2563 3152 2616 καὶ
3181 2565 3237 2616 αί
3267 2564 3509 2633 τριήρεις
3541 2578 3723 2631 παρε-

2149 2656 2518 2724 σκευασμέναι
2543 2651 2704 2726 ἦσαν,
2729 2656 2965 2708 ἀπέπλει
2990 2656 3134 2707 κατὰ
3158 2654 3342 2724 τάχος,
3371 2654 3466 2706 καὶ
3495 2652 3731 2722 βασιλέα

2144 2747 2234 2800 τὸν
2263 2747 2382 2801 νέον
2411 2748 2570 2818 ἔχων,
2603 2749 2696 2802 καὶ
2725 2747 3016 2814 γενόμενος
3047 2748 3105 2798 ὲν
3141 2742 3541 2816 Ἑλλησπόντῳ,
3576 2743 3732 2813 βασι-

2145 2839 2244 2893 λέα
2288 2839 2390 2908 μὲν
2429 2840 2519 2892 τὸν
2558 2840 2676 2892 νέον
2715 2837 3117 2907 κατελίμπανεν
3159 2838 3216 2889 ὲν
3255 2839 3376 2899 ταῖς
3413 2837 3726 2908 τριήρεσιν,

2145 2931 2306 2992 αὐτὸς
2352 2931 2409 2984 δὲ
2459 2932 2594 3001 πρὶς
2640 2931 2740 3001 τὴν
2783 2930 3014 2999 ήπειρον
3059 2925 3312 2995 ἐξελθὼν,
3364 2929 3732 2997 συνεμίγνυτο

2143 3024 2242 3089 τῆς
2269 3026 2528 3094 στρατιᾶς
2549 3024 2663 3085 τοῖς
2685 3022 2919 3092 ἡγεμόσι
2941 3037 2955 3053 ·
2983 3023 3075 3075 καὶ
3101 3020 3329 3091 παρῄνει
3417 3019 3522 3090 χρὴ
3551 3023 3729 3072 ποιεῖ·

2149 3112 2273 3168 σθαι
2298 3115 2398 3184 τὴν
2420 3114 2730 3184 ὁδοιπορίαν
2749 3128 2764 3143 ο
2785 3113 3042 3182 πρόνοιαν
3065 3129 3124 3165 τε
3150 3112 3385 3164 ἐποιεῖτο
3407 3111 3508 3163 οὐκ
3531 3110 3732 3179 ὀλίγην

2146 3204 2240 3256 τοῦ
2284 3203 2359 3273 μή
2397 3203 2496 3273 τὴν
2529 3202 2874 3257 Μακεδονίαν
2913 3201 3249 3272 διαφθείρειν
3291 3200 3441 3270 αὐτῷ
3481 3201 3732 3271 ὑπήκοον

2144 3295 2343 3347 αὐτίκα
2364 3295 2651 3364 ἐσομένην,
2683 3294 2796 3346 ἀλλ’
2830 3293 3048 3346 ἐπειδὰν
3081 3295 3159 3355 εἰς
3182 3291 3583 3361 Θεσσαλονίκην
3604 3295 3736 3361 ἀφί-

2145 3402 2370 3448 κωνται,
2403 3385 2553 3454 αὺτῷ
2584 3377 2900 3460 μελήσεινῇ
2931 3384 3036 3454 χρὴ
3068 3383 3271 3437 κακοῦν
3295 3384 3396 3453 τήν
3425 3384 3730 3453 πολεμίαν.

2145 3481 2252 3534 Τόν
2297 3497 2356 3533 τε
2400 3481 2682 3535 Ματθαῖον
2723 3480 2819 3534 τὸν
2864 3481 2979 3532 υίὸν
3029 3479 3247 3532 ἐκέλευε
3295 3480 3393 3548 τήν
3428 3478 3733 3549 Ῥωμαίων

2145 3571 2335 3640 ἔχοντα
2370 3573 2652 3642 στρατιὰν,
2689 3571 2828 3642 μετὰ
2859 3570 2968 3624 τῶν
3001 3572 3285 3640 ἡγεμόνων
3319 3571 3578 3637 ἡγεῖσθαι
3611 3574 3733 3634 τοῖς

2147 3663 2439 3733 βαρϐάροις
2479 3664 2578 3733 τὴν
2602 3666 2682 3726 είς
2707 3663 3125 3727 Θεσσαλονίκην.
3152 3661 3356 3724 Σκοπὸς
3384 3662 3440 3715 δὲ
3465 3657 3532 3731 ἦν
3555 3663 3726 3732 αὐτῷ,

2147 3755 2219 3816 ὡς
2253 3758 2368 3808 ἐκεῖ
2399 3754 2496 3825 μὲν
2528 3754 2748 3822 βασιλέα
2779 3755 2870 3807 τὸν
2896 3753 3013 3806 νέον
3041 3752 3424 3820 καταλείψοντι
3459 3753 3517 3804 ἐν
3545 3753 3728 3820 ἀσφαο

2147 3846 2284 3914 λείᾳ,
2313 3847 2477 3908 αὐτὸς
2501 3845 2556 3898 δὲ
2605 3844 2914 3912 Ῥωμαίους
2957 3843 3072 3912 ἅμα
3097 3843 3192 3896 καὶ
3221 3841 3524 3912 βαρϐάρους
3547 3843 3725 3908 ἄγων,

2145 3936 2222 3997 είς
2263 3935 2360 4004 τὴν
2401 3933 2662 4002 πολεμίαν
2704 3932 2978 4002 ἐμϐαλεῖν.
3028 3933 3108 3984 Τὰ
3153 3933 3254 4001 μὲν
3294 3927 3390 3984 οὖν
3436 3933 3573 3986 κατὰ
3611 3931 3721 4002 τὴν

2143 4026 2440 4094 ἠπειρῶτιν
2468 4023 2728 4094 στρατιὰν
2756 4022 2816 4078 εὖ
2833 4023 3174 4094 διαθέμενος,
3201 4026 3277 4084 ὡς
3308 4023 3503 4084 ἐδόκει,
3532 4024 3733 4077 ἔπειτα

2145 4117 2378 4184 ἀνήγετο
2418 4117 2476 4168 ὲν
2515 4117 2634 4176 ταῖς
2672 4115 2973 4185 τριήρεσιν.
3009 4113 3161 4166 ’0δοῦ
3202 4114 3259 4166 δὲ
3303 4115 3582 4185 πάρεργον
3627 4117 3734 4168 καί⁵

2150 4207 2246 4277 τῆς
2287 4208 2493 4268 Ἠἶόνος
2526 4206 2733 4268 πόλεως
2765 4205 3052 4276 παραλίου,
3080 4205 3114 4275 ή
3145 4204 3239 4258 νῦν
3271 4207 3735 4275 ’Δνακτορόπολις

2144 4299 2415 4357 καλεῖται,
2449 4297 2558 4348 τῶν
2587 4297 2780 4366 τειχῶν
2810 4291 3258 4366 ἁπεπειρᾶτο,ἦς
3285 4292 3454 4366 ἦρχεν
3483 4296 3733 4362 Ἀλέξιός

2142 4408 2224 4453 τις
2253 4391 2317 4442 ὲκ
2347 4390 2600 4452 Βιθυνίας
2625 4388 2977 4458 ὡρμημένος,
3003 4391 3070 4442 ὲκ
3093 4389 3286 4458 κώμης
3310 4390 3454 4450 τινὸς
3484 4389 3735 4441 Βελικὼ-

2145 4496 2254 4548 μης
2297 4478 2850 4548 προσαγορευομένης
2873 4493 2887 4509 ·
2927 4477 2988 4539 ὃς
3014 4478 3174 4530 κατὰ
3213 4477 3303 4531 τὸν
3345 4477 3438 4530 τοῦ
3483 4477 3735 4547 πολέμου

2141 4573 2332 4641 χρόνον
2384 4562 2704 4640 Ἀποκαύχῳ
2743 4570 2820 4637 τῷ
2855 4570 3075 4639 μεγάλῳ
3102 4569 3254 4622 δουκὶ
3285 4569 3736 4639 ἔμισθοφόρησεν

2141 4662 2243 4715 οὐκ
2261 4661 2440 4731 ὀλίγον
2460 4663 2669 4730 χρόνον,
2699 4663 2833 4733 μονή
2843 4679 2964 4732 ρους
2989 4661 3173 4732 ἄρχων
3194 4659 3739 4731 λῃστρικῆς.“Ύστεο

2143 4770 2236 4823 ρον
2261 4752 2318 4805 δὲ
2354 4754 2490 4821 μετὰ
2515 4751 2613 4822 τήν
2641 4752 2855 4805 ἐκείνου
2883 4751 3141 4820 τελευτὴν
3169 4753 3279 4807 τοῖς
3309 4748 3489 4812 ἄλλοις
3517 4749 3736 4818 ὁμοίως

2142 4847 2236 4899 καὶ
2264 4845 2424 4907 αὐτὸς
2454 4845 2542 4898 διὰ
2567 4844 2667 4914 τὴν
2695 4844 2961 4915 ἀναρχίαν
2987 4845 3080 4898 ἐπὶ
3108 4842 3511 4910 νεωτερισμοὺς
3539 4843 3739 4912 χωρή..

2145 4957 2276 5001 σας,
2309 4939 2369 4990 οὐ
2419 4940 2519 5006 τὴν
2559 4937 2746 4990 Ἠϊόνα
2793 4938 2952 5005 μόνον
2984 4936 3047 5006 δὴ
3081 4937 3286 5002 ταύτην
3320 4931 3499 5003 ἑαυτῷ
3541 4949 3738 5003 περιε-

2143 5031 2336 5101 ποίησε
2379 5032 2696 5100 κρατήσας,
2734 5027 2870 5081 ἀλλὰ
2909 5029 3005 5081 καὶ
3046 5025 3448 5094 Χριστούπολιν
3479 5024 3732 5091 ἐκάκου,

473 5118 830 5186 Oppugnavit.
863 5131 985 5182 nec,
1030 5115 1310 5171 Alexiauis
1351 5117 1562 5171 fortiter
1594 5118 2036 5186 defendentibus,

2143 5121 2242 5175 ὅσα
2271 5120 2470 5173 δυνατὰ
2491 5161 2506 5185 ,
2539 5123 2632 5172 καὶ
2664 5120 2883 5182 Θασίοις
2918 5120 3011 5172 καὶ
3044 5119 3309 5187 Λημνίοις
3340 5115 3581 5184 λυπηρὸς
3613 5110 3694 5186 ἦν
3715 5157 3734 5180 ,

473 5206 840 5274 expugnavit;
873 5221 1039 5260 naves
1070 5221 1199 5259 vero
1230 5207 1296 5261 ad
1323 5223 1507 5273 unam,
1538 5217 1590 5261 et
1618 5211 1867 5265 triremes
1896 5211 2040 5281 pira-

477 5297 635 5356 ticas,
673 5297 878 5365 quibus
897 5297 1120 5352 Alexius
1151 5299 1674 5363 utebatur,llammis
1713 5304 2034 5360 combussit.

473 5386 669 5442 Adhuc
701 5387 754 5440 in
786 5386 892 5440 illis
925 5386 1060 5442 locis
1088 5389 1322 5444 moranti
1370 5391 1676 5455 nuntiatur,
1712 5392 1907 5448 Persas
1945 5395 2035 5464 qui

473 5479 674 5532 auxilio
700 5489 984 5547 venerant,
1011 5479 1234 5536 abiisse.
1271 5480 1460 5537 Visum
1488 5493 1619 5538 tunc
1645 5486 2040 5554 compluribus,

468 5584 505 5623 -a
552 5570 806 5624 Romanis
845 5571 1168 5640 quibusdam
1209 5571 1402 5628 Persas
1437 5573 1504 5629 ad
1535 5575 1927 5632 discedendum
1957 5579 2035 5633 in-

469 5661 665 5718 citatos
739 5660 866 5715 ο-τίο
923 5662 1130 5720 scilicet
1171 5663 1405 5735 jtmioris
1445 5665 1810 5737 imperatoris,
1839 5685 1906 5726 nc
1933 5669 2042 5726 lio-

2145 5215 2324 5266 πάντα
2353 5213 2444 5282 ὑφ’
2463 5212 2647 5283 ἑαυτῷ
2675 5213 2996 5283 βουλόμενος
3026 5213 3320 5277 ποιεῖσθαι,
3349 5216 3440 5266 καὶ
3464 5212 3563 5281 τῆς
3593 5211 3741 5264 Ῥω-

2139 5303 2316 5374 μαίων
2344 5304 2639 5372 ἡγεμονίας
2669 5305 3020 5372 ἀποτέμνειν.
3055 5306 3131 5357 Δι’
3153 5305 3188 5359 ἃ
3217 5307 3244 5358 ὁ
3275 5303 3528 5374 ﬂuctui);
3560 5319 3739 5355 κατα-

2139 5396 2316 5448 πλέων
2354 5394 2577 5446 ἐπέθετο
2618 5398 2685 5464 τῇ
2722 5395 2928 5460 Ἠϊόνι,
2965 5398 3059 5449 καὶ
3097 5396 3451 5466 τειχομαχίας
3495 5392 3589 5446 ἐπὶ
3626 5393 3659 5446 δ
3689 5403 3727 5443 o

2139 5488 2236 5542 καὶ
2270 5487 2444 5556 τρισὶν
2480 5484 2714 5556 ἡμέραις
2749 5489 3074 5557 ἐποιήσατο,
3111 5490 3204 5542 καὶ
3238 5488 3346 5541 τῶν
3385 5487 3480 5556 μὲν
3514 5486 3691 5553 τειχιῖ

2138 5579 2315 5647 ἧττων
2359 5574 2552 5644 ὤφθη,
2594 5574 2703 5628 τῶν
2746 5578 2877 5647 περὶ
2909 5578 3146 5646 Ἀλέξιον
3186 5578 3543 5649 ἀμυνομένων
3587 5589 3694 5643 κμ

2141 5671 2308 5735 ταιῶς
2336 5689 2348 5702 ι
2385 5671 2538 5723 πλοῖα
2574 5681 2757 5740 μέντοι
2787 5670 2887 5724 ὅσα
2939 5665 3029 5741 ἦν,
3060 5675 3156 5729 καὶ
3183 5674 3440 5746 μονήρεις
3475 5683 3736 5736 magni--
