3996 6218
292 253 382 317 133

1445 251 2001 313 HlSTOlilARUM
2038 253 2268 312 LIBER
2308 255 2401 315 IV.

3435 257 3538 322 lat

288 368 400 427 adq,
431 365 498 428 ἃς
523 365 687 428 αὐτὸς
716 365 916 436 ἐχρῆτο
947 365 1079 436 πρὸς
1112 364 1389 435 λῃστείας,
1405 368 1585 419 πάντα
1614 366 1854 418 ἀνάλωσε

1969 379 2188 418 manum
2224 365 2514 434 imperium
2547 375 2858 436 augeretur.
2889 368 2946 422 Id
2987 379 3168 423 autem
3196 384 3356 427 secus
3394 385 3537 437 erat,

286 461 434 528 πυρί.
455 459 578 510 Ἔτι
607 458 662 511 δὲ
692 457 842 526 αὐτῷ
875 459 1004 528 περὶ
1033 460 1215 510 ἐκεῖνα
1242 458 1570 528 διατρίόοντι
1595 458 1662 510 τὰ
1693 459 1856 528 μέρη,

285 551 571 617 ἠγγέλλετο
603 548 678 610 ὡς
714 549 747 617 ἡ
783 548 921 601 κατὰ
960 547 1280 617 συμμαχίαν
1312 547 1688 616 ἀφικνουμένη
1725 548 1859 599 ἀνα-

286 640 529 706 στρέψειε
563 641 796 708 στρατιὰ
829 639 1073 707 Περσῶν.
1106 639 1312 692 Ἐδόκει
1345 637 1444 706 μὲν
1473 634 1568 691 οὖν
1594 638 1713 690 τότε
1745 637 1860 699 τοῖς

284 732 490 794 πολλοῖς
523 732 628 784 ὑπό
652 749 816 784 τινων
847 733 1136 800 Ῥωμαίων
1160 733 1286 794 τοὺς
1318 732 1534 800 Πέρσας
1564 732 1862 783 ἀναπεπεῖ-

286 823 399 875 σθαι
444 825 806 891 ἀναστρέφειν
845 822 991 891 ἔχθει
1027 822 1107 892 τῷ
1150 823 1281 894 πρὸς
1321 824 1411 875 τὸν
1452 825 1570 875 νέον
1611 822 1859 891 βασιλέα,

284 915 347 978 ὡς
380 918 449 968 ἂν
481 916 557 984 μή
585 917 617 984 ἡ
651 915 935 983 Ῥωμαίων
962 914 1180 982 αὔξοιτο
1209 916 1374 985 ἀρχή.
1407 917 1480 966 Τὸ
1510 915 1564 966 δὲ
1593 915 1654 967 οὐ
1685 915 1861 966 τοιοῦ-

283 1026 365 1059 τον
389 1003 480 1078 ἦν,
508 1006 641 1059 ἀλλά
669 1007 1015 1060 παντάπασιν
1042 1008 1356 1076 ἡμάρτανον
1381 1009 1427 1058 οἱ
1458 1007 1860 1068 ὑποπτεύοντες

284 1101 372 1166 τῆς
420 1098 694 1167 ἀληθείας.
737 1099 1002 1166 Ὀρχάνης
1044 1099 1153 1166 γὰρ
1198 1100 1335 1167 μετὰ
1370 1099 1431 1150 τὸ
1463 1099 1582 1168 τὴνι
1601 1102 1858 1168 στρατιὰν

283 1193 352 1249 εὶς
387 1191 485 1258 τήν
519 1192 744 1260 Θρᾴκην
780 1190 1183 1257 περαιωθεῖσαν
1214 1191 1315 1258 τῆς
1349 1193 1427 1251 είς
1463 1189 1702 1259 ἐσπέραν
1737 1192 1857 1258 ἐχε-

287 1283 402 1335 σθαι
435 1282 579 1343 ὁδοῦ,
607 1285 911 1352 γράμματα
937 1283 1014 1352 τῷ
1042 1283 1142 1351 υίῷ
1170 1283 1443 1349 Σουλιμάν
1473 1285 1530 1336 ἐν
1559 1283 1857 1354 ἀπορρήτῳ

286 1374 535 1442 πέμψας,
573 1375 823 1427 ἐκέλευεν
857 1375 1218 1444 ἀναστρέφειν
1245 1393 1260 1406 ο
1298 1376 1510 1428 ἐπιέναι
1553 1375 1662 1444 γὰρ
1709 1376 1858 1444 αὐτῷ

286 1466 377 1516 τῶν
395 1466 616 1533 ὁμόρων
638 1466 860 1535 Περσῶν
883 1469 1008 1528 τοὺς
1024 1455 1450 1537 δυνατωτάτους,
1468 1467 1562 1520 καὶ
1581 1471 1676 1537 τὴν
1696 1485 1858 1536 στρα-

283 1561 390 1608 τιὰν
438 1559 694 1625 παρεῖναι
739 1557 891 1614 δέον.
941 1560 1032 1609 καλ⁵
1081 1557 1384 1625 ἀμύνεσθαι
1431 1562 1542 1620 τοῖς
1589 1558 1854 1615 ἐπιοῦσιν,

295 1648 537 1700 Ἐκέλευε
591 1650 776 1718 μέντοι
804 1650 878 1718 μὴ
907 1650 1204 1719 κατάδηλον
1229 1650 1525 1720 Ῥωμαίοις
1551 1651 1650 1720 τὴν
1676 1651 1856 1704 αἰτίαν

283 1742 370 1807 τῆς
409 1742 823 1810 ἁ.εαχωρήσεως
868 1745 1079 1807 ποιεῖν,
1118 1742 1200 1794 ἵνα
1240 1743 1316 1812 μὴ
1349 1744 1376 1793 6
1413 1743 1664 1811 βασιλεὺς
1705 1743 1852 1812 αὐτῷ

284 1832 577 1901 ὀργίζοιτο,
616 1829 749 1886 ἀλλὰ
788 1834 1136 1902 πλασάμενον
1168 1851 1322 1898 τινας
1363 1834 1542 1897 αἰτίας
1583 1835 1854 1905 ἀναστρέ..

287 1941 413 1990 φειν.
445 1928 512 1977 Ἀ
558 1926 830 1996 Σουλιμὰν
867 1917 1116 1999 ἐποίει
1164 1927 1313 1993 αὐτῷ
1354 1927 1382 1979 6
1427 1927 1608 1996 πατὴρ
1653 1929 1851 1997 προσέ-

287 2033 432 2067 ταττε
454 2056 469 2078 ,
507 2017 602 2068 καί
635 2035 754 2069 τινα
791 2017 1136 2086 πλασάμενος
1176 2017 1250 2087 μὴ
1286 2017 1446 2085 ὄντα,
1483 2021 1548 2071 ἐκ
1581 2021 1674 2072 τοῦ
1711 2021 1851 2073 κατὰ

286 2107 366 2160 τὸν
385 2107 592 2176 Ἐὗρον
635 2107 805 2178 πόρου
847 2107 982 2175 πρὸς
1022 2108 1124 2177 τὴν
1162 2110 1378 2162 Μυσίαν
1421 2111 1512 2162 ἐπὶ
1560 2110 1851 2182 λεηλασίαν

287 2199 586 2269 ἀπεχώρει·
612 2199 709 2251 καὶ
738 2198 940 2266 πλῆθος
968 2199 1104 2270 ὁμοῦ
1136 2199 1499 2269 βοσκημάτων
1525 2203 1618 2255 καὶ
1643 2203 1740 2256 ἀνθ
1749 2202 1852 2272 ρώ-

296 2309 397 2342 πων
425 2291 623 2353 ἐλαστς
654 2289 1017 2360 αἰχμαλώτων
1042 2295 1134 2346 ἐπὶ
1157 2294 1256 2364 τὴν
1289 2295 1476 2347 Ἀσίαν
1503 2295 1846 2364 ἐπεραιοῦτο.

292 2383 556 2445 Ματθαῖος
591 2384 648 2437 δὲ
685 2385 714 2436 6
745 2383 841 2437 τοῦ
884 2384 1142 2454 βασιλέως
1182 2386 1299 2449 υίὸς
1342 2387 1464 2440 ἐπεὶ
1507 2387 1581 2457 μὴ
1613 2390 1679 2458 τῇ
1721 2385 1852 2440 Ῥω-

289 2478 461 2544 μαίων
491 2479 629 2548 μόνῃ
666 2480 894 2548 στρατιᾷ
926 2479 1147 2541 δυνατὸς
1178 2475 1246 2550 ἦν
1277 2481 1376 2549 τὴν
1409 2479 1546 2550 πρὸς
1580 2481 1851 2533 Θεσσαλοέ

282 2565 432 2636 νίκην
478 2567 698 2622 ἀπιέναι
743 2567 832 2620 διὰ
881 2569 1163 2637 πολεμίας,
1188 2569 1450 2639 ποταμῶν
1497 2587 1555 2621 τε
1608 2569 1848 2622 ἁεννάων

279 2657 518 2711 διῖόντων
551 2663 606 2713 ἐν
631 2661 707 2729 τῷ
738 2661 960 2731 μεταξὺ,
980 2663 1071 2714 καὶ
1096 2662 1156 2714 οὐ
1184 2664 1365 2734 ῥᾴδιον
1393 2663 1484 2716 τὸν
1513 2665 1678 2733 πόρον
1705 2681 1848 2733 παρ-

279 2752 578 2820 εχομένων.
605 2754 696 2804 καὶ
745 2753 1032 2822 Τριϐαλῶν
1070 2755 1460 2824 ἐνεδρευόντων
1489 2755 1658 2808 ὄντων
1684 2755 1847 2810 δυνα-

277 2846 555 2913 τωτέρων,
582 2845 616 2915 ἢ
647 2845 766 2897 καθ’
790 2844 856 2916 ἢν
883 2841 1018 2916 ἦγεν
1046 2846 1208 2909 αὐτὸς
1240 2847 1526 2916 Ῥωμαίων
1559 2850 1844 2918 στρατιὰν,

278 2935 583 3004 ἀνέστρεφε
613 2937 703 2986 καὶ
733 2935 915 2996 αὐτὸς,
948 2935 1043 2987 καὶ
1071 2935 1244 2989 διέλυε
1273 2937 1332 2988 τὸ
1364 2938 1682 3007 στράτευμα
1703 2953 1718 2968 ο
1752 2939 1847 3006 βασι

1962 466 2018 510 et
2047 456 2376 510 omnimodis
2405 471 2435 510 a
2469 471 2600 511 vero
2632 459 2918 512 aberrahat
2959 460 3219 530 suspicio.
3253 462 3539 520 Orchanes

1962 545 2233 612 siquidem
2283 555 2408 614 post
2454 547 2751 601 exercitum
2797 550 2851 602 in
2877 548 3168 605 Thraciam
3220 553 3538 622 trajectum,

1962 646 2022 690 ιιι
2052 636 2104 689 iu
2135 637 2483 691 Occidentem
2515 651 2784 710 pergeret.
2810 643 2988 696 missis
3015 645 3226 698 occulte
3259 645 3325 698 ad
3359 646 3531 700 lilium

1965 725 2313 781 Sulimanum
2349 728 2572 793 litteris,
2607 732 2840 785 reditum
2867 735 3253 802 prmcipiebat;
3293 752 3354 791 se
3387 739 3536 791 enim

1962 835 1992 873 a
2022 821 2214 874 vicinis
2237 830 2291 874 et
2320 824 2718 890 potentissimis
2743 824 3034 880 Persarum
3065 829 3307 898 dynastis
3330 830 3534 892 invadi.

1962 912 2028 964 ad
2063 927 2202 980 quos
2241 912 2606 983 proﬂigandos
2639 916 2703 968 iis
2746 917 2918 984 copiis
2948 919 3051 971 sibi
3085 935 3222 988 opus
3255 920 3347 974 sit.
3376 921 3536 976 Juhc-

1963 1003 2050 1056 hat
2083 1005 2210 1057 item
2245 1020 2314 1057 ne
2348 1006 2687 1061 reversionis
2709 1023 2927 1062 causam
2964 1009 3223 1066 limuanis
3249 1011 3534 1076 indicaret,

1961 1109 2029 1147 ne
2059 1095 2362 1164 imperator
2388 1097 2493 1150 sibi
2530 1099 2892 1165 irasceretur,
2925 1102 3269 1171 sedlingeret
3302 1103 3533 1172 aliquid,

1961 1194 2124 1253 atque
2161 1187 2232 1239 ita
2263 1187 2490 1242 rediret.
2525 1190 2656 1254 Qua:
2688 1202 2957 1260 praecepta
3000 1192 3172 1261 patris
3207 1194 3287 1246 sui
3319 1196 3535 1264 agitans

1959 1276 2296 1342 Sulimauus,
2335 1277 2514 1334 Hebro
2558 1282 2883 1335 transmisso
2913 1283 2964 1336 in
3018 1283 3260 1337 Moesiam
3309 1285 3536 1354 popula-

1962 1376 2074 1421 tum
2107 1369 2260 1428 abiit.
2304 1379 2359 1423 et
2403 1387 2526 1424 cum
2579 1388 2838 1441 pecorqu
2886 1374 3280 1442 hominumque
3339 1390 3536 1444 magno

1959 1475 2188 1514 numero
2250 1462 2302 1516 in
2363 1463 2546 1518 Asiam
2617 1466 2970 1534 reuavigavit.
3038 1466 3357 1531 Matthaaus,
3397 1482 3536 1536 quo-

1960 1550 2106 1603 niam
2160 1567 2284 1606 cum
2352 1555 2484 1608 solis
2564 1555 2826 1610 Romanis
2902 1573 2997 1626 per
3068 1559 3252 1612 hostes
3299 1559 3374 1612 ire
3426 1575 3535 1611 non

1959 1653 2197 1710 poterat,
2232 1647 2569 1714 perennibus
2628 1651 2793 1702 etiam
2856 1650 2908 1702 in
2947 1651 3127 1704 medio
3161 1650 3338 1706 ﬂuviis
3389 1651 3532 1706 haud

1958 1733 2170 1790 facilem
2204 1741 2492 1794 transitum
2521 1743 2979 1807 concedentibus,
3007 1757 3061 1796 et
3090 1745 3253 1816 769
3284 1746 3534 1800 Triballis

1956 1823 2069 1878 vias
2096 1826 2486 1892 insidentibus,
2516 1848 2580 1885 ac
2606 1833 2940 1888 firmioribus
2971 1837 3342 1897 multitudine,
3369 1853 3531 1906 quam

1956 1930 2053 1984 pro
2104 1918 2278 1986 cepiis
2328 1918 2612 1982 Romanis,
2668 1938 2806 1991 quas
2851 1924 3134 1988 ducebat,
3201 1927 3366 1980 etiam
3416 1927 3536 1997 ipse

1954 2021 2211 2062 reversus
2271 2019 2375 2076 est,
2434 2019 2491 2065 et
2553 2014 2828 2068 exercitus
2899 2015 3229 2084 dissipatus,
3280 2019 3534 2088 patrique

1955 2100 2086 2168 quid
2110 2102 2210 2155 sibi
2235 2103 2538 2159 obstitisset
2571 2105 2852 2161 indicavit.
2875 2106 3180 2178 Imperator
3202 2110 3304 2164 hoc
3329 2123 3532 2167 eventu

1953 2193 2350 2257 stomachatus,
2373 2209 2500 2250 cum
2532 2198 2663 2265 quid
2699 2199 2880 2267 potius
2902 2209 3106 2269 ageret,
3137 2216 3246 2255 non
3281 2202 3532 2269 haberet,

1953 2280 2120 2336 Eione
2166 2284 2610 2339 Thessalonicam
2652 2288 3029 2356 proﬁciscens,
3063 2300 3222 2344 nocte
3251 2291 3336 2345 illa
3365 2307 3534 2363 prope

1952 2374 2348 2444 Amphipolim,
2389 2393 2552 2447 quam
2607 2380 2834 2435 Triballi
2889 2382 3172 2447 tenebant,
3211 2384 3373 2453 jactis
3429 2401 3532 2439 au-

1951 2468 2134 2522 choris
2163 2471 2377 2525 mansit.
2402 2471 2528 2526 Eam
2554 2472 2810 2544 Brajanes
2843 2476 3085 2545 regebat,
3108 2476 3425 2545 imperatori
3457 2479 3529 2532 ob

1952 2571 2191 2614 veterem
2231 2563 2683 2618 consuetudinem
2707 2567 3232 2632 coniunctissimus;
3269 2568 3333 2622 ad
3369 2583 3532 2638 quem

1951 2662 2114 2705 noctu
2144 2652 2415 2724 navigiulo
2447 2655 2583 2709 clam
2616 2657 2985 2726 Amphipolim
3015 2659 3183 2722 venit,
3214 2669 3269 2714 et
3305 2677 3430 2714 eum
3467 2677 3534 2716 co

1953 2760 2262 2801 sermonem
2316 2749 2528 2805 habuit.
2557 2752 2661 2817 Qui
2693 2755 2836 2821 quod
2889 2755 2954 2806 ad
2981 2770 3038 2808 se
3070 2756 3355 2814 attinebat.
3395 2756 3535 2810 bene

1951 2838 2270 2908 imperatori
2317 2845 2528 2909 volens,
2557 2846 2738 2900 omnia
2766 2861 2827 2899 ex
2859 2848 2976 2914 ejus
2999 2849 3324 2918 complacito
3359 2848 3534 2904 factu-
3619 2887 3622 2889 -

1961 2946 2104 2995 rum,
2127 2943 2182 2986 et
2211 2949 2334 2987 cum
2368 2934 2490 2989 aliis
2514 2936 2760 3002 ejusdem
2789 2937 2980 2992 amicis
3013 2945 3264 2992 acturum
3293 2941 3534 3010 recipie-

281 3027 412 3079 σλεῖ
440 3043 506 3080 τε
543 3027 623 3095 τῷ
659 3027 824 3098 πατρὶ
859 3026 1047 3096 ἐδήλου
1083 3026 1181 3097 τὴν
1215 3027 1398 3079 αἰτίαν
1432 3029 1530 3098 τῆς
1568 3028 1846 3098 κωλύμης.

1958 3022 2068 3090 hat,
2100 3033 2158 3078 ut
2187 3034 2500 3094 opportuno
2533 3037 2778 3096 tempore
2825 3029 2901 3082 illi
2952 3045 3174 3099 operam
3230 3044 3528 3099 navarent;

277 3119 540 3178 Βασιλεὺς
569 3117 626 3170 δὲ
657 3118 953 3187 ἠγανάκτει
986 3118 1084 3188 μὲν
1117 3118 1254 3188 πρὸς
1284 3118 1352 3172 τὰ
1381 3118 1684 3187 συμδάντα,
1718 3120 1854 3187 πρός

276 3229 322 3263 τι
343 3212 400 3265 δὲ
425 3211 876 3281 λυσιτελέστερον
899 3211 998 3264 οὐκ
1026 3211 1165 3278 ἔχων
1189 3210 1510 3280 τρέπεσθαι,
1536 3210 1732 3281 ἐχώρει
1757 3210 1854 3282 τὴν

272 3304 346 3364 είς
370 3302 810 3371 Θεσσαλονίκην,
828 3303 889 3353 ἐκ
903 3301 1000 3371 τῆς
1029 3301 1234 3363 Ἦῖόνος
1260 3301 1422 3371 ἄρας,
1446 3301 1541 3353 καὶ
1562 3302 1660 3370 τὴν
1684 3301 1851 3355 νύκτα

272 3395 484 3464 ἐκείνην
523 3393 812 3464 ὡρμίσατο
843 3394 930 3445 ἐπ’
959 3393 1218 3462 ἀγκυρῶν
1254 3392 1632 3461 Ἀμφιπόλεως
1663 3395 1851 3462 ἐγγὺς,

271 3487 372 3538 ὑπὸ
394 3486 693 3554 Τριϐαλῶν
713 3479 1217 3555 κατεχομένης.Ἷίς
1237 3486 1573 3553 ἐπετρόπευε
1599 3485 1852 3554 Μπεραῖ-

271 3577 398 3646 ἀνης
444 3576 672 3646 βασιλεῖ
717 3576 775 3637 ἐς
817 3575 886 3646 τᾲ
933 3575 1168 3642 μάλιστα
1199 3575 1350 3642 φίλος
1381 3574 1456 3626 ὢν
1479 3575 1543 3626 ἐκ
1584 3575 1683 3644 τῆς
1718 3572 1853 3644 πρὸς

271 3668 466 3730 αὐτοὺς
500 3667 796 3736 διατριϐῆς
823 3681 837 3696 θ
875 3667 1009 3736 πρὸς
1040 3666 1100 3718 ὃν
1131 3667 1359 3719 ἀκατίου
1395 3665 1590 3728 ἐπιϐὰς
1622 3666 1850 3731 νυκτὸς,

265 3761 498 3829 ἀφίκετο
533 3761 617 3820 εἰς
636 3758 962 3828 Ἀμφίπολιν
990 3759 1018 3810 6
1047 3758 1300 3828 βασιλεὺς
1330 3757 1638 3828 κρύφα,κα“ι
1665 3755 1854 3809 διειλέ-

263 3851 387 3922 161).
424 3851 488 3905 Ὀ
520 3850 584 3903 δὲ
613 3849 688 3902 τά
714 3865 777 3903 τε
809 3850 942 3918 πρὸς
971 3849 1134 3902 αὑτὸν
1163 3844 1222 3901 εὖ
1255 3848 1458 3900 διέθετο
1503 3845 1710 3915 βασιλεῖ
1757 3847 1854 3898 ἐπ-

266 3943 681 4009 αγγειλάμενος
708 3945 885 3995 πάντα
914 3940 1163 4009 ποιήσειν
1187 3941 1328 3992 κατὰ
1359 3937 1601 4006 γνώμην,
1629 3937 1722 3989 καὶ
1745 3939 1856 3999 τοίς

265 4033 445 4098 ἄλλοις
479 4034 756 4104 βασιλέως
785 4033 962 4101 φίλοις
991 4031 1259 4099 ὑπέσχετο
1287 4029 1757 4099 διαλεχθήσεσθαι,
1787 4027 1854 4080 ἶν’

268 4129 321 4178 ἐν
347 4128 539 4196 καιρῷ
573 4127 913 4194 προσήκοντι
942 4124 1206 4193 χρήσιμοι
1233 4122 1451 4191 ὀφθεῖεν
1484 4120 1714 4190 βασιλεῖ,
1746 4121 1854 4173 ἀπ-

264 4219 502 4286 ήγγελλέ
535 4236 596 4270 τε
628 4217 704 4280 ὡς
735 4219 862 4286 περὶ
891 4217 1222 4286 Στρυμμόνα
1250 4216 1378 4282 νῆες
1403 4214 1736 4283 ὡρμίζονται
1763 4213 1855 4265 δύο

264 4314 354 4362 καὶ
383 4310 577 4362 εἴκοσι
610 4307 874 4375 Περσικαὶ⁸
901 4308 992 4359 ἐπὶ
1016 4305 1278 4376 λεηλασίᾳ⁵
1308 4305 1631 4371 ἀφιγμέναι.
1668 4303 1724 4355 '0
1754 4303 1854 4371 μὲν

265 4396 355 4455 οὗν
394 4399 670 4468 βασιλεὺς
703 4397 924 4452 τοιαῦτα
965 4399 1057 4450 ἐπὶ
1095 4398 1288 4460 νυκτὸς
1325 4395 1624 4465 διαλεχθεὶς
1647 4437 1662 4459 ,

263 4494 342 4555 είς
374 4495 480 4555 τὰς
513 4493 770 4561 τριήρεις
803 4490 1114 4560 ἀπεχώρει,
1147 4491 1405 4559 πρόνοιαν
1441 4490 1640 4561 πολλὴν
1676 4489 1858 4542 ποιούς-

265 4602 427 4654 μενος
469 4584 579 4637 τοῦ
630 4584 704 4652 μὴ
747 4584 977 4652 φανερὸς
1017 4578 1155 4635 εἶναι
1199 4582 1568 4651 διειλεγμένος
1606 4582 1683 4653 τῷ
1725 4584 1857 4651 Τριο

476 4678 649 4746 ’Δμα
690 4675 747 4727 δέ
791 4675 864 4744 ἕῳ
912 4676 1160 4743 ἔπεμπεν
1201 4677 1292 4728 ἐπὶ
1336 4678 1461 4737 τοὺς
1509 4677 1721 4742 Πέρσας
1765 4676 1859 4727 καὶ

261 4769 451 4822 ἐκάλει
483 4769 589 4820 ἐπὶ
622 4767 958 4834 συμμαχίαν,
990 4767 1037 4817 oi
1086 4766 1142 4819 δὲ
1194 4767 1448 4836 παρῆσαν
1475 4766 1626 4818 οὐδὲν
1658 4765 1858 4835 μελλή-

264 4876 460 4921 σαντες
486 4875 506 4890 ο
557 4857 660 4920 οὒς
703 4856 852 4924 ἄγων
900 4857 1038 4924 μετᾶ
1081 4858 1188 4908 τῶν
1231 4859 1502 4928 τριήρεων
1543 4858 1739 4924 ἀφῖκτο
1780 4857 1860 4919 είς

261 4948 688 5018 Θεσσαλονίκην
707 4988 722 5012 ,
755 4943 880 5018 εὗρε
913 4949 969 5000 δὲ
998 4949 1088 5000 τὸν
1116 4949 1285 5018 δῆμον
1317 4950 1412 5001 καὶ
1442 4950 1566 5011 τοὺς
1601 4947 1858 5018 Ζηλωτὰς

264 5043 404 5110 πρὸς
437 5044 580 5103 τοὺς
620 5041 870 5108 ἀρίστους
907 5039 1407 5104 διαστασιάζοντας,
1443 5041 1534 5092 καὶ
1569 5042 1721 5110 κοινῇ
1757 5058 1857 5093 κα-

258 5133 372 5195 κῶς
408 5133 518 5203 τήν
557 5131 718 5182 πόλιν
753 5131 816 5182 ἐκ
846 5146 906 5182 τε
938 5130 1044 5182 τῶν
1078 5131 1275 5196 ἔξωθεν
1309 5124 1586 5199 πολεμῒων
1621 5131 1718 5182 καὶ
1748 5129 1858 5182 τῶν

258 5225 408 5276 ἔνδον
444 5221 771 5274 ἐπιϐούλων
805 5220 1057 5291 ἔχουσαν.
1090 5219 1272 5274 Πάντα
1305 5221 1362 5273 δέ
1393 5221 1555 5284 εὐθὺς
1585 5221 1758 5273 διέλυε
1791 5222 1859 5275 τὰ

256 5315 404 5370 δεινὰ
442 5315 771 5382 ἐπιφανεὶς,
803 5314 898 5366 καὶ
931 5295 1142 5383 ήπᾶσα
1174 5313 1328 5376 πόλις
1364 5315 1420 5364 ἐν
1450 5314 1666 5383 ἑορταῖς
1696 5308 1858 5380 ἦσαν,

258 5411 351 5459 καὶ
375 5406 538 5476 μετὰ
564 5405 774 5472 πολλῆς
793 5403 1067 5474 εὐφημίας
1093 5405 1415 5475 ὑπεδέχοντο
1435 5405 1559 5462 τοὺς
1582 5404 1857 5473 βασιλέας.

258 5497 478 5568 Μικρὸν
521 5497 592 5550 δὲ
643 5496 779 5564 μετά
820 5498 918 5568 τὴν
959 5496 1288 5566 ἐπιδημίαν,
1341 5497 1790 5568 Καντακουζηνὸς
1831 5498 1859 5549 6

264 5587 531 5654 βασιλεὺς
565 5585 868 5654 ἐκκλησίαν
896 5586 1173 5656 πάνδημον
1200 5589 1262 5639 ἐκ
1289 5586 1396 5638 τῶν
1421 5585 1859 5638 Θεσσαλονικέων

267 5678 684 5748 συναθροίσας,
717 5677 841 5748 περί
871 5694 930 5730 τε
962 5677 1052 5732 τοῦ
1085 5677 1494 5749 συμϐεϐηκότος
1530 5677 1664 5747 πρὸς
1697 5677 1858 5732 αὑτὸν

1956 3116 2377 3185 nuutiabatque,
2414 3118 2481 3172 ad
2531 3117 2840 3190 Strymonis
2889 3123 3038 3191 ripas
3074 3139 3242 3179 naves
3282 3125 3532 3183 Persicas

1956 3209 2092 3263 duas
2125 3224 2286 3276 supra
2321 3210 2510 3280 viginti
2543 3213 2846 3282 populandi
2880 3230 3046 3269 causa
3085 3218 3372 3286 appulsas.
3418 3220 3530 3274 lm-

1955 3310 2178 3367 perater
2220 3299 2389 3354 .fmito
2438 3301 2538 3355 hoc
2599 3313 2869 3357 nocturno
2917 3305 3214 3374 colloquio,
3250 3309 3317 3362 ad
3374 3310 3533 3365 trire-

1957 3405 2072 3444 mes
2124 3391 2371 3454 revertit,
2415 3394 2675 3448 cautione
2729 3410 2924 3465 magua
2974 3397 3237 3461 adhibita,
3284 3415 3354 3454 ne
3397 3416 3524 3456 cum

1956 3480 2194 3535 Triballo
2228 3497 2554 3552 congressus
2592 3485 2911 3540 resciretur.
2952 3486 3200 3542 Diluculo
3234 3489 3426 3546 Persas
3459 3494 3528 3546 ad

1955 3571 2215 3625 auxilium
2250 3573 2466 3635 invitat,
2497 3575 2590 3642 qui
2634 3576 2752 3630 sine
2803 3558 2952 3630 mora
2981 3578 3257 3644 advolant,
3295 3596 3418 3634 cum
3460 3583 3531 3636 iis

1957 3661 2406 3718 Thessalonicam
2432 3664 2699 3728 defertur,
2734 3666 2825 3720 ubi
2851 3669 3111 3737 populum
3136 3679 3193 3724 et
3227 3671 3440 3725 Zelotas
3461 3674 3532 3727 ab

1955 3755 2312 3824 Optimatibus
2343 3755 2672 3811 dissidentes
2710 3757 2943 3822 invenit,
2975 3768 3030 3813 et
3065 3760 3257 3814 urbem
3297 3771 3411 3816 tum
3459 3770 3528 3816 ab

1957 3847 2201 3902 externis
2255 3847 2527 3913 hostibus,
2579 3859 2690 3902 tum
2741 3849 2810 3903 ab
2847 3849 3082 3905 internis
3116 3852 3531 3908 insidiatmibus

1959 3937 2275 3991 alllictatam
2327 3940 2716 3992 communiter.
2749 3940 2945 3994 Verum
2991 3956 3157 3997 ornne
3189 3945 3387 3999 malum
3429 3949 3531 4000 ad-

1958 4038 2129 4083 ventu
2163 4043 2264 4083 suo
2295 4029 2578 4092 discussit,
2618 4040 2840 4100 totaque
2877 4033 3077 4088 civitas
3129 4034 3328 4089 festum
3381 4037 3528 4092 diem

1959 4135 2150 4189 agens,
2201 4129 2255 4176 et
2302 4122 2729 4178 acclamationes
2768 4125 3142 4194 ingeminans,
3173 4127 3534 4196 imperatores

1958 4213 2077 4267 beta
2108 4229 2204 4268 sus
2237 4215 2371 4283 epit.
2404 4216 2719 4271 Secundum
2769 4218 3062 4272 adventum
3118 4218 3533 4280 Cantacuzenus

1959 4311 2152 4374 vocato
2180 4302 2234 4355 in
2263 4303 2584 4356 concionem
2619 4304 2839 4373 populo,
2879 4305 2946 4358 de
2994 4305 3157 4368 bello,
3199 4309 3344 4375 quod
3395 4325 3526 4363 eou-

1701 4396 1858 4448 πάλιν
1892 4393 1935 4448 D
1967 4404 2048 4448 tra
2087 4409 2146 4448 se
2176 4393 2406 4448 Romani
2441 4395 2761 4460 movissent,
2796 4395 3058 4450 disseruit
3089 4415 3102 4451 :
3137 4413 3246 4452 non
3283 4400 3406 4462 sibi,
3432 4402 3529 4455 Sed

1957 4485 2306 4555 sycophantis
2353 4500 2573 4539 causam
2612 4486 2757 4540 illius
2801 4488 3181 4541 ascribeudam
3209 4505 3224 4553 ;
3255 4500 3310 4544 et
3339 4491 3406 4544 de
3434 4490 3534 4542 Ζυ-

1959 4576 2082 4630 lotis
2119 4577 2386 4646 ipsorum,
2425 4579 2520 4645 qui
2571 4593 2747 4647 neque
2771 4568 2954 4642 antea,
3006 4581 3162 4649 quasi
3214 4581 3530 4651 imperatori

1955 4669 2162 4739 juniori
2217 4669 2524 4733 studerent,
2568 4685 2719 4724 arma
2778 4672 2830 4724 iu
2885 4687 2946 4727 se
2983 4674 3302 4736 movissent,
3331 4675 3424 4727 St'd
3475 4686 3532 4726 ut

1960 4757 2289 4828 locupletum
2325 4758 2610 4814 facultates
2642 4761 2965 4831 diriperent,
2997 4763 3094 4832 ipsi
3133 4764 3374 4832 ph-rique
3407 4779 3528 4817 om-

1957 4863 2056 4902 nes
2101 4860 2365 4918 egentes:
2413 4861 2468 4904 et
2525 4866 2673 4905 nunc
2729 4853 3099 4906 nihilominus
3160 4853 3526 4905 'l‘riballorum

1960 4939 2341 5008 largitionibus
2367 4943 2643 5011 corrupti,
2675 4960 2781 4997 non
2802 4945 3182 5013 imperati-rem
3215 4943 3396 5005 modo,
3429 4958 3530 5010 pro

1959 5046 2067 5099 quo
2101 5048 2159 5086 se
2193 5042 2531 5101 pugnaturos
2555 5035 2938 5099 aliirmassent,
2980 5035 3071 5087 sed
3118 5043 3173 5086 et
3225 5034 3411 5088 urbem
3439 5044 3524 5087 to-

1962 5130 2071 5174 tam
2122 5131 2343 5189 propter
2391 5124 2775 5192 compendium
2827 5138 2985 5176 suum
3049 5123 3407 5192 prodiderint.
3453 5124 3532 5179 Ac

1963 5213 2150 5270 multis
2181 5217 2520 5283 argumentis
2547 5215 2982 5278 demonstrabat,
3016 5230 3122 5268 non
3154 5216 3328 5269 solum
3357 5214 3532 5286 impe-

1959 5312 2126 5366 raturi
2171 5309 2400 5380 juniori,
2462 5309 2558 5364 sed
2595 5311 2867 5364 universis
2898 5325 3121 5380 queque
3155 5309 3420 5364 [loruanis
3471 5319 3530 5366 et

1960 5403 2170 5457 civibus
2210 5402 2336 5458 inde
2365 5403 2434 5458 ab
2458 5403 2614 5456 initio
2649 5402 2946 5457 malevolos
2977 5402 3255 5457 exstitisse
3284 5413 3299 5459 :
3335 5401 3528 5471 przeci-

1960 5507 2210 5562 puosque
2257 5493 2650 5563 comprehendi
2694 5493 3017 5562 imperabat,
3045 5508 3183 5561 quos
3215 5501 3270 5545 ct.
3325 5492 3532 5562 Byzan-

1965 5584 2098 5638 tium
2124 5599 2308 5638 secum
2337 5584 2587 5638 adduxit.
2621 5584 2767 5638 Alios
2795 5584 2928 5640 urb:
2961 5584 3135 5654 fugari
3171 5581 3333 5650 jussit
3360 5600 3372 5634 :
3402 5581 3530 5635 Tri-

1969 5676 2141 5730 ballos
2197 5691 2327 5732 vero
2381 5675 2800 5746 propugnaculis
2828 5676 3034 5731 circum
3070 5675 3257 5730 urbem
3294 5673 3527 5742 expulit,
