3996 6218
478 254 578 313 135

1650 248 1979 309 JOANNIS
2020 247 2552 314 CANTACUZENI

3615 247 3713 316 136

473 366 612 419 alios
646 379 739 440 per
769 377 826 415 se
853 362 1145 431 luglentes,
1166 362 1332 416 etiam
1372 369 1498 415 ante
1523 357 1835 414 conllictum
1858 400 1873 424 ,
1907 358 2043 415 alios

2167 360 2385 430 πολέμου
2409 363 2519 424 τοῖς
2551 358 2845 430 Ῥωμαίοις
2872 359 3164 431 διειλέχθη,
3191 358 3265 423 ὥς
3291 358 3392 411 οὐκ
3420 358 3580 412 αὐτοῦ
3611 373 3715 411 πα-

473 468 727 512 cnnserta
792 470 995 519 manu;
1064 455 1323 521 brevique
1390 452 1565 521 spatio
1628 451 1890 520 temporis
1956 466 2041 505 re-

2152 452 2490 522 ρασχομένου
2514 452 2609 513 τάς
2632 452 2832 513 αἰτίας,
2857 452 2991 505 ἀλλὰ
3013 452 3123 505 τῶν
3150 452 3712 519 σεσυκοφαντηκίτων,

474 556 686 621 ςῖοιιειιι
734 553 978 605 hostibus
1039 548 1314 618 purgavit.
1378 548 1593 602 Etenim
1647 554 1935 613 antequam
1979 559 2046 599 eo

2167 546 2240 596 ιαὶ
2271 546 2398 614 περ)⁸
2426 544 2535 595 τῶν
2566 545 2622 594 ἐν
2653 544 2837 607 αὐτοῖς
2868 545 3167 614 Ζηλωτῶν,
3198 544 3270 605 ὡ;
3302 544 3426 596 οὕτε
3460 542 3716 612 πρότερον

480 649 734 704 veniret,
772 640 1033 708 quidquid
1080 649 1233 693 extra
1288 650 1479 708 portas
1523 648 1608 691 cst
1636 635 1789 707 agri,
1824 635 2048 690 Triballi

2167 635 2247 705 τῆς
2281 636 2362 697 είς
2393 635 2616 705 βασιλέα
2646 634 2738 707 τὸν
2770 637 2890 688 νέον
2922 637 3089 689 ἕνεκα
3120 637 3333 699 εὐνοίας
3364 635 3455 687 τὸν
3484 633 3717 702 πόλεμον

475 735 846 805 possidebant.

2149 730 2350 780 κινοῖεν
2383 729 2519 798 πρὸς
2556 728 2753 791 αὐτὸν,
2788 729 2903 782 ἀλλ’
2928 729 3021 781 ἐπὶ
3052 729 3130 799 τῷ
3165 729 3486 799 διαρπάζειν
3515 727 3582 779 τά
3616 724 3720 777 τῶν

472 833 729 900 ἐχόντων,
769 827 963 895 ἄποροι
997 826 1148 888 ὄντες
1183 826 1335 878 αὐτοὶ
1366 825 1439 886 ὡς
1470 826 1538 877 τά
1570 823 1745 876 πολλά
1768 839 1781 853 ·
1817 823 1910 875 καὶ
1944 822 2040 875 νῦν
2080 822 2233 876 οὐδὲν
2261 818 2423 894 ἦττον
2490 824 2641 892 παρὰ
2699 823 2985 893 Τριϐαλῶν
3015 824 3505 894 χρηματιζόμενοι,
3535 823 3596 874 ου
3630 822 3724 893 βα-

394 938 411 957 ι
476 922 623 971 σιλέα
655 919 814 988 μόνον
846 918 984 984 ὑπὲρ
1016 910 1075 968 οὗ
1145 916 1509 983 ἀγωνίζεσθαι
1580 912 2109 985 ίσχυρίζοντο,⁷ἀλλά
2151 914 2242 967 καὶ
2292 913 2391 982 τὴν
2436 914 2592 967 πόλιν
2641 916 2822 967 πᾶσαν
2876 916 3233 984 προύδίδοσαν
3283 916 3418 978 ἰδίας
3465 914 3726 981 ὠφελείας

470 1018 653 1072 ἕνεκα.
699 1015 794 1066 καὶ
836 1015 1189 1067 ἀπεδείκνυεν
1230 1016 1293 1065 ἐκ
1334 1010 1566 1073 πολλῶν,
1606 1011 1668 1063 οὐ
1713 1010 1925 1079 βασιλεῖ
1967 1011 2047 1078 τῷ
2087 1009 2193 1079 νέῳ
2256 1009 2436 1079 μόνον,
2469 1010 2605 1062 ἀλλὰ
2673 1011 2768 1062 καὶ
2799 1012 2933 1063 πᾶσι
2967 1012 3293 1081 Ῥωμαίοις,
3324 1012 3553 1069 καὶτοῖς
3582 1004 3728 1059 πολί-

470 1115 588 1169 ταις
620 1108 845 1169 δύσνους
882 1106 1119 1176 ἐξαρχῆς
1148 1122 1160 1135 ·

1236 1109 1330 1159 καὶ
1366 1106 1581 1159 ἐκέλευε
1620 1104 2089 1172 συλλαμϐάνεσθαι
2127 1105 2254 1166 τοὺς
2318 1104 2551 1173 μάλιστα
2584 1107 2640 1156 ἐν
2663 1104 2824 1173 λόγῳ,
2854 1102 2947 1165 οὓς
2976 1107 3069 1158 καὶ
3098 1107 3177 1167 είς
3211 1103 3500 1167 Βυζάντιον
3527 1104 3727 1173 ἤγαγεν

472 1202 807 1257 ἐπανελθών.
834 1201 972 1263 Τοὺς
996 1202 1038 1253 δ’
1058 1201 1249 1262 ἄλλους
1273 1199 1375 1268 τῆς
1422 1200 1627 1261 πόλεως
1651 1199 1903 1251 ἐκέλευεν
1927 1197 2247 1261 ἐξωθεῖσθαι
2269 1212 2282 1225 ⁸
2338 1197 2463 1260 τούς
2516 1214 2573 1250 τε
2625 1199 2927 1266 Τριϐαλοῦς
2979 1201 3087 1251 τῶν
3116 1199 3239 1267 περὶ
3260 1198 3358 1268 τὴν
3383 1196 3537 1249 πόλιν
3563 1211 3727 1265 φροι-

477 1296 605 1363 ρίων
634 1294 915 1361 ἐξήλαυνε,
944 1293 1071 1356 τοὺς
1103 1292 1206 1361 μὲν
1233 1290 1663 1362 δραπετεύοντας
1690 1290 1783 1342 καὶ
1854 1291 1961 1360 πρὸ
2002 1289 2101 1357 τῆς
2142 1288 2450 1358 συμϐολῆς,
2480 1288 2657 1351 ἐνίους
2685 1290 2739 1343 δὲ
2772 1292 2865 1343 καὶ
2896 1293 3127 1360 μάχαις,
3162 1291 3398 1361 πέμπων
3429 1289 3689 1357 στρατιάν
3710 1302 3723 1318 ·

474 1391 567 1442 καὶ
606 1392 662 1441 ἐν
695 1390 860 1459 ὀλίγῳ
900 1390 1076 1459 χρόνῳ
1120 1389 1367 1457 καθαράν
1402 1390 1693 1443 ἁπεδείκνυ
1729 1389 1826 1457 τὴν
1862 1387 2046 1458 χώραν
2086 1383 2381 1453 πολεμίων.
2405 1378 2585 1436 Ἦσαν
2615 1382 2721 1453 γάρ
2754 1385 2884 1453 πρὶν
2943 1384 3167 1453 βασιλέα
3200 1383 3359 1451 ῆκειν
3426 1382 3609 1434 πᾶσαν
3637 1379 3729 1450 τὴν

474 1480 577 1546 ἐξω
608 1481 791 1534 πυλῶν
819 1482 1000 1553 χώραν
1030 1484 1079 1535 oi
1111 1482 1372 1551 Τρισαλοὶ
1408 1481 1878 1551 διανενεμημένοι.

1770 1614 1931 1684 77o
1970 1601 2431 1669 CAPUT'xvnI.

493 1711 665 1764 Veneti
693 1729 841 1779 apem
873 1722 1056 1765 contra
1083 1711 1380 1763 Gennenses
1420 1707 1790 1779 petunt,’quos
1818 1724 1872 1759 re
1903 1707 2359 1779 infectadimittitr
2389 1709 2699 1777 imperator.
2739 1707 2944 1759 Damna
2992 1708 3117 1759 data
3156 1724 3186 1759 a
3225 1706 3419 1760 Persis.
3448 1718 3729 1778 antequam

546 1784 859 1852 imperaturi
910 1782 1227 1834 militarent.
1281 1781 1561 1852 Pastorum
1621 1782 1859 1852 princeps
1912 1793 2006 1846 pro

2050 1776 2164 1848 ﬁlio
2217 1778 2427 1848 captivo
2458 1787 2616 1845 rogat
2644 1793 2809 1848 :cum
2861 1795 2919 1831 co
2954 1788 3165 1848 pactum
3202 1779 3300 1830 init
3332 1776 3625 1845 imperator
3674 1780 3732 1831 de

546 1845 707 1905 scalis
745 1853 1001 1904 Berrhmw
1044 1854 1206 1903 muris
1242 1849 1587 1919 apponendis.
1623 1845 2281 1919 Quombdo’eamﬂralea
2331 1848 2636 1919 muniverit.
2666 1846 2894 1919 Navium
2930 1845 3186 1919 transitus
3216 1849 3266 1900 in
3301 1849 3520 1917 ﬂumine
3572 1851 3730 1919 impe-

548 1926 715 1985 ditur.
744 1935 789 1974 et
819 1933 948 1975 wsm
978 1923 1141 1974 maria
1175 1915 1473 1991 expeditur.
1514 1918 1760 1991 Bcrrliaia
1792 1920 2024 1991 capitur.
2062 1915 2199 1980 Quid
2232 1924 2410 1970 actum
2451 1933 2483 1969 a
2519 1916 2795 1981 militibus,
2833 1918 3116 1987 pra'fectis,
3165 1915 3505 1987 imperatore.
3561 1915 3730 1971 Persa

528 1997 804 2065 permissu
832 1993 1167 2063 imperatoris
1203 1988 1376 2044 (iratis
1412 1990 1675 2059 regionem
1702 1988 2098 2057 deprwdantur.

550 2110 904 2166 l’ostmodum
936 2117 1169 2177 quatuor
1226 2105 1542 2160 triremibus
1595 2103 2042 2158 Thessalonicam

2236 2101 2326 2159 Ἐν
2358 2103 2532 2174 τούτῳ
2567 2102 2623 2156 δέ
2658 2105 2721 2158 ἐκ
2758 2102 3010 2168 Βενετίας
3044 2106 3180 2174 πρὸς
3228 2102 3449 2174 βασιλέα
3480 2105 3734 2176 τέτταρες

479 2205 812 2260 Venetorum
846 2203 1055 2271 legatus
1088 2198 1232 2254 domi
1280 2213 1392 2251 sua:
1438 2197 1521 2250 vir
1570 2195 1769 2250 nobilis
1813 2193 2053 2248 Jacobus

2167 2195 2417 2264 ὶφίκοντο
2449 2196 2699 2265 τριήρεις
2741 2196 2817 2257 είς
2855 2196 3296 2264 Θεσσαλονίκην,
3332 2196 3566 2263 ἄγουσαι
3610 2213 3735 2266 πρε-

479 2291 821 2360 Bragadinus
849 2290 1167 2359 appellitur,
1216 2288 1310 2356 qui
1343 2284 1562 2340 senatus
1595 2286 1898 2355 populique
1926 2300 2051 2338 ver-

478 2383 560 2435 bis
593 2379 909 2449 imperatori
936 2378 1203 2447 promissa
1236 2370 1639 2445 datlingentia,
1670 2375 1713 2427 si
1748 2373 1883 2443 ipsis
1918 2387 2053 2426 con-

482 2483 561 2524 tra
620 2472 940 2525 Genuenses
983 2469 1122 2523 {erat
1174 2469 1435 2522 auxilium
1472 2468 1612 2536 (crat
1660 2466 1807 2520 enim
1836 2480 2054 2535 perma-

480 2580 643 2633 gnum
678 2563 822 2614 inter
842 2576 937 2615 eos
962 2563 1248 2615 subortum
1272 2558 1607 2627 dissidium),
1631 2567 2052 2628 precanturque,

483 2666 541 2707 ut
570 2654 887 2723 Byzantium
907 2667 1177 2712 reversus,
1204 2665 1354 2703 arma
1380 2664 1564 2704 secum
1593 2650 1646 2703 in
1682 2650 1803 2702 illos
1834 2658 2013 2703 sumat
2038 2663 2054 2711 ;

483 2760 548 2798 ex
602 2744 785 2813 priore
841 2742 989 2795 enim
1042 2741 1183 2796 bello
1214 2741 1423 2810 aliquas
1474 2741 1583 2795 odii
1636 2741 1923 2795 adversum
1952 2740 2059 2795 Ge-

485 2852 727 2893 nuenses
753 2835 1010 2905 reliquias
1040 2835 1182 2904 apud
1226 2850 1352 2889 eum
1394 2834 1638 2890 residere
1702 2828 2059 2904 suspicaban-

487 2942 593 2985 tur.
626 2930 924 2997 lmperator
944 2928 1179 2995 abnegat
1214 2943 1243 2982 ιλ
1294 2926 1397 2981 sibi
1433 2942 1557 2980 cum
1583 2926 1743 2981 Crale
1777 2927 2056 2996 negotium

487 3036 630 3081 esse,
672 3020 764 3089 qui
810 3018 1069 3071 Romanis
1104 3018 1246 3073 bello
1280 3016 1425 3070 civili
1452 3019 1757 3087 occupatis,
1779 3034 1889 3071 non
1922 3033 2060 3088 pau-

487 3126 581 3163 cas
617 3109 776 3161 urbes
825 3117 882 3160 et
932 3116 1196 3159 terrarum
1249 3107 1498 3174 regiones
1548 3108 1777 3176 imperio
1818 3108 2058 3162 abstule-

490 3200 580 3253 rit.
620 3197 799 3268 Legati
832 3196 1175 3267 pollicentes,
1210 3194 1450 3251 Veuetos
1489 3197 1564 3251 illi
1596 3212 1708 3251 rem
1748 3213 1871 3251 cum
1900 3197 2061 3252 Crale

490 3300 894 3355 transacturos;
938 3297 1249 3356 cooptatum
1293 3290 1439 3343 enim
1489 3304 1614 3343 esse
1648 3291 1701 3343 in
1725 3305 1910 3344 eorum
1968 3305 2061 3345 se-

490 3391 712 3446 natum,
746 3397 808 3434 ac
837 3380 1063 3450 proinde
1121 3395 1344 3434 necesse
1385 3380 1586 3435 habere
1630 3383 2007 3451 obtemperare
2039 3400 2053 3449 ;

2158 2287 2391 2356 σόευτὴν
2420 2288 2530 2341 τῶν
2563 2288 2691 2356 παρ’
2715 2288 2897 2350 αὐτοῖς
2926 2287 3207 2356 ἐπιφανῶν
3240 2288 3497 2341 Ἰάκωϐον
3526 2291 3727 2360 Μιτρα-

2158 2380 2373 2448 γαδῖνον
2397 2396 2409 2409 ·
2436 2379 2495 2441 ὃς
2522 2380 2734 2449 μεγάλα
2763 2380 3131 2448 ἐπηγγέλλετο
3161 2381 3373 2449 βασιλεῖ
3399 2383 3462 2433 ἐκ
3489 2384 3591 2451 τῆς
3619 2381 3734 2450 βουο

2157 2470 2255 2541 λῆς
2288 2471 2379 2523 καὶ
2411 2470 2501 2523 τοῦ
2531 2472 2704 2541 δήμου
2740 2471 2991 2535 Βενετίας
3014 2512 3028 2537 ,
3061 2472 3109 2525 εί
3137 2474 3321 2535 αὐτοῖς
3352 2472 3486 2542 πρὸς
3517 2475 3643 2535 τοὺς
3670 2476 3730 2525 ἐκ

2157 2561 2420 2625 Γεννούας
2452 2564 2712 2625 Λατίνους
2746 2564 3117 2633 συμπολεμοίη
3148 2579 3162 2593 ⁸
3197 2565 3449 2634 κεκίνητο
3482 2566 3590 2633 γάρ
3621 2565 3721 2617 αὑ-

2157 2655 2268 2716 τοῖς
2303 2654 2533 2722 διαφορά
2570 2654 2801 2723 μεγίστη
2829 2670 2842 2684 ·
2874 2654 3080 2707 ἐδέοντό
3108 2672 3167 2707 τε
3203 2656 3281 2715 είς
3315 2654 3605 2720 Βυζάντιον
3635 2657 3732 2708 ἐπ-

2158 2743 2451 2797 ανελθόντα
2478 2744 2715 2811 πόλεμον
2747 2743 3020 2814 αἱρεῖσθαι
3052 2746 3187 2814 πρὸς
3218 2746 3460 2809 ἐκείνους
3493 2746 3609 2815 μετ’
3633 2746 3723 2798 αὐ-

2158 2835 2288 2888 τῶν.
2332 2835 2685 2889 ’Υπὼπτευον
2733 2836 2841 2905 γάρ
2895 2836 2959 2890 ὲκ
3012 2836 3106 2889 τοῦ
3164 2837 3431 2906 προτέρου
3492 2837 3726 2903 πολέμου

2159 2927 2412 2998 ἀπεχθῶς
2464 2927 2688 2998 βασιλέα
2737 2929 2870 2998 πρὸς
2919 2930 3046 2992 τοὺς
3092 2930 3150 2983 ἐν
3194 2927 3424 2999 Γεννούᾳ
3468 2928 3728 2991 Λατίνους

2159 3018 2487 3073 διακεῖσθαι.
2516 3018 2779 3082 Βασιλεὺς
2805 3020 2861 3073 δὲ
2888 3020 3232 3089 ἀπηγόρευεν
3259 3020 3439 3081 αὐτοῖς
3464 3018 3562 3089 τὴν
3595 3036 3729 3085 cup.-

2164 3112 2388 3180 μαχίαν,
2417 3114 2554 3183 πρὸς
2585 3114 2807 3182 Κράλην
2833 3107 2975 3165 εἶναι
2996 3113 3245 3181 ⁴φάμενος
3270 3110 3419 3181 αὐτῷ
3448 3110 3535 3163 τὸν
3562 3110 3717 3178 λόγον

2159 3202 2220 3265 ὃς
2242 3204 2423 3268 πόλεις
2444 3220 2504 3256 τε
2528 3204 2627 3257 οὐκ
2654 3204 2843 3272 ὀλίγας
2898 3206 2991 3256 καὶ
3018 3204 3119 3273 γῆν
3143 3202 3397 3271 ἀφείλετο
3420 3201 3625 3272 πολλὴν
3646 3202 3738 3270 τῆς

2172 3296 2461 3367 Ῥωμαίων
2494 3296 2825 3367 ἡγεμονίας,
2861 3296 3041 3349 αὐτῶν
3078 3294 3182 3347 ὑπὸ
3213 3293 3306 3348 τοῦ
3340 3294 3612 3364 ἐμφυλίου
3648 3308 3742 3344 πο-

2162 3388 2329 3458 λέμου
2359 3389 2492 3459 πρὸς
2517 3388 2779 3458 ἀλλήλους
2804 3387 3214 3457 ὴσχολημένων.
3243 3386 3364 3439 Τῶν
3388 3388 3443 3439 δὲ
3472 3385 3745 3454 ἐπαγγελ-

491 3488 559 3525 ne
589 3474 667 3527 sic
700 3474 917 3541 quidem
978 3482 1398 3542 persuaserunt,
1448 3473 1544 3527 sed
1594 3474 1909 3528 humaniter
1953 3476 2055 3528 ha-

2168 3478 2435 3548 λομένων,
2466 3477 2525 3530 εὖ
2555 3478 2835 3548 διαθήσειν
2864 3477 3009 3546 αὐτῴ
3041 3476 3107 3529 τά
3139 3478 3280 3529 κατά
3311 3476 3558 3547 Κράλην,
3595 3492 3747 3543 γεγε-

492 3565 610 3628 biti,
658 3580 782 3618 cum
835 3566 997 3618 donis
1044 3565 1259 3619 dimissi
1318 3575 1478 3619 sunt.
1514 3567 1612 3619 Ast
1646 3565 1865 3619 Barbari
1909 3566 2061 3618 navi-

496 3659 597 3712 bus
626 3674 728 3711 una
763 3658 1080 3724 militantes,
1112 3674 1219 3712 non
1278 3667 1496 3713 tantum
1553 3674 1679 3713 oras
1729 3659 2065 3712 Macedonia}

490 3750 796 3804 maritimas
830 3751 1069 3820 populati
1108 3761 1286 3813 erant,
1311 3760 1606 3819 antequam
1642 3750 1956 3819 imperatori
2006 3766 2066 3804 se

491 3841 932 3910 conjungerent,
976 3841 1070 3893 sed
1104 3842 1267 3893 etiam
1307 3840 1362 3892 in
1408 3838 1687 3893 Bottiaeam
1750 3841 2069 3910 navigantes

489 3931 675 3984 omnia
726 3930 1128 3999 direptionibus
1184 3940 1240 3984 et
1286 3931 1540 3985 vastitate
1593 3931 1954 3996 fmdaverant,
2012 3932 2066 3984 in

490 4038 597 4091 qua
632 4032 827 4090 printer
849 4021 986 4076 alios
1018 4021 1297 4076 Marcelati
1341 4023 1629 4092 cujusdam
1695 4024 1867 4079 tilium
1907 4041 2067 4094 cepe-

492 4123 639 4176 rant,
661 4122 940 4182 pastorum
966 4113 1327 4182 quorumdam
1363 4114 1651 4183 principis,
1690 4116 1782 4185 qui
1821 4125 2067 4170 armenta

502 4206 666 4259 boum
708 4203 959 4259 Triballis
996 4205 1451 4261 Berrhmensibus
1491 4207 1811 4276 pascebant,
1836 4219 2068 4277 eratque

508 4294 825 4363 imperatori
882 4305 1066 4360 notus,
1105 4296 1309 4366 quippe
1347 4297 1439 4368 qui
1486 4298 1761 4367 quondam
1806 4314 1947 4352 unus
2001 4300 2069 4353 de

2164 3570 2358 3633 νῆσϐαι
2386 3570 2492 3639 γὰρ
2518 3570 2614 3622 ἕνα
2638 3570 2735 3637 τῆς
2764 3569 2943 3621 αὐτῶν
2971 3560 3187 3638 βουλῆς,
3213 3569 3307 3621 καλ⁵
3334 3566 3476 3637 ἔχειν
3500 3568 3741 3636 ἀνάγκην

2164 3660 2449 3712 πείθεσθαι
2484 3660 2672 3721 αὐτοῖς
2693 3701 2707 3724 ,
2748 3658 2997 3711 ἐπείθετο
3030 3658 3140 3711 οὐδ’
3171 3656 3344 3720 οὕτως
3371 3694 3387 3719 ,
3420 3657 3558 3710 ἀλλὰ
3589 3657 3728 3727 δῶρα

2166 3751 2467 3821 παρασχὼν
2490 3792 2505 3815 ,
2543 3751 2637 3804 καὶ
2672 3751 3214 3821 φιλοφρονησάμενος
3237 3792 3251 3815 ,
3288 3750 3645 3819 ἀπέπεμψεν.
3682 3747 3741 3799 Ol

2169 3844 2430 3914 βάρϐαροι
2458 3843 2514 3895 δὲ
2542 3845 2591 3896 οἱ
2624 3846 2743 3906 ταῖς
2770 3844 2928 3897 ναυσὶ
2957 3843 3471 3914 συστρατευόμενοι,
3498 3842 3556 3894 οὐ
3589 3842 3743 3911 μόνον

2166 3935 2233 3986 τά
2264 3935 2400 3985 κατά
2431 3932 2771 3987 Μακεδονίαν
2803 3933 3049 4004 παράλια
3078 3931 3403 4005 διήρπαζον,
3438 3933 3565 4002 πρὶν
3598 3931 3744 3997 γενέ-

2169 4024 2294 4076 σθαι
2326 4024 2431 4076 ὑπὸ
2461 4022 2715 4089 βασιλέα,
2747 4022 2884 4076 ἀλλὰ
2932 4024 3026 4075 καὶ
3081 4023 3222 4075 κατά
3252 4021 3350 4091 τὴν
3381 4022 3632 4074 Βοτιαίαν
3660 4036 3752 4071 πε·

2170 4114 2507 4185 ραιούμενοι,
2523 4115 2698 4168 πάντα
2720 4113 2995 4185 ἐληΐζοντο
3018 4118 3110 4167 καὶ
3136 4114 3368 4167 ἐκάκουν
3387 4127 3399 4140 '
3421 4117 3478 4167 ἐν
3563 4114 3748 4175 ἄλλους

2167 4223 2226 4260 τε
2257 4207 2729 4276 ἠνδραποδίσαντο
2758 4205 3006 4269 πολλοὺς,
3036 4206 3127 4257 καί
3154 4222 3296 4268 τινος
3325 4205 3438 4257 υἱὸν
3466 4205 3753 4275 Μαρζελά-

2168 4314 2262 4351 του
2296 4298 2847 4366 προσαγορευομένου
2879 4298 3090 4366 νομέων
3119 4297 3282 4349 τινῶν
3314 4296 3675 4366 ἐξάρχοντος,
3705 4295 3751 4348 οἶ

492 4388 611 4453 ejus
642 4386 954 4455 pastoribus
989 4386 1203 4442 fuisset.
1249 4389 1364 4452 Qua
1402 4403 1460 4443 re
1488 4390 1835 4458 potissimum
1875 4390 2067 4456 lretus,

2174 4391 2310 4460 βοῶν
2343 4389 2535 4459 ἔνεμον
2571 4388 2773 4457 ἀγέλην
2807 4388 2914 4441 τῶν
2949 4388 3090 4441 κατὰ
3121 4388 3221 4459 τὴν
3256 4389 3516 4459 Βέρροιαν
3549 4387 3753 4459 Τριὸιιο

492 4478 943 4534 Thessalonicam
969 4496 1028 4535 se
1059 4483 1325 4549 contulit,
1363 4490 1418 4537 et
1452 4491 1657 4538 stratus
1691 4483 1759 4537 ad
1794 4483 1917 4552 ejus
1974 4499 2069 4553 pe-

493 4572 613 4635 des,
646 4587 742 4640 pro
764 4572 871 4625 tilio
893 4574 1109 4642 captivo
1139 4574 1369 4643 rogavit.
1398 4572 1701 4642 Imperator
1732 4576 1921 4629 nescio
1957 4590 2067 4644 quo

493 4664 753 4717 instinctu
798 4666 1073 4719 hominem
1117 4666 1561 4736 apprehendens,
1596 4668 1961 4736 cumeoagit,
2012 4676 2071 4721 ut

493 4756 537 4808 si
574 4756 703 4810 velit
728 4771 758 4809 a
792 4757 1047 4810 Barbaris
1078 4757 1246 4810 (ilium
1291 4758 1558 4825 recipere,
1598 4757 1649 4810 in
1680 4756 1936 4812 Berrbma
1975 4774 2067 4813 ca-

495 4850 693 4920 pienda
746 4866 966 4919 operam
1028 4849 1131 4903 sibi
1168 4850 1263 4903 det
1330 4849 1529 4903 nullam
1575 4850 1756 4915 aliam,
1810 4865 1972 4918 quam
2011 4860 2070 4905 ut

493 4953 659 4999 noctu
698 4953 904 4993 tantum
926 4938 1098 4992 scalas
1136 4938 1306 4992 muris
1340 4949 1600 5007 apponat.
1634 4937 1906 4993 Barbarus
1939 4955 2069 4993 con-

498 5036 763 5090 ditionem
839 5032 1175 5102 perlibenter
1222 5030 1470 5097 suscipit,
1532 5040 1586 5085 et
1642 5031 1847 5100 majora
1906 5033 2073 5086 etiam

498 5126 865 5194 prmstiturum
916 5124 1167 5193 spondet,
1193 5123 1607 5192 continuatque,
1637 5140 1751 5177 rem
1791 5124 1895 5178 sibi
1920 5102 2075 5179 haud
2104 5114 2111 5139 ³

498 5213 774 5267 difﬁcilem
807 5214 945 5269 lore.
978 5214 1112 5268 Nam
1160 5230 1218 5269 se
1264 5231 1387 5268 cum
1416 5216 1742 5283 quibusdam
1792 5216 1912 5271 aliis
1958 5215 2077 5270 Tri—

502 5307 770 5359 ballorum
806 5305 1065 5360 Berrlicea
1103 5307 1605 5374 potentissimorum
1635 5318 1946 5377 pascentem
1976 5311 2072 5364 bo-

494 5413 609 5461 ves,
656 5398 797 5451 inter
864 5398 1025 5451 binos
1080 5414 1265 5452 muros
1326 5400 1481 5453 urbis
1522 5412 1685 5453 noctu
1732 5401 2067 5454 mansitare:

494 5490 693 5557 quibus
739 5489 886 5543 nulla
940 5489 1010 5544 sit
1070 5489 1338 5555 custodia,
1388 5498 1448 5543 ut
1510 5491 1667 5545 facile
1715 5492 1885 5561 possit
1914 5492 2072 5562 771

498 5580 774 5647 persuasis
802 5580 968 5633 sociis
1000 5580 1319 5650 imperatori
1344 5579 1658 5651 gratiﬁcari.
1688 5583 1779 5636 Sic
1807 5580 2081 5637 Barbarus

500 5691 624 5729 cunt
652 5691 715 5731 eo
750 5684 941 5746 pactus
968 5678 1196 5742 recedit,
1225 5675 1322 5731 lilii
1369 5691 1399 5730 a
1427 5674 1617 5732 Persis
1643 5676 1912 5734 liberandi
1948 5691 2079 5748 pro-

2172 4482 2282 4533 λῶν
2306 4496 2322 4513 ο
2355 4475 2423 4549 ἦν
2448 4480 2504 4532 δὲ
2535 4480 2813 4550 γνώριμος
2850 4479 2929 4547 τῷ
2968 4478 3200 4549 βασιλεῖ,
3233 4482 3297 4532 ἐκ
3337 4480 3444 4533 τῶν
3479 4481 3571 4532 ὑπ’
3608 4478 3755 4548 αὐτῷ

2173 4571 2471 4624 τελούντων
2532 4569 2783 4641 νομάδων
2832 4569 3155 4639 τδλάρχαίον
3190 4569 3302 4623 ὢν·
3333 4564 3378 4637 ᾧ
3419 4572 3515 4624 καὶ
3553 4570 3752 4640 μᾶλλον

2173 4664 2563 4733 πεπεισμένος,
2596 4665 2675 4725 είς
2702 4665 3108 4734 Θεσσαλονίκην
3136 4661 3263 4737 ἧκε,
3288 4665 3383 4716 καὶ
3426 4663 3597 4715 ἐδεῖτο
3627 4665 3754 4731 περὶ

2174 4754 2267 4806 τοῦ
2292 4753 2432 4818 υἱοῦ,
2465 4755 2571 4824 πρὸ
2606 4754 2713 4805 τῶν
2744 4755 2920 4807 ποδῶν
2951 4754 3046 4807 τοῦ
3092 4754 3357 4824 βασιλέως
3403 4755 3756 4821 κυλινδούμε-

2175 4863 2284 4908 νος.
2334 4846 2596 4909 Βασιλεὺς
2656 4846 2713 4899 δὲ
2744 4847 2961 4917 εῶσπερ
3031 4847 3137 4901 ὑπό
3181 4863 3327 4910 τινος
3376 4846 3752 4913 κεκινημένος,

2171 4938 2249 5010 τῷ
2298 4938 2573 5011 ἀνθρώπῳ
2638 4940 2909 5008 διελέγετο
2970 4942 3132 5008 μόνον
3172 4939 3524 5011 παραλαϐὼν,
3582 4940 3658 5002 ὡς
3684 4937 3755 5005 (ei

2176 5029 2426 5100 βούλοιτο
2476 5032 2585 5083 ἀπὸ
2638 5032 3074 5102 τῶνβαρϐάρων
3113 5033 3203 5087 τὸν
3247 5033 3363 5083 υίὺν
3415 5028 3753 5099 ἐλευθεροῦν,

2176 5124 2311 5191 πρὸς
2342 5122 2442 5192 τὴν
2471 5122 2733 5193 Βερροίας
2760 5123 2974 5193 αἵρεσιν
3007 5126 3385 5193 συμπράττειν
3411 5163 3425 5187 ,
3458 5122 3610 5174 οὐδὲν
3642 5122 3758 5172 ’ἑτε-

2180 5227 2271 5282 ρον
2302 5211 2335 5281 ἢ
2367 5212 2561 5276 νυκτὸς
2601 5214 2762 5282 μόνον
2790 5215 3037 5282 κλίμακα
3066 5218 3177 5277 τοῖς
3208 5216 3448 5284 τείχεσιν
3476 5213 3757 5265 ἐπιθέντα.

2185 5306 2242 5358 ὐ
2277 5304 2553 5375 βάρϐαρος
2584 5306 2641 5358 δὲ
2684 5307 2785 5376 τήν
2814 5324 2872 5359 τε
2908 5308 3249 5378 ἐπιχείρησιν
3295 5309 3571 5376 ὑπήρχετ)
3628 5320 3763 5372 προ-

2176 5398 2389 5468 θύμως,
2436 5399 2529 5453 καὶ
2562 5398 2631 5452 τά
2689 5400 2903 5469 μεγάλα
2956 5388 3326 5472 ἐπηγγέλλετο
3367 5397 3759 5467 συμπράξειν*

2178 5490 2385 5560 ἔφασκε
2431 5490 2487 5545 δὲ
2541 5494 2639 5546 καὶ
2674 5493 2866 5564 ῥᾳδίαν
2929 5494 3169 5563 μάλιστα
3205 5492 3355 5561 αὑτῷ
3405 5491 3625 5543 ἕσεσθαι
3662 5490 3761 5556 τὴν

2183 5584 2548 5655 ἐπιχείρησιν.
2607 5588 2893 5657 Τῶν’γάρ
2948 5590 3007 5639 ἐν
3079 5588 3312 5659 Happel;
3366 5585 3765 5638 δυνατωτάτων

2184 5678 2475 5749 Τριὸαλῶν
2539 5682 2679 5750 μετά
2734 5697 2898 5736 τινων
2944 5682 3150 5753 ἐτέρων
3214 5681 3396 5750 νέμων
3465 5676 3609 5749 βοῦςι
3664 5690 3767 5746 με-
