3996 6218
231 191 312 257 n7
683 193 688 196 ·
1349 183 1899 245 msromAnUM
1943 180 2176 258 LIBER
2207 181 2308 243 1v.

3358 173 3458 239 138

227 301 338 365 ταξὺ
413 299 522 352 τῶν
596 297 690 352 δύο
765 296 965 367 τειχῶν
1038 294 1357 360 αὐλίζεσθαι
1414 299 1514 368 τῆς
1582 299 1785 360 πόλεως

1895 298 2055 352 missa
2084 313 2269 353 secum
2301 295 2578 362 auferens,
2619 294 2662 349 si
2708 293 2777 348 ad
2826 293 3014 348 urhem
3083 291 3458 360 occupandum

228 395 306 462 τὴν
329 391 534 444 νύκτα·
602 388 697 442 καὶ
751 389 1024 460 μηδεμίαν
1059 387 1180 442 κατ’
1233 390 1432 452 αὐτοὺς
1493 385 1632 442 εἶναι
1685 407 1787 456 φυ-

227 482 400 550 λακὴν,
464 479 596 532 ὥστ’
654 475 794 533 εἶναι
849 479 1032 550 ῥᾴδιον
1081 479 1208 540 τοὺς
1256 479 1509 548 ἑταίρους
1567 479 1786 530 πείσαν-

227 592 297 636 τα,
325 571 589 637 πράττειν
619 570 834 638 βασιλεῖ
880 570 949 622 τὰ
991 568 1131 621 κατὰ
1164 569 1416 639 γνώμην.
1468 569 1526 620 't)
1563 569 1662 636 μὲν
1693 563 1786 620 οὖν

229 665 482 734 βέρεαρος
511 662 656 714 οὕτω
691 660 1021 728 συνθέμενος
1047 661 1184 730 πρὸς
1214 659 1458 730 βασιλέα.
1485 659 1786 730 ἀπεχώρει,

227 757 418 810 ἐκείνου
455 752 935 820 ἐπαγγειλαμένου
980 752 1071 803 τὸν
1106 752 1223 802 υἱὸν
1264 751 1372 803 ἀπὸ
1411 750 1520 802 τῶν
1563 751 1787 818 Περσῶν

228 846 552 916 ἑλευθεροῦν,
595 847 644 897 εἰ
688 844 1033 914 συμπράξειε
1063 844 1130 897 τὰ
1165 843 1365 897 δυνατά
1400 844 1537 912 πρὸς
1561 843 1622 895 τὸ
1648 842 1784 912 Βέρ-

230 945 360 1013 ροιαν
405 939 629 992 ἁλῶναι.
688 936 950 998 Βασιλεὺς
995 936 1050 988 δὲ
1096 935 1562 1006 παρεσκευάζετο,
1599 935 1672 997 ὡς
1709 935 1787 997 εἰς

229 1033 471 1102 Βέρῤοιαν
507 1027 838 1097 ἀφιξόμενος
889 1026 1105 1090 νυκτὸς,
1141 1025 1235 1079 καὶ
1281 1026 1380 1087 τὰς
1413 1026 1510 1093 μὲν
1541 1025 1788 1094 τριήρεις

229 1123 430 1174 ἐκέλευε
457 1121 582 1180 τοὺς
606 1119 912 1188 ναυάρχους
943 1115 1366 1184 ἐφοπλίσαντας,
1410 1115 1645 1182 ἄγοντας
1691 1113 1787 1166 καὶ

227 1217 333 1276 τοὺς
365 1212 706 1282 βαρϐάρους,
728 1211 820 1262 ὲπί
850 1226 974 1262 τινα
1021 1210 1265 1278 ποταμὸν
1293 1207 1400 1260 τῶν
1455 1207 1697 1259 άεννάων
1725 1207 1785 1258 οὐ

229 1307 346 1359 πάνυ
381 1305 576 1374 πόρρω
609 1302 804 1373 ῥέοντα
837 1300 1128 1371 Βεῤῥοίας,
1184 1300 1248 1350 ὲκ
1301 1299 1647 1367 συνθήματος
1702 1299 1789 1349 ἐλ-

227 1400 340 1461 θεῖν,
371 1398 470 1449 καὶ
515 1399 835 1466 περιμένειν
879 1393 1129 1464 βασιλέα.
1173 1394 1344 1456 Αὐτὸς
1391 1393 1446 1445 δὲ
1494 1392 1593 1463 τήν
1634 1409 1693 1444 τε
1725 1393 1789 1444 ἐκ

231 1489 610 1556 θεασαλονίκης
641 1489 788 1554 ἄγων
815 1486 1098 1555 στρατιάν,
1129 1488 1221 1539 καὶ
1249 1485 1356 1538 τῶν
1386 1487 1448 1538 ὲκ
1481 1485 1785 1549 Βυζαντίου

230 1579 500 1647 ἑπομένων
531 1577 635 1630 οὐκ
672 1576 907 1643 ὀλίγους,
932 1575 1164 1630 αὐτόθεν
1208 1575 1407 1638 ἵππους
1445 1592 1789 1645 συμπορισα-

233 1671 424 1733 μένους,
453 1670 522 1720 ὲκ
552 1669 650 1737 τῆς
679 1665 924 1738 ’ἠπείρου
957 1667 1092 1736 πρὶς
1123 1667 1386 1736 Βέρῤοιαν
1431 1665 1652 1738 ἐχώρει,
1686 1665 1784 1736 βα-
1823 1650 1862 1704 Β

235 1761 362 1813 σ;λέα
392 1761 484 1813 τὸν
513 1758 634 1811 νέον
669 1760 727 1810 ὲν
758 1758 1134 1829 Θεσσαλονίκῃ
1165 1758 1508 1814 καταλιπών.
1547 1760 1635 1811 Ἐν
1662 1759 1789 1830 Βερ-

236 1851 338 1920 ροίᾳ
367 1849 420 1902 δὲ
452 1850 548 1902 καὶ
575 1849 842 1919 πρότερον
878 1849 976 1918 μὲν
1005 1843 1145 1920 ἦσαν
1175 1850 1274 1902 οὐκ
1302 1849 1474 1916 ὀλίγοι
1501 1851 1790 1924 Τριϐαλῶν

236 1941 328 1994 ὑπὸ
370 1943 559 2012 Κράλῃ
616 1941 1055 2010 κατῳκισμένοι,
1103 1941 1166 1994 οὐ
1226 1959 1557 2008 στρατιῶται
1604 1945 1787 2013 μόνον,

235 2031 351 2084 ἀλλὰ
378 2035 472 2085 καὶ
501 2032 612 2084 τῶν
637 2031 905 2096 δυνατῶν,
927 2032 1015 2084 διά
1044 2050 1104 2084 τε
1133 2031 1233 2100 τὴν
1262 2033 1431 2103 ἄλλην
1451 2037 1548 2103 τῆς
1577 2036 1788 2099 πόλεως

238 2125 435 2192 εὐφυΐαν
459 2141 474 2154 ·
501 2124 716 2185 οὖδενδς
748 2117 856 2192 γάρ
878 2125 988 2174 τῶν
1010 2123 1111 2175 ὅσα
1144 2123 1300 2176 πόλιν
1321 2123 1620 2190 εὐδαίμονα
1649 2127 1793 2180 ποιεῖ

240 2217 377 2279 ἐνδεῖ,
401 2218 494 2269 καὶ
529 2217 618 2268 διὰ
662 2217 724 2267 τὸ
761 2215 1006 2284 μεγάλην
1045 2211 1208 2281 εἰναι,
1254 2217 1348 2267 καὶ
1383 2217 1613 2281 πολλοὺς
1663 2219 1790 2282 τοὺς

251 2308 553 2369 ὶνοικοῦντας
602 2306 777 2374 ἔχειν,
812 2308 874 2358 οὐ
928 2303 1152 2375 δημώδη
1213 2307 1376 2375 μόνον
1424 2308 1603 2376 δχλον,
1652 2307 1792 2363 ἀλλὰ

251 2396 333 2445 καὶ
365 2395 705 2464 στρατιώτας,
736 2395 825 2447 καὶ
853 2395 952 2447 οὐκ
982 2395 1197 2462 ὀλίγους
1223 2395 1334 2449 τῶν
1373 2397 1754 2465 συγκλητικῶν
1773 2413 1787 2428 ⁸

248 2480 308 2537 ὧν
337 2491 456 2548 τοὺς
487 2489 694 2548 πλείους
730 2488 853 2553 μὲν,
881 2485 914 2556 ἢ
943 2486 1155 2550 πάντας
1217 2489 1245 2541 δ
1289 2489 1514 2559 Κράλης
1561 2490 1792 2560 ἐξήλασε

242 2577 522 2646 κατασχὼν,
553 2577 704 2644 ὅμως
733 2577 813 2629 ἔτι
853 2577 952 2646 τὴν
977 2578 1322 2632 ἀποστασίαν
1349 2579 1540 2644 δεδιὼς
1571 2583 1671 2650 τῆς
1694 2582 1792 2635 πό-

237 2666 367 2730 λεως,
401 2670 743 2737 στρατιώτας
778 2685 838 2720 τε
867 2667 1252 2739 ἐγκατῴκισεν
1283 2671 1384 2723 οὐκ
1433 2672 1667 2740 ὀλίγους,
1697 2675 1792 2728 καὶ

231 2757 321 2805 τῶν
349 2757 481 2826 παρ’
512 2758 658 2826 αὑτῷ
685 2757 966 2824 ἐπιφανῶν
993 2775 1152 2821 τινας
1172 2774 1190 2792 ο
1217 2759 1538 2829 ἀκροπόλεις
1566 2761 1623 2812 δὲ
1649 2761 1794 2812 οἰκο-

230 2845 453 2914 δομήσας
485 2849 604 2912 δύο,
629 2851 728 2919 τὴν
763 2850 863 2918 μὲν
891 2849 1316 2946 άπηρτιρμένην
1345 2853 1549 2920 πάντη,
1576 2850 1791 2920 φρουρὰ

227 2942 437 3010 κατέσχε
472 2942 777 3011 Γερμανῶν
803 2942 898 3011 τὴν
926 2942 1064 3012 πρὸς
1093 2941 1159 3012 τῇ
1185 2943 1449 3013 Βασιλικῇ
1482 2941 1791 3014 καλουμένῃ

230 3031 374 3099 πύλῃ,
402 3038 432 3101 ἡ
466 3034 641 3102 λοιπὴ
667 3034 723 3085 δὲ
759 3035 926 3087 ἐνέδει
955 3035 1058 3087 ἔτι.
1102 3036 1177 3087 Οὐ
1214 3035 1321 3106 γάρ
1353 3034 1652 3104 ἀκρόπολις
1699 3030 1789 3104 ἦν,

225 3123 322 3172 ἀλλ’
347 3125 544 3192 ὥσπερ
581 3124 760 3193 μικρὰ
790 3126 941 3187 πόλις
983 3126 1042 3176 ὲν
1081 3126 1311 3195 μεγάλῃ.
1341 3127 1524 3197 Μέρος
1553 3127 1660 3196 γάρ
1693 3128 1793 3179 οὐκ

220 3214 378 3280 ὀλίγον
405 3217 505 3270 τοῦ
538 3217 829 3286 περιϐόλου
881 3217 981 3285 τῆς
1029 3219 1253 3288 πρώτης
1289 3219 1500 3281 πόλεως
1529 3219 1796 3289 ἀποτεμό-

223 3325 364 3372 μενος
391 3311 731 3378 διετείχιζεν
758 3309 850 3362 ἐπὶ
874 3311 940 3362 τά
972 3311 1120 3362 ἔνδον
1151 3311 1248 3374 τὰς
1281 3313 1459 3373 οἰκίας
1490 3312 1792 3381 καθαιρῶν,

219 3401 298 3451 καί
335 3402 594 3471 πύργους
620 3404 812 3471 ἀνίστη
845 3403 928 3468 ἐφ’
965 3402 1047 3454 ἐνὶ
1076 3402 1154 3472 τῷ
1188 3402 1434 3472 μεγίστῳ
1463 3405 1608 3471 τρεῖς
1634 3404 1793 3456 ἐλάσ-

217 3509 348 3555 σους,
401 3498 511 3548 καὶ
563 3496 673 3546 τῶν
707 3495 850 3546 κατὰ
888 3495 955 3546 τὰ
997 3494 1348 3564 μεσοπύργια
1392 3496 1587 3566 τειχῶν
1619 3498 1794 3565 πάχος

215 3586 534 3659 σύμμετρον
563 3587 798 3656 ἐχόντων
847 3587 1044 3649 διπλᾶς
1071 3586 1245 3639 ἐποίει
1281 3590 1379 3652 τὰς
1411 3587 1687 3654 ἐπάλξεις,
1727 3587 1793 3640 ἵν’

209 3677 248 3726 εί
299 3677 498 3740 δέοιτο,
562 3677 650 3744 ἐφ’
682 3676 872 3746 ἕτερον
922 3678 1061 3729 ἰέναι
1097 3677 1155 3743 ἐξ
1192 3679 1406 3747 ἑτέρου,
1438 3679 1597 3748 ῥᾳδία
1641 3679 1727 3748 εἴη
1759 3682 1791 3750 ὴ

213 3765 501 3838 διεξαγωγή
544 3784 558 3797 ’
596 3767 699 3820 κᾶν
735 3771 782 3819 εἰ
821 3768 1066 3837 συμϐαίη
1104 3769 1203 3839 τὴν
1237 3771 1534 3840 ἀκρόπολιν
1567 3771 1792 3837 ἁλῶναι,

213 3861 357 3928 μηδὲν
413 3859 922 3928 παραὸλάπτοιντο
967 3861 1018 3912 oi.
1075 3861 1317 3929 φύλακες
1352 3864 1556 3930 ὁμοίως
1599 3865 1705 3915 άπό
1734 3881 1793 3916 τε

210 3950 297 4000 τῶν
327 3953 439 4018 ἔξω
470 3953 583 4004 καὶ
629 3951 738 4002 τῶν
782 3951 931 4004 ἔνδον
976 3953 1276 4023 πολεμίων.
1315 3952 1535 4021 Ταύτην
1569 3954 1667 4023 μὲν
1701 3954 1793 4007 οὖν

205 4044 450 4113 τοιαύτην
506 4041 704 4103 οὖσαν,
759 4045 857 4096 οὐκ
913 4043 1152 4113 ἔφθασεν
1206 4045 1284 4107 είς
1341 4045 1492 4108 τέλος
1543 4049 1790 4113 ἀγαγεῖν,

207 4133 327 4188 ἀλλὰ
354 4137 454 4188 ’⁸θῦ
490 4138 879 4207 προσήκοντος
920 4135 1086 4204 ὕψους
1124 4137 1488 4188 ἀπελείποντο
1514 4139 1560 4188 οἱ
1591 4136 1795 4206 πύργοι

204 4225 293 4281 ἔτι.
318 4229 424 4280 Διά
449 4247 516 4280 τε
552 4227 654 4280 οὖν
687 4229 782 4288 τὰς
819 4228 1114 4298 εἰρημένας
1149 4227 1350 4291 αἰτίας,
1381 4227 1565 4280 πολλοὶ
1597 4229 1798 4298 Τριϐα-

1888 405 2109 460 operam
2150 391 2379 444 viriliter
2418 387 2760 443 contulisset.
2797 387 3023 454 Jamque
3056 382 3352 453 imperator
3403 389 3464 432 ut

1890 481 2200 536 Berrhtnam
2232 491 2399 535 noetu
2431 482 2537 534 iret
2567 496 2626 534 se
2653 495 2773 533 com
2787 478 3031 548 parabat,
3068 475 3330 528 mandans
3361 489 3463 525 na-

1889 570 2127 633 varchis,
2184 570 2433 624 triremes
2491 569 2846 631 instruerent,
2905 576 2959 621 et
2998 565 3258 619 barbaros
3305 562 3466 617 simul

1889 662 2169 722 ducentes,
2209 662 2263 714 in
2299 659 2523 714 ﬂuvium
2552 659 2841 730 quemdam
2876 674 3196 728 perennem,
3233 673 3340 710 non
3369 658 3467 709 atl-

1892 753 2108 806 tnodum
2143 752 2400 806 Berrhma
2442 751 2631 820 procul
2667 759 3004 811 manantem,
3063 764 3126 800 ex
3159 748 3466 816 composito

1891 845 2163 908 venirent,
2216 844 2400 914 ibique
2450 858 2511 898 se
2562 849 2970 912 exspectarent.
3033 839 3152 908 Ipse
3181 853 3309 891 vero
3353 847 3465 891 tum

1888 953 1954 992 ex
1987 937 2375 992 Thessalonica
2407 936 2747 1006 priesidium,
2785 945 2898 989 tum
2926 933 3018 1002 qui
3057 949 3085 988 e
3122 933 3374 1002 Byzantio
3409 946 3468 981 so

1890 1037 2207 1098 sequentes,
2259 1045 2364 1082 non
2393 1045 2596 1098 paucos
2628 1028 2756 1082 inde
2809 1040 2982 1096 equos
3035 1024 3465 1093 conquisirant,

1890 1116 2095 1172 ducens
2131 1133 2196 1170 ex
2255 1117 2571 1172 continente
2597 1116 2939 1178 Berrhoeam,
2995 1117 3324 1182 imperatore
3375 1113 3468 1180 jn-

1890 1207 2042 1262 niore
2068 1207 2470 1264 Thessalonica:
2501 1208 2692 1262 relicto
2713 1249 2727 1273 ,
2760 1207 3003 1278 petebat.
3064 1207 3322 1260 Berrhoea
3373 1220 3471 1256 au-

1891 1305 2026 1359 tem.
2089 1300 2194 1354 etsi
2240 1301 2348 1371 jam
2421 1312 2582 1356 antea
2634 1300 2789 1356 multi
2855 1299 3112 1370 degerent
3163 1298 3408 1361 Triballi,
3440 1314 3471 1350 a

1889 1389 2047 1445 Crale
2068 1407 2132 1446 eo
2157 1393 2459 1448 habitatum
2496 1395 2670 1459 missi,
2708 1409 2815 1447 non
2841 1393 3042 1447 milites
3068 1391 3249 1455 mo'lo,
3279 1406 3468 1444 verum

1891 1483 2056 1538 etiam
2092 1485 2346 1540 homines
2377 1487 2607 1556 copiosi,
2644 1496 2758 1540 tum
2797 1493 3019 1556 pmpter
3049 1492 3299 1538 caeteram
3325 1497 3475 1534 com-

1892 1574 2214 1630 moditatem
2274 1577 2439 1648 (nihil
2472 1578 2740 1646 siquidem
2774 1591 2962 1631 eorum
2993 1590 3115 1644 quae
3142 1574 3328 1627 urbem
3377 1574 3474 1625 nli-

1892 1683 2053 1736 quam
2077 1668 2296 1736 beatam
2338 1667 2570 1734 faciunt,
2605 1668 2711 1722 illic
2741 1668 2936 1735 dceSI),
2977 1676 3087 1721 tum
3125 1667 3248 1736 quia
3291 1664 3470 1732 anulla

1891 1768 1995 1825 est,
2032 1761 2332 1829 multisque
2370 1759 2565 1814 incolis
2594 1759 2870 1829 frequens,
2903 1774 3009 1812 non
3051 1757 3264 1827 plebeia
3290 1757 3467 1810 solum

1892 1850 2073 1916 turba,
2131 1851 2227 1904 sed
2278 1859 2333 1904 et
2387 1849 2648 1905 militibus
2711 1858 2764 1904 et
2817 1849 3199 1919 optimatibus,
3237 1865 3469 1917 quorum

1890 1942 2094 2011 plures,
2117 1943 2202 1996 vel
2222 1957 2412 1996 omnes
2435 1940 2617 2012 potius
2647 1941 2835 1996 Crales
2857 1957 2917 1994 ea
2943 1951 3207 2011 occupata
3239 1942 3469 2010 expulit,

1892 2035 2065 2088 nihilo
2110 2036 2291 2089 minus
2346 2035 2524 2090 adhuc
2559 2035 2680 2104 ejus
2713 2035 3074 2090 defectionem
3110 2035 3330 2098 timens,
3355 2049 3469 2088 non

1891 2139 2094 2195 paucos
2124 2126 2328 2181 milites
2388 2135 2444 2181 et
2481 2126 2689 2180 nobiles
2739 2127 2942 2195 aliquot
2993 2125 3069 2180 ibi
3121 2125 3302 2180 stabili
3342 2125 3472 2180 sede

1891 2217 2206 2272 collocarat.
2263 2219 2431 2272 Arccs
2483 2233 2646 2286 porro
2693 2217 3004 2271 construxit
3051 2217 3209 2271 duas.
3246 2217 3324 2271 Ac
3354 2232 3472 2270 om-

1893 2308 2024 2362 nino
2068 2309 2284 2377 quidem
2310 2307 2581 2378 perfectm,
2615 2307 2680 2361 ad
2733 2316 2943 2378 portam
2979 2322 3100 2376 quae
3135 2307 3299 2377 Regia
3336 2307 3473 2362 dici-

1894 2409 2001 2463 tur,
2039 2398 2340 2454 Germanos
2373 2397 2742 2468 praesidiarios
2770 2398 3031 2467 imposuit
3054 2415 3067 2452 :
3089 2396 3253 2451 altera
3275 2397 3472 2452 etiarn-

1892 2505 2023 2544 num
2100 2489 2354 2560 prtesidio
2398 2489 2654 2550 carebat;
2747 2504 2858 2542 non
2932 2489 3078 2543 enim
3157 2498 3264 2542 tam
3325 2505 3470 2554 arx,

1893 2598 2055 2652 quam
2102 2597 2275 2652 parva
2327 2581 2457 2635 urbs
2488 2581 2541 2634 in
2579 2595 2770 2649 magna
2801 2587 2916 2634 erat
2965 2579 3098 2650 (l0).
3132 2579 3291 2633 Parte
3327 2579 3473 2634 enim

1893 2689 2001 2729 non
2044 2674 2235 2745 exigua
2265 2673 2332 2728 de
2354 2675 2562 2727 ambitu
2601 2673 2801 2742 prioris
2836 2672 2988 2726 urbis
3013 2673 3280 2738 abscissa,
3315 2689 3472 2726 muro

1894 2782 2013 2822 eam
2053 2765 2420 2830 discludebat,
2479 2765 2594 2819 solo
2639 2765 2869 2834 aequatis
2908 2764 3138 2828 aedibus,
3188 2775 3243 2820 et
3297 2775 3474 2820 turres

1897 2858 2162 2930 erigebat,
2201 2867 2325 2926 post
2383 2873 2544 2911 unam
2584 2859 2875 2912 maximam
2909 2867 3020 2912 tres
3051 2859 3314 2922 minores,
3349 2875 3473 2912 mu-

1821 2976 1863 3033 ο
1898 2965 2190 3018 rerumque
2220 2949 2361 3002 inter
2393 2958 2571 3004 turres
2609 2949 2972 3004 crassitudine
2995 2948 3102 3002 illis
3136 2949 3473 3020 responden-

1899 3046 2030 3098 tium
2063 3043 2298 3113 duplicia
2344 3043 2771 3112 propngnacula,
2813 3057 2911 3096 seu
2960 3041 3159 3110 pinnas
3215 3041 3467 3101 faciebat.

1895 3147 1954 3190 ut
1985 3138 2029 3190 si
2062 3151 2201 3206 opus
2227 3135 2386 3200 foret,
2428 3134 2496 3188 ab
2527 3150 2630 3188 una
2665 3135 2716 3188 in
2748 3135 2972 3188 alteram
3007 3133 3165 3188 facile
3195 3148 3473 3188 commea-

1891 3236 2016 3281 rent
2044 3227 2244 3281 milites
2276 3246 2288 3280 :
2328 3225 2452 3280 et‘si
2489 3241 2581 3278 arx
2612 3225 2753 3279 forte
2793 3233 3098 3293 caperetur,
3129 3225 3379 3279 custodes
3401 3224 3472 3278 ab

1895 3317 2146 3371 hostibus
2205 3332 2357 3386 atque
2409 3317 2557 3371 intus
2625 3329 2688 3369 ac
2740 3315 2872 3369 foris
2926 3316 3060 3368 nihil
3124 3315 3470 3369 laederentur.

1895 3410 2044 3463 Hanc
2075 3411 2237 3480 igitur
2267 3425 2447 3464 arcem
2504 3410 2585 3464 sic
2636 3409 2935 3462 institutam
2961 3409 3028 3463 ad
3061 3408 3221 3462 linem
3273 3409 3472 3477 perdu-

1897 3515 2020 3555 cere
2050 3516 2156 3554 non
2195 3501 2394 3568 potuit,
2428 3501 2524 3554 sed
2554 3501 2890 3553 conveniens
2935 3498 3165 3552 altitudo
3223 3499 3471 3552 turribus

1895 3593 2077 3646 adhuc
2104 3591 2308 3645 deerat.
2340 3590 2572 3658 Propter
2601 3605 2794 3644 causas
2827 3589 2995 3658 igitur
3023 3604 3053 3641 a
3105 3602 3192 3641 me
3240 3589 3468 3656 positas,

1895 3699 2087 3754 magna
2120 3695 2175 3737 et
2204 3682 2459 3736 bellicosa
2489 3680 2854 3733 Triballorutn
2885 3679 2966 3733 vis
3013 3677 3327 3732 Berrhuaam
3392 3680 3473 3733 in-

1895 3776 2108 3829 colebat
2142 3793 2155 3828 :
2195 3785 2249 3828 et
2282 3782 2407 3827 tunc
2437 3781 2658 3843 propter
2681 3769 2942 3824 infestum
3000 3769 3346 3839 imperatoris
3377 3771 3473 3824 ad-

1895 3876 2116 3920 ventum
2146 3880 2250 3918 non
2280 3866 2433 3932 pauci
2470 3865 2522 3916 in
2569 3863 2702 3916 vicis
2757 3861 3086 3926 habitantes,
3125 3861 3269 3930 quod
3301 3872 3356 3915 et
3411 3876 3472 3914 se

1898 3956 2146 4009 invasum
2183 3955 2248 4008 iri
2282 3962 2613 4016 metuerent,
2643 3968 2706 4006 eo
2733 3951 3135 4016 conﬂuxerant,
3193 3950 3474 4005 custodie-

1898 4049 2166 4116 baturque
2191 4049 2318 4101 urbs
2346 4057 2505 4100 noctu
2565 4054 2617 4099 et
2670 4044 2911 4097 interdiu
2959 4043 3268 4112 vigilanter,
3305 4051 3359 4097 et
3405 4043 3475 4098 ad

1900 4142 2108 4194 hostem
2143 4139 2568 4208 propulsandum
2607 4151 2726 4189 sese
2758 4135 3123 4189 instruebant.
3161 4135 3292 4200 Quae
3346 4150 3473 4189 cum

1900 4243 1952 4285 et
1988 4233 2280 4298 imperator
2321 4227 2758 4297 exploratissimo
2787 4227 2973 4290 sciret,
3014 4241 3122 4278 non
3150 4234 3332 4294 aperte
3377 4240 3474 4280 eos

200 4317 296 4368 λῶν
329 4317 693 4390 ἐνδιέτριόον
738 4319 996 4387 Βερροίᾳ,
1027 4319 1126 4370 καὶ
1172 4317 1469 4386 ἀξιόμαχος
1521 4320 1752 4388 στρατιά
1778 4336 1792 4349 ο

1903 4321 2331 4392 aggrediebatur,
2348 4319 2490 4387 quod
2515 4332 2573 4372 se
2603 4318 2667 4371 ad
2705 4325 2811 4370 tam
2845 4317 3042 4370 multos
3067 4317 3472 4386 expugnatione

199 4412 284 4460 καὶ
309 4413 435 4463 τότε
481 4411 581 4463 διὰ
615 4409 715 4476 τὴν
748 4408 1016 4477 βασιλέως
1043 4409 1232 4476 ἔφοδον
1263 4410 1362 4460 οὐκ
1386 4410 1557 4477 ὀλίγοι
1587 4413 1651 4462 ἐκ
1690 4411 1796 4464 τῶν

202 4502 252 4550 ὲν
275 4505 396 4564 ταῖς
422 4503 664 4570 κώμαις
691 4501 1117 4570 κατῳκισμένων
1147 4501 1444 4569 συνῆλθονξ·
1475 4500 1796 4554 ὑπώπτευον

199 4594 298 4662 γάρ
331 4595 432 4647 καὶ
476 4595 652 4646 αὐτοὶ
690 4592 918 4662 βασιλέα
945 4594 1323 4662 ἐπιχειρήσειν
1359 4594 1528 4661 σφίσι,
1573 4595 1666 4645 καὶ
1700 4595 1798 4663 τῆς

199 4701 249 4735 τε
282 4688 504 4749 πόλεως
551 4686 838 4738 ἐποιοῦντο
867 4685 1118 4753 quitath
1158 4688 1249 4737 καὶ
1281 4685 1520 4754 νύκτωρ,
1547 4689 1639 4738 καὶ
1678 4685 1799 4754 μεθ’

196 4778 403 4847 ήμρπν
466 4779 538 4831 οὐ
605 4776 913 4846 ῥᾳθύμως*

196 4871 430 4937 ἄμυναν,
458 4873 536 4939 ἣν
579 4886 666 4931 τις
703 4871 887 4930 αὐτοῖς
915 4870 1070 4938 ὲπίῃ.
1107 4871 1174 4921 Ἃ
1223 4871 1317 4922 καὶ
1351 4868 1601 4939 βασιλεὺς
1628 4869 1793 4936 σαφέο

196 4977 361 5013 στα-τα
409 4960 617 5023 εἰδὼς,
655 4961 716 5011 οὐ
754 4961 1007 5028 φανερῶς
1062 4962 1374 5032 ἐπεχείρει·
1412 4959 1529 5030 ᾔδει
1577 4961 1684 5028 γάρ
1734 4959 1795 5012 οὐ

193 5050 420 5114 δυνατὸς
455 5053 734 5121 ἐσόμενος
765 5052 1056 5114 τοσούτους
1086 5052 1177 5121 βία
1224 5052 1476 5120 αἱρήσειν
1513 5053 1651 5120 μετὰ
1688 5051 1796 5103 τῶν

192 5145 389 5213 τειχῶν
416 5159 432 5172 °
472 5143 608 5196 ἀλλ’
641 5143 735 5195 ἐπὶ
781 5142 992 5213 κλοπὴν
1023 5142 1218 5212 ἐχώρει
1253 5142 1477 5211 μᾶλλον,
1508 5142 1608 5193 οὐκ
1642 5140 1798 5208 ὀλίγα

197 5238 284 5288 καὶ
329 5238 456 5298 τοῖς
507 5235 816 5306 ἐγχωρίοις
862 5235 1161 5300 πεποιθὼς,
1198 5233 1272 5296 ὡς
1320 5236 1677 5303 συστήσονται
1710 5232 1802 5284 ἐπὶ

197 5329 316 5392 τοὺς
357 5326 691 5398 πολεμίους
741 5327 808 5398 ἢν
857 5327 1154 5380 αἴσθωνται
1187 5325 1336 5379 ἔνδον
1363 5324 1513 5393 ὄντα,
1544 5324 1640 5377 καὶ
1673 5340 1805 5392 συγ-

961 4781 1056 4832 καὶ
1113 4779 1593 4848 παρεσκευάζοντο
1661 4776 1795 4844 πρὸς

1902 4414 2232 4484 subigendos
2262 4413 2468 4466 viribus
2501 4412 2762 4480 imparem
2797 4419 3007 4472 nosset,
3067 4409 3162 4463 sed
3223 4409 3286 4462 ad
3327 4410 3474 4462 furta

1901 4520 1959 4558 se
1990 4504 2339 4558 convertebat
2376 4501 2578 4572 potius,
2605 4517 2712 4554 non
2744 4515 2935 4570 parum
2972 4509 3027 4554 et
3063 4500 3260 4554 incolis
3294 4501 3470 4555 c0nli-

1901 4610 2024 4660 siis;
2078 4595 2238 4663 772
2275 4609 2478 4662 nempe
2520 4593 2565 4647 si
2591 4608 2648 4646 se
2679 4593 2822 4645 intus
2858 4605 2976 4646 esse
3003 4592 3477 4662 cognoverint,si-

1901 4686 2012 4737 mul
2051 4685 2102 4737 in
2137 4688 2321 4738 hostes
2352 4693 2716 4746 surrecturos,
2745 4683 3055 4752 bellumque
3104 4697 3289 4736 secum
3337 4685 3474 4735 con-

1901 4777 2159 4831 fecturus.
2188 4777 2375 4845 Itaque
2398 4791 2724 4845 magnopere
2759 4775 3005 4839 studens,
3041 4787 3110 4827 ne
3140 4773 3191 4824 in
3257 4770 3474 4824 Tribal-

1901 4870 1983 4923 los
2008 4869 2085 4923 ire
2119 4879 2458 4933 nosceretur,
2487 4883 2550 4921 ex
2595 4876 2878 4936 compacto
2935 4880 3058 4921 cum
3107 4864 3346 4918 exercitu
3403 4862 3472 4916 ad

1903 4961 2106 5015 ﬂumen
2150 4962 2322 5016 venit.
2373 4961 2648 5014 'l'riremcs
2697 4969 2877 5012 autem
2929 4956 3171 5010 nondum
3218 4956 3468 5010 aderant.

1899 5051 2034 5106 Cum
2068 5052 2212 5105 enim
2242 5058 2426 5104 essent
2453 5049 2519 5102 ad
2551 5049 2754 5102 osdum
2803 5046 3063 5110 ﬂuminis,
3107 5060 3138 5098 e
3194 5044 3329 5099 mari
3382 5052 3470 5097 at-

1901 5157 2007 5210 que
2047 5157 2076 5195 e
2123 5141 2287 5194 ﬂuvio
2338 5141 2393 5193 in
2429 5140 2654 5194 modum
2695 5138 2907 5208 aggeris
2960 5146 3184 5208 aggesto
3240 5137 3356 5190 luto
3386 5139 3470 5207 (ut

1900 5240 2046 5287 amat
2106 5230 2621 5301 accidere),aditus
2675 5230 2741 5284 ad
2791 5227 3179 5283 transeundum
3235 5225 3469 5282 obtineri

1902 5339 2010 5379 non
2041 5331 2256 5396 poterat
2289 5339 2302 5376 :
2369 5331 2424 5378 et
2482 5321 2742 5379 navarchi
2779 5322 2846 5377 ad
2877 5335 3047 5376 naves
3102 5317 3466 5390 expediendas

1455 5463 1673 5527 Jacobi
1707 5463 1971 5527 Pontani
2006 5469 2194 5527 notae.

269 5597 378 5667 (10)
420 5595 642 5652 Graece
675 5591 924 5648 festivius
948 5599 1176 5662 pr0pter
1207 5589 1660 5668 παρωνομασίαν.

526 5688 815 5747 ΡΑτιιοι..
853 5689 969 5746 (in.
1008 5680 1218 5746 CLIV.
