3996 6218
438 226 542 291 139

1636 206 1957 270 JOANNIS
1993 190 2519 269 CANTACUZENI

3594 184 3691 251 ιω

439 342 640 396 nullam
708 332 1016 391 machinam
1085 326 1456 388 inveniebant,
1500 330 1822 390 tantumque
1853 334 2015 373 occa—

2144 314 2554 384 ιατεργάσονται
2598 308 2748 376 αὐτῷ
2774 307 2863 360 τὸν
2899 305 3157 375 πόλεμον.
3207 304 3269 358 ’0
3308 301 3407 374 μὲν
3437 301 3532 358 οῦν
3570 306 3694 375 πρό-

439 438 650 489 sionem
709 430 869 484 talem
918 425 989 480 rei
1040 424 1181 478 bene
1236 418 1486 490 gerendae
1540 414 1682 469 elabi
1731 413 2012 466 dolebant.

442 528 703 583 Sciebant
732 522 951 592 quippe,
987 530 1088 569 nec
1122 515 1510 582 imperatorem
1549 508 1670 562 sine
1698 504 1831 572 ipsis
1884 502 2016 554 Ber-

444 623 654 675 rboeam
691 615 1001 668 invasurum
1052 605 1197 659 :sed
1260 601 1504 657 diluculo
1555 598 1820 670 agnitum,
1848 594 2020 647 Thes-

447 706 743 765 salonicam
774 711 1020 769 repetere
1049 704 1300 751 coactum
1343 691 1432 746 iri.
1466 691 1773 759 Imperator
1824 683 2021 739 simili-

448 811 532 855 ter
589 797 653 850 ad
700 792 923 847 fluvium
961 788 1290 848 consistens,
1325 781 1569 837 nondum
1611 783 1806 833 adesse
1862 775 2022 829 trire-

451 904 564 942 mes
598 885 847 939 dolenter
876 882 1105 940 ferebat.
1133 889 1469 944 causamque
1500 871 1759 927 absentize
1804 869 2025 937 ignora-

451 984 579 1035 bat:
612 988 666 1032 et
704 993 772 1030 ne
794 984 968 1043 empta
999 974 1052 1026 in
1088 971 1315 1025 nihilum
1373 967 1657 1029 caderent,
1717 964 1759 1017 si
1799 962 1915 1016 dies
1947 959 2030 1012 in-

452 1069 800 1131 tervenisset,
867 1066 1030 1118 etiam
1077 1062 1192 1130 ipse
1240 1060 1551 1113 verebatur.
1630 1053 1841 1107 Interea
1898 1052 2027 1105 dum

462 1157 734 1213 classiarii
766 1157 999 1215 haerent,
1032 1152 1160 1221 quid
1185 1159 1366 1219 agant,
1420 1146 1669 1202 desubito
1727 1153 2031 1198 exmstuans

457 1268 624 1312 mare,
647 1258 701 1304 et
731 1246 1045 1317 aliquandiu
1071 1245 1366 1306 ﬂuctmuis,
1399 1256 1568 1294 naves
1593 1236 1807 1308 placido
1833 1250 1895 1288 ac
1922 1232 2031 1286 leni

456 1344 656 1413 impetu
688 1343 741 1393 in
777 1340 981 1393 flumen
1016 1345 1325 1408 promovet,
1371 1334 1590 1403 citoque
1623 1345 1746 1385 cum
1801 1328 2036 1395 impera-

455 1445 576 1490 tore
600 1434 903 1502 conjuncti,
931 1447 1094 1502 quam
1133 1430 1317 1497 iniquo
1339 1442 1465 1481 casu
1498 1421 1741 1493 impediti
1774 1420 2031 1479 fuissent,

466 1527 991 1586 commemorabam.
1026 1522 1323 1592 Imperator
1355 1520 1471 1573 haec
1506 1534 1612 1572 non
1649 1516 1888 1575 fortuna,
1940 1510 2035 1565 sed

462 1622 642 1675 divina
691 1616 1033 1689 providentia
1062 1614 1174 1669 fieri
1234 1612 1573 1673 existimans,
1635 1608 1702 1661 ad
1754 1603 2034 1675 negotium

464 1711 903 1781 transigendum,
929 1718 988 1762 ut
1021 1708 1131 1761 Deo
1174 1704 1501 1774 opitulante,
1567 1698 1992 1754 confirmabatur
2021 1734 2037 1760 ,

465 1818 518 1859 et
545 1784 704 1873 quam
739 1801 992 1856 celeriter
1032 1795 1253 1858 lieebat,
1288 1808 1411 1847 cum
1462 1790 1611 1861 gravi
1676 1787 1889 1855 levique
1946 1800 2037 1837 ar-

466 1905 678 1951 matura
736 1901 791 1947 et
837 1890 1080 1945 barbaris
1102 1886 1418 1941 Berrhceam
1471 1879 1833 1952 properabat,
1889 1875 2039 1929 relic-

465 1988 535 2041 tis
569 1985 632 2039 ad
674 1983 971 2037 custodiam
1016 1977 1324 2034 triremium
1361 1983 1500 2045 quot
1531 1971 1785 2027 sufﬁcere
1812 1967 2042 2022 arbitra-

468 2083 647 2134 batur.
691 2078 923 2131 Enntem
944 2072 1263 2128 Merzclatus
1293 2082 1592 2123 occurrens
1641 2063 1706 2117 ad
1774 2061 2040 2116 festinan-

467 2172 595 2226 dum
648 2169 896 2230 acuebat,
950 2163 1096 2233 quod
1152 2162 1382 2223 diceret,
1410 2157 1595 2212 omnia
1623 2171 1683 2210 se
1713 2152 2038 2215 confecisse,

466 2273 519 2316 et
553 2260 721 2314 st-alas
744 2255 1025 2310 faciendas
1054 2254 1217 2307 sociis
1244 2248 1602 2305 commisisse.
1647 2245 1783 2300 Cum
1838 2244 1907 2296 ab
1950 2258 2044 2309 op—

468 2354 591 2424 pido
634 2349 855 2421 propius
889 2348 1159 2404 abessent,
1197 2342 1493 2410 imperator
1543 2352 1732 2390 rursus
1790 2332 2044 2387 Merzela-

470 2458 581 2497 tum
625 2442 812 2505 mittit,
844 2440 1045 2498 visum,
1080 2432 1277 2503 ecquid
1305 2431 1462 2485 scale
1493 2430 1601 2483 sint
1630 2426 1912 2481 confectae.
1938 2422 2040 2475 Re-

470 2536 575 2589 fert
608 2534 720 2596 ille,
758 2530 939 2582 nullas
983 2540 1107 2580 esse
1160 2522 1456 2577 confectas.
1495 2521 1795 2589 Imperator
1848 2519 2045 2569 iterum

472 2622 697 2691 ancipiti
749 2618 1085 2687 cogitatione
1137 2612 1365 2667 turbari.
1436 2609 1572 2661 Tum
1627 2608 1717 2676 qui
1775 2607 1849 2659 illi
1888 2614 2047 2658 erant

475 2712 705 2786 proximi
740 2718 925 2779 aptare
958 2708 1011 2761 in
1050 2704 1220 2776 sylvis
1271 2703 1475 2765 trabes,
1533 2700 1869 2753 altitudinem
1908 2695 2046 2749 muri

473 2816 758 2876 aequantes
804 2804 935 2873 (una
987 2800 1129 2853 enim
1189 2797 1243 2849 in
1296 2792 1644 2863 expeditione
1688 2790 2049 2843 versabantur

476 2899 922 2955 Berrhmotarnm
961 2888 1224 2960 primarii,
1262 2902 1291 2940 a
1338 2885 1494 2940 Crale
1518 2884 1569 2936 in
1620 2881 1868 2935 exsilium
1919 2878 2043 2941 acti,

478 2985 925 3059 magnanimitate
978 2989 1035 3034 et
1070 2978 1290 3033 fidentia
1320 2976 1455 3030 nihil
1498 2973 1721 3043 reliquis
1773 2974 1839 3026 de
1876 2971 2048 3039 impe-

475 3080 678 3138 ratoris
710 3076 923 3147 agmine
958 3072 1347 3135 concedentes,
1370 3078 1732 3137 prompteque
1764 3064 1830 3118 ad
1867 3064 2047 3116 onuiia

479 3146 914 3243 préservientes,
938 3174 991 3218 et
1020 3163 1086 3217 ad
1107 3161 1336 3231 patriam
1382 3155 1756 3225 occupandam
1802 3153 2045 3207 studium

478 3282 637 3322 suum
660 3256 1181 3321 accommodantes),
1219 3262 1272 3307 et
1303 3249 1556 3319 quoniam
1606 3246 1740 3301 clavi
1778 3261 1883 3299 non
1922 3260 2050 3313 sup-

490 3355 772 3426 petebant,
834 3347 1059 3403 funibus
1089 3360 1152 3398 ex
1187 3339 1534 3395 tabernaculo
1566 3334 1908 3406 imperatoris
1945 3334 2048 3397 usi,

479 3456 775 3518 quaternas
841 3438 1017 3494 scalas
1078 3433 1230 3489 brevi
1283 3444 1637 3500 componere,
1716 3442 1853 3496 quas
1902 3435 2052 3480 eata-

481 3516 717 3609 phracti,
768 3543 822 3586 et
855 3530 1077 3599 quidam
1110 3524 1245 3578 levis
1269 3532 1562 3577 armatum
1590 3519 1865 3582 tollentes,
1916 3516 2050 3570 Ber-

480 3627 714 3683 rbmotis
764 3638 886 3678 cum
937 3618 1225 3673 Merzelato
1258 3616 1513 3679 ducibus,
1561 3612 1737 3666 muris
1781 3610 2055 3680 applicue-

481 3730 635 3779 runt,
676 3712 966 3784 oppidanis
1008 3710 1076 3764 ad
1146 3722 1317 3762 unum
1350 3703 1733 3777 ignorantibus
1772 3719 1785 3755 :
1839 3701 2052 3770 ipsique

482 3809 666 3881 primi,
700 3806 897 3861 deinde
961 3802 1245 3870 utriusque
1278 3807 1569 3852 armaturae
1623 3796 1827 3850 milites
1860 3807 2054 3846 ascen-

482 3903 700 3956 derunt.
733 3896 895 3966 773
930 3893 1231 3963 Imperator
1267 3902 1329 3944 ut
1366 3905 1494 3944 suos
1523 3890 1666 3943 intus
1689 3903 1810 3942 esse
1834 3900 2055 3954 compe-

484 3994 575 4054 rit,
598 3990 790 4046 divisis
810 3985 1003 4055 cepiis,
1040 3985 1159 4053 ipse
1209 3983 1502 4047 Romanos,
1566 3980 1779 4049 equites
1816 3978 2053 4049 pedites-

482 4064 589 4154 que
638 4081 843 4133 ducens
885 4077 949 4128 ad
1012 4073 1187 4127 scalas
1237 4073 1507 4141 processit
1558 4069 1868 4124 :barbaros
1929 4081 2050 4121 cum

487 4170 712 4239 reliquis
747 4163 1009 4220 Romanis
1031 4176 1212 4215 arcem
1245 4159 1452 4213 adoriri
1491 4158 1679 4229 jussit.
1718 4166 1773 4210 ut
1804 4154 2052 4224 pluribus

487 4282 553 4321 ex
579 4261 822 4332 partibus
856 4256 1204 4319 invadentes,
1240 4262 1509 4307 terrorem
1564 4249 1839 4320 indigenis
1890 4246 2051 4301 affer-

2119 423 2270 458 νοιαν
2322 401 2524 473 πολλὴν
2563 399 2889 469 ποιούμενος
2934 396 3029 450 τοῦ
3070 398 3146 467 μὴ
3197 396 3499 465 κατάδηλος
3553 391 3697 450 εἶναι

2119 495 2411 568 Τριδαλοῖς
2466 490 2902 562 ὲπιστρατεύων,
2933 484 3101 559 ἦλθεν
3154 487 3250 540 ἐπὶ
3302 488 3396 540 τὸν
3447 489 3699 558 ποταμὸν

2120 590 2266 644 κατὰ
2304 587 2363 640 τὸ
2401 584 2678 655 σύνθημα.
2732 584 2800 637 Δί
2829 584 3082 654 τριήρεις
3127 581 3186 635 δὲ
3230 579 3384 634 οὔπω
3413 580 3697 652 παρῆσαν.

2122 682 2417 750 Γενόμεναι
2448 682 2557 748 γὰρ
2595 677 2733 747 πρὸς
2763 676 2822 729 τὸ
2858 677 3034 746 στόμα
3067 675 3162 728 τοῦ
3207 673 3478 742 ποταμοῦ,
3503 669 3591 726 οἶα
3615 692 3705 743 φι-

2123 771 2206 822 λεῖ
2234 770 2584 839 συμϐαίνειν,
2618 767 2722 821 ύπό
2748 784 2808 819 τε
2846 766 2947 835 τῆς
2976 765 3248 834 Θαλάττης
3273 764 3369 817 καὶ
3399 762 3494 819 τοῦ
3535 780 3709 818 ποτα-

2129 863 2229 933 μοῦ
2264 861 2640 929 ὲξωθουμένης
2686 859 2783 927 τῆς
2822 856 2969 921 ἰλύος
3015 855 3387 928 προσχοῦσθαι
3417 857 3559 910 κατὰ
3606 858 3711 926 τὴν

2128 949 2729 1020 εἰσϐολὴν,ηδυνάτουν
2772 946 2910 1016 πρὸς
2963 946 3063 1016 τὴν
3108 945 3317 998 δίοδον·
3353 944 3449 997 καὶ
3491 943 3714 1015 μηχανὴ

2128 1047 2243 1102 τοῖς
2300 1041 2597 1110 ναυάρχοις
2650 1038 2879 1106 οὐδεμία
2933 1035 3308 1106 ὲξευρίσκετο,
3363 1034 3499 1087 ἀλλὰ
3550 1036 3713 1103 μόνον

2131 1131 2359 1202 ἧχθοντο
2407 1130 2661 1198 τοιαύτης
2703 1127 2962 1200 πράξεως
3016 1126 3426 1197 ἀπολλυμένης.
3476 1127 3715 1196 ’ᾘδίσαν

2134 1225 2241 1293 γὰρ
2305 1223 2426 1275 οὐδὲ
2478 1220 2706 1291 βασιλέα
2752 1221 2923 1289 χωρὶς
2977 1219 3158 1273 αὐτῶν
3210 1218 3717 1288 έπιστρατεύσοντα

2136 1314 2394 1385 Βερῤοίᾳ,
2439 1312 2555 1365 ἀλλ’
2593 1313 2711 1383 ἅμα
2755 1311 2830 1375 ἕῳ
2869 1308 3173 1378 κατάδηλον
3199 1308 3517 1377 γενόμενον,
3541 1308 3716 1373 ἀναγ-

2136 1405 2511 1477 κασθήσεσθαι
2561 1405 2641 1467 είς
2672 1400 3086 1471 ’Θεσσαλονίκην
3117 1401 3509 1472 ἀναστρέφειν.
3545 1400 3718 1453 Βασι-

2137 1500 2262 1562 λεύς
2294 1516 2354 1551 τε
2388 1498 2589 1567 ὁμοίως
2616 1494 2919 1565 ἠγανάκτει
2948 1491 3192 1562 ἐφεστὼς
3232 1490 3311 1560 τῷ
3345 1489 3601 1560 ποταμῷ,
3634 1489 3722 1543 ὅτι

2145 1590 2220 1660 μὴ
2253 1587 2511 1659 παρῆσαν
2541 1586 2596 1639 αἱ
2631 1585 2880 1655 τριήρεις
2904 1601 2918 1615 ο
2943 1582 3043 1655 τὴν
3068 1583 3252 1636 αἰτίαν
3284 1580 3341 1634 δὲ
3374 1580 3473 1650 τῆς
3496 1578 3723 1633 ἀπολεί-

2073 1684 2114 1743 Β
2141 1681 2287 1751 ψεως
2316 1679 2525 1749 ἠγνόει,
2572 1678 2666 1730 καὶ
2696 1674 3036 1730 ἀπόλλυσθαι
3061 1673 3320 1742 τοιαύτην
3365 1671 3562 1742 πρᾶξιν
3588 1670 3724 1723 ὑπε-

2142 1774 2251 1826 νὸει
2300 1773 2395 1824 καὶ
2443 1769 2626 1835 αὐτὸς,
2653 1770 2700 1821 εί
2735 1767 3043 1837 ἐπιγένοιτο
3072 1766 3279 1837 ἡμέρα.
3333 1764 3422 1817 Ἐν
3448 1763 3559 1832 ὅσῳ
3582 1760 3640 1815 δὲ
3664 1762 3721 1815 οἱ

2142 1867 2199 1918 έν
2234 1866 2350 1926 ταῖς
2382 1861 2633 1931 τριήρεσι
2681 1859 2812 1929 περὶ⁵
2859 1857 2953 1910 τοῦ
2994 1857 3022 1910 ὃ
3083 1872 3136 1910 τι
3168 1855 3273 1926 χρὴ
3311 1854 3572 1924 πράττειν
3602 1853 3725 1923 διη-

2144 1956 2366 2024 πόρουν,
2391 1953 2586 2023 ἀθρόον
2622 1950 3080 2021 πλημμυρήσασα
3110 1950 3145 2017 ἡ
3192 1947 3455 2011 θάλασσα,
3485 1946 3583 2000 καὶ
3623 1963 3726 1999 κυ-

2147 2048 2366 2118 μὴνασα
2397 2046 2488 2097 ἐπὶ
2519 2042 2737 2111 μικρὸν,
2762 2040 2953 2111 ἡμέρῳ
2985 2039 3369 2109 καὶπροσηνεῖ
3393 2034 3557 2108 ῥοθίῳ
3582 2052 3725 2105 παρ.

2144 2140 2358 2207 έπεμπε
2406 2135 2509 2197 τὰς
2544 2132 2675 2195 ναῦς
2742 2132 2836 2185 ἐπὶ
2867 2131 2958 2185 τὸν
2998 2130 3266 2200 ποταμὸν,
3296 2129 3391 2184 καὶ
3442 2128 3504 2182 ὲν
3554 2128 3726 2197 ὀλίγῳ

2146 2231 2356 2301 βασιλεῖ
2384 2226 2747 2297 συμμίξασαι,
2790 2223 3075 2294 διηγοῦντο
3110 2222 3171 2276 τὸ
3205 2221 3349 2276 κατὰ
3385 2220 3485 2291 τὴν
3531 2220 3729 2274 διάϐα-

2148 2342 2251 2386 σιν,
2298 2322 2484 2391 ὥσπερ
2537 2317 2773 2383 ἐξαίσιον
2822 2316 3188 2388 συμϐεϐηκός.
3243 2315 3505 2379 Βασιλεύς
3547 2331 3607 2367 τε
3654 2314 3724 2368 οὗ

2149 2419 2289 2469 κατὰ
2328 2415 2521 2482 τύχην,
2561 2411 2696 2465 ἀλλὰ
2737 2409 2965 2489 προνοίᾳ
3018 2408 3139 2479 θείᾳ
3172 2407 3241 2461 τὰ
3290 2406 3515 2461 τοιαῦτα
3561 2422 3721 2460 συνε-

2149 2507 2443 2559 σκευάσθαι
2462 2504 2691 2573 οἰηθεὶς,
2722 2503 2919 2573 μᾶλλον
2944 2501 3274 2575 έπερῤώσθη
3300 2500 3437 2571 πρὸς
3460 2500 3558 2571 τὴν
3578 2501 3727 2569 πρᾶ-

2150 2600 2252 2663 ξιν,
2276 2601 2345 2659 ὡς
2378 2597 2512 2649 Θεοῦ
2544 2596 2936 2665 συναιρομένου
2958 2611 2972 2627 ο
3014 2586 3166 2666 καὶῇ
3206 2593 3408 2661 τάχους
3434 2587 3570 2661 εἶχε,
3593 2589 3729 2655 τούς

2149 2706 2205 2740 τε
2252 2686 2495 2747 ὁπλίτας,
2543 2686 2637 2739 κοιλ¹
2686 2684 2901 2751 ψιλοὺς,
2964 2684 3216 2745 καὶτοὺς
3266 2683 3576 2753 βαρϐάρους
3611 2681 3730 2735 τῶν

2149 2780 2284 2832 νεῶν
2314 2778 2623 2847 ἐξαγαγὼν,
2651 2776 2848 2848 ἐχώρει
2883 2777 3019 2847 πρὸς
3054 2773 3319 2846 Βέῤῥοιαν
3375 2774 3601 2845 σπουδῇ,
3627 2775 3733 2827 ἐπὶ

2149 2872 2249 2941 τὴν
2290 2870 2535 2939 φυλακὴν
2575 2870 2683 2921 τῶν
2719 2869 2858 2924 νεῶν
2906 2866 3222 2922 καταλιπὼν
3257 2867 3413 2941 ﬁcos:
3445 2864 3580 2937 ᾣετο
3621 2867 3733 2936 ἁρ-

2152 2964 2352 3017 κέσειν.
2406 2962 2625 3029 Μεταξὺ
2660 2962 2716 3015 δὲ
2766 2960 3119 3032 πορευομένῳ
3164 2961 3263 3013 καὶ
3307 2961 3334 3013 ὁ
3366 2958 3733 3030 Μαρςελάτος

2150 3057 2615 3127 παραγενόμενος.
2646 3054 2949 3108 ἐπέσπευδε
2980 3054 3115 3125 πρὸς
3140 3055 3239 3122 τὴν
3268 3053 3516 3123 πορείαν.
3537 3052 3734 3107 Πάντα

2150 3148 2257 3218 γὰρ
2288 3148 2436 3217 αύτῷ
2477 3146 2715 3216 ἔφασκεν
2747 3145 3000 3217 ἠνύσθαι,
3038 3148 3133 3200 καὶ
3176 3148 3289 3208 τοῖς
3324 3143 3564 3215 ἑταίροις
3601 3145 3734 3197 ὲπι-

2124 3241 2478 3309 -τετραφέναι
2507 3241 2606 3309 τὴν
2639 3242 2739 3309 τῆς
2775 3239 3043 3309 κλίμακος
3076 3237 3444 3307 κατασκευήν.
3484 3236 3641 3289 'Enei.
3667 3237 3735 3290 δὲ

2148 3327 2287 3401 ἦσαν
2321 3336 2420 3385 ούκ
2452 3331 2671 3385 ἄπωθεν
2715 3333 2811 3401 τῆς
2858 3330 3088 3394 πόλεως,
3125 3328 3380 3399 βασιλεὺς
3431 3328 3532 3398 μὲν
3566 3327 3734 3391 αὖθις

2150 3423 2366 3490 ἔπεμπε
2400 3422 2754 3492 Μαρζελάτον
2811 3422 2959 3486 ἰδεῖν,
3013 3423 3061 3475 εί
3114 3421 3576 3489 κατεσκεύαστοὴ
3609 3419 3733 3474 κλί-

2156 3518 2285 3587 μαξ.
2346 3516 2406 3569 Ὀ
2446 3515 2502 3569 δὲ
2535 3514 2979 3586 ἐπαναστρέψας,
3011 3514 3284 3585 μηδεμίαν
3313 3513 3521 3582 ἔφασκε
3565 3529 3735 3565 κατε-

2154 3606 2451 3661 σκευάσθαι
2488 3607 2758 3675 κλίμακα,
2795 3606 2889 3659 καὶ
2924 3605 3086 3659 πάλιν
3122 3606 3150 3657 ὁ
3185 3604 3443 3675 βασιλεὺς
3502 3604 3560 3655 ὲν
3590 3602 3730 3656 ἁπό-

2155 3713 2269 3767 ροις
2306 3692 2394 3766 ἦν.
2445 3696 2508 3748 Οί
2564 3698 2691 3764 περὶ
2725 3694 2889 3747 αὐτὸν
2933 3695 2991 3747 δὲ
3042 3693 3174 3760 ξύλα
3220 3694 3480 3763 τεμόντες
3511 3695 3578 3745 ὲκ
3621 3694 3723 3761 τῆς

2155 3788 2361 3857 λόχμης
2408 3785 2485 3855 τῷ
2535 3785 2707 3855 τείχει
2745 3786 2984 3855 ἰσομήκη
3034 3782 3562 3851 (συνεστρατεύοντο
3606 3784 3722 3851 γὰρ

2152 3876 2505 3949 Βερῤοιωτῶν
2546 3878 2595 3930 οἱ
2634 3876 2867 3946 μάλιστα
2910 3878 2968 3929 ὲν
3008 3874 3152 3945 λόγῳ
3183 3874 3287 3927 ὑπὸ
3324 3874 3511 3943 Κράλη
3537 3888 3723 3941 φυγα-

2152 3969 2451 4031 δευθέντες,
2482 3968 2617 4037 πρὸς
2665 3967 2927 4037 εὐψυχίαν
2995 3966 3089 4019 καὶ
3126 3966 3330 4035 τόλμαν
3374 3966 3584 4027 οὐδενὸς
3610 3963 3731 4017 λει-

2153 4063 2380 4131 πόμενοι
2409 4061 2517 4113 τῶν
2550 4060 2820 4112 συνόντων
2850 4058 3092 4128 βασιλεῖ’
3123 4058 3173 4110 οἳ
3210 4058 3301 4110 καὶ
3329 4057 3563 4125 μάλιστα
3594 4074 3731 4128 προσ

2154 4154 2337 4224 θύμως
2373 4153 2511 4224 πρὸς
2564 4152 2742 4205 πάντα
2775 4151 3107 4221 ὑπηρέτουν,
3155 4150 3425 4221 καὶπρὸς
3475 4149 3576 4221 τὴν
3625 4151 3731 4220 τῆς

2154 4246 2412 4317 πατρίδος
2455 4243 2789 4306 ἐσπούδαζον
2834 4241 3186 4313 κατάληψιν),
3215 4241 3404 4313 έπειδὴ
3446 4242 3594 4312 ἥλων
3623 4243 3735 4296 οὐκ

490 4366 631 4411 rent.
670 4352 768 4419 Qui
796 4350 944 4404 intus
967 4348 1075 4414 jam
1111 4354 1269 4401 erant
1301 4343 1519 4406 milites,
1559 4335 1796 4411 prim'um
1830 4339 2044 4408 quidem

2156 4338 2448 4407 εὐπόρουν,
2470 4337 2579 4397 τοῖς
2612 4337 2675 4388 ὲκ
2704 4337 2801 4403 τῆς
2834 4333 3119 4404 βασιλικῆς
3151 4335 3355 4404 σκηνῆς
3388 4336 3735 4406 χρησάμενοι

491 4451 543 4502 in
575 4444 839 4514 quosdam
869 4438 1124 4495 custodes
1156 4436 1480 4497 incidentes,
1541 4448 1637 4487 eos
1696 4431 2054 4501 comprehen—

491 4537 715 4599 debant,
772 4540 1113 4597 mortemque
1163 4523 1684 4588 interminabantur,
1747 4521 1792 4577 si
1864 4535 2053 4575 vocem

491 4629 736 4685 ederent.
768 4622 973 4677 Deinde
1000 4635 1123 4674 cum
1159 4617 1227 4672 ad
1251 4624 1463 4686 portam
1487 4613 1895 4683 Opsiccejauam
1960 4626 2056 4665 ve-

491 4722 724 4782 nissent,
764 4716 900 4770 alios
931 4712 1205 4776 custodes,
1241 4708 1573 4775 eosdemque
1615 4707 1760 4759 cives
1810 4704 2057 4758 offende»

487 4820 634 4876 runt,
667 4822 805 4878 quos
833 4805 899 4859 ad
938 4819 996 4859 se
1016 4800 1306 4872 juvandos,
1332 4808 1628 4866 vectesque
1662 4795 2058 4865 dill‘ringendos

492 4901 695 4959 hortati
733 4908 880 4953 sunt.
911 4897 1122 4951 Dictum
1152 4908 1216 4948 ac
1242 4891 1464 4945 factum.
1518 4889 1593 4942 Illi
1630 4888 1800 4957 portis
1855 4886 2058 4954 apertis

487 4997 879 5066 imperatorem
910 4987 1304 5043 intromittunt.
1338 4983 1439 5049 Qui
1479 4981 1804 5051 optimatum
1858 4992 2058 5048 paucos

489 5087 631 5157 apud
657 5091 870 5156 portam
901 5093 1085 5135 secum
1116 5077 1384 5140 retinens,
1417 5073 1552 5127 alios
1579 5072 1851 5125 introrsus
1885 5069 1963 5122 ire
2005 5076 2059 5121 et

488 5193 613 5234 cum
664 5173 919 5229 Triballis
953 5170 1201 5225 hostibus
1239 5167 1498 5221 dimicare
1552 5162 1715 5233 jussit
1748 5179 1760 5213 :
1796 5161 1863 5215 ad
1921 5176 2059 5230 quos

492 5266 803 5340 perdendos
838 5264 937 5318 soli
969 5260 1159 5315 incolae
1194 5267 1277 5314 sat
1322 5258 1475 5311 multi
1508 5265 1681 5311 erant.
1709 5254 1777 5308 Ut
1803 5254 1944 5307 enim
1975 5252 2057 5304 in-

494 5372 575 5415 tra
611 5357 809 5412 mwnia
838 5355 1222 5423 imperatorem
1268 5364 1390 5403 esse
1446 5354 1838 5417 cognoverunt,
1879 5345 2060 5399 accla-

493 5452 733 5508 matione
762 5447 940 5502 fausta
969 5460 1092 5499 eum
1126 5442 1394 5512 prodente
1429 5440 1706 5501 omnibus,
1761 5436 1944 5490 statim
2002 5436 2057 5491 in

493 5540 762 5600 Triballos
788 5538 1081 5600 irruentes,
1119 5531 1403 5588 facultates
1442 5530 1656 5582 illorum
1710 5527 2055 5596 diripiebant,

492 5650 547 5696 et
567 5637 708 5692 forte
742 5638 1092 5687 occurrentes
1127 5624 1433 5696 capiebant.
1464 5620 1689 5676 Triballi
1722 5620 1911 5674 urbem
1967 5636 2060 5675 ca-

2156 4428 2461 4492 καλωδίοις,
2491 4427 3201 4496 κλίμακας-κατεσκεύασαν
3217 4428 3486 4498 τέτταρας
3508 4429 3567 4480 ὲν
3588 4428 3734 4499 βρα-

2154 4523 2260 4591 χεῖ,
2306 4520 2526 4573 ὁπλῖται
2569 4519 2626 4571 δὲ
2659 4518 2754 4571 καὶ
2798 4521 2860 4571 έκ
2904 4518 3014 4572 τῶν
3056 4518 3227 4587 ψιλῶν
3272 4520 3505 4589 ἄραντες
3533 4522 3736 4586 αὐτὰς,

2156 4609 2507 4683 Βερῤοιωτῶν
2533 4609 2853 4678 ἡγουμένων
2892 4608 3031 4677 μετὰ
3064 4608 3443 4676 Μαρζελάτου,
3479 4615 3592 4674 τοῖς
3619 4615 3743 4665 ττι-

2157 4721 2274 4774 χεσι
2304 4703 2698 4771 προσήρεισαν,
2735 4699 2959 4768 μηδενὸς
2997 4700 3201 4764 εἰδότος
3241 4702 3349 4753 τῶν
3384 4701 3528 4754 ἔνδον
3575 4702 3739 4755 πολι-

2155 4795 2303 4848 τῶν⁶
2352 4793 2446 4845 καὶ
2485 4793 2638 4845 αὐτοὶ
2693 4792 2977 4844 ἀνέϐαινον
3023 4791 3252 4860 πρῶτοι,
3312 4793 3504 4846 ἔπειτα
3537 4796 3635 4846 καὶ
3667 4797 3740 4848 ἐκ

2157 4888 2263 4941 τῶν
2290 4885 2524 4940 ὁπλιτῶν
2556 4886 2649 4937 καὶ
2676 4883 2785 4935 τῶν
2813 4883 3004 4952 ψιλῶν,
3050 4883 3306 4945 Βασιλεὺς
3328 4884 3374 4936 δ’
3403 4884 3524 4951 ἐπεὶ
3558 4885 3740 4955 need-

2158 4998 2278 5033 νετο
2310 4980 2455 5032 ἔνδον
2478 4978 2635 5039 ὄντας
2664 4977 2788 5039 τοὺς
2812 4978 3069 5041 οἰκείους,
3089 4977 3288 5030 αὐτίκα
3319 4978 3378 5031 τὺ
3409 4980 3737 5048 στράτευμα

2158 5072 2356 5143 διῄρει,
2389 5069 2483 5122 καὶ
2525 5067 2831 5136 Ῥωμαίους
2869 5068 2967 5137 μὲν
3014 5067 3154 5138 ἔχων
3200 5068 3361 5132 αὐτὸς
3397 5070 3598 5132 ἱππέας
3633 5072 3740 5125 καὶ

2160 5160 2377 5227 πεζοὺς,
2409 5161 2501 5212 ἐπὶ
2543 5160 2641 5222 τὰς
2689 5158 2963 5229 κλίμακας
3015 5160 3232 5228 ἐχώρει,
3288 5161 3348 5213 τὸ
3395 5160 3741 5231 βαρϐαρικὸν

2158 5253 2214 5308 δὲ
2252 5252 2391 5322 μετὰ
2431 5249 2719 5318 Ῥωμαίων
2750 5249 2857 5301 τῶν
2892 5250 3190 5303 ἐπιλοίπων
3242 5253 3336 5304 ἐπὶ
3367 5252 3464 5322 τὴν
3492 5254 3746 5324 ἀκρόπο-

2159 5345 2241 5397 λιν
2276 5343 2490 5396 ἐκέλευε
2521 5344 2740 5413 χωρεῖν,
2778 5340 2917 5393 ὥστε
2956 5343 3361 5412 καταπλήττειν
3401 5345 3742 5414 πολλαχόθεν

2160 5432 2594 5504 προσϐαλόντας.
2639 5432 2702 5483 Οἱ
2748 5430 2894 5484 ένδον
2938 5431 2996 5484 δὲ
3045 5435 3327 5501 γενόμενοι
3374 5435 3740 5502 στρατιῶται,

2163 5529 2356 5598 πρῶτα
2386 5525 2484 5596 μὲν
2515 5523 2711 5595 φύλαξί
2734 5540 2846 5576 τισι
2873 5528 3275 5595 περιτυχόντες,
3302 5527 3739 5595 συνελάμῦανον,

2164 5621 2253 5674 καὶ
2306 5616 2517 5687 σιωπᾷν
2585 5615 2859 5682 ἐκέλευον,
2921 5616 2952 5687 ἢ
3026 5619 3283 5685 ἠπείλουν
3359 5619 3739 5673 ἀποκτείνειν.
