3996 6218
286 258 367 328 Ml

1395 251 1927 318 HISTORIARUM
1967 251 2198 313 LIBER
2238 253 2336 315 IV.

3402 255 3504 320 142

287 375 495 429 Ἔπειτα
523 368 771 433 ἐλθόντες
803 368 895 424 ἐπὶ
920 370 1094 441 πύλην
1136 370 1236 441 τὴν
1281 371 1635 442 Ὀψικκιανὴν
1669 383 1825 440 προσ-

1941 371 2084 432 ptam
2115 366 2634 433 animadvertentes,
2668 366 2900 437 primum
2928 367 2994 423 ad
3049 367 3334 438 praefectos
3376 385 3498 424 cum

281 462 688 532 αγορευομένην.
742 460 954 531 ἑτέροις
1005 461 1258 531 ἐνέτυχον
1310 460 1507 531 φύλαξι
1556 460 1827 526 πολίταις,

280 554 361 614 οὓς
376 553 621 607 ἐκέλευον
648 553 1027 623 συμπράττειν
1050 553 1225 623 σφίσι,
1265 554 1360 607 καὶ
1377 554 1830 625 καταρρηγνύναι

280 647 393 707 τοὺς
424 643 653 713 μοχλούς
678 660 694 676 ο
716 643 908 697 θᾶττον
940 644 996 697 δὲ
1030 645 1064 714 ἢ
1112 644 1270 713 λόγος
1304 646 1501 700 ἐκεῖνοι
1526 646 1626 709 τάς
1654 647 1831 709 πύλας

281 736 652 800 διανοίξαντες,
701 736 1036 804 είσεδὲχοντο
1078 736 1327 807 βασιλέα.
1369 736 1428 791 '0
1464 737 1542 802 δὲ,
1577 738 1685 791 τῶν
1712 738 1834 809 άρί-

278 844 403 881 στων
419 827 637 894 ὀλίγους
656 828 794 896 πρὸς
816 829 934 891 ταῖς
953 828 1154 891 πύλαις
1177 828 1467 899 κατασχὼν
1491 845 1557 881 πε
1567 830 1620 901 pl.
1645 829 1828 895 αὐτὸν,

278 917 386 978 τοὺς
411 914 602 979 ἄλλους
631 915 779 969 ενδον
803 916 1022 971 ἐκέλευε
1044 920 1264 987 χωρεῖν,
1292 918 1387 971 καὶ
1414 917 1829 987 συμπλέκεσθαι

278 1013 376 1071 τοῖς
403 1009 707 1078 πολεμίοις.
742 1009 883 1073 Τοὺς
914 1010 973 1064 δὲ
1031 1012 1126 1064 καὶ
1172 1011 1323 1081 μόνοι
1357 1012 1563 1083 ἧρκουν
1588 1012 1833 1081 διαφθείη

278 1119 382 1171 ρειν
409 1102 458 1158 et
494 1101 771 1171 ἐγχώριοι.
816 1101 905 1164 '0;
940 1102 1049 1172 γὰρ
1078 1102 1305 1172 ᾔσθοντο
1342 1104 1490 1157 ἔνδον
1519 1103 1649 1157 ὄντα
1678 1105 1832 1174 βασι-

275 1192 498 1261 λὲα,τῆς
546 1194 819 1263 εὐφημίας
870 1195 1008 1248 πᾶσι
1059 1194 1322 1265 ποιούσης
1360 1194 1542 1266 δῆλον,
1571 1197 1831 1252 ἐπέθεντο

276 1284 449 1337 αὐτίκα
476 1281 793 1353 Τριϐαλοῖς,
854 1286 950 1338 καὶ
985 1285 1054 1341 τά
1094 1302 1154 1339 τε
1209 1286 1343 1341 ὄντα
1377 1288 1704 1358 διήρπαζον,
1734 1289 1831 1344 καὶ

280 1376 669 1444 συνελάμϐανον
700 1377 755 1432 τί
792 1394 900 1430 που
940 1378 1290 1449 περιτύχοιεν
1316 1396 1444 1437 τινι.
1477 1382 1538 1434 Ol
1566 1381 1830 1452 Τριϐαλοὶ

276 1466 341 1528 δὲ,
366 1466 820 1537 ὲπεὶ’ῂσθάνοντο
844 1468 1151 1522 ἑαλωκυῖαν
1176 1469 1459 1542 Βὲρῤοιαν,
1479 1472 1671 1543 πρῶτα
1728 1474 1829 1544 μὲν

278 1559 356 1611 ἐπὶ
371 1558 497 1621 τοὺς
520 1560 787 1629 ἄρχοντας
821 1561 1080 1615 συνέθεον
1108 1563 1448 1633 πανταχόθεν
1467 1564 1829 1636 ὠπλισμένοι,

278 1650 340 1711 ὥς
367 1650 398 1718 ἢ
424 1650 799 1720 ἀμυνούμενοι
825 1652 893 1705 ἂν
918 1652 1103 1723 ἐξῇ,ἱῆ
1136 1653 1240 1718 τὰς
1265 1654 1404 1725 πρὸς
1427 1658 1495 1727 τῇ
1530 1658 1827 1727 ἀκροπόλει

279 1741 428 1804 πύλας
446 1743 820 1808 διανοίξαντες
863 1744 1336 1815 άποδιδράσκοιεν.
1370 1749 1493 1802 Τῶν
1526 1749 1828 1822 βαρϐάρων

278 1832 328 1886 δὲ
344 1833 719 1899 ἀλαλαξάντων
747 1835 949 1901 ἔξωθεν
982 1835 1084 1907 τῆς
1104 1838 1477 1909 ἀκροπόλεως,
1497 1841 1697 1896 αὐτίκα
1720 1845 1829 1897 πᾶ-

282 1939 368 1978 σαν
384 1924 564 1980 ὶλπίδα
590 1927 865 1997 σωτηρίας
879 1929 1235 1996 ἀπογνόντες,
1258 1930 1569 1996 τῶνεῖππων
1594 1934 1829 1989 ἀποϐαί-

281 2032 453 2080 νοντες,
480 2017 742 2088 εἰσῄεσαν
772 2019 855 2083 είς
887 2019 988 2090 τὴν
1016 2020 1337 2090 ἀκρόπολιν,
1379 2025 1578 2088 παῖδας
1605 2027 1699 2079 καὶ
1726 2044 1828 2094 γυ-

283 2109 446 2172 ναῖκας
492 2108 733 2181 εχοντες,
768 2110 880 2164 τῶν
926 2111 985 2165 δὲ
1036 2111 1211 2167 ἄλλων
1243 2113 1432 2169 οὐδένα
1488 2116 1647 2183 λόγον
1677 2119 1830 2173 ἐποι-

282 2197 429 2253 οῦντο.
454 2199 665 2254 Ὄντων
711 2200 768 2253 δὲ
800 2199 1033 2266 πολλῶν,
1061 2204 1359 2271 τριάκοντα
1393 2204 1503 2275 γὰρ
1532 2200 1675 2277 ἦσαν
1718 2208 1828 2262 τῶν

293 2293 595 2361 εύπατριδῶν
631 2296 748 2363 ἅμα
787 2296 1006 2363 γυναιξὶ⁵
1060 2295 1155 2349 καὶ
1196 2296 1432 2363 τέκνοις,
1477 2300 1527 2353 οῖ
1560 2318 1827 2373 στρατιω-

299 2383 389 2434 τῶν
435 2386 618 2449 πάντες
669 2382 863 2458 ἦρχον,
891 2386 1226 2455 στρατιῶται
1252 2388 1311 2443 δὲ
1344 2394 1693 2446 πεντακόσιοι
1732 2395 1827 2447 καὶ

293 2472 453 2541 χίλιοι,
483 2477 598 2529 imi.
629 2478 697 2531 τὰ
734 2480 836 2549 τῆς
874 2479 1229 2549 ἀκροπόλεως
1262 2480 1420 2551 τείχη
1471 2484 1567 2535 καὶ
1607 2485 1655 2537 ol
1686 2485 1826 2556 πύρ-

289 2577 362 2629 γοι
386 2557 511 2632 ἦσαν
534 2567 765 2634 ἀτελεῖς,
800 2570 849 2621 ot
882 2568 985 2635 μὲν
1030 2569 1291 2641 ἄρχοντες
1322 2572 1439 2641 ἅμα
1465 2574 1682 2640 γυναιξὶ
1732 2577 1826 2629 καὶ

283 2654 467 2720 τέκνοις
506 2660 589 2722 εἰς
636 2660 729 2713 ἕνα
772 2660 882 2713 τῶν
928 2661 1156 2737 πύργων
1194 2661 1362 2732 ὕψους
1406 2665 1605 2729 ἱκανῶς
1636 2667 1825 2737 ἔχοντα

284 2747 518 2817 εἰσῄεσαν
546 2765 562 2779 ⁸
591 2751 651 2802 τὸ
679 2751 727 2805 δ’
775 2753 907 2805 ἄλλο
957 2735 1069 2807 τῶν
1105 2755 1478 2825 ’στρατιωτῶν
1523 2735 1744 2827 πλῆθος,
1776 2762 1826 2813 οῖ

281 2836 367 2906 μὲν
409 2842 873 2911 συνελαμϐάνοντο
903 2844 1101 2898 αὐτίκα
1124 2861 1141 2879 ·
1173 2846 1221 2897 οἱ
1245 2845 1303 2899 δὲ
1355 2847 1491 2917 πρὸς
1516 2849 1615 2911 τὰς
1645 2851 1825 2914 οἰκίας

272 2930 692 2999 κατεκρύπτοντο
728 2933 876 3002 παρὰ
909 2936 1038 2997 τοὺς
1070 2935 1281 3004 φίλους.
1332 2935 1396 2992 Ol
1442 2937 1715 3009 Γερμανοὶ
1764 2941 1821 2994 δὲ

270 3017 354 3089 τὴν
377 3020 567 3092 ἑτέραν
597 3019 745 3093 εἶχον
774 3025 1070 3095 ἀκρόπολιν
1098 3026 1221 3081 καθ’
1254 3028 1502 3094 ἑαυτοὺς,
1528 3032 1561 3103 η
1592 3033 1727 3103 πρὸς
1755 3037 1819 3105 τῇ
1853 3073 1891 3131 c

271 3110 495 3185 βασιλικῇ
546 3114 864 3190 καλουμένῃ
914 3115 1062 3190 πύλῃ
1110 3113 1219 3189 ἦν·
1265 3121 1393 3173 ἄλλο
1422 3121 1478 3175 δέ
1511 3140 1563 3175 τι
1615 3123 1821 3194 πλῆθος

269 3204 719 3276 ἀχθοφορούντων,
745 3208 820 3270 ὡς
846 3208 1066 3276 ἐλέγετο
1088 3209 1231 3279 ὑπὲρ
1257 3212 1487 3280 μυρίους
1516 3212 1596 3276 ὃν,
1625 3215 1687 3265 ὲκ
1714 3217 1821 3269 πά-

267 3311 351 3365 σης
377 3298 471 3367 τῆς
495 3298 610 3351 ὑπὸ
646 3299 870 3370 Κράλην
894 3299 999 3369 γῆς
1028 3301 1270 3370 ἠγμένον
1296 3302 1390 3354 ἐπὶ
1414 3303 1510 3373 τὴν
1533 3305 1822 3377 οἰκοδομὴν

266 3388 348 3456 τῆς
373 3388 751 3460 ἀκροπόλεως,
776 3391 882 3457 ἔξω
900 3391 1254 3463 αὐλιζόμενον
1276 3394 1495 3465 τειχῶν,
1520 3396 1594 3459 ὡς
1622 3397 1821 3467 ⁴ᾔσθετο

259 3480 372 3543 τοὺς
403 3481 744 3553 βαρϐάρους,
763 3482 843 3536 ετι
871 3484 1045 3537 δοκῶν
1074 3484 1327 3554 μεγάλων
1349 3503 1593 3556 προσερη
1605 3490 1825 3558 ρεισμὲ-

262 3586 353 3623 νων
387 3577 500 3637 τοῖς
550 3573 819 3644 τείχεσιν,
850 3576 944 3629 ἐπὶ
984 3575 1149 3629 λίθων
1200 3576 1296 3629 καὶ
1352 3576 1453 3645 τῆς
1494 3578 1660 3649 άλλης
1690 3579 1821 3649 ὕλης

256 3663 495 3735 άνολκὴν,
541 3666 619 3719 δι’
663 3665 844 3721 αὐτῶν
892 3668 1225 3738 είσρυέντες,
1278 3667 1620 3738 διεσώθησαν
1671 3674 1825 3735 ἐντὸς

255 3756 342 3823 τῆς
368 3757 605 3821 πόλεως.
648 3757 710 3810 '0
745 3757 999 3828 βασιλεὺς
1042 3759 1101 3811 δὲ
1153 3761 1277 3812 ἐπεὶ
1314 3760 1516 3830 ᾔσθετο
1546 3762 1647 3831 ήδη
1681 3765 1822 3820 κατὰ

254 3848 437 3917 ιράτος
465 3852 572 3921 τὴν
610 3849 768 3904 πόλιν
798 3850 1085 3922 ἐχομένην,
1116 3852 1170 3920 τη
1208 3854 1307 3907 καὶ
1344 3852 1508 3915 αὐτὸς
1551 3854 1687 3923 πρὸς
1722 3855 1823 3926 τὴν

255 3939 559 4009 ἀκρόπολιν,
580 3940 1003 4012 εὐφημούμενος
1032 3942 1138 3995 ὑπὸ
1173 3942 1284 3996 τῶν
1313 3944 1545 3997 πολιτῶν
1574 3947 1665 3997 καὶ
1693 3965 1823 4017 προ·

253 4032 602 4102 πεμπόμενος
628 4049 641 4062 υ
669 4033 960 4103 γενόμενος
978 4033 1036 4087 δὲ
1057 4036 1196 4099 ἐκεῖ,
1229 4036 1409 4090 πάντα
1438 4036 1537 4104 μὲν
1567 4036 1822 4108 εὕρισκεν

251 4121 341 4176 ὑπό
363 4141 422 4178 τε
451 4125 556 4178 τοῦ
590 4125 771 4194 δήμου
818 4126 913 4179 καὶ
944 4126 1045 4194 τῆς
1097 4128 1357 4196 στρατιᾶς
1400 4128 1779 4199 διηρπασμένα
1803 4147 1819 4163 ο

249 4214 363 4278 τοὺς
410 4216 739 4286 βαρϐάρους
789 4216 847 4269 δὲ
893 4215 1119 4285 πέμψας
1149 4216 1413 4283 ἐκώλυσε,
1452 4218 1527 4287 μὴ
1558 4219 1824 4274 εἰσελθεῖν

250 4305 385 4371 ivro;
405 4309 509 4378 τῆς
530 4308 770 4372 πόλεως,
794 4309 883 4361 ῖνα
914 4310 987 4380 μή
1017 4326 1071 4361 τι
1098 4308 1191 4361 ὑπ’
1217 4309 1398 4363 αὐτῶν
1433 4311 1817 4382 κακουργηθῇ,

1938 456 2106 510 armis
2149 457 2387 526 undique
2407 467 2830 525 concurrerunt,
2879 472 2939 515 ut
2970 477 3064 515 eos
3115 462 3498 523 defenderent,

1937 545 1981 601 si
2014 558 2258 614 possent,
2292 550 2577 619 autportis
2624 552 2768 621 apud
2816 566 2998 607 arcem
3035 555 3239 623 apertis
3271 555 3502 622 aufuge-

1937 645 2082 692 rent.
2115 638 2369 693 Barbaris
2399 649 2579 694 autem
2623 650 2775 696 extra
2817 657 3001 697 arcem
3065 644 3247 698 laetum
3300 644 3509 697 vocife-

1937 728 2203 794 rantibus,
2233 730 2417 785 statim
2450 731 2627 787 salute
2652 730 2900 787 funditus
2917 734 3231 804 desperata,
3259 736 3328 788 ab
3353 735 3509 804 equis

1936 817 2357 886 descendentes,
2424 836 2547 875 cum
2608 820 2796 876 liberis
2844 832 2899 877 et
2962 825 3245 889 uxoribus,
3295 824 3509 877 caeteris

1937 909 2223 979 neglectis,
2252 910 2307 966 in
2330 927 2513 968 arcem
2546 912 2934 985 confugerunt.
2970 915 3105 970 Cum
3145 931 3311 986 porro
3351 918 3509 969 multi

1935 1009 2121 1057 essent
2152 1001 2399 1071 prefecti
2447 1003 2682 1058 militum
2745 1005 2988 1076 (triginta
3039 1006 3293 1061 videlicet
3355 1008 3511 1061 nobi-

1938 1089 2035 1158 les,
2083 1092 2351 1149 habentes
2389 1110 2587 1151 uxores
2658 1112 2723 1151 ac
2771 1097 2997 1162 liberos,
3067 1098 3267 1153 milites
3323 1109 3505 1155 autem

1934 1164 2086 1240 inille
2106 1184 2438 1257 quingenti),
2467 1188 2729 1255 quoniam
2748 1189 2891 1244 arcis
2921 1190 3063 1243 muri
3087 1199 3140 1244 et
3171 1201 3349 1246 turres
3376 1209 3510 1248 non-

1936 1276 2068 1331 dum
2121 1289 2422 1335 extremam
2454 1297 2674 1336 manum
2718 1294 3068 1353 acceperant,
3108 1286 3351 1354 praefrcti
3385 1302 3506 1341 cum

1937 1367 2261 1441 coniugibus
2330 1383 2384 1427 et
2422 1373 2545 1429 ﬁliis
2577 1374 2629 1429 in
2664 1391 2828 1430 unam
2862 1379 3055 1431 turrim
3086 1382 3221 1434 satis
3248 1382 3412 1433 altam
3453 1396 3511 1435 se

1935 1460 2265 1517 abdiderunt
2293 1480 2309 1529 ;
2339 1464 2405 1519 de
2432 1466 2698 1522 militibus
2718 1468 2809 1522 alii
2830 1470 3049 1538 quidem
3094 1487 3217 1525 mox
3266 1487 3515 1542 compre—

1937 1550 2341 1622 hendebantur,
2372 1558 2464 1612 alii
2499 1559 2551 1613 in
2584 1560 2793 1616 (edibus
2817 1561 2885 1617 ab
2936 1564 3130 1620 amicis
3161 1567 3514 1621 occultaban-

1936 1653 2047 1700 tur.
2080 1645 2345 1704 Germani
2376 1650 2607 1706 alteram
2639 1668 2848 1721 arcem,
2874 1672 2994 1724 qua:
3044 1658 3110 1710 ad
3164 1669 3373 1726 portam
3424 1676 3510 1713 re-

1932 1738 2074 1809 giam
2112 1750 2251 1807 erat,
2298 1743 2400 1797 soli
2455 1745 2794 1800 tuebantur:
2838 1747 2941 1801 alia
2993 1750 3307 1814 multitudo,
3373 1768 3510 1821 ope-

1932 1829 2223 1896 rariorum,
2255 1842 2314 1888 ut
2352 1834 2654 1904 ferebatur,
2691 1837 2813 1908 plus
2839 1841 3025 1894 decem
3057 1842 3245 1905 millia,
3275 1858 3339 1898 ex
3393 1854 3508 1898 tota

1930 1918 2105 1977 Cralis
2136 1926 2416 1993 provincia
2468 1928 2536 1983 ad
2587 1930 2730 1984 arcis
2784 1930 3207 1989 aedificationem
3260 1936 3511 2002 collecta,

1930 2022 2084 2069 extra
2142 2032 2327 2073 muros
2359 2034 2609 2083 manens,
2664 2022 2753 2076 ubi
2805 2023 3070 2080 barbaros
3114 2027 3307 2091 sensit,
3344 2028 3510 2084 etiam

1931 2115 2044 2162 tum
2087 2110 2333 2165 trabibus
2373 2112 2588 2183 magnis
2616 2116 2682 2168 ad
2715 2130 2903 2170 muros
2935 2118 3208 2187 applieitis
3270 2121 3512 2190 (lapidi-

1930 2197 2034 2254 bus
2069 2201 2400 2272 reliquaeque
2433 2206 2676 2260 materiae
2701 2220 2921 2260 sursum
2953 2209 3289 2265 attrahenda:
3322 2212 3513 2266 videli-

1937 2296 2066 2357 cet),
2102 2306 2199 2359 per
2252 2307 2346 2347 eas
2403 2296 2457 2347 in
2513 2295 2705 2349 urbem
2736 2296 3065 2353 scandentes
3111 2300 3311 2355 servati
3356 2311 3506 2357 sunt.

1929 2377 2101 2443 Quam
2144 2391 2203 2435 ut
2236 2382 2347 2451 jam
2387 2385 2439 2437 vi
2502 2400 2566 2438 ac
2605 2386 2813 2441 virtute
2879 2398 3197 2458 occupatam
3252 2394 3508 2462 cognovit

1930 2469 2248 2539 imperator,
2314 2481 2368 2526 et
2403 2475 2518 2543 ipse
2547 2475 2613 2529 ad
2646 2490 2827 2532 arcem
2859 2479 3201 2534 acclamante
3235 2495 3297 2535 ac
3335 2482 3509 2536 dedu-

1928 2572 2086 2616 cente
2113 2556 2312 2633 populo
2334 2564 2639 2634 profectus,
2672 2568 2746 2621 ibi
2788 2570 2975 2623 omnia
3020 2579 3077 2625 et
3107 2585 3137 2624 a
3188 2571 3343 2641 plebe
3389 2581 3446 2627 et
3477 2588 3509 2628 a

1928 2652 2192 2708 militibus
2218 2656 2427 2725 direpta
2481 2658 2741 2724 invenit;
2800 2660 3085 2731 misitque,
3117 2672 3172 2717 et
3246 2662 3510 2719 barbaros

1930 2746 2079 2799 urbis
2110 2746 2357 2816 ingressu
2387 2749 2693 2817 prohibuit,
2737 2767 2804 2806 ne
2826 2752 2958 2822 quid
2996 2753 3068 2819 ei,
3111 2763 3170 2807 ut
3206 2754 3350 2809 bello
3380 2770 3510 2826 cap-

1929 2838 1998 2891 tis
2026 2840 2185 2901 solet,
2216 2851 2523 2895 noceretur.
2558 2842 2765 2898 Deinde
2798 2843 3089 2913 Triballos,
3125 2848 3218 2918 qui
3258 2848 3428 2922 776
3447 2866 3509 2907 se

1930 2928 1983 2981 in
2020 2930 2212 2983 turrim
2250 2932 2632 2999 condiderant,
2678 2935 2831 2990 exire
2858 2936 3045 3004 jussit,
3080 2938 3206 2993 data
3244 2940 3350 2995 fide
3399 2957 3507 3012 pu-

1931 3019 2089 3083 hlica,
2119 3022 2253 3075 nihil
2286 3024 2409 3076 mali
2454 3028 2956 3095 perpessuros.Qui
2990 3030 3239 3099 protinus
3273 3035 3505 3104 egressi,

1928 3124 2119 3163 omnes
2146 3125 2271 3163 eum
2303 3113 2644 3180 adorarunt;
2672 3124 2834 3170 erant
2873 3117 3147 3187 siquidem
3179 3122 3341 3178 amici
3386 3138 3507 3179 om-

1927 3215 2043 3253 nes.
2076 3203 2143 3255 At
2170 3202 2424 3258 Germani
2452 3208 2674 3275 populo,
2712 3217 2766 3263 et
2810 3210 2903 3279 qui
2929 3226 2994 3265 ex
3033 3206 3352 3271 triremibus
3408 3232 3502 3273 reo

1926 3303 2137 3359 nerant,
2162 3298 2530 3364 cataphractis
2562 3300 2923 3367 resistebant,
2958 3305 3141 3375 quoad
3206 3307 3507 3378 imperator

1924 3388 2192 3451 accessit;
2253 3396 2366 3442 tum
2434 3392 2581 3445 enim
2643 3395 2938 3450 confestim
2987 3412 3116 3454 arce
3167 3399 3385 3456 deserta
3442 3417 3504 3459 se

1924 3474 2275 3532 dediderunt.
2316 3481 2493 3548 Atque
2548 3482 2601 3535 hi
2657 3482 2759 3552 ipsi
2805 3484 2880 3537 illi
2928 3497 3113 3553 erant,
3140 3503 3281 3557 quos
3305 3490 3356 3545 ei
3391 3490 3505 3559 pri-

1926 3580 2071 3617 mum
2103 3566 2419 3622 Berrhceam
2454 3573 2661 3641 petenti
2728 3574 2919 3629 Crates
2950 3576 3129 3631 socios
3155 3579 3501 3648 adjunxerat;

1924 3656 2123 3723 quibus
2186 3667 2316 3711 tunc
2357 3659 2655 3728 imperator
2715 3678 2942 3734 magnas
2995 3665 3064 3721 de
3116 3667 3503 3727 benevolentia

1925 3747 2124 3816 gratias
2150 3748 2278 3819 egit.
2309 3749 2428 3803 Non
2459 3753 2605 3806 enim
2638 3756 2890 3822 quamvis
2921 3756 2975 3810 id
3016 3755 3205 3812 Crale's
3237 3760 3495 3818 mandas-

1925 3845 2028 3897 set,
2081 3837 2483 3895 Thessalonica:
2529 3842 2583 3895 in
2657 3845 2854 3899 castris
2896 3846 3077 3916 ipsum
3108 3848 3497 3920 deseruerant,

1925 3927 2019 3980 sed
2079 3943 2177 3996 per
2226 3932 2406 3985 media
2464 3933 2747 4004 multaque
2790 3934 3108 3993 discrimina
3138 3953 3313 4009 usque
3368 3942 3500 3998 Ber-

1927 4017 2133 4072 rhmam
2161 4022 2358 4089 cupide
2390 4024 2563 4079 secuti
2599 4024 2835 4080 fuerant.
2872 4024 2992 4092 Qua
3011 4028 3077 4083 de
3113 4044 3280 4086 causa
3324 4032 3499 4103 impe-

1924 4117 2075 4162 rator
2137 4112 2236 4165 etsi
2283 4114 2531 4183 captivos
2561 4115 2793 4187 benigne
2818 4125 2873 4173 et
2904 4119 3220 4175 humaniter
3275 4135 3372 4177 eos
3402 4124 3501 4179 ha-

1923 4201 2043 4257 buit
2072 4213 2125 4257 et
2158 4220 2281 4259 cum
2312 4208 2470 4276 equis
2508 4217 2675 4277 atque
2707 4210 2873 4265 etiam
2915 4226 3041 4267 cum
3077 4213 3266 4277 armis,
3292 4213 3499 4272 donato

1926 4296 2144 4361 viatico,
2173 4298 2240 4351 ad
2270 4298 2483 4353 Cralem
2519 4300 2745 4354 dimisit.
2780 4301 3022 4357 Caeteros
3050 4304 3254 4361 milites
3303 4322 3496 4365 omnes

244 4394 311 4460 ὥς
358 4400 595 4471 πολέμῳ
645 4399 748 4468 τῆς
786 4399 995 4462 πόλεως
1046 4399 1373 4459 ἑαλωκυίας.
1428 4400 1661 4453 Ἔπειτα
1714 4404 1825 4465 τοῖς

1929 4398 2079 4442 extra
2130 4389 2348 4460 triginta
2404 4392 2710 4460 pnefectos,
2772 4405 3063 4452 contentos
3129 4396 3494 4466 indumentis,

245 4488 549 4558 Τριϐαλοῖς,
568 4494 687 4554 τοῖς
716 4494 773 4545 ὲν
800 4491 879 4562 τῷ
898 4491 1092 4561 πύργῳ
1120 4491 1366 4545 ἐκέλευεν
1385 4492 1608 4559 ἐξιέναι,
1640 4491 1819 4557 δεξιὰν

244 4579 429 4649 διδοὺς,
458 4584 541 4648 ὡς
581 4584 741 4637 οὐδὲν
772 4584 901 4654 παρ’
939 4583 1105 4638 αὐτοῦ
1140 4583 1419 4637 πείσονται
1455 4584 1648 4637 δεινόν.
1680 4586 1744 4637 O't
1773 4585 1819 4637 δ’

245 4674 431 4729 αὐτίκα
464 4678 716 4744 ἐξιόντες
750 4676 1120 4745 προσεκύνουν
1147 4692 1164 4710 ·
1203 4678 1401 4739 πάντες
1438 4678 1547 4746 γὰρ
1576 4676 1684 4728 τῶν
1728 4675 1819 4744 φί-

244 4762 338 4819 λων
386 4762 559 4837 ἦσαν.
616 4766 888 4837 Γερμανοὶ
941 4766 998 4819 δὲ
1049 4768 1295 4835 ἀντεῖχον
1330 4766 1468 4834 πρὸς
1522 4766 1612 4817 τὸν
1650 4766 1819 4834 δῆμον

243 4857 473 4922 καὶτοὺς
494 4862 566 4912 ὲκ
587 4858 700 4911 τῶν
722 4860 994 4929 τριήρεων
1019 4859 1243 4921 ὁπλίτας
1264 4858 1636 4928 μαχομένους,
1663 4858 1819 4926 ἄχρις

243 4939 296 4998 οὗ
321 4948 586 5014 βασιλεὺς
615 4948 833 5015 ἐγένετο
852 4948 947 5001 καὶ
974 4948 1111 5016 πρὸς
1137 4946 1335 5009 αύτούς
1363 4962 1376 4979 ο
1406 4947 1605 4998 αὐτίκα
1634 4947 1690 4998 δὲ
1722 4947 1818 4998 καὶ

242 5035 389 5089 αὐτοὶ
406 5038 738 5100 ικλιπόιτες
757 5038 855 5108 τὴν
884 5038 1180 5109 ἀκρόπολιν
1204 5035 1615 5106 προσεχώρουν.
1635 5033 1821 5090 Ἦσαν

238 5126 288 5179 δὲ
312 5129 541 5193 ἐκεῖνοι,
574 5130 631 5183 οἶ
680 5132 815 5200 μετὰ
850 5130 1139 5201 βασιλέως,
1172 5130 1260 5183 ὅτε
1302 5130 1435 5200 πρὸς
1473 5129 1736 5200 Βέῤῥοιαν
1757 5129 1820 5182 τὸ

241 5220 444 5286 πρῶτον
468 5218 585 5293 ἧκε
612 5220 804 5291 Κράλη
835 5222 1264 5291 προστάττοντος
1304 5219 1816 5291 συνεστρατεύοντο,

240 5306 312 5375 97.;
346 5314 376 5367 ό
410 5313 691 5384 βασιλεὺς
736 5314 981 5382 μεγάλας
1008 5314 1125 5384 ᾔδει
1157 5314 1385 5384 χάριτας
1417 5314 1517 5384 τῆς
1550 5313 1631 5375 είς
1657 5312 1820 5366 αὑτὸν

241 5404 442 5467 εὐνοίας
475 5406 616 5457 τότε
640 5419 656 5436 ⁶
689 5406 748 5458 ού
783 5406 893 5475 γὰρ
927 5406 1252 5475 ὑπέμειναν,
1284 5405 1464 5458 καίτοι
1495 5404 1601 5457 ὑπὸ
1627 5404 1819 5474 Κρὰλη

241 5493 622 5566 κελευόμενοι,
654 5496 898 5549 ἐκλιπεῖν
929 5496 1091 5550 αὐτὸν
1139 5498 1199 5549 ὲν
1243 5495 1617 5567 Θεσσαλονίκῃ
1658 5512 1822 5564 στρα-

242 5588 553 5654 τευόμενον,
592 5586 731 5641 ἀλλὰ
766 5589 944 5643 καίτοι
1002 5587 1217 5642 πολλῶν
1239 5586 1502 5642 κινδύνων
1532 5589 1821 5659 περισχόν-

244 5693 358 5746 των,
391 5680 554 5750 ὅμως
612 5678 739 5752 ἄχρι
770 5681 1034 5753 Βερῤοίας
1062 5680 1283 5737 εἵποντο
1324 5679 1643 5753 προθύμως.
1679 5681 1754 5735 Δι’
1783 5679 1820 5736 ἃ

1924 4480 2157 4549 pedibus
2186 4482 2336 4536 abire
2389 4484 2607 4539 domum
2686 4486 2892 4555 voluit;
2945 4490 3073 4560 equi
3139 4507 3379 4564 namque
3425 4495 3497 4551 ab

1922 4570 2169 4625 exercitu
2200 4573 2397 4642 direpti
2424 4584 2580 4629 erant
2606 4592 2621 4640 ;
2664 4577 2947 4647 reliquam‘
2968 4581 3284 4649 colluviem,
3336 4584 3497 4655 baju-

1924 4662 2099 4717 lorum
2156 4665 2412 4718 nimirum
2488 4682 2551 4721 ac
2612 4669 2911 4737 fossorum,
2974 4673 3187 4744 longius
3220 4675 3288 4729 ab
3333 4675 3492 4741 urbe,

1918 4753 2070 4821 jussu
2100 4755 2447 4821 imperatoris
2476 4758 2792 4824 abductam,
2830 4778 2899 4817 ne
2929 4779 2959 4817 a
2994 4764 3243 4819 barbaris
3286 4767 3493 4835 spolia-

1924 4853 2133 4908 rentur,
2202 4846 2401 4900 milites
2434 4848 2795 4904 dimiserunt.
2854 4851 2992 4906 Cum
3055 4862 3238 4907 autem
3290 4863 3345 4906 et
3393 4854 3496 4907 tri-

1921 4935 2069 5002 ginta
2100 4935 2222 4989 illos
2258 4937 2557 4992 honorifice
2583 4942 2747 4995 vellet
2796 4941 3098 5007 dimittere,
3151 4957 3211 4996 se
3266 4942 3492 4997 retineri

1923 5038 2273 5096 regaverunt,
2302 5046 2369 5083 ne
2387 5032 2528 5099 apud
2559 5032 2803 5098 ipsorum
2829 5032 3131 5100 principem
3157 5048 3254 5100 per
3274 5033 3490 5087 calum-

1922 5117 2067 5170 niam
2117 5130 2527 5185 accusarentur,
2590 5136 2819 5190 seseque
2875 5122 3121 5176 volentes
3178 5138 3301 5178 cum
3355 5125 3493 5181 urbe

1924 5208 2214 5263 tradidisse
2253 5211 2593 5264 viderentur.
2643 5210 2810 5265 Paulo
2846 5221 2969 5281 post
2999 5212 3089 5267 alii
3131 5215 3350 5284 quidem
3391 5217 3495 5272 do-

1925 5315 2042 5355 mos
2093 5316 2221 5356 suas
2269 5302 2618 5367 imperatoris
2650 5305 2920 5372 permissu
2968 5313 3283 5375 petiverunt
3326 5308 3493 5373 ;aliis

1923 5394 2048 5465 fuga
2075 5395 2595 5464 plaeuit;nonnulli
2642 5395 3087 5453 Thessalonicam
3134 5399 3309 5463 ducti,
3366 5401 3497 5457 inde

1924 5488 2241 5559 fugiebant;
2280 5503 2385 5543 nec
2426 5489 2572 5543 enim
2610 5490 2665 5543 in
2713 5491 3040 5545 carceribus
3084 5491 3495 5547 concludeban-

1927 5590 2035 5648 tur,
2062 5582 2159 5637 sed
2190 5581 2245 5636 in
2278 5582 2626 5637 monasteriis
2661 5581 2782 5637 sine
2834 5583 3068 5639 vinculis
3104 5584 3495 5639 custodieban-

1928 5686 2036 5732 tur.
2078 5675 2230 5733 Talia
2288 5675 2431 5747 apud
2482 5676 2798 5733 Berrhoeam
2854 5676 3187 5743 acciderunt,
3250 5676 3497 5765 feliciora
