3996 6218
440 388 544 451 117

1637 391 1959 452 JOANNIS
1998 393 2522 459 CANTACUZENI
3600 396 3685 487 158

441 503 662 559 ccribus
707 502 883 558 Cralis
918 507 1166 571 praeerat,
1197 499 1288 568 qui
1328 500 1639 570 prudentia,
1678 502 2018 567 fortitudine,

2138 510 2373 577 φρουράν
2413 525 2471 562 τε
2503 509 2639 579 πρὸς
2666 509 2764 576 τὴν
2793 507 2972 578 ἄκραν
3002 506 3316 571 διακοσίους
3346 507 3575 572 ὁπλίτας
3607 515 3689 567 καὶ

440 594 829 649 ΓΧΘΓΟῘῑὲΙῑῘΟΙΙΘ
875 592 1063 646 bellica
1111 606 1275 661 supra
1307 601 1537 647 exteros
1564 593 1832 648 excellere
1867 594 2020 647 vide-

445 691 620 739 tatur.
652 682 930 737 Euliﬁcata
964 691 1048 736 est
1080 697 1243 751 super
1274 683 1473 738 montis
1502 684 1667 738 ardua
1700 687 2017 753 prominen-

445 777 543 838 tizt,
579 773 871 841 statimque
918 789 945 827 a
999 774 1268 844 principio
1315 776 1605 845 semetipsa
1653 777 1833 843 altior,
1881 778 2023 831 sicut

443 874 547 929 est,
593 867 872 918 accedenti
906 876 1148 935 apparet.
1182 866 1239 920 In
1277 866 1395 935 ipso
1441 877 1622 921 autem
1654 868 1784 937 jugo
1820 868 2023 922 montis

443 956 665 1019 desiuit,
725 958 921 1026 triplici
973 973 1130 1012 muro
1178 958 1430 1012 diSIineta
1479 967 1536 1013 et
1586 960 1905 1030 intersepta,
1965 969 2023 1014 ut

439 1048 572 1101 foris
613 1049 892 1103 existimes
940 1048 1037 1103 tria
1088 1064 1208 1105 esse
1256 1050 1654 1120 oppida,aliud
1682 1060 1805 1121 post
1851 1052 2019 1106 aliud.

438 1140 712 1211 Utrinque
771 1142 1008 1196 vallibus
1040 1142 1329 1210 profundis
1390 1142 1785 1198 circumdatur.
1867 1144 2024 1210 Quod

440 1244 589 1303 patet
634 1235 701 1290 ab
758 1236 891 1291 urbe
922 1237 1083 1304 spatii
1134 1252 1304 1307 usque
1350 1240 1418 1293 ad
1476 1239 1776 1309 planitiem,
1840 1250 1896 1294 et
1958 1240 2025 1294 ad

445 1329 654 1393 valles,
730 1343 833 1393 qua
901 1328 1133 1383 habitari
1211 1340 1407 1399 potest,
1461 1331 1667 1387 aadibus
1702 1342 1759 1387 et
1809 1333 2024 1395 incolis,

448 1439 553 1479 non
588 1423 819 1492 plebeiis
845 1425 1028 1485 modo,
1065 1424 1159 1478 sed
1193 1434 1247 1479 et
1281 1425 1637 1495 optimatibus
1665 1440 1728 1481 ac
1763 1425 2028 1482 militibus

445 1516 761 1571 domesticis
790 1516 975 1571 multis
1046 1524 1210 1586 atque
1239 1519 1475 1572 strenuis
1504 1519 1725 1588 plenum
1757 1529 1861 1576 est.
1906 1521 2027 1591 Ipsa

446 1608 577 1664 urbs
629 1619 850 1678 pr0pter
894 1609 993 1665 loci
1044 1609 1368 1679 positionem
1415 1626 1630 1664 sursum
1668 1611 2029 1668 succedentes

444 1703 637 1755 domos
672 1699 904 1765 habens,
942 1716 1142 1770 paucas
1172 1705 1314 1755 aedes
1357 1716 1480 1757 eum
1526 1701 1712 1755 multis
1742 1682 2029 1772 contigna-

448 1792 689 1847 tionibus
723 1791 942 1847 videtur
975 1792 1195 1854 habere,
1249 1792 1375 1861 Ejus
1430 1792 1550 1847 dua:
1586 1800 1768 1862 partes
1812 1793 2032 1849 inferio—

451 1898 537 1937 res
580 1899 609 1937 a
647 1882 861 1938 civibus
909 1884 1268 1939 incoluntur:
1311 1884 1489 1947 tertia,
1540 1899 1660 1953 quae
1712 1885 1901 1939 eadem
1936 1902 2029 1940 arx

450 1984 553 2033 est,
602 1973 862 2044 przefecto
909 1975 1256 2044 relinquitur.
1295 1976 1389 2030 Est
1433 1984 1614 2030 autem
1668 1977 2033 2048 undequaque

447 2080 673 2120 accessu
739 2076 1160 2138 oppugnatuque
1211 2067 1467 2125 difficilis.
1543 2069 1658 2124 illic
1694 2069 2034 2137 Prealimpus

448 2157 650 2229 sedens
694 2157 857 2213 fossis
928 2174 992 2213 ac
1039 2159 1438 2215 munitionibus
1486 2175 1595 2215 non
1642 2161 1859 2232 egebat,
1908 2176 2032 2216 cum

454 2248 577 2301 huic
613 2248 693 2302 rei
733 2258 928 2303 natura
957 2250 1307 2318 providisset.
1355 2252 1422 2305 Et
1467 2252 1511 2306 is
1555 2251 1766 2307 civibus
1798 2267 2033 2321 magno—

448 2354 578 2405 pere
605 2337 874 2405 difiidens,
918 2353 1108 2394 eorum
1140 2339 1363 2403 liberos,
1396 2354 1613 2405 uxores,
1646 2349 1701 2395 et
1729 2354 1845 2394 rem
1880 2337 2038 2391 fami-

451 2520 566 2585 bat,
601 2520 747 2575 viros
780 2536 972 2577 omnes
1018 2522 1073 2575 in
1107 2522 1376 2584 ultimam,
1423 2537 1516 2577 seu
1564 2522 1803 2576 infimam
1841 2523 2035 2577 urbem

450 2612 758 2681 expellebat
784 2632 797 2667 :
820 2612 1085 2667 mandans
1108 2614 1185 2668 uti
1225 2614 1633 2683 imperatorem,
1657 2615 1701 2668 si
1730 2614 2033 2679 invaderet,

450 2720 478 2758 a
528 2720 587 2760 se
636 2704 937 2776 liberisque
986 2705 1099 2760 suis
1132 2706 1517 2775 propulsarent
1544 2722 1559 2771 ;
1590 2705 1705 2775 ipse
1736 2705 1928 2759 media:
1958 2704 2034 2758 illi

452 2797 597 2861 urbi,
629 2798 683 2852 in
730 2813 835 2866 qua
882 2799 1147 2869 conjuges
1196 2813 1318 2853 cum
1352 2798 1598 2868 prolibus
1627 2808 1804 2862 erant,
1852 2797 2038 2867 praesi-

452 2888 599 2943 dium
631 2902 661 2942 ο
692 2886 949 2943 Triballis
978 2888 1319 2959 imponebat,
1346 2904 1484 2955 quos
1515 2905 1678 2959 supra
1707 2878 2036 2959 quingentos

452 2980 657 3035 habere
688 2979 992 3036 dicebatur.
1043 2980 1358 3036 Habitantes
1392 2992 1573 3035 autem
1623 2991 1775 3036 extra
1826 2996 2035 3047 muros,

452 3085 635 3140 neque
660 3070 713 3124 in
744 3069 931 3125 urbem
959 3069 1167 3140 ingredi
1205 3069 1441 3133 sinebat,
1472 3082 1647 3138 neque
1680 3067 1819 3123 filios
1847 3082 2035 3124 eorum

2120 600 2311 668 ψιλοὺς
2352 600 2694 666 καταλιπὼν,
2737 601 2831 655 καὶ
2878 600 3125 672 ἡγεμόνα
3173 603 3240 670 τῇ
3277 601 3431 654 πόλει
3463 602 3686 666 Λυζικδν

2129 690 2398 764 Γεώργιον
2428 694 2721 758 κράτιστον
2759 692 3026 746 δοκοῦντα
3063 693 3133 746 τὰ
3173 692 3412 761 πολέμια
3444 692 3539 745 καὶ
3571 710 3688 745 συν-

2125 787 2268 850 ετὸν,
2316 788 2397 849 είς
2451 787 2718 857 Βέρροιαν
2769 783 3025 855 ἐπανῄει.
3090 785 3487 855 Προσεχώρουν
3522 784 3578 837 δὲ
3607 786 3693 838 καὶ

2125 878 2332 947 ἀμαχελ⁸
2385 878 2451 931 τὰ
2495 880 2627 946 περὶ
2667 876 2938 929 Ἔδεσσαν
2997 876 3095 928 καὶ
3144 873 3414 945 Βὲρῤοιαν
3468 876 3694 945 φρούρια

2126 970 2221 1022 καὶ
2251 972 2306 1022 αἱ
2347 970 2622 1039 πολίχναι,
2653 969 2722 1021 τά
2763 985 2823 1020 τε
2865 966 3167 1038 Σταρίδολα
3195 966 3515 1037 λεγόμενον,
3550 968 3693 1040 καὶὴ

2129 1062 2334 1133 Πέτρα,
2366 1063 2459 1117 καὶ
2492 1065 2519 1116 ό
2547 1061 2786 1126 Σωσκδς,
2813 1062 2909 1115 καὶ
2934 1062 2967 1131 ή
2996 1059 3194 1131 Δεύρη,
3231 1059 3313 1113 ἐτι
3333 1077 3394 1113 τε
3425 1063 3454 1113 ό
3489 1062 3696 1131 Ὀστρο-

2128 1156 2245 1219 ϐὸς,
2278 1156 2374 1207 καὶ
2396 1154 2463 1207 τὰ
2492 1154 2684 1208 Νότια’
2716 1154 2811 1207 καὶ
2837 1154 2901 1206 ἐκ
2927 1150 3036 1206 τῶν
3055 1150 3357 1214 Θετταλίας
3374 1151 3692 1221 πολυχνίων,

2126 1248 2227 1316 τὴν
2261 1245 2638 1315 Λυκοστόμιον
2665 1244 2986 1315 λεγόμενον,
3013 1248 3112 1300 καλ⁸
3137 1245 3199 1299 τὸ
3225 1244 3523 1315 Καστρίον.
3556 1246 3698 1299 Ἀνα-

2131 1339 2344 1407 παύλης
2394 1341 2453 1394 δέ
2503 1341 2709 1411 μικρᾶς
2748 1355 2893 1402 τινος
2922 1339 2951 1391 ό
2987 1336 3242 1409 βασιλεὺς
3322 1336 3562 1401 ἀξιώσας
3609 1337 3697 1407 τὴν

2131 1433 2419 1499 στρατιὰν,
2451 1430 2880 1501 ἐξεστράτευσεν
2902 1428 3059 1492 αὖθις
3088 1429 3230 1482 κατὰ
3250 1427 3512 1498 Σερϐίων,
3547 1427 3701 1489 Πόλις

2129 1523 2186 1577 δὲ
2214 1523 2386 1576 ταῦτα
2416 1523 2478 1575 ού
2511 1521 2710 1591 μικρὰ,
2743 1525 2801 1575 ἐν
2828 1520 3101 1591 μεθορίοις
3129 1520 3415 1583 Βοττιαίας
3466 1519 3690 1588 κειμένη

2130 1617 2224 1670 καὶ
2258 1614 2592 1677 Θετταλίας
2622 1609 2691 1685 ἦς
2724 1610 2863 1684 ἦρχε
2898 1610 3036 1683 μετὰ
3066 1611 3167 1680 τῆς
3200 1611 3367 1681 ἄλλης
3403 1610 3694 1672 Θετταλίας

2134 1708 2491 1779 Πρεάλιμπος
2531 1705 2641 1759 τῶν
2682 1705 2833 1776 παρὰ
2865 1704 3059 1775 Κράλῃ
3086 1702 3355 1769 δυνατῶν,
3386 1702 3446 1765 ὃς
3475 1702 3705 1772 μάλιστα

2137 1799 2310 1851 ἐδόκει
2346 1795 2566 1850 συνέσει
2595 1795 2688 1849 καὶ
2724 1794 3007 1863 εὐτολμίᾳ,
3037 1796 3133 1848 καὶ
3169 1794 3235 1861 τῇ
3281 1793 3413 1861 περ)⁸
3450 1792 3518 1845 τὰ
3547 1791 3706 1843 πολέ-

2140 1906 2239 1957 μια
2299 1886 2410 1941 τῶν
2462 1887 2643 1957 ἄλλων
2680 1885 2938 1955 προέχειν
2983 1881 3276 1952 ἐμπειρίᾳ.
3340 1883 3533 1935 Κεῖται
3588 1880 3704 1951 δέή

2134 1979 2287 2041 πόλις
2318 1977 2501 2047 ἐκείνη
2532 1978 2624 2031 ἐπί
2653 1993 2801 2039 τινος
2831 1976 3092 2038 ἀνάντους
3116 1974 3209 2028 τοῦ
3240 1972 3401 2041 δρους
3416 1971 3706 2044 προϐολῆς,

2137 2070 2300 2133 εὐθὺς
2331 2070 2571 2140 ἐξαρχῆς
2604 2068 2743 2137 αὑτὴ
2769 2068 2971 2138 ἐαυτῆς
3007 2066 3387 2138 μετεωροτέρα
3411 2065 3706 2134 φαινομένη

2137 2166 2232 2218 καὶ
2267 2160 2401 2216 οὖσα
2452 2162 2720 2232 προῖόντι.
2761 2159 2884 2216 Ἐπ’
2936 2159 3114 2229 αὐτήν
3164 2173 3223 2211 τε
3272 2158 3373 2228 τὴν
3403 2154 3709 2227 ἀκρώρειαν

2138 2256 2441 2326 καταλήγει
2469 2258 2621 2324 τρισὶ
2643 2242 3049 2322 διατειχίσμασι
3079 2249 3409 2321 διῃρημένη,
3435 2247 3508 2309 ὡς
3537 2246 3710 2301 δοκεῖν

2092 2406 2097 2415 ,
2141 2345 2359 2410 ἔξωθεν,
2396 2346 2549 2414 τρεῖς
2605 2338 2745 2396 εἶναι
2780 2341 2991 2404 πόλεις
3045 2341 3307 2410 κειμένας
3357 2335 3710 2406 ἐπαλλήλους.

446 2430 640 2484 liarcm
674 2431 728 2484 in
776 2432 1101 2495 secundum,
1138 2447 1234 2487 seu
1266 2432 1507 2486 medium
1544 2440 1757 2501 septum
1808 2445 2033 2485 sevoca-
2088 2422 2093 2431 ’

2150 2435 2531 2505 Ἐκατέρωθέν
2574 2453 2635 2488 τε
2690 2436 2987 2505 φάραγγας
3038 2430 3436 2503 περιϐέϐληται
3469 2428 3707 2498 βαθείας.

2139 2531 2214 2584 Τὸ
2248 2531 2294 2584 δ’
2340 2530 2447 2583 ἀπὸ
2485 2529 2585 2599 τῆς
2625 2526 2832 2589 πόλεως
2883 2526 3013 2597 ἄχρι
3065 2523 3161 2577 τυῦ
3191 2523 3451 2577 ἐπιπέδου
3484 2520 3707 2574 καὶτῶν

2140 2619 2487 2688 φαράγγων,
2527 2618 2652 2671 ὅσον
2702 2615 2938 2685 μάλιστα
3023 2611 3297 2667 οίκεῖσθαι
3349 2609 3655 2676 ἐπιδέχεται
3690 2648 3707 2672 ,

2140 2710 2331 2764 οίκιῶν
2374 2708 2733 2780 πεπλήρωται
2771 2709 2867 2760 καὶ¹
2918 2704 3225 2777 ἀνθρώπων
3255 2703 3317 2755 οὐ
3365 2702 3475 2755 τῶν
3502 2699 3716 2752 πολλῶν

2144 2802 2330 2872 μόνον,
2367 2800 2505 2855 ἀλλὰ
2546 2801 2639 2853 καὶ
2684 2799 2794 2852 τῶν
2823 2798 3067 2868 ἀρίστων
3099 2798 3164 2850 ἐκ
3193 2794 3303 2849 τῶν
3331 2791 3715 2855 πολιτῶνρκαὶ

2139 2897 2204 2947 ἐκ
2229 2892 2338 2946 τῶν
2377 2890 2754 2962 στρατιωτῶν,
2774 2890 2822 2943 οἳ
2840 2886 2990 2960 ἦσαν·
3017 2889 3275 2958 ἐγχώριοι
3300 2885 3484 2941 πολλοί
3516 2902 3574 2937 τε
3615 2883 3710 2937 καὶ

2138 2984 2334 3054 ἀγαθοί
2362 3000 2376 3014 ⁶
2412 2986 2446 3053 ἦ
2504 3000 2563 3035 τε
2592 2983 2772 3047 πόλις,
2817 2980 3157 3047 ἐπαλλήλους
3202 2979 3497 3046 τὰςξοίκίας
3522 2977 3721 3046 ἔχουσα

2138 3076 2229 3131 διὰ
2282 3075 2380 3147 τὴν
2432 3076 2541 3129 ἀπὸ
2572 3074 2667 3128 τοῦ
2723 3076 2889 3127 τόπου
2932 3073 3105 3135 θέσιν,
3155 3070 3343 3139 ὀλίγας
3381 3070 3529 3139 ἐχειν
3556 3068 3710 3123 δοκεῖ

452 3180 576 3219 cum
617 3163 878 3219 uxoribus
914 3164 1215 3234 recipiebat
1247 3181 1260 3217 :
1294 3163 1387 3217 sed
1424 3178 1524 3232 pro
1574 3161 1781 3217 mdibus
1829 3170 2035 3217 stantes

2140 3170 2320 3233 οἰκίας
2366 3169 2760 3239 πολυορόφους.
2825 3167 3074 3220 Οίκεῖται
3112 3165 3167 3218 δὲ
3198 3164 3264 3218 τά
3319 3164 3419 3234 μὲν
3456 3162 3550 3217 δύο
3576 3162 3722 3231 τμή-

454 3272 697 3327 pugnare
738 3255 987 3325 jubebat,
1022 3256 1140 3310 loco
1175 3271 1313 3324 pene
1348 3255 1628 3309 inaccesso
1680 3262 1736 3308 et
1778 3253 2037 3309 adorien-

454 3349 600 3404 tibus
633 3348 971 3403 difficillimo.
1016 3349 1105 3403 Sic
1137 3348 1299 3418 igitur
1334 3347 1421 3401 ille
1455 3347 1520 3400 ad
1564 3346 1908 3401 obsidionem
1944 3360 2036 3400 ex-

454 3435 863 3509 cipiendam'se
900 3440 1268 3508 comparabat.
1305 3438 1514 3492 Rumor
1546 3438 1861 3509 vagabatur,
1896 3436 2039 3491 invi-

456 3543 567 3588 tum
609 3533 660 3585 in
688 3532 820 3586 urbe
849 3531 1093 3594 retineri,
1129 3530 1420 3598 malleque,
1453 3528 1689 3583 vitandae
1720 3543 1938 3598 pugnae,
1968 3527 2036 3582 ad

457 3626 621 3681 urbes
644 3624 940 3680 Thessalia:
983 3622 1291 3694 profugere.
1320 3621 1519 3677 Contra
1559 3621 1643 3676 sui
1674 3637 1798 3676 eum
1829 3621 1897 3675 ab
1935 3621 2039 3676 hac

454 3728 640 3774 mente
669 3718 1017 3773 deducebant
1045 3734 1058 3770 :
1090 3714 1232 3783 quod
1263 3714 1307 3769 si
1336 3729 1397 3767 ea
1444 3713 1580 3767 urbe
1624 3713 1898 3783 potiretur
1934 3712 2039 3767 im-

412 3820 711 3880 'pet‘ator,
766 3818 878 3862 tota
938 3822 1156 3874 quoque
1202 3804 1481 3859 Thessalia
1514 3820 1612 3874 pro
1642 3814 1791 3860 certo
1839 3804 2042 3875 potitu-

459 3918 604 3957 rum.
632 3900 846 3965 Quibus
884 3898 1211 3966 obsequens,
1244 3897 1589 3951 obsidionem
1623 3897 1901 3952 sustinuit.
1930 3897 2040 3951 Im-

458 4000 695 4061 perntor,
754 3997 1036 4058 postquam
1094 3996 1275 4041 castra
1331 3988 1558 4057 propius
1603 3988 1794 4044 urbem
1846 3988 2037 4055 movit,

458 4086 695 4153 primum
718 4081 937 4151 quidem
958 4079 1185 4142 milites,
1200 4080 1386 4140 paucis
1409 4094 1594 4134 secum
1612 4080 2039 4149 remanentibus,

463 4172 987 4245 przcdatumdimisit
1017 4188 1030 4224 :
1058 4170 1294 4239 praedam
1315 4169 1547 4238 opimam
1570 4170 1820 4234 Romani,
1847 4171 2043 4227 barba-

462 4264 619 4331 rique
642 4260 894 4317 sim‘.‘itcr
911 4269 965 4313 et
990 4274 1056 4314 ex
1090 4259 1220 4328 ipsis
1238 4257 1464 4323 Serviis,
1494 4267 1547 4314 et
1564 4274 1632 4314 ex
1652 4260 2043 4331 circumjacen-

466 4355 610 4409 tibus
636 4353 769 4408 vicis
817 4353 1144 4408 retulerunt.
1175 4351 1365 4407 Postea
1405 4352 1637 4407 vicinius
1680 4353 2001 4408 accedentes
2023 4396 2038 4421 ,

462 4442 855 4514 oppugnationi
896 4458 955 4497 se
979 4442 1354 4513 accingebaut.
1405 4442 1569 4512 778
1596 4442 1696 4506 Qui
1718 4441 1785 4496 de
1820 4442 2042 4498 Serviiis

2142 3279 2292 3332 ματα
2346 3260 2453 3314 ὑπὸ
2504 3259 2613 3314 τῶν
2645 3259 2885 3313 πολιτῶν
2911 3275 2926 3291 ο
2966 3258 3028 3311 τὸ
3057 3257 3113 3310 δὲ
3144 3257 3326 3327 τρίτον
3355 3257 3499 3324 ἄκρα
3532 3254 3615 3319 ὃν,
3646 3252 3724 3323 τῷ

2136 3354 2363 3424 ἄρχοντι
2393 3352 2625 3405 ἀνεῖται.
2662 3351 2819 3403 Ἔστι
2850 3350 2908 3403 δέ
2940 3348 3309 3420 δυσπρόσοδος
3348 3344 3724 3415 πανταχόθεν,

2138 3448 2234 3499 xal.
2264 3445 2327 3498 οὗ
2352 3442 2489 3497 πάνυ
2520 3442 2679 3514 ῥᾳδία
2708 3440 2845 3511 πρὸς
2876 3439 3253 3511 τειχομαχίαν.
3284 3430 3363 3508 ’ᾘ
3394 3439 3423 3490 ὁ
3446 3436 3731 3506 Πρεάλιμε

2142 3553 2245 3597 πος
2302 3533 2690 3605 ἐνδιατρίϐων,
2744 3534 2968 3604 τάφρων
3012 3530 3111 3601 μὲν
3163 3531 3262 3584 οὐκ
3333 3529 3559 3599 ἐδεήθη,
3598 3527 3726 3580 οὐδέ

2138 3644 2287 3691 τινος
2344 3626 2481 3697 πρὸς
2541 3625 2848 3695 ὀχυρότητα
2900 3621 3165 3690 σπουδῆς.
3232 3620 3431 3690 Ἤρκει
3497 3619 3609 3688 γὰρ
3688 3618 3725 3687 ἠ

2142 3718 2423 3790 προσοῦσα
2475 3717 2660 3786 φύσει.
2719 3717 2843 3775 Τοῖς
2897 3714 3147 3777 πολίταις
3179 3713 3236 3767 δέ
3288 3712 3384 3765 καλ⁸
3416 3712 3555 3766 πάνυ
3589 3710 3722 3764 άπι-

2144 3812 2306 3877 στῶν,
2362 3811 2471 3864 τῶν
2515 3809 2615 3880 μὲν
2657 3809 2757 3880 τὴν
2814 3807 2969 3861 πόλιν
2998 3807 3297 3861 οίκούντων
3348 3806 3564 3867 παῖδας,
3619 3804 3726 3856 καὶ

2142 3903 2423 3971 χρήματα,
2462 3900 2557 3955 καὶ
2593 3901 2856 3969 γυναῖκας
2891 3900 2970 3963 είς
3006 3899 3066 3952 τδ
3087 3897 3341 3969 δεύτερον
3376 3895 3729 3965 διατείχισμα

2143 3988 2509 4061 ἀνελάμϐανε·
2545 3993 2671 4053 τοὺς
2704 3992 2909 4062 ἄνδρας
2954 3990 3012 4044 δέ
3061 3992 3273 4052 πάντας
3306 3987 3604 4058 ἐξήλαυνεν
3631 3988 3735 4040 ἐπὶ

2142 4084 2207 4140 τὸ
2244 4084 2449 4155 τρίτον,
2477 4084 2573 4137 καὶ
2608 4082 2859 4137 ἐκέλευεν
2899 4080 3204 4152 ἀμύνεσθαι
3244 4079 3469 4151 βασιλέα
3498 4079 3734 4132 ἐπιόντα

2144 4177 2287 4248 ὑπὲρ
2325 4176 2477 4245 σφῶν
2515 4177 2609 4229 καὶ
2650 4175 2893 4228 τέκνωνο
2932 4173 3096 4237 αὐτὸς
3137 4172 3194 4225 δὲ
3242 4171 3340 4241 τὴν
3375 4170 3555 4240 ἄκραν
3595 4186 3740 4223 κατ-

2145 4273 2280 4341 εῖχε,
2309 4273 2405 4325 καὶ
2433 4269 2512 4339 τῷ
2539 4270 2775 4340 δευτέρῳ
2816 4268 3247 4339 διατειχίσματι,
3282 4267 3340 4321 ἐν
3366 4260 3410 4334 ᾧ
3439 4265 3498 4319 at
3536 4264 3741 4334 γυναῖ-

2147 4381 2241 4428 κες
2269 4364 2362 4417 καλ⁸
2387 4364 2436 4416 οἱ
2470 4362 2659 4427 παῖδες
2689 4358 2854 4433 ἦσαν,
2875 4360 3122 4433 φρουρὰν
3152 4359 3425 4428 ἐπέστησε
3461 4356 3743 4428 Τριϐαλι-

2147 4455 2281 4522 κήνο
2337 4453 2577 4520 συνῆσαν
2618 4453 2725 4521 γὰρ
2780 4450 2929 4520 αὐτῷ
2992 4451 3136 4521 ὑπὲρ
3176 4449 3601 4513 πεντακοσίους,
3657 4448 3743 4511 ὥς

460 4546 617 4591 extra
649 4535 909 4605 oppidum
957 4534 1293 4597 habitabant,
1339 4533 1753 4603 impressionem
1798 4534 2035 4589 hostium

2148 4546 2384 4612 ἐλέγετο.
2429 4543 2571 4605 Τοὺς
2622 4542 2805 4612 μέντοι
2865 4541 2975 4594 τῶν
3018 4539 3217 4611 τειχῶν
3272 4539 3562 4603 οἰκοῦντας
3595 4537 3741 4607 ἔξω,

464 4636 792 4691 metuentes,
823 4636 879 4682 et
905 4624 1157 4681 Triballis
1184 4642 1278 4680 eos
1307 4625 1451 4679 intra
1480 4626 1676 4681 muenia
1709 4641 1819 4679 non
1847 4626 2044 4682 admit-

466 4722 726 4784 tentibus,
757 4729 810 4775 et
840 4719 967 4789 quia
999 4719 1223 4787 insuper
1254 4719 1322 4772 ab
1356 4719 1683 4788 imperatore
1710 4718 1853 4774 baud
1885 4728 2043 4774 erant

461 4812 651 4877 alieni,
676 4825 869 4867 omnes
901 4824 1176 4865 consensu
1215 4808 1271 4862 in
1315 4809 1438 4878 ejus
1470 4824 1526 4864 se
1568 4818 1891 4878 potestatem
1934 4819 2043 4864 tra-

466 4908 759 4968 diderttnt,
808 4918 872 4961 ac
919 4903 1119 4959 milites
1165 4902 1403 4972 hospitio
1446 4911 1791 4971 receperunt.
1834 4902 1936 4967 Qui
1985 4904 2040 4958 in

468 4998 597 5052 urbe
627 5004 806 5058 erant,
837 4994 938 5065 ipsi
966 5008 1183 5066 quoque
1210 4993 1452 5063 partibus
1479 4992 1721 5059 ejusdem
1754 4993 2044 5048 vehemen-

466 5104 547 5145 ter
578 5091 971 5146 adhaarebant:
1008 5098 1187 5144 tamen
1221 5095 1444 5157 propter
1474 5101 1674 5142 uxores
1719 5102 1781 5140 ac
1817 5086 2040 5151 liberos,

466 5184 556 5250 qui
607 5184 661 5235 in
700 5183 881 5237 medio
916 5181 1265 5246 tenebantur,
1306 5179 1617 5235 necessario
1650 5178 1907 5233 Triballis
1940 5193 2041 5232 au-

463 5274 793 5331 scultabant.
821 5273 1005 5328 Tertio
1037 5273 1126 5328 die
1158 5274 1326 5341 parati
1364 5288 1572 5335 muros,
1603 5271 1875 5342 indigenis
1906 5287 2044 5341 prte-

464 5365 626 5435 eipue
654 5364 1039 5426 allicientibus,
1071 5371 1127 5417 et
1152 5363 1271 5431 capi
1306 5361 1495 5416 urbem
1539 5375 1695 5426 posse
1724 5359 2043 5413 affirmanti-

463 5460 567 5512 bus
593 5464 930 5528 oppugnant.
968 5454 1073 5509 Sed
1119 5453 1247 5523 quia
1295 5468 1403 5506 non
1440 5450 1804 5517 undecunque
1834 5450 2031 5504 licebat

466 5549 742 5613 invadere,
778 5547 910 5602 locis
943 5553 1000 5600 ut
1033 5545 1327 5614 plurimum
1376 5542 1527 5595 duris
1575 5548 1631 5595 et
1674 5541 1906 5610 aSperis,
1947 5540 2041 5594 ubi

468 5639 701 5694 maxime
734 5639 963 5693 dabatur
996 5651 1275 5702 ascensus,
1308 5634 1495 5693 ﬂorem
1529 5634 1705 5703 ipsum
1737 5634 2044 5705 sagittario-

465 5748 585 5786 rum
609 5729 951 5787 constituens
970 5728 1268 5799 imperator
1283 5733 1714 5798 propugnatores
1736 5724 2042 5794 propellere

465 5826 635 5895 jubet.
663 5822 772 5881 Alii
800 5821 1073 5880 testudine
1102 5820 1243 5877 facta
1286 5820 1353 5877 ad
1393 5832 1580 5875 muros
1614 5827 1800 5887 ruunt,
1837 5834 2040 5889 eosque

2146 4636 2259 4690 οὔτ’
2281 4637 2480 4698 αὐτοὺς
2522 4636 2608 4689 εῐα
2640 4636 2718 4696 είς
2762 4634 2860 4702 τὴν
2893 4632 3050 4687 πόλιν
3079 4632 3331 4697 εἰσιέναι,
3371 4631 3495 4684 οὔτε
3528 4631 3747 4695 παῖδας

2146 4728 2449 4797 είσεδέχετο
2507 4726 2601 4778 καὶ
2651 4725 2956 4793 γυναῖκας·
3002 4721 3130 4775 ,ἀλλ’
3180 4721 3401 4775 ἐκέλευε
3459 4725 3567 4790 πρὸ
3617 4720 3747 4775 τῶν

2144 4818 2336 4872 οίκτῶν
2382 4817 2625 4879 ἑστῶτας
2680 4814 2973 4884 μάχεσθαι,
3028 4810 3397 4883 δυσπροσόδου
3450 4814 3604 4878 ὄντος
3636 4814 3746 4867 τοῦ

2145 4910 2373 4981 χωρίου,
2413 4909 2510 4963 καὶ
2562 4907 2949 4978 χαλεπωτάτου
2982 4907 3093 4967 τοῖς
3125 4905 3392 4961 ἐπιοῦσιν.
3426 4905 3588 4959 Οὕτω
3630 4907 3747 4974 μιν

2144 4998 2241 5055 οὖν
2292 5002 2496 5062 ἐκεῖνος
2556 4998 2975 5070 παρεσκεύαστο
3024 4997 3161 5067 πρὸς
3222 4997 3323 5068 τὴν
3382 4996 3746 5066 πολιορκίαν.

2156 5090 2409 5158 Ἐλέγετο
2453 5088 2510 5140 δέ
2568 5089 2661 5142 καὶ
2718 5089 2794 5151 ὡς
2844 5087 2993 5139 ἄκων
3046 5084 3413 5157 κατασχεθείη
3469 5084 3614 5154 πρὸς
3666 5088 3751 5155 τῇ

2145 5180 2325 5234 πόλει.
2384 5177 2601 5233 Μᾶλλον
2648 5178 2757 5247 γὰρ
2807 5177 3059 5229 ἐϐούλετο
3110 5175 3452 5244 φυγομαχεῖν
3484 5174 3577 5227 ἐπὶ
3628 5174 3754 5238 τὰς

2143 5271 2243 5340 τῆς
2276 5269 2571 5332 Θετταλίας
2604 5272 2810 5334 πόλεις.
2848 5269 2913 5323 Οί
2942 5270 3192 5331 συνόντες
3225 5268 3284 5319 δέ
3330 5267 3616 5338 παρῄνουν
3655 5266 3752 5336 μὴ

2142 5361 2241 5431 τὴν
2271 5361 2427 5413 πόλιν
2482 5360 2748 5414 ἐκλιπεῖν·
2779 5360 2854 5417 ὡς
2891 5362 2941 5413 εί
2986 5359 3193 5430 ταύτης
3224 5358 3593 5429 περιγένοιτο,
3634 5356 3755 5413 καὶ

2144 5452 2444 5507 Θετταλίαν
2491 5454 2672 5505 πᾶσαν
2731 5451 3056 5516 καθέξοντος
3115 5452 3381 5522 βασιλέως
3434 5450 3751 5519 ἀσφαλῶς.

2145 5540 2241 5607 Οἷς
2282 5544 2609 5614 πειθόμενος
2646 5544 2910 5613 ὑπέμεινε
2950 5544 3050 5613 τὴν
3082 5541 3420 5612 πολιορκίαν.
3454 5541 3754 5606 Βασιλεὺς

2142 5637 2198 5690 δέ
2224 5636 2346 5688 ἐπεὶ
2389 5637 2557 5704 ἐγγὺς
2592 5636 2690 5705 τῆς
2723 5636 2931 5699 πόλεως
2965 5634 3480 5706 ἐστρατοπεδεύετο,
3520 5634 3757 5705 πρῶτα

2148 5729 2248 5798 μὲν
2281 5728 2374 5781 ἐπὶ
2422 5726 2717 5796 λεηλασίαν
2751 5725 2970 5796 ἔπεμπε
3014 5726 3114 5797 τὴν
3164 5724 3447 5796 στρατιὰν,
3502 5724 3764 5794 ὀλίγους

2147 5822 2205 5877 ἐν
2227 5820 2302 5893 τῷ
2334 5820 2685 5892 στρατοπέδῳ
2714 5817 3031 5890 κατασχώνο
3064 5818 3159 5873 καὶ
3190 5818 3254 5873 ἐκ
3286 5836 3345 5873 τε
3375 5817 3559 5874 αὐτῶν
3586 5819 3757 5889 Σερ-
