3996 6218
256 395 348 465 159

1389 402 1923 467 HISTORIARUM
1964 405 2193 465 LIBER
2233 407 2325 467 IV.

3373 405 3471 468 150

253 511 368 563 ϐίων
405 504 635 560 καὶτῶν
660 502 1090 577 ’περικειμένων
1141 510 1343 581 κωμῶν
1390 513 1591 583 πολλὴν
1646 515 1794 570 λείαν

1911 514 2267 584 perfodientes
2313 522 2601 583 penetrant
2636 533 2648 569 :
2681 516 3014 586 contigitque
3059 517 3201 571 intra
3249 518 3469 573 domum

252 603 450 668 ἄγοντες
467 598 739 667 ἐπανῆκον
775 598 1041 668 Ῥωμαῖοί
1065 617 1123 652 τε
1154 604 1250 654 καὶ
1280 603 1782 677 βάρϐαροιόμοίως.

254 692 458 743 Ἔπειτα
485 689 780 760 ἐγγύτερον
813 690 1119 759 γενόμενοι,
1153 696 1632 763 παρεσκευάζοντο
1658 698 1792 765 πρὸς

249 779 721 850 τὴντειχομαχίαν.
746 781 810 832 Οἱ
839 781 930 833 ἐπὶ
959 784 1059 850 τῆς
1105 783 1211 849 ἔξω
1249 784 1305 837 δέ
1340 786 1576 853 Σερϐίων
1610 804 1790 839 συνοι-

251 872 376 933 κίας,
413 871 514 941 τήν
556 888 616 923 τε
673 870 941 941 βασιλέως
994 873 1292 939 δεδοικότες
1320 876 1527 945 έςοδον,
1562 879 1653 929 καὶ
1683 879 1792 931 τῶν

251 963 514 1033 Τριϐαλῶν
553 963 633 1025 είς
668 963 768 1033 τὴν
802 966 957 1018 πόλιν
1008 968 1068 1019 ού
1117 970 1589 1040 προσδεχομένων,
1616 972 1794 1035 ἄλλως

248 1072 299 1107 τε
342 1053 429 1106 καὶ
483 1054 552 1106 τὰ
608 1054 875 1124 βασιλέως
927 1058 1131 1126 μᾶλλον
1201 1061 1493 1132 ᾑρημένοι,
1542 1066 1694 1133 κοινῇ
1736 1080 1794 1116 τε

252 1147 449 1217 πάντες.
489 1147 556 1198 ἐκ
596 1146 945 1217 συνθήματος
995 1153 1381 1224 προσεχώρουν
1424 1154 1669 1225 βασιλεῖ,
1701 1160 1796 1212 καὶ

249 1238 332 1305 τὴν
383 1235 645 1305 στρατιὰν
708 1238 974 1307 ἐδέχοντο,
1022 1242 1118 1294 καὶ
1159 1244 1394 1307 ἐξένιζον
1430 1247 1523 1298 ἐπὶ
1572 1248 1679 1300 τῶν
1715 1250 1795 1301 οἰ·

252 1328 386 1380 κιῶν.
418 1328 481 1380 Οί
523 1328 579 1379 δὲ
607 1328 753 1382 ἔνδον
818 1332 913 1383 καὶ
953 1335 1107 1387 αὐτοὶ
1154 1335 1253 1405 μὲν
1283 1337 1349 1390 τὰ
1395 1338 1658 1408 βασιλέως
1690 1342 1795 1411 μά-

254 1420 389 1471 λιστα
419 1419 656 1489 ᾑροῦντο
679 1461 695 1487 ,
736 1424 1013 1494 ἐχομένων
1060 1428 1116 1481 δὲ
1166 1429 1274 1483 τῶν
1324 1431 1529 1486 παίδων
1563 1434 1798 1491 καὶτῶν

255 1513 556 1579 γυναικῶν,
606 1514 922 1582 ἀναγκαίως
991 1521 1285 1590 προσεῖχον
1350 1523 1657 1591 Τριϐαλοῖς.
1704 1526 1797 1589 Εἰς

254 1604 418 1674 τρίτην
437 1604 496 1657 δέ
524 1605 738 1675 ἡμέραν
778 1613 1341 1683 παρασκευασάμενοι
1382 1617 1795 1687 ἐτειχομὰχουν,

254 1696 335 1747 καὶ
372 1698 470 1749 τῶν
503 1700 791 1768 ἐγχωρίων
830 1703 1067 1773 μάλιστα
1117 1706 1497 1777 ἐφελκομένων
1522 1750 1537 1775 ,
1579 1715 1672 1763 καὶ
1699 1713 1799 1765 οὐκ

257 1787 489 1844 ἀδύνατον
523 1792 1015 1865 ἐπαγγελλομένων
1053 1799 1149 1869 τὴν
1185 1800 1518 1871 παράληψιν.
1564 1803 1716 1857 Ἐπεὶ
1742 1806 1798 1858 δὲ

258 1877 311 1927 οὔ
351 1882 683 1950 πανταχόθεν
736 1884 867 1953 ἐξῆν
914 1886 1319 1956 προσϐάλλειν,
1352 1892 1678 1962 άποκρότων
1723 1896 1797 1959 ὠς

258 1968 577 2023 ὲπιπλείστον
621 1972 719 2025 καὶ
760 1974 1016 2046 σκληρῶν
1058 1978 1169 2029 τῶν
1213 1978 1398 2033 τόπων
1453 1983 1643 2047 ὄντων,
1673 1983 1801 2038 ἔνθα

264 2059 473 2126 μάλιστα
509 2062 641 2131 ἐξῆν
673 2066 1030 2133 προσϐαίνειν
1072 2069 1133 2121 τὸ
1180 2073 1474 2141 κράτιστον
1512 2073 1620 2126 τῶν
1648 2076 1801 2139 τοξο-

261 2151 350 2205 τῶν
398 2153 707 2224 ἐπιστήσας
761 2158 789 2209 ὁ
839 2158 1131 2228 βασιλεὺς,
1173 2162 1395 2215 ἐκέλευε
1452 2166 1565 2229 τοῖς
1626 2166 1803 2233 τόξοις

265 2244 489 2311 χρῆσθαι,
528 2248 631 2301 καὶ
666 2248 944 2319 ἀνείργειν
997 2253 1134 2314 τοὺς.
1166 2254 1567 2324 ἀμυνομένους.
1616 2258 1802 2311 Ἀλλοι

279 2331 327 2385 δὲ
351 2335 549 2401 ἀσπίδας
581 2338 905 2407 ὑποδύντες,
945 2342 1317 2412 προσέϐαλλόν
1344 2363 1402 2398 τε
1435 2350 1545 2410 τοῖς
1574 2349 1801 2419 τείχεσι,

274 2422 360 2475 καὶ
384 2423 666 2495 διώρυττον.
702 2429 902 2500 Ἔτυχε
935 2429 989 2482 δὲ
1018 2428 1077 2482 τὸ
1110 2431 1406 2501 διόρυγμα,
1440 2436 1592 2497 ἐντὸς
1626 2437 1803 2500 οἰκίας

268 2506 391 2566 εἶναι
427 2515 582 2585 κενῆς
628 2518 965 2589 ἀνθρώπων
999 2523 1120 2573 ἐπεὶ
1162 2523 1219 2576 δὲ
1276 2525 1379 2594 ἤδη
1431 2525 1762 2597 διορώρυκτο
1787 2569 1802 2593 ,

265 2606 343 2656 καὶ
384 2606 604 2676 ἔμελλον
659 2611 893 2667 εἰσιέναι
928 2653 943 2678 ,
998 2616 1031 2682 ἡ
1080 2614 1180 2683 τῆς
1242 2618 1420 2679 οἰκίας
1467 2619 1805 2683 δεσπόζουσα

261 2692 456 2766 ἐκείνης
499 2699 645 2752 κατά
698 2700 870 2772 τύχην
934 2704 1275 2770 εἰσελθοῦσα,
1317 2708 1410 2760 καὶ
1441 2709 1805 2780 ἁλισκομένην

256 2784 339 2854 τὴν
362 2788 512 2841 πόλιν
541 2789 873 2862 αίσθομένη,
909 2792 1003 2865 βοῇ
1033 2812 1093 2849 τε
1127 2798 1352 2868 ἐχρῆτο,
1387 2800 1482 2853 καὶ
1522 2803 1805 2856 συνεκάλει

1902 605 2174 659 ιιιωιιίιηιε
2206 607 2521 668 ιιιιιτεηιειιι,
2555 606 2866 661 hominibus
2896 622 3115 661 vacuam
3149 607 3341 667 veniri,
3379 623 3475 676 per

1899 710 2059 764 quam
2092 711 2215 749 cum
2264 710 2323 748 se
2375 696 2429 748 in
2464 694 2651 749 urbem
2688 695 2982 750 immissuri
3013 706 3217 761 essent,
3254 699 3473 750 domina

1899 785 2092 841 domus
2115 803 2241 840 casu
2260 786 2522 857 ingressa,
2545 788 2908 857 oppidumque
2932 779 3145 857 captum
3162 788 3472 849 advertens,

1900 876 2041 930 elato
2068 876 2304 930 clamore
2337 886 2740 947 pr0puguantes
2778 887 3060 931 convocat.
3092 876 3112 930 l
3139 879 3170 929 li
3199 878 3476 946 extemplo

1903 977 2217 1033 accurrunt,
2248 967 2627 1036 fodientesque
2668 969 2866 1035 jaculis
2897 984 2925 1020 a
2977 984 3131 1022 muro
3173 968 3473 1037 depellunt.

1902 1057 2146 1128 Cumque
2199 1058 2253 1111 in
2312 1059 2429 1128 ipso
2478 1058 2819 1129 potissimum
2886 1059 3112 1113 fervore
3158 1059 3500 1113 certaminis-

1905 1150 2080 1205 imber
2105 1150 2329 1204 efl'usius
2358 1150 2598 1216 caderet,
2629 1166 2821 1204 manus
2851 1151 2938 1204 illa
2971 1166 3000 1203 a
3031 1165 3209 1219 pugna
3242 1150 3495 1209 destitit..

1905 1248 2068 1310 atque
2118 1242 2173 1295 in
2223 1253 2399 1297 castra
2446 1241 2690 1305 recessit,
2740 1239 2959 1310 quando
3010 1240 3171 1294 simul
3215 1241 3493 1293 adversus-

1904 1333 2133 1389 imbrem
2221 1343 2273 1388 et
2326 1335 2535 1388 hostem
2587 1332 2851 1387 dimicare
2903 1348 3012 1385 non
3064 1340 3304 1400 poterat,
3361 1340 3481 1384 tuto

1903 1438 2066 1493 supra
2094 1438 2281 1479 muros
2312 1431 2568 1487 stantem,
2594 1437 2717 1476 cum
2761 1421 2861 1490 ipsi
2896 1421 3208 1476 fallentibus
3239 1420 3477 1490 vestigiis

1906 1514 2065 1568 toties
2089 1513 2142 1568 in
2166 1513 2336 1567 lutum
2360 1513 2789 1582 prolaberentur.
2813 1511 3107 1581 Imperator
3130 1526 3345 1582 quoque
3366 1510 3479 1580 pri-

1907 1621 2056 1660 mum
2092 1606 2351 1674 impetum
2386 1579 2801 1659 fuisse'irrit‘um
2826 1619 3075 1666 cernens,
3096 1615 3149 1657 et
3177 1604 3341 1656 annis
3361 1603 3476 1673 c0gi

1906 1713 2067 1768 posse
2103 1696 2420 1767 deeperans,
2445 1707 2499 1753 et
2521 1706 2739 1767 propter
2776 1696 3003 1750 imbrem
3046 1704 3210 1763 atque
3242 1695 3477 1748 hiemem

1904 1792 2222 1845 continuare
2245 1789 2581 1844 obsidionem
2603 1803 2707 1841 non
2732 1788 2936 1851 valens,
2956 1787 3265 1841 Berrhteam
3285 1786 3483 1854 rediit;

1900 1898 2061 1953 quem
2088 1880 2384 1938 suburbani
2413 1880 2725 1936 Serviorum
2761 1879 3019 1950 praecipui
3053 1896 3241 1933 omnes
3284 1887 3483 1948 praeter

1903 1991 2126 2045 paucos,
2184 1991 2305 2031 cum
2362 1975 2545 2030 liberis
2591 1983 2645 2029 et
2686 1973 2968 2039 uxoribus,
3020 1971 3482 2049 tlefaa-ultatibus

1902 2071 2016 2124 suis
2038 2084 2146 2124 non
2164 2069 2282 2137 plus
2299 2067 2584 2134 habentes,
2602 2082 2764 2137 quam
2801 2073 3083 2135 asportare
3120 2078 3304 2118 secum
3334 2070 3483 2131 pote—

1904 2169 2045 2223 rant,
2067 2161 2237 2215 secuti
2257 2168 2405 2215 sunt.
2435 2160 2621 2229 Neque
2647 2160 2700 2213 id
2725 2158 2996 2212 faciebant
3015 2158 3083 2210 ob
3099 2170 3337 2209 amorem
3356 2168 3483 2221 erga

1904 2256 2284 2324 imperatorem
2320 2253 2713 2316 tantummodo,
2728 2254 2820 2306 sed
2833 2252 2973 2320 quod
2986 2251 3149 2304 etiam
3167 2265 3196 2302 a
3209 2246 3481 2308 Triballis,

1904 2346 1949 2401 si
2002 2348 2083 2402 eis
2142 2347 2378 2415 amplius
2410 2346 2722 2409 subessent,
2765 2342 3089 2396 defectionis
3113 2356 3224 2395 suae
3258 2337 3483 2408 praemia

1905 2454 2094 2508 parum
2121 2438 2264 2493 bona
2282 2437 2692 2506 exspectabant.
2713 2434 2909 2489 Adhuc
2949 2442 3142 2502 agente
3185 2430 3327 2499 apud
3349 2428 3483 2483 Ber-

1905 2520 2110 2585 rhmani
2135 2531 2461 2599 imperatore
2479 2544 2545 2582 ex
2562 2526 2919 2582 nobilissimis
2936 2524 3185 2586 urbibus,
3204 2537 3323 2591 qua:
3344 2520 3488 2573 anti-

1905 2624 2089 2691 quitus
2102 2620 2361 2674 Romanis
2379 2620 2655 2688 parebant.
2667 2619 2888 2688 jamque
2903 2615 2993 2668 diu
3009 2611 3264 2666 Triballis
3280 2608 3487 2664 servie-

1906 2719 2048 2774 rant,
2069 2710 2355 2765 veniebant
2372 2709 2464 2779 qui
2483 2708 2618 2763 clam
2638 2706 3483 2776 colloquerentur,'rogarentque

1907 2802 1974 2855 ad
1996 2817 2053 2856 se
2079 2803 2315 2866 veniret,
2336 2800 2527 2870 ejectis
2544 2800 2802 2853 Triballis
2821 2799 2970 2852 illum
2987 2807 3356 2866 suseepturos.
3376 2794 3485 2850 Nec

257 2878 365 2939 τοὺς
388 2880 788 2950 ἀμυνομένους.
824 2885 886 2938 Οί
931 2886 987 2939 δὲ
1037 2890 1296 2958 παρῆσαν
1346 2889 1466 2959 ἆμα
1514 2891 1593 2961 τῷ
1627 2892 1804 2945 αἰσθέ-

1911 2912 1975 2951 ex
1990 2895 2109 2949 aliis
2127 2895 2388 2949 duntaxat
2407 2894 2652 2961 urbibus,
2672 2908 2858 2947 verum
2872 2891 3034 2945 etiam
3054 2908 3119 2944 ex
3136 2891 3247 2958 ipsa
3269 2889 3485 2957 Scopia,

254 2968 385 3060 σθαι,
436 2973 532 3025 καὶ
572 2973 706 3037 τοὺς
749 2976 1132 3044 διορύττοντας
1183 2979 1507 3049 βάλλοντες,
1565 2983 1804 3050 ἁφίστων

1911 3006 2029 3060 qum
2052 2988 2228 3043 Cralis
2263 2988 2408 3058 regia
2431 2996 2669 3056 putatur.
2690 3002 2852 3055 quam
2878 2984 3107 3039 Michael
3131 3000 3195 3037 ex
3220 2981 3483 3037 Palaeolo-

252 3059 345 3113 τῶν
370 3065 589 3134 τειχῶν.
618 3066 769 3137 Ἀμα
813 3068 871 3120 δέ
904 3070 995 3123 καὶ
1028 3070 1251 3139 ὄμϐρων
1286 3074 1569 3142 ραγδαίων
1615 3078 1804 3147 ἐπενη-

1912 3080 1993 3149 gis
2034 3082 2242 3149 primus
2291 3081 2585 3149 imperator
2608 3094 2637 3132 a
2662 3078 2905 3133 Romano
2932 3076 3162 3147 imperio
3187 3075 3487 3142 separavit,

250 3154 507 3220 νεγμένων
562 3157 627 3209 ἐν
661 3159 796 3228 αὐτῇ
834 3160 1069 3227 μάλιστα
1112 3161 1215 3231 τῆς
1264 3166 1443 3234 μάχης
1469 3169 1535 3237 τῇ
1569 3168 1741 3237 ἀκμῇ,
1772 3168 1804 3238 ἦ

1912 3173 2070 3244 legati
2104 3175 2278 3244 palam
2323 3172 2475 3226 urbis
2503 3170 2725 3226 nomine
2761 3180 3052 3232 venerunt,
3083 3184 3205 3221 eum
3240 3168 3304 3221 ad
3336 3183 3395 3222 se
3429 3167 3482 3220 in

248 3259 298 3295 τε
329 3246 453 3318 άλλη
490 3251 733 3320 στρατιά
789 3252 1068 3306 ἐπέπαυτο
1106 3256 1203 3306 καὶ
1244 3257 1512 3327 ἀνεχώρει
1562 3260 1699 3327 πρὸς
1749 3261 1807 3313 τὸ

248 3339 624 3405 στρατόπεδον
660 3342 722 3394 οὐ
774 3341 1051 3415 δυναμένη
1110 3346 1249 3416 πρός
1292 3364 1352 3399 τε
1389 3348 1630 3420 ὄμϐρους
1672 3352 1808 3421 ὁμοῦ

244 3431 326 3481 καὶ
361 3432 667 3502 πολεμίους
704 3433 976 3503 μάχεσθαι
1010 3436 1270 3505 ἀσφαλῶς
1300 3440 1540 3505 ἑστῶτας
1574 3443 1665 3495 ἐπὶ
1700 3443 1811 3497 τῶν

240 3524 437 3593 τειχῶν,
502 3527 674 3581 αὐτοὶ
722 3528 1167 3594 διολισθαίνοντες
1229 3533 1297 3587 τὰ
1346 3534 1514 3588 πολλά
1560 3537 1694 3607 πρὸς
1719 3540 1811 3592 τὸν

240 3614 416 3681 πηλόν.
452 3618 571 3672 Καὶ
600 3620 632 3671 ὁ
670 3618 922 3687 βασιλεὺς
948 3622 1071 3675 ἐπεὶ
1108 3623 1445 3695 διημάρτανε
1474 3627 1573 3697 τῆς
1603 3628 1811 3691 πόλεως

242 3706 365 3773 πρὸς
410 3709 516 3778 τὴν
551 3711 786 3779 πρώτην
831 3712 1200 3785 ἐπιχείρησιν,
1229 3715 1348 3767 τότε
1380 3716 1665 3785 βιάζεσθαι
1699 3722 1812 3783 τοῖς

240 3796 410 3864 ὅπλοις
444 3802 755 3869 ἀπογνοὺς,
790 3803 886 3857 καὶ
935 3805 1071 3875 πρὸς
1110 3805 1171 3858 τὸ
1216 3808 1525 3879 πολιορκεῖν
1559 3809 1649 3862 διὰ
1684 3812 1812 3875 τοὺς

238 3890 459 3963 δμϐρους
528 3896 637 3948 καὶ⁸
688 3895 779 3948 τὸν
835 3897 1081 3967 χειμῶνα
1123 3899 1399 3964 ἀδυνάτως
1444 3901 1603 3972 ἔχων,
1655 3899 1812 3968 αὖθις

237 3982 561 4056 ἀνέστρεψεν
614 3989 695 4051 είς
727 3988 1009 4058 Βέρῤοιαν·
1048 3991 1274 4046 εἵποντο
1302 3993 1360 4046 δὲ
1395 3996 1489 4046 καὶ
1528 3996 1578 4046 οἱ
1615 3996 1680 4049 ἐκ
1709 3997 1811 4066 τῆς

235 4076 324 4138 ἔξω
356 4080 617 4149 Σερϐίων
678 4080 957 4146 συνοικίας
1011 4083 1149 4153 πλὴν
1202 4084 1403 4150 ὀλίγων
1436 4087 1655 4151 πάντες,
1697 4090 1812 4144 ὅσοι

237 4170 462 4235 μάλιστα
532 4174 596 4224 ἐν
644 4171 788 4242 λόγῳ
842 4168 983 4244 ἦσαν
1015 4174 1133 4243 ἅμα
1182 4177 1399 4243 γυναιξὶ
1446 4180 1542 4229 καὶ
1580 4180 1813 4247 τέκνοις,

232 4265 374 4335 ὀλίγα
411 4268 650 4338 ἔχοντες
677 4269 739 4320 ἐκ
774 4271 873 4337 τῆς
919 4269 1130 4333 οὐσίας,
1163 4272 1263 4323 ὅσα
1307 4271 1496 4341 φέρειν
1541 4268 1680 4343 ἦσαν
1723 4272 1815 4327 δυ-

236 4357 372 4410 νατοί
394 4375 409 4388 ·
444 4360 510 4413 ού
551 4358 726 4429 μόνον
757 4360 845 4412 διὰ
876 4359 974 4431 τὴν
1006 4360 1143 4429 πρὸς
1173 4361 1400 4431 βασιλέα
1432 4361 1669 4429 εὔνοιαν,
1697 4363 1812 4417 ἀλλ’

228 4445 303 4498 δτι
353 4451 450 4502 καὶ
500 4451 573 4502 ἐκ
624 4448 911 4518 Τριϐαλῶν
965 4450 1118 4503 οὐδὲν
1172 4451 1260 4504 διὰ
1319 4452 1417 4520 τὴν
1473 4453 1813 4508 ἀποστασίαν

1913 3268 2243 3322 deditionem
2272 3265 2618 3335 accipiendos
2652 3263 2967 3317 invitantes.
3001 3259 3165 3331 779
3192 3258 3323 3312 Nam
3355 3257 3486 3312 Cra-

1912 3360 2013 3420 les,
2055 3360 2146 3428 qui
2181 3368 2307 3413 tunc
2352 3358 2404 3411 in
2454 3356 2677 3413 Pzeonas
2709 3363 2972 3419 moverat,
3011 3362 3069 3407 ut
3101 3356 3483 3421 imperatorem

1913 3452 2238 3506 adventasse
2278 3451 2505 3514 audivit,
2543 3464 2851 3519 quanquam
2894 3449 3121 3501 haberet
3170 3447 3356 3514 copias
3401 3444 3486 3496 in-

1913 3551 2122 3613 gentes,
2162 3558 2267 3595 non
2314 3556 2373 3596 se
2425 3541 2497 3593 illi
2544 3540 2779 3593 audebat
2822 3552 3143 3606 opponere:
3178 3535 3271 3589 sed
3300 3533 3485 3587 omnia

1912 3633 2119 3688 ducens
2172 3632 2227 3685 in
2278 3629 2516 3684 minimis
2563 3627 2872 3683 conflictum
2917 3626 3135 3679 volebat
3184 3624 3482 3677 declinare.

1913 3724 2068 3780 Unde
2097 3708 2259 3779 ctiam
2297 3737 2418 3776 cum
2455 3718 2663 3789 Scopire
2697 3718 2847 3772 cives
2878 3717 3143 3787 legatione
3178 3714 3342 3768 missa
3384 3713 3488 3766 im-

1912 3826 2220 3889 peratorem
2251 3813 2464 3869 infestis
2495 3810 2665 3884 signis
2690 3810 2754 3864 ad
2782 3825 2841 3865 se
2867 3808 3089 3863 tendere
3117 3806 3483 3867 nuntiassent,

1913 3910 2285 3977 auxiliumque
2334 3905 2744 3976 poposcissent,
2786 3901 3021 3973 primum
3070 3898 3287 3969 quidem
3332 3910 3485 3965 spem

1915 3999 2172 4062 faciebat,
2219 3998 2263 4052 si
2315 3996 2546 4050 Romani
2594 3994 2745 4063 ipsos
2791 3991 3158 4047 adorirentur.
3198 3987 3269 4043 Ut
3302 3995 3489 4040 autem

1914 4090 2059 4144 fama
2083 4090 2150 4145 de
2175 4086 2595 4143 adventantibus
2622 4083 2884 4139 Romanis
2930 4080 3284 4150 barbarisque
3313 4078 3492 4131 incre-

1914 4182 2054 4246 buit,
2089 4190 2462 4249 terroremque
2496 4175 2815 4247 duplicavit,
2844 4172 3136 4227 manifeste
3167 4185 3323 4240 opem
3361 4168 3493 4222 Sco-

1914 4271 2199 4343 picnsibus
2226 4268 2465 4341 negavit,
2520 4267 2764 4330 hortans,
2797 4272 2855 4317 ut
2881 4262 3203 4330 semetipsos
3234 4273 3331 4329 pro
3359 4257 3492 4311 viri-

1913 4363 2019 4417 bus
2047 4360 2419 4422 defensarent,
2455 4374 2513 4413 se
2548 4358 2602 4410 in
2630 4354 2917 4427 praesentia
2945 4352 3013 4407 ad
3038 4367 3133 4407 eos
3167 4351 3352 4404 venire
3384 4363 3491 4401 non

1914 4472 2098 4526 posse.
2128 4455 2207 4508 Illi
2242 4451 2519 4509 communi
2566 4449 2795 4506 consilio
2825 4463 3034 4517 magnae
3067 4443 3351 4500 dementiae
3399 4441 3495 4495 tri-

231 4540 453 4610 ἠλπισαν
507 4542 783 4605 ἐπιεικὲς,
830 4542 879 4595 εἰ
921 4541 1164 4610 γένοιντο
1217 4541 1306 4594 ἐπ’
1348 4546 1556 4608 αὐτοῖς.
1594 4545 1715 4596 Ἔτι
1754 4543 1804 4596 δὲ

1918 4549 2191 4603 buendum
2252 4556 2591 4608 statuentes,
2652 4541 2757 4596 illis
2810 4540 3097 4601 resistere,
3162 4535 3493 4606 quibuscum

228 4634 278 4684 ἐν
311 4635 561 4706 Happel;
615 4633 881 4703 βασιλέως
907 4634 1298 4705 διατρίϐοντος,
1330 4638 1396 4688 ἐκ
1432 4636 1540 4688 τῶν
1573 4636 1809 4706 μάλιστα

228 4725 516 4796 ἐπισήμων
561 4726 781 4779 πόλεων
828 4724 888 4779 αἱ
931 4724 1221 4795 Ῥωμαίων
1276 4727 1375 4797 μὲν
1410 4722 1551 4797 ἦσαν
1578 4728 1810 4798 ὑπήκοοι

226 4818 282 4869 τὸ
312 4821 581 4889 ἀρχαῖον,
634 4818 825 4888 χρόνον
871 4818 929 4871 δέ
972 4817 1294 4871 ὲδούλευσαν
1331 4820 1430 4873 οὐκ
1470 4819 1651 4887 ὀλίγον
1683 4819 1811 4887 Τρι-

226 4907 445 4978 ϐαλοῖς,
501 4908 653 4985 ἧκον
696 4910 1071 4982 διαλεγόμενοι
1132 4912 1357 4983 κρύφα,
1419 4913 1511 4965 καὶ
1570 4912 1814 4982 δεόμενοι

223 5001 374 5069 ἥκειν
430 5003 580 5075 παρ’
639 5002 833 5065 αὐτοὺς
868 5042 883 5065 ,
947 5002 1021 5067 ὡς
1073 5003 1434 5073 εἰσδεξάμενοι
1484 5002 1808 5064 ἐκϐαλόντες

224 5097 671 5168 Τριϐαλούςάθύ
709 5098 869 5165 μόνον
902 5096 955 5148 δὲ
982 5098 1046 5149 ἐκ
1070 5098 1174 5149 τῶν
1209 5097 1404 5160 ἄλλων,
1442 5096 1578 5151 ἀλλὰ
1629 5098 1724 5150 καὶ
1748 5097 1808 5160 ἐξ

225 5191 384 5260 αὐτῆς
442 5188 787 5259 Σκοπιᾶς,ἦ
826 5188 973 5241 δοκεί
999 5188 1248 5259 βασίλεια
1292 5190 1485 5260 Κράλη
1525 5184 1662 5242 εῖναι
1698 5188 1808 5241 ἀπὸ

226 5282 309 5339 τοῦ
343 5282 636 5355 βασιλέως
660 5282 751 5334 τοῦ
783 5281 1001 5351 πρώτου
1030 5280 1141 5333 τῶν
1166 5280 1545 5347 Παλαιολὸγων
1587 5278 1807 5350 Μιχαὴλ

154 5352 179 5376 1
223 5379 313 5447 τῆς
343 5352 683 5446 ⁷Ῥωμαίων
715 5374 887 5444 ἀρχῆς
919 5374 1337 5443 ἐκτετμημένη’,
1372 5371 1631 5442 πρέσϐεις
1670 5366 1808 5442 ἦκον

226 5462 535 5534 ἀναφανδὸν
576 5461 691 5516 ἀπὸ
723 5462 819 5530 τῆς
842 5462 1052 5526 πόλεως
1081 5464 1233 5531 κοινῇ
1266 5461 1491 5531 βασιλέα
1516 5460 1809 5525 καλοῦντες

221 5553 369 5621 ήκειν
431 5554 530 5606 ἐπ’
591 5550 811 5614 αὐτοὺς,
858 5551 932 5613 ὡς
993 5551 1410 5621 παραδώσοντες
1468 5552 1566 5620 τὴν
1618 5551 1808 5606 πόλιν.

231 5641 285 5697 ’0
311 5645 551 5716 Κράλης
585 5643 698 5711 γάρ
722 5642 813 5695 ἐπὶ
834 5643 1063 5706 Παίονας
1092 5641 1524 5711 ἐστρατευμένος
1570 5641 1712 5705 τότε,
1735 5641 1810 5703 ώς

225 5736 452 5790 ἐπύθετο
481 5732 724 5805 βασιλέα
754 5734 996 5799 ἐπιόντα,
1048 5735 1228 5788 καίτοι
1259 5734 1516 5804 στρατιὰν
1545 5733 1806 5805 πλείστην

227 5830 348 5901 περὶ
368 5828 551 5886 αὑτὸν
586 5825 955 5898 ᾑθροισμένην
980 5827 1139 5898 ἔχων,
1161 5826 1641 5883 ἀντικαθίστασθαι
1670 5828 1805 5897 πρὸς

1922 4653 2110 4692 eorum
2163 4636 2416 4706 princeps
2464 4648 2588 4690 cum
2642 4640 2791 4686 tanto
2839 4631 3085 4685 exercitu
3133 4626 3336 4681 bellare
3386 4638 3493 4676 non

1925 4728 2172 4793 auderet,
2201 4727 2268 4781 ad
2315 4727 2699 4797 imperatorem
2747 4721 2971 4787 adeunt,
3003 4720 3287 4785 urbisque.
3334 4720 3529 4793 ante-_

1926 4804 2088 4889 quam
2140 4817 2360 4873 duriora
2415 4815 2807 4886 experiantur,
2880 4810 3209 4865 deditionem
3265 4804 3491 4858 faciunt.

1927 4908 2274 4964 Postmodum
2319 4906 2505 4960 sedato
2547 4905 2739 4975 timore
2770 4904 2822 4957 in
2851 4901 3112 4974 judicium
3153 4914 3181 4949 a
3223 4895 3375 4950 Crale
3401 4908 3496 4946 vo-

1925 4998 2054 5061 cati,
2084 5006 2138 5051 et
2181 4996 2501 5050 defectionis
2544 4994 2804 5057 accusati,
2847 4991 3000 5045 facile
3046 4989 3248 5042 crimen
3291 4983 3496 5036 refuta-

1927 5096 2084 5153 runt,
2138 5088 2545 5157 archiepiscopo
2592 5101 2782 5139 eorum
2833 5088 3224 5151 cOgnosccnte,
3261 5076 3351 5143 qui
3399 5089 3495 5129 cos

1927 5179 2059 5233 nihil
2105 5179 2367 5232 adversus
2410 5178 2721 5246 (equitatem
2756 5171 3050 5243 patravisse
3098 5165 3492 5239 pronuntiavit,

1925 5272 1971 5325 si
1998 5271 2151 5325 Crale
2182 5270 2401 5323 nolente
2429 5281 2768 5330 succurrere,
2798 5262 2893 5318 sed
2924 5265 3173 5316 hortante
3202 5270 3257 5313 ut
3288 5256 3497 5327 seipsos

1927 5372 2230 5426 tuerentur,
2264 5360 2337 5414 illi
2369 5358 2662 5429 prudenter
2709 5357 2809 5427 sibi
2855 5371 2917 5409 ac
2956 5351 3271 5408 salutariter
3300 5361 3500 5402 consuv

1923 5456 2131 5522 lentes,
2188 5452 2584 5523 potentioribus
2635 5463 2825 5519 parere
2880 5444 3285 5503 constituerint.
3341 5438 3497 5493 Adeo

1925 5558 2055 5603 tunc
2096 5561 2285 5601 omnes
2318 5544 2476 5598 urbes
2504 5543 2782 5613 perculsae,
2809 5540 2970 5605 ultro,
3006 5538 3318 5607 priusquam
3359 5531 3495 5585 diri-

1923 5650 2201 5712 percntur,
2255 5636 2598 5709 imperatoris
2646 5651 2766 5689 esse
2812 5632 3124 5702 cupiebant.
3178 5627 3286 5683 Nec
3331 5626 3498 5680 urbes

1923 5735 2130 5796 solum,
2182 5733 2274 5785 sed
2322 5731 2482 5785 etiam
2535 5727 2898 5781 Triballorum
2949 5721 3350 5794 potentissimi.
3399 5717 3494 5788 qui

1923 5837 2082 5882 antea
2117 5826 2428 5895 imperatori
2462 5823 2690 5878 fuissent
2717 5822 2901 5887 amici,
2956 5829 3008 5873 ct
3050 5820 3097 5873 ei
3130 5819 3353 5871 subesse
3381 5827 3496 5864 ina-
