3996 6218
314 419 413 485 153

1467 419 1999 480 ΙΙΙΞῚῸΠΙᾹΗΠΜ
2042 423 2268 483 LIBER
2310 425 2380 484 IV

3458 420 3559 487 134

312 529 668 600 στρατόπεδον
702 529 836 599 πρός
888 528 1132 599 βασιλέα,
1180 532 1375 599 ὅρκους
1426 530 1524 600 μὲν
1590 533 1880 601 παρείχετο

1998 555 2092 603 ,ur,
2122 548 2215 592 aut
2245 539 2360 605 ipse
2396 537 2709 603 praasidium
2763 536 3018 598 inducat;
3056 550 3182 589 suas
3204 537 3349 587 enim
3380 532 3551 586 tacut-

313 622 406 675 ἐπὶ
430 622 506 691 τῷ
542 620 756 690 βασιλεῖ
786 638 847 673 τε
893 622 1055 673 αὐτὸν
1085 625 1444 693 προσχωρεῖν,
1476 624 1569 676 καὶ
1597 626 1656 675 τὸ
1704 623 1873 693 φρού-

317 732 425 784 ριον
457 714 808 783 παραδιδόναι
830 730 844 744 ·
878 714 1045 766 ἐδεῖτο
1068 714 1124 766 δὲ
1152 713 1225 785 μὴ
1264 718 1325 768 τὸ
1375 714 1468 767 νῦν
1497 714 1617 785 ἕχον
1650 716 1682 785 ἦ
1715 716 1877 768 αὑτὸν

311 810 559 875 εἰσιέναι,
618 808 649 876 ἢ
687 809 931 879 φρουρὰν
982 810 1266 876 εἰσάγεινο
1299 811 1397 879 τήν
1428 826 1485 862 τε
1537 811 1644 879 γαρ
1691 810 1877 862 ούσίαν

312 901 454 970 αύτῷ
482 901 743 969 πλείστην
773 897 939 955 οὖσαν
962 906 1055 954 καὶ
1079 902 1535 971 διεσκεδασμένην
1560 902 1876 955 ἀπολεῖσθαι

312 996 412 1047 ύπὶ
447 994 735 1064 Τριϐαλῶν
776 994 1232 1064 διαρπασθεῖσαν,
1265 997 1357 1047 καὶ
1418 994 1544 1056 τοὺς
1598 998 1879 1063 συγγενεῖς

315 1086 459 1154 αὐτῷ
495 1089 591 1138 καὶ
645 1084 880 1148 οἰκείους
948 1086 1170 1155 Κράλην
1202 1086 1373 1156 ἄρδην
1431 1086 1744 1155 διαφθερεῖν
1794 1085 1882 1137 διὰ

314 1179 405 1244 τὴν
454 1177 595 1245 πρὸς
632 1176 796 1229 αὑτὸν
827 1176 1126 1246 ἀπέχθειαν
1152 1195 1165 1208 ·
1202 1177 1336 1230 ἀλλα
1392 1178 1784 1250 περιμείναντα
1816 1178 1880 1246 ή-

319 1269 486 1337 μέρας
532 1268 941 1333 πεντεκαίδεκα,
975 1269 1134 1338 ἄχρις
1174 1270 1240 1322 ἂν
1272 1270 1505 1332 οἰκείους
1536 1288 1594 1322 τε
1621 1274 1713 1323 καὶ
1746 1271 1883 1339 χρή-

320 1379 461 1433 ματα
506 1360 957 1433 μεταπέμψηται,
991 1362 1133 1415 οὕτω
1164 1365 1222 1417 τὸ
1278 1363 1537 1433 φρούριον
1588 1363 1883 1430 παραλαμ-

317 1456 515 1511 ϐάνειν.
558 1457 785 1518 Τούτοις
827 1457 926 1525 μὲν
954 1454 1049 1508 οὖν
1108 1458 1135 1509 ὁ
1169 1455 1424 1525 βασιλεὺς
1479 1456 1747 1521 πεισθεὶς,
1788 1455 1883 1509 καὶ

316 1548 506 1615 ὅρκους
544 1547 637 1598 ἐπὶ
669 1550 780 1608 τοῖς
835 1547 1152 1616 εἰρημένοις
1203 1546 1409 1600 ἐκείνου
1442 1546 1878 1617 παρασχομένου,

321 1638 650 1705 ἀνέστρεφεν
703 1638 781 1698 είς
812 1636 1233 1712 Θεσσαλονίκην.
1273 1636 1472 1699 Βέλκος
1506 1636 1563 1689 δὲ
1617 1634 1685 1689 τὰ
1732 1635 1882 1703 ὀμω-

326 1729 563 1796 μοσμένα
598 1727 762 1797 δῆθεν
789 1728 1106 1796 ἐκπληρῶν,
1146 1728 1271 1791 τούς
1300 1746 1360 1779 τε
1390 1728 1620 1789 οἰκείους
1660 1730 1724 1780 ἐκ
1752 1728 1883 1796 Τρι-

322 1819 482 1873 ϐαλιῖΝ
520 1820 928 1889 μετεπέμπετο,
962 1821 1057 1871 καὶ
1089 1818 1417 1888 βοσκήματα
1462 1820 1553 1871 καὶ
1580 1818 1679 1889 τὴν
1718 1816 1885 1886 ἄλλην

327 1913 632 1982 περιουσίαν
664 1910 881 1980 ἔπεμπέ
948 1927 1006 1962 τε
1060 1909 1153 1962 καὶ
1208 1910 1287 1971 εἰς
1338 1908 1734 1976 Θεσσαλονίκην
1789 1907 1887 1960 ούκ
1924 1884 1965 1939 Β

324 2006 464 2075 ὀλίγα
524 2006 727 2073 δεῖγμα
777 2005 877 2071 τῆς
938 2002 1072 2072 πρὸς
1114 2001 1342 2072 βασιλέα
1388 2002 1599 2064 εὐνοίας
1634 2000 1738 2054 ’καὶ
1788 2001 1889 2068 τῆς

329 2098 561 2167 φυλακῆς
593 2095 706 2148 τῶν
750 2094 1054 2164 συνθηκῶν.
1111 2093 1337 2162 Κρὰλης
1367 2093 1422 2145 δὲ
1468 2094 1567 2164 ἤδη
1604 2092 1889 2161 πεπυσμέ-

330 2208 425 2251 νος.
450 2189 521 2250 ὡς
552 2191 584 2257 ἡ
620 2188 719 2257 μὲν
742 2189 807 2241 ἐκ
831 2187 925 2255 τῆς
951 2187 1182 2255 ἠπείρου
1212 2186 1437 2255 στρατιὰ
1459 2186 1552 2238 καὶ
1579 2185 1886 2254 Ῥωμαίων,

347 2280 424 2330 καὶ
445 2277 733 2347 βαρϐάρων
764 2277 1001 2345 τοσαύτη
1033 2273 1167 2330 οὖσα
1216 2276 1599 2345 ἀναστρέψειε,
1638 2275 1891 2344 βασιλεὺς

345 2362 397 2413 δέ
417 2367 516 2425 ταῖς
546 2364 803 2433 τριήρεσι
847 2363 1041 2430 μόναις
1074 2362 1168 2415 καὶ
1215 2362 1517 2431 βαρϐάροις
1565 2362 1751 2423 πεζοῖς
1778 2358 1890 2410 ὀλί-

343 2471 451 2522 γοις
482 2457 773 2523 ἀφιγμένος
820 2456 901 2517 είς
933 2454 1333 2523 Θεσσαλονίκην
1366 2454 1629 2524 Βέρῤοιάν
1662 2469 1721 2504 τε
1758 2447 1891 2516 εἷλε,

335 2549 419 2600 καὶ
452 2549 738 2611 Ἔδεσσαν,
774 2548 871 2599 καὶ
901 2546 1065 2609 ἄλλας
1102 2546 1361 2615 πολίχνας
1400 2546 1500 2597 ούκ
1531 2545 1739 2609 ὀλίγας,
1773 2544 1895 2595 ἀνε-

332 2633 560 2704 θάρσησέ
588 2651 671 2697 τε,
709 2634 804 2685 καὶ
846 2633 1107 2702 στρατιὰν
1133 2632 1420 2685 ἀναλαϐὼν
1448 2633 1507 2683 ού
1535 2632 1736 2701 πολλὴν
1772 2632 1889 2701 μὲν,

329 2725 457 2779 πολὺ
488 2726 553 2791 δὲ,
575 2726 717 2794 ὅμως
769 2723 1147 2794 ὑπερέχουσαν
1194 2723 1293 2790 τῆς
1352 2721 1638 2792 βασιλέως,
1692 2722 1894 2792 ἤλαυνε

333 2819 525 2887 σπουδῇ
564 2818 659 2869 ἐπὶ
690 2816 1116 2885 Θεσσαλονίκην.
1175 2815 1284 2868 Καὶ
1318 2813 1517 2877 Βέλκος
1549 2812 1649 2882 μέν
1696 2813 1897 2865 αὐτίκα

329 2909 415 2961 ὑπ’
446 2911 660 2961 ἐκεῖνον
696 2904 784 2979 ἦν,
828 2912 923 2960 καὶ
965 2905 1429 2976 συνεστρατεύετο
1484 2906 1621 2974 μετὰ
1661 2905 1770 2957 τῶν
1803 2906 1896 2957 ὑπ’

327 3001 496 3063 αὖτὸν,
523 3000 642 3052 τῶν
664 3000 797 3069 πρὸς
824 2998 1040 3070 βασιλέα
1066 2997 1350 3067 συνθηκῶν
1402 2999 1497 3051 καὶ
1519 2998 1697 3067 ὅρκων
1722 2997 1897 3065 ἀμνη-

327 3095 585 3161 μονήσας.
627 3090 847 3160 Κράλης
874 3089 930 3142 δὲ
954 3092 1121 3157 ἐγγὺς
1151 3089 1443 3156 γενόμενος
1465 3088 1894 3158 Θεσσαλονίκης,

1988 642 2125 686 tates
2163 642 2219 685 et
2248 631 2533 693 maximas,
2563 640 2616 684 et
2638 629 2772 683 locis
2801 628 3100 697 disjunctas
3126 626 3381 680 Triballis
3416 627 3556 679 diri-

1986 724 2265 794 pientibus
2313 724 2664 783 amissurum,
2716 730 2772 775 et
2815 721 3028 775 Cralem
3078 720 3203 772 odio
3270 720 3553 773 iuccusum

1984 825 2243 886 cognatos
2268 824 2430 885 atque
2481 814 2809 867 domesticos
2839 828 2968 866 suos
3022 812 3264 865 funditus
3309 812 3553 880 pet'dtlll-

1987 921 2144 970 rum;
2201 905 2293 959 sed
2346 913 2669 973 exspectato
2706 903 2793 956 die
2844 903 3035 972 quinto
3092 902 3339 963 decimo,
3381 902 3557 956 dnnvc

1988 998 2321 1068 propinquos
2349 1006 2405 1051 et
2430 1012 2564 1064 opes
2584 1012 2710 1050 suas
2733 996 3035 1064 collegerit,
3065 996 3144 1051 sic
3171 997 3388 1051 demum
3422 997 3553 1049 illud

1988 1100 2239 1159 occupet.
2293 1090 2389 1144 His
2435 1089 2757 1159 imperator,
2788 1090 3098 1159 juramento
3135 1092 3435 1158 prmsertint
3467 1107 3558 1144 ac-

1988 1182 2239 1243 cedente.
2282 1196 2594 1249 persuasus,
2620 1179 3067 1235 Thessalonicam
3107 1181 3324 1249 repetit.
3354 1181 3555 1236 Bessus

1988 1276 2167 1342 iurata
2226 1286 2552 1339 exsequens,
2584 1281 2639 1324 et
2662 1270 2997 1339 propinquos
3024 1284 3087 1323 ac
3116 1284 3309 1337 pecora
3363 1286 3557 1338 resque

1990 1365 2126 1419 alias
2149 1380 2179 1419 e
2202 1363 2461 1418 Triballis
2488 1378 2710 1432 cogens,
2735 1360 3184 1415 Thessalonicam
3223 1376 3327 1414 non
3364 1376 3557 1429 pauca,

1990 1477 2102 1515 suae
2137 1461 2189 1513 in
2224 1459 2607 1527 imperatorem
2637 1453 3020 1525 propensionis
3070 1454 3322 1522 pactique
3354 1453 3556 1506 servati

1992 1553 2256 1608 indicium
2286 1552 2473 1604 mittit.
2506 1550 2693 1605 Crates
2718 1557 2794 1622 att
2822 1548 3038 1616 accepit
3066 1555 3275 1599 tantum
3309 1563 3338 1600 e
3362 1546 3557 1599 Roma-

1991 1646 2079 1699 nis
2114 1654 2280 1713 atque
2318 1643 2569 1697 barbaris
2608 1642 2901 1696 collectum
2940 1640 3242 1695 exercitum
3303 1654 3333 1692 e
3384 1639 3560 1693 conti-

1993 1745 2155 1791 nente
2192 1750 2497 1797 reversum,
2527 1744 2582 1788 et
2612 1734 2999 1803 imperatorem
3039 1730 3359 1785 triremibus
3393 1732 3523 1785 solis
3545 1771 3558 1793 ,

1993 1843 2120 1883 cum
2150 1827 2401 1882 barbaris
2430 1824 2708 1895 peditibus
2732 1839 2842 1877 non
2877 1824 2949 1876 ita
2984 1822 3171 1876 multis
3210 1821 3563 1874 Thessaloni-

1992 1936 2106 1975 cam
2143 1916 2449 1987 profeetum
2474 1956 2487 1980 ,
2528 1917 2953 1983 Berrhceamque
2986 1914 3145 1982 781
3174 1921 3229 1966 et
3260 1912 3517 1965 Edessam
3545 1952 3560 1971 .

1990 2018 2046 2065 et
2073 2009 2179 2067 alia
2211 2008 2469 2077 Oppidula
2498 2007 2781 2075 complura
2798 2006 3008 2074 cepisse
3037 2005 3170 2077 (15),
3202 2017 3322 2056 sese
3357 2002 3563 2055 conﬁr-

1993 2118 2170 2167 mans,
2202 2115 2328 2155 cum
2360 2098 2533 2168 copiis
2577 2113 2686 2152 non
2721 2098 2956 2167 magnis,
2989 2094 3357 2165 imperatoriis
3387 2103 3564 2147 tamen

1992 2195 2159 2261 longe
2194 2191 2500 2259 majoribus
2523 2189 2968 2244 Thessalonicam
2997 2186 3305 2241 contendit.
3331 2186 3397 2238 Et
3437 2186 3567 2238 Bes-

1993 2299 2089 2338 sus
2113 2282 2334 2351 quidem
2370 2295 2495 2333 cum
2527 2279 2789 2331 militibus
2828 2277 2964 2337 suis,
2992 2288 3280 2343 pactorum
3332 2284 3387 2327 et
3412 2274 3537 2341 jura

1994 2372 2167 2427 menti
2204 2372 2433 2435 oblitus,
2465 2370 2651 2423 statim
2678 2368 2752 2422 illi
2781 2383 2838 2422 se
2878 2366 3076 2436 jungit.
3120 2364 3309 2420 Crates
3332 2364 3565 2417 Thessa-

1994 2466 2187 2520 lonica:
2223 2463 2695 2533 appropinquans,
2729 2461 3060 2528 legationem
3094 2457 3159 2511 ad
3180 2458 3565 2525 imperatorem

1995 2558 2183 2623 mittit,
2214 2557 2372 2625 eique
2398 2555 2667 2620 ingratum
2688 2551 2929 2604 animum
2954 2550 3272 2619 exprobrat,
3295 2547 3438 2617 quod
3473 2563 3567 2599 ae-

1996 2660 2281 2719 ceptorum
2324 2644 2715 2701 beneficiorum
2750 2645 3058 2704 immemor,
3112 2649 3367 2707 tempore
3414 2637 3569 2707 adju-

1996 2748 2160 2793 vante
2190 2737 2355 2792 urbes
2403 2750 2531 2790 suas
2557 2732 2926 2803 'oppugnarit,
2961 2732 3264 2800 ejectisque
3306 2728 3572 2796 prasidiis

1998 2834 2322 2902 occuparit,
2369 2838 2425 2884 et
2476 2826 2832 2881 facultatibus
2879 2839 2988 2878 non
3026 2821 3256 2876 modicis
3302 2821 3569 2888 spoliarit,

2000 2934 2164 2976 secus
2184 2932 2345 2987 quam
2385 2914 2664 2969 debuerit.
2695 2911 2963 2967 Debuisse
2982 2918 3161 2963 autem
3189 2908 3571 2962 recordantem

2000 3027 2099 3066 sua
2156 3009 2351 3063 merita
2400 3014 2810 3061 sacrosanctam
2871 3016 3091 3057 servare
3141 2999 3460 3055 amicitiam.
3506 2996 3573 3050 Et

2002 3103 2129 3174 quia
2163 3110 2354 3156 contra
2404 3097 2486 3151 fas
2508 3097 2714 3166 egerit,
2752 3110 2811 3148 se
2841 3094 2993 3147 illum
3022 3092 3445 3161 reprehendere,
3469 3105 3571 3157 pu-

325 3184 625 3252 πρεσϐείαν
661 3183 877 3251 ἔπεμπε
932 3183 1070 3250 πρὸς
1125 3180 1370 3252 βασιλέα,
1406 3181 1497 3233 καὶ
1552 3180 1741 3249 πρῶτα
1802 3180 1894 3249 μὲν

2004 3209 2230 3267 tareque
2279 3193 2674 3264 reprehensum
2709 3191 2775 3243 iri
2806 3190 2875 3243 ab
2909 3188 3187 3243 omnibus.
3216 3187 3413 3241 Verum
3444 3186 3571 3253 quia

321 3276 559 3341 ὠνείδιζε
588 3275 700 3346 τὴν
718 3278 798 3337 εἰς
823 3274 986 3328 αὑτὸν
1017 3272 1433 3342 ἀγνωμοσύνην,
1470 3274 1553 3326 ὅτι
1580 3272 1902 3342 ἀμνημονήσ-

322 3383 412 3429 ea;
437 3362 511 3422 ὢν
543 3364 610 3420 εὖ
649 3366 740 3420 ὑπ’
765 3365 931 3419 αὐτοῦ
966 3366 1233 3435 πρότερον
1260 3363 1544 3429 πεπόνθει,
1574 3364 1773 3434 καιροῦ
1805 3381 1896 3416 τν-

324 3460 427 3528 χὼν
474 3459 652 3512 αύτοῦ
685 3461 803 3522 ταῖς
851 3458 1075 3510 πόλεσιν
1120 3455 1595 3528 ἐπιστρατεύσειε,
1630 3458 1725 3509 καὶ
1775 3457 1901 3519 τοὺς

329 3552 708 3622 φρουροῦντας
769 3550 1069 3619 κατασχοίη
1126 3549 1398 3615 ἐκϐαλὼν,
1449 3550 1541 3601 καὶ
1599 3550 1900 3619 χρημάτων

329 3643 758 3713 ἀποστερήσειεν
784 3642 883 3695 ούκ
915 3641 1136 3709 ὀλίγων,
1160 3641 1195 3695 ἂ
1224 3642 1324 3694 ούκ
1347 3641 1516 3712 ἐχρῆν
1546 3643 1740 3706 ποιεῖν,
1765 3638 1901 3693 ἀλλὰ

320 3734 424 3785 τῶν
450 3736 532 3798 εἰς
591 3734 755 3788 αὑτὸν
802 3736 1189 3803 γεγενημένων
1224 3733 1769 3804 ἀπομνημονεύοντα,
1802 3732 1902 3800 τὴν

323 3822 507 3891 φιλίαν
563 3824 857 3887 διασώζειν
916 3826 1055 3894 πρδς
1097 3825 1280 3879 αὐτόν.
1322 3825 1478 3877 Ἐπεὶ
1523 3826 1578 3878 δέ
1611 3825 1647 3878 ἃ
1681 3826 1756 3895 μὴ
1793 3823 1901 3876 ἔδει

318 3917 608 3984 εἴργαστο,
671 3920 1001 3987 κατηγορεῖν
1055 3918 1154 3985 μὲν
1205 3917 1389 3984 αὑτὸν,
1435 3916 1645 3969 οίεσθαι
1700 3916 1755 3968 δὲ
1808 3915 1901 3967 καὶ

319 4008 495 4061 πάντα
539 4006 788 4061 ὁντινοῦν
815 4024 831 4037 ⁸
859 4007 1186 4061 ἀναλύεσθαι
1240 4008 1297 4061 δὲ
1332 4008 1501 4062 ὀντων
1530 4009 1638 4061 τῶν
1668 4023 1900 4076 γεγενη-

322 4098 521 4165 μένων,
565 4098 859 4168 βούλεσθαι
907 4099 1143 4169 μάλιστα
1175 4098 1360 4162 αὑτὸν,
1408 4100 1463 4151 ετ
1502 4116 1567 4165 γε
1612 4100 1707 4150 καὶ
1753 4097 1901 4164 αύτῷ

278 4258 283 4263 Ξ
318 4188 529 4254 δοκοίη,
587 4190 838 4259 ἀλλήλοις
875 4190 1170 4254 συνελθεῖν,
1217 4192 1312 4243 καὶ
1360 4190 1738 4258 διαλεχθέντας
1775 4190 1903 4258 περὶ

318 4276 423 4329 τῶν
447 4276 731 4346 διαφορῶν
789 4276 1093 4345 συμϐάσεις
1148 4276 1363 4344 θέσθαι,
1396 4280 1490 4331 καὶ
1523 4278 1614 4329 τὸν
1666 4277 1902 4345 πόλεμον

322 4364 689 4428 καταθέσθαι,
732 4364 1221 4432 ἀνανεωσαμένους
1260 4365 1359 4427 τὰς
1406 4365 1635 4427 σπονδὰς
1678 4368 1772 4418 καὶ
1804 4365 1902 4433 τὴν

320 4454 571 4524 εἰρήνην.
608 4454 847 4507 Τοιαῦτα
883 4456 981 4524 μὲν
1022 4454 1359 4525 ἐπρέσϐευεν
1390 4456 1416 4507 ὀ
1450 4455 1697 4523 Κραλης,
1748 4456 1902 4523 βασι-

2000 3289 2279 3362 praaterita
2322 3286 2522 3357 corrigi
2557 3291 2873 3354 nequeant,
2906 3281 3046 3336 velle
3077 3295 3157 3345 se,
3193 3278 3237 3333 si
3281 3278 3424 3331 idem
3470 3275 3571 3344 ipsi

2004 3382 2238 3454 placeat,
2297 3394 2420 3435 cum
2462 3393 2533 3433 eo
2562 3374 2845 3446 congredi,
2897 3371 3326 3442 disceptatisque
3355 3377 3577 3422 contro-

2002 3472 2202 3527 versiis
2230 3469 2477 3540 pacisci,
2514 3476 2569 3521 et
2612 3466 2757 3521 bello
2796 3464 2979 3518 valere
3010 3463 3182 3531 jusso,
3220 3459 3397 3513 ftedus
3427 3457 3575 3525 pacis

2004 3575 2299 3617 renovare.
2341 3557 2463 3612 llaec
2489 3558 2541 3609 in
2566 3554 2839 3624 legatione
2874 3551 3079 3613 Crales,
3111 3564 3231 3616 qua:
3257 3546 3574 3613 imperatori

2000 3650 2311 3723 gratissima
2340 3646 2592 3701 accidere
2630 3661 2643 3695 :
2680 3642 3049 3712 praeﬁxusque
3075 3637 3362 3691 amborum
3386 3636 3595 3687 voluu-‘

2004 3753 2113 3798 tate
2147 3742 2264 3795 dies
2291 3779 2304 3804 ,
2336 3752 2445 3808 quo
2476 3733 2857 3794 convenirent,
2891 3747 2956 3785 ac
3001 3727 3291 3785 dissidium
3332 3726 3440 3779 icto
3472 3724 3575 3778 [ωε

2004 3832 2133 3887 dere
2167 3831 2588 3896 componerent.
2615 3820 2846 3887 Jamque
2885 3817 3003 3871 dies
3031 3812 3333 3885 praeﬁnitus
3365 3811 3431 3865 ad
3461 3811 3576 3863 col-

2002 3921 2249 3990 loquium
2285 3917 2495 3979 aderat,
2522 3928 2645 3969 cum
2679 3909 2841 3965 ambo
2878 3909 3240 3976 imperatores
3311 3912 3365 3956 et
3401 3902 3575 3957 comi-

2006 4022 2090 4066 tes
2119 4011 2311 4064 armati
2345 4012 2571 4060 exeunt.
2604 4002 2794 4057 Crales
2847 3998 3103 4054 similiter
3140 4011 3263 4050 cum
3301 3991 3583 4063 stipatori-

2004 4104 2108 4158 bus
2138 4100 2254 4156 suis
2285 4106 2528 4153 armatus
2552 4094 2619 4149 ad
2648 4092 2841 4147 urbem
2872 4087 3322 4145 Thessalonicam
3380 4094 3435 4138 et
3478 4084 3579 4136 itu-

2003 4200 2295 4264 peratores
2352 4188 2584 4243 accedit.
2646 4182 2750 4238 Ubi
2806 4182 2948 4235 inter
3001 4194 3059 4233 se
3119 4176 3577 4237 consalutarunt,

2002 4287 2191 4341 Crales
2238 4283 2386 4352 prior
2420 4280 2521 4334 fari
2573 4275 2765 4345 incipit
2795 4294 2809 4327 :
2835 4274 3062 4341 Iniquus
3087 4286 3147 4325 es
3179 4271 3233 4323 in
3271 4284 3377 4329 me,
3412 4268 3581 4334 impe-

2004 4386 2175 4438 rator,
2209 4388 2333 4425 cum
2356 4370 2556 4423 bellu'u
2596 4366 2729 4419 mihi
2765 4364 2919 4417 iacis.
2948 4362 3063 4431 Ego
3086 4374 3218 4413 vero
3240 4358 3318 4413 sic
3340 4356 3579 4409 arbitra-

2005 4469 2123 4527 bar,
2144 4481 2257 4520 rem
2285 4478 2403 4517 csse
2430 4458 2633 4513 nullam
2654 4497 2669 4521 ,
2716 4471 2838 4524 qua:
2855 4454 3097 4509 alienum
3138 4461 3192 4505 et
3228 4450 3497 4519 ingratum
3529 4458 3579 4500 te

321 4541 399 4598 λεί
429 4563 491 4599 τε
522 4547 704 4599 ἐδόκει
732 4547 1005 4615 βέλτιστα,
1034 4548 1132 4600 καὶ
1154 4547 1438 4601 συνέθεντο
1460 4549 1677 4617 ἡμέραν
1702 4546 1894 4617 ῥητὴν,

2004 4557 2233 4612 reddere
2284 4563 2487 4623 posset.
2515 4550 2635 4605 Scis
2663 4547 2831 4611 enim,
2885 4555 2942 4599 ut
2981 4559 3140 4598 nemo
3200 4541 3416 4603 melius,
3446 4555 3583 4607 quo-

321 4638 378 4689 ἰν
486 4640 604 4693 ἔδει
642 4640 970 4709 γενομένους
998 4642 1055 4693 ἐν
1080 4640 1263 4708 ταυτῷ
1291 4640 1444 4691 λύειν
1487 4642 1585 4701 τὰς
1614 4640 1899 4710 διαφορὰς,

323 4731 563 4793 σπονδὰς
599 4730 880 4798 θεμένους.
920 4732 1257 4799 Ἐπιστάσης
1306 4748 1366 4783 τε
1402 4730 1501 4799 τῆς
1538 4732 1900 4801 προθεσμὲας,

322 4824 371 4875 οῖ
401 4841 463 4876 τε
495 4823 742 4893 βασιλεῖς
776 4824 1083 4893 ἀμφότεροι
1130 4823 1363 4894 ἐξῄεσαν
1408 4824 1766 4892 ὡπλισμένοι,
1808 4825 1903 4877 καὶ

322 4916 675 4979 οἰησυνόντες.
710 4916 934 4986 Κράλης
973 4933 1032 4969 τε
1073 4918 1275 4985 ὁμοίως
1313 4904 1457 4985 μετᾶ
1495 4917 1605 4969 τῶν
1640 4918 1770 4987 περὶ
1803 4918 1902 4969 αύ-

323 5007 411 5058 τδν
440 5006 783 5075 ὠπλισμένοι
806 5007 959 5068 ὄντες
990 5002 1124 5078 ἦκον
1146 5008 1313 5076 ἐγγὺς
1348 5008 1774 5078 Θεσσαλονίκης,
1807 5010 1904 5061 καὶ

328 5099 651 5166 συνεγένετο
683 5102 798 5162 τοῖς
864 5099 1146 5168 βασιλεῦσι
1168 5117 1183 5130 ο
1232 5102 1371 5170 μετὰ
1403 5101 1459 5153 δὲ
1488 5102 1587 5171 τὴν
1630 5102 1903 5169 προσαγό-

328 5206 515 5257 ρευσιν
586 5192 613 5243 ὀ
642 5190 865 5260 Κραλης
894 5193 1109 5261 πρῶτος
1145 5193 1351 5261 ἥπτετο
1377 5194 1512 5261 πρὸς
1541 5193 1768 5261 βασιλέα
1804 5194 1891 5246 λό-

325 5299 442 5347 γου,
460 5281 718 5349 Ἀδικεῖς,
736 5282 925 5346 εἰπὼν,
944 5279 987 5336 ὧ
1009 5284 1251 5354 βασιλεύ,
1281 5286 1518 5353 πολέμου
1545 5286 1748 5353 ἄρχων.
1767 5284 1906 5351 Ἐγὼ

327 5374 379 5425 δὲ
411 5374 584 5443 ῷμην
609 5369 744 5426 εἶναι
776 5376 941 5444 μηδὲν
971 5377 1077 5428 τῶν
1106 5376 1295 5441 ὄντων,
1320 5378 1346 5427 ὃ
1395 5393 1451 5429 σε
1490 5378 1625 5445 πρὸς
1656 5376 1753 5445 ἐμέ
1784 5379 1902 5428 πεῖ-

330 5482 417 5517 σαι
452 5466 743 5533 δυνήσεται
801 5467 1159 5538 ἀγνωμονεῖν.
1213 5464 1389 5521 Οἶσθα
1436 5468 1545 5538 γὰρ
1595 5468 1759 5529 αὐτὸς
1796 5467 1906 5519 τῶν

2008 4649 2171 4703 modo
2202 4645 2474 4701 hostiliter
2502 4643 2570 4697 ab
2601 4640 2953 4711 homopbylis
2986 4644 3355 4706 cppuguatus,
3387 4643 3441 4687 et
3472 4632 3582 4685 Ro-

2010 4755 2291 4794 manoram
2332 4737 2535 4791 ﬁnibus
2556 4742 2781 4789 exactus
2819 4728 3308 4801 (injuste'quidem,
3331 4726 3455 4793 quis
3482 4738 3579 4775 ne-

2008 4830 2135 4900 gat?
2168 4828 2261 4881 sed
2316 4835 2495 4880 tamen
2550 4821 2800 4888 exactus)
2854 4820 2919 4874 ad
2954 4834 3054 4872 nos
3095 4812 3408 4882 confugeris
3440 4827 3455 4863 :
3488 4809 3577 4877 qui

2008 4934 2185 4988 neque
2226 4916 2551 4971 beneﬁcium
2580 4912 2801 4982 aliquod
2830 4910 2926 4965 tibi
2960 4906 3323 4967 debebamus,
3352 4915 3453 4954 nec
3487 4907 3577 4951 tua

2009 5011 2207 5080 injuria
2237 5008 2577 5063 dolebamus.
2602 5005 2708 5060 Sed
2747 5004 2791 5058 si
2830 5016 2960 5055 vera
3014 4996 3243 5053 dicenda
3273 5004 3421 5058 sunt,
3456 4992 3573 5045 disc

2010 5101 2225 5155 cordias
2287 5099 2341 5152 in
2407 5099 2529 5151 loco
2585 5094 2947 5150 beatitudinis
2976 5088 3417 5149 numerabamus,
3454 5098 3577 5139 cum

2014 5191 2141 5245 inde
2175 5204 2263 5243 res
2289 5198 2488 5243 nostra:
2511 5188 2651 5241 bene
2680 5185 2967 5240 haberent.
2993 5183 3090 5237 Ast
3121 5195 3243 5250 ego,
3273 5191 3579 5248 quanquam

2015 5285 2201 5337 hostes
2250 5279 2325 5333 tui
2360 5279 2553 5333 crebro
2587 5276 2889 5347 legationes
2939 5274 3240 5336 mitterent,
3292 5268 3579 5339 pecuniam

2011 5383 2065 5428 et
2095 5373 2284 5426 urbem
2315 5384 2423 5423 non
2459 5382 2621 5422 unam
2642 5366 2905 5421 on‘erreut
2929 5406 2943 5430 ,
2989 5362 3314 5432 imperiique
3352 5355 3581 5413 Romani

2016 5477 2227 5537 partem
2267 5479 2373 5517 non
2403 5462 2684 5516 minimam
2726 5457 3214 5529 parvipeudcrent,
3250 5454 3295 5509 si
3333 5466 3418 5505 me
3452 5449 3583 5505 ami-

1606 5610 1820 5671 Jacobi
1857 5611 2120 5672 Pontani
2158 5618 2343 5670 noue.

404 5750 697 5827 (ξδλίτοει
730 5756 841 5827 hate
867 5756 1026 5809 verba
1068 5766 1149 5811 est
1183 5759 1235 5810 iu
1274 5758 1458 5811 rotlicc
1492 5758 1678 5813 Grzeco
1706 5758 1898 5812 lacuna
1943 5774 2077 5827 pene
2115 5757 2275 5812 unius
2310 5767 2518 5811 versus.
2556 5751 2825 5807 Videntur
2880 5758 3058 5805 tamen
3131 5742 3293 5799 verba
3350 5753 3580 5808 sequen-

334 5821 403 5873 tia
430 5822 772 5894 α-.·εθαρσησέ
799 5843 877 5892 τε,
909 5838 1012 5882 etc.
1050 5829 1326 5882 coita-rere
1354 5844 1475 5883 cum
1501 5829 1902 5897 superioribus.
