3996 6218
408 351 510 415 155
1570 363 1896 429 JOANNIS
1935 377 1976 429 t;

2088 373 2466 435 TACUZENI
3550 385 3655 452 156

404 480 528 519 cum
562 475 727 536 atque
754 467 964 522 socium
1000 470 1475 541 nanciscerentur,
1520 485 1572 531 et
1605 493 1768 532 unam
1805 481 1977 535 solam

2084 484 2258 538 ἄλλων
2293 487 2515 555 μᾶλλον,
2570 486 2645 550 ὡς
2682 488 3008 559 πολεμηθεὶς
3044 492 3148 546 ὑπὸ
3195 494 3302 548 τῶν
3344 498 3657 569 ὁμοφύλων,

404 573 507 627 pro
548 558 634 614 his
667 560 924 615 omnibus
976 561 1206 630 gratiam
1257 573 1514 634 peterent
1552 579 1609 624 ut
1642 581 1693 625 te
1731 572 1978 627 vinetum

2087 577 2179 631 καὶ
2229 578 2328 644 τῆς
2366 578 2652 647 Ῥωμαίων
2691 581 2790 649 γῆς
2842 558 3134 648 ἀπελαθεὶς
3182 558 3407 655 (ἀδίκως
3437 558 3561 659 μὲν,
3594 558 3656 646 ού

407 641 513 695 illis
546 642 910 707 transderem,
975 653 1070 698 aut
1112 645 1228 715 ipse
1279 651 1643 707 constrictum
1696 666 1978 723 tenerem,

406 727 579 780 nihilo
606 728 1032 786 minusimmani
1064 735 1334 803 pecuniae.
1362 746 1419 792 et
1454 748 1533 795 tot
1566 744 1809 811 oppidis,
1843 754 1982 799 tam-

405 833 511 886 que
545 820 761 888 amplae,
803 828 858 876 et
893 824 1057 878 cultae
1089 826 1298 897 regioni
1331 833 1799 889 necessitudinem
1834 847 1980 893 tuam

406 906 691 974 autcposui
728 925 741 961 :
780 924 885 963 nec
920 919 1133 967 tantum
1181 915 1328 983 quod
1376 916 1637 975 facillime
1688 934 1934 991 poteram
1966 965 1981 990 ,

404 995 656 1051 hostibus
707 1014 815 1053 non
868 1003 1086 1070 prodidi
1145 1005 1314 1073 (haud
1367 1010 1514 1063 enim
1578 1012 1678 1065 tibi
1726 1014 1985 1069 memoria

405 1087 609 1141 excidit
641 1089 731 1143 ille
768 1100 944 1146 status
978 1097 1153 1165 tuus),
1190 1098 1353 1168 782
1387 1100 1483 1155 sed
1512 1101 1698 1168 etiam,
1733 1105 1879 1173 quod
1930 1106 1984 1161 in

406 1193 492 1232 me
523 1178 665 1245 fuit,
725 1182 848 1249 his,
906 1194 1097 1255 terque
1136 1191 1340 1244 auxilia
1395 1206 1515 1246 mea
1578 1194 1675 1249 tibi
1737 1196 1983 1267 a'djunxi.

407 1270 649 1335 Quorum
685 1276 932 1330 omnium
960 1278 1341 1334 existimabam
1373 1290 1427 1335 te
1478 1292 1744 1353 perpetuo
1780 1302 1988 1342 memo-

408 1378 546 1429 rem,
594 1380 875 1435 nunquam
906 1384 971 1423 eo
998 1385 1413 1441 progressurum
1437 1415 1451 1439 ,
1491 1386 1549 1431 ut
1596 1380 1847 1447 quamvis
1872 1397 1971 1451 po—

410 1459 554 1517 tens,
586 1452 752 1507 urbes
783 1468 933 1510 meas
962 1456 1254 1528 aﬂiigeres.
1286 1458 1367 1515 Tu
1394 1472 1602 1528 autem,
1634 1468 1778 1534 quod
1813 1484 1985 1538 appa-

409 1552 515 1607 ret,
564 1558 755 1598 eorum
779 1548 1025 1601 omnium
1059 1552 1239 1619 posita
1270 1556 1533 1609 memoria
1559 1596 1573 1621 ,
1619 1573 1767 1613 nunc
1790 1560 1988 1616 barba-

412 1646 502 1683 ros
529 1632 580 1685 in
619 1648 725 1699 me,
767 1643 825 1688 ut
857 1635 912 1689 in
941 1636 1154 1692 hostem
1189 1640 1672 1712 injuriosissimum
1715 1647 1892 1706 ducis.
1921 1650 1989 1707 Et

417 1721 638 1775 urbium
676 1724 898 1792 quidem
946 1726 1084 1781 alias
1132 1730 1300 1784 armis
1357 1733 1590 1801 cepisti,
1621 1735 1753 1791 alias
1780 1738 1905 1792 dolo
1932 1748 1987 1793 et

411 1808 648 1876 insidiis,
684 1775 997 1882 aliquantas
1021 1813 1189 1869 etiam
1233 1826 1384 1870 metu
1421 1775 1713 1888 subegisti.
1746 1821 1980 1878 Militum

2092 1793 2211 1845 χειν
2245 1775 2599 1839 συλλαϐόντα,
2649 1779 2748 1832 οὐκ
2808 1779 3051 1850 ἠθέλησα

414 1918 550 1958 vero
575 1905 1049 1974 praesidiariorum
1068 1944 1083 1970 ,
1112 1909 1206 1978 qui
1237 1909 1291 1962 in
1319 1925 1537 1981 quaque
1579 1915 1781 1983 reperti
1820 1927 1946 1971 sunt
1971 1960 1986 1985 ,

411 1999 579 2059 atque
616 1992 884 2047 nobilium
919 1994 1238 2061 multorum,
1266 1998 1465 2065 partim
1499 2015 1679 2068 pugna
1714 2003 1986 2071 occidisti,

409 2078 607 2147 partim
656 2080 712 2134 in
745 2082 1070 2137 servitutem
1131 2084 1431 2152 redegisti,
1468 2098 1523 2141 et
1567 2087 1878 2146 libertatem
1908 2095 1988 2148 eis

410 2178 735 2233 corporum,
769 2168 991 2236 quando
1036 2169 1134 2223 tibi
1164 2171 1349 2236 libuit,
1384 2173 1664 2242 praebuisti
1689 2216 1705 2243 ,
1740 2192 1847 2231 non
1878 2194 1989 2232 ma-

410 2254 490 2319 gis
517 2256 1056 2312 manumissioneeos
1072 2260 1401 2327 exhilarans,
1435 2279 1598 2333 quam
1634 2265 1764 2321 dum
1799 2283 1987 2323 servos

411 2341 641 2410 faceres,
670 2346 1098 2403 contristave‘ras
1134 2367 1149 2404 :
1184 2352 1328 2420 quod
1353 2369 1460 2408 non
1493 2355 1564 2409 ita
1596 2358 1983 2428 ipsisjucunda

408 2440 555 2486 esset
594 2444 717 2502 post
746 2437 1067 2493 servitutem
1098 2439 1349 2507 libertas,
1390 2460 1552 2513 quam
1594 2447 1769 2503 tristis
1806 2451 1986 2505 fuerat

411 2520 652 2577 libertati
704 2524 957 2594 imposita
1001 2530 1259 2606 servitus.
1294 2533 1584 2590 Pecuniam
1613 2553 1832 2607 quoque
1858 2541 1983 2596 inti-

411 2612 589 2665 nitam
668 2622 723 2668 et
780 2631 980 2683 pecora
1038 2618 1459 2678 innumerabilia
1508 2627 1799 2683 abstulisti.
1856 2630 1986 2696 Quae

410 2704 594 2756 omnia
634 2718 720 2759 me
770 2708 1113 2772 excruciant,
1158 2710 1479 2784 faciuntque
1529 2725 1587 2770 ut
1632 2718 1986 2775 vehementer

410 2791 686 2861 ingratum
720 2803 771 2849 te
798 2806 853 2850 et
889 2796 1134 2867 iniquum
1155 2800 1420 2870 judicem.
1452 2803 1650 2861 Verum
1681 2809 2031 2879 enimvero,’

412 2885 625 2939 tametsi
682 2886 779 2940 abs
822 2897 874 2941 te
912 2887 1072 2943 laesus
1109 2892 1307 2957 toties,
1356 2907 1466 2948 non
1499 2897 1670 2953 hostis
1718 2899 1814 2953 tibi
1840 2939 1856 2965 ,
1889 2902 1982 2956 sed

409 2976 621 3031 amicus
647 2987 704 3032 et
722 2979 905 3034 socius
927 2995 1049 3035 esse
1071 2983 1214 3048 volo,
1254 2985 1482 3052 perinde
1530 2997 1588 3041 ut
1624 2990 1861 3046 antehac
1888 3008 1902 3046 :
1930 3004 1984 3047 et

409 3066 623 3133 hortor,
676 3078 735 3122 ut
780 3068 1010 3139 ahjectis
1053 3071 1174 3127 istis
1215 3073 1639 3143 cogitationibus
1682 3079 1984 3136 humilibus

2084 666 2192 755 γὰρ
2222 667 2287 720 ἂν
2305 668 2597 740 ἀρνηθείην
2619 671 2728 723 οὐδ’
2755 673 2939 739 αὐτὸς,
2966 676 3113 745 ὅμως
3139 678 3185 730 δ’
3204 677 3298 734 οὖν
3319 682 3658 755 ἀπελαθεὶς),

2084 754 2217 827 ἧκες
2247 760 2377 829 παρ’
2407 762 2572 831 ἡμᾶς,
2609 760 2721 813 οὔτ’
2749 764 2982 834 ἀμοιϐάς
3012 785 3095 819 σοι
3126 773 3411 841 προτέρων
3437 775 3660 846 εὐεργε-

2087 850 2219 902 σιῶν
2248 850 2582 918 ὸφείλοντας,
2610 851 2721 906 οὔτ’
2759 856 3203 926 ἀγανακτοῦντας
3245 864 3385 936 ὑπὲρ
3415 866 3505 917 σοῦ
3543 866 3660 919 ἀδι-

2086 946 2375 1015 κουμένου,
2423 947 2539 1002 ἀλλ’
2569 949 2617 1000 εί
2637 950 2717 1003 δεῖ
2745 951 2983 1020 τάληθὲς
3014 957 3209 1017 εἰπεῖν,
3246 960 3338 1009 καὶ
3372 961 3471 1030 τὴν
3500 961 3658 1029 ὑμῶν

2088 1037 2225 1106 πρὸς
2249 1039 2513 1107 ἀλλήλους
2541 1039 2809 1113 διαφορὰν
2844 1046 2901 1096 ἐν
2944 1045 3199 1115 εὐτυχίας
3236 1049 3396 1117 μέρει
3442 1050 3656 1117 λογιζο-

2090 1128 2284 1197 μένους
2308 1129 2383 1198 τῷ
2405 1131 2475 1183 τὰ
2511 1132 2615 1184 ίδια
2652 1133 2713 1185 εὖ
2742 1134 3005 1190 τίθεσθαι.
3084 1137 3225 1204 Ἐγὼ
3254 1140 3307 1191 δὲ
3338 1141 3517 1195 καίτοι
3548 1143 3657 1195 τῶν

2090 1222 2172 1271 σοὶ
2222 1221 2605 1290 πολεμούντων
2649 1226 2844 1289 πολλὰς
2893 1229 3190 1298 πρεσϐείας
3244 1234 3654 1301 πεποιημένων,

2088 1310 2182 1363 καὶ
2208 1315 2463 1383 χρήματα
2506 1317 2920 1385 παρεχομένων,
2951 1321 3043 1372 καὶ
3076 1322 3261 1385 πόλεις
3305 1322 3527 1394 πολλὰς,
3561 1326 3659 1378 καὶ

2087 1404 2186 1471 τῆς
2254 1398 2539 1475 Ῥωμαίων
2599 1409 2895 1478 ἡγεμονίας
2954 1413 3263 1483 ἀπόμοιραν
3315 1418 3658 1485 προϊεμένων

2088 1498 2187 1550 οὐκ
2230 1498 2436 1566 ὀλίγην,
2496 1500 2591 1551 καὶ
2662 1501 2813 1569 φίλον
2858 1502 3022 1573 ἔχειν,
3071 1506 3163 1557 καὶ
3210 1506 3496 1576 σύμμαχον
3549 1510 3661 1561 ὑπο

2092 1592 2474 1660 ισχνουμένων,
2497 1594 2588 1645 καὶ
2629 1593 2759 1662 μίαν
2792 1594 2993 1648 τούτων
3022 1596 3277 1652 ἁπάντων
3307 1600 3466 1669 χάριν
3491 1599 3658 1653 ἀπαι-

2087 1683 2326 1735 τούντων
2355 1685 2415 1735 τὸ
2453 1685 2510 1736 σὲ
2555 1685 2841 1757 δεσμώτην
2883 1688 3209 1758 παρασχεῖν,
3241 1690 3274 1760 ἢ
3310 1691 3471 1743 αὐτὸν
3497 1693 3656 1745 κατέ-

3115 1782 3316 1845 αὑτός·
3360 1783 3496 1837 ἀλλά
3560 1785 3659 1837 καὶ

2092 1869 2392 1938 χρημάτων
2421 1868 2649 1932 πολλῶν,
2678 1871 2772 1922 καὶ
2801 1871 3011 1925 πόλεων
3036 1872 3326 1935 τοσούτων,
3353 1873 3449 1926 καὶ
3470 1874 3657 1944 χώρας

2091 1959 2290 2029 πολλῆς
2356 1961 2449 2012 καὶ
2485 1961 2717 2029 ἀγαθῆς,
2767 1960 2863 2031 τὴν
2915 1962 3013 2033 σὴν
3054 1964 3249 2031 φιλίαν
3300 1964 3659 2034 προειλόμην,

2090 2052 2185 2104 καὶ
2215 2052 2274 2103 οὐ
2319 2052 2478 2120 μόνον
2514 2053 2573 2104 οὺ
2606 2053 2921 2124 προδέδωκα
2958 2056 3067 2107 τοῖς
3100 2054 3407 2122 πολεμίοις,
3478 2057 3658 2108 καίτοι

2091 2142 2263 2214 ῥᾷστά
2293 2160 2356 2210 γε
2406 2143 2721 2213 δυνάμενος·
2761 2144 2819 2196 ού
2855 2145 2960 2216 γὰρ
2993 2146 3101 2199 οὐδ’
3151 2148 3313 2210 αὐτὸς
3345 2149 3561 2215 ἀγνοεῖς
3598 2148 3659 2201 ἐν

2088 2230 2231 2292 ὅτοις
2260 2225 2402 2301 ἦσθα
2425 2232 2547 2285 τότε
2573 2250 2585 2262 ·
2623 2233 2760 2286 ἀλλὰ
2791 2235 2888 2286 καὶ
2912 2236 2970 2287 τό
3010 2251 3074 2303 γε
3120 2237 3201 2300 είς
3230 2236 3331 2306 ἐμὲ
3368 2232 3529 2310 ἧκον,
3561 2238 3658 2291 καὶ

2086 2320 2187 2385 δὶς,
2217 2323 2310 2376 καὶ
2340 2324 2460 2393 τρὶς
2504 2325 2599 2376 ἐπὶ
2648 2326 2938 2398 συμμαχίᾳ
2977 2329 3332 2398 παρεσχόμην
3367 2332 3652 2399 στρατιάν.

2085 2410 2186 2466 ’Ὧν
2238 2414 2485 2485 ἐνόμιζον
2515 2418 2769 2470 ἁπάντων
2802 2419 3152 2489 μεμνημένον
3215 2421 3477 2473 οὐδέποτε
3527 2422 3655 2490 βου-

2087 2506 2375 2579 λήσεσθαι,
2407 2508 2509 2563 κᾶν
2556 2510 2860 2580 δυνήσηται
2894 2512 3128 2580 μεγάλα,
3175 2514 3273 2576 τὰς
3309 2514 3403 2566 ὑπ’
3444 2515 3538 2584 ἐμὲ
3562 2531 3657 2566 τε-

2085 2596 2283 2660 λούσας
2306 2598 2483 2662 πόλεις
2512 2602 2854 2669 κακουργεῖν.
2890 2603 2961 2653 Σὺ
2993 2601 3057 2662 δ’.
3080 2602 3152 2665 ὡς
3199 2603 3396 2666 ἔοικεν,
3430 2605 3653 2657 ἐκείνων

2087 2688 2341 2743 ἁπάντων
2365 2690 2811 2759 ἐπιλελησμένος,
2838 2692 2994 2762 ἥκεις
3020 2693 3113 2745 νῦν
3139 2693 3452 2764 βαρεάρους
3482 2696 3657 2761 ἄγων,

2085 2781 2161 2844 ώς
2213 2781 2306 2833 ἐπὶ
2362 2781 2622 2848 πολέμιον
2653 2781 2749 2834 καὶ
2807 2783 2874 2835 τὰ
2910 2784 3144 2851 μέγιστα
3175 2785 3495 2855 ⁴ηδικηκότα.
3546 2787 3662 2839 Καὶ

2086 2873 2291 2937 πόλεις,
2315 2873 2412 2938 τὰς
2448 2874 2547 2943 μὲν
2599 2877 2710 2936 τοῖς
2734 2875 2920 2940 ὅπλοις
2952 2872 3118 2943 εἷλες,
3150 2879 3341 2948 ἐτέρας
3366 2880 3422 2932 δὲ
3452 2881 3657 2952 κλοπῇ,

2084 2965 2183 3017 οὐκ
2219 2964 2407 3033 ὀλίγας
2443 2965 2498 3017 δὲ
2530 2969 2625 3022 καὶ
2666 2968 2768 3020 ὑπὸ
2802 2968 2953 3033 δέους
3008 2971 3506 3041 προσχωρησάσας.
3545 2974 3660 3026 Καὶ

2085 3057 2213 3119 τοὺς
2263 3056 2609 3121 ἐνοικοῦντας
2666 3059 3028 3127 στρατιώτας,
3062 3061 3156 3115 καὶ
3206 3061 3315 3115 τῶν
3369 3064 3663 3132 ἐπιφανῶν

411 3159 651 3227 priorem
688 3162 983 3217 amicitiam
1033 3172 1089 3217 et
1134 3162 1316 3220 fmdus
1370 3183 1582 3221 mecum
1638 3185 1888 3234 renoves,
1924 3182 1980 3227 et

2087 3148 2337 3210 πολλοὺς,
2369 3150 2495 3212 τοὺς
2561 3150 2657 3219 μὲν
2721 3151 3055 3215 ἀπέκτεινας
3092 3153 3238 3206 κατά
3298 3154 3399 3217 τὰς
3450 3155 3659 3226 μάχας,

413 3259 644 3318 uterque
671 3266 792 3320 qua:
822 3252 1006 3319 habet,
1038 3254 1293 3310 retineat.
1321 3256 1475 3322 Quod
1500 3259 1543 3313 si
1575 3275 1716 3329 aegre
1747 3262 1845 3317 tibi
1875 3272 1976 3328 est,

414 3355 501 3394 me
530 3355 753 3413 quoque
779 3344 1088 3411 portionem
1124 3346 1360 3416 aliquam
1386 3349 1453 3403 de
1474 3350 1720 3405 Romano
1750 3352 1980 3423 imperio

410 3431 647 3484 ablatam
685 3434 989 3501 possidere,
1014 3445 1073 3491 at
1110 3437 1244 3491 illud
1282 3439 1488 3507 cogites
1508 3441 1691 3505 velim,
1722 3452 1772 3498 to
1809 3444 1980 3499 multo

409 3522 730 3591 ampliorem
775 3524 999 3591 habere,
1049 3528 1347 3583 detractam
1386 3546 1455 3586 ex
1501 3548 1566 3586 ea
1600 3548 1720 3602 quae
1752 3534 1979 3592 alterius

408 3622 532 3667 crat
571 3616 792 3684 propria
831 3634 846 3670 :
880 3618 1083 3687 quibus
1120 3627 1417 3690 utrumque
1463 3632 1780 3678 contentum
1822 3642 1973 3691 esse,

407 3716 463 3760 et
488 3706 630 3762 facto
665 3708 873 3763 fcedere
894 3724 1081 3779 pacem
1116 3712 1323 3782 agitare
1358 3728 1455 3782 par
1470 3722 1571 3768 est.
1600 3713 1693 3768 Sin
1722 3715 1822 3770 ista
1847 3733 1979 3772 con-

408 3796 545 3851 d.tio
582 3806 635 3852 te
678 3813 787 3852 non
818 3800 1087 3864 delectat,
1142 3803 1268 3856 vide
1298 3817 1389 3868 ne,
1436 3812 1798 3875 praeterquam
1828 3809 1975 3875 quod

407 3888 544 3941 nihil
569 3889 806 3957 proﬁcis,
835 3891 1001 3944 etiam
1026 3892 1373 3960 inexplebilis
1398 3895 1641 3949 avaritiae
1689 3904 1743 3949 et
1781 3896 1977 3965 ingrati

408 3979 578 4033 animi
607 3994 735 4050 erga
790 3981 996 4035 amicos
1033 3997 1097 4035 ac
1131 3982 1267 4037 bene
1298 3984 1525 4039 meritos
1562 3985 1767 4040 crimen
1795 3987 1980 4042 incur-

410 4086 518 4123 ras.
538 4070 868 4137 HmcCrales
881 4073 949 4126 ad
977 4073 1367 4142 imperatorem
1386 4076 1574 4130 multis
1598 4078 1975 4146 praesentibus.

409 4160 717 4230 imperator
741 4161 1061 4232 aliquandiu
1087 4163 1277 4227 silens,
1315 4164 1371 4218 in
1404 4164 1519 4219 haec
1550 4165 1717 4220 verba
1749 4181 1978 4236 respon-

408 4269 528 4307 sum
560 4254 797 4308 reddidit
829 4272 843 4309 :
872 4254 1018 4309 Niltil
1043 4271 1197 4325 teque
1228 4256 1513 4311 hominum
1551 4257 1673 4312 vita:
1700 4258 1811 4329 jam
1849 4257 1976 4312 inde

407 4347 476 4399 ab
508 4347 665 4401 initio
689 4347 885 4403 obesse
905 4349 1122 4417 Opinor,
1154 4364 1334 4418 neque
1358 4349 1503 4404 aliud
1528 4364 1720 4420 magna
1747 4349 1973 4405 dissidia

406 4447 463 4491 et
500 4439 640 4493 bella
663 4441 849 4510 gravia
880 4441 1157 4510 peperisse
1180 4482 1194 4508 ,
1225 4457 1388 4511 quam
1420 4442 1567 4512 quod
1598 4443 1973 4512 unusquisque

404 4530 511 4583 sibi
555 4539 611 4584 et
639 4531 759 4585 aliis
780 4531 922 4586 haud
954 4533 1231 4603 justusest
1256 4534 1484 4597 arbiter,
1514 4534 1608 4589 sed
1629 4533 1731 4589 sibi
1756 4534 1978 4603 quidem

402 4622 488 4675 vel
537 4622 850 4691 turpissima
879 4623 1199 4692 frequenter
1236 4625 1490 4695 ignoscit,
1533 4624 1603 4679 ab
1639 4624 1763 4678 aliis
1793 4632 1977 4679 autem

404 4710 570 4765 etiam
598 4727 698 4781 pro
740 4713 1123 4770 minutissimis
1152 4714 1367 4770 delictis
1396 4729 1586 4785 poenas
1616 4714 1792 4784 poscit
1820 4729 1979 4769 acer-

405 4804 680 4860 bissimas.
731 4806 911 4875 Atque
955 4807 1059 4861 hoc
1104 4817 1226 4875 est,
1270 4807 1417 4878 quod
1461 4808 1629 4861 vitam
1682 4806 1976 4889 humanam

404 4902 693 4964 tantopere
742 4897 1092 4965 perturbavit
1114 4908 1282 4968 atque
1311 4897 1655 4968 permiscuit,
1684 4912 1787 4950 nec
1819 4896 1976 4951 urbi-

406 4985 510 5039 bus
547 4995 755 5041 tantum
838 5004 902 5043 ac
940 4989 1197 5045 domibus
1232 4990 1472 5061 ingentia
1519 4989 1863 5044 incommoda
1896 4988 1977 5042 in-

404 5076 552 5139 tulit,
581 5077 677 5132 sed
717 5087 776 5133 et
815 5089 926 5134 tota
972 5082 1204 5151 imperia
1255 5080 1664 5152 pessumdedit,
1716 5094 1839 5135 cum
1882 5090 1977 5134 aut

389 5152 625 5234 quidam
665 5168 1010 5226 iusaturabili
1065 5174 1370 5242 cupiditate
1413 5174 1555 5228 bello
1601 5189 1698 5242 per
1726 5173 1881 5227 nefas
1908 5171 1976 5224 n—

401 5257 514 5311 lato
567 5257 703 5313 alios
769 5271 1045 5328 evertunt,
1109 5273 1204 5319 aut
1254 5266 1323 5319 ab
1372 5266 1495 5320 aliis
1545 5264 1744 5334 quibus
1802 5260 1973 5331 iniqui

402 5349 644 5415 fuerant,
673 5351 821 5420 juste
849 5367 912 5407 ac
946 5353 1175 5410 honeste
1208 5371 1268 5411 se
1310 5355 1977 5411 ulciscentibusevertuu—

405 5447 520 5501 tur,
550 5440 694 5508 quod
722 5450 779 5497 et
815 5441 913 5496 tibi
948 5446 1110 5498 modo
1139 5445 1434 5516 contigisse
1461 5445 1720 5500 arbitror.
1744 5441 1801 5496 Si
1824 5441 1971 5495 enim

402 5544 621 5598 aequum
684 5542 739 5587 et
798 5533 1002 5589 bonum
1036 5536 1198 5606 783
1240 5546 1292 5591 te
1342 5537 1396 5589 in
1450 5543 1641 5589 nostra
1687 5532 1972 5587 amborum

404 5608 571 5674 causa
601 5621 841 5691 judicem
892 5629 1263 5695 praestitisScs,
1301 5644 1409 5682 non
1442 5636 1502 5681 tu
1537 5634 1725 5680 contra
1779 5623 1957 5679 itedus

407 5720 463 5767 et
508 5709 821 5781 juramenta
867 5724 948 5771 tot
995 5718 1214 5790 Oppidis
1261 5720 1633 5774 Romanorum
1670 5717 1961 5789 incubans,

404 5798 541 5854 nihil
570 5805 621 5854 te
658 5816 859 5859 novum
897 5803 1190 5866 admittere
1223 5806 1529 5863 censuisscs
1568 5843 1583 5871 τ
1621 5821 1720 5861 nec
1744 5822 1849 5878 me,
1877 5812 1971 5879 qui

2084 3239 2210 3303 τοὺς
2258 3239 2311 3292 δὲ
2344 3240 2537 3303 ἄλλους
2575 3242 2997 3311 ἀνδραποδίσας,
3039 3246 3098 3297 ἐν
3139 3245 3460 3316 εὐεργεσίας
3495 3249 3661 3317 μέρει

2080 3335 2180 3403 τὴν
2216 3331 2533 3403 ἐλευθερίαν
2557 3335 2663 3387 τῶν
2698 3336 2986 3404 σωμάτων,
3020 3337 3109 3390 ὅτε
3144 3354 3229 3391 σοι
3261 3338 3472 3409 βέλτιον
3499 3339 3663 3408 ἐφαί-

2082 3441 2227 3489 νετο,
2263 3425 2552 3497 παρείχου,
2582 3426 2642 3479 οὐ
2678 3427 2880 3496 μᾶλλον
2901 3428 3122 3496 ἥδεσθαι
3154 3431 3323 3485 ποιῶν
3353 3434 3659 3501 τυγχάνον-

2080 3532 2180 3579 τας
2203 3517 2538 3585 ἐλευθερίας,
2570 3517 2603 3589 ἢ
2640 3517 2762 3571 ὅσον
2793 3517 3376 3589 ἐξανδραποδιζόμενος
3404 3522 3653 3585 έλύπεις.

2082 3606 2401 3675 Χρημάτων
2430 3624 2491 3661 τε
2544 3608 2929 3679 ἀπεστέρησας
2968 3613 3063 3663 καὶ
3110 3611 3494 3681 βοσκημάτων,
3529 3613 3654 3666 οὐδὲ

2085 3701 2428 3770 ἀριθμητῶν.
2465 3702 2531 3754 Ἀ
2582 3702 2760 3756 πάντα
2808 3702 3068 3772 ἄχθεσθαι
3111 3707 3275 3769 ποιεῖ,
3307 3706 3400 3759 καὶ
3449 3706 3653 3776 πολλήν

2085 3807 2178 3843 σου
2216 3793 2542 3862 κατηγορεῖν
2564 3792 2959 3865 ἀγνωμοσύνην
3001 3795 3204 3865 ι”Ομως
3236 3797 3445 3867 μέντοι,
3472 3796 3647 3851 καίτοι

2080 3881 2319 3935 τοσαῦτα
2380 3883 2483 3934 ὑπὸ
2533 3883 2626 3936 σοῦ
2684 3884 3043 3955 ἠδικημένος,
3100 3887 3160 3939 οὐ
3198 3886 3478 3955 πολέμιος,
3513 3885 3648 3939 ἀλλά

2080 3971 2231 4041 φίλος
2263 3972 2354 4026 καὶ
2380 3973 2689 4043 σύμμαχος,
2723 3974 2911 4045 ὥσπερ
2944 3977 3040 4029 καὶ
3074 3978 3347 4047 πρότερον
3382 3976 3655 4046 αἱροῦμαι

2079 4061 2218 4118 εἶναι
2263 4064 2373 4130 σός.
2422 4067 2533 4120 Καὶ
2562 4068 2741 4119 πᾶσαν
2784 4068 3122 4138 ἀποθέμενον
3162 4069 3413 4138 παραινῶ
3454 4087 3658 4141 μικροο

2078 4154 2299 4226 ψυχίαν,
2331 4156 2429 4227 τὴν
2460 4156 2729 4226 προτέραν
2760 4157 2945 4226 φιλίαν
3000 4158 3095 4211 καὶ
3124 4159 3219 4220 τὰς
3247 4157 3484 4219 σπονδὰς
3517 4159 3660 4211 ἀνα-

2079 4247 2353 4311 νεοῦσθαι,
2385 4247 2607 4316 ἔχοντας
2628 4247 2663 4301 ἃ
2692 4248 2886 4318 ἔχομεν
2914 4248 3193 4319 ἑκάτερον.
3229 4248 3289 4301 El
3319 4249 3374 4301 δέ
3397 4265 3455 4300 σε
3488 4250 3662 4303 λυπεῖ

2080 4338 2140 4393 τὸ
2161 4339 2254 4392 καὶ
2277 4338 2441 4391 αὐτὸν
2467 4339 2530 4390 ἐκ
2550 4338 2646 4409 τῆς
2662 4338 2948 4408 Ῥωμαίων
2972 4340 3271 4408 ἡγεμονίας
3303 4340 3501 4409 μοῖράν
3526 4358 3657 4394 τινα

2083 4430 2473 4499 παρῃρημένον
2499 4430 2667 4498 ἔχειν,
2698 4429 2814 4482 ἀλλ’
2848 4432 3025 4484 ἐκεῖνο
3052 4432 3254 4484 ἐννοεῖν
3287 4431 3414 4501 χρὴ,
3443 4431 3520 4492 ὡς
3551 4434 3658 4484 αὐ-

2085 4522 2176 4584 τὸς
2207 4520 2353 4591 ἔχεις
2384 4519 2785 4574 πολλαπλάσιον
2820 4520 2997 4574 λαϐὼν
3032 4524 3097 4575 ὲκ
3137 4523 3239 4591 τῆς
3271 4524 3440 4593 αὐτῆς
3474 4524 3661 4594 ἑτέρῳ
3714 4569 3719 4595 τ

2086 4613 2500 4683 προσηκούσης·
2528 4608 2610 4676 οἷς
2654 4614 2934 4684 προσῆκον
2966 4616 3187 4685 ἀγαπᾷν
3233 4617 3518 4684 ἑκάτερον,
3554 4618 3658 4669 καὶ
3714 4602 3723 4645 ⁸

2082 4706 2316 4769 σπονδὰς
2350 4705 2633 4773 θεμένους,
2668 4709 2897 4778 εἰρήνην
2931 4709 3105 4774 ἄγειν.
3162 4708 3221 4760 Εί
3267 4709 3323 4760 δὲ
3359 4709 3433 4778 μὴ
3471 4709 3656 4761 ταῦτα

2080 4801 2210 4870 φίλα
2246 4816 2328 4852 σοι
2361 4798 2527 4863 δοκεῖ,
2558 4799 2661 4869 ὅρα
2686 4799 2761 4869 μή
2803 4816 2888 4851 σοι
2926 4798 3060 4868 πρὸς
3090 4797 3166 4868 τῷ
3198 4800 3364 4868 μηδὲν
3390 4799 3554 4851 πλέον
3585 4802 3655 4871 ὴ-

2078 4890 2321 4956 νυκέναι,
2354 4890 2446 4942 καὶ
2471 4889 2779 4959 ἀπληστίας
2836 4890 2931 4943 καὶ¹
2980 4891 3306 4961 ἀχαριστίας
3344 4893 3476 4962 πρὸς
3520 4896 3656 4957 τοὺς

2077 4980 2262 5051 φίλους
2321 4983 2415 5033 καὶ
2446 4981 2571 5041 τοὺς
2618 4974 2676 5033 εὖ
2735 4980 3105 5048 πεποιηκότας
3154 4980 3407 5049 ἔγκλημα
3446 4984 3655 5050 προσέο

2082 5090 2224 5126 σται.
2256 5070 2492 5125 Τοιαῦτα
2525 5072 2622 5141 μὲν
2650 5073 2677 5125 ὁ
2708 5071 2932 5141 Κράλης
2955 5071 3224 5142 διειλέχθη
3256 5073 3391 5141 πρὸς
3417 5072 3652 5140 βασιλέα

2079 5163 2287 5217 πολλῶν
2314 5163 2619 5231 παρόντων.
2656 5161 2919 5225 Βασιλεὺς
2947 5162 3004 5215 δὲ
3036 5163 3278 5233 ἐπισχὼν
3304 5163 3519 5233 μικρὸν,
3541 5180 3655 5214 τοι-

2077 5257 2248 5326 αύτην
2273 5257 2407 5326 πρὸς
2440 5256 2664 5328 Κράλην
2688 5259 2984 5327 ἐποιήσατο
3014 5258 3331 5325 ἀπολογίαν.
3364 5258 3529 5310 Οὐδὲν
3552 5257 3654 5309 οὖ-

2076 5368 2180 5414 τως
2240 5352 2423 5419 οῐομαι
2481 5350 2840 5419 λυμαίνεσθαι
2896 5350 2973 5419 τῷ
3016 5350 3115 5419 βίῳ
3165 5349 3275 5403 τῶν
3337 5349 3650 5420 ἀνθρώπων

2076 5440 2311 5510 ἐξαρχῆς
2350 5440 2471 5492 οὐδὲ
2502 5438 2702 5509 μᾶλλον
2730 5439 2903 5491 αἴτιον
2943 5440 3050 5492 τῶν
3085 5440 3338 5507 μεγάλων
3366 5439 3650 5507 διαφορῶν

2076 5534 2172 5588 καὶ
2204 5535 2314 5585 τῶν
2338 5533 2590 5601 πολέμων
2616 5530 2965 5599 γεγενῆσθαι,
2995 5531 3027 5601 ἢ
3065 5531 3124 5582 τὸ
3152 5530 3226 5600 μὴ
3256 5530 3482 5591 δικαίως
3503 5530 3647 5581 ’ἐκα-

2078 5642 2201 5679 στον
2231 5623 2409 5693 ἐαυτῷ
2440 5639 2497 5676 τε
2530 5622 2626 5675 καὶ
2651 5623 2762 5683 τοῖς
2800 5620 2980 5683 ἄλλοις
3008 5622 3219 5690 διαιτᾷν
3246 5637 3261 5653 ο
3296 5620 3412 5673 ἀλλ’
3459 5620 3647 5690 ἑαυτῷ

2080 5719 2177 5787 μὲν
2212 5717 2307 5770 καὶ
2336 5717 2403 5771 τὰ
2433 5713 2761 5770 ἀτοπώτατα
2790 5713 3051 5776 πολλάκις
3083 5716 3405 5785 συγχωρεῖν,
3438 5713 3561 5772 τοὺς
3589 5710 3645 5761 δ’

2078 5810 2270 5874 ἄλλους
2302 5810 2394 5865 καὶ
2448 5809 2587 5881 ὑπὲρ
2633 5808 2739 5861 τῶν
2767 5807 3065 5877 ἐλαχίστων
3098 5808 3360 5878 μεγίστας
3388 5804 3645 5861 ἀπαιτεῖν
