3996 6218
306 400 414 471 15¹1

1473 399 2009 465 HISTORIARUM
2051 401 2282 461 LIBER
2323 400 2421 461 IV.

3480 397 3581 461 158

301 514 569 579 εὐθύνας.
598 511 711 567 Καὶ
755 508 916 565 τοῦτό
948 512 1117 576 ἐστιν,
1144 510 1173 564 δ
1202 510 1404 581 πολλῆς
1434 511 1760 581 ἐμπέπληκε
1804 506 1883 561 ein

2001 519 2066 558 ex
2101 504 2289 558 multis
2320 517 2496 572 pauca
2540 499 2763 569 recepi,
2798 507 2857 553 ut
2900 498 3214 571 improbum
3273 497 3578 567 ingratum-

305 609 429 680 βίον
452 605 722 677 ταραχῆς,
754 604 850 658 καὶ
879 603 939 657 ού
982 604 1172 657 πόλεσι
1208 604 1368 672 μόνον
1405 606 1502 657 καὶ
1551 603 1752 664 οἰκίαις
1793 617 1891 670 με-

301 701 485 768 γάλας
534 697 899 768 ἐνειργάσατο
933 696 1243 766 συμφορὰς,
1274 696 1414 751 ἀλλά
1449 696 1545 749 καὶ
1594 695 1726 757 ὅλας
1777 694 1892 748 διέ-

306 792 538 861 φθειρεν
570 788 892 860 ἡγεμονίας,
922 788 956 858 ἢ
988 786 1188 851 αὐτούς
1237 805 1391 850 τινας
1436 787 1529 840 ὑπ’
1584 787 1891 856 ἀπληστίας

308 883 537 954 ἐτέρους
571 880 999 950 δταφθείραντας
1028 879 1282 949 πολέμων
1316 878 1588 949 ἄρχοντας
1610 877 1832 940 ἀδίκων,
1860 876 1891 945 ἢ

302 974 416 1028 ὑπὸ
472 973 580 1025 τῶν
633 972 1007 1041 ἀδικουμένων
1038 970 1463 1041 διαφθαρέντας,
1521 969 1746 1030 δικαίως
1795 968 1892 1021 καὶ

301 1067 496 1129 καλῶς
527 1065 926 1134 ἀμυνομένωνο
970 1064 1108 1133 ὅπερ
1153 1064 1339 1134 οἴομαι
1395 1063 1491 1117 καὶ
1552 1061 1638 1115 σοὶ
1688 1061 1895 1130 συμϐε-

302 1152 543 1221 ϐηκέναι
581 1150 698 1206 νῦν.
742 1151 805 1204 El
864 1152 971 1220 γάρ
1002 1151 1233 1215 δικαίως
1289 1153 1384 1205 καὶ
1418 1151 1600 1214 καλῶς
1654 1151 1780 1219 ἐμοί
1830 1166 1892 1202 τε

302 1244 404 1295 καὶ
466 1241 649 1311 σαυτῷ
700 1242 924 1313 διῄτεις,
950 1243 1053 1296 οὐκ
1090 1243 1156 1296 ἀν
1190 1242 1255 1295 σὺ
1293 1244 1417 1312 μὲν,
1458 1242 1768 1304 ἐκσπόνδως
1798 1241 1892 1294 καὶ

304 1335 465 1405 παρά
516 1336 643 1397 τοὺς
698 1336 900 1405 ὅρκους
947 1336 1221 1398 τοσαύτας
1270 1335 1411 1404 ἔχων
1452 1335 1741 1402 Ῥωμαίων
1795 1335 1894 1387 πό‹

303 1428 442 1491 λεις,
491 1428 678 1482 καινὸν
716 1426 826 1498 ᾤου
882 1428 1050 1497 μηδὲν
1075 1429 1276 1492 ποιεῖν,
1297 1430 1398 1499 ἐμὲ
1440 1428 1485 1481 δ’
1516 1429 1599 1482 ὅτι
1630 1430 1693 1481 ἐκ
1755 1429 1889 1482 πολ-

304 1520 415 1571 λῶν
446 1519 726 1574 ἀπέλαϐον
756 1518 936 1585 ὀλίγα,
963 1520 1184 1583 ἐδίωκες
1209 1521 1602 1590 ἀγνωμοσύνης
1638 1519 1732 1574 καὶ
1751 1521 1891 1589 ἀχα-

309 1613 549 1680 ριςτίας,
594 1609 780 1664 καὶτὸ
804 1610 1012 1665 τούτων
1058 1612 1141 1665 ἔτι
1202 1611 1680 1683 θαυμασιώτερον,
1710 1613 1889 1683 ἀπλη-

307 1704 483 1766 στίας.
540 1704 634 1766 Ὠς
664 1704 767 1772 μέν
791 1699 887 1756 οὖν
914 1703 1019 1757 ὑπὸ
1060 1704 1169 1756 τῶν
1210 1703 1503 1775 ὁμοφύλων
1558 1703 1891 1774 πολεμηθεὶς

300 1790 533 1853 ἀδίκως,
562 1792 656 1843 καὶ
680 1790 782 1859 τῆς
821 1790 1110 1861 Ῥωμαίων
1156 1795 1261 1863 γῆς
1287 1793 1605 1857 ἀπελαθεὶς,
1653 1795 1790 1865 πρὸς
1826 1795 1886 1849 σέ

306 1885 577 1951 ἀφῖγμαι,
613 1881 847 1944 πολλοὺς
877 1882 1026 1949 ἄγων
1054 1882 1287 1937 καὶτῶν
1341 1885 1580 1950 οἰκείων,
1631 1888 1729 1939 καὶ
1776 1888 1887 1942 τῶν

300 1973 495 2040 φίλων,
539 1973 633 2026 καὶ
654 1974 921 2043 χρήματα
960 1973 1063 2026 οὐκ
1093 1973 1269 2041 ὀλίγα,
1320 1976 1414 2027 καὶ
1447 1977 1523 2039 ὡς
1565 1978 1731 2041 αὐτὸς
1762 1977 1887 2033 οὔτε

304 2064 618 2134 χρημάτων
652 2064 927 2135 ἐπιθυμίᾳ⁵
954 2064 1225 2118 τοσούτων
1250 2065 1420 2120 ὀντων
1450 2066 1558 2120 τῶν
1578 2085 1637 2122 τε
1662 2070 1793 2140 παρ’
1829 2072 1886 2123 έ-

304 2157 423 2223 μοὶ,
493 2156 595 2208 καὶ
649 2155 761 2208 τῶν
799 2154 906 2209 ὑπὸ
960 2155 1068 2208 τῶν
1130 2157 1407 2227 πολεμίων
1467 2162 1883 2231 παρεχομένων,

306 2246 433 2298 οὒτε
458 2247 671 2299 πόλεων
702 2246 797 2301 καὶ
852 2244 1040 2317 χώρας
1081 2248 1353 2317 τοσαύτης
1409 2252 1753 2319 προϊεμένων
1792 2254 1889 2307 ἐπὶ

314 2336 395 2406 τῷ
421 2337 600 2400 κακῶς
634 2339 812 2391 ποιεῖν
836 2337 964 2407 ἐμέ,
1006 2338 1219 2402 οὐδενὸς
1256 2339 1519 2410 ἡττήθης,
1581 2341 1716 2394 ἀλλά
1748 2341 1886 2395 πάν-

304 2445 426 2482 των
459 2427 560 2499 τὴν
587 2430 661 2491 είς
680 2428 783 2499 ἐμὲ
831 2429 1015 2497 φιλίαν
1049 2428 1390 2499 προύθηκας,
1443 2430 1544 2483 οὐκ
1597 2430 1664 2484 ἂν
1716 2433 1887 2501 ἀρνη-

302 2518 465 2586 θείην
500 2518 608 2571 οὐδ’
632 2519 818 2582 αὐτός·
845 2518 1094 2587 ἀδικοίην
1125 2518 1234 2589 γὰρ
1260 2520 1326 2573 ἂν
1362 2521 1430 2573 τά
1467 2518 1703 2589 μέγιστα
1738 2521 1799 2574 σέ
1825 2537 1886 2574 τε

298 2610 510 2678 ὁμοίως
542 2611 640 2663 καὶ
675 2612 800 2673 τοὺς
826 2610 1049 2674 ἄλλους,
1086 2606 1169 2675 οἷς
1199 2611 1329 2681 ἐξῆν
1377 2612 1648 2677 τοιούτοις
1700 2631 1884 2685 παραυ

292 2700 568 2771 δείγμασι
592 2700 774 2763 καλοῖς
798 2701 1106 2773 χρωμένοις
1138 2704 1228 2755 ἐπὶ
1258 2704 1317 2755 τὸ
1345 2703 1413 2756 τὰ
1463 2704 1658 2773 βελτίω
1714 2704 1887 2775 πράτ-

291 2808 414 2847 τειν
443 2792 870 2863 προθυμεῖσθαι.
907 2794 981 2845 Τὸ
1013 2794 1123 2864 γάρ
1156 2795 1355 2865 μηδὲν,
1393 2795 1583 2863 ὥσπερ
1622 2797 1760 2867 ἔφης
1791 2798 1886 2850 καὶ

293 2883 485 2949 αὐτὸς,
528 2884 668 2952 πρὸς
693 2885 962 2938 ἀντίδοσιν
1013 2886 1264 2948 εύποιῖας
1318 2888 1730 2955 προοφείλοντα,
1790 2888 1884 2942 καὶ

297 2974 449 3027 κατὰ
491 2974 785 3044 συμφορὰς
821 2964 1263 3045 είσδεδεγμένον,
1294 2977 1486 3029 ἔπειτα
1517 2978 1642 3047 μήτ’
1672 2979 1883 3032 οἴκοθεν

294 3066 613 3137 ὁρμηθῆναι
651 3066 786 3136 πρὸς
817 3067 1154 3133 πλεονεξίαν,
1188 3068 1316 3138 μήθ’
1351 3069 1438 3121 ὑπ’
1473 3069 1648 3122 ἄλλων
1695 3072 1885 3139 ἐναγό-

2002 611 2134 665 que,
2178 604 2230 650 et
2256 595 2401 664 quod
2441 594 2530 649 his
2572 592 2885 647 mirabilius
2914 600 3032 654 est,
3071 606 3299 647 avarum
3353 602 3581 643 accusa-

1999 688 2197 742 visses.
2230 686 2312 741 Me
2344 686 2511 756 igitur
2541 700 2571 739 a
2600 685 2816 739 civibus
2850 683 2987 738 meis
3038 684 3182 737 bello
3230 682 3486 752 petitum,
3527 688 3583 733 et

2004 779 2251 834 Romano
2293 780 2410 833 solo
2446 778 2686 848 pulsum,
2721 792 2848 831 cum
2894 776 3224 833 necessariis
3260 783 3315 829 et
3346 774 3576 837 amicis,

1997 881 2053 926 et
2083 873 2319 942 pecunia
2372 870 2542 924 multa
2599 869 2666 923 ad
2720 881 2769 923 te
2820 870 3059 932 venisse,
3101 877 3153 923 te
3187 882 3363 936 neque
3391 879 3579 917 amore

1995 956 2264 1023 pecuniae,
2302 969 2464 1024 quam
2491 966 2592 1021 ego
2620 962 2674 1029 et
2710 953 2897 1006 hostes
2935 961 3044 1004 tam
3089 950 3347 1021 grandem
3372 947 3577 1002 emere-

1996 1038 2209 1103 bamus,
2246 1052 2427 1106 neque
2462 1035 2689 1089 urbibus
2742 1045 2798 1089 et
2828 1035 3051 1104 regione
3076 1075 3091 1099 ,
3128 1033 3330 1103 quibus
3359 1030 3454 1083 libi
3485 1045 3575 1083 ce-

1995 1123 2250 1187 debatur,
2304 1131 2364 1175 ut
2411 1120 2546 1173 mihi
2584 1120 2968 1179 malefaceres,
3006 1127 3078 1180 te,
3137 1118 3384 1186 inquam,
3420 1114 3573 1167 nullo

1997 1209 2191 1261 horum
2232 1206 2437 1259 vietum
2468 1218 2610 1267 esse,
2644 1202 2738 1257 sed
2768 1202 3028 1255 omnibus
3066 1199 3365 1254 amicitiam
3397 1212 3573 1250 meam

1995 1291 2321 1359 praetulisse,
2348 1303 2451 1342 nec
2486 1288 2600 1356 ipse
2630 1285 2947 1355 negaverim
2980 1302 2994 1347 ;
3055 1296 3236 1338 eSSem
3269 1282 3416 1335 enim
3445 1282 3498 1333 in
3521 1290 3575 1335 te

1992 1385 2049 1429 et
2079 1375 2239 1434 alios,
2265 1374 2357 1442 qui
2392 1381 2503 1425 tam
2531 1370 2766 1440 egregiis
2797 1366 3065 1435 exemplis
3093 1364 3160 1419 ad
3192 1366 3455 1417 virtutem
3492 1364 3578 1416 in-

1992 1457 2152 1511 citari
2206 1464 2481 1525 poterant,
2519 1450 2943 1524 injustissimus.
2976 1448 3111 1502 Nam
3145 1446 3295 1516 quod
3336 1446 3569 1507 nullum,

1993 1550 2055 1596 ut
2102 1540 2331 1603 aiebas,
2366 1537 2700 1593 beneﬁcium
2746 1533 2883 1589 mihi
2941 1531 3194 1595 debens,
3238 1530 3291 1583 in
3334 1544 3453 1583 mea
3487 1544 3574 1582 me

1991 1624 2309 1679 calamitate
2360 1620 2671 1691 excepisti,
2731 1631 2914 1687 neque
2982 1622 3173 1685 tuopte
3226 1612 3450 1682 ingenio
3504 1611 3572 1665 ad

1993 1716 2283 1772 commoda
2320 1724 2411 1768 tua
2454 1728 2522 1767 ex
2575 1725 2661 1765 me
2721 1704 3095 1778 comparanda
3155 1704 3424 1772 impulsus
3474 1718 3572 1766 es,

1990 1821 2173 1875 neque
2202 1805 2271 1859 ab
2322 1804 2431 1858 alio
2488 1800 2772 1864 inductus,
2803 1806 2898 1852 aut
2931 1804 3155 1851 coactus
3199 1794 3432 1863 injuste,
3475 1801 3573 1847 aut

1993 1894 2216 1965 indigne
2257 1894 2311 1947 in
2348 1909 2435 1948 me
2470 1888 2797 1947 consuluisti
2828 1904 2842 1941 :
2871 1886 2966 1941 sed
3004 1885 3263 1939 omnibus
3288 1883 3419 1948 illis,
3448 1897 3571 1952 qua:

1990 1987 2054 2041 ad
2091 1986 2461 2056 principatum
2504 1977 2952 2051 ampliﬁcandum
2988 1976 3272 2047 pertinere
3303 1973 3571 2029 videban-

1991 2088 2102 2145 tur,
2136 2079 2480 2133 honestatem
2506 2084 2670 2143 atque
2713 2071 2985 2143 justitiam
3017 2067 3405 2138 anteposuisti,
3453 2067 3571 2121 haec

1992 2180 2045 2226 te
2077 2185 2188 2224 non
2224 2168 2388 2223 modo
2445 2166 2664 2223 excelso
2724 2164 2938 2229 animo,
2981 2172 3039 2218 et
3082 2160 3281 2216 ardore
3330 2158 3567 2229 quodam

1988 2260 2315 2316 immortalis
2346 2258 2535 2329 gloriae
2562 2255 2874 2326 praeditum,
2914 2253 3013 2309 sed
3046 2260 3104 2307 et
3130 2253 3337 2307 bonum
3361 2250 3562 2313 virum,

1989 2350 2349 2421 intelligentia
2420 2355 2775 2418 praestantem
2830 2352 3145 2407 testantur,
3198 2350 3255 2395 et
3318 2340 3390 2394 ob
3449 2338 3569 2392 hare

1987 2441 2173 2497 omnia
2206 2455 2308 2511 ego
2358 2438 2455 2494 tibi
2492 2438 2695 2492 multas
2728 2434 2932 2517 gratias
2973 2433 3100 2504 jure
3144 2431 3347 2486 debere
3390 2429 3567 2485 conﬁ-

1989 2544 2107 2590 teor
2139 2550 2155 2587 :
2191 2547 2302 2587 non
2334 2530 2511 2585 solum
2542 2527 2690 2597 quod
2730 2525 2869 2580 nihil
2902 2524 3187 2587 nocueris,
3220 2538 3344 2577 eum
3381 2521 3435 2574 id
3485 2521 3568 2573 fa-

1985 2626 2190 2682 cillime
2228 2636 2441 2695 posses,
2467 2618 2562 2674 sed
2589 2618 2758 2672 etiam
2782 2616 2929 2684 quod
2977 2614 3172 2685 majori
3208 2627 3294 2667 me
3335 2613 3564 2676 honore,

1986 2735 2149 2792 quam
2181 2716 2420 2771 amicum
2452 2707 2847 2767 cumulaveris.
2882 2706 3078 2761 Ferme
3108 2704 3279 2767 enim,
3320 2702 3566 2772 quandiu

1985 2822 2168 2867 tecum
2196 2806 2331 2867 vixi,
2366 2815 2460 2859 tuo
2489 2799 2799 2872 principatu
2836 2796 2972 2849 mihi
3011 2794 3248 2857 cessisti,
3282 2809 3393 2847 non
3448 2794 3566 2863 ipse

1986 2900 2253 2956 duntaxat
2283 2895 2492 2964 priores
2519 2888 2650 2944 mihi
2699 2886 2991 2950 deferens,
3044 2884 3143 2939 sed
3199 2893 3255 2937 et
3286 2883 3566 2954 subjectos

1986 2999 2111 3045 tuos
2137 2998 2329 3041 omnes
2353 3022 2368 3047 ,
2407 2991 2669 3049 tanquam
2701 2975 2746 3029 si
2804 2988 2999 3029 eorum
3051 2988 3145 3027 rex
3179 2986 3377 3036 essem,
3428 2972 3563 3025 mihi

1985 3082 2384 3148 obtemperare,
2410 3070 2669 3137 omnique
2702 3065 3056 3122 veneratione
3127 3070 3186 3117 et
3233 3062 3441 3115 honore
3476 3076 3563 3115 me

297 3174 485 3227 μενον,
530 3158 630 3211 καὶ
666 3157 1251 3227 καταναγκαζόμενον,
1296 3160 1426 3229 μήτ’
1469 3159 1681 3226 ἄδικον,
1748 3162 1874 3231 μήτ’

1986 3170 2239 3246 prosequi
2308 3164 2651 3238 prreeipiens.
2729 3157 2973 3225 Quorum
3033 3153 3208 3225 gratia
3265 3151 3562 3221 ampliores

294 3247 534 3314 ἀγεννὲς
576 3246 971 3317 βουλεύσασθαι
999 3251 1128 3321 περὶ
1153 3250 1274 3320 ἐμὲ,
1306 3250 1441 3304 ἀλλά
1471 3256 1688 3307 πάντων
1731 3252 1876 3307 ἐκεί-

293 3356 408 3391 νων
470 3338 583 3390 τῶν
635 3338 941 3393 δοκούντων
992 3340 1131 3410 πρὸς
1177 3342 1275 3412 τὴν
1332 3342 1507 3413 ἀρχὴν
1558 3344 1880 3411 λυσιτελεῖν,

292 3431 399 3499 τὴν
431 3427 528 3481 τοῦ
558 3430 723 3483 καλοῦ
746 3431 845 3483 καὶ
894 3430 1103 3485 δικαίου
1133 3432 1346 3503 αἵρεσιν
1372 3437 1574 3503 προῖκα
1605 3438 1882 3507 προτιμῆ-

293 3522 505 3585 σαι,ού
539 3522 953 3592 μεγαλοψυχίαν
1016 3524 1179 3593 μόνον
1228 3525 1323 3579 καὶ
1362 3526 1695 3596 φιλοτιμίαν,
1745 3528 1883 3583 ἀλλά

291 3614 398 3665 καὶ
442 3612 793 3683 δικαιοσύνην
884 3615 980 3668 καὶ
1016 3614 1300 3668 εὐϐουλίαν
1348 3621 1759 3686 συμμαρτυρεῖ,
1788 3619 1882 3672 καὶ

283 3702 511 3756 τούτων
567 3704 825 3757 ἁπάντων
863 3704 973 3772 ἐγώ
1030 3722 1113 3759 σοι
1136 3706 1337 3769 πολλὰς
1372 3708 1611 3774 ὀφείλειν
1672 3709 1882 3773 δίκαιος

282 3788 453 3846 εἶναι
478 3793 705 3879 χάριτας
727 3796 998 3864 ὁμολογῶο
1034 3797 1094 3849 ού
1142 3799 1302 3867 μόνον
1346 3798 1433 3851 διὰ
1468 3799 1527 3853 τὸ
1565 3801 1731 3870 μηδὲν
1762 3803 1882 3871 ηδι-

282 3884 541 3953 κηκέναι
594 3886 825 3955 μάλιστα
857 3887 1177 3957 δυνάμενον,
1238 3888 1464 3942 ἀλλ’ὅτι
1526 3893 1620 3943 καὶ
1648 3891 1746 3961 τὴν
1802 3894 1881 3954 είς

282 3977 401 4045 ἐμὲ
442 3978 608 4047 τιμὴν
643 3978 903 4049 μείζω,ῆ
967 3980 1102 4049 πρὸς
1147 3980 1302 4050 φίλον
1347 3981 1628 4047 ἐπεδείξω.
1686 3985 1881 4053 Σχεδὸν

282 4070 416 4138 γὰρ
461 4069 593 4138 παρ’
638 4070 764 4123 ὅσον
797 4071 989 4141 χρόιον
1044 4075 1128 4126 σοὶ
1162 4073 1350 4140 συνῆν,
1393 4073 1491 4142 τῆς
1517 4074 1690 4144 ἀρχῆς
1759 4078 1883 4145 ἐμοὶ

278 4161 401 4230 τῆς
433 4162 535 4228 σῆς
574 4162 814 4232 ἐξέστης,
856 4163 955 4215 οὐκ
1006 4164 1169 4237 αὐτὸς
1221 4165 1383 4233 μόνον
1440 4166 1549 4217 τῶν
1598 4169 1881 4235 πρωτείων

280 4254 387 4306 ἀεὶ
429 4254 798 4322 παραχωρῶν,
827 4254 964 4307 ἀλλά
998 4255 1092 4307 καὶ
1117 4256 1242 4318 τοὺς
1283 4257 1561 4329 ύπηκόους
1609 4258 1879 4322 ἅπαντας,

280 4345 370 4406 ὡς
427 4343 605 4395 αὐτῶν
633 4343 971 4413 βασιλεύοντι
1016 4345 1305 4415 προσέχειν
1336 4346 1596 4410 κελεύων,
1646 4352 1743 4401 καὶ
1773 4351 1883 4402 πᾶ-

1988 3242 2110 3332 tibi,
2135 3277 2298 3333 quam
2330 3274 2428 3330 pro
2460 3256 2636 3311 salute
2690 3260 2744 3306 et
2775 3246 3154 3304 incolumitate
3200 3258 3322 3298 mea
3372 3242 3471 3295 abs
3508 3251 3560 3296 te

1983 3362 2312 3415 conservata
2351 3350 2553 3422 gratias
2592 3360 2711 3415 ago.
2741 3343 2879 3397 Tum
2922 3338 3196 3409 siquidem
3230 3336 3327 3390 abs
3355 3345 3407 3391 te
3440 3350 3559 3389 ser-

1985 3459 2168 3514 vatus,
2211 3445 2439 3502 omnino
2477 3440 2694 3494 tandem
2728 3432 3023 3505 aliquando
3054 3431 3158 3485 hac
3199 3430 3323 3483 luce
3367 3427 3562 3482 defun-

1981 3556 2103 3612 gar:
2129 3538 2305 3591 honor
2334 3540 2539 3595 autem,
2566 3543 2674 3597 quo
2698 3539 2784 3578 me
2826 3517 3220 3580 cohonestasti,
3246 3518 3410 3569 etiam
3435 3522 3560 3584 post

1983 3607 2092 3688 Eata
2124 3640 2352 3685 manens
2372 3663 2387 3687 ,
2426 3638 2523 3692 per
2555 3634 2651 3673 ora
2683 3624 3030 3685 posterorum
3063 3608 3338 3663 volitabit.
3366 3607 3557 3674 Neque

1982 3737 2114 3779 vero
2143 3729 2194 3775 te
2220 3728 2430 3773 tantum
2460 3712 2545 3765 his
2575 3709 2638 3763 de
2667 3704 2870 3770 causis,
2895 3702 2989 3758 sed
3004 3710 3072 3755 et
3092 3700 3378 3771 eonjugem
3408 3709 3553 3754 tuam

1979 3816 2105 3886 jure
2152 3806 2413 3865 laudibus
2444 3798 2795 3859 celebrat-im,
2853 3807 2975 3863 quae
3029 3798 3248 3846 tuorum
3295 3802 3421 3857 erga
3467 3802 3555 3841 me

1984 3882 2382 3960 beneﬁciorum
2418 3907 2580 3949 causa
2610 3889 2883 3959 prmeipua
2916 3883 3042 3938 fuit.
3077 3882 3197 3951 Ipsa
3242 3883 3387 3934 enim
3422 3893 3557 3933 con-

1983 3995 2168 4049 silium
2201 3988 2373 4051 dedit,
2407 3985 2523 4055 ipsa
2554 3980 2654 4037 tibi
2706 3978 2942 4045 aliisque
2976 3970 3297 4044 proceribus
3327 3980 3555 4038 μονωθ-

1981 4085 2051 4139 sit
2076 4098 2144 4138 ne
2170 4078 2302 4153 quid
2333 4074 2605 4133 sordidius
2628 4065 3065 4128 committeretis,
3103 4076 3237 4116 neve
3268 4058 3552 4130 praauiium

1981 4148 2204 4242 aliquod
2232 4171 2619 4238 eXSpectautes
2645 4200 2661 4225 ,
2706 4157 2801 4213 sed
2835 4154 3003 4225 gratis
3036 4165 3288 4221 prorsus,
3316 4158 3371 4203 et
3405 4148 3556 4203 laudi

1982 4237 2138 4316 vobis
2180 4237 2422 4314 studium
2459 4254 2514 4308 in
2564 4264 2651 4305 me
2704 4255 2943 4301 vestrum
3004 4242 3288 4299 ducentes.
3323 4237 3555 4292 beneﬁci

1982 4352 2209 4415 essetis,
2256 4350 2362 4403 hoc
2400 4358 2571 4400 unum
2601 4344 2654 4396 in
2688 4337 2852 4393 lucris
2899 4328 3151 4388 maximis
3187 4331 3540 4399 deputantes,

281 4452 404 4488 σαν
430 4432 563 4486 αίδῶ
585 4434 843 4503 παρέχειν
888 4436 984 4488 καὶ
1011 4413 1318 4507 τιμήνίΔιν
1347 4438 1380 4490 ἀ
1415 4454 1497 4491 σοι
1529 4440 1620 4491 καὶ
1654 4439 1874 4507 μείζους

1986 4439 2122 4508 iusta
2181 4413 2235 4487 et
2282 4434 2507 4486 honesta
2570 4421 2891 4479 consectari.
2962 4416 3243 4482 Principes
3270 4430 3443 4482 porro
3471 4413 3550 4466 tui

278 4523 429 4579 οἶδα
478 4502 725 4594 χάριτάς,
769 4527 802 4599 ἢ
834 4502 1144 4597 σωτηρίας.-
1180 4527 1314 4582 Τότε
1367 4529 1466 4599 μὲν
1505 4530 1613 4601 γὰρ
1648 4502 1866 4598 σωθεὶς,

1986 4502 2166 4583 omnes
2218 4531 2274 4578 et
2324 4522 2550 4581 milites,
2595 4531 2703 4570 non
2758 4520 2966 4566 tantum
2990 4507 3118 4577 quia
3151 4516 3207 4560 tu
3253 4504 3326 4559 ita
3360 4505 3550 4567 velles,

278 4619 526 4676 πάντως
555 4616 777 4685 ὕστερον
814 4616 1218 4688 ἀποθανοῦμαι*
1243 4619 1276 4688 ἡ
1306 4619 1441 4689 τιμὴ
1491 4620 1546 4673 δὲ
1591 4623 1686 4674 καὶ
1746 4623 1882 4691 μετά

274 4707 564 4778 τελευτὴν
599 4708 877 4778 διαμενεῖ,
906 4707 1013 4761 ύπδ
1035 4710 1253 4762 πάντων
1285 4710 1519 4781 ᾁδομένη
1545 4713 1638 4764 καὶ
1664 4712 1772 4766 τῶν
1800 4715 1881 4776 είς

277 4805 535 4871 ὕστερον
586 4803 879 4869 ἐσομένων.
944 4803 1020 4854 Ού
1084 4802 1144 4854 σέ
1187 4803 1245 4855 δὲ
1294 4804 1455 4872 μόνον
1518 4807 1612 4858 ἐπὶ
1670 4806 1880 4869 τούτοις

272 4895 511 4954 δίκαιος
536 4888 601 4944 ἂν
636 4893 754 4961 εἴην
779 4893 1043 4957 ἐπαινεῖν,
1076 4892 1210 4947 ἀλλά
1236 4895 1331 4947 καὶ
1365 4895 1464 4966 τὴν
1504 4897 1600 4966 σὴν
1645 4900 1880 4965 γυναῖκα

277 4983 544 5054 μάλιστα
574 4982 898 5051 αἰτιωτάτην
932 4981 1192 5049 ὀφθεῖσαν
1212 4984 1325 5037 τῶν
1347 4986 1737 5056 γεγενημένων
1794 4990 1877 5050 εἰς

272 5075 428 5145 ἐμὲ
456 5076 591 5146 αὑτὴ
605 5075 714 5145 γὰρ
732 5078 827 5128 καὶ
859 5075 1220 5130 ἐϐουλεύσατο
1248 5083 1338 5129 καὶ
1362 5077 1547 5131 ἔπεισέ
1567 5095 1626 5131 τε
1647 5080 1876 5147 ὁμοίως,

277 5170 409 5221 καὶ
471 5165 601 5228 τοὺς
665 5166 856 5229 ἄλλους
914 5168 1038 5231 τοὺς
1094 5169 1153 5222 ἐν
1192 5168 1358 5234 τέλει,
1428 5170 1501 5241 μὴ
1530 5172 1877 5240 μικρολογεῖν

276 5253 592 5330 μηδέἷναι
656 5259 892 5327 ἀγαθοὺς
949 5261 1041 5313 ἐπὶ
1090 5259 1291 5330 μισθῷ,
1340 5261 1475 5316 ἀλλά
1530 5265 1732 5331 προῖκα
1783 5266 1878 5316 καὶ

274 5349 447 5405 κατά
516 5349 849 5419 φιλοτιμίαν,
924 5352 1183 5420 μέγιστον
1246 5352 1440 5421 κέρδος
1532 5354 1662 5407 αὐτὸ
1720 5354 1877 5407 τοῦτο

272 5439 662 5513 ἡγουμένους,
691 5441 753 5493 τὸ
780 5442 849 5494 τὰ
880 5441 1024 5495 καλά
1061 5443 1369 5514 καὶ-,δίκαια
1401 5444 1691 5514 αἱρεῖσθαι·
1740 5446 1795 5496 οῖ
1814 5462 1875 5497 τε

274 5536 345 5585 ἐν
387 5532 537 5585 τέλει
562 5532 786 5597 πάντες,
817 5535 913 5586 καὶ
941 5536 975 5603 ἡ
999 5535 1136 5605 ἄλλη
1184 5537 1435 5605 στρατιὰ,
1491 5538 1551 5590 ού
1594 5536 1680 5590 διά
1719 5537 1779 5589 τὸ
1815 5538 1874 5589 σὲ

278 5622 589 5694 βούλεσθαι
636 5624 798 5693 μόνον
854 5626 948 5677 καὶ
996 5626 1265 5689 κελεύειν,
1313 5628 1449 5681 ἀλλά
1516 5630 1611 5681 καὶ
1660 5628 1871 5681 οἴκοθεν

275 5716 644 5785 ὡρμημένοι,
705 5717 949 5787 μεγάλην
988 5719 1332 5784 ἐπεδείξαντο
1394 5719 1499 5788 τὴν
1565 5720 1869 5773 ἐπιείκειαν

281 5808 389 5859 καὶ
405 5807 514 5875 τὴν
540 5806 964 5880 εὐγνωμοσύνην
992 5812 1067 5876 είς
1093 5813 1216 5882 ἐμέ.
1258 5806 1355 5865 Ὧν
1387 5814 1642 5867 ἁπάντων
1707 5814 1867 5877 αὐτὸς

1985 4620 2168 4687 itaque
2195 4613 2509 4674 mandarcs,
2542 4605 2707 4680 784
2756 4605 2850 4659 sed
2897 4606 3093 4672 sponte
3173 4606 3230 4652 et
3270 4597 3552 4651 voluntate

1980 4712 2151 4767 libera
2184 4710 2579 4763 humanitatem
2636 4697 3044 4764 candoremque
3070 4690 3330 4747 eximium
3357 4690 3553 4743 adver-

1981 4819 2075 4860 sus
2100 4819 2184 4859 me
2211 4803 2579 4857 declararunt.
2630 4796 2738 4851 Pro
2766 4791 2970 4862 quibus
2997 4797 3050 4842 et
3082 4787 3195 4855 ipse
3231 4784 3432 4853 gratias
3452 4783 3552 4835 de-

1978 4895 2106 4955 beo,
2145 4904 2201 4949 ct
2230 4907 2467 4961 quorum
2488 4902 2649 4943 aures
2668 4885 2753 4941 vel
2784 4898 2906 4937 sero
2933 4897 2995 4934 ea
3022 4878 3262 4932 narratio
3286 4875 3547 4943 tetigerit,

1981 4986 2103 5040 illos
2140 4981 2539 5054 praedicabunt.
2577 4979 2719 5044 Quid
2756 4986 2840 5031 est
2890 4977 3056 5046 igitur
3088 4972 3231 5042 quod
3267 4971 3422 5031 dicis,
3462 4982 3557 5020 me

1981 5084 2060 5129 tot
2112 5075 2433 5128 meritorum
2482 5071 2861 5124 immemorem
2888 5107 2902 5129 ,
2939 5068 3055 5121 sine
3108 5066 3212 5119 ulla
3250 5076 3414 5118 causa
3453 5074 3549 5112 vo-

1978 5167 2147 5222 luisse
2185 5167 2327 5219 hello
2366 5173 2417 5217 te
2452 5163 2757 5223 lacessere,
2793 5168 2900 5210 tam
2950 5154 3090 5207 male
3123 5162 3546 5221 reSpoudemeut

1978 5263 2089 5317 tuis
2119 5256 2466 5316 benefactis?
2496 5254 2660 5323 Atqui
2695 5253 2856 5323 longe
2892 5250 3033 5304 foret
3063 5251 3547 5313 absurdissimum,

1975 5356 2160 5426 lingua
2205 5352 2426 5422 quidem
2469 5348 2548 5402 sic
2579 5346 2788 5417 prolixe
2819 5345 3021 5413 gratias
3052 5358 3211 5412 agere
3263 5344 3401 5396 bene
3436 5357 3548 5395 me-

1978 5447 2250 5510 rentibus,
2284 5458 2385 5497 nec
2421 5440 2583 5495 tacita
2621 5437 2759 5492 velle
2793 5435 2993 5490 habere
3022 5435 3241 5500 merita,
3276 5449 3333 5489 re
3358 5443 3545 5489 autem

1977 5538 2248 5598 ingratum
2277 5546 2418 5595 esse,
2444 5529 2732 5599 videi-ique
2764 5528 2869 5582 sibi
2907 5528 3137 5581 maxime
3164 5530 3541 5583 contrarium:

1974 5643 2137 5697 quem
2181 5640 2355 5694 neque
2392 5625 2445 5677 in
2481 5622 2603 5675 illos
2633 5622 2724 5691 qui
2768 5636 2853 5675 me
2901 5620 3257 5674 vehementer
3290 5620 3538 5675 otTende-

1975 5730 2097 5774 rant
2154 5719 2293 5774 etin
2348 5718 2599 5773 miserias
2626 5716 3124 5787 praecipitaverant,
3181 5730 3417 5784 unquam
3449 5712 3538 5765 tali

1974 5814 2158 5866 animo
2187 5810 2354 5866 fuisse
2381 5818 2618 5877 constat,
2656 5810 2749 5866 sed
2782 5816 2839 5866 et
2882 5807 3097 5867 dissidii
3127 5806 3313 5880 hujus,
3346 5817 3401 5863 et
3444 5820 3537 5860 ar-
