  <div class='ocr_page' id='page_1' title='image "/cluster/home/n/w/nwhite01/storage/ocr_20150623/154/hvd.32044073505299/085.png"; bbox 0 0 3996 6218; ppageno 0'>
   <div class='ocr_carea' id='block_1_1' title="bbox 401 394 506 458">
    <p class='ocr_par' dir='ltr' id='par_1_1' title="bbox 401 394 506 458">
     <span class='ocr_line' id='line_1_1' title="bbox 401 394 506 458; baseline -0.01 -1"><span class='ocrx_word' id='word_1_1' title='bbox 401 394 506 458; x_wconf 66' lang='grc' dir='ltr'><strong>ΠΕ)</strong></span> 
     </span>
    </p>
   </div>
   <div class='ocr_carea' id='block_1_2' title="bbox 1594 405 2478 467">
    <p class='ocr_par' dir='ltr' id='par_1_2' title="bbox 1594 405 2478 467">
     <span class='ocr_line' id='line_1_2' title="bbox 1594 405 2478 467; baseline -0.003 0"><span class='ocrx_word' id='word_1_2' title='bbox 1594 407 1913 467; x_wconf 69' lang='lat' dir='ltr'><strong>JOAN’NIS</strong></span> <span class='ocrx_word' id='word_1_3' title='bbox 1954 407 2094 464; x_wconf 69' lang='lat' dir='ltr'><strong>CAN</strong></span> <span class='ocrx_word' id='word_1_4' title='bbox 2118 405 2478 465; x_wconf 61' lang='lat' dir='ltr'><strong>I‘ACUZENI</strong></span> 
     </span>
    </p>
   </div>
   <div class='ocr_carea' id='block_1_3' title="bbox 3551 403 3666 469">
    <p class='ocr_par' dir='ltr' id='par_1_3' title="bbox 3551 403 3666 469">
     <span class='ocr_line' id='line_1_3' title="bbox 3551 403 3666 469; baseline 0.017 -2"><span class='ocrx_word' id='word_1_5' title='bbox 3551 403 3666 469; x_wconf 75' lang='lat'><strong>160</strong></span> 
     </span>
    </p>
   </div>
   <div class='ocr_carea' id='block_1_4' title="bbox 399 509 1990 584">
    <p class='ocr_par' dir='ltr' id='par_1_4' title="bbox 399 509 1966 584">
     <span class='ocr_line' id='line_1_4' title="bbox 399 509 1966 584; baseline 0.003 -22"><span class='ocrx_word' id='word_1_6' title='bbox 399 523 617 562; x_wconf 82' lang='lat' dir='ltr'><strong>morum</strong></span> <span class='ocrx_word' id='word_1_7' title='bbox 661 509 888 563; x_wconf 73' lang='lat' dir='ltr'><strong>istoi&#39;um</strong></span> <span class='ocrx_word' id='word_1_8' title='bbox 937 526 1129 566; x_wconf 80' lang='lat' dir='ltr'><strong>causas</strong></span> <span class='ocrx_word' id='word_1_9' title='bbox 1169 511 1237 566; x_wconf 89' lang='lat' dir='ltr'><strong>ab</strong></span> <span class='ocrx_word' id='word_1_10' title='bbox 1271 512 1429 568; x_wconf 89' lang='lat' dir='ltr'><strong>initio</strong></span> <span class='ocrx_word' id='word_1_11' title='bbox 1468 530 1643 584; x_wconf 89' lang='lat' dir='ltr'><strong>usque</strong></span> <span class='ocrx_word' id='word_1_12' title='bbox 1684 531 1831 569; x_wconf 92' lang='lat' dir='ltr'><strong>nunc</strong></span> <span class='ocrx_word' id='word_1_13' title='bbox 1865 514 1966 581; x_wconf 86' lang='lat' dir='ltr'><strong>ipsi</strong></span> 
     </span>
    </p>
   </div>
   <div class='ocr_carea' id='block_1_5' title="bbox 2094 509 3662 584">
    <p class='ocr_par' dir='ltr' id='par_1_5' title="bbox 2094 512 3662 582">
     <span class='ocr_line' id='line_1_5' title="bbox 2094 512 3662 582; baseline 0.004 -20"><span class='ocrx_word' id='word_1_14' title='bbox 2094 530 2129 563; x_wconf 78' lang='lat' dir='ltr'><strong>:s</strong></span> <span class='ocrx_word' id='word_1_15' title='bbox 2161 513 2390 582; x_wconf 78' lang='grc' dir='ltr'>χάριτας</span> <span class='ocrx_word' id='word_1_16' title='bbox 2418 513 2636 580; x_wconf 67' lang='grc' dir='ltr'>ὀᾳεῐλω,</span> <span class='ocrx_word' id='word_1_17' title='bbox 2663 512 2757 564; x_wconf 71' lang='grc' dir='ltr'><strong>καὶ</strong></span> <span class='ocrx_word' id='word_1_18' title='bbox 2804 512 2853 564; x_wconf 74' lang='grc' dir='ltr'>οἱ</span> <span class='ocrx_word' id='word_1_19' title='bbox 2882 512 3029 568; x_wconf 81' lang='grc' dir='ltr'>ἄλλοι</span> <span class='ocrx_word' id='word_1_20' title='bbox 3071 513 3450 568; x_wconf 79' lang='grc' dir='ltr'>ἐπαινέσονται</span> <span class='ocrx_word' id='word_1_21' title='bbox 3507 514 3662 577; x_wconf 78' lang='grc' dir='ltr'>ὅσοις</span> 
     </span>
    </p>
   </div>
   <div class='ocr_carea' id='block_1_6' title="bbox 400 601 1998 670">
    <p class='ocr_par' dir='ltr' id='par_1_6' title="bbox 400 601 1998 670">
     <span class='ocr_line' id='line_1_6' title="bbox 400 601 1998 670; baseline 0.005 -20"><span class='ocrx_word' id='word_1_22' title='bbox 400 601 736 668; x_wconf 73' lang='grc' dir='ltr'>ιπ;ι·ὺυίςιὶε,</span> <span class='ocrx_word' id='word_1_23' title='bbox 770 602 821 654; x_wconf 87' lang='lat' dir='ltr'><strong>id</strong></span> <span class='ocrx_word' id='word_1_24' title='bbox 851 603 994 670; x_wconf 90' lang='lat' dir='ltr'><strong>quod</strong></span> <span class='ocrx_word' id='word_1_25' title='bbox 1027 603 1192 658; x_wconf 85' lang='lat' dir='ltr'><strong>rebus</strong></span> <span class='ocrx_word' id='word_1_26' title='bbox 1223 605 1602 660; x_wconf 84' lang='lat' dir='ltr'><strong>demonstrare</strong></span> <span class='ocrx_word' id='word_1_27' title='bbox 1626 608 1998 661; x_wconf 78' lang='lat' dir='ltr'><strong>contendam.‘</strong></span> 
     </span>
    </p>
   </div>
   <div class='ocr_carea' id='block_1_7' title="bbox 404 693 1975 767">
    <p class='ocr_par' dir='ltr' id='par_1_7' title="bbox 404 693 1975 767">
     <span class='ocr_line' id='line_1_7' title="bbox 404 693 1975 767; baseline 0.003 -20"><span class='ocrx_word' id='word_1_28' title='bbox 404 693 474 747; x_wconf 86' lang='lat' dir='ltr'><strong>Ut</strong></span> <span class='ocrx_word' id='word_1_29' title='bbox 504 695 650 746; x_wconf 70' lang='lat' dir='ltr'><strong>cnim</strong></span> <span class='ocrx_word' id='word_1_30' title='bbox 688 693 820 746; x_wconf 89' lang='lat' dir='ltr'><strong>mihi</strong></span> <span class='ocrx_word' id='word_1_31' title='bbox 859 695 1003 762; x_wconf 89' lang='lat' dir='ltr'><strong>apud</strong></span> <span class='ocrx_word' id='word_1_32' title='bbox 1038 710 1136 749; x_wconf 90' lang='lat' dir='ltr'><strong>vos</strong></span> <span class='ocrx_word' id='word_1_33' title='bbox 1163 697 1465 750; x_wconf 83' lang='lat' dir='ltr'><strong>diversanti</strong></span> <span class='ocrx_word' id='word_1_34' title='bbox 1510 714 1676 767; x_wconf 84' lang='lat' dir='ltr'><strong>super</strong></span> <span class='ocrx_word' id='word_1_35' title='bbox 1714 700 1975 752; x_wconf 90' lang='lat' dir='ltr'><strong>societate</strong></span> 
     </span>
    </p>
   </div>
   <div class='ocr_carea' id='block_1_8' title="bbox 403 783 1979 847">
    <p class='ocr_par' dir='ltr' id='par_1_8' title="bbox 403 783 1979 847">
     <span class='ocr_line' id='line_1_8' title="bbox 403 783 1979 847; baseline 0.007 -14"><span class='ocrx_word' id='word_1_36' title='bbox 403 784 582 836; x_wconf 87' lang='lat' dir='ltr'><strong>visum</strong></span> <span class='ocrx_word' id='word_1_37' title='bbox 619 793 701 836; x_wconf 89' lang='lat' dir='ltr'><strong>est</strong></span> <span class='ocrx_word' id='word_1_38' title='bbox 734 783 912 838; x_wconf 63' lang='lat' dir='ltr'><strong>foedus</strong></span> <span class='ocrx_word' id='word_1_39' title='bbox 947 789 1162 840; x_wconf 89' lang='lat' dir='ltr'><strong>sancire</strong></span> <span class='ocrx_word' id='word_1_40' title='bbox 1191 828 1204 847; x_wconf 90' lang='lat'><strong>,</strong></span> <span class='ocrx_word' id='word_1_41' title='bbox 1249 798 1303 841; x_wconf 91' lang='lat' dir='ltr'><strong>et</strong></span> <span class='ocrx_word' id='word_1_42' title='bbox 1334 788 1413 842; x_wconf 90' lang='lat' dir='ltr'><strong>sic</strong></span> <span class='ocrx_word' id='word_1_43' title='bbox 1470 790 1702 843; x_wconf 82' lang='lat' dir='ltr'><strong>invicem</strong></span> <span class='ocrx_word' id='word_1_44' title='bbox 1737 805 1979 844; x_wconf 81' lang='lat' dir='ltr'><strong>commo-</strong></span> 
     </span>
    </p>
   </div>
   <div class='ocr_carea' id='block_1_9' title="bbox 401 871 1978 948">
    <p class='ocr_par' dir='ltr' id='par_1_9' title="bbox 401 871 1978 948">
     <span class='ocr_line' id='line_1_9' title="bbox 401 871 1978 948; baseline 0.004 -23"><span class='ocrx_word' id='word_1_45' title='bbox 401 871 532 925; x_wconf 88' lang='lat' dir='ltr'><strong>dare</strong></span> <span class='ocrx_word' id='word_1_46' title='bbox 570 873 778 936; x_wconf 83' lang='lat' dir='ltr'><strong>conari,</strong></span> <span class='ocrx_word' id='word_1_47' title='bbox 812 885 865 928; x_wconf 89' lang='lat' dir='ltr'><strong>tu</strong></span> <span class='ocrx_word' id='word_1_48' title='bbox 891 875 1161 929; x_wconf 79' lang='lat' dir='ltr'><strong>mercedis</strong></span> <span class='ocrx_word' id='word_1_49' title='bbox 1191 879 1513 933; x_wconf 87' lang='lat' dir='ltr'><strong>societatem</strong></span> <span class='ocrx_word' id='word_1_50' title='bbox 1574 880 1742 933; x_wconf 88' lang='lat' dir='ltr'><strong>multa</strong></span> <span class='ocrx_word' id='word_1_51' title='bbox 1779 880 1978 948; x_wconf 83' lang='lat' dir='ltr'><strong>Oppida</strong></span> 
     </span>
    </p>
   </div>
   <div class='ocr_carea' id='block_1_10' title="bbox 401 963 1983 1038">
    <p class='ocr_par' dir='ltr' id='par_1_10' title="bbox 401 963 1983 1038">
     <span class='ocr_line' id='line_1_10' title="bbox 401 963 1983 1038; baseline 0.004 -23"><span class='ocrx_word' id='word_1_52' title='bbox 401 973 458 1015; x_wconf 90' lang='lat' dir='ltr'><strong>et</strong></span> <span class='ocrx_word' id='word_1_53' title='bbox 506 963 784 1031; x_wconf 78' lang='lat' dir='ltr'><strong>regionem</strong></span> <span class='ocrx_word' id='word_1_54' title='bbox 833 966 1065 1019; x_wconf 82' lang='lat' dir='ltr'><strong>Romani</strong></span> <span class='ocrx_word' id='word_1_55' title='bbox 1106 967 1448 1037; x_wconf 67' lang='lat' dir='ltr'><strong>principatus</strong></span> <span class='ocrx_word' id='word_1_56' title='bbox 1481 971 1759 1038; x_wconf 78' lang='lat' dir='ltr'><strong>propriam</strong></span> <span class='ocrx_word' id='word_1_57' title='bbox 1797 981 1983 1037; x_wconf 87' lang='lat' dir='ltr'><strong>postu-</strong></span> 
     </span>
    </p>
   </div>
   <div class='ocr_carea' id='block_1_11' title="bbox 401 1052 1982 1130">
    <p class='ocr_par' dir='ltr' id='par_1_11' title="bbox 401 1052 1982 1130">
     <span class='ocr_line' id='line_1_11' title="bbox 401 1052 1982 1130; baseline 0.004 -24"><span class='ocrx_word' id='word_1_58' title='bbox 401 1052 574 1108; x_wconf 83' lang='lat' dir='ltr'><strong>labas.</strong></span> <span class='ocrx_word' id='word_1_59' title='bbox 611 1055 726 1123; x_wconf 82' lang='lat' dir='ltr'><strong>Ego</strong></span> <span class='ocrx_word' id='word_1_60' title='bbox 761 1072 892 1109; x_wconf 88' lang='lat' dir='ltr'><strong>vero</strong></span> <span class='ocrx_word' id='word_1_61' title='bbox 921 1073 1023 1112; x_wconf 90' lang='lat' dir='ltr'><strong>nec</strong></span> <span class='ocrx_word' id='word_1_62' title='bbox 1050 1059 1484 1128; x_wconf 85' lang='lat' dir='ltr'><strong>abjectissimum</strong></span> <span class='ocrx_word' id='word_1_63' title='bbox 1529 1061 1750 1130; x_wconf 84' lang='lat' dir='ltr'><strong>quidem</strong></span> <span class='ocrx_word' id='word_1_64' title='bbox 1785 1061 1982 1116; x_wconf 83' lang='lat' dir='ltr'><strong>castel-</strong></span> 
     </span>
    </p>
   </div>
   <div class='ocr_carea' id='block_1_12' title="bbox 401 1145 1981 1220">
    <p class='ocr_par' dir='ltr' id='par_1_12' title="bbox 401 1145 1981 1220">
     <span class='ocr_line' id='line_1_12' title="bbox 401 1145 1981 1220; baseline 0.004 -21"><span class='ocrx_word' id='word_1_65' title='bbox 401 1145 516 1199; x_wconf 88' lang='lat' dir='ltr'><strong>lum</strong></span> <span class='ocrx_word' id='word_1_66' title='bbox 571 1145 670 1200; x_wconf 89' lang='lat' dir='ltr'><strong>tibi</strong></span> <span class='ocrx_word' id='word_1_67' title='bbox 723 1148 1086 1216; x_wconf 86' lang='lat' dir='ltr'><strong>spondebam,</strong></span> <span class='ocrx_word' id='word_1_68' title='bbox 1142 1151 1502 1220; x_wconf 80' lang='lat' dir='ltr'><strong>volebamque</strong></span> <span class='ocrx_word' id='word_1_69' title='bbox 1552 1151 1815 1204; x_wconf 80' lang='lat' dir='ltr'><strong>auxilium</strong></span> <span class='ocrx_word' id='word_1_70' title='bbox 1860 1167 1981 1206; x_wconf 88' lang='lat' dir='ltr'><strong>esse</strong></span> 
     </span>
    </p>
   </div>
   <div class='ocr_carea' id='block_1_13' title="bbox 403 1239 1979 1314">
    <p class='ocr_par' dir='ltr' id='par_1_13' title="bbox 403 1239 1979 1314">
     <span class='ocr_line' id='line_1_13' title="bbox 403 1239 1979 1314; baseline 0.004 -25"><span class='ocrx_word' id='word_1_71' title='bbox 403 1239 725 1304; x_wconf 84' lang='lat' dir='ltr'><strong>gratuitum.</strong></span> <span class='ocrx_word' id='word_1_72' title='bbox 789 1241 905 1294; x_wconf 71' lang='lat' dir='ltr'><strong>Non</strong></span> <span class='ocrx_word' id='word_1_73' title='bbox 940 1243 1088 1295; x_wconf 88' lang='lat' dir='ltr'><strong>enim</strong></span> <span class='ocrx_word' id='word_1_74' title='bbox 1140 1244 1298 1297; x_wconf 90' lang='lat' dir='ltr'><strong>vobis</strong></span> <span class='ocrx_word' id='word_1_75' title='bbox 1340 1244 1600 1297; x_wconf 61' lang='lat' dir='ltr'><strong>duntaxat</strong></span> <span class='ocrx_word' id='word_1_76' title='bbox 1654 1244 1979 1314; x_wconf 76' lang='lat' dir='ltr'><strong>indignum,</strong></span> 
     </span>
    </p>
   </div>
   <div class='ocr_carea' id='block_1_14' title="bbox 407 1330 1984 1404">
    <p class='ocr_par' dir='ltr' id='par_1_14' title="bbox 407 1330 1984 1404">
     <span class='ocr_line' id='line_1_14' title="bbox 407 1330 1984 1404; baseline 0.005 -24"><span class='ocrx_word' id='word_1_77' title='bbox 407 1330 677 1384; x_wconf 76' lang='lat' dir='ltr'><strong>illiberale</strong></span> <span class='ocrx_word' id='word_1_78' title='bbox 733 1341 790 1383; x_wconf 85' lang='lat' dir='ltr'><strong>et</strong></span> <span class='ocrx_word' id='word_1_79' title='bbox 817 1333 1140 1400; x_wconf 90' lang='lat' dir='ltr'><strong>pudendum</strong></span> <span class='ocrx_word' id='word_1_80' title='bbox 1173 1349 1295 1388; x_wconf 90' lang='lat' dir='ltr'><strong>esse</strong></span> <span class='ocrx_word' id='word_1_81' title='bbox 1326 1346 1697 1403; x_wconf 76' lang='lat' dir='ltr'><strong>summopere,</strong></span> <span class='ocrx_word' id='word_1_82' title='bbox 1723 1350 1833 1390; x_wconf 87' lang='lat' dir='ltr'><strong>non</strong></span> <span class='ocrx_word' id='word_1_83' title='bbox 1869 1335 1984 1404; x_wconf 78' lang='lat' dir='ltr'><strong>glo-</strong></span> 
     </span>
    </p>
   </div>
   <div class='ocr_carea' id='block_1_15' title="bbox 407 1421 1984 1493">
    <p class='ocr_par' dir='ltr' id='par_1_15' title="bbox 407 1421 1984 1493">
     <span class='ocr_line' id='line_1_15' title="bbox 407 1421 1984 1493; baseline 0.004 -21"><span class='ocrx_word' id='word_1_84' title='bbox 407 1421 499 1473; x_wconf 59' lang='lat' dir='ltr'><strong>ria</strong></span> <span class='ocrx_word' id='word_1_85' title='bbox 551 1432 604 1475; x_wconf 88' lang='lat' dir='ltr'><strong>et</strong></span> <span class='ocrx_word' id='word_1_86' title='bbox 631 1423 889 1477; x_wconf 68' lang='lat' dir='ltr'><strong>amicitia:</strong></span> <span class='ocrx_word' id='word_1_87' title='bbox 923 1426 1098 1493; x_wconf 80' lang='lat' dir='ltr'><strong>gratia</strong></span> <span class='ocrx_word' id='word_1_88' title='bbox 1127 1468 1142 1491; x_wconf 89' lang='lat'><strong>,</strong></span> <span class='ocrx_word' id='word_1_89' title='bbox 1179 1428 1273 1481; x_wconf 89' lang='lat' dir='ltr'><strong>sed</strong></span> <span class='ocrx_word' id='word_1_90' title='bbox 1303 1427 1556 1482; x_wconf 87' lang='lat' dir='ltr'><strong>mercede</strong></span> <span class='ocrx_word' id='word_1_91' title='bbox 1600 1427 1806 1482; x_wconf 82' lang='lat' dir='ltr'><strong>servire</strong></span> <span class='ocrx_word' id='word_1_92' title='bbox 1839 1443 1853 1479; x_wconf 93' lang='lat'>:</span> <span class='ocrx_word' id='word_1_93' title='bbox 1891 1442 1984 1480; x_wconf 90' lang='lat' dir='ltr'><strong>ve-</strong></span> 
     </span>
    </p>
   </div>
   <div class='ocr_carea' id='block_1_16' title="bbox 409 1513 1985 1585">
    <p class='ocr_par' dir='ltr' id='par_1_16' title="bbox 409 1513 1985 1585">
     <span class='ocr_line' id='line_1_16' title="bbox 409 1513 1985 1585; baseline 0.008 -28"><span class='ocrx_word' id='word_1_94' title='bbox 409 1523 530 1560; x_wconf 86' lang='lat' dir='ltr'><strong>rum</strong></span> <span class='ocrx_word' id='word_1_95' title='bbox 571 1513 738 1564; x_wconf 87' lang='lat' dir='ltr'><strong>etiam</strong></span> <span class='ocrx_word' id='word_1_96' title='bbox 797 1514 931 1566; x_wconf 88' lang='lat' dir='ltr'><strong>mihi</strong></span> <span class='ocrx_word' id='word_1_97' title='bbox 984 1524 1092 1568; x_wconf 80' lang='lat' dir='ltr'><strong>tam</strong></span> <span class='ocrx_word' id='word_1_98' title='bbox 1157 1517 1497 1585; x_wconf 86' lang='lat' dir='ltr'><strong>impossibila</strong></span> <span class='ocrx_word' id='word_1_99' title='bbox 1547 1518 1693 1572; x_wconf 89' lang='lat' dir='ltr'><strong>factu</strong></span> <span class='ocrx_word' id='word_1_100' title='bbox 1746 1532 1892 1580; x_wconf 86' lang='lat' dir='ltr'><strong>esse,</strong></span> <span class='ocrx_word' id='word_1_101' title='bbox 1925 1527 1985 1570; x_wconf 93' lang='lat' dir='ltr'><strong>ut</strong></span> 
     </span>
    </p>
   </div>
   <div class='ocr_carea' id='block_1_17' title="bbox 407 1601 1982 1677">
    <p class='ocr_par' dir='ltr' id='par_1_17' title="bbox 407 1601 1982 1677">
     <span class='ocr_line' id='line_1_17' title="bbox 407 1601 1982 1677; baseline 0.007 -26"><span class='ocrx_word' id='word_1_102' title='bbox 407 1601 542 1653; x_wconf 84' lang='lat' dir='ltr'><strong>nihil</strong></span> <span class='ocrx_word' id='word_1_103' title='bbox 576 1604 767 1671; x_wconf 84' lang='lat' dir='ltr'><strong>magis,</strong></span> <span class='ocrx_word' id='word_1_104' title='bbox 802 1615 1028 1674; x_wconf 87' lang='lat' dir='ltr'><strong>pr0pter</strong></span> <span class='ocrx_word' id='word_1_105' title='bbox 1061 1622 1236 1660; x_wconf 86' lang='lat' dir='ltr'><strong>meam</strong></span> <span class='ocrx_word' id='word_1_106' title='bbox 1317 1620 1375 1663; x_wconf 93' lang='lat' dir='ltr'><strong>et</strong></span> <span class='ocrx_word' id='word_1_107' title='bbox 1413 1624 1606 1662; x_wconf 87' lang='lat' dir='ltr'><strong>eorum</strong></span> <span class='ocrx_word' id='word_1_108' title='bbox 1643 1611 1738 1677; x_wconf 88' lang='lat' dir='ltr'><strong>qui</strong></span> <span class='ocrx_word' id='word_1_109' title='bbox 1772 1624 1860 1662; x_wconf 88' lang='lat' dir='ltr'><strong>me</strong></span> <span class='ocrx_word' id='word_1_110' title='bbox 1894 1623 1982 1662; x_wconf 89' lang='lat' dir='ltr'><strong>se-</strong></span> 
     </span>
    </p>
   </div>
   <div class='ocr_carea' id='block_1_18' title="bbox 407 1695 1984 1768">
    <p class='ocr_par' dir='ltr' id='par_1_18' title="bbox 407 1695 1984 1768">
     <span class='ocr_line' id='line_1_18' title="bbox 407 1695 1984 1768; baseline 0.006 -26"><span class='ocrx_word' id='word_1_111' title='bbox 407 1702 713 1760; x_wconf 79' lang='lat' dir='ltr'><strong>querentur</strong></span> <span class='ocrx_word' id='word_1_112' title='bbox 736 1695 966 1749; x_wconf 76' lang='lat' dir='ltr'><strong>salutem</strong></span> <span class='ocrx_word' id='word_1_113' title='bbox 1012 1698 1290 1753; x_wconf 83' lang='lat' dir='ltr'><strong>Romanos</strong></span> <span class='ocrx_word' id='word_1_114' title='bbox 1318 1701 1577 1768; x_wconf 86' lang='lat' dir='ltr'><strong>prodere,</strong></span> <span class='ocrx_word' id='word_1_115' title='bbox 1619 1699 1875 1767; x_wconf 85' lang='lat' dir='ltr'><strong>quamvis</strong></span> <span class='ocrx_word' id='word_1_116' title='bbox 1905 1699 1984 1752; x_wconf 89' lang='lat' dir='ltr'><strong>illi</strong></span> 
     </span>
    </p>
   </div>
   <div class='ocr_carea' id='block_1_19' title="bbox 410 1787 1986 1860">
    <p class='ocr_par' dir='ltr' id='par_1_19' title="bbox 410 1787 1986 1860">
     <span class='ocr_line' id='line_1_19' title="bbox 410 1787 1986 1860; baseline 0.003 -22"><span class='ocrx_word' id='word_1_117' title='bbox 410 1788 463 1839; x_wconf 94' lang='lat' dir='ltr'><strong>in</strong></span> <span class='ocrx_word' id='word_1_118' title='bbox 521 1801 606 1840; x_wconf 91' lang='lat' dir='ltr'><strong>me</strong></span> <span class='ocrx_word' id='word_1_119' title='bbox 657 1802 808 1840; x_wconf 89' lang='lat' dir='ltr'><strong>arma</strong></span> <span class='ocrx_word' id='word_1_120' title='bbox 843 1787 1100 1856; x_wconf 89' lang='lat' dir='ltr'><strong>improbe</strong></span> <span class='ocrx_word' id='word_1_121' title='bbox 1141 1789 1444 1844; x_wconf 86' lang='lat' dir='ltr'><strong>movissent</strong></span> <span class='ocrx_word' id='word_1_122' title='bbox 1489 1791 1986 1860; x_wconf 88' lang='lat' dir='ltr'><strong>:quandoquidem</strong></span> 
     </span>
    </p>
   </div>
   <div class='ocr_carea' id='block_1_20' title="bbox 416 1877 1990 1946">
    <p class='ocr_par' dir='ltr' id='par_1_20' title="bbox 416 1877 1990 1946">
     <span class='ocr_line' id='line_1_20' title="bbox 416 1877 1990 1946; baseline 0.004 -18"><span class='ocrx_word' id='word_1_123' title='bbox 416 1891 525 1930; x_wconf 91' lang='lat' dir='ltr'><strong>non</strong></span> <span class='ocrx_word' id='word_1_124' title='bbox 558 1878 681 1930; x_wconf 89' lang='lat' dir='ltr'><strong>illos</strong></span> <span class='ocrx_word' id='word_1_125' title='bbox 715 1877 985 1933; x_wconf 85' lang='lat' dir='ltr'><strong>servitute</strong></span> <span class='ocrx_word' id='word_1_126' title='bbox 1016 1891 1278 1946; x_wconf 88' lang='lat' dir='ltr'><strong>mactare,</strong></span> <span class='ocrx_word' id='word_1_127' title='bbox 1312 1881 1406 1935; x_wconf 90' lang='lat' dir='ltr'><strong>sed</strong></span> <span class='ocrx_word' id='word_1_128' title='bbox 1439 1882 1508 1936; x_wconf 87' lang='lat' dir='ltr'><strong>ab</strong></span> <span class='ocrx_word' id='word_1_129' title='bbox 1535 1897 1730 1938; x_wconf 90' lang='lat' dir='ltr'><strong>eorum</strong></span> <span class='ocrx_word' id='word_1_130' title='bbox 1759 1881 1990 1936; x_wconf 78' lang='lat' dir='ltr'><strong>cervici-</strong></span> 
     </span>
    </p>
   </div>
   <div class='ocr_carea' id='block_1_21' title="bbox 411 1969 1987 2044">
    <p class='ocr_par' dir='ltr' id='par_1_21' title="bbox 411 1969 1987 2044">
     <span class='ocr_line' id='line_1_21' title="bbox 411 1969 1987 2044; baseline 0.009 -23"><span class='ocrx_word' id='word_1_131' title='bbox 411 1969 520 2022; x_wconf 87' lang='lat' dir='ltr'><strong>bus</strong></span> <span class='ocrx_word' id='word_1_132' title='bbox 558 1971 756 2024; x_wconf 86' lang='lat' dir='ltr'><strong>hostile</strong></span> <span class='ocrx_word' id='word_1_133' title='bbox 791 1972 1076 2025; x_wconf 89' lang='lat' dir='ltr'><strong>servitutis</strong></span> <span class='ocrx_word' id='word_1_134' title='bbox 1103 1973 1294 2042; x_wconf 74' lang='lat' dir='ltr'><strong>jugum</strong></span> <span class='ocrx_word' id='word_1_135' title='bbox 1350 1973 1613 2044; x_wconf 88' lang='lat' dir='ltr'><strong>dejicere,</strong></span> <span class='ocrx_word' id='word_1_136' title='bbox 1659 1975 1769 2044; x_wconf 88' lang='lat' dir='ltr'><strong>jam</strong></span> <span class='ocrx_word' id='word_1_137' title='bbox 1799 1977 1928 2034; x_wconf 83' lang='lat' dir='ltr'><strong>inde</strong></span> <span class='ocrx_word' id='word_1_138' title='bbox 1959 1998 1987 2035; x_wconf 84' lang='lat' dir='ltr'><strong>a</strong></span> 
     </span>
    </p>
   </div>
   <div class='ocr_carea' id='block_1_22' title="bbox 421 2062 1989 2140">
    <p class='ocr_par' dir='ltr' id='par_1_22' title="bbox 421 2062 1989 2140">
     <span class='ocr_line' id='line_1_22' title="bbox 421 2062 1989 2140; baseline 0.009 -28"><span class='ocrx_word' id='word_1_139' title='bbox 421 2062 696 2129; x_wconf 88' lang='lat' dir='ltr'><strong>principio</strong></span> <span class='ocrx_word' id='word_1_140' title='bbox 761 2065 947 2117; x_wconf 87' lang='lat' dir='ltr'><strong>nervis</strong></span> <span class='ocrx_word' id='word_1_141' title='bbox 1004 2064 1264 2118; x_wconf 90' lang='lat' dir='ltr'><strong>omnibus</strong></span> <span class='ocrx_word' id='word_1_142' title='bbox 1329 2066 1639 2130; x_wconf 87' lang='lat' dir='ltr'><strong>contendo,</strong></span> <span class='ocrx_word' id='word_1_143' title='bbox 1696 2070 1989 2140; x_wconf 87' lang='lat' dir='ltr'><strong>statimque</strong></span> 
     </span>
    </p>
   </div>
   <div class='ocr_carea' id='block_1_23' title="bbox 412 2153 1989 2223">
    <p class='ocr_par' dir='ltr' id='par_1_23' title="bbox 412 2153 1989 2223">
     <span class='ocr_line' id='line_1_23' title="bbox 412 2153 1989 2223; baseline 0.008 -21"><span class='ocrx_word' id='word_1_144' title='bbox 412 2165 591 2203; x_wconf 82' lang='lat' dir='ltr'><strong>meam</strong></span> <span class='ocrx_word' id='word_1_145' title='bbox 624 2153 954 2206; x_wconf 88' lang='lat' dir='ltr'><strong>sententiam</strong></span> <span class='ocrx_word' id='word_1_146' title='bbox 987 2155 1216 2221; x_wconf 90' lang='lat' dir='ltr'><strong>aperui,</strong></span> <span class='ocrx_word' id='word_1_147' title='bbox 1256 2164 1338 2219; x_wconf 92' lang='lat' dir='ltr'><strong>ut,</strong></span> <span class='ocrx_word' id='word_1_148' title='bbox 1375 2157 1418 2208; x_wconf 89' lang='lat' dir='ltr'><strong>si</strong></span> <span class='ocrx_word' id='word_1_149' title='bbox 1456 2157 1763 2223; x_wconf 86' lang='lat' dir='ltr'><strong>videretur,</strong></span> <span class='ocrx_word' id='word_1_150' title='bbox 1797 2163 1989 2215; x_wconf 84' lang='lat' dir='ltr'><strong>amici-</strong></span> 
     </span>
    </p>
   </div>
   <div class='ocr_carea' id='block_1_24' title="bbox 411 2244 1992 2320">
    <p class='ocr_par' dir='ltr' id='par_1_24' title="bbox 411 2244 1992 2320">
     <span class='ocr_line' id='line_1_24' title="bbox 411 2244 1992 2320; baseline 0.009 -28"><span class='ocrx_word' id='word_1_151' title='bbox 411 2244 501 2294; x_wconf 70' lang='lat' dir='ltr'><strong>tize</strong></span> <span class='ocrx_word' id='word_1_152' title='bbox 530 2249 739 2296; x_wconf 87' lang='lat' dir='ltr'><strong>tantum</strong></span> <span class='ocrx_word' id='word_1_153' title='bbox 801 2255 856 2298; x_wconf 87' lang='lat' dir='ltr'><strong>et</strong></span> <span class='ocrx_word' id='word_1_154' title='bbox 890 2246 1116 2300; x_wconf 88' lang='lat' dir='ltr'><strong>honoris</strong></span> <span class='ocrx_word' id='word_1_155' title='bbox 1142 2248 1465 2316; x_wconf 86' lang='lat' dir='ltr'><strong>amplissimi</strong></span> <span class='ocrx_word' id='word_1_156' title='bbox 1503 2265 1667 2304; x_wconf 88' lang='lat' dir='ltr'><strong>causa</strong></span> <span class='ocrx_word' id='word_1_157' title='bbox 1697 2265 1853 2320; x_wconf 91' lang='lat' dir='ltr'><strong>opem</strong></span> <span class='ocrx_word' id='word_1_158' title='bbox 1884 2254 1992 2308; x_wconf 85' lang='lat' dir='ltr'><strong>fer-</strong></span> 
     </span>
    </p>
   </div>
   <div class='ocr_carea' id='block_1_25' title="bbox 413 2334 1989 2412">
    <p class='ocr_par' dir='ltr' id='par_1_25' title="bbox 413 2334 1989 2412">
     <span class='ocr_line' id='line_1_25' title="bbox 413 2334 1989 2412; baseline 0.009 -27"><span class='ocrx_word' id='word_1_159' title='bbox 413 2347 549 2387; x_wconf 85' lang='lat' dir='ltr'><strong>res:</strong></span> <span class='ocrx_word' id='word_1_160' title='bbox 581 2334 666 2388; x_wconf 90' lang='lat' dir='ltr'><strong>sin</strong></span> <span class='ocrx_word' id='word_1_161' title='bbox 725 2336 926 2400; x_wconf 88' lang='lat' dir='ltr'><strong>minus,</strong></span> <span class='ocrx_word' id='word_1_162' title='bbox 987 2354 1072 2391; x_wconf 91' lang='lat' dir='ltr'><strong>me</strong></span> <span class='ocrx_word' id='word_1_163' title='bbox 1115 2347 1294 2393; x_wconf 87' lang='lat' dir='ltr'><strong>tamen</strong></span> <span class='ocrx_word' id='word_1_164' title='bbox 1352 2340 1489 2394; x_wconf 88' lang='lat' dir='ltr'><strong>nihil</strong></span> <span class='ocrx_word' id='word_1_165' title='bbox 1536 2342 1606 2396; x_wconf 91' lang='lat' dir='ltr'><strong>ab</strong></span> <span class='ocrx_word' id='word_1_166' title='bbox 1651 2344 1989 2412; x_wconf 82' lang='lat' dir='ltr'><strong>ingenuitate</strong></span> 
     </span>
    </p>
   </div>
   <div class='ocr_carea' id='block_1_26' title="bbox 409 2425 1990 2503">
    <p class='ocr_par' dir='ltr' id='par_1_26' title="bbox 409 2425 1990 2503">
     <span class='ocr_line' id='line_1_26' title="bbox 409 2425 1990 2503; baseline 0.008 -26"><span class='ocrx_word' id='word_1_167' title='bbox 409 2425 718 2480; x_wconf 86' lang='lat' dir='ltr'><strong>abhorrens</strong></span> <span class='ocrx_word' id='word_1_168' title='bbox 771 2430 1226 2497; x_wconf 88' lang='lat' dir='ltr'><strong>commissurum,</strong></span> <span class='ocrx_word' id='word_1_169' title='bbox 1279 2448 1457 2503; x_wconf 90' lang='lat' dir='ltr'><strong>neque</strong></span> <span class='ocrx_word' id='word_1_170' title='bbox 1497 2435 1648 2490; x_wconf 85' lang='lat' dir='ltr'><strong>cives</strong></span> <span class='ocrx_word' id='word_1_171' title='bbox 1688 2452 1841 2492; x_wconf 92' lang='lat' dir='ltr'><strong>meos</strong></span> <span class='ocrx_word' id='word_1_172' title='bbox 1879 2438 1990 2489; x_wconf 79' lang='lat' dir='ltr'><strong>Ro-</strong></span> 
     </span>
    </p>
   </div>
   <div class='ocr_carea' id='block_1_27' title="bbox 413 2519 1993 2596">
    <p class='ocr_par' dir='ltr' id='par_1_27' title="bbox 413 2519 1993 2596">
     <span class='ocr_line' id='line_1_27' title="bbox 413 2519 1993 2596; baseline 0.007 -27"><span class='ocrx_word' id='word_1_173' title='bbox 413 2531 606 2571; x_wconf 89' lang='lat' dir='ltr'><strong>manos</strong></span> <span class='ocrx_word' id='word_1_174' title='bbox 639 2519 1014 2586; x_wconf 88' lang='lat' dir='ltr'><strong>proditurum,</strong></span> <span class='ocrx_word' id='word_1_175' title='bbox 1051 2523 1144 2575; x_wconf 87' lang='lat' dir='ltr'><strong>sed</strong></span> <span class='ocrx_word' id='word_1_176' title='bbox 1185 2539 1310 2576; x_wconf 92' lang='lat' dir='ltr'><strong>cum</strong></span> <span class='ocrx_word' id='word_1_177' title='bbox 1344 2524 1534 2580; x_wconf 84' lang='lat' dir='ltr'><strong>liberis</strong></span> <span class='ocrx_word' id='word_1_178' title='bbox 1579 2535 1635 2580; x_wconf 89' lang='lat' dir='ltr'><strong>et</strong></span> <span class='ocrx_word' id='word_1_179' title='bbox 1671 2529 1993 2596; x_wconf 82' lang='lat' dir='ltr'><strong>propinqui-</strong></span> 
     </span>
    </p>
   </div>
   <div class='ocr_carea' id='block_1_28' title="bbox 414 2611 1992 2688">
    <p class='ocr_par' dir='ltr' id='par_1_28' title="bbox 414 2611 1992 2688">
     <span class='ocr_line' id='line_1_28' title="bbox 414 2611 1992 2688; baseline 0.008 -26"><span class='ocrx_word' id='word_1_180' title='bbox 414 2619 525 2663; x_wconf 81' lang='lat' dir='ltr'><strong>tate</strong></span> <span class='ocrx_word' id='word_1_181' title='bbox 566 2611 880 2679; x_wconf 85' lang='lat' dir='ltr'><strong>conjunctis</strong></span> <span class='ocrx_word' id='word_1_182' title='bbox 909 2614 1240 2666; x_wconf 87' lang='lat' dir='ltr'><strong>moriturum</strong></span> <span class='ocrx_word' id='word_1_183' title='bbox 1277 2617 1463 2680; x_wconf 88' lang='lat' dir='ltr'><strong>potius</strong></span> <span class='ocrx_word' id='word_1_184' title='bbox 1485 2657 1499 2680; x_wconf 98' lang='lat'><strong>,</strong></span> <span class='ocrx_word' id='word_1_185' title='bbox 1552 2633 1717 2684; x_wconf 88' lang='lat' dir='ltr'><strong>quam</strong></span> <span class='ocrx_word' id='word_1_186' title='bbox 1749 2620 1821 2672; x_wconf 92' lang='lat' dir='ltr'><strong>ob</strong></span> <span class='ocrx_word' id='word_1_187' title='bbox 1851 2636 1992 2688; x_wconf 66' lang='lat' dir='ltr'><strong>prae-</strong></span> 
     </span>
    </p>
   </div>
   <div class='ocr_carea' id='block_1_29' title="bbox 413 2701 1989 2764">
    <p class='ocr_par' dir='ltr' id='par_1_29' title="bbox 413 2701 1989 2764">
     <span class='ocr_line' id='line_1_29' title="bbox 413 2701 1989 2764; baseline 0.007 -11"><span class='ocrx_word' id='word_1_188' title='bbox 413 2709 625 2753; x_wconf 90' lang='lat' dir='ltr'><strong>sentem</strong></span> <span class='ocrx_word' id='word_1_189' title='bbox 657 2701 951 2755; x_wconf 87' lang='lat' dir='ltr'><strong>utilitatem</strong></span> <span class='ocrx_word' id='word_1_190' title='bbox 974 2712 1180 2758; x_wconf 64' lang='lat' dir='ltr'><strong>mterna</strong></span> <span class='ocrx_word' id='word_1_191' title='bbox 1211 2705 1499 2761; x_wconf 87' lang='lat' dir='ltr'><strong>dedecoris</strong></span> <span class='ocrx_word' id='word_1_192' title='bbox 1535 2719 1890 2763; x_wconf 90' lang='lat' dir='ltr'><strong>monmuenta</strong></span> <span class='ocrx_word' id='word_1_193' title='bbox 1921 2709 1989 2764; x_wconf 89' lang='lat' dir='ltr'><strong>ad</strong></span> 
     </span>
    </p>
   </div>
   <div class='ocr_carea' id='block_1_30' title="bbox 413 2791 1988 2868">
    <p class='ocr_par' dir='ltr' id='par_1_30' title="bbox 413 2791 1988 2868">
     <span class='ocr_line' id='line_1_30' title="bbox 413 2791 1988 2868; baseline 0.006 -24"><span class='ocrx_word' id='word_1_194' title='bbox 413 2798 664 2858; x_wconf 85' lang='lat' dir='ltr'><strong>posteros</strong></span> <span class='ocrx_word' id='word_1_195' title='bbox 697 2791 975 2847; x_wconf 85' lang='lat' dir='ltr'><strong>Romanos</strong></span> <span class='ocrx_word' id='word_1_196' title='bbox 1007 2793 1353 2850; x_wconf 87' lang='lat' dir='ltr'><strong>relicturum.</strong></span> <span class='ocrx_word' id='word_1_197' title='bbox 1378 2797 1509 2862; x_wconf 71' lang='lat' dir='ltr'><strong>Quae</strong></span> <span class='ocrx_word' id='word_1_198' title='bbox 1541 2809 1596 2851; x_wconf 93' lang='lat' dir='ltr'><strong>tu</strong></span> <span class='ocrx_word' id='word_1_199' title='bbox 1619 2814 1838 2868; x_wconf 89' lang='lat' dir='ltr'><strong>quoque</strong></span> <span class='ocrx_word' id='word_1_200' title='bbox 1864 2818 1988 2856; x_wconf 90' lang='lat' dir='ltr'><strong>cum</strong></span> 
     </span>
    </p>
   </div>
   <div class='ocr_carea' id='block_1_31' title="bbox 412 2877 1990 2959">
    <p class='ocr_par' dir='ltr' id='par_1_31' title="bbox 412 2877 1990 2959">
     <span class='ocr_line' id='line_1_31' title="bbox 412 2877 1990 2959; baseline 0.01 -28"><span class='ocrx_word' id='word_1_201' title='bbox 412 2877 642 2952; x_wconf 84' lang='lat' dir='ltr'><strong>conjuge</strong></span> <span class='ocrx_word' id='word_1_202' title='bbox 696 2883 1136 2953; x_wconf 88' lang='lat' dir='ltr'><strong>proceribusque</strong></span> <span class='ocrx_word' id='word_1_203' title='bbox 1169 2887 1696 2959; x_wconf 79' lang='lat' dir='ltr'><strong>eonsultandojnsta</strong></span> <span class='ocrx_word' id='word_1_204' title='bbox 1737 2899 1794 2945; x_wconf 92' lang='lat' dir='ltr'><strong>et</strong></span> <span class='ocrx_word' id='word_1_205' title='bbox 1852 2894 1990 2945; x_wconf 88' lang='lat' dir='ltr'><strong>utri-</strong></span> 
     </span>
    </p>
   </div>
   <div class='ocr_carea' id='block_1_32' title="bbox 415 2975 1988 3039">
    <p class='ocr_par' dir='ltr' id='par_1_32' title="bbox 415 2975 1988 3039">
     <span class='ocr_line' id='line_1_32' title="bbox 415 2975 1988 3039; baseline 0.009 -15"><span class='ocrx_word' id='word_1_206' title='bbox 415 2989 524 3039; x_wconf 70' lang='lat' dir='ltr'><strong>que</strong></span> <span class='ocrx_word' id='word_1_207' title='bbox 584 2984 830 3028; x_wconf 89' lang='lat' dir='ltr'><strong>nostrum</strong></span> <span class='ocrx_word' id='word_1_208' title='bbox 868 2975 1081 3028; x_wconf 90' lang='lat' dir='ltr'><strong>laudem</strong></span> <span class='ocrx_word' id='word_1_209' title='bbox 1118 2979 1563 3034; x_wconf 80' lang='lat' dir='ltr'><strong>non&#39;minimam</strong></span> <span class='ocrx_word' id='word_1_210' title='bbox 1630 2983 1988 3038; x_wconf 78' lang='lat' dir='ltr'><strong>conciliatura</strong></span> 
     </span>
    </p>
   </div>
   <div class='ocr_carea' id='block_1_33' title="bbox 409 3065 1986 3139">
    <p class='ocr_par' dir='ltr' id='par_1_33' title="bbox 409 3065 1986 3139">
     <span class='ocr_line' id='line_1_33' title="bbox 409 3065 1986 3139; baseline 0.008 -21"><span class='ocrx_word' id='word_1_211' title='bbox 409 3065 723 3133; x_wconf 88' lang='lat' dir='ltr'><strong>judicabas,</strong></span> <span class='ocrx_word' id='word_1_212' title='bbox 769 3068 1061 3138; x_wconf 72' lang='lat' dir='ltr'><strong>foedusque</strong></span> <span class='ocrx_word' id='word_1_213' title='bbox 1101 3071 1502 3139; x_wconf 89' lang='lat' dir='ltr'><strong>percussimus,</strong></span> <span class='ocrx_word' id='word_1_214' title='bbox 1533 3083 1589 3127; x_wconf 91' lang='lat' dir='ltr'><strong>et</strong></span> <span class='ocrx_word' id='word_1_215' title='bbox 1644 3087 1986 3131; x_wconf 84' lang='lat' dir='ltr'><strong>sacramenta</strong></span> 
     </span>
    </p>
   </div>
   <div class='ocr_carea' id='block_1_34' title="bbox 2081 603 3666 675">
    <p class='ocr_par' dir='ltr' id='par_1_34' title="bbox 2081 603 3666 675">
     <span class='ocr_line' id='line_1_34' title="bbox 2081 603 3666 675; baseline 0.001 -19"><span class='ocrx_word' id='word_1_216' title='bbox 2081 605 2162 667; x_wconf 78' lang='grc' dir='ltr'>εἰς</span> <span class='ocrx_word' id='word_1_217' title='bbox 2190 605 2358 666; x_wconf 77' lang='grc' dir='ltr'>ἀκοὰς</span> <span class='ocrx_word' id='word_1_218' title='bbox 2396 605 2646 673; x_wconf 76' lang='grc' dir='ltr'><strong>ἀφίξεται</strong></span> <span class='ocrx_word' id='word_1_219' title='bbox 2675 604 2770 656; x_wconf 75' lang='grc' dir='ltr'><strong>καὶ</strong></span> <span class='ocrx_word' id='word_1_220' title='bbox 2809 605 2948 672; x_wconf 80' lang='grc' dir='ltr'>μετὰ</span> <span class='ocrx_word' id='word_1_221' title='bbox 2978 605 3172 675; x_wconf 86' lang='grc' dir='ltr'>χρόνον</span> <span class='ocrx_word' id='word_1_222' title='bbox 3202 605 3265 656; x_wconf 80' lang='grc' dir='ltr'><strong>τὸ</strong></span> <span class='ocrx_word' id='word_1_223' title='bbox 3289 603 3563 674; x_wconf 79' lang='grc' dir='ltr'>διήγημα.</span> <span class='ocrx_word' id='word_1_224' title='bbox 3584 607 3666 657; x_wconf 84' lang='grc' dir='ltr'>Τί·</span> 
     </span>
    </p>
   </div>
   <div class='ocr_carea' id='block_1_35' title="bbox 2079 693 3670 767">
    <p class='ocr_par' dir='ltr' id='par_1_35' title="bbox 2079 693 3670 767">
     <span class='ocr_line' id='line_1_35' title="bbox 2079 693 3670 767; baseline 0.002 -20"><span class='ocrx_word' id='word_1_225' title='bbox 2079 693 2172 748; x_wconf 76' lang='grc' dir='ltr'><strong>οὖν</strong></span> <span class='ocrx_word' id='word_1_226' title='bbox 2196 696 2342 748; x_wconf 77' lang='grc' dir='ltr'>ἐστιν</span> <span class='ocrx_word' id='word_1_227' title='bbox 2378 698 2568 757; x_wconf 82' lang='grc' dir='ltr'>εἰπεῖν,</span> <span class='ocrx_word' id='word_1_228' title='bbox 2597 697 2678 750; x_wconf 80' lang='grc' dir='ltr'>ὅτι</span> <span class='ocrx_word' id='word_1_229' title='bbox 2709 697 2823 749; x_wconf 82' lang='grc' dir='ltr'><strong>τῶν</strong></span> <span class='ocrx_word' id='word_1_230' title='bbox 2847 697 3115 750; x_wconf 78' lang='grc' dir='ltr'><strong>τοσούτων</strong></span> <span class='ocrx_word' id='word_1_231' title='bbox 3143 697 3365 764; x_wconf 81' lang='grc' dir='ltr'><strong>ἀγαθῶν</strong></span> <span class='ocrx_word' id='word_1_232' title='bbox 3383 698 3670 767; x_wconf 75' lang='grc' dir='ltr'><strong>ἀμνήμων</strong></span> 
     </span>
    </p>
   </div>
   <div class='ocr_carea' id='block_1_36' title="bbox 2081 786 3668 859">
    <p class='ocr_par' dir='ltr' id='par_1_36' title="bbox 2081 786 3668 859">
     <span class='ocr_line' id='line_1_36' title="bbox 2081 786 3668 859; baseline 0.004 -22"><span class='ocrx_word' id='word_1_233' title='bbox 2081 786 2191 855; x_wconf 76' lang='grc' dir='ltr'>ἐγὼ</span> <span class='ocrx_word' id='word_1_234' title='bbox 2221 790 2604 856; x_wconf 75' lang='grc' dir='ltr'><strong>γεγενημένος,</strong></span> <span class='ocrx_word' id='word_1_235' title='bbox 2643 789 2702 853; x_wconf 78' lang='grc' dir='ltr'>ἐξ</span> <span class='ocrx_word' id='word_1_236' title='bbox 2727 791 2986 858; x_wconf 78' lang='grc' dir='ltr'>οὐδεμιᾶς</span> <span class='ocrx_word' id='word_1_237' title='bbox 3008 791 3186 853; x_wconf 82' lang='grc' dir='ltr'>αίτίας</span> <span class='ocrx_word' id='word_1_238' title='bbox 3220 791 3446 859; x_wconf 80' lang='grc' dir='ltr'><strong>εἱλόμην</strong></span> <span class='ocrx_word' id='word_1_239' title='bbox 3495 792 3668 844; x_wconf 77' lang='grc' dir='ltr'>πολε-</span> 
     </span>
    </p>
   </div>
   <div class='ocr_carea' id='block_1_37' title="bbox 2085 881 3661 961">
    <p class='ocr_par' dir='ltr' id='par_1_37' title="bbox 2085 881 3661 961">
     <span class='ocr_line' id='line_1_37' title="bbox 2085 881 3661 961; baseline 0.021 -37"><span class='ocrx_word' id='word_1_240' title='bbox 2085 883 2230 946; x_wconf 80' lang='grc' dir='ltr'>μεῖν,</span> <span class='ocrx_word' id='word_1_241' title='bbox 2270 882 2364 931; x_wconf 78' lang='grc' dir='ltr'><strong>καὶ</strong></span> <span class='ocrx_word' id='word_1_242' title='bbox 2394 883 2581 941; x_wconf 78' lang='grc' dir='ltr'>κακοῖς</span> <span class='ocrx_word' id='word_1_243' title='bbox 2609 881 2936 948; x_wconf 79' lang='grc' dir='ltr'>ἀμείϐεσθαι</span> <span class='ocrx_word' id='word_1_244' title='bbox 2983 886 3108 948; x_wconf 69' lang='grc' dir='ltr'>τοὺς</span> <span class='ocrx_word' id='word_1_245' title='bbox 3167 889 3616 961; x_wconf 56' lang='grc' dir='ltr'>εὐηργεηκᾶτας</span> <span class='ocrx_word' id='word_1_246' title='bbox 3645 913 3661 956; x_wconf 73' lang='grc' dir='ltr'>ξ</span> 
     </span>
    </p>
   </div>
   <div class='ocr_carea' id='block_1_38' title="bbox 2083 970 3668 1049">
    <p class='ocr_par' dir='ltr' id='par_1_38' title="bbox 2083 970 3668 1049">
     <span class='ocr_line' id='line_1_38' title="bbox 2083 970 3668 1049; baseline 0.009 -28"><span class='ocrx_word' id='word_1_247' title='bbox 2083 970 2308 1022; x_wconf 74' lang='grc' dir='ltr'>Πάντων</span> <span class='ocrx_word' id='word_1_248' title='bbox 2341 971 2440 1039; x_wconf 78' lang='grc' dir='ltr'><strong>μέν</strong></span> <span class='ocrx_word' id='word_1_249' title='bbox 2470 972 2518 1022; x_wconf 77' lang='grc' dir='ltr'>τ’</span> <span class='ocrx_word' id='word_1_250' title='bbox 2548 971 2614 1022; x_wconf 83' lang='grc' dir='ltr'><strong>ἂν</strong></span> <span class='ocrx_word' id='word_1_251' title='bbox 2638 971 2721 1040; x_wconf 70' lang='grc' dir='ltr'><strong>εἴη</strong></span> <span class='ocrx_word' id='word_1_252' title='bbox 2745 973 3122 1039; x_wconf 81' lang='grc' dir='ltr'>ἀτοπώτατον,</span> <span class='ocrx_word' id='word_1_253' title='bbox 3154 976 3370 1049; x_wconf 80' lang='grc' dir='ltr'>γλώττῃ</span> <span class='ocrx_word' id='word_1_254' title='bbox 3413 983 3522 1047; x_wconf 76' lang='grc' dir='ltr'>μὲν</span> <span class='ocrx_word' id='word_1_255' title='bbox 3572 983 3668 1035; x_wconf 65' lang='grc' dir='ltr'><strong>οὗ-</strong></span> 
     </span>
    </p>
   </div>
   <div class='ocr_carea' id='block_1_39' title="bbox 2081 1062 3660 1142">
    <p class='ocr_par' dir='ltr' id='par_1_39' title="bbox 2081 1062 3660 1142">
     <span class='ocr_line' id='line_1_39' title="bbox 2081 1062 3660 1142; baseline 0.009 -30"><span class='ocrx_word' id='word_1_256' title='bbox 2081 1078 2189 1122; x_wconf 89' lang='grc' dir='ltr'><strong>τως</strong></span> <span class='ocrx_word' id='word_1_257' title='bbox 2228 1062 2425 1113; x_wconf 80' lang='grc' dir='ltr'>εἰδέναι</span> <span class='ocrx_word' id='word_1_258' title='bbox 2451 1063 2612 1129; x_wconf 71' lang='grc' dir='ltr'>χάριν</span> <span class='ocrx_word' id='word_1_259' title='bbox 2635 1064 2748 1123; x_wconf 82' lang='grc' dir='ltr'>τοῖς</span> <span class='ocrx_word' id='word_1_260' title='bbox 2769 1065 3192 1134; x_wconf 81' lang='grc' dir='ltr'>εύπεποιηκόσι,</span> <span class='ocrx_word' id='word_1_261' title='bbox 3253 1072 3349 1122; x_wconf 64' lang='grc' dir='ltr'>καὶ</span> <span class='ocrx_word' id='word_1_262' title='bbox 3401 1073 3475 1142; x_wconf 80' lang='grc' dir='ltr'>μὴ</span> <span class='ocrx_word' id='word_1_263' title='bbox 3526 1091 3660 1135; x_wconf 68' lang='grc' dir='ltr'>συγ-</span> 
     </span>
    </p>
   </div>
   <div class='ocr_carea' id='block_1_40' title="bbox 2082 1151 3660 1229">
    <p class='ocr_par' dir='ltr' id='par_1_40' title="bbox 2082 1151 3660 1229">
     <span class='ocr_line' id='line_1_40' title="bbox 2082 1151 3660 1229; baseline 0.008 -27"><span class='ocrx_word' id='word_1_264' title='bbox 2082 1151 2350 1220; x_wconf 74' lang='grc' dir='ltr'><strong>κρύπτειν</strong></span> <span class='ocrx_word' id='word_1_265' title='bbox 2375 1151 2650 1219; x_wconf 80' lang='grc' dir='ltr'>αἱρεῖσθαι</span> <span class='ocrx_word' id='word_1_266' title='bbox 2681 1153 2919 1218; x_wconf 75' lang='grc' dir='ltr'>τάγαθὰ,</span> <span class='ocrx_word' id='word_1_267' title='bbox 2963 1154 3144 1222; x_wconf 80' lang='grc' dir='ltr'>ἔργοις</span> <span class='ocrx_word' id='word_1_268' title='bbox 3194 1159 3251 1210; x_wconf 80' lang='grc' dir='ltr'>δὲ</span> <span class='ocrx_word' id='word_1_269' title='bbox 3312 1160 3660 1229; x_wconf 77' lang='grc' dir='ltr'>ἀχαριστεῖν,</span> 
     </span>
    </p>
   </div>
   <div class='ocr_carea' id='block_1_41' title="bbox 2085 1240 3668 1322">
    <p class='ocr_par' dir='ltr' id='par_1_41' title="bbox 2085 1240 3668 1322">
     <span class='ocr_line' id='line_1_41' title="bbox 2085 1240 3668 1322; baseline 0.009 -31"><span class='ocrx_word' id='word_1_270' title='bbox 2085 1241 2180 1292; x_wconf 72' lang='grc' dir='ltr'><strong>καὶ</strong></span> <span class='ocrx_word' id='word_1_271' title='bbox 2203 1240 2384 1310; x_wconf 83' lang='grc' dir='ltr'>ἑαυτῷ</span> <span class='ocrx_word' id='word_1_272' title='bbox 2432 1243 2722 1309; x_wconf 74' lang='grc' dir='ltr'>φαίνεσθαι</span> <span class='ocrx_word' id='word_1_273' title='bbox 2775 1245 3192 1308; x_wconf 77' lang='grc' dir='ltr'>ἐναντιώτατον,</span> <span class='ocrx_word' id='word_1_274' title='bbox 3251 1248 3311 1310; x_wconf 84' lang='grc' dir='ltr'><strong>ὃς</strong></span> <span class='ocrx_word' id='word_1_275' title='bbox 3364 1251 3482 1303; x_wconf 74' lang='grc' dir='ltr'>οὐδὲ</span> <span class='ocrx_word' id='word_1_276' title='bbox 3524 1254 3668 1322; x_wconf 73' lang='grc' dir='ltr'>πρὸς</span> 
     </span>
    </p>
   </div>
   <div class='ocr_carea' id='block_1_42' title="bbox 2085 1330 3667 1408">
    <p class='ocr_par' dir='ltr' id='par_1_42' title="bbox 2085 1330 3667 1408">
     <span class='ocr_line' id='line_1_42' title="bbox 2085 1330 3667 1408; baseline 0 -26"><span class='ocrx_word' id='word_1_277' title='bbox 2085 1332 2210 1392; x_wconf 69' lang='grc' dir='ltr'>τοὺς</span> <span class='ocrx_word' id='word_1_278' title='bbox 2238 1330 2408 1381; x_wconf 78' lang='grc' dir='ltr'>πολλὰ</span> <span class='ocrx_word' id='word_1_279' title='bbox 2449 1332 2982 1400; x_wconf 81' lang='grc' dir='ltr'>προσκεκρουκότας,</span> <span class='ocrx_word' id='word_1_280' title='bbox 3016 1336 3112 1387; x_wconf 77' lang='grc' dir='ltr'>καὶ</span> <span class='ocrx_word' id='word_1_281' title='bbox 3137 1337 3391 1403; x_wconf 76' lang='grc' dir='ltr'>μεγάλων</span> <span class='ocrx_word' id='word_1_282' title='bbox 3422 1354 3667 1408; x_wconf 60' lang='grc' dir='ltr'>γεγειη-</span> 
     </span>
    </p>
   </div>
   <div class='ocr_carea' id='block_1_43' title="bbox 2088 1423 3672 1498">
    <p class='ocr_par' dir='ltr' id='par_1_43' title="bbox 2088 1423 3672 1498">
     <span class='ocr_line' id='line_1_43' title="bbox 2088 1423 3672 1498; baseline 0.007 -25"><span class='ocrx_word' id='word_1_283' title='bbox 2088 1423 2284 1490; x_wconf 80' lang='grc' dir='ltr'>μένους</span> <span class='ocrx_word' id='word_1_284' title='bbox 2322 1423 2525 1480; x_wconf 83' lang='grc' dir='ltr'>αίτίους</span> <span class='ocrx_word' id='word_1_285' title='bbox 2559 1425 2876 1492; x_wconf 76' lang='grc' dir='ltr'>συμφορῶν,</span> <span class='ocrx_word' id='word_1_286' title='bbox 2922 1426 3180 1495; x_wconf 74' lang='grc' dir='ltr'>τοιαύτην</span> <span class='ocrx_word' id='word_1_287' title='bbox 3216 1428 3474 1480; x_wconf 81' lang='grc' dir='ltr'>οὐδέποτε</span> <span class='ocrx_word' id='word_1_288' title='bbox 3525 1431 3672 1498; x_wconf 82' lang='grc' dir='ltr'>γνώ-</span> 
     </span>
    </p>
   </div>
   <div class='ocr_carea' id='block_1_44' title="bbox 2089 1510 3668 1590">
    <p class='ocr_par' dir='ltr' id='par_1_44' title="bbox 2089 1510 3668 1590">
     <span class='ocr_line' id='line_1_44' title="bbox 2089 1510 3668 1590; baseline 0.006 -27"><span class='ocrx_word' id='word_1_289' title='bbox 2089 1527 2196 1582; x_wconf 91' lang='grc' dir='ltr'><strong>μην</strong></span> <span class='ocrx_word' id='word_1_290' title='bbox 2219 1510 2406 1581; x_wconf 72' lang='grc' dir='ltr'>ὤφθην</span> <span class='ocrx_word' id='word_1_291' title='bbox 2437 1513 2595 1580; x_wconf 76' lang='grc' dir='ltr'>ἔχων·</span> <span class='ocrx_word' id='word_1_292' title='bbox 2633 1514 2765 1566; x_wconf 78' lang='grc' dir='ltr'><strong>ἀλλά</strong></span> <span class='ocrx_word' id='word_1_293' title='bbox 2818 1517 2910 1568; x_wconf 75' lang='grc' dir='ltr'><strong>καὶ</strong></span> <span class='ocrx_word' id='word_1_294' title='bbox 2961 1517 3058 1584; x_wconf 78' lang='grc' dir='ltr'>τῆς</span> <span class='ocrx_word' id='word_1_295' title='bbox 3091 1517 3340 1587; x_wconf 74' lang='grc' dir='ltr'>τοιαύτης</span> <span class='ocrx_word' id='word_1_296' title='bbox 3374 1520 3668 1590; x_wconf 72' lang='grc' dir='ltr'>διαφορᾶς,</span> 
     </span>
    </p>
   </div>
   <div class='ocr_carea' id='block_1_45' title="bbox 2087 1602 3666 1677">
    <p class='ocr_par' dir='ltr' id='par_1_45' title="bbox 2087 1602 3666 1677">
     <span class='ocr_line' id='line_1_45' title="bbox 2087 1602 3666 1677; baseline 0.007 -24"><span class='ocrx_word' id='word_1_297' title='bbox 2087 1604 2181 1654; x_wconf 74' lang='grc' dir='ltr'><strong>καὶ</strong></span> <span class='ocrx_word' id='word_1_298' title='bbox 2217 1602 2310 1654; x_wconf 86' lang='grc' dir='ltr'><strong>τοῦ</strong></span> <span class='ocrx_word' id='word_1_299' title='bbox 2347 1603 2709 1672; x_wconf 75' lang='grc' dir='ltr'>κεκινημένου</span> <span class='ocrx_word' id='word_1_300' title='bbox 2740 1605 2875 1674; x_wconf 73' lang='grc' dir='ltr'>πρὸς</span> <span class='ocrx_word' id='word_1_301' title='bbox 2905 1606 3052 1674; x_wconf 76' lang='grc' dir='ltr'>ἡμᾶς</span> <span class='ocrx_word' id='word_1_302' title='bbox 3079 1609 3196 1659; x_wconf 79' lang='grc' dir='ltr'>νυνὶ</span> <span class='ocrx_word' id='word_1_303' title='bbox 3229 1608 3469 1677; x_wconf 79' lang='grc' dir='ltr'>πολέμου</span> <span class='ocrx_word' id='word_1_304' title='bbox 3503 1611 3666 1665; x_wconf 66' lang='grc' dir='ltr'>αὐτοὶ</span> 
     </span>
    </p>
   </div>
   <div class='ocr_carea' id='block_1_46' title="bbox 2088 1693 3670 1770">
    <p class='ocr_par' dir='ltr' id='par_1_46' title="bbox 2088 1693 3670 1770">
     <span class='ocr_line' id='line_1_46' title="bbox 2088 1693 3670 1770; baseline 0.007 -25"><span class='ocrx_word' id='word_1_305' title='bbox 2088 1693 2188 1756; x_wconf 76' lang='grc' dir='ltr'>τὰς</span> <span class='ocrx_word' id='word_1_306' title='bbox 2221 1695 2400 1756; x_wconf 76' lang='grc' dir='ltr'>αἰτίας</span> <span class='ocrx_word' id='word_1_307' title='bbox 2423 1696 2802 1764; x_wconf 78' lang='grc' dir='ltr'>ὲξαρχῆς,κα“ι</span> <span class='ocrx_word' id='word_1_308' title='bbox 2849 1697 2974 1765; x_wconf 86' lang='grc' dir='ltr'>ἀχρι</span> <span class='ocrx_word' id='word_1_309' title='bbox 3025 1698 3122 1751; x_wconf 90' lang='grc' dir='ltr'><strong>νῦν</strong></span> <span class='ocrx_word' id='word_1_310' title='bbox 3193 1702 3521 1770; x_wconf 74' lang='grc' dir='ltr'><strong>παρέχεσθε,</strong></span> <span class='ocrx_word' id='word_1_311' title='bbox 3566 1707 3670 1758; x_wconf 73' lang='grc' dir='ltr'><strong>καὶ</strong></span> 
     </span>
    </p>
   </div>
   <div class='ocr_carea' id='block_1_47' title="bbox 2089 1783 3671 1862">
    <p class='ocr_par' dir='ltr' id='par_1_47' title="bbox 2089 1783 3671 1862">
     <span class='ocr_line' id='line_1_47' title="bbox 2089 1783 3671 1862; baseline 0.004 -29"><span class='ocrx_word' id='word_1_312' title='bbox 2089 1783 2244 1834; x_wconf 88' lang='grc' dir='ltr'>τοῦτο</span> <span class='ocrx_word' id='word_1_313' title='bbox 2274 1783 2614 1852; x_wconf 81' lang='grc' dir='ltr'>πειράσομαι</span> <span class='ocrx_word' id='word_1_314' title='bbox 2645 1787 2818 1836; x_wconf 79' lang='grc' dir='ltr'>ποιεῖν</span> <span class='ocrx_word' id='word_1_315' title='bbox 2842 1787 2907 1838; x_wconf 79' lang='grc' dir='ltr'>ἐκ</span> <span class='ocrx_word' id='word_1_316' title='bbox 2949 1786 3058 1838; x_wconf 77' lang='grc' dir='ltr'><strong>τῶν</strong></span> <span class='ocrx_word' id='word_1_317' title='bbox 3101 1791 3444 1856; x_wconf 77' lang='grc' dir='ltr'><strong>πραγμάτων</strong></span> <span class='ocrx_word' id='word_1_318' title='bbox 3504 1794 3671 1862; x_wconf 67' lang='grc' dir='ltr'>εναρ-</span> 
     </span>
    </p>
   </div>
   <div class='ocr_carea' id='block_1_48' title="bbox 2090 1873 3672 1950">
    <p class='ocr_par' dir='ltr' id='par_1_48' title="bbox 2090 1873 3672 1950">
     <span class='ocr_line' id='line_1_48' title="bbox 2090 1873 3672 1950; baseline 0.008 -24"><span class='ocrx_word' id='word_1_319' title='bbox 2090 1876 2206 1942; x_wconf 81' lang='grc' dir='ltr'>γές.</span> <span class='ocrx_word' id='word_1_320' title='bbox 2273 1873 2360 1937; x_wconf 77' lang='grc' dir='ltr'>Ὡς</span> <span class='ocrx_word' id='word_1_321' title='bbox 2417 1875 2524 1942; x_wconf 86' lang='grc' dir='ltr'>γὰρ</span> <span class='ocrx_word' id='word_1_322' title='bbox 2581 1875 2910 1945; x_wconf 72' lang='grc' dir='ltr'>διατρίϐοντί</span> <span class='ocrx_word' id='word_1_323' title='bbox 2955 1896 3044 1946; x_wconf 86' lang='grc' dir='ltr'><strong>μοι</strong></span> <span class='ocrx_word' id='word_1_324' title='bbox 3100 1881 3230 1948; x_wconf 85' lang='grc' dir='ltr'>παρ’</span> <span class='ocrx_word' id='word_1_325' title='bbox 3283 1882 3412 1950; x_wconf 87' lang='grc' dir='ltr'>ύμῖν</span> <span class='ocrx_word' id='word_1_326' title='bbox 3485 1883 3672 1937; x_wconf 77' lang='grc' dir='ltr'>ἐδόκει</span> 
     </span>
    </p>
   </div>
   <div class='ocr_carea' id='block_1_49' title="bbox 2095 1964 3671 2040">
    <p class='ocr_par' dir='ltr' id='par_1_49' title="bbox 2095 1964 3671 2040">
     <span class='ocr_line' id='line_1_49' title="bbox 2095 1964 3671 2040; baseline 0.007 -24"><span class='ocrx_word' id='word_1_327' title='bbox 2095 1964 2323 2027; x_wconf 69' lang='grc' dir='ltr'>σπονδὰς</span> <span class='ocrx_word' id='word_1_328' title='bbox 2385 1968 2478 2018; x_wconf 77' lang='grc' dir='ltr'><strong>καὶ</strong></span> <span class='ocrx_word' id='word_1_329' title='bbox 2527 1966 2727 2034; x_wconf 83' lang='grc' dir='ltr'>ὅρκους</span> <span class='ocrx_word' id='word_1_330' title='bbox 2759 1967 2852 2020; x_wconf 68' lang='grc' dir='ltr'>ἐπὶ</span> <span class='ocrx_word' id='word_1_331' title='bbox 2904 1971 3193 2040; x_wconf 66' lang='grc' dir='ltr'>συμμαχίᾳ</span> <span class='ocrx_word' id='word_1_332' title='bbox 3245 1971 3532 2038; x_wconf 79' lang='grc' dir='ltr'>τίθεσθαι,⁶</span> <span class='ocrx_word' id='word_1_333' title='bbox 3568 1976 3671 2027; x_wconf 79' lang='grc' dir='ltr'><strong>καὶ</strong></span> 
     </span>
    </p>
   </div>
   <div class='ocr_carea' id='block_1_50' title="bbox 2091 2056 3675 2134">
    <p class='ocr_par' dir='ltr' id='par_1_50' title="bbox 2091 2056 3675 2134">
     <span class='ocr_line' id='line_1_50' title="bbox 2091 2056 3675 2134; baseline 0.007 -25"><span class='ocrx_word' id='word_1_334' title='bbox 2091 2056 2232 2110; x_wconf 74' lang='grc' dir='ltr'>οὕτω</span> <span class='ocrx_word' id='word_1_335' title='bbox 2259 2057 2595 2128; x_wconf 68' lang='grc' dir='ltr'>παρέχεσθαι</span> <span class='ocrx_word' id='word_1_336' title='bbox 2625 2060 2923 2127; x_wconf 83' lang='grc' dir='ltr'>πειρᾶσθαι</span> <span class='ocrx_word' id='word_1_337' title='bbox 2988 2059 3087 2130; x_wconf 66' lang='grc' dir='ltr'>τὴν</span> <span class='ocrx_word' id='word_1_338' title='bbox 3133 2061 3422 2130; x_wconf 76' lang='grc' dir='ltr'>ὠφέλειαν,</span> <span class='ocrx_word' id='word_1_339' title='bbox 3471 2065 3535 2118; x_wconf 77' lang='grc' dir='ltr'>σί)</span> <span class='ocrx_word' id='word_1_340' title='bbox 3565 2067 3675 2134; x_wconf 72' lang='grc' dir='ltr'>μὲν</span> 
     </span>
    </p>
   </div>
   <div class='ocr_carea' id='block_1_51' title="bbox 2096 2149 3673 2220">
    <p class='ocr_par' dir='ltr' id='par_1_51' title="bbox 2096 2149 3673 2220">
     <span class='ocr_line' id='line_1_51' title="bbox 2096 2149 3673 2220; baseline 0.006 -21"><span class='ocrx_word' id='word_1_341' title='bbox 2096 2149 2286 2216; x_wconf 79' lang='grc' dir='ltr'>μισθὸν</span> <span class='ocrx_word' id='word_1_342' title='bbox 2335 2150 2432 2217; x_wconf 84' lang='grc' dir='ltr'>τῆς</span> <span class='ocrx_word' id='word_1_343' title='bbox 2459 2151 2776 2217; x_wconf 74' lang='grc' dir='ltr'>συμμαχίας</span> <span class='ocrx_word' id='word_1_344' title='bbox 2839 2151 2990 2220; x_wconf 71' lang='grc' dir='ltr'>ᾔτεις</span> <span class='ocrx_word' id='word_1_345' title='bbox 3040 2151 3220 2214; x_wconf 86' lang='grc' dir='ltr'>πόλεις</span> <span class='ocrx_word' id='word_1_346' title='bbox 3297 2154 3496 2218; x_wconf 73' lang='grc' dir='ltr'>πολλὰς</span> <span class='ocrx_word' id='word_1_347' title='bbox 3570 2159 3673 2210; x_wconf 80' lang='grc' dir='ltr'>καὶ</span> 
     </span>
    </p>
   </div>
   <div class='ocr_carea' id='block_1_52' title="bbox 2091 2239 3670 2314">
    <p class='ocr_par' dir='ltr' id='par_1_52' title="bbox 2091 2239 3670 2314">
     <span class='ocr_line' id='line_1_52' title="bbox 2091 2239 3670 2314; baseline 0.006 -25"><span class='ocrx_word' id='word_1_348' title='bbox 2091 2240 2277 2307; x_wconf 82' lang='grc' dir='ltr'>χώραν</span> <span class='ocrx_word' id='word_1_349' title='bbox 2332 2243 2398 2308; x_wconf 85' lang='grc' dir='ltr'>τῇ</span> <span class='ocrx_word' id='word_1_350' title='bbox 2447 2239 2734 2307; x_wconf 80' lang='grc' dir='ltr'>Ῥωμαίων</span> <span class='ocrx_word' id='word_1_351' title='bbox 2773 2243 3160 2310; x_wconf 80' lang='grc' dir='ltr'>προσήκουσαν</span> <span class='ocrx_word' id='word_1_352' title='bbox 3198 2244 3471 2314; x_wconf 68' lang='grc' dir='ltr'>ἡγεμονία</span> <span class='ocrx_word' id='word_1_353' title='bbox 3495 2261 3511 2276; x_wconf 87' lang='grc'><strong>·</strong></span> <span class='ocrx_word' id='word_1_354' title='bbox 3548 2246 3670 2309; x_wconf 73' lang='grc' dir='ltr'>ἐγὼ</span> 
     </span>
    </p>
   </div>
   <div class='ocr_carea' id='block_1_53' title="bbox 2092 2330 3670 2406">
    <p class='ocr_par' dir='ltr' id='par_1_53' title="bbox 2092 2330 3670 2406">
     <span class='ocr_line' id='line_1_53' title="bbox 2092 2330 3670 2406; baseline 0.004 -25"><span class='ocrx_word' id='word_1_355' title='bbox 2092 2331 2148 2381; x_wconf 77' lang='grc' dir='ltr'>δὲ</span> <span class='ocrx_word' id='word_1_356' title='bbox 2175 2330 2283 2382; x_wconf 79' lang='grc' dir='ltr'>οὐδ’</span> <span class='ocrx_word' id='word_1_357' title='bbox 2306 2330 2423 2392; x_wconf 79' lang='grc' dir='ltr'>ἑνδς</span> <span class='ocrx_word' id='word_1_358' title='bbox 2455 2331 2564 2382; x_wconf 84' lang='grc' dir='ltr'><strong>τῶν</strong></span> <span class='ocrx_word' id='word_1_359' title='bbox 2590 2331 2942 2398; x_wconf 70' lang='grc' dir='ltr'>φαυλοτάτων</span> <span class='ocrx_word' id='word_1_360' title='bbox 2975 2333 3117 2388; x_wconf 75' lang='grc' dir='ltr'>τινὸς</span> <span class='ocrx_word' id='word_1_361' title='bbox 3169 2335 3433 2403; x_wconf 83' lang='grc' dir='ltr'>φρουρίου</span> <span class='ocrx_word' id='word_1_362' title='bbox 3492 2353 3670 2406; x_wconf 84' lang='grc' dir='ltr'>παρε-</span> 
     </span>
    </p>
   </div>
   <div class='ocr_carea' id='block_1_54' title="bbox 2092 2421 3666 2496">
    <p class='ocr_par' dir='ltr' id='par_1_54' title="bbox 2092 2421 3666 2496">
     <span class='ocr_line' id='line_1_54' title="bbox 2092 2421 3666 2496; baseline 0.003 -23"><span class='ocrx_word' id='word_1_363' title='bbox 2092 2421 2332 2492; x_wconf 86' lang='grc' dir='ltr'>χώρουν·</span> <span class='ocrx_word' id='word_1_364' title='bbox 2357 2421 2474 2475; x_wconf 83' lang='grc' dir='ltr'>ἀλλ’</span> <span class='ocrx_word' id='word_1_365' title='bbox 2502 2422 2687 2492; x_wconf 74' lang='grc' dir='ltr'>ἠξίουν</span> <span class='ocrx_word' id='word_1_366' title='bbox 2708 2425 2913 2492; x_wconf 82' lang='grc' dir='ltr'>προῖκα</span> <span class='ocrx_word' id='word_1_367' title='bbox 2965 2424 3204 2493; x_wconf 79' lang='grc' dir='ltr'>βοηθεῖν.</span> <span class='ocrx_word' id='word_1_368' title='bbox 3242 2427 3318 2477; x_wconf 78' lang='grc' dir='ltr'><strong>Οὐ</strong></span> <span class='ocrx_word' id='word_1_369' title='bbox 3375 2427 3484 2494; x_wconf 76' lang='grc' dir='ltr'><strong>γὰρ</strong></span> <span class='ocrx_word' id='word_1_370' title='bbox 3533 2429 3666 2496; x_wconf 80' lang='grc' dir='ltr'>ὑμῖν</span> 
     </span>
    </p>
   </div>
   <div class='ocr_carea' id='block_1_55' title="bbox 2093 2510 3670 2586">
    <p class='ocr_par' dir='ltr' id='par_1_55' title="bbox 2093 2510 3670 2586">
     <span class='ocr_line' id='line_1_55' title="bbox 2093 2510 3670 2586; baseline 0.004 -20"><span class='ocrx_word' id='word_1_371' title='bbox 2093 2510 2232 2566; x_wconf 81' lang='grc' dir='ltr'>εἶναι</span> <span class='ocrx_word' id='word_1_372' title='bbox 2283 2518 2444 2584; x_wconf 77' lang='grc' dir='ltr'>μόνον</span> <span class='ocrx_word' id='word_1_373' title='bbox 2470 2515 2695 2583; x_wconf 80' lang='grc' dir='ltr'>ἀγεννὲς</span> <span class='ocrx_word' id='word_1_374' title='bbox 2727 2517 2820 2566; x_wconf 76' lang='grc' dir='ltr'><strong>καὶ</strong></span> <span class='ocrx_word' id='word_1_375' title='bbox 2873 2516 3242 2586; x_wconf 79' lang='grc' dir='ltr'>ἀνελεύθερον,</span> <span class='ocrx_word' id='word_1_376' title='bbox 3293 2521 3387 2572; x_wconf 71' lang='grc' dir='ltr'><strong>καὶ</strong></span> <span class='ocrx_word' id='word_1_377' title='bbox 3445 2520 3670 2584; x_wconf 82' lang='grc' dir='ltr'>ἀδοξίαν</span> 
     </span>
    </p>
   </div>
   <div class='ocr_carea' id='block_1_56' title="bbox 2093 2607 3672 2679">
    <p class='ocr_par' dir='ltr' id='par_1_56' title="bbox 2093 2607 3672 2679">
     <span class='ocr_line' id='line_1_56' title="bbox 2093 2607 3672 2679; baseline 0.005 -22"><span class='ocrx_word' id='word_1_378' title='bbox 2093 2607 2552 2677; x_wconf 75' lang='grc' dir='ltr'>προστριϐόμενον</span> <span class='ocrx_word' id='word_1_379' title='bbox 2582 2607 2804 2676; x_wconf 77' lang='grc' dir='ltr'>πολλὴν,</span> <span class='ocrx_word' id='word_1_380' title='bbox 2837 2609 2912 2678; x_wconf 84' lang='grc' dir='ltr'>μὴ</span> <span class='ocrx_word' id='word_1_381' title='bbox 2940 2609 3028 2661; x_wconf 75' lang='grc' dir='ltr'>διὰ</span> <span class='ocrx_word' id='word_1_382' title='bbox 3062 2609 3373 2679; x_wconf 75' lang='grc' dir='ltr'>φιλοτιμίαν</span> <span class='ocrx_word' id='word_1_383' title='bbox 3420 2613 3518 2664; x_wconf 73' lang='grc' dir='ltr'><strong>καὶ</strong></span> <span class='ocrx_word' id='word_1_384' title='bbox 3571 2629 3672 2678; x_wconf 78' lang='grc' dir='ltr'><strong>φι-</strong></span> 
     </span>
    </p>
   </div>
   <div class='ocr_carea' id='block_1_57' title="bbox 2093 2698 3673 2772">
    <p class='ocr_par' dir='ltr' id='par_1_57' title="bbox 2093 2698 3673 2772">
     <span class='ocr_line' id='line_1_57' title="bbox 2093 2698 3673 2772; baseline 0.006 -22"><span class='ocrx_word' id='word_1_385' title='bbox 2093 2699 2238 2761; x_wconf 78' lang='grc' dir='ltr'>λίαν,</span> <span class='ocrx_word' id='word_1_386' title='bbox 2292 2699 2426 2752; x_wconf 75' lang='grc' dir='ltr'>ἀλλὰ</span> <span class='ocrx_word' id='word_1_387' title='bbox 2475 2699 2652 2768; x_wconf 83' lang='grc' dir='ltr'>μισθῷ</span> <span class='ocrx_word' id='word_1_388' title='bbox 2695 2698 2992 2762; x_wconf 83' lang='grc' dir='ltr'>δουλεύειν,</span> <span class='ocrx_word' id='word_1_389' title='bbox 3037 2701 3174 2752; x_wconf 81' lang='grc' dir='ltr'><strong>ἀλλά</strong></span> <span class='ocrx_word' id='word_1_390' title='bbox 3218 2704 3313 2754; x_wconf 82' lang='grc' dir='ltr'>καὶ</span> <span class='ocrx_word' id='word_1_391' title='bbox 3375 2704 3497 2772; x_wconf 67' lang='grc' dir='ltr'>ἐμοὶ</span> <span class='ocrx_word' id='word_1_392' title='bbox 3557 2705 3673 2759; x_wconf 75' lang='grc' dir='ltr'><strong>τῶν</strong></span> 
     </span>
    </p>
   </div>
   <div class='ocr_carea' id='block_1_58' title="bbox 2095 2789 3670 2861">
    <p class='ocr_par' dir='ltr' id='par_1_58' title="bbox 2095 2789 3670 2861">
     <span class='ocr_line' id='line_1_58' title="bbox 2095 2789 3670 2861; baseline 0.006 -21"><span class='ocrx_word' id='word_1_393' title='bbox 2095 2789 2314 2842; x_wconf 78' lang='grc' dir='ltr'>πάντων</span> <span class='ocrx_word' id='word_1_394' title='bbox 2347 2791 2774 2855; x_wconf 82' lang='grc' dir='ltr'>ἀδυνατώτατον,</span> <span class='ocrx_word' id='word_1_395' title='bbox 2843 2790 3068 2861; x_wconf 82' lang='grc' dir='ltr'>διά’τὴν</span> <span class='ocrx_word' id='word_1_396' title='bbox 3133 2793 3374 2860; x_wconf 69' lang='grc' dir='ltr'>ἐμαυτοῦ</span> <span class='ocrx_word' id='word_1_397' title='bbox 3423 2798 3519 2846; x_wconf 72' lang='grc' dir='ltr'>καὶ</span> <span class='ocrx_word' id='word_1_398' title='bbox 3554 2795 3670 2849; x_wconf 86' lang='grc' dir='ltr'>τῶν</span> 
     </span>
    </p>
   </div>
   <div class='ocr_carea' id='block_1_59' title="bbox 2097 2881 3670 2954">
    <p class='ocr_par' dir='ltr' id='par_1_59' title="bbox 2097 2881 3670 2954">
     <span class='ocr_line' id='line_1_59' title="bbox 2097 2881 3670 2954; baseline 0.004 -23"><span class='ocrx_word' id='word_1_399' title='bbox 2097 2881 2367 2933; x_wconf 86' lang='grc' dir='ltr'>συνόντων</span> <span class='ocrx_word' id='word_1_400' title='bbox 2418 2881 2687 2949; x_wconf 83' lang='grc' dir='ltr'>σωτηρίαν</span> <span class='ocrx_word' id='word_1_401' title='bbox 2741 2883 3171 2953; x_wconf 77' lang='grc' dir='ltr'>καταπροῖεσθαι</span> <span class='ocrx_word' id='word_1_402' title='bbox 3236 2884 3565 2954; x_wconf 79' lang='grc' dir='ltr'>Ῥωμαίους,</span> <span class='ocrx_word' id='word_1_403' title='bbox 3614 2888 3670 2938; x_wconf 82' lang='grc' dir='ltr'>εξ</span> 
     </span>
    </p>
   </div>
   <div class='ocr_carea' id='block_1_60' title="bbox 2094 2971 3668 3044">
    <p class='ocr_par' dir='ltr' id='par_1_60' title="bbox 2094 2971 3668 3044">
     <span class='ocr_line' id='line_1_60' title="bbox 2094 2971 3668 3044; baseline 0.006 -23"><span class='ocrx_word' id='word_1_404' title='bbox 2094 2972 2188 3022; x_wconf 70' lang='grc' dir='ltr'><strong>καὶ</strong></span> <span class='ocrx_word' id='word_1_405' title='bbox 2215 2971 2659 3038; x_wconf 76' lang='grc' dir='ltr'>ἀγνωμονοῦντες</span> <span class='ocrx_word' id='word_1_406' title='bbox 2690 2972 2912 3037; x_wconf 78' lang='grc' dir='ltr'>ἐκεῖνοι,</span> <span class='ocrx_word' id='word_1_407' title='bbox 2961 2974 3052 3024; x_wconf 83' lang='grc' dir='ltr'><strong>τὸν</strong></span> <span class='ocrx_word' id='word_1_408' title='bbox 3082 2974 3317 3042; x_wconf 87' lang='grc' dir='ltr'>πόλεμον</span> <span class='ocrx_word' id='word_1_409' title='bbox 3338 2976 3668 3044; x_wconf 77' lang='grc' dir='ltr'>κεκινήκασι</span> 
     </span>
    </p>
   </div>
   <div class='ocr_carea' id='block_1_61' title="bbox 2093 3061 3676 3137">
    <p class='ocr_par' dir='ltr' id='par_1_61' title="bbox 2093 3061 3676 3137">
     <span class='ocr_line' id='line_1_61' title="bbox 2093 3061 3676 3137; baseline 0.006 -25"><span class='ocrx_word' id='word_1_410' title='bbox 2093 3061 2184 3112; x_wconf 75' lang='grc' dir='ltr'><strong>τὸν</strong></span> <span class='ocrx_word' id='word_1_411' title='bbox 2215 3062 2352 3131; x_wconf 75' lang='grc' dir='ltr'>πρὸς</span> <span class='ocrx_word' id='word_1_412' title='bbox 2386 3063 2505 3130; x_wconf 80' lang='grc' dir='ltr'>ἐμέ·</span> <span class='ocrx_word' id='word_1_413' title='bbox 2530 3063 2591 3114; x_wconf 80' lang='grc' dir='ltr'><strong>οὐ</strong></span> <span class='ocrx_word' id='word_1_414' title='bbox 2623 3064 2729 3132; x_wconf 76' lang='grc' dir='ltr'><strong>γὰρ</strong></span> <span class='ocrx_word' id='word_1_415' title='bbox 2761 3063 3147 3129; x_wconf 78' lang='grc' dir='ltr'>καταδουλοῦν,</span> <span class='ocrx_word' id='word_1_416' title='bbox 3180 3065 3297 3118; x_wconf 76' lang='grc' dir='ltr'>ἀλλ’</span> <span class='ocrx_word' id='word_1_417' title='bbox 3344 3067 3676 3137; x_wconf 75' lang='grc' dir='ltr'>ἐλευθεροῦν</span> 
     </span>
    </p>
   </div>
   <div class='ocr_carea' id='block_1_62' title="bbox 410 3156 1990 3230">
    <p class='ocr_par' dir='ltr' id='par_1_62' title="bbox 410 3163 1987 3230">
     <span class='ocr_line' id='line_1_62' title="bbox 410 3163 1987 3230; baseline 0.009 -15"><span class='ocrx_word' id='word_1_418' title='bbox 410 3163 792 3230; x_wconf 87' lang='lat' dir='ltr'><strong>concepimus,</strong></span> <span class='ocrx_word' id='word_1_419' title='bbox 828 3173 885 3217; x_wconf 90' lang='lat' dir='ltr'><strong>ut</strong></span> <span class='ocrx_word' id='word_1_420' title='bbox 927 3166 1224 3221; x_wconf 87' lang='lat' dir='ltr'><strong>amicitiam</strong></span> <span class='ocrx_word' id='word_1_421' title='bbox 1276 3179 1331 3223; x_wconf 90' lang='lat' dir='ltr'><strong>et</strong></span> <span class='ocrx_word' id='word_1_422' title='bbox 1383 3171 1701 3226; x_wconf 88' lang='lat' dir='ltr'><strong>societatem</strong></span> <span class='ocrx_word' id='word_1_423' title='bbox 1741 3174 1794 3226; x_wconf 91' lang='lat' dir='ltr'><strong>in</strong></span> <span class='ocrx_word' id='word_1_424' title='bbox 1838 3175 1987 3229; x_wconf 89' lang='lat' dir='ltr'><strong>omni</strong></span> 
     </span>
    </p>
   </div>
   <div class='ocr_carea' id='block_1_63' title="bbox 2094 3156 3666 3230">
    <p class='ocr_par' dir='ltr' id='par_1_63' title="bbox 2094 3156 3666 3229">
     <span class='ocr_line' id='line_1_63' title="bbox 2094 3156 3666 3229; baseline 0.005 -22"><span class='ocrx_word' id='word_1_425' title='bbox 2094 3156 2200 3208; x_wconf 81' lang='grc' dir='ltr'><strong>ἀπὸ</strong></span> <span class='ocrx_word' id='word_1_426' title='bbox 2241 3157 2351 3208; x_wconf 85' lang='grc' dir='ltr'>τῶν</span> <span class='ocrx_word' id='word_1_427' title='bbox 2389 3157 2665 3226; x_wconf 87' lang='grc' dir='ltr'>πολεμίων</span> <span class='ocrx_word' id='word_1_428' title='bbox 2695 3157 2896 3227; x_wconf 78' lang='grc' dir='ltr'>μᾶλλον</span> <span class='ocrx_word' id='word_1_429' title='bbox 2953 3159 3189 3229; x_wconf 78' lang='grc' dir='ltr'>ὲξαρχῆς</span> <span class='ocrx_word' id='word_1_430' title='bbox 3222 3178 3281 3214; x_wconf 81' lang='grc' dir='ltr'><strong>τε</strong></span> <span class='ocrx_word' id='word_1_431' title='bbox 3331 3161 3516 3226; x_wconf 77' lang='grc' dir='ltr'>εὐθὺς,</span> <span class='ocrx_word' id='word_1_432' title='bbox 3566 3165 3666 3215; x_wconf 78' lang='grc' dir='ltr'>καὶ</span> 
     </span>
    </p>
   </div>
   <div class='ocr_carea' id='block_1_64' title="bbox 413 3253 1992 3334">
    <p class='ocr_par' dir='ltr' id='par_1_64' title="bbox 413 3253 1992 3334">
     <span class='ocr_line' id='line_1_64' title="bbox 413 3253 1992 3334; baseline 0.009 -31"><span class='ocrx_word' id='word_1_433' title='bbox 413 3253 524 3305; x_wconf 84' lang='lat' dir='ltr'><strong>vita</strong></span> <span class='ocrx_word' id='word_1_434' title='bbox 553 3253 864 3308; x_wconf 85' lang='lat' dir='ltr'><strong>coleremus</strong></span> <span class='ocrx_word' id='word_1_435' title='bbox 887 3295 902 3318; x_wconf 93' lang='lat'><strong>,</strong></span> <span class='ocrx_word' id='word_1_436' title='bbox 935 3255 1184 3325; x_wconf 87' lang='lat' dir='ltr'><strong>alterque</strong></span> <span class='ocrx_word' id='word_1_437' title='bbox 1219 3257 1476 3321; x_wconf 91' lang='lat' dir='ltr'><strong>alterum,</strong></span> <span class='ocrx_word' id='word_1_438' title='bbox 1513 3269 1568 3312; x_wconf 92' lang='lat' dir='ltr'><strong>ut</strong></span> <span class='ocrx_word' id='word_1_439' title='bbox 1600 3262 1831 3316; x_wconf 80' lang='lat' dir='ltr'><strong>maxime</strong></span> <span class='ocrx_word' id='word_1_440' title='bbox 1863 3279 1992 3334; x_wconf 83' lang='lat' dir='ltr'><strong>pos-</strong></span> 
     </span>
    </p>
   </div>
   <div class='ocr_carea' id='block_1_65' title="bbox 414 3342 1992 3424">
    <p class='ocr_par' dir='ltr' id='par_1_65' title="bbox 414 3342 1992 3424">
     <span class='ocr_line' id='line_1_65' title="bbox 414 3342 1992 3424; baseline 0.009 -29"><span class='ocrx_word' id='word_1_441' title='bbox 414 3354 522 3407; x_wconf 74' lang='lat' dir='ltr'><strong>set,</strong></span> <span class='ocrx_word' id='word_1_442' title='bbox 559 3342 613 3396; x_wconf 88' lang='lat' dir='ltr'><strong>in</strong></span> <span class='ocrx_word' id='word_1_443' title='bbox 660 3352 908 3414; x_wconf 85' lang='lat' dir='ltr'><strong>tempore</strong></span> <span class='ocrx_word' id='word_1_444' title='bbox 953 3347 1258 3416; x_wconf 88' lang='lat' dir='ltr'><strong>adjuvaret.</strong></span> <span class='ocrx_word' id='word_1_445' title='bbox 1297 3348 1510 3418; x_wconf 85' lang='lat' dir='ltr'><strong>Oppida</strong></span> <span class='ocrx_word' id='word_1_446' title='bbox 1540 3368 1672 3406; x_wconf 90' lang='lat' dir='ltr'><strong>vero</strong></span> <span class='ocrx_word' id='word_1_447' title='bbox 1726 3362 1782 3408; x_wconf 92' lang='lat' dir='ltr'><strong>et</strong></span> <span class='ocrx_word' id='word_1_448' title='bbox 1817 3356 1992 3424; x_wconf 84' lang='lat' dir='ltr'><strong>regio-</strong></span> 
     </span>
    </p>
   </div>
   <div class='ocr_carea' id='block_1_66' title="bbox 415 3434 1989 3512">
    <p class='ocr_par' dir='ltr' id='par_1_66' title="bbox 415 3434 1989 3512">
     <span class='ocr_line' id='line_1_66' title="bbox 415 3434 1989 3512; baseline 0.009 -26"><span class='ocrx_word' id='word_1_449' title='bbox 415 3449 539 3488; x_wconf 89' lang='lat' dir='ltr'><strong>nem</strong></span> <span class='ocrx_word' id='word_1_450' title='bbox 599 3434 924 3500; x_wconf 82' lang='lat' dir='ltr'><strong>Romanam,</strong></span> <span class='ocrx_word' id='word_1_451' title='bbox 977 3449 1241 3506; x_wconf 88' lang='lat' dir='ltr'><strong>quantam</strong></span> <span class='ocrx_word' id='word_1_452' title='bbox 1294 3440 1613 3495; x_wconf 87' lang='lat' dir='ltr'><strong>Andronico</strong></span> <span class='ocrx_word' id='word_1_453' title='bbox 1661 3444 1989 3512; x_wconf 90' lang='lat' dir='ltr'><strong>imperatore</strong></span> 
     </span>
    </p>
   </div>
   <div class='ocr_carea' id='block_1_67' title="bbox 415 3523 1990 3603">
    <p class='ocr_par' dir='ltr' id='par_1_67' title="bbox 415 3523 1990 3603">
     <span class='ocr_line' id='line_1_67' title="bbox 415 3523 1990 3603; baseline 0.01 -26"><span class='ocrx_word' id='word_1_454' title='bbox 415 3523 594 3578; x_wconf 88' lang='lat' dir='ltr'><strong>adhuc</strong></span> <span class='ocrx_word' id='word_1_455' title='bbox 616 3527 917 3594; x_wconf 79' lang='lat' dir='ltr'><strong>superstite</strong></span> <span class='ocrx_word' id='word_1_456' title='bbox 951 3538 1006 3581; x_wconf 92' lang='lat' dir='ltr'><strong>tu</strong></span> <span class='ocrx_word' id='word_1_457' title='bbox 1041 3530 1177 3596; x_wconf 92' lang='lat' dir='ltr'><strong>ipse,</strong></span> <span class='ocrx_word' id='word_1_458' title='bbox 1207 3539 1301 3584; x_wconf 87' lang='lat' dir='ltr'><strong>aut</strong></span> <span class='ocrx_word' id='word_1_459' title='bbox 1334 3533 1567 3601; x_wconf 84' lang='lat' dir='ltr'><strong>majores</strong></span> <span class='ocrx_word' id='word_1_460' title='bbox 1593 3534 1670 3586; x_wconf 92' lang='lat' dir='ltr'><strong>tui</strong></span> <span class='ocrx_word' id='word_1_461' title='bbox 1711 3535 1990 3603; x_wconf 86' lang='lat' dir='ltr'><strong>prioribus</strong></span> 
     </span>
    </p>
   </div>
   <div class='ocr_carea' id='block_1_68' title="bbox 414 3617 1990 3696">
    <p class='ocr_par' dir='ltr' id='par_1_68' title="bbox 414 3617 1990 3696">
     <span class='ocr_line' id='line_1_68' title="bbox 414 3617 1990 3696; baseline 0.011 -26"><span class='ocrx_word' id='word_1_462' title='bbox 414 3617 844 3688; x_wconf 90' lang='lat' dir='ltr'><strong>imperatoribus</strong></span> <span class='ocrx_word' id='word_1_463' title='bbox 881 3622 1285 3691; x_wconf 87' lang='lat' dir='ltr'><strong>abstulissent,</strong></span> <span class='ocrx_word' id='word_1_464' title='bbox 1329 3626 1491 3696; x_wconf 78' lang='lat'><strong>785</strong></span> <span class='ocrx_word' id='word_1_465' title='bbox 1544 3635 1749 3682; x_wconf 85' lang='lat' dir='ltr'><strong>tantam</strong></span> <span class='ocrx_word' id='word_1_466' title='bbox 1797 3645 1990 3688; x_wconf 84' lang='lat' dir='ltr'><strong>secure</strong></span> 
     </span>
    </p>
   </div>
   <div class='ocr_carea' id='block_1_69' title="bbox 415 3719 1992 3792">
    <p class='ocr_par' dir='ltr' id='par_1_69' title="bbox 415 3719 1992 3792">
     <span class='ocr_line' id='line_1_69' title="bbox 415 3719 1992 3792; baseline 0.008 -29"><span class='ocrx_word' id='word_1_467' title='bbox 415 3719 632 3766; x_wconf 88' lang='lat' dir='ltr'><strong>teneres</strong></span> <span class='ocrx_word' id='word_1_468' title='bbox 667 3728 682 3766; x_wconf 74' lang='grc' dir='ltr'>ζ</span> <span class='ocrx_word' id='word_1_469' title='bbox 716 3729 815 3767; x_wconf 89' lang='lat' dir='ltr'><strong>nec</strong></span> <span class='ocrx_word' id='word_1_470' title='bbox 845 3724 1145 3784; x_wconf 90' lang='lat' dir='ltr'><strong>propterea</strong></span> <span class='ocrx_word' id='word_1_471' title='bbox 1169 3732 1271 3786; x_wconf 84' lang='lat' dir='ltr'><strong>ego</strong></span> <span class='ocrx_word' id='word_1_472' title='bbox 1297 3733 1446 3771; x_wconf 89' lang='lat' dir='ltr'><strong>arma</strong></span> <span class='ocrx_word' id='word_1_473' title='bbox 1478 3734 1776 3785; x_wconf 90' lang='lat' dir='ltr'><strong>sumerem,</strong></span> <span class='ocrx_word' id='word_1_474' title='bbox 1801 3739 1992 3792; x_wconf 89' lang='lat' dir='ltr'><strong>quam-</strong></span> 
     </span>
    </p>
   </div>
   <div class='ocr_carea' id='block_1_70' title="bbox 414 3800 1991 3882">
    <p class='ocr_par' dir='ltr' id='par_1_70' title="bbox 414 3800 1991 3882">
     <span class='ocr_line' id='line_1_70' title="bbox 414 3800 1991 3882; baseline 0.01 -31"><span class='ocrx_word' id='word_1_475' title='bbox 414 3800 496 3853; x_wconf 85' lang='lat' dir='ltr'><strong>vis</strong></span> <span class='ocrx_word' id='word_1_476' title='bbox 530 3816 593 3855; x_wconf 89' lang='lat' dir='ltr'><strong>ea</strong></span> <span class='ocrx_word' id='word_1_477' title='bbox 631 3819 846 3872; x_wconf 88' lang='lat' dir='ltr'><strong>possem</strong></span> <span class='ocrx_word' id='word_1_478' title='bbox 885 3806 985 3859; x_wconf 92' lang='lat' dir='ltr'><strong>tibi</strong></span> <span class='ocrx_word' id='word_1_479' title='bbox 1027 3808 1269 3876; x_wconf 89' lang='lat' dir='ltr'><strong>eripere.</strong></span> <span class='ocrx_word' id='word_1_480' title='bbox 1315 3809 1558 3865; x_wconf 82' lang='lat' dir='ltr'><strong>Relictas</strong></span> <span class='ocrx_word' id='word_1_481' title='bbox 1619 3827 1794 3882; x_wconf 88' lang='lat' dir='ltr'><strong>usque</strong></span> <span class='ocrx_word' id='word_1_482' title='bbox 1839 3815 1904 3867; x_wconf 92' lang='lat' dir='ltr'><strong>ad</strong></span> <span class='ocrx_word' id='word_1_483' title='bbox 1938 3815 1991 3868; x_wconf 91' lang='lat' dir='ltr'><strong>id</strong></span> 
     </span>
    </p>
   </div>
   <div class='ocr_carea' id='block_1_71' title="bbox 414 3893 1992 3967">
    <p class='ocr_par' dir='ltr' id='par_1_71' title="bbox 414 3893 1992 3967">
     <span class='ocr_line' id='line_1_71' title="bbox 414 3893 1992 3967; baseline 0.009 -25"><span class='ocrx_word' id='word_1_484' title='bbox 414 3899 632 3959; x_wconf 85' lang='lat' dir='ltr'><strong>tempus</strong></span> <span class='ocrx_word' id='word_1_485' title='bbox 656 3893 841 3958; x_wconf 87' lang='lat' dir='ltr'><strong>urbes,</strong></span> <span class='ocrx_word' id='word_1_486' title='bbox 861 3895 1014 3948; x_wconf 85' lang='lat' dir='ltr'><strong>nullo</strong></span> <span class='ocrx_word' id='word_1_487' title='bbox 1041 3897 1224 3959; x_wconf 90' lang='lat' dir='ltr'><strong>modo,</strong></span> <span class='ocrx_word' id='word_1_488' title='bbox 1247 3913 1425 3967; x_wconf 89' lang='lat' dir='ltr'><strong>neque</strong></span> <span class='ocrx_word' id='word_1_489' title='bbox 1446 3907 1588 3962; x_wconf 89' lang='lat' dir='ltr'><strong>arte,</strong></span> <span class='ocrx_word' id='word_1_490' title='bbox 1622 3911 1716 3954; x_wconf 92' lang='lat' dir='ltr'><strong>aut</strong></span> <span class='ocrx_word' id='word_1_491' title='bbox 1737 3903 1992 3957; x_wconf 88' lang='lat' dir='ltr'><strong>machina</strong></span> 
     </span>
    </p>
   </div>
   <div class='ocr_carea' id='block_1_72' title="bbox 416 3981 1992 4063">
    <p class='ocr_par' dir='ltr' id='par_1_72' title="bbox 416 3981 1992 4063">
     <span class='ocr_line' id='line_1_72' title="bbox 416 3981 1992 4063; baseline 0.01 -31"><span class='ocrx_word' id='word_1_492' title='bbox 416 3981 524 4034; x_wconf 79' lang='lat' dir='ltr'><strong>ulla</strong></span> <span class='ocrx_word' id='word_1_493' title='bbox 559 3981 780 4037; x_wconf 90' lang='lat' dir='ltr'><strong>auferre</strong></span> <span class='ocrx_word' id='word_1_494' title='bbox 816 3984 1104 4039; x_wconf 88' lang='lat' dir='ltr'><strong>niterere:</strong></span> <span class='ocrx_word' id='word_1_495' title='bbox 1142 3987 1237 4040; x_wconf 89' lang='lat' dir='ltr'><strong>sed</strong></span> <span class='ocrx_word' id='word_1_496' title='bbox 1294 3989 1456 4063; x_wconf 65' lang='lat' dir='ltr'><strong>mihi,</strong></span> <span class='ocrx_word' id='word_1_497' title='bbox 1496 3990 1563 4043; x_wconf 87' lang='lat' dir='ltr'><strong>ad</strong></span> <span class='ocrx_word' id='word_1_498' title='bbox 1621 3995 1992 4062; x_wconf 84' lang='lat' dir='ltr'><strong>recuperatio-</strong></span> 
     </span>
    </p>
   </div>
   <div class='ocr_carea' id='block_1_73' title="bbox 414 4072 1993 4148">
    <p class='ocr_par' dir='ltr' id='par_1_73' title="bbox 414 4072 1993 4148">
     <span class='ocr_line' id='line_1_73' title="bbox 414 4072 1993 4148; baseline 0.009 -24"><span class='ocrx_word' id='word_1_499' title='bbox 414 4086 540 4125; x_wconf 89' lang='lat' dir='ltr'><strong>nem</strong></span> <span class='ocrx_word' id='word_1_500' title='bbox 601 4072 834 4126; x_wconf 82' lang='lat' dir='ltr'><strong>Romani</strong></span> <span class='ocrx_word' id='word_1_501' title='bbox 896 4075 1242 4144; x_wconf 86' lang='lat' dir='ltr'><strong>principatus</strong></span> <span class='ocrx_word' id='word_1_502' title='bbox 1269 4121 1284 4143; x_wconf 93' lang='lat'><strong>,</strong></span> <span class='ocrx_word' id='word_1_503' title='bbox 1313 4118 1316 4120; x_wconf 86' lang='grc'><strong>-</strong></span> <span class='ocrx_word' id='word_1_504' title='bbox 1345 4094 1446 4148; x_wconf 91' lang='lat' dir='ltr'><strong>pro</strong></span> <span class='ocrx_word' id='word_1_505' title='bbox 1503 4079 1758 4138; x_wconf 82' lang='lat' dir='ltr'><strong>facultate</strong></span> <span class='ocrx_word' id='word_1_506' title='bbox 1802 4094 1993 4138; x_wconf 87' lang='lat' dir='ltr'><strong>contra</strong></span> 
     </span>
    </p>
   </div>
   <div class='ocr_carea' id='block_1_74' title="bbox 415 4161 1994 4248">
    <p class='ocr_par' dir='ltr' id='par_1_74' title="bbox 415 4161 1994 4248">
     <span class='ocr_line' id='line_1_74' title="bbox 415 4161 1994 4248; baseline 0.009 -32"><span class='ocrx_word' id='word_1_507' title='bbox 415 4161 765 4219; x_wconf 86' lang='lat' dir='ltr'><strong>adversarios</strong></span> <span class='ocrx_word' id='word_1_508' title='bbox 823 4181 976 4222; x_wconf 90' lang='lat' dir='ltr'><strong>meos</strong></span> <span class='ocrx_word' id='word_1_509' title='bbox 1035 4167 1305 4224; x_wconf 89' lang='lat' dir='ltr'><strong>dimicans</strong></span> <span class='ocrx_word' id='word_1_510' title='bbox 1356 4186 1586 4227; x_wconf 90' lang='lat' dir='ltr'><strong>navares</strong></span> <span class='ocrx_word' id='word_1_511' title='bbox 1619 4188 1845 4248; x_wconf 66' lang='lat' dir='ltr'><strong>operajn</strong></span> <span class='ocrx_word' id='word_1_512' title='bbox 1882 4193 1896 4240; x_wconf 89' lang='lat'><strong>;</strong></span> <span class='ocrx_word' id='word_1_513' title='bbox 1938 4185 1994 4230; x_wconf 89' lang='lat' dir='ltr'><strong>et</strong></span> 
     </span>
    </p>
   </div>
   <div class='ocr_carea' id='block_1_75' title="bbox 416 4255 1994 4334">
    <p class='ocr_par' dir='ltr' id='par_1_75' title="bbox 416 4255 1994 4334">
     <span class='ocr_line' id='line_1_75' title="bbox 416 4255 1994 4334; baseline 0.01 -29"><span class='ocrx_word' id='word_1_514' title='bbox 416 4264 608 4324; x_wconf 87' lang='lat' dir='ltr'><strong>captas</strong></span> <span class='ocrx_word' id='word_1_515' title='bbox 643 4255 890 4324; x_wconf 88' lang='lat' dir='ltr'><strong>quidem,</strong></span> <span class='ocrx_word' id='word_1_516' title='bbox 925 4267 1018 4312; x_wconf 87' lang='lat' dir='ltr'><strong>aut</strong></span> <span class='ocrx_word' id='word_1_517' title='bbox 1047 4258 1262 4314; x_wconf 88' lang='lat' dir='ltr'><strong>deditas</strong></span> <span class='ocrx_word' id='word_1_518' title='bbox 1293 4276 1380 4315; x_wconf 90' lang='lat' dir='ltr'><strong>me</strong></span> <span class='ocrx_word' id='word_1_519' title='bbox 1409 4275 1676 4332; x_wconf 56' lang='lat' dir='ltr'><strong>praesente</strong></span> <span class='ocrx_word' id='word_1_520' title='bbox 1705 4279 1806 4334; x_wconf 78' lang='lat' dir='ltr'><strong>ego</strong></span> <span class='ocrx_word' id='word_1_521' title='bbox 1827 4265 1994 4320; x_wconf 80' lang='lat' dir='ltr'><strong>habe-</strong></span> 
     </span>
    </p>
   </div>
   <div class='ocr_carea' id='block_1_76' title="bbox 417 4346 1988 4424">
    <p class='ocr_par' dir='ltr' id='par_1_76' title="bbox 417 4346 1988 4424">
     <span class='ocr_line' id='line_1_76' title="bbox 417 4346 1988 4424; baseline 0.009 -26"><span class='ocrx_word' id='word_1_522' title='bbox 417 4361 534 4398; x_wconf 83' lang='lat' dir='ltr'><strong>rem</strong></span> <span class='ocrx_word' id='word_1_523' title='bbox 555 4346 672 4400; x_wconf 90' lang='lat' dir='ltr'><strong>sine</strong></span> <span class='ocrx_word' id='word_1_524' title='bbox 697 4350 1076 4404; x_wconf 86' lang='lat' dir='ltr'><strong>controversia</strong></span> <span class='ocrx_word' id='word_1_525' title='bbox 1099 4369 1112 4403; x_wconf 91' lang='lat'><strong>:</strong></span> <span class='ocrx_word' id='word_1_526' title='bbox 1140 4352 1224 4405; x_wconf 92' lang='lat' dir='ltr'><strong>sin</strong></span> <span class='ocrx_word' id='word_1_527' title='bbox 1255 4355 1602 4424; x_wconf 81' lang='lat' dir='ltr'><strong>contingeret</strong></span> <span class='ocrx_word' id='word_1_528' title='bbox 1635 4371 1718 4410; x_wconf 89' lang='lat' dir='ltr'><strong>me</strong></span> <span class='ocrx_word' id='word_1_529' title='bbox 1741 4357 1988 4424; x_wconf 88' lang='lat' dir='ltr'><strong>absente,</strong></span> 
     </span>
    </p>
   </div>
   <div class='ocr_carea' id='block_1_77' title="bbox 415 4436 1988 4520">
    <p class='ocr_par' dir='ltr' id='par_1_77' title="bbox 415 4436 1988 4520">
     <span class='ocr_line' id='line_1_77' title="bbox 415 4436 1988 4520; baseline 0.009 -29"><span class='ocrx_word' id='word_1_530' title='bbox 415 4448 513 4492; x_wconf 91' lang='lat' dir='ltr'><strong>aut</strong></span> <span class='ocrx_word' id='word_1_531' title='bbox 555 4439 732 4509; x_wconf 89' lang='lat' dir='ltr'><strong>ipsum</strong></span> <span class='ocrx_word' id='word_1_532' title='bbox 767 4451 817 4496; x_wconf 93' lang='lat' dir='ltr'><strong>te</strong></span> <span class='ocrx_word' id='word_1_533' title='bbox 843 4482 858 4505; x_wconf 94' lang='lat'><strong>,</strong></span> <span class='ocrx_word' id='word_1_534' title='bbox 892 4452 988 4496; x_wconf 91' lang='lat' dir='ltr'><strong>aut</strong></span> <span class='ocrx_word' id='word_1_535' title='bbox 1031 4445 1386 4514; x_wconf 84' lang='lat' dir='ltr'><strong>dynastarum</strong></span> <span class='ocrx_word' id='word_1_536' title='bbox 1421 4459 1640 4503; x_wconf 80' lang='lat' dir='ltr'><strong>tuorum</strong></span> <span class='ocrx_word' id='word_1_537' title='bbox 1678 4436 1988 4520; x_wconf 87' lang='lat' dir='ltr'><strong>quempiam</strong></span> 
     </span>
    </p>
   </div>
   <div class='ocr_carea' id='block_1_78' title="bbox 2098 3248 3674 3320">
    <p class='ocr_par' dir='ltr' id='par_1_78' title="bbox 2098 3248 3674 3320">
     <span class='ocr_line' id='line_1_78' title="bbox 2098 3248 3674 3320; baseline 0.003 -19"><span class='ocrx_word' id='word_1_538' title='bbox 2098 3249 2224 3316; x_wconf 79' lang='grc' dir='ltr'>ἄχρι</span> <span class='ocrx_word' id='word_1_539' title='bbox 2279 3248 2375 3301; x_wconf 82' lang='grc' dir='ltr'><strong>νῦν</strong></span> <span class='ocrx_word' id='word_1_540' title='bbox 2446 3249 2682 3316; x_wconf 83' lang='grc' dir='ltr'>μάλιστα</span> <span class='ocrx_word' id='word_1_541' title='bbox 2744 3249 2981 3319; x_wconf 81' lang='grc' dir='ltr'>σπουδὴν</span> <span class='ocrx_word' id='word_1_542' title='bbox 3045 3249 3325 3320; x_wconf 81' lang='grc' dir='ltr'>ποιοῦμαι,</span> <span class='ocrx_word' id='word_1_543' title='bbox 3385 3251 3557 3316; x_wconf 75' lang='grc' dir='ltr'>εὐθύς</span> <span class='ocrx_word' id='word_1_544' title='bbox 3609 3270 3674 3306; x_wconf 87' lang='grc' dir='ltr'><strong>τε</strong></span> 
     </span>
    </p>
   </div>
   <div class='ocr_carea' id='block_1_79' title="bbox 2096 3340 3673 3415">
    <p class='ocr_par' dir='ltr' id='par_1_79' title="bbox 2096 3340 3673 3415">
     <span class='ocr_line' id='line_1_79' title="bbox 2096 3340 3673 3415; baseline 0.003 -23"><span class='ocrx_word' id='word_1_545' title='bbox 2096 3340 2500 3409; x_wconf 82' lang='grc' dir='ltr'>ἀπεφαινόμην,</span> <span class='ocrx_word' id='word_1_546' title='bbox 2537 3340 2614 3402; x_wconf 86' lang='grc' dir='ltr'>ὡς</span> <span class='ocrx_word' id='word_1_547' title='bbox 2641 3341 2691 3392; x_wconf 83' lang='grc' dir='ltr'><strong>εί</strong></span> <span class='ocrx_word' id='word_1_548' title='bbox 2742 3341 2842 3409; x_wconf 78' lang='grc' dir='ltr'><strong>μὲν</strong></span> <span class='ocrx_word' id='word_1_549' title='bbox 2894 3341 3078 3411; x_wconf 85' lang='grc' dir='ltr'>δοκοίη</span> <span class='ocrx_word' id='word_1_550' title='bbox 3124 3342 3211 3395; x_wconf 78' lang='grc' dir='ltr'><strong>διά</strong></span> <span class='ocrx_word' id='word_1_551' title='bbox 3270 3343 3454 3410; x_wconf 78' lang='grc' dir='ltr'>φιλίαν</span> <span class='ocrx_word' id='word_1_552' title='bbox 3496 3344 3673 3415; x_wconf 87' lang='grc' dir='ltr'>μόνην</span> 
     </span>
    </p>
   </div>
   <div class='ocr_carea' id='block_1_80' title="bbox 2098 3430 3676 3502">
    <p class='ocr_par' dir='ltr' id='par_1_80' title="bbox 2098 3430 3676 3502">
     <span class='ocr_line' id='line_1_80' title="bbox 2098 3430 3676 3502; baseline 0.003 -18"><span class='ocrx_word' id='word_1_553' title='bbox 2098 3430 2190 3484; x_wconf 76' lang='grc' dir='ltr'>καὶ</span> <span class='ocrx_word' id='word_1_554' title='bbox 2232 3431 2547 3500; x_wconf 80' lang='grc' dir='ltr'>φιλοτιμίαν</span> <span class='ocrx_word' id='word_1_555' title='bbox 2572 3430 2808 3500; x_wconf 84' lang='grc' dir='ltr'>βοηθεῖν·</span> <span class='ocrx_word' id='word_1_556' title='bbox 2879 3434 2926 3485; x_wconf 83' lang='grc' dir='ltr'><strong>εί</strong></span> <span class='ocrx_word' id='word_1_557' title='bbox 2973 3432 3028 3485; x_wconf 84' lang='grc' dir='ltr'>δὲ</span> <span class='ocrx_word' id='word_1_558' title='bbox 3077 3434 3173 3502; x_wconf 79' lang='grc' dir='ltr'>μὴ,</span> <span class='ocrx_word' id='word_1_559' title='bbox 3226 3433 3344 3486; x_wconf 81' lang='grc' dir='ltr'>ἀλλ’</span> <span class='ocrx_word' id='word_1_560' title='bbox 3375 3434 3547 3488; x_wconf 79' lang='grc' dir='ltr'>αὐτόν</span> <span class='ocrx_word' id='word_1_561' title='bbox 3605 3454 3676 3502; x_wconf 84' lang='grc' dir='ltr'><strong>γε</strong></span> 
     </span>
    </p>
   </div>
   <div class='ocr_carea' id='block_1_81' title="bbox 2098 3521 3676 3596">
    <p class='ocr_par' dir='ltr' id='par_1_81' title="bbox 2098 3521 3676 3596">
     <span class='ocr_line' id='line_1_81' title="bbox 2098 3521 3676 3596; baseline 0.003 -22"><span class='ocrx_word' id='word_1_562' title='bbox 2098 3521 2545 3590; x_wconf 81' lang='grc' dir='ltr'>καταπράξεσθαι</span> <span class='ocrx_word' id='word_1_563' title='bbox 2597 3522 2952 3592; x_wconf 83' lang='grc' dir='ltr'>ἀνελεύθερον</span> <span class='ocrx_word' id='word_1_564' title='bbox 2992 3525 3167 3587; x_wconf 78' lang='grc' dir='ltr'>οὐδὲν,</span> <span class='ocrx_word' id='word_1_565' title='bbox 3225 3525 3345 3578; x_wconf 69' lang='grc' dir='ltr'>οὐδὲ</span> <span class='ocrx_word' id='word_1_566' title='bbox 3395 3525 3676 3596; x_wconf 81' lang='grc' dir='ltr'>προδότην</span> 
     </span>
    </p>
   </div>
   <div class='ocr_carea' id='block_1_82' title="bbox 2098 3609 3674 3688">
    <p class='ocr_par' dir='ltr' id='par_1_82' title="bbox 2098 3609 3674 3688">
     <span class='ocr_line' id='line_1_82' title="bbox 2098 3609 3674 3688; baseline 0.006 -28"><span class='ocrx_word' id='word_1_567' title='bbox 2098 3610 2385 3675; x_wconf 82' lang='grc' dir='ltr'>φανεῖσθαι</span> <span class='ocrx_word' id='word_1_568' title='bbox 2444 3609 2728 3678; x_wconf 85' lang='grc' dir='ltr'>Ῥωμαίων</span> <span class='ocrx_word' id='word_1_569' title='bbox 2782 3609 2890 3663; x_wconf 83' lang='grc' dir='ltr'><strong>τῶν</strong></span> <span class='ocrx_word' id='word_1_570' title='bbox 2927 3611 3239 3681; x_wconf 60' lang='grc' dir='ltr'>ὁμοφύλων</span> <span class='ocrx_word' id='word_1_571' title='bbox 3294 3612 3410 3668; x_wconf 76' lang='grc' dir='ltr'>ἀλλ’</span> <span class='ocrx_word' id='word_1_572' title='bbox 3435 3615 3674 3688; x_wconf 80' lang='grc' dir='ltr'>αίρήσε-</span> 
     </span>
    </p>
   </div>
   <div class='ocr_carea' id='block_1_83' title="bbox 2101 3699 3674 3768">
    <p class='ocr_par' dir='ltr' id='par_1_83' title="bbox 2101 3699 3674 3768">
     <span class='ocr_line' id='line_1_83' title="bbox 2101 3699 3674 3768; baseline 0.005 -16"><span class='ocrx_word' id='word_1_573' title='bbox 2101 3701 2225 3752; x_wconf 87' lang='grc' dir='ltr'>σθαι</span> <span class='ocrx_word' id='word_1_574' title='bbox 2257 3700 2457 3768; x_wconf 82' lang='grc' dir='ltr'>μᾶλλον</span> <span class='ocrx_word' id='word_1_575' title='bbox 2485 3699 2646 3763; x_wconf 82' lang='grc' dir='ltr'>αὐτὸς</span> <span class='ocrx_word' id='word_1_576' title='bbox 2680 3702 3037 3766; x_wconf 83' lang='grc' dir='ltr'>ἀπόλλυσθαι,</span> <span class='ocrx_word' id='word_1_577' title='bbox 3100 3705 3196 3758; x_wconf 71' lang='grc' dir='ltr'>καὶ</span> <span class='ocrx_word' id='word_1_578' title='bbox 3224 3705 3391 3758; x_wconf 86' lang='grc' dir='ltr'>τέκνα</span> <span class='ocrx_word' id='word_1_579' title='bbox 3440 3708 3534 3759; x_wconf 76' lang='grc' dir='ltr'>καὶ</span> <span class='ocrx_word' id='word_1_580' title='bbox 3592 3711 3674 3760; x_wconf 74' lang='lat' dir='ltr'><strong>oi-</strong></span> 
     </span>
    </p>
   </div>
   <div class='ocr_carea' id='block_1_84' title="bbox 2100 3789 3666 3862">
    <p class='ocr_par' dir='ltr' id='par_1_84' title="bbox 2100 3789 3666 3862">
     <span class='ocr_line' id='line_1_84' title="bbox 2100 3789 3666 3862; baseline 0.006 -22"><span class='ocrx_word' id='word_1_581' title='bbox 2100 3789 2299 3848; x_wconf 84' lang='grc' dir='ltr'>κείους.</span> <span class='ocrx_word' id='word_1_582' title='bbox 2333 3789 2366 3856; x_wconf 82' lang='grc' dir='ltr'>ἦ</span> <span class='ocrx_word' id='word_1_583' title='bbox 2392 3789 2482 3841; x_wconf 69' lang='grc' dir='ltr'>διὰ</span> <span class='ocrx_word' id='word_1_584' title='bbox 2529 3790 2626 3858; x_wconf 83' lang='grc' dir='ltr'>τὴν</span> <span class='ocrx_word' id='word_1_585' title='bbox 2657 3791 2717 3842; x_wconf 86' lang='grc' dir='ltr'>ὲν</span> <span class='ocrx_word' id='word_1_586' title='bbox 2774 3790 2854 3859; x_wconf 80' lang='grc' dir='ltr'>τῷ</span> <span class='ocrx_word' id='word_1_587' title='bbox 2884 3793 3113 3860; x_wconf 78' lang='grc' dir='ltr'>παρόντι</span> <span class='ocrx_word' id='word_1_588' title='bbox 3172 3795 3364 3862; x_wconf 86' lang='grc' dir='ltr'>χρείαν</span> <span class='ocrx_word' id='word_1_589' title='bbox 3449 3798 3666 3861; x_wconf 80' lang='grc' dir='ltr'>ἀδοξίας</span> 
     </span>
    </p>
   </div>
   <div class='ocr_carea' id='block_1_85' title="bbox 2097 3880 3670 3956">
    <p class='ocr_par' dir='ltr' id='par_1_85' title="bbox 2097 3880 3670 3956">
     <span class='ocr_line' id='line_1_85' title="bbox 2097 3880 3670 3956; baseline 0.006 -23"><span class='ocrx_word' id='word_1_590' title='bbox 2097 3880 2400 3949; x_wconf 80' lang='grc' dir='ltr'>ἀείμνηστα</span> <span class='ocrx_word' id='word_1_591' title='bbox 2435 3884 2674 3950; x_wconf 80' lang='grc' dir='ltr'>μνημεῖα</span> <span class='ocrx_word' id='word_1_592' title='bbox 2718 3885 2825 3946; x_wconf 83' lang='grc' dir='ltr'>τοῖς</span> <span class='ocrx_word' id='word_1_593' title='bbox 2853 3885 3133 3938; x_wconf 83' lang='grc' dir='ltr'>είσέπειτα</span> <span class='ocrx_word' id='word_1_594' title='bbox 3176 3885 3470 3956; x_wconf 83' lang='grc' dir='ltr'>Ῥωμαίοις</span> <span class='ocrx_word' id='word_1_595' title='bbox 3498 3907 3670 3943; x_wconf 85' lang='grc' dir='ltr'>κατα-</span> 
     </span>
    </p>
   </div>
   <div class='ocr_carea' id='block_1_86' title="bbox 2098 3971 3677 4049">
    <p class='ocr_par' dir='ltr' id='par_1_86' title="bbox 2098 3971 3677 4049">
     <span class='ocr_line' id='line_1_86' title="bbox 2098 3971 3677 4049; baseline 0.006 -26"><span class='ocrx_word' id='word_1_596' title='bbox 2098 3971 2334 4027; x_wconf 86' lang='grc' dir='ltr'>λείπειν.</span> <span class='ocrx_word' id='word_1_597' title='bbox 2371 3975 2439 4024; x_wconf 80' lang='grc' dir='ltr'><strong>Ἀ</strong></span> <span class='ocrx_word' id='word_1_598' title='bbox 2467 3972 2643 4025; x_wconf 78' lang='grc' dir='ltr'>ἐδόκει</span> <span class='ocrx_word' id='word_1_599' title='bbox 2677 3973 2770 4025; x_wconf 74' lang='grc' dir='ltr'><strong>καὶ</strong></span> <span class='ocrx_word' id='word_1_600' title='bbox 2805 3975 2887 4026; x_wconf 75' lang='grc' dir='ltr'>σοὶ</span> <span class='ocrx_word' id='word_1_601' title='bbox 2938 3977 3077 4045; x_wconf 82' lang='grc' dir='ltr'><strong>μετά</strong></span> <span class='ocrx_word' id='word_1_602' title='bbox 3120 3979 3382 4044; x_wconf 74' lang='grc' dir='ltr'>γυναικὸς</span> <span class='ocrx_word' id='word_1_603' title='bbox 3416 3979 3677 4049; x_wconf 80' lang='grc' dir='ltr'>βουλευο-</span> 
     </span>
    </p>
   </div>
   <div class='ocr_carea' id='block_1_87' title="bbox 2102 4065 3682 4141">
    <p class='ocr_par' dir='ltr' id='par_1_87' title="bbox 2102 4065 3682 4141">
     <span class='ocr_line' id='line_1_87' title="bbox 2102 4065 3682 4141; baseline 0.008 -26"><span class='ocrx_word' id='word_1_604' title='bbox 2102 4065 2248 4135; x_wconf 82' lang='grc' dir='ltr'>μένῳ</span> <span class='ocrx_word' id='word_1_605' title='bbox 2281 4066 2375 4118; x_wconf 75' lang='grc' dir='ltr'>καὶ</span> <span class='ocrx_word' id='word_1_606' title='bbox 2402 4065 2510 4118; x_wconf 85' lang='grc' dir='ltr'><strong>τῶν</strong></span> <span class='ocrx_word' id='word_1_607' title='bbox 2533 4067 2590 4118; x_wconf 84' lang='grc' dir='ltr'>ὲν</span> <span class='ocrx_word' id='word_1_608' title='bbox 2621 4066 2764 4118; x_wconf 87' lang='grc' dir='ltr'>τέλει</span> <span class='ocrx_word' id='word_1_609' title='bbox 2814 4066 3002 4122; x_wconf 86' lang='grc' dir='ltr'>δίκαιά</span> <span class='ocrx_word' id='word_1_610' title='bbox 3024 4085 3080 4121; x_wconf 89' lang='grc' dir='ltr'><strong>τε</strong></span> <span class='ocrx_word' id='word_1_611' title='bbox 3134 4065 3297 4137; x_wconf 83' lang='grc' dir='ltr'>εῖναι,</span> <span class='ocrx_word' id='word_1_612' title='bbox 3341 4074 3437 4125; x_wconf 82' lang='grc' dir='ltr'>καὶ</span> <span class='ocrx_word' id='word_1_613' title='bbox 3467 4074 3682 4141; x_wconf 70' lang='grc' dir='ltr'>πολλὴν</span> 
     </span>
    </p>
   </div>
   <div class='ocr_carea' id='block_1_88' title="bbox 2099 4157 3681 4234">
    <p class='ocr_par' dir='ltr' id='par_1_88' title="bbox 2099 4157 3681 4234">
     <span class='ocr_line' id='line_1_88' title="bbox 2099 4157 3681 4234; baseline 0.007 -25"><span class='ocrx_word' id='word_1_614' title='bbox 2099 4157 2316 4209; x_wconf 85' lang='grc' dir='ltr'>οίσοντα</span> <span class='ocrx_word' id='word_1_615' title='bbox 2381 4157 2694 4226; x_wconf 82' lang='grc' dir='ltr'>φιλοτιμίαν</span> <span class='ocrx_word' id='word_1_616' title='bbox 2728 4158 2925 4226; x_wconf 82' lang='grc' dir='ltr'>ὲμοίτε</span> <span class='ocrx_word' id='word_1_617' title='bbox 2977 4159 3182 4229; x_wconf 80' lang='grc' dir='ltr'>ὁμοίως</span> <span class='ocrx_word' id='word_1_618' title='bbox 3237 4163 3334 4215; x_wconf 77' lang='grc' dir='ltr'>καὶ</span> <span class='ocrx_word' id='word_1_619' title='bbox 3382 4163 3531 4234; x_wconf 83' lang='grc' dir='ltr'>ὑμῖν·</span> <span class='ocrx_word' id='word_1_620' title='bbox 3581 4169 3681 4221; x_wconf 71' lang='grc' dir='ltr'><strong>καὶ</strong></span> 
     </span>
    </p>
   </div>
   <div class='ocr_carea' id='block_1_89' title="bbox 2103 4245 3684 4322">
    <p class='ocr_par' dir='ltr' id='par_1_89' title="bbox 2103 4245 3684 4322">
     <span class='ocr_line' id='line_1_89' title="bbox 2103 4245 3684 4322; baseline 0.004 -22"><span class='ocrx_word' id='word_1_621' title='bbox 2103 4245 2443 4315; x_wconf 83' lang='grc' dir='ltr'>συνεθέμεθα</span> <span class='ocrx_word' id='word_1_622' title='bbox 2472 4246 2571 4309; x_wconf 81' lang='grc' dir='ltr'>τὰς</span> <span class='ocrx_word' id='word_1_623' title='bbox 2614 4247 2870 4312; x_wconf 71' lang='grc' dir='ltr'>σπονδὰς,</span> <span class='ocrx_word' id='word_1_624' title='bbox 2905 4249 3147 4312; x_wconf 74' lang='grc' dir='ltr'>καὶτοὺς</span> <span class='ocrx_word' id='word_1_625' title='bbox 3174 4253 3374 4322; x_wconf 84' lang='grc' dir='ltr'>ὅρκους</span> <span class='ocrx_word' id='word_1_626' title='bbox 3407 4255 3501 4305; x_wconf 75' lang='grc' dir='ltr'><strong>ἐπὶ</strong></span> <span class='ocrx_word' id='word_1_627' title='bbox 3553 4255 3684 4306; x_wconf 84' lang='grc' dir='ltr'>τού-</span> 
     </span>
    </p>
   </div>
   <div class='ocr_carea' id='block_1_90' title="bbox 2099 4334 3683 4414">
    <p class='ocr_par' dir='ltr' id='par_1_90' title="bbox 2099 4334 3683 4414">
     <span class='ocr_line' id='line_1_90' title="bbox 2099 4334 3683 4414; baseline 0.004 -22"><span class='ocrx_word' id='word_1_628' title='bbox 2099 4355 2232 4402; x_wconf 82' lang='grc' dir='ltr'>τοις,</span> <span class='ocrx_word' id='word_1_629' title='bbox 2295 4336 2433 4389; x_wconf 83' lang='grc' dir='ltr'>ὥστε</span> <span class='ocrx_word' id='word_1_630' title='bbox 2479 4338 2666 4405; x_wconf 79' lang='grc' dir='ltr'>φίλους</span> <span class='ocrx_word' id='word_1_631' title='bbox 2692 4338 2946 4408; x_wconf 86' lang='grc' dir='ltr'>ἀλλήλοις</span> <span class='ocrx_word' id='word_1_632' title='bbox 3001 4334 3142 4393; x_wconf 77' lang='grc' dir='ltr'>εῖναι</span> <span class='ocrx_word' id='word_1_633' title='bbox 3201 4343 3295 4395; x_wconf 76' lang='grc' dir='ltr'>καὶ</span> <span class='ocrx_word' id='word_1_634' title='bbox 3345 4347 3683 4414; x_wconf 78' lang='grc' dir='ltr'>συμμάχους</span> 
     </span>
    </p>
   </div>
   <div class='ocr_carea' id='block_1_91' title="bbox 2100 4427 3682 4501">
    <p class='ocr_par' dir='ltr' id='par_1_91' title="bbox 2100 4427 3682 4501">
     <span class='ocr_line' id='line_1_91' title="bbox 2100 4427 3682 4501; baseline 0.006 -23"><span class='ocrx_word' id='word_1_635' title='bbox 2100 4427 2188 4481; x_wconf 82' lang='grc' dir='ltr'><strong>διὰ</strong></span> <span class='ocrx_word' id='word_1_636' title='bbox 2221 4427 2358 4498; x_wconf 81' lang='grc' dir='ltr'>βίου,</span> <span class='ocrx_word' id='word_1_637' title='bbox 2390 4429 2482 4480; x_wconf 76' lang='grc' dir='ltr'><strong>καὶ</strong></span> <span class='ocrx_word' id='word_1_638' title='bbox 2514 4427 2729 4495; x_wconf 77' lang='grc' dir='ltr'>βοηθεῖν</span> <span class='ocrx_word' id='word_1_639' title='bbox 2755 4427 3016 4498; x_wconf 81' lang='grc' dir='ltr'>ἑκάτερον</span> <span class='ocrx_word' id='word_1_640' title='bbox 3038 4429 3321 4500; x_wconf 73' lang='grc' dir='ltr'>ἐτέρῳ,ὼς</span> <span class='ocrx_word' id='word_1_641' title='bbox 3346 4432 3412 4485; x_wconf 78' lang='grc' dir='ltr'>ἂν</span> <span class='ocrx_word' id='word_1_642' title='bbox 3437 4435 3682 4501; x_wconf 77' lang='grc' dir='ltr'>μάλιστα</span> 
     </span>
    </p>
   </div>
   <div class='ocr_carea' id='block_1_92' title="bbox 417 4519 1990 4611">
    <p class='ocr_par' dir='ltr' id='par_1_92' title="bbox 417 4532 1990 4611">
     <span class='ocr_line' id='line_1_92' title="bbox 417 4532 1990 4611; baseline 0.009 -27"><span class='ocrx_word' id='word_1_643' title='bbox 417 4532 611 4585; x_wconf 85' lang='lat' dir='ltr'><strong>urbem</strong></span> <span class='ocrx_word' id='word_1_644' title='bbox 647 4533 887 4602; x_wconf 88' lang='lat' dir='ltr'><strong>aliquam</strong></span> <span class='ocrx_word' id='word_1_645' title='bbox 937 4537 1312 4592; x_wconf 85' lang='lat' dir='ltr'><strong>Romanorum</strong></span> <span class='ocrx_word' id='word_1_646' title='bbox 1363 4551 1458 4594; x_wconf 90' lang='lat' dir='ltr'><strong>aut</strong></span> <span class='ocrx_word' id='word_1_647' title='bbox 1507 4542 1847 4611; x_wconf 86' lang='lat' dir='ltr'><strong>proditione,</strong></span> <span class='ocrx_word' id='word_1_648' title='bbox 1899 4552 1990 4598; x_wconf 87' lang='lat' dir='ltr'><strong>aut</strong></span> 
     </span>
    </p>
   </div>
   <div class='ocr_carea' id='block_1_93' title="bbox 2094 4519 3683 4611">
    <p class='ocr_par' dir='ltr' id='par_1_93' title="bbox 2101 4521 3683 4597">
     <span class='ocr_line' id='line_1_93' title="bbox 2101 4521 3683 4597; baseline 0.005 -23"><span class='ocrx_word' id='word_1_649' title='bbox 2101 4522 2216 4591; x_wconf 76' lang='grc' dir='ltr'>ἔχοι</span> <span class='ocrx_word' id='word_1_650' title='bbox 2286 4521 2561 4591; x_wconf 79' lang='grc' dir='ltr'>καλούσης</span> <span class='ocrx_word' id='word_1_651' title='bbox 2612 4522 2821 4592; x_wconf 63' lang='grc' dir='ltr'>χρείας</span> <span class='ocrx_word' id='word_1_652' title='bbox 2876 4523 3060 4586; x_wconf 79' lang='grc' dir='ltr'>πόλεις</span> <span class='ocrx_word' id='word_1_653' title='bbox 3114 4523 3171 4576; x_wconf 80' lang='grc' dir='ltr'>δὲ</span> <span class='ocrx_word' id='word_1_654' title='bbox 3200 4526 3294 4578; x_wconf 78' lang='grc' dir='ltr'><strong>καὶ</strong></span> <span class='ocrx_word' id='word_1_655' title='bbox 3337 4525 3523 4596; x_wconf 84' lang='grc' dir='ltr'>χώραν</span> <span class='ocrx_word' id='word_1_656' title='bbox 3575 4530 3683 4597; x_wconf 74' lang='grc' dir='ltr'>τὴν</span> 
     </span>
    </p>
   </div>
   <div class='ocr_carea' id='block_1_94' title="bbox 415 4621 1996 4697">
    <p class='ocr_par' dir='ltr' id='par_1_94' title="bbox 415 4621 1996 4697">
     <span class='ocr_line' id='line_1_94' title="bbox 415 4621 1996 4697; baseline 0.008 -23"><span class='ocrx_word' id='word_1_657' title='bbox 415 4621 733 4684; x_wconf 89' lang='lat' dir='ltr'><strong>obsidione,</strong></span> <span class='ocrx_word' id='word_1_658' title='bbox 758 4633 853 4677; x_wconf 89' lang='lat' dir='ltr'><strong>aut</strong></span> <span class='ocrx_word' id='word_1_659' title='bbox 883 4626 1161 4694; x_wconf 88' lang='lat' dir='ltr'><strong>corruptis</strong></span> <span class='ocrx_word' id='word_1_660' title='bbox 1193 4626 1483 4697; x_wconf 83' lang='lat' dir='ltr'><strong>largitione</strong></span> <span class='ocrx_word' id='word_1_661' title='bbox 1504 4630 1740 4696; x_wconf 84' lang='lat' dir='ltr'><strong>civibus,</strong></span> <span class='ocrx_word' id='word_1_662' title='bbox 1776 4633 1996 4686; x_wconf 90' lang='lat' dir='ltr'><strong>autalia</strong></span> 
     </span>
    </p>
   </div>
   <div class='ocr_carea' id='block_1_95' title="bbox 414 4711 1994 4785">
    <p class='ocr_par' dir='ltr' id='par_1_95' title="bbox 414 4711 1994 4785">
     <span class='ocr_line' id='line_1_95' title="bbox 414 4711 1994 4785; baseline 0.008 -22"><span class='ocrx_word' id='word_1_663' title='bbox 414 4711 651 4780; x_wconf 84' lang='lat' dir='ltr'><strong>quadam</strong></span> <span class='ocrx_word' id='word_1_664' title='bbox 693 4714 902 4768; x_wconf 89' lang='lat' dir='ltr'><strong>ratione</strong></span> <span class='ocrx_word' id='word_1_665' title='bbox 933 4727 1230 4783; x_wconf 88' lang='lat' dir='ltr'><strong>occupare,</strong></span> <span class='ocrx_word' id='word_1_666' title='bbox 1266 4717 1401 4770; x_wconf 91' lang='lat' dir='ltr'><strong>mihi</strong></span> <span class='ocrx_word' id='word_1_667' title='bbox 1425 4720 1830 4785; x_wconf 87' lang='lat' dir='ltr'><strong>restitueretur,</strong></span> <span class='ocrx_word' id='word_1_668' title='bbox 1867 4723 1994 4776; x_wconf 90' lang='lat' dir='ltr'><strong>nul-</strong></span> 
     </span>
    </p>
   </div>
   <div class='ocr_carea' id='block_1_96' title="bbox 415 4803 1999 4872">
    <p class='ocr_par' dir='ltr' id='par_1_96' title="bbox 415 4803 1999 4872">
     <span class='ocr_line' id='line_1_96' title="bbox 415 4803 1999 4872; baseline 0.004 -16"><span class='ocrx_word' id='word_1_669' title='bbox 415 4803 618 4872; x_wconf 87' lang='lat' dir='ltr'><strong>lusque</strong></span> <span class='ocrx_word' id='word_1_670' title='bbox 656 4806 916 4859; x_wconf 85' lang='lat' dir='ltr'><strong>ohtcntus</strong></span> <span class='ocrx_word' id='word_1_671' title='bbox 949 4805 1017 4858; x_wconf 90' lang='lat' dir='ltr'><strong>ad</strong></span> <span class='ocrx_word' id='word_1_672' title='bbox 1052 4805 1223 4859; x_wconf 89' lang='lat' dir='ltr'><strong>ullum</strong></span> <span class='ocrx_word' id='word_1_673' title='bbox 1264 4807 1551 4863; x_wconf 78' lang='lat' dir='ltr'><strong>auferendi</strong></span> <span class='ocrx_word' id='word_1_674' title='bbox 1598 4809 1820 4863; x_wconf 88' lang='lat' dir='ltr'><strong>modum</strong></span> <span class='ocrx_word' id='word_1_675' title='bbox 1849 4808 1999 4864; x_wconf 76' lang='lat' dir='ltr'><strong>suffi-</strong></span> 
     </span>
    </p>
   </div>
   <div class='ocr_carea' id='block_1_97' title="bbox 414 4895 2001 4973">
    <p class='ocr_par' dir='ltr' id='par_1_97' title="bbox 414 4895 2001 4973">
     <span class='ocr_line' id='line_1_97' title="bbox 414 4895 2001 4973; baseline 0.004 -24"><span class='ocrx_word' id='word_1_676' title='bbox 414 4905 591 4950; x_wconf 80' lang='lat' dir='ltr'><strong>ceret.</strong></span> <span class='ocrx_word' id='word_1_677' title='bbox 621 4895 802 4965; x_wconf 85' lang='lat' dir='ltr'><strong>Atque</strong></span> <span class='ocrx_word' id='word_1_678' title='bbox 855 4896 998 4951; x_wconf 92' lang='lat' dir='ltr'><strong>istuc</strong></span> <span class='ocrx_word' id='word_1_679' title='bbox 1030 4897 1265 4966; x_wconf 89' lang='lat' dir='ltr'><strong>probare</strong></span> <span class='ocrx_word' id='word_1_680' title='bbox 1292 4900 1576 4955; x_wconf 89' lang='lat' dir='ltr'><strong>evidenter</strong></span> <span class='ocrx_word' id='word_1_681' title='bbox 1607 4901 1821 4957; x_wconf 79' lang='lat' dir='ltr'><strong>Iicetex</strong></span> <span class='ocrx_word' id='word_1_682' title='bbox 1847 4902 2001 4973; x_wconf 90' lang='lat' dir='ltr'><strong>jura-</strong></span> 
     </span>
    </p>
   </div>
   <div class='ocr_carea' id='block_1_98' title="bbox 416 4988 2000 5060">
    <p class='ocr_par' dir='ltr' id='par_1_98' title="bbox 416 4988 2000 5060">
     <span class='ocr_line' id='line_1_98' title="bbox 416 4988 2000 5060; baseline 0.004 -20"><span class='ocrx_word' id='word_1_683' title='bbox 416 4988 619 5042; x_wconf 87' lang='lat' dir='ltr'><strong>mentis</strong></span> <span class='ocrx_word' id='word_1_684' title='bbox 653 4988 707 5041; x_wconf 92' lang='lat' dir='ltr'><strong>in</strong></span> <span class='ocrx_word' id='word_1_685' title='bbox 745 4989 957 5042; x_wconf 90' lang='lat' dir='ltr'><strong>tabulas</strong></span> <span class='ocrx_word' id='word_1_686' title='bbox 989 4989 1198 5051; x_wconf 87' lang='lat' dir='ltr'><strong>relatis,</strong></span> <span class='ocrx_word' id='word_1_687' title='bbox 1237 4993 1441 5060; x_wconf 88' lang='lat' dir='ltr'><strong>quibus</strong></span> <span class='ocrx_word' id='word_1_688' title='bbox 1477 5000 1606 5047; x_wconf 93' lang='lat' dir='ltr'><strong>tunc</strong></span> <span class='ocrx_word' id='word_1_689' title='bbox 1637 4992 1816 5047; x_wconf 78' lang='lat' dir='ltr'><strong>fmdus</strong></span> <span class='ocrx_word' id='word_1_690' title='bbox 1855 4993 2000 5047; x_wconf 88' lang='lat' dir='ltr'><strong>inter</strong></span> 
     </span>
    </p>
   </div>
   <div class='ocr_carea' id='block_1_99' title="bbox 420 5080 1998 5156">
    <p class='ocr_par' dir='ltr' id='par_1_99' title="bbox 420 5080 1998 5156">
     <span class='ocr_line' id='line_1_99' title="bbox 420 5080 1998 5156; baseline 0.006 -24"><span class='ocrx_word' id='word_1_691' title='bbox 420 5094 525 5133; x_wconf 91' lang='lat' dir='ltr'><strong>nos</strong></span> <span class='ocrx_word' id='word_1_692' title='bbox 550 5080 718 5134; x_wconf 87' lang='lat' dir='ltr'><strong>ictum</strong></span> <span class='ocrx_word' id='word_1_693' title='bbox 746 5083 999 5147; x_wconf 80' lang='lat' dir='ltr'><strong>sanxisti,</strong></span> <span class='ocrx_word' id='word_1_694' title='bbox 1042 5084 1410 5151; x_wconf 63' lang='lat' dir='ltr'><strong>praesentibus</strong></span> <span class='ocrx_word' id='word_1_695' title='bbox 1435 5085 1852 5156; x_wconf 90' lang='lat' dir='ltr'><strong>archiepiscopo</strong></span> <span class='ocrx_word' id='word_1_696' title='bbox 1881 5096 1998 5152; x_wconf 90' lang='lat' dir='ltr'><strong>tuo,</strong></span> 
     </span>
    </p>
   </div>
   <div class='ocr_carea' id='block_1_100' title="bbox 419 5166 1997 5242">
    <p class='ocr_par' dir='ltr' id='par_1_100' title="bbox 419 5166 1997 5242">
     <span class='ocr_line' id='line_1_100' title="bbox 419 5166 1997 5242; baseline 0.006 -25"><span class='ocrx_word' id='word_1_697' title='bbox 419 5176 474 5218; x_wconf 87' lang='lat' dir='ltr'><strong>et</strong></span> <span class='ocrx_word' id='word_1_698' title='bbox 523 5166 592 5218; x_wconf 93' lang='lat' dir='ltr'><strong>iis</strong></span> <span class='ocrx_word' id='word_1_699' title='bbox 635 5168 728 5235; x_wconf 90' lang='lat' dir='ltr'><strong>qui</strong></span> <span class='ocrx_word' id='word_1_700' title='bbox 782 5185 927 5222; x_wconf 90' lang='lat' dir='ltr'><strong>nunc</strong></span> <span class='ocrx_word' id='word_1_701' title='bbox 975 5185 1160 5225; x_wconf 89' lang='lat' dir='ltr'><strong>coram</strong></span> <span class='ocrx_word' id='word_1_702' title='bbox 1211 5171 1431 5236; x_wconf 85' lang='lat' dir='ltr'><strong>adsunt,</strong></span> <span class='ocrx_word' id='word_1_703' title='bbox 1473 5173 1819 5242; x_wconf 87' lang='lat' dir='ltr'><strong>principibus</strong></span> <span class='ocrx_word' id='word_1_704' title='bbox 1868 5174 1997 5229; x_wconf 88' lang='lat' dir='ltr'><strong>tuis.</strong></span> 
     </span>
    </p>
   </div>
   <div class='ocr_carea' id='block_1_101' title="bbox 415 5254 1994 5333">
    <p class='ocr_par' dir='ltr' id='par_1_101' title="bbox 415 5254 1994 5333">
     <span class='ocr_line' id='line_1_101' title="bbox 415 5254 1994 5333; baseline 0.006 -23"><span class='ocrx_word' id='word_1_705' title='bbox 415 5254 844 5312; x_wconf 84' lang='lat' dir='ltr'><strong>Consideremus</strong></span> <span class='ocrx_word' id='word_1_706' title='bbox 871 5260 1081 5329; x_wconf 88' lang='lat' dir='ltr'><strong>itaque,</strong></span> <span class='ocrx_word' id='word_1_707' title='bbox 1111 5271 1233 5317; x_wconf 93' lang='lat' dir='ltr'><strong>uter</strong></span> <span class='ocrx_word' id='word_1_708' title='bbox 1259 5265 1572 5333; x_wconf 86' lang='lat' dir='ltr'><strong>juramenta</strong></span> <span class='ocrx_word' id='word_1_709' title='bbox 1605 5265 1706 5319; x_wconf 89' lang='lat' dir='ltr'><strong>ista</strong></span> <span class='ocrx_word' id='word_1_710' title='bbox 1737 5267 1994 5330; x_wconf 86' lang='lat' dir='ltr'><strong>servarit,</strong></span> 
     </span>
    </p>
   </div>
   <div class='ocr_carea' id='block_1_102' title="bbox 416 5355 2000 5428">
    <p class='ocr_par' dir='ltr' id='par_1_102' title="bbox 416 5355 2000 5428">
     <span class='ocr_line' id='line_1_102' title="bbox 416 5355 2000 5428; baseline 0.008 -29"><span class='ocrx_word' id='word_1_711' title='bbox 416 5362 619 5416; x_wconf 82' lang='lat' dir='ltr'><strong>egone,</strong></span> <span class='ocrx_word' id='word_1_712' title='bbox 657 5365 820 5418; x_wconf 90' lang='lat' dir='ltr'><strong>quem</strong></span> <span class='ocrx_word' id='word_1_713' title='bbox 854 5361 910 5405; x_wconf 90' lang='lat' dir='ltr'><strong>tu</strong></span> <span class='ocrx_word' id='word_1_714' title='bbox 939 5362 1102 5408; x_wconf 73' lang='lat' dir='ltr'><strong>tanta:</strong></span> <span class='ocrx_word' id='word_1_715' title='bbox 1132 5355 1498 5424; x_wconf 84' lang='lat' dir='ltr'><strong>improbitatis</strong></span> <span class='ocrx_word' id='word_1_716' title='bbox 1552 5366 1606 5411; x_wconf 91' lang='lat' dir='ltr'><strong>et</strong></span> <span class='ocrx_word' id='word_1_717' title='bbox 1639 5367 1746 5411; x_wconf 89' lang='lat' dir='ltr'><strong>tam</strong></span> <span class='ocrx_word' id='word_1_718' title='bbox 1774 5359 2000 5428; x_wconf 73' lang='lat' dir='ltr'><strong>ingrata:</strong></span> 
     </span>
    </p>
   </div>
   <div class='ocr_carea' id='block_1_103' title="bbox 419 5438 2001 5515">
    <p class='ocr_par' dir='ltr' id='par_1_103' title="bbox 419 5438 2001 5515">
     <span class='ocr_line' id='line_1_103' title="bbox 419 5438 2001 5515; baseline 0.008 -25"><span class='ocrx_word' id='word_1_719' title='bbox 419 5438 724 5494; x_wconf 85' lang='lat' dir='ltr'><strong>voluntatis</strong></span> <span class='ocrx_word' id='word_1_720' title='bbox 751 5451 919 5511; x_wconf 85' lang='lat' dir='ltr'><strong>atque</strong></span> <span class='ocrx_word' id='word_1_721' title='bbox 951 5446 1178 5500; x_wconf 90' lang='lat' dir='ltr'><strong>sceleris</strong></span> <span class='ocrx_word' id='word_1_722' title='bbox 1219 5447 1272 5508; x_wconf 81' lang='lat' dir='ltr'><strong>in</strong></span> <span class='ocrx_word' id='word_1_723' title='bbox 1318 5448 1524 5503; x_wconf 85' lang='lat' dir='ltr'><strong>amicos</strong></span> <span class='ocrx_word' id='word_1_724' title='bbox 1546 5489 1560 5515; x_wconf 92' lang='lat'><strong>,</strong></span> <span class='ocrx_word' id='word_1_725' title='bbox 1590 5460 1645 5503; x_wconf 93' lang='lat' dir='ltr'><strong>et</strong></span> <span class='ocrx_word' id='word_1_726' title='bbox 1674 5449 2001 5504; x_wconf 87' lang='lat' dir='ltr'><strong>insatiabilis</strong></span> 
     </span>
    </p>
   </div>
   <div class='ocr_carea' id='block_1_104' title="bbox 416 5530 1996 5611">
    <p class='ocr_par' dir='ltr' id='par_1_104' title="bbox 416 5530 1996 5611">
     <span class='ocr_line' id='line_1_104' title="bbox 416 5530 1996 5611; baseline 0.007 -26"><span class='ocrx_word' id='word_1_727' title='bbox 416 5530 704 5599; x_wconf 87' lang='lat' dir='ltr'><strong>cujusdam</strong></span> <span class='ocrx_word' id='word_1_728' title='bbox 757 5535 1078 5604; x_wconf 86' lang='lat' dir='ltr'><strong>cupiditatis</strong></span> <span class='ocrx_word' id='word_1_729' title='bbox 1121 5554 1349 5594; x_wconf 90' lang='lat' dir='ltr'><strong>accusas</strong></span> <span class='ocrx_word' id='word_1_730' title='bbox 1388 5559 1400 5594; x_wconf 91' lang='lat'>:</span> <span class='ocrx_word' id='word_1_731' title='bbox 1436 5557 1504 5594; x_wconf 91' lang='lat' dir='ltr'><strong>an</strong></span> <span class='ocrx_word' id='word_1_732' title='bbox 1537 5550 1618 5603; x_wconf 90' lang='lat' dir='ltr'><strong>tu,</strong></span> <span class='ocrx_word' id='word_1_733' title='bbox 1657 5543 1750 5611; x_wconf 89' lang='lat' dir='ltr'><strong>qui</strong></span> <span class='ocrx_word' id='word_1_734' title='bbox 1782 5543 1996 5596; x_wconf 87' lang='lat' dir='ltr'><strong>scilicet</strong></span> 
     </span>
    </p>
   </div>
   <div class='ocr_carea' id='block_1_105' title="bbox 420 5622 1999 5698">
    <p class='ocr_par' dir='ltr' id='par_1_105' title="bbox 420 5622 1999 5698">
     <span class='ocr_line' id='line_1_105' title="bbox 420 5622 1999 5698; baseline 0.007 -22"><span class='ocrx_word' id='word_1_735' title='bbox 420 5622 665 5676; x_wconf 89' lang='lat' dir='ltr'><strong>alienum</strong></span> <span class='ocrx_word' id='word_1_736' title='bbox 690 5626 828 5678; x_wconf 91' lang='lat' dir='ltr'><strong>nihil</strong></span> <span class='ocrx_word' id='word_1_737' title='bbox 860 5630 1236 5698; x_wconf 87' lang='lat' dir='ltr'><strong>concupiscis,</strong></span> <span class='ocrx_word' id='word_1_738' title='bbox 1265 5632 1358 5686; x_wconf 89' lang='lat' dir='ltr'><strong>sed</strong></span> <span class='ocrx_word' id='word_1_739' title='bbox 1397 5633 1694 5687; x_wconf 88' lang='lat' dir='ltr'><strong>amicitiam</strong></span> <span class='ocrx_word' id='word_1_740' title='bbox 1739 5643 1999 5688; x_wconf 87' lang='lat' dir='ltr'><strong>constan-</strong></span> 
     </span>
    </p>
   </div>
   <div class='ocr_carea' id='block_1_106' title="bbox 422 5713 1998 5789">
    <p class='ocr_par' dir='ltr' id='par_1_106' title="bbox 422 5713 1998 5789">
     <span class='ocr_line' id='line_1_106' title="bbox 422 5713 1998 5789; baseline 0.006 -19"><span class='ocrx_word' id='word_1_741' title='bbox 422 5727 507 5770; x_wconf 92' lang='lat' dir='ltr'><strong>ter</strong></span> <span class='ocrx_word' id='word_1_742' title='bbox 534 5713 691 5779; x_wconf 87' lang='lat' dir='ltr'><strong>colis,</strong></span> <span class='ocrx_word' id='word_1_743' title='bbox 725 5726 778 5770; x_wconf 91' lang='lat' dir='ltr'><strong>et</strong></span> <span class='ocrx_word' id='word_1_744' title='bbox 816 5718 976 5786; x_wconf 88' lang='lat' dir='ltr'><strong>quasi</strong></span> <span class='ocrx_word' id='word_1_745' title='bbox 1012 5722 1289 5789; x_wconf 88' lang='lat' dir='ltr'><strong>quoddam</strong></span> <span class='ocrx_word' id='word_1_746' title='bbox 1319 5723 1445 5777; x_wconf 65' lang='lat' dir='ltr'><strong>vitae</strong></span> <span class='ocrx_word' id='word_1_747' title='bbox 1469 5724 1782 5778; x_wconf 85' lang='lat' dir='ltr'><strong>institutum</strong></span> <span class='ocrx_word' id='word_1_748' title='bbox 1805 5735 1961 5780; x_wconf 86' lang='lat' dir='ltr'><strong>tenes</strong></span> <span class='ocrx_word' id='word_1_749' title='bbox 1984 5765 1998 5788; x_wconf 90' lang='lat'><strong>,</strong></span> 
     </span>
    </p>
   </div>
   <div class='ocr_carea' id='block_1_107' title="bbox 417 5807 1998 5886">
    <p class='ocr_par' dir='ltr' id='par_1_107' title="bbox 417 5807 1998 5886">
     <span class='ocr_line' id='line_1_107' title="bbox 417 5807 1998 5886; baseline 0.007 -25"><span class='ocrx_word' id='word_1_750' title='bbox 417 5817 474 5861; x_wconf 90' lang='lat' dir='ltr'><strong>ut</strong></span> <span class='ocrx_word' id='word_1_751' title='bbox 512 5821 620 5862; x_wconf 91' lang='lat' dir='ltr'><strong>non</strong></span> <span class='ocrx_word' id='word_1_752' title='bbox 656 5807 813 5863; x_wconf 79' lang='lat' dir='ltr'><strong>facile</strong></span> <span class='ocrx_word' id='word_1_753' title='bbox 843 5823 977 5871; x_wconf 84' lang='lat' dir='ltr'><strong>cum</strong></span> <span class='ocrx_word' id='word_1_754' title='bbox 1014 5821 1259 5885; x_wconf 83' lang='lat' dir='ltr'><strong>tempore</strong></span> <span class='ocrx_word' id='word_1_755' title='bbox 1291 5815 1666 5884; x_wconf 88' lang='lat' dir='ltr'><strong>commuteris,</strong></span> <span class='ocrx_word' id='word_1_756' title='bbox 1697 5830 1875 5886; x_wconf 87' lang='lat' dir='ltr'><strong>neque</strong></span> <span class='ocrx_word' id='word_1_757' title='bbox 1907 5832 1998 5872; x_wconf 85' lang='lat' dir='ltr'><strong>se-</strong></span> 
     </span>
    </p>
   </div>
   <div class='ocr_carea' id='block_1_108' title="bbox 2099 4613 3685 4689">
    <p class='ocr_par' dir='ltr' id='par_1_108' title="bbox 2099 4613 3685 4689">
     <span class='ocr_line' id='line_1_108' title="bbox 2099 4613 3685 4689; baseline 0.003 -22"><span class='ocrx_word' id='word_1_758' title='bbox 2099 4615 2206 4667; x_wconf 80' lang='grc' dir='ltr'>ὕπδ</span> <span class='ocrx_word' id='word_1_759' title='bbox 2254 4613 2569 4684; x_wconf 84' lang='grc' dir='ltr'>Ῥωμαίοις,</span> <span class='ocrx_word' id='word_1_760' title='bbox 2604 4614 2736 4682; x_wconf 84' lang='grc' dir='ltr'>ὅσης</span> <span class='ocrx_word' id='word_1_761' title='bbox 2766 4613 2869 4682; x_wconf 85' lang='grc' dir='ltr'>μὲν</span> <span class='ocrx_word' id='word_1_762' title='bbox 2908 4616 3069 4678; x_wconf 74' lang='grc' dir='ltr'>αὐτὸς</span> <span class='ocrx_word' id='word_1_763' title='bbox 3099 4615 3366 4686; x_wconf 83' lang='grc' dir='ltr'>βασιλέως</span> <span class='ocrx_word' id='word_1_764' title='bbox 3403 4619 3482 4670; x_wconf 79' lang='grc' dir='ltr'>ἐτι</span> <span class='ocrx_word' id='word_1_765' title='bbox 3517 4636 3685 4689; x_wconf 86' lang='grc' dir='ltr'>περ.-</span> 
     </span>
    </p>
   </div>
   <div class='ocr_carea' id='block_1_109' title="bbox 2098 4705 3682 4776">
    <p class='ocr_par' dir='ltr' id='par_1_109' title="bbox 2098 4705 3682 4776">
     <span class='ocr_line' id='line_1_109' title="bbox 2098 4705 3682 4776; baseline 0.004 -19"><span class='ocrx_word' id='word_1_766' title='bbox 2098 4706 2251 4771; x_wconf 86' lang='grc' dir='ltr'>όντος</span> <span class='ocrx_word' id='word_1_767' title='bbox 2284 4706 2629 4776; x_wconf 68' lang='grc' dir='ltr'>Ἀνδρονίκου</span> <span class='ocrx_word' id='word_1_768' title='bbox 2675 4705 2708 4775; x_wconf 77' lang='grc' dir='ltr'>ἢ</span> <span class='ocrx_word' id='word_1_769' title='bbox 2739 4706 2788 4757; x_wconf 82' lang='lat' dir='ltr'><strong>oi</strong></span> <span class='ocrx_word' id='word_1_770' title='bbox 2841 4705 3101 4774; x_wconf 85' lang='grc' dir='ltr'>πρόγονοι</span> <span class='ocrx_word' id='word_1_771' title='bbox 3159 4707 3447 4775; x_wconf 73' lang='grc' dir='ltr'>ἀφείλοντο</span> <span class='ocrx_word' id='word_1_772' title='bbox 3481 4712 3545 4762; x_wconf 78' lang='grc' dir='ltr'>ἑκ</span> <span class='ocrx_word' id='word_1_773' title='bbox 3565 4711 3682 4763; x_wconf 85' lang='grc' dir='ltr'>τῶν</span> 
     </span>
    </p>
   </div>
   <div class='ocr_carea' id='block_1_110' title="bbox 2099 4797 3683 4871">
    <p class='ocr_par' dir='ltr' id='par_1_110' title="bbox 2099 4797 3683 4871">
     <span class='ocr_line' id='line_1_110' title="bbox 2099 4797 3683 4871; baseline 0.001 -18"><span class='ocrx_word' id='word_1_774' title='bbox 2099 4801 2384 4871; x_wconf 83' lang='grc' dir='ltr'>προτέρων</span> <span class='ocrx_word' id='word_1_775' title='bbox 2451 4797 2738 4868; x_wconf 83' lang='grc' dir='ltr'>βασιλέων,</span> <span class='ocrx_word' id='word_1_776' title='bbox 2779 4797 2988 4866; x_wconf 86' lang='grc' dir='ltr'>ταύτην</span> <span class='ocrx_word' id='word_1_777' title='bbox 3034 4799 3178 4866; x_wconf 78' lang='grc' dir='ltr'>ἔχειν</span> <span class='ocrx_word' id='word_1_778' title='bbox 3236 4799 3518 4868; x_wconf 80' lang='grc' dir='ltr'>ἀσφαλῶς,</span> <span class='ocrx_word' id='word_1_779' title='bbox 3579 4803 3683 4854; x_wconf 78' lang='grc' dir='ltr'><strong>καὶ</strong></span> 
     </span>
    </p>
   </div>
   <div class='ocr_carea' id='block_1_111' title="bbox 2103 4887 3680 4960">
    <p class='ocr_par' dir='ltr' id='par_1_111' title="bbox 2103 4887 3680 4960">
     <span class='ocr_line' id='line_1_111' title="bbox 2103 4887 3680 4960; baseline 0.001 -18"><span class='ocrx_word' id='word_1_780' title='bbox 2103 4889 2309 4960; x_wconf 88' lang='grc' dir='ltr'>μηδένα</span> <span class='ocrx_word' id='word_1_781' title='bbox 2335 4888 2572 4957; x_wconf 89' lang='grc' dir='ltr'>πόλεμον</span> <span class='ocrx_word' id='word_1_782' title='bbox 2598 4887 2697 4957; x_wconf 70' lang='grc' dir='ltr'><strong>ἐμὲ</strong></span> <span class='ocrx_word' id='word_1_783' title='bbox 2723 4889 2895 4940; x_wconf 78' lang='grc' dir='ltr'>κινεῖν</span> <span class='ocrx_word' id='word_1_784' title='bbox 2923 4890 3051 4957; x_wconf 76' lang='grc' dir='ltr'>περὶ</span> <span class='ocrx_word' id='word_1_785' title='bbox 3081 4888 3278 4957; x_wconf 81' lang='grc' dir='ltr'>αὐτῆς,</span> <span class='ocrx_word' id='word_1_786' title='bbox 3299 4888 3404 4942; x_wconf 66' lang='grc' dir='ltr'><strong>κάν</strong></span> <span class='ocrx_word' id='word_1_787' title='bbox 3423 4889 3680 4960; x_wconf 84' lang='grc' dir='ltr'>δύνωμαι</span> 
     </span>
    </p>
   </div>
   <div class='ocr_carea' id='block_1_112' title="bbox 2099 4977 3679 5051">
    <p class='ocr_par' dir='ltr' id='par_1_112' title="bbox 2099 4977 3679 5051">
     <span class='ocr_line' id='line_1_112' title="bbox 2099 4977 3679 5051; baseline 0 -18"><span class='ocrx_word' id='word_1_788' title='bbox 2099 4979 2472 5051; x_wconf 81' lang='grc' dir='ltr'>ἀφαιρεῖσθαι·</span> <span class='ocrx_word' id='word_1_789' title='bbox 2501 4979 2599 5040; x_wconf 84' lang='grc' dir='ltr'>τὰς</span> <span class='ocrx_word' id='word_1_790' title='bbox 2633 4977 2713 5030; x_wconf 74' lang='grc' dir='ltr'>ἔτι</span> <span class='ocrx_word' id='word_1_791' title='bbox 2755 4977 2812 5030; x_wconf 81' lang='grc' dir='ltr'>δὲ</span> <span class='ocrx_word' id='word_1_792' title='bbox 2864 4978 3303 5048; x_wconf 73' lang='grc' dir='ltr'>ὑπολειπομένας</span> <span class='ocrx_word' id='word_1_793' title='bbox 3355 4981 3484 5050; x_wconf 72' lang='grc' dir='ltr'>ἄχρι</span> <span class='ocrx_word' id='word_1_794' title='bbox 3529 4981 3679 5044; x_wconf 85' lang='grc' dir='ltr'>τότε,</span> 
     </span>
    </p>
   </div>
   <div class='ocr_carea' id='block_1_113' title="bbox 2103 5070 3682 5146">
    <p class='ocr_par' dir='ltr' id='par_1_113' title="bbox 2103 5070 3682 5146">
     <span class='ocr_line' id='line_1_113' title="bbox 2103 5070 3682 5146; baseline 0.001 -21"><span class='ocrx_word' id='word_1_795' title='bbox 2103 5073 2297 5144; x_wconf 71' lang='grc' dir='ltr'>μηδενὶ</span> <span class='ocrx_word' id='word_1_796' title='bbox 2323 5072 2510 5140; x_wconf 85' lang='grc' dir='ltr'>τρόπῳ</span> <span class='ocrx_word' id='word_1_797' title='bbox 2542 5070 2680 5141; x_wconf 83' lang='grc' dir='ltr'>μήτε</span> <span class='ocrx_word' id='word_1_798' title='bbox 2720 5071 2909 5140; x_wconf 84' lang='grc' dir='ltr'>τέχνῃ.</span> <span class='ocrx_word' id='word_1_799' title='bbox 2954 5071 3093 5140; x_wconf 83' lang='grc' dir='ltr'>μήτε</span> <span class='ocrx_word' id='word_1_800' title='bbox 3148 5075 3371 5142; x_wconf 85' lang='grc' dir='ltr'>μηχανῇ</span> <span class='ocrx_word' id='word_1_801' title='bbox 3433 5075 3682 5146; x_wconf 77' lang='grc' dir='ltr'>μηδεμιᾷ</span> 
     </span>
    </p>
   </div>
   <div class='ocr_carea' id='block_1_114' title="bbox 2100 5160 3687 5234">
    <p class='ocr_par' dir='ltr' id='par_1_114' title="bbox 2100 5160 3687 5234">
     <span class='ocr_line' id='line_1_114' title="bbox 2100 5160 3687 5234; baseline -0.001 -17"><span class='ocrx_word' id='word_1_802' title='bbox 2100 5163 2400 5234; x_wconf 70' lang='grc' dir='ltr'>πειρᾶσθαι</span> <span class='ocrx_word' id='word_1_803' title='bbox 2447 5162 2829 5232; x_wconf 81' lang='grc' dir='ltr'>ἀφαιρεῖσθαι,</span> <span class='ocrx_word' id='word_1_804' title='bbox 2888 5160 3004 5213; x_wconf 82' lang='grc' dir='ltr'>ἀλλ’</span> <span class='ocrx_word' id='word_1_805' title='bbox 3038 5162 3166 5231; x_wconf 75' lang='grc' dir='ltr'>ἐμοὶ</span> <span class='ocrx_word' id='word_1_806' title='bbox 3251 5163 3353 5230; x_wconf 79' lang='grc' dir='ltr'>τὴν</span> <span class='ocrx_word' id='word_1_807' title='bbox 3387 5161 3687 5231; x_wconf 80' lang='grc' dir='ltr'>Ῥωμαίων</span> 
     </span>
    </p>
   </div>
   <div class='ocr_carea' id='block_1_115' title="bbox 2101 5254 3684 5327">
    <p class='ocr_par' dir='ltr' id='par_1_115' title="bbox 2101 5254 3684 5327">
     <span class='ocr_line' id='line_1_115' title="bbox 2101 5254 3684 5327; baseline 0 -17"><span class='ocrx_word' id='word_1_808' title='bbox 2101 5256 2404 5327; x_wconf 80' lang='grc' dir='ltr'>ἡγεμονίαν</span> <span class='ocrx_word' id='word_1_809' title='bbox 2432 5254 2918 5324; x_wconf 82' lang='grc' dir='ltr'>συγκατακτᾶσθαι</span> <span class='ocrx_word' id='word_1_810' title='bbox 2963 5254 3092 5323; x_wconf 80' lang='grc' dir='ltr'>ἄχρι</span> <span class='ocrx_word' id='word_1_811' title='bbox 3139 5255 3234 5306; x_wconf 69' lang='grc' dir='ltr'><strong>καὶ</strong></span> <span class='ocrx_word' id='word_1_812' title='bbox 3291 5255 3388 5308; x_wconf 77' lang='grc' dir='ltr'><strong>τοῦ</strong></span> <span class='ocrx_word' id='word_1_813' title='bbox 3444 5256 3684 5310; x_wconf 80' lang='grc' dir='ltr'>δυνατοῦ</span> 
     </span>
    </p>
   </div>
   <div class='ocr_carea' id='block_1_116' title="bbox 2102 5347 3686 5420">
    <p class='ocr_par' dir='ltr' id='par_1_116' title="bbox 2102 5347 3686 5420">
     <span class='ocr_line' id='line_1_116' title="bbox 2102 5347 3686 5420; baseline 0.001 -19"><span class='ocrx_word' id='word_1_814' title='bbox 2102 5349 2444 5420; x_wconf 83' lang='grc' dir='ltr'>πολεμοῦντα</span> <span class='ocrx_word' id='word_1_815' title='bbox 2512 5350 2627 5411; x_wconf 80' lang='grc' dir='ltr'>τοῖς</span> <span class='ocrx_word' id='word_1_816' title='bbox 2691 5349 2818 5418; x_wconf 67' lang='grc' dir='ltr'>ἐμοὶ</span> <span class='ocrx_word' id='word_1_817' title='bbox 2872 5347 3261 5416; x_wconf 78' lang='grc' dir='ltr'>ἀνθεστηκόσι,</span> <span class='ocrx_word' id='word_1_818' title='bbox 3304 5349 3397 5400; x_wconf 78' lang='grc' dir='ltr'>καὶ</span> <span class='ocrx_word' id='word_1_819' title='bbox 3441 5349 3538 5412; x_wconf 69' lang='grc' dir='ltr'>τὰς</span> <span class='ocrx_word' id='word_1_820' title='bbox 3579 5351 3686 5420; x_wconf 79' lang='grc' dir='ltr'>μὲν</span> 
     </span>
    </p>
   </div>
   <div class='ocr_carea' id='block_1_117' title="bbox 2100 5436 3688 5510">
    <p class='ocr_par' dir='ltr' id='par_1_117' title="bbox 2100 5436 3688 5510">
     <span class='ocr_line' id='line_1_117' title="bbox 2100 5436 3688 5510; baseline -0.008 -14"><span class='ocrx_word' id='word_1_821' title='bbox 2100 5441 2487 5510; x_wconf 80' lang='grc' dir='ltr'>ἁλισκομένας,</span> <span class='ocrx_word' id='word_1_822' title='bbox 2520 5440 2553 5510; x_wconf 79' lang='grc' dir='ltr'>ἢ</span> <span class='ocrx_word' id='word_1_823' title='bbox 2586 5438 2980 5510; x_wconf 86' lang='grc' dir='ltr'>προχωρούσας</span> <span class='ocrx_word' id='word_1_824' title='bbox 3010 5436 3146 5508; x_wconf 78' lang='grc' dir='ltr'>ἐμοῦ</span> <span class='ocrx_word' id='word_1_825' title='bbox 3199 5440 3490 5509; x_wconf 82' lang='grc' dir='ltr'>παρόντος,</span> <span class='ocrx_word' id='word_1_826' title='bbox 3545 5441 3688 5495; x_wconf 58' lang='lat' dir='ltr'><strong>ead-</strong></span> 
     </span>
    </p>
   </div>
   <div class='ocr_carea' id='block_1_118' title="bbox 2101 5529 3679 5604">
    <p class='ocr_par' dir='ltr' id='par_1_118' title="bbox 2101 5529 3679 5604">
     <span class='ocr_line' id='line_1_118' title="bbox 2101 5529 3679 5604; baseline 0 -20"><span class='ocrx_word' id='word_1_827' title='bbox 2101 5550 2200 5594; x_wconf 86' lang='grc' dir='ltr'><strong>τας</strong></span> <span class='ocrx_word' id='word_1_828' title='bbox 2225 5531 2374 5600; x_wconf 75' lang='grc' dir='ltr'>ἔχειν</span> <span class='ocrx_word' id='word_1_829' title='bbox 2401 5531 2499 5600; x_wconf 80' lang='grc' dir='ltr'><strong>ἐμὲ</strong></span> <span class='ocrx_word' id='word_1_830' title='bbox 2532 5529 2946 5592; x_wconf 85' lang='grc' dir='ltr'>ἀνενδοιάστως.</span> <span class='ocrx_word' id='word_1_831' title='bbox 3000 5530 3063 5583; x_wconf 81' lang='lat' dir='ltr'><strong>El</strong></span> <span class='ocrx_word' id='word_1_832' title='bbox 3123 5530 3181 5584; x_wconf 87' lang='grc' dir='ltr'><strong>δέ</strong></span> <span class='ocrx_word' id='word_1_833' title='bbox 3241 5547 3369 5584; x_wconf 84' lang='grc' dir='ltr'>ποτε</span> <span class='ocrx_word' id='word_1_834' title='bbox 3423 5532 3679 5604; x_wconf 75' lang='grc' dir='ltr'>συμϐαίη</span> 
     </span>
    </p>
   </div>
   <div class='ocr_carea' id='block_1_119' title="bbox 2103 5621 3684 5692">
    <p class='ocr_par' dir='ltr' id='par_1_119' title="bbox 2103 5621 3684 5692">
     <span class='ocr_line' id='line_1_119' title="bbox 2103 5621 3684 5692; baseline 0.001 -16"><span class='ocrx_word' id='word_1_835' title='bbox 2103 5626 2198 5676; x_wconf 70' lang='grc' dir='ltr'>καὶ</span> <span class='ocrx_word' id='word_1_836' title='bbox 2263 5625 2513 5688; x_wconf 74' lang='grc' dir='ltr'>ἀπόντος,</span> <span class='ocrx_word' id='word_1_837' title='bbox 2570 5622 2604 5692; x_wconf 81' lang='grc' dir='ltr'>ἢ</span> <span class='ocrx_word' id='word_1_838' title='bbox 2661 5621 2845 5685; x_wconf 78' lang='grc' dir='ltr'>αὐτὸν,</span> <span class='ocrx_word' id='word_1_839' title='bbox 2880 5621 3050 5691; x_wconf 73' lang='grc' dir='ltr'>ἡτῶν</span> <span class='ocrx_word' id='word_1_840' title='bbox 3103 5621 3209 5675; x_wconf 77' lang='grc' dir='ltr'>ὑπὸ</span> <span class='ocrx_word' id='word_1_841' title='bbox 3264 5623 3324 5675; x_wconf 78' lang='grc' dir='ltr'>σὲ</span> <span class='ocrx_word' id='word_1_842' title='bbox 3376 5621 3684 5678; x_wconf 80' lang='grc' dir='ltr'>τελούντων</span> 
     </span>
    </p>
   </div>
   <div class='ocr_carea' id='block_1_120' title="bbox 2103 5714 3680 5784">
    <p class='ocr_par' dir='ltr' id='par_1_120' title="bbox 2103 5714 3680 5784">
     <span class='ocr_line' id='line_1_120' title="bbox 2103 5714 3680 5784; baseline -0.003 -14"><span class='ocrx_word' id='word_1_843' title='bbox 2103 5716 2353 5770; x_wconf 76' lang='grc' dir='ltr'>δυνατῶν</span> <span class='ocrx_word' id='word_1_844' title='bbox 2391 5732 2534 5780; x_wconf 88' lang='grc' dir='ltr'>τινα,</span> <span class='ocrx_word' id='word_1_845' title='bbox 2569 5715 2725 5768; x_wconf 85' lang='grc' dir='ltr'>πόλιν</span> <span class='ocrx_word' id='word_1_846' title='bbox 2759 5717 3055 5784; x_wconf 84' lang='grc' dir='ltr'>κατασχεῖν</span> <span class='ocrx_word' id='word_1_847' title='bbox 3079 5715 3324 5782; x_wconf 77' lang='grc' dir='ltr'>ὑπήκοον</span> <span class='ocrx_word' id='word_1_848' title='bbox 3357 5714 3680 5784; x_wconf 81' lang='grc' dir='ltr'>Ῥωμαίοις,</span> 
     </span>
    </p>
   </div>
   <div class='ocr_carea' id='block_1_121' title="bbox 2104 5806 3690 5882">
    <p class='ocr_par' dir='ltr' id='par_1_121' title="bbox 2104 5806 3690 5882">
     <span class='ocr_line' id='line_1_121' title="bbox 2104 5806 3690 5882; baseline -0.001 -19"><span class='ocrx_word' id='word_1_849' title='bbox 2104 5812 2136 5882; x_wconf 75' lang='grc' dir='ltr'>ἢ</span> <span class='ocrx_word' id='word_1_850' title='bbox 2196 5811 2478 5881; x_wconf 73' lang='grc' dir='ltr'>προδοσίᾳ,</span> <span class='ocrx_word' id='word_1_851' title='bbox 2532 5809 2565 5877; x_wconf 76' lang='grc' dir='ltr'><strong>ἥ</strong></span> <span class='ocrx_word' id='word_1_852' title='bbox 2630 5808 2938 5878; x_wconf 74' lang='grc' dir='ltr'>πολιορκίᾳ,</span> <span class='ocrx_word' id='word_1_853' title='bbox 3005 5808 3037 5877; x_wconf 81' lang='grc' dir='ltr'>ἦ</span> <span class='ocrx_word' id='word_1_854' title='bbox 3096 5808 3486 5879; x_wconf 77' lang='grc' dir='ltr'>διαφθείραντα</span> <span class='ocrx_word' id='word_1_855' title='bbox 3541 5806 3690 5872; x_wconf 64' lang='grc' dir='ltr'>τοὺς·</span> 
     </span>
    </p>
   </div>
  </div>
