3996 6218
280 241 374 308 161

1426 241 1974 305 IIISTORIARUM
2016 245 2246 305 LIBER
2298 246 2395 305 IV.

3454 252 3555 316 16?.

258 358 404 413 ἔνδον
422 356 729 425 χρήμασιν,
755 352 995 425 ἧ’τρόπῳ
1019 352 1084 423 δή
1112 370 1221 406 τινι
1254 352 1450 425 ἐτέρῳ,
1487 355 1672 418 πάσας
1727 356 1861 425 ἐμοὶ

1976 358 2081 412 mel
2107 358 2328 415 decreta
2360 374 2459 431 per
2492 357 2767 415 levitatem
2797 365 3086 413 retractes.
3116 358 3383 427 Equidem
3416 362 3553 415 mihi

256 450 595 511 dmétao'wzt,
620 449 715 504 καὶ
746 447 1020 519 μηδεμίαν
1040 448 1319 517 πρόφασιν
1346 449 1539 519 ἀρκεῖν
1560 448 1654 499 ἐπ)⁸
1683 449 1853 517 μηδε-

258 545 394 611 μιᾶς
435 540 828 611 ἀποστερήσει,
857 540 952 593 καὶ
967 539 1693 608 τούτωνὲξεστινιὰπόδειξιν
1710 556 1862 609 παρν-

252 636 408 704 έχειν
428 633 638 702 ἐναργῆ
678 635 743 685 ἐκ
782 631 897 685 τῶν
962 631 1456 702 ἐγγράφωνόρκων
1475 631 1723 694 τουτωνὶ,
1766 630 1862 697 οὒς

253 730 509 797 ἐποιήσω
531 726 655 778 τότε
690 724 825 795 πρὸς
853 724 951 793 ἐμὲ
982 726 1039 777 ἐν
1091 726 1214 787 ταῖς
1267 722 1566 794 συνθήκαις
1593 725 1863 794 παρόντος

253 815 704 887 ἁρχιεπισκόπου
726 812 820 866 τοῦ
848 814 967 877 σοῦ,
996 812 1210 866 καὶτῶν
1231 811 1350 865 νυνὶ
1369 814 1654 882 παρόντων
1671 808 1871 868 ἐνθᾶδεν

251 915 497 963 τουτωνὶ
524 907 633 961 τῶν
656 906 761 959 ὑπὸ
788 906 845 959 σέ
862 906 1164 974 ἐπιφανῶν.
1189 905 1525 976 Σκεψώμεθα
1542 905 1605 976 δὴ
1626 906 1721 960 οὖν
1738 909 1864 962 ὁπό-

251 1021 423 1074 τερος
439 1002 685 1071 ἐνέμεινε
705 1000 1019 1070 τοῖςρρκοις
1036 1000 1271 1062 τούτοις·
1301 995 1390 1070 ἆρ’
1412 1001 1438 1052 ό
1461 998 1666 1072 πολλὴν
1686 1001 1866 1067 ἀγνω-

254 1095 508 1165 μοσύνην
528 1093 623 1146 καὶ
641 1093 967 1163 ἀχαριστίαν
983 1090 1461 1161 κατηγορούμενος
1480 1090 1613 1158 ἐγὼ,
1641 1093 1737 1146 καὶ
1762 1110 1863 1146 κα-

252 1189 350 1251 κὸς
385 1187 519 1257 περὶ
542 1187 676 1248 τοὺς
695 1186 908 1255 φίλους,
932 1186 1025 1240 καὶ
1049 1186 1357 1257 ἀπληστίας
1369 1187 1528 1259 δίκην
1554 1187 1793 1255 φεύγων,
1829 1189 1861 1259 ἦ

256 1282 316 1334 σὺ
355 1278 532 1348 ὀιτῶν
554 1277 854 1346 ἀλλοτρίων
899 1277 1128 1347 μηδενὸς
1146 1278 1450 1347 ἐπιθυμῶν,
1488 1279 1625 1332 ἀλλὰ
1647 1280 1863 1350 βέϐαιος

255 1390 318 1425 πε
329 1374 395 1439 pi.
413 1375 542 1436 τοὺς
561 1372 772 1439 φίλους,
790 1372 882 1424 καὶ
900 1372 1089 1441 ὥσπερ
1112 1372 1390 1425 πολιτείαν
1408 1372 1495 1427 διὰ
1516 1373 1632 1442 βίου
1660 1372 1863 1442 μετιὼν

254 1464 310 1515 τὸ
337 1464 421 1533 μή
448 1460 1007 1532 συμμεταϐάλλεσθαι
1030 1461 1226 1533 ῥᾳδίως
1238 1465 1352 1527 τοῖς
1370 1467 1603 1534 καιροῖς,
1630 1466 1765 1532 μηδέ
1796 1467 1863 1517 τὰ

256 1550 504 1619 εἰσάπαξ
541 1553 897 1623 ἐψηφισμένα
926 1554 1144 1623 τρόπων
1168 1555 1389 1625 εὐκολίᾳ
1413 1556 1669 1609 διαλύων.
1712 1558 1865 1627 Ἐμοί⁵

261 1650 367 1717 μὲν
390 1648 563 1711 δοκεῖ,
596 1646 725 1716 μήτ’
752 1645 1012 1715 εὐορκίας
1043 1646 1142 1716 ἐμὲ
1191 1646 1285 1700 καὶ
1321 1646 1675 1717 βεϐαιότητος
1734 1649 1865 1720 περὶ

258 1711 391 1800 τοὺς
422 1711 637 1807 φίλους,
660 1711 771 1789 ⁷καί
819 1711 1238 1807 εύγνωμοσύνης
1270 1711 1434 1807 μηδὲν
1451 1711 1648 1809 δεῖγμα
1683 1711 1862 1812 παρα-
1895 1711 1940 1769 Β

259 1830 497 1895 λείπειν,
536 1830 679 1898 μήτε
752 1827 814 1882 σέ
861 1828 1169 1897 ἀπληστίας
1199 1873 1215 1895 ,
1256 1832 1371 1889 ςκαὶ
1421 1832 1724 1901 ἐπιορκίας,
1770 1834 1862 1886 καὶ

266 1923 400 1989 περὶ
456 1923 587 1983 τοὺς
628 1922 820 1989 φίλους
874 1920 1155 1985 ἀπιστίας·
1185 1922 1261 1986 ὡς
1318 1924 1427 1995 γὰρ
1482 1926 1751 1995 ἐγενόμην
1800 1930 1861 1979 ἐν

265 2012 524 2083 Βερῤοία,
554 2012 655 2067 καί
688 2029 833 2076 τινες
865 2013 1119 2083 πολίχναι
1151 2015 1537 2086 προσεχώρουν
1572 2017 1699 2087 περὶ
1759 2019 1860 2071 αὐ-

264 2098 361 2169 τὴν
387 2098 486 2151 καὶ
520 2098 811 2163 Θετταλία,
845 2101 955 2169 ἐγὼ
989 2103 1087 2171 μὲν
1117 2103 1181 2155 ἐκ
1213 2103 1322 2177 τῶν
1370 2104 1600 2159 ἐνόντων
1626 2108 1863 2176 ἐπειρὼ-

274 2208 372 2261 μην
403 2190 605 2256 αὔξειν
627 2191 725 2260 τὴν
756 2193 954 2263 ἀρχὴν,
991 2193 1086 2247 καὶ
1117 2193 1379 2264 στρατιὰν
1411 2196 1686 2267 ἠθροικὼς
1726 2201 1859 2268 ὅσην

288 2283 512 2350 μαλιστα
543 2283 697 2352 ἐξῆν,
730 2283 871 2352 ἔχων
904 2285 999 2337 καὶ
1034 2285 1351 2356 Γερμανοὺς
1382 2291 1509 2353 τοὺς
1555 2291 1706 2359 παρὰ
1739 2292 1856 2358 σοῦ,

290 2365 419 2441 ἧκον
453 2374 525 2435 είς
554 2374 964 2446 Θεσσαλονίκην
998 2376 1102 2429 ὑπὸ
1138 2378 1247 2431 τῶν
1287 2380 1456 2449 φίλων
1495 2382 1857 2452 κεκλημένος.

282 2460 351 2514 Σὺ
383 2462 441 2514 δέ
474 2465 658 2519 αὐτίκα
711 2465 1092 2530 ἐπεϐούλευες,
1160 2469 1433 2540 μηδεμίαν
1488 2473 1666 2525 αἰτίαν
1723 2474 1861 2543 μηδὲ

279 2547 553 2617 πρόφασιν
578 2552 715 2620 πρὸς
760 2553 852 2606 τὸν
882 2554 1119 2624 πόλεμον
1148 2560 1586 2630 παρασχομένῳ,
1628 2562 1722 2615 καὶ
1748 2564 1863 2625 τοῖς

272 2658 324 2695 τε
350 2642 805 2696 Θεσσαλονικεὼι
829 2644 1213 2710 συνεϐούλευες
1246 2649 1569 2714 ἐπεξιέναι,¹
1615 2653 1705 2704 καὶ
1732 2652 1864 2719 Γερ-

272 2733 482 2801 μανοὺς
496 2734 623 2795 τοὺς
640 2734 757 2797 σοὺς
775 2734 1043 2788 ἀνεκαλοῦ
1067 2737 1351 2806 ἀπ’,αύτῆς
1371 2740 1468 2807 τῆς
1500 2742 1864 2807 παρατάξεως

270 2825 457 2895 σχεδόν
478 2842 493 2856 ·
514 2825 553 2880 ἃ
594 2821 729 2878 εἶναι
756 2826 1184 2897 πολεμιωτάτου,
1205 2832 1252 2883 εἰ
1279 2830 1355 2901 μὴ
1385 2833 1536 2900 σύγε,
1560 2834 1724 2887 ἀλλ’οί
1760 2853 1865 2890 πα-

271 2919 455 2988 ρόντες
523 2918 760 2984 ἅπαντες
805 2921 1012 2991 ἐροῦσι.
1044 2923 1463 2996 Ἀναστρέφοντι
1503 2927 1573 2979 ’δὲ
1631 2929 1861 2997 ἐκεῖθεν,

269 3011 533 3079 στρατιὰν
557 3011 808 3080 ἔπεμψας
828 3014 1022 3067 ἐπἰτὸν
1048 3013 1249 3079 Ἀξειδν
1280 3014 1595 3071 κωλύουσαν
1620 3021 1756 3089 πρὸς
1775 3022 1866 3075 τὸν

272 3104 461 3170 πόρον,
481 3104 580 3157 καὶ
610 3107 894 3176 μονονουχὶ
914 3109 1026 3172 τοῖς
1048 3108 1331 3179 πολεμίοις
1348 3111 1663 3184 αὐτοχειρία
1690 3132 1862 3183 παρε-

264 3193 421 3257 δίόως
447 3211 461 3223 ’
490 3196 548 3258 ἐς
582 3198 850 3268 τοσαύτην
895 3199 1005 3268 γὰρ
1049 3202 1393 3271 κατέστησας
1421 3203 1691 3274 ἀνάγκην,
1718 3205 1860 3260 ὥστε

268 3288 316 3337 εί
341 3286 419 3357 μή
438 3286 575 3351 Θεὸς
607 3288 815 3343 ἄνωθεν
846 3291 1115 3362 ὑπερέσχε
1153 3296 1309 3364 χεῖρα
1336 3295 1471 3365 πρὸς
1503 3297 1598 3363 τὴν
1616 3297 1861 3352 διάϐασιν

268 3378 362 3431 τοῦ
417 3380 691 3451 ποταμοῦ,
744 3383 1061 3454 ἀπωλόμεθ’
1083 3387 1149 3440 ἂν
1216 3388 1422 3451 πάντες
1489 3389 1702 3453 ἀκλεῶς
1756 3391 1861 3444 ὑπὸ

272 3470 681 3541 περιχυθέντων
721 3473 859 3542 ὁμοῦ
908 3474 1197 3547 Ῥωμαίων
1230 3478 1324 3530 καλ¹
1352 3478 1671 3549 βαρϐάρων.
1701 3482 1861 3534 Οὕτω

272 3565 404 3625 τοὺς
428 3564 627 3634 ὅρκους
651 3565 983 3637 διετήρησας
1011 3568 1279 3639 ἀκριϐῶς,
1322 3570 1417 3623 καὶ
1462 3571 1633 3625 ταῦτα
1657 3574 1716 3625 οὐ
1754 3574 1860 3643 πρὸ

270 3649 469 3707 πολλοῦ
500 3654 593 3707 τοῦ
621 3657 814 3727 χρόνου
837 3660 1281 3728 γεγραμμένους.
1317 3659 1391 3713 Οὐ
1440 3661 1548 3731 μὴν
1582 3662 1862 3732 ἠρκέσθης

268 3744 502 3813 ἀφανῶς
552 3747 924 3802 ἐπιϐουλεύειν
962 3751 1143 3819 μόνον,
1198 3750 1314 3805 ἀλλ’
1355 3750 1699 3823 Ἀποκαύχου
1750 3756 1862 3816 τοῖς

271 3839 515 3907 κόμποις
580 3839 817 3904 καὶτοῖς
846 3841 1126 3913 πλάσμασι
1166 3846 1432 3913 πεισθεὶς,
1485 3848 1747 3917 χρήματά
1776 3864 1858 3911 τε,

272 3930 344 3994 ὡς
404 3930 653 3998 ἐλέγετο,
709 3934 1068 4005 παρ’ἐκείνου
1134 3937 1394 4008 είληφὼς,
1444 3940 1701 4009 πολέμιον
1760 3939 1861 4007 ἐμὲ

273 4021 534 4091 ἐψηφίσω
560 4027 834 4093 φανερῶς,
889 4028 948 4080 ὃν
1007 4031 1065 4082 ἐν
1095 4033 1208 4093 τοῖς
1262 4034 1448 4100 ὅρκοις
1489 4032 1723 4101 γράφεις
1774 4032 1863 4085 διὰ

275 4116 389 4185 βίου
429 4115 730 4188 σύμμαχον
760 4121 856 4172 καὶ
882 4120 1035 4189 φίλον
1060 4121 1223 4187 ἐξεινσ
1286 4123 1397 4175 οὐδ’
1430 4123 1594 4183 αὐτὸς
1649 4124 1739 4186 ἂν,
1785 4118 1863 4176 οῖ-

276 4226 395 4278 μαι,
446 4211 616 4281 φαίης
646 4211 913 4282 εὐορκεῖν·
948 4214 1041 4267 καὶ
1088 4214 1394 4287 γράμματα
1443 4214 1688 4285 ἔπεμπες
1738 4216 1859 4281 ἐμοὶ

272 4301 371 4370 τὴν
398 4302 628 4371 εἰρήνην
684 4304 781 4356 καὶ
826 4305 925 4374 τὴν
973 4307 1292 4376 συμμαχίαν
1342 4306 1597 4379 φανερῶς
1646 4309 1861 4376 ἀπαγο-

1969 449 2159 505 videor
2206 452 2417 507 nullum
2478 452 2765 521 religionis
2794 493 2808 517 ,
2852 451 3221 517 constantiae,
3284 454 3557 521 aequitatis

1968 556 2173 597 munus
2214 559 2341 613 erga
2378 546 2587 598 amicos
2642 544 3067 614 pra'tcrmisisse
3106 564 3119 599 :
3152 559 3335 613 neque
3366 546 3553 599 avari-

1970 634 2057 690 tia:
2086 650 2243 695 mete,
2294 636 2523 705 perjnrii
2556 646 2612 691 et
2650 638 2992 691 infidelitatis
3024 638 3076 690 in
3104 638 3328 692 eosdem
3379 638 3552 693 ullum

1964 736 2354 795 argumentum
2395 736 2596 781 exstat.
2633 728 2768 783 Cum
2793 729 2941 782 enim
2974 728 3248 783 Berrhceae
3280 745 3552 788 versarer,

1968 820 2246 887 urbesque
2292 820 2537 873 finitima:
2572 821 2819 888 quaedam
2874 821 2939 874 ad
3005 837 3090 875 me
3147 822 3551 884 desciscerent,

1966 925 2068 979 ego
2103 912 2349 979 quidem,
2388 920 2447 965 ut
2478 926 2566 964 res
2599 911 2829 975 ferebat,
2866 927 3067 980 angere
3114 912 3409 979 imperium
3461 928 3557 965 cu-

1968 1000 2162 1065 nabar,
2194 1012 2251 1055 ct
2282 1002 2527 1057 collectis
2557 1011 2791 1071 quantas
2826 1014 3074 1070 poteram
3109 1005 3308 1072 cepiis,
3344 1004 3556 1057 habens

1967 1100 2023 1146 et
2049 1093 2356 1148 Germanos
2416 1094 2512 1147 abs
2566 1104 2615 1148 te
2666 1097 2803 1148 mihi
2839 1096 3059 1158 missos,
3098 1097 3553 1151 Thessalonicam

1968 1184 2279 1236 amicorum
2325 1185 2599 1248 accersitu
2656 1186 2801 1238 veni.
2849 1186 2930 1237 Tu
2971 1201 3095 1238 mox
3156 1186 3304 1239 nulla
3342 1202 3551 1249 causa,

1970 1273 2119 1327 nulla
2178 1277 2473 1330 occasione
2522 1292 2551 1330 a
2611 1293 2697 1331 me
2754 1278 2980 1346 pra-bitu
3037 1279 3172 1331 mihi
3222 1280 3552 1343 insidiatus,

1968 1365 2578 1449 Thessalonicensihus,
2636 1375 2694 1419 ut
2725 1366 2779 1419 in
2815 1354 3113 1428 me‘ircnt,
3150 1376 3345 1421 auctor
3378 1368 3552 1432 fuisti,

1969 1454 2388 1525 Germanosque
2417 1467 2542 1511 tuos
2564 1473 2631 1511 ex
2664 1458 2779 1526 ipsa
2802 1458 3203 1525 propemodum
3241 1458 3357 1509 acie
3392 1473 3554 1510 revo-

1971 1549 2132 1602 casti.
2165 1549 2296 1615 Qua:
2331 1550 2583 1619 profecto
2613 1550 3077 1619 importunissimi
3114 1551 3288 1604 bustis
3319 1566 3464 1613 esse,
3507 1551 3551 1604 si

1973 1647 2028 1692 tu
2061 1655 2168 1693 non
2220 1641 2392 1708 dicas,
2450 1652 2504 1695 at
2544 1642 2732 1696 dicent
2765 1654 3038 1712 quotquot
3092 1643 3181 1696 hic
3214 1654 3416 1697 astant.
3473 1643 3554 1696 Me

1968 1740 2155 1785 autem
2190 1731 2320 1787 inde
2351 1744 2725 1788 revertentem
2757 1775 2772 1797 ,
2829 1752 3052 1788 manum
3088 1736 3155 1788 ad
3212 1737 3411 1789 Axium
3446 1734 3553 1787 flu-

1967 1840 2115 1888 men,
2152 1826 2386 1880 transitu
2423 1842 2510 1881 me
2561 1828 2974 1896 prohibiturum
3008 1828 3227 1891 misisti,
3260 1839 3313 1882 et
3344 1838 3553 1881 tantum

1966 1930 2089 1967 non.
2131 1924 2225 1968 tua
2286 1916 2402 1985 ipse
2452 1933 2618 1971 manu
2681 1918 2937 1971 hostibus
2994 1935 3081 1972 me
3133 1918 3432 1971 tradidisti.
3479 1918 3553 1969 Eo

1966 2008 2115 2060 enim
2154 2009 2500 2066 necessitatis
2536 2010 2771 2080 adegisti
2805 2052 2818 2073 ,
2879 2020 2936 2064 ut
2976 2010 3083 2064 nisi
3120 2011 3266 2065 Deus
3317 2012 3555 2080 desuper

1964 2114 2186 2153 manum
2216 2114 2371 2154 suam
2406 2100 2472 2153 ad
2502 2099 2709 2155 flumen
2741 2102 3130 2171 trajiciendum
3167 2103 3507 2157 extendisset
3538 2154 3551 2174 ,

1964 2204 1995 2242 a
2028 2189 2382 2245 circumfusis
2412 2191 2579 2245 simul
2607 2192 2874 2247 Romanis
2925 2204 3092 2262 atquc
3127 2193 3376 2246 barbaris
3404 2194 3550 2246 nulla

1963 2294 2088 2333 cum
2143 2289 2331 2334 nostra
2367 2281 2541 2349 gloria
2575 2283 2795 2337 delendi
2850 2283 3125 2337 fuerimus
3169 2300 3182 2336 :
3234 2285 3400 2354 786
3442 2293 3550 2337 tam

1964 2371 2227 2438 praeclare
2265 2379 2319 2423 tu
2363 2372 2790 2440 jusjurandum,
2830 2372 2997 2441 idque
3038 2375 3090 2425 in
3124 2373 3339 2427 litteras
3374 2390 3552 2443 nuper

1967 2462 2203 2515 relatum
2237 2464 2565 2531 prmstitisti.
2612 2463 2727 2519 Nec
2767 2465 3129 2519 clandestinis
3166 2466 3384 2518 insidiis
3416 2481 3552 2518 con-

1966 2562 2172 2617 tentus,
2204 2556 2369 2608 etiam
2393 2555 2737 2624 Apocauchi,
2761 2556 3000 2610 hominis
3043 2556 3293 2620 ventosi,
3329 2556 3553 2622 figmen-

1968 2647 2038 2700 tis
2069 2646 2325 2711 credens,
2358 2647 2675 2716 et"pecunia
2701 2648 2769 2702 ab
2804 2648 2919 2712 illo,
2950 2655 3011 2701 ut
3035 2647 3277 2706 aiebant.
3303 2658 3549 2716 accepta,

1969 2740 2184 2794 hostem
2216 2755 2304 2794 me
2337 2740 2515 2809 palam
2559 2741 2878 2809 declarasti,
2907 2757 3069 2810 quem
3108 2740 3161 2793 in
3189 2740 3553 2809 jurejurando

1968 2831 2181 2885 socium
2213 2846 2435 2900 semper
2492 2840 2657 2902 atque
2690 2832 2929 2887 amicum
2966 2832 3289 2887 habiturum
3334 2843 3384 2887 te
3411 2832 3553 2886 scri-

1973 2920 2076 2974 bis.
2110 2920 2238 2975 Hazc
2268 2921 2362 2990 qui
2403 2921 2591 2986 faciat,
2640 2938 2741 2978 nec
2792 2933 2848 2977 ιιι
2904 2940 3055 2988 eum,
3104 2924 3323 2993 Opinor,
3354 2925 3552 2995 juratis

1969 3023 2119 3069 stare
2167 3012 2545 3070 aﬂirmaveris.
2602 3016 2834 3087 Insuper
2874 3017 3085 3072 litteras
3120 3017 3396 3081 mittebas,
3426 3018 3552 3087 qui-

1973 3105 2076 3160 bus
2128 3121 2322 3176 pacem
2378 3116 2436 3161 et
2480 3108 2783 3163 amicitiam
2819 3119 3009 3179 aperte
3054 3110 3438 3175 renuntiabas,
3497 3120 3553 3163 et

1965 3198 2172 3253 bellum
2226 3216 2338 3256 non
2386 3211 2536 3268 ante,
2574 3218 2672 3272 pro
2705 3218 2860 3258 more
2890 3246 2904 3271 ,
2939 3205 3210 3259 indictum
3261 3205 3555 3260 denuntias

1966 3289 2064 3345 bas
2099 3308 2112 3345 :
2143 3307 2279 3361 quas
2310 3301 2364 3346 et
2413 3293 2470 3346 in
2501 3293 2650 3349 hunc
2701 3310 2877 3364 usque
2908 3296 3054 3350 diem
3096 3312 3124 3349 a
3173 3312 3259 3350 me
3305 3307 3552 3351 servatas

1965 3382 2156 3437 videre
2182 3384 2329 3438 licet.
2356 3384 2436 3438 Ex
2462 3384 2559 3439 illo
2591 3401 2677 3440 me
2702 3396 2757 3441 et
2791 3388 3102 3443 manifestis
3132 3389 3320 3450 armis.
3367 3396 3422 3443 et
3461 3404 3553 3443 oc-

1967 3471 2142 3527 cultis
2172 3471 2390 3527 insidiis
2422 3482 2610 3542 petere
2641 3490 2747 3529 non
2774 3478 3023 3531 cessasti.
3050 3477 3186 3530 Nam
3217 3486 3271 3529 et
3291 3476 3552 3545 Didymo-

1966 3564 2177 3618 tichum
2235 3580 2362 3619 cum
2397 3564 2627 3621 Amurio
2660 3583 2974 3632 reversum,
3031 3578 3324 3636 postquam
3368 3570 3457 3621 ille
3498 3571 3551 3624 in

1963 3656 2151 3711 Asiam
2174 3656 2537 3727 renavigavit,
2567 3666 2628 3712 ut
2659 3659 2991 3727 Apocaucho
3016 3660 3286 3728 promissa
3316 3659 3549 3724 faceres,

1964 3750 2141 3804 robur
2172 3750 2455 3806 exercitus
2504 3752 2559 3805 in
2598 3766 2687 3807 me
2736 3752 2981 3817 duxisti;
3019 3761 3077 3807 et
3126 3768 3299 3821 usque
3328 3752 3551 3824 Mygdo-

1965 3841 2113 3895 niam
2165 3842 2342 3910 palam
2404 3843 2584 3899 hostis
2613 3857 2770 3898 meus
2799 3843 3106 3898 tetendisti.
3142 3844 3326 3899 Persis
3366 3855 3550 3898 autem

1964 3936 2243 4004 peditibus
2272 3938 2715 4003 occurrentibus,
2752 3952 2987 4008 quorum
3006 3953 3170 3992 naves
3200 3936 3405 3992 Latium
3451 3938 3551 3991 tri-

1967 4043 2151 4083 remes
2186 4028 2569 4093 incenderant,
2602 4039 2658 4084 et
2702 4030 2923 4100 egregie
2970 4030 3163 4084 attrito
3191 4029 3258 4083 ab
3283 4029 3365 4083 eis
3395 4043 3553 4083 excr-

1966 4122 2104 4187 citu,
2133 4138 2299 4191 quem
2330 4132 2523 4177 contra
2551 4122 2699 4192 ipsos
2732 4122 3018 4187 mittebas,
3059 4121 3174 4191 ipse
3196 4136 3418 4191 quoque
3451 4122 3553 4175 im-

1965 4214 2185 4283 provisa
2218 4230 2277 4268 re
2305 4216 2594 4283 perculsus
2617 4254 2630 4277 ,
2664 4215 2718 4268 in
2750 4223 2899 4267 tuam
2926 4216 3269 4283 provinciam
3295 4211 3507 4266 rcdiisti
3534 4229 3548 4265 :

1965 4313 2022 4359 et
2079 4304 2386 4358 Manuelem
2444 4304 2728 4373 despotam
2773 4304 2943 4357 ﬁlium
2982 4319 3187 4369 meum,
3240 4318 3402 4372 quem
3448 4317 3551 4373 ego

276 4392 525 4461 ρεύοντα,
555 4394 649 4448 καὶ
678 4396 917 4466 πόλεμον
948 4398 1390 4465 καταγγέλλοντα
1434 4399 1771 4468 ἀκήρυκτονο
1821 4397 1857 4452 ἂ

1968 4394 2265 4459 Berrbmze,
2294 4394 2794 4464 oppidulorumque
2816 4394 3051 4449 aliorum
3074 4393 3391 4463 praefectum
3419 4393 3551 4447 reli-

276 4484 371 4537 ιιαὶ
408 4484 505 4539 νῦν
550 4486 762 4552 ἔξεστιν
796 4488 930 4558 ὁρᾷν
987 4489 1068 4552 εἰς
1123 4488 1287 4562 δεῦρο
1348 4489 1687 4543 διασωθέντα
1718 4492 1863 4562 παρ’

276 4577 415 4646 ἐμοί.
446 4580 557 4632 Καὶ
582 4578 644 4644 ἐξ
684 4580 898 4633 ἐκείνου
932 4583 993 4633 ού
1029 4581 1265 4645 διέλιπες
1294 4583 1548 4652 φανερῶς
1604 4600 1663 4635 τε
1704 4583 1863 4636 πολε-

284 4671 415 4741 μῶν,
454 4674 549 4726 καὶ
581 4672 807 4740 ἀφανῶς
858 4673 1247 4728 ἐπιϐουλεύων.
1285 4675 1438 4742 Ἐμοί
1500 4692 1562 4727 τε
1596 4675 1705 4744 γὰρ
1772 4676 1855 4739 είς

282 4764 660 4834 Διδυμότειχον
688 4765 1023 4833 ἐπανήκοντι
1056 4767 1191 4836 μετὰ
1224 4766 1393 4837 ’Λμοὺ
1405 4785 1457 4837 ρ,
1499 4768 1621 4821 ἐπεὶ
1652 4769 1862 4832 ἐκεῖνος

282 4854 343 4924 ἦν
372 4861 449 4922 εἰς
502 4860 601 4928 τὴν
647 4858 854 4922 Ἀσίαν,
893 4859 992 4929 τὴν
1057 4859 1354 4929 ὑπόσχεσιν
1397 4860 1722 4931 Ἀποκαύχῳ
1772 4862 1862 4915 ἐκ·

289 4950 529 5022 πληρῶν,
585 4952 644 5004 τὸ
668 4951 957 5020 κράτιστον
984 4951 1083 5017 τῆς
1116 4952 1374 5020 στρατιᾶς
1423 4951 1563 5022 ἔχων
1592 4952 1864 5021 ἐπεστρά-

283 5056 448 5103 τευες·
470 5043 562 5093 καὶ
595 5041 866 5110 προῆλθες
894 5042 1023 5111 ἄχρι
1043 5041 1374 5109 Μυγδονίας,
1405 5042 1653 5114 φανερῶς
1688 5042 1861 5095 ἐπιὼν

286 5131 421 5200 ἐμοί.
455 5132 679 5202 Περσῶν
708 5132 766 5185 δὲ
804 5132 986 5197 πεζῶν
1032 5133 1459 5204 περιτυχόντων,
1495 5127 1568 5187 ὧν
1600 5133 1701 5197 τὰς
1724 5134 1858 5197 ναῦς

285 5224 332 5276 αἱ
398 5224 685 5279 Λατινικαὶ
741 5226 1047 5295 ἐνέπρησαν
1108 5228 1379 5298 τριήρεις,
1428 5228 1522 5280 καὶ
1572 5226 1743 5281 πολλὰ
1793 5231 1857 5299 τῇ

288 5318 504 5388 στρατιᾷ
528 5318 949 5389 λυμηναμένων,
975 5318 1043 5388 ἢν
1077 5319 1326 5387 ἔπεμπες
1375 5317 1463 5372 ἐπ’
1495 5321 1715 5385 αὐτοὺς,
1739 5321 1862 5373 ἀνε-

286 5403 475 5473 χώρεις
524 5407 623 5460 καὶ
672 5408 838 5470 αὐτὸς
865 5409 943 5471 εἰς
979 5408 1078 5476 τὴν
1112 5408 1290 5461 οίκίαν
1326 5407 1557 5477 πληγεὶς
1586 5410 1859 5477 ἀπροσδοο

287 5494 489 5558 κὲῖτοις,
559 5496 656 5547 καὶ
708 5494 968 5564 Μανουὴλ
1013 5493 1279 5565 δεσπότην
1304 5494 1395 5547 τὸν
1448 5496 1562 5547 υἱὸν
1608 5496 1701 5547 ἐπὶ
1760 5496 1862 5564 τῆς

285 5582 545 5652 Βεῤῥοίας
616 5586 721 5655 τὴν
770 5584 969 5657 ἀρχὴν,
1011 5586 1108 5640 καὶ¹
1168 5587 1278 5641 τῶν
1340 5587 1518 5641 ἄλλων
1572 5588 1862 5659 πολιχνίων

286 5676 771 5749 καταλελειμμένον
797 5679 890 5731 ὑπ’
923 5678 1080 5750 ἐμοῦ,
1117 5680 1370 5749 φανερῶς
1393 5698 1450 5734 τε
1497 5682 1851 5751 ἐπολιόρκεις

1966 4501 2232 4557 queram,
2289 4487 2466 4556 palam
2523 4486 2817 4548 obsedisti,
2856 4501 2959 4540 nec
2991 4487 3142 4540 cives
3175 4485 3410 4554 pecunia
3457 4484 3552 4539 de-

1966 4592 2200 4645 pravare
2224 4577 2481 4641 omisisti,
2513 4575 2692 4631 donec
2723 4577 2831 4631 illis
2857 4592 3083 4632 exosum
3122 4578 3177 4632 in
3208 4576 3550 4631 Thessaliam

1966 4668 2248 4739 expulisti.
2292 4667 2373 4722 Tu
2430 4684 2562 4723 vero
2613 4668 2810 4722 urbem
2863 4669 3193 4738 occupabas,
3250 4676 3305 4723 et
3340 4668 3549 4723 Pheras

1967 4760 2225 4815 similiter
2254 4761 2416 4830 longo
2449 4770 2696 4830 tempore
2737 4761 2998 4816 obsidens
3024 4803 3037 4827 ,
3065 4776 3190 4815 cum
3225 4773 3276 4815 te
3306 4774 3544 4824 orarem,

1962 4853 2373 4923 juramentique
2464 4854 3039 4917 commonefacercm,
3099 4851 3543 4922 quandoquidem

1967 4946 2120 5001 civili
2159 4946 2305 5000 bello
2336 4945 2634 5010 distentus,
2684 4945 2751 4999 ad
2793 4947 2963 5000 urbes
2990 4946 3109 4998 illas
3140 4944 3403 4998 accedere
3432 4957 3545 4998 non

1968 5049 2213 5109 poteram
2242 5078 2256 5101 ,
2287 5039 2438 5092 auris
2469 5037 2833 5106 discerpenda
2868 5054 2987 5091 mea
3020 5038 3186 5091 verba
3229 5036 3487 5092 tradebas
3527 5054 3543 5091 :
3624 5030 3635 5043 ⁸

1968 5142 2023 5186 et
2049 5139 2291 5200 egestate
2344 5130 2471 5183 illos
2528 5130 2961 5197 obSessioncque
2994 5128 3211 5184 assidua
3241 5144 3501 5200 premens
3525 5172 3542 5196 ,

1967 5231 2245 5294 postremo
2265 5223 2430 5276 etiam
2460 5222 2533 5276 ibi
2567 5222 2783 5276 civibus
2807 5222 3084 5291 primariis
3117 5224 3351 5292 pecunia
3377 5231 3548 5281 trans-

1968 5314 2167 5368 versim
2236 5314 2395 5377 actis,
2426 5313 2617 5366 urbem
2648 5313 2713 5366 ad
2743 5322 2793 5366 te
2822 5312 3053 5367 allexisti
3082 5330 3096 5369 :
3121 5315 3544 5384 etpostmodum

1968 5420 2163 5475 magno
2224 5405 2473 5473 equitum
2519 5403 2877 5473 peditumque
2939 5421 3171 5459 numero
3203 5406 3544 5461 Thessaliam

1966 5509 2019 5552 et
2052 5498 2413 5551 Acarnaniam
2467 5498 2839 5552 Romanorum
2888 5499 3199 5568 provincias
3256 5498 3545 5567 invasisti,

1968 5604 2030 5643 ac
2093 5588 2505 5643 memorabilem
2555 5588 2708 5643 illam
2763 5590 3129 5645 calamitatem
3183 5590 3455 5661 invexisti,
3484 5603 3545 5648 ut

1966 5680 2280 5735 Acarnanes
2318 5680 2391 5735 ob
2440 5680 2844 5737 intolerandam
2882 5681 3079 5738 famem
3123 5682 3191 5737 ad
3242 5686 3544 5740 maritimas
