3996 6218
452 247 555 310 163

1620 223 1944 286 JOANNIS
1982 218 2507 281 CANTACUZENI

3600 215 3702 279 164

445 378 573 416 oras
603 367 800 430 sponte
844 354 1099 427 profecti,
1147 346 1396 404 barbaris
1420 339 1698 414 plagiariis
1721 339 1934 430 lucrum
1966 347 2025 388 se

2153 331 2369 401 τέμπων
2406 330 2689 403 στρατιὰν,
2720 330 2961 395 καὶτοὺς
2990 330 3137 385 ἔνδον
3166 330 3267 385 οὐκ
3314 331 3539 403 ἠμέλεις
3588 334 3702 387 δια-

447 416 749 523 gratuitum
785 416 1205 517 prostitueret",
1278 436 1636 491 obsecrantes
1673 430 1727 484 in
1752 428 1886 482 alias
1911 434 2023 478 ter-

2153 421 2363 489 ιίὲείρων
2390 420 2687 490 χρήμασιν,
2718 420 2879 490 ἄχρις
2902 416 2962 473 οῦ
2990 422 3187 484 πείσας
3216 422 3411 490 ἐκείνῳ
3436 421 3701 487 δυσνοεῖν,

452 520 544 597 ras
597 538 925 597 transferri,
982 534 1169 601 ibique
1220 529 1431 583 servire
1477 534 1588 580 tota
1636 523 1748 578 vita
1796 520 1981 590 potius
2010 556 2024 581 ,

450 724 784 782 consobrino
808 734 930 773 meo
960 719 1275 777 demortuo,
1310 723 1474 780 quem
1507 723 1608 777 ego
1640 716 1931 776 przrtorem
1960 716 2028 756 eo

453 819 731 873 miseram.
759 822 813 866 tu
841 809 1156 880 provincias
1186 804 1285 859 tibi
1318 800 1640 864 vindicasti,
1682 806 1738 852 et
1764 804 2030 866 prmterea

452 908 620 961 urbes
652 900 984 957 Macedoniae
1019 913 1126 951 non
1160 909 1386 965 paucas,
1427 905 1573 959 quas,
1617 886 1839 957 quando
1860 884 2029 939 vicis-

453 997 556 1050 sim
592 993 937 1063 jurabamus,
972 988 1073 1042 sub
1097 984 1329 1054 imperio
1358 981 1610 1035 Romano
1641 976 2030 1033 censebantur.

451 1088 645 1143 Utrum
684 1085 852 1154 igitur
892 1082 1010 1134 haec
1046 1076 1287 1132 amantis
1313 1116 1326 1139 ,
1363 1083 1419 1128 et
1443 1070 1736 1143 juramenti
1767 1066 2035 1121 sanctita-

455 1184 564 1229 tem
592 1170 986 1235 custodieutis,
1017 1166 1369 1234 habendique
1413 1159 1801 1230 inexplebilem
1855 1154 2034 1211 avidi-

458 1277 623 1321 tatem
698 1272 754 1316 et
806 1262 1026 1329 rapinas
1051 1257 1292 1310 odientis
1320 1263 1448 1309 sunt
1468 1293 1484 1318 ,
1534 1268 1603 1306 an
1637 1251 1797 1320 plane
1825 1262 1986 1304 secus
2013 1247 2037 1300 ‘I

456 1358 619 1428 787
675 1355 719 1408 A
764 1354 968 1423 quibus
1011 1351 1162 1405 vitiis
1200 1365 1301 1403 nos
1346 1347 1537 1416 procul
1578 1346 1860 1399 absumus.
1892 1342 2037 1409 Quin

462 1451 573 1504 imo
605 1463 729 1502 cum
777 1444 1039 1498 Amurius
1070 1443 1157 1496 hic
1191 1442 1258 1495 ad
1294 1455 1380 1493 me
1407 1438 1707 1509 iuvandum
1737 1451 1860 1490 cum
1900 1449 2038 1503 qua-

462 1552 588 1595 tuor
626 1547 681 1591 et
728 1537 924 1604 viginti
987 1533 1345 1588 barbarorum
1395 1528 1637 1582 millibus
1666 1526 1908 1589 adesset,
1943 1522 2038 1591 qui

461 1631 783 1685 universum
813 1627 1181 1696 principatum
1211 1633 1363 1677 tuum
1391 1628 1685 1675 concutere
1723 1633 1788 1671 ac
1824 1618 2041 1671 destru-

466 1739 561 1778 ere
598 1728 875 1791 poterant,
928 1718 1047 1773 cavi
1083 1716 1529 1786 diligentissime,
1566 1726 1635 1765 ne
1666 1709 1800 1778 quid
1852 1707 2038 1762 damni

458 1814 753 1886 provincia
788 1822 877 1866 tua
905 1820 1186 1880 pateretur
1212 1823 1224 1861 :
1251 1819 1563 1876 quanquam
1598 1801 1727 1856 belli
1753 1801 2037 1855 honestam

461 1906 812 1961 occasionem
850 1904 1109 1957 haberem
1136 1940 1152 1964 ,
1201 1901 1418 1969 priores
1457 1897 1723 1961 insidias,
1780 1892 2039 1964 quodque

462 2010 629 2065 opere
653 1996 771 2064 ipso
800 2002 1052 2063 apertum
1088 2000 1138 2046 te
1169 1992 1383 2045 hostem
1429 1988 1780 2058 proﬁtebere,
1808 2000 1862 2039 et
1889 1985 2040 2040 hisce

464 2088 692 2151 litteris,
725 2102 862 2155 quas
894 2085 961 2139 ad
998 2100 1083 2137 me
1121 2082 1339 2143 misisti,
1365 2096 1550 2148 pacem
1590 2090 1646 2134 et
1668 2080 2041 2148 juramcntum

468 2178 828 2232 rescindebas
872 2187 927 2230 et
954 2176 1005 2228 id
1040 2191 1069 2228 a
1097 2190 1181 2228 me
1231 2173 1449 2227 barbari
1477 2172 1640 2225 etiam
1682 2179 1845 2239 atque
1873 2167 2039 2222 etiam

464 2268 793 2338 flagitarent.
834 2267 1038 2320 Tamen
1099 2265 1397 2319 absurdum
1446 2263 1613 2318 nimis
1677 2271 1734 2316 et
1796 2274 2044 2329 personat

465 2372 600 2411 mea:
632 2356 951 2410 indecorum
995 2354 1149 2418 duxi,
1186 2362 1409 2422 propter
1443 2353 1717 2407 minutum
1745 2352 2047 2421 abjectum-

466 2465 574 2518 que
606 2451 852 2502 animum
883 2458 1059 2511 tuum,
1093 2458 1148 2502 et
1182 2449 1235 2501 iu
1271 2448 1435 2501 rebus
1460 2446 1705 2500 honestis
1729 2446 2045 2499 inconstan-

471 2541 624 2601 tiam,
652 2540 923 2607 ingratum
950 2555 1078 2606 erga
1104 2538 1311 2592 amicos
1356 2546 1521 2605 atque
1545 2536 1817 2589 inﬁdelem
1847 2534 2042 2595 videri,

471 2631 519 2686 si
575 2632 672 2699 qui
711 2639 864 2685 tanta
900 2631 955 2684 in
989 2646 1077 2683 me
1137 2629 1290 2697 prior
1320 2628 1465 2681 bona
1505 2627 1848 2685 contulisset.
1885 2626 1932 2679 ei
1962 2626 2047 2679 ni-

475 2723 552 2777 hil
603 2723 990 2790 rependerem,
1064 2720 1159 2773 sed
1197 2730 1420 2788 propter
1453 2720 1644 2787 culpas
1672 2717 1933 2787 quasdam
1967 2726 2048 2770 to-

472 2813 754 2877 lerabiles,
787 2813 842 2866 in
869 2813 1023 2866 omni
1054 2813 1162 2866 vita
1180 2825 1300 2865 mea
1331 2811 1543 2877 reliqua
1571 2809 1748 2864 hostis
1770 2809 1890 2862 loco
1919 2823 2045 2861 eum

475 2906 920 2961 ducerem.Post
951 2905 1003 2959 id
1059 2913 1275 2974 tempus
1322 2918 1445 2959 cum
1492 2902 1694 2972 sacpius
1722 2902 1912 2956 ulcisci
1961 2915 2046 2955 me

2125 512 2332 563 ἐκεῖνον
2362 512 2460 581 μὲν
2517 511 2787 583 ἐξήλασας
2821 514 2900 576 είς
2947 512 3268 577 Θετταλίαν,
3305 511 3466 576 αὐτὸς
3515 512 3574 566 δέ
3609 513 3708 583 τὴν

454 651 616 704 quam
648 629 901 702 praesenti
934 598 1112 680 inedia
1150 621 1564 677 contabescere.
1598 616 1791 671 Postea
1817 612 2027 681 Angelo

2153 603 2282 657 πόλιν
2314 598 2481 672 εῐχες,
2513 605 2606 655 καὶ
2629 603 2809 673 Φερὰς
2840 603 3041 672 δμοίως
3070 603 3166 657 ἐπὶ
3201 604 3394 675 συχνὸν
3418 604 3744 704 πολιορκήοί

2131 712 2230 757 σας
2268 666 2480 765 χρόνον,
2507 694 2643 762 ἐμοῦ
2695 666 2971 765 δεομένου,
3003 666 3099 749 καὶ
3142 695 3255 750 τῶν
3272 666 3471 765 ’δρκων
3513 666 3736 765 ἀναμίλ

2133 783 2489 853 μνήσκοντος,
2530 784 2654 836 ἐπεὶ
2686 784 2761 853 μὴ
2793 786 2913 847 ταῖς
2962 785 3186 839 πόλεσιν
3239 780 3386 855 εἶχον
3424 785 3710 857 ἐπιδημεῖν

2132 878 2237 930 ὑπὸ
2302 877 2395 930 τοῦ
2451 878 2719 946 ἐμφυλίου
2777 880 3143 949 κατεχόμενος
3207 879 3470 950 πολέμου,
3517 878 3714 933 οὐδένα

2131 968 2289 1037 λόγον
2322 970 2531 1036 ἐποιοῦ,
2568 970 2683 1025 ἀλλ’
2743 972 2921 1042 ἐνδείᾳ
2966 974 3165 1035 πιέσας
3222 973 3320 1027 καὶ
3356 975 3525 1043 συχνῇ
3562 972 3714 1026 πολι-
3816 1038 3829 1049 _

2132 1061 2316 1131 ορκία,
2350 1062 2503 1125 τέὶος
2551 1061 2774 1127 ἔπεισας
2830 1066 3195 1135 προσχωρεῖν,
3252 1066 3418 1119 κάκεῖ
3466 1066 3593 1129 τοὺς
3615 1066 3709 1117 δυ-

2136 1153 2482 1223 νατωτέρους
2506 1154 2829 1225 διαφθείρας
2858 1157 3144 1226 χρήμασι⁶
3201 1158 3297 1212 καὶ
3348 1158 3487 1227 μετά
3523 1157 3702 1223 τοῦτο,

2135 1245 2403 1315 Θετταλίᾳ
2432 1247 2526 1298 καὶ
2564 1247 2898 1318 Ἀκαρνανίᾳ
2926 1250 3382 1318 ἐπεστράτευσας
3415 1248 3711 1319 Ῥωμαίοις

2136 1336 2324 1401 οὔσαις
2389 1338 2680 1408 ὑπηκόοις,
2741 1340 2943 1411 πλῆθος
2996 1341 3182 1406 πεζῶν
3248 1359 3308 1396 τε
3341 1345 3436 1397 καὶ
3501 1344 3712 1397 ἱππέων

2138 1429 2310 1497 ἄγων,
2378 1430 2472 1483 καὶ
2534 1430 2635 1500 τὴν
2688 1433 3178 1503 μνημονευομένην
3236 1434 3451 1505 ἐκείνην
3506 1436 3713 1506 φθορὰν

2141 1520 2402 1590 εἰργάσω,
2450 1522 2541 1590 ὑφ’
2578 1518 2646 1592 ἧς
2679 1523 2759 1584 είς
2793 1525 3070 1593 τοσαύτην
3124 1524 3372 1593 ἀνάγκην
3442 1525 3714 1595 Ἀκαρνᾶ-

2143 1631 2228 1677 νες
2278 1610 2441 1683 ἦλθον
2499 1614 2607 1667 ὑπὸ
2663 1615 2754 1667 τοῦ
2817 1615 3004 1683 λιμοῦ,
3066 1615 3143 1677 ῶς
3204 1616 3387 1669 ἑκοντὶ
3446 1616 3583 1685 πρὸς
3643 1618 3718 1669 τὰ

2072 1692 2114 1746 Β
2143 1708 2387 1776 παράλια
2436 1708 2740 1775 γινόμενοι,
2776 1708 3140 1779 προσκεῖσθαι
3200 1709 3313 1771 τοῖς
3383 1709 3717 1777 ἀνδραποδι-

2143 1800 2300 1861 σταῖς
2354 1799 2653 1870 βαρδάροις
2702 1801 2893 1869 κέρδος
2934 1801 3162 1863 ἄπονον,
3234 1801 3326 1854 καὶ
3367 1801 3575 1855 δεῖσθαι
3628 1802 3715 1871 ἐφ’

2142 1890 2339 1960 ἑτέραν
2383 1892 2487 1960 γῆν
2536 1892 2966 1961 μετενεχθέντας
3038 1892 3319 1946 δουλεύειν
3377 1893 3581 1961 μᾶλλον
3629 1895 3718 1948 διά

2144 1980 2283 2050 βίου,
2316 1981 2363 2051 ιῆ
2424 1983 2587 2051 ἐντῷ
2646 1984 2848 2036 αὐτίκα
2905 1983 3316 2052 διαφθείρεσθαι
3376 1985 3482 2038 ὁπδ
3530 1987 3713 2057 λιμοῦ.

2144 2072 2414 2144 ’Ὕστερον
2469 2073 2528 2126 δὲ
2579 2075 2841 2142 Ἀγγέλου
2900 2076 2992 2127 τοῦ
3061 2076 3193 2146 ἐμοῦ
3267 2077 3719 2147 τετελευτηκότος

2144 2166 2392 2235 ἀνεψιοῦ,
2439 2167 2497 2229 ὃς
2540 2164 2709 2238 ἦρχεν
2768 2169 2859 2222 ὑπ’
2896 2169 3031 2239 ἐμοῦ
3108 2171 3401 2240 πεμςιθεὶς,
3462 2173 3720 2243 ἀρπάσας

2144 2259 2241 2323 τὰς
2317 2259 2585 2329 ἐπαρχίας
2648 2260 2814 2330 ἔχεις*
2893 2262 2984 2315 καὶ
3037 2264 3175 2331 πρὸς
3234 2263 3443 2328 τούτοις
3524 2266 3721 2336 ἐτέρας

2143 2348 2332 2411 πόλεις
2379 2347 2481 2416 τῆς
2530 2349 2879 2412 Μακεδονίας
2933 2351 3033 2402 οὐκ
3082 2352 3288 2417 ὀλίγας,
3331 2353 3388 2406 αῖ
3450 2355 3558 2407 ὑπὸ
3621 2357 3720 2425 την

2157 2439 2449 2507 Ῥωμαίων
2512 2441 2810 2510 ἡγεμονίαν
2864 2439 3027 2512 ἦσαν,
3081 2447 3168 2497 ὅτε
3245 2446 3379 2515 πρὸς
3454 2448 3716 2519 ἀλλήλους

2147 2530 2280 2598 ἡμῖν
2332 2528 2576 2596 ἐγίνοντο
2632 2532 2680 2582 οἱ
2745 2531 2919 2600 ὅρκοι.
2968 2535 3203 2605 Πότερον
3254 2534 3350 2591 οὗν
3401 2538 3567 2592 ταῦτα
3620 2557 3718 2610 φι-

2148 2622 2388 2688 λοῦντος,
2420 2622 2513 2675 καὶ
2565 2622 2935 2703 εὐορκοῦντος,
2968 2626 3062 2677 καὶ
3097 2627 3379 2695 μισοῦντος
3422 2628 3517 2701 τὴν
3545 2630 3722 2699 ἀπλη-

2152 2712 2308 2765 στίαν
2380 2713 2477 2765 καὶ
2559 2713 2660 2783 τὴν
2719 2714 2999 2782 ἁρπαγὴν,
3088 2718 3120 2786 ἢ
3181 2719 3486 2774 τούναντίον
3540 2720 3720 2787 ἂπαν;

2162 2802 2301 2856 Ἀλλ’
2333 2804 2395 2856 οὐ
2426 2805 2493 2857 τά
2525 2805 2775 2875 ἡμέτερα
2804 2805 3058 2872 τοιαῦτα,
3113 2808 3246 2862 ἀλλά
3272 2811 3365 2863 καὶ
3411 2811 3616 2882 Ἀμοὺρ
3640 2813 3727 2865 ἐν-

2150 2895 2323 2948 ταῦθα
2350 2895 2484 2966 πρὸς
2519 2897 2660 2966 ἐμὴν
2690 2898 3011 2968 ἐπικουρίαν
3039 2902 3353 2969 γενομένου,
3384 2920 3728 2975 τετρακισχι-

475 3014 717 3070 possem,
741 2999 913 3063 nolui,
942 3014 1132 3053 verum
1153 3000 1338 3053 missis
1369 2997 1702 3054 oratoribus.
1734 2996 1898 3050 etiam
1925 3006 2049 3049 ante

2153 2987 2302 3048 λίους
2335 2988 2426 3040 ἐπὶ
2461 2987 2770 3057 δισμυρίοις
2803 2990 3029 3058 ἄγοντος
3057 2991 3386 3063 βαρϐάρους,
3420 2996 3471 3049 οἶ
3505 2995 3602 3069 τὴν
3629 2998 3731 3069 σὴν

477 3101 699 3162 captum
733 3092 1074 3163 Byzantium,
1109 3101 1169 3146 ut
1218 3090 1433 3145 tandem
1464 3089 1627 3144 amici
1679 3088 1915 3143 otiicium
1954 3102 2044 3141 sc-

476 3197 734 3252 querere,
798 3198 934 3237 neve
981 3184 1297 3251 juramenta
1345 3182 1582 3236 violares
1605 3221 1620 3245 ,
1646 3178 1857 3250 rogavi.
1889 3179 1958 3233 At
1989 3186 2044 3232 tu

477 3273 612 3343 quid
658 3275 749 3343 jus
797 3273 990 3343 fasque
1019 3273 1364 3343 postularent
1397 3288 1506 3326 non
1536 3271 1807 3326 curabas:
1839 3283 2051 3324 sermo-

480 3362 757 3433 nibusque
786 3362 1078 3418 fallacibus
1136 3373 1189 3417 et
1221 3363 1456 3419 curiosis
1483 3359 1940 3416 circumscribere
1964 3372 2052 3413 me

480 3456 811 3508 attentahas.
840 3453 972 3524 Ego,
1009 3455 1223 3509 tametsi
1259 3455 1308 3507 id
1344 3468 1559 3509 nossem
1581 3450 2051 3521 planissime,non

479 3548 663 3601 statim
700 3548 755 3601 in
790 3558 841 3601 te
873 3562 1021 3602 arma
1054 3547 1222 3611 movi,
1279 3548 1373 3601 sed
1421 3545 1672 3601 enitebar
1701 3557 1938 3612 semper,
1980 3556 2051 3597 ne

485 3638 783 3692 timiditate
808 3639 1043 3707 quadam
1078 3638 1142 3693 ad
1180 3639 1382 3693 bellum
1428 3637 1527 3691 tibi
1555 3635 1904 3692 inferendum
1931 3649 2056 3704 pro-

486 3727 705 3783 siluisse
728 3729 1092 3785 existimarer.
1114 3728 1248 3784 Cum
1268 3729 1754 3797 cerneremjautem
1780 3728 2052 3782 incassum

485 3835 573 3875 me
605 3819 883 3880 laborare,
914 3821 1437 3890 cunctationemque
1482 3834 1659 3875 meam
1689 3834 1801 3875 non
1845 3820 2054 3888 magni—

484 3911 737 3967 tudinem
771 3912 940 3966 animi
992 3922 1050 3967 et
1072 3914 1408 3981 aequitatem,
1439 3914 1533 3969 sed
1566 3928 1780 3967 morum
1812 3912 2055 3967 civilium

490 4003 826 4073 neglectum,
872 4017 936 4059 ac
968 4005 1363 4074 propemodum
1405 4005 1770 4074 proditionem
1815 4020 1958 4067 esse,
1987 4019 2057 4059 ne

488 4096 573 4149 sic
602 4094 825 4165 quidem
871 4097 926 4149 in
962 4095 1301 4165 provinciam
1337 4106 1485 4150 tuam
1528 4096 1690 4160 irrui,
1735 4098 1831 4153 sed
1869 4098 2059 4152 adem-

489 4197 615 4258 ptas
648 4188 814 4242 urbes
860 4187 1010 4242 nitor
1051 4186 1298 4255 recipere
1323 4224 1339 4250 ,
1394 4201 1625 4254 quarum
1668 4202 1834 4241 causa
1871 4196 1926 4241 tu
1972 4203 2059 4243 me

490 4279 737 4335 avaritia;
815 4279 1234 4349 iniquitatisque
1292 4279 1578 4335 insimulas
1610 4297 1623 4333 :
1656 4279 1765 4334 tale
1798 4279 2057 4350 quiddam

2156 3079 2456 3149 ἡγεμονίαν
2503 3084 2685 3134 πᾶσαν
2732 3083 3065 3154 ἀνατρέπειν
3112 3080 3255 3155 ἦσαν
3303 3088 3540 3155 δυνατοὶ,
3568 3091 3730 3155 αὐτὸς

2157 3172 2504 3241 ἐποιησάμην
2538 3174 2723 3227 πᾶσαν
2752 3174 3036 3244 πρόνοιαν,
3077 3177 3242 3246 μηδὲν
3268 3179 3363 3245 τὴν
3396 3179 3500 3232 ὑπὸ
3538 3180 3599 3235 σὲ
3630 3181 3732 3248 ζη-

2161 3262 2428 3331 μιωθῆναι
2459 3264 2643 3334 χώραν
2664 3279 2680 3297 ⁸
2710 3266 2889 3319 καίτοι
2922 3266 3198 3337 πρόφασιν
3216 3269 3574 3339 εὐπρόσωπον
3595 3271 3734 3343 ἔχων

2158 3354 2252 3406 τοῦ
2306 3354 2571 3423 πολέμου,
2606 3357 2707 3419 τάς
2754 3358 3026 3428 προτέρας
3057 3359 3367 3427 ἐπιϐουλὰς,
3399 3367 3494 3415 καὶ
3528 3363 3607 3434 τῷ
3633 3382 3739 3435 φα-

2161 3445 2332 3515 νερῶς
2370 3448 2889 3517 ἐκπεπολεμῶσθαι,
2928 3451 3023 3506 καὶ
3052 3454 3255 3522 ἔργοις,
3288 3455 3383 3508 καὶ
3431 3456 3644 3522 τούτοις
3670 3459 3737 3526 δὴ

2163 3540 2278 3600 τοῖς
2314 3539 2463 3609 παρὰ
2489 3539 2584 3592 σοῦ
2617 3540 2918 3609 πεμφθεῖσι
2943 3546 3271 3615 γράμμασιν
3307 3548 3398 3600 ἐπὶ
3427 3549 3738 3622 ἀπαγορεύ-
3790 3530 3793 3531 ν

2165 3648 2246 3683 σει
2286 3632 2387 3700 τῆς
2434 3633 2680 3703 εἰρήνης,
2711 3635 2805 3686 καὶ
2845 3635 2952 3689 τῶν
2993 3638 3174 3700 ὅρκων
3206 3638 3460 3707 μάλιστα,
3498 3644 3592 3695 καὶ
3625 3643 3735 3696 τῶν

2166 3723 2461 3795 βαρϐάρων
2491 3726 2783 3792 δεομένων.
2839 3726 2979 3781 Ἀλλ’
3013 3729 3214 3782 ἄτοπον
3254 3733 3479 3801 ἐνόμισα
3524 3734 3730 3802 δεινῶς,

2164 3821 2259 3870 καὶ
2291 3817 2414 3869 οὐδὲ
2457 3819 2582 3883 ἐμοὶ
2619 3818 2899 3889 προσῆκον
2938 3820 3027 3873 διά
3073 3821 3171 3892 τὴν
3214 3822 3313 3892 σὴν
3347 3825 3733 3896 μικροψυχίαν,

2166 3910 2257 3961 καὶ
2287 3907 2389 3977 τὴν
2420 3907 2688 3961 ἀστασίαν
2720 3911 2851 3977 περὶ⁸
2884 3910 2952 3963 τὰ
2978 3910 3140 3976 καλὰ,
3165 3913 3462 3983 ἀχάριστον
3486 3918 3573 3969 καὶ
3607 3918 3743 3972 ἄπι-

2167 4016 2292 4052 στον
2330 4001 2567 4069 φανῆναι
2620 4002 2757 4072 πρὸς
2805 4003 2933 4065 τοὺς
2986 4004 3191 4071 φίλους,
3247 4009 3296 4059 εί
3345 4009 3425 4077 τῷ
3467 4011 3744 4066 τοσούτων

2166 4092 2386 4159 ἀγαθῶν
2443 4092 2749 4162 ὑπάρξαντι
2837 4096 3105 4165 μηδεμίαν
3147 4097 3403 4168 ἀποδοίην
3462 4101 3739 4172 ἀμοιὸήν’

2166 4183 2282 4237 ἀλλ’
2313 4182 2554 4237 ἁνεκτῶν
2585 4201 2744 4237 τινωι
2775 4188 2935 4256 χάριν
2975 4187 3169 4241 αιτιῶν
3221 4184 3308 4241 οῖσι
3340 4191 3584 4261 πολεμίῳ
3610 4211 3749 4263 χρη-

2170 4273 2376 4342 σαίμην
2402 4274 2490 4327 διὰ
2525 4274 2663 4342 βίου.
2693 4276 2800 4329 Καὶ
2828 4279 2967 4345 μετὰ
2999 4277 3175 4331 ταῦτα
3208 4280 3469 4343 πολλάκις
3494 4282 3751 4354 δυνηθεὶς

491 4369 718 4433 faciens,
760 4371 921 4440 quale
974 4371 1137 4425 estin
1182 4371 1498 4440 proverbio,
1532 4370 1683 4425 fures
1722 4372 1948 4440 insuper
1975 4386 2050 4427 ac-

2173 4362 2504 4431 ἀμύνεσθαι,
2544 4365 2649 4416 οὐκ
2686 4364 2947 4431 ἠθέλησα,
2981 4365 3117 4417 ἀλλά
3157 4367 3455 4437 πρεσϐείας
3481 4369 3747 4439 πέμπων,

491 4470 687 4514 cusant
714 4478 727 4515 :
772 4472 828 4516 et
848 4462 1206 4530 cupiditatem
1238 4463 1392 4531 quasi
1415 4463 1613 4517 merito
1636 4463 1771 4517 mihi
1795 4463 2061 4533 obiectas,

493 4550 643 4619 quod
680 4566 802 4605 cum
845 4552 960 4620 ipse
987 4552 1380 4621 amplissimam
1420 4553 1652 4609 Romani
1683 4555 1902 4624 imperii
1936 4570 2065 4624 par-

498 4653 608 4697 tem
630 4643 933 4707 obtineam,
967 4642 1064 4696 tibi
1092 4645 1357 4698 minorem
1392 4644 1685 4700 invideam.
1712 4646 1898 4715 Atqui,
1922 4647 2066 4700 bone

496 4733 604 4797 vir,
626 4732 731 4786 hoc
761 4732 968 4802 justum
987 4741 1043 4785 et
1060 4732 1322 4786 decorum
1343 4749 1463 4788 esse
1485 4734 1776 4789 dtﬂiculter
1802 4736 2069 4804 probave—

502 4816 601 4871 ris.
639 4817 761 4872 Non
795 4818 942 4874 enim
980 4836 1109 4875 sane
1142 4822 1437 4876 himsorum
1460 4860 1475 4887 ,
1522 4834 1616 4877 aut
1644 4825 1901 4879 Paeonum
1932 4824 2070 4878 alio-

500 4923 694 4963 rumve
722 4926 975 4981 regnum,
1006 4914 1152 4982 quod
1189 4914 1444 4970 neutrius
1469 4924 1608 4979 erat,
1636 4916 1944 4979 divisimus,
1972 4915 2068 4969 sed

500 5012 626 5054 cum
664 5010 721 5056 tu
767 5002 834 5057 de
867 5003 1114 5059 Romano
1146 5004 1401 5075 imperio,
1434 5007 1591 5077 cujus
1632 5022 1802 5076 penes
1846 5022 1933 5061 me
1984 5007 2073 5075 jus

500 5102 558 5150 et
595 5097 896 5152 auctoritas
916 5105 1021 5163 est,
1054 5112 1166 5152 non
1203 5098 1457 5168 exiguam
1481 5099 1795 5168 portionem
1819 5098 2072 5154 detraxe-

503 5181 601 5245 ris,
637 5184 817 5239 adhuc
844 5186 912 5240 de
953 5186 1165 5253 reliqua
1191 5187 1289 5242 tibi
1334 5188 1539 5256 gratias
1565 5189 1651 5260 agi
1689 5189 1953 5259 postulas.
1992 5188 2073 5243 Me

504 5285 638 5325 vero
669 5272 832 5327 etiam
872 5284 999 5330 ante
1035 5276 1189 5335 hunc
1244 5280 1517 5345 habitum,
1564 5295 1727 5349 quem
1756 5288 1932 5349 gesto,
1964 5279 2075 5333 lio-

506 5360 686 5416 manis
733 5361 1053 5433 imperasse,
1086 5366 1285 5422 docere
1319 5368 1458 5423 nihil
1489 5368 1687 5423 attinet
1708 5409 1723 5433 ,
1768 5368 1989 5437 quando
2019 5366 2074 5421 id

504 5455 765 5510 onmibus
810 5456 1165 5514 notissimum
1223 5468 1340 5513 est.
1394 5462 1463 5513 At
1498 5459 1646 5514 enim
1677 5458 1781 5514 etsi
1817 5470 1976 5513 antea
2019 5460 2075 5514 in

506 5543 752 5598 tenebris
803 5545 1000 5602 vivens
1025 5587 1040 5613 ,
1092 5556 1323 5619 repente
1373 5549 1673 5619 imperator
1706 5549 2033 5618 prodiissem
2060 5590 2075 5616 ,

506 5633 675 5705 788
705 5642 881 5692 tamen
918 5638 996 5695 sic
1024 5654 1109 5695 me
1136 5641 1189 5695 in
1214 5640 1655 5697 antecedentium
1683 5642 2075 5710 imperatorum

2178 4457 2275 4507 και
2320 4454 2455 4523 πρὶν
2493 4453 2790 4517 Βυζάντιον
2829 4454 2991 4519 ἑλεῖν,
3033 4455 3128 4508 καὶ
3183 4458 3326 4525 μετά
3362 4458 3532 4512 ταῦτα
3570 4461 3639 4513 τά
3669 4462 3755 4514 δῖ-

2165 4564 2297 4600 καια
2343 4549 2518 4599 ποιεῖν
2568 4547 2796 4615 ἐδεόμην
2837 4541 2927 4599 οἷα
2973 4547 3150 4616 φίλον,
3179 4551 3270 4600 καὶ
3297 4549 3372 4619 μὴ
3394 4552 3519 4612 τοὺς
3549 4552 3755 4621 ὅρκους

2169 4639 2556 4709 παραϐαίνειν.
2595 4640 2667 4691 Σὺ
2699 4640 2753 4692 δὲ
2777 4639 2886 4691 τῶν
2922 4640 3019 4707 μὲν
3048 4640 3269 4694 δικαίων
3320 4643 3414 4695 καὶ
3440 4647 3753 4713 προσηκόν-

2166 4751 2274 4785 των
2309 4731 2578 4800 ἔπραττες
2623 4731 2775 4783 οὐδέν
2797 4747 2809 4758 ·
2847 4731 3027 4797 λόγοις
3059 4731 3117 4783 δὲ
3146 4733 3456 4801 ἀπατηλοῖς
3513 4734 3609 4786 καὶ
3645 4752 3755 4787 πε-

2173 4824 2410 4890 ριέργοις
2470 4822 2741 4891 παράγειν
2780 4822 3010 4890 ἐπειρῶ.
3099 4821 3242 4890 Ἐγὼ
3274 4825 3332 4877 δὲ
3375 4825 3549 4878 καίτοι
3580 4828 3759 4894 σαφέ-

2171 4931 2340 4967 στατα
2381 4912 2533 4976 εἰδὼς
2594 4914 2666 4976 ὡς
2708 4913 3167 4980 ἀπατῶμαι,οὐκ
3222 4916 3417 4970 αὐτίκα
3474 4918 3756 4988 ἐπεστράο

2170 5022 2326 5057 τευον
2349 5023 2361 5035 ⁸
2389 5006 2502 5060 ἀλλ’
2534 5005 2850 5074 ἐπειρώμην
2892 5006 3000 5069 ἀεὶ,
3023 5005 3098 5076 μὴ
3150 5007 3313 5069 αὐτὸς
3343 5007 3447 5059 ὑπὸ
3482 5010 3759 5078 μικροψυ-

2173 5102 2294 5166 χίας
2331 5097 2663 5168 ὡρμημένος
2694 5099 2828 5167 πρὸς
2859 5099 2951 5152 τὸν
2998 5100 3140 5152 κατὰ
3177 5098 3270 5151 σοῦ
3305 5100 3543 5170 πόλεμον
3578 5100 3766 5172 φανῆ-

2176 5206 2288 5243 ναι.
2345 5191 2497 5241 Ἑπεὶ
2530 5190 2586 5242 δέ
2621 5189 2808 5259 ἐώρων
2839 5190 3082 5258 ἀνήνυτα
3124 5191 3325 5258 πονῶν,
3352 5193 3445 5245 καὶ
3473 5193 3549 5263 μὴ
3580 5210 3766 5263 μεγα-

2178 5283 2442 5350 λοψυχίαν
2488 5282 2591 5351 ήδη
2660 5286 2756 5335 καὶ
2806 5283 3254 5353 εὐγνωμοσύνην,
3305 5284 3424 5337 ἀλλ’
3487 5284 3765 5355 ἀμέλειαν

2178 5372 2289 5425 τῶν
2323 5373 2635 5441 ὁμοφύλων,
2667 5372 2763 5425 καὶ
2812 5373 3107 5441 προδοσίαν
3139 5376 3309 5430 οὖσαν
3349 5377 3451 5447 τὴν
3491 5378 3765 5447 μέλλησιν

2136 5531 2159 5548 .
2181 5465 2385 5534 σχεδὸν,
2399 5465 2508 5518 οὐδ’
2527 5464 2700 5529 οὕτως
2731 5466 2823 5519 ἐπὶ
2849 5467 2948 5537 τὴν
2968 5469 3049 5520 σοὶ
3077 5469 3458 5539 προσήκουσαν
3472 5469 3593 5541 ἥκω
3614 5474 3725 5541 γῆν
3747 5487 3764 5501 ·

2179 5554 2314 5607 ἀλλά
2345 5555 2445 5616 τὰς
2480 5555 2847 5627 ἀφῃρημένας
2896 5557 3083 5620 πόλεις
3120 5556 3505 5623 ἀνασώζεσθαι
3542 5560 3766 5631 πειρῶ-

2184 5662 2304 5713 μαι,
2340 5647 2424 5715 ἐφ’
2456 5640 2543 5710 αἷς
2595 5646 2760 5711 αὐτὸς
2803 5647 3021 5705 ἀδικίαν
3080 5664 3178 5705 και
3231 5650 3546 5718 πλεονεξίαν
3591 5653 3771 5723 ἐγκα-
