3996 6218
327 237 428 299 165

325 439 588 506 εγκαλοῖν
624 440 749 502 τοὺς
785 439 974 507 φῶρας
997 457 1009 470 ’
1048 442 1141 493 καὶ⁴
1179 440 1377 509 ὥσπερ
1410 458 1464 493 τι
1513 440 1623 493 τῶν
1671 441 1898 492 δικαίων

327 530 797 600 προϐαλλόμενος,
844 532 1153 601 ἀπληστίαν
1198 532 1504 596 ὀνειδίζεις,
1547 533 1630 584 δτι
1668 532 1729 583 τὸ
1765 529 1910 583 πλεῖ-

328 638 460 674 στον
486 623 585 690 τῆς
620 623 797 691 ἀρχῆς
834 621 1121 692 Ῥωμαίων
1147 625 1286 693 ἔχων
1310 624 1491 687 αὐτὸς,
1523 625 1603 676 σοὶ
1634 622 1726 675 τοῦ
1758 624 1909 676 ἐλάτ-

326 730 482 775 τονος
526 712 587 765 οὐ
646 713 910 781 βούλομαι
959 718 1331 785 παραχωρεῖν.
1376 715 1548 767 Τοῦτο
1582 714 1659 779 δὲ,
1712 710 1755 767 ὧ
1791 713 1910 782 ea-

325 820 505 869 τιστε,
534 804 657 856 οὐδὲ
692 803 875 871 ὀλίγου
903 805 985 859 δεῖ
1012 806 1106 857 τοῦ
1138 806 1295 872 λόγον
1327 806 1472 877 ἔχειν
1519 808 1655 877 πρὸς
1683 806 1743 859 τὸ
1768 801 1908 859 εἶναι

326 897 612 966 εὐπρεπὲς
652 898 748 951 καὶ
793 896 1024 950 δίκαιον.
1066 898 1139 950 Οὐ
1175 898 1283 968 γὰρ
1324 899 1388 968 δὴ
1424 898 1521 969 τὴν
1554 899 1756 952 Μυσῶν
1805 901 1907 969 ἀρ-

326 988 456 1057 χὴν,
483 988 516 1057 ἢ
546 987 869 1058 Παιόνων,ή
906 1006 1066 1041 τινων
1101 988 1276 1041 ἄλλων
1314 988 1643 1057 διειλόμεθα,
1680 990 1713 1060 ἢ
1742 1007 1908 1057 προσ-

323 1076 467 1144 ῆκεν
493 1075 603 1129 οὐδ’
632 1076 839 1146 ἑτέρῳ·
868 1076 1004 1129 ἀλλά
1040 1076 1142 1145 τῆς
1188 1078 1311 1146 ἐμοὶ
1342 1076 1727 1147 προσηκούσης
1775 1076 1906 1128 Ῥω-

328 1169 513 1237 μαίων
544 1169 843 1237 ἡγεμονίας
873 1169 973 1220 οὐκ
1006 1170 1189 1236 ὀλίγον
1226 1169 1392 1237 μέρος
1420 1168 1780 1236 ἀφελόμενος,
1810 1167 1907 1221 καὶ

322 1260 492 1327 χάριν
538 1258 713 1324 ἀξιοῖς
746 1260 948 1313 ειδέναι
995 1260 1123 1331 περὶ
1155 1261 1249 1312 τοῦ
1284 1260 1722 1328 ὑπολειφθέντος.
1766 1259 1907 1327 Ἐγὼ

322 1349 373 1401 δ’
400 1352 486 1401 ὅτι
526 1350 625 1418 μὲν
658 1350 753 1402 καὶ
796 1352 926 1420 πρὶν
968 1353 1047 1411 είς
1075 1349 1235 1402 τοῦτο
1265 1349 1420 1417 ἥκειν
1449 1350 1727 1419 σχήματος
1768 1350 1904 1402 Ῥω-

325 1441 509 1509 μαίων
541 1437 735 1512 ἦρχον,
772 1442 1098 1512 ἀποφαίνειν
1156 1443 1258 1495 οὐκ
1290 1444 1529 1513 ἀνάγκη,
1563 1444 1777 1497 πάντων
1811 1460 1907 1495 σα-

322 1532 581 1600 φέστατα
612 1533 853 1587 εἰδότων.
889 1534 1036 1605 Πλὴν
1072 1535 1191 1587 ἀλλ’
1214 1538 1262 1589 εί
1318 1539 1413 1589 καὶ
1440 1535 1675 1606 ἀφανείᾳ
1733 1534 1902 1605 πολλῇ

318 1623 383 1675 τδ
412 1622 689 1691 πρότερον
717 1622 918 1687 συζῶν,
948 1625 1144 1695 ἀθρόον
1175 1623 1449 1695 ἐωρὼμην
1483 1625 1772 1693 Ῥωμαίων
1804 1624 1905 1693 βα-

321 1712 508 1777 σιλεὺς
538 1752 555 1778 ,
601 1712 777 1776 οὕτως
823 1714 888 1767 ἂν
922 1714 1108 1785 ἠξίουν
1167 1716 1274 1768 τῶν
1329 1714 1906 1786 πρνιϐεϐασιλευκότων

321 1797 467 1866 ἔχειν
494 1801 595 1870 τὴν
623 1802 821 1871 ἀρχὴν,
852 1800 1041 1872 ὥσπερ
1090 1803 1214 1856 τινὰ
1260 1805 1515 1875 πατρῷον
1554 1804 1776 1872 κλῆρον,
1814 1803 1908 1855 καὶ

324 1890 491 1941 παντί
519 1906 599 1958 τῳ
627 1892 836 1954 δίκαιος
866 1892 931 1946 ἂν
979 1890 1068 1963 ἦν,
1100 1896 1228 1965 περὶ
1258 1896 1529 1949 τοσούτων
1562 1896 1722 1966 μόνον
1768 1897 1907 1948 ὅσων

326 1982 725 2053 ἀπεστέρησας
760 1987 943 2053 αὐτὸς,
969 1988 1105 2040 ἀλλὰ
1151 1988 1246 2042 καὶ
1296 1988 1424 2059 περὶ
1462 1989 1781 2054 ἐλαττόνων,
1814 1991 1909 2043 καὶ

321 2074 432 2129 τῶν
459 2076 737 2145 τυχόντων
764 2080 1148 2149 ἀμφισϐητεῖν,
1171 2083 1265 2134 καὶ
1286 2081 1520 2151 πόλεμον
1538 2083 1734 2146 κινεῖν,
1763 2084 1809 2135 εί
1832 2081 1907 2153 μὴ

321 2165 587 2219 ἐϐούλετο
614 2168 684 2221 τά
708 2169 896 2222 δίκαια
930 2174 1137 2226 πονεῖν.
1179 2173 1331 2240 Ἐμοὶ
1362 2173 1417 2226 δὲ
1448 2174 1508 2226 οὐ
1544 2173 1707 2226 τοῦτο
1747 2173 1907 2243 μόνον

324 2256 593 2323 πρόσεστι
626 2258 930 2329 δικαίωμα,
964 2260 1101 2314 ἀλλά
1147 2261 1242 2314 καὶ
1290 2264 1337 2315 οἱ
1403 2264 1576 2333 ὅρκοι,
1618 2262 1712 2326 οὓς
1747 2263 1908 2325 αὐτὸς

340 2343 578 2414 ὲποιήσω
612 2348 753 2417 πρὸς
793 2349 918 2417 ἐμὲ,
948 2350 1126 2403 καίτοι
1186 2352 1413 2421 μηδέπω
1460 2352 1560 2421 τὴν
1610 2353 1907 2421 ἠγεμονίαν

338 2434 525 2488 πᾶσαν
574 2437 766 2506 έχοντα
835 2436 1144 2507 Ῥωμαίων.
1184 2440 1417 2494 Ἀτοπον
1469 2442 1578 2511 γὰρ
1630 2444 1751 2494 τότε
1806 2442 1908 2512 μὲν

332 2524 485 2593 μήτε
518 2526 613 2595 τὴν
660 2527 1037 2595 περισχοῦσαν
1083 2529 1451 2600 δυσπραγίαν,
1488 2532 1627 2602 μήτε
1667 2532 1726 2585 τὸ
1777 2533 1907 2586 Ῥω-

329 2616 534 2685 μαίους
584 2618 708 2685 ἐμοὶ
756 2618 1012 2673 τοσοῦτον
1061 2621 1577 2693 ἐκπεπολεμῶσθαι,
1644 2623 1771 2693 μήθ’
1820 2624 1903 2678 ὅτι

328 2704 478 2772 πρὸς
513 2704 615 2774 τὴν
667 2706 761 2777 σὴν
822 2710 1142 2780 ἐπικουρίαν
1195 2713 1484 2784 ἀφεώρων,
1516 2714 1655 2766 ὥστε
1684 2716 1908 2786 δυνήσε-

329 2794 467 2849 σθαι
504 2798 615 2851 τῶν
659 2799 829 2853 ἄλλων
882 2796 1021 2856 εἶναι
1045 2803 1258 2873 κύριος,
1294 2806 1421 2876 μήτ’
1447 2806 1574 2860 ἄλλο
1600 2809 1769 2877 μηδὲν
1800 2810 1907 2863 τῶν

328 2892 684 2958 φαινομένων
734 2891 855 2943 τότε
915 2893 1209 2965 δυσχερῶν,
1264 2898 1345 2948 σοι
1394 2901 1576 2952 πεῖσαι
1628 2901 1739 2954 τῶν
1778 2902 1909 2958 Ῥω-

331 2976 527 3047 μαίοις
576 2979 837 3049 ὑπηκόων
911 2983 1120 3037 πόλεων
1182 2991 1741 3059 παρακεχωρηκέναι,
1789 2993 1903 3047 ἀλλ’
1931 3013 1973 3071 c

328 3068 615 3139 αἱρεῖσθαι
648 3072 853 3138 μᾶλλον
886 3072 1276 3143 ἀποθνήσκειν,
1310 3078 1345 3148 ἢ
1374 3095 1426 3132 τι
1449 3082 1711 3149 πράττειν
1741 3084 1903 3151 ἀγεν-

329 3161 447 3227 νὲς,
483 3162 545 3215 σε
582 3162 641 3215 δὲ
675 3164 879 3233 μᾶλλον
910 3167 1008 3229 τάς
1052 3166 1348 3237 Ῥωμαίοις
1406 3172 1685 3237 ὑπηκόους
1723 3176 1907 3238 πόλεις

324 3254 465 3323 ἐμοὶ
493 3257 683 3308 πεῖσαι
711 3256 1054 3327 ψηφίσασθαι
1090 3263 1427 3331 προσήκειν⁸
1462 3266 1579 3318 νυνὶ
1605 3266 1652 3319 δ’
1681 3268 1769 3320 ὅτε
1804 3268 1908 3338 τῆς

321 3344 517 3415 ἀρχῆς
557 3347 779 3416 ἀπάσης
811 3349 999 3419 κύριος
1038 3352 1200 3413 αὐτὸς
1234 3356 1530 3425 κατέστην,
1557 3359 1651 3411 καὶ
1676 3359 1908 3430 δύναμιν

320 3437 734 3491 ἀνακαλεῖσθαι
764 3440 834 3491 τά
861 3442 1189 3514 ἀφῃρημένα
1218 3444 1348 3514 ἔχω,
1389 3447 1420 3515 ἦ
1448 3449 1741 3519 φρονήσειν
1766 3451 1909 3505 οὕτω

321 3526 528 3595 δοῦλα,
560 3528 691 3582 ὥσθ’
733 3532 915 3586 ἑκοντὶ
960 3538 1309 3606 παραχωρεῖν
1347 3537 1456 3590 τῶν
1511 3540 1742 3606 πόλεων,
1782 3542 1814 3610 ἢ
1849 3540 1910 3595 σὲ

321 3618 504 3685 λόγον
543 3620 758 3676 οίεσθαι
789 3622 969 3691 λέγειν
1020 3626 1214 3694 ἔχοντα
1246 3629 1471 3682 τοιαῦτα
1497 3632 1771 3695 ἀξιοῦντα.
1820 3633 1909 3696 Ὠς

327 3710 457 3778 μὲν
478 3704 569 3763 οὖν
597 3714 698 3766 οὐκ
721 3715 945 3779 ἀδικῶν,
980 3717 1099 3770 οὐδὲ
1130 3720 1406 3789 ἐπιορκῶν
1440 3722 1604 3786 αὐτὸς
1630 3724 1753 3778 οὔτε
1776 3726 1910 3795 πρό-

323 3818 507 3872 τερον
540 3804 821 3876 φαίνομαι,
854 3807 979 3861 οὔτε
1024 3810 1139 3874 νῦν,
1174 3813 1237 3865 ἐκ
1264 3813 1372 3867 τῶν
1403 3815 1711 3885 εἰρημένων
1743 3819 1908 3871 πᾶσιν

323 3888 490 3947 εἶναι
518 3895 703 3965 οίομαι
753 3900 1083 3966 καταφανές.
1112 3901 1172 3954 El
1202 3904 1301 3970 μὲν
1328 3900 1444 3971 οὖν,
1477 3908 1527 3958 εί
1559 3909 1652 3960 καὶ
1679 3909 1752 3979 μὴ
1777 3910 1911 3977 πρό-

325 4001 532 4054 τερον,
576 3987 712 4041 ἀλλὰ
758 3990 854 4042 νῦν
880 3991 1038 4058 γοῦν,
1066 3994 1138 4046 τὰ
1165 3992 1352 4049 δίκαια
1388 4001 1559 4050 ποιεῖν
1586 4000 1790 4063 ἐθέλεις
1818 4003 1911 4055 καὶ

325 4078 532 4141 αὐτὸς,
566 4081 657 4134 καὶ
693 4082 1055 4152 Ἀκαρνανίαν
1087 4085 1421 4151 ἀποδιδόναι,
1455 4091 1549 4143 καὶ
1595 4091 1910 4161 Θετταλίαν,

1526 238 1574 296 Il
1592 231 2063 298 ISTORIARUM
2097 233 2324 293 LIBER
2368 233 2463 295 IV.

324 348 465 409 λεῖς’
500 346 889 415 παραπλήσιον
918 347 1087 399 ποιῶν
1113 350 1176 417 τῇ
1208 348 1497 418 παροιμίᾳ,
1529 348 1715 417 ἥφησι
1742 362 1907 417 προσ⁴

2012 343 2382 414 principatum
2426 387 2441 411 ,

3485 238 3583 303 166

2533 346 2997 415 quemadmodum
3071 349 3127 401 in
3202 349 3578 409 haareditatem

2012 434 2303 503 quamdam
2328 444 2607 503 paternam
2635 437 2970 492 successisse
2992 438 3315 503 arbitrarer,
3347 444 3582 512 totisque

2013 525 2225 579 viribus
2264 527 2492 589 debere,
2526 536 2579 580 et
2609 528 2893 583 verissime
2924 545 3104 598 posse.
3146 547 3253 585 non
3293 533 3470 586 solum
3511 535 3582 590 de

2012 616 2080 670 iis
2140 632 2262 685 qum
2302 626 2358 671 tu
2386 619 2643 681 avellisti,
2684 620 2777 673 sed
2820 620 2887 675 de
2936 622 3244 675 minoribus
3274 640 3492 693 quoque
3526 636 3583 680 et

2012 708 2167 776 parvi
2204 710 2466 763 momenti
2501 725 2625 764 cum
2678 713 2875 780 quovis
2914 715 3282 791 contendere,
3319 717 3582 787 illumque

2013 800 2066 851 ni
2099 797 2331 866 justitize
2364 815 2568 854 munus
2615 814 2876 871 prmstare
2922 806 3095 870 velit,
3147 806 3293 861 bello
3337 810 3581 877 aggredi.

2014 888 2131 942 Non
2159 890 2335 942 solum
2368 902 2550 944 autem
2596 892 2699 945 hoc
2725 894 3070 949 ﬁrmamento
3106 912 3267 951 causa
3300 914 3415 952 mea
3448 901 3583 953 niti-

2013 986 2122 1042 tur,
2164 979 2256 1033 sed
2291 980 2607 1049 juramento
2647 984 2890 1053 insuper,
2922 1001 3033 1055 quo
3064 997 3114 1039 te
3167 989 3298 1041 mihi
3325 1030 3338 1051 ,
3372 999 3425 1043 et
3456 994 3584 1059 qui-

2010 1068 2135 1122 dem
2171 1070 2413 1123 nondum
2455 1073 2626 1126 totius
2662 1074 3037 1129 Romanorum
3083 1077 3299 1146 imperii
3341 1082 3581 1150 eompoti

2013 1159 2386 1214 obstrinxisti.
2420 1162 2616 1216 Parum
2646 1165 2792 1218 enim
2822 1178 3253 1221 consentaneum
3275 1182 3439 1231 esset,
3467 1183 3579 1226 tum

2009 1266 2190 1319 neque
2216 1252 2634 1307 circumstantes
2674 1270 2763 1308 me
2799 1257 3040 1325 undique
3062 1274 3241 1321 casus,
3272 1276 3446 1329 neque
3475 1264 3584 1317 Ro-

2010 1356 2299 1395 manorum
2329 1352 2541 1396 tantum
2578 1344 2632 1398 in
2678 1360 2765 1399 me
2796 1346 3006 1407 odium,
3036 1363 3211 1416 neque
3243 1352 3388 1417 quod
3422 1367 3580 1421 opem

2010 1440 2159 1485 tuam
2196 1433 2591 1500 implorabam,
2650 1452 2760 1505 quo
2786 1437 3014 1491 aliorum
3071 1439 3332 1496 dominus
3383 1446 3581 1497 evade-

2012 1538 2153 1587 rem,
2201 1540 2383 1593 neque
2432 1527 2578 1580 aliud
2617 1528 2897 1597 quippiam
2929 1546 3144 1595 eorum,
3177 1548 3298 1601 quae
3330 1544 3457 1589 tunc
3488 1538 3583 1590 ad-

2009 1632 2164 1671 versa
2202 1617 2359 1671 nobis
2382 1616 2735 1684 videbantur,
2771 1622 2908 1674 mihi
2942 1626 3307 1690 persuasisse,
3341 1634 3400 1679 ut
3426 1629 3548 1683 urbi
3572 1658 3584 1671 ο

1938 1693 1979 1747 Β
2010 1707 2113 1762 bus
2158 1708 2423 1764 Romanis
2455 1710 2552 1763 tibi
2588 1710 2864 1776 cederem,
2902 1712 2995 1765 sed
3029 1715 3164 1766 mori
3203 1726 3535 1784 praeoptasse
3562 1757 3579 1783 ,

2009 1814 2171 1868 quam
2207 1799 2491 1869 indignum
2523 1802 2823 1871 quidquam
2865 1804 3184 1865 admittere.
3235 1816 3289 1861 et
3331 1817 3381 1860 Ie
3406 1810 3586 1877 potius

2009 1891 2376 1958 permovisse,
2405 1903 2464 1947 ut
2524 1892 2900 1948 Romanorum
2929 1897 3185 1950 civitates
3220 1898 3353 1950 mihi
3388 1899 3582 1953 deberi

2012 1979 2345 2037 decerneres
2391 1999 2404 2036 :
2454 1998 2603 2038 nunc
2637 1985 2859 2053 quando
2896 1995 3068 2039 totum
3108 1987 3163 2039 in
3202 2003 3363 2040 manu
3406 1988 3584 2041 habeo

2010 2073 2323 2139 imperium,
2353 2082 2409 2127 et
2435 2088 2497 2127 ea
2527 2089 2647 2128 sum
2685 2078 2951 2145 potentia,
2981 2088 3039 2132 ut
3063 2076 3237 2131 ablata
3264 2093 3585 2147 recuperare

2008 2176 2229 2230 queam,
2264 2173 2359 2217 aut
2403 2165 2475 2218 ita
2520 2168 2817 2220 summisso
2888 2183 2950 2221 ac
2990 2170 3175 2223 servili
3202 2184 3325 2224 esse
3376 2170 3581 2232 animo,

2011 2260 2070 2306 ut
2118 2253 2286 2307 urbes
2341 2255 2442 2308 tibi
2479 2256 2668 2310 volens
2729 2258 3075 2325 relinquam,
3131 2270 3225 2313 aut
3261 2273 3476 2328 putare,
3530 2269 3582 2316 te

2010 2345 2153 2398 istuc
2184 2345 2575 2414 postulantem.
2612 2346 2810 2400 rationi
2852 2350 3252 2402 convenienter
3290 2350 3463 2417 loqui.
3499 2352 3582 2405 Me

2013 2433 2181 2503 igitur
2213 2449 2314 2488 nec
2345 2435 2608 2504 injurium
2632 2476 2646 2502 ,
2679 2450 2783 2490 nec
2804 2440 3087 2507 perjurum
3114 2439 3196 2492 vel
3239 2448 3363 2493 ante
3392 2441 3583 2507 fui~se,

2009 2525 2095 2579 vel
2137 2525 2302 2579 modo
2341 2540 2483 2591 esse,
2516 2541 2583 2580 ex
2622 2527 2785 2582 dictis
2836 2539 3022 2596 patere
3062 2530 3320 2583 omnibus
3363 2532 3581 2599 opinor.

2009 2617 2191 2682 Quare
2216 2618 2261 2672 si
2291 2618 2374 2672 vel
2413 2633 2561 2672 nunc
2597 2620 2806 2671 servire
2848 2621 3075 2689 justitia:
3129 2632 3183 2675 et
3216 2625 3459 2691 a‘quilati
3493 2636 3578 2678 est

2009 2710 2249 2767 animus,
2286 2718 2341 2762 et
2378 2709 2767 2773 Acarnaniam;
2804 2710 3169 2779 Thessaliam,
3211 2724 3375 2783 atque
3419 2718 3584 2771 urbes

2008 2815 2145 2869 quas
2179 2799 2353 2854 habes
2408 2800 2460 2853 in
2516 2800 2860 2861 Macedonia.
2911 2804 3225 2866 restituere,
3275 2808 3582 2875 przetcritas

2010 2893 2240 2962 injurias
2270 2893 2413 2946 haud
2450 2893 2503 2945 in
2539 2908 2734 2963 magno
2755 2909 2950 2961 ponam
2978 2896 3336 2952 discrimine:
3360 2902 3583 2968 quando

2009 2997 2106 3037 eas
2135 2998 2326 3037 amore
2384 2992 2442 3037 et
2474 2983 2681 3037 honore
2721 2984 2853 3038 mihi
2891 2986 3228 3055 temporibus
3265 2989 3399 3043 meis
3423 2992 3583 3045 exhi-

2008 3076 2126 3131 bito
2152 3091 2514 3144 compensas.
2552 3076 2971 3145 instauratoque
3011 3077 3222 3132 findere
3292 3088 3345 3132 et
3398 3096 3581 3136 sacra-

2008 3176 2219 3231 mento,
2244 3167 2313 3221 de
2340 3156 2552 3236 integro
2583 3176 2641 3220 ut
2676 3165 2914 3220 amicum
2959 3175 3013 3220 et
3046 3168 3255 3222 socium
3298 3178 3347 3222 te
3374 3169 3582 3238 ample-

1968 3328 1975 3335 ,
2009 3284 2149 3336 ctar,
2182 3285 2511 3339 rursumque
2552 3269 2737 3324 studio
2778 3278 2945 3339 atque
2989 3270 3332 3325 observantia
3370 3280 3460 3327 tua
3498 3272 3583 3327 di-

2009 3380 2175 3436 gnum
2202 3378 2288 3416 me
2321 3362 2390 3415 ab
2422 3362 2582 3415 initio
2610 3361 2916 3415 ostendam.
2965 3361 3059 3416 Sin
3105 3375 3286 3418 autem
3337 3368 3421 3435 ius
3468 3366 3579 3421 l'as-

2010 3470 2116 3525 que
2146 3452 2478 3519 contemnis,
2525 3461 2583 3506 et
2632 3452 2885 3521 injuriam
2936 3452 3143 3507 inferre
3228 3471 3290 3508 ac
3337 3457 3583 3525 peierare

2011 3542 2308 3605 imbibisti,
2333 3556 2432 3611 ego
2462 3541 2530 3595 de
2560 3540 2809 3594 Romano
2835 3541 3065 3608 imperio
3094 3542 3229 3594 nihil
3264 3542 3533 3596 dimittam
3565 3561 3579 3597 :

2012 3634 2184 3688 Deum
2208 3646 2338 3685 vero
2358 3629 2717 3699 jurisjurandi
2751 3629 3063 3696 praesidem,
3092 3639 3148 3682 et
3177 3628 3448 3691 homines,
3482 3632 3577 3699 qui

2013 3734 2145 3777 tunc
2172 3720 2419 3785 aderant,
2451 3733 2574 3772 cum
2597 3718 2898 3785 juraretur,
2935 3725 2990 3770 et
3020 3732 3165 3797 nunc
3191 3717 3409 3783 adsunt,
3447 3720 3577 3772 dum

2012 3817 2081 3869 ad
2108 3813 2423 3883 aequitatem
2446 3823 2708 3880 provOco,
2747 3818 2803 3863 et
2829 3808 2973 3864 bello
3002 3809 3365 3881 supersedere
3396 3813 3581 3880 cupio,

1976 3887 2207 3969 lDeum,
2237 3904 2486 3971 inquam,
2512 3900 2878 3968 hominesque
2911 3907 3107 3965 testor,
3157 3902 3259 3956 nisi
3288 3906 3379 3973 jus
3404 3921 3583 3959 meum

2012 4010 2337 4065 consequar,
2363 4007 2451 4047 me
2479 3991 2648 4046 armis
2666 4029 2680 4054 ,
2704 4002 2760 4045 et
2790 3991 3114 4061 quz’habeo
3141 4008 3490 4056 conservare,
3528 4006 3585 4050 et

2013 4104 2135 4161 qua:
2164 4086 2346 4141 ablata
2382 4091 2513 4139 sunt
2544 4083 2793 4153 recipere
2821 4094 3171 4141 conaturam.
3194 4085 3351 4152 Quod
3386 4088 3429 4141 si
3458 4087 3585 4143 inde

324 4170 442 4224 καὶ
473 4170 571 4234 τάς
598 4172 759 4236 ἄλλας
789 4174 855 4237 ἃς
881 4175 1027 4244 ἔχεις
1064 4177 1165 4247 τῆς
1197 4180 1537 4245 Μακεδονίας
1571 4183 1775 4251 πόλεις,
1813 4185 1907 4256 τῆς

2014 4179 2326 4246 evenerint,
2354 4192 2479 4246 qua:
2520 4184 2576 4229 tu
2603 4176 2830 4230 minime
2863 4177 3054 4241 velles,
3084 4192 3152 4230 ne
3182 4175 3339 4240 mihi,
3370 4179 3461 4231 sed
3487 4178 3585 4232 tibi

324 4261 620 4332 προτέρας
650 4264 864 4329 ἀδικίας
906 4267 1086 4335 ὀλίγον
1130 4272 1426 4342 ποιήσομαι
1465 4274 1558 4326 τὸν
1603 4273 1782 4342 λόγον,
1816 4277 1907 4347 τῆς

2016 4276 2281 4336 irascare,
2315 4267 2409 4337 qui
2439 4266 2639 4337 juratis
2664 4279 2885 4320 manere
2909 4266 3176 4320 nolueris.

326 4357 531 4427 φιλίας
575 4361 954 4431 ἀμειϐόμενος⁹
1004 4368 1099 4418 καὶ
1145 4367 1243 4437 τῆς
1275 4365 1702 4443 φιλοτιμίας,ἦς
1752 4373 1915 4441 ἡνίκα
1955 4373 2186 4440 ἐδεόμην
2252 4363 2533 4427 ἐπεδείξω,
2564 4361 2659 4414 καὶ
2729 4361 2828 4423 τὰς
2877 4363 3150 4431 προτέρας
3204 4357 3590 4429 ἀνανεω’σάμε·

326 4468 440 4513 νος
469 4452 719 4519 σπονδὰς,
757 4456 1001 4519 καὶτοὺς
1034 4459 1249 4528 ὅρκους,
1286 4456 1442 4525 αὖθις
1511 4461 1801 4534 σύμμαχον
1872 4466 1967 4519 καὶ
2002 4464 2155 4533 φίλον
2196 4459 2305 4524 ἔξω
2333 4498 2347 4521 ,
2380 4456 2476 4509 καὶ
2520 4452 2859 4523 πειράσομαι
2912 4454 3147 4521 ἐμαυτὸν
3198 4454 3590 4505 ἀποδεικνύναι

324 4542 505 4605 αὖθις
543 4544 778 4616 ὲξαρχῆς
809 4548 959 4613 ἀξιον
987 4550 1086 4619 τῆς
1119 4553 1270 4627 παρά
1325 4552 1418 4606 σοῦ
1467 4555 1779 4627 φιλοτιμίας
1815 4558 1910 4612 καὶ
1949 4555 2208 4624 σπουδῆς.
2257 4551 2320 4605 El
2370 4548 2415 4603 δ’
2472 4542 2628 4608 αὖθις
2670 4543 2823 4597 οὒδέν
2895 4544 3103 4598 δίκαιον
3159 4546 3335 4597 ποιεῖν
3378 4545 3590 4613 διανοῇ.

326 4636 470 4692 ἀλλ’
493 4638 700 4691 ἀδικεῖν
722 4642 959 4707 εἰσάπαξ
1026 4621 1212 4712 ἔγνως
1254 4646 1350 4700 καὶ
1383 4621 1686 4717 ἐπιορκεῖν,
1723 4648 1833 4717 ἐγὼ
1898 4649 2007 4720 μὲν,
2035 4621 2155 4700 τῶν*
2184 4641 2575 4716 προσηκόντων
2615 4641 2682 4709 τῇ
2724 4638 3015 4705 Ῥωμαίων
3073 4637 3320 4707 βασιλείᾳ
3375 4636 3589 4695 οὐδενὸς

332 4733 743 4802 παραχωρήσω
763 4750 777 4765 ⁸
807 4735 941 4789 Θεὸν
982 4736 1038 4789 δὲ
1069 4740 1487 4809 μαρτυράμενος
1521 4740 1609 4795 τὸν
1633 4741 1829 4813 ἔφορον
1850 4742 1959 4796 τῶν
1990 4742 2189 4811 ὅρκων,
2222 4737 2315 4790 και)⁵
2337 4732 2677 4806 ἀνθρώπους,
2722 4732 2770 4785 οἶ
2828 4732 2946 4785 τότε
3001 4749 3059 4784 τε
3112 4730 3368 4799 παρῆσαν
3391 4730 3448 4781 ἐν
3478 4728 3593 4787 τοῖς

328 4827 558 4895 ὅρκοις.
587 4828 678 4879 καὶ
701 4827 794 4879 νῦν
826 4829 1100 4900 πάρεισιν,
1170 4833 1303 4901 ἐμοῦ
1358 4834 1429 4886 τὰ
1501 4834 1690 4889 δίκαια
1756 4833 2220 4907 προκαλουμένου,
2260 4832 2353 4883 καὶ
2408 4829 2698 4881 καταλύειν
2741 4826 2832 4880 τὸν
2876 4826 3109 4895 πόλεμον
3170 4826 3466 4883 ἐθέλοντος.
3522 4819 3594 4872 ἂν

331 4922 609 4987 τυτχάνω
652 4922 760 4975 τῶν
789 4922 1035 4990 δικαίων,
1080 4926 1415 4997 πειράσομαι
1449 4930 1563 4992 τοῖς
1593 4930 1779 4993 ὅπλοις
1818 4930 1918 5001 τήν
1948 4947 2007 4983 τε
2037 4924 2207 4980 οὖσαν
2228 4923 2538 4986 διασὼξ-ειν,
2569 4922 2662 4974 καὶ
2685 4921 2783 4991 τὴν
2826 4919 3188 4989 ἀφῃρημένην
3243 4917 3414 4985 ἀρχὴν
3454 4916 3589 4966 ἀναο

334 5011 659 5065 καλεῖσθαι.
688 5016 790 5067 Ἦν
844 5016 902 5067 δέ
965 5034 1088 5069 τινα
1134 5018 1408 5091 συμϐαίνῃ
1456 5019 1692 5091 δυσχερῆ
1741 5020 1829 5075 διὰ
1876 5022 1968 5076 τὸν
2003 5019 2261 5089 πόλεμον,
2292 5015 2367 5087 μὴ
2403 5014 2525 5086 ἐμοὶ
2552 5013 2647 5084 τὴν
2678 5012 2883 5074 αἰτίαν,
2918 5010 3053 5063 ἀλλά
3078 5007 3258 5078 σαυτῷ
3289 5008 3398 5058 τῶν
3445 5022 3592 5074 γίνου

338 5104 538 5176 μένων
573 5106 648 5176 μὴ
680 5106 882 5178 εὔορκα
905 5111 1079 5163 ποιεῖν
1104 5109 1561 5181 προσλογίζεσθαι
1590 5112 1847 5167 ἐθέλοντι.

1660 5225 1825 5296 739
1860 5223 2084 5281 CAPUT
2124 5222 2267 5277 xxx.

341 5313 545 5371 Crates
576 5314 895 5377 obmutescit,
952 5317 1247 5390 perjurium
1297 5318 1630 5390 conﬁtetur;
1655 5317 1833 5390 ablata
1866 5319 2138 5390 restituere
2178 5313 2477 5390 nouauit;
2522 5326 2576 5365 re
2623 5326 2724 5390 non
2759 5309 3042 5390 composita
3079 5306 3388 5390 disceditur;
3413 5303 3593 5390 Q‘uqnf

426 5394 606 5454 tepere
635 5373 1256 5462 imperatorem-limem.
1309 5373 1440 5456 Ejus
1489 5373 1813 5462 pertinacia,
1851 5387 2107 5462 _quamvis
2135 5386 2349 5462 _timjdi.
2393 5373 2569 5462 Quare
2618 5380 2769 5462 nrbes
2832 5383 3057 5462 retinere
3110 5373 3592 5462 cupiqt..Te§m‘lfff

422 5445 724 5519 imperator
748 5470 801 5529 se
833 5456 902 5507 ad
938 5455 1278 5529 bellumejus
1306 5445 1641 5523 improbitate
1669 5445 1812 5525 cogi:
1848 5445 2091 5529 Terretur
2123 5445 2630 5529 Crales,_etjpudori
2658 5467 2750 5503 suo
2777 5449 2978 5529 censu-li
3023 5445 3194 5529 rogat:
3240 5445 3591 5529 ίηὶᾳυὶεαιεηι

428 5525 477 5577 ei
501 5517 715 5577 rursum
741 5525 1028 5593 imperator
1063 5517 1277 5593 objicit;
1307 5517 1425 5582 cuin
1458 5542 1519 5580 eo
1544 5529 1693 5581 urbes
1726 5517 1980 5595 partitur,
2008 5542 2070 5578 ac
2099 5541 2283 5597 pacem
2317 5517 2472 5592 facit,
2528 5530 2683 5592 atque
2718 5521 2787 5573 ad
2826 5518 3006 5589 epulas
3045 5517 3274 5571 adhibet.

430 5638 671 5694 Τοιαῦτα
722 5642 821 5712 μὲν
870 5642 1318 5713 Καντακουζηνδς
1348 5643 1375 5695 ὁ
1413 5641 1664 5712 βασιλεὺς
1715 5642 1801 5711 ἐφ’
1840 5636 1907 5704 οἷς

2101 5638 2223 5694 Haec
2246 5637 2591 5710 imperatoris
2611 5636 2675 5691 ad
2701 5635 2874 5691 Cralis
2896 5633 3335 5691 criminationem
3362 5644 3591 5703 respon-
