3996 6218
425 250 524 312 16Ἷ

1579 229 1904 296 JOANNIS
1944 219 2437 287 CANTACUZEN
2446 219 2472 278 Ι

3558 206 3665 270 1θὸ

418 368 500 421 sio
532 363 668 417 fuit:
697 361 786 415 cui
820 374 944 413 cum
969 357 1056 412 ille
1081 367 1359 425 opponere
1385 349 1524 405 nihil
1555 355 1746 420 posset
1767 343 1994 416 (quippe

2122 335 2354 403 .γκαλεῖν
2384 333 2412 385 ὁ
2439 329 2668 402 Κράλης
2713 324 3014 397 ἐπεχείρει,
3067 322 3437 393 ἀπεκρίνατο⁹
3467 323 3496 375 ό
3525 323 3685 392 Κρά-

417 473 581 528 quem
627 453 950 524 injuriarum
1033 458 1196 516 atque
1244 442 1488 514 perﬁdite
1518 439 1852 496 conscientia
1893 436 1992 490 sti-

419 547 676 611 mularet)
727 541 948 611 paulum
1005 533 1312 590 conticuit:
1364 531 1562 587 deinde
1607 531 1992 598 imperatorem

423 637 637 707 rogavit
663 674 678 695 ,
716 633 792 687 uti
845 628 1170 684 secedentes
1213 625 1282 680 de
1316 621 1692 679 controversia
1743 634 1839 674 sua
1873 617 1993 671 sine

422 727 649 780 arbitris
678 722 1145 787 colloquerentur.
1179 713 1408 777 Annuit,
1452 711 1740 766 secedunt.
1766 707 1845 762 lbi
1879 716 1993 761 tum

422 818 610 874 Crales
632 810 904 869 conﬁteri.
933 823 991 863 se
1020 807 1178 860 ﬁdem
1210 821 1402 874 parum
1441 814 1684 859 sanctam
1715 799 1994 872 habuisse,

423 918 723 972 contraque
768 900 950 956 lanius
999 897 1378 952 Romanorum
1411 893 1609 964 oppida
1640 905 1935 960 occupasse
1979 907 1994 942 :

425 1016 522 1053 nec
560 1007 741 1049 tamen
789 993 858 1046 ad
885 989 1228 1046 reddendum
1282 985 1646 1056 propendere,
1687 982 1782 1038 sed
1817 996 1996 1045 orare,

423 1090 619 1145 collata
666 1089 719 1140 in
761 1101 819 1140 se
855 1083 1124 1138 beneﬁcia
1163 1079 1306 1148 apud
1340 1078 1584 1131 animum
1632 1075 2000 1135 recoleret,et

426 1184 567 1236 hanc
620 1179 724 1232 sibi
775 1177 1005 1246 gratiam
1058 1173 1431 1242 persolveret,
1464 1179 1527 1222 ut
1571 1165 1840 1220 ambobus
1871 1163 2002 1216 reti-

427 1271 690 1324 nentibus
742 1266 888 1336 quod
929 1265 1222 1326 haberent,
1255 1264 1327 1314 ita
1383 1261 1601 1313 demum
1653 1255 1831 1310 tardus
1880 1254 2005 1308 feri-

433 1372 577 1417 rent.
630 1361 767 1414 Cum
819 1358 956 1412 nihil
1006 1362 1092 1410 vel
1151 1354 1436 1408 minimum
1487 1349 1910 1408 concederetur,
1944 1361 2002 1400 re

431 1453 777 1521 imperfecta,
815 1448 1004 1504 Crales
1036 1448 1091 1500 in
1124 1455 1327 1506 castra,
1366 1444 1663 1511 imperator
1721 1440 1774 1493 in
1812 1439 2002 1492 urbem

429 1546 618 1600 rediit.
651 1541 924 1597 Postridie
958 1540 1164 1604 denuo,
1197 1549 1255 1592 ut
1293 1537 1436 1590 inter
1471 1550 1529 1588 se
1556 1531 1783 1603 polliciti
1805 1541 1960 1585 erant.
1986 1570 2001 1595 ,

431 1638 791 1698 conveniunt,
820 1634 1131 1700 eademque
1198 1631 1486 1691 iterantur,
1540 1635 1594 1681 et
1627 1640 1806 1693 neque
1838 1623 2007 1691 impe-

432 1737 582 1782 rator
635 1726 704 1780 de
762 1722 1090 1793 repetitione
1149 1720 1367 1774 urbium
1419 1725 1811 1784 occupatarum
1848 1711 2008 1780 quid-

432 1835 594 1889 quam
628 1817 936 1882 remittere,
977 1829 1154 1883 neque
1205 1811 1392 1866 Crales
1417 1824 1510 1864 eas
1551 1807 1801 1867 reddere,
1832 1820 2010 1874 quan-

433 1927 599 1983 quam
628 1910 861 1974 diccret,
889 1915 1098 1960 tantum
1131 1919 1189 1958 se
1223 1903 1475 1956 timorem
1509 1896 1860 1967 imperatoris
1879 1910 2012 1950 con-

435 2003 668 2071 cepisse,
702 2008 763 2054 ut
813 2000 977 2052 etiam
1029 1995 1072 2048 si
1128 2010 1227 2062 per
1285 1991 1560 2048 somnium
1600 2003 1726 2042 eum
1758 1987 2009 2052 videret,

437 2094 624 2149 statim
660 2089 1174 2160 expergisceretur:
1215 2091 1291 2148 et,
1319 2083 1360 2134 si
1395 2082 1460 2134 de.
1498 2081 1638 2134 bello
1667 2094 1790 2133 cum
1823 2093 1889 2133 eo
1919 2093 2011 2147 ge-

437 2185 610 2240 rendo
670 2184 958 2250 cogitaret,
1020 2186 1314 2244 antequam
1378 2187 1570 2226 somno
1610 2172 2012 2240 consopiretnr,

437 2289 548 2344 pra:
580 2281 726 2324 metu
780 2267 943 2322 anxio
993 2275 1211 2320 noctem
1253 2263 1522 2316 insomnia
1557 2260 1869 2315 traducere.
1903 2259 2014 2312 Ne-

437 2383 544 2437 que
575 2379 706 2420 vero
735 2362 987 2417 morbum
1024 2358 1238 2412 celabat
1267 2371 1424 2410 suum
1459 2371 1471 2407 :
1498 2355 1629 2423 quin
1665 2354 1838 2423 palam
1868 2351 2012 2422 apud

440 2461 737 2519 Romanos,
766 2463 820 2508 et
847 2451 1121 2507 Triballos
1151 2448 1445 2512 narrabat,
1488 2462 1546 2500 se
1584 2446 1636 2499 in
1680 2445 1826 2498 onmi
1857 2453 2012 2498 ante-

440 2557 560 2600 acta
594 2547 704 2598 vita
733 2544 943 2597 nullum
985 2540 1217 2609 perinde
1252 2539 1563 2597 mortalem,
1597 2546 1654 2587 nt
1682 2536 2011 2588 Cantaeuzc-

442 2651 574 2688 num
613 2632 886 2693 timuisse,
929 2628 1346 2694 Itorrttisseqne.
1408 2625 1475 2676 Et
1521 2624 1574 2675 in
1629 2624 1718 2676 illa
1759 2636 2020 2690 congres-

441 2725 597 2778 sione
629 2727 912 2789 quaerente
945 2718 1298 2784 imperatore,
1344 2712 1475 2782 qnid
1504 2712 1572 2764 ita
1598 2712 1814 2764 tandem
1853 2711 2020 2764 dede-

445 2831 544 2871 cus
569 2823 778 2866 tantum
803 2809 1182 2870 conscivissct,
1205 2805 1332 2858 dum
1358 2806 1406 2856 in
1432 2802 2018 2856 senatumVenetorum

447 2921 505 2959 se
531 2904 829 2972 allegisset,
907 2897 1000 2967 qui
1038 2897 1215 2964 majus
1263 2903 1319 2948 ct
1374 2893 1662 2958 illustrius,
1698 2907 1858 2960 quam
1893 2891 2018 2961 ipsi,

447 2993 741 3064 imperium
774 2992 1024 3052 haberet,
1058 3003 1255 3057 respon
1283 2987 1362 3048 iit,
1420 2987 1537 3055 ejus
1583 2995 1729 3038 metu
1764 2984 2016 3038 adactum
2046 3012 2088 3070 ρ

449 3085 501 3138 id
555 3084 750 3137 fecisse
788 3101 802 3136 :
832 3091 883 3135 et
918 3081 1156 3150 adjecit,
1192 3079 1328 3132 nihil
1363 3077 1585 3136 mirum,
1621 3074 1766 3143 quod
1821 3089 1878 3128 se
1911 3074 2019 3128 huc

448 3176 799 3238 demisisset,
836 3174 1036 3227 mirum
1073 3171 1240 3240 magis
1273 3185 1380 3223 non
1423 3168 1585 3221 vilius
1631 3175 1792 3236 atque
1823 3166 2018 3236 despe-

450 3270 596 3321 ctius
622 3265 830 3334 aliquid
849 3278 1078 3318 ausum.
1107 3262 1174 3315 At
1207 3262 1354 3314 enim
1381 3275 1503 3312 eum
1531 3257 1620 3311 tali
1657 3257 1852 3310 timore
1873 3256 2020 3310 labo-

455 3368 623 3420 raret,
676 3373 778 3409 nec
824 3371 948 3409 eum
984 3352 1279 3423 'pr0palam
1336 3347 1583 3402 conﬁteri
1633 3347 2021 3412 erubesceret,

453 3445 628 3499 nihilo
669 3443 850 3497 minus
896 3441 1062 3495 urbes
1094 3439 1324 3493 reddere
1357 3437 1700 3492 detrectabat
1733 3452 1746 3490 :
1774 3436 2023 3506 rogabat-

452 3554 582 3608 que.
618 3538 696 3591 uti
730 3545 940 3590 tantum
988 3533 1169 3588 foedus
1216 3532 1409 3597 iceret,
1442 3538 1732 3585 contentus
1763 3528 2025 3584 Berrhma

453 3631 740 3692 duntaxat,
773 3638 827 3682 et
850 3627 1077 3691 Edessa,
1111 3625 1278 3695 790
1307 3625 1677 3693 castellisque,
1708 3630 1764 3678 et
1793 3621 2028 3693 oppidu-

453 3722 520 3776 lis
545 3721 692 3785 aliis,
718 3734 840 3788 quae
872 3717 938 3772 ad
973 3733 1100 3771 eum
1135 3717 1488 3770 deiecissem.
1532 3714 1596 3767 Et
1641 3715 1856 3785 juratus
1882 3713 2028 3768 amr—

457 3814 663 3878 mabat,
699 3826 808 3865 non
845 3825 904 3864 se
929 3809 1097 3862 urbes
1125 3807 1400 3874 cupidinis
1421 3807 1602 3876 potius
1619 3820 1781 3874 quam
1804 3804 2030 3874 pudoris

457 3919 588 3974 ergo
613 3903 875 3957 affectare
909 3918 922 3954 :
959 3915 1122 3968 quem
1156 3899 1422 3968 pudorem
1451 3913 1562 3951 non
1595 3896 1738 3966 apud
1767 3897 2030 3951 domesti-

457 4013 554 4052 cos
603 3995 797 4056 modo,
846 3992 940 4046 sed
979 3992 1118 4044 alios
1153 4005 1374 4058 quoque
1408 3989 1726 4058 ubicunque
1774 3989 2030 4060 dynastas

458 4086 559 4140 sibi
583 4083 835 4147 incutiat,
873 4081 918 4134 si
949 4091 1098 4133 metu
1140 4077 1492 4147 imperatoris
1539 4075 1676 4132 adeo
1700 4076 1724 4146 ᾗ
1747 4076 2032 4146 perculsus

461 4177 821 4245 dejectusqne
849 4171 1137 4234 videatur,
1167 4178 1227 4224 ut
1257 4177 1334 4224 tot
1362 4168 1561 4238 oppida
1587 4169 1705 4224 sine
1735 4183 1912 4238 pugna
1935 4166 2033 4222 de-

463 4277 629 4332 serat,
667 4282 788 4336 quae
822 4271 948 4335 post
1005 4271 1209 4317 tantam
1250 4263 1551 4330 impensam
1599 4259 1804 4314 tamdiu
1851 4273 2037 4329 posse-

2096 427 2193 494 λης
2217 424 2273 478 δὲ
2306 424 2583 476 ἀντειπεῖν
2633 421 2734 474 οὑκ
2764 419 2903 490 ἔχων
2947 415 3085 486 πρὸς
3108 413 3284 494 οὐδὲν,
3321 412 3542 484 συνῄδει
3566 414 3684 484 γὰρ

2099 490 2248 586 αὑτῷ
2278 515 2374 569 καὶ
2393 513 2634 577 ἀδικίαν,
2663 513 2758 566 καὶ
2782 510 3096 581 παράϐασιν
3133 507 3242 560 τῶν
3261 490 3466 576 ὅρκων,
3494 505 3682 572 ὀλίγον

2096 609 2296 678 ἐπέσχε
2350 606 2659 675 σιωπήσας.
2718 603 2952 657 Ἔπειτα
3013 598 3188 652 ἐδεῖτο
3242 596 3531 667 βασιλέως,
3571 595 3686 649 τῶν

2098 702 2274 757 ἄλλων
2305 699 2651 760 ἀποστάντας
2705 696 2853 766 μόνοι
2913 690 3258 759 διαλέγεσθαι
3313 689 3397 759 ἐφ’
3455 689 3690 751 ἑαυτοὺς

2099 792 2366 865 περὶτῶν
2419 789 2721 860 διαφορῶν.
2766 786 2923 839 Ἐπεὶ
2976 786 3032 837 δέ
3084 783 3334 836 ἐπείθετο
3366 785 3394 835 ὁ
3432 781 3692 851 βασιλεὺς

2100 886 2196 939 καὶ
2226 883 2524 952 ἀφίσταντο
2557 881 2692 933 τῶνα
2717 879 2916 942 ἄλλων,
2940 877 3221 945 ἐπιορκεῖν
3283 873 3381 944 μὲν
3410 874 3436 925 ό
3465 870 3692 941 Κράλης

2101 975 2394 1044 ὡμολόγει,
2428 972 2519 1026 καὶ
2544 969 2942 1042 παρασπονδεῖν
2968 968 3068 1031 τάς
3107 965 3401 1036 Ῥωμαίων
3434 963 3692 1031 κατέχων

2103 1068 2289 1130 πόλεις
2366 1065 2468 1118 οὑκ
2518 1063 2773 1116 ἐϐούλετο
2817 1061 2874 1114 δὲ
2923 1059 3278 1113 ἀποδιδόναι·
3343 1055 3458 1107 ἀλλ’
3513 1055 3694 1106 ἐδεῖτο

2107 1160 2376 1232 βασιλέως
2413 1156 2523 1210 τῶν
2572 1157 2654 1218 είς
2711 1153 2875 1207 αὑτὸν
2918 1149 3305 1220 γεγενημένων
3357 1148 3694 1214 ἀπομνημο-

2109 1251 2358 1316 νεύοντα,
2396 1247 2600 1316 ταύτην
2629 1247 2727 1314 τὴν
2756 1245 2918 1314 χάριν
2949 1240 3310 1304 καταθέσθαι,
3354 1239 3416 1290 τὸ
3459 1238 3693 1308 ἔχοντας

2108 1344 2394 1410 ἑκάτερον,
2429 1341 2464 1396 ἃ.
2501 1340 2716 1410 ἔχουσιν
2747 1335 2900 1406 ἐντῷ
2935 1335 3191 1406 παρόντι,
3231 1332 3477 1385 τίθεσθαι
3528 1349 3698 1384 σπον-

2107 1437 2228 1498 δάς.
2267 1432 2544 1495 Βασιλέως
2572 1430 2630 1483 δὲ
2659 1427 2778 1484 οὐδὲ
2803 1427 2912 1480 τῶν
2941 1425 3298 1495 φαυλοτάτων
3326 1423 3542 1485 οὑδενδς
3579 1439 3694 1475 πα-

2114 1525 2515 1598 ραχωροῦντος,
2564 1522 2887 1590 διελύθησαν
2926 1518 3260 1587 ἀσύμϐατοι.
3303 1517 3416 1569 Καὶ
3464 1516 3695 1586 Κράλης

2117 1622 2214 1692 μὲν
2237 1621 2316 1682 εἰς
2348 1618 2409 1670 τδ
2441 1615 2828 1686 στρατόπεδον,
2867 1603 3120 1682 βασιλεὺς
3163 1610 3221 1661 δὲ
3267 1610 3348 1671 είς
3394 1605 3495 1676 τὴν
3533 1605 3695 1658 πόλιν

2113 1711 2440 1779 ἐπανῆλθον,
2473 1710 2553 1771 είς
2576 1708 2673 1778 τὴν
2703 1705 3002 1775 ὑστεραίαν
3041 1702 3199 1765 αὖθις
3231 1699 3698 1767 ἐπαγγειλάμενοι

2112 1804 2363 1874 ἀλλήλοις
2394 1801 2682 1868 συντυχεῖν
2715 1815 2728 1829 ·
2767 1797 2862 1850 καὶ
2887 1798 2945 1853 ἐς
2973 1794 3074 1865 τὴν
3104 1790 3397 1862 ὑστεραίαν
3419 1787 3699 1840 συνελθόν-

2110 1914 2222 1959 τες,
2255 1895 2450 1963 λόγους
2507 1889 2791 1945 ἐποιοῦντο
2835 1887 2965 1958 περὶ
2996 1885 3103 1938 τῶν
3139 1883 3366 1954 ὁμοίων,
3425 1880 3522 1932 καὶ
3567 1877 3695 1931 οὗτε

2114 1988 2368 2058 βασιλεὺς
2412 1986 2542 2056 περὶ
2592 1983 2702 2038 τῶν
2751 1979 3136 2050 κατεχομένων
3195 1975 3430 2028 ἐνεδίδου
3462 1973 3695 2032 πόλεων,

2112 2081 2268 2135 οὑθί)
2291 2079 2516 2151 Κράλης
2543 2077 2809 2146 ὑπέμενεν
2839 2070 3193 2142 ἀφίστασθαι,
3244 2069 3424 2123 καίτοι
3450 2083 3513 2134 γε
3545 2065 3699 2130 ἔλεγε

2113 2173 2358 2243 Κράλης,
2399 2173 2456 2233 ἐς
2499 2169 2755 2222 τοσοῦτον
2799 2166 2956 2228 δέους
2985 2163 3124 2233 πρὸς
3156 2159 3383 2228 βασιλέα
3429 2155 3701 2210 καθεστά-

2113 2282 2222 2327 ναι,
2264 2265 2338 2326 ὡς
2367 2264 2464 2316 καὶ
2490 2265 2548 2315 ἐν
2576 2261 2808 2328 ὀνείροις
2857 2256 2912 2310 εῖ
2960 2271 3093 2308 ποτε
3132 2254 3264 2324 ὁρᾷν
3305 2249 3575 2320 συμϐαίη,
3600 2247 3698 2299 τοῦ

2115 2353 2286 2406 ὕπνου
2318 2349 2656 2421 ἀφίστασθαι
2684 2346 2902 2412 αὐτίκα,
2957 2345 3052 2398 καὶ
3071 2344 3200 2414 πρὶν
3228 2342 3501 2410 ληφθῆναι
3523 2338 3698 2406 ὕπνῳ,

2115 2443 2321 2496 ἄῦπνον
2375 2437 2832 2508 διανυκτερεύειν,
2887 2436 2936 2488 εί
2981 2434 3249 2501 λογίζοιτο
3301 2430 3431 2499 περὶ
3487 2427 3698 2480 ἐκείνου

2123 2539 2272 2596 ὅπως
2303 2533 2410 2603 χρὴ
2447 2531 2732 2600 πολεμεῖν,
2771 2530 2829 2580 ἐν
2848 2527 3071 2597 ἀπόροις
3096 2525 3198 2578 ὑπὸ
3221 2524 3373 2584 δέους
3399 2517 3695 2582 καθεστώς.

2121 2627 2193 2678 Οὑ
2235 2625 2333 2695 μὲν
2359 2624 2479 2677 οὑδὲ
2510 2623 2650 2690 πρὸς
2691 2623 2816 2684 τοὺς
2845 2621 2948 2684 ἔξω
2973 2619 3034 2671 τὸ
3067 2618 3236 2679 πάθος
3267 2613 3652 2682 ἀπεκρύπτετο
3678 2652 3694 2677 ,

2119 2716 2232 2769 ἀλλ’
2259 2714 2562 2783 ἀναφανδὸν
2607 2711 2698 2765 καὶ
2734 2712 2870 2782 πρὸς
2905 2707 3217 2781 Τριδαλοὺς
3245 2707 3342 2759 καὶ
3383 2704 3696 2774 Ῥωμαίους

2119 2805 2246 2867 τοὺς
2283 2803 2564 2868 συνόντας,
2609 2803 2814 2875 μηδένα
2859 2798 3360 2871 ἀνθρώπωνκελεγε
3409 2795 3497 2848 διὰ
3557 2794 3700 2864 βίου,

2125 2897 2263 2966 μήτε
2303 2895 2569 2965 πρότερον
2603 2893 2733 2964 μήθ’
2756 2891 2985 2961 ὕστερον
3021 2889 3214 2958 ὥσπερ
3240 2884 3703 2955 Καντακουζηνδν

2121 2986 2214 3039 τὸν
2247 2985 2472 3055 βασιλέα
2505 2982 2885 3053 ἐκπεπλῆχθαι
2913 2981 3008 3034 καὶ
3037 2979 3352 3033 δεδοικέναι.
3383 2977 3496 3030 Καὶ
3532 2981 3590 3028 ἐν
3627 2978 3697 3046 τῇ

2124 3078 2384 3150 συνουσίᾳ⁴
2418 3076 2476 3129 δέ
2529 3076 2740 3146 ἐκείνῃ,
2774 3073 3037 3145 ἐρομένου
3073 3071 3359 3142 βασιλέως,
3391 3070 3515 3122 ὅτου
3542 3069 3702 3138 χάριν

2121 3165 2396 3235 τοσαύτην
2449 3165 2794 3234 ὑπομείνειεν
2853 3163 3121 3234 αίσχύνην
3170 3163 3282 3224 τοῖς
3305 3161 3404 3229 τῆς
3449 3156 3704 3220 Βενετίας

2126 3255 2439 3326 βουλευταῖς
2473 3254 2884 3324 συγκαταλέξας
2917 3253 3132 3320 ἐαυτὸν,
3175 3251 3398 3322 μείζονα
3426 3251 3520 3303 καὶ
3549 3265 3708 3320 περι-

2125 3350 2470 3420 φανεστέραν
2503 3349 2838 3419 συμπάντων
2883 3347 3107 3399 ἐκείνων
3137 3346 3276 3415 ἔχων
3301 3343 3464 3406 αὑτὸς
3506 3343 3708 3412 ἀρχὴν,

2123 3439 2211 3491 διὰ
2246 3438 2336 3491 τὸν
2383 3437 2592 3490 ἐκείνου
2629 3435 2795 3507 φόσον
2830 3435 3190 3502 ἀπεκρίνατο.
3228 3434 3337 3486 Καὶ
3369 3431 3709 3501 προσετίθει,

2130 3528 2298 3600 μηδὲν
2331 3523 2472 3583 εἶναι
2508 3527 2846 3597 θαυμαστὸν,
2881 3529 2929 3580 εἰ
2951 3524 3178 3579 τοιαῦτα
3201 3524 3550 3593 {irrepsi-retr
3585 3523 3712 3574 τοὺ·

2135 3619 2352 3673 ναντίον
2413 3619 2511 3688 μέν
2563 3614 2676 3683 οὖν,
2712 3620 2794 3672 ὅτι
2833 3618 2909 3688 μὴ
2960 3618 3054 3669 καὶ
3111 3615 3249 3686 πρός
3309 3631 3360 3667 τι
3401 3616 3584 3684 χεῖρον
3614 3612 3710 3665 καὶ

2130 3711 2310 3781 πολλῷ
2337 3711 2669 3780 φαυλότερον
2699 3710 2994 3780 ἐξετράπη.
3029 3710 3247 3778 Καιπερ
3294 3706 3351 3760 δέ
3377 3705 3519 3758 οὕτω
3554 3705 3707 3768 δέους

2130 3801 2290 3872 ἔχων,
2323 3803 2418 3855 καὶ
2443 3801 2562 3854 οὑδὲ
2593 3801 2732 3881 προς
2759 3801 2962 3862 πάντας
2987 3800 3376 3868 αἰσχυνόμενος
3402 3797 3704 3866 ὁμολογεῖν,

2130 3891 2278 3958 ὅμως
2338 3889 2674 3958 ἀφίστασθαι
2737 3888 2844 3941 τῶν
2903 3888 3116 3941 πόλεων
3164 3887 3264 3939 οὐκ
3327 3883 3705 3956 ἧθελεν·ἀλλ’

2132 3980 2306 4031 ἐδεῖτο
2343 3981 2504 4048 μόνον
2541 3978 2811 4049 βασιλέως
2841 3979 3039 4048 χωρεῖν
3071 3978 3209 4047 πρὸς
3248 3978 3347 4042 τὰς
3382 3977 3709 4047 συμϐάσεις,

2134 4073 2395 4141 Βέρροιαν
2439 4071 2608 4142 μόνην
2647 4073 2862 4140 ἔχοντα,
2891 4071 2984 4123 καὶ
3022 4070 3307 4136 Ἔδεσσαν,
3340 4072 3439 4122 καὶ
3466 4069 3538 4122 τὰ
3574 4068 3711 4124 ἀλλα

2135 4160 2396 4232 φρούρια,
2455 4162 2548 4214 καὶ
2601 4161 2698 4223 τὰς
2757 4159 3038 4229 πολίχνας,
3071 4160 3195 4213 ὅσαι
3255 4157 3709 4230 προσεχώρησαν.

2149 4253 2484 4323 Ἶσχυρίςετο
2534 4251 2592 4305 δὲ
2643 4251 2738 4306 καὶ
2765 4252 2964 4321 ὅρκους
3012 4253 3129 4314 τοῖς
3158 4251 3339 4319 λόγοις
3371 4249 3711 4321 προστιθεὶς,

465 4358 629 4422 derit,
681 4369 1026 4426 quorumque
1058 4368 1220 4406 causa
1249 4369 1372 4408 cum
1403 4353 1648 4408 exercitu
1683 4360 1760 4406 tot
1812 4352 2020 4406 labores

2135 4339 2207 4402 ὡς
2241 4341 2303 4392 οὑ
2337 4339 2648 4402 πλεονεξίας
2679 4339 2903 4409 μᾶλλον,
2933 4340 3252 4411 ἢαίσχύνης
3289 4340 3450 4394 ἕνεκα
3476 4338 3588 4393 τῶν
3613 4340 3716 4392 πό-

465 4457 520 4501 ct
554 4446 877 4500 discrimina
933 4444 1243 4514 pertulerit.
1293 4442 1728 4498 Obstinationezn
1777 4442 1877 4496 viri
1915 4456 2033 4496 cer-

468 4554 607 4592 nens
663 4539 994 4606 imperator,
1030 4535 1131 4588 Mei
1187 4533 1410 4604 quidem
1462 4533 1721 4588 candoris
1768 4546 1897 4602 erga
1944 4541 2031 4595 te,

468 4629 648 4698 inquit
678 4669 691 4690 ,
720 4635 773 4681 et
805 4628 952 4696 quod
987 4627 1197 4679 nnllum
1242 4640 1484 4693 unquam
1534 4623 1694 4678 amici
1727 4622 1960 4677 oﬁicium
2003 4637 2034 4675 a

469 4731 555 4769 me
595 4713 898 4768 desiderari
930 4725 1119 4782 passus
1163 4711 1304 4774 sim,
1349 4726 1472 4765 cum
1509 4711 1877 4780 przeteritum,
1919 4717 2033 4762 tum

471 4804 704 4857 maxime
738 4816 979 4869 praesens
1011 4807 1224 4867 tempus
1260 4798 1458 4851 idoneo
1482 4804 1709 4863 possunt
1737 4811 1858 4850 esse
1883 4795 2036 4848 testi-

470 4896 673 4951 monio.
733 4892 871 4959 Quia
936 4891 1072 4944 nihil
1125 4890 1221 4944 tibi
1282 4889 1457 4944 facere
1511 4889 1837 4953 allubescit,
1889 4887 2074 4958 quod/

465 4989 673 5060 justum
698 4988 1102 5053 honestumque
1130 4981 1221 5048 sit,
1261 4981 1448 5035 venire
1483 4997 1566 5036 me
1598 4981 1663 5036 ad
1696 4996 1843 5035 arma
1874 4996 2038 5051 opor-

472 5081 630 5141 tcbit,
665 5078 814 5130 feras
850 5074 1154 5127 imitantem
1179 5111 1192 5135 ,
1227 5087 1346 5140 quae
1377 5079 1693 5124 venatorum
1719 5070 1914 5140 jaeulis
1940 5084 2038 5138 ap-

472 5172 678 5240 petita,
709 5178 765 5223 et
787 5184 886 5237 per
911 5167 1075 5221 silvas
1100 5164 1334 5235 agitataz,
1369 5163 1606 5232 primum
1642 5162 1862 5232 quidem
1896 5162 2037 5233 fugi-

475 5268 596 5322 unt,
622 5268 678 5313 et
711 5267 990 5312 certamen
1033 5271 1155 5308 cum
1207 5253 1520 5307 hominibus
1556 5265 1818 5322 quantum
1850 5253 2038 5307 valent

475 5350 740 5415 devitant,
787 5348 853 5402 ad
897 5346 1278 5401 necessitatem
1318 5355 1500 5399 autem
1532 5343 1785 5404 redactae.
1819 5345 2039 5412 pericu-

476 5441 637 5509 loque
661 5439 770 5511 jam
808 5437 1090 5508 proximae,
1120 5451 1177 5490 se
1211 5442 1539 5489 convertunt
1571 5451 1585 5488 :
1617 5442 1672 5488 et
1697 5433 1827 5487 dum
1865 5432 2034 5488 vitam

477 5548 630 5586 suam
681 5527 1160 5586 vehementissime
1199 5525 1523 5592 detendunt,
1583 5524 1687 5594 ipsi
1727 5525 1854 5580 vita:
1888 5526 2040 5580 nullo

479 5627 642 5682 modo
695 5636 945 5698 parcunt.
977 5622 1122 5679 idem
1157 5636 1289 5678 sane
1327 5635 1428 5690 ego
1459 5633 1606 5675 nunc
1632 5617 1850 5675 faciam.
1891 5616 2038 5673 Nihil

2138 4432 2277 4484 λεων
2311 4431 2670 4484 ἀντιποιοῖτο·
2709 4432 3062 4502 αἰσχύνεσθαι
3085 4435 3192 4504 γὰρ
3222 4433 3282 4486 οὑ
3319 4433 3446 4495 τοὺς
3477 4433 3716 4495 οἰκείους

2140 4526 2324 4592 μόνον,
2364 4524 2501 4577 ἀλλά
2539 4524 2783 4586 καὶτοὺς
2815 4525 3006 4587 ἄλλους
3047 4525 3382 4594 ὁπουδήποτε
3418 4524 3711 4587 δυνάστας,

2138 4616 2186 4667 εἰ
2214 4614 2464 4684 φαίνοντο
2515 4614 2770 4670 τοσοῦτον
2815 4616 3121 4686 ἡττημένος
3158 4615 3292 4686 πρὸς
3324 4615 3412 4668 τὸν
3446 4613 3714 4684 βασιλέως

2139 4707 2325 4775 φόϐον,
2379 4708 2521 4759 ὥστε
2567 4706 2838 4760 τοσούτων
2869 4706 3076 4759 πόλεων
3107 4708 3308 4776 ἀμαχεὶ
3338 4707 3712 4776 παραχωρεῖν,

2138 4795 2203 4860 ἃς
2231 4797 2322 4850 ἐπὶ
2349 4797 2606 4851 τοσοῦτον
2649 4798 2839 4867 χρόνον
2866 4797 3168 4868 κτώμενος,
3205 4797 3465 4868 χρήματά
3493 4814 3552 4850 τε
3577 4798 3718 4850 ἀνα-

2141 4888 2305 4941 λώκει
2333 4889 2581 4955 πλεῖστα,
2615 4891 2709 4942 καὶ
2743 4889 3030 4953 τοσούτους
3062 4891 3258 4951 πόνους
3309 4891 3403 4943 καὶ
3434 4889 3716 4953 κινδύνους

2141 4981 2548 5052 ὑπομεμενήκει
2585 4981 2724 5051 μετά
2749 4982 2846 5052 τῆς
2872 4984 3150 5052 στρατιᾶς.
3189 4981 3450 5044 Βασιλεὺς
3482 4981 3538 5034 δὲ
3590 4980 3714 5033 ἐπεὶ

2141 5071 2286 5143 ἑώρα
2320 5073 2649 5142 ἀσυμϐάτως
2685 5073 2900 5144 ἔχοντα,
2940 5074 3051 5144 Τὴν
3083 5075 3181 5143 μὲν
3205 5075 3366 5144 ἐμὴν,
3395 5069 3542 5137 εἷπε,
3575 5072 3716 5139 πρὸς

2144 5163 2202 5217 σὲ
2237 5164 2678 5234 εὐγνωμοσύνην,
2735 5167 2829 5219 καὶ
2859 5165 2934 5228 ὡς
2985 5167 3136 5219 οὐδὲν
3185 5166 3295 5219 τῶν
3332 5167 3469 5235 φίλῳ
3502 5181 3716 5235 προση-

2143 5255 2370 5321 κόντων,
2410 5253 2531 5308 οὔτε
2564 5257 2852 5327 πρότερον,
2887 5255 3001 5310 οὔθ’
3050 5257 3277 5327 ὕστερον
3319 5257 3582 5323 ἐνέλιπον,
3619 5257 3718 5312 καὶ

2143 5349 2171 5400 ὁ
2207 5347 2491 5417 παρελθὼν
2548 5348 2646 5418 μὲν
2698 5349 2911 5419 χρόνος,
2944 5349 3042 5419 οὑχ
3069 5350 3272 5421 ἥκιστα
3305 5350 3362 5404 δέ
3393 5351 3484 5404 καὶ
3525 5352 3552 5403 ό
3593 5351 3716 5404 νυνὶ

2145 5438 2336 5510 παρὼν
2369 5438 2666 5510 ἀξιόχρεως
2693 5456 2758 5492 συ
2774 5443 3136 5511 μμαρτυρεῖν.
3168 5439 3270 5494 Σοῦ
3299 5440 3356 5493 δὲ
3393 5441 3558 5510 μηδὲν
3589 5441 3720 5494 ἐθέ-

2118 5527 2326 5613 λοντος
2361 5529 2467 5581 τῶν
2494 5528 2717 5582 δικαίων
2755 5531 2931 5582 ποιεῖν
2974 5531 3069 5583 καὶ
3093 5531 3499 5602 προσηκόντων,
3537 5531 3714 5600 ἀνάγ-

2146 5639 2216 5694 κη
2249 5622 2385 5693 πρὸς
2420 5621 2510 5676 τὸν
2558 5621 2790 5692 πόλεμον
2833 5624 3054 5701 χωρεῖν,
3108 5622 3306 5678 ταυτὸν
3356 5623 3471 5687 τοῖς
3503 5622 3718 5690 θηρίοις
