3996 6218
258 212 364 276 169

1415 208 1953 272 HISTORIARUM
1996 210 2227 271 LIBER
2272 212 2367 273 lV.

3398 211 3499 275 170

252 329 556 397 πάσχοντα,
586 328 679 381 καὶ
699 329 806 399 γάρ
824 326 1004 381 ἐκεῖνα
1039 324 1361 397 βαλλόμενα,
1398 329 1487 377 καὶ
1507 326 1831 395 ἐλαυνόμενα

1937 324 2083 377 enim
2121 327 2301 379 minus
2335 324 2621 393 cupiebam
2646 339 2809 391 quam
2838 323 2980 378 bello
2999 331 3050 377 te
3076 326 3327 394 persequi
3354 345 3368 379 :
3400 342 3496 383 seu

255 422 372 475 ὑπὸ
424 422 531 474 τῶν
585 418 894 490 θηρευτῶν,
928 422 1118 489 πρῶτα
1151 421 1251 489 μὲν
1284 421 1574 489 φεύγουσι,
1608 419 1703 469 καὶ
1732 417 1828 487 τὴν

252 515 406 580 πρὸς
460 512 781 583 ἀνθρώπους
829 512 1009 581 μάχην
1041 513 1146 580 ὅση
1175 512 1411 580 δύναμις
1463 510 1827 564 ἐκκλίνουσιν.

266 606 528 661 Ἐπειδὰν
564 605 620 656 δὲ
649 604 730 666 είς
754 603 1002 672 ἀνάγκην
1034 602 1373 668 καταστῶσι,
1400 603 1493 655 καὶ
1521 602 1613 655 τὸν
1654 600 1832 654 κίνδυ-

242 718 352 754 νον
380 698 677 752 αἴσθωνται
708 694 1070 765 ἐφεστηκότα,
1110 693 1455 764 στρεφόμενα
1506 694 1827 763 ἀμύνονται,

240 791 353 845 καὶ
378 791 522 843 οὕτω
555 788 693 857 μετά
724 786 1109 855 σφοδρότητος,
1142 786 1217 849 ὡς
1238 787 1336 857 τῆς
1369 786 1637 855 σφετέρας
1676 788 1833 853 ἀφει-

239 885 363 935 δεῖν
400 881 718 935 παντάπασι
778 877 945 943 ζωῆς.
1004 862 1176 928 Τοῦτο
1234 877 1298 943 δὴ
1353 878 1444 929 καὶ
1498 876 1662 936 αὐτὸς
1714 874 1832 930 νυνὶ

243 976 509 1042 ποιήσω·
540 973 777 1041 μάλιστα
834 972 935 1038 μὲν
976 971 1087 1041 γὰρ
1121 970 1427 1039 ἐϐουλόμην
1481 969 1557 1039 μὴ
1592 968 1830 1039 πόλεμον

240 1068 431 1119 κινεῖν
464 1064 602 1132 πρὸς
644 1063 735 1127 σὲ,
782 1061 917 1116 ἀλλά
965 1060 1119 1130 φίλον
1174 1062 1268 1114 καὶ
1324 1065 1615 1130 σύμμαχον
1660 1061 1826 1130 ἔχειν,

243 1156 451 1221 ὥσπερ
480 1154 710 1217 δίκαιον,
755 1151 848 1204 καὶ
875 1151 986 1204 τῶν
1030 1150 1398 1220 ὑπηργμένων
1432 1150 1675 1215 ἀγαθῶν,
1763 1150 1829 1203 ἂν

247 1249 497 1318 μάλιστα
532 1243 820 1312 δυναίμην,
870 1244 1105 1297 ἐκτίνειν
1163 1243 1419 1312 ἀμοιϐάς.
1470 1242 1626 1296 Ἐπεὶ
1656 1243 1700 1295 δ’
1731 1243 1829 1294 αὐ-

245 1340 347 1401 τδς
373 1338 485 1390 τῶν
518 1337 748 1390 δικαίων
802 1335 1007 1405 ᾕρησαι
1071 1336 1247 1389 ποιεῖν
1305 1334 1479 1396 οὐδὲν,
1541 1334 1663 1385 οὐδὲ
1720 1334 1828 1387 τῶν

255 1428 565 1497 Ῥωμαίοις
595 1425 802 1478 πόλεων
835 1424 1189 1492 ἀφίστασθαι,
1218 1423 1284 1487 ἃς
1312 1424 1455 1493 ἔχεις
1490 1425 1692 1486 ἀδίκως
1726 1441 1828 1477 κα-

241 1520 494 1588 τασχὼν,
544 1518 761 1585 ἀνάγκη
815 1516 911 1568 καὶ
963 1514 1127 1568 αὑτὸν
1168 1514 1205 1569 ἀ
1250 1516 1459 1583 νομίζω
1523 1515 1828 1585 συμφέρειν

256 1610 582 1679 Ῥωμαίοις,
615 1608 903 1676 πράττειν,
928 1604 1122 1676 καὶμὴ
1155 1607 1422 1675 περιορᾷν
1454 1606 1655 1668 ἀδίκως
1687 1606 1829 1659 οὕτω

1935 423 1993 465 ut
2020 430 2237 482 aequum
2266 426 2406 479 erat,
2440 415 2675 468 amicum
2705 426 2759 469 et
2791 418 3001 470 socium
3024 415 3250 481 habere,
3285 418 3501 487 tuisque

1931 506 2141 560 meritis
2196 507 2341 559 ultro
2398 506 2531 559 mihi
2592 506 2884 574 prasstitis,
2936 516 3169 575 quantas
3234 510 3501 567 maximas

1932 612 2182 666 possem,
2248 598 2453 667 gratias
2504 596 2731 651 referre.
2802 598 3073 663 Quoniam
3121 606 3304 653 tamen
3360 603 3499 656 nihil

1932 697 2167 751 rectum,
2195 704 2257 741 ac
2285 689 2517 757 probum
2552 704 2734 758 agerc,
2765 706 2944 758 neque
2991 693 3060 745 ab
3090 692 3320 748 urbibus
3361 680 3499 764 quas

1932 789 2124 831 contra
2168 777 2250 831 fas
2291 787 2587 845 occupatas
2622 779 2829 832 retines
2865 779 3147 835 discedere
3179 781 3496 849 decrevisti,

1931 882 2071 934 opus
2101 877 2183 921 est
2212 876 2269 920 et
2293 882 2378 919 me
2403 866 2647 936 aggredi,
2688 883 2808 936 qua:
2839 885 2899 920 ex
2936 870 3304 925 Romanorum
3332 889 3465 942 repu
3488 903 3501 916 -

1933 958 2073 1012 blica
2102 960 2219 1012 fore
2251 959 2452 1021 sentio,
2486 968 2541 1011 et
2572 972 2830 1013 excutere
2856 962 3047 1028 jugum
3073 1003 3087 1026 ,
3131 965 3275 1031 quod
3304 979 3497 1017 eorum

1929 1052 2240 1105 cervicibus
2270 1052 2497 1106 Triballi
2549 1068 2645 1118 per
2681 1052 2833 1104 nefas
2881 1053 3260 1119 injunxerunt.
3298 1054 3496 1108 Verum

1931 1156 2079 1194 nunc
2109 1142 2333 1210 quidem
2368 1158 2491 1196 cum
2544 1144 2769 1212 insuper
2803 1145 3127 1211 conscripta:
3153 1147 3322 1214 eopie
3360 1164 3501 1200 tton-

1931 1231 2334 1299 dutu'adsint,
2389 1235 2707 1304 Byzantium
2762 1246 3027 1297 revertar,
3089 1238 3502 1308 instructusque

1932 1324 2181 1377 hibernis
2221 1327 2525 1392 mensibus,
2560 1329 2735 1395 primo
2777 1344 2903 1381 vere
2942 1346 3067 1383 cum
3093 1346 3255 1397 quam
3294 1333 3498 1401 iugetin

1932 1428 2123 1484 potero
2184 1418 2456 1481 exercitu,
2500 1434 2809 1487 magnoque
2854 1431 3116 1487 apparatu
3158 1423 3214 1474 in
3247 1437 3341 1475 vos
3390 1439 3504 1474 tuu-

1930 1507 2073 1560 vebo
2105 1526 2117 1559 :
2148 1522 2209 1561 ea
2246 1518 2428 1561 mente
2458 1519 2515 1561 ut
2543 1519 2636 1562 aut
2674 1510 2973 1577 praeliando
3006 1514 3325 1565 occumbam
3349 1556 3363 1575 ,
3408 1525 3505 1566 ant

1935 1608 2129 1667 praeter
2172 1599 2481 1653 libertatem
2513 1616 2631 1653 mea
2663 1617 2829 1668 opera
2868 1603 3134 1656 Romanis
3166 1605 3498 1670 restitutam,

246 1696 769 1757 καταδουλωθέντας
793 1691 1119 1765 Τριϐαλοῖςο
1152 1692 1290 1746 ἀλλὰ
1320 1692 1415 1747 νῦν
1456 1696 1557 1763 μὲν
1586 1697 1707 1748 ἐπεὶ
1754 1696 1828 1765 μὴ

1935 1699 2096 1760 teque
2133 1692 2504 1761 populumque
2544 1702 2694 1744 tuum
2725 1694 2968 1746 caedibus
3000 1709 3061 1747 ac
3088 1696 3341 1749 servituti
3375 1697 3506 1750 sub-

245 1793 345 1845 καὶ
381 1792 418 1859 ἡ
454 1788 958 1859 παρεσκευασμένη
991 1787 1227 1856 στρατιά
1259 1788 1478 1855 ἀφῖκτο,
1512 1790 1589 1849 εἰς
1620 1789 1828 1852 Βυζάν-

247 1895 363 1935 τιον
386 1884 483 1933 καὶ
510 1881 674 1942 αὐτὸς
703 1878 1160 1947 ἑπανελεύσομαι,
1190 1879 1286 1930 καὶ
1325 1880 1828 1949 παρασκευασάμεο

248 1990 338 2035 νος
369 1972 462 2025 τοῦ
484 1970 784 2043 χειμῶνος,
806 1970 922 2041 ἅμα
945 1966 1039 2042 ἦρι
1058 1972 1133 2033 ὡς
1160 1972 1395 2041 μάλιστα
1419 1972 1527 2041 ἔχω
1549 1974 1686 2041 μετὰ
1706 1973 1833 2025 πολ-

249 2067 344 2134 λῆς
391 2064 709 2134 δυνάμεως,
750 2063 847 2116 καὶ
880 2063 1126 2134 μεγάλης
1170 2064 1271 2133 τῆς
1313 2064 1666 2135 παρασκευῆς
1703 2065 1830 2134 ὑμῖν

254 2156 666 2228 επιστρατεύσω
685 2173 699 2185 ·
716 2154 944 2226 γνώμην
964 2155 1127 2226 ἔχων,
1156 2155 1232 2219 ώς
1262 2156 1295 2226 ἣ
1332 2159 1637 2226 μαχόμενος
1656 2160 1831 2210 πεσείο

268 2249 467 2317 σθαι,ἧ
508 2249 646 2317 πρὸς
678 2247 756 2316 τῷ
799 2246 1104 2316 Ῥωμαίους
1146 2246 1490 2317 ἐλευθεροῦν,
1524 2252 1618 2302 καὶ
1668 2248 1833 2301 αὐτὸν

272 2343 354 2392 καὶ
404 2340 675 2408 ὑπηκόους
720 2336 1297 2408 ἐξανδραποδίζεσθαι,
1352 2339 1445 2391 καὶ
1496 2338 1832 2410 διαφθείρειν

268 2432 348 2483 καὶ
399 2429 874 2483 καταδουλοῦσθαι.
908 2431 975 2481 Ἀ
1004 2429 1184 2483 είδότα
1229 2430 1325 2483 xal.
1360 2429 1523 2483 αὑτὸν
1543 2430 1618 2492 ὡς
1636 2430 1831 2500 ἀληθῆ,

261 2522 777 2595 παρασκευάζεσθαι
821 2522 899 2586 ὡς
941 2522 1335 2593 ἀμυνούμενον,
1374 2522 1489 2574 ’καὶ
1535 2523 1835 2590 διαγωνού-

260 2632 413 2684 μενον
449 2615 589 2681 περὶ
616 2613 722 2666 τῶν
746 2613 903 2666 ὅλων.
938 2610 1162 2683 Κράλης
1189 2612 1247 2665 δὲ
1281 2610 1521 2673 ἀκούσας
1572 2610 1832 2679 βασιλέως

253 2705 422 2769 οὕτως
467 2704 745 2775 ὲμΰριθῶς
809 2703 1184 2772 διειλεγμένου
1239 2704 1368 2773 περὶ
1418 2704 1511 2756 τοῦ
1568 2702 1829 2771 πολέμου,

252 2800 342 2855 καὶ
371 2798 523 2868 δρῶν
553 2795 893 2865 ἀμετάθετον
925 2795 1025 2865 τὴν
1052 2792 1279 2869 γνώμην
1310 2795 1529 2864 ἔχοντα,
1553 2798 1648 2847 καὶ
1677 2794 1833 2862 γενό·

252 2907 413 2959 μενος
446 2887 735 2958 περιδεὴς,
758 2887 927 2938 ἐδεῖτο
944 2885 1208 2955 βασιλέως
1236 2888 1311 2957 μὴ
1339 2887 1484 2940 οὕτω
1505 2887 1643 2957 πρὸς
1662 2889 1832 2956 ὀργὴν

250 2981 340 3031 ἐπὶ
374 2980 473 3031 τὸν
495 2978 743 3047 πόλεμον
770 2975 1097 3041 ἐξάπτεσθαι
1118 2993 1131 3005 ·
1154 2977 1290 3039 ἀλλά
1314 2977 1468 3030 λύσιν
1488 2979 1607 3031 τινὰ
1624 2980 1833 3048 ἐξευρί-

250 3088 404 3124 σκειν
429 3071 544 3123 τῶν
577 3069 789 3134 κακῶν,
814 3068 937 3122 ὅθεν
970 3070 998 3122 ὃ
1020 3087 1080 3122 τε
1108 3070 1347 3139 πόλεμος
1370 3070 1827 3141 καταλυθήσεται,

244 3163 339 3214 καὶ
372 3159 505 3229 μηδ’
530 3161 695 3223 αὐτὸς
747 3160 1064 3213 παντάπασι
1090 3160 1257 3231 μηδὲν
1280 3160 1390 3214 τῶν
1418 3177 1477 3213 τε
1505 3162 1706 3226 πόνων,
1736 3162 1831 3215 καὶ

240 3252 353 3306 τῶν
404 3253 694 3316 κινδύνων,
724 3246 801 3306 ὧν
842 3251 1105 3321 ὑπέμεινε
1147 3250 1248 3314 τὰς
1300 3251 1484 3315 πόλεις
1522 3253 1826 3321 κτώμενος,

243 3339 543 3393 ἀπόνητο.
588 3338 889 3408 Ἐπέτρεπὲ
914 3355 970 3391 τε
996 3340 1176 3393 πάντα
1211 3337 1445 3407 βασιλεῖ,
1483 3339 1578 3390 καὶ
1614 3339 1828 3391 συνετί-

241 3433 371 3486 θετο
402 3426 663 3501 στέργειν
690 3434 822 3495 πᾶν,
847 3433 876 3484 ὃ
902 3448 956 3483 τι
978 3431 1043 3484 ἂν
1068 3430 1217 3500 αὐτῷ
1258 3430 1441 3499 δοκοίη
1476 3429 1708 3499 βέλτιον,
1734 3432 1832 3484 καὶ⁹

236 3522 571 3577 λυσιτελοῦν
601 3523 906 3588 ἑκατέροις.
933 3522 1191 3585 Βασιλεὺς
1223 3522 1281 3574 δὲ
1306 3523 1367 3574 τό
1388 3538 1447 3573 τε
1480 3522 1659 3574 πάντα
1684 3521 1830 3590 ἔχειν

239 3617 392 3686 ὀρῶν
420 3617 656 3688 ἀπονητὶ
676 3617 957 3679 ἀδύνατον,
984 3617 1079 3669 καὶ
1094 3616 1157 3675 τὸ,
1178 3614 1341 3670 τινῶν
1358 3614 1831 3684 ἀποστερούμενον

245 3706 465 3774 ὀλίγων
494 3704 566 3773 μὴ
595 3704 1099 3772 συγκατατίθεσθαι
1126 3706 1259 3773 πρὸς
1282 3703 1382 3772 τὴν
1416 3705 1665 3775 εἰρήνην,
1695 3703 1833 3758 ἀλλά

247 3801 379 3866 περὶ
441 3794 554 3847 τῶν
592 3796 727 3848 ὅλων
759 3794 1183 3849 διακινδυνεύειν
1216 3793 1503 3863 βούλεσθαι
1548 3794 1831 3858 ἀϐουλίας,

244 3890 459 3959 ἀδήλου
491 3885 723 3956 μάλιστα
755 3887 848 3939 τοῦ
892 3887 1179 3956 μέλλοντος
1212 3886 1385 3951 ὄντος,
1414 3887 1510 3939 καὶ
1540 3886 1636 3939 τοῦ
1670 3887 1831 3940 πολέ-

247 3997 353 4049 μου
382 3978 602 4039 πολλὰς
630 3978 687 4030 ὲν
710 3974 785 4048 τῷ
812 3978 1017 4048 μεταξὺ
1049 3978 1347 4048 δυναμένου
1378 3978 1633 4048 δέχεσθαι
1664 3995 1834 4048 μεταο

242 4072 441 4137 ϐολὰς,
476 4069 648 4132 ἄλλως
673 4070 721 4122 θ’
748 4072 829 4123 ὅτι
861 4071 956 4122 καὶ
994 4070 1308 4139 βαρόἀρους
1347 4071 1576 4139 ἔμελλεν
1607 4072 1833 4138 ἐπάγειν

239 4160 501 4233 ἑνθυμού
510 4178 684 4230 μενος,
706 4151 756 4213 οἳ
778 4160 1005 4213 πλεῖστα
1027 4161 1122 4212 καὶ⁹
1152 4159 1459 4230 Ῥωμαίους
1477 4160 1830 4230 βλάπτουσιν,

237 4250 320 4314 οἷς
353 4250 588 4305 δοκοῦσι
622 4253 950 4321 συμμαχεῖν,
984 4257 1077 4304 καὶ
1111 4253 1209 4321 τὴν
1238 4252 1504 4321 ἐσομένην
1538 4249 1830 4321 Τριϐαλῶν

1927 1783 2137 1853 jiciatn.
2170 1784 2383 1837 Etcum
2414 1795 2466 1837 tu
2503 1800 2723 1855 quoque
2751 1788 2893 1840 scias
2925 1805 3009 1841 me
3045 1805 3173 1843 vera
3220 1791 3394 1859 loqui,
3435 1794 3500 1846 ad

1934 1873 2325 1938 resistendum,
2362 1886 2418 1929 et
2446 1876 2841 1931 decortandum
2880 1881 2948 1931 de.
2988 1896 3201 1934 summa
3237 1899 3417 1936 rerum
3452 1894 3505 1937 te

1932 1980 2212 2034 compara.
2255 1966 2464 2031 Crales,
2500 1968 2701 2021 auditis
2738 1978 2843 2021 tam
2898 1972 3137 2039 grmiter
3171 1988 3233 2024 ac
3262 1974 3405 2026 serio
3435 1975 3503 2029 de

1932 2059 2077 2114 bello
2107 2059 2289 2125 dictis,
2317 2074 2443 2113 cum
2475 2060 2815 2116 voluntatem
2849 2064 3198 2132 imperatoris
3241 2066 3504 2119 immuta-

1932 2150 2099 2204 bilem
2124 2149 2356 2215 videret,
2385 2150 2677 2205 admodum
2714 2154 3098 2219 extimescens,
3154 2156 3503 2223 precabatur,

1932 2256 2002 2294 ne
2035 2240 2116 2294 sic
2148 2240 2322 2294 iratus
2367 2242 2433 2294 ad
2464 2257 2614 2295 arma
2662 2241 2931 2307 ferveret;
2964 2244 3093 2312 quin
3139 2246 3321 2312 potius
3360 2246 3502 2299 viam

1932 2330 2170 2399 aliquam
2201 2331 2257 2385 in
2299 2331 2385 2386 his
2414 2332 2569 2387 malis
2607 2333 2890 2399 inveniret,
2921 2350 3027 2405 qua
3060 2348 3115 2391 et
3146 2336 3289 2391 bello
3318 2352 3508 2407 super-

1933 2422 2242 2489 sederetur;
2272 2424 2429 2493 791
2477 2426 2594 2494 ipse
2632 2440 2732 2494 pro
2760 2426 3065 2487 laboribus,
3096 2438 3260 2497 atque
3290 2433 3508 2498 pericu-
3590 2472 3595 2475 Α

1934 2513 2023 2577 lis,
2066 2530 2185 2582 quae
2214 2515 2445 2569 urbibus
2477 2517 2834 2586 acquirendis
2869 2519 3196 2583 tolerasset,
3244 2537 3352 2576 non
3390 2540 3507 2577 οιιι-

1934 2605 2067 2659 niuo
2099 2606 2236 2659 nihil
2283 2606 2557 2675 reciperet
2596 2624 2608 2659 :
2640 2622 2865 2677 remque
2910 2618 3076 2663 totam
3116 2612 3235 2680 ejus
3274 2612 3508 2669 arbitrio

1934 2698 2321 2765 permittebat,
2360 2701 2503 2768 aequi
2563 2699 2805 2769 bonique
2858 2716 2917 2755 se
2978 2702 3245 2757 factotum
3279 2708 3508 2775 promit-

1935 2797 2081 2853 tens,
2112 2789 2381 2859 quidquid
2414 2791 2533 2859 ipse
2570 2791 2823 2861 utrisque
2853 2793 3051 2847 melius
3077 2835 3092 2857 ,
3132 2797 3509 2851 commodius-

1934 2888 2040 2940 que
2072 2872 2319 2927 futurum
2351 2875 2675 2943 judicasset.
2724 2875 3049 2944 Imperator.
3109 2878 3422 2947 intelligens
3453 2893 3508 2935 et

1937 2965 2123 3018 omnia
2186 2967 2325 3019 citra
2376 2966 2726 3031 molestiam,
2782 2967 3137 3037 laboremque
3167 2971 3353 3026 haberi
3398 2988 3504 3026 non

1933 3072 2117 3127 posse,
2146 3066 2204 3111 et
2254 3056 2446 3126 paucis
2488 3058 2817 3126 quibusdam
2870 3060 3142 3127 privatum
3192 3064 3308 3131 paci
3344 3079 3508 3131 repu-

1931 3162 2132 3217 gnare,
2168 3164 2232 3203 ac
2261 3149 2327 3203 de
2375 3164 2593 3203 summa
2620 3150 2805 3219 jacere
2837 3149 3010 3205 aleam
3043 3151 3201 3215 velle,
3233 3154 3508 3209 dementis

1931 3254 2073 3304 esse,
2109 3255 2235 3293 cum
2263 3239 2449 3295 futura
2501 3241 2871 3296 incertissima
2910 3244 3042 3303 sint.
3076 3251 3133 3297 et
3167 3259 3392 3314 anceps,
3442 3262 3509 3300 ac

1932 3332 2099 3387 dubia
2134 3333 2351 3387 fortuna
2386 3333 2515 3388 belli
2546 3351 2560 3387 :
2603 3334 2670 3387 ad
2723 3334 2835 3389 hac
2868 3336 3129 3390 barbaros
3156 3351 3215 3390 se
3258 3337 3510 3393 introdu-

1931 3434 2148 3479 cturum
2179 3426 2450 3495 cogitans,
2485 3429 2577 3494 qui
2614 3436 2671 3480 et
2711 3426 2995 3489 Romanis,
3026 3444 3265 3497 quorum
3310 3429 3511 3484 viden-

1934 3524 2024 3567 tur
2052 3514 2211 3581 socii,
2274 3515 2574 3583 plurimum
2618 3525 2886 3581 noceant;
2927 3526 2984 3570 et
3018 3517 3387 3571 Triballorum
3425 3519 3510 3572 fu-

1935 3615 2114 3660 turam
2144 3606 2380 3671 cladem,
2406 3606 2605 3673 caedes,
2632 3607 2932 3663 servitutes
2960 3608 3052 3675 (de
3090 3611 3292 3679 quibus
3331 3622 3511 3680 quau-

1934 3714 2096 3765 quam
2118 3684 2387 3763 hostibus,
2408 3697 2793 3765 nihilominus,
2814 3708 2875 3753 ut
2902 3699 2996 3754 Dei
3022 3701 3201 3755 cultor
3221 3714 3366 3767 erat,
3402 3704 3511 3756 sul-

1934 3788 2166 3855 licitus),
2197 3788 2411 3844 Cralent
2430 3788 2769 3854 compellans
2793 3790 2891 3855 ait,
2916 3792 3230 3858 veritatem,
3266 3804 3321 3849 et
3343 3797 3476 3863 justi
3494 3824 3511 3834 ο

1938 3880 2095 3942 tiam,
2137 3890 2188 3934 ct
2222 3881 2370 3948 quod
2398 3881 2827 3948 qnilibetbonus
2856 3884 3162 3938 aastimator
3180 3886 3390 3939 calculo
3410 3901 3513 3940 suo

1938 3973 2279 4041 approbarit,
2309 3973 2446 4026 nihil
2491 3989 2611 4028 esse
2644 3974 2822 4037 aliud,
2858 3990 3020 4043 quam
3071 3976 3332 4031 Romanis
3359 3979 3512 4032 urbi-

1938 4063 2038 4117 bus
2067 4066 2381 4133 juramento
2408 4065 2826 4134 comprehensis
2861 4082 2919 4121 se
2939 4068 3216 4123 abdicare.
3240 4070 3511 4124 Caeterum

1938 4155 2069 4223 quia
2104 4155 2280 4223 ipsum
2335 4140 2623 4224 tantopere
2674 4158 2907 4210 urbibus
2948 4158 3255 4213 inescatum
3291 4162 3512 4223 videat.

1938 4260 1991 4301 et
2022 4248 2379 4302 arbitrantem
2416 4249 2538 4303 vitae
2564 4260 2775 4318 partem
2805 4266 2915 4303 non
2953 4252 3223 4307 modicam
3249 4271 3371 4308 eum
3409 4257 3515 4311 illis

216 4342 495 4415 ιρθοράν,
524 4344 615 4395 καὶ
636 4344 761 4405 τοὺς
798 4346 1010 4411 φόνους,
1039 4344 1134 4395 καὶ
1162 4345 1288 4405 τοὺς
1333 4343 1831 4413 ἀνδραποδισμοὺς,

1942 4340 2300 4400 amissurum,
2337 4340 2595 4409 injuriam
2646 4342 2871 4410 quidem
2918 4344 3182 4400 Romanis
3214 4364 3272 4402 se
3305 4348 3515 4419 irroga-

237 4433 317 4490 ὧν
360 4435 621 4503 ὲκὴδετο,
659 4435 751 4487 καί
797 4452 880 4486 τοι
916 4435 1188 4505 πολεμίων
1230 4434 1401 4487 ὄντων
1435 4434 1526 4487 διὰ
1560 4436 1658 4504 τὴν
1698 4435 1835 4505 θρη-

240 4532 479 4590 σκείαν,
508 4528 568 4579 τὸ
601 4530 697 4595 μὲν
727 4526 925 4597 ἀληθὲς
953 4522 1098 4591 εἷπε,
1133 4528 1228 4580 καὶ⁵
1256 4527 1487 4593 δίκαιον,
1520 4528 1655 4595 πρδς
1688 4526 1838 4595 Κρά-

236 4621 371 4687 λην,
404 4622 509 4670 καὶ
554 4619 583 4670 ὃ
626 4621 732 4680 πᾶς
771 4618 1022 4671 ὁστισοῦν
1069 4619 1135 4671 ἂν
1165 4618 1560 4689 ἐπιψηφίσαιτο
1608 4620 1834 4681 δικαίως

238 4711 505 4773 διαιτῶν,
534 4712 681 4764 οὐδὲν
709 4707 851 4765 εἶναι
876 4712 1143 4781 ἓτερον,ἧ
1176 4711 1493 4778 ἐξίστασθαι
1533 4711 1833 4781 Ῥωμαίοις

237 4808 356 4857 τῶν
386 4802 605 4857 πόλεων
630 4804 737 4855 τῶν
758 4807 873 4867 τοῖς
902 4806 1087 4875 ὅρκοις
1118 4804 1623 4875 περιειλημμένων.
1676 4805 1833 4859 Ἐπεὶ

241 4899 291 4950 ε’
344 4897 522 4952 αὐτὸν
542 4898 642 4967 ὁρᾷ
677 4897 819 4949 πάνυ
864 4898 1255 4967 περιεχόμενον
1303 4898 1412 4951 τῶν
1458 4898 1689 4963 πόλεων,
1737 4899 1834 4951 καὶ

241 4991 350 5059 τῆς
383 4988 543 5051 ζωῆς
595 4988 652 5039 οὑ
687 4987 883 5055 μικρὸν
924 4989 1090 5057 μέρος
1122 4988 1426 5058 ἡγούμενον
1466 4990 1833 5061 ἁφαιρεθήσε·

246 5082 403 5142 σθαι,
438 5079 494 5130 εί
536 5078 741 5131 τούτων
769 5080 1196 5150 ἀποστερηθείη,
1229 5080 1512 5148 ἀδικήσειν
1546 5082 1646 5149 μὲν
1704 5082 1836 5134 Ῥω-

251 5170 659 5242 pungi:th
704 5170 1016 5234 διελόμενον
1061 5171 1160 5232 τὰς
1211 5170 1397 5233 πόλεις
1445 5172 1521 5233 ὡς
1569 5173 1636 5223 ἂν
1685 5172 1835 5241 αὐτῷ

246 5264 474 5331 δοκοίη,
504 5263 601 5315 καὶ
626 5266 1102 5333 παραχωρήσαντα
1142 5263 1283 5316 ὅσων
1306 5264 1371 5315 ἂν
1400 5262 1597 5327 ἐθέλοι,
1618 5250 1681 5315 ἀεί
1735 5265 1837 5333 μὲν

246 5355 413 5423 αὐτῷ
445 5353 652 5423 δοκοίη,
684 5356 777 5406 καὶ
805 5356 1047 5407 πείθοιτο
1069 5354 1235 5407 αὑτοῦ
1268 5358 1332 5424 τῇ
1367 5355 1559 5425 ψήφῳ,
1587 5356 1835 5411 τίθεσθαι

252 5449 496 5515 εἰρήνην
519 5447 610 5497 ἐπὶ
639 5449 849 5509 τούτοις
885 5452 977 5499 καί
1006 5448 1237 5510 σπονδάς
1260 5465 1273 5477 ·
1301 5451 1349 5499 εί
1379 5447 1435 5498 δὲ
1465 5448 1539 5517 μὴ
1566 5448 1834 5515 βούλοιτο.

250 5539 469 5602 ἐξεῖναι
490 5534 645 5596 αὖθις
669 5539 927 5605 πολεμεῖν
950 5539 1046 5600 τὰς
1066 5542 1244 5602 πάσας
1270 5538 1467 5609 ἔχοντι.
1498 5541 1613 5593 Καὶ
1634 5542 1831 5599 αὐτίκα

268 5625 638 5695 Ἀκαρνανίαν
674 5626 770 5693 μὲν
800 5626 893 5678 καὶ
919 5626 1236 5686 Θετταλίαν,
1276 5626 1475 5696 Σέρϐιά
1507 5644 1563 5681 τε
1618 5630 1709 5682 καὶ
1738 5632 1834 5693 τὰς

589 5724 862 5783 ΡΔτιιυι..
906 5724 1021 5784 Gn.
1062 5721 1259 5785 CLIV.

1944 4442 2149 4491 turum,
2178 4442 2554 4487 verumtamen
2586 4434 2797 4503 judicio
2822 4451 2923 4489 suo
2962 4439 3124 4491 urbes
3157 4442 3512 4509 partiturum.

1940 4532 1995 4576 et
2025 4538 2306 4576 cessurum
2334 4563 2349 4587 ,
2385 4534 2519 4593 quot
2570 4524 2674 4579 sibi
2710 4529 2999 4595 placuerit,
3031 4534 3075 4585 si
3118 4531 3194 4585 illi
3227 4533 3393 4587 etiam
3437 4538 3515 4588 vi-

1941 4614 2157 4675 deatur,
2192 4623 2248 4669 et
2271 4631 2383 4670 suae
2419 4625 2525 4671 stet
2563 4620 2873 4683 sententiaz,
2911 4637 3101 4690 pacem
3126 4639 3294 4693 super
3320 4626 3427 4691 his,
3459 4643 3516 4682 et

1944 4704 2121 4760 fmdus
2147 4706 2479 4762 faciendum.
2513 4709 2576 4764 Si
2605 4722 2844 4775 recuset,
2881 4714 3074 4767 licere.
3101 4714 3177 4768 illi
3212 4732 3273 4770 se
3322 4732 3516 4771 omnes

1941 4797 2237 4853 habentem
2302 4800 2369 4855 de
2419 4803 2632 4869 integro
2691 4804 2864 4858 armis
2915 4806 3228 4868 lacessere,
3278 4815 3333 4859 et
3391 4823 3516 4861 mox

1938 4890 2321 4959 Acarnaniam,
2360 4895 2699 4951 Thessaliam
2729 4940 2743 4961 ,
2788 4899 2999 4961 Servia,
3046 4912 3103 4953 et
3136 4901 3277 4954 intra
3320 4900 3418 4955 has
3449 4907 3513 4955 ad

1939 5003 2090 5044 mare
2124 4990 2257 5043 sitas
2282 5030 2298 5053 ,
2337 5000 2392 5043 et
2442 4991 2759 5047 Berrhmam
2796 5010 2919 5048 cum
2975 4995 3202 5058 Edessa,
3255 4996 3516 5066 Gynaaco-

1941 5089 2207 5144 castrum,
2242 5090 2297 5133 et
2327 5080 2669 5151 Mygdoniam
2694 5125 2707 5145 ,
2735 5101 2858 5138 cum
2915 5086 3233 5142 instauratis
3273 5088 3490 5157 oppidis

1937 5180 1994 5224 et
2032 5169 2239 5223 circum
2273 5172 2616 5242 Strymonem
2680 5176 2859 5241 vicos,
2912 5191 3087 5246 usque
3135 5177 3202 5231 ad
3244 5179 3511 5234 terminos

1941 5262 2267 5325 Pherarum,
2302 5272 2353 5317 et
2383 5264 2709 5319 Tantessani
2740 5277 2955 5321 mentes
2985 5271 3286 5339 appellatos
3313 5272 3514 5325 Roma-
3572 5312 3576 5317 -

1941 5355 2030 5408 nis
2057 5353 2332 5408 attribuit.
2365 5354 2591 5419 Zichna,
2621 5357 2848 5420 Pheras,
2898 5360 3220 5415 Melenicum
3243 5403 3257 5425 ,
3303 5361 3515 5416 Str'om-

1942 5445 2166 5506 bitzant,
2216 5444 2555 5509 Castoriam,
2612 5448 2859 5518 aliosque
2921 5452 3093 5516 vicos,
3142 5460 3197 5504 et
3255 5452 3514 5519 oppidula

1943 5536 2291 5590 Macedonica
2314 5578 2328 5601 ,
2358 5554 2480 5607 qum
2531 5541 2889 5599 extra.dietos
2940 5553 3152 5597 montes
3176 5554 3354 5605 erant,
3384 5544 3518 5599 Cra-

1942 5627 2049 5683 lem
2082 5632 2321 5683 retinere
2352 5631 2542 5699 voluit,
2572 5640 2627 5685 et
2674 5634 2973 5702 superbis
3031 5634 3230 5699 foedus,
3282 5636 3515 5692 societa-

3172 5734 3209 5791 6
