  <div class='ocr_page' id='page_1' title='image "/cluster/home/n/w/nwhite01/storage/ocr_20150623/154/hvd.32044073505299/091.png"; bbox 0 0 3996 6218; ppageno 0'>
   <div class='ocr_carea' id='block_1_1' title="bbox 435 190 2456 269">
    <p class='ocr_par' dir='ltr' id='par_1_1' title="bbox 435 190 2456 269">
     <span class='ocr_line' id='line_1_1' title="bbox 435 190 2456 269; baseline -0.003 -13"><span class='ocrx_word' id='word_1_1' title='bbox 435 194 531 258; x_wconf 80' lang='lat'><strong>171</strong></span> <span class='ocrx_word' id='word_1_2' title='bbox 1376 264 1397 269; x_wconf 86' lang='lat'>_</span> <span class='ocrx_word' id='word_1_3' title='bbox 1576 190 1897 253; x_wconf 77' lang='lat' dir='ltr'><strong>JOANNIS</strong></span> <span class='ocrx_word' id='word_1_4' title='bbox 1935 191 2456 253; x_wconf 82' lang='lat' dir='ltr'><strong>CANTACUZENI</strong></span> 
     </span>
    </p>
   </div>
   <div class='ocr_carea' id='block_1_2' title="bbox 3578 192 3691 259">
    <p class='ocr_par' dir='ltr' id='par_1_2' title="bbox 3578 192 3691 259">
     <span class='ocr_line' id='line_1_2' title="bbox 3578 192 3691 259; baseline -0.018 0"><span class='ocrx_word' id='word_1_5' title='bbox 3578 192 3691 259; x_wconf 65' lang='lat'><strong>17%</strong></span> 
     </span>
    </p>
   </div>
   <div class='ocr_carea' id='block_1_3' title="bbox 431 298 2009 375">
    <p class='ocr_par' dir='ltr' id='par_1_3' title="bbox 431 302 2005 375">
     <span class='ocr_line' id='line_1_3' title="bbox 431 302 2005 375; baseline -0.002 -15"><span class='ocrx_word' id='word_1_6' title='bbox 431 316 655 375; x_wconf 78' lang='lat' dir='ltr'><strong>temque</strong></span> <span class='ocrx_word' id='word_1_7' title='bbox 682 303 845 370; x_wconf 83' lang='lat' dir='ltr'><strong>inire,</strong></span> <span class='ocrx_word' id='word_1_8' title='bbox 884 312 938 359; x_wconf 90' lang='lat' dir='ltr'><strong>et</strong></span> <span class='ocrx_word' id='word_1_9' title='bbox 967 303 1246 359; x_wconf 87' lang='lat' dir='ltr'><strong>abstinere</strong></span> <span class='ocrx_word' id='word_1_10' title='bbox 1277 302 1493 358; x_wconf 82' lang='lat' dir='ltr'><strong>damnis</strong></span> <span class='ocrx_word' id='word_1_11' title='bbox 1516 306 1745 359; x_wconf 92' lang='lat' dir='ltr'><strong>mutuis.</strong></span> <span class='ocrx_word' id='word_1_12' title='bbox 1781 304 1872 359; x_wconf 88' lang='lat' dir='ltr'><strong>Sic</strong></span> <span class='ocrx_word' id='word_1_13' title='bbox 1898 305 2005 357; x_wconf 86' lang='lat' dir='ltr'><strong>im-</strong></span> 
     </span>
    </p>
   </div>
   <div class='ocr_carea' id='block_1_4' title="bbox 2115 298 3687 375">
    <p class='ocr_par' dir='ltr' id='par_1_4' title="bbox 2115 298 3687 371">
     <span class='ocr_line' id='line_1_4' title="bbox 2115 298 3687 371; baseline -0.001 -17"><span class='ocrx_word' id='word_1_14' title='bbox 2115 302 2258 365; x_wconf 71' lang='grc' dir='ltr'>ἐντὸς</span> <span class='ocrx_word' id='word_1_15' title='bbox 2282 302 2487 356; x_wconf 76' lang='grc' dir='ltr'>τούτων</span> <span class='ocrx_word' id='word_1_16' title='bbox 2514 302 2647 371; x_wconf 78' lang='grc' dir='ltr'>πρὸς</span> <span class='ocrx_word' id='word_1_17' title='bbox 2675 301 2953 356; x_wconf 80' lang='grc' dir='ltr'><strong>Θάλασσαν</strong></span> <span class='ocrx_word' id='word_1_18' title='bbox 2972 300 3251 371; x_wconf 84' lang='grc' dir='ltr'>πολίχνας,</span> <span class='ocrx_word' id='word_1_19' title='bbox 3271 298 3367 353; x_wconf 74' lang='grc' dir='ltr'>καὶ</span> <span class='ocrx_word' id='word_1_20' title='bbox 3388 299 3687 371; x_wconf 71' lang='grc' dir='ltr'>Βέῤῥοιαν,</span> 
     </span>
    </p>
   </div>
   <div class='ocr_carea' id='block_1_5' title="bbox 434 394 1999 466">
    <p class='ocr_par' dir='ltr' id='par_1_5' title="bbox 434 394 1999 466">
     <span class='ocr_line' id='line_1_5' title="bbox 434 394 1999 466; baseline -0.004 -15"><span class='ocrx_word' id='word_1_21' title='bbox 434 407 656 466; x_wconf 88' lang='lat' dir='ltr'><strong>perator</strong></span> <span class='ocrx_word' id='word_1_22' title='bbox 688 396 879 459; x_wconf 78' lang='lat' dir='ltr'><strong>,urbes</strong></span> <span class='ocrx_word' id='word_1_23' title='bbox 940 394 1261 461; x_wconf 88' lang='lat' dir='ltr'><strong>distribuit;</strong></span> <span class='ocrx_word' id='word_1_24' title='bbox 1307 409 1429 463; x_wconf 63' lang='lat' dir='ltr'><strong>qua:</strong></span> <span class='ocrx_word' id='word_1_25' title='bbox 1480 394 1799 449; x_wconf 75' lang='lat' dir='ltr'><strong>distributio</strong></span> <span class='ocrx_word' id='word_1_26' title='bbox 1834 394 1999 449; x_wconf 85' lang='lat' dir='ltr'><strong>etiam</strong></span> 
     </span>
    </p>
   </div>
   <div class='ocr_carea' id='block_1_6' title="bbox 429 485 2002 557">
    <p class='ocr_par' dir='ltr' id='par_1_6' title="bbox 429 485 2002 557">
     <span class='ocr_line' id='line_1_6' title="bbox 429 485 2002 557; baseline -0.003 -14"><span class='ocrx_word' id='word_1_27' title='bbox 429 487 577 544; x_wconf 85' lang='lat' dir='ltr'><strong>Crali</strong></span> <span class='ocrx_word' id='word_1_28' title='bbox 627 487 856 557; x_wconf 83' lang='lat' dir='ltr'><strong>placuit,</strong></span> <span class='ocrx_word' id='word_1_29' title='bbox 894 495 951 541; x_wconf 88' lang='lat' dir='ltr'><strong>et</strong></span> <span class='ocrx_word' id='word_1_30' title='bbox 986 487 1059 540; x_wconf 88' lang='lat' dir='ltr'><strong>ita</strong></span> <span class='ocrx_word' id='word_1_31' title='bbox 1092 486 1238 540; x_wconf 91' lang='lat' dir='ltr'><strong>inter</strong></span> <span class='ocrx_word' id='word_1_32' title='bbox 1293 485 1416 538; x_wconf 91' lang='lat' dir='ltr'><strong>illos</strong></span> <span class='ocrx_word' id='word_1_33' title='bbox 1464 488 1756 549; x_wconf 90' lang='lat' dir='ltr'><strong>convenit,</strong></span> <span class='ocrx_word' id='word_1_34' title='bbox 1787 499 2002 554; x_wconf 83' lang='lat' dir='ltr'><strong>paxque</strong></span> 
     </span>
    </p>
   </div>
   <div class='ocr_carea' id='block_1_7' title="bbox 434 576 2002 645">
    <p class='ocr_par' dir='ltr' id='par_1_7' title="bbox 434 576 2002 645">
     <span class='ocr_line' id='line_1_7' title="bbox 434 576 2002 645; baseline -0.004 -9"><span class='ocrx_word' id='word_1_35' title='bbox 434 581 685 635; x_wconf 77' lang='lat' dir='ltr'><strong>confecta</strong></span> <span class='ocrx_word' id='word_1_36' title='bbox 737 577 996 633; x_wconf 80' lang='lat' dir='ltr'><strong>Triballis</strong></span> <span class='ocrx_word' id='word_1_37' title='bbox 1033 576 1188 645; x_wconf 85' lang='lat' dir='ltr'><strong>juxta</strong></span> <span class='ocrx_word' id='word_1_38' title='bbox 1229 591 1293 630; x_wconf 91' lang='lat' dir='ltr'><strong>ac</strong></span> <span class='ocrx_word' id='word_1_39' title='bbox 1340 576 1600 631; x_wconf 81' lang='lat' dir='ltr'><strong>Romanis</strong></span> <span class='ocrx_word' id='word_1_40' title='bbox 1634 576 1834 645; x_wconf 79' lang='lat' dir='ltr'><strong>gaudio</strong></span> <span class='ocrx_word' id='word_1_41' title='bbox 1877 576 2002 630; x_wconf 78' lang='lat' dir='ltr'><strong>fuit.</strong></span> 
     </span>
    </p>
   </div>
   <div class='ocr_carea' id='block_1_8' title="bbox 433 666 2003 738">
    <p class='ocr_par' dir='ltr' id='par_1_8' title="bbox 433 666 2003 738">
     <span class='ocr_line' id='line_1_8' title="bbox 433 666 2003 738; baseline -0.005 -11"><span class='ocrx_word' id='word_1_42' title='bbox 433 674 613 737; x_wconf 80' lang='lat' dir='ltr'><strong>Atque</strong></span> <span class='ocrx_word' id='word_1_43' title='bbox 641 670 833 726; x_wconf 82' lang='lat' dir='ltr'><strong>eodem</strong></span> <span class='ocrx_word' id='word_1_44' title='bbox 869 668 921 722; x_wconf 91' lang='lat' dir='ltr'><strong>in</strong></span> <span class='ocrx_word' id='word_1_45' title='bbox 954 668 1076 723; x_wconf 90' lang='lat' dir='ltr'><strong>loco</strong></span> <span class='ocrx_word' id='word_1_46' title='bbox 1125 666 1367 730; x_wconf 82' lang='lat' dir='ltr'><strong>Cralem,</strong></span> <span class='ocrx_word' id='word_1_47' title='bbox 1422 668 1652 738; x_wconf 83' lang='lat' dir='ltr'><strong>ejusque</strong></span> <span class='ocrx_word' id='word_1_48' title='bbox 1682 668 2003 721; x_wconf 90' lang='lat' dir='ltr'><strong>comitatum</strong></span> 
     </span>
    </p>
   </div>
   <div class='ocr_carea' id='block_1_9' title="bbox 436 759 2005 834">
    <p class='ocr_par' dir='ltr' id='par_1_9' title="bbox 436 759 2005 834">
     <span class='ocr_line' id='line_1_9' title="bbox 436 759 2005 834; baseline -0.004 -15"><span class='ocrx_word' id='word_1_49' title='bbox 436 766 729 834; x_wconf 83' lang='lat' dir='ltr'><strong>imperator</strong></span> <span class='ocrx_word' id='word_1_50' title='bbox 758 761 823 815; x_wconf 89' lang='lat' dir='ltr'><strong>ad</strong></span> <span class='ocrx_word' id='word_1_51' title='bbox 852 760 1051 829; x_wconf 84' lang='lat' dir='ltr'><strong>epulas</strong></span> <span class='ocrx_word' id='word_1_52' title='bbox 1091 759 1407 830; x_wconf 78' lang='lat' dir='ltr'><strong>magnificas</strong></span> <span class='ocrx_word' id='word_1_53' title='bbox 1442 759 1737 823; x_wconf 79' lang='lat' dir='ltr'><strong>invitavit,</strong></span> <span class='ocrx_word' id='word_1_54' title='bbox 1787 759 2005 829; x_wconf 88' lang='lat' dir='ltr'><strong>juniore</strong></span> 
     </span>
    </p>
   </div>
   <div class='ocr_carea' id='block_1_10' title="bbox 436 851 2006 924">
    <p class='ocr_par' dir='ltr' id='par_1_10' title="bbox 436 851 2006 924">
     <span class='ocr_line' id='line_1_10' title="bbox 436 851 2006 924; baseline -0.003 -14"><span class='ocrx_word' id='word_1_55' title='bbox 436 857 767 924; x_wconf 84' lang='lat' dir='ltr'><strong>imperatore</strong></span> <span class='ocrx_word' id='word_1_56' title='bbox 797 861 1094 922; x_wconf 61' lang='lat' dir='ltr'><strong>praesente,</strong></span> <span class='ocrx_word' id='word_1_57' title='bbox 1129 860 1184 906; x_wconf 90' lang='lat' dir='ltr'><strong>et</strong></span> <span class='ocrx_word' id='word_1_58' title='bbox 1215 866 1340 906; x_wconf 88' lang='lat' dir='ltr'><strong>cum</strong></span> <span class='ocrx_word' id='word_1_59' title='bbox 1384 866 1577 906; x_wconf 84' lang='lat' dir='ltr'><strong>socero</strong></span> <span class='ocrx_word' id='word_1_60' title='bbox 1606 851 1814 921; x_wconf 89' lang='lat' dir='ltr'><strong>pariter</strong></span> <span class='ocrx_word' id='word_1_61' title='bbox 1845 866 1911 905; x_wconf 79' lang='lat' dir='ltr'><strong>ex</strong></span> <span class='ocrx_word' id='word_1_62' title='bbox 1942 864 2006 905; x_wconf 86' lang='lat' dir='ltr'><strong>ea</strong></span> 
     </span>
    </p>
   </div>
   <div class='ocr_carea' id='block_1_11' title="bbox 432 944 1423 1015">
    <p class='ocr_par' dir='ltr' id='par_1_11' title="bbox 432 944 1423 1015">
     <span class='ocr_line' id='line_1_11' title="bbox 432 944 1423 1015; baseline -0.001 -17"><span class='ocrx_word' id='word_1_63' title='bbox 432 944 809 999; x_wconf 84' lang='lat' dir='ltr'><strong>muniﬁcentia</strong></span> <span class='ocrx_word' id='word_1_64' title='bbox 832 945 1061 1015; x_wconf 82' lang='lat' dir='ltr'><strong>gloriam</strong></span> <span class='ocrx_word' id='word_1_65' title='bbox 1093 953 1423 1013; x_wconf 87' lang='lat' dir='ltr'><strong>aucupante.</strong></span> 
     </span>
    </p>
   </div>
   <div class='ocr_carea' id='block_1_12' title="bbox 2115 392 3691 461">
    <p class='ocr_par' dir='ltr' id='par_1_12' title="bbox 2115 392 3691 461">
     <span class='ocr_line' id='line_1_12' title="bbox 2115 392 3691 461; baseline 0 -16"><span class='ocrx_word' id='word_1_66' title='bbox 2115 396 2209 447; x_wconf 72' lang='grc' dir='ltr'><strong>καὶ</strong></span> <span class='ocrx_word' id='word_1_67' title='bbox 2259 393 2548 457; x_wconf 84' lang='grc' dir='ltr'><strong>Ἔδεσσαν,</strong></span> <span class='ocrx_word' id='word_1_68' title='bbox 2604 392 3075 461; x_wconf 85' lang='grc' dir='ltr'>Γυναικόκαστρόν</span> <span class='ocrx_word' id='word_1_69' title='bbox 3116 410 3174 445; x_wconf 87' lang='grc' dir='ltr'><strong>τε</strong></span> <span class='ocrx_word' id='word_1_70' title='bbox 3232 393 3329 447; x_wconf 80' lang='grc' dir='ltr'><strong>καὶ</strong></span> <span class='ocrx_word' id='word_1_71' title='bbox 3374 392 3691 458; x_wconf 82' lang='grc' dir='ltr'>Μυγδονίαν</span> 
     </span>
    </p>
   </div>
   <div class='ocr_carea' id='block_1_13' title="bbox 2121 484 3690 555">
    <p class='ocr_par' dir='ltr' id='par_1_13' title="bbox 2121 484 3690 555">
     <span class='ocr_line' id='line_1_13' title="bbox 2121 484 3690 555; baseline -0.001 -18"><span class='ocrx_word' id='word_1_72' title='bbox 2121 489 2260 555; x_wconf 88' lang='grc' dir='ltr'><strong>μετά</strong></span> <span class='ocrx_word' id='word_1_73' title='bbox 2316 486 2425 538; x_wconf 86' lang='grc' dir='ltr'><strong>τῶν</strong></span> <span class='ocrx_word' id='word_1_74' title='bbox 2483 484 2913 554; x_wconf 81' lang='grc' dir='ltr'><strong>κατῳκισμένων</strong></span> <span class='ocrx_word' id='word_1_75' title='bbox 2964 485 3195 547; x_wconf 88' lang='grc' dir='ltr'>πόλεων,</span> <span class='ocrx_word' id='word_1_76' title='bbox 3252 485 3349 539; x_wconf 63' lang='grc' dir='ltr'>καὶ</span> <span class='ocrx_word' id='word_1_77' title='bbox 3404 484 3505 547; x_wconf 84' lang='grc' dir='ltr'>τὰς</span> <span class='ocrx_word' id='word_1_78' title='bbox 3554 485 3690 553; x_wconf 78' lang='grc' dir='ltr'>περὶ</span> 
     </span>
    </p>
   </div>
   <div class='ocr_carea' id='block_1_14' title="bbox 2114 573 3692 646">
    <p class='ocr_par' dir='ltr' id='par_1_14' title="bbox 2114 573 3692 646">
     <span class='ocr_line' id='line_1_14' title="bbox 2114 573 3692 646; baseline -0.001 -18"><span class='ocrx_word' id='word_1_79' title='bbox 2114 575 2443 645; x_wconf 82' lang='grc' dir='ltr'>Στρυμμόνα</span> <span class='ocrx_word' id='word_1_80' title='bbox 2471 573 2661 645; x_wconf 74' lang='grc' dir='ltr'>κώμας</span> <span class='ocrx_word' id='word_1_81' title='bbox 2688 577 2813 646; x_wconf 81' lang='grc' dir='ltr'>ἄχρι</span> <span class='ocrx_word' id='word_1_82' title='bbox 2846 576 2956 629; x_wconf 83' lang='grc' dir='ltr'><strong>τῶν</strong></span> <span class='ocrx_word' id='word_1_83' title='bbox 2985 577 3172 646; x_wconf 81' lang='grc' dir='ltr'>Φερῶν</span> <span class='ocrx_word' id='word_1_84' title='bbox 3199 576 3385 646; x_wconf 86' lang='grc' dir='ltr'>ὁρίων,</span> <span class='ocrx_word' id='word_1_85' title='bbox 3421 579 3513 629; x_wconf 76' lang='grc' dir='ltr'><strong>καὶ</strong></span> <span class='ocrx_word' id='word_1_86' title='bbox 3546 577 3692 629; x_wconf 87' lang='grc' dir='ltr'>Ταν-</span> 
     </span>
    </p>
   </div>
   <div class='ocr_carea' id='block_1_15' title="bbox 2111 666 3695 737">
    <p class='ocr_par' dir='ltr' id='par_1_15' title="bbox 2111 666 3695 737">
     <span class='ocr_line' id='line_1_15' title="bbox 2111 666 3695 737; baseline -0.001 -19"><span class='ocrx_word' id='word_1_87' title='bbox 2111 669 2337 720; x_wconf 84' lang='grc' dir='ltr'>τεσάνου</span> <span class='ocrx_word' id='word_1_88' title='bbox 2363 667 2460 737; x_wconf 79' lang='grc' dir='ltr'>ὅρη</span> <span class='ocrx_word' id='word_1_89' title='bbox 2482 666 3027 736; x_wconf 86' lang='grc' dir='ltr'>προσαγορευόμενα,</span> <span class='ocrx_word' id='word_1_90' title='bbox 3066 668 3311 735; x_wconf 80' lang='grc' dir='ltr'><strong>ἀπένεμε</strong></span> <span class='ocrx_word' id='word_1_91' title='bbox 3353 667 3651 735; x_wconf 79' lang='grc' dir='ltr'>Ῥωμαίοις</span> <span class='ocrx_word' id='word_1_92' title='bbox 3675 681 3695 696; x_wconf 78' lang='grc' dir='ltr'><strong>ο</strong></span> 
     </span>
    </p>
   </div>
   <div class='ocr_carea' id='block_1_16' title="bbox 2113 757 3696 829">
    <p class='ocr_par' dir='ltr' id='par_1_16' title="bbox 2113 757 3696 829">
     <span class='ocr_line' id='line_1_16' title="bbox 2113 757 3696 829; baseline -0.001 -17"><span class='ocrx_word' id='word_1_93' title='bbox 2113 759 2277 829; x_wconf 90' lang='grc' dir='ltr'>Ζίχνα</span> <span class='ocrx_word' id='word_1_94' title='bbox 2305 760 2471 813; x_wconf 77' lang='grc' dir='ltr'>δὲκαὶ</span> <span class='ocrx_word' id='word_1_95' title='bbox 2492 759 2688 829; x_wconf 77' lang='grc' dir='ltr'>Φερὰς,</span> <span class='ocrx_word' id='word_1_96' title='bbox 2713 759 2808 811; x_wconf 77' lang='grc' dir='ltr'><strong>καὶ</strong></span> <span class='ocrx_word' id='word_1_97' title='bbox 2826 759 3145 821; x_wconf 86' lang='grc' dir='ltr'>Μελενίκον,</span> <span class='ocrx_word' id='word_1_98' title='bbox 3169 762 3265 814; x_wconf 64' lang='grc' dir='ltr'><strong>καὶ¹</strong></span> <span class='ocrx_word' id='word_1_99' title='bbox 3281 757 3696 829; x_wconf 77' lang='grc' dir='ltr'>Στρὺμϐιτζαν,</span> 
     </span>
    </p>
   </div>
   <div class='ocr_carea' id='block_1_17' title="bbox 2113 852 3700 923">
    <p class='ocr_par' dir='ltr' id='par_1_17' title="bbox 2113 852 3700 923">
     <span class='ocr_line' id='line_1_17' title="bbox 2113 852 3700 923; baseline -0.001 -20"><span class='ocrx_word' id='word_1_100' title='bbox 2113 852 2208 903; x_wconf 72' lang='grc' dir='ltr'><strong>καὶ</strong></span> <span class='ocrx_word' id='word_1_101' title='bbox 2244 852 2580 921; x_wconf 83' lang='grc' dir='ltr'>Καστορίαν,</span> <span class='ocrx_word' id='word_1_102' title='bbox 2645 854 2738 905; x_wconf 79' lang='grc' dir='ltr'>καὶ</span> <span class='ocrx_word' id='word_1_103' title='bbox 2770 853 2866 914; x_wconf 84' lang='grc' dir='ltr'><strong>τάς</strong></span> <span class='ocrx_word' id='word_1_104' title='bbox 2895 852 3060 915; x_wconf 79' lang='grc' dir='ltr'>ἄλλας</span> <span class='ocrx_word' id='word_1_105' title='bbox 3095 853 3473 914; x_wconf 75' lang='grc' dir='ltr'><strong>Μακεδονικὰς</strong></span> <span class='ocrx_word' id='word_1_106' title='bbox 3496 853 3700 923; x_wconf 82' lang='grc' dir='ltr'>κώμας</span> 
     </span>
    </p>
   </div>
   <div class='ocr_carea' id='block_1_18' title="bbox 2114 940 3700 1015">
    <p class='ocr_par' dir='ltr' id='par_1_18' title="bbox 2114 940 3700 1015">
     <span class='ocr_line' id='line_1_18' title="bbox 2114 940 3700 1015; baseline 0.001 -20"><span class='ocrx_word' id='word_1_107' title='bbox 2114 944 2206 995; x_wconf 76' lang='grc' dir='ltr'>καὶ</span> <span class='ocrx_word' id='word_1_108' title='bbox 2235 943 2519 1013; x_wconf 82' lang='grc' dir='ltr'>πολίχνας,</span> <span class='ocrx_word' id='word_1_109' title='bbox 2553 944 2609 996; x_wconf 82' lang='grc' dir='ltr'>αἳ</span> <span class='ocrx_word' id='word_1_110' title='bbox 2641 944 2749 995; x_wconf 84' lang='grc' dir='ltr'>τῶν</span> <span class='ocrx_word' id='word_1_111' title='bbox 2798 944 3105 1014; x_wconf 79' lang='grc' dir='ltr'>εἰρημένων</span> <span class='ocrx_word' id='word_1_112' title='bbox 3152 946 3294 1015; x_wconf 84' lang='grc' dir='ltr'>ὅρων</span> <span class='ocrx_word' id='word_1_113' title='bbox 3333 945 3493 1007; x_wconf 74' lang='grc' dir='ltr'>ἐκτὸς</span> <span class='ocrx_word' id='word_1_114' title='bbox 3520 940 3700 1015; x_wconf 80' lang='grc' dir='ltr'>ἦσαν,</span> 
     </span>
    </p>
   </div>
   <div class='ocr_carea' id='block_1_19' title="bbox 429 1022 3704 1106">
    <p class='ocr_par' dir='ltr' id='par_1_19' title="bbox 429 1022 3704 1106">
     <span class='ocr_line' id='line_1_19' title="bbox 429 1022 3704 1106; baseline 0.001 -18"><span class='ocrx_word' id='word_1_115' title='bbox 429 1035 654 1106; x_wconf 80' lang='grc' dir='ltr'>Κράλην</span> <span class='ocrx_word' id='word_1_116' title='bbox 681 1035 847 1105; x_wconf 75' lang='grc' dir='ltr'>ἔχειν,</span> <span class='ocrx_word' id='word_1_117' title='bbox 901 1036 995 1089; x_wconf 69' lang='grc' dir='ltr'>καὶ</span> <span class='ocrx_word' id='word_1_118' title='bbox 1027 1035 1350 1104; x_wconf 85' lang='grc' dir='ltr'>συμμαχίαν</span> <span class='ocrx_word' id='word_1_119' title='bbox 1377 1036 1470 1087; x_wconf 75' lang='grc' dir='ltr'><strong>ἐπὶ</strong></span> <span class='ocrx_word' id='word_1_120' title='bbox 1496 1035 1707 1098; x_wconf 78' lang='grc' dir='ltr'><strong>τούτοις</strong></span> <span class='ocrx_word' id='word_1_121' title='bbox 1733 1035 2009 1088; x_wconf 83' lang='grc' dir='ltr'>ποιεῖσθαι</span> <span class='ocrx_word' id='word_1_122' title='bbox 2048 1035 2144 1088; x_wconf 61' lang='grc' dir='ltr'><strong>καλ¹</strong></span> <span class='ocrx_word' id='word_1_123' title='bbox 2210 1035 2465 1099; x_wconf 76' lang='grc' dir='ltr'>σπονδὰς,</span> <span class='ocrx_word' id='word_1_124' title='bbox 2497 1022 2593 1090; x_wconf 56' lang='grc' dir='ltr'>καί.</span> <span class='ocrx_word' id='word_1_125' title='bbox 2652 1037 2819 1106; x_wconf 85' lang='grc' dir='ltr'>μηδὲν</span> <span class='ocrx_word' id='word_1_126' title='bbox 2851 1023 3119 1105; x_wconf 78' lang='grc' dir='ltr'>ἀλλήλους</span> <span class='ocrx_word' id='word_1_127' title='bbox 3151 1036 3355 1090; x_wconf 83' lang='grc' dir='ltr'>ἀδικεῖν</span> <span class='ocrx_word' id='word_1_128' title='bbox 3375 1053 3391 1069; x_wconf 89' lang='grc'><strong>·</strong></span> <span class='ocrx_word' id='word_1_129' title='bbox 3422 1035 3566 1090; x_wconf 79' lang='grc' dir='ltr'>οὕτω</span> <span class='ocrx_word' id='word_1_130' title='bbox 3594 1037 3704 1105; x_wconf 82' lang='grc' dir='ltr'>μὲν</span> 
     </span>
    </p>
   </div>
   <div class='ocr_carea' id='block_1_20' title="bbox 366 1114 3704 1199">
    <p class='ocr_par' dir='ltr' id='par_1_20' title="bbox 366 1114 3704 1199">
     <span class='ocr_line' id='line_1_20' title="bbox 366 1114 3704 1199; baseline -0.001 -17"><span class='ocrx_word' id='word_1_131' title='bbox 366 1114 367 1117; x_wconf 8' lang='grc' dir='ltr'><strong>η</strong></span> <span class='ocrx_word' id='word_1_132' title='bbox 428 1132 455 1182; x_wconf 85' lang='grc' dir='ltr'>ὁ</span> <span class='ocrx_word' id='word_1_133' title='bbox 489 1129 741 1198; x_wconf 76' lang='grc' dir='ltr'>βασιλεὺς</span> <span class='ocrx_word' id='word_1_134' title='bbox 769 1128 943 1199; x_wconf 81' lang='grc' dir='ltr'>διῄρει</span> <span class='ocrx_word' id='word_1_135' title='bbox 977 1129 1077 1191; x_wconf 85' lang='grc' dir='ltr'><strong>τὰς</strong></span> <span class='ocrx_word' id='word_1_136' title='bbox 1106 1129 1293 1193; x_wconf 90' lang='grc' dir='ltr'>πόλεις</span> <span class='ocrx_word' id='word_1_137' title='bbox 1315 1144 1329 1159; x_wconf 73' lang='grc'><strong>⁸</strong></span> <span class='ocrx_word' id='word_1_138' title='bbox 1367 1130 1460 1182; x_wconf 74' lang='grc' dir='ltr'><strong>καὶ</strong></span> <span class='ocrx_word' id='word_1_139' title='bbox 1486 1130 1660 1183; x_wconf 70' lang='grc' dir='ltr'>ἐδόκει</span> <span class='ocrx_word' id='word_1_140' title='bbox 1724 1129 1820 1181; x_wconf 69' lang='grc' dir='ltr'><strong>καὶ</strong></span> <span class='ocrx_word' id='word_1_141' title='bbox 1886 1128 2083 1198; x_wconf 84' lang='grc' dir='ltr'>Κράλῃ</span> <span class='ocrx_word' id='word_1_142' title='bbox 2121 1128 2300 1191; x_wconf 83' lang='grc' dir='ltr'>καλῶς</span> <span class='ocrx_word' id='word_1_143' title='bbox 2339 1128 2508 1199; x_wconf 77' lang='grc' dir='ltr'>ἔχειν,</span> <span class='ocrx_word' id='word_1_144' title='bbox 2541 1130 2636 1183; x_wconf 77' lang='grc' dir='ltr'><strong>καὶ</strong></span> <span class='ocrx_word' id='word_1_145' title='bbox 2664 1128 2969 1199; x_wconf 77' lang='grc' dir='ltr'>συνέϐησαν</span> <span class='ocrx_word' id='word_1_146' title='bbox 3005 1132 3063 1182; x_wconf 83' lang='grc' dir='ltr'>ὲν</span> <span class='ocrx_word' id='word_1_147' title='bbox 3090 1120 3321 1194; x_wconf 79' lang='grc' dir='ltr'>τούτοις,</span> <span class='ocrx_word' id='word_1_148' title='bbox 3357 1131 3452 1184; x_wconf 71' lang='grc' dir='ltr'><strong>καὶ</strong></span> <span class='ocrx_word' id='word_1_149' title='bbox 3489 1130 3704 1186; x_wconf 86' lang='grc' dir='ltr'>πάντες</span> 
     </span>
    </p>
   </div>
   <div class='ocr_carea' id='block_1_21' title="bbox 427 1219 3701 1294">
    <p class='ocr_par' dir='ltr' id='par_1_21' title="bbox 427 1219 3701 1294">
     <span class='ocr_line' id='line_1_21' title="bbox 427 1219 3701 1294; baseline -0.001 -19"><span class='ocrx_word' id='word_1_150' title='bbox 427 1222 639 1292; x_wconf 78' lang='grc' dir='ltr'>ἣδοντο,</span> <span class='ocrx_word' id='word_1_151' title='bbox 667 1222 761 1275; x_wconf 75' lang='grc' dir='ltr'>καὶ</span> <span class='ocrx_word' id='word_1_152' title='bbox 782 1220 1043 1291; x_wconf 73' lang='grc' dir='ltr'>Τριϐαλοὶ</span> <span class='ocrx_word' id='word_1_153' title='bbox 1063 1222 1156 1273; x_wconf 77' lang='grc' dir='ltr'><strong>καὶ</strong></span> <span class='ocrx_word' id='word_1_154' title='bbox 1196 1221 1455 1290; x_wconf 80' lang='grc' dir='ltr'>Ῥωμαῖοι</span> <span class='ocrx_word' id='word_1_155' title='bbox 1481 1220 1618 1290; x_wconf 73' lang='grc' dir='ltr'>πρὸς</span> <span class='ocrx_word' id='word_1_156' title='bbox 1641 1222 1738 1291; x_wconf 78' lang='grc' dir='ltr'><strong>τὴν</strong></span> <span class='ocrx_word' id='word_1_157' title='bbox 1762 1222 2008 1291; x_wconf 83' lang='grc' dir='ltr'><strong>εἰρήνην.</strong></span> <span class='ocrx_word' id='word_1_158' title='bbox 2040 1220 2117 1274; x_wconf 77' lang='lat'><strong>&#39;0</strong></span> <span class='ocrx_word' id='word_1_159' title='bbox 2169 1238 2228 1274; x_wconf 90' lang='grc' dir='ltr'><strong>τε</strong></span> <span class='ocrx_word' id='word_1_160' title='bbox 2268 1220 2523 1290; x_wconf 82' lang='grc' dir='ltr'>βασιλεὺς</span> <span class='ocrx_word' id='word_1_161' title='bbox 2586 1221 2762 1275; x_wconf 83' lang='grc' dir='ltr'>εἱστία</span> <span class='ocrx_word' id='word_1_162' title='bbox 2815 1222 3114 1293; x_wconf 84' lang='grc' dir='ltr'>φιλοτίμως</span> <span class='ocrx_word' id='word_1_163' title='bbox 3146 1219 3518 1294; x_wconf 80' lang='grc' dir='ltr'>Κράλην,’καὶ</span> <span class='ocrx_word' id='word_1_164' title='bbox 3566 1222 3701 1284; x_wconf 65' lang='grc' dir='ltr'>τοὺς</span> 
     </span>
    </p>
   </div>
   <div class='ocr_carea' id='block_1_22' title="bbox 434 1308 3703 1386">
    <p class='ocr_par' dir='ltr' id='par_1_22' title="bbox 434 1308 3703 1386">
     <span class='ocr_line' id='line_1_22' title="bbox 434 1308 3703 1386; baseline 0 -18"><span class='ocrx_word' id='word_1_165' title='bbox 434 1315 694 1377; x_wconf 80' lang='grc' dir='ltr'>συνόντας</span> <span class='ocrx_word' id='word_1_166' title='bbox 726 1312 813 1365; x_wconf 75' lang='grc' dir='ltr'>ἐπ’</span> <span class='ocrx_word' id='word_1_167' title='bbox 833 1312 998 1365; x_wconf 79' lang='grc' dir='ltr'>αὐτοῦ</span> <span class='ocrx_word' id='word_1_168' title='bbox 1015 1315 1110 1366; x_wconf 85' lang='grc' dir='ltr'><strong>τοῦ</strong></span> <span class='ocrx_word' id='word_1_169' title='bbox 1133 1313 1303 1366; x_wconf 85' lang='grc' dir='ltr'>τόπου</span> <span class='ocrx_word' id='word_1_170' title='bbox 1328 1308 1389 1367; x_wconf 76' lang='grc' dir='ltr'>οὗ</span> <span class='ocrx_word' id='word_1_171' title='bbox 1413 1314 1467 1366; x_wconf 90' lang='grc' dir='ltr'><strong>αί</strong></span> <span class='ocrx_word' id='word_1_172' title='bbox 1494 1312 1800 1384; x_wconf 88' lang='grc' dir='ltr'>συμϐάσεις</span> <span class='ocrx_word' id='word_1_173' title='bbox 1863 1312 2211 1383; x_wconf 75' lang='grc' dir='ltr'>ἐγεγένηντο,</span> <span class='ocrx_word' id='word_1_174' title='bbox 2251 1313 2520 1383; x_wconf 79' lang='grc' dir='ltr'>παρόντος</span> <span class='ocrx_word' id='word_1_175' title='bbox 2564 1313 2659 1367; x_wconf 77' lang='grc' dir='ltr'>καὶ</span> <span class='ocrx_word' id='word_1_176' title='bbox 2711 1312 2807 1366; x_wconf 79' lang='grc' dir='ltr'><strong>τοῦ</strong></span> <span class='ocrx_word' id='word_1_177' title='bbox 2896 1313 2990 1367; x_wconf 88' lang='grc' dir='ltr'><strong>έου</strong></span> <span class='ocrx_word' id='word_1_178' title='bbox 3040 1313 3337 1384; x_wconf 81' lang='grc' dir='ltr'>βασιλέως,</span> <span class='ocrx_word' id='word_1_179' title='bbox 3364 1318 3462 1369; x_wconf 71' lang='grc' dir='ltr'><strong>καὶ</strong></span> <span class='ocrx_word' id='word_1_180' title='bbox 3487 1332 3703 1386; x_wconf 76' lang='grc' dir='ltr'>συμφι·</span> 
     </span>
    </p>
   </div>
   <div class='ocr_carea' id='block_1_23' title="bbox 429 1405 1456 1476">
    <p class='ocr_par' dir='ltr' id='par_1_23' title="bbox 429 1405 1456 1476">
     <span class='ocr_line' id='line_1_23' title="bbox 429 1405 1456 1476; baseline 0 -17"><span class='ocrx_word' id='word_1_181' title='bbox 429 1407 829 1476; x_wconf 86' lang='grc' dir='ltr'>λοτιμουμένου</span> <span class='ocrx_word' id='word_1_182' title='bbox 863 1405 1075 1473; x_wconf 87' lang='grc' dir='ltr'>βασιλεῖ</span> <span class='ocrx_word' id='word_1_183' title='bbox 1096 1406 1175 1476; x_wconf 79' lang='grc' dir='ltr'>τῷ</span> <span class='ocrx_word' id='word_1_184' title='bbox 1199 1407 1456 1476; x_wconf 79' lang='grc' dir='ltr'>κηδεστῇ.</span> 
     </span>
    </p>
   </div>
   <div class='ocr_carea' id='block_1_24' title="bbox 1743 1544 2379 1617">
    <p class='ocr_par' dir='ltr' id='par_1_24' title="bbox 1743 1544 2379 1617">
     <span class='ocr_line' id='line_1_24' title="bbox 1743 1544 2379 1617; baseline -0.002 -17"><span class='ocrx_word' id='word_1_185' title='bbox 1743 1546 1904 1617; x_wconf 74' lang='lat'><strong>792</strong></span> <span class='ocrx_word' id='word_1_186' title='bbox 1936 1544 2169 1601; x_wconf 82' lang='lat' dir='ltr'><strong>CAPUT</strong></span> <span class='ocrx_word' id='word_1_187' title='bbox 2209 1544 2379 1599; x_wconf 84' lang='lat' dir='ltr'><strong>xxn.</strong></span> 
     </span>
    </p>
   </div>
   <div class='ocr_carea' id='block_1_25' title="bbox 433 1667 3699 1743">
    <p class='ocr_par' dir='ltr' id='par_1_25' title="bbox 433 1667 3699 1743">
     <span class='ocr_line' id='line_1_25' title="bbox 433 1667 3699 1743; baseline -0.001 -16"><span class='ocrx_word' id='word_1_188' title='bbox 433 1671 655 1728; x_wconf 86' lang='lat' dir='ltr'><strong>Pactum</strong></span> <span class='ocrx_word' id='word_1_189' title='bbox 684 1674 747 1727; x_wconf 78' lang='lat' dir='ltr'><strong>de</strong></span> <span class='ocrx_word' id='word_1_190' title='bbox 774 1673 1032 1743; x_wconf 82' lang='lat' dir='ltr'><strong>eligendis</strong></span> <span class='ocrx_word' id='word_1_191' title='bbox 1066 1673 1384 1737; x_wconf 77' lang='lat' dir='ltr'><strong>proceribus,</strong></span> <span class='ocrx_word' id='word_1_192' title='bbox 1418 1672 1509 1741; x_wconf 88' lang='lat' dir='ltr'><strong>qui</strong></span> <span class='ocrx_word' id='word_1_193' title='bbox 1543 1671 1697 1725; x_wconf 80' lang='lat' dir='ltr'><strong>urbes</strong></span> <span class='ocrx_word' id='word_1_194' title='bbox 1729 1672 2005 1743; x_wconf 73' lang='lat' dir='ltr'><strong>utriusque</strong></span> <span class='ocrx_word' id='word_1_195' title='bbox 2045 1669 2254 1743; x_wconf 77' lang='lat' dir='ltr'><strong>nomine</strong></span> <span class='ocrx_word' id='word_1_196' title='bbox 2290 1668 2530 1743; x_wconf 80' lang='lat' dir='ltr'><strong>tradant,</strong></span> <span class='ocrx_word' id='word_1_197' title='bbox 2576 1676 2626 1722; x_wconf 85' lang='lat' dir='ltr'><strong>et</strong></span> <span class='ocrx_word' id='word_1_198' title='bbox 2652 1669 2937 1743; x_wconf 62' lang='lat' dir='ltr'><strong>accipiant.</strong></span> <span class='ocrx_word' id='word_1_199' title='bbox 2971 1667 3159 1723; x_wconf 80' lang='lat' dir='ltr'><strong>Crales</strong></span> <span class='ocrx_word' id='word_1_200' title='bbox 3205 1670 3493 1743; x_wconf 78' lang='lat' dir='ltr'><strong>seducitur,</strong></span> <span class='ocrx_word' id='word_1_201' title='bbox 3524 1671 3699 1739; x_wconf 67' lang='lat' dir='ltr'><strong>feda:</strong></span> 
     </span>
    </p>
   </div>
   <div class='ocr_carea' id='block_1_26' title="bbox 506 1737 3699 1810">
    <p class='ocr_par' dir='ltr' id='par_1_26' title="bbox 506 1737 3699 1810">
     <span class='ocr_line' id='line_1_26' title="bbox 506 1737 3699 1810; baseline -0.001 -13"><span class='ocrx_word' id='word_1_202' title='bbox 506 1745 799 1807; x_wconf 85' lang='lat' dir='ltr'><strong>renuntiat,</strong></span> <span class='ocrx_word' id='word_1_203' title='bbox 831 1737 951 1796; x_wconf 57' lang='lat' dir='ltr'><strong>{nos</strong></span> <span class='ocrx_word' id='word_1_204' title='bbox 981 1745 1035 1796; x_wconf 86' lang='lat' dir='ltr'><strong>in</strong></span> <span class='ocrx_word' id='word_1_205' title='bbox 1078 1737 1508 1799; x_wconf 80' lang='lat' dir='ltr'><strong>Cantacuzenum</strong></span> <span class='ocrx_word' id='word_1_206' title='bbox 1549 1743 1774 1795; x_wconf 88' lang='lat' dir='ltr'><strong>animat.</strong></span> <span class='ocrx_word' id='word_1_207' title='bbox 1807 1737 1989 1809; x_wconf 79' lang='lat' dir='ltr'><strong>Copia:</strong></span> <span class='ocrx_word' id='word_1_208' title='bbox 2021 1742 2288 1808; x_wconf 79' lang='lat' dir='ltr'><strong>utrimque</strong></span> <span class='ocrx_word' id='word_1_209' title='bbox 2331 1742 2646 1810; x_wconf 79' lang='lat' dir='ltr'><strong>educuntur.</strong></span> <span class='ocrx_word' id='word_1_210' title='bbox 2696 1737 3173 1810; x_wconf 84' lang='lat' dir='ltr'><strong>Neuter__pu_gnam</strong></span> <span class='ocrx_word' id='word_1_211' title='bbox 3227 1740 3430 1810; x_wconf 83' lang='lat' dir='ltr'><strong>incipit,</strong></span> <span class='ocrx_word' id='word_1_212' title='bbox 3457 1737 3699 1810; x_wconf 70' lang='lat' dir='ltr'><strong>uterque</strong></span> 
     </span>
    </p>
   </div>
   <div class='ocr_carea' id='block_1_27' title="bbox 504 1805 3699 1883">
    <p class='ocr_par' dir='ltr' id='par_1_27' title="bbox 504 1805 3699 1883">
     <span class='ocr_line' id='line_1_27' title="bbox 504 1805 3699 1883; baseline -0.001 -16"><span class='ocrx_word' id='word_1_213' title='bbox 504 1832 560 1867; x_wconf 85' lang='lat' dir='ltr'><strong>se</strong></span> <span class='ocrx_word' id='word_1_214' title='bbox 590 1805 826 1869; x_wconf 69' lang='lat' dir='ltr'><strong>excusat.</strong></span> <span class='ocrx_word' id='word_1_215' title='bbox 860 1812 1159 1882; x_wconf 85' lang='lat' dir='ltr'><strong>Imperator</strong></span> <span class='ocrx_word' id='word_1_216' title='bbox 1186 1813 1504 1883; x_wconf 82' lang='lat' dir='ltr'><strong>Byzantium</strong></span> <span class='ocrx_word' id='word_1_217' title='bbox 1541 1811 1784 1883; x_wconf 85' lang='lat' dir='ltr'><strong>abiturus</strong></span> <span class='ocrx_word' id='word_1_218' title='bbox 1828 1805 2208 1883; x_wconf 71' lang='lat' dir='ltr'><strong>imperatorem</strong></span> <span class='ocrx_word' id='word_1_219' title='bbox 2249 1805 2523 1883; x_wconf 78' lang='lat' dir='ltr'><strong>juniore_m</strong></span> <span class='ocrx_word' id='word_1_220' title='bbox 2571 1816 2766 1870; x_wconf 86' lang='lat' dir='ltr'><strong>monet,</strong></span> <span class='ocrx_word' id='word_1_221' title='bbox 2797 1823 2855 1883; x_wconf 71' lang='grc' dir='ltr'><strong>ιιΔ</strong></span> <span class='ocrx_word' id='word_1_222' title='bbox 2880 1805 3039 1883; x_wconf 65' lang='lat' dir='ltr'><strong>Orate</strong></span> <span class='ocrx_word' id='word_1_223' title='bbox 3068 1819 3270 1883; x_wconf 73' lang='lat' dir='ltr'><strong>caueat,</strong></span> <span class='ocrx_word' id='word_1_224' title='bbox 3299 1805 3390 1879; x_wconf 79' lang='lat' dir='ltr'><strong>qui</strong></span> <span class='ocrx_word' id='word_1_225' title='bbox 3434 1805 3699 1883; x_wconf 68' lang='lat' dir='ltr'><strong>Edessam</strong></span> 
     </span>
    </p>
   </div>
   <div class='ocr_carea' id='block_1_28' title="bbox 505 1877 3700 1955">
    <p class='ocr_par' dir='ltr' id='par_1_28' title="bbox 505 1877 3700 1955">
     <span class='ocr_line' id='line_1_28' title="bbox 505 1877 3700 1955; baseline -0.002 -19"><span class='ocrx_word' id='word_1_226' title='bbox 505 1886 804 1955; x_wconf 81' lang='lat' dir='ltr'><strong>proditione</strong></span> <span class='ocrx_word' id='word_1_227' title='bbox 836 1877 997 1955; x_wconf 80' lang='lat' dir='ltr'><strong>capit.</strong></span> <span class='ocrx_word' id='word_1_228' title='bbox 1032 1877 1253 1955; x_wconf 12' lang='lat' dir='ltr'><strong>Lyzricus</strong></span> <span class='ocrx_word' id='word_1_229' title='bbox 1277 1882 1559 1955; x_wconf 74' lang='lat' dir='ltr'><strong>prtefectus</strong></span> <span class='ocrx_word' id='word_1_230' title='bbox 1615 1882 1860 1955; x_wconf 70' lang='lat' dir='ltr'><strong>punitur,</strong></span> <span class='ocrx_word' id='word_1_231' title='bbox 1905 1877 1966 1931; x_wconf 73' lang='lat' dir='ltr'><strong>in</strong></span> <span class='ocrx_word' id='word_1_232' title='bbox 1997 1881 2101 1955; x_wconf 36' lang='lat' dir='ltr'><strong>uia.</strong></span> <span class='ocrx_word' id='word_1_233' title='bbox 2135 1881 2381 1940; x_wconf 86' lang='lat' dir='ltr'><strong>moritur,</strong></span> <span class='ocrx_word' id='word_1_234' title='bbox 2436 1877 2637 1955; x_wconf 65' lang='lat' dir='ltr'><strong>Edessa</strong></span> <span class='ocrx_word' id='word_1_235' title='bbox 2693 1877 3700 1955; x_wconf 33' lang='lat' dir='ltr'><strong>eventuum-incolarum;pa_rs_major</strong></span> 
     </span>
    </p>
   </div>
   <div class='ocr_carea' id='block_1_29' title="bbox 507 1945 3697 2018">
    <p class='ocr_par' dir='ltr' id='par_1_29' title="bbox 507 1945 3697 2018">
     <span class='ocr_line' id='line_1_29' title="bbox 507 1945 3697 2018; baseline -0.002 -11"><span class='ocrx_word' id='word_1_236' title='bbox 507 1945 650 2007; x_wconf 76' lang='lat' dir='ltr'><strong>nuda</strong></span> <span class='ocrx_word' id='word_1_237' title='bbox 680 1945 986 2007; x_wconf 79' lang='lat' dir='ltr'><strong>dimittitur.</strong></span> <span class='ocrx_word' id='word_1_238' title='bbox 1023 1945 1095 2005; x_wconf 73' lang='lat' dir='ltr'><strong>De</strong></span> <span class='ocrx_word' id='word_1_239' title='bbox 1127 1945 1342 2005; x_wconf 63' lang='lat' dir='ltr'><strong>incursu</strong></span> <span class='ocrx_word' id='word_1_240' title='bbox 1376 1945 1745 2004; x_wconf 65' lang='lat' dir='ltr'><strong>barbarorum.</strong></span> <span class='ocrx_word' id='word_1_241' title='bbox 1778 1950 1936 2003; x_wconf 68' lang='lat' dir='ltr'><strong>Masso</strong></span> <span class='ocrx_word' id='word_1_242' title='bbox 1991 1948 2101 2017; x_wconf 85' lang='lat' dir='ltr'><strong>regi</strong></span> <span class='ocrx_word' id='word_1_243' title='bbox 2127 1963 2181 2000; x_wconf 86' lang='lat' dir='ltr'><strong>se</strong></span> <span class='ocrx_word' id='word_1_244' title='bbox 2215 1956 2408 2018; x_wconf 88' lang='lat' dir='ltr'><strong>purgat</strong></span> <span class='ocrx_word' id='word_1_245' title='bbox 2438 1950 2747 2018; x_wconf 79' lang='lat' dir='ltr'><strong>imperator.</strong></span> <span class='ocrx_word' id='word_1_246' title='bbox 2784 1945 3078 2018; x_wconf 66' lang='lat' dir='ltr'><strong>Consilium</strong></span> <span class='ocrx_word' id='word_1_247' title='bbox 3108 1949 3171 2001; x_wconf 79' lang='lat' dir='ltr'><strong>de</strong></span> <span class='ocrx_word' id='word_1_248' title='bbox 3202 1945 3443 2002; x_wconf 82' lang='lat' dir='ltr'><strong>barbaris</strong></span> <span class='ocrx_word' id='word_1_249' title='bbox 3469 1945 3697 2003; x_wconf 77' lang='lat' dir='ltr'><strong>Thracia</strong></span> 
     </span>
    </p>
   </div>
   <div class='ocr_carea' id='block_1_30' title="bbox 505 2014 3693 2092">
    <p class='ocr_par' dir='ltr' id='par_1_30' title="bbox 505 2014 3693 2092">
     <span class='ocr_line' id='line_1_30' title="bbox 505 2014 3693 2092; baseline -0.002 -15"><span class='ocrx_word' id='word_1_250' title='bbox 505 2036 551 2077; x_wconf 83' lang='lat' dir='ltr'><strong>et</strong></span> <span class='ocrx_word' id='word_1_251' title='bbox 586 2023 770 2077; x_wconf 74' lang='lat' dir='ltr'><strong>Moesia</strong></span> <span class='ocrx_word' id='word_1_252' title='bbox 806 2023 1069 2092; x_wconf 76' lang='lat' dir='ltr'><strong>arcendis.</strong></span> <span class='ocrx_word' id='word_1_253' title='bbox 1114 2021 1446 2092; x_wconf 61' lang='lat' dir='ltr'><strong>Erodigium,</strong></span> <span class='ocrx_word' id='word_1_254' title='bbox 1486 2037 1587 2090; x_wconf 88' lang='lat' dir='ltr'><strong>quo</strong></span> <span class='ocrx_word' id='word_1_255' title='bbox 1639 2019 1942 2092; x_wconf 70' lang='lat' dir='ltr'><strong>Alexander</strong></span> <span class='ocrx_word' id='word_1_256' title='bbox 1985 2014 2168 2092; x_wconf 72' lang='lat' dir='ltr'><strong>contra</strong></span> <span class='ocrx_word' id='word_1_257' title='bbox 2216 2014 2435 2092; x_wconf 74' lang='lat' dir='ltr'><strong>Cralem</strong></span> <span class='ocrx_word' id='word_1_258' title='bbox 2478 2014 2847 2092; x_wconf 70' lang='lat' dir='ltr'><strong>conﬁrmatur.</strong></span> <span class='ocrx_word' id='word_1_259' title='bbox 2896 2014 3197 2088; x_wconf 87' lang='lat' dir='ltr'><strong>Imperator</strong></span> <span class='ocrx_word' id='word_1_260' title='bbox 3234 2017 3425 2073; x_wconf 84' lang='lat' dir='ltr'><strong>navale</strong></span> <span class='ocrx_word' id='word_1_261' title='bbox 3475 2029 3693 2089; x_wconf 84' lang='lat' dir='ltr'><strong>purgat.</strong></span> 
     </span>
    </p>
   </div>
   <div class='ocr_carea' id='block_1_31' title="bbox 510 2088 2718 2162">
    <p class='ocr_par' dir='ltr' id='par_1_31' title="bbox 510 2088 2718 2162">
     <span class='ocr_line' id='line_1_31' title="bbox 510 2088 2718 2162; baseline -0.004 -15"><span class='ocrx_word' id='word_1_262' title='bbox 510 2094 701 2147; x_wconf 69' lang='lat' dir='ltr'><strong>Moesus</strong></span> <span class='ocrx_word' id='word_1_263' title='bbox 728 2092 885 2160; x_wconf 81' lang='lat' dir='ltr'><strong>ﬁdem</strong></span> <span class='ocrx_word' id='word_1_264' title='bbox 917 2091 1080 2160; x_wconf 79' lang='lat' dir='ltr'><strong>fallit.</strong></span> <span class='ocrx_word' id='word_1_265' title='bbox 1113 2090 1249 2145; x_wconf 80' lang='lat' dir='ltr'><strong>Eum</strong></span> <span class='ocrx_word' id='word_1_266' title='bbox 1281 2088 1576 2162; x_wconf 76' lang='lat' dir='ltr'><strong>imperator</strong></span> <span class='ocrx_word' id='word_1_267' title='bbox 1617 2089 1685 2142; x_wconf 86' lang='lat' dir='ltr'><strong>ad</strong></span> <span class='ocrx_word' id='word_1_268' title='bbox 1718 2088 1940 2159; x_wconf 75' lang='lat' dir='ltr'><strong>ofﬁcium</strong></span> <span class='ocrx_word' id='word_1_269' title='bbox 1970 2088 2220 2140; x_wconf 82' lang='lat' dir='ltr'><strong>reducere</strong></span> <span class='ocrx_word' id='word_1_270' title='bbox 2259 2088 2461 2157; x_wconf 77' lang='lat' dir='ltr'><strong>frustra</strong></span> <span class='ocrx_word' id='word_1_271' title='bbox 2507 2089 2718 2141; x_wconf 86' lang='lat' dir='ltr'><strong>nititur.</strong></span> 
     </span>
    </p>
   </div>
   <div class='ocr_carea' id='block_1_32' title="bbox 510 2199 2009 2276">
    <p class='ocr_par' dir='ltr' id='par_1_32' title="bbox 510 2201 2009 2276">
     <span class='ocr_line' id='line_1_32' title="bbox 510 2201 2009 2276; baseline -0.008 -12"><span class='ocrx_word' id='word_1_272' title='bbox 510 2207 827 2264; x_wconf 81' lang='lat' dir='ltr'><strong>Secundum</strong></span> <span class='ocrx_word' id='word_1_273' title='bbox 854 2206 1146 2276; x_wconf 76' lang='lat' dir='ltr'><strong>prandium</strong></span> <span class='ocrx_word' id='word_1_274' title='bbox 1177 2206 1322 2275; x_wconf 85' lang='lat' dir='ltr'><strong>pacti</strong></span> <span class='ocrx_word' id='word_1_275' title='bbox 1356 2212 1509 2272; x_wconf 87' lang='lat' dir='ltr'><strong>sunt,</strong></span> <span class='ocrx_word' id='word_1_276' title='bbox 1531 2213 1590 2258; x_wconf 91' lang='lat' dir='ltr'><strong>ut</strong></span> <span class='ocrx_word' id='word_1_277' title='bbox 1620 2201 1887 2274; x_wconf 83' lang='lat' dir='ltr'><strong>postridie</strong></span> <span class='ocrx_word' id='word_1_278' title='bbox 1914 2201 2009 2254; x_wconf 88' lang='lat' dir='ltr'><strong>im-</strong></span> 
     </span>
    </p>
   </div>
   <div class='ocr_carea' id='block_1_33' title="bbox 2115 2199 3699 2276">
    <p class='ocr_par' dir='ltr' id='par_1_33' title="bbox 2189 2199 3699 2275">
     <span class='ocr_line' id='line_1_33' title="bbox 2189 2199 3699 2275; baseline 0.003 -21"><span class='ocrx_word' id='word_1_279' title='bbox 2189 2199 2349 2254; x_wconf 86' lang='grc' dir='ltr'>Μετά</span> <span class='ocrx_word' id='word_1_280' title='bbox 2404 2200 2461 2253; x_wconf 77' lang='grc' dir='ltr'>δὲ</span> <span class='ocrx_word' id='word_1_281' title='bbox 2516 2200 2577 2253; x_wconf 84' lang='grc' dir='ltr'>τὸ</span> <span class='ocrx_word' id='word_1_282' title='bbox 2631 2199 2858 2271; x_wconf 81' lang='grc' dir='ltr'>ἄριστον</span> <span class='ocrx_word' id='word_1_283' title='bbox 2907 2200 3214 2267; x_wconf 78' lang='grc' dir='ltr'>συνέθεντο,</span> <span class='ocrx_word' id='word_1_284' title='bbox 3269 2201 3414 2257; x_wconf 85' lang='grc' dir='ltr'>ὥστε</span> <span class='ocrx_word' id='word_1_285' title='bbox 3470 2205 3549 2267; x_wconf 87' lang='grc' dir='ltr'><strong>είς</strong></span> <span class='ocrx_word' id='word_1_286' title='bbox 3593 2205 3699 2275; x_wconf 73' lang='grc' dir='ltr'><strong>τὴν</strong></span> 
     </span>
    </p>
   </div>
   <div class='ocr_carea' id='block_1_34' title="bbox 434 2291 2012 2369">
    <p class='ocr_par' dir='ltr' id='par_1_34' title="bbox 434 2291 2012 2369">
     <span class='ocr_line' id='line_1_34' title="bbox 434 2291 2012 2369; baseline -0.006 -16"><span class='ocrx_word' id='word_1_287' title='bbox 434 2307 657 2369; x_wconf 84' lang='lat' dir='ltr'><strong>perator</strong></span> <span class='ocrx_word' id='word_1_288' title='bbox 686 2296 966 2351; x_wconf 83' lang='lat' dir='ltr'><strong>Romanos</strong></span> <span class='ocrx_word' id='word_1_289' title='bbox 1016 2297 1300 2365; x_wconf 85' lang='lat' dir='ltr'><strong>principes</strong></span> <span class='ocrx_word' id='word_1_290' title='bbox 1347 2295 1501 2350; x_wconf 86' lang='lat' dir='ltr'><strong>viros</strong></span> <span class='ocrx_word' id='word_1_291' title='bbox 1538 2294 1783 2363; x_wconf 89' lang='lat' dir='ltr'><strong>quinque</strong></span> <span class='ocrx_word' id='word_1_292' title='bbox 1809 2291 2012 2361; x_wconf 74' lang='lat' dir='ltr'><strong>delige-</strong></span> 
     </span>
    </p>
   </div>
   <div class='ocr_carea' id='block_1_35' title="bbox 436 2382 2012 2458">
    <p class='ocr_par' dir='ltr' id='par_1_35' title="bbox 436 2382 2012 2458">
     <span class='ocr_line' id='line_1_35' title="bbox 436 2382 2012 2458; baseline -0.004 -15"><span class='ocrx_word' id='word_1_293' title='bbox 436 2398 544 2456; x_wconf 85' lang='lat' dir='ltr'><strong>ret,</strong></span> <span class='ocrx_word' id='word_1_294' title='bbox 599 2388 694 2458; x_wconf 88' lang='lat' dir='ltr'><strong>qui</strong></span> <span class='ocrx_word' id='word_1_295' title='bbox 732 2404 833 2445; x_wconf 90' lang='lat' dir='ltr'><strong>suo</strong></span> <span class='ocrx_word' id='word_1_296' title='bbox 878 2388 1102 2443; x_wconf 82' lang='lat' dir='ltr'><strong>nomine</strong></span> <span class='ocrx_word' id='word_1_297' title='bbox 1145 2388 1312 2442; x_wconf 85' lang='lat' dir='ltr'><strong>urbes</strong></span> <span class='ocrx_word' id='word_1_298' title='bbox 1332 2386 1690 2456; x_wconf 87' lang='lat' dir='ltr'><strong>acciperent,</strong></span> <span class='ocrx_word' id='word_1_299' title='bbox 1724 2383 1913 2440; x_wconf 90' lang='lat' dir='ltr'><strong>Crales</strong></span> <span class='ocrx_word' id='word_1_300' title='bbox 1943 2382 2012 2437; x_wconf 90' lang='lat' dir='ltr'><strong>de</strong></span> 
     </span>
    </p>
   </div>
   <div class='ocr_carea' id='block_1_36' title="bbox 436 2476 2009 2547">
    <p class='ocr_par' dir='ltr' id='par_1_36' title="bbox 436 2476 2009 2547">
     <span class='ocr_line' id='line_1_36' title="bbox 436 2476 2009 2547; baseline -0.004 -12"><span class='ocrx_word' id='word_1_301' title='bbox 436 2480 551 2535; x_wconf 86' lang='lat' dir='ltr'><strong>suis</strong></span> <span class='ocrx_word' id='word_1_302' title='bbox 571 2479 799 2534; x_wconf 89' lang='lat' dir='ltr'><strong>totidem</strong></span> <span class='ocrx_word' id='word_1_303' title='bbox 832 2478 1154 2541; x_wconf 84' lang='lat' dir='ltr'><strong>destinaret,</strong></span> <span class='ocrx_word' id='word_1_304' title='bbox 1188 2478 1284 2547; x_wconf 87' lang='lat' dir='ltr'><strong>qui</strong></span> <span class='ocrx_word' id='word_1_305' title='bbox 1327 2478 1447 2532; x_wconf 90' lang='lat' dir='ltr'><strong>illas</strong></span> <span class='ocrx_word' id='word_1_306' title='bbox 1470 2492 1573 2547; x_wconf 83' lang='lat' dir='ltr'><strong>pro</strong></span> <span class='ocrx_word' id='word_1_307' title='bbox 1596 2491 1663 2531; x_wconf 89' lang='lat' dir='ltr'><strong>eo</strong></span> <span class='ocrx_word' id='word_1_308' title='bbox 1692 2476 2009 2541; x_wconf 85' lang='lat' dir='ltr'><strong>traderent,</strong></span> 
     </span>
    </p>
   </div>
   <div class='ocr_carea' id='block_1_37' title="bbox 437 2566 2009 2638">
    <p class='ocr_par' dir='ltr' id='par_1_37' title="bbox 437 2566 2009 2638">
     <span class='ocr_line' id='line_1_37' title="bbox 437 2566 2009 2638; baseline -0.001 -17"><span class='ocrx_word' id='word_1_309' title='bbox 437 2569 717 2638; x_wconf 83' lang='lat' dir='ltr'><strong>ﬁnitisque</strong></span> <span class='ocrx_word' id='word_1_310' title='bbox 749 2568 1059 2630; x_wconf 85' lang='lat' dir='ltr'><strong>conventis,</strong></span> <span class='ocrx_word' id='word_1_311' title='bbox 1080 2576 1140 2621; x_wconf 85' lang='lat' dir='ltr'><strong>et</strong></span> <span class='ocrx_word' id='word_1_312' title='bbox 1174 2568 1351 2622; x_wconf 89' lang='lat' dir='ltr'><strong>salute</strong></span> <span class='ocrx_word' id='word_1_313' title='bbox 1382 2566 1552 2631; x_wconf 88' lang='lat' dir='ltr'><strong>dicta,</strong></span> <span class='ocrx_word' id='word_1_314' title='bbox 1581 2566 1672 2620; x_wconf 88' lang='lat' dir='ltr'><strong>hic</strong></span> <span class='ocrx_word' id='word_1_315' title='bbox 1705 2566 1771 2620; x_wconf 89' lang='lat' dir='ltr'><strong>ad</strong></span> <span class='ocrx_word' id='word_1_316' title='bbox 1806 2575 2009 2631; x_wconf 89' lang='lat' dir='ltr'><strong>castra,</strong></span> 
     </span>
    </p>
   </div>
   <div class='ocr_carea' id='block_1_38' title="bbox 435 2658 2011 2727">
    <p class='ocr_par' dir='ltr' id='par_1_38' title="bbox 435 2658 2011 2727">
     <span class='ocr_line' id='line_1_38' title="bbox 435 2658 2011 2727; baseline -0.001 -14"><span class='ocrx_word' id='word_1_317' title='bbox 435 2659 529 2715; x_wconf 85' lang='lat' dir='ltr'><strong>ille</strong></span> <span class='ocrx_word' id='word_1_318' title='bbox 563 2661 617 2713; x_wconf 93' lang='lat' dir='ltr'><strong>in</strong></span> <span class='ocrx_word' id='word_1_319' title='bbox 653 2660 845 2714; x_wconf 86' lang='lat' dir='ltr'><strong>urbem</strong></span> <span class='ocrx_word' id='word_1_320' title='bbox 882 2674 939 2713; x_wconf 88' lang='lat' dir='ltr'><strong>se</strong></span> <span class='ocrx_word' id='word_1_321' title='bbox 968 2658 1180 2712; x_wconf 88' lang='lat' dir='ltr'><strong>retulit.</strong></span> <span class='ocrx_word' id='word_1_322' title='bbox 1230 2658 1349 2712; x_wconf 82' lang='lat' dir='ltr'><strong>Jam</strong></span> <span class='ocrx_word' id='word_1_323' title='bbox 1390 2673 1497 2711; x_wconf 80' lang='lat' dir='ltr'><strong>nox</strong></span> <span class='ocrx_word' id='word_1_324' title='bbox 1531 2667 1683 2722; x_wconf 82' lang='lat' dir='ltr'><strong>erat,</strong></span> <span class='ocrx_word' id='word_1_325' title='bbox 1728 2673 1853 2711; x_wconf 92' lang='lat' dir='ltr'><strong>eum</strong></span> <span class='ocrx_word' id='word_1_326' title='bbox 1885 2659 2011 2727; x_wconf 87' lang='lat' dir='ltr'><strong>qui-</strong></span> 
     </span>
    </p>
   </div>
   <div class='ocr_carea' id='block_1_39' title="bbox 434 2751 2009 2821">
    <p class='ocr_par' dir='ltr' id='par_1_39' title="bbox 434 2751 2009 2821">
     <span class='ocr_line' id='line_1_39' title="bbox 434 2751 2009 2821; baseline -0.003 -12"><span class='ocrx_word' id='word_1_327' title='bbox 434 2754 559 2809; x_wconf 89' lang='lat' dir='ltr'><strong>dam</strong></span> <span class='ocrx_word' id='word_1_328' title='bbox 595 2770 661 2810; x_wconf 83' lang='lat' dir='ltr'><strong>ex</strong></span> <span class='ocrx_word' id='word_1_329' title='bbox 716 2753 1013 2808; x_wconf 83' lang='lat' dir='ltr'><strong>comitibus</strong></span> <span class='ocrx_word' id='word_1_330' title='bbox 1067 2751 1464 2821; x_wconf 88' lang='lat' dir='ltr'><strong>imperatorum</strong></span> <span class='ocrx_word' id='word_1_331' title='bbox 1499 2752 1641 2806; x_wconf 90' lang='lat' dir='ltr'><strong>clam</strong></span> <span class='ocrx_word' id='word_1_332' title='bbox 1695 2751 1762 2805; x_wconf 93' lang='lat' dir='ltr'><strong>ad</strong></span> <span class='ocrx_word' id='word_1_333' title='bbox 1793 2752 2009 2807; x_wconf 89' lang='lat' dir='ltr'><strong>Cralem</strong></span> 
     </span>
    </p>
   </div>
   <div class='ocr_carea' id='block_1_40' title="bbox 436 2834 2009 2911">
    <p class='ocr_par' dir='ltr' id='par_1_40' title="bbox 436 2834 2009 2911">
     <span class='ocr_line' id='line_1_40' title="bbox 436 2834 2009 2911; baseline -0.001 -14"><span class='ocrx_word' id='word_1_334' title='bbox 436 2846 664 2909; x_wconf 87' lang='lat' dir='ltr'><strong>adeunt,</strong></span> <span class='ocrx_word' id='word_1_335' title='bbox 699 2843 1101 2911; x_wconf 85' lang='lat' dir='ltr'><strong>hortanturque</strong></span> <span class='ocrx_word' id='word_1_336' title='bbox 1141 2841 1310 2895; x_wconf 88' lang='lat' dir='ltr'><strong>urbes</strong></span> <span class='ocrx_word' id='word_1_337' title='bbox 1342 2856 1408 2896; x_wconf 90' lang='lat' dir='ltr'><strong>ne</strong></span> <span class='ocrx_word' id='word_1_338' title='bbox 1446 2834 1644 2905; x_wconf 84' lang='lat' dir='ltr'><strong>tradat,</strong></span> <span class='ocrx_word' id='word_1_339' title='bbox 1679 2841 1773 2896; x_wconf 92' lang='lat' dir='ltr'><strong>sed</strong></span> <span class='ocrx_word' id='word_1_340' title='bbox 1807 2842 2009 2896; x_wconf 91' lang='lat' dir='ltr'><strong>bellum</strong></span> 
     </span>
    </p>
   </div>
   <div class='ocr_carea' id='block_1_41' title="bbox 436 2930 2011 3004">
    <p class='ocr_par' dir='ltr' id='par_1_41' title="bbox 436 2930 2011 3004">
     <span class='ocr_line' id='line_1_41' title="bbox 436 2930 2011 3004; baseline -0.002 -12"><span class='ocrx_word' id='word_1_341' title='bbox 436 2938 709 2992; x_wconf 76' lang='lat' dir='ltr'><strong>adversus</strong></span> <span class='ocrx_word' id='word_1_342' title='bbox 737 2938 1181 2991; x_wconf 82' lang='lat' dir='ltr'><strong>Cantacuzenum</strong></span> <span class='ocrx_word' id='word_1_343' title='bbox 1202 2935 1375 2999; x_wconf 87' lang='lat' dir='ltr'><strong>malit,</strong></span> <span class='ocrx_word' id='word_1_344' title='bbox 1404 2934 1500 3004; x_wconf 89' lang='lat' dir='ltr'><strong>qui</strong></span> <span class='ocrx_word' id='word_1_345' title='bbox 1531 2950 1654 2989; x_wconf 92' lang='lat' dir='ltr'><strong>cum</strong></span> <span class='ocrx_word' id='word_1_346' title='bbox 1686 2934 1740 2989; x_wconf 88' lang='lat' dir='ltr'><strong>in</strong></span> <span class='ocrx_word' id='word_1_347' title='bbox 1770 2930 2011 3004; x_wconf 60' lang='lat' dir='ltr'><strong>praesen-</strong></span> 
     </span>
    </p>
   </div>
   <div class='ocr_carea' id='block_1_42' title="bbox 436 3024 2011 3094">
    <p class='ocr_par' dir='ltr' id='par_1_42' title="bbox 436 3024 2011 3094">
     <span class='ocr_line' id='line_1_42' title="bbox 436 3024 2011 3094; baseline -0.002 -12"><span class='ocrx_word' id='word_1_348' title='bbox 436 3029 511 3082; x_wconf 90' lang='lat' dir='ltr'><strong>tia</strong></span> <span class='ocrx_word' id='word_1_349' title='bbox 544 3027 788 3081; x_wconf 82' lang='lat' dir='ltr'><strong>exercitu</strong></span> <span class='ocrx_word' id='word_1_350' title='bbox 840 3025 1068 3080; x_wconf 75' lang='lat' dir='ltr'><strong>inferior</strong></span> <span class='ocrx_word' id='word_1_351' title='bbox 1101 3024 1193 3090; x_wconf 90' lang='lat' dir='ltr'><strong>sit,</strong></span> <span class='ocrx_word' id='word_1_352' title='bbox 1236 3041 1466 3094; x_wconf 86' lang='lat' dir='ltr'><strong>parum,</strong></span> <span class='ocrx_word' id='word_1_353' title='bbox 1515 3035 1613 3079; x_wconf 91' lang='lat' dir='ltr'><strong>aut</strong></span> <span class='ocrx_word' id='word_1_354' title='bbox 1644 3025 1781 3079; x_wconf 89' lang='lat' dir='ltr'><strong>nihil</strong></span> <span class='ocrx_word' id='word_1_355' title='bbox 1817 3026 2011 3080; x_wconf 87' lang='lat' dir='ltr'><strong>obesse</strong></span> 
     </span>
    </p>
   </div>
   <div class='ocr_carea' id='block_1_43' title="bbox 440 3116 2007 3188">
    <p class='ocr_par' dir='ltr' id='par_1_43' title="bbox 440 3116 2007 3188">
     <span class='ocr_line' id='line_1_43' title="bbox 440 3116 2007 3188; baseline 0.001 -19"><span class='ocrx_word' id='word_1_356' title='bbox 440 3119 636 3188; x_wconf 79' lang='lat' dir='ltr'><strong>possit.</strong></span> <span class='ocrx_word' id='word_1_357' title='bbox 676 3118 733 3173; x_wconf 89' lang='lat' dir='ltr'><strong>Si</strong></span> <span class='ocrx_word' id='word_1_358' title='bbox 775 3117 1096 3187; x_wconf 85' lang='lat' dir='ltr'><strong>Byzantium</strong></span> <span class='ocrx_word' id='word_1_359' title='bbox 1131 3116 1339 3181; x_wconf 89' lang='lat' dir='ltr'><strong>redeat,</strong></span> <span class='ocrx_word' id='word_1_360' title='bbox 1376 3126 1440 3170; x_wconf 93' lang='lat' dir='ltr'><strong>ut</strong></span> <span class='ocrx_word' id='word_1_361' title='bbox 1469 3116 1579 3170; x_wconf 79' lang='lat' dir='ltr'><strong>illic</strong></span> <span class='ocrx_word' id='word_1_362' title='bbox 1605 3132 1664 3171; x_wconf 88' lang='lat' dir='ltr'><strong>se</strong></span> <span class='ocrx_word' id='word_1_363' title='bbox 1690 3127 2007 3186; x_wconf 88' lang='lat' dir='ltr'><strong>comparet,</strong></span> 
     </span>
    </p>
   </div>
   <div class='ocr_carea' id='block_1_44' title="bbox 437 3208 2011 3277">
    <p class='ocr_par' dir='ltr' id='par_1_44' title="bbox 437 3208 2011 3277">
     <span class='ocr_line' id='line_1_44' title="bbox 437 3208 2011 3277; baseline -0.001 -15"><span class='ocrx_word' id='word_1_364' title='bbox 437 3209 804 3277; x_wconf 73' lang='lat' dir='ltr'><strong>Palaeologum</strong></span> <span class='ocrx_word' id='word_1_365' title='bbox 848 3208 1239 3277; x_wconf 90' lang='lat' dir='ltr'><strong>imperatorem</strong></span> <span class='ocrx_word' id='word_1_366' title='bbox 1289 3214 1660 3276; x_wconf 83' lang='lat' dir='ltr'><strong>permoturos,</strong></span> <span class='ocrx_word' id='word_1_367' title='bbox 1693 3216 1751 3261; x_wconf 89' lang='lat' dir='ltr'><strong>ut</strong></span> <span class='ocrx_word' id='word_1_368' title='bbox 1783 3222 1907 3261; x_wconf 87' lang='lat' dir='ltr'><strong>cum</strong></span> <span class='ocrx_word' id='word_1_369' title='bbox 1943 3222 2011 3261; x_wconf 86' lang='lat' dir='ltr'><strong>eo</strong></span> 
     </span>
    </p>
   </div>
   <div class='ocr_carea' id='block_1_45' title="bbox 439 3297 2010 3368">
    <p class='ocr_par' dir='ltr' id='par_1_45' title="bbox 439 3297 2010 3368">
     <span class='ocr_line' id='line_1_45' title="bbox 439 3297 2010 3368; baseline 0.002 -17"><span class='ocrx_word' id='word_1_370' title='bbox 439 3299 642 3367; x_wconf 89' lang='lat' dir='ltr'><strong>quibus</strong></span> <span class='ocrx_word' id='word_1_371' title='bbox 677 3297 960 3353; x_wconf 85' lang='lat' dir='ltr'><strong>videbitur</strong></span> <span class='ocrx_word' id='word_1_372' title='bbox 1004 3297 1365 3366; x_wconf 82' lang='lat' dir='ltr'><strong>Optatissimis</strong></span> <span class='ocrx_word' id='word_1_373' title='bbox 1397 3298 1804 3354; x_wconf 90' lang='lat' dir='ltr'><strong>conditionibus</strong></span> <span class='ocrx_word' id='word_1_374' title='bbox 1836 3300 2010 3368; x_wconf 81' lang='lat' dir='ltr'><strong>pacis-</strong></span> 
     </span>
    </p>
   </div>
   <div class='ocr_carea' id='block_1_46' title="bbox 439 3376 2011 3458">
    <p class='ocr_par' dir='ltr' id='par_1_46' title="bbox 439 3376 2011 3458">
     <span class='ocr_line' id='line_1_46' title="bbox 439 3376 2011 3458; baseline 0 -15"><span class='ocrx_word' id='word_1_375' title='bbox 439 3398 619 3452; x_wconf 89' lang='lat' dir='ltr'><strong>catur,</strong></span> <span class='ocrx_word' id='word_1_376' title='bbox 657 3388 1111 3458; x_wconf 82' lang='lat' dir='ltr'><strong>conjunctimque</strong></span> <span class='ocrx_word' id='word_1_377' title='bbox 1165 3388 1371 3442; x_wconf 89' lang='lat' dir='ltr'><strong>bellum</strong></span> <span class='ocrx_word' id='word_1_378' title='bbox 1408 3376 1597 3442; x_wconf 85' lang='lat' dir='ltr'><strong>contra</strong></span> <span class='ocrx_word' id='word_1_379' title='bbox 1646 3389 1801 3443; x_wconf 91' lang='lat' dir='ltr'><strong>illum</strong></span> <span class='ocrx_word' id='word_1_380' title='bbox 1837 3390 2011 3445; x_wconf 80' lang='lat' dir='ltr'><strong>susci-</strong></span> 
     </span>
    </p>
   </div>
   <div class='ocr_carea' id='block_1_47' title="bbox 436 3480 2006 3551">
    <p class='ocr_par' dir='ltr' id='par_1_47' title="bbox 436 3480 2006 3551">
     <span class='ocr_line' id='line_1_47' title="bbox 436 3480 2006 3551; baseline 0 -17"><span class='ocrx_word' id='word_1_381' title='bbox 436 3481 576 3551; x_wconf 88' lang='lat' dir='ltr'><strong>piat.</strong></span> <span class='ocrx_word' id='word_1_382' title='bbox 614 3481 731 3536; x_wconf 89' lang='lat' dir='ltr'><strong>Sibi</strong></span> <span class='ocrx_word' id='word_1_383' title='bbox 768 3481 914 3536; x_wconf 89' lang='lat' dir='ltr'><strong>enim</strong></span> <span class='ocrx_word' id='word_1_384' title='bbox 948 3480 1296 3534; x_wconf 89' lang='lat' dir='ltr'><strong>intolerabile</strong></span> <span class='ocrx_word' id='word_1_385' title='bbox 1337 3480 1531 3545; x_wconf 87' lang='lat' dir='ltr'><strong>videri,</strong></span> <span class='ocrx_word' id='word_1_386' title='bbox 1574 3481 1843 3550; x_wconf 89' lang='lat' dir='ltr'><strong>imperare</strong></span> <span class='ocrx_word' id='word_1_387' title='bbox 1882 3496 2006 3536; x_wconf 89' lang='lat' dir='ltr'><strong>eum</strong></span> 
     </span>
    </p>
   </div>
   <div class='ocr_carea' id='block_1_48' title="bbox 437 3571 2006 3642">
    <p class='ocr_par' dir='ltr' id='par_1_48' title="bbox 437 3571 2006 3642">
     <span class='ocr_line' id='line_1_48' title="bbox 437 3571 2006 3642; baseline 0.001 -16"><span class='ocrx_word' id='word_1_388' title='bbox 437 3575 530 3642; x_wconf 91' lang='lat' dir='ltr'><strong>qui</strong></span> <span class='ocrx_word' id='word_1_389' title='bbox 587 3572 866 3627; x_wconf 68' lang='lat' dir='ltr'><strong>hmredem</strong></span> <span class='ocrx_word' id='word_1_390' title='bbox 927 3572 1146 3642; x_wconf 89' lang='lat' dir='ltr'><strong>imperii</strong></span> <span class='ocrx_word' id='word_1_391' title='bbox 1200 3571 1499 3642; x_wconf 81' lang='lat' dir='ltr'><strong>legitimum</strong></span> <span class='ocrx_word' id='word_1_392' title='bbox 1554 3572 1873 3628; x_wconf 64' lang='lat' dir='ltr'><strong>haereditate</strong></span> <span class='ocrx_word' id='word_1_393' title='bbox 1909 3589 2006 3628; x_wconf 86' lang='lat' dir='ltr'><strong>sua</strong></span> 
     </span>
    </p>
   </div>
   <div class='ocr_carea' id='block_1_49' title="bbox 436 3663 2013 3736">
    <p class='ocr_par' dir='ltr' id='par_1_49' title="bbox 436 3663 2013 3736">
     <span class='ocr_line' id='line_1_49' title="bbox 436 3663 2013 3736; baseline -0.001 -17"><span class='ocrx_word' id='word_1_394' title='bbox 436 3666 725 3736; x_wconf 82' lang='lat' dir='ltr'><strong>dejecerit.</strong></span> <span class='ocrx_word' id='word_1_395' title='bbox 765 3663 954 3719; x_wconf 89' lang='lat' dir='ltr'><strong>Crales</strong></span> <span class='ocrx_word' id='word_1_396' title='bbox 977 3665 1161 3719; x_wconf 88' lang='lat' dir='ltr'><strong>statim</strong></span> <span class='ocrx_word' id='word_1_397' title='bbox 1197 3664 1385 3718; x_wconf 66' lang='lat' dir='ltr'><strong>lautitia</strong></span> <span class='ocrx_word' id='word_1_398' title='bbox 1411 3663 1626 3729; x_wconf 88' lang='lat' dir='ltr'><strong>ebrius,</strong></span> <span class='ocrx_word' id='word_1_399' title='bbox 1660 3665 1860 3719; x_wconf 89' lang='lat' dir='ltr'><strong>multas</strong></span> <span class='ocrx_word' id='word_1_400' title='bbox 1885 3681 2013 3720; x_wconf 83' lang='lat' dir='ltr'><strong>sua-</strong></span> 
     </span>
    </p>
   </div>
   <div class='ocr_carea' id='block_1_50' title="bbox 439 3756 2015 3826">
    <p class='ocr_par' dir='ltr' id='par_1_50' title="bbox 439 3756 2015 3826">
     <span class='ocr_line' id='line_1_50' title="bbox 439 3756 2015 3826; baseline 0.001 -15"><span class='ocrx_word' id='word_1_401' title='bbox 439 3757 662 3811; x_wconf 79' lang='lat' dir='ltr'><strong>soribus</strong></span> <span class='ocrx_word' id='word_1_402' title='bbox 700 3757 902 3826; x_wconf 71' lang='lat' dir='ltr'><strong>gratias</strong></span> <span class='ocrx_word' id='word_1_403' title='bbox 940 3756 1089 3826; x_wconf 77' lang='lat' dir='ltr'><strong>agit,</strong></span> <span class='ocrx_word' id='word_1_404' title='bbox 1123 3771 1291 3825; x_wconf 88' lang='lat' dir='ltr'><strong>seque</strong></span> <span class='ocrx_word' id='word_1_405' title='bbox 1341 3756 1658 3825; x_wconf 87' lang='lat' dir='ltr'><strong>imperatori</strong></span> <span class='ocrx_word' id='word_1_406' title='bbox 1713 3758 2015 3825; x_wconf 74' lang='lat' dir='ltr'><strong>Palaeologo</strong></span> 
     </span>
    </p>
   </div>
   <div class='ocr_carea' id='block_1_51' title="bbox 442 3847 2014 3916">
    <p class='ocr_par' dir='ltr' id='par_1_51' title="bbox 442 3847 2014 3916">
     <span class='ocr_line' id='line_1_51' title="bbox 442 3847 2014 3916; baseline 0.001 -14"><span class='ocrx_word' id='word_1_407' title='bbox 442 3859 633 3903; x_wconf 88' lang='lat' dir='ltr'><strong>contra</strong></span> <span class='ocrx_word' id='word_1_408' title='bbox 667 3863 921 3901; x_wconf 79' lang='lat' dir='ltr'><strong>socerum</strong></span> <span class='ocrx_word' id='word_1_409' title='bbox 966 3856 1219 3916; x_wconf 90' lang='lat' dir='ltr'><strong>prompte</strong></span> <span class='ocrx_word' id='word_1_410' title='bbox 1247 3847 1547 3901; x_wconf 77' lang='lat' dir='ltr'><strong>affuturum</strong></span> <span class='ocrx_word' id='word_1_411' title='bbox 1578 3887 1591 3911; x_wconf 87' lang='lat'><strong>,</strong></span> <span class='ocrx_word' id='word_1_412' title='bbox 1629 3857 1684 3902; x_wconf 90' lang='lat' dir='ltr'><strong>et</strong></span> <span class='ocrx_word' id='word_1_413' title='bbox 1712 3864 1930 3904; x_wconf 90' lang='lat' dir='ltr'><strong>omnem</strong></span> <span class='ocrx_word' id='word_1_414' title='bbox 1962 3850 2014 3905; x_wconf 84' lang='lat' dir='ltr'><strong>ei</strong></span> 
     </span>
    </p>
   </div>
   <div class='ocr_carea' id='block_1_52' title="bbox 445 3937 2013 4007">
    <p class='ocr_par' dir='ltr' id='par_1_52' title="bbox 445 3937 2013 4007">
     <span class='ocr_line' id='line_1_52' title="bbox 445 3937 2013 4007; baseline -0.001 -13"><span class='ocrx_word' id='word_1_415' title='bbox 445 3938 925 4002; x_wconf 85' lang='lat' dir='ltr'><strong>benevolentiam,</strong></span> <span class='ocrx_word' id='word_1_416' title='bbox 994 3937 1349 4007; x_wconf 87' lang='lat' dir='ltr'><strong>studiumque</strong></span> <span class='ocrx_word' id='word_1_417' title='bbox 1408 3937 1664 4007; x_wconf 84' lang='lat' dir='ltr'><strong>spondet.</strong></span> <span class='ocrx_word' id='word_1_418' title='bbox 1721 3938 2013 4007; x_wconf 83' lang='lat' dir='ltr'><strong>Postquam</strong></span> 
     </span>
    </p>
   </div>
   <div class='ocr_carea' id='block_1_53' title="bbox 441 4026 2011 4095">
    <p class='ocr_par' dir='ltr' id='par_1_53' title="bbox 441 4026 2011 4095">
     <span class='ocr_line' id='line_1_53' title="bbox 441 4026 2011 4095; baseline 0.001 -13"><span class='ocrx_word' id='word_1_419' title='bbox 441 4027 846 4095; x_wconf 77' lang='lat' dir='ltr'><strong>luxit,_paccm</strong></span> <span class='ocrx_word' id='word_1_420' title='bbox 908 4035 1057 4080; x_wconf 90' lang='lat' dir='ltr'><strong>certa</strong></span> <span class='ocrx_word' id='word_1_421' title='bbox 1116 4026 1236 4095; x_wconf 80' lang='lat' dir='ltr'><strong>lege</strong></span> <span class='ocrx_word' id='word_1_422' title='bbox 1268 4028 1622 4082; x_wconf 86' lang='lat' dir='ltr'><strong>constitutam</strong></span> <span class='ocrx_word' id='word_1_423' title='bbox 1656 4029 2011 4083; x_wconf 77' lang='lat' dir='ltr'><strong>renuntiavit.</strong></span> 
     </span>
    </p>
   </div>
   <div class='ocr_carea' id='block_1_54' title="bbox 442 4117 2011 4187">
    <p class='ocr_par' dir='ltr' id='par_1_54' title="bbox 442 4117 2011 4187">
     <span class='ocr_line' id='line_1_54' title="bbox 442 4117 2011 4187; baseline 0.001 -13"><span class='ocrx_word' id='word_1_424' title='bbox 442 4119 546 4174; x_wconf 86' lang='lat' dir='ltr'><strong>Sed</strong></span> <span class='ocrx_word' id='word_1_425' title='bbox 575 4120 621 4173; x_wconf 92' lang='lat' dir='ltr'><strong>si</strong></span> <span class='ocrx_word' id='word_1_426' title='bbox 657 4118 787 4172; x_wconf 90' lang='lat' dir='ltr'><strong>velit</strong></span> <span class='ocrx_word' id='word_1_427' title='bbox 824 4117 992 4173; x_wconf 88' lang='lat' dir='ltr'><strong>urbes</strong></span> <span class='ocrx_word' id='word_1_428' title='bbox 1019 4132 1196 4187; x_wconf 89' lang='lat' dir='ltr'><strong>nuper</strong></span> <span class='ocrx_word' id='word_1_429' title='bbox 1234 4128 1530 4185; x_wconf 89' lang='lat' dir='ltr'><strong>occupatas</strong></span> <span class='ocrx_word' id='word_1_430' title='bbox 1582 4119 1725 4175; x_wconf 90' lang='lat' dir='ltr'><strong>solas</strong></span> <span class='ocrx_word' id='word_1_431' title='bbox 1775 4120 2011 4186; x_wconf 89' lang='lat' dir='ltr'><strong>habere,</strong></span> 
     </span>
    </p>
   </div>
   <div class='ocr_carea' id='block_1_55' title="bbox 443 4206 2013 4276">
    <p class='ocr_par' dir='ltr' id='par_1_55' title="bbox 443 4206 2013 4276">
     <span class='ocr_line' id='line_1_55' title="bbox 443 4206 2013 4276; baseline -0.001 -14"><span class='ocrx_word' id='word_1_432' title='bbox 443 4209 555 4263; x_wconf 89' lang='lat' dir='ltr'><strong>imo</strong></span> <span class='ocrx_word' id='word_1_433' title='bbox 589 4222 723 4263; x_wconf 89' lang='lat' dir='ltr'><strong>vero</strong></span> <span class='ocrx_word' id='word_1_434' title='bbox 751 4250 765 4273; x_wconf 93' lang='lat'><strong>,</strong></span> <span class='ocrx_word' id='word_1_435' title='bbox 802 4207 846 4262; x_wconf 89' lang='lat' dir='ltr'><strong>si</strong></span> <span class='ocrx_word' id='word_1_436' title='bbox 898 4207 1064 4261; x_wconf 89' lang='lat' dir='ltr'><strong>etiam</strong></span> <span class='ocrx_word' id='word_1_437' title='bbox 1097 4206 1164 4261; x_wconf 84' lang='lat' dir='ltr'><strong>de</strong></span> <span class='ocrx_word' id='word_1_438' title='bbox 1192 4206 1259 4261; x_wconf 91' lang='lat' dir='ltr'><strong>iis</strong></span> <span class='ocrx_word' id='word_1_439' title='bbox 1288 4206 1472 4261; x_wconf 88' lang='lat' dir='ltr'><strong>adhuc</strong></span> <span class='ocrx_word' id='word_1_440' title='bbox 1506 4206 1768 4276; x_wconf 74' lang='lat' dir='ltr'><strong>quasdam</strong></span> <span class='ocrx_word' id='word_1_441' title='bbox 1802 4208 2013 4273; x_wconf 84' lang='lat' dir='ltr'><strong>reddat,</strong></span> 
     </span>
    </p>
   </div>
   <div class='ocr_carea' id='block_1_56' title="bbox 445 4296 2011 4371">
    <p class='ocr_par' dir='ltr' id='par_1_56' title="bbox 445 4296 2011 4371">
     <span class='ocr_line' id='line_1_56' title="bbox 445 4296 2011 4371; baseline -0.001 -16"><span class='ocrx_word' id='word_1_442' title='bbox 445 4302 527 4355; x_wconf 88' lang='lat' dir='ltr'><strong>sic</strong></span> <span class='ocrx_word' id='word_1_443' title='bbox 557 4314 953 4371; x_wconf 89' lang='lat' dir='ltr'><strong>persuasurum</strong></span> <span class='ocrx_word' id='word_1_444' title='bbox 991 4299 1133 4365; x_wconf 90' lang='lat' dir='ltr'><strong>sibi,</strong></span> <span class='ocrx_word' id='word_1_445' title='bbox 1165 4309 1225 4354; x_wconf 92' lang='lat' dir='ltr'><strong>ut</strong></span> <span class='ocrx_word' id='word_1_446' title='bbox 1256 4299 1399 4355; x_wconf 91' lang='lat' dir='ltr'><strong>bello</strong></span> <span class='ocrx_word' id='word_1_447' title='bbox 1428 4296 1701 4354; x_wconf 84' lang='lat' dir='ltr'><strong>abstineat</strong></span> <span class='ocrx_word' id='word_1_448' title='bbox 1734 4301 1818 4354; x_wconf 90' lang='lat' dir='ltr'><strong>:si</strong></span> <span class='ocrx_word' id='word_1_449' title='bbox 1856 4300 2011 4364; x_wconf 89' lang='lat' dir='ltr'><strong>nolit,</strong></span> 
     </span>
    </p>
   </div>
   <div class='ocr_carea' id='block_1_57' title="bbox 447 4391 2013 4463">
    <p class='ocr_par' dir='ltr' id='par_1_57' title="bbox 447 4391 2013 4463">
     <span class='ocr_line' id='line_1_57' title="bbox 447 4391 2013 4463; baseline 0.001 -17"><span class='ocrx_word' id='word_1_450' title='bbox 447 4403 671 4462; x_wconf 87' lang='lat' dir='ltr'><strong>paratus</strong></span> <span class='ocrx_word' id='word_1_451' title='bbox 704 4392 770 4447; x_wconf 88' lang='lat' dir='ltr'><strong>ad</strong></span> <span class='ocrx_word' id='word_1_452' title='bbox 813 4391 1059 4463; x_wconf 62' lang='lat' dir='ltr'><strong>praelium</strong></span> <span class='ocrx_word' id='word_1_453' title='bbox 1123 4401 1302 4457; x_wconf 79' lang='lat' dir='ltr'><strong>exeat,</strong></span> <span class='ocrx_word' id='word_1_454' title='bbox 1337 4406 1396 4447; x_wconf 88' lang='lat' dir='ltr'><strong>se</strong></span> <span class='ocrx_word' id='word_1_455' title='bbox 1438 4391 1565 4446; x_wconf 89' lang='lat' dir='ltr'><strong>totis</strong></span> <span class='ocrx_word' id='word_1_456' title='bbox 1591 4392 1797 4447; x_wconf 88' lang='lat' dir='ltr'><strong>viribus</strong></span> <span class='ocrx_word' id='word_1_457' title='bbox 1822 4403 2013 4447; x_wconf 90' lang='lat' dir='ltr'><strong>contra</strong></span> 
     </span>
    </p>
   </div>
   <div class='ocr_carea' id='block_1_58' title="bbox 444 4482 2010 4555">
    <p class='ocr_par' dir='ltr' id='par_1_58' title="bbox 444 4482 2010 4555">
     <span class='ocr_line' id='line_1_58' title="bbox 444 4482 2010 4555; baseline 0 -19"><span class='ocrx_word' id='word_1_458' title='bbox 444 4495 836 4555; x_wconf 77' lang='lat' dir='ltr'><strong>pugnaturum.</strong></span> <span class='ocrx_word' id='word_1_459' title='bbox 864 4485 1167 4552; x_wconf 86' lang='lat' dir='ltr'><strong>Imperator</strong></span> <span class='ocrx_word' id='word_1_460' title='bbox 1200 4483 1374 4538; x_wconf 89' lang='lat' dir='ltr'><strong>Cralis</strong></span> <span class='ocrx_word' id='word_1_461' title='bbox 1406 4482 1572 4537; x_wconf 89' lang='lat' dir='ltr'><strong>verba</strong></span> <span class='ocrx_word' id='word_1_462' title='bbox 1605 4483 1758 4552; x_wconf 88' lang='lat' dir='ltr'><strong>parvi</strong></span> <span class='ocrx_word' id='word_1_463' title='bbox 1788 4483 2010 4548; x_wconf 87' lang='lat' dir='ltr'><strong>ducere;</strong></span> 
     </span>
    </p>
   </div>
   <div class='ocr_carea' id='block_1_59' title="bbox 446 4572 2014 4644">
    <p class='ocr_par' dir='ltr' id='par_1_59' title="bbox 446 4572 2014 4644">
     <span class='ocr_line' id='line_1_59' title="bbox 446 4572 2014 4644; baseline -0.002 -15"><span class='ocrx_word' id='word_1_464' title='bbox 446 4585 609 4629; x_wconf 90' lang='lat' dir='ltr'><strong>norat</strong></span> <span class='ocrx_word' id='word_1_465' title='bbox 643 4574 813 4639; x_wconf 89' lang='lat' dir='ltr'><strong>enim,</strong></span> <span class='ocrx_word' id='word_1_466' title='bbox 846 4590 903 4628; x_wconf 90' lang='lat' dir='ltr'><strong>se</strong></span> <span class='ocrx_word' id='word_1_467' title='bbox 928 4574 1080 4628; x_wconf 91' lang='lat' dir='ltr'><strong>illum</strong></span> <span class='ocrx_word' id='word_1_468' title='bbox 1112 4589 1307 4644; x_wconf 82' lang='lat' dir='ltr'><strong>cogere</strong></span> <span class='ocrx_word' id='word_1_469' title='bbox 1332 4573 1387 4627; x_wconf 92' lang='lat' dir='ltr'><strong>in</strong></span> <span class='ocrx_word' id='word_1_470' title='bbox 1414 4588 1605 4643; x_wconf 78' lang='lat' dir='ltr'><strong>gyrum</strong></span> <span class='ocrx_word' id='word_1_471' title='bbox 1633 4587 1814 4641; x_wconf 91' lang='lat' dir='ltr'><strong>posse.</strong></span> <span class='ocrx_word' id='word_1_472' title='bbox 1840 4572 2014 4626; x_wconf 81' lang='lat' dir='ltr'><strong>Vehe-</strong></span> 
     </span>
    </p>
   </div>
   <div class='ocr_carea' id='block_1_60' title="bbox 447 4648 2009 4728">
    <p class='ocr_par' dir='ltr' id='par_1_60' title="bbox 447 4648 2009 4728">
     <span class='ocr_line' id='line_1_60' title="bbox 447 4648 2009 4728; baseline -0.003 -8"><span class='ocrx_word' id='word_1_473' title='bbox 447 4675 663 4720; x_wconf 88' lang='lat' dir='ltr'><strong>menter</strong></span> <span class='ocrx_word' id='word_1_474' title='bbox 680 4648 863 4719; x_wconf 85' lang='lat' dir='ltr'><strong>autem</strong></span> <span class='ocrx_word' id='word_1_475' title='bbox 892 4664 1153 4718; x_wconf 80' lang='lat' dir='ltr'><strong>Romanis</strong></span> <span class='ocrx_word' id='word_1_476' title='bbox 1178 4663 1590 4718; x_wconf 87' lang='lat' dir='ltr'><strong>insidiatoribus</strong></span> <span class='ocrx_word' id='word_1_477' title='bbox 1620 4663 2009 4728; x_wconf 88' lang='lat' dir='ltr'><strong>succensebat;</strong></span> 
     </span>
    </p>
   </div>
   <div class='ocr_carea' id='block_1_61' title="bbox 448 4753 2013 4826">
    <p class='ocr_par' dir='ltr' id='par_1_61' title="bbox 448 4753 2013 4826">
     <span class='ocr_line' id='line_1_61' title="bbox 448 4753 2013 4826; baseline -0.003 -14"><span class='ocrx_word' id='word_1_478' title='bbox 448 4773 559 4813; x_wconf 89' lang='lat' dir='ltr'><strong>non</strong></span> <span class='ocrx_word' id='word_1_479' title='bbox 588 4758 759 4812; x_wconf 69' lang='lat' dir='ltr'><strong>&quot;enim</strong></span> <span class='ocrx_word' id='word_1_480' title='bbox 800 4755 1125 4826; x_wconf 80' lang='lat' dir='ltr'><strong>ignorabat,</strong></span> <span class='ocrx_word' id='word_1_481' title='bbox 1155 4753 1299 4807; x_wconf 90' lang='lat' dir='ltr'><strong>unde</strong></span> <span class='ocrx_word' id='word_1_482' title='bbox 1329 4753 1445 4808; x_wconf 61' lang='lat' dir='ltr'><strong>haec</strong></span> <span class='ocrx_word' id='word_1_483' title='bbox 1493 4754 1611 4825; x_wconf 77' lang='lat' dir='ltr'><strong>ejus</strong></span> <span class='ocrx_word' id='word_1_484' title='bbox 1660 4754 1912 4816; x_wconf 92' lang='lat' dir='ltr'><strong>mutatio,</strong></span> <span class='ocrx_word' id='word_1_485' title='bbox 1958 4762 2013 4807; x_wconf 93' lang='lat' dir='ltr'><strong>et</strong></span> 
     </span>
    </p>
   </div>
   <div class='ocr_carea' id='block_1_62' title="bbox 2115 2290 3699 2363">
    <p class='ocr_par' dir='ltr' id='par_1_62' title="bbox 2115 2290 3699 2363">
     <span class='ocr_line' id='line_1_62' title="bbox 2115 2290 3699 2363; baseline 0.004 -20"><span class='ocrx_word' id='word_1_486' title='bbox 2115 2292 2429 2361; x_wconf 76' lang='grc' dir='ltr'>ὑστεραίαν,</span> <span class='ocrx_word' id='word_1_487' title='bbox 2455 2290 2679 2363; x_wconf 79' lang='grc' dir='ltr'>βασιλέα</span> <span class='ocrx_word' id='word_1_488' title='bbox 2705 2292 2803 2361; x_wconf 84' lang='grc' dir='ltr'>μὲν</span> <span class='ocrx_word' id='word_1_489' title='bbox 2826 2292 3178 2359; x_wconf 72' lang='grc' dir='ltr'>ἐπιλέξασθαι</span> <span class='ocrx_word' id='word_1_490' title='bbox 3202 2294 3364 2349; x_wconf 81' lang='grc' dir='ltr'>πέντε</span> <span class='ocrx_word' id='word_1_491' title='bbox 3399 2295 3699 2359; x_wconf 84' lang='grc' dir='ltr'>Ῥωμαίων</span> 
     </span>
    </p>
   </div>
   <div class='ocr_carea' id='block_1_63' title="bbox 2112 2385 3691 2459">
    <p class='ocr_par' dir='ltr' id='par_1_63' title="bbox 2112 2385 3691 2459">
     <span class='ocr_line' id='line_1_63' title="bbox 2112 2385 3691 2459; baseline 0.001 -21"><span class='ocrx_word' id='word_1_492' title='bbox 2112 2385 2223 2439; x_wconf 84' lang='grc' dir='ltr'><strong>τῶν</strong></span> <span class='ocrx_word' id='word_1_493' title='bbox 2250 2387 2307 2438; x_wconf 73' lang='grc' dir='ltr'>ἐν</span> <span class='ocrx_word' id='word_1_494' title='bbox 2337 2385 2503 2451; x_wconf 86' lang='grc' dir='ltr'>τέλει,</span> <span class='ocrx_word' id='word_1_495' title='bbox 2541 2385 2636 2437; x_wconf 78' lang='grc' dir='ltr'><strong>καὶ</strong></span> <span class='ocrx_word' id='word_1_496' title='bbox 2669 2385 2884 2449; x_wconf 79' lang='grc' dir='ltr'>τούτοις</span> <span class='ocrx_word' id='word_1_497' title='bbox 2923 2387 3221 2457; x_wconf 76' lang='grc' dir='ltr'>ἐπιτρέψαι</span> <span class='ocrx_word' id='word_1_498' title='bbox 3247 2388 3347 2458; x_wconf 80' lang='grc' dir='ltr'>τὴν</span> <span class='ocrx_word' id='word_1_499' title='bbox 3374 2389 3691 2459; x_wconf 78' lang='grc' dir='ltr'>παράληψιν</span> 
     </span>
    </p>
   </div>
   <div class='ocr_carea' id='block_1_64' title="bbox 2111 2473 3689 2548">
    <p class='ocr_par' dir='ltr' id='par_1_64' title="bbox 2111 2473 3689 2548">
     <span class='ocr_line' id='line_1_64' title="bbox 2111 2473 3689 2548; baseline 0.003 -20"><span class='ocrx_word' id='word_1_500' title='bbox 2111 2474 2220 2528; x_wconf 87' lang='grc' dir='ltr'><strong>τῶν</strong></span> <span class='ocrx_word' id='word_1_501' title='bbox 2253 2474 2463 2527; x_wconf 86' lang='grc' dir='ltr'>πόλεων</span> <span class='ocrx_word' id='word_1_502' title='bbox 2484 2490 2497 2506; x_wconf 85' lang='grc'><em>’</em></span> <span class='ocrx_word' id='word_1_503' title='bbox 2530 2473 2757 2545; x_wconf 80' lang='grc' dir='ltr'>Κράλην</span> <span class='ocrx_word' id='word_1_504' title='bbox 2778 2474 2837 2528; x_wconf 78' lang='grc' dir='ltr'>δὲ</span> <span class='ocrx_word' id='word_1_505' title='bbox 2859 2476 2922 2528; x_wconf 79' lang='grc' dir='ltr'>ὲκ</span> <span class='ocrx_word' id='word_1_506' title='bbox 2945 2476 3055 2529; x_wconf 84' lang='grc' dir='ltr'>τῶν</span> <span class='ocrx_word' id='word_1_507' title='bbox 3081 2476 3300 2530; x_wconf 76' lang='grc' dir='ltr'>οἰκείων</span> <span class='ocrx_word' id='word_1_508' title='bbox 3328 2477 3478 2540; x_wconf 76' lang='grc' dir='ltr'>ἴσους</span> <span class='ocrx_word' id='word_1_509' title='bbox 3506 2494 3689 2548; x_wconf 78' lang='grc' dir='ltr'>παρα.-</span> 
     </span>
    </p>
   </div>
   <div class='ocr_carea' id='block_1_65' title="bbox 2115 2567 3692 2640">
    <p class='ocr_par' dir='ltr' id='par_1_65' title="bbox 2115 2567 3692 2640">
     <span class='ocr_line' id='line_1_65' title="bbox 2115 2567 3692 2640; baseline 0 -19"><span class='ocrx_word' id='word_1_510' title='bbox 2115 2568 2445 2639; x_wconf 84' lang='grc' dir='ltr'>σχεῖν,ὥστε</span> <span class='ocrx_word' id='word_1_511' title='bbox 2478 2567 2837 2639; x_wconf 79' lang='grc' dir='ltr'>παραδοῦναι,</span> <span class='ocrx_word' id='word_1_512' title='bbox 2862 2568 2960 2621; x_wconf 72' lang='grc' dir='ltr'>καὶ</span> <span class='ocrx_word' id='word_1_513' title='bbox 2990 2568 3383 2637; x_wconf 81' lang='grc' dir='ltr'>συνταξάμενοι</span> <span class='ocrx_word' id='word_1_514' title='bbox 3418 2569 3692 2640; x_wconf 81' lang='grc' dir='ltr'>ἀλλήλοις,</span> 
     </span>
    </p>
   </div>
   <div class='ocr_carea' id='block_1_66' title="bbox 2114 2654 3698 2732">
    <p class='ocr_par' dir='ltr' id='par_1_66' title="bbox 2114 2654 3698 2732">
     <span class='ocr_line' id='line_1_66' title="bbox 2114 2654 3698 2732; baseline 0.002 -21"><span class='ocrx_word' id='word_1_515' title='bbox 2114 2660 2236 2711; x_wconf 75' lang='grc' dir='ltr'>ἐπεὶ</span> <span class='ocrx_word' id='word_1_516' title='bbox 2294 2659 2444 2722; x_wconf 82' lang='grc' dir='ltr'>τέλος</span> <span class='ocrx_word' id='word_1_517' title='bbox 2479 2654 2627 2727; x_wconf 69' lang='grc' dir='ltr'>εἶχον</span> <span class='ocrx_word' id='word_1_518' title='bbox 2682 2657 3004 2727; x_wconf 87' lang='grc' dir='ltr'>συμϐάσεις,</span> <span class='ocrx_word' id='word_1_519' title='bbox 3044 2660 3087 2721; x_wconf 15' lang='grc' dir='ltr'>γὸ</span> <span class='ocrx_word' id='word_1_520' title='bbox 3139 2659 3237 2728; x_wconf 74' lang='grc' dir='ltr'>μὲν</span> <span class='ocrx_word' id='word_1_521' title='bbox 3273 2660 3352 2720; x_wconf 86' lang='grc' dir='ltr'><strong>είς</strong></span> <span class='ocrx_word' id='word_1_522' title='bbox 3376 2661 3435 2713; x_wconf 71' lang='grc' dir='ltr'>τὸ</span> <span class='ocrx_word' id='word_1_523' title='bbox 3467 2662 3698 2732; x_wconf 82' lang='grc' dir='ltr'>στρατό-</span> 
     </span>
    </p>
   </div>
   <div class='ocr_carea' id='block_1_67' title="bbox 2114 2748 3693 2821">
    <p class='ocr_par' dir='ltr' id='par_1_67' title="bbox 2114 2748 3693 2821">
     <span class='ocr_line' id='line_1_67' title="bbox 2114 2748 3693 2821; baseline 0.003 -18"><span class='ocrx_word' id='word_1_524' title='bbox 2114 2751 2296 2817; x_wconf 87' lang='grc' dir='ltr'>πεδον,</span> <span class='ocrx_word' id='word_1_525' title='bbox 2355 2752 2403 2802; x_wconf 87' lang='grc' dir='ltr'><strong>οί</strong></span> <span class='ocrx_word' id='word_1_526' title='bbox 2468 2749 2713 2820; x_wconf 84' lang='grc' dir='ltr'>βασιλεῖς</span> <span class='ocrx_word' id='word_1_527' title='bbox 2759 2748 2817 2801; x_wconf 81' lang='grc' dir='ltr'>δὲ</span> <span class='ocrx_word' id='word_1_528' title='bbox 2870 2750 2951 2813; x_wconf 81' lang='grc' dir='ltr'><strong>εἰς</strong></span> <span class='ocrx_word' id='word_1_529' title='bbox 3002 2750 3103 2817; x_wconf 78' lang='grc' dir='ltr'>τὴν</span> <span class='ocrx_word' id='word_1_530' title='bbox 3150 2748 3306 2803; x_wconf 89' lang='grc' dir='ltr'>πόλιν</span> <span class='ocrx_word' id='word_1_531' title='bbox 3344 2750 3693 2821; x_wconf 82' lang='grc' dir='ltr'>ἀπεχώρουν.</span> 
     </span>
    </p>
   </div>
   <div class='ocr_carea' id='block_1_68' title="bbox 2125 2840 3699 2914">
    <p class='ocr_par' dir='ltr' id='par_1_68' title="bbox 2125 2840 3699 2914">
     <span class='ocr_line' id='line_1_68' title="bbox 2125 2840 3699 2914; baseline 0.001 -19"><span class='ocrx_word' id='word_1_532' title='bbox 2125 2841 2495 2911; x_wconf 81' lang='grc' dir='ltr'>Ἐπελθούσης</span> <span class='ocrx_word' id='word_1_533' title='bbox 2551 2840 2607 2893; x_wconf 80' lang='grc' dir='ltr'>δὲ</span> <span class='ocrx_word' id='word_1_534' title='bbox 2641 2840 2863 2905; x_wconf 77' lang='grc' dir='ltr'>νυκτὸς,</span> <span class='ocrx_word' id='word_1_535' title='bbox 2911 2841 3055 2904; x_wconf 73' lang='grc' dir='ltr'>τινὲς</span> <span class='ocrx_word' id='word_1_536' title='bbox 3100 2841 3210 2895; x_wconf 83' lang='grc' dir='ltr'>τῶν</span> <span class='ocrx_word' id='word_1_537' title='bbox 3245 2844 3510 2897; x_wconf 85' lang='grc' dir='ltr'>συνόντων</span> <span class='ocrx_word' id='word_1_538' title='bbox 3543 2844 3699 2914; x_wconf 89' lang='grc' dir='ltr'>βασι-</span> 
     </span>
    </p>
   </div>
   <div class='ocr_carea' id='block_1_69' title="bbox 2110 2934 3695 3005">
    <p class='ocr_par' dir='ltr' id='par_1_69' title="bbox 2110 2934 3695 3005">
     <span class='ocr_line' id='line_1_69' title="bbox 2110 2934 3695 3005; baseline 0.003 -18"><span class='ocrx_word' id='word_1_539' title='bbox 2110 2935 2263 2988; x_wconf 82' lang='grc' dir='ltr'>λεῦσι</span> <span class='ocrx_word' id='word_1_540' title='bbox 2285 2935 2469 3004; x_wconf 79' lang='grc' dir='ltr'>κρύφα</span> <span class='ocrx_word' id='word_1_541' title='bbox 2488 2935 2738 2997; x_wconf 79' lang='grc' dir='ltr'>ἐλθόντες</span> <span class='ocrx_word' id='word_1_542' title='bbox 2762 2934 2900 3004; x_wconf 84' lang='grc' dir='ltr'>πρὸς</span> <span class='ocrx_word' id='word_1_543' title='bbox 2920 2934 3011 2987; x_wconf 77' lang='grc' dir='ltr'><strong>τὸν</strong></span> <span class='ocrx_word' id='word_1_544' title='bbox 3033 2935 3279 3005; x_wconf 88' lang='grc' dir='ltr'>Κράλην,</span> <span class='ocrx_word' id='word_1_545' title='bbox 3305 2936 3695 2991; x_wconf 84' lang='grc' dir='ltr'>συνεϐούλευον</span> 
     </span>
    </p>
   </div>
   <div class='ocr_carea' id='block_1_70' title="bbox 2111 3026 3693 3097">
    <p class='ocr_par' dir='ltr' id='par_1_70' title="bbox 2111 3026 3693 3097">
     <span class='ocr_line' id='line_1_70' title="bbox 2111 3026 3693 3097; baseline 0.001 -16"><span class='ocrx_word' id='word_1_546' title='bbox 2111 3028 2209 3090; x_wconf 74' lang='grc' dir='ltr'><strong>τὰς</strong></span> <span class='ocrx_word' id='word_1_547' title='bbox 2242 3028 2423 3089; x_wconf 87' lang='grc' dir='ltr'>πόλεις</span> <span class='ocrx_word' id='word_1_548' title='bbox 2455 3028 2530 3096; x_wconf 86' lang='grc' dir='ltr'>μὴ</span> <span class='ocrx_word' id='word_1_549' title='bbox 2559 3026 2937 3097; x_wconf 86' lang='grc' dir='ltr'>παραδιδόναι,</span> <span class='ocrx_word' id='word_1_550' title='bbox 2986 3026 3125 3081; x_wconf 82' lang='grc' dir='ltr'>ἀλλὰ</span> <span class='ocrx_word' id='word_1_551' title='bbox 3161 3028 3392 3097; x_wconf 86' lang='grc' dir='ltr'>πόλεμον</span> <span class='ocrx_word' id='word_1_552' title='bbox 3417 3028 3693 3096; x_wconf 77' lang='grc' dir='ltr'>αἱρεῖσθαι</span> 
     </span>
    </p>
   </div>
   <div class='ocr_carea' id='block_1_71' title="bbox 2114 3114 3694 3189">
    <p class='ocr_par' dir='ltr' id='par_1_71' title="bbox 2114 3114 3694 3189">
     <span class='ocr_line' id='line_1_71' title="bbox 2114 3114 3694 3189; baseline 0 -18"><span class='ocrx_word' id='word_1_553' title='bbox 2114 3118 2316 3188; x_wconf 84' lang='grc' dir='ltr'>μᾶλλον</span> <span class='ocrx_word' id='word_1_554' title='bbox 2362 3114 2501 3188; x_wconf 78' lang='grc' dir='ltr'>πρὸς</span> <span class='ocrx_word' id='word_1_555' title='bbox 2548 3118 3011 3188; x_wconf 80' lang='grc' dir='ltr'>Καντακουζηνὺν</span> <span class='ocrx_word' id='word_1_556' title='bbox 3046 3118 3136 3171; x_wconf 78' lang='grc' dir='ltr'><strong>τὸν</strong></span> <span class='ocrx_word' id='word_1_557' title='bbox 3171 3118 3418 3187; x_wconf 82' lang='grc' dir='ltr'>βασιλέα,</span> <span class='ocrx_word' id='word_1_558' title='bbox 3449 3118 3524 3181; x_wconf 84' lang='grc' dir='ltr'><strong>ὡς</strong></span> <span class='ocrx_word' id='word_1_559' title='bbox 3565 3119 3694 3189; x_wconf 81' lang='grc' dir='ltr'>βλά-</span> 
     </span>
    </p>
   </div>
   <div class='ocr_carea' id='block_1_72' title="bbox 2112 3210 3692 3281">
    <p class='ocr_par' dir='ltr' id='par_1_72' title="bbox 2112 3210 3692 3281">
     <span class='ocr_line' id='line_1_72' title="bbox 2112 3210 3692 3281; baseline 0.001 -17"><span class='ocrx_word' id='word_1_560' title='bbox 2112 3229 2267 3264; x_wconf 86' lang='grc' dir='ltr'>πτειν</span> <span class='ocrx_word' id='word_1_561' title='bbox 2325 3211 2691 3281; x_wconf 85' lang='grc' dir='ltr'>δυνησόμενον</span> <span class='ocrx_word' id='word_1_562' title='bbox 2745 3210 2995 3280; x_wconf 79' lang='grc' dir='ltr'>ὀλίγα,ἢ</span> <span class='ocrx_word' id='word_1_563' title='bbox 3052 3210 3241 3263; x_wconf 79' lang='grc' dir='ltr'>οὐδέν’</span> <span class='ocrx_word' id='word_1_564' title='bbox 3302 3210 3396 3262; x_wconf 72' lang='grc' dir='ltr'>νῦν</span> <span class='ocrx_word' id='word_1_565' title='bbox 3448 3211 3692 3281; x_wconf 76' lang='grc' dir='ltr'>μὲνγὰρ</span> 
     </span>
    </p>
   </div>
   <div class='ocr_carea' id='block_1_73' title="bbox 2112 3302 3692 3376">
    <p class='ocr_par' dir='ltr' id='par_1_73' title="bbox 2112 3302 3692 3376">
     <span class='ocr_line' id='line_1_73' title="bbox 2112 3302 3692 3376; baseline 0.005 -27"><span class='ocrx_word' id='word_1_566' title='bbox 2112 3303 2413 3372; x_wconf 77' lang='grc' dir='ltr'>ἀξιόμαχον</span> <span class='ocrx_word' id='word_1_567' title='bbox 2446 3304 2547 3355; x_wconf 85' lang='grc' dir='ltr'><strong>οὐκ</strong></span> <span class='ocrx_word' id='word_1_568' title='bbox 2581 3302 2726 3371; x_wconf 74' lang='grc' dir='ltr'>ἔχειν</span> <span class='ocrx_word' id='word_1_569' title='bbox 2775 3302 3058 3372; x_wconf 86' lang='grc' dir='ltr'>στρατιάν.</span> <span class='ocrx_word' id='word_1_570' title='bbox 3089 3302 3187 3356; x_wconf 79' lang='grc' dir='ltr'>Ἀν</span> <span class='ocrx_word' id='word_1_571' title='bbox 3234 3302 3289 3354; x_wconf 83' lang='grc' dir='ltr'>δὲ</span> <span class='ocrx_word' id='word_1_572' title='bbox 3321 3303 3581 3376; x_wconf 74' lang='grc' dir='ltr'>ὲπανήκη</span> <span class='ocrx_word' id='word_1_573' title='bbox 3607 3306 3692 3367; x_wconf 80' lang='grc' dir='ltr'>εἰς</span> 
     </span>
    </p>
   </div>
   <div class='ocr_carea' id='block_1_74' title="bbox 2113 3393 3693 3465">
    <p class='ocr_par' dir='ltr' id='par_1_74' title="bbox 2113 3393 3693 3465">
     <span class='ocr_line' id='line_1_74' title="bbox 2113 3393 3693 3465; baseline 0.001 -19"><span class='ocrx_word' id='word_1_574' title='bbox 2113 3394 2407 3458; x_wconf 82' lang='grc' dir='ltr'>Βυζάντιον</span> <span class='ocrx_word' id='word_1_575' title='bbox 2456 3394 2531 3457; x_wconf 85' lang='grc' dir='ltr'>ὼς</span> <span class='ocrx_word' id='word_1_576' title='bbox 2563 3393 3150 3465; x_wconf 75' lang='grc' dir='ltr'>παρασκευασόμενος,</span> <span class='ocrx_word' id='word_1_577' title='bbox 3186 3394 3278 3447; x_wconf 72' lang='grc' dir='ltr'>τὸν</span> <span class='ocrx_word' id='word_1_578' title='bbox 3322 3393 3693 3461; x_wconf 81' lang='grc' dir='ltr'>Παλαιολόγον</span> 
     </span>
    </p>
   </div>
   <div class='ocr_carea' id='block_1_75' title="bbox 2115 3481 3693 3558">
    <p class='ocr_par' dir='ltr' id='par_1_75' title="bbox 2115 3481 3693 3558">
     <span class='ocr_line' id='line_1_75' title="bbox 2115 3481 3693 3558; baseline 0.001 -20"><span class='ocrx_word' id='word_1_579' title='bbox 2115 3486 2340 3557; x_wconf 83' lang='grc' dir='ltr'>βασιλέα</span> <span class='ocrx_word' id='word_1_580' title='bbox 2408 3487 2621 3537; x_wconf 87' lang='grc' dir='ltr'>πείσειν</span> <span class='ocrx_word' id='word_1_581' title='bbox 2677 3485 3043 3553; x_wconf 85' lang='grc' dir='ltr'>συνθήσεσθαι</span> <span class='ocrx_word' id='word_1_582' title='bbox 3099 3485 3234 3555; x_wconf 75' lang='grc' dir='ltr'>πρὸς</span> <span class='ocrx_word' id='word_1_583' title='bbox 3284 3486 3467 3550; x_wconf 75' lang='grc' dir='ltr'>αὑτὸν,</span> <span class='ocrx_word' id='word_1_584' title='bbox 3623 3486 3693 3539; x_wconf 81' lang='grc' dir='ltr'>ἄν</span> 
     </span>
    </p>
   </div>
   <div class='ocr_carea' id='block_1_76' title="bbox 2120 3575 3695 3650">
    <p class='ocr_par' dir='ltr' id='par_1_76' title="bbox 2120 3575 3695 3650">
     <span class='ocr_line' id='line_1_76' title="bbox 2120 3575 3695 3650; baseline -0.002 -18"><span class='ocrx_word' id='word_1_585' title='bbox 2120 3580 2360 3650; x_wconf 84' lang='grc' dir='ltr'>μάλιστα</span> <span class='ocrx_word' id='word_1_586' title='bbox 2401 3578 2530 3647; x_wconf 80' lang='grc' dir='ltr'>δοκῇ</span> <span class='ocrx_word' id='word_1_587' title='bbox 2580 3576 2707 3628; x_wconf 85' lang='grc' dir='ltr'>καθ’</span> <span class='ocrx_word' id='word_1_588' title='bbox 2740 3575 2954 3646; x_wconf 84' lang='grc' dir='ltr'>ήδονὴν,</span> <span class='ocrx_word' id='word_1_589' title='bbox 3002 3575 3098 3629; x_wconf 75' lang='grc' dir='ltr'>καὶ</span> <span class='ocrx_word' id='word_1_590' title='bbox 3126 3578 3276 3644; x_wconf 85' lang='grc' dir='ltr'>κοινῇ</span> <span class='ocrx_word' id='word_1_591' title='bbox 3312 3576 3404 3628; x_wconf 71' lang='grc' dir='ltr'>τὸν</span> <span class='ocrx_word' id='word_1_592' title='bbox 3456 3578 3695 3644; x_wconf 85' lang='grc' dir='ltr'>πόλεμον</span> 
     </span>
    </p>
   </div>
   <div class='ocr_carea' id='block_1_77' title="bbox 2116 3665 3687 3740">
    <p class='ocr_par' dir='ltr' id='par_1_77' title="bbox 2116 3665 3687 3740">
     <span class='ocr_line' id='line_1_77' title="bbox 2116 3665 3687 3740; baseline -0.002 -18"><span class='ocrx_word' id='word_1_593' title='bbox 2116 3668 2253 3740; x_wconf 78' lang='grc' dir='ltr'>πρὸς</span> <span class='ocrx_word' id='word_1_594' title='bbox 2297 3665 2840 3731; x_wconf 65' lang='grc' dir='ltr'>ἐκεῖνον’ἀνελέσθαι,</span> <span class='ocrx_word' id='word_1_595' title='bbox 2876 3666 3129 3737; x_wconf 80' lang='grc' dir='ltr'>ἡγεῖσθαί</span> <span class='ocrx_word' id='word_1_596' title='bbox 3174 3666 3283 3734; x_wconf 84' lang='grc' dir='ltr'>γὰρ</span> <span class='ocrx_word' id='word_1_597' title='bbox 3338 3665 3537 3728; x_wconf 74' lang='grc' dir='ltr'>αὐτοὺς</span> <span class='ocrx_word' id='word_1_598' title='bbox 3586 3665 3687 3719; x_wconf 76' lang='grc' dir='ltr'>οὒκ</span> 
     </span>
    </p>
   </div>
   <div class='ocr_carea' id='block_1_78' title="bbox 2118 3757 3686 3831">
    <p class='ocr_par' dir='ltr' id='par_1_78' title="bbox 2118 3757 3686 3831">
     <span class='ocr_line' id='line_1_78' title="bbox 2118 3757 3686 3831; baseline -0.005 -14"><span class='ocrx_word' id='word_1_599' title='bbox 2118 3761 2347 3817; x_wconf 82' lang='grc' dir='ltr'>ἀνεκτὸν</span> <span class='ocrx_word' id='word_1_600' title='bbox 2378 3763 2585 3813; x_wconf 75' lang='grc' dir='ltr'>ἐκεῖνον</span> <span class='ocrx_word' id='word_1_601' title='bbox 2623 3758 2833 3831; x_wconf 76' lang='grc' dir='ltr'>ἄρχειν,</span> <span class='ocrx_word' id='word_1_602' title='bbox 2870 3757 3098 3829; x_wconf 83' lang='grc' dir='ltr'>βασιλέα</span> <span class='ocrx_word' id='word_1_603' title='bbox 3128 3758 3227 3828; x_wconf 83' lang='grc' dir='ltr'>τῆς</span> <span class='ocrx_word' id='word_1_604' title='bbox 3268 3758 3527 3829; x_wconf 81' lang='grc' dir='ltr'>πατρῴας</span> <span class='ocrx_word' id='word_1_605' title='bbox 3550 3759 3686 3810; x_wconf 70' lang='grc' dir='ltr'>ἀποε-</span> 
     </span>
    </p>
   </div>
   <div class='ocr_carea' id='block_1_79' title="bbox 2119 3847 3686 3924">
    <p class='ocr_par' dir='ltr' id='par_1_79' title="bbox 2119 3847 3686 3924">
     <span class='ocr_line' id='line_1_79' title="bbox 2119 3847 3686 3924; baseline -0.003 -16"><span class='ocrx_word' id='word_1_606' title='bbox 2119 3856 2460 3924; x_wconf 85' lang='grc' dir='ltr'>στερήσαντα</span> <span class='ocrx_word' id='word_1_607' title='bbox 2492 3853 2695 3923; x_wconf 78' lang='grc' dir='ltr'>ἀρχῆςο</span> <span class='ocrx_word' id='word_1_608' title='bbox 2726 3852 2821 3905; x_wconf 77' lang='grc' dir='ltr'>καὶ</span> <span class='ocrx_word' id='word_1_609' title='bbox 2849 3854 2877 3905; x_wconf 85' lang='grc' dir='ltr'>ὁ</span> <span class='ocrx_word' id='word_1_610' title='bbox 2914 3851 3136 3921; x_wconf 85' lang='grc' dir='ltr'>Κράλης</span> <span class='ocrx_word' id='word_1_611' title='bbox 3171 3852 3373 3906; x_wconf 82' lang='grc' dir='ltr'>αὐτίκα</span> <span class='ocrx_word' id='word_1_612' title='bbox 3404 3853 3583 3914; x_wconf 80' lang='grc' dir='ltr'>ἔνθους</span> <span class='ocrx_word' id='word_1_613' title='bbox 3614 3847 3686 3923; x_wconf 79' lang='grc' dir='ltr'>ἦν</span> 
     </span>
    </p>
   </div>
   <div class='ocr_carea' id='block_1_80' title="bbox 2117 3943 3689 4018">
    <p class='ocr_par' dir='ltr' id='par_1_80' title="bbox 2117 3943 3689 4018">
     <span class='ocr_line' id='line_1_80' title="bbox 2117 3943 3689 4018; baseline -0.002 -19"><span class='ocrx_word' id='word_1_614' title='bbox 2117 3947 2209 4016; x_wconf 80' lang='grc' dir='ltr'><strong>ὑφ’</strong></span> <span class='ocrx_word' id='word_1_615' title='bbox 2232 3947 2449 4018; x_wconf 80' lang='grc' dir='ltr'>ἡδονῆς,</span> <span class='ocrx_word' id='word_1_616' title='bbox 2476 3947 2571 3999; x_wconf 77' lang='grc' dir='ltr'><strong>καὶ</strong></span> <span class='ocrx_word' id='word_1_617' title='bbox 2594 3944 2795 4007; x_wconf 85' lang='grc' dir='ltr'>πολλὰς</span> <span class='ocrx_word' id='word_1_618' title='bbox 2823 3943 3092 4014; x_wconf 81' lang='grc' dir='ltr'>ὡμολογει</span> <span class='ocrx_word' id='word_1_619' title='bbox 3117 3943 3350 4014; x_wconf 85' lang='grc' dir='ltr'>χάριτας</span> <span class='ocrx_word' id='word_1_620' title='bbox 3372 3948 3481 4008; x_wconf 81' lang='grc' dir='ltr'>τοῖς</span> <span class='ocrx_word' id='word_1_621' title='bbox 3503 3944 3689 4012; x_wconf 75' lang='grc' dir='ltr'>ἀπαγε-</span> 
     </span>
    </p>
   </div>
   <div class='ocr_carea' id='block_1_81' title="bbox 2115 4035 3695 4107">
    <p class='ocr_par' dir='ltr' id='par_1_81' title="bbox 2115 4035 3695 4107">
     <span class='ocr_line' id='line_1_81' title="bbox 2115 4035 3695 4107; baseline -0.003 -16"><span class='ocrx_word' id='word_1_622' title='bbox 2115 4038 2353 4107; x_wconf 87' lang='grc' dir='ltr'>γείλασι,</span> <span class='ocrx_word' id='word_1_623' title='bbox 2422 4036 2635 4107; x_wconf 86' lang='grc' dir='ltr'>βασιλεῖ</span> <span class='ocrx_word' id='word_1_624' title='bbox 2691 4054 2749 4089; x_wconf 90' lang='grc' dir='ltr'><strong>τε</strong></span> <span class='ocrx_word' id='word_1_625' title='bbox 2814 4035 3187 4106; x_wconf 74' lang='grc' dir='ltr'>ἐπηγγέλλετο</span> <span class='ocrx_word' id='word_1_626' title='bbox 3252 4035 3553 4105; x_wconf 86' lang='grc' dir='ltr'>προθύμως</span> <span class='ocrx_word' id='word_1_627' title='bbox 3611 4036 3695 4101; x_wconf 87' lang='grc' dir='ltr'>τῷ</span> 
     </span>
    </p>
   </div>
   <div class='ocr_carea' id='block_1_82' title="bbox 2117 4125 3699 4198">
    <p class='ocr_par' dir='ltr' id='par_1_82' title="bbox 2117 4125 3699 4198">
     <span class='ocr_line' id='line_1_82' title="bbox 2117 4125 3699 4198; baseline -0.001 -16"><span class='ocrx_word' id='word_1_628' title='bbox 2117 4127 2467 4198; x_wconf 86' lang='grc' dir='ltr'>Παλαιολόγῳ</span> <span class='ocrx_word' id='word_1_629' title='bbox 2503 4128 2889 4196; x_wconf 79' lang='grc' dir='ltr'>συμμαχήσειν</span> <span class='ocrx_word' id='word_1_630' title='bbox 2920 4125 3063 4179; x_wconf 78' lang='grc' dir='ltr'>κατὰ</span> <span class='ocrx_word' id='word_1_631' title='bbox 3116 4125 3381 4195; x_wconf 81' lang='grc' dir='ltr'>κηδεστοῦ</span> <span class='ocrx_word' id='word_1_632' title='bbox 3408 4126 3503 4179; x_wconf 85' lang='grc' dir='ltr'>τοῦ</span> <span class='ocrx_word' id='word_1_633' title='bbox 3541 4127 3699 4195; x_wconf 85' lang='grc' dir='ltr'>βασι-</span> 
     </span>
    </p>
   </div>
   <div class='ocr_carea' id='block_1_83' title="bbox 2116 4215 3693 4286">
    <p class='ocr_par' dir='ltr' id='par_1_83' title="bbox 2116 4215 3693 4286">
     <span class='ocr_line' id='line_1_83' title="bbox 2116 4215 3693 4286; baseline -0.002 -14"><span class='ocrx_word' id='word_1_634' title='bbox 2116 4219 2274 4281; x_wconf 86' lang='grc' dir='ltr'>λέως,</span> <span class='ocrx_word' id='word_1_635' title='bbox 2319 4220 2413 4270; x_wconf 70' lang='grc' dir='ltr'><strong>καὶ</strong></span> <span class='ocrx_word' id='word_1_636' title='bbox 2443 4220 2623 4269; x_wconf 81' lang='grc' dir='ltr'>πᾶσαν</span> <span class='ocrx_word' id='word_1_637' title='bbox 2654 4215 3022 4280; x_wconf 70' lang='grc' dir='ltr'>ἐπιδείξεσθαι</span> <span class='ocrx_word' id='word_1_638' title='bbox 3058 4215 3298 4286; x_wconf 82' lang='grc' dir='ltr'>σπουδὴν</span> <span class='ocrx_word' id='word_1_639' title='bbox 3353 4217 3445 4268; x_wconf 77' lang='grc' dir='ltr'>καὶ</span> <span class='ocrx_word' id='word_1_640' title='bbox 3471 4216 3693 4269; x_wconf 74' lang='grc' dir='ltr'>εὔνοιαν</span> 
     </span>
    </p>
   </div>
   <div class='ocr_carea' id='block_1_84' title="bbox 2119 4301 3694 4380">
    <p class='ocr_par' dir='ltr' id='par_1_84' title="bbox 2119 4301 3694 4380">
     <span class='ocr_line' id='line_1_84' title="bbox 2119 4301 3694 4380; baseline -0.003 -17"><span class='ocrx_word' id='word_1_641' title='bbox 2119 4310 2255 4380; x_wconf 76' lang='grc' dir='ltr'>πρὸς</span> <span class='ocrx_word' id='word_1_642' title='bbox 2287 4309 2480 4361; x_wconf 78' lang='grc' dir='ltr'>αὐτόν·</span> <span class='ocrx_word' id='word_1_643' title='bbox 2528 4308 2643 4376; x_wconf 73' lang='grc' dir='ltr'><strong>ἅμα</strong></span> <span class='ocrx_word' id='word_1_644' title='bbox 2686 4324 2744 4359; x_wconf 89' lang='grc' dir='ltr'><strong>τε</strong></span> <span class='ocrx_word' id='word_1_645' title='bbox 2797 4306 2892 4377; x_wconf 72' lang='grc' dir='ltr'><strong>ἕῳ,</strong></span> <span class='ocrx_word' id='word_1_646' title='bbox 2934 4308 3058 4360; x_wconf 73' lang='grc' dir='ltr'>ἐπεὶ</span> <span class='ocrx_word' id='word_1_647' title='bbox 3089 4306 3272 4376; x_wconf 83' lang='grc' dir='ltr'>ἡμέρα</span> <span class='ocrx_word' id='word_1_648' title='bbox 3318 4301 3409 4376; x_wconf 81' lang='grc' dir='ltr'>ἦν,</span> <span class='ocrx_word' id='word_1_649' title='bbox 3466 4307 3694 4376; x_wconf 84' lang='grc' dir='ltr'>πέμψας</span> 
     </span>
    </p>
   </div>
   <div class='ocr_carea' id='block_1_85' title="bbox 2117 4384 3695 4472">
    <p class='ocr_par' dir='ltr' id='par_1_85' title="bbox 2117 4384 3695 4472">
     <span class='ocr_line' id='line_1_85' title="bbox 2117 4384 3695 4472; baseline -0.001 -19"><span class='ocrx_word' id='word_1_650' title='bbox 2117 4401 2256 4472; x_wconf 64' lang='grc' dir='ltr'>πρὸς</span> <span class='ocrx_word' id='word_1_651' title='bbox 2293 4399 2537 4470; x_wconf 84' lang='grc' dir='ltr'>βασιλέα,</span> <span class='ocrx_word' id='word_1_652' title='bbox 2575 4398 2891 4466; x_wconf 82' lang='grc' dir='ltr'>ἀπηγόρευε</span> <span class='ocrx_word' id='word_1_653' title='bbox 2943 4400 3039 4468; x_wconf 87' lang='grc' dir='ltr'><strong>τὴν</strong></span> <span class='ocrx_word' id='word_1_654' title='bbox 3096 4397 3187 4450; x_wconf 69' lang='grc' dir='ltr'><strong>ἐπὶ</strong></span> <span class='ocrx_word' id='word_1_655' title='bbox 3219 4400 3329 4462; x_wconf 79' lang='grc' dir='ltr'>τοῖς</span> <span class='ocrx_word' id='word_1_656' title='bbox 3365 4384 3695 4469; x_wconf 78' lang='grc' dir='ltr'>ἐίρημένοις</span> 
     </span>
    </p>
   </div>
   <div class='ocr_carea' id='block_1_86' title="bbox 2117 4486 3695 4562">
    <p class='ocr_par' dir='ltr' id='par_1_86' title="bbox 2117 4486 3695 4562">
     <span class='ocr_line' id='line_1_86' title="bbox 2117 4486 3695 4562; baseline -0.003 -17"><span class='ocrx_word' id='word_1_657' title='bbox 2117 4493 2340 4562; x_wconf 79' lang='grc' dir='ltr'>εἰρήνην</span> <span class='ocrx_word' id='word_1_658' title='bbox 2363 4507 2375 4521; x_wconf 74' lang='grc' dir='ltr'><strong>ο</strong></span> <span class='ocrx_word' id='word_1_659' title='bbox 2411 4488 2527 4542; x_wconf 85' lang='grc' dir='ltr'>ἀλλ’</span> <span class='ocrx_word' id='word_1_660' title='bbox 2561 4490 2608 4541; x_wconf 88' lang='grc' dir='ltr'><strong>εί</strong></span> <span class='ocrx_word' id='word_1_661' title='bbox 2635 4488 2878 4556; x_wconf 81' lang='grc' dir='ltr'>βούλοιτο</span> <span class='ocrx_word' id='word_1_662' title='bbox 2902 4488 2998 4549; x_wconf 80' lang='grc' dir='ltr'>τὰς</span> <span class='ocrx_word' id='word_1_663' title='bbox 3029 4487 3156 4556; x_wconf 81' lang='grc' dir='ltr'>ἄρτι</span> <span class='ocrx_word' id='word_1_664' title='bbox 3179 4486 3482 4555; x_wconf 83' lang='grc' dir='ltr'>ληφθείσας</span> <span class='ocrx_word' id='word_1_665' title='bbox 3505 4488 3695 4551; x_wconf 85' lang='grc' dir='ltr'>πόλεις</span> 
     </span>
    </p>
   </div>
   <div class='ocr_carea' id='block_1_87' title="bbox 2120 4578 3689 4652">
    <p class='ocr_par' dir='ltr' id='par_1_87' title="bbox 2120 4578 3689 4652">
     <span class='ocr_line' id='line_1_87' title="bbox 2120 4578 3689 4652; baseline -0.003 -16"><span class='ocrx_word' id='word_1_666' title='bbox 2120 4583 2288 4652; x_wconf 88' lang='grc' dir='ltr'>μόνας</span> <span class='ocrx_word' id='word_1_667' title='bbox 2322 4582 2489 4652; x_wconf 78' lang='grc' dir='ltr'>ἔχειν,</span> <span class='ocrx_word' id='word_1_668' title='bbox 2538 4580 2744 4652; x_wconf 82' lang='grc' dir='ltr'>μᾶλλον</span> <span class='ocrx_word' id='word_1_669' title='bbox 2801 4580 2857 4633; x_wconf 83' lang='grc' dir='ltr'>δὲ</span> <span class='ocrx_word' id='word_1_670' title='bbox 2891 4582 2985 4632; x_wconf 75' lang='grc' dir='ltr'><strong>καὶ</strong></span> <span class='ocrx_word' id='word_1_671' title='bbox 3025 4578 3084 4642; x_wconf 81' lang='grc' dir='ltr'><strong>ἐξ</strong></span> <span class='ocrx_word' id='word_1_672' title='bbox 3134 4579 3362 4632; x_wconf 79' lang='grc' dir='ltr'>ἐκείνων</span> <span class='ocrx_word' id='word_1_673' title='bbox 3396 4580 3689 4645; x_wconf 79' lang='grc' dir='ltr'>ἀποδόντα,</span> 
     </span>
    </p>
   </div>
   <div class='ocr_carea' id='block_1_88' title="bbox 2115 4669 3690 4741">
    <p class='ocr_par' dir='ltr' id='par_1_88' title="bbox 2115 4669 3690 4741">
     <span class='ocr_line' id='line_1_88' title="bbox 2115 4669 3690 4741; baseline -0.003 -16"><span class='ocrx_word' id='word_1_674' title='bbox 2115 4672 2261 4727; x_wconf 77' lang='grc' dir='ltr'>οὕτω</span> <span class='ocrx_word' id='word_1_675' title='bbox 2298 4671 2508 4725; x_wconf 82' lang='grc' dir='ltr'>πείθειν</span> <span class='ocrx_word' id='word_1_676' title='bbox 2537 4670 2700 4725; x_wconf 81' lang='grc' dir='ltr'>αὐτὸν</span> <span class='ocrx_word' id='word_1_677' title='bbox 2723 4670 2796 4741; x_wconf 83' lang='grc' dir='ltr'><strong>μὴ</strong></span> <span class='ocrx_word' id='word_1_678' title='bbox 2823 4669 3077 4739; x_wconf 88' lang='grc' dir='ltr'>πολεμεῖν</span> <span class='ocrx_word' id='word_1_679' title='bbox 3099 4686 3111 4699; x_wconf 72' lang='grc' dir='ltr'><strong>ο</strong></span> <span class='ocrx_word' id='word_1_680' title='bbox 3137 4671 3185 4721; x_wconf 81' lang='grc' dir='ltr'>εἰ</span> <span class='ocrx_word' id='word_1_681' title='bbox 3218 4669 3274 4722; x_wconf 84' lang='grc' dir='ltr'>δὲ</span> <span class='ocrx_word' id='word_1_682' title='bbox 3313 4669 3388 4740; x_wconf 83' lang='grc' dir='ltr'>μὴ</span> <span class='ocrx_word' id='word_1_683' title='bbox 3422 4669 3690 4738; x_wconf 68' lang='grc' dir='ltr'>βούλοπο,</span> 
     </span>
    </p>
   </div>
   <div class='ocr_carea' id='block_1_89' title="bbox 2119 4756 3691 4833">
    <p class='ocr_par' dir='ltr' id='par_1_89' title="bbox 2119 4756 3691 4833">
     <span class='ocr_line' id='line_1_89' title="bbox 2119 4756 3691 4833; baseline -0.003 -17"><span class='ocrx_word' id='word_1_684' title='bbox 2119 4756 2682 4833; x_wconf 76' lang='grc' dir='ltr'>παρασκευασάμενον</span> <span class='ocrx_word' id='word_1_685' title='bbox 2742 4760 2879 4829; x_wconf 80' lang='grc' dir='ltr'>πρὸς</span> <span class='ocrx_word' id='word_1_686' title='bbox 2938 4760 3119 4830; x_wconf 87' lang='grc' dir='ltr'>μάχην</span> <span class='ocrx_word' id='word_1_687' title='bbox 3185 4759 3459 4825; x_wconf 73' lang='grc' dir='ltr'>ἐξελθεῖνο</span> <span class='ocrx_word' id='word_1_688' title='bbox 3522 4761 3691 4814; x_wconf 81' lang='grc' dir='ltr'>αὑτὸν</span> 
     </span>
    </p>
   </div>
   <div class='ocr_carea' id='block_1_90' title="bbox 445 4844 2009 4933">
    <p class='ocr_par' dir='ltr' id='par_1_90' title="bbox 445 4844 2009 4913">
     <span class='ocr_line' id='line_1_90' title="bbox 445 4844 2009 4913; baseline -0.006 -7"><span class='ocrx_word' id='word_1_689' title='bbox 445 4866 628 4906; x_wconf 88' lang='lat' dir='ltr'><strong>rerum</strong></span> <span class='ocrx_word' id='word_1_690' title='bbox 658 4847 1103 4905; x_wconf 87' lang='lat' dir='ltr'><strong>emendationem</strong></span> <span class='ocrx_word' id='word_1_691' title='bbox 1136 4844 1497 4913; x_wconf 82' lang='lat' dir='ltr'><strong>desperabat,</strong></span> <span class='ocrx_word' id='word_1_692' title='bbox 1541 4852 1713 4909; x_wconf 87' lang='lat' dir='ltr'><strong>ratus,</strong></span> <span class='ocrx_word' id='word_1_693' title='bbox 1745 4844 2009 4897; x_wconf 86' lang='lat' dir='ltr'><strong>bellorum</strong></span> 
     </span>
    </p>
   </div>
   <div class='ocr_carea' id='block_1_91' title="bbox 2115 4844 3691 4933">
    <p class='ocr_par' dir='ltr' id='par_1_91' title="bbox 2120 4849 3691 4924">
     <span class='ocr_line' id='line_1_91' title="bbox 2120 4849 3691 4924; baseline -0.002 -15"><span class='ocrx_word' id='word_1_694' title='bbox 2120 4856 2227 4924; x_wconf 82' lang='grc' dir='ltr'>γὰρ</span> <span class='ocrx_word' id='word_1_695' title='bbox 2266 4855 2427 4907; x_wconf 67' lang='grc' dir='ltr'><strong>παντλ⁵</strong></span> <span class='ocrx_word' id='word_1_696' title='bbox 2457 4853 2631 4906; x_wconf 86' lang='grc' dir='ltr'>σθένει</span> <span class='ocrx_word' id='word_1_697' title='bbox 2680 4852 3035 4923; x_wconf 85' lang='grc' dir='ltr'>πολεμήσειν.</span> <span class='ocrx_word' id='word_1_698' title='bbox 3078 4852 3201 4905; x_wconf 86' lang='grc' dir='ltr'>Τῶν</span> <span class='ocrx_word' id='word_1_699' title='bbox 3243 4852 3340 4923; x_wconf 79' lang='grc' dir='ltr'>μὲν</span> <span class='ocrx_word' id='word_1_700' title='bbox 3367 4849 3460 4906; x_wconf 81' lang='grc' dir='ltr'><strong>οὖν</strong></span> <span class='ocrx_word' id='word_1_701' title='bbox 3492 4854 3691 4923; x_wconf 78' lang='grc' dir='ltr'>Κράλη</span> 
     </span>
    </p>
   </div>
   <div class='ocr_carea' id='block_1_92' title="bbox 444 4935 2013 5008">
    <p class='ocr_par' dir='ltr' id='par_1_92' title="bbox 444 4935 2013 5008">
     <span class='ocr_line' id='line_1_92' title="bbox 444 4935 2013 5008; baseline -0.004 -11"><span class='ocrx_word' id='word_1_702' title='bbox 444 4958 637 4997; x_wconf 81' lang='lat' dir='ltr'><strong>rursus</strong></span> <span class='ocrx_word' id='word_1_703' title='bbox 693 4940 981 5003; x_wconf 87' lang='lat' dir='ltr'><strong>civilium,</strong></span> <span class='ocrx_word' id='word_1_704' title='bbox 1041 4951 1473 5008; x_wconf 72' lang='lat' dir='ltr'><strong>magnarumque</strong></span> <span class='ocrx_word' id='word_1_705' title='bbox 1533 4935 1865 4991; x_wconf 89' lang='lat' dir='ltr'><strong>seditionum</strong></span> <span class='ocrx_word' id='word_1_706' title='bbox 1897 4935 2013 4990; x_wconf 65' lang='lat' dir='ltr'><strong>haec</strong></span> 
     </span>
    </p>
   </div>
   <div class='ocr_carea' id='block_1_93' title="bbox 442 5028 2013 5102">
    <p class='ocr_par' dir='ltr' id='par_1_93' title="bbox 442 5028 2013 5102">
     <span class='ocr_line' id='line_1_93' title="bbox 442 5028 2013 5102; baseline -0.004 -13"><span class='ocrx_word' id='word_1_707' title='bbox 442 5049 565 5089; x_wconf 90' lang='lat' dir='ltr'><strong>esse</strong></span> <span class='ocrx_word' id='word_1_708' title='bbox 595 5031 885 5102; x_wconf 67' lang='lat' dir='ltr'><strong>prteludia.</strong></span> <span class='ocrx_word' id='word_1_709' title='bbox 912 5030 1116 5085; x_wconf 82' lang='lat' dir='ltr'><strong>Tamen</strong></span> <span class='ocrx_word' id='word_1_710' title='bbox 1142 5029 1393 5098; x_wconf 87' lang='lat' dir='ltr'><strong>quamvis</strong></span> <span class='ocrx_word' id='word_1_711' title='bbox 1422 5028 1501 5084; x_wconf 92' lang='lat' dir='ltr'><strong>sic</strong></span> <span class='ocrx_word' id='word_1_712' title='bbox 1528 5028 1777 5095; x_wconf 66' lang='lat' dir='ltr'><strong>affectus,</strong></span> <span class='ocrx_word' id='word_1_713' title='bbox 1815 5028 2013 5097; x_wconf 88' lang='lat' dir='ltr'><strong>postri-</strong></span> 
     </span>
    </p>
   </div>
   <div class='ocr_carea' id='block_1_94' title="bbox 445 5118 2008 5179">
    <p class='ocr_par' dir='ltr' id='par_1_94' title="bbox 445 5118 2008 5179">
     <span class='ocr_line' id='line_1_94' title="bbox 445 5118 2008 5179; baseline -0.004 -1"><span class='ocrx_word' id='word_1_714' title='bbox 445 5125 535 5179; x_wconf 91' lang='lat' dir='ltr'><strong>die</strong></span> <span class='ocrx_word' id='word_1_715' title='bbox 561 5139 618 5177; x_wconf 88' lang='lat' dir='ltr'><strong>se</strong></span> <span class='ocrx_word' id='word_1_716' title='bbox 646 5122 710 5176; x_wconf 89' lang='lat' dir='ltr'><strong>ad</strong></span> <span class='ocrx_word' id='word_1_717' title='bbox 744 5122 1150 5178; x_wconf 87' lang='lat' dir='ltr'><strong>dimicationem</strong></span> <span class='ocrx_word' id='word_1_718' title='bbox 1184 5127 1458 5174; x_wconf 80' lang='lat' dir='ltr'><strong>exiturum</strong></span> <span class='ocrx_word' id='word_1_719' title='bbox 1485 5118 1849 5174; x_wconf 88' lang='lat' dir='ltr'><strong>denuntiavit.</strong></span> <span class='ocrx_word' id='word_1_720' title='bbox 1873 5118 2008 5173; x_wconf 87' lang='lat' dir='ltr'><strong>Cra-</strong></span> 
     </span>
    </p>
   </div>
   <div class='ocr_carea' id='block_1_95' title="bbox 447 5212 2007 5283">
    <p class='ocr_par' dir='ltr' id='par_1_95' title="bbox 447 5212 2007 5283">
     <span class='ocr_line' id='line_1_95' title="bbox 447 5212 2007 5283; baseline -0.003 -13"><span class='ocrx_word' id='word_1_721' title='bbox 447 5217 530 5270; x_wconf 91' lang='lat' dir='ltr'><strong>les</strong></span> <span class='ocrx_word' id='word_1_722' title='bbox 587 5223 774 5268; x_wconf 89' lang='lat' dir='ltr'><strong>contra</strong></span> <span class='ocrx_word' id='word_1_723' title='bbox 827 5212 988 5283; x_wconf 83' lang='lat'><strong>793</strong></span> <span class='ocrx_word' id='word_1_724' title='bbox 1026 5226 1084 5267; x_wconf 91' lang='lat' dir='ltr'><strong>se</strong></span> <span class='ocrx_word' id='word_1_725' title='bbox 1120 5227 1313 5282; x_wconf 86' lang='lat' dir='ltr'><strong>parare</strong></span> <span class='ocrx_word' id='word_1_726' title='bbox 1345 5251 1360 5275; x_wconf 91' lang='lat'><strong>,</strong></span> <span class='ocrx_word' id='word_1_727' title='bbox 1392 5221 1446 5267; x_wconf 84' lang='lat' dir='ltr'><strong>et</strong></span> <span class='ocrx_word' id='word_1_728' title='bbox 1473 5227 1602 5266; x_wconf 86' lang='lat' dir='ltr'><strong>suos</strong></span> <span class='ocrx_word' id='word_1_729' title='bbox 1651 5212 2007 5267; x_wconf 78' lang='lat' dir='ltr'><strong>confirmare:</strong></span> 
     </span>
    </p>
   </div>
   <div class='ocr_carea' id='block_1_96' title="bbox 2120 4940 3689 5011">
    <p class='ocr_par' dir='ltr' id='par_1_96' title="bbox 2120 4940 3689 5011">
     <span class='ocr_line' id='line_1_96' title="bbox 2120 4940 3689 5011; baseline -0.002 -16"><span class='ocrx_word' id='word_1_730' title='bbox 2120 4944 2293 5011; x_wconf 74' lang='grc' dir='ltr'>λόγων</span> <span class='ocrx_word' id='word_1_731' title='bbox 2342 4941 2370 4993; x_wconf 86' lang='grc' dir='ltr'>ὁ</span> <span class='ocrx_word' id='word_1_732' title='bbox 2429 4940 2681 5010; x_wconf 78' lang='grc' dir='ltr'>βασιλεὺς</span> <span class='ocrx_word' id='word_1_733' title='bbox 2740 4941 2921 5009; x_wconf 80' lang='grc' dir='ltr'>ὀλίγον</span> <span class='ocrx_word' id='word_1_734' title='bbox 3000 4941 3240 4993; x_wconf 78' lang='grc' dir='ltr'>ἐποιεῖτο</span> <span class='ocrx_word' id='word_1_735' title='bbox 3298 4940 3479 5009; x_wconf 80' lang='grc' dir='ltr'>λόγον.</span> <span class='ocrx_word' id='word_1_736' title='bbox 3529 4940 3689 5011; x_wconf 80' lang='grc' dir='ltr'>’ῌδει</span> 
     </span>
    </p>
   </div>
   <div class='ocr_carea' id='block_1_97' title="bbox 2117 5029 3689 5101">
    <p class='ocr_par' dir='ltr' id='par_1_97' title="bbox 2117 5029 3689 5101">
     <span class='ocr_line' id='line_1_97' title="bbox 2117 5029 3689 5101; baseline -0.001 -16"><span class='ocrx_word' id='word_1_737' title='bbox 2117 5033 2225 5101; x_wconf 67' lang='grc' dir='ltr'><strong>γὰρ</strong></span> <span class='ocrx_word' id='word_1_738' title='bbox 2290 5032 2365 5093; x_wconf 83' lang='grc' dir='ltr'>ὡς</span> <span class='ocrx_word' id='word_1_739' title='bbox 2428 5031 2791 5101; x_wconf 84' lang='grc' dir='ltr'>δυνησόμενος</span> <span class='ocrx_word' id='word_1_740' title='bbox 2855 5029 3020 5085; x_wconf 79' lang='grc' dir='ltr'>αὑτὸν</span> <span class='ocrx_word' id='word_1_741' title='bbox 3076 5032 3535 5099; x_wconf 77' lang='grc' dir='ltr'>καταναγκάζειν,</span> <span class='ocrx_word' id='word_1_742' title='bbox 3592 5032 3689 5086; x_wconf 81' lang='grc' dir='ltr'>καὶ</span> 
     </span>
    </p>
   </div>
   <div class='ocr_carea' id='block_1_98' title="bbox 2117 5121 3690 5192">
    <p class='ocr_par' dir='ltr' id='par_1_98' title="bbox 2117 5121 3690 5192">
     <span class='ocr_line' id='line_1_98' title="bbox 2117 5121 3690 5192; baseline -0.001 -15"><span class='ocrx_word' id='word_1_743' title='bbox 2117 5125 2317 5177; x_wconf 84' lang='grc' dir='ltr'>ἄκοντα</span> <span class='ocrx_word' id='word_1_744' title='bbox 2367 5123 2434 5176; x_wconf 84' lang='grc' dir='ltr'>τὰ</span> <span class='ocrx_word' id='word_1_745' title='bbox 2497 5122 2684 5175; x_wconf 88' lang='grc' dir='ltr'>δίκαια</span> <span class='ocrx_word' id='word_1_746' title='bbox 2722 5124 2921 5177; x_wconf 81' lang='grc' dir='ltr'>ποιεῖν.</span> <span class='ocrx_word' id='word_1_747' title='bbox 2977 5121 3191 5190; x_wconf 85' lang='grc' dir='ltr'>Σφόδρα</span> <span class='ocrx_word' id='word_1_748' title='bbox 3234 5121 3290 5174; x_wconf 79' lang='grc' dir='ltr'>δὲ</span> <span class='ocrx_word' id='word_1_749' title='bbox 3317 5121 3519 5192; x_wconf 77' lang='grc' dir='ltr'>ἡχθετο</span> <span class='ocrx_word' id='word_1_750' title='bbox 3544 5122 3690 5177; x_wconf 77' lang='grc' dir='ltr'>κατὰ</span> 
     </span>
    </p>
   </div>
   <div class='ocr_carea' id='block_1_99' title="bbox 2128 5210 3686 5282">
    <p class='ocr_par' dir='ltr' id='par_1_99' title="bbox 2128 5210 3686 5282">
     <span class='ocr_line' id='line_1_99' title="bbox 2128 5210 3686 5282; baseline -0.001 -18"><span class='ocrx_word' id='word_1_751' title='bbox 2128 5211 2423 5280; x_wconf 68' lang='grc' dir='ltr'>Ῥωμαίων</span> <span class='ocrx_word' id='word_1_752' title='bbox 2445 5211 2553 5265; x_wconf 84' lang='grc' dir='ltr'><strong>τῶν</strong></span> <span class='ocrx_word' id='word_1_753' title='bbox 2591 5211 3089 5264; x_wconf 72' lang='grc' dir='ltr'>ἐπιϐουλευόντων·</span> <span class='ocrx_word' id='word_1_754' title='bbox 3134 5211 3193 5263; x_wconf 82' lang='grc' dir='ltr'>οὐ</span> <span class='ocrx_word' id='word_1_755' title='bbox 3241 5210 3349 5282; x_wconf 88' lang='grc' dir='ltr'><strong>γὰρ</strong></span> <span class='ocrx_word' id='word_1_756' title='bbox 3391 5211 3686 5279; x_wconf 74' lang='grc' dir='ltr'>ἠγνόησεν,</span> 
     </span>
    </p>
   </div>
   <div class='ocr_carea' id='block_1_100' title="bbox 447 5302 2009 5374">
    <p class='ocr_par' dir='ltr' id='par_1_100' title="bbox 447 5303 2009 5374">
     <span class='ocr_line' id='line_1_100' title="bbox 447 5303 2009 5374; baseline -0.001 -14"><span class='ocrx_word' id='word_1_757' title='bbox 447 5308 893 5361; x_wconf 86' lang='lat' dir='ltr'><strong>Cantacuzenum</strong></span> <span class='ocrx_word' id='word_1_758' title='bbox 928 5319 1035 5358; x_wconf 90' lang='lat' dir='ltr'><strong>non</strong></span> <span class='ocrx_word' id='word_1_759' title='bbox 1062 5319 1181 5359; x_wconf 86' lang='lat' dir='ltr'><strong>esse</strong></span> <span class='ocrx_word' id='word_1_760' title='bbox 1209 5304 1536 5370; x_wconf 89' lang='lat' dir='ltr'><strong>timendum,</strong></span> <span class='ocrx_word' id='word_1_761' title='bbox 1572 5304 1816 5374; x_wconf 91' lang='lat' dir='ltr'><strong>quandiu</strong></span> <span class='ocrx_word' id='word_1_762' title='bbox 1850 5319 1879 5358; x_wconf 91' lang='lat' dir='ltr'><strong>a</strong></span> <span class='ocrx_word' id='word_1_763' title='bbox 1904 5303 2009 5358; x_wconf 87' lang='lat' dir='ltr'><strong>suis</strong></span> 
     </span>
    </p>
   </div>
   <div class='ocr_carea' id='block_1_101' title="bbox 2115 5302 3696 5374">
    <p class='ocr_par' dir='ltr' id='par_1_101' title="bbox 2115 5302 3696 5374">
     <span class='ocr_line' id='line_1_101' title="bbox 2115 5302 3696 5374; baseline -0.001 -18"><span class='ocrx_word' id='word_1_764' title='bbox 2115 5303 2236 5356; x_wconf 82' lang='grc' dir='ltr'>ὅθεν</span> <span class='ocrx_word' id='word_1_765' title='bbox 2294 5306 2325 5372; x_wconf 89' lang='grc' dir='ltr'><strong>ή</strong></span> <span class='ocrx_word' id='word_1_766' title='bbox 2386 5303 2689 5374; x_wconf 86' lang='grc' dir='ltr'>μεταϐολή·</span> <span class='ocrx_word' id='word_1_767' title='bbox 2748 5304 2842 5357; x_wconf 69' lang='grc' dir='ltr'><strong>καὶ</strong></span> <span class='ocrx_word' id='word_1_768' title='bbox 2889 5303 2989 5374; x_wconf 77' lang='grc' dir='ltr'>τὴν</span> <span class='ocrx_word' id='word_1_769' title='bbox 3044 5302 3331 5373; x_wconf 80' lang='grc' dir='ltr'>διόρθωσιν</span> <span class='ocrx_word' id='word_1_770' title='bbox 3379 5303 3490 5355; x_wconf 86' lang='grc' dir='ltr'>τῶν</span> <span class='ocrx_word' id='word_1_771' title='bbox 3546 5320 3696 5371; x_wconf 88' lang='grc' dir='ltr'>πρα-</span> 
     </span>
    </p>
   </div>
   <div class='ocr_carea' id='block_1_102' title="bbox 447 5380 2013 5466">
    <p class='ocr_par' dir='ltr' id='par_1_102' title="bbox 447 5380 2013 5466">
     <span class='ocr_line' id='line_1_102' title="bbox 447 5380 2013 5466; baseline -0.002 -18"><span class='ocrx_word' id='word_1_772' title='bbox 447 5403 819 5466; x_wconf 75' lang='lat' dir='ltr'><strong>oppugnetur,</strong></span> <span class='ocrx_word' id='word_1_773' title='bbox 849 5392 943 5447; x_wconf 90' lang='lat' dir='ltr'><strong>sed</strong></span> <span class='ocrx_word' id='word_1_774' title='bbox 979 5380 1295 5447; x_wconf 84' lang='lat' dir='ltr'><strong>constanter</strong></span> <span class='ocrx_word' id='word_1_775' title='bbox 1322 5392 1652 5462; x_wconf 89' lang='lat' dir='ltr'><strong>sperandum</strong></span> <span class='ocrx_word' id='word_1_776' title='bbox 1706 5392 2013 5456; x_wconf 76' lang='lat' dir='ltr'><strong>victoriam,</strong></span> 
     </span>
    </p>
   </div>
   <div class='ocr_carea' id='block_1_103' title="bbox 451 5482 2019 5557">
    <p class='ocr_par' dir='ltr' id='par_1_103' title="bbox 451 5482 2019 5557">
     <span class='ocr_line' id='line_1_103' title="bbox 451 5482 2019 5557; baseline -0.004 -16"><span class='ocrx_word' id='word_1_777' title='bbox 451 5501 697 5557; x_wconf 87' lang='lat' dir='ltr'><strong>quasque</strong></span> <span class='ocrx_word' id='word_1_778' title='bbox 731 5484 990 5540; x_wconf 78' lang='lat' dir='ltr'><strong>Romanis</strong></span> <span class='ocrx_word' id='word_1_779' title='bbox 1018 5483 1325 5539; x_wconf 88' lang='lat' dir='ltr'><strong>ademerint</strong></span> <span class='ocrx_word' id='word_1_780' title='bbox 1363 5484 1546 5548; x_wconf 87' lang='lat' dir='ltr'><strong>urbes,</strong></span> <span class='ocrx_word' id='word_1_781' title='bbox 1577 5491 1907 5538; x_wconf 86' lang='lat' dir='ltr'><strong>retenturos.</strong></span> <span class='ocrx_word' id='word_1_782' title='bbox 1934 5482 2019 5536; x_wconf 87' lang='lat' dir='ltr'><strong>Si-</strong></span> 
     </span>
    </p>
   </div>
   <div class='ocr_carea' id='block_1_104' title="bbox 447 5573 2015 5645">
    <p class='ocr_par' dir='ltr' id='par_1_104' title="bbox 447 5573 2015 5645">
     <span class='ocr_line' id='line_1_104' title="bbox 447 5573 2015 5645; baseline -0.004 -14"><span class='ocrx_word' id='word_1_783' title='bbox 447 5576 798 5632; x_wconf 73' lang='lat' dir='ltr'><strong>milemenim</strong></span> <span class='ocrx_word' id='word_1_784' title='bbox 822 5590 937 5632; x_wconf 84' lang='lat' dir='ltr'><strong>esse</strong></span> <span class='ocrx_word' id='word_1_785' title='bbox 966 5575 1172 5631; x_wconf 87' lang='lat' dir='ltr'><strong>homini</strong></span> <span class='ocrx_word' id='word_1_786' title='bbox 1206 5574 1362 5645; x_wconf 87' lang='lat' dir='ltr'><strong>aqu-is</strong></span> <span class='ocrx_word' id='word_1_787' title='bbox 1394 5573 1700 5638; x_wconf 87' lang='lat' dir='ltr'><strong>submerso,</strong></span> <span class='ocrx_word' id='word_1_788' title='bbox 1731 5587 1891 5641; x_wconf 86' lang='lat' dir='ltr'><strong>quem</strong></span> <span class='ocrx_word' id='word_1_789' title='bbox 1933 5573 2015 5627; x_wconf 80' lang='lat' dir='ltr'><strong>sui</strong></span> 
     </span>
    </p>
   </div>
   <div class='ocr_carea' id='block_1_105' title="bbox 2114 5388 3689 5463">
    <p class='ocr_par' dir='ltr' id='par_1_105' title="bbox 2114 5388 3689 5463">
     <span class='ocr_line' id='line_1_105' title="bbox 2114 5388 3689 5463; baseline 0 -19"><span class='ocrx_word' id='word_1_790' title='bbox 2114 5394 2340 5463; x_wconf 88' lang='grc' dir='ltr'>γμάτων</span> <span class='ocrx_word' id='word_1_791' title='bbox 2406 5392 2778 5461; x_wconf 83' lang='grc' dir='ltr'>ἀπεγίνωσκε,</span> <span class='ocrx_word' id='word_1_792' title='bbox 2839 5390 3098 5461; x_wconf 83' lang='grc' dir='ltr'>πολέμων</span> <span class='ocrx_word' id='word_1_793' title='bbox 3162 5388 3323 5454; x_wconf 84' lang='grc' dir='ltr'>αὖθις</span> <span class='ocrx_word' id='word_1_794' title='bbox 3379 5390 3689 5462; x_wconf 73' lang='grc' dir='ltr'>ἐμφυλίων,</span> 
     </span>
    </p>
   </div>
   <div class='ocr_carea' id='block_1_106' title="bbox 2114 5481 3685 5552">
    <p class='ocr_par' dir='ltr' id='par_1_106' title="bbox 2114 5481 3685 5552">
     <span class='ocr_line' id='line_1_106' title="bbox 2114 5481 3685 5552; baseline 0.001 -16"><span class='ocrx_word' id='word_1_795' title='bbox 2114 5484 2206 5536; x_wconf 77' lang='grc' dir='ltr'><strong>καὶ</strong></span> <span class='ocrx_word' id='word_1_796' title='bbox 2242 5484 2484 5537; x_wconf 84' lang='grc' dir='ltr'>στάσεων</span> <span class='ocrx_word' id='word_1_797' title='bbox 2537 5482 2788 5551; x_wconf 88' lang='grc' dir='ltr'>μεγάλων</span> <span class='ocrx_word' id='word_1_798' title='bbox 2836 5483 2905 5535; x_wconf 84' lang='grc' dir='ltr'><strong>τά</strong></span> <span class='ocrx_word' id='word_1_799' title='bbox 2933 5481 3157 5537; x_wconf 83' lang='grc' dir='ltr'>τοιαῦτα</span> <span class='ocrx_word' id='word_1_800' title='bbox 3186 5482 3429 5552; x_wconf 88' lang='grc' dir='ltr'>οίόμενος</span> <span class='ocrx_word' id='word_1_801' title='bbox 3478 5482 3685 5550; x_wconf 84' lang='grc' dir='ltr'>ἀρχήν.</span> 
     </span>
    </p>
   </div>
   <div class='ocr_carea' id='block_1_107' title="bbox 2120 5570 3689 5642">
    <p class='ocr_par' dir='ltr' id='par_1_107' title="bbox 2120 5570 3689 5642">
     <span class='ocr_line' id='line_1_107' title="bbox 2120 5570 3689 5642; baseline -0.003 -15"><span class='ocrx_word' id='word_1_802' title='bbox 2120 5574 2310 5642; x_wconf 84' lang='grc' dir='ltr'>Ὅμως</span> <span class='ocrx_word' id='word_1_803' title='bbox 2381 5574 2471 5627; x_wconf 70' lang='grc' dir='ltr'><strong>καὶ</strong></span> <span class='ocrx_word' id='word_1_804' title='bbox 2551 5574 2722 5638; x_wconf 68' lang='grc' dir='ltr'>οὓτως</span> <span class='ocrx_word' id='word_1_805' title='bbox 2797 5574 2958 5642; x_wconf 76' lang='grc' dir='ltr'>ἔχων,</span> <span class='ocrx_word' id='word_1_806' title='bbox 3024 5570 3401 5642; x_wconf 71' lang='grc' dir='ltr'>ὶπηγγέλλετο</span> <span class='ocrx_word' id='word_1_807' title='bbox 3456 5573 3534 5635; x_wconf 86' lang='grc' dir='ltr'><strong>είς</strong></span> <span class='ocrx_word' id='word_1_808' title='bbox 3590 5573 3689 5642; x_wconf 80' lang='grc' dir='ltr'>τὴν</span> 
     </span>
    </p>
   </div>
  </div>
