3996 6218
215 196 326 261 17‘3

1398 192 1758 254 HISTORIA
1773 192 1934 252 RUM
1982 188 2209 249 LIBER
2252 188 2346 251 IV.

3372 186 3483 251 174⁷

208 316 518 383 ὑστεραίαν
550 313 933 379 ἐξελεύσεσθαι
986 312 1121 383 πρὶς
1152 313 1352 381 μάχην.
1377 310 1603 380 Κράλης
1628 308 1680 360 δὲ
1709 306 1798 357 καὶ

1906 311 2166 367 astantes,
2223 304 2267 356 si
2322 301 2542 371 quando
2597 302 2904 368 cmerscrit,
2960 303 3157 356 iterum
3200 303 3303 357 sub
3333 320 3475 374 aqua

201 404 377 464 αὐτὸς
409 402 872 470 παρεσκευάζετο,
913 401 1008 454 καὶ
1056 399 1496 472 παραθαρρύνων
1561 398 1685 457 τοὺς
1725 394 1799 445 οξ-

202 497 402 558 κεξους
447 494 583 563 πρὸς
618 496 708 547 τὸν
744 494 1009 563 βασιλέως
1036 494 1273 561 πόλεμον
1299 508 1314 524 ·
1367 491 1427 544 οὗ
1481 490 1588 561 χρὴ
1634 489 1799 543 δεδοιο

202 590 401 651 κέναι,
435 589 639 655 ἔφασκε
657 628 672 651 ,
706 587 1163 657 Καντακουζηνῦν
1190 587 1282 639 τὸν
1308 585 1531 653 βασιλέα
1556 586 1714 654 ἄχρις
1734 582 1802 635 ἂν

209 682 325 735 ἐπὸ
356 683 465 734 τῶν
506 681 726 733 οἰκείων
788 678 1131 748 πολεμῆται·
1198 676 1337 730 ἀλλά
1384 676 1607 746 βεϐαίας
1656 674 1799 743 ἔχειν

203 773 446 832 ἐλπίδας
472 772 564 824 τοῦ
593 770 962 841 περιέσεσθαι,
994 770 1087 822 καὶ
1110 768 1207 830 τὰς
1260 766 1621 837 ἡρπασμένας
1664 764 1798 817 Ῥω-

204 865 399 931 μαίων
456 863 637 923 πόλεις
691 859 940 923 καθέξειν
1017 858 1296 927 ἀσφαλῶς.
1366 857 1633 910 Ἐοικέναι
1688 855 1797 924 γὰρ

201 955 461 1021 εφασκεν
491 956 713 1017 ἐκεῖνον,
746 955 801 1004 ἐν
831 952 1019 1017 ὕδασιν
1064 949 1338 1019 ἀνθρώπῳ
1388 948 1795 1001 καταϐεδαπτι-

201 1048 433 1115 σμένφ,
459 1049 584 1107 τοὺς
600 1046 834 1109 οίκείους
855 1046 911 1098 δὲ
939 1044 1271 1114 ἐφεστῶτας,
1306 1043 1510 1095 εἴποτε
1540 1040 1792 1110 δυνηθείη

201 1143 520 1210 ἀνακύψαι,
594 1139 882 1204 πιέζοντας
941 1137 1097 1201 αὖθις
1162 1136 1618 1201 καταδαπτίζειν,
1699 1139 1792 1189 καὶ

207 1235 348 1303 μήθ’
390 1231 570 1301 ἑαυτῷ
594 1232 888 1301 χρήσιμον,
920 1230 1046 1301 μήτ’
1092 1230 1337 1292 ἐκείνους
1386 1229 1634 1295 γίνεσθαι
1671 1229 1792 1297 ἐᾷν·

205 1326 277 1379 ἂν
313 1326 419 1393 μέν
462 1343 549 1377 τοι
597 1324 705 1376 τῶν
759 1324 898 1376 οἴκοι
932 1321 1205 1391 διαφορῶν
1260 1338 1389 1373 ποτε
1428 1319 1791 1387 ἀπαλλαγείη,

203 1418 320 1472 τὸτ⁹
354 1419 459 1487 ἤδη
492 1417 711 1471 πάντων
736 1414 884 1484 αὐτῷ
911 1413 1224 1480 ἐξίστασθαι
1247 1414 1496 1474 ἑκόντας,
1541 1413 1636 1466 καὶ
1660 1412 1792 1465 πολ-

205 1505 309 1574 λὴν
336 1506 604 1573 πρόνοιαν
634 1502 905 1556 ποιεῖσθαι
926 1502 1079 1571 φίλον
1100 1503 1262 1570 ἐχειν.
1282 1503 1430 1556 ’Δντι
1445 1503 1796 1555 ιαηίστασθαι

206 1594 318 1662 γὰρ
342 1593 485 1660 πρὸς
508 1592 769 1660 πόλεμον,
798 1592 867 1645 ἂν
907 1592 1016 1644 τῶν
1060 1592 1201 1644 οἴκοι
1246 1592 1525 1663 δυσχερῶν
1551 1593 1796 1644 ἀπαλλα-

209 1686 353 1754 γείη,
388 1684 510 1737 οὔτ’
534 1684 699 1737 αὐτὸν
729 1684 1030 1736 λυσιτελεῖν
1086 1681 1365 1752 ἡγεῖσθαι,
1408 1682 1520 1736 οὔτ’
1561 1684 1794 1747 ἐκείνοις

211 1775 633 1845 συμϐουλεύειν.
662 1775 817 1829 Οὕτω
866 1764 1020 1845 μὲννὸ
1050 1774 1268 1845 Κράλης
1322 1776 1383 1827 οὐ
1436 1779 1502 1846 τῇ
1556 1778 1797 1847 σφετέρᾳ

214 1871 417 1939 μᾶλλον
446 1871 678 1941 θαρρῶν
703 1870 958 1938 δυνάμει,
1001 1868 1034 1938 ἢ
1069 1870 1191 1930 ταῖς
1247 1868 1641 1937 διχοστασίαις,
1704 1869 1796 1921 καὶ

210 1964 504 2031 διαφοραῖς
554 1960 866 2030 Ῥωμαίων,
900 1957 1057 2021 αὖθις
1086 1959 1315 2029 ὥρμητο
1350 1960 1487 2031 πρὸς
1532 1958 1794 2029 πόλεμον,

211 2052 293 2105 καὶ
323 2052 387 2110 ἐς
411 2053 515 2118 τὴν
551 2049 850 2118 ὑστεραίαν
886 2050 1002 2118 ἅμα
1033 2049 1110 2118 ἐῳ
1152 2050 1422 2116 συντάξας
1456 2052 1549 2105 ἐπὶ
1580 2052 1793 2119 φάλαγ-

214 2158 303 2205 γας
338 2141 445 2209 τὴν
481 2139 775 2210 στρατιὰν.
802 2139 1002 2209 ἐχώρει
1024 2138 1162 2210 πρὸς
1191 2140 1595 2211 Θεσσαλονίκην
1615 2143 1677 2195 ἐκ
1699 2140 1794 2195 τοῦ

220 2230 605 2300 στρατοπέδου.
642 2228 749 2282 Καὶ
778 2231 806 2282 ὁ
832 2229 1088 2297 βασιλεὺς
1116 2229 1321 2298 ὁμοίως
1371 2232 1471 2302 τήν
1502 2248 1560 2282 τε
1599 2232 1794 2299 πεζὴν,

229 2325 324 2374 καὶ
368 2323 599 2393 ἱππικὴν
653 2321 887 2391 δύναμιν
951 2322 1417 2393 ἀντιπαρέταττεν
1466 2323 1791 2391 ἐξαγαγών·

239 2414 505 2485 οἱδέτερος
531 2416 582 2469 δὲ
603 2417 885 2487 ἐπεχείρει
913 2416 1153 2485 πολέμου
1178 2418 1392 2487 ἄρχειν,
1422 2417 1537 2473 ἀλλ’
1561 2417 1796 2470 ἐπιπολὺ

237 2507 569 2575 ἀτρεμοῦντα
592 2507 1017 2561 ἀντικαθίστατο
1047 2507 1299 2577 ἀλλήλοις
1332 2509 1397 2561 τά
1431 2509 1792 2579 στρατόπεδα.

190 2597 524 2668 νΚράληςδὲ
584 2599 719 2667 πρὸς
778 2598 1005 2667 βασιλέα
1055 2599 1303 2669 πέμψας,
1356 2601 1512 2671 ῆτὴν
1566 2602 1794 2670 εἰρήνην

223 2688 456 2755 ἔφασκεν
486 2689 781 2757 αἱρεῖσθαι,
816 2691 884 2743 ἂν
906 2690 1065 2761 ἐθέλῃ
1094 2690 1315 2760 ἔχοντας
1346 2691 1384 2745 ἀ
1428 2691 1646 2760 ἔχουσιν
1669 2692 1798 2743 ἐκά-

219 2794 394 2849 τερον,
424 2780 458 2850 ἥ
498 2780 576 2849 μὴ
629 2779 864 2847 μέλλειν,
900 2780 1017 2832 ἀλλ’
1065 2781 1257 2849 ἄρχειν
1291 2780 1591 2850 συμσολῆς.
1630 2782 1797 2835 Βασι-

219 2870 335 2934 λεὺς
359 2873 422 2926 δὲ
450 2874 521 2925 τά
552 2876 619 2943 τῇ
646 2874 949 2944 προτεραίᾳ
994 2873 1285 2943 εἰρημένα,
1331 2876 1425 2927 καὶ
1472 2872 1629 2937 αὖθις
1659 2873 1797 2941 ἔφα·

221 2979 346 3015 σκεν
397 2964 702 3033 αἱρεῖσθαι,
732 2967 827 3019 καὶ
860 2964 1014 3033 φίλον
1045 2964 1260 3017 ἐθέλειν
1324 2965 1527 3034 μᾶλλον
1560 2964 1726 3033 ἔχειν,
1762 2965 1793 3036 ἢ
1825 2993 1872 3055 c

217 3055 505 3124 πολέμιον,
533 3057 630 3119 τάς
693 3058 880 3118 πόλεις
919 3056 1222 3109 ἀποδόνταο
1282 3056 1350 3108 ἂν
1394 3056 1441 3107 δ’
1502 3056 1663 3118 αὐτὸς
1706 3058 1796 3110 τδν

216 3146 458 3214 πόλεμον
509 3147 745 3215 αίροῖτο,
779 3148 995 3217 πρῶτον
1027 3146 1230 3215 μᾶλλον
1254 3144 1421 3197 αὑτὸν
1449 3144 1639 3216 ἄρχειν
1657 3162 1798 3214 συμ-

215 3238 377 3307 ϐολῆς
415 3238 622 3307 μικρὸν
655 3239 961 3308 προδάντα,
1019 3237 1094 3301 ὡς
1151 3236 1293 3297 οὕτω
1360 3237 1453 3290 καὶ
1506 3237 1671 3290 αὐτὸν
1719 3236 1796 3300 ὼς

211 3330 589 3399 ἀμυνόμενον,
622 3331 718 3383 καὶ
748 3331 849 3383 οὐκ
870 3332 1107 3400 ἀρχοντα
1139 3328 1385 3399 πολέμου
1449 3328 1795 3399 ἀγωνιούμε-

208 3439 295 3474 νον
336 3422 667 3491 προθύμως.
714 3422 1266 3493 Ἐπιμαρτυρόμενον
1320 3423 1419 3474 καὶ
1469 3420 1796 3489 ἀνθρώπους

208 3516 303 3567 καὶ
337 3516 492 3577 θεὸν,
521 3516 598 3578 ὡς
626 3517 725 3568 οὐκ
782 3517 977 3580 ἀδικεῖ,
1027 3516 1161 3568 ἀλλά
1220 3513 1429 3583 μᾶλλον
1490 3515 1794 3566 ἀδικεῖται·

207 3608 328 3660 οὐδὲ
358 3611 639 3675 ἐπιορκεῖ,
670 3608 960 3669 καὶκακὸς
1014 3602 1154 3660 εἶναι
1214 3606 1463 3676 βούλεται
1525 3608 1653 3676 περὶ
1702 3607 1795 3658 τὸν

212 3702 397 3767 εἶλον,
434 3699 781 3769 ἀλλ’ἀνάγκῃ
812 3699 895 3766 ἐφ’
920 3697 955 3751 ἃ
1004 3698 1080 3769 μὴ
1114 3697 1360 3767 βούλοιτο
1400 3700 1591 3768 χωρεῖ.
1631 3697 1728 3748 ’Ἂν
1751 3697 1795 3749 δ’

214 3791 383 3844 αὐτοῦ
406 3790 731 3858 κινουμένου
750 3790 987 3860 πρώτου,
1012 3791 1242 3860 ἔφασκε,
1277 3791 1351 3859 μὴ
1383 3789 1445 3842 τὸ
1478 3789 1798 3859 στράτευμα

212 3882 511 3952 ἀντεπάγῃ
542 3882 636 3933 καὶ
665 3883 850 3947 αὐτὸς,
886 3883 984 3953 τὴν
1019 3881 1177 3952 νίκην
1241 3884 1449 3935 ἐκεῖνον
1496 3882 1661 3952 ἔχειν,
1725 3882 1800 3945 ὡς

212 3972 383 4026 αὐτοῦ
439 3974 953 4043 φυγομαχήσαντος.
1007 3973 1229 4043 Κράλης
1295 3972 1350 4024 δὲ
1413 3973 1533 4025 ἐπεὶ
1571 3970 1801 4024 ἐπύθετο

209 4067 333 4129 τοὺς
370 4064 650 4133 βασιλέως
693 4065 907 4133 λόγους,
969 4065 1191 4135 πέμψας
1213 4061 1391 4128 αὖθις,
1428 4064 1635 4133 ἔφασκε
1672 4062 1797 4133 μηδ’

210 4158 382 4209 αὐτὴν
446 4155 727 4224 βούλεσθαι
777 4156 874 4227 τὴν
908 4158 1119 4226 μάχην·
1148 4157 1214 4209 ἂν
1271 4157 1328 4209 δὲ
1368 4157 1611 4223 φαίνοιτο
1637 4156 1802 4208 κινῶν

207 4252 305 4310 τὰς
332 4249 640 4318 φάλαγγας
667 4250 807 4318 μετά
847 4250 1071 4319 μικρὸν,
1130 4250 1206 4319 μὴ
1257 4249 1501 4319 νομίζειν
1562 4249 1796 4313 ἐπιέναι,

204 4338 329 4390 ἀλλ’
366 4338 725 4408 ἀναχώρησιν
752 4334 895 4391 εἶναι
924 4341 1022 4408 τὴν
1057 4341 1273 4409 κίνησιν
1310 4342 1444 4409 πρὸς
1469 4340 1529 4391 τὸ
1571 4341 1797 4407 στρατό-

205 4430 407 4482 πεδον.
455 4429 691 4482 Τοιαῦτα
720 4432 747 4482 ὁ
778 4430 999 4501 Κράλης
1067 4427 1185 4483 εἷπε
1214 4446 1229 4463 ο
1270 4436 1361 4483 καὶ
1413 4434 1550 4499 μετά
1603 4430 1798 4500 μικρὸν

204 4522 575 4591 ἀναστρέψας
632 4519 786 4586 αὖθις
839 4522 1098 4591 ηὐλίσατο
1143 4521 1280 4592 πρὸς
1326 4521 1387 4573 τδ
1438 4522 1798 4592 στρατόπεδον

204 4616 307 4684 τὴν
339 4615 547 4668 νύκτα.
580 4614 689 4665 Καὶ
715 4613 969 4682 βασιλεὺς
990 4612 1192 4682 ὁμοίως
1219 4614 1540 4683 εἰσήλαυνεν
1592 4613 1672 4673 είς
1702 4612 1799 4682 τὴν

207 4705 376 4755 πόλιν
417 4701 556 4769 μετά
580 4703 680 4770 τῆς
706 4704 991 4771 στρατιᾶς.
1033 4703 1253 4772 Κράλης
1286 4703 1342 4754 δὲ
1400 4706 1479 4765 εἰς
1518 4703 1613 4772 τὴν
1643 4703 1798 4754 ὑστε-

213 4795 383 4861 ραίαν
408 4792 713 4854 διαὸἀςτδν
748 4793 972 4859 ’Δξειὸν,
1004 4794 1073 4845 τὰ
1135 4793 1262 4863 περὶ
1322 4794 1585 4859 Ἔδεσσαν
1642 4793 1800 4847 κατέ-

210 4884 430 4951 δραμε,
482 4882 577 4933 καὶ
639 4882 1384 4951 περιστρατοπεδευσάμενος
1464 4882 1797 4952 ἐπολιόρκει.

212 4973 495 5035 Βασιλεύς
517 4990 574 5024 τε
606 4974 728 5026 ἐπεὶ
761 4974 836 5044 μὴ
864 4974 1039 5026 ἐδόκει
1067 4974 1147 5026 ἐτι
1186 4974 1403 5043 μέλλειν
1444 4974 1502 5025 ἐν
1531 4973 1802 5025 Θεσσαλο-

210 5068 367 5136 νίκῃ,
404 5066 665 5133 πράττειν
691 5068 800 5135 γὰρ
830 5066 909 5119 ἔτι
952 5065 1233 5133 ἀξιόλογον
1273 5064 1426 5134 οὐδὲν
1478 5065 1627 5132 ἐξῆν,
1665 5081 1803 5134 παρ-

212 5157 579 5220 εσκευάζετο,
610 5157 681 5218 ὡς
711 5162 790 5219 εἰς
811 5156 1108 5221 Βυζάντιον
1129 5156 1552 5227 πλευσούμενος.
1574 5155 1802 5209 Μέλλων

212 5251 269 5303 δὲ
301 5252 575 5317 ἀπαίρειν
607 5248 729 5318 ἢδη,
758 5248 929 5301 πολλά
970 5249 1180 5318 βασιλεῖ
1205 5248 1283 5318 τῷ
1308 5249 1415 5318 νέῳ
1440 5247 1684 5318 περὶτοῦ
1727 5248 1801 5317 μὴ

214 5338 512 5390 πείθεσθαι
539 5339 771 5406 παρήνει
792 5339 1005 5409 Κράλῃ.
1044 5339 1200 5391 Ἥδει
1228 5338 1337 5409 γάρ
1378 5340 1800 5408 ἐπιχειρήσαντα

218 5432 455 5491 ἐκεῖνον,
514 5428 671 5491 αὖθις
696 5430 787 5481 τὸν
828 5430 964 5500 πρὸς
1016 5429 1281 5499 ἀλλήλους
1332 5430 1572 5498 πόλεμον
1634 5431 1803 5482 κινεῖν

226 5521 549 5588 Ῥωμαίων,
583 5520 652 5573 ἶν’
676 5522 829 5590 αὐτῷ
865 5521 958 5592 ἐξῇ
988 5523 1087 5585 τάς
1140 5523 1323 5586 πόλεις
1373 5522 1539 5595 ἔχειν,
1580 5523 1806 5576 ἐκείνων

217 5613 648 5678 ἁπτιολουμὲνων
676 5618 814 5683 πρὸς
842 5615 1129 5685 ἀλλήλους,
1167 5617 1263 5670 καὶ
1302 5615 1657 5669 συνεϐούλευε
1705 5631 1807 5684 φυ-

1826 4293 1877 4351 D

1904 388 2242 461 dtr'pl'il'lllllll,
2272 402 2328 446 et
2359 408 2537 461 neque
2571 393 2708 455 sibi,
2760 409 2938 462 neque
2968 394 3101 463 ipsis
3130 398 3476 451 commotare

1903 486 2115 539 sinunt.
2153 484 2249 539 Sin
2295 486 2612 540 domesticis
2651 486 2982 552 discordiis,
3020 503 3083 542 ac
3111 488 3351 542 dissidiis
3384 490 3481 542 ali-

1901 580 2118 646 quando
2145 580 2439 646 expcditus
2469 580 2655 641 fuerit,
2690 589 2802 634 tum
2846 583 2956 651 jam
2991 583 3248 638 omnibus
3274 584 3346 637 illi
3386 600 3478 638 ce-

1900 671 2182 723 denduml
2211 670 2425 735 benter,
2449 672 2905 740 anibiendamque
2931 674 3179 728 studiose
3206 676 3323 745 ejus
3344 678 3481 729 ami-

1901 761 2107 813 citiam.
2143 761 2277 814 Nam
2314 773 2426 814 tum
2452 762 2527 815 illi
2556 763 2723 817 armis
2754 764 3053 827 adversari,
3080 781 3181 819 nec
3208 781 3264 819 se
3287 776 3479 835 putare

1902 851 2234 914 conducere,
2270 867 2370 906 nec
2412 853 2545 921 ipsis
2577 853 2682 908 hoc
2728 854 2979 909 suadere.
3022 857 3113 931 Sic
3151 856 3341 912 Crales
3369 874 3477 912 non

1902 958 1999 996 sua
2037 944 2208 1014 magis
2234 946 2498 1012 potentia,
2536 962 2696 1016 quam
2732 948 3114 1014 seditionibus,
3161 965 3223 1004 ac
3271 952 3482 1006 dissen-

1903 1037 2153 1092 sionibus
2194 1039 2566 1093 Romanorum
2596 1041 2837 1096 conlisus
2864 1082 2878 1104 ,
2929 1043 2996 1095 de
3028 1043 3241 1113 integro
3274 1034 3501 1099 bellum.

1902 1131 2277 1199 parturiebat,
2310 1143 2363 1186 et
2400 1133 2489 1187 die
2540 1135 2711 1187 altero
2743 1137 2917 1203 prima
2961 1136 3081 1190 luce
3123 1153 3221 1206 per
3258 1137 3482 1206 phalan—

1902 1236 1996 1289 gas
2049 1220 2318 1289 diSposito
2371 1225 2662 1287 exercitu,
2694 1234 2749 1279 et
2806 1227 3002 1279 castris
3036 1226 3479 1283 Thessalonicam

1901 1312 2235 1381 procedebat
2270 1332 2283 1368 :
2318 1315 2685 1385 similiterque
2731 1316 3033 1387 imperator
3067 1319 3353 1388 pedestres
3375 1362 3388 1382 ,
3426 1331 3483 1376 et

1900 1416 2183 1473 equestres
2223 1408 2411 1476 copias
2444 1409 2684 1463 educens
2711 1450 2725 1468 .
2779 1410 2831 1463 in
2864 1410 2980 1464 acie
3010 1412 3244 1465 adversa
3270 1414 3482 1467 consti—

1903 1497 2115 1551 tuebat.
2136 1497 2343 1552 Neuter
2376 1507 2558 1553 autem
2590 1501 2837 1569 prarlium
2867 1502 3207 1564 ordiebatnr,
3239 1505 3484 1557 stabant-

1900 1603 2008 1656 que
2040 1588 2168 1653 diu,
2218 1605 2323 1645 nec
2362 1606 2421 1645 se
2478 1593 2758 1646 exercitus
2807 1594 3250 1647 commovebant.
3291 1594 3482 1651 Crales

1903 1679 2123 1733 tandem
2152 1682 2477 1749 imperatori
2516 1686 2759 1745 nuntiat.
2798 1696 2893 1740 aut
2923 1702 3112 1756 pacem
3143 1703 3484 1757 componen-

1901 1770 2047 1836 dam,
2081 1771 2125 1825 si
2160 1782 2460 1842 utrumque
2486 1776 2727 1830 retinere
2768 1777 2935 1841 velit,
2986 1794 3107 1846 qua:
3142 1780 3341 1839 habet;
3389 1791 3481 1834 aut

1902 1864 2020 1917 sine
2058 1879 2210 1917 mora
2249 1880 2487 1934 pugnam
2526 1866 2923 1935 incipiendam.
2959 1868 3296 1923 Renuntiare
3322 1870 3483 1940 jubet

1899 1956 2226 2026 imperator,
2253 1973 2311 2013 se
2353 1957 2617 2012 hesterno
2645 1960 2733 2013 die
2769 1970 2924 2030 pacta
2962 1962 3225 2030 praeferre
3256 1972 3312 2017 et
3342 1965 3484 2019 ami-

1900 2063 2024 2102 cum
2077 2050 2254 2118 ipsum
2286 2064 2451 2118 quam
2524 2054 2737 2105 hostem
2771 2053 2966 2117 malle,
3026 2054 3071 2107 si
3112 2055 3278 2108 urbes
3315 2059 3478 2110 resti-

1902 2141 2088 2194 tuerit.
2128 2140 2222 2194 Sin
2266 2141 2470 2195 bellum
2532 2143 2581 2197 ei
2627 2146 2872 2213 optatius
2916 2145 3010 2210 sit,
3073 2147 3225 2215 prior
3254 2149 3479 2216 paulum

1902 2246 2248 2301 progressus,
2286 2247 2479 2300 pugna:
2504 2232 2597 2287 det
2638 2233 2861 2286 initium
2890 2251 2904 2288 :
2938 2243 3051 2287 tum
3091 2238 3238 2289 enim
3282 2253 3340 2291 se
3370 2252 3482 2291 non

1900 2320 2276 2376 utconllictus
2301 2324 2605 2387 auctorem,
2643 2326 2736 2377 sed
2772 2334 2833 2377 ut
2864 2325 2949 2379 sui
2982 2326 3328 2381 defensorem
3368 2329 3483 2381 ala-

1900 2412 2069 2466 criter
2099 2410 2512 2479 dimicaturum,
2546 2418 2721 2470 Deum
2769 2427 2933 2488 atque
2981 2419 3237 2475 homines
3276 2430 3483 2475 testan—

1903 2514 2032 2566 tem,
2061 2520 2169 2557 non
2209 2521 2268 2559 se
2296 2507 2452 2573 dare,
2495 2509 2587 2562 sed
2643 2509 2918 2579 accipere,
2956 2522 3021 2564 ac
3069 2512 3281 2581 perpeti
3337 2514 3481 2584 inju-

1901 2594 2036 2649 riam
2074 2614 2088 2649 :
2122 2611 2305 2665 neque
2362 2597 2525 2651 ﬁdem
2565 2599 2840 2669 frangere,
2884 2609 2942 2654 et
2975 2602 3117 2656 male
3172 2605 3375 2657 mereri
3410 2605 3479 2659 de

1900 2688 2106 2752 amico,
2140 2689 2233 2743 sed
2272 2691 2659 2745 necessitatem
2694 2708 2722 2745 a
2756 2708 2813 2746 se
2844 2693 3175 2764 exprimere,
3208 2711 3330 2763 qua:
3364 2697 3482 2767 ipse

1900 2780 2062 2835 nolit.
2092 2779 2246 2847 Quod
2280 2781 2324 2835 si
2358 2782 2516 2851 prior
2546 2783 2635 2837 ille
2666 2799 2724 2838 se
2770 2787 3027 2851 moverit,
3065 2802 3167 2841 nec
3197 2788 3313 2857 ipse
3344 2804 3481 2843 con-

1902 2882 1985 2927 tra
2039 2874 2359 2942 gradiatur,
2418 2875 2709 2930 victoriam
2756 2877 2861 2931 sibi
2919 2879 3077 2949 quasi
3138 2879 3205 2934 de
3250 2881 3482 2951 fugitivo

1903 2962 2119 3017 habent.
2157 2964 2250 3018 llis
2281 2966 2522 3034 acceptis
2551 3007 2566 3031 ,
2603 2966 2789 3022 Crates
2817 2983 2917 3023 nec
2946 2984 3004 3023 se
3033 2985 3227 3040 pugnae
3255 2971 3505 3028 avidith

1903 3068 2026 3108 esse
2056 3054 2214 3108 dixit.
2246 3052 2300 3108 Si
2324 3055 2625 3123 phalangas
2645 3056 2810 3126 paulo
2842 3066 2963 3126 post
2992 3059 3199 3112 moveri
3234 3058 3438 3113 viderit
3460 3099 3479 3123 ,

1902 3160 1971 3199 ne
2002 3155 2158 3214 putet
2192 3153 2400 3199 motum
2434 3145 2589 3199 illum
2618 3147 2704 3200 sui
2742 3147 3063 3212 invadendi,
3093 3149 3186 3202 sed
3219 3150 3271 3203 in
3299 3163 3482 3204 castra

1905 3237 2223 3291 revertendi
2256 3216 2423 3291 causa
2463 3238 2755 3293 exsistere.
2807 3239 2932 3294 llmc
2984 3239 3190 3295 Crales.
3239 3242 3353 3295 Nec
3382 3241 3481 3295 diu

1902 3337 2027 3397 post
2052 3329 2108 3382 in
2147 3338 2324 3382 castra
2366 3343 2423 3382 se
2460 3330 2754 3398 recipiens,
2792 3331 2865 3384 ibi
2900 3332 3268 3401 pernoctavit.
3301 3333 3482 3404 Impe-

1903 3432 2053 3474 rator
2085 3435 2306 3489 quoque
2361 3436 2485 3475 cum
2516 3422 2844 3477 cohortibus
2876 3423 2993 3477 suis
3035 3425 3226 3478 urbem
3271 3425 3483 3494 repeti-

1901 3514 2001 3565 vit.
2049 3513 2237 3567 Crales
2291 3512 2430 3566 Axio
2488 3520 2834 3578 transmisso,
2865 3522 2921 3568 et
2960 3514 3224 3569 ﬁnitimos
3263 3516 3484 3570 Edessa:

1902 3604 2053 3657 locos
2085 3604 2454 3671 depraedatus,
2494 3605 2670 3672 ipsam
2704 3605 2962 3659 obsidere
3005 3606 3264 3660 instituit.
3307 3609 3487 3676 impe-

1902 3706 2057 3749 rator
2105 3710 2228 3748 cum
2296 3694 2510 3748 diutius
2565 3696 2973 3751 Thessalonicae
3026 3699 3485 3755 commorandum

1906 3804 2015 3841 non
2051 3793 2292 3857 putaret,
2322 3788 2467 3856 quod
2515 3789 2651 3842 nihil
2684 3789 3044 3843 memorabile
3085 3791 3359 3859 agendum
3392 3807 3488 3845 re-

1906 3888 2100 3939 staret,
2134 3879 2455 3949 Byzantium
2484 3880 2892 3949 navigationem
2925 3882 3301 3949 comparabat.
3323 3881 3487 3952 794

1906 3969 2265 4023 Discessurus
2297 4010 2310 4030 ,
2348 3970 2627 4035 iuniorem
2689 3970 3082 4039 imperatorem
3134 3973 3399 4040 majorem
3429 3973 3487 4035 in

1906 4061 2131 4114 modum
2180 4061 2527 4126 hortabatur,
2588 4077 2658 4115 ne
2711 4062 2857 4115 Graii
2915 4062 3127 4117 ﬁderet.
3180 4063 3297 4117 Jam
3335 4064 3486 4119 enim

1909 4169 2104 4208 rursus
2135 4169 2451 4223 aggressum
2490 4155 2633 4208 bello
2678 4156 2825 4209 civili
2862 4154 3141 4211 Romanos
3175 4158 3485 4227 implicare,
3561 4142 3565 4146 i

1909 4256 1970 4300 ut
2002 4247 2068 4300 iis
2115 4248 2259 4300 inter
2308 4262 2368 4301 se
2402 4248 2835 4313 dimicantibus,
2874 4251 2991 4317 ipse
3039 4249 3205 4304 urbes
3240 4251 3344 4304 sibi
3389 4250 3488 4305 hac

1910 4340 2054 4402 bcat,
2096 4350 2152 4392 et
2209 4340 2469 4393 monebat
2519 4351 2739 4393 caveret
2802 4340 3051 4405 insidias,
3090 4357 3213 4410 quae
3250 4357 3359 4395 non
3397 4359 3485 4397 res

1902 4444 2134 4498 parvas,
2174 4431 2273 4484 sed
2325 4430 2619 4499 imperium
2660 4433 2835 4501 ipsum
2886 4433 3216 4502 attingerent
3266 4450 3282 4490 :
3337 4436 3484 4489 unde

1903 4536 2011 4574 non
2045 4522 2112 4575 ad
2141 4523 2319 4591 ipsum
2360 4524 2652 4587 duntaxat,
2695 4525 2788 4577 sed
2827 4524 2893 4578 ad
2932 4526 3068 4579 alios
3112 4542 3337 4595 quoque
3369 4528 3482 4580 Ito-

1904 4627 2098 4667 manos
2158 4614 2438 4667 calamitas
2483 4615 2857 4670 redundaret.
2921 4615 3161 4671 Tametsi
3223 4619 3269 4672 is
3331 4618 3483 4673 aliud

1903 4719 2067 4771 quam
2094 4719 2181 4756 res
2205 4713 2290 4758 est
2324 4684 2587 4774 loquens,
2611 4716 2666 4759 ct
2697 4707 2973 4760 mentiens
3005 4707 3220 4772 r.dicat,
3253 4708 3483 4778 impigre

1904 4811 1963 4849 se
2000 4796 2177 4865 ipsum
2234 4796 2577 4866 adjuturum,
2634 4814 2744 4867 quo
2786 4808 3074 4867 paternum
3109 4801 3402 4869 imperium
3451 4818 3482 4853 α

1911 4897 2133 4957 raptore
2184 4900 2512 4958 recuperet,
2554 4906 2794 4959 eumque
2845 4892 3183 4945 ulciscatur:
3217 4890 3339 4944 cuni
3377 4891 3485 4944 du-

1903 4978 2133 5041 bitetur,
2173 4994 2371 5033 annon
2406 4981 2583 5033 solum
2622 4982 2672 5034 ei
2703 4981 2993 5051 imperium
3043 4998 3151 5035 non
3195 4983 3484 5038 restitutu-

1905 5086 2021 5133 rus,
2054 5072 2199 5139 quod
2262 5080 2440 5124 tamen
2476 5072 2821 5139 polliceatur,
2864 5072 2961 5125 sed
3004 5073 3170 5126 etiam
3204 5074 3328 5126 vita:
3363 5074 3483 5141 ejus

1909 5162 2139 5216 insidias
2177 5162 2554 5216 instructurus
2596 5164 2687 5216 sit.
2737 5163 2949 5217 Nullam
2982 5164 3033 5217 ei
3078 5163 3238 5217 iidem
3284 5164 3482 5219 borum

1907 5238 2240 5313 commodet,
2280 5262 2545 5322 certoque
2585 5254 2744 5316 sciat,
2779 5254 2963 5307 omnia
3023 5254 3139 5309 haec
3184 5256 3485 5311 artiﬁciose

1906 5346 2086 5409 strui,
2126 5354 2185 5399 ut
2222 5346 2405 5414 potius
2464 5346 2583 5414 ipse
2617 5346 2763 5415 quod
2818 5347 3093 5417 reliquum
3133 5359 3219 5403 est
3266 5350 3483 5419 imperii

1908 5451 2102 5499 secure
2153 5435 2401 5490 devoret.
2455 5436 2510 5490 Si
2556 5438 2759 5505 Spretis
2814 5438 3285 5494 admonitionibus
3336 5441 3481 5495 Crali

1907 5526 2227 5589 crediderit,
2264 5535 2394 5581 tunc
2422 5528 2770 5598 cogniturum
2805 5545 2927 5583 esse
2948 5569 2964 5593 ,
3004 5540 3270 5598 quantum
3298 5531 3485 5588 damni

1912 5616 2127 5682 fecerit,
2170 5618 2393 5687 quando
2424 5634 2528 5673 nec
2559 5619 2661 5690 ipsi
2688 5660 2703 5682 ,
2734 5634 2833 5675 nec
2877 5621 3002 5675 aliis
3035 5622 3204 5676 ullum
3248 5623 3486 5680 fructum
