3996 6218
428 137 550 224 ,175

1603 141 1923 202 JOANNIS
1962 143 2488 205 CANTACUZENI

3585 150 3687 215 176

439 269 502 308 ea
541 250 783 323 cognitio
835 251 1027 309 datura
1075 253 1168 308 sit.
1226 252 1414 321 Neque
1467 252 1613 307 enim
1665 254 2004 325 protuplastis

2117 249 2410 311 λάττεσθαι
2442 230 2897 332 τὴνκέπιϐουλήν.
2925 262 3061 317 Οὑδέ
3087 263 3195 334 γὰρ
3236 259 3378 318 εἶναι
3424 266 3553 336 περὶ
3589 283 3684 336 μι-
3739 297 3743 304 -

437 345 696 414 paradiso
719 345 910 416 ejectis
932 361 961 399 a
983 348 1234 414 serpente
1259 343 1517 413 deceptos
1534 359 1652 399 esse
1676 360 2008 414 cognoscere

440 437 740 506 profuisse.
781 437 926 501 Haec,
962 446 1017 490 et
1048 437 1203 505 plura
1231 451 1351 490 cum
1379 436 1777 501 admonuisset,
1800 437 2008 491 Andro—

445 527 631 581 nicum
680 527 912 581 Asanem
969 541 1218 579 socerum
1249 534 1372 581 cum
1421 528 1639 598 juniore
1683 529 2011 596 imperatore

443 619 795 686 relinquens,
840 617 985 669 dicto
1015 616 1157 681 vale,
1218 617 1401 670 solvit.
1458 619 1646 673 Crales
1685 619 1843 687 paulo
1888 629 2011 687 post

440 711 561 777 ejus
618 708 1004 762 Thessalonica
1057 707 1384 770 discessum,
1416 710 1746 778 quibusdam
1801 709 1869 763 de
1903 709 2012 763 fac-

443 803 593 854 tione
649 815 745 852 sua
801 799 1199 867 prodeuntibus,
1265 801 1520 854 Edessam
1582 802 1762 870 cepit,
1798 810 2008 870 captam

441 891 676 945 evertit:
712 907 835 942 cum
893 892 1094 958 quibus
1142 893 1456 961 pepigerat,
1511 905 1568 946 ut
1615 893 1816 962 paratis
1849 894 2011 947 scalis

439 983 649 1050 signum
703 982 771 1035 dc
809 998 968 1035 muro
1023 983 1154 1050 ipsis
1191 984 1647 1045 sustollentibns,
1700 985 2007 1038 accederet.

442 1073 580 1126 Tum
618 1073 783 1126 iidem
815 1082 1088 1137 arcentes,
1122 1074 1216 1143 qui
1270 1076 1417 1129 intus
1469 1086 1896 1145 propugnarent,
1927 1092 2012 1131 sc—

442 1165 738 1218 curitatem
767 1165 1039 1228 facerent,
1090 1175 1150 1219 ut
1190 1167 1260 1220 ita
1294 1167 1428 1220 urbs
1460 1167 1675 1223 facilius
1701 1177 2008 1237 caperetur.

441 1257 551 1310 Res
587 1237 893 1310 secundum
937 1267 1091 1325 pacta
1139 1259 1478 1328 transigitur.
1521 1260 1653 1314 Nam
1690 1276 1814 1315 cum
1856 1262 1910 1315 in
1945 1279 2010 1317 eo

440 1357 648 1410 essent,
683 1358 741 1400 ut
779 1363 967 1400 muros
1000 1328 1402 1419 oppugnarent,
1444 1351 1885 1422 .proditoresque
1936 1354 2009 1407 si~

441 1455 606 1508 gnum
637 1439 763 1493 inde
785 1440 1087 1502 dedissent,
1113 1440 1297 1496 Crales
1317 1443 1492 1497 scalas
1515 1446 1778 1509 admovit,
1810 1447 2009 1500 milites

440 1531 662 1600 impune
696 1533 1080 1598 ascenderunt,
1129 1535 1423 1604 statimque
1466 1536 1738 1590 irruentes
1791 1537 1863 1590 ita
1914 1553 2011 1593 cos

440 1621 730 1677 diruerunt
786 1623 916 1692 (non
965 1627 1112 1677 enim
1142 1634 1301 1678 erant
1346 1625 1484 1696 alti)
1518 1638 1579 1681 ut
1617 1627 1773 1697 equis
1796 1629 2010 1697 pervios

443 1711 762 1766 redderent.
797 1711 1030 1782 Lyzicus
1053 1714 1341 1782 praefectus
1365 1705 1554 1770 urb'cm
1579 1717 1852 1786 proditam
1879 1735 2022 1772 con—.

443 1802 683 1870 spiciens
702 1847 716 1870 ,
743 1820 866 1859 cum
897 1805 1149 1875 praesidio
1179 1819 1367 1863 contra
1399 1810 1553 1877 vidit,
1582 1811 1676 1866 sed
1700 1813 1872 1868 muris
1896 1815 2007 1884 jam

442 1896 733 1962 prostratis
783 1907 965 1950 actum
1013 1915 1174 1968 agere
1222 1915 1280 1953 se
1331 1900 1679 1970 intelligens,
1712 1905 1782 1956 ‘in
1827 1917 2006 1958 arcem

439 1985 670 2039 feStinus
723 1989 980 2041 recurrit.
1039 1987 1307 2044 Similiter
1361 1989 1602 2060 Byzantii
1643 1991 1905 2056 ducenti,
1941 1996 2008 2048 ab

441 2077 775 2145 imperatore
810 2078 862 2131 in
905 2079 1162 2147 praesidio
1207 2080 1410 2146 relicti,
1446 2081 1540 2134 ubi
1576 2082 1766 2136 urbem
1797 2092 2006 2152 captam

438 2180 754 2231 senserunt,
784 2169 886 2237 ipsi
922 2186 1144 2238 quoque
1170 2171 1224 2224 in
1249 2181 1430 2226 arcent
1464 2174 1805 2242 refugerunt.
1825 2175 2008 2230 Crales

435 2261 571 2312 urbe
612 2260 837 2328 potitus,
871 2261 922 2312 in
973 2262 1095 2316 illos
1126 2262 1308 2318 adhuc
1333 2279 1396 2317 ex
1438 2265 1561 2334 fuga
1591 2266 1896 2334 pavitantes
1930 2277 2005 2321 te«

437 2352 632 2405 tendit.
665 2350 799 2405 Cum
825 2367 854 2404 ο
884 2354 1016 2405 turri
1041 2367 1098 2406 se
1133 2362 1421 2407 tuerentur
1449 2354 1563 2425 (arx
1586 2355 1730 2409 enim
1761 2355 2028 2412 nondum'

437 2453 686 2510 reparata
734 2443 874 2504 erat)
923 2453 978 2496 ct
1025 2441 1254 2512 Lyzicus
1289 2444 1468 2497 femur
1500 2446 1776 2500 sauciatus
1821 2461 2002 2515 esset,

435 2532 620 2585 subito
654 2532 977 2599 prtesidiarii
1009 2549 1157 2586 arma
1208 2535 1572 2597 tradiderunt,
1606 2535 1711 2590 title
1743 2549 1962 2607 accepta
1987 2582 2002 2607 ,

435 2620 579 2674 nihil
616 2621 955 2674 incommodi
1005 2637 1383 2690 perpessuros.
1425 2624 1584 2693 795
1630 2624 1698 2679 Ut
1728 2636 1907 2680 antem
1951 2640 2007 2685 et

434 2727 533 2764 arx
566 2711 621 2764 in
664 2718 992 2780 potestatem
1030 2711 1216 2778 venit,
1259 2715 1600 2782 praesidium,
1635 2724 1690 2767 et
1723 2715 2005 2772 Macrodu—

433 2814 550 2856 cam
595 2800 907 2870 praefectum
942 2801 1149 2866 Crales,
1205 2805 1521 2873 utjurarat,
1577 2809 1743 2863 armis
1789 2816 2001 2862 tantum

431 2889 653 2952 ablatis,
687 2889 900 2942 dimisit
932 2908 945 2944 :
979 2887 1176 2960 Lyzico
1207 2889 1260 2942 in
1296 2901 1593 2959 conspectu
1632 2908 1733 2947 suo
1775 2894 1999 2948 barbam

2044 1587 2084 1641 Β

430 2978 557 3033 velli
607 2978 793 3046 jussit,
829 2993 936 3031 non
974 2943 1153 3031 solum
1202 2979 1326 3048 quia
1385 2987 1498 3032 tum
1548 2982 1859 3046 restitisset,
1897 2982 1994 3036 sed
2025 2943 2069 3006 Ο

430 3069 560 3138 quia
614 3070 779 3123 etiam
816 3069 1130 3123 Andronico
1174 3070 1301 3124 vivo
1349 3078 1491 3140 apud
1544 3071 1846 3127 Castoriam
1888 3089 1994 3128 non

429 3164 616 3231 parvae
645 3161 969 3215 calamitatis
1001 3161 1103 3230 ipsi
1135 3169 1328 3215 auctor
1361 3163 1602 3217 fuisset..
1626 3163 1830 3216 Deinde
1873 3164 1995 3218 vin-

428 3262 576 3306 etum
633 3253 928 3321 Scopiam,
963 3253 1039 3305 ibi
1098 3267 1288 3320 poenas
1348 3253 1589 3307 audaciae
1638 3264 1992 3323 excepturum

367 3343 369 3346 ’
429 3344 555 3397 duci
591 3344 887 3398 mandavit.
924 3343 1026 3408 Qui
1080 3354 1134 3395 et
1175 3352 1394 3412 propter
1425 3345 1722 3413 neglectam
1758 3346 1998 3399 curatio-

432 3447 556 3489 nem
611 3437 900 3500 vulneris,
953 3449 1010 3490 et
1065 3434 1292 3504 alioqui'
1328 3447 1552 3505 propter
1600 3437 1748 3490 hunc
1809 3451 1994 3490 casum

428 3546 587 3584 suum
627 3522 679 3583 in
704 3530 820 3599 ipsa
846 3507 938 3581 via
965 3527 1222 3583 decessit.
1243 3527 1432 3582 Crales
1457 3528 1617 3582 militi
1641 3527 1831 3582 urbem
1865 3527 1999 3582 diri-

428 3621 706 3692 piendam,
736 3621 1133 3675 incendendam
1157 3659 1172 3685 ,
1226 3619 1694 3692 evertendamque
1726 3620 1994 3690 permisit.

427 3714 734 3769 lncolarum
797 3727 926 3782 pars
982 3713 1258 3773 maxima,
1318 3721 1372 3766 et
1420 3713 1734 3782 praecipua,
1788 3727 1996 3767 summa

429 3804 608 3875 hieme
633 3845 647 3869 ,
687 3819 828 3857 novo
861 3803 1122 3856 nimirum
1154 3802 1418 3856 Januario
1440 3841 1454 3865 ,
1496 3803 1642 3855 nuda
1688 3803 1997 3878 expellitur,

430 3911 636 3964 perque
668 3894 1008 3957 Berr-ltoeatn,
1045 3903 1100 3947 et
1121 3894 1254 3946 alias
1285 3894 1452 3948 urbes
1473 3894 1793 3964 dissipatur.
1819 3897 1999 3967 Egen-

431 3987 680 4039 tissimus
716 3986 949 4054 quisque
998 3984 1061 4036 ad
1094 3983 1240 4038 aedes
1268 3985 1489 4039 relictas
1527 3987 1883 4057 confugiens,
1922 3987 1996 4040 ibi

433 4077 784 4144 relinquitur.
840 4074 1030 4130 Crales
1085 4074 1266 4128 hieme
1323 4077 1618 4141 s"eviente,
1661 4063 1915 4146 imposito
1943 4079 1995 4133 in

429 4183 612 4220 arcem
655 4167 914 4236 praesidio
941 4164 1181 4220 domum
1207 4165 1371 4220 redit.
1405 4167 1569 4222 Fatua
1601 4168 1859 4237 vulgavit,
1894 4171 1998 4223 mi—

2115 349 2246 418 κρόν
2267 367 2278 378 ·
2305 351 2436 402 ἀλλὰ
2488 353 2613 421 περὶ
2648 355 2745 423 τῆς
2769 355 2943 424 ἀρχῆς
2975 357 3144 425 αὐτῆς
3177 357 3690 420 ἐπιϐουλεύειν,καὶ

2112 441 2212 511 τὴν
2239 441 2444 510 βλάϐην
2470 444 2568 497 οὐκ
2599 446 2748 514 αὐτῷ
2781 448 2964 514 μόνον,
3011 448 3148 503 ἀλλὰ
3201 451 3298 504 καὶ
3361 452 3475 513 τοῖς
3505 450 3690 514 ἄλλοις

2114 528 2332 582 ἔσεσθαι
2379 528 2690 600 Ῥωμαίοις.
2726 535 2835 586 Καί
2875 553 2956 602 τοι
3002 553 3064 604 γε
3103 539 3313 590 ἐκεῖνον
3349 539 3457 590 τῶν
3516 540 3693 592 ὅντων

2112 619 2181 672 τὰ
2232 621 2451 673 ἐναντία
2514 624 2980 692 καταψεύσεσθαι.
3054 628 3338 696 φάσκοντα
3389 629 3693 699 προθύμως

2116 713 2502 781 συμμαχήσειν
2533 715 2625 766 ἐπὶ
2659 716 2720 768 τὸ
2749 717 2846 788 τὴν
2873 719 3138 789 πατρῴαν
3179 721 3558 785 ἀνασώζεσθαι
3591 723 3693 792 ἀρ-

2112 799 2212 866 χὴν
2245 800 2628 870 ἀφῃρημένην,
2689 804 2784 856 καὶ
2830 803 3151 874 ἀμύνεσθαι
3208 807 3300 860 τὸν
3361 809 3691 878 ἠδικηκότα,

2113 891 2306 958 ἄδηλον
2341 891 2400 944 δν
2441 896 2490 946 εί
2521 895 2596 964 μὴ
2650 899 2812 966 μόνον
2849 898 2950 951 οὐκ
3007 899 3285 954 ἀποδώσει
3339 901 3436 971 τὴν
3486 903 3695 971 ἀρχὴν,

2113 983 2300 1051 ὥσπερ
2356 985 2778 1053 ἐπαγγέλλεται,
2821 988 2958 1042 ἀλλὰ
2993 991 3085 1044 καὶ
3113 992 3240 1058 περὶ
3269 991 3364 1059 τῆς
3391 991 3538 1061 ζωῆς
3566 995 3699 1045 ἐπι-

2115 1075 2419 1130 ϐουλεύσει.
2447 1078 2662 1132 Τούτων
2690 1079 2745 1132 δὲ
2777 1081 2924 1150 αὐτῷ
2952 1083 3240 1136 πείθεσθαι
3275 1085 3464 1154 μηδὲν,
3500 1086 3698 1154 σαφῶς

2115 1167 2319 1227 εἰδότα,
2354 1169 2424 1230 ὡς
2457 1170 2644 1241 ἀπάτῃ
2673 1173 2851 1226 πάντα
2896 1175 3319 1240 συσκευάζεται,
3367 1176 3454 1228 ἵνα
3485 1177 3692 1245 μᾶλλον

2111 1257 2381 1326 ἀφέληται
2419 1259 2583 1318 αὐτὸς
2613 1261 2713 1330 τὴν
2741 1261 2909 1314 οὖσαν
2964 1264 3245 1330 ἀσφαλῶς.
3284 1263 3346 1318 El
3378 1266 3422 1318 δ’
3480 1267 3692 1336 ἁμελή-

2112 1367 2211 1412 σας
2252 1351 2359 1404 τῶν
2382 1353 2757 1421 παραινέσεων
2796 1355 3044 1407 πείθοιτο
3078 1356 3264 1426 αὐτῷ,
3302 1358 3424 1410 τότε
3475 1359 3692 1412 εἴσεται

2112 1441 2213 1508 τὴν
2239 1441 2465 1512 βλάϐην,
2507 1444 2596 1496 ὅτε
2639 1445 2766 1513 μήτ’
2795 1445 2943 1514 αὐτῷ
2981 1447 3168 1517 μηδὲν,
3217 1450 3354 1517 μήτε
3375 1451 3486 1512 τοῖς
3508 1449 3692 1512 ἄλλοις

2112 1533 2394 1600 δερελοςὲκ
2423 1534 2514 1586 τοῦ
2572 1535 2772 1588 είδέναι
2832 1537 3194 1591 ἔσταιυϋὺδὲ
3245 1540 3353 1609 γὰρ
3400 1540 3521 1594 οὐδὲ
3573 1542 3692 1602 τοῖς

2112 1623 2564 1690 πρωτοπλάπτοις
2603 1625 2906 1693 συνήνεγκε
2962 1625 3054 1678 τοῦ
3113 1629 3446 1697 παραδείσου
3493 1628 3693 1698 ἐκϐλη-

2113 1713 2254 1772 θεῖσι
2285 1713 2347 1765 τὸ
2380 1713 2599 1778 εἰδέναι,
2631 1715 2705 1778 ὡς
2751 1717 3062 1786 ἠπάτηνται
3119 1720 3196 1788 τῷ
3250 1719 3394 1788 ὄφει.
3446 1721 3691 1774 Τοιαῦτα

2112 1806 2205 1858 καὶ
2257 1806 2400 1874 ἕτερ’
2429 1807 2566 1860 ἄττα
2611 1807 2782 1860 πλείω
2835 1811 3201 1876 παραινέσαξ,
3266 1815 3359 1866 καὶ
3417 1814 3679 1878 συνταξὼ

2117 1913 2298 1965 μενος,
2325 1898 2582 1960 ἀπέπλει,
2627 1899 2863 1969 Ἀσάνην
2917 1901 3259 1970 Ἀνδρόνικον
3292 1903 3386 1956 τὸν
3411 1906 3686 1976 κηδεστὴν

2117 1988 2260 2057 μετὰ
2290 1989 2558 2056 βασιλέως
2587 1990 2684 2044 τοῦ
2721 1991 2842 2044 νέου
2868 1993 3212 2050 καταλιπῶν.
3250 1994 3469 2066 Κράλης
3489 1999 3545 2049 δὲ
3568 1999 3686 2049 ὀλί-

2111 2099 2199 2158 γῳ,
2228 2081 2504 2152 ὕστερονῆ
2532 2086 2558 2136 ὁ
2600 2084 2852 2153 βασιλεὺς
2885 2086 3102 2155 ἀπῆρεν
3136 2091 3198 2139 ἐκ
3251 2089 3685 2159 Θεσσαλονίκης.

2115 2175 2381 2227 Ἔδεσσαν
2413 2175 2718 2244 ἐπόρθησεν
2753 2176 2909 2242 ἐλὼν,
2951 2179 3114 2231 τινῶν
3147 2180 3408 2250 προδοσίᾳ
3452 2183 3559 2235 τῶν
3591 2185 3691 2236 τὰ·

2111 2265 2287 2319 κείνου
2323 2267 2641 2336 ᾑρημένων.
2678 2269 2996 2322 Συντέθειτο
3034 2271 3145 2342 γὰρ
3183 2273 3369 2336 αὐτοῖς
3404 2274 3688 2345 κλίμακας

2109 2358 2693 2427 κατασκευασάμενον,
2745 2361 2838 2412 ἐπὶ
2868 2363 3222 2434 τειχομαχίαν
3261 2365 3438 2434 ἥκειν,
3485 2367 3686 2430 αὐτοὺς

2106 2450 2163 2503 δέ
2190 2453 2415 2520 σημεῖον
2438 2450 2681 2520 ἄραντας
2708 2452 2801 2504 ἐπὶ
2837 2454 2948 2506 τῶν
2977 2455 3193 2524 τειχῶν,
3228 2456 3314 2526 ἐφ’
3336 2451 3412 2512 ὧν
3434 2459 3678 2524 ἑστᾶσιν,

2107 2541 2268 2611 ἥκειν
2293 2541 2380 2593 ἐπ’
2412 2542 2654 2605 ἐκείνους
2684 2542 2822 2613 μετὰ
2856 2545 2966 2598 τῶν
2994 2544 3306 2615 κλιμάκων.
3342 2549 3561 2603 Ἀδειαν
3616 2549 3678 2602 δὲ

2108 2633 2333 2686 ἐκείνων
2380 2635 2796 2702 παρεχομένων,
2826 2637 2922 2689 καὶ
2953 2637 3319 2706 ἀμυνομένων
3367 2642 3489 2704 τοὺς
3528 2640 3680 2694 Ενδον

2111 2723 2334 2792 μᾶλλον,
2366 2725 2558 2795 ῥᾳδίαν
2585 2725 2809 2780 ἔσεσθαι
2847 2726 2947 2798 τὴν
3000 2728 3226 2786 ἅλωσιν.
3269 2732 3449 2804 Ὅπερ
3495 2733 3558 2803 δὴ
3583 2736 3684 2787 καὶ

2108 2815 2322 2881 ἐγίνετο
2350 2817 2491 2872 κατὰ
2515 2818 2574 2870 τδ
2609 2818 2861 2890 σύνθημα
2880 2836 2894 2850 ·
2923 2825 3318 2879 καταστάντων
3351 2827 3456 2898 γὰρ
3477 2827 3559 2890 είς
3578 2828 3681 2896 τὴν

2105 2911 2487 2978 τειχομαχίαν,
2520 2913 2631 2973 τοῖς
2655 2929 2714 2963 τε
2743 2913 3089 2982 προδιδοῦσιν
3115 2916 3276 2986 ἤρετο
3338 2918 3399 2971 τὸ
3449 2923 3681 2988 σημεῖον

2100 2998 2208 3050 ἀπὸ
2230 2998 2339 3051 τῶν
2358 3001 2576 3071 τειχῶν,
2606 2989 2699 3055 καὶ
2729 3003 2758 3056 ὁ
2811 3003 3030 3076 Κράλης
3061 3005 3160 3068 τὰς
3209 3008 3487 3078 κλίμακας
3515 3010 3678 3080 ἔχων,

2098 3087 2293 3156 ἐχώρει
2324 3089 2460 3160 πρὸς
2485 3091 2748 3155 ἐκείνους.
2778 3093 2994 3156 Ἀδείας
3043 3095 3101 3148 δὲ
3150 3099 3426 3168 τυχόντες,
3459 3099 3682 3152 ἀνέσαι-

2100 3195 2188 3230 νον
2216 3179 2309 3231 ἐπὶ
2345 3181 2413 3232 τὰ
2436 3182 2613 3253 τείχη,
2644 3186 2738 3236 καὶ
2771 3185 3044 3257 καθῄρουν
3077 3187 3279 3242 αὐτίκα
3325 3192 3672 3259 προσπεσόν-

2098 3287 2210 3336 τες,
2254 3272 2361 3333 ἓως
2409 3273 2697 3342 ἐποίησαν,
2753 3279 2849 3330 καὶ
2910 3278 3098 3348 ἵπποις
3149 3281 3395 3352 βάσιμα·
3447 3278 3514 3351 ἦν
3567 3284 3678 3355 γὰρ
3723 3343 3730 3349 ,

2097 3361 2406 3430 οὐδὲῦῲους
2435 3362 2630 3434 ἔχοντα
2671 3367 2889 3431 ἱκανῶς.
2928 3370 3164 3434 Λυζικδς
3188 3373 3270 3438 δὲ,
3293 3372 3443 3442 ὁτῆς
3467 3375 3679 3438 πόλεως

2101 3450 2304 3521 ἄρχων,
2333 3452 2660 3522 αἰσθόμενος
2690 3456 2790 3526 τὴν
2817 3458 3130 3528 προδοσίαν,
3191 3460 3390 3532 ἐχώρει
3433 3463 3534 3531 μὲν
3585 3464 3680 3517 ἐπ’

2101 3541 2347 3605 ἐκείνους
2376 3543 2514 3612 ἔχων
2543 3548 2670 3607 τοὺς
2694 3548 2825 3618 περὶ
2857 3550 3044 3611 αὐτὸν,
3073 3551 3205 3620 ήνυε
3237 3552 3294 3605 δέ
3321 3553 3474 3607 οὐδὲν
3506 3554 3677 3627 καθῃ-

2104 3647 2171 3700 ρη
2183 3630 2359 3697 μένων
2391 3631 2492 3700 ἤδη
2523 3633 2629 3684 τῶν
2659 3635 2890 3704 τειχῶνο
2934 3637 3052 3690 ἀλλ’
3093 3641 3440 3710 ἀναστρέψας
3476 3643 3677 3697 ἐσπευ-

2093 3717 2188 3773 ’δεν
2223 3721 2318 3772 ἐπὶ
2348 3720 2445 3790 τὴν
2477 3723 2678 3792 ἄκραν.
2716 3724 2823 3778 Καὶ
2847 3727 2897 3779 al
2925 3728 2988 3780 ἐκ
3043 3730 3342 3795 Βυζαντίου
3379 3734 3530 3802 παρὰ
3577 3733 3671 3801 βα-

2102 3811 2296 3875 σιλέως
2323 3805 2813 3886 καταλελειμμένοι
2837 3817 3102 3876 διακόσιοι
3130 3824 3378 3893 φρουροὶ,
3409 3825 3484 3888 ὡς
3505 3826 3670 3896 ᾐσθά-

2100 3920 2252 3957 νοντο
2277 3905 2378 3974 τὴν
2408 3906 2562 3959 πόλιν
2613 3909 2976 3977 ἐαλωκυῖαν,,
3009 3913 3320 3985 ἀνεχώρουν
3364 3917 3456 3970 καὶ
3514 3917 3670 3970 αὐτοὶ

2100 3996 2319 4066 ἐπιτὴν
2358 3999 2800 4071 ἆκραν.Κράλης
2857 4003 2917 4055 δὲ
2972 4005 3092 4058 ἐπεὶ
3148 4006 3246 4076 τὴν
3295 4008 3450 4064 πόλιν
3501 4006 3674 4084 εἶχεν,

2101 4085 2408 4155 ἐχιδρειέπ*
2462 4090 2707 4152 ἐκείνους
2747 4093 3224 4164 τεθορυϐημένους
3268 4097 3348 4150 ἑτι
3405 4099 3513 4152 ἀπὸ
3567 4102 3674 4169 τῆς

2101 4181 2334 4248 τροπῆς.
2362 4178 2789 4250 Καοισταμένων
2817 4201 2878 4237 τε
2933 4186 3068 4253 πρὸς
3124 4189 3325 4258 μάχην,
3353 4192 3381 4242 ὁ
3437 4192 3673 4256 Λυζικές

429 4256 576 4319 lites,
611 4266 666 4310 et
703 4256 958 4310 animalia
1004 4256 1245 4312 vectoria
1297 4257 1555 4325 plurima,
1601 4259 1817 4327 frigoris
1842 4275 1992 4314 acer-

2104 4270 2369 4336 ἐτέτρωτο
2400 4270 2545 4338 βέλει
2582 4273 2673 4326 τὸν
2695 4276 2872 4344 μηρὸν
2912 4256 3389 4350 ἀμμνόμενοςῖάπὸ
3413 4284 3505 4336 τοῦ
3534 4285 3668 4353 πύρ-

430 4347 598 4401 bitate
633 4349 686 4401 in
721 4350 915 4403 castris
944 4359 1213 4405 emortua.
1242 4351 1561 4422 Byzantium
1601 4368 1855 4408 reversus
1893 4353 1997 4407 im-

2098 4376 2232 4427 γουο
2267 4355 2334 4428 ἦν
2382 4361 2493 4431 γὰρ
2519 4363 3059 4442 ιάνεπισκεύαστοςὴ
3111 4372 3277 4442 ἄκρα.
3333 4373 3435 4428 Καὶ
3473 4378 3676 4430 αὐτίκα

429 4447 673 4508 potator,
701 4439 767 4494 de
797 4441 1090 4496 Marsorum
1123 4459 1248 4515 rege
1279 4444 1591 4521 Alexandro
1621 4446 1850 4512 quarrit;
1887 4445 1998 4498 s’n-

2104 4451 2130 4520 ἡ
2165 4453 2377 4520 φρουρὰ
2408 4454 2474 4506 τά
2507 4439 2649 4507 δπλα
2682 4474 2754 4508 πα
2769 4439 3270 4527 ρεδίδουνςπίστεις
3299 4464 3558 4530 λάϐοντες
3577 4469 3673 4522 ἐπὶ

430 4530 671 4596 gularcm
726 4531 928 4600 quippe
975 4549 1038 4585 ex
1097 4548 1163 4587 eo
1214 4534 1644 4589 moestitudinem
1708 4535 1993 4602 capiebat,

429 4621 578 4689 quod
635 4623 818 4676 Persa:
849 4623 902 4676 in
934 4624 1051 4693 ejus
1106 4641 1332 4694 regnum
1366 4627 1648 4695 inOpt'nato
1701 4626 1992 4692 irruentes,

283 4733 292 4744 ο
350 4772 355 4778 η
435 4713 647 4767 cladem
678 4714 728 4767 ei
760 4714 1137 4784 gravissimam
1171 4715 1486 4771 intulerant.
1517 4716 1826 4770 lacessebat
1847 4721 1994 4770 enim

427 4806 800 4866 Alexandrum
831 4807 1092 4874 suspicio,
1120 4823 1228 4861 non
1257 4816 1451 4876 suopte
1486 4818 1644 4872 nutu,
1670 4808 1767 4861 sed
1817 4809 1991 4862 missu

427 4895 774 4966 imperatoris
829 4896 1094 4964 irrupisse
1145 4895 1411 4950 barbaros
1459 4911 1628 4965 :quae
1686 4911 1775 4950 res
1828 4896 1994 4949 velle-

427 4990 768 5042 mentissime
820 4986 977 5040 illum
1013 4985 1294 5042 cruciabat
1319 5029 1334 5052 ,
1369 4986 1497 5055 quia
1531 5001 1653 5056 cum
1689 4987 1736 5038 ei
1786 4987 1990 5040 nullam

425 5095 611 5134 ansam
646 5081 865 5134 hostilia
897 5077 1253 5138 machinandi
1281 5077 1624 5147 praebuisset,
1656 5087 1834 5134 tamen
1864 5094 1992 5132 con-

427 5179 636 5238 tempto
665 5170 874 5225 laedere
904 5170 971 5224 ab
1000 5186 1065 5224 eo
1088 5179 1405 5224 vexaretur.
1440 5169 1601 5223 Missa
1642 5169 1807 5239 igitur
1849 5170 1992 5240 lega-

426 5259 592 5322 tione,
633 5261 867 5328 pritnum
896 5245 1119 5330 quidem
1165 5260 1232 5314 de
1266 5261 1578 5314 incursione
1629 5261 1989 5314 barbarorum

425 5351 752 5418 respondit,
815 5367 920 5404 non
969 5348 1088 5405 eam
1141 5367 1238 5406 sua
1288 5353 1568 5406 voluntate
1630 5352 1862 5418 factam,
1895 5354 1988 5407 sed

424 5446 570 5513 ipsos
603 5460 701 5515 per
745 5460 803 5500 se
846 5455 1132 5515 potentes,
1183 5445 1577 5515 cupiditatibus
1627 5445 1740 5500 suis
1782 5461 1986 5500 morem
2023 5449 2028 5460 '

422 5551 631 5606 gerere.
691 5537 802 5592 Nec
859 5548 1037 5593 tamen
1077 5539 1248 5608 magis
1300 5539 1439 5594 istuc
1493 5547 1718 5608 projiter
1767 5538 1983 5592 illorum

2095 4542 2172 4610 τῷ
2202 4543 2371 4613 μηδὲν
2411 4546 2713 4614 ἀνήκεστον
2746 4549 2961 4605 παθεῖν.
3009 4553 3164 4606 Ἐπεὶ
3197 4555 3255 4608 δὲ
3319 4557 3415 4610 καὶ
3460 4559 3670 4629 ἠξᾶκρα

2096 4633 2295 4702 εἴχετο,
2327 4633 2426 4704 τὴν
2463 4637 2562 4705 μὲν
2595 4642 2840 4708 φρουρὰν
2893 4643 2990 4695 καὶ
3031 4645 3429 4716 Μακροδούκαν
3459 4650 3550 4702 τὸν
3572 4653 3672 4719 ἂρ-

2095 4739 2280 4790 χοντα,
2315 4724 2546 4778 ἀπέλυεν
2576 4729 2603 4780 ὁ
2632 4728 2857 4799 Κράλης
2918 4734 3062 4786 κατὰ
3121 4736 3248 4799 τοὺς
3303 4737 3524 4808 ὅρκους,
3573 4744 3670 4794 καὶ

2092 4813 2162 4866 τὰ
2194 4814 2334 4866 ὅπλα
2368 4817 2528 4884 μόνον
2583 4819 2938 4889 ἀφελόμενος.
2968 4826 3210 4889 Λυζικοῦ
3239 4827 3295 4881 δὲ
3344 4830 3404 4882 τὸ
3454 4830 3667 4898 γένειον

2093 4901 2180 4954 ἐπ’
2239 4904 2406 4957 αὐτοῦ,
2431 4907 2709 4962 τίλλεσθαι
2740 4911 3014 4979 ἐκέλευεν,
3047 4917 3105 4968 οὐ
3155 4917 3318 4986 μόνον
3347 4920 3434 4986 διᾲ
3467 4921 3528 4972 τὸ
3578 4921 3669 4973 ἀν.

2093 4994 2343 5063 τιστῆναι
2377 4997 2518 5060 τότε,
2555 4998 2670 5052 ἀλλ’
2722 5004 2804 5055 ὅτι
2845 5006 2939 5057 καὶ
2991 5005 3254 5074 βασιλέως
3321 5009 3662 5080 Ἀνδρονίκου

2094 5085 2482 5153 περιόντος,ἐν
2540 5090 2815 5166 Καστορία
2868 5097 3122 5167 μεγάλων
3192 5101 3372 5164 αἴτιος
3425 5104 3664 5172 κατέστη

2095 5180 2416 5246 συμφορῶν.
2463 5182 2696 5236 Ἔπειτα
2719 5186 2939 5241 ἐκέλευε
2971 5189 3214 5256 δεθέντα,
3278 5193 3510 5258 ἄγεσθαι
3563 5196 3665 5266 τὴν

2090 5266 2184 5317 ἐπὶ
2212 5266 2471 5335 Σκοπιὰν,
2505 5271 2579 5334 ὼς
2607 5274 2724 5325 ἐκεῖ
2766 5276 2874 5330 τῶν
2933 5279 3303 5350 τολμημάτων
3345 5283 3503 5347 δίκας
3554 5284 3684 5338 ad».

2093 5373 2277 5411 σοντα.
2316 5355 2375 5412 '0
2409 5363 2464 5414 δὲ
2494 5364 2597 5417 ὑπὸ
2623 5366 2717 5420 τοῦ
2768 5370 3082 5439 τραύματος
3111 5373 3496 5442 ἀμεληθέντος,
3559 5377 3661 5430 καὶ

2089 5450 2185 5520 τῆς
2221 5452 2384 5521 ἄλλης
2424 5456 2785 5528 δυσπραγίας,
2819 5463 3139 5531 ἐτελεύτησε
3194 5465 3396 5535 μεταξὺ
3456 5469 3662 5538 ἀγόμεο

2091 5561 2197 5608 νος.
2240 5545 2463 5617 Κρὰλης
2497 5550 2552 5602 δὲ
2581 5552 2751 5620 ἐφῆκε
2815 5553 2914 5624 τὴν
2947 5557 3099 5610 πόλιν
3145 5561 3258 5626 τοῖς
3297 5560 3659 5625 στρατιώταις
