3996 6218
231 500 323 564 1⁷17

1424 495 1962 565 ΠΙΞΤΟΗΊᾹΒΗΜ
2006 497 2232 559 LIBER
2276 501 2365 561 IV.

3386 508 3479 569 iis

222 618 569 687 διαρπάζειν.
605 618 1051 691 Καὶέπόρθησάν
1082 637 1139 673 τε
1196 622 1289 674 καὶ
1342 622 1656 691 ἐνέπρησαν
1705 620 1803 681 τὰς

1909 615 2213 682 potentiam
2243 618 2487 680 evenire,
2523 633 2695 687 quam.
2715 621 2857 687 quod
2888 621 3106 690 ipsimet
3136 624 3316 680 nolint
3342 642 3475 682 ava-

224 710 433 772 οίκίας,
464 709 576 761 τῶν
606 710 906 780 οἰκητόρων
932 711 989 764 δὲ
1018 712 1077 765 τὸ
1133 713 1231 782 μὲν
1259 714 1507 766 πλεῖστον
1540 714 1633 767 καὶ
1672 713 1799 782 ἄρι-

224 816 349 852 στον
378 800 608 875 ἐξήλασε
628 802 835 870 γυμνὸν
866 802 1098 871 μάλιστα
1123 807 1179 857 ἐν
1204 806 1357 875 ἀκμῇ
1390 805 1487 859 τοῦ
1506 806 1799 875 χειμῶνος,

234 893 578 963 Ἰανουαρίου
621 894 747 962 ἄρτι
815 895 1126 964 ἱσταμένου,
1202 898 1297 951 καὶ⁸
1345 898 1800 968 διεσκεδάσθησαν

223 982 375 1034 κατὰ
410 982 700 1054 Βέῤῥοιαν,
727 986 822 1037 καὶ
851 985 953 1048 τὰς
975 986 1137 1049 ἄλλας
1162 988 1366 1051 πόλεις.
1422 989 1479 1040 ’0
1512 988 1567 1041 δὲ
1597 989 1800 1056 ἄπορος

224 1073 550 1127 παντάπασι
580 1075 977 1131 καταλέλειπτο
1038 1078 1157 1131 ἐκεῖ
1188 1082 1281 1134 ἐπὶ
1314 1080 1412 1139 τὰς
1445 1079 1803 1147 ὑπολειπομέ-

221 1180 316 1225 νας
358 1165 700 1232 καταφυγὼν
728 1167 929 1230 οἰκίας.
964 1169 1139 1232 Αὐτὸς
1178 1171 1233 1224 δὲ
1292 1172 1415 1223 ἐπεὶ
1450 1172 1545 1225 καὶ
1589 1172 1802 1241 χειμὼν

221 1255 524 1321 ἐπεγένετο
554 1257 815 1322 ἐξαίσιος,
854 1261 1097 1331 φρουρὰν
1129 1264 1223 1315 ἐπὶ
1251 1263 1348 1331 τὴν
1379 1265 1677 1334 ἀκρόπολιν
1701 1282 1803 1319 xa-

223 1347 503 1412 ταλιπὼν,
535 1350 672 1418 πρὸς
722 1350 821 1420 τὴν
877 1352 1055 1405 οἰκίαν
1107 1355 1393 1425 ἀνεχώρει.
1443 1357 1693 1425 Ἐλέγετο
1745 1358 1801 1411 δὲ

222 1439 326 1492 ὑπὸ
368 1440 642 1509 χειμῶνος
666 1442 1011 1512 στρατιώτας
1044 1460 1122 1507 τε,
1172 1447 1403 1499 καὶτῶν
1453 1449 1804 1519 σκευοφόρων

223 1532 543 1600 ὑποζυγίων
593 1533 823 1588 πλεῖστα
879 1536 959 1606 τῷ
1024 1540 1371 1609 στρατοπέδῳ
1424 1540 1800 1595 ἐναποθανεῖν.

220 1621 490 1685 Βασιλεὺς
520 1622 576 1676 δὲ
620 1626 704 1685 είς
753 1626 1051 1688 Βυζάντιον
1108 1630 1424 1684 ἐπανελθὼν
1470 1632 1804 1685 ἐπυνθάνετο

223 1714 351 1782 περὶ
387 1714 481 1767 τοῦ
513 1716 722 1768 Μυσῶν
740 1715 1005 1785 βασιλέως
1048 1720 1423 1792 Ἀλεξάνδρου,
1459 1724 1541 1775 ὅτι
1574 1722 1802 1775 πλείστα
1842 1786 1857 1791 ,ν

223 1804 421 1857 ἁνιῶτο
444 1805 536 1858 διὰ
566 1806 667 1874 τὴν
697 1806 807 1859 τῶν
835 1807 1126 1877 βαρϐάρων
1156 1810 1343 1877 ἔφοδον
1395 1813 1801 1883 ἀπροσδόκητον

225 1899 629 1967 γεγενημένην,
665 1892 761 1949 καὶ
795 1899 1031 1966 μέγιστα
1066 1901 1398 1955 κακώσασαν
1432 1905 1530 1972 τὴν
1569 1905 1672 1974 γῆν
1703 1906 1799 1957 αύ-

224 1986 339 2041 τοῦ.
391 1988 720 2040 Ὑπώπτευε
742 1989 799 2042 δὲ
829 1990 929 2043 οὐκ
973 1990 1064 2057 ἀφ’
1093 1991 1300 2046 ἑαυτῶν
1326 1994 1453 2057 τοὺς
1490 1996 1798 2065 βαρϐάρους

229 2078 492 2140 ἐπελθεῖν,
523 2078 663 2131 ἀλλὰ
702 2080 965 2148 βασιλέως
1020 2082 1359 2153 πέμψαντος,
1382 2085 1409 2137 ὃ
1444 2088 1535 2139 καὶ
1567 2087 1800 2156 μάὶιστα

230 2167 372 2234 ἡνία,
395 2168 484 2219 ὅτι
518 2168 799 2237 μηδεμίαν
823 2169 1099 2237 πρόφασιν
1126 2174 1297 2226 αὐτοῦ
1350 2176 1484 2243 πρὸς
1518 2178 1611 2230 τὸν
1645 2179 1804 2231 πόλε·

239 2274 333 2323 μον
363 2260 783 2327 παρεσχημένου
829 2259 1045 2328 βασιλεῖ
1076 2266 1475 2335 παρασπονδῶν
1497 2269 1682 2334 αὐτὸς,
1702 2287 1803 2323 κα-

250 2347 353 2408 κῶς
376 2352 641 2419 ποιεῖτὴν
665 2352 872 2424 χώραν.
910 2354 1139 2423 Πέμψας
1174 2357 1228 2408 δὲ
1277 2360 1305 2410 ὁ
1362 2359 1617 2427 βασιλεὺς
1675 2378 1809 2431 πρε-

250 2438 429 2491 σϐείαν
464 2442 589 2509 πρὸς
626 2444 811 2508 αὐτὸν,
838 2445 1033 2514 πρῶτα
1071 2448 1169 2513 μὲν
1194 2447 1325 2517 περὶ
1360 2450 1468 2502 τῶν
1509 2451 1805 2522 βαρϐάρων

243 2528 331 2598 τῆς
359 2531 554 2597 ἐφόδου
586 2535 930 2603 ἀπελογεῐτο,
964 2538 1039 2608 μὴ
1073 2540 1217 2593 κατὰ
1245 2541 1473 2611 γνώμην
1500 2545 1678 2597 ἐκεῖνο
1712 2565 1803 2615 γε·-

239 2622 521 2690 γενῆσθαι,
545 2625 665 2677 ἀλλ’
693 2628 893 2692 αὐτοὺς
924 2630 1022 2698 ἀφ’
1049 2632 1259 2686 ἑαυτῶν
1319 2636 1532 2703 μεγάλα
1563 2640 1803 2709 δυναμέ-

236 2734 377 2780 νους,
412 2718 556 2771 ἅττα
580 2720 644 2773 ἂν
662 2722 790 2793 δοκῇ
828 2728 1024 2779 ποιεῖν.
1060 2727 1234 2781 Τοῦτο
1274 2731 1330 2783 δὲ
1373 2732 1711 2801 συμϐαίνειν,
1742 2736 1802 2787 ού

236 2808 440 2875 μᾶλλον
455 2809 543 2863 διὰ
566 2813 665 2880 τὴν
688 2813 913 2868 ἐκείνων
942 2817 1193 2888 δύναμιν,
1228 2821 1260 2887 ἢ
1292 2821 1376 2877 διὰ
1409 2824 1470 2876 τὸ
1504 2824 1578 2895 μὴ
1608 2828 1803 2891 αὐτοὺς

229 2901 437 2954 ἐθέλειν
470 2906 569 2971 τῆς
599 2907 912 2972 πλεονεξίας
937 2911 1307 2979 ἀποστάντας,
1368 2918 1463 2971 καὶ⁸
1488 2918 1594 2971 τῶν
1651 2920 1807 2973 ἀλλο-

230 2994 396 3061 τρίων
428 2996 528 3065 τῆς
557 2999 881 3068 ἐπιθυμίας,
937 3003 1191 3074 ἀλλήλοις
1245 3009 1344 3079 ὅση
1404 3011 1633 3085 δύναμις
1685 3019 1805 3070 ἐπι-

232 3088 452 3154 μαχεῖ-ι,
486 3088 580 3139 καὶ
610 3090 881 3160 ἀνείργειν
909 3095 1036 3158 τοὺς
1061 3096 1376 3169 βαρϐάρους
1440 3106 1613 3175 ῥᾷστα
1638 3107 1802 3161 δυνα-

233 3177 457 3271 μένους,
486 3182 534 3231 εί
563 3185 1008 3253 συμφωνήσαιεν.
1044 3189 1109 3241 Ei
1144 3191 1253 3262 γὰρ
1294 3194 1543 3249 ἐϐούλετο
1579 3200 1802 3271 Κράλης

1910 704 2057 770 ritia,
2092 716 2150 760 et
2186 707 2520 775 appetitione
2548 725 2731 763 rerum
2764 712 3065 767 alienarum
3104 714 3433 773 desistenles
3455 761 3468 784 ,

1906 810 2007 864 pro
2041 796 2183 851 virili
2232 800 2424 868 iuvare
2472 811 2744 863 mutuum,
2787 814 2841 857 et
2877 819 3130 861 coercere
3177 807 3471 876 harbaros,

1908 886 2055 953 quod
2115 886 2275 942 facile
2307 901 2556 958 possent,
2616 892 2659 946 si
2697 896 3099 961 conspirarent.
3152 896 3366 952 Etenim
3423 903 3469 954 si

1904 974 2092 1031 Crales
2135 989 2356 1048 ereptas
2413 981 2577 1035 urbes
2628 984 2937 1047 restituere,
2970 994 3025 1037 et
3059 994 3117 1038 ut
3152 986 3429 1056 iuraverat
3456 1027 3470 1049 .

1904 1082 2238 1133 conservare
2260 1072 2530 1142 justitiam
2558 1074 2846 1139 voluisset,
2873 1092 2979 1130 non
3018 1078 3123 1133 sibi
3151 1081 3489 1136 societatem

1904 1160 2265 1215 barbarorum
2334 1166 2723 1233 requirendam
2783 1167 2985 1233 fuisse,
3024 1185 3184 1239 quos
3236 1173 3477 1241 pessime

1905 1250 2086 1305 oderit
2117 1270 2130 1305 :
2164 1256 2485 1310 necessario
2512 1267 2693 1311 autem
2724 1259 2792 1313 iis
2833 1260 2935 1324 uti,
2961 1277 3069 1331 quo
3095 1273 3149 1317 et
3180 1266 3469 1333 praesentia

1906 1348 2146 1409 tueatur,
2176 1354 2231 1398 et
2263 1346 2513 1416 abrepta,
2545 1349 2589 1402 si
2620 1352 2811 1419 possit,
2847 1363 3157 1422 recuperet.
3190 1356 3472 1410 Adversus

1910 1432 2125 1488 Cralem
2161 1435 2327 1506 igitur
2381 1454 2440 1493 se
2495 1440 2767 1496 facturum
2792 1486 2804 1507 ,
2838 1444 2983 1507 quod
3020 1446 3071 1498 in
3108 1448 3295 1513 primis
3328 1464 3473 1502 com-

1904 1525 2257 1581 modaturum
2288 1530 2543 1585 videatur
2575 1550 2589 1586 :
2620 1533 2720 1602 ipsi
2762 1545 2942 1589 autem
2973 1552 3030 1591 se
3060 1538 3161 1590 hoc
3191 1538 3319 1593 dare
3344 1555 3473 1593 con-

1904 1617 2034 1681 silii,
2065 1619 2142 1672 uti
2192 1620 2259 1672 ad
2290 1621 2553 1676 barbaros
2592 1623 2647 1677 in
2702 1625 2992 1680 Thraciam
3035 1628 3185 1681 nullo
3210 1640 3377 1694 metu,
3410 1645 3472 1683 ac

1904 1724 2005 1777 pro
2044 1708 2275 1765 libidine
2311 1712 2647 1781 trajicientcs
2682 1716 3053 1784 prohibendos
3075 1758 3087 1780 ,
3116 1718 3298 1773 secum
3332 1720 3473 1774 vires

1907 1800 2226 1869 conjungat.
2264 1800 2376 1855 lloc
2407 1803 2519 1856 fieri
2551 1820 2731 1872 posse,
2768 1806 2813 1858 si
2861 1810 3107 1875 pecuniae
3140 1811 3205 1862 ad
3241 1826 3472 1879 appara-

1905 1898 2019 1942 tum
2074 1891 2378 1945 triremium
2414 1895 2727 1949 constitutm
2760 1897 3070 1965 pandantur
3102 1918 3114 1953 :
3149 1900 3314 1971 796
3358 1902 3463 1955 sibi

1906 1980 2124 2035 navales
2154 1984 2343 2049 copias
2378 2000 2486 2037 non
2526 1985 2747 2042 deesse:
2782 1988 2971 2042 deesse
3000 1998 3180 2043 autem
3214 1992 3471 2060 pretium,

1906 2072 2052 2126 unde
2098 2072 2360 2129 alimenta
2408 2076 2822 2145 provideantur;
2857 2080 3003 2149 quod
3045 2082 3087 2134 si
3142 2082 3231 2135 ille
3264 2098 3361 2150 pro
3398 2083 3475 2135 fa-

1905 2161 2109 2217 cultate
2142 2174 2353 2233 eroget,
2390 2166 2641 2221 triremes
2680 2169 2734 2221 in
2766 2169 3175 2238 Hellespontum
3203 2172 3473 2226 deductuc

1906 2268 2049 2318 rum,
2087 2269 2207 2322 qua:
2238 2270 2361 2309 oras
2404 2258 2943 2327 prmternavigando,
3001 2262 3263 2315 barbaros
3327 2264 3477 2331 traji-

1905 2360 2071 2410 cere,
2132 2362 2193 2399 ac
2248 2362 2448 2402 nocere
2500 2350 2803 2404 continenti
2859 2367 2967 2405 nun
3028 2352 3232 2406 sinant.
3264 2352 3329 2406 Et
3370 2353 3478 2406 hoc

1907 2434 2072 2488 modo
2121 2452 2313 2490 eorum
2369 2439 2690 2492 vexationes
2744 2441 2908 2495 licere
2952 2441 3212 2511 ell‘ugere.
3271 2442 3495 2508 Quodsi”

1905 2525 2093 2580 Crales
2124 2535 2381 2595 prastare
2417 2544 2475 2583 se
2512 2529 2798 2597 ambobus,
2826 2531 3040 2600 qualem
3075 2532 3256 2600 decet,
3289 2534 3477 2587 noiue«

1908 2618 1982 2670 rit
2045 2618 2317 2685 (constare
2374 2620 2520 2674 enim
2572 2622 2695 2686 sibi,
2744 2638 2870 2676 eum
2905 2639 3121 2694 quoque
3173 2625 3361 2678 ltesum
3407 2624 3476 2679 ab

1907 2709 2002 2762 illo
2028 2710 2309 2778 graviter),
2342 2711 2384 2763 si
2420 2727 2660 2780 praesens
2686 2727 2810 2767 cum
2838 2715 2994 2784 copia
3021 2715 3087 2768 ad
3120 2716 3356 2769 cilicium
3384 2732 3477 2771 co-

1907 2814 2035 2867 gere
2074 2801 2418 2869 nequiverit,
2450 2812 2580 2857 tunc
2614 2805 3065 2860 etrbarbarorum
3099 2823 3200 2877 ope
3234 2822 3431 2863 usuros
3458 2847 3473 2871 ,

1910 2891 2133 2959 trajecta
2191 2907 2385 2946 eorum
2472 2895 2797 2967 auctoritate
2858 2906 3004 2951 tanta
3068 2899 3423 2953 multitudine
3458 2940 3472 2961 ,

1908 2991 2168 3050 quantam
2218 2982 2423 3040 ducere
2475 2970 2805 3057 quocunque
2866 2987 3144 3043 voluerint
3177 3008 3191 3044 :
3223 3000 3277 3047 et
3306 2991 3379 3045 ita
3421 2991 3475 3044 in

1909 3073 2097 3129 hostes
2151 3090 2357 3145 paucos
2404 3076 2679 3149 intrepide
2729 3079 2876 3134 facto
2911 3081 3138 3150 impetu,
3189 3083 3269 3137 eis
3311 3084 3473 3136 vitam

1876 3176 2287 3247 adempturos.
2326 3178 2451 3235 Haec
2501 3181 2603 3237 fuit
2665 3182 2955 3254 legationis
2989 3187 3280 3240 sententia.
3338 3187 3474 3258 Regi

232 3269 331 3330 ti;
362 3270 727 3339 ἡρπασμένας
757 3275 940 3337 πόλεις
974 3278 1304 3349 ἀποδιδόναι,
1366 3287 1461 3340 καὶ
1512 3290 1580 3343 τὰ
1623 3269 1805 3346 δίκαια

1911 3269 2220 3324 cohortatio
2252 3270 2599 3341 imperatoris
2638 3274 2753 3329 visa
2788 3284 2874 3328 est
2924 3276 3310 3341 conducibilis,
3364 3280 3475 3332 rei-

229 3361 416 3411 ποιεῖν
447 3362 591 3414 κατά
624 3364 748 3428 τοὺς
775 3366 997 3435 ὅρκους,
1019 3371 1122 3424 οὐκ
1159 3372 1226 3428 ἂν
1257 3377 1408 3447 αύτῷ
1449 3378 1636 3450 ἐδέησε
1662 3383 1801 3455 βαρ-

228 3450 423 3518 ϐάρων
459 3454 594 3521 πρὸς
627 3454 723 3526 τὴν
775 3460 1088 3530 συμμαχίαν
1122 3464 1340 3518 πάντων
1384 3468 1617 3536 μάλιστα
1663 3450 1804 3525 ἀπε-

227 3546 385 3613 χθὼς
422 3548 557 3617 πρὸς
583 3550 777 3615 αὐτοὺς
798 3552 1133 3626 διακειμένῳ
1154 3572 1168 3587 ο
1204 3559 1416 3630 ἀνάγκῃ
1436 3562 1490 3612 δέ
1512 3564 1800 3633 χρωμένῳ,

230 3640 323 3691 ἵνα
347 3639 426 3691 τά
452 3656 510 3693 τε
550 3642 677 3695 ὅντα
702 3643 980 3711 διασώζοι,
1014 3648 1112 3701 καὶ
1148 3649 1217 3702 τὰ
1263 3652 1611 3721 ἡρπασμένα,
1640 3658 1686 3707 εί
1716 3657 1806 3709 δύ-

231 3747 422 3791 ναιτο,
452 3730 794 3786 ἀνακαλοῖτο.
828 3735 969 3804 Πρὸς
1017 3736 1117 3804 μὲν
1151 3737 1243 3790 οὖν
1272 3740 1498 3804 ἐκεῖνον,
1536 3746 1804 3813 ποιήσειν,

233 3822 333 3873 ὅτι
370 3819 445 3873 ἂν
462 3822 591 3892 δοκῇ
626 3825 862 3893 μάλιστα
884 3826 1209 3884 λυσιτελεῖν.
1254 3832 1410 3901 Αύτῴ
1448 3833 1504 3885 δὲ
1564 3835 1806 3904 συμϐου-

233 3911 437 3975 λεύειν,
480 3914 827 3982 συναίρεσθαι
896 3917 1045 3986 αὐτῷ
1074 3921 1209 3987 πρὸς
1273 3921 1333 3973 τὸ
1385 3923 1618 3975 κωλύειν
1679 3928 1805 3988 τοὺς

235 3998 559 4067 βαρϐάρους
579 4000 765 4063 ἀδεῶς,
801 4002 929 4071 ὅταν
956 4003 1086 4075 δοκῇ
1114 4006 1250 4074 πρὸς
1281 4008 1379 4078 τὴν
1441 4009 1663 4080 Θρᾴκην
1696 4029 1804 4064 πε-

235 4088 554 4155 ραιοῦστὶαι.
588 4088 754 4142 Τοῦτο
800 4092 843 4142 δ’
878 4092 948 4144 ἂν
989 4094 1233 4162 ’γένοιτο,
1272 4099 1320 4148 εί
1356 4101 1613 4168 χρήματα
1669 4120 1805 4172 παρα

229 4179 422 4247 ἕλοιτο
455 4182 625 4235 τακτὰ
647 4184 784 4253 πρὸς
808 4185 915 4237 τῶν
947 4188 1241 4259 τριήρεων-
1271 4191 1372 4257 τὴν
1422 4197 1803 4263 παρασκευήν.

229 4273 424 4326 Δύτὺν
450 4273 551 4342 μὲν
577 4275 684 4345 γὰρ
744 4278 997 4346 εὐπορεῖν
1028 4279 1126 4347 τῆς
1190 4284 1450 4350 ναυτικῆς
1506 4284 1805 4353 δυνάμεως·

231 4366 454 4420 δεῖσθαι
479 4367 535 4419 δέ
562 4370 862 4437 χρημάτων
891 4370 948 4433 ἐξ
970 4363 1043 4423 ὧν
1080 4372 1146 4424 ἂν
1195 4374 1433 4444 τραφείη
1458 4392 1472 4405 ·
1507 4371 1580 4431 ὧν
1632 4380 1681 4431 εί
1715 4381 1807 4431 καὶ

230 4458 408 4518 αὐτὸς
434 4459 770 4526 παράσχοιτο
795 4458 909 4523 ὅσα,
942 4458 1171 4523 δυνατὰ,
1224 4464 1471 4531 τριήρεις
1523 4466 1806 4537 ἐπιστήσει

232 4550 384 4601 κιτά
414 4548 503 4599 τὸν
571 4548 1006 4619 Ἑλλήσποντον·
1070 4552 1128 4604 αϊ
1185 4554 1627 4622 παραπλέουσαι,
1704 4560 1805 4611 οὐκ

1908 3374 2015 3427 que
2050 3360 2303 3429 gerendae
2338 3361 2654 3416 societatem
2690 3373 2883 3432 pactus
2932 3374 3036 3419 est.
3067 3366 3262 3420 Evenit
3291 3376 3472 3421 autem

1909 3447 2195 3517 quiddam,
2232 3448 2379 3518 quod
2419 3449 2470 3503 ei
2523 3450 2589 3503 ad
2629 3451 2731 3504 hoc
2780 3452 2963 3520 operis
2999 3454 3210 3506 animos
3242 3453 3474 3507 addidit.

1910 3540 2045 3594 Cum
2079 3542 2225 3594 enim
2259 3540 2512 3604 Trinobi,
2544 3542 2635 3595 ubi
2674 3542 2832 3596 sedes
2886 3542 2985 3605 illi,
3038 3543 3251 3611 publica
3288 3544 3476 3597 laetitia

1910 3633 2030 3686 dies
2057 3632 2233 3686 festus
2260 3642 2535 3702 ageretur,
2564 3633 2896 3701 plurimique
2948 3633 3207 3687 mortales
3254 3634 3476 3687 aliunde

1910 3724 2322 3805 concurrisgent
2346 3764 2361 3788 ,
2401 3727 2529 3778 dum
2581 3739 2677 3792 per
2712 3739 2805 3779 eos
2837 3724 3054 3790 transit,
3082 3724 3274 3794 legatis
3300 3725 3475 3794 impe~

1911 3816 2110 3871 ratoris
2141 3816 2637 3886 prosequentibus,
2670 3830 2861 3869 oniues
2886 3856 2901 3881 ,
2938 3831 3034 3869 sua
3061 3817 3265 3885 quique
3291 3816 3496 3886 lingua-

1911 3906 2307 3968 acclamarunt,
2337 3904 2722 3959 Cantacuzeno
2762 3905 3177 3975 gratiﬁcandum
3235 3921 3331 3975 per
3362 3921 3481 3977 om:

1911 3996 2023 4059 nia,
2055 4007 2110 4049 et
2137 3986 2470 4051 omnimOdis
2494 4012 2680 4066 pacem
2699 4012 2822 4051 cum
2846 4012 2912 4050 eo
2943 3997 3335 4052 conﬁciendam
3364 4017 3376 4051 :
3408 4014 3480 4051 ne

1911 4087 1958 4142 si
1992 4087 2038 4140 is
2067 4088 2133 4139 ad
2166 4087 2368 4140 bellum
2417 4088 2683 4154 irritetur,
2736 4088 2837 4157 ipsi
2884 4089 3239 4142 barbarorum
3285 4090 3483 4158 gladiis

1913 4178 2212 4241 intereant,
2247 4187 2302 4232 et
2327 4181 2556 4231 orabant
2578 4180 2689 4233 voti
2709 4188 2985 4248 compotes
3006 4179 3142 4234 ﬁeri.
3172 4181 3478 4235 Alexandro

1912 4278 2096 4322 autem
2146 4270 2352 4339 legatos
2389 4270 2766 4339 interrogante
2788 4310 2803 4335 ,
2834 4271 3031 4341 ecquid
3063 4272 3248 4325 audita
3279 4272 3481 4326 intelli-

1912 4370 2141 4429 gerent,
2179 4376 2302 4415 cum
2337 4370 2657 4432 negassent,
2700 4361 2885 4417 Graaee
2924 4363 3032 4416 illis
3085 4364 3479 4432 interpretatus

1912 4452 2037 4513 est",
2095 4452 2394 4521 populique
2450 4450 2925 4522 petitionem'pro
2977 4456 3205 4524 augurio
3240 4457 3476 4511 maxime

1916 4544 2129 4605 habuit,
2162 4544 2301 4597 bene
2342 4544 2476 4613 ipsis
2527 4560 2640 4597 rem
2670 4560 3053 4613 processuram
3088 4565 3099 4600 :
3140 4549 3283 4616 quod
3312 4549 3474 4601 etiam

228 4640 621 4703 ἐάσουσιτοὺς
679 4640 991 4712 βαρϐάρους
1047 4646 1478 4715 περαιουμένους
1528 4648 1806 4718 βλάπτειν.

1916 4652 1946 4689 a
1992 4640 2210 4690 nemine
2246 4637 2631 4706 interrogatus,
2660 4653 2780 4706 quae
2835 4639 2942 4692 sibi
2976 4640 3321 4709 expedirent,
3351 4657 3479 4693 sua-

232 4732 349 4785 Καὶ
398 4730 589 4783 τοῦτον
620 4732 712 4783 τὸν
767 4734 975 4801 τρόπον
1028 4735 1129 4804 τῆς
1190 4737 1415 4790 ἐκείνων
1466 4740 1809 4811 ἀπηλλάχθαι

236 4823 784 4894 περεέσταιβλάϐης.
827 4828 927 4878 ’Ἂν
959 4827 1015 4879 δὲ
1052 4828 1127 4898 μὴ
1159 4830 1380 4899 Κράλης
1436 4831 1597 4904 ἐθέλῃ
1640 4837 1812 4888 ποιεῖν

232 4916 305 4965 τὰ
336 4913 532 4965 δίκαια
566 4914 699 4983 πρὸς
733 4916 1103 4986 ἀμφοτέρους,
1134 4919 1333 4970 εἰδέναι
1364 4920 1474 4990 γὰρ
1512 4924 1603 4973 καὶ
1650 4924 1812 4975 aii-civ

236 5005 338 5057 ὑπ’
379 5004 595 5056 ἐκείνου
644 5006 999 5075 ἀδικούμενον
1048 5010 1111 5061 οὗ
1170 5011 1348 5079 μικρά
1391 5028 1533 5073 τίνα’
1567 5014 1616 5065 εί
1659 5013 1732 5082 μὴ
1777 5015 1808 5082 ἡ

242 5094 507 5166 παροῦσα
530 5095 757 5166 δύναμις
788 5098 1017 5167 ἐξαρκεῖ
1047 5101 1254 5152 ἐκεῖνον
1277 5102 1716 5169 καταναγκάζειν
1745 5104 1812 5155 τὰ

241 5190 438 5242 δέοντα
468 5190 663 5251 ποιεῖν,
697 5190 815 5241 τότε
857 5192 1165 5259 χρήσεσθαι
1192 5194 1285 5245 καὶ
1336 5196 1449 5254 τοῖς
1514 5193 1813 5263 βαρϐάροις

242 5278 539 5340 τοσούτους
574 5278 666 5329 ὑπ’
697 5278 874 5331 αὐτῶν
906 5283 1363 5350 περαιουμένους,
1392 5283 1545 5342 ὅσους
1582 5283 1813 5349 ἄγεσθαι

245 5364 299 5420 οἷ
324 5368 399 5421 ἂν
429 5368 678 5430 ἐθέλωσι,
710 5370 807 5420 καὶ
851 5371 925 5438 μὴ
952 5371 1180 5434 πολλοὺς
1208 5372 1396 5437 ὄντας,
1450 5373 1653 5443 ἀφοϐίᾳ
1688 5374 1813 5441 τρέ-

249 5458 453 5512 πεσθαι
480 5459 574 5510 ἐπὶ
608 5460 751 5527 σφᾶς
802 5462 895 5512 καὶ
928 5461 1287 5529 διαφθείρειν.
1346 5460 1586 5515 Τοιαῦτα
1647 5464 1744 5531 μὲν
1787 5465 1814 5514 ὁ

250 5548 512 5617 βασιλεὺς
544 5552 679 5621 πρὸς
705 5550 797 5603 τὸν
866 5550 1220 5622 Ἀλέξανδρον
1262 5552 1646 5623 ἐπρεσϐεύετο.
1706 5554 1815 5607 Καὶ

251 5636 428 5689 ἐδόκει
463 5638 702 5707 κάκείνῳ
760 5642 793 5708 ἡ
830 5638 1094 5707 βασιλέως
1138 5642 1462 5711 παραίνεσις
1494 5643 1814 5707 λυσιτελεῖν,

255 5732 345 5782 καὶ
374 5730 684 5783 συνετίθετο
715 5732 851 5802 πρδς
878 5734 976 5801 τὴν
1011 5734 1250 5803 πρᾶξινυ
1285 5736 1503 5804 συμϐὰν
1536 5736 1591 5788 δέ
1617 5753 1669 5788 τι
1724 5737 1817 5789 καὶ

258 5823 518 5889 τοιοῦτον,
552 5825 834 5895 ἐπέρρωσε
870 5826 1070 5894 μᾶλλον
1101 5827 1237 5896 πρὸς
1268 5827 1327 5879 τὸ
1355 5828 1538 5897 ἔργον.
1588 5828 1818 5899 Ἐορτῆς

262 5916 365 5986 {ip
389 5934 529 5981 τινος
554 5918 822 5988 δημοσίας
880 5919 1153 5988 ἀγομένης
1188 5920 1245 5975 ἐν
1292 5920 1537 5990 Τρινόϐῳ
1567 5920 1677 5982 τοῖς
1721 5920 1817 5973 αὖ.

1915 4728 2101 4793 sisset,
2134 4730 2431 4799 statimque
2457 4738 2511 4782 et
2551 4729 2667 4797 ipse
2692 4731 2877 4800 petitis
2900 4731 3249 4801 sull‘ragatus,
3275 4731 3481 4800 legatos

1915 4821 2146 4876 dimisit.
2198 4821 2522 4890 Imperator,
2559 4837 2899 4890 cognoscens
2922 4814 3293 4875 Alexandrum
3347 4820 3479 4870 hor-

1918 4914 2111 4969 tationi
2164 4929 2276 4968 suae
2321 4914 2595 4983 benignas
2631 4930 2797 4969 aures
2829 4913 3227 4973 commodasse,
3260 4921 3313 4964 et
3344 4911 3479 4964 velle

1916 5005 2209 5075 pecuniam
2256 5004 2324 5058 ad
2361 5014 2679 5073 apparatum
2711 5004 2981 5067 conferre,
3035 5002 3356 5056 mirabiliter
3382 5018 3479 5072 ga-

1916 5098 2067 5151 visus
2101 5102 2206 5161 est,
2239 5104 2393 5149 ratus
2439 5110 2501 5148 se
2533 5109 2692 5163 posse
2728 5094 2991 5147 barbaros
3041 5093 3340 5160 reprimere
3363 5134 3377 5158 ,
3410 5108 3479 5147 ne

1916 5191 2217 5252 Romanos,
2251 5186 2314 5240 Et
2349 5186 2546 5240 Messes
2589 5184 2916 5239 incursando
2949 5193 3247 5245 vastarent,
3279 5193 3335 5238 et
3381 5200 3477 5238 ac-

1914 5277 2060 5346 cingi
2088 5276 2155 5330 ad
2188 5275 2588 5344 expeditionem
2618 5274 2863 5328 navalem
2909 5274 3153 5327 barbaris
3185 5274 3481 5341 prohiben-

1918 5364 2368 5428 dis'constituit,
2420 5365 2721 5432 navalerque
2757 5366 2808 5417 in
2858 5365 3183 5433 lleptascalo
3234 5364 3481 5432 pluribus

1918 5462 2076 5514 annis
2109 5463 2223 5514 luto
2255 5459 2454 5513 ibidem
2492 5466 2818 5526 exaggerato
2844 5498 2859 5522 ,
2916 5467 2973 5510 ut
3007 5458 3315 5510 onerariam
3352 5472 3476 5509 eum

1918 5568 2086 5607 onere
2129 5551 2272 5605 haud
2315 5548 2602 5604 commode
2662 5556 2849 5618 posset
2897 5549 3185 5616 excipere,
3216 5547 3308 5599 illo
3337 5562 3501 5600 anno»

1920 5643 2244 5714 expurgavit
2279 5659 2293 5694 :
2324 5642 2613 5710 potuitque
2643 5655 2897 5710 magnum
2921 5682 2934 5703 ,
2978 5647 3031 5692 et
3064 5637 3269 5692 civitati
3303 5638 3479 5690 utilis-

1922 5737 2122 5790 simum
2156 5750 2294 5804 opus
2333 5736 2509 5789 multo
2539 5734 2724 5788 labore
2748 5772 2763 5799 ,
2800 5734 3083 5803 multoque
3113 5749 3219 5787 tere
3254 5732 3511 5784 feliciter-

1923 5826 2213 5881 conﬁcere.
2242 5825 2509 5880 Cazterum
2530 5826 2679 5891 Moesi
2697 5825 2964 5893 promissa
2990 5824 3133 5877 venti
3156 5828 3476 5891 rapuerunt;

1923 5932 2033 5973 non
2058 5918 2149 5973 diu
2180 5917 2325 5972 enim
2357 5924 2478 5985 post
2505 5932 2599 5985 per
2623 5916 2830 5986 legatos
2861 5916 2929 5972 de
2962 5914 3193 5985 pecunia
3218 5908 3479 5967 collatitia
