  <div class='ocr_page' id='page_1' title='image "/cluster/home/n/w/nwhite01/storage/ocr_20150623/154/hvd.32044073505299/095.png"; bbox 0 0 3996 6218; ppageno 0'>
   <div class='ocr_carea' id='block_1_1' title="bbox 561 484 665 545">
    <p class='ocr_par' dir='ltr' id='par_1_1' title="bbox 561 484 665 545">
     <span class='ocr_line' id='line_1_1' title="bbox 561 484 665 545; baseline 0 0"><span class='ocrx_word' id='word_1_1' title='bbox 561 484 665 545; x_wconf 84' lang='grc'>179</span> 
     </span>
    </p>
   </div>
   <div class='ocr_carea' id='block_1_2' title="bbox 1749 493 2641 556">
    <p class='ocr_par' dir='ltr' id='par_1_2' title="bbox 1749 493 2641 556">
     <span class='ocr_line' id='line_1_2' title="bbox 1749 493 2641 556; baseline 0.003 -4"><span class='ocrx_word' id='word_1_2' title='bbox 1749 493 2070 553; x_wconf 70' lang='lat' dir='ltr'>JOANNIS</span> <span class='ocrx_word' id='word_1_3' title='bbox 2112 495 2195 554; x_wconf 79' lang='lat' dir='ltr'>CA</span> <span class='ocrx_word' id='word_1_4' title='bbox 2209 496 2641 556; x_wconf 81' lang='lat' dir='ltr'>NTACUZENI</span> 
     </span>
    </p>
   </div>
   <div class='ocr_carea' id='block_1_3' title="bbox 3688 503 3779 566">
    <p class='ocr_par' dir='ltr' id='par_1_3' title="bbox 3688 503 3779 566">
     <span class='ocr_line' id='line_1_3' title="bbox 3688 503 3779 566; baseline -0.011 0"><span class='ocrx_word' id='word_1_5' title='bbox 3688 503 3779 566; x_wconf 74' lang='lat'>180</span> 
     </span>
    </p>
   </div>
   <div class='ocr_carea' id='block_1_4' title="bbox 557 597 2107 683">
    <p class='ocr_par' dir='ltr' id='par_1_4' title="bbox 557 597 2107 670">
     <span class='ocr_line' id='line_1_4' title="bbox 557 597 2107 670; baseline 0.005 -17"><span class='ocrx_word' id='word_1_6' title='bbox 557 598 901 654; x_wconf 76' lang='lat' dir='ltr'><strong>retractavit.</strong></span> <span class='ocrx_word' id='word_1_7' title='bbox 942 597 1155 653; x_wconf 86' lang='lat' dir='ltr'><strong>Cralem</strong></span> <span class='ocrx_word' id='word_1_8' title='bbox 1206 600 1409 670; x_wconf 81' lang='lat' dir='ltr'><strong>quippe</strong></span> <span class='ocrx_word' id='word_1_9' title='bbox 1453 617 1509 655; x_wconf 84' lang='lat' dir='ltr'>re</span> <span class='ocrx_word' id='word_1_10' title='bbox 1543 602 1727 656; x_wconf 87' lang='lat' dir='ltr'><strong>audita</strong></span> <span class='ocrx_word' id='word_1_11' title='bbox 1777 621 1885 659; x_wconf 92' lang='lat' dir='ltr'>non</span> <span class='ocrx_word' id='word_1_12' title='bbox 1935 608 2107 661; x_wconf 73' lang='lat' dir='ltr'><strong>levitei</strong></span> 
     </span>
    </p>
   </div>
   <div class='ocr_carea' id='block_1_5' title="bbox 2213 597 3779 683">
    <p class='ocr_par' dir='ltr' id='par_1_5' title="bbox 2230 610 3779 683">
     <span class='ocr_line' id='line_1_5' title="bbox 2230 610 3779 683; baseline 0.005 -24"><span class='ocrx_word' id='word_1_13' title='bbox 2230 611 2323 661; x_wconf 91' lang='grc' dir='ltr'>τοῦ</span> <span class='ocrx_word' id='word_1_14' title='bbox 2358 610 2670 677; x_wconf 81' lang='grc' dir='ltr'>βασιλείοις,</span> <span class='ocrx_word' id='word_1_15' title='bbox 2701 612 2793 663; x_wconf 77' lang='grc' dir='ltr'>καί</span> <span class='ocrx_word' id='word_1_16' title='bbox 2827 610 2985 679; x_wconf 72' lang='grc' dir='ltr'>ὄχλου</span> <span class='ocrx_word' id='word_1_17' title='bbox 3031 610 3282 663; x_wconf 86' lang='grc' dir='ltr'>πλείστου</span> <span class='ocrx_word' id='word_1_18' title='bbox 3341 614 3779 683; x_wconf 68' lang='grc' dir='ltr'>συνερρυηκότος,</span> 
     </span>
    </p>
   </div>
   <div class='ocr_carea' id='block_1_6' title="bbox 553 690 2117 761">
    <p class='ocr_par' dir='ltr' id='par_1_6' title="bbox 553 690 2117 761">
     <span class='ocr_line' id='line_1_6' title="bbox 553 690 2117 761; baseline 0.006 -18"><span class='ocrx_word' id='word_1_19' title='bbox 553 690 975 756; x_wconf 81' lang='lat' dir='ltr'>reprehendisse</span> <span class='ocrx_word' id='word_1_20' title='bbox 1002 730 1014 752; x_wconf 93' lang='lat'>,</span> <span class='ocrx_word' id='word_1_21' title='bbox 1048 690 1210 760; x_wconf 81' lang='lat'><strong>797</strong></span> <span class='ocrx_word' id='word_1_22' title='bbox 1255 692 1399 761; x_wconf 90' lang='lat' dir='ltr'><strong>quod</strong></span> <span class='ocrx_word' id='word_1_23' title='bbox 1440 694 1641 748; x_wconf 89' lang='lat' dir='ltr'><strong>tributa</strong></span> <span class='ocrx_word' id='word_1_24' title='bbox 1675 695 1941 750; x_wconf 80' lang='lat' dir='ltr'>Romanis</span> <span class='ocrx_word' id='word_1_25' title='bbox 1973 700 2117 752; x_wconf 86' lang='lat' dir='ltr'><strong>ultro</strong></span> 
     </span>
    </p>
   </div>
   <div class='ocr_carea' id='block_1_7' title="bbox 551 778 2118 849">
    <p class='ocr_par' dir='ltr' id='par_1_7' title="bbox 551 778 2118 849">
     <span class='ocr_line' id='line_1_7' title="bbox 551 778 2118 849; baseline 0.008 -19"><span class='ocrx_word' id='word_1_26' title='bbox 551 778 947 849; x_wconf 85' lang='lat' dir='ltr'><strong>promississet,</strong></span> <span class='ocrx_word' id='word_1_27' title='bbox 981 790 1036 833; x_wconf 90' lang='lat' dir='ltr'>ct</span> <span class='ocrx_word' id='word_1_28' title='bbox 1065 797 1185 849; x_wconf 70' lang='lat' dir='ltr'><strong>qua:</strong></span> <span class='ocrx_word' id='word_1_29' title='bbox 1220 782 1389 837; x_wconf 85' lang='lat' dir='ltr'><strong>armis</strong></span> <span class='ocrx_word' id='word_1_30' title='bbox 1419 783 1667 838; x_wconf 90' lang='lat' dir='ltr'><strong>obtinere</strong></span> <span class='ocrx_word' id='word_1_31' title='bbox 1700 785 2118 842; x_wconf 77' lang='lat' dir='ltr'><strong>Cantacuzenns</strong></span> 
     </span>
    </p>
   </div>
   <div class='ocr_carea' id='block_1_8' title="bbox 551 871 2113 943">
    <p class='ocr_par' dir='ltr' id='par_1_8' title="bbox 551 871 2113 943">
     <span class='ocr_line' id='line_1_8' title="bbox 551 871 2113 943; baseline 0.007 -20"><span class='ocrx_word' id='word_1_32' title='bbox 551 871 835 938; x_wconf 76' lang='lat' dir='ltr'><strong>nequiret,</strong></span> <span class='ocrx_word' id='word_1_33' title='bbox 890 871 1005 925; x_wconf 74' lang='lat' dir='ltr'><strong>lucc</strong></span> <span class='ocrx_word' id='word_1_34' title='bbox 1054 872 1157 925; x_wconf 87' lang='lat' dir='ltr'><strong>sibi</strong></span> <span class='ocrx_word' id='word_1_35' title='bbox 1218 873 1342 927; x_wconf 87' lang='lat' dir='ltr'>dolo</span> <span class='ocrx_word' id='word_1_36' title='bbox 1378 877 1694 943; x_wconf 72' lang='lat' dir='ltr'><strong>persuaderi</strong></span> <span class='ocrx_word' id='word_1_37' title='bbox 1740 879 2113 934; x_wconf 76' lang='lat' dir='ltr'><strong>suSIinuisset.</strong></span> 
     </span>
    </p>
   </div>
   <div class='ocr_carea' id='block_1_9' title="bbox 547 960 2116 1037">
    <p class='ocr_par' dir='ltr' id='par_1_9' title="bbox 547 960 2116 1037">
     <span class='ocr_line' id='line_1_9' title="bbox 547 960 2116 1037; baseline 0.008 -26"><span class='ocrx_word' id='word_1_38' title='bbox 547 960 731 1024; x_wconf 85' lang='lat' dir='ltr'><strong>Quare</strong></span> <span class='ocrx_word' id='word_1_39' title='bbox 766 976 825 1013; x_wconf 88' lang='lat' dir='ltr'>se</span> <span class='ocrx_word' id='word_1_40' title='bbox 855 961 1126 1028; x_wconf 89' lang='lat' dir='ltr'><strong>promissa</strong></span> <span class='ocrx_word' id='word_1_41' title='bbox 1163 972 1371 1017; x_wconf 74' lang='lat' dir='ltr'><strong>tantum</strong></span> <span class='ocrx_word' id='word_1_42' title='bbox 1404 966 1643 1020; x_wconf 84' lang='lat' dir='ltr'><strong>dedecus</strong></span> <span class='ocrx_word' id='word_1_43' title='bbox 1677 967 1804 1030; x_wconf 87' lang='lat' dir='ltr'><strong>sibi,</strong></span> <span class='ocrx_word' id='word_1_44' title='bbox 1837 984 1899 1022; x_wconf 86' lang='lat' dir='ltr'>ac</span> <span class='ocrx_word' id='word_1_45' title='bbox 1929 969 2116 1037; x_wconf 78' lang='lat' dir='ltr'>generi</span> 
     </span>
    </p>
   </div>
   <div class='ocr_carea' id='block_1_10' title="bbox 545 1052 2114 1125">
    <p class='ocr_par' dir='ltr' id='par_1_10' title="bbox 545 1052 2114 1125">
     <span class='ocr_line' id='line_1_10' title="bbox 545 1052 2114 1125; baseline 0.009 -23"><span class='ocrx_word' id='word_1_46' title='bbox 545 1068 646 1103; x_wconf 87' lang='lat' dir='ltr'>suo</span> <span class='ocrx_word' id='word_1_47' title='bbox 678 1052 977 1109; x_wconf 85' lang='lat' dir='ltr'><strong>inm-entia.</strong></span> <span class='ocrx_word' id='word_1_48' title='bbox 1013 1054 1325 1120; x_wconf 83' lang='lat' dir='ltr'><strong>persolvere</strong></span> <span class='ocrx_word' id='word_1_49' title='bbox 1355 1072 1461 1109; x_wconf 91' lang='lat' dir='ltr'>non</span> <span class='ocrx_word' id='word_1_50' title='bbox 1499 1073 1678 1125; x_wconf 84' lang='lat' dir='ltr'><strong>posse.</strong></span> <span class='ocrx_word' id='word_1_51' title='bbox 1717 1059 1829 1114; x_wconf 84' lang='lat' dir='ltr'><strong>[lac</strong></span> <span class='ocrx_word' id='word_1_52' title='bbox 1861 1061 1928 1114; x_wconf 91' lang='lat' dir='ltr'>de</span> <span class='ocrx_word' id='word_1_53' title='bbox 1953 1077 2114 1116; x_wconf 87' lang='lat' dir='ltr'><strong>causa</strong></span> 
     </span>
    </p>
   </div>
   <div class='ocr_carea' id='block_1_11' title="bbox 546 1136 2117 1220">
    <p class='ocr_par' dir='ltr' id='par_1_11' title="bbox 546 1136 2117 1220">
     <span class='ocr_line' id='line_1_11' title="bbox 546 1136 2117 1220; baseline 0.008 -26"><span class='ocrx_word' id='word_1_54' title='bbox 546 1158 655 1195; x_wconf 86' lang='lat' dir='ltr'>non</span> <span class='ocrx_word' id='word_1_55' title='bbox 692 1159 879 1209; x_wconf 85' lang='lat' dir='ltr'><strong>parum</strong></span> <span class='ocrx_word' id='word_1_56' title='bbox 916 1144 1230 1212; x_wconf 77' lang='lat' dir='ltr'><strong>indignatus</strong></span> <span class='ocrx_word' id='word_1_57' title='bbox 1254 1147 1569 1215; x_wconf 83' lang='lat' dir='ltr'><strong>imperator,</strong></span> <span class='ocrx_word' id='word_1_58' title='bbox 1604 1150 1802 1204; x_wconf 88' lang='lat' dir='ltr'><strong>docere</strong></span> <span class='ocrx_word' id='word_1_59' title='bbox 1830 1136 2117 1220; x_wconf 78' lang='lat' dir='ltr'><strong>aggressus</strong></span> 
     </span>
    </p>
   </div>
   <div class='ocr_carea' id='block_1_12' title="bbox 546 1235 2118 1303">
    <p class='ocr_par' dir='ltr' id='par_1_12' title="bbox 546 1235 2118 1303">
     <span class='ocr_line' id='line_1_12' title="bbox 546 1235 2118 1303; baseline 0.011 -20"><span class='ocrx_word' id='word_1_60' title='bbox 546 1244 627 1286; x_wconf 78' lang='lat' dir='ltr'>cst</span> <span class='ocrx_word' id='word_1_61' title='bbox 661 1250 813 1287; x_wconf 89' lang='lat' dir='ltr'><strong>suam</strong></span> <span class='ocrx_word' id='word_1_62' title='bbox 858 1252 1019 1303; x_wconf 90' lang='lat' dir='ltr'><strong>quam</strong></span> <span class='ocrx_word' id='word_1_63' title='bbox 1069 1235 1244 1290; x_wconf 89' lang='lat' dir='ltr'><strong>Cralis</strong></span> <span class='ocrx_word' id='word_1_64' title='bbox 1294 1240 1722 1295; x_wconf 86' lang='lat' dir='ltr'><strong>admonitionem</strong></span> <span class='ocrx_word' id='word_1_65' title='bbox 1765 1244 1837 1297; x_wconf 90' lang='lat' dir='ltr'><strong>illi</strong></span> <span class='ocrx_word' id='word_1_66' title='bbox 1871 1245 2118 1299; x_wconf 79' lang='lat' dir='ltr'><strong>fructuo—</strong></span> 
     </span>
    </p>
   </div>
   <div class='ocr_carea' id='block_1_13' title="bbox 547 1326 2113 1397">
    <p class='ocr_par' dir='ltr' id='par_1_13' title="bbox 547 1326 2113 1397">
     <span class='ocr_line' id='line_1_13' title="bbox 547 1326 2113 1397; baseline 0.009 -22"><span class='ocrx_word' id='word_1_67' title='bbox 547 1326 745 1376; x_wconf 79' lang='lat' dir='ltr'><strong>siorem</strong></span> <span class='ocrx_word' id='word_1_68' title='bbox 779 1327 931 1387; x_wconf 80' lang='lat' dir='ltr'><strong>fore;</strong></span> <span class='ocrx_word' id='word_1_69' title='bbox 965 1327 1079 1394; x_wconf 89' lang='lat' dir='ltr'><strong>qui,</strong></span> <span class='ocrx_word' id='word_1_70' title='bbox 1112 1336 1170 1379; x_wconf 92' lang='lat' dir='ltr'>ut</span> <span class='ocrx_word' id='word_1_71' title='bbox 1206 1328 1369 1383; x_wconf 87' lang='lat' dir='ltr'><strong>homo</strong></span> <span class='ocrx_word' id='word_1_72' title='bbox 1416 1330 1633 1385; x_wconf 71' lang='lat' dir='ltr'><strong>invidus</strong></span> <span class='ocrx_word' id='word_1_73' title='bbox 1668 1343 1719 1384; x_wconf 89' lang='lat' dir='ltr'>et</span> <span class='ocrx_word' id='word_1_74' title='bbox 1776 1334 2072 1389; x_wconf 86' lang='lat' dir='ltr'><strong>insidiosus</strong></span> <span class='ocrx_word' id='word_1_75' title='bbox 2098 1378 2113 1397; x_wconf 87' lang='grc'>,</span> 
     </span>
    </p>
   </div>
   <div class='ocr_carea' id='block_1_14' title="bbox 548 1416 2116 1490">
    <p class='ocr_par' dir='ltr' id='par_1_14' title="bbox 548 1416 2116 1490">
     <span class='ocr_line' id='line_1_14' title="bbox 548 1416 2116 1490; baseline 0.008 -23"><span class='ocrx_word' id='word_1_76' title='bbox 548 1430 771 1482; x_wconf 80' lang='lat' dir='ltr'><strong>semper</strong></span> <span class='ocrx_word' id='word_1_77' title='bbox 806 1431 867 1469; x_wconf 90' lang='lat' dir='ltr'>ea</span> <span class='ocrx_word' id='word_1_78' title='bbox 900 1416 1214 1471; x_wconf 88' lang='lat' dir='ltr'><strong>disturbare</strong></span> <span class='ocrx_word' id='word_1_79' title='bbox 1246 1422 1474 1485; x_wconf 87' lang='lat' dir='ltr'><strong>nitatur,</strong></span> <span class='ocrx_word' id='word_1_80' title='bbox 1522 1439 1641 1490; x_wconf 66' lang='lat' dir='ltr'><strong>quae</strong></span> <span class='ocrx_word' id='word_1_81' title='bbox 1673 1423 1772 1490; x_wconf 85' lang='lat' dir='ltr'><strong>ipsi</strong></span> <span class='ocrx_word' id='word_1_82' title='bbox 1804 1425 2116 1481; x_wconf 81' lang='lat' dir='ltr'><strong>Alexandro</strong></span> 
     </span>
    </p>
   </div>
   <div class='ocr_carea' id='block_1_15' title="bbox 546 1505 2113 1574">
    <p class='ocr_par' dir='ltr' id='par_1_15' title="bbox 546 1505 2113 1574">
     <span class='ocr_line' id='line_1_15' title="bbox 546 1505 2113 1574; baseline 0.01 -20"><span class='ocrx_word' id='word_1_83' title='bbox 546 1505 776 1571; x_wconf 86' lang='lat' dir='ltr'><strong>ejusque</strong></span> <span class='ocrx_word' id='word_1_84' title='bbox 817 1507 1018 1574; x_wconf 86' lang='lat' dir='ltr'><strong>populo</strong></span> <span class='ocrx_word' id='word_1_85' title='bbox 1050 1507 1210 1561; x_wconf 73' lang='lat' dir='ltr'><strong>valde</strong></span> <span class='ocrx_word' id='word_1_86' title='bbox 1258 1510 1595 1563; x_wconf 88' lang='lat' dir='ltr'><strong>conductura</strong></span> <span class='ocrx_word' id='word_1_87' title='bbox 1655 1512 1780 1565; x_wconf 89' lang='lat' dir='ltr'><strong>sint.</strong></span> <span class='ocrx_word' id='word_1_88' title='bbox 1818 1514 1936 1568; x_wconf 87' lang='lat' dir='ltr'><strong>Non</strong></span> <span class='ocrx_word' id='word_1_89' title='bbox 1967 1516 2113 1568; x_wconf 89' lang='lat' dir='ltr'><strong>enim</strong></span> 
     </span>
    </p>
   </div>
   <div class='ocr_carea' id='block_1_16' title="bbox 545 1596 2115 1669">
    <p class='ocr_par' dir='ltr' id='par_1_16' title="bbox 545 1596 2115 1669">
     <span class='ocr_line' id='line_1_16' title="bbox 545 1596 2115 1669; baseline 0.01 -23"><span class='ocrx_word' id='word_1_90' title='bbox 545 1596 920 1649; x_wconf 81' lang='lat' dir='ltr'><strong>Alexandrum</strong></span> <span class='ocrx_word' id='word_1_91' title='bbox 957 1598 1160 1652; x_wconf 85' lang='lat' dir='ltr'><strong>tributa</strong></span> <span class='ocrx_word' id='word_1_92' title='bbox 1200 1602 1469 1669; x_wconf 85' lang='lat' dir='ltr'><strong>pendere,</strong></span> <span class='ocrx_word' id='word_1_93' title='bbox 1520 1614 1578 1657; x_wconf 92' lang='lat' dir='ltr'>ut</span> <span class='ocrx_word' id='word_1_94' title='bbox 1614 1604 1703 1658; x_wconf 89' lang='lat' dir='ltr'><strong>ille</strong></span> <span class='ocrx_word' id='word_1_95' title='bbox 1736 1605 2115 1663; x_wconf 79' lang='lat' dir='ltr'><strong>fraudulentus</strong></span> 
     </span>
    </p>
   </div>
   <div class='ocr_carea' id='block_1_17' title="bbox 546 1686 2115 1763">
    <p class='ocr_par' dir='ltr' id='par_1_17' title="bbox 546 1686 2115 1763">
     <span class='ocr_line' id='line_1_17' title="bbox 546 1686 2115 1763; baseline 0.013 -29"><span class='ocrx_word' id='word_1_96' title='bbox 546 1686 1018 1753; x_wconf 59' lang='lat' dir='ltr'><strong>cominiu&#39;yscatur,</strong></span> <span class='ocrx_word' id='word_1_97' title='bbox 1069 1690 1163 1743; x_wconf 91' lang='lat' dir='ltr'>sed</span> <span class='ocrx_word' id='word_1_98' title='bbox 1196 1690 1248 1743; x_wconf 91' lang='lat' dir='ltr'>in</span> <span class='ocrx_word' id='word_1_99' title='bbox 1300 1693 1463 1747; x_wconf 87' lang='lat' dir='ltr'><strong>rebus</strong></span> <span class='ocrx_word' id='word_1_100' title='bbox 1507 1694 1738 1763; x_wconf 89' lang='lat' dir='ltr'><strong>imperio</strong></span> <span class='ocrx_word' id='word_1_101' title='bbox 1794 1701 2115 1754; x_wconf 80' lang='lat' dir='ltr'><strong>necessariis</strong></span> 
     </span>
    </p>
   </div>
   <div class='ocr_carea' id='block_1_18' title="bbox 545 1777 2114 1856">
    <p class='ocr_par' dir='ltr' id='par_1_18' title="bbox 545 1777 2114 1856">
     <span class='ocr_line' id='line_1_18' title="bbox 545 1777 2114 1856; baseline 0.01 -28"><span class='ocrx_word' id='word_1_102' title='bbox 545 1777 820 1831; x_wconf 83' lang='lat' dir='ltr'><strong>collocare</strong></span> <span class='ocrx_word' id='word_1_103' title='bbox 856 1780 1184 1846; x_wconf 85' lang='lat' dir='ltr'><strong>pecuniam,</strong></span> <span class='ocrx_word' id='word_1_104' title='bbox 1219 1783 1322 1835; x_wconf 80' lang='lat' dir='ltr'><strong>nisi</strong></span> <span class='ocrx_word' id='word_1_105' title='bbox 1347 1800 1468 1850; x_wconf 75' lang='lat' dir='ltr'><strong>quae</strong></span> <span class='ocrx_word' id='word_1_106' title='bbox 1519 1788 1633 1839; x_wconf 88' lang='lat' dir='ltr'><strong>suis</strong></span> <span class='ocrx_word' id='word_1_107' title='bbox 1664 1787 1893 1856; x_wconf 83' lang='lat' dir='ltr'><strong>ipsemet</strong></span> <span class='ocrx_word' id='word_1_108' title='bbox 1927 1790 2114 1844; x_wconf 87' lang='lat' dir='ltr'><strong>militi-</strong></span> 
     </span>
    </p>
   </div>
   <div class='ocr_carea' id='block_1_19' title="bbox 547 1866 2110 1936">
    <p class='ocr_par' dir='ltr' id='par_1_19' title="bbox 547 1866 2110 1936">
     <span class='ocr_line' id='line_1_19' title="bbox 547 1866 2110 1936; baseline 0.011 -17"><span class='ocrx_word' id='word_1_109' title='bbox 547 1866 654 1920; x_wconf 91' lang='lat' dir='ltr'>bus</span> <span class='ocrx_word' id='word_1_110' title='bbox 680 1868 951 1936; x_wconf 83' lang='lat' dir='ltr'><strong>stipendia</strong></span> <span class='ocrx_word' id='word_1_111' title='bbox 986 1871 1167 1936; x_wconf 84' lang='lat' dir='ltr'><strong>solvit,</strong></span> <span class='ocrx_word' id='word_1_112' title='bbox 1200 1873 1403 1927; x_wconf 88' lang='lat' dir='ltr'><strong>tributa</strong></span> <span class='ocrx_word' id='word_1_113' title='bbox 1437 1876 1705 1932; x_wconf 88' lang='lat' dir='ltr'><strong>nominet.</strong></span> <span class='ocrx_word' id='word_1_114' title='bbox 1740 1880 1938 1933; x_wconf 85' lang='lat' dir='ltr'><strong>Verum</strong></span> <span class='ocrx_word' id='word_1_115' title='bbox 1975 1883 2110 1936; x_wconf 83' lang='lat' dir='ltr'><strong>nihil</strong></span> 
     </span>
    </p>
   </div>
   <div class='ocr_carea' id='block_1_20' title="bbox 545 1959 2109 2029">
    <p class='ocr_par' dir='ltr' id='par_1_20' title="bbox 545 1959 2109 2029">
     <span class='ocr_line' id='line_1_20' title="bbox 545 1959 2109 2029; baseline 0.012 -18"><span class='ocrx_word' id='word_1_116' title='bbox 545 1959 743 2014; x_wconf 87' lang='lat' dir='ltr'><strong>horum</strong></span> <span class='ocrx_word' id='word_1_117' title='bbox 770 1962 835 2014; x_wconf 88' lang='lat' dir='ltr'>ad</span> <span class='ocrx_word' id='word_1_118' title='bbox 870 1964 1238 2018; x_wconf 78' lang='lat' dir='ltr'><strong>Alexandrum</strong></span> <span class='ocrx_word' id='word_1_119' title='bbox 1282 1967 1657 2023; x_wconf 88' lang='lat' dir='ltr'><strong>inducendum</strong></span> <span class='ocrx_word' id='word_1_120' title='bbox 1710 1973 1843 2026; x_wconf 87' lang='lat' dir='ltr'><strong>satis</strong></span> <span class='ocrx_word' id='word_1_121' title='bbox 1874 1976 2109 2029; x_wconf 78' lang='lat' dir='ltr'><strong>valebat.</strong></span> 
     </span>
    </p>
   </div>
   <div class='ocr_carea' id='block_1_21' title="bbox 544 2052 2115 2135">
    <p class='ocr_par' dir='ltr' id='par_1_21' title="bbox 544 2052 2115 2135">
     <span class='ocr_line' id='line_1_21' title="bbox 544 2052 2115 2135; baseline 0.011 -32"><span class='ocrx_word' id='word_1_122' title='bbox 544 2052 853 2120; x_wconf 85' lang='lat' dir='ltr'><strong>Imperator</strong></span> <span class='ocrx_word' id='word_1_123' title='bbox 894 2055 1271 2111; x_wconf 89' lang='lat' dir='ltr'><strong>imminentem</strong></span> <span class='ocrx_word' id='word_1_124' title='bbox 1310 2074 1341 2111; x_wconf 92' lang='lat' dir='ltr'>a</span> <span class='ocrx_word' id='word_1_125' title='bbox 1374 2059 1630 2116; x_wconf 86' lang='lat' dir='ltr'><strong>Barbaris</strong></span> <span class='ocrx_word' id='word_1_126' title='bbox 1655 2063 1863 2117; x_wconf 86' lang='lat' dir='ltr'><strong>cladem</strong></span> <span class='ocrx_word' id='word_1_127' title='bbox 1895 2066 1944 2119; x_wconf 91' lang='lat' dir='ltr'>ci</span> <span class='ocrx_word' id='word_1_128' title='bbox 1976 2083 2115 2135; x_wconf 76' lang='lat' dir='ltr'><strong>prze-</strong></span> 
     </span>
    </p>
   </div>
   <div class='ocr_carea' id='block_1_22' title="bbox 542 2143 2113 2220">
    <p class='ocr_par' dir='ltr' id='par_1_22' title="bbox 542 2143 2113 2220">
     <span class='ocr_line' id='line_1_22' title="bbox 542 2143 2113 2220; baseline 0.01 -25"><span class='ocrx_word' id='word_1_129' title='bbox 542 2143 753 2207; x_wconf 88' lang='lat' dir='ltr'><strong>diceus,</strong></span> <span class='ocrx_word' id='word_1_130' title='bbox 794 2155 847 2198; x_wconf 89' lang='lat' dir='ltr'>et</span> <span class='ocrx_word' id='word_1_131' title='bbox 892 2147 1225 2211; x_wconf 74' lang='lat' dir='ltr'><strong>testiﬁcaris,</strong></span> <span class='ocrx_word' id='word_1_132' title='bbox 1263 2158 1392 2203; x_wconf 91' lang='lat' dir='ltr'><strong>tunc</strong></span> <span class='ocrx_word' id='word_1_133' title='bbox 1428 2161 1653 2220; x_wconf 87' lang='lat' dir='ltr'><strong>propter</strong></span> <span class='ocrx_word' id='word_1_134' title='bbox 1712 2156 1868 2207; x_wconf 90' lang='lat' dir='ltr'><strong>istam</strong></span> <span class='ocrx_word' id='word_1_135' title='bbox 1920 2171 2113 2210; x_wconf 88' lang='lat' dir='ltr'><strong>amen-</strong></span> 
     </span>
    </p>
   </div>
   <div class='ocr_carea' id='block_1_23' title="bbox 543 2235 2113 2311">
    <p class='ocr_par' dir='ltr' id='par_1_23' title="bbox 543 2235 2113 2311">
     <span class='ocr_line' id='line_1_23' title="bbox 543 2235 2113 2311; baseline 0.01 -26"><span class='ocrx_word' id='word_1_136' title='bbox 543 2235 673 2286; x_wconf 77' lang='lat' dir='ltr'><strong>tiam</strong></span> <span class='ocrx_word' id='word_1_137' title='bbox 710 2238 1053 2302; x_wconf 58' lang='lat' dir='ltr'><strong>paenitudine</strong></span> <span class='ocrx_word' id='word_1_138' title='bbox 1078 2248 1278 2293; x_wconf 88' lang='lat' dir='ltr'><strong>tactum</strong></span> <span class='ocrx_word' id='word_1_139' title='bbox 1312 2241 1403 2304; x_wconf 90' lang='lat' dir='ltr'><strong>iri,</strong></span> <span class='ocrx_word' id='word_1_140' title='bbox 1434 2242 1655 2309; x_wconf 87' lang='lat' dir='ltr'><strong>quando</strong></span> <span class='ocrx_word' id='word_1_141' title='bbox 1674 2244 1944 2311; x_wconf 72' lang='lat' dir='ltr'><strong>pmnitere</strong></span> <span class='ocrx_word' id='word_1_142' title='bbox 1976 2247 2113 2302; x_wconf 86' lang='lat' dir='ltr'><strong>nihil</strong></span> 
     </span>
    </p>
   </div>
   <div class='ocr_carea' id='block_1_24' title="bbox 538 2326 2109 2405">
    <p class='ocr_par' dir='ltr' id='par_1_24' title="bbox 538 2326 2109 2405">
     <span class='ocr_line' id='line_1_24' title="bbox 538 2326 2109 2405; baseline 0.01 -29"><span class='ocrx_word' id='word_1_143' title='bbox 538 2326 811 2394; x_wconf 87' lang='lat' dir='ltr'><strong>proderit,</strong></span> <span class='ocrx_word' id='word_1_144' title='bbox 846 2330 1158 2385; x_wconf 90' lang='lat' dir='ltr'><strong>hortatione</strong></span> <span class='ocrx_word' id='word_1_145' title='bbox 1194 2332 1427 2386; x_wconf 87' lang='lat' dir='ltr'><strong>destitit.</strong></span> <span class='ocrx_word' id='word_1_146' title='bbox 1463 2332 1593 2398; x_wconf 63' lang='lat' dir='ltr'><strong>Quae</strong></span> <span class='ocrx_word' id='word_1_147' title='bbox 1643 2336 1827 2389; x_wconf 84' lang='lat' dir='ltr'><strong>omnia</strong></span> <span class='ocrx_word' id='word_1_148' title='bbox 1864 2347 2109 2405; x_wconf 89' lang='lat' dir='ltr'><strong>postmo-</strong></span> 
     </span>
    </p>
   </div>
   <div class='ocr_carea' id='block_1_25' title="bbox 539 2416 1157 2477">
    <p class='ocr_par' dir='ltr' id='par_1_25' title="bbox 539 2416 1157 2477">
     <span class='ocr_line' id='line_1_25' title="bbox 539 2416 1157 2477; baseline 0.016 -10"><span class='ocrx_word' id='word_1_149' title='bbox 539 2416 670 2469; x_wconf 87' lang='lat' dir='ltr'>dum</span> <span class='ocrx_word' id='word_1_150' title='bbox 715 2417 785 2471; x_wconf 86' lang='lat' dir='ltr'>ita</span> <span class='ocrx_word' id='word_1_151' title='bbox 815 2420 1157 2477; x_wconf 84' lang='lat' dir='ltr'><strong>acciderunt.</strong></span> 
     </span>
    </p>
   </div>
   <div class='ocr_carea' id='block_1_26' title="bbox 2225 701 3782 773">
    <p class='ocr_par' dir='ltr' id='par_1_26' title="bbox 2225 701 3782 773">
     <span class='ocr_line' id='line_1_26' title="bbox 2225 701 3782 773; baseline 0.006 -21"><span class='ocrx_word' id='word_1_152' title='bbox 2225 702 2349 754; x_wconf 74' lang='grc' dir='ltr'>ἐπεὶ</span> <span class='ocrx_word' id='word_1_153' title='bbox 2377 701 2579 771; x_wconf 80' lang='grc' dir='ltr'>παρῄει</span> <span class='ocrx_word' id='word_1_154' title='bbox 2608 701 2676 754; x_wconf 82' lang='grc' dir='ltr'>δι’</span> <span class='ocrx_word' id='word_1_155' title='bbox 2700 701 2922 753; x_wconf 75' lang='grc' dir='ltr'>ἐκείνων</span> <span class='ocrx_word' id='word_1_156' title='bbox 2952 701 3047 754; x_wconf 79' lang='grc' dir='ltr'>καὶ</span> <span class='ocrx_word' id='word_1_157' title='bbox 3077 702 3187 754; x_wconf 88' lang='grc' dir='ltr'>τῶν</span> <span class='ocrx_word' id='word_1_158' title='bbox 3220 701 3485 771; x_wconf 87' lang='grc' dir='ltr'>βασιλέως</span> <span class='ocrx_word' id='word_1_159' title='bbox 3512 705 3782 773; x_wconf 73' lang='grc' dir='ltr'>ἑπομένων</span> 
     </span>
    </p>
   </div>
   <div class='ocr_carea' id='block_1_27' title="bbox 2225 790 3782 862">
    <p class='ocr_par' dir='ltr' id='par_1_27' title="bbox 2225 790 3782 862">
     <span class='ocr_line' id='line_1_27' title="bbox 2225 790 3782 862; baseline 0.003 -18"><span class='ocrx_word' id='word_1_160' title='bbox 2225 791 2536 861; x_wconf 88' lang='grc' dir='ltr'>πρέσϐεων,</span> <span class='ocrx_word' id='word_1_161' title='bbox 2590 794 2657 861; x_wconf 81' lang='grc' dir='ltr'>τῇ</span> <span class='ocrx_word' id='word_1_162' title='bbox 2682 792 2919 860; x_wconf 77' lang='grc' dir='ltr'>σφετέρᾳ</span> <span class='ocrx_word' id='word_1_163' title='bbox 2944 790 3210 861; x_wconf 84' lang='grc' dir='ltr'>διαλέκτῳ</span> <span class='ocrx_word' id='word_1_164' title='bbox 3270 794 3475 856; x_wconf 87' lang='grc' dir='ltr'>πάντες</span> <span class='ocrx_word' id='word_1_165' title='bbox 3526 796 3782 862; x_wconf 72' lang='grc' dir='ltr'>ἐπεϐόων,</span> 
     </span>
    </p>
   </div>
   <div class='ocr_carea' id='block_1_28' title="bbox 2222 879 3787 950">
    <p class='ocr_par' dir='ltr' id='par_1_28' title="bbox 2222 879 3787 950">
     <span class='ocr_line' id='line_1_28' title="bbox 2222 879 3787 950; baseline 0.005 -18"><span class='ocrx_word' id='word_1_166' title='bbox 2222 880 2297 943; x_wconf 84' lang='grc' dir='ltr'>ὡς</span> <span class='ocrx_word' id='word_1_167' title='bbox 2325 881 2405 933; x_wconf 89' lang='grc' dir='ltr'>δεῖ</span> <span class='ocrx_word' id='word_1_168' title='bbox 2441 879 2878 950; x_wconf 74' lang='grc' dir='ltr'>Καντακουζηνῷ</span> <span class='ocrx_word' id='word_1_169' title='bbox 2909 882 2987 949; x_wconf 84' lang='grc' dir='ltr'>τῷ</span> <span class='ocrx_word' id='word_1_170' title='bbox 3016 881 3231 949; x_wconf 85' lang='grc' dir='ltr'>βασιλεῖ</span> <span class='ocrx_word' id='word_1_171' title='bbox 3274 884 3453 937; x_wconf 88' lang='grc' dir='ltr'>πάντα</span> <span class='ocrx_word' id='word_1_172' title='bbox 3499 888 3677 938; x_wconf 84' lang='grc' dir='ltr'>ποιεῖν</span> <span class='ocrx_word' id='word_1_173' title='bbox 3727 888 3787 940; x_wconf 77' lang='grc' dir='ltr'>τά</span> 
     </span>
    </p>
   </div>
   <div class='ocr_carea' id='block_1_29' title="bbox 2225 970 3787 1045">
    <p class='ocr_par' dir='ltr' id='par_1_29' title="bbox 2225 970 3787 1045">
     <span class='ocr_line' id='line_1_29' title="bbox 2225 970 3787 1045; baseline 0.004 -21"><span class='ocrx_word' id='word_1_174' title='bbox 2225 973 2367 1024; x_wconf 86' lang='grc' dir='ltr'>κατά</span> <span class='ocrx_word' id='word_1_175' title='bbox 2397 971 2649 1040; x_wconf 86' lang='grc' dir='ltr'>γνώμην,</span> <span class='ocrx_word' id='word_1_176' title='bbox 2675 972 2771 1025; x_wconf 77' lang='grc' dir='ltr'>καὶ</span> <span class='ocrx_word' id='word_1_177' title='bbox 2805 970 2903 1041; x_wconf 82' lang='grc' dir='ltr'>τὴν</span> <span class='ocrx_word' id='word_1_178' title='bbox 2954 973 3182 1041; x_wconf 76' lang='grc' dir='ltr'>εἰρήνην</span> <span class='ocrx_word' id='word_1_179' title='bbox 3214 974 3279 1025; x_wconf 89' lang='grc' dir='ltr'>ἐκ</span> <span class='ocrx_word' id='word_1_180' title='bbox 3341 976 3540 1037; x_wconf 84' lang='grc' dir='ltr'>παντὸς</span> <span class='ocrx_word' id='word_1_181' title='bbox 3591 978 3787 1045; x_wconf 83' lang='grc' dir='ltr'>τρόπου</span> 
     </span>
    </p>
   </div>
   <div class='ocr_carea' id='block_1_30' title="bbox 2221 1062 3784 1135">
    <p class='ocr_par' dir='ltr' id='par_1_30' title="bbox 2221 1062 3784 1135">
     <span class='ocr_line' id='line_1_30' title="bbox 2221 1062 3784 1135; baseline 0.004 -20"><span class='ocrx_word' id='word_1_182' title='bbox 2221 1063 2322 1131; x_wconf 86' lang='grc' dir='ltr'>τὴν</span> <span class='ocrx_word' id='word_1_183' title='bbox 2353 1062 2489 1131; x_wconf 68' lang='grc' dir='ltr'>πρὸς</span> <span class='ocrx_word' id='word_1_184' title='bbox 2527 1062 2689 1114; x_wconf 78' lang='grc' dir='ltr'>αὐτὸν</span> <span class='ocrx_word' id='word_1_185' title='bbox 2715 1062 3014 1131; x_wconf 82' lang='grc' dir='ltr'>αἱρεῖσθαι,</span> <span class='ocrx_word' id='word_1_186' title='bbox 3048 1063 3135 1115; x_wconf 84' lang='grc' dir='ltr'>ἵνα</span> <span class='ocrx_word' id='word_1_187' title='bbox 3167 1062 3243 1133; x_wconf 76' lang='grc' dir='ltr'>μὴ</span> <span class='ocrx_word' id='word_1_188' title='bbox 3292 1065 3784 1135; x_wconf 85' lang='grc' dir='ltr'>ἐκπολεμωθέντος,</span> 
     </span>
    </p>
   </div>
   <div class='ocr_carea' id='block_1_31' title="bbox 2221 1154 3784 1230">
    <p class='ocr_par' dir='ltr' id='par_1_31' title="bbox 2221 1154 3784 1230">
     <span class='ocr_line' id='line_1_31' title="bbox 2221 1154 3784 1230; baseline 0.003 -24"><span class='ocrx_word' id='word_1_189' title='bbox 2221 1155 2531 1207; x_wconf 79' lang='grc' dir='ltr'>ἀπόλωνται</span> <span class='ocrx_word' id='word_1_190' title='bbox 2570 1154 2723 1208; x_wconf 85' lang='grc' dir='ltr'>αύτοί</span> <span class='ocrx_word' id='word_1_191' title='bbox 2756 1154 3157 1224; x_wconf 77' lang='grc' dir='ltr'>διαφθαρέντες</span> <span class='ocrx_word' id='word_1_192' title='bbox 3198 1156 3301 1208; x_wconf 80' lang='grc' dir='ltr'>ὑπὸ</span> <span class='ocrx_word' id='word_1_193' title='bbox 3338 1158 3445 1209; x_wconf 90' lang='grc' dir='ltr'>τῶν</span> <span class='ocrx_word' id='word_1_194' title='bbox 3475 1158 3784 1230; x_wconf 84' lang='grc' dir='ltr'>βαρϐάρων,</span> 
     </span>
    </p>
   </div>
   <div class='ocr_carea' id='block_1_32' title="bbox 2224 1245 3785 1316">
    <p class='ocr_par' dir='ltr' id='par_1_32' title="bbox 2224 1245 3785 1316">
     <span class='ocr_line' id='line_1_32' title="bbox 2224 1245 3785 1316; baseline 0.003 -17"><span class='ocrx_word' id='word_1_195' title='bbox 2224 1249 2320 1299; x_wconf 66' lang='grc' dir='ltr'>καὶ</span> <span class='ocrx_word' id='word_1_196' title='bbox 2354 1246 2563 1298; x_wconf 84' lang='grc' dir='ltr'>ἐδέοντο</span> <span class='ocrx_word' id='word_1_197' title='bbox 2592 1245 2879 1299; x_wconf 86' lang='grc' dir='ltr'>πείθεσθαι</span> <span class='ocrx_word' id='word_1_198' title='bbox 2911 1246 3113 1308; x_wconf 73' lang='grc' dir='ltr'>αὐτοῖς.</span> <span class='ocrx_word' id='word_1_199' title='bbox 3189 1245 3542 1316; x_wconf 78' lang='grc' dir='ltr'>Ἀλεξάνδρου</span> <span class='ocrx_word' id='word_1_200' title='bbox 3598 1251 3654 1303; x_wconf 89' lang='grc' dir='ltr'>δὲ</span> <span class='ocrx_word' id='word_1_201' title='bbox 3689 1252 3785 1303; x_wconf 83' lang='grc' dir='ltr'>τῶν</span> 
     </span>
    </p>
   </div>
   <div class='ocr_carea' id='block_1_33' title="bbox 2223 1334 3787 1407">
    <p class='ocr_par' dir='ltr' id='par_1_33' title="bbox 2223 1334 3787 1407">
     <span class='ocr_line' id='line_1_33' title="bbox 2223 1334 3787 1407; baseline 0.002 -20"><span class='ocrx_word' id='word_1_202' title='bbox 2223 1335 2510 1404; x_wconf 83' lang='grc' dir='ltr'>πρέσϐεων</span> <span class='ocrx_word' id='word_1_203' title='bbox 2560 1334 2997 1404; x_wconf 85' lang='grc' dir='ltr'>πυνθανομένου.</span> <span class='ocrx_word' id='word_1_204' title='bbox 3027 1334 3201 1387; x_wconf 87' lang='grc' dir='ltr'>είτῶν</span> <span class='ocrx_word' id='word_1_205' title='bbox 3227 1338 3534 1407; x_wconf 73' lang='grc' dir='ltr'>εἰρημένων</span> <span class='ocrx_word' id='word_1_206' title='bbox 3570 1338 3787 1390; x_wconf 82' lang='grc' dir='ltr'>ἐπαίον-</span> 
     </span>
    </p>
   </div>
   <div class='ocr_carea' id='block_1_34' title="bbox 2223 1426 3787 1497">
    <p class='ocr_par' dir='ltr' id='par_1_34' title="bbox 2223 1426 3787 1497">
     <span class='ocr_line' id='line_1_34' title="bbox 2223 1426 3787 1497; baseline 0.003 -21"><span class='ocrx_word' id='word_1_207' title='bbox 2223 1444 2329 1491; x_wconf 86' lang='grc' dir='ltr'>σιν,</span> <span class='ocrx_word' id='word_1_208' title='bbox 2367 1426 2488 1478; x_wconf 76' lang='grc' dir='ltr'>ἐπεὶ</span> <span class='ocrx_word' id='word_1_209' title='bbox 2514 1426 2730 1492; x_wconf 82' lang='grc' dir='ltr'>ἀγνοεῖν</span> <span class='ocrx_word' id='word_1_210' title='bbox 2791 1428 2987 1480; x_wconf 81' lang='grc' dir='ltr'>ἐκεῖνοι</span> <span class='ocrx_word' id='word_1_211' title='bbox 3010 1427 3239 1495; x_wconf 77' lang='grc' dir='ltr'>ἔφασαν,</span> <span class='ocrx_word' id='word_1_212' title='bbox 3286 1429 3599 1497; x_wconf 81' lang='grc' dir='ltr'>ήρμήνευεν</span> <span class='ocrx_word' id='word_1_213' title='bbox 3631 1429 3787 1491; x_wconf 72' lang='grc' dir='ltr'>αὐτὸς</span> 
     </span>
    </p>
   </div>
   <div class='ocr_carea' id='block_1_35' title="bbox 2219 1517 3788 1587">
    <p class='ocr_par' dir='ltr' id='par_1_35' title="bbox 2219 1517 3788 1587">
     <span class='ocr_line' id='line_1_35' title="bbox 2219 1517 3788 1587; baseline 0.001 -18"><span class='ocrx_word' id='word_1_214' title='bbox 2219 1517 2515 1585; x_wconf 76' lang='grc' dir='ltr'>ἑλληνιστὶ,</span> <span class='ocrx_word' id='word_1_215' title='bbox 2580 1517 2672 1569; x_wconf 76' lang='grc' dir='ltr'>καὶ</span> <span class='ocrx_word' id='word_1_216' title='bbox 2730 1519 3032 1587; x_wconf 85' lang='grc' dir='ltr'>τεκμήριον</span> <span class='ocrx_word' id='word_1_217' title='bbox 3100 1519 3336 1570; x_wconf 88' lang='grc' dir='ltr'>ἐποιεῖτο</span> <span class='ocrx_word' id='word_1_218' title='bbox 3390 1519 3647 1586; x_wconf 83' lang='grc' dir='ltr'>μέγιστον</span> <span class='ocrx_word' id='word_1_219' title='bbox 3703 1520 3788 1571; x_wconf 90' lang='grc' dir='ltr'>τοῦ</span> 
     </span>
    </p>
   </div>
   <div class='ocr_carea' id='block_1_36' title="bbox 2220 1605 3790 1683">
    <p class='ocr_par' dir='ltr' id='par_1_36' title="bbox 2220 1605 3790 1683">
     <span class='ocr_line' id='line_1_36' title="bbox 2220 1605 3790 1683; baseline 0.002 -27"><span class='ocrx_word' id='word_1_220' title='bbox 2220 1605 2380 1674; x_wconf 80' lang='grc' dir='ltr'>δχλου</span> <span class='ocrx_word' id='word_1_221' title='bbox 2414 1608 2512 1674; x_wconf 84' lang='grc' dir='ltr'>τὴν</span> <span class='ocrx_word' id='word_1_222' title='bbox 2558 1607 2802 1671; x_wconf 73' lang='grc' dir='ltr'>ἀξίωσιν,</span> <span class='ocrx_word' id='word_1_223' title='bbox 2854 1607 2947 1660; x_wconf 92' lang='grc' dir='ltr'>τοῦ</span> <span class='ocrx_word' id='word_1_224' title='bbox 3004 1608 3153 1675; x_wconf 80' lang='grc' dir='ltr'>σφίσι</span> <span class='ocrx_word' id='word_1_225' title='bbox 3217 1606 3450 1683; x_wconf 86' lang='grc' dir='ltr'>μάλιστα</span> <span class='ocrx_word' id='word_1_226' title='bbox 3496 1606 3790 1661; x_wconf 77' lang='grc' dir='ltr'>λυσιτελεῖν</span> 
     </span>
    </p>
   </div>
   <div class='ocr_carea' id='block_1_37' title="bbox 2221 1697 3788 1768">
    <p class='ocr_par' dir='ltr' id='par_1_37' title="bbox 2221 1697 3788 1768">
     <span class='ocr_line' id='line_1_37' title="bbox 2221 1697 3788 1768; baseline 0.001 -19"><span class='ocrx_word' id='word_1_227' title='bbox 2221 1699 2318 1765; x_wconf 81' lang='grc' dir='ltr'>τὴν</span> <span class='ocrx_word' id='word_1_228' title='bbox 2348 1698 2571 1766; x_wconf 79' lang='grc' dir='ltr'>πρᾶξιν,</span> <span class='ocrx_word' id='word_1_229' title='bbox 2607 1699 2687 1750; x_wconf 86' lang='grc' dir='ltr'>ὅτι</span> <span class='ocrx_word' id='word_1_230' title='bbox 2729 1699 2822 1751; x_wconf 79' lang='grc' dir='ltr'>καὶ</span> <span class='ocrx_word' id='word_1_231' title='bbox 2853 1697 2980 1768; x_wconf 80' lang='grc' dir='ltr'>μηδ’</span> <span class='ocrx_word' id='word_1_232' title='bbox 3021 1698 3110 1765; x_wconf 79' lang='grc' dir='ltr'>ὑφ’</span> <span class='ocrx_word' id='word_1_233' title='bbox 3144 1699 3265 1760; x_wconf 80' lang='grc' dir='ltr'>ἐνὸς</span> <span class='ocrx_word' id='word_1_234' title='bbox 3315 1697 3681 1767; x_wconf 80' lang='grc' dir='ltr'>ἐρωτώμενοι,</span> <span class='ocrx_word' id='word_1_235' title='bbox 3726 1700 3788 1751; x_wconf 78' lang='grc' dir='ltr'>τὰ</span> 
     </span>
    </p>
   </div>
   <div class='ocr_carea' id='block_1_38' title="bbox 2222 1789 3788 1861">
    <p class='ocr_par' dir='ltr' id='par_1_38' title="bbox 2222 1789 3788 1861">
     <span class='ocr_line' id='line_1_38' title="bbox 2222 1789 3788 1861; baseline 0.001 -20"><span class='ocrx_word' id='word_1_236' title='bbox 2222 1789 2377 1858; x_wconf 80' lang='grc' dir='ltr'>σφίσι</span> <span class='ocrx_word' id='word_1_237' title='bbox 2413 1789 2847 1859; x_wconf 88' lang='grc' dir='ltr'>συμϐουλεύουσι</span> <span class='ocrx_word' id='word_1_238' title='bbox 2876 1789 3215 1845; x_wconf 87' lang='grc' dir='ltr'>συνοίσοντα.</span> <span class='ocrx_word' id='word_1_239' title='bbox 3249 1790 3462 1843; x_wconf 82' lang='grc' dir='ltr'>Αὐτίκα</span> <span class='ocrx_word' id='word_1_240' title='bbox 3496 1808 3554 1842; x_wconf 91' lang='grc' dir='ltr'>τε</span> <span class='ocrx_word' id='word_1_241' title='bbox 3586 1791 3788 1861; x_wconf 74' lang='grc' dir='ltr'>ἐπιψη·</span> 
     </span>
    </p>
   </div>
   <div class='ocr_carea' id='block_1_39' title="bbox 2222 1878 3787 1952">
    <p class='ocr_par' dir='ltr' id='par_1_39' title="bbox 2222 1878 3787 1952">
     <span class='ocr_line' id='line_1_39' title="bbox 2222 1878 3787 1952; baseline -0.002 -16"><span class='ocrx_word' id='word_1_242' title='bbox 2222 1884 2544 1952; x_wconf 82' lang='grc' dir='ltr'>φισάμενος,</span> <span class='ocrx_word' id='word_1_243' title='bbox 2574 1881 2670 1934; x_wconf 78' lang='grc' dir='ltr'>καὶ</span> <span class='ocrx_word' id='word_1_244' title='bbox 2696 1880 2859 1943; x_wconf 77' lang='grc' dir='ltr'>αὐτὸς</span> <span class='ocrx_word' id='word_1_245' title='bbox 2892 1879 3171 1948; x_wconf 74' lang='grc' dir='ltr'>ἐξέπεμπε</span> <span class='ocrx_word' id='word_1_246' title='bbox 3195 1879 3350 1941; x_wconf 81' lang='grc' dir='ltr'>,τοὺς</span> <span class='ocrx_word' id='word_1_247' title='bbox 3373 1878 3657 1948; x_wconf 85' lang='grc' dir='ltr'>πρέσϐεις.</span> <span class='ocrx_word' id='word_1_248' title='bbox 3689 1878 3787 1932; x_wconf 84' lang='grc' dir='ltr'>Βα-</span> 
     </span>
    </p>
   </div>
   <div class='ocr_carea' id='block_1_40' title="bbox 2223 1971 3786 2043">
    <p class='ocr_par' dir='ltr' id='par_1_40' title="bbox 2223 1971 3786 2043">
     <span class='ocr_line' id='line_1_40' title="bbox 2223 1971 3786 2043; baseline -0.006 -14"><span class='ocrx_word' id='word_1_249' title='bbox 2223 1976 2404 2038; x_wconf 79' lang='grc' dir='ltr'>σιλεὺς</span> <span class='ocrx_word' id='word_1_250' title='bbox 2434 1976 2489 2027; x_wconf 83' lang='grc' dir='ltr'>δὲ</span> <span class='ocrx_word' id='word_1_251' title='bbox 2533 1974 2837 2043; x_wconf 83' lang='grc' dir='ltr'>πυθόμενος</span> <span class='ocrx_word' id='word_1_252' title='bbox 2866 1972 2940 2034; x_wconf 85' lang='grc' dir='ltr'>ὡς</span> <span class='ocrx_word' id='word_1_253' title='bbox 2959 1972 3257 2041; x_wconf 67' lang='grc' dir='ltr'>προθύμως</span> <span class='ocrx_word' id='word_1_254' title='bbox 3286 1971 3501 2036; x_wconf 80' lang='grc' dir='ltr'>δέξαιτο</span> <span class='ocrx_word' id='word_1_255' title='bbox 3541 1972 3786 2037; x_wconf 78' lang='grc' dir='ltr'>Ἀλέξαν-</span> 
     </span>
    </p>
   </div>
   <div class='ocr_carea' id='block_1_41' title="bbox 2219 2059 3781 2134">
    <p class='ocr_par' dir='ltr' id='par_1_41' title="bbox 2219 2059 3781 2134">
     <span class='ocr_line' id='line_1_41' title="bbox 2219 2059 3781 2134; baseline -0.004 -17"><span class='ocrx_word' id='word_1_256' title='bbox 2219 2066 2345 2134; x_wconf 83' lang='grc' dir='ltr'>δρος</span> <span class='ocrx_word' id='word_1_257' title='bbox 2403 2064 2501 2133; x_wconf 87' lang='grc' dir='ltr'>τὴν</span> <span class='ocrx_word' id='word_1_258' title='bbox 2545 2063 2891 2132; x_wconf 86' lang='grc' dir='ltr'>παραίνεσιν,</span> <span class='ocrx_word' id='word_1_259' title='bbox 2961 2061 3057 2113; x_wconf 77' lang='grc' dir='ltr'>καὶ</span> <span class='ocrx_word' id='word_1_260' title='bbox 3130 2059 3370 2129; x_wconf 84' lang='grc' dir='ltr'>βούλοιτο</span> <span class='ocrx_word' id='word_1_261' title='bbox 3448 2060 3781 2129; x_wconf 75' lang='grc' dir='ltr'>παρέχεσθαι</span> 
     </span>
    </p>
   </div>
   <div class='ocr_carea' id='block_1_42' title="bbox 2221 2145 3783 2225">
    <p class='ocr_par' dir='ltr' id='par_1_42' title="bbox 2221 2145 3783 2225">
     <span class='ocr_line' id='line_1_42' title="bbox 2221 2145 3783 2225; baseline -0.019 -2"><span class='ocrx_word' id='word_1_262' title='bbox 2221 2156 2479 2225; x_wconf 77' lang='grc' dir='ltr'>χρήματα</span> <span class='ocrx_word' id='word_1_263' title='bbox 2508 2151 2644 2219; x_wconf 80' lang='grc' dir='ltr'>πρὸς</span> <span class='ocrx_word' id='word_1_264' title='bbox 2683 2151 2781 2220; x_wconf 79' lang='grc' dir='ltr'>τὴν</span> <span class='ocrx_word' id='word_1_265' title='bbox 2814 2149 3189 2218; x_wconf 83' lang='grc' dir='ltr'>παρασκευὴν,</span> <span class='ocrx_word' id='word_1_266' title='bbox 3244 2145 3530 2215; x_wconf 80' lang='grc' dir='ltr'>ὑπερήσθη</span> <span class='ocrx_word' id='word_1_267' title='bbox 3558 2163 3641 2208; x_wconf 89' lang='grc' dir='ltr'>τε,</span> <span class='ocrx_word' id='word_1_268' title='bbox 3700 2146 3783 2198; x_wconf 79' lang='grc' dir='ltr'>δυ.</span> 
     </span>
    </p>
   </div>
   <div class='ocr_carea' id='block_1_43' title="bbox 2219 2238 3778 2313">
    <p class='ocr_par' dir='ltr' id='par_1_43' title="bbox 2219 2238 3778 2313">
     <span class='ocr_line' id='line_1_43' title="bbox 2219 2238 3778 2313; baseline -0.007 -14"><span class='ocrx_word' id='word_1_269' title='bbox 2219 2244 2482 2313; x_wconf 75' lang='grc' dir='ltr'>νήσεσθαι</span> <span class='ocrx_word' id='word_1_270' title='bbox 2510 2245 2740 2313; x_wconf 88' lang='grc' dir='ltr'>νομίσας</span> <span class='ocrx_word' id='word_1_271' title='bbox 2772 2241 3060 2310; x_wconf 76' lang='grc' dir='ltr'>ἀπείργειν</span> <span class='ocrx_word' id='word_1_272' title='bbox 3118 2239 3245 2301; x_wconf 75' lang='grc' dir='ltr'>τοὺς</span> <span class='ocrx_word' id='word_1_273' title='bbox 3307 2238 3640 2308; x_wconf 82' lang='grc' dir='ltr'>βαρϐάρους,</span> <span class='ocrx_word' id='word_1_274' title='bbox 3689 2238 3778 2289; x_wconf 88' lang='grc' dir='ltr'>τοῦ</span> 
     </span>
    </p>
   </div>
   <div class='ocr_carea' id='block_1_44' title="bbox 2221 2327 3781 2404">
    <p class='ocr_par' dir='ltr' id='par_1_44' title="bbox 2221 2327 3781 2404">
     <span class='ocr_line' id='line_1_44' title="bbox 2221 2327 3781 2404; baseline -0.008 -14"><span class='ocrx_word' id='word_1_275' title='bbox 2221 2336 2296 2404; x_wconf 82' lang='grc' dir='ltr'>μὴ</span> <span class='ocrx_word' id='word_1_276' title='bbox 2334 2334 2640 2403; x_wconf 83' lang='grc' dir='ltr'>Ῥωμαίους</span> <span class='ocrx_word' id='word_1_277' title='bbox 2706 2334 2799 2386; x_wconf 80' lang='grc' dir='ltr'>καὶ</span> <span class='ocrx_word' id='word_1_278' title='bbox 2838 2332 3057 2391; x_wconf 81' lang='grc' dir='ltr'>Μυσοὺς</span> <span class='ocrx_word' id='word_1_279' title='bbox 3118 2329 3369 2392; x_wconf 75' lang='grc' dir='ltr'>ἐπιόντας</span> <span class='ocrx_word' id='word_1_280' title='bbox 3425 2327 3781 2397; x_wconf 77' lang='grc' dir='ltr'>διαφθείρειν,</span> 
     </span>
    </p>
   </div>
   <div class='ocr_carea' id='block_1_45' title="bbox 2218 2418 3781 2496">
    <p class='ocr_par' dir='ltr' id='par_1_45' title="bbox 2218 2418 3781 2496">
     <span class='ocr_line' id='line_1_45' title="bbox 2218 2418 3781 2496; baseline -0.006 -17"><span class='ocrx_word' id='word_1_281' title='bbox 2218 2430 2313 2481; x_wconf 75' lang='grc' dir='ltr'>καὶ</span> <span class='ocrx_word' id='word_1_282' title='bbox 2345 2425 2574 2495; x_wconf 82' lang='grc' dir='ltr'>ὥρμητο</span> <span class='ocrx_word' id='word_1_283' title='bbox 2606 2422 3120 2496; x_wconf 79' lang='grc' dir='ltr'>παρασκευάζεσθαι</span> <span class='ocrx_word' id='word_1_284' title='bbox 3151 2422 3252 2493; x_wconf 77' lang='grc' dir='ltr'>ἤδη</span> <span class='ocrx_word' id='word_1_285' title='bbox 3277 2422 3410 2491; x_wconf 80' lang='grc' dir='ltr'>πρὸς</span> <span class='ocrx_word' id='word_1_286' title='bbox 3437 2420 3497 2472; x_wconf 82' lang='grc' dir='ltr'>τὸ</span> <span class='ocrx_word' id='word_1_287' title='bbox 3529 2418 3781 2472; x_wconf 75' lang='grc' dir='ltr'>ναυτικὸν</span> 
     </span>
    </p>
   </div>
   <div class='ocr_carea' id='block_1_46' title="bbox 542 2510 3783 2589">
    <p class='ocr_par' dir='ltr' id='par_1_46' title="bbox 542 2510 3783 2589">
     <span class='ocr_line' id='line_1_46' title="bbox 542 2510 3783 2589; baseline 0.001 -29"><span class='ocrx_word' id='word_1_288' title='bbox 542 2512 920 2577; x_wconf 83' lang='grc' dir='ltr'>συστήσασθαι</span> <span class='ocrx_word' id='word_1_289' title='bbox 974 2515 1066 2566; x_wconf 78' lang='grc' dir='ltr'>ἐπὶ</span> <span class='ocrx_word' id='word_1_290' title='bbox 1117 2515 1353 2568; x_wconf 81' lang='grc' dir='ltr'>κωλύσει</span> <span class='ocrx_word' id='word_1_291' title='bbox 1416 2517 1524 2570; x_wconf 88' lang='grc' dir='ltr'>τῶν</span> <span class='ocrx_word' id='word_1_292' title='bbox 1559 2517 1871 2587; x_wconf 86' lang='grc' dir='ltr'>βαρϐάρων.</span> <span class='ocrx_word' id='word_1_293' title='bbox 1924 2520 1996 2571; x_wconf 85' lang='grc' dir='ltr'>Τό</span> <span class='ocrx_word' id='word_1_294' title='bbox 2044 2537 2103 2571; x_wconf 89' lang='grc' dir='ltr'>τε</span> <span class='ocrx_word' id='word_1_295' title='bbox 2148 2519 2373 2589; x_wconf 85' lang='grc' dir='ltr'>νεώριον</span> <span class='ocrx_word' id='word_1_296' title='bbox 2431 2519 2491 2569; x_wconf 86' lang='grc' dir='ltr'>τὸ</span> <span class='ocrx_word' id='word_1_297' title='bbox 2524 2517 2662 2587; x_wconf 78' lang='grc' dir='ltr'>πρὸς</span> <span class='ocrx_word' id='word_1_298' title='bbox 2716 2516 2794 2585; x_wconf 83' lang='grc' dir='ltr'>τῷ</span> <span class='ocrx_word' id='word_1_299' title='bbox 2832 2513 3195 2582; x_wconf 82' lang='grc' dir='ltr'>Ἐπτασκάλῳ</span> <span class='ocrx_word' id='word_1_300' title='bbox 3230 2515 3288 2565; x_wconf 84' lang='grc' dir='ltr'>ἐν</span> <span class='ocrx_word' id='word_1_301' title='bbox 3324 2515 3517 2583; x_wconf 85' lang='grc' dir='ltr'>ἐκείνῳ</span> <span class='ocrx_word' id='word_1_302' title='bbox 3560 2511 3636 2580; x_wconf 82' lang='grc' dir='ltr'>τῷ</span> <span class='ocrx_word' id='word_1_303' title='bbox 3664 2510 3783 2564; x_wconf 73' lang='grc' dir='ltr'>ἔτει</span> 
     </span>
    </p>
   </div>
   <div class='ocr_carea' id='block_1_47' title="bbox 538 2600 3779 2679">
    <p class='ocr_par' dir='ltr' id='par_1_47' title="bbox 538 2600 3779 2679">
     <span class='ocr_line' id='line_1_47' title="bbox 538 2600 3779 2679; baseline 0.001 -26"><span class='ocrx_word' id='word_1_304' title='bbox 538 2600 1011 2672; x_wconf 76' lang='grc' dir='ltr'>έξεκάθηρεν,ύπὸ</span> <span class='ocrx_word' id='word_1_305' title='bbox 1070 2607 1279 2659; x_wconf 85' lang='grc' dir='ltr'>πολλῶν</span> <span class='ocrx_word' id='word_1_306' title='bbox 1329 2608 1466 2660; x_wconf 75' lang='grc' dir='ltr'>ἐτῶν</span> <span class='ocrx_word' id='word_1_307' title='bbox 1522 2608 1663 2669; x_wconf 87' lang='grc' dir='ltr'>ἰλύος</span> <span class='ocrx_word' id='word_1_308' title='bbox 1717 2612 2106 2679; x_wconf 78' lang='grc' dir='ltr'>ἐπιγενομένης</span> <span class='ocrx_word' id='word_1_309' title='bbox 2166 2610 2542 2679; x_wconf 83' lang='grc' dir='ltr'>προσχωσθέν,</span> <span class='ocrx_word' id='word_1_310' title='bbox 2596 2612 2687 2662; x_wconf 80' lang='grc' dir='ltr'>καὶ</span> <span class='ocrx_word' id='word_1_311' title='bbox 2751 2610 2824 2679; x_wconf 82' lang='grc' dir='ltr'>μὴ</span> <span class='ocrx_word' id='word_1_312' title='bbox 2886 2608 3183 2675; x_wconf 84' lang='grc' dir='ltr'>δυνάμενον</span> <span class='ocrx_word' id='word_1_313' title='bbox 3239 2606 3480 2663; x_wconf 78' lang='grc' dir='ltr'>εὐπετῶς</span> <span class='ocrx_word' id='word_1_314' title='bbox 3534 2605 3779 2673; x_wconf 78' lang='grc' dir='ltr'>εἰσδέχε-</span> 
     </span>
    </p>
   </div>
   <div class='ocr_carea' id='block_1_48' title="bbox 541 2694 3784 2772">
    <p class='ocr_par' dir='ltr' id='par_1_48' title="bbox 541 2694 3784 2772">
     <span class='ocr_line' id='line_1_48' title="bbox 541 2694 3784 2772; baseline 0.001 -29"><span class='ocrx_word' id='word_1_315' title='bbox 541 2694 666 2746; x_wconf 87' lang='grc' dir='ltr'>σθαι</span> <span class='ocrx_word' id='word_1_316' title='bbox 726 2697 924 2749; x_wconf 71' lang='grc' dir='ltr'>δλκὰδα</span> <span class='ocrx_word' id='word_1_317' title='bbox 988 2699 1184 2768; x_wconf 74' lang='grc' dir='ltr'>φόρτον</span> <span class='ocrx_word' id='word_1_318' title='bbox 1224 2700 1497 2765; x_wconf 78' lang='grc' dir='ltr'>ἄγουσαν·</span> <span class='ocrx_word' id='word_1_319' title='bbox 1563 2701 1709 2769; x_wconf 81' lang='grc' dir='ltr'>μέγα</span> <span class='ocrx_word' id='word_1_320' title='bbox 1776 2703 1937 2772; x_wconf 79' lang='grc' dir='ltr'>ἔργον</span> <span class='ocrx_word' id='word_1_321' title='bbox 2003 2704 2098 2756; x_wconf 58' lang='grc' dir='ltr'>καὶ⁸</span> <span class='ocrx_word' id='word_1_322' title='bbox 2139 2705 2367 2756; x_wconf 85' lang='grc' dir='ltr'>πλεῖστα</span> <span class='ocrx_word' id='word_1_323' title='bbox 2397 2702 2709 2755; x_wconf 82' lang='grc' dir='ltr'>λυσιτελοῦν</span> <span class='ocrx_word' id='word_1_324' title='bbox 2754 2702 2822 2770; x_wconf 80' lang='grc' dir='ltr'>τῇ</span> <span class='ocrx_word' id='word_1_325' title='bbox 2881 2698 3056 2765; x_wconf 87' lang='grc' dir='ltr'>πόλει,</span> <span class='ocrx_word' id='word_1_326' title='bbox 3097 2698 3191 2752; x_wconf 78' lang='grc' dir='ltr'>καί</span> <span class='ocrx_word' id='word_1_327' title='bbox 3237 2696 3420 2766; x_wconf 84' lang='grc' dir='ltr'>πολλῷ</span> <span class='ocrx_word' id='word_1_328' title='bbox 3455 2696 3625 2765; x_wconf 79' lang='grc' dir='ltr'>πόνῳ,</span> <span class='ocrx_word' id='word_1_329' title='bbox 3681 2696 3784 2747; x_wconf 75' lang='grc' dir='ltr'>καὶ</span> 
     </span>
    </p>
   </div>
   <div class='ocr_carea' id='block_1_49' title="bbox 538 2785 3780 2864">
    <p class='ocr_par' dir='ltr' id='par_1_49' title="bbox 538 2785 3780 2864">
     <span class='ocr_line' id='line_1_49' title="bbox 538 2785 3780 2864; baseline 0.001 -28"><span class='ocrx_word' id='word_1_330' title='bbox 538 2785 862 2855; x_wconf 84' lang='grc' dir='ltr'>ἀναλώμασι</span> <span class='ocrx_word' id='word_1_331' title='bbox 931 2791 1277 2859; x_wconf 79' lang='grc' dir='ltr'>κατορθῶσαι</span> <span class='ocrx_word' id='word_1_332' title='bbox 1335 2792 1606 2862; x_wconf 86' lang='grc' dir='ltr'>δυνηθείς.</span> <span class='ocrx_word' id='word_1_333' title='bbox 1688 2795 1922 2864; x_wconf 82' lang='grc' dir='ltr'>Ἐληγον</span> <span class='ocrx_word' id='word_1_334' title='bbox 1986 2797 2043 2849; x_wconf 82' lang='grc' dir='ltr'>δὲ</span> <span class='ocrx_word' id='word_1_335' title='bbox 2098 2798 2176 2856; x_wconf 85' lang='grc' dir='ltr'>εἰς</span> <span class='ocrx_word' id='word_1_336' title='bbox 2223 2796 2377 2849; x_wconf 67' lang='grc' dir='ltr'>οὐδὲν</span> <span class='ocrx_word' id='word_1_337' title='bbox 2440 2795 2633 2848; x_wconf 75' lang='grc' dir='ltr'>αἰτοῦ</span> <span class='ocrx_word' id='word_1_338' title='bbox 2688 2792 2875 2847; x_wconf 80' lang='grc' dir='ltr'>Μυσοῦ</span> <span class='ocrx_word' id='word_1_339' title='bbox 2944 2791 3291 2859; x_wconf 88' lang='grc' dir='ltr'>ἐπαγγελίαι.</span> <span class='ocrx_word' id='word_1_340' title='bbox 3352 2789 3618 2857; x_wconf 74' lang='grc' dir='ltr'>’Ὕστερον</span> <span class='ocrx_word' id='word_1_341' title='bbox 3666 2788 3780 2854; x_wconf 82' lang='grc' dir='ltr'>γάρ</span> 
     </span>
    </p>
   </div>
   <div class='ocr_carea' id='block_1_50' title="bbox 537 2868 3777 2961">
    <p class='ocr_par' dir='ltr' id='par_1_50' title="bbox 537 2868 3777 2961">
     <span class='ocr_line' id='line_1_50' title="bbox 537 2868 3777 2961; baseline 0 -31"><span class='ocrx_word' id='word_1_342' title='bbox 537 2879 707 2951; x_wconf 78' lang='grc' dir='ltr'>ὀλίγῳ</span> <span class='ocrx_word' id='word_1_343' title='bbox 737 2882 873 2951; x_wconf 84' lang='grc' dir='ltr'>πρὸς</span> <span class='ocrx_word' id='word_1_344' title='bbox 904 2884 1129 2951; x_wconf 82' lang='grc' dir='ltr'>βασιλέα</span> <span class='ocrx_word' id='word_1_345' title='bbox 1166 2886 1465 2954; x_wconf 86' lang='grc' dir='ltr'>πρεσϐείαν</span> <span class='ocrx_word' id='word_1_346' title='bbox 1503 2888 1748 2959; x_wconf 79' lang='grc' dir='ltr'>πέμψας,</span> <span class='ocrx_word' id='word_1_347' title='bbox 1792 2892 2101 2959; x_wconf 83' lang='grc' dir='ltr'>ἀπηγόρευε</span> <span class='ocrx_word' id='word_1_348' title='bbox 2140 2890 2240 2961; x_wconf 79' lang='grc' dir='ltr'>τὴν</span> <span class='ocrx_word' id='word_1_349' title='bbox 2304 2868 2585 2958; x_wconf 73' lang='grc' dir='ltr'>εἰσφοράν.</span> <span class='ocrx_word' id='word_1_350' title='bbox 2652 2888 2877 2957; x_wconf 85' lang='grc' dir='ltr'>Κράλην</span> <span class='ocrx_word' id='word_1_351' title='bbox 2924 2886 3032 2955; x_wconf 89' lang='grc' dir='ltr'>γάρ</span> <span class='ocrx_word' id='word_1_352' title='bbox 3074 2885 3282 2953; x_wconf 78' lang='grc' dir='ltr'>ἔφασκε</span> <span class='ocrx_word' id='word_1_353' title='bbox 3328 2882 3659 2951; x_wconf 84' lang='grc' dir='ltr'>πυθόμενον,</span> <span class='ocrx_word' id='word_1_354' title='bbox 3714 2881 3777 2932; x_wconf 78' lang='grc' dir='ltr'>ού</span> 
     </span>
    </p>
   </div>
   <div class='ocr_carea' id='block_1_51' title="bbox 540 2972 3780 3051">
    <p class='ocr_par' dir='ltr' id='par_1_51' title="bbox 540 2972 3780 3051">
     <span class='ocr_line' id='line_1_51' title="bbox 540 2972 3780 3051; baseline 0.001 -29"><span class='ocrx_word' id='word_1_355' title='bbox 540 2972 778 3040; x_wconf 85' lang='grc' dir='ltr'>μετρίως</span> <span class='ocrx_word' id='word_1_356' title='bbox 846 2974 1012 3028; x_wconf 82' lang='grc' dir='ltr'>αὑτοῦ</span> <span class='ocrx_word' id='word_1_357' title='bbox 1074 2980 1426 3046; x_wconf 80' lang='grc' dir='ltr'>κατηγορεῖν,</span> <span class='ocrx_word' id='word_1_358' title='bbox 1493 2981 1576 3032; x_wconf 83' lang='grc' dir='ltr'>ὅτι</span> <span class='ocrx_word' id='word_1_359' title='bbox 1628 2980 1828 3050; x_wconf 75' lang='grc' dir='ltr'>φόρους</span> <span class='ocrx_word' id='word_1_360' title='bbox 1893 2981 2190 3050; x_wconf 83' lang='grc' dir='ltr'>Ῥωμαίοις</span> <span class='ocrx_word' id='word_1_361' title='bbox 2228 2980 2486 3051; x_wconf 87' lang='grc' dir='ltr'>παρέχειν</span> <span class='ocrx_word' id='word_1_362' title='bbox 2508 2979 2775 3049; x_wconf 83' lang='grc' dir='ltr'>ὑποσταίη</span> <span class='ocrx_word' id='word_1_363' title='bbox 2809 2979 3012 3041; x_wconf 72' lang='grc' dir='ltr'>ἑκοντὶ,</span> <span class='ocrx_word' id='word_1_364' title='bbox 3068 2981 3162 3032; x_wconf 76' lang='grc' dir='ltr'>καὶ</span> <span class='ocrx_word' id='word_1_365' title='bbox 3214 2977 3251 3031; x_wconf 80' lang='grc' dir='ltr'>ὃ.</span> <span class='ocrx_word' id='word_1_366' title='bbox 3311 2978 3386 3047; x_wconf 83' lang='grc' dir='ltr'>μὴ</span> <span class='ocrx_word' id='word_1_367' title='bbox 3432 2977 3544 3037; x_wconf 88' lang='grc' dir='ltr'>τοῖς</span> <span class='ocrx_word' id='word_1_368' title='bbox 3587 2973 3780 3035; x_wconf 87' lang='grc' dir='ltr'>ὅπλοις</span> 
     </span>
    </p>
   </div>
   <div class='ocr_carea' id='block_1_52' title="bbox 534 3062 3782 3144">
    <p class='ocr_par' dir='ltr' id='par_1_52' title="bbox 534 3062 3782 3144">
     <span class='ocr_line' id='line_1_52' title="bbox 534 3062 3782 3144; baseline 0.001 -29"><span class='ocrx_word' id='word_1_369' title='bbox 534 3062 749 3117; x_wconf 73' lang='grc' dir='ltr'>δύναιτο</span> <span class='ocrx_word' id='word_1_370' title='bbox 800 3065 1359 3138; x_wconf 56' lang='grc' dir='ltr'>βιάζεσθαιμβασθεὺς</span> <span class='ocrx_word' id='word_1_371' title='bbox 1389 3074 1416 3122; x_wconf 78' lang='grc' dir='ltr'>ο</span> <span class='ocrx_word' id='word_1_372' title='bbox 1454 3072 1925 3144; x_wconf 71' lang='grc' dir='ltr'>Καντακουζηνὸς,</span> <span class='ocrx_word' id='word_1_373' title='bbox 1969 3074 2141 3125; x_wconf 78' lang='grc' dir='ltr'>ταῦτα</span> <span class='ocrx_word' id='word_1_374' title='bbox 2192 3074 2399 3127; x_wconf 83' lang='grc' dir='ltr'>πείσειε</span> <span class='ocrx_word' id='word_1_375' title='bbox 2468 3072 2825 3143; x_wconf 85' lang='grc' dir='ltr'>παραγαγών.</span> <span class='ocrx_word' id='word_1_376' title='bbox 2892 3070 2972 3123; x_wconf 82' lang='grc' dir='ltr'>Δι’</span> <span class='ocrx_word' id='word_1_377' title='bbox 3015 3070 3051 3124; x_wconf 78' lang='grc' dir='ltr'>ἃ</span> <span class='ocrx_word' id='word_1_378' title='bbox 3085 3070 3208 3140; x_wconf 84' lang='grc' dir='ltr'>μηδ’</span> <span class='ocrx_word' id='word_1_379' title='bbox 3237 3070 3398 3124; x_wconf 80' lang='grc' dir='ltr'>αὑτὸν</span> <span class='ocrx_word' id='word_1_380' title='bbox 3435 3069 3506 3122; x_wconf 86' lang='grc' dir='ltr'>τά</span> <span class='ocrx_word' id='word_1_381' title='bbox 3536 3068 3782 3136; x_wconf 82' lang='grc' dir='ltr'>ὑπεσχη-</span> 
     </span>
    </p>
   </div>
   <div class='ocr_carea' id='block_1_53' title="bbox 538 3156 3780 3235">
    <p class='ocr_par' dir='ltr' id='par_1_53' title="bbox 538 3156 3780 3235">
     <span class='ocr_line' id='line_1_53' title="bbox 538 3156 3780 3235; baseline 0.004 -27"><span class='ocrx_word' id='word_1_382' title='bbox 538 3156 675 3225; x_wconf 84' lang='grc' dir='ltr'>μένα</span> <span class='ocrx_word' id='word_1_383' title='bbox 702 3157 959 3211; x_wconf 73' lang='grc' dir='ltr'>δύνατθαι</span> <span class='ocrx_word' id='word_1_384' title='bbox 994 3167 1187 3227; x_wconf 86' lang='grc' dir='ltr'>ποιεῖν,</span> <span class='ocrx_word' id='word_1_385' title='bbox 1223 3162 1493 3233; x_wconf 83' lang='grc' dir='ltr'>τοσαύτην</span> <span class='ocrx_word' id='word_1_386' title='bbox 1550 3166 1813 3235; x_wconf 81' lang='grc' dir='ltr'>αἰσχύνην</span> <span class='ocrx_word' id='word_1_387' title='bbox 1870 3166 2309 3235; x_wconf 79' lang='grc' dir='ltr'>προστριϐόμενα</span> <span class='ocrx_word' id='word_1_388' title='bbox 2376 3166 2524 3235; x_wconf 85' lang='grc' dir='ltr'>αὐτῷ</span> <span class='ocrx_word' id='word_1_389' title='bbox 2575 3168 2668 3218; x_wconf 80' lang='grc' dir='ltr'>καὶ</span> <span class='ocrx_word' id='word_1_390' title='bbox 2736 3166 2905 3233; x_wconf 83' lang='grc' dir='ltr'>γένει.</span> <span class='ocrx_word' id='word_1_391' title='bbox 2949 3164 3067 3231; x_wconf 79' lang='grc' dir='ltr'>Ἐφ’</span> <span class='ocrx_word' id='word_1_392' title='bbox 3092 3158 3173 3226; x_wconf 81' lang='grc' dir='ltr'>οἷς</span> <span class='ocrx_word' id='word_1_393' title='bbox 3199 3164 3261 3217; x_wconf 86' lang='grc' dir='ltr'>οὑ</span> <span class='ocrx_word' id='word_1_394' title='bbox 3295 3163 3531 3232; x_wconf 84' lang='grc' dir='ltr'>μετρίως</span> <span class='ocrx_word' id='word_1_395' title='bbox 3564 3162 3780 3229; x_wconf 78' lang='grc' dir='ltr'>ἀγαναο</span> 
     </span>
    </p>
   </div>
   <div class='ocr_carea' id='block_1_54' title="bbox 535 3248 3780 3328">
    <p class='ocr_par' dir='ltr' id='par_1_54' title="bbox 535 3248 3780 3328">
     <span class='ocr_line' id='line_1_54' title="bbox 535 3248 3780 3328; baseline 0.002 -29"><span class='ocrx_word' id='word_1_396' title='bbox 535 3248 678 3301; x_wconf 87' lang='grc' dir='ltr'>κτῶν</span> <span class='ocrx_word' id='word_1_397' title='bbox 711 3251 740 3302; x_wconf 85' lang='grc' dir='ltr'>δ</span> <span class='ocrx_word' id='word_1_398' title='bbox 809 3250 1082 3319; x_wconf 80' lang='grc' dir='ltr'>βασιλεὺς,</span> <span class='ocrx_word' id='word_1_399' title='bbox 1142 3255 1423 3325; x_wconf 79' lang='grc' dir='ltr'>ἐπεχείρει</span> <span class='ocrx_word' id='word_1_400' title='bbox 1482 3257 1714 3323; x_wconf 82' lang='grc' dir='ltr'>πείθειν,</span> <span class='ocrx_word' id='word_1_401' title='bbox 1765 3256 1842 3319; x_wconf 85' lang='grc' dir='ltr'>ὡς</span> <span class='ocrx_word' id='word_1_402' title='bbox 1905 3258 2107 3327; x_wconf 82' lang='grc' dir='ltr'>μᾶλλον</span> <span class='ocrx_word' id='word_1_403' title='bbox 2184 3258 2794 3328; x_wconf 60' lang='grc' dir='ltr'>αύτῷιλυσιτελοίη,ή</span> <span class='ocrx_word' id='word_1_404' title='bbox 2850 3256 3018 3310; x_wconf 81' lang='grc' dir='ltr'>αὐτοῦ</span> <span class='ocrx_word' id='word_1_405' title='bbox 3078 3257 3428 3326; x_wconf 86' lang='grc' dir='ltr'>παραίνεσις,</span> <span class='ocrx_word' id='word_1_406' title='bbox 3473 3255 3507 3323; x_wconf 83' lang='grc' dir='ltr'>ἢ</span> <span class='ocrx_word' id='word_1_407' title='bbox 3562 3252 3780 3324; x_wconf 79' lang='grc' dir='ltr'>Κράλη.</span> 
     </span>
    </p>
   </div>
   <div class='ocr_carea' id='block_1_55' title="bbox 532 3347 3785 3426">
    <p class='ocr_par' dir='ltr' id='par_1_55' title="bbox 532 3347 3785 3426">
     <span class='ocr_line' id='line_1_55' title="bbox 532 3347 3785 3426; baseline 0.002 -29"><span class='ocrx_word' id='word_1_408' title='bbox 532 3347 839 3416; x_wconf 80' lang='grc' dir='ltr'>Φρονοῦντα</span> <span class='ocrx_word' id='word_1_409' title='bbox 885 3349 994 3419; x_wconf 83' lang='grc' dir='ltr'>γὰρ</span> <span class='ocrx_word' id='word_1_410' title='bbox 1049 3352 1281 3415; x_wconf 81' lang='grc' dir='ltr'>ἐκεῖνον,</span> <span class='ocrx_word' id='word_1_411' title='bbox 1342 3353 1435 3406; x_wconf 84' lang='grc' dir='ltr'>καὶ</span> <span class='ocrx_word' id='word_1_412' title='bbox 1496 3354 1919 3408; x_wconf 81' lang='grc' dir='ltr'>ἐπιϐουλεύοντα</span> <span class='ocrx_word' id='word_1_413' title='bbox 1981 3355 2089 3419; x_wconf 69' lang='grc' dir='ltr'>ἀεὶ,</span> <span class='ocrx_word' id='word_1_414' title='bbox 2126 3355 2299 3409; x_wconf 90' lang='grc' dir='ltr'>ταῦτα</span> <span class='ocrx_word' id='word_1_415' title='bbox 2336 3358 2634 3426; x_wconf 82' lang='grc' dir='ltr'>πειρᾶσθαι</span> <span class='ocrx_word' id='word_1_416' title='bbox 2706 3354 2969 3419; x_wconf 88' lang='grc' dir='ltr'>διαλύειν,</span> <span class='ocrx_word' id='word_1_417' title='bbox 3037 3353 3074 3408; x_wconf 81' lang='grc' dir='ltr'>δ.</span> <span class='ocrx_word' id='word_1_418' title='bbox 3113 3352 3313 3421; x_wconf 79' lang='grc' dir='ltr'>πολλὴν</span> <span class='ocrx_word' id='word_1_419' title='bbox 3350 3352 3500 3422; x_wconf 82' lang='grc' dir='ltr'>αὐτῷ</span> <span class='ocrx_word' id='word_1_420' title='bbox 3533 3352 3785 3414; x_wconf 72' lang='grc' dir='ltr'>καὶτοῖς</span> 
     </span>
    </p>
   </div>
   <div class='ocr_carea' id='block_1_56' title="bbox 535 3438 3785 3516">
    <p class='ocr_par' dir='ltr' id='par_1_56' title="bbox 535 3438 3785 3516">
     <span class='ocr_line' id='line_1_56' title="bbox 535 3438 3785 3516; baseline 0.002 -27"><span class='ocrx_word' id='word_1_421' title='bbox 535 3438 802 3506; x_wconf 83' lang='grc' dir='ltr'>ὑπηκόοις</span> <span class='ocrx_word' id='word_1_422' title='bbox 826 3440 964 3493; x_wconf 81' lang='grc' dir='ltr'>οίσει</span> <span class='ocrx_word' id='word_1_423' title='bbox 1017 3438 1427 3511; x_wconf 45' lang='grc' dir='ltr'>τὴφώφέλειαν.</span> <span class='ocrx_word' id='word_1_424' title='bbox 1482 3444 1557 3495; x_wconf 83' lang='grc' dir='ltr'>Οὐ</span> <span class='ocrx_word' id='word_1_425' title='bbox 1588 3445 1695 3514; x_wconf 83' lang='grc' dir='ltr'>γάρ</span> <span class='ocrx_word' id='word_1_426' title='bbox 1769 3447 2036 3516; x_wconf 86' lang='grc' dir='ltr'>παρέχειν</span> <span class='ocrx_word' id='word_1_427' title='bbox 2061 3448 2260 3516; x_wconf 81' lang='grc' dir='ltr'>φόρους</span> <span class='ocrx_word' id='word_1_428' title='bbox 2322 3445 2511 3515; x_wconf 80' lang='grc' dir='ltr'>ὥσπερ</span> <span class='ocrx_word' id='word_1_429' title='bbox 2576 3448 2784 3507; x_wconf 85' lang='grc' dir='ltr'>ἐκεῖνος</span> <span class='ocrx_word' id='word_1_430' title='bbox 2816 3443 3024 3514; x_wconf 80' lang='grc' dir='ltr'>ἀπατᾷ,</span> <span class='ocrx_word' id='word_1_431' title='bbox 3055 3443 3171 3495; x_wconf 85' lang='grc' dir='ltr'>ἀλλ’</span> <span class='ocrx_word' id='word_1_432' title='bbox 3202 3438 3517 3495; x_wconf 82' lang='grc' dir='ltr'>ἀναλίσκειν</span> <span class='ocrx_word' id='word_1_433' title='bbox 3545 3446 3623 3505; x_wconf 84' lang='grc' dir='ltr'>είς</span> <span class='ocrx_word' id='word_1_434' title='bbox 3657 3444 3785 3496; x_wconf 84' lang='grc' dir='ltr'>δέον</span> 
     </span>
    </p>
   </div>
   <div class='ocr_carea' id='block_1_57' title="bbox 533 3532 3782 3607">
    <p class='ocr_par' dir='ltr' id='par_1_57' title="bbox 533 3532 3782 3607">
     <span class='ocr_line' id='line_1_57' title="bbox 533 3532 3782 3607; baseline 0.002 -25"><span class='ocrx_word' id='word_1_435' title='bbox 533 3532 676 3602; x_wconf 74' lang='grc' dir='ltr'>ὑπὲρ</span> <span class='ocrx_word' id='word_1_436' title='bbox 702 3532 802 3600; x_wconf 79' lang='grc' dir='ltr'>τῆς</span> <span class='ocrx_word' id='word_1_437' title='bbox 838 3534 1033 3603; x_wconf 73' lang='grc' dir='ltr'>ἀρχῆςο</span> <span class='ocrx_word' id='word_1_438' title='bbox 1067 3534 1205 3602; x_wconf 77' lang='grc' dir='ltr'>πλὴν</span> <span class='ocrx_word' id='word_1_439' title='bbox 1226 3536 1278 3589; x_wconf 85' lang='grc' dir='ltr'>εἰ</span> <span class='ocrx_word' id='word_1_440' title='bbox 1347 3535 1424 3605; x_wconf 81' lang='grc' dir='ltr'>μὴ</span> <span class='ocrx_word' id='word_1_441' title='bbox 1494 3536 1589 3589; x_wconf 78' lang='grc' dir='ltr'>καὶ</span> <span class='ocrx_word' id='word_1_442' title='bbox 1617 3536 1687 3590; x_wconf 82' lang='grc' dir='ltr'>τὰ</span> <span class='ocrx_word' id='word_1_443' title='bbox 1710 3540 1823 3599; x_wconf 79' lang='grc' dir='ltr'>τοῖς</span> <span class='ocrx_word' id='word_1_444' title='bbox 1871 3537 2159 3607; x_wconf 85' lang='grc' dir='ltr'>σφετέροις</span> <span class='ocrx_word' id='word_1_445' title='bbox 2194 3538 2555 3607; x_wconf 82' lang='grc' dir='ltr'>στρατιώταις</span> <span class='ocrx_word' id='word_1_446' title='bbox 2601 3538 2975 3607; x_wconf 84' lang='grc' dir='ltr'>παρεχόμενα,</span> <span class='ocrx_word' id='word_1_447' title='bbox 3038 3537 3240 3607; x_wconf 88' lang='grc' dir='ltr'>φόρους</span> <span class='ocrx_word' id='word_1_448' title='bbox 3287 3534 3569 3604; x_wconf 85' lang='grc' dir='ltr'>ὀνομάσει.</span> <span class='ocrx_word' id='word_1_449' title='bbox 3630 3535 3782 3588; x_wconf 82' lang='grc' dir='ltr'>Ἀλλ’</span> 
     </span>
    </p>
   </div>
   <div class='ocr_carea' id='block_1_58' title="bbox 530 3622 3778 3703">
    <p class='ocr_par' dir='ltr' id='par_1_58' title="bbox 530 3622 3778 3703">
     <span class='ocr_line' id='line_1_58' title="bbox 530 3622 3778 3703; baseline 0 -25"><span class='ocrx_word' id='word_1_450' title='bbox 530 3622 601 3696; x_wconf 80' lang='grc' dir='ltr'>ἦν</span> <span class='ocrx_word' id='word_1_451' title='bbox 623 3625 778 3679; x_wconf 82' lang='grc' dir='ltr'>οὐδὲν</span> <span class='ocrx_word' id='word_1_452' title='bbox 807 3627 1108 3697; x_wconf 76' lang='grc' dir='ltr'>ἀξιόχρεων</span> <span class='ocrx_word' id='word_1_453' title='bbox 1131 3629 1242 3681; x_wconf 91' lang='grc' dir='ltr'>τῶν</span> <span class='ocrx_word' id='word_1_454' title='bbox 1273 3628 1584 3699; x_wconf 81' lang='grc' dir='ltr'>λεγομένων</span> <span class='ocrx_word' id='word_1_455' title='bbox 1613 3632 1693 3693; x_wconf 82' lang='grc' dir='ltr'>εἰς</span> <span class='ocrx_word' id='word_1_456' title='bbox 1718 3631 1911 3703; x_wconf 87' lang='grc' dir='ltr'>πειθώ.</span> <span class='ocrx_word' id='word_1_457' title='bbox 1972 3626 2239 3691; x_wconf 83' lang='grc' dir='ltr'>Βασιλεὺς</span> <span class='ocrx_word' id='word_1_458' title='bbox 2310 3629 2367 3684; x_wconf 84' lang='grc' dir='ltr'>δὲ</span> <span class='ocrx_word' id='word_1_459' title='bbox 2438 3629 2537 3692; x_wconf 81' lang='grc' dir='ltr'>τὴν</span> <span class='ocrx_word' id='word_1_460' title='bbox 2577 3630 2842 3698; x_wconf 84' lang='grc' dir='ltr'>ἐσομένην</span> <span class='ocrx_word' id='word_1_461' title='bbox 2907 3627 3057 3699; x_wconf 84' lang='grc' dir='ltr'>αύτῷ</span> <span class='ocrx_word' id='word_1_462' title='bbox 3106 3628 3311 3699; x_wconf 80' lang='grc' dir='ltr'>φθορὰν</span> <span class='ocrx_word' id='word_1_463' title='bbox 3340 3628 3444 3680; x_wconf 82' lang='grc' dir='ltr'>ὑπὸ</span> <span class='ocrx_word' id='word_1_464' title='bbox 3485 3628 3593 3680; x_wconf 86' lang='grc' dir='ltr'>τῶν</span> <span class='ocrx_word' id='word_1_465' title='bbox 3640 3627 3778 3697; x_wconf 59' lang='grc' dir='ltr'>βαρ-</span> 
     </span>
    </p>
   </div>
   <div class='ocr_carea' id='block_1_59' title="bbox 530 3722 3779 3797">
    <p class='ocr_par' dir='ltr' id='par_1_59' title="bbox 530 3722 3779 3797">
     <span class='ocr_line' id='line_1_59' title="bbox 530 3722 3779 3797; baseline -0.001 -20"><span class='ocrx_word' id='word_1_466' title='bbox 530 3724 719 3794; x_wconf 89' lang='grc' dir='ltr'>ϐάρων</span> <span class='ocrx_word' id='word_1_467' title='bbox 767 3726 1071 3794; x_wconf 76' lang='grc' dir='ltr'>προειπὼν,</span> <span class='ocrx_word' id='word_1_468' title='bbox 1142 3728 1237 3780; x_wconf 79' lang='grc' dir='ltr'>καὶ</span> <span class='ocrx_word' id='word_1_469' title='bbox 1293 3728 1828 3797; x_wconf 85' lang='grc' dir='ltr'>διαμαρτυράμενος,</span> <span class='ocrx_word' id='word_1_470' title='bbox 1889 3728 1965 3790; x_wconf 82' lang='grc' dir='ltr'>ὡς</span> <span class='ocrx_word' id='word_1_471' title='bbox 2021 3732 2141 3781; x_wconf 83' lang='grc' dir='ltr'>τότε</span> <span class='ocrx_word' id='word_1_472' title='bbox 2202 3729 2302 3797; x_wconf 76' lang='grc' dir='ltr'>τῆς</span> <span class='ocrx_word' id='word_1_473' title='bbox 2353 3726 2470 3779; x_wconf 78' lang='grc' dir='ltr'>νυνὶ</span> <span class='ocrx_word' id='word_1_474' title='bbox 2516 3725 2887 3794; x_wconf 75' lang='grc' dir='ltr'>μεταμελήσει</span> <span class='ocrx_word' id='word_1_475' title='bbox 2924 3723 3200 3790; x_wconf 79' lang='grc' dir='ltr'>ἀϐουλίας,</span> <span class='ocrx_word' id='word_1_476' title='bbox 3262 3724 3353 3777; x_wconf 83' lang='grc' dir='ltr'>ὅτε</span> <span class='ocrx_word' id='word_1_477' title='bbox 3414 3722 3581 3793; x_wconf 82' lang='grc' dir='ltr'>μηδὲν</span> <span class='ocrx_word' id='word_1_478' title='bbox 3634 3722 3779 3774; x_wconf 82' lang='grc' dir='ltr'>ἀπό-</span> 
     </span>
    </p>
   </div>
   <div class='ocr_carea' id='block_1_60' title="bbox 529 3814 3776 3889">
    <p class='ocr_par' dir='ltr' id='par_1_60' title="bbox 529 3814 3776 3889">
     <span class='ocr_line' id='line_1_60' title="bbox 529 3814 3776 3889; baseline -0 -20"><span class='ocrx_word' id='word_1_479' title='bbox 529 3817 726 3872; x_wconf 77' lang='grc' dir='ltr'>νασθαι</span> <span class='ocrx_word' id='word_1_480' title='bbox 764 3814 979 3880; x_wconf 81' lang='grc' dir='ltr'>ἐξέσται</span> <span class='ocrx_word' id='word_1_481' title='bbox 1032 3818 1132 3884; x_wconf 83' lang='grc' dir='ltr'>τῆς</span> <span class='ocrx_word' id='word_1_482' title='bbox 1192 3817 1575 3888; x_wconf 84' lang='grc' dir='ltr'>μεταμελείας,</span> <span class='ocrx_word' id='word_1_483' title='bbox 1618 3818 1897 3871; x_wconf 84' lang='grc' dir='ltr'>ἐπέπαυτο</span> <span class='ocrx_word' id='word_1_484' title='bbox 1955 3819 2091 3889; x_wconf 80' lang='grc' dir='ltr'>πρὸς</span> <span class='ocrx_word' id='word_1_485' title='bbox 2157 3819 2256 3888; x_wconf 82' lang='grc' dir='ltr'>τὴν</span> <span class='ocrx_word' id='word_1_486' title='bbox 2313 3816 2657 3887; x_wconf 81' lang='grc' dir='ltr'>ἐπιχείρησιν</span> <span class='ocrx_word' id='word_1_487' title='bbox 2714 3818 2809 3871; x_wconf 71' lang='grc' dir='ltr'>καὶ</span> <span class='ocrx_word' id='word_1_488' title='bbox 2838 3816 3024 3879; x_wconf 82' lang='grc' dir='ltr'>αὐτός.</span> <span class='ocrx_word' id='word_1_489' title='bbox 3063 3818 3130 3869; x_wconf 76' lang='grc' dir='ltr'>Ἀ</span> <span class='ocrx_word' id='word_1_490' title='bbox 3183 3817 3262 3879; x_wconf 89' lang='grc' dir='ltr'>εἰς</span> <span class='ocrx_word' id='word_1_491' title='bbox 3298 3815 3776 3885; x_wconf 79' lang='grc' dir='ltr'>ῦστερονᾶπαντα</span> 
     </span>
    </p>
   </div>
   <div class='ocr_carea' id='block_1_61' title="bbox 529 3909 796 3971">
    <p class='ocr_par' dir='ltr' id='par_1_61' title="bbox 529 3909 796 3971">
     <span class='ocr_line' id='line_1_61' title="bbox 529 3909 796 3971; baseline 0 -11"><span class='ocrx_word' id='word_1_492' title='bbox 529 3909 796 3971; x_wconf 80' lang='grc' dir='ltr'>ἐξέϐαινε.</span> 
     </span>
    </p>
   </div>
   <div class='ocr_carea' id='block_1_62' title="bbox 1922 4052 2377 4109">
    <p class='ocr_par' dir='ltr' id='par_1_62' title="bbox 1922 4052 2377 4109">
     <span class='ocr_line' id='line_1_62' title="bbox 1922 4052 2377 4109; baseline 0.002 -3"><span class='ocrx_word' id='word_1_493' title='bbox 1922 4052 2144 4109; x_wconf 65' lang='lat' dir='ltr'>CAPUT</span> <span class='ocrx_word' id='word_1_494' title='bbox 2187 4053 2377 4107; x_wconf 79' lang='lat' dir='ltr'><strong>XXlll.</strong></span> 
     </span>
    </p>
   </div>
   <div class='ocr_carea' id='block_1_63' title="bbox 528 4157 3779 4238">
    <p class='ocr_par' dir='ltr' id='par_1_63' title="bbox 528 4157 3779 4238">
     <span class='ocr_line' id='line_1_63' title="bbox 528 4157 3779 4238; baseline 0.004 -27"><span class='ocrx_word' id='word_1_495' title='bbox 528 4157 769 4238; x_wconf 80' lang='lat' dir='ltr'><strong>Propt_er_</strong></span> <span class='ocrx_word' id='word_1_496' title='bbox 788 4160 1066 4215; x_wconf 83' lang='lat' dir='ltr'><strong>Barlaami</strong></span> <span class='ocrx_word' id='word_1_497' title='bbox 1098 4170 1153 4238; x_wconf 11' lang='lat' dir='ltr'>et,</span> <span class='ocrx_word' id='word_1_498' title='bbox 1177 4160 1436 4238; x_wconf 58' lang='lat' dir='ltr'><strong>Acindpui</strong></span> <span class='ocrx_word' id='word_1_499' title='bbox 1461 4163 1681 4238; x_wconf 60' lang='lat' dir='ltr'><strong>(uer-eain</strong></span> <span class='ocrx_word' id='word_1_500' title='bbox 1711 4165 1942 4235; x_wconf 79' lang='lat' dir='ltr'><strong>synodus</strong></span> <span class='ocrx_word' id='word_1_501' title='bbox 1978 4168 2041 4220; x_wconf 84' lang='lat' dir='ltr'><strong>ab</strong></span> <span class='ocrx_word' id='word_1_502' title='bbox 2069 4169 2390 4238; x_wconf 79' lang='lat' dir='ltr'><strong>imperatore</strong></span> <span class='ocrx_word' id='word_1_503' title='bbox 2428 4169 2746 4232; x_wconf 83' lang='lat' dir='ltr'><strong>conceditur,</strong></span> <span class='ocrx_word' id='word_1_504' title='bbox 2784 4179 2831 4220; x_wconf 85' lang='lat' dir='ltr'>et</span> <span class='ocrx_word' id='word_1_505' title='bbox 2882 4172 2997 4238; x_wconf 81' lang='lat' dir='ltr'><strong>ejus</strong></span> <span class='ocrx_word' id='word_1_506' title='bbox 3030 4169 3083 4221; x_wconf 85' lang='lat' dir='ltr'>in</span> <span class='ocrx_word' id='word_1_507' title='bbox 3135 4184 3195 4220; x_wconf 82' lang='lat' dir='ltr'><strong>ea</strong></span> <span class='ocrx_word' id='word_1_508' title='bbox 3245 4185 3300 4221; x_wconf 87' lang='lat' dir='ltr'>re</span> <span class='ocrx_word' id='word_1_509' title='bbox 3335 4168 3632 4237; x_wconf 81' lang='lat' dir='ltr'><strong>diligentia.</strong></span> <span class='ocrx_word' id='word_1_510' title='bbox 3665 4170 3779 4226; x_wconf 83' lang='lat' dir='ltr'><strong>Cur</strong></span> 
     </span>
    </p>
   </div>
   <div class='ocr_carea' id='block_1_64' title="bbox 514 4232 1311 4302">
    <p class='ocr_par' dir='ltr' id='par_1_64' title="bbox 514 4232 1311 4302">
     <span class='ocr_line' id='line_1_64' title="bbox 514 4232 1311 4302; baseline -0.001 -19"><span class='ocrx_word' id='word_1_511' title='bbox 514 4284 523 4297; x_wconf 62' lang='grc'><em>,</em></span> <span class='ocrx_word' id='word_1_512' title='bbox 604 4233 903 4302; x_wconf 78' lang='lat' dir='ltr'><strong>Aciudynus</strong></span> <span class='ocrx_word' id='word_1_513' title='bbox 925 4248 979 4284; x_wconf 79' lang='lat' dir='ltr'>se</span> <span class='ocrx_word' id='word_1_514' title='bbox 1009 4232 1311 4302; x_wconf 10' lang='lat' dir='ltr'><strong>occultarrit.</strong></span> 
     </span>
    </p>
   </div>
   <div class='ocr_carea' id='block_1_65' title="bbox 1390 4233 3778 4307">
    <p class='ocr_par' dir='ltr' id='par_1_65' title="bbox 1390 4233 3778 4307">
     <span class='ocr_line' id='line_1_65' title="bbox 1390 4233 3778 4307; baseline 0.005 -24"><span class='ocrx_word' id='word_1_515' title='bbox 1390 4233 1628 4307; x_wconf 71' lang='lat' dir='ltr'><strong>issidium</strong></span> <span class='ocrx_word' id='word_1_516' title='bbox 1662 4250 1718 4287; x_wconf 88' lang='lat' dir='ltr'>eo</span> <span class='ocrx_word' id='word_1_517' title='bbox 1743 4233 1958 4289; x_wconf 44' lang='lat' dir='ltr'><strong>&#39;mortuo</strong></span> <span class='ocrx_word' id='word_1_518' title='bbox 2003 4238 2117 4306; x_wconf 76' lang='lat' dir='ltr'><strong>ejus</strong></span> <span class='ocrx_word' id='word_1_519' title='bbox 2147 4233 2435 4291; x_wconf 65' lang='lat' dir='ltr'><strong>sectatores</strong></span> <span class='ocrx_word' id='word_1_520' title='bbox 2476 4239 2761 4306; x_wconf 74' lang='lat' dir='ltr'><strong>excipiunt.</strong></span> <span class='ocrx_word' id='word_1_521' title='bbox 2816 4233 3172 4301; x_wconf 69' lang='lat' dir='ltr'><strong>Quhlriduum</strong></span> <span class='ocrx_word' id='word_1_522' title='bbox 3202 4240 3279 4290; x_wconf 75' lang='lat' dir='ltr'>.in</span> <span class='ocrx_word' id='word_1_523' title='bbox 3309 4233 3778 4307; x_wconf 71' lang='lat' dir='ltr'><strong>disceptationibus</strong></span> 
     </span>
    </p>
   </div>
   <div class='ocr_carea' id='block_1_66' title="bbox 598 4301 3775 4377">
    <p class='ocr_par' dir='ltr' id='par_1_66' title="bbox 598 4301 3775 4377">
     <span class='ocr_line' id='line_1_66' title="bbox 598 4301 3775 4377; baseline 0.003 -24"><span class='ocrx_word' id='word_1_524' title='bbox 598 4301 830 4377; x_wconf 66' lang='lat' dir='ltr'><strong>ponitur.</strong></span> <span class='ocrx_word' id='word_1_525' title='bbox 870 4302 1059 4371; x_wconf 79' lang='lat' dir='ltr'><strong>Ephesi</strong></span> <span class='ocrx_word' id='word_1_526' title='bbox 1091 4312 1145 4377; x_wconf 78' lang='lat' dir='ltr'>et</span> <span class='ocrx_word' id='word_1_527' title='bbox 1173 4301 1315 4377; x_wconf 54' lang='lat' dir='ltr'>{ian}:</span> <span class='ocrx_word' id='word_1_528' title='bbox 1345 4304 1569 4377; x_wconf 64' lang='lat' dir='ltr'><strong>episcopi</strong></span> <span class='ocrx_word' id='word_1_529' title='bbox 1589 4301 2369 4377; x_wconf 48' lang='lat' dir='ltr'><strong>exauctorauturfBarlaamus</strong></span> <span class='ocrx_word' id='word_1_530' title='bbox 2401 4318 2447 4359; x_wconf 89' lang='lat' dir='ltr'>el</span> <span class='ocrx_word' id='word_1_531' title='bbox 2476 4301 2777 4375; x_wconf 72' lang='lat' dir='ltr'><strong>Aciudynus</strong></span> <span class='ocrx_word' id='word_1_532' title='bbox 2811 4316 2923 4377; x_wconf 83' lang='lat' dir='ltr'><strong>post</strong></span> <span class='ocrx_word' id='word_1_533' title='bbox 2956 4318 3175 4360; x_wconf 85' lang='lat' dir='ltr'><strong>mortem</strong></span> <span class='ocrx_word' id='word_1_534' title='bbox 3224 4301 3775 4366; x_wconf 74' lang='lat' dir='ltr'><strong>excomniunicanlur.</strong></span> 
     </span>
    </p>
   </div>
   <div class='ocr_carea' id='block_1_67' title="bbox 605 4370 3455 4445">
    <p class='ocr_par' dir='ltr' id='par_1_67' title="bbox 605 4370 3455 4445">
     <span class='ocr_line' id='line_1_67' title="bbox 605 4370 3455 4445; baseline 0.002 -24"><span class='ocrx_word' id='word_1_535' title='bbox 605 4372 678 4423; x_wconf 79' lang='lat' dir='ltr'><strong>De</strong></span> <span class='ocrx_word' id='word_1_536' title='bbox 719 4374 869 4425; x_wconf 78' lang='lat' dir='ltr'><strong>tomis</strong></span> <span class='ocrx_word' id='word_1_537' title='bbox 900 4373 1231 4441; x_wconf 71' lang='lat' dir='ltr'><strong>conscriptis.</strong></span> <span class='ocrx_word' id='word_1_538' title='bbox 1272 4370 1626 4427; x_wconf 76' lang='lat' dir='ltr'><strong>Barlaamitis</strong></span> <span class='ocrx_word' id='word_1_539' title='bbox 1657 4384 1705 4426; x_wconf 83' lang='lat' dir='ltr'>et</span> <span class='ocrx_word' id='word_1_540' title='bbox 1734 4374 2116 4445; x_wconf 72' lang='lat' dir='ltr'><strong>Acindynianis</strong></span> <span class='ocrx_word' id='word_1_541' title='bbox 2145 4379 2416 4431; x_wconf 76' lang='lat' dir='ltr'><strong>silentium</strong></span> <span class='ocrx_word' id='word_1_542' title='bbox 2442 4370 2712 4441; x_wconf 72' lang='lat' dir='ltr'><strong>indicitur,</strong></span> <span class='ocrx_word' id='word_1_543' title='bbox 2741 4386 2788 4429; x_wconf 65' lang='lat' dir='ltr'>et</span> <span class='ocrx_word' id='word_1_544' title='bbox 2811 4370 2880 4429; x_wconf 71' lang='grc' dir='ltr'>ἰη</span> <span class='ocrx_word' id='word_1_545' title='bbox 2913 4378 3148 4430; x_wconf 77' lang='lat' dir='ltr'><strong>custodia</strong></span> <span class='ocrx_word' id='word_1_546' title='bbox 3175 4377 3455 4429; x_wconf 82' lang='lat' dir='ltr'><strong>habentur.</strong></span> 
     </span>
    </p>
   </div>
   <div class='ocr_carea' id='block_1_68' title="bbox 600 4514 2107 4587">
    <p class='ocr_par' dir='ltr' id='par_1_68' title="bbox 600 4516 2103 4585">
     <span class='ocr_line' id='line_1_68' title="bbox 600 4516 2103 4585; baseline -0.001 -13"><span class='ocrx_word' id='word_1_547' title='bbox 600 4519 845 4573; x_wconf 68' lang='lat' dir='ltr'><strong>Posthmc</strong></span> <span class='ocrx_word' id='word_1_548' title='bbox 892 4517 1190 4585; x_wconf 86' lang='lat' dir='ltr'><strong>imperator</strong></span> <span class='ocrx_word' id='word_1_549' title='bbox 1229 4516 1605 4572; x_wconf 76' lang='lat' dir='ltr'><strong>confusionem</strong></span> <span class='ocrx_word' id='word_1_550' title='bbox 1672 4518 1991 4573; x_wconf 85' lang='lat' dir='ltr'><strong>horribilem</strong></span> <span class='ocrx_word' id='word_1_551' title='bbox 2047 4527 2103 4573; x_wconf 93' lang='lat' dir='ltr'>et</span> 
     </span>
    </p>
   </div>
   <div class='ocr_carea' id='block_1_69' title="bbox 2213 4514 3780 4587">
    <p class='ocr_par' dir='ltr' id='par_1_69' title="bbox 2275 4514 3780 4586">
     <span class='ocr_line' id='line_1_69' title="bbox 2275 4514 3780 4586; baseline -0.001 -15"><span class='ocrx_word' id='word_1_552' title='bbox 2275 4519 2428 4572; x_wconf 80' lang='grc' dir='ltr'>Μετὰ</span> <span class='ocrx_word' id='word_1_553' title='bbox 2458 4517 2613 4571; x_wconf 89' lang='grc' dir='ltr'>τοῦτο</span> <span class='ocrx_word' id='word_1_554' title='bbox 2663 4516 2767 4570; x_wconf 85' lang='grc' dir='ltr'>δὲό</span> <span class='ocrx_word' id='word_1_555' title='bbox 2814 4515 3069 4586; x_wconf 81' lang='grc' dir='ltr'>βασιλεὺς</span> <span class='ocrx_word' id='word_1_556' title='bbox 3125 4516 3384 4584; x_wconf 88' lang='grc' dir='ltr'>σύγχυσιν</span> <span class='ocrx_word' id='word_1_557' title='bbox 3437 4514 3618 4584; x_wconf 76' lang='grc' dir='ltr'>δεινὴν</span> <span class='ocrx_word' id='word_1_558' title='bbox 3676 4517 3780 4569; x_wconf 59' lang='grc' dir='ltr'>καὶ⁸</span> 
     </span>
    </p>
   </div>
   <div class='ocr_carea' id='block_1_70' title="bbox 528 4610 2095 4680">
    <p class='ocr_par' dir='ltr' id='par_1_70' title="bbox 528 4610 2095 4680">
     <span class='ocr_line' id='line_1_70' title="bbox 528 4610 2095 4680; baseline -0.001 -15"><span class='ocrx_word' id='word_1_559' title='bbox 528 4612 718 4666; x_wconf 85' lang='lat' dir='ltr'><strong>turbas</strong></span> <span class='ocrx_word' id='word_1_560' title='bbox 749 4611 803 4664; x_wconf 91' lang='lat' dir='ltr'>in</span> <span class='ocrx_word' id='word_1_561' title='bbox 847 4610 1089 4665; x_wconf 85' lang='lat' dir='ltr'><strong>Ecclesia</strong></span> <span class='ocrx_word' id='word_1_562' title='bbox 1125 4612 1387 4664; x_wconf 51' lang='lat' dir='ltr'><strong>escitatas</strong></span> <span class='ocrx_word' id='word_1_563' title='bbox 1421 4611 1659 4675; x_wconf 89' lang='lat' dir='ltr'><strong>intuens,</strong></span> <span class='ocrx_word' id='word_1_564' title='bbox 1688 4619 1851 4680; x_wconf 85' lang='lat' dir='ltr'><strong>atque</strong></span> <span class='ocrx_word' id='word_1_565' title='bbox 1882 4628 1911 4664; x_wconf 90' lang='lat' dir='ltr'>a</span> <span class='ocrx_word' id='word_1_566' title='bbox 1943 4626 2095 4665; x_wconf 90' lang='lat' dir='ltr'><strong>com-</strong></span> 
     </span>
    </p>
   </div>
   <div class='ocr_carea' id='block_1_71' title="bbox 527 4702 2099 4771">
    <p class='ocr_par' dir='ltr' id='par_1_71' title="bbox 527 4702 2099 4771">
     <span class='ocr_line' id='line_1_71' title="bbox 527 4702 2099 4771; baseline -0.001 -12"><span class='ocrx_word' id='word_1_567' title='bbox 527 4707 789 4759; x_wconf 84' lang='lat' dir='ltr'><strong>munione</strong></span> <span class='ocrx_word' id='word_1_568' title='bbox 861 4703 1198 4771; x_wconf 86' lang='lat' dir='ltr'><strong>reliquorum</strong></span> <span class='ocrx_word' id='word_1_569' title='bbox 1280 4702 1600 4757; x_wconf 82' lang='lat' dir='ltr'><strong>discessisse</strong></span> <span class='ocrx_word' id='word_1_570' title='bbox 1685 4703 1951 4757; x_wconf 82' lang='lat' dir='ltr'><strong>Barlaami</strong></span> <span class='ocrx_word' id='word_1_571' title='bbox 2044 4716 2099 4761; x_wconf 87' lang='lat' dir='ltr'>et</span> 
     </span>
    </p>
   </div>
   <div class='ocr_carea' id='block_1_72' title="bbox 526 4794 2099 4867">
    <p class='ocr_par' dir='ltr' id='par_1_72' title="bbox 526 4794 2099 4867">
     <span class='ocr_line' id='line_1_72' title="bbox 526 4794 2099 4867; baseline 0.001 -16"><span class='ocrx_word' id='word_1_572' title='bbox 526 4796 798 4867; x_wconf 83' lang='lat' dir='ltr'><strong>Acindyni</strong></span> <span class='ocrx_word' id='word_1_573' title='bbox 834 4804 1157 4855; x_wconf 79' lang='lat' dir='ltr'><strong>sectatores,</strong></span> <span class='ocrx_word' id='word_1_574' title='bbox 1196 4794 1503 4862; x_wconf 88' lang='lat' dir='ltr'><strong>multosque</strong></span> <span class='ocrx_word' id='word_1_575' title='bbox 1534 4794 1603 4849; x_wconf 88' lang='lat' dir='ltr'>ab</span> <span class='ocrx_word' id='word_1_576' title='bbox 1635 4795 1702 4849; x_wconf 86' lang='lat' dir='ltr'>iis</span> <span class='ocrx_word' id='word_1_577' title='bbox 1729 4796 2007 4861; x_wconf 87' lang='lat' dir='ltr'><strong>seductos,</strong></span> <span class='ocrx_word' id='word_1_578' title='bbox 2043 4809 2099 4852; x_wconf 88' lang='lat' dir='ltr'>et</span> 
     </span>
    </p>
   </div>
   <div class='ocr_carea' id='block_1_73' title="bbox 526 4887 2096 4957">
    <p class='ocr_par' dir='ltr' id='par_1_73' title="bbox 526 4887 2096 4957">
     <span class='ocr_line' id='line_1_73' title="bbox 526 4887 2096 4957; baseline -0.001 -12"><span class='ocrx_word' id='word_1_579' title='bbox 526 4892 652 4945; x_wconf 90' lang='lat' dir='ltr'><strong>illos</strong></span> <span class='ocrx_word' id='word_1_580' title='bbox 686 4888 988 4942; x_wconf 74' lang='lat' dir='ltr'><strong>Ecclesium</strong></span> <span class='ocrx_word' id='word_1_581' title='bbox 1036 4900 1420 4955; x_wconf 83' lang='lat' dir='ltr'><strong>pcrversorum</strong></span> <span class='ocrx_word' id='word_1_582' title='bbox 1467 4887 1781 4957; x_wconf 78' lang='lat' dir='ltr'><strong>dogmatum</strong></span> <span class='ocrx_word' id='word_1_583' title='bbox 1817 4904 2096 4957; x_wconf 80' lang='lat' dir='ltr'><strong>accusare,</strong></span> 
     </span>
    </p>
   </div>
   <div class='ocr_carea' id='block_1_74' title="bbox 525 4980 2097 5053">
    <p class='ocr_par' dir='ltr' id='par_1_74' title="bbox 525 4980 2097 5053">
     <span class='ocr_line' id='line_1_74' title="bbox 525 4980 2097 5053; baseline -0.001 -15"><span class='ocrx_word' id='word_1_584' title='bbox 525 4994 582 5038; x_wconf 91' lang='lat' dir='ltr'>et</span> <span class='ocrx_word' id='word_1_585' title='bbox 634 4982 900 5053; x_wconf 79' lang='lat' dir='ltr'><strong>judicium</strong></span> <span class='ocrx_word' id='word_1_586' title='bbox 983 4980 1299 5049; x_wconf 87' lang='lat' dir='ltr'><strong>postulare,</strong></span> <span class='ocrx_word' id='word_1_587' title='bbox 1359 4981 1757 5035; x_wconf 85' lang='lat' dir='ltr'><strong>tumultuantes</strong></span> <span class='ocrx_word' id='word_1_588' title='bbox 1816 4983 2097 5051; x_wconf 89' lang='lat' dir='ltr'><strong>quotidie,</strong></span> 
     </span>
    </p>
   </div>
   <div class='ocr_carea' id='block_1_75' title="bbox 527 5073 2096 5145">
    <p class='ocr_par' dir='ltr' id='par_1_75' title="bbox 527 5073 2096 5145">
     <span class='ocr_line' id='line_1_75' title="bbox 527 5073 2096 5145; baseline 0 -16"><span class='ocrx_word' id='word_1_589' title='bbox 527 5086 894 5145; x_wconf 79' lang='lat' dir='ltr'><strong>rogantcsque</strong></span> <span class='ocrx_word' id='word_1_590' title='bbox 941 5074 1006 5126; x_wconf 87' lang='lat' dir='ltr'>ad</span> <span class='ocrx_word' id='word_1_591' title='bbox 1055 5074 1322 5127; x_wconf 90' lang='lat' dir='ltr'><strong>rationem</strong></span> <span class='ocrx_word' id='word_1_592' title='bbox 1376 5073 1713 5128; x_wconf 87' lang='lat' dir='ltr'><strong>reddendam</strong></span> <span class='ocrx_word' id='word_1_593' title='bbox 1777 5091 1835 5130; x_wconf 92' lang='lat' dir='ltr'>se</span> <span class='ocrx_word' id='word_1_594' title='bbox 1887 5079 2096 5142; x_wconf 87' lang='lat' dir='ltr'><strong>vocari,</strong></span> 
     </span>
    </p>
   </div>
   <div class='ocr_carea' id='block_1_76' title="bbox 526 5160 2101 5230">
    <p class='ocr_par' dir='ltr' id='par_1_76' title="bbox 526 5160 2101 5230">
     <span class='ocr_line' id='line_1_76' title="bbox 526 5160 2101 5230; baseline 0.002 -15"><span class='ocrx_word' id='word_1_595' title='bbox 526 5161 752 5215; x_wconf 69' lang='lat' dir='ltr'><strong>Cabistu</strong></span> <span class='ocrx_word' id='word_1_596' title='bbox 782 5160 1115 5226; x_wconf 84' lang='lat' dir='ltr'><strong>patriarcha,</strong></span> <span class='ocrx_word' id='word_1_597' title='bbox 1144 5168 1199 5214; x_wconf 90' lang='lat' dir='ltr'>et</span> <span class='ocrx_word' id='word_1_598' title='bbox 1222 5161 1342 5215; x_wconf 78' lang='lat' dir='ltr'><strong>aliis</strong></span> <span class='ocrx_word' id='word_1_599' title='bbox 1362 5162 1656 5230; x_wconf 88' lang='lat' dir='ltr'><strong>episcopis,</strong></span> <span class='ocrx_word' id='word_1_600' title='bbox 1675 5166 2101 5218; x_wconf 89' lang='lat' dir='ltr'><strong>monachorum-</strong></span> 
     </span>
    </p>
   </div>
   <div class='ocr_carea' id='block_1_77' title="bbox 528 5252 2102 5319">
    <p class='ocr_par' dir='ltr' id='par_1_77' title="bbox 528 5252 2102 5319">
     <span class='ocr_line' id='line_1_77' title="bbox 528 5252 2102 5319; baseline 0.004 -16"><span class='ocrx_word' id='word_1_601' title='bbox 528 5267 637 5319; x_wconf 89' lang='lat' dir='ltr'>qne</span> <span class='ocrx_word' id='word_1_602' title='bbox 689 5252 984 5319; x_wconf 79' lang='lat' dir='ltr'><strong>primariis,</strong></span> <span class='ocrx_word' id='word_1_603' title='bbox 1013 5252 1159 5319; x_wconf 90' lang='lat' dir='ltr'><strong>quod</strong></span> <span class='ocrx_word' id='word_1_604' title='bbox 1209 5253 1487 5311; x_wconf 77' lang='lat' dir='ltr'><strong>seditiosis</strong></span> <span class='ocrx_word' id='word_1_605' title='bbox 1560 5270 1621 5307; x_wconf 87' lang='lat' dir='ltr'>ac</span> <span class='ocrx_word' id='word_1_606' title='bbox 1681 5254 2102 5311; x_wconf 89' lang='lat' dir='ltr'><strong>distractoribus</strong></span> 
     </span>
    </p>
   </div>
   <div class='ocr_carea' id='block_1_78' title="bbox 528 5343 2098 5415">
    <p class='ocr_par' dir='ltr' id='par_1_78' title="bbox 528 5343 2098 5415">
     <span class='ocr_line' id='line_1_78' title="bbox 528 5343 2098 5415; baseline 0.004 -19"><span class='ocrx_word' id='word_1_607' title='bbox 528 5344 639 5396; x_wconf 91' lang='lat' dir='ltr'><strong>illis</strong></span> <span class='ocrx_word' id='word_1_608' title='bbox 663 5343 937 5397; x_wconf 83' lang='lat' dir='ltr'><strong>contraria</strong></span> <span class='ocrx_word' id='word_1_609' title='bbox 972 5343 1260 5405; x_wconf 88' lang='lat' dir='ltr'><strong>sentirent,</strong></span> <span class='ocrx_word' id='word_1_610' title='bbox 1294 5344 1547 5399; x_wconf 88' lang='lat' dir='ltr'><strong>similiter</strong></span> <span class='ocrx_word' id='word_1_611' title='bbox 1598 5348 1883 5401; x_wconf 89' lang='lat' dir='ltr'><strong>orantibus</strong></span> <span class='ocrx_word' id='word_1_612' title='bbox 1932 5363 2098 5415; x_wconf 84' lang='lat' dir='ltr'><strong>syno-</strong></span> 
     </span>
    </p>
   </div>
   <div class='ocr_carea' id='block_1_79' title="bbox 525 5432 2098 5507">
    <p class='ocr_par' dir='ltr' id='par_1_79' title="bbox 525 5432 2098 5507">
     <span class='ocr_line' id='line_1_79' title="bbox 525 5432 2098 5507; baseline 0.004 -20"><span class='ocrx_word' id='word_1_613' title='bbox 525 5436 654 5487; x_wconf 80' lang='lat' dir='ltr'>dum</span> <span class='ocrx_word' id='word_1_614' title='bbox 707 5432 1025 5503; x_wconf 79' lang='lat' dir='ltr'><strong>congregari</strong></span> <span class='ocrx_word' id='word_1_615' title='bbox 1104 5444 1159 5487; x_wconf 88' lang='lat' dir='ltr'>et</span> <span class='ocrx_word' id='word_1_616' title='bbox 1215 5434 1467 5503; x_wconf 78' lang='lat' dir='ltr'><strong>dogmata</strong></span> <span class='ocrx_word' id='word_1_617' title='bbox 1531 5437 1852 5504; x_wconf 85' lang='lat' dir='ltr'><strong>examinari,</strong></span> <span class='ocrx_word' id='word_1_618' title='bbox 1882 5456 2098 5507; x_wconf 58' lang='lat' dir='ltr'><strong>requuin</strong></span> 
     </span>
    </p>
   </div>
   <div class='ocr_carea' id='block_1_80' title="bbox 524 5525 2097 5601">
    <p class='ocr_par' dir='ltr' id='par_1_80' title="bbox 524 5525 2097 5601">
     <span class='ocr_line' id='line_1_80' title="bbox 524 5525 2097 5601; baseline 0.003 -23"><span class='ocrx_word' id='word_1_619' title='bbox 524 5525 867 5588; x_wconf 82' lang='lat' dir='ltr'><strong>existimans,</strong></span> <span class='ocrx_word' id='word_1_620' title='bbox 927 5540 1034 5579; x_wconf 91' lang='lat' dir='ltr'>non</span> <span class='ocrx_word' id='word_1_621' title='bbox 1096 5525 1211 5579; x_wconf 66' lang='lat' dir='ltr'><strong>haec</strong></span> <span class='ocrx_word' id='word_1_622' title='bbox 1272 5526 1629 5595; x_wconf 77' lang='lat' dir='ltr'><strong>vilipendere.</strong></span> <span class='ocrx_word' id='word_1_623' title='bbox 1681 5529 1776 5582; x_wconf 90' lang='lat' dir='ltr'>sed</span> <span class='ocrx_word' id='word_1_624' title='bbox 1836 5539 2097 5601; x_wconf 90' lang='lat' dir='ltr'><strong>quantum</strong></span> 
     </span>
    </p>
   </div>
   <div class='ocr_carea' id='block_1_81' title="bbox 527 5617 2100 5690">
    <p class='ocr_par' dir='ltr' id='par_1_81' title="bbox 527 5617 2100 5690">
     <span class='ocr_line' id='line_1_81' title="bbox 527 5617 2100 5690; baseline 0.004 -23"><span class='ocrx_word' id='word_1_625' title='bbox 527 5626 733 5685; x_wconf 81' lang='lat' dir='ltr'><strong>posset,</strong></span> <span class='ocrx_word' id='word_1_626' title='bbox 766 5617 1021 5671; x_wconf 72' lang='lat' dir='ltr'><strong>Ecclesim</strong></span> <span class='ocrx_word' id='word_1_627' title='bbox 1046 5617 1163 5685; x_wconf 83' lang='lat' dir='ltr'><strong>paci</strong></span> <span class='ocrx_word' id='word_1_628' title='bbox 1201 5617 1509 5677; x_wconf 86' lang='lat' dir='ltr'><strong>consulere.</strong></span> <span class='ocrx_word' id='word_1_629' title='bbox 1543 5620 1807 5688; x_wconf 76' lang='lat' dir='ltr'><strong>synodum</strong></span> <span class='ocrx_word' id='word_1_630' title='bbox 1857 5622 1940 5689; x_wconf 82' lang='lat' dir='ltr'><strong>agi</strong></span> <span class='ocrx_word' id='word_1_631' title='bbox 1979 5637 2100 5690; x_wconf 91' lang='lat' dir='ltr'><strong>pcr-</strong></span> 
     </span>
    </p>
   </div>
   <div class='ocr_carea' id='block_1_82' title="bbox 524 5709 2097 5781">
    <p class='ocr_par' dir='ltr' id='par_1_82' title="bbox 524 5709 2097 5781">
     <span class='ocr_line' id='line_1_82' title="bbox 524 5709 2097 5781; baseline 0.003 -21"><span class='ocrx_word' id='word_1_632' title='bbox 524 5709 675 5761; x_wconf 90' lang='lat' dir='ltr'><strong>misit</strong></span> <span class='ocrx_word' id='word_1_633' title='bbox 712 5726 725 5761; x_wconf 80' lang='lat' dir='ltr'><em>z</em></span> <span class='ocrx_word' id='word_1_634' title='bbox 759 5718 816 5762; x_wconf 88' lang='lat' dir='ltr'>et</span> <span class='ocrx_word' id='word_1_635' title='bbox 866 5723 993 5762; x_wconf 89' lang='lat' dir='ltr'>cum</span> <span class='ocrx_word' id='word_1_636' title='bbox 1043 5709 1181 5763; x_wconf 86' lang='lat' dir='ltr'><strong>alios</strong></span> <span class='ocrx_word' id='word_1_637' title='bbox 1239 5710 1549 5778; x_wconf 88' lang='lat' dir='ltr'><strong>episcopos,</strong></span> <span class='ocrx_word' id='word_1_638' title='bbox 1612 5721 1724 5765; x_wconf 88' lang='lat' dir='ltr'>tum</span> <span class='ocrx_word' id='word_1_639' title='bbox 1774 5712 2097 5781; x_wconf 81' lang='lat' dir='ltr'><strong>Gregorium</strong></span> 
     </span>
    </p>
   </div>
   <div class='ocr_carea' id='block_1_83' title="bbox 521 5798 2097 5858">
    <p class='ocr_par' dir='ltr' id='par_1_83' title="bbox 521 5798 2097 5858">
     <span class='ocr_line' id='line_1_83' title="bbox 521 5798 2097 5858; baseline 0.004 -7"><span class='ocrx_word' id='word_1_640' title='bbox 521 5798 792 5853; x_wconf 85' lang='lat' dir='ltr'><strong>Palamam</strong></span> <span class='ocrx_word' id='word_1_641' title='bbox 869 5799 1419 5856; x_wconf 79' lang='lat' dir='ltr'><strong>Thessalonicensem</strong></span> <span class='ocrx_word' id='word_1_642' title='bbox 1499 5802 1699 5857; x_wconf 90' lang='lat' dir='ltr'><strong>litteris</strong></span> <span class='ocrx_word' id='word_1_643' title='bbox 1788 5805 2097 5858; x_wconf 80' lang='lat' dir='ltr'><strong>accersivit.</strong></span> 
     </span>
    </p>
   </div>
   <div class='ocr_carea' id='block_1_84' title="bbox 2203 4600 3783 4682">
    <p class='ocr_par' dir='ltr' id='par_1_84' title="bbox 2203 4600 3783 4682">
     <span class='ocr_line' id='line_1_84' title="bbox 2203 4600 3783 4682; baseline -0.003 -18"><span class='ocrx_word' id='word_1_644' title='bbox 2203 4612 2428 4677; x_wconf 77' lang='grc' dir='ltr'>ἀταξίαν</span> <span class='ocrx_word' id='word_1_645' title='bbox 2484 4611 2625 4682; x_wconf 86' lang='grc' dir='ltr'>ὁρῶν</span> <span class='ocrx_word' id='word_1_646' title='bbox 2656 4612 2714 4662; x_wconf 89' lang='grc' dir='ltr'>ἐν</span> <span class='ocrx_word' id='word_1_647' title='bbox 2743 4612 2808 4680; x_wconf 82' lang='grc' dir='ltr'>τῇ</span> <span class='ocrx_word' id='word_1_648' title='bbox 2867 4609 3131 4679; x_wconf 74' lang='grc' dir='ltr'>ἐκκλησίᾳ</span> <span class='ocrx_word' id='word_1_649' title='bbox 3183 4610 3493 4679; x_wconf 82' lang='grc' dir='ltr'>γινομένην,</span> <span class='ocrx_word' id='word_1_650' title='bbox 3528 4600 3623 4660; x_wconf 72' lang='grc' dir='ltr'>καὶ</span> <span class='ocrx_word' id='word_1_651' title='bbox 3674 4610 3783 4679; x_wconf 80' lang='grc' dir='ltr'>τῆς</span> 
     </span>
    </p>
   </div>
   <div class='ocr_carea' id='block_1_85' title="bbox 2202 4692 3824 4769">
    <p class='ocr_par' dir='ltr' id='par_1_85' title="bbox 2202 4692 3824 4769">
     <span class='ocr_line' id='line_1_85' title="bbox 2202 4692 3824 4769; baseline -0.002 -14"><span class='ocrx_word' id='word_1_652' title='bbox 2202 4703 2483 4765; x_wconf 85' lang='grc' dir='ltr'>κοινωνίας</span> <span class='ocrx_word' id='word_1_653' title='bbox 2520 4702 2626 4753; x_wconf 85' lang='grc' dir='ltr'>τῶν</span> <span class='ocrx_word' id='word_1_654' title='bbox 2652 4700 2856 4753; x_wconf 85' lang='grc' dir='ltr'>λοιπῶν</span> <span class='ocrx_word' id='word_1_655' title='bbox 2885 4700 3290 4769; x_wconf 79' lang='grc' dir='ltr'>ἀφισταμένους</span> <span class='ocrx_word' id='word_1_656' title='bbox 3335 4702 3460 4763; x_wconf 75' lang='grc' dir='ltr'>τοὺς</span> <span class='ocrx_word' id='word_1_657' title='bbox 3510 4701 3580 4753; x_wconf 71' lang='grc' dir='ltr'>τά</span> <span class='ocrx_word' id='word_1_658' title='bbox 3632 4700 3780 4768; x_wconf 83' lang='grc' dir='ltr'>Βαρ-</span> <span class='ocrx_word' id='word_1_659' title='bbox 3806 4692 3824 4769; x_wconf 67' lang='grc' dir='ltr'>ξ’</span> 
     </span>
    </p>
   </div>
   <div class='ocr_carea' id='block_1_86' title="bbox 2200 4768 3847 4865">
    <p class='ocr_par' dir='ltr' id='par_1_86' title="bbox 2200 4768 3847 4865">
     <span class='ocr_line' id='line_1_86' title="bbox 2200 4768 3847 4865; baseline -0.002 -18"><span class='ocrx_word' id='word_1_660' title='bbox 2200 4796 2461 4865; x_wconf 66' lang='grc' dir='ltr'>λαὲιμκαὶ</span> <span class='ocrx_word' id='word_1_661' title='bbox 2518 4793 2822 4847; x_wconf 86' lang='grc' dir='ltr'>Ἀκινδύνου</span> <span class='ocrx_word' id='word_1_662' title='bbox 2848 4794 3181 4863; x_wconf 74' lang='grc' dir='ltr'>ᾑρημένους,</span> <span class='ocrx_word' id='word_1_663' title='bbox 3212 4793 3440 4854; x_wconf 78' lang='grc' dir='ltr'>πολλούς</span> <span class='ocrx_word' id='word_1_664' title='bbox 3471 4808 3529 4842; x_wconf 81' lang='grc' dir='ltr'>τε</span> <span class='ocrx_word' id='word_1_665' title='bbox 3556 4790 3775 4854; x_wconf 85' lang='grc' dir='ltr'>τούτοις</span> <span class='ocrx_word' id='word_1_666' title='bbox 3804 4768 3847 4861; x_wconf 5' lang='grc' dir='ltr'>θ’,</span> 
     </span>
    </p>
   </div>
   <div class='ocr_carea' id='block_1_87' title="bbox 2202 4884 3779 4954">
    <p class='ocr_par' dir='ltr' id='par_1_87' title="bbox 2202 4884 3779 4954">
     <span class='ocr_line' id='line_1_87' title="bbox 2202 4884 3779 4954; baseline -0.003 -15"><span class='ocrx_word' id='word_1_667' title='bbox 2202 4886 2701 4954; x_wconf 84' lang='grc' dir='ltr'>συναπαγομένους,</span> <span class='ocrx_word' id='word_1_668' title='bbox 2719 4886 3054 4954; x_wconf 77' lang='grc' dir='ltr'>διαστροφήν</span> <span class='ocrx_word' id='word_1_669' title='bbox 3079 4901 3140 4937; x_wconf 90' lang='grc' dir='ltr'>τε</span> <span class='ocrx_word' id='word_1_670' title='bbox 3160 4884 3267 4936; x_wconf 86' lang='grc' dir='ltr'>τῶν</span> <span class='ocrx_word' id='word_1_671' title='bbox 3288 4884 3460 4952; x_wconf 83' lang='grc' dir='ltr'>ὀρθῶν</span> <span class='ocrx_word' id='word_1_672' title='bbox 3484 4884 3779 4950; x_wconf 83' lang='grc' dir='ltr'>δογμάτων</span> 
     </span>
    </p>
   </div>
   <div class='ocr_carea' id='block_1_88' title="bbox 2202 4974 3772 5047">
    <p class='ocr_par' dir='ltr' id='par_1_88' title="bbox 2202 4974 3772 5047">
     <span class='ocr_line' id='line_1_88' title="bbox 2202 4974 3772 5047; baseline -0.001 -18"><span class='ocrx_word' id='word_1_673' title='bbox 2202 4977 2562 5046; x_wconf 81' lang='grc' dir='ltr'>ἐγκαλοῦντας</span> <span class='ocrx_word' id='word_1_674' title='bbox 2596 4976 2988 5047; x_wconf 80' lang='grc' dir='ltr'>τῇῈκκλησίᾳ,</span> <span class='ocrx_word' id='word_1_675' title='bbox 3030 4976 3122 5028; x_wconf 79' lang='grc' dir='ltr'>καί</span> <span class='ocrx_word' id='word_1_676' title='bbox 3146 4976 3243 5043; x_wconf 81' lang='grc' dir='ltr'>τὴν</span> <span class='ocrx_word' id='word_1_677' title='bbox 3267 4977 3420 5043; x_wconf 84' lang='grc' dir='ltr'>δίκην</span> <span class='ocrx_word' id='word_1_678' title='bbox 3466 4974 3772 5041; x_wconf 78' lang='grc' dir='ltr'>ἐπιϐοωμέ-</span> 
     </span>
    </p>
   </div>
   <div class='ocr_carea' id='block_1_89' title="bbox 2199 5066 3774 5138">
    <p class='ocr_par' dir='ltr' id='par_1_89' title="bbox 2199 5066 3774 5138">
     <span class='ocr_line' id='line_1_89' title="bbox 2199 5066 3774 5138; baseline -0.004 -15"><span class='ocrx_word' id='word_1_679' title='bbox 2199 5089 2345 5136; x_wconf 76' lang='grc' dir='ltr'>νους,</span> <span class='ocrx_word' id='word_1_680' title='bbox 2379 5072 2472 5123; x_wconf 75' lang='grc' dir='ltr'>καὶ</span> <span class='ocrx_word' id='word_1_681' title='bbox 2506 5068 2970 5138; x_wconf 84' lang='grc' dir='ltr'>παρενοχλοῦντας</span> <span class='ocrx_word' id='word_1_682' title='bbox 3011 5072 3301 5138; x_wconf 79' lang='grc' dir='ltr'>ὁσημέραι,</span> <span class='ocrx_word' id='word_1_683' title='bbox 3333 5067 3426 5119; x_wconf 74' lang='grc' dir='ltr'>καὶ</span> <span class='ocrx_word' id='word_1_684' title='bbox 3479 5066 3774 5133; x_wconf 82' lang='grc' dir='ltr'>δεομένους</span> 
     </span>
    </p>
   </div>
   <div class='ocr_carea' id='block_1_90' title="bbox 2200 5162 3778 5233">
    <p class='ocr_par' dir='ltr' id='par_1_90' title="bbox 2200 5162 3778 5233">
     <span class='ocr_line' id='line_1_90' title="bbox 2200 5162 3778 5233; baseline -0.002 -16"><span class='ocrx_word' id='word_1_685' title='bbox 2200 5164 2688 5217; x_wconf 88' lang='grc' dir='ltr'>ἀντικαθίστασθαι</span> <span class='ocrx_word' id='word_1_686' title='bbox 2733 5164 2870 5232; x_wconf 84' lang='grc' dir='ltr'>πρὸς</span> <span class='ocrx_word' id='word_1_687' title='bbox 2897 5164 2993 5233; x_wconf 79' lang='grc' dir='ltr'>τὴν</span> <span class='ocrx_word' id='word_1_688' title='bbox 3042 5164 3312 5229; x_wconf 78' lang='grc' dir='ltr'>ἐξέτασιν,</span> <span class='ocrx_word' id='word_1_689' title='bbox 3367 5162 3671 5216; x_wconf 80' lang='grc' dir='ltr'>Καλλίστου</span> <span class='ocrx_word' id='word_1_690' title='bbox 3713 5180 3778 5215; x_wconf 88' lang='grc' dir='ltr'>τε</span> 
     </span>
    </p>
   </div>
   <div class='ocr_carea' id='block_1_91' title="bbox 2200 5255 3778 5327">
    <p class='ocr_par' dir='ltr' id='par_1_91' title="bbox 2200 5255 3778 5327">
     <span class='ocr_line' id='line_1_91' title="bbox 2200 5255 3778 5327; baseline -0.001 -18"><span class='ocrx_word' id='word_1_691' title='bbox 2200 5256 2398 5325; x_wconf 78' lang='grc' dir='ltr'>ὁμοίως</span> <span class='ocrx_word' id='word_1_692' title='bbox 2422 5255 2514 5308; x_wconf 89' lang='grc' dir='ltr'>τοῦ</span> <span class='ocrx_word' id='word_1_693' title='bbox 2542 5257 2906 5327; x_wconf 87' lang='grc' dir='ltr'>πατριάρχου,</span> <span class='ocrx_word' id='word_1_694' title='bbox 2940 5258 3033 5309; x_wconf 77' lang='grc' dir='ltr'>καὶ</span> <span class='ocrx_word' id='word_1_695' title='bbox 3074 5256 3185 5307; x_wconf 88' lang='grc' dir='ltr'>τῶν</span> <span class='ocrx_word' id='word_1_696' title='bbox 3242 5256 3415 5308; x_wconf 84' lang='grc' dir='ltr'>ἄλλων</span> <span class='ocrx_word' id='word_1_697' title='bbox 3444 5258 3778 5325; x_wconf 83' lang='grc' dir='ltr'>ἀρχιερέων,</span> 
     </span>
    </p>
   </div>
   <div class='ocr_carea' id='block_1_92' title="bbox 2201 5347 3781 5419">
    <p class='ocr_par' dir='ltr' id='par_1_92' title="bbox 2201 5347 3781 5419">
     <span class='ocr_line' id='line_1_92' title="bbox 2201 5347 3781 5419; baseline -0.001 -19"><span class='ocrx_word' id='word_1_698' title='bbox 2201 5350 2296 5401; x_wconf 78' lang='grc' dir='ltr'>καὶ</span> <span class='ocrx_word' id='word_1_699' title='bbox 2324 5347 2432 5402; x_wconf 84' lang='grc' dir='ltr'>τῶν</span> <span class='ocrx_word' id='word_1_700' title='bbox 2460 5348 2699 5415; x_wconf 88' lang='grc' dir='ltr'>λογάδων</span> <span class='ocrx_word' id='word_1_701' title='bbox 2720 5348 2826 5399; x_wconf 90' lang='grc' dir='ltr'>τῶν</span> <span class='ocrx_word' id='word_1_702' title='bbox 2852 5348 3120 5419; x_wconf 78' lang='grc' dir='ltr'>μοναχῶν,</span> <span class='ocrx_word' id='word_1_703' title='bbox 3145 5348 3256 5399; x_wconf 75' lang='grc' dir='ltr'>ὅσοι</span> <span class='ocrx_word' id='word_1_704' title='bbox 3282 5349 3393 5409; x_wconf 87' lang='grc' dir='ltr'>τοῖς</span> <span class='ocrx_word' id='word_1_705' title='bbox 3416 5348 3781 5413; x_wconf 72' lang='grc' dir='ltr'>ἀποσχισταῖς</span> 
     </span>
    </p>
   </div>
   <div class='ocr_carea' id='block_1_93' title="bbox 2201 5436 3781 5511">
    <p class='ocr_par' dir='ltr' id='par_1_93' title="bbox 2201 5436 3781 5511">
     <span class='ocr_line' id='line_1_93' title="bbox 2201 5436 3781 5511; baseline -0.003 -20"><span class='ocrx_word' id='word_1_706' title='bbox 2201 5441 2416 5493; x_wconf 87' lang='grc' dir='ltr'>ἐναντία</span> <span class='ocrx_word' id='word_1_707' title='bbox 2469 5442 2729 5511; x_wconf 85' lang='grc' dir='ltr'>ἐφρόνουν</span> <span class='ocrx_word' id='word_1_708' title='bbox 2774 5440 2831 5490; x_wconf 92' lang='grc' dir='ltr'>ἐν</span> <span class='ocrx_word' id='word_1_709' title='bbox 2870 5440 2982 5501; x_wconf 87' lang='grc' dir='ltr'>τοῖς</span> <span class='ocrx_word' id='word_1_710' title='bbox 3026 5438 3282 5506; x_wconf 84' lang='grc' dir='ltr'>δόγμασι,</span> <span class='ocrx_word' id='word_1_711' title='bbox 3356 5436 3627 5503; x_wconf 82' lang='grc' dir='ltr'>δεομένων</span> <span class='ocrx_word' id='word_1_712' title='bbox 3681 5437 3781 5488; x_wconf 73' lang='grc' dir='ltr'>καὶ</span> 
     </span>
    </p>
   </div>
   <div class='ocr_carea' id='block_1_94' title="bbox 2200 5526 3783 5601">
    <p class='ocr_par' dir='ltr' id='par_1_94' title="bbox 2200 5526 3783 5601">
     <span class='ocr_line' id='line_1_94' title="bbox 2200 5526 3783 5601; baseline -0.006 -16"><span class='ocrx_word' id='word_1_713' title='bbox 2200 5531 2379 5585; x_wconf 76' lang='grc' dir='ltr'>αὐτῶν</span> <span class='ocrx_word' id='word_1_714' title='bbox 2399 5532 2600 5601; x_wconf 86' lang='grc' dir='ltr'>ὁμοίως</span> <span class='ocrx_word' id='word_1_715' title='bbox 2649 5530 2862 5582; x_wconf 86' lang='grc' dir='ltr'>σύνοδον</span> <span class='ocrx_word' id='word_1_716' title='bbox 2892 5530 3232 5598; x_wconf 80' lang='grc' dir='ltr'>συγκροτεῖν,</span> <span class='ocrx_word' id='word_1_717' title='bbox 3262 5528 3353 5579; x_wconf 76' lang='grc' dir='ltr'>καὶ</span> <span class='ocrx_word' id='word_1_718' title='bbox 3407 5527 3513 5579; x_wconf 86' lang='grc' dir='ltr'>τῶν</span> <span class='ocrx_word' id='word_1_719' title='bbox 3566 5526 3783 5593; x_wconf 69' lang='grc' dir='ltr'>δογμάο</span> 
     </span>
    </p>
   </div>
   <div class='ocr_carea' id='block_1_95' title="bbox 2200 5615 3781 5692">
    <p class='ocr_par' dir='ltr' id='par_1_95' title="bbox 2200 5615 3781 5692">
     <span class='ocr_line' id='line_1_95' title="bbox 2200 5615 3781 5692; baseline -0.004 -18"><span class='ocrx_word' id='word_1_720' title='bbox 2200 5640 2308 5676; x_wconf 88' lang='grc' dir='ltr'>των</span> <span class='ocrx_word' id='word_1_721' title='bbox 2336 5624 2432 5692; x_wconf 82' lang='grc' dir='ltr'>τὴν</span> <span class='ocrx_word' id='word_1_722' title='bbox 2485 5622 2732 5687; x_wconf 74' lang='grc' dir='ltr'>ἐξέτασιν</span> <span class='ocrx_word' id='word_1_723' title='bbox 2788 5620 3079 5683; x_wconf 87' lang='grc' dir='ltr'>ποιεῖσθαι,</span> <span class='ocrx_word' id='word_1_724' title='bbox 3140 5620 3349 5672; x_wconf 85' lang='grc' dir='ltr'>δίκαιον</span> <span class='ocrx_word' id='word_1_725' title='bbox 3372 5615 3509 5671; x_wconf 84' lang='grc' dir='ltr'>εἶναι</span> <span class='ocrx_word' id='word_1_726' title='bbox 3569 5618 3781 5686; x_wconf 71' lang='grc' dir='ltr'>οἰηθεὶς</span> 
     </span>
    </p>
   </div>
   <div class='ocr_carea' id='block_1_96' title="bbox 2206 5709 3781 5783">
    <p class='ocr_par' dir='ltr' id='par_1_96' title="bbox 2206 5709 3781 5783">
     <span class='ocr_line' id='line_1_96' title="bbox 2206 5709 3781 5783; baseline -0.004 -18"><span class='ocrx_word' id='word_1_727' title='bbox 2206 5716 2278 5783; x_wconf 83' lang='grc' dir='ltr'>μὴ</span> <span class='ocrx_word' id='word_1_728' title='bbox 2312 5713 2537 5765; x_wconf 88' lang='grc' dir='ltr'>τοιαῦτα</span> <span class='ocrx_word' id='word_1_729' title='bbox 2588 5712 2849 5780; x_wconf 82' lang='grc' dir='ltr'>γινόμενα</span> <span class='ocrx_word' id='word_1_730' title='bbox 2882 5712 3165 5779; x_wconf 79' lang='grc' dir='ltr'>περιορᾷν,</span> <span class='ocrx_word' id='word_1_731' title='bbox 3189 5710 3326 5763; x_wconf 82' lang='grc' dir='ltr'>ἀλλὰ</span> <span class='ocrx_word' id='word_1_732' title='bbox 3378 5712 3474 5777; x_wconf 79' lang='grc' dir='ltr'>τῆς</span> <span class='ocrx_word' id='word_1_733' title='bbox 3506 5709 3649 5762; x_wconf 70' lang='grc' dir='ltr'>κατὰ</span> <span class='ocrx_word' id='word_1_734' title='bbox 3677 5710 3781 5778; x_wconf 79' lang='grc' dir='ltr'>τὴν</span> 
     </span>
    </p>
   </div>
   <div class='ocr_carea' id='block_1_97' title="bbox 2213 5799 3781 5871">
    <p class='ocr_par' dir='ltr' id='par_1_97' title="bbox 2213 5799 3781 5871">
     <span class='ocr_line' id='line_1_97' title="bbox 2213 5799 3781 5871; baseline -0.003 -18"><span class='ocrx_word' id='word_1_735' title='bbox 2213 5802 2539 5871; x_wconf 81' lang='grc' dir='ltr'>Ἐκκλησίαν</span> <span class='ocrx_word' id='word_1_736' title='bbox 2589 5802 2808 5870; x_wconf 76' lang='grc' dir='ltr'>εἰρήνης</span> <span class='ocrx_word' id='word_1_737' title='bbox 2835 5800 3175 5869; x_wconf 82' lang='grc' dir='ltr'>προνοεῖσθαι</span> <span class='ocrx_word' id='word_1_738' title='bbox 3223 5802 3320 5868; x_wconf 80' lang='grc' dir='ltr'>ὅση</span> <span class='ocrx_word' id='word_1_739' title='bbox 3362 5800 3613 5866; x_wconf 86' lang='grc' dir='ltr'>δύναμις,</span> <span class='ocrx_word' id='word_1_740' title='bbox 3648 5799 3781 5850; x_wconf 83' lang='grc' dir='ltr'>ἐπέ-</span> 
     </span>
    </p>
   </div>
   <div class='ocr_carea' id='block_1_98' title="bbox 520 5878 2107 5963">
    <p class='ocr_par' dir='ltr' id='par_1_98' title="bbox 520 5887 2095 5960">
     <span class='ocr_line' id='line_1_98' title="bbox 520 5887 2095 5960; baseline 0.002 -17"><span class='ocrx_word' id='word_1_741' title='bbox 520 5887 838 5959; x_wconf 84' lang='lat' dir='ltr'><strong>Quanquam</strong></span> <span class='ocrx_word' id='word_1_742' title='bbox 871 5888 1059 5948; x_wconf 84' lang='lat' dir='ltr'><strong>statim</strong></span> <span class='ocrx_word' id='word_1_743' title='bbox 1092 5892 1161 5946; x_wconf 91' lang='lat' dir='ltr'>ab</span> <span class='ocrx_word' id='word_1_744' title='bbox 1193 5891 1370 5956; x_wconf 87' lang='lat' dir='ltr'><strong>initio,</strong></span> <span class='ocrx_word' id='word_1_745' title='bbox 1420 5896 1706 5960; x_wconf 78' lang='lat' dir='ltr'><strong>postquam</strong></span> <span class='ocrx_word' id='word_1_746' title='bbox 1743 5896 1939 5947; x_wconf 65' lang='lat' dir='ltr'><strong>ﬂuctus</strong></span> <span class='ocrx_word' id='word_1_747' title='bbox 1971 5893 2095 5947; x_wconf 79' lang='lat' dir='ltr'><strong>belli</strong></span> 
     </span>
    </p>
   </div>
   <div class='ocr_carea' id='block_1_99' title="bbox 2213 5878 3776 5963">
    <p class='ocr_par' dir='ltr' id='par_1_99' title="bbox 2213 5892 3776 5963">
     <span class='ocr_line' id='line_1_99' title="bbox 2213 5892 3776 5963; baseline -0.001 -19"><span class='ocrx_word' id='word_1_748' title='bbox 2213 5911 2369 5963; x_wconf 57' lang='grc' dir='ltr'>τρέπε</span> <span class='ocrx_word' id='word_1_749' title='bbox 2413 5895 2511 5963; x_wconf 84' lang='grc' dir='ltr'>τὴν</span> <span class='ocrx_word' id='word_1_750' title='bbox 2572 5893 2792 5947; x_wconf 63' lang='grc' dir='ltr'>τονοδον</span> <span class='ocrx_word' id='word_1_751' title='bbox 2838 5892 3119 5961; x_wconf 58' lang='grc' dir='ltr'>γενέσθαι·</span> <span class='ocrx_word' id='word_1_752' title='bbox 3158 5895 3249 5945; x_wconf 75' lang='grc' dir='ltr'>καὶ</span> <span class='ocrx_word' id='word_1_753' title='bbox 3303 5893 3423 5954; x_wconf 58' lang='grc' dir='ltr'>ττύς</span> <span class='ocrx_word' id='word_1_754' title='bbox 3476 5909 3534 5944; x_wconf 85' lang='grc' dir='ltr'>τε</span> <span class='ocrx_word' id='word_1_755' title='bbox 3579 5892 3776 5957; x_wconf 72' lang='grc' dir='ltr'>ἄλλους</span> 
     </span>
    </p>
   </div>
  </div>
