3996 6218
270 440 365 507 lSl

1424 451 1962 513 HISTORIARUM
1998 451 2226 513 LIBER
2266 454 2361 515 IV.

3406 452 3425 515 l
3437 452 3521 513 82"

273 561 658 631 μετεπέμπετο
690 562 980 633 ἀρχιερέας
1012 564 1322 635 γράμμασι,
1354 568 1449 620 καὶ
1489 568 1580 620 τὸν
1629 569 1836 621 Θεσσα-

1966 566 2118 622 :ivilis
2147 569 2489 630 resederunt.
2521 568 2684 624 totius
2721 571 2829 640 jam
2882 584 3107 640 compos
3132 568 3368 640 imperii,
3413 584 3510 621 nee

270 653 493 723 λονίκης
520 653 823 725 Γρηγόριον
860 655 953 709 τὸν
995 657 1283 728 Παλαμᾶν,
1317 660 1409 713 καί
1457 678 1537 714 τοι
1590 661 1839 731 βασιλεὺς

271 742 435 805 εὐθὺς
459 743 696 814 ἐξαρχῆς
763 748 900 812 μετὰ
947 747 1008 800 τὸ
1044 749 1351 803 πεπαῦσθαι
1382 752 1473 803 τὸν
1523 752 1840 819 συγγενικὸν

273 836 529 906 πόλεμον,
560 839 653 890 καὶ
694 840 875 893 πᾶσαν
911 840 1165 911 ύπάύτῷ
1199 841 1297 908 τὴν
1330 841 1617 912 Ῥωμαίων
1640 843 1843 912 ἠγεμο-

274 926 397 979 νίαν
464 928 810 997 γεγενῆσθαι,
868 930 1161 998 άναγκαῖον
1237 931 1439 1001 οίηθεὶς
1502 932 1690 1002 ῶσπερ
1748 932 1845 995 τὰς

273 1016 548 1083 κοσμικὰς
573 1017 891 1087 διαφθοράς,
912 1018 1054 1071 οὕτω
1072 1020 1134 1092 δὴ
1158 1021 1249 1073 καὶ
1276 1022 1373 1086 τὰς
1408 1024 1504 1092 τῆς
1521 1023 1847 1092 Ἐκκλησίας

274 1105 569 1173 παύεσθαι,
619 1107 712 1160 τὸν
750 1109 1057 1165 ⁹Ᾱκίνδυνον
1101 1113 1401 1184 Γρηγόριον
1433 1116 1513 1167 ἔτι
1569 1116 1844 1186 περιόντα,

274 1192 325 1255 ὃς
346 1209 438 1255 τις
457 1194 558 1263 τῆς
573 1195 830 1267 τοιαύτης
858 1199 1159 1272 διαφθορᾶς
1178 1206 1312 1271 μετὰ
1333 1203 1592 1274 Βαρλαὰμ
1622 1205 1851 1275 μάλιστα

277 1286 538 1355 προέστη,
568 1290 675 1359 οὐχ.
696 1288 861 1356 ἅπαξ,
888 1291 1023 1344 άλλά
1050 1296 1141 1347 καὶ
1169 1294 1423 1359 πολλάκις
1449 1298 1849 1368 μετεπέμψατο,

282 1375 375 1426 καὶ
403 1377 621 1430 ἐκέλευε
648 1378 758 1431 τῶν
780 1382 1315 1454 ἀντικαθισταμένων
1361 1388 1662 1455 ἀναφανδὸν
1718 1407 1853 1443 κατ-

282 1473 519 1539 ηγορεῖν,
554 1473 610 1525 ετ
633 1492 683 1527 τι
705 1473 841 1545 ἔχοι.
874 1478 1125 1532 Μάλιστα
1156 1481 1265 1551 γάρ
1322 1482 1502 1545 αὐτὸν,
1532 1487 1612 1545 είς
1666 1483 1855 1551 λόγους

285 1560 529 1630 ἀλλήλοις
546 1565 809 1619 ἐλθόντων
824 1568 931 1622 τῶν
959 1570 1141 1641 μερῶν
1172 1570 1452 1641 βούλεσθαι
1484 1574 1678 1628 εἰδέναι
1696 1576 1861 1646 τάλη-

285 1650 390 1715 θὲς,
419 1656 489 1706 ἐκ
527 1655 639 1708 τῶν
696 1658 834 1726 πρὸς
880 1659 1143 1730 ἀλλήλους
1197 1663 1515 1732 ἀντιλογιῶν
1574 1669 1858 1737 γινομένου

286 1741 566 1811 ἐναργοῦς..
604 1744 906 1812 ’Ᾱκίνδυνος
932 1752 1060 1821 γὰρ,
1081 1753 1239 1815 αὐτὸς
1266 1754 1363 1823 μὲν
1389 1757 1861 1827 παρρησιάζεσθαι

288 1833 379 1884 οὐκ
399 1833 650 1905 ἐθάρρει,
709 1838 929 1909 ἐτέρους
982 1841 1040 1894 δέ
1096 1860 1249 1907 τινας
1304 1848 1679 1916 προσπέμπων
1732 1850 1858 1911 τοὺς

292 1922 431 1992 αὐτῷ
456 1917 796 1995 φρονοῦντας
848 1932 956 1995 ίσα,
1020 1932 1229 2001 βασιλεῖ
1280 1936 1348 1988 δι’
1408 1936 1564 2007 ὄχλου
1613 1940 1854 2007 γίνεσθαι

292 2015 605 2081 παρέπειθε,
643 2018 738 2070 καὶ
767 2019 865 2090 τὴν
887 2021 1041 2093 δίκην
1090 2025 1417 2091 ἐξαιτεῖσθαι
1440 2029 1515 2089 ὡς
1572 2032 1857 2103 ἀδικουμέ-

292 2118 447 2194 νους,
492 2108 588 2159 καὶ
644 2108 973 2184 διαστροφὴν
1033 2117 1466 2188 ἐγκαλουμένους
1524 2121 1630 2176 τῶν
1683 2124 1857 2194 ὀρθῶν

295 2190 589 2263 δογμάτων,
616 2199 725 2252 τῶν
742 2204 871 2272 περὶ
893 2204 1157 2274 Παλαμᾶν
1179 2208 1378 2277 μᾶλλον
1394 2213 1647 2264 τοιούτων
1666 2190 1855 2280 ὄντων,

304 2284 387 2335 καὶ
410 2285 628 2340 δικαίων
662 2289 997 2354 ἐξωθεῖσθαι.
1036 2295 1114 2349 Δι’
1142 2298 1176 2351 ἃ
1214 2301 1240 2351 ὁ
1287 2299 1561 2369 βασιλεὺς,
1620 2303 1859 2358 ’Δκινδύ-

310 2376 619 2468 νφᾉμᾶλλον
666 2384 979 2455 παρρησίας
1004 2389 1298 2457 μετεδίδου,
1361 2393 1456 2447 καὶ
1515 2395 1729 2447 ἐκέλευε
1781 2398 1857 2468 μὴ

304 2465 457 2520 αὑτὸν
484 2474 873 2542 κρυπτόμενον,
907 2476 972 2530 δι’
1008 2479 1208 2550 ἑτέρων
1234 2481 1328 2552 τὴν
1356 2484 1619 2554 διαφορὰν
1660 2465 1854 2540 άνακιλ

299 2558 435 2608 νεῖν
467 2560 580 2613 ἀλλ’
611 2564 773 2617 αὐτὸν
812 2568 871 2619 ἐν
906 2571 1123 2641 φανερῷ
1154 2575 1266 2636 τοῖς
1318 2576 1581 2636 ἐναντίοις
1634 2577 1860 2629 ἀντικα-

297 2653 585 2720 ταπάντα,
647 2658 679 2725 ἢ
738 2661 895 2731 νικᾷν
952 2662 1016 2715 ἂν
1089 2665 1349 2735 φαίνηται
1437 2668 1639 2735 μᾶλλον
1696 2670 1859 2732 αὐτὸς

294 2744 648 2817 εὐσεϐέστερα
688 2752 1027 2821 πρεσϐεύων,
1058 2754 1089 2823 ἢ
1127 2756 1439 2826 ἡττώμενος
1491 2760 1856 2828 διορθοῦσθαι,

294 2837 378 2887 καὶ
410 2837 486 2908 μὴ
509 2841 906 2912 ἀναισχυντεῖν,
939 2844 1025 2914 ἐφ’
1055 2842 1134 2911 οἷς
1201 2849 1361 2913 αὐτὸς
1400 2852 1575 2905 ἀδικεῖ
1630 2853 1858 2923 μᾶλλον,

295 2926 497 2997 ἑτέροις
551 2931 651 3001 τὴν
706 2938 1062 3009 παρατροπὴν
1121 2940 1221 3009 τῆς
1272 2942 1531 3012 ἀληθείας
1587 2947 1855 3014 ἐγκαλῶν.

304 3017 613 3085 Ἀκξνδυνος
650 3024 706 3076 δὲ
738 3025 1173 3099 ἀπηγγελμένων
1217 3032 1367 3102 αύτῷ
1428 3034 1534 3087 τῶν
1590 3036 1857 3105 βασιλέως

292 3107 480 3177 λόγων,
517 3114 756 3182 μάλιστα
780 3117 879 3187 μὲν
905 3118 1109 3188 ἔφασκε
1142 3123 1426 3192 βούλεσθαι
1479 3129 1861 3187 ἀντικαθίστα-

1941 661 2238 714 cessarium
2296 670 2555 729 reputans
2601 662 2877 730 quomodo
2922 662 3154 725 civiles,
3208 662 3287 717 sic
3341 662 3506 715 etiam

1945 752 2343 807 ecclesiasticas
2397 754 2590 808 sedare
2670 755 2796 809 lites
2867 764 3029 825 atque
3082 755 3509 815 controversias,

1947 844 2267 914 Gregorium
2282 844 2625 916 Acindynum
2643 846 2822 902 adhuc
2837 849 3183 917 superstitem
3210 848 3375 917 798
3397 848 3510 916 (qui

1947 948 2070 988 cum
2122 934 2403 989 Barlaamo
2459 936 2586 991 huic
2618 935 2844 992 dissidio
2896 948 3087 993 auctor
3154 948 3209 993 et
3253 949 3516 1007 patronus

1949 1023 2107 1091 fuit),
2142 1040 2250 1079 non
2279 1026 2468 1091 semel,
2502 1028 2596 1082 sed
2623 1029 2822 1098 sa'pius
2852 1029 3156 1095 advocavit,
3186 1038 3240 1085 et
3261 1030 3518 1084 adversa-

1950 1117 2084 1180 rios,
2116 1117 2187 1175 Tsi
2243 1116 2372 1186 quid
2425 1118 2671 1182 haberet,
2737 1120 3024 1175 manifeste
3080 1136 3205 1174 reos
3258 1135 3517 1189 peragere

1947 1206 2114 1276 jussit
2150 1222 2163 1258 :
2208 1206 2439 1260 maxime
2471 1209 2615 1261 enim
2663 1222 2742 1271 se,
2782 1210 3030 1278 partibus
3063 1209 3517 1277 disceptantibus.

1953 1295 2240 1350 veritatem
2286 1312 2352 1351 ex
2404 1307 2590 1352 mutua
2628 1299 2978 1353 contentione
3021 1300 3327 1354 elucentem
3382 1300 3521 1351 velle

1957 1402 2306 1458 cognoscere.
2335 1389 2652 1461 Acindynus
2688 1390 2958 1460 siquidem
3010 1392 3124 1461 ipse
3157 1391 3329 1444 libere
3372 1389 3522 1458 loqui

1960 1496 2072 1534 non
2096 1480 2353 1545 audebat,
2386 1481 2482 1535 sed
2537 1482 2675 1537 alios
2708 1483 2974 1552 quosdam
3022 1481 3211 1535 farina
3252 1496 3363 1535 suae
3393 1481 3526 1533 alle-

1960 1584 2114 1639 gans,
2149 1570 2416 1625 suadebat
2444 1574 2525 1625 eis
2572 1574 2847 1642 nequiter,
2883 1582 2943 1627 ut
2984 1573 3369 1642 imperatorem
3406 1578 3526 1623 tur-

1960 1659 2180 1728 barent,
2220 1669 2275 1715 et
2329 1661 2603 1717 actionem
2649 1672 2906 1733 tanquam
2949 1664 3083 1725 laesi,
3130 1663 3305 1733 deque
3336 1677 3528 1717 corru-

1964 1752 2105 1821 ptela
2139 1761 2411 1807 rectorum
2451 1754 2763 1824 dogmatum
2812 1755 2949 1809 falso
2990 1756 3227 1810 accusati
3283 1755 3529 1823 postula-

1968 1855 2109 1912 rent,
2164 1862 2285 1901 cum
2337 1849 2519 1918 potius
2567 1850 2700 1903 socii
2749 1850 2979 1904 Palamte
3030 1850 3165 1903 tales
3208 1856 3416 1913 essent,
3474 1858 3531 1903 et

1957 1938 2226 2005 proscribi
2262 1949 2625 1994 mererentur.
2654 1940 2919 2006 Quocirca
2947 1941 3245 2011 imperator
3268 1940 3528 2009 majorem

1956 2024 2244 2097 Aciudyno
2292 2028 2599 2083 libertatem
2651 2030 3021 2101 impertiebat,
3069 2030 3297 2085 hortans
3352 2044 3419 2083 ne
3472 2044 3530 2083 se

1956 2118 2273 2184 occultaret,
2314 2131 2410 2175 aut
2440 2137 2536 2190 per
2562 2122 2697 2176 alios
2732 2124 3136 2177 controversias
3179 2124 3473 2177 suscitaret
3511 2139 3526 2175 :

1956 2211 2051 2266 sed
2100 2212 2272 2280 palam
2321 2227 2385 2267 ac
2434 2228 2531 2281 per
2585 2228 2644 2268 se.
2711 2214 3045 2268 adversariis
3099 2214 3381 2276 resistens,
3436 2220 3531 2266 aut

1956 2306 2223 2367 vinceret,
2248 2305 2293 2358 si
2325 2305 2497 2374 magis
2533 2304 2793 2373 pietatem
2842 2305 2957 2372 ipse
2989 2304 3168 2357 colere
3204 2303 3487 2356 videretur
3508 2320 3529 2355 :

1959 2406 2052 2452 aut
2085 2399 2261 2452 victus
2288 2398 2655 2467 corrigeretur
2692 2412 2877 2471 :rneve
2925 2396 3275 2466 impudenter
3322 2403 3529 2465 ageret,

1959 2488 2081 2541 aliis
2113 2487 2509 2541 dissensionem
2545 2503 2574 2541 a
2620 2488 2847 2541 veritate
2892 2472 3256 2556 exprobrans,
3307 2500 3431 2537 cum
3475 2484 3531 2536 in

1958 2594 2025 2633 eo
2057 2579 2287 2647 ipsemet
2321 2578 2502 2633 scelus
2535 2579 2871 2633 admitteret.
2927 2578 3021 2633 Ille
3067 2576 3253 2631 verbis
3300 2576 3535 2645 impcra~

1960 2669 2096 2723 toris
2145 2669 2248 2722 sibi
2305 2669 2631 2723 renuntiatis
2680 2683 2983 2738 percupere
3044 2684 3103 2724 se
3163 2670 3301 2723 dixit
3356 2670 3533 2741 palam

1960 2763 2294 2832 respondere
2347 2763 2711 2828 adversariis;
2761 2765 2954 2819 timere
2992 2775 3196 2830 autem,
3238 2782 3306 2820 ne
3353 2768 3397 2820 si
3432 2784 3533 2836 μι-

1961 2852 2105 2907 blico
2138 2867 2196 2909 se
2230 2852 2443 2919 credat,
2476 2869 2665 2923 pcenas
2696 2862 3018 2922 reposcatur
3052 2869 3264 2918 eorum,
3310 2856 3363 2908 in
3415 2857 3536 2923 qui-

1962 2945 2067 3000 bus
2094 2946 2419 3015 patriarchze
2456 2946 2653 3000 Joanni
2697 2946 2826 3000 belli
2875 2957 3121 3016 tempore
3162 2947 3532 3012 subserviens,

1966 3036 2352 3104 imperatorem
2388 3035 2706 3091 offenderit.
2742 3037 3047 3104 Imperator
3082 3038 3265 3091 statim
3296 3038 3534 3093 edictum

1963 3129 2239 3197 prOponit,
2272 3137 2330 3181 ut
2355 3128 2675 3198 Aeindynus
2706 3128 2840 3181 nihil
2872 3130 3067 3183 durius
3111 3129 3434 3192 formidans,
3470 3131 3537 3183 de

297 3201 411 3256 σθαι
458 3210 580 3270 τοῖς
640 3210 1007 3279 ἀντιλέγουσι.
1058 3215 1363 3271 Δεδοικέναι
1412 3218 1469 3272 δέ
1508 3220 1583 3290 μὴ
1629 3226 1859 3295 φανερὸς

1971 3220 2242 3288 dogmatis
2266 3234 2387 3289 quae
2414 3234 2543 3273 vera
2590 3226 2765 3288 putet,
2800 3221 2937 3273 citra
2977 3228 3181 3274 metum
3229 3231 3535 3291 expromat.

291 3300 607 3367 γενόμενος,
640 3303 794 3366 δίκας
839 3305 1138 3379 ἀπαιτῆται
1168 3302 1240 3361 ὧν
1263 3310 1356 3364 καὶ
1386 3311 1547 3375 αὐτὸς
1600 3315 1748 3384 παρὰ
1770 3317 1859 3369 τὸν

1966 3309 2333 3365 Nihilominus
2399 3310 2511 3373 ille,
2543 3310 2710 3363 etiam
2745 3319 2893 3364 tanta
2945 3310 3201 3365 libertate
3251 3328 3532 3377 concessa,

288 3389 375 3442 τοῦ
404 3390 657 3461 πολέμου
692 3396 882 3464 χρόνον
911 3398 987 3467 τῷ
1014 3399 1321 3473 πατριάρχῃ
1364 3402 1584 3475 Ἰωάννῃ
1616 3408 1860 3475 συναιρό-

288 3498 444 3550 μενος
500 3486 875 3557 προσέκρουσε
912 3490 1047 3561 πρὸς
1104 3492 1348 3562 βασιλέα.
1383 3495 1492 3549 Καὶ
1538 3498 1567 3549 ό
1609 3497 1861 3566 βασιλεὺς

285 3573 480 3627 αὐτίκα
507 3574 786 3646 θέσπισμα
815 3578 1065 3647 ἐξετίθει,
1088 3581 1227 3636 ὥστε
1254 3584 1526 3654 μηδεμίαν
1559 3585 1863 3640 Ἀκίνδυνον

284 3659 501 3732 βλάϐην
520 3663 851 3734 ὑφορᾶσθαι,
864 3666 999 3720 ἀλλὰ
1017 3670 1300 3743 παρρησίᾳ
1318 3673 1445 3743 περὶ
1457 3673 1564 3726 τῶν
1580 3674 1864 3744 δογμάτων

288 3750 463 3819 λέγειν
514 3754 613 3805 ὅσα
639 3754 809 3808 οἴεται
840 3751 978 3810 εἶναι
1021 3758 1216 3829 ἀληθῆ.
1274 3761 1331 3813 '0
1356 3761 1411 3814 δὲ
1442 3763 1535 3815 καὶ
1571 3766 1710 3832 μετὰ
1767 3764 1865 3834 τὴν

282 3840 567 3911 τοσαύτην
598 3844 781 3897 ἄδειαν
806 3847 1004 3916 μᾶλλον
1028 3849 1241 3921 ἀφανὴς
1267 3846 1357 3921 ἦν,
1406 3851 1507 3905 καὶ
1555 3853 1647 3907 τὸν
1704 3855 1866 3923 ζόφον

283 3931 577 4001 ᾑρημένος
638 3935 766 4005 ἄχρι
817 3936 1097 4009 τελευτῆς,
1158 3942 1253 3994 καὶ
1306 3942 1447 4012 μετὰ
1497 3943 1597 4015 τὴν
1655 3945 1863 3997 ἐκείνου

281 4024 570 4095 τελευτὴν,
610 4028 665 4079 οἵ
680 4045 740 4080 τε
776 4030 1039 4101 πρότερον
1078 4033 1145 4086 τὰ
1178 4033 1264 4086 ίσα
1292 4036 1578 4105 ᾑρημένοι,
1622 4036 1865 4102 διαδεξά-

289 4131 437 4182 μενοι
464 4120 574 4187 τὴν
607 4119 894 4190 διαφοράν,
917 4122 995 4174 έτι
1022 4140 1082 4176 τε
1104 4124 1131 4176 ό
1160 4124 1257 4195 τῆς
1298 4126 1559 4195 Ἐφεσίων
1586 4128 1864 4199 πρόεδρος,

287 4208 378 4260 καὶ
424 4210 590 4264 ἄλλοι
656 4212 771 4264 ὅσοι
821 4213 1207 4282 αἱρεθήσεσθαι
1272 4216 1581 4281 ἐλπίζοντες
1615 4218 1709 4272 ἐπὶ
1757 4218 1867 4275 τῶν

286 4303 717 4373 πατριαρχικῶν
736 4304 942 4374 θρόνων
958 4307 1300 4377 ἠγανάκτουν
1330 4310 1419 4363 διὰ
1435 4311 1532 4382 τὴν
1547 4311 1866 4382 ἀποτυχίαν,

286 4394 667 4463 προσθέμενοι
698 4396 963 4463 ἐκείνοις,
980 4400 1071 4452 καί
1095 4417 1176 4453 τοι
1206 4403 1470 4473 Βαρλαάμ
1519 4420 1578 4456 τε
1622 4404 1870 4474 καταψηο

284 4480 595 4550 φισάμενοι
636 4485 735 4553 τὴν
769 4484 967 4556 ἀρχὴν,
1022 4488 1115 4540 καὶ
1160 4487 1385 4560 ὕστερον
1435 4490 1577 4543 κατὰ
1621 4492 1868 4545 Ἰωάννου

1970 3414 2030 3453 se
2070 3394 2428 3463 occulere,'et
2460 3400 2514 3453 in
2558 3398 2783 3454 latebris
2815 3415 2986 3469 usque
3024 3400 3089 3454 ad
3137 3401 3347 3455 obitum
3400 3402 3538 3455 deli-

1971 3498 2203 3547 tescere.
2265 3491 2395 3544 Post
2420 3490 2658 3544 hominis
2710 3491 2920 3545 obitum
2972 3492 3090 3561 ejus
3143 3503 3305 3546 secta:
3348 3492 3541 3545 aﬂines

1970 3579 2259 3635 dissidium
2308 3580 2645 3649 excipientes
2700 3580 3102 3650 (Ephesiorum
3152 3584 3416 3648 antistite,
3481 3592 3538 3637 et

1971 3671 2094 3724 aliis
2121 3671 2213 3739 qui
2242 3686 2298 3725 se
2330 3671 2528 3723 throno
2553 3670 2921 3738 patriarehico
2950 3685 3112 3738 quem
3156 3683 3535 3740 speraverant,

1971 3761 2245 3816 excidisse
2320 3761 2767 3830 indignabantur,
2824 3762 3236 3826 accedentibus,
3288 3764 3539 3832 quamvis

1972 3851 2317 3905 Barlaamum
2376 3866 2406 3904 a
2464 3850 2736 3921 principio
2802 3850 3178 3917 damnassent,
3242 3853 3541 3921 posteaque

1974 3952 2161 3996 contra
2189 3942 2451 3997 Joannem
2500 3943 2888 4011 patriarcham,
2942 3953 2999 3997 et
3049 3944 3389 4013 Acindynum
3432 3944 3539 3997 fre-

1977 4034 2265 4105 muissent,
2296 4044 2351 4090 et
2392 4034 2650 4089 omnibus
2676 4034 2910 4089 calculis
2943 4034 3096 4088 illum
3143 4036 3220 4090 de
3237 4035 3408 4105 gradu
3442 4035 3541 4089 de-

1980 4125 2313 4187 turbassent,
2367 4125 2437 4179 ob
2495 4125 2600 4180 hoc
2656 4126 2856 4188 solum,
2916 4125 3062 4194 quod
3126 4126 3393 4180 Barlaami
3487 4136 3543 4181 et

1976 4214 2241 4286 Acindyni
2273 4214 2577 4269 doctrinam
2610 4214 3020 4286 admiraretur)
3046 4218 3545 4283 tumultuabantur,
3646 4202 3659 4213 ’

1977 4316 2033 4361 et
2084 4306 2383 4361 Ecclesiam
2438 4306 2897 4370 criminabantur,
2954 4308 3103 4375 quod
3156 4308 3224 4361 de
3277 4309 3547 4378 dogmatis

1978 4396 2126 4460 ﬁdei,
2156 4413 2276 4466 quae
2314 4397 2547 4465 theologi
2576 4412 2685 4451 non
2718 4396 3089 4461 tradidissent,
3129 4396 3243 4466 ipsa
3268 4408 3324 4453 et
3374 4400 3545 4453 hono-

1979 4487 2130 4542 riﬁce
2163 4488 2409 4552 sentiret,
2436 4496 2492 4541 et
2521 4486 2657 4541 alios
2691 4486 2934 4541 doceret.
2982 4488 3192 4541 Idcirco
3223 4487 3545 4558 imperator,

280 4573 373 4625 τοῦ
393 4576 776 4645 πατριάρχου,
793 4578 887 4631 καὶ
920 4579 1231 4634 Ἀκινδύνου
1271 4581 1602 4645 πνεύσαντες
1618 4582 1863 4652 σφοδρὸν,

1976 4591 2163 4635 coacta
2187 4579 2416 4651 synodo,
2462 4579 2715 4649 dogmata
2765 4580 2818 4633 in
2882 4580 3323 4650 disquisitionem
3369 4582 3551 4635 addue-

284 4668 378 4719 καὶ
402 4668 625 4736 ψήφοις
650 4668 887 4733 άπάσαις
920 4672 1125 4724 ἐκεῖνον
1173 4671 1493 4735 καθελόντες
1544 4671 1643 4740 τῆς
1695 4672 1871 4741 ἀρχῆς

284 4755 350 4809 δι’
378 4759 549 4815 οὐδὲν
581 4756 790 4829 ἓτερον,
829 4758 946 4829 ἢτδ
986 4759 1056 4812 τά
1088 4760 1353 4830 Βαρλαὰμ
1408 4763 1501 4814 καὶ
1560 4758 1873 4813 Ἀκινδύνου

285 4850 809 4918 πεπρεσϐευκέναι,
862 4851 1155 4920 ἐθορύϐουν
1204 4868 1262 4904 τε
1332 4852 1558 4921 ὕστερον
1622 4853 1717 4905 καὶ
1776 4854 1876 4922 τῆς

299 4945 649 5016 Ἐκκλησίας
676 4945 1035 5015 κατηγόρουν,
1064 4946 1138 5009 ὡς
1165 4948 1314 5018 παρὰ
1338 4946 1445 4999 τῶν
1479 4946 1745 5014 θεολόγων
1778 4944 1877 5016 τὴν

287 5042 613 5109 παράδοσιν
666 5040 796 5108 περὶ
848 5038 959 5090 τῶν
1009 5038 1111 5105 τῆς
1167 5038 1401 5101 πίστεως
1450 5039 1735 5107 δογμάτων
1784 5039 1879 5090 καὶ

286 5130 741 5203 πρεσϐευούσης,
779 5131 875 5183 καὶ
908 5131 1032 5193 τοὺς
1062 5130 1253 5192 ἄλλους
1286 5128 1665 5198 διδασκούσης.
1696 5127 1773 5181 Δι’
1798 5127 1833 5180 ἃ.
1852 5128 1880 5178 ὁ

292 5226 565 5295 βασιλεὺς
620 5222 774 5292 ᾠήθη
828 5224 939 5274 δεῖν
1006 5223 1222 5276 σύνοδον
1291 5222 1579 5293 ἀθροίσας,
1636 5220 1881 5285 ἐξέτασιν

289 5316 584 5371 ποιεῖσθαι
644 5319 769 5386 περὶ
806 5315 914 5367 τῶν
957 5313 1059 5384 τῆς
1104 5315 1338 5389 πίστεως
1386 5314 1690 5383 δογμάτων.
1730 5311 1884 5364 Ἐπεὶ

288 5412 345 5463 δὲ
381 5408 663 5479 συνῆλθον
690 5407 740 5461 oi
769 5406 1128 5477 ἑκασταχόθεν
1153 5406 1453 5475 προστάται
1500 5405 1606 5459 τῶν
1651 5405 1885 5475 Ἐκκλη-

291 5505 430 5557 σιῶν
459 5502 802 5571 ἀμφοτέρων
837 5499 944 5552 τῶν
975 5499 1157 5569 μερῶν
1185 5497 1493 5567 γενομένων
1513 5499 1569 5551 έν
1599 5497 1885 5567 βασιλείοις

292 5600 407 5652 τοῖς
443 5594 571 5648 τῶν
596 5593 915 5663 Βλαχερνῶν
951 5592 1284 5661 λεγομένοις,
1327 5589 1421 5642 καὶ
1476 5588 1737 5658 βασιλέως
1789 5584 1884 5641 τοῦ

294 5685 770 5756 Καντακουζηνοῦ
792 5684 1075 5751 παρόντος,
1094 5682 1186 5736 καὶ
1203 5682 1311 5735 τῶν
1334 5682 1390 5733 ἐν
1417 5679 1559 5733 τέλει
1600 5678 1888 5749 Ῥωμαίων

293 5782 405 5833 τῶν
436 5779 688 5850 μάλιστα
710 5778 1013 5848 ἐπιφανῶν,
1052 5776 1162 5829 ἐπὶ·
1194 5775 1486 5841 τέσσαρσιν
1514 5771 1750 5842 ἡμέραις
1782 5771 1889 5823 τῶν

292 5873 845 5944 ἀμφισϐητουμένων
909 5870 1010 5940 τὴν
1065 5867 1311 5935 ἐξέτασιν
1368 5866 1707 5935 ἐποιήσαντο.
1747 5863 1889 5916 Ὅσα

1940 4669 2149 4724 εεηάα
2190 4669 2423 4723 censuit.
2458 4668 2576 4737 ,Ubi
2624 4668 2989 4738 undequaque
3046 4671 3419 4727 Ecclesiarum
3463 4686 3549 4723 re-

1978 4770 2157 4816 ctores
2209 4770 2604 4823 convenerunt,
2667 4768 2723 4815 et
2776 4770 3007 4830 utraque
3085 4778 3211 4831 pars
3284 4762 3439 4815 alluit
3492 4764 3587 4815 in.

1978 4853 2177 4921 palatio
2223 4852 2276 4907 in
2323 4852 2641 4908 Blachernis
2679 4868 2799 4921 quae
2842 4852 3120 4916 dicuntur,
3173 4854 3329 4908 ail‘trit
3382 4853 3545 4907 etiam

1979 4944 2398 5000 Cantacuzcnus
2433 4945 2752 5012 imperator,
2793 4953 2849 4998 et
2882 4945 2949 4998 de
2983 4944 3271 4997 nobilitate
3304 4944 3563 4997 Romana—

1982 5034 2340 5091 illustrissimi
2365 5034 2592 5103 quique,
2621 5033 2784 5102 799
2828 5033 2995 5101 inque
3045 5034 3581 5087 controversiarum~

1982 5126 2284 5196 quaestione
2310 5126 2429 5180 dies
2459 5134 2694 5194 quatuor
2735 5125 3045 5192 consumpti
3093 5132 3241 5178 sunt.
3290 5124 3569 5190 Qun-nam;

1982 5218 2149 5288 igitur
2176 5216 2249 5270 ibi
2281 5216 2661 5269 altercationes
2688 5213 2999 5269 exstiterint
3021 5214 3553 5269 Palamaa'l'hessalo-

1982 5310 2224 5364 nicensis
2273 5308 2515 5377 episc0pi
2566 5309 2713 5377 (cum
2747 5322 2813 5361 eo
2856 5306 3003 5361 enim
3046 5308 3388 5376 potissimum
3434 5322 3553 5361 cer-

1987 5408 2167 5454 tamen
2196 5401 2333 5467 erat)
2364 5407 2420 5453 et
2449 5398 2945 5466 Acindvnianorum
2994 5399 3247 5468 (quorum
3297 5398 3472 5467 capita
3499 5406 3555 5452 et

1987 5492 2329 5560 antesignani
2362 5491 2583 5560 Ephesi,
2616 5498 2671 5544 et
2704 5489 2841 5544 Gani
2876 5491 3256 5559 metropolitaa,
3285 5490 3569 5559 Grcgomso

1990 5585 2120 5641 item
2177 5593 2231 5638 et
2269 5582 2467 5637 Dexius
2500 5581 2681 5651 erant)
2712 5596 3144 5637 commemorare
3191 5585 3289 5637 hoc
3316 5582 3437 5637 loco
3467 5598 3583 5638 sum

1989 5689 2389 5746 pervacaneum
2431 5682 2596 5728 esset.
2653 5672 2710 5726 Si
2759 5673 2915 5743 cujus
2970 5688 3035 5727 ea
3085 5688 3247 5729 nosse
3300 5675 3553 5737 interest,

1994 5772 2203 5824 tomum
2237 5781 2403 5837 super
2428 5765 2535 5820 hoc
2566 5764 2962 5835 conscriptum,
2988 5774 3044 5821 et
3071 5764 3349 5836 sigillatim
3372 5766 3581 5817 omnia’

1993 5866 2336 5915 recusantem
2415 5855 2559 5925 legat
2628 5853 2795 5923 licet,
2862 5863 2944 5910 sat
3008 5868 3285 5925 superque
3370 5852 3581 5905 omnia,
