3964 6210
430 323 533 386 183

1602 334 1925 393 JOANNIS
1973 289 2514 399 CANTACUZENI.

3568 345 3669 409 184

421 443 616 505 discet.
650 442 785 499 lllud
819 446 1199 500 tantummodo
1224 446 1349 501 huic
1375 447 1619 504 historiae
1653 451 1988 505 inserendun

2111 454 2209 519 μὲν
2234 455 2325 507 οῦν
2356 456 2606 526 ἀλλήλοις
2640 456 2909 518 ἀντεῖπον,
2972 454 3235 523 Παλαμᾶς
3265 471 3323 508 τε
3349 456 3377 507 6
3410 455 3678 510 Θεσσαλο-

406 526 703 602 _duxitnus,
750 536 1017 606 Acindyni
1048 548 1377 602 sectatores,
1410 542 1563 609 quasi
1606 545 1658 594 in
1693 542 2002 611 ipso-furto,

419 640 481 684 ut
512 629 735 691 dicitur,
777 644 901 683 cum
942 630 1230 686 Barlaamo
1262 632 1329 686 de
1368 632 1625 688 Ecclesia:
1657 634 2003 704 dogmatibus

420 732 615 787 sapere
672 718 1046 788 deprehensos
1102 722 1293 777 fuisse.
1365 710 1707 793 Quapropter
1759 725 2002 795 synodus

418 809 618 878 Ephesi
670 819 726 862 et
792 809 927 865 Gani
983 812 1273 882 episcopos
1318 814 1509 869 ordine
1558 816 1859 871 movendos
1888 817 1984 870 de—

417 903 594 956 crevit
624 906 642 956 :‘
671 903 1019 961 Barlaamum
1058 920 1208 971 vero,
1239 915 1294 960 et
1323 906 1664 977 Acindynum
1694 924 1722 961 a
1772 907 1999 976 reliquo

370 1058 379 1067 γ’
419 994 679 1048 Ecclesiae
737 1011 991 1064 corpore,
1049 1006 1109 1051 ut
1160 998 1404 1053 membra
1448 1001 1637 1053 morbo
1685 1000 1977 1054 insanabili

417 1085 641 1151 inlecta,
690 1086 1006 1156 nulliusque
1055 1090 1415 1145 correctionis
1466 1100 1587 1159 post
1627 1103 1855 1146 mortem
1905 1109 1995 1147 ca—

328 1194 333 1200 '
414 1176 593 1244 pacia,
626 1176 915 1231 manifeste
946 1181 1267 1245 amputavit.
1316 1180 1371 1233 Si
1402 1181 1526 1250 quis
1574 1190 1758 1236 autem
1804 1198 1995 1237 eorum

415 1267 627 1323 nefaria
662 1268 944 1338 impietate
991 1271 1245 1325 damnata
1280 1273 1345 1326 ad
1379 1283 1577 1328 rectam
1608 1276 1995 1331 semitam're-

417 1361 596 1425 diens,
659 1361 1030 1431 incorruptam
1067 1364 1327 1419 Ecclesia:
1381 1366 1691 1420 doctrinam
1752 1370 1995 1438 comple-

414 1460 679 1513 cteretur,
735 1465 859 1504 eum
919 1452 987 1505 ab
1054 1453 1297 1508 Ecclesia
1351 1455 1789 1524 suscipiendum,
1841 1467 1897 1510 et
1933 1467 1994 1511 ut

417 1540 663 1593 membro
715 1540 979 1610 legitimo,
1028 1544 1147 1597 sine
1197 1545 1303 1598 ulla
1348 1547 1755 1614 praeteritorum
1806 1564 1995 1619 repre-

364 1677 368 1682 .
420 1631 710 1697 hensione,
743 1641 853 1701 gaut
881 1636 1309 1703 exprobratione
1356 1637 1755 1706 providendum
1815 1648 1991 1695 statu-

2105 549 2281 619 νίκης,
2306 547 2441 617 πρὸς
2464 549 2670 601 ἐκεῖνον
2702 547 2809 615 γάρ
2842 546 3078 616 μάλιστα
3109 549 3136 599 6
3167 547 3323 614 λόγος
3350 543 3442 617 ἦν,
3479 549 3572 600 καὶ
3626 551 3676 601 oi

2102 638 2170 689 τά
2229 638 2535 690 ’Δκινδύνου
2596 638 2881 708 ᾑρημένοι,
2939 630 3013 691 ὧν
3057 633 3126 707 ἦν
3177 636 3489 706 κεφάλαιον,
3538 638 3567 689 ὃ
3620 653 3678 689 τε

2114 729 2340 798 Ἐφέσου
2384 732 2478 784 καὶ
2500 731 2527 782 6
2565 730 2604 781 Γ
2607 729 2769 782 αύνου
2800 729 3218 800 μητροπολῖται,
3245 729 3338 781 καὶ
3366 729 3679 805 Γρηγορᾷς,

2102 820 2194 870 καὶ
2220 818 2421 886 Δεξιδς,
2445 820 2543 872 οὐκ
2573 821 2867 887 ἀναγκαῖον
2888 819 3212 889 διηγεῖσθαι.
3242 819 3302 872 Ei
3331 816 3438 888 γάρ
3478 836 3559 888 τῳ
3608 818 3680 870 τὰ

2100 908 2323 962 τοιαῦτα
2348 908 2626 980 προύργου
2661 910 2870 978 μαθεῖν,
2899 908 2975 978 τῷ
3007 910 3135 980 περὶ
3173 909 3379 969 τούτων
3427 926 3681 981 γεγραμ-

2102 1000 2247 1068 μένῳ
2269 1000 2438 1070 τόμῳ,
2458 1001 2598 1053 κατὰ
2620 1001 2783 1071 μέρος
2802 1001 3015 1054 ἅπαντα
3031 1000 3370 1069 διηγουμένῳ
3382 1000 3681 1070 ἐντυχόντι,

2101 1094 2279 1146 πάντα
2328 1094 2571 1166 άκριεῶς
2594 1095 2789 1148 εἰδέναι
2843 1096 3153 1165 περιέσται.
3196 1095 3402 1145 Ἐκεῖνο
3433 1093 3487 1147 δὲ
3519 1094 3682 1161 μόνον

2096 1184 2391 1252 ἀναγκαῖον
2421 1180 2560 1239 εἶναι
2598 1185 2921 1254 ἡγησάμεθα
2954 1185 3308 1257 προσκεῖσθαι
3342 1187 3408 1254 τῇ
3442 1184 3679 1254 ἱστορίᾳ,

2097 1277 2172 1340 ὡς
2198 1277 2443 1331 ἑάλωσαν
2465 1277 2553 1331 ἐπ’
2571 1278 2875 1349 αὐτοφώρῳ
2901 1279 2949 1329 oi
2973 1277 3038 1351 τά
3077 1274 3387 1349 ’Λκινδύνου
3410 1275 3681 1346 ᾑρημένοι

2095 1369 2191 1431 τὰς
2217 1370 2337 1430 ἴσας
2360 1369 2514 1435 δόξας
2550 1370 2765 1440 Βαρλαὰ
2775 1388 2813 1439 μ
2850 1369 2981 1438 περὶ
3018 1368 3125 1421 τῶν
3155 1369 3441 1437 δογμάτων
3462 1371 3683 1437 ἔχοντες

2095 1459 2191 1527 τῆς
2231 1459 2579 1527 Ἐκκλησίας.
2612 1462 2703 1512 Διὸ
2740 1461 2846 1511 τῶν
2904 1458 3333 1528 μέν”ἀρχιερέων
3388 1459 3420 1525 ή
3463 1457 3683 1518 σύνοδος

2109 1549 2334 1613 Ἐφέσου
2370 1549 2462 1602 καὶ
2490 1549 2691 1601 Γάννου
2744 1548 3064 1617 καθαίρεσιν
3110 1547 3379 1612 κατέγνω.
3416 1546 3683 1614 Βαρλαάμ

2097 1657 2156 1692 τε
2204 1641 2512 1693 Ἀκινδύνου
2540 1640 2837 1711 διαρρήδην
2875 1639 3156 1711 χωρισμὸν
3190 1639 3299 1696 ἀπὸ
3357 1628 3450 1688 τοῦ
3488 1636 3682 1707 λοιποῦ

416 1729 600 1775 erunt.
630 1721 731 1788 Qui
761 1739 933 1793 usque
963 1725 1026 1779 ad
1065 1735 1369 1780 extremum
1398 1727 1652 1795 spiritum
1682 1728 1988 1783 obstinatus

2094 1733 2189 1800 τῆς
2206 1732 2529 1797 Ἐκκλησίας
2547 1731 2818 1800 σώματος,
2831 1731 2905 1795 ὡς
2922 1730 3056 1801 μέλη
3077 1730 3402 1794 νενοσηκότα.
3420 1729 3677 1792 ἀνιάτως,

342 1880 348 1889 κ
417 1820 710 1885 manerel'.
763 1813 956 1875 iisdem
1008 1814 1221 1883 pmnis,
1273 1816 1475 1885 quibus
1554 1817 1870 1872 Barlaamus
1935 1829 1988 1873 et

2096 1825 2191 1877 καὶ
2217 1824 2486 1894 μηδεμίαν
2515 1824 2650 1893 μετὰ
2678 1823 2937 1894 τελευτὴν
2959 1822 3245 1892 διόρθωσιν
3294 1820 3677 1890 ἐπιδεχόμενοι.

420 1901 765 1974 Acindynus,
805 1906 1155 1963 multaretur.
1195 1905 1510 1962 Secundum
1529 1907 1645 1962 haec
1670 1920 1847 1964 tomus
1879 1920 1991 1964 ter-

417 1995 527 2049 tius
599 1994 816 2049 duobus
860 1994 1135 2063 prioribus
1176 2007 1260 2052 est
1288 1997 1527 2052 additus.
1559 1997 1696 2052 Nam
1742 2000 1832 2053 ille
1870 2010 1993 2067 post

412 2085 646 2140 Joannis
678 2089 1005 2157 patriarcha:
1056 2089 1463 2144 abdicationem
1503 2093 1852 2161 conscriptus
1879 2095 1991 2163 (cui

413 2176 579 2248 etiam
657 2178 972 2246 patriarcha
1052 2178 1557 2250 Hierosolymorum
1639 2182 1989 2254 subscripsit)

413 2266 684 2322 Barlaami
727 2278 786 2323 et
831 2269 1098 2340 Acindyni
1148 2264 1492 2326 sceleratam:
1524 2273 1859 2341 impietatem
1936 2285 1993 2329 et

412 2373 806 2429 germanorum
887 2360 1202 2431 dogmatum
1285 2364 1697 2431 corruptionem
1788 2366 1993 2435 detegit

414 2452 604 2519 (quam
641 2450 711 2504 ob
744 2467 962 2507 causam
1004 2463 1060 2507 et
1106 2454 1346 2508 Joannes
1379 2456 1693 2522 patriarcha
1724 2458 1853 2511 sede
1895 2473 1992 2513 sua

417 2539 681 2608 depulsus
715 2553 821 2606 est,
867 2541 1011 2610 quod
1070 2544 1332 2598 nimirum
1376 2560 1497 2598 cum
1546 2546 1825 2601 Barlaamo
1863 2563 1994 2601 sen-

420 2629 597 2700 tiret),
627 2641 682 2685 et
728 2632 959 2700 primus,
1013 2642 1135 2702 post
1178 2633 1625 2702 dijudicationem
1693 2636 1992 2693 Andronici

414 2720 653 2790 junioris
710 2722 1053 2791 imperatoris
1108 2723 1463 2793 compositus,
1516 2704 1735 2793 quando
1787 2736 1843 2781 et
1897 2744 1994 2794 pa-

420 2813 658 2866 triarcha
681 2811 917 2867 Joannes
946 2814 1156 2885 synodo
1188 2814 1537 2883 prmsidebat.
1590 2831 1751 2885 quem
1792 2826 1848 2871 et
1877 2819 1993 2888 ipse

419 2918 581 2958 manu
614 2919 715 2959 sua
761 2904 1126 2974 subsignavit,
1155 2921 1262 2958 non
1311 2905 1488 2961 solum
1542 2904 1884 2962 Barlaamum
1937 2920 1993 2964 et

418 2995 786 3067 Acindynum,
822 3003 880 3049 ut
924 2996 1158 3066 injustas
1210 2996 1604 3051 monachorum
1639 3008 1993 3056 accusatores

2094 1917 2215 1969 Τῶν
2240 1916 2284 1969 δ’
2314 1916 2511 1979 ἄλλων,
2545 1917 2593 1968 εί
2618 1918 2690 1985 μή
2723 1932 2807 1978 τις
2863 1914 3197 1989 ἐπιστρέψας
3256 1913 3517 1981 σύνθηται
3564 1914 3680 1975 τοῖς

2093 2006 2394 2074 ὑγιαίνουσι
2415 2005 2854 2076 τῆςἘκκλησίας
2885 2006 3173 2074 δόγμασιν,
3205 2006 3432 2058 ἐκείνων
3478 2003 3679 2068 πολλὴν

2093 2096 2349 2150 ἀσέϐειαν
2376 2094 2699 2163 καταγνοὺς,
2732 2080 2982 2164 δέχεσθαι
3004 2094 3100 2164 τὴν
3116 2094 3447 2162 Ἐκκλησίαν
3470 2093 3564 2147 καὶ
3594 2093 3676 2156 ὡς

2092 2187 2293 2240 οίκείου
2364 2188 2558 2255 μέλους
2609 2188 2856 2256 προνοεῖν
2911 2187 3097 2255 μηδὲν,
3156 2189 3293 2256 μήτε
3335 2184 3677 2252 ἐγκαλοῦσαν

2092 2279 2201 2330 τῶν
2238 2279 2542 2347 προτέρων,
2601 2280 2737 2349 μήτε
2775 2277 3159 2341 ὀνειδίζουσαν.
3197 2279 3259 2330 Εί
3302 2277 3357 2329 δέ
3402 2294 3485 2338 τις
3522 2276 3674 2344 μένοι

2094 2370 2182 2423 διὰ
2211 2370 2399 2432 τέλους
2426 2369 2774 2438 άδιόρθωτος,
2811 2372 2925 2432 τοῖς
2969 2370 3175 2431 αὐτοῖς’
3200 2366 3497 2439 ἐπιτιμίοις
3543 2365 3673 2441 ὑπο-

2094 2458 2309 2509 κεῖσθαι
2344 2457 2608 2527 Βαρλαάμ
2664 2457 2760 2511 καὶ
2828 2457 3122 2525 ’Ᾱκινδύνῳ
3178 2456 3272 2509 καὶ
3322 2456 3414 2508 ἐπὶ
3464 2455 3673 2517 τούτοις

2095 2551 2311 2617 ἐγένετο
2337 2532 2502 2618 τόμος
2531 2549 2714 2618 τρίτος
2744 2548 2838 2601 ἐπὶ
2864 2548 2983 2611 δυσὶ
3006 2550 3117 2610 τοῖς
3146 2549 3413 2621 πρότερον
3443 2562 3673 2615 γεγενη-

2101 2639 2307 2708 μένοις·
2347 2640 2374 2690 ὅ
2409 2656 2468 2691 τε
2520 2639 2629 2708 γὰρ
2669 2638 2762 2690 ἐπὶ
2815 2638 3136 2707 καθαιρέσει
3190 2638 3530 2711 πατριάρχου
3578 2633 3673 2686 τοῦ

2109 2723 2350 2776 Ἰωάννου
2374 2726 2755 2794 γεγενημένος,
2791 2725 2851 2777 ὃν
2898 2726 2993 2797 καὶ
3042 2726 3070 2777 6
3099 2724 3211 2777 τῶν
3273 2724 3673 2796 Ἱεροσολύμων

2096 2816 2443 2885 πατριάρχης
2470 2815 2850 2885 ύπογέγραφι,
2885 2814 3086 2884 πολλὴν
3115 2815 3371 2869 ἀσέϐειαν
3394 2813 3666 2885 Βαρλαὰμ

2097 2904 2190 2959 καὶ
2232 2905 2539 2958 ’Δκινδύνου
2571 2907 2885 2975 κατηγορεῖ,
2918 2905 3014 2958 καὶ
3039 2904 3148 2957 τῶν
3171 2904 3348 2973 ὀρθῶν
3368 2903 3664 2973 δογμάτων

2095 2998 2443 3068 διαστροφὴν,
2479 2996 2546 3050 δι’
2574 2996 2608 3050 ἃ
2642 2997 2735 3049 καὶ
2762 2996 3106 3069 πατριάρχης
3148 2998 3176 3049 6
3218 2996 3471 3061 Ἰωάννης
3505 2995 3674 3066 καθῃο

420 3086 664 3163 damnat,
722 3085 819 3141 sed
850 3094 904 3139 et
954 3086 1000 3140 si
1032 3086 1156 3154 quis
1196 3086 1361 3150 alius,
1410 3086 1610 3155 inquit,
1646 3086 1926 3158 quippiam
1962 3108 1988 3146 a

2104 3087 2255 3158 ρέθη,
2290 3087 2366 3149 ὠς
2398 3086 2572 3140 ταυτά
2596 3088 2874 3157 φρονήσας
2908 3086 3193 3157 Βαρλαάμ,
3240 3089 3334 3139 καὶ
3384 3090 3411 3151 6
3440 3088 3672 3156 πρώτως

364 3244 368 3248 _
421 3177 703 3233 Barlaamo
758 3178 1072 3247 blaspheme
1138 3186 1195 3231 et
1250 3178 1505 3233 haeretiee
1559 3188 1751 3232 contra
1801 3196 1988 3235 mona-

418 3270 575 3347 chos,
604 3270 713 3323 imo
742 3284 872 3323 vero
902 3279 1091 3323 contra
1142 3268 1443 3324 Ecclesiam
1482 3271 1654 3339 ipsam
1688 3272 1985 3336 dictorum,

416 3361 818 3430 scriptorumve
888 3377 1109 3415 rursum
1176 3362 1458 3418 monachis
1527 3363 1831 3431 objecerit,
1895 3375 1989 3418 aut

419 3452 645 3515 omnino
676 3453 728 3507 in
763 3453 964 3515 talibus
1002 3468 1098 3508 eos
1142 3454 1546 3522 perstrinxerit,
1585 3460 1775 3511 eadem
1827 3470 1987 3524 pmna

418 3559 446 3597 a
497 3551 681 3599 nostra
736 3543 1118 3600 mediocritate
1150 3546 1461 3610 danmatur,
1518 3555 1683 3614 atque
1718 3562 1748 3600 a
1799 3556 1987 3600 saneta

421 3633 514 3709 Dei
542 3632 810 3690 catholica
868 3643 924 3691 et
947 3636 1250 3704 apostolica
1283 3636 1551 3703 Ecclesia,
1580 3647 1637 3691 et
1679 3637 1986 3691 orthodoxe

415 3724 853 3796 Christianorum
886 3736 1030 3783 cortu
1056 3727 1220 3789 etiam
1248 3728 1363 3795 ipse
1391 3729 1796 3782 exterminatur
1825 3738 1989 3796 atque

417 3816 756 3887 praeciditur.
797 3817 964 3885 800
999 3817 1089 3871 Sic
1117 3820 1301 3884 itaque
1325 3828 1381 3871 et
1411 3819 1606 3872 tertius
1645 3826 1825 3891 tomus
1848 3818 1988 3873 duos

417 3905 793 3975 praecedentes
864 3919 1207 3973 consequens
1264 3905 1437 3960 lactus
1490 3916 1613 3967 est,
1685 3908 1989 3976 eademque

419 4005 610 4049 contra
665 3993 937 4059 Barlaami
995 4004 1051 4049 et
1096 3995 1362 4065 Aeindyni
1411 4011 1673 4064 seqnaces
1717 3998 1983 4051 decreta:

419 4086 508 4139 cui
533 4084 792 4140 Callistus
829 4086 1137 4153 patriarcha
1172 4101 1295 4140 cum
1322 4087 1600 4155 episcopis
1625 4088 1985 4157 subscripsit;

419 4187 475 4232 et
506 4184 633 4231 ante
683 4192 779 4233 eos
822 4177 1239 4232 Cantacuzenus
1287 4178 1603 4247 imperator,
1650 4179 1852 4233 deinde
1895 4181 1987 4235 Jo-

419 4283 590 4324 annes
614 4269 948 4340 Palzeologus
989 4270 1288 4339 imperator
1313 4271 1526 4341 junior,
1555 4272 1821 4337 Ecclesiae
1861 4288 1988 4328 con-

419 4376 564 4425 cors,
626 4371 682 4416 et
734 4362 851 4432 ipse
916 4362 1137 4417 rubrica
1204 4362 1563 4433 subsignavit.
1632 4363 1984 4419 Discussione

2095 3179 2187 3234 ἐπὶ
2210 3182 2275 3249 τῇ
2326 3178 2616 3246 διαγνώσει
2676 3178 2937 3249 βασιλέως
3010 3178 3350 3249 Ἀνδρονίκου
3400 3178 3495 3231 τοῦ
3547 3179 3669 3230 νέου

2096 3269 2487 3337 γεγενημένος.
2512 3269 2674 3337 ἡνίκα
2709 3270 2854 3321 καὶὸ
2890 3270 3240 3340 πατριάρχης
3276 3270 3531 3338 Ἰωάννης
3568 3268 3670 3338 τῆς

2097 3359 2324 3412 συνόδου
2362 3359 2674 3429 προστάτης
2702 3356 2790 3430 ἦν,
2827 3360 2886 3413 ὃν
2915 3361 3008 3413 καὶ
3055 3361 3217 3432 αὐτὸς
3272 3362 3669 3432 ὐπεσημήνατο

2094 3448 2281 3517 χερσὶν
2314 3446 2568 3512 οἰκείαις,
2594 3449 2654 3500 ού
2691 3448 2851 3517 μόνον
2884 3431 3165 3519 Βαρλαέιμ
3201 3450 3294 3502 καὶ
3355 3431 3670 3503 Ἀκινδύνου

2095 3537 2554 3607 καταψηφίζεται,
2615 3539 2689 3600 ὡς
2740 3538 2938 3600 ἀδίκως
2992 3538 3461 3608 κατηγορηκότων
3538 3539 3650 3590 τῶν

2098 3630 2346 3699 μοναχῶν
2405 3627 2543 3682 ἀλλὰ
2589 3629 2682 3683 καὶ
2714 3629 2763 3681 εί
2820 3646 2925 3693 τις,
2974 3632 3161 3699 φησὶν,
3218 3630 3403 3696 ἕτερός
3455 3646 3505 3681 τι
3558 3629 3667 3689 τῶν

2096 3718 2200 3772 ὑπὸ
2230 3718 2322 3771 τοῦ
2348 3718 2615 3791 Βαρλαὰμ
2644 3718 2999 3787 βλασφήμως,
3030 3722 3122 3775 καὶ
3174 3720 3478 3785 κακοδόξως
3523 3721 3665 3774 κατὰ

2094 3806 2202 3859 τῶν
2230 3808 2499 3876 μοναχῶν,
2528 3809 2726 3876 μᾶλλον
2756 3808 2813 3861 δὲ
2838 3811 2975 3863 κατὰ
2993 3812 3092 3880 τῆς
3109 3812 3438 3881 Ἐκκλησίας
3480 3811 3651 3878 αὐτῆς

2096 3897 2459 3967 λαληθέντων,
2514 3896 2548 3971 ἢ
2607 3904 3035 3971 συγγραφέντων
3095 3904 3288 3973 φανείη
3343 3903 3503 3957 πάλιν
3554 3904 3668 3955 τῶν

2098 3990 2372 4057 μοναχῶν,
2456 3991 2801 4069 κατηγορῶν,
2864 3993 2895 4063 ἢ
2954 3994 3088 4055 ὅλως
3151 3998 3207 4047 ὲν
3267 3996 3379 4054 τοῖς
3403 3994 3671 4058 τοιούτοις

2094 4084 2527 4153 καθαπτόμενος,
2554 4088 2619 4155 τῇ
2654 4086 2788 4156 αὐτῇ
2847 4087 3118 4160 καταδίκῃ
3166 4088 3318 4157 παρὰ
3367 4088 3467 4155 τῆς
3510 4089 3672 4158 ἡμῶν

2097 4175 2443 4244 μετριότητος
2463 4174 2953 4241 καθυποὸάλλεται,
2977 4177 3071 4229 καὶ
3113 4179 3497 4248 ἀποκήρυκτος
3515 4178 3673 4232 ἔσται

2093 4266 2187 4321 καὶ
2219 4266 2381 4329 αὐτὸς
2410 4268 2502 4327 καὶ
2534 4269 3003 4337 ἁποτετμημένος,
3040 4268 3134 4321 καὶ
3188 4274 3289 4338 τῆς
3354 4270 3513 4338 ἁγίας
3576 4270 3672 4323 τοῦ

2093 4357 2330 4428 Χριστοῦ
2357 4357 2654 4427 καθολικῆς
2691 4362 2785 4414 καὶ
2810 4360 3541 4430 άποστολικῆςῈκκλησίας,
3575 4363 3673 4415 καί⁵

418 4453 733 4522 dogmatutu
792 4453 1012 4521 penitus
1068 4454 1335 4518 absoluta,
1371 4465 1429 4508 et
1476 4463 1624 4509 tonio
1662 4454 1823 4524 plane
1870 4456 1978 4525 jam

2094 4448 2180 4500 τοῦ
2208 4448 2489 4518 όρθοδόξου
2538 4449 2646 4503 τῶν
2707 4450 3048 4521 Χριστιανῶν
3107 4453 3473 4519 συστήματος.
3513 4450 3672 4505 Οὕτω

417 4545 683 4615 perfecto,
724 4544 949 4599 Callisto
981 4543 1291 4612 patriarcha
1326 4543 1382 4597 in
1412 4543 1614 4611 templo
1646 4543 1846 4598 divinat
1887 4544 1986 4597 Sa-

416 4638 660 4704 pientiae,
712 4652 835 4691 cuin
885 4635 1115 4705 reliquis
1170 4636 1441 4705 episc0pis
1488 4636 1665 4689 Missa:
1716 4635 1985 4689 sacrificio

417 4730 703 4799 fungente,
727 4728 1146 4784 Cantacuzenus
1174 4728 1324 4783 omni
1376 4726 1733 4797 imperatorio
1789 4736 1985 4781 ornatu

412 4822 686 4888 excultus,
738 4822 880 4875 intra
940 4820 1120 4890 adyta,
1171 4818 1500 4889 patriarcha:
1524 4818 1846 4887 reliquoque
1873 4818 1989 4887 epi-

414 4929 705 4985 scoporum
738 4913 921 4968 ordini
951 4924 1156 4968 tomum
1190 4911 1435 4977 tradidit.
1468 4911 1664 4965 Postea
1714 4909 1984 4963 Barlaami

412 5018 470 5064 et
500 5006 770 5079 Acindyni
802 5005 1059 5075 discipuli
1107 5005 1177 5068 ab
1219 5004 1548 5073 imperatore
1585 5013 1640 5056 et
1675 5001 1984 5071 patriarcha

409 5101 547 5170 jussi
579 5110 709 5154 sunt
738 5097 805 5154 de
856 5097 1129 5168 dogmatis
1166 5096 1305 5149 nihil
1339 5111 1517 5164 neque
1549 5094 1753 5158 dicere,
1804 5111 1984 5164 neque

414 5187 658 5244 scribere
687 5204 701 5240 :
732 5202 800 5241 ne
822 5186 1159 5243 sinceriores
1185 5186 1302 5239 suis
1330 5185 1561 5239 fallaciis
1586 5193 1978 5253 perverterent.

414 5277 623 5332 llorum
654 5276 747 5332 alii
778 5276 1102 5337 obedientes
1139 5277 1518 5345 quiescebant,
1545 5276 1637 5330 alii
1667 5286 1844 5329 tacere
1871 5292 1980 5329 non

416 5374 695 5435 poterant,
720 5365 813 5420 sed
850 5381 974 5423 cum
1023 5380 1175 5427 voce,
1211 5375 1324 5421 tum
1362 5364 1584 5434 scriptis
1631 5364 1978 5427 disserendo,

415 5457 603 5525 plures
630 5456 857 5525 insuper
881 5456 1255 5524 depravabant
1286 5472 1300 5508 :
1331 5470 1501 5524 quare
1541 5464 1595 5509 et
1636 5470 1859 5509 carcere
1912 5453 1982 5509 ab

413 5548 755 5615 imperatore.
792 5548 967 5615 puniti
1001 5557 1148 5608 sunt.
1191 5562 1353 5617 quem
1402 5548 1468 5601 ad
1508 5556 1724 5616 tempus
1774 5547 1984 5600 habita-

410 5645 565 5694 runt.
596 5637 803 5693 Eorum
839 5641 1162 5695 illustriores
1197 5640 1252 5694 in
1305 5638 1422 5695 suis
1476 5639 1717 5708 ipsorum
1767 5637 1980 5692 milibus

410 5729 809 5795 attinebantur,
859 5746 925 5787 ne
975 5746 1096 5785 cum
1146 5730 1253 5785 illis
1306 5729 1473 5785 verba
1526 5731 1839 5787 miscerent.
1896 5729 1974 5784 lta

2094 4542 2193 4610 μὲν
2216 4541 2311 4597 καὶ
2332 4542 2360 4593 6
2386 4542 2567 4610 τρίτος
2588 4542 2752 4607 τόμος
2774 4542 3068 4604 ἀκόλουθος
3089 4545 3203 4605 τοῖς
3230 4544 3353 4595 δυσὶ
3380 4542 3671 4611 προτέροις

2088 4634 2351 4701 ἐγεγόνει,
2376 4634 2471 4686 καὶ
2488 4636 2555 4686 τὰ
2584 4634 2724 4685 αὐτὰ
2750 4633 3162 4702 κατεψηφίσατο
3178 4634 3286 4685 τῶν
3307 4632 3375 4685 τὰ
3398 4633 3669 4703 Βαρλαᾷμ

2087 4726 2182 4778 καὶ
2220 4724 2528 4778 Ἀκινδύνου
2548 4726 2857 4795 ᾑρημένων·
2889 4726 2946 4777 ὃν
2976 4727 3321 4797 πατριάρχης
3366 4743 3424 4778 τε
3457 4727 3485 4777 6
3518 4725 3665 4778 Κάλ-

2086 4815 2265 4877 λιστος
2291 4819 2423 4883 μετὰ
2451 4816 2561 4870 τῶν
2581 4815 2881 4886 ἀρχιερέων
2905 4816 3277 4885 ὑπογέγραφε.
3297 4818 3389 4871 καί⁸
3407 4816 3665 4886 βασιλεὺς

2085 4906 2192 4974 πρὸ
2248 4906 2426 4959 αὐτῶν
2472 4908 2500 4958 6
2556 4907 3046 4977 Καντακουζηνὸς,
3107 4908 3331 4977 ὕστερον
3378 4908 3435 4960 δὲ
3486 4910 3581 4961 καὶ
3632 4910 3663 4961 6

2088 4998 2449 5066 Παλαιολόγος
2523 4998 2775 5068 Ἰωάννης
2834 4999 3086 5068 βασιλεὺς
3116 5001 3144 5052 6
3194 5000 3333 5061 νέος,
3368 4984 3663 5070 σύμψηξος

2086 5090 2375 5157 γενόμενος
2419 5089 2822 5159 τῇἘκκλησίᾳ,
2850 5091 3098 5160 έρυθροῖς
3138 5089 3231 5142 καὶ
3263 5091 3422 5152 αὐτὸς
3482 5093 3664 5160 γράμ-

2087 5198 2249 5250 μασιν
2276 5181 2685 5251 ύπεσημήνατο.
2734 5182 2887 5233 Ἐπεὶ
2914 5180 2971 5234 δὲ
3028 5164 3206 5235 πάντα
3259 5180 3369 5250 εἶχε
3405 5181 3554 5242 τέλος
3592 5182 3666 5234 τὰ

2087 5274 2213 5342 περὶ
2274 5273 2371 5341 τὴν
2426 5274 2674 5338 ἐξέτασιν
2732 5274 2843 5327 τῶν
2901 5274 3206 5341 δογμάτων,
3267 5275 3361 5326 καὶ
3404 5275 3432 5325 6
3494 5272 3665 5340 τόμος

2082 5364 2293 5426 οὐδενὸς
2320 5364 2507 5430 ἐδεῖτο,
2529 5364 2606 5417 ἔτι
2645 5364 2944 5417 Καλλίστου
2973 5367 3067 5418 τοῦ
3106 5354 3454 5435 Πατριάρχου
3487 5368 3545 5416 ὲν
3576 5364 3660 5433 τῷ

2081 5455 2189 5525 νεῷ
2245 5456 2343 5525 τῆς
2367 5455 2462 5508 τοῦ
2516 5456 2651 5509 Θεοῦ
2685 5456 2878 5523 σοφίας
2931 5458 3029 5527 τὴν
3095 5457 3246 5511 θείαν
3282 5455 3661 5519 ἐπιτελοῦντος

2084 5548 2476 5614 μυσταγωγίαν
2541 5549 2681 5616 μετὰ
2732 5547 2839 5599 τῶν
2900 5546 3103 5599 λοιπῶν
3172 5545 3498 5616 ἀρχιερέων,
3559 5547 3655 5597 καὶ

2082 5637 2332 5705 βασιλεὺς
2364 5639 2392 5689 6
2436 5635 2886 5707 Καντακουζηνὸς
2922 5640 3104 5691 πᾶσαν
3130 5637 3327 5707 σκευὴν
3369 5634 3654 5706 βασιλικὴν

2081 5730 2253 5793 ἐνδὺς,
2291 5732 2384 5782 καὶ
2417 5730 2524 5783 τῶν
2557 5728 2762 5783 ἀδύτων
2793 5730 2940 5791 ἐντὸς
2996 5731 3305 5799 γενόμενος,
3338 5727 3653 5801 πατριάρχῃ
