3964 6210
370 403 470 465 15:7

1493 408 1817 472 IOANNIS
1854 411 2364 476 CANTACUZENI

3503 412 3609 475 ,8,

365 513 543 581 ipsum
570 529 664 583 per
692 529 751 568 se
779 512 1085 584 deprimere
1109 523 1274 585 atque
1294 527 1545 575 evertere
1576 537 1687 576 non
1731 523 1931 592 potuit,

2045 524 2083 575 5‘
2122 525 2306 597 εὐνοίᾳ
2339 525 2435 597 τὴν
2457 526 2720 597 ἀλήθειαν
2757 524 3165 597 παραφθείρας,
3196 527 3290 579 καὶ
3325 527 3467 580 κατά
3491 529 3598 579 πᾶ-

364 606 790 676 Pal:eologorum
845 607 1232 676 imperatorum
1277 610 1479 666 bellum
1529 624 1778 669 mutuum
1838 630 1936 684 pro

365 705 686 763 argumento
736 710 980 760 sumens,
1029 706 1085 750 et
1132 698 1332 767 partim
1390 702 1698 771 ignorantia
1750 720 1933 759 rerum

364 793 662 851 gestarum,
700 786 896 851 partim
931 790 1105 857 gratia
1131 799 1388 858 corrupta
1425 793 1684 857 veritate,
1717 810 1781 849 ac
1810 794 1937 850 totis

366 874 577 927 viribus
608 876 757 927 velut
800 876 851 929 in
892 877 1087 931 fabula
1122 881 1588 937 comminiscenda
1642 887 1933 951 mentiens,

365 965 562 1017 (ὶιοὶιιιίο
615 966 808 1021 ordine
857 969 923 1022 ad
973 970 1195 1034 bellum,
1238 973 1384 1040 quod
1437 985 1620 1031 nostra
1672 973 1935 1032 memoria

364 1064 553 1106 contra
622 1055 1070 1113 Cantacuzenum
1148 1063 1445 1118 excitatum
1523 1075 1607 1119 est
1680 1083 1936 1135 progres-

363 1160 455 1194 sus
491 1145 624 1213 (14),
661 1158 772 1198 tum
816 1150 920 1201 alia
966 1153 1250 1220 complura
1292 1155 1506 1209 crimini
1559 1159 1669 1222 dat,
1701 1159 1938 1212 servitu-

361 1248 464 1297 t's,
527 1240 719 1298 credes,
779 1241 1193 1307 trucidationes,
1251 1248 1654 1313 populationes,
1707 1260 1932 1319 etquae-

362 1344 577 1393 cnnque
615 1329 878 1385 Romanis
923 1350 1017 1402 per
1058 1336 1109 1389 id
1166 1338 1366 1391 bellum
1421 1340 1667 1395 luctuosa
1729 1344 1937 1398 incide-

362 1428 509 1479 runt,
544 1419 631 1472 illa
669 1422 948 1477 ascribens
982 1443 994 1477 :
1028 1436 1140 1479 tum
1189 1429 1258 1481 ob
1294 1446 1539 1484 amorem
1591 1417 1932 1501 dominandi,

364 1507 774 1580 imperialisque
836 1514 1035 1583 fastigii
1067 1519 1382 1587 capidinem
1410 1524 1673 1576 malorum
1719 1526 1931 1580 illorum

362 1600 564 1653 nnllam
620 1602 838 1658 duxisse
907 1609 1174 1663 rationem
1235 1610 1487 1666 afﬁrmat.
1555 1614 1688 1669 Illud
1749 1628 1930 1671 autem

360 1688 802 1747 Cantacnzenum
838 1706 964 1751 ante
996 1699 1098 1754 alia
1142 1703 1382 1766 vellicat,
1412 1714 1466 1757 et
1518 1721 1613 1759 cor
1642 1708 1761 1775 ejus
1803 1710 1931 1771 urit.

360 1778 507 1845 quod
542 1783 827 1848 mentitur,
855 1800 980 1839 eum
1034 1788 1214 1844 adhuc
1244 1791 1458 1845 vivente
1488 1793 1803 1847 Andronico
1830 1797 1933 1849 im-

364 1872 501 1938 perii
558 1875 787 1929 Romani
848 1878 1024 1949 {longe
1081 1885 1633 1950 appetentissimum,
1692 1904 1815 1940 cum
1881 1889 1931 1942 id
1973 1864 2009 1916 Β

362 1967 580 2033 assequi
610 1982 717 2021 non
747 1979 956 2038 posset,
983 1974 1144 2042 802
1196 1975 1264 2028 ad
1312 1979 1612 2036 monachos
1646 1982 1698 2036 in
1754 1993 1936 2039 monte

363 2056 527 2117 Atho,
556 2058 647 2127 qui
687 2060 789 2114 viri
847 2064 1019 2119 sancti
1092 2075 1147 2118 et
1193 2081 1223 2121 a
1265 2067 1373 2123 Deo
1418 2071 1579 2125 amati
1626 2073 1936 2128 futurorum

363 2151 783 2215 praesensionem
817 2153 1430 2224 haberejudicabantur
1457 2164 1760 2231 profectum
1794 2184 1933 2232 esse,

363 2237 430 2290 de
458 2241 676 2301 futuris,
709 2254 764 2297 et
794 2261 862 2299 an
899 2246 967 2302 ad
1014 2266 1073 2304 se
1121 2252 1430 2308 Romanum
1490 2256 1778 2324 imperium
1817 2276 1939 2329 per-

363 2341 651 2389 venturum
685 2348 852 2406 esset,
896 2352 1404 2411 percunctaturum.
1457 2349 1584 2402 Post
1634 2350 1699 2403 ad
1748 2368 1934 2407 mona«

276 2480 279 2481 ν
365 2428 870 2499 (-lios'eonversus,
927 2437 1114 2492 multis
1169 2448 1222 2494 et
1278 2440 1480 2495 acriter
1541 2442 1593 2496 in
1648 2459 1763 2504 eos,
1829 2461 1937 2499 non

366 2520 541 2573 solum
597 2534 657 2576 ut
715 2526 769 2578 in
817 2528 1169 2585 Massalianos
1235 2540 1289 2586 et
1344 2548 1511 2599 prave
1563 2534 1626 2588 de
1675 2536 1939 2601 religione

365 2612 688 2679 sentientes,
725 2616 819 2669 sed
875 2618 1038 2671 etiam
1094 2629 1152 2672 ut
1204 2624 1442 2690 crapula:
1511 2639 1575 2677 ac
1628 2625 1941 2680 vinolentia:

288 2724 295 2733 ι
368 2702 583 2757 deditos
631 2704 929 2760 invehitur.
970 2708 1278 2762 Comedunt
1326 2711 1493 2776 enim,
1552 2713 1753 2781 inquit,
1794 2715 1943 2783 plus-

366 2808 530 2862 quam
579 2810 743 2860 sues,
799 2808 854 2851 et
888 2799 1084 2854 bibunt
1134 2802 1419 2871 plusquam
1471 2804 1771 2873 elephanti.
1832 2806 1937 2861 Ubi

368 2895 551 2938 autem
607 2888 930 2943 ebrietatem
990 2893 1212 2946 nimiam
1267 2894 1685 2961 edormierunt,
1742 2913 1939 2952 arcana

372 2976 559 3031 Deise
596 2980 737 3033 Srire
772 2982 1132 3046 contendunt,
1161 2996 1213 3039 et
1250 3002 1510 3055 responsa
1545 2987 1737 3041 edunt.
1777 2988 1940 3043 Deni-

367 3084 475 3137 que
509 3055 742 3143 aliorum
778 3075 1142 3141 quorumdam
1170 3093 1266 3131 eos
1311 3078 1613 3140 insimulat.
1650 3096 1770 3150 qua:
1799 3098 1939 3151 pra:-

2039 630 2138 666 σαν
2160 614 2422 678 ,ἐξουσίαν
2445 615 2634 686 ὥσπερ
2685 617 2742 669 ὲν
2771 616 3050 685 πλάσματι
3082 617 3596 686 καταψευσάμενος,

2038 704 2226 758 ἔπειτα
2254 705 2347 759 καὶ
2371 706 2493 760 καθ’
2530 705 2722 776 είρμδν
2747 707 2840 759 ἐπὶ
2871 706 2961 760 τὸν
2987 707 3073 774 ἐφ’
3102 707 3257 777 ἡμῶν
3289 708 3421 777 πρὸς
3450 710 3603 760 Καν-

2036 798 2369 865 τακουζηνὸν
2422 798 2650 867 προῖὼν,
2702 797 2877 851 πολλὰ
2933 797 3033 865 μὲν
3080 798 3247 851 αὐτοῦ
3306 799 3399 852 καὶ
3460 798 3601 852 ἀλλα

2038 889 2360 956 κατηγορεῖ,
2386 888 2856 959 ἀνδραποδισμοὺς
2884 890 2979 942 καὶ
3004 889 3217 954 φόνους,
3247 891 3342 942 καὶ
3368 892 3600 958 σφαγὰς,

2040 978 2135 1029 καὶ
2165 976 2479 1047 λεηλασίας,
2515 980 2611 1033 καὶ
2646 981 2747 1034 ὅσα
2777 979 3015 1049 δυσχερῆ
3042 981 3101 1032 ὲν
3130 980 3208 1049 τῷ
3237 980 3333 1033 τοῦ
3365 980 3600 1047 πολέμου

2038 1067 2212 1135 χρόνῳ
2265 1068 2640 1135 συμπέπτωκε
2700 1070 3017 1140 Ῥωμαίοις,
3046 1071 3197 1141 αὐτῷ
3232 1073 3601 1139 προσάπτων·

2038 1158 2132 1210 καὶ
2163 1158 2247 1211 διὰ
2283 1161 2595 1230 φιλαρχίαν,
2647 1163 2743 1216 xui.
2778 1163 2943 1232 τιμῆς
2976 1161 3266 1229 βασιλικῆς
3298 1164 3597 1232 ἐπιθυμίαν

2037 1246 2148 1297 τῶν
2180 1248 2368 1301 δεινῶν
2399 1250 2626 1303 ἐκείνων
2647 1252 2839 1305 οὐδένα
2864 1252 3039 1321 λέγων
3062 1255 3394 1321 πεποιῆσθαι
3417 1257 3598 1323 λόγον.

2042 1338 2106 1389 Ὃ
2130 1339 2185 1390 δὲ
2221 1340 2457 1406 μάλιστα
2492 1341 2661 1395 αὑτοῦ
2699 1343 3064 1408 καθάπτεται,
3111 1346 3205 1397 καὶ
3237 1345 3311 1408 ὡς
3350 1346 3605 1399 ἐπιπλεῖ-

2037 1445 2161 1481 στον
2193 1430 2481 1501 διατρίϐει,
2513 1433 2686 1487 ἐκεῖνό
2716 1435 3289 1504 ὲστιν,ἶὸτιπεριόντος
3307 1454 3365 1490 τε
3388 1438 3469 1490 ἔτι
3490 1438 3601 1507 βα-

2038 1518 2228 1582 σιλέως
2270 1520 2635 1591 Ἀνδρονίκου,
2668 1524 2769 1591 τῆς
2811 1524 3103 1594 Ῥωμαίων
3136 1527 3417 1598 βασιλείας
3458 1530 3600 1598 ἐρῶν

2038 1611 2353 1680 ὑπερφυῶς,
2385 1614 2481 1666 καὶ
2521 1616 2595 1684 μὴ
2655 1614 2955 1685 δυνάμενος
2983 1621 3188 1687 τυχεῖν,
3241 1620 3336 1673 ἐπὶ
3383 1624 3508 1682 τοὺς
3540 1623 3598 1674 ὲν

2040 1702 2187 1772 Ἀθῳ
2253 1704 2522 1774 μοναχοὺς
2575 1706 2871 1772 δοκοῦντας
2927 1710 3123 1780 ἀρετῆς
3178 1713 3600 1776 ἀντιποιεῖσθαι,

2037 1792 2131 1844 καὶ
2186 1795 2460 1863 μυστήρια
2493 1795 2627 1849 Θεοῦ
2681 1797 2880 1851 εἰδέναι
2936 1800 3213 1870 ὲφοίτησε,
3267 1805 3603 1872 πευσόμενος

2041 1882 2169 1950 περὶ
2198 1890 2305 1934 τῶν
2334 1883 2660 1951 μελλόντων,
2695 1886 2788 1939 καὶ
2820 1887 2869 1938 εί
2909 1886 3047 1955 πρὸς
3081 1889 3309 1959 ain:ij
3353 1891 3603 1960 βασιλεία

2052 1973 2336 2045 Ῥωμαίων
2370 1975 2512 2046 ἥξει.
2548 1975 2784 2032 Ἔπειτα
2817 1979 2909 2032 ἐπὶ
2941 1980 3067 2043 τοὺς
3101 1984 3367 2051 μοναχοὺς
3398 1986 3603 2053 τραπό-

2043 2085 2224 2139 μενος,
2258 2070 2426 2123 πολλὰ
2459 2071 2551 2123 καὶ
2595 2070 2740 2125 δεινά
2784 2076 3101 2142 κατηγορεῖ·
3159 2076 3219 2126 οὐ
3258 2077 3415 2144 μόνον
3449 2072 3607 2132 Macr;

2043 2164 2354 2230 σαλιανοὺς,
2381 2167 2475 2219 καὶ
2511 2166 2642 2237 περὶ
2693 2166 2763 2220 τά
2790 2168 2927 2236 ὀρθά
2975 2169 3221 2238 δόγματα
3262 2171 3604 2243 διεφθαρμέ-

2041 2271 2163 2317 νους
2200 2255 2395 2325 λέγων,
2424 2255 2558 2307 ἀλλὰ
2587 2255 2682 2310 καὶ
2722 2257 2852 2327 περὶ
2892 2260 3089 2323 πότους
3130 2260 3224 2314 καὶ
3257 2263 3606 2330 οἰνοφλυγίας

2039 2346 2299 2414 ἀκρατεῖς
2328 2364 2339 2377 ·
2359 2346 2628 2399 Ἐσθίουσι
2686 2347 2816 2414 γὰρ,
2860 2350 3046 2418 φησὶν,
3077 2351 3215 2421 ὑπὲρ
3246 2353 3484 2422 χοίρους,
3512 2358 3606 2407 καὶ

2041 2439 2284 2490 πίνουσιν
2314 2438 2452 2508 ὑπὲρ
2504 2439 2827 2507 ἐλέφαντας.
2874 2442 3125 2495 Ἐπειδὰν
3174 2444 3231 2497 δὲ
3289 2445 3605 2515 ἀνανήψωσι

2039 2529 2140 2597 τῆς
2170 2528 2368 2599 πολλῆς
2419 2529 2610 2599 μέθης,
2667 2532 2940 2603 μυστήρια
2992 2535 3126 2588 Θεοῦ
3160 2536 3358 2590 εἰδέναι
3410 2538 3605 2590 διατεί-

2041 2637 2244 2684 νονται,
2264 2624 2357 2673 καὶ
2393 2623 2522 2690 περὶ
2550 2622 2855 2690 μελλόντων
2875 2627 3306 2696 προφητεύουσα
3330 2628 3439 2681 Καὶ
3462 2630 3601 2696 ἕτερ’

2043 2712 2178 2764 ἄττα
2210 2712 2593 2783 κατηγόρηκεν
2631 2714 2877 2778 ἐκείνων,
2911 2707 2986 2769 ὧν
3010 2718 3117 2776 πᾶς
3142 2734 3229 2777 τις
3253 2716 3317 2769 ἂν
3338 2717 3609 2786 ἀπέσχετο

2041 2799 2180 2867 πλὴν
2215 2800 2402 2853 αὑτοῦ.
2472 2801 2705 2853 Ἔπειτα
2740 2801 3145 2871 διηγησάμενος
3194 2804 3263 2857 τὰ
3322 2805 3463 2857 κατὰ
3516 2804 3610 2856 τὸν

2044 2888 2280 2959 πόλεμον
2336 2890 2573 2957 μάλιστα
2609 2891 2967 2961 φιλοψευδῶς,
3022 2894 3118 2945 καὶ
3145 2893 3437 2960 γενόμενος
3484 2895 3543 2946 ὲν

2043 2979 2111 3031 τά
2149 2978 2288 3032 κατά
2344 2979 2442 3048 τῆς
2475 2981 2804 3049 Ἐκκλησίας
2861 2982 2958 3053 τὴν
2992 2981 3256 3054 διαφοράν
3302 2984 3610 3054 διηγεῖσθαι

2044 3069 2255 3135 ιἔμελλε,
2289 3070 2612 3135 κακοδοξίαν
2676 3070 2942 3140 βασιλέως
2997 3075 3311 3143 κατηγορεῖ,
3362 3075 3455 3127 καὶ
3500 3076 3610 3126 τῶν

370 3170 454 3214 ter
486 3160 664 3230 ipsum
717 3178 878 3218 nemo
907 3166 1015 3220 illis
1061 3167 1408 3224 intentasset.
1448 3170 1655 3227 Deinde
1698 3188 1821 3226 cum
1873 3173 1938 3228 de

2047 3161 2290 3230 πατρίων
2317 3158 2575 3229 ἀθέτησιν
2636 3160 2943 3230 δογμάτων.
2987 3163 3064 3214 Δι’
3092 3161 3127 3215 ἃ
3162 3162 3281 3215 οὐδὲ
3314 3162 3413 3232 τὴν
3450 3162 3611 3230 δίκην

368 3253 513 3307 bello
575 3254 803 3310 mirifice
867 3258 1183 3313 mentiendo
1242 3261 1542 3325 narrasset,
1596 3263 1818 3332 jamque
1882 3277 1947 3315 eo

367 3348 735 3413 pervenisset,
771 3355 830 3399 ut
859 3347 927 3401 ab
952 3346 1197 3403 Ecclesia
1225 3349 1629 3405 dissensionem
1684 3368 1949 3422 quorum-

367 3435 493 3489 dam
524 3447 846 3507 exponeret,
889 3440 1005 3509 ipse
1049 3439 1230 3507 docet,
1263 3457 1372 3512 quo
1427 3451 1588 3512 pacto
1649 3444 1948 3513 imperator

368 3527 424 3581 in
458 3527 618 3581 fidem
654 3529 1014 3583 orthodoxam
1051 3530 1316 3593 oﬂendat,
1364 3540 1420 3587 et
1451 3533 1700 3602 dogmata
1765 3536 1941 3603 patria

367 3615 660 3675 convellat.
703 3620 881 3686 Quare
928 3635 1031 3676 nec
1074 3621 1345 3692 judicium
1400 3622 1595 3677 abillo
1638 3624 1944 3694 judicatum

367 3714 765 3783 approbatione
814 3713 1039 3785 dignum
1090 3725 1268 3784 putat,
1324 3726 1386 3770 ut
1419 3716 1512 3784 qui
1561 3716 1794 3771 Palamaa
1842 3716 1941 3771 ad-

374 3808 598 3873 bazreat,
631 3806 993 3876 eamdemque
1019 3804 1285 3862 doctrina:
1317 3808 1733 3877 perversitatem
1781 3809 1944 3865 colat.

372 3898 505 3966 Quae
565 3914 689 3954 cum
739 3897 962 3967 legisset
1016 3897 1434 3953 Cantacuzenus
1501 3899 1800 3968 imperator
1865 3902 1945 3973 (in

373 4006 568 4044 manus
586 3992 731 4043 enim
758 3992 877 4058 ejus
907 3994 1222 4054 venerunt),
1258 3989 1325 4042 de
1342 3990 1692 4046 accusatione
1720 3992 1942 4060 quidem

373 4078 505 4131 torni
562 4076 772 4130 nullum
833 4092 891 4131 se
944 4077 1175 4130 verbum
1232 4077 1508 4132 dicturum
1565 4080 1661 4143 ait,
1710 4096 1834 4135 cum
1900 4084 1946 4138 is

370 4178 545 4224 semet
571 4168 711 4222 tueri
744 4169 976 4222 maxime
1002 4167 1194 4237 possit.
1242 4166 1297 4223 Si
1333 4184 1571 4239 namque
1620 4186 1689 4225 ex
1730 4186 1795 4225 eo
1828 4174 1946 4244 ejus

370 4263 644 4319 rectitude
669 4272 725 4317 et
754 4262 956 4317 veritas
984 4262 1415 4328 demonstratur,
1442 4265 1569 4334 quia
1604 4268 1810 4322 sanctis
1842 4267 1943 4321 Pa-

372 4357 576 4419 tribns,
613 4364 668 4410 et
700 4354 868 4410 editis
890 4370 920 4409 a
965 4355 1140 4410 sacris
1162 4363 1322 4409 antea
1350 4355 1572 4426 synodis
1596 4357 1663 4411 de
1689 4373 1943 4427 germana

372 4449 480 4504 ﬁde
528 4447 1019 4511 constitutionibus
1059 4454 1427 4502 consentanea
1478 4447 1740 4517 loquitur,
1794 4456 1849 4502 et
1899 4449 1947 4502 is

2049 3249 2218 3300 οἴεται
2246 3248 2358 3300 δεῖν
2387 3251 2638 3317 στέργειν
2694 3249 2794 3317 τὴν
2831 3248 2963 3318 παρ’
2991 3249 3200 3303 ἐκείνου
3238 3250 3609 3313 δικασθεῖσαν,

2048 3340 2123 3403 ὡς
2159 3341 2624 3410 ὲκδεδιῃτημένην
2662 3341 2750 3394 διὰ
2770 3341 2829 3393 τὸ
2852 3342 3057 3395 ἐκεῖνον
3082 3344 3317 3413 Παλαμᾷ
3352 3346 3612 3413 προσκετ·

2050 3432 2195 3496 σθαι,
2250 3432 2348 3486 καὶ
2395 3432 2495 3501 τὴν
2559 3431 2682 3497 ίσην
2729 3434 2787 3485 ὲν
2826 3436 2941 3496 τοῖς
2981 3433 3217 3503 δόγμασι
3277 3433 3615 3505 διαστροφὴν

2047 3524 2309 3596 ⁴ᾑρῆσθαι.
2347 3526 2415 3578 Ἀ
2454 3524 2579 3578 ἐπεὶ
2600 3526 2809 3595 ἀνέγνω
2840 3525 3116 3595 βασιλεὺς,
3164 3520 3267 3597 ἧκε
3304 3525 3411 3596 γὰρ
3461 3527 3615 3596 αὐτῷ

2048 3618 2125 3680 είς
2153 3619 2363 3688 χεῖρας,
2405 3616 2534 3685 περὶ
2605 3615 2707 3685 μὲν
2757 3616 2854 3669 τοῦ
2916 3617 3086 3687 τόμου
3143 3617 3241 3686 τῆς
3285 3617 3617 3685 κατηγορίας

2047 3707 2237 3759 οὐδένα
2285 3704 2619 3774 ποιήσεσθαι
2650 3705 2810 3773 λόγον
2856 3701 3031 3774 εἶπεν,
3068 3706 3210 3777 ὑπὲρ
3242 3706 3437 3759 ἑαυτοῦ
3477 3708 3614 3760 ἀπο-

2045 3798 2324 3867 λογεῖσθαι
2352 3798 2655 3867 δυναμένου
2701 3798 2959 3867 μάλιστα.
2992 3800 3055 3851 Εἰ
3110 3801 3218 3868 γὰρ
3259 3798 3469 3851 ἐκείνου
3513 3799 3611 3866 τῆς

2045 3890 2336 3960 ὀρθότητος
2384 3891 2477 3943 καὶ
2523 3890 2622 3960 τῆς
2664 3890 2925 3960 ἀληθείας
2975 3890 3151 3960 σαφὴς
3202 3890 3484 3957 ἀπόδειξις
3518 3890 3609 3943 ⁶τὸ
3708 3874 3725 3881 ’

2045 3985 2158 4045 τοῖς
2191 3982 2368 4050 ἁγίοις
2436 3982 2709 4052 σύμφωνα
2763 3983 2948 4050 λέγειν
2983 3982 3282 4050 θεολόγοις,
3340 3982 3440 4035 καὶ
3499 3984 3615 4043 τοῖς

2048 4074 2151 4127 ὑπὸ
2179 4073 2341 4127 θείων
2366 4073 2632 4144 πρότερον
2656 4073 2890 4126 συνόδων
2919 4072 3167 4142 περὶτῆς
3186 4072 3355 4143 ὀρθῆς
3381 4073 3621 4136 πίστεως

2048 4165 2485 4236 κεκυρωμένοις,
2521 4164 2681 4217 τοῦτο
2700 4165 2745 4218 δ’
2770 4164 2965 4234 ἐκείνῳ
2995 4163 3360 4228 σπουδάζεται
3392 4164 3623 4217 διαπαν-

2045 4255 2157 4319 τὸς,
2185 4255 2279 4307 καὶ
2298 4254 2499 4323 πολλὴν
2522 4254 2713 4307 τούτου
2735 4253 2830 4307 τοῦ
2857 4253 3056 4325 μέρους
3076 4255 3334 4324 πρόνοιαν
3357 4256 3620 4318 ποιεῖται,

2047 4346 2245 4418 ἐτέρας
2273 4345 2604 4410 ἀποδείξεως
2634 4346 2734 4399 οὐκ
2769 4346 2836 4399 ἂν
2861 4346 3077 4418 δεηθείη
3104 4347 3233 4417 περὶ
3270 4345 3495 4411 ἑαυτοῦ,
3520 4348 3625 4415 τῆς

2051 4441 2366 4510 προσούσης
2400 4438 2764 4509 ἐξαρκούσης.
2801 4440 3128 4510 Ἀξιόχρεως
3159 4439 3205 4491 δ’
3237 4438 3305 4493 ἂν
3343 4440 3453 4508 είη,
3478 4440 3574 4492 καὶ
3594 4441 3625 4491 ό

372 4544 489 4598 haec
515 4557 731 4611 semper
763 4540 970 4603 studet,
1004 4540 1167 4608 eique
1206 4538 1283 4592 rei
1330 4537 1621 4604 diligenter
1651 4540 1938 4608 prospicit,

2051 4532 2377 4601 κατηγορῶν
2400 4524 2581 4595 αὐτὸς,
2613 4532 2670 4583 ἐν
2697 4531 2881 4593 ἄλλοις
2914 4529 3079 4584 αὐτοῦ
3122 4531 3521 4601 συγγράμμασι
3552 4528 3625 4581 τὰ

368 4635 473 4690 alia
490 4632 813 4704 probatione
828 4646 965 4699 opus
988 4637 1217 4695 nonest,
1239 4646 1361 4685 cum
1383 4631 1470 4685 illa
1494 4632 1746 4695 sulliciat,
1771 4649 1934 4702 quam

369 4725 705 4798 suppeditat.
734 4723 878 4789 Quin
926 4732 983 4777 et
1034 4721 1149 4791 ipse
1186 4732 1471 4776 accusator
1503 4722 1660 4777 testis
1705 4720 1944 4779 idoneus

374 4821 560 4885 fuerit,
612 4816 705 4888 qui
760 4817 815 4870 in
855 4815 979 4869 aliis
1031 4815 1249 4882 scriptis
1300 4813 1414 4869 suis
1454 4829 1621 4883 prava
1676 4816 1943 4869 Barlaami

374 4915 626 4984 dogmata
681 4909 962 4965 liberrime
1030 4907 1325 4975 vituperat,
1383 4907 1603 4976 quando
1667 4915 1939 4960 mortuum

371 4999 752 5056 Andronicum
793 4995 1065 5067 juniorem
1096 4994 1403 5049 lamentans
1427 4994 1563 5064 (15),
1588 4995 1732 5049 inter
1747 5005 1945 5050 caetera

371 5093 621 5149 eneomia
677 5091 757 5145 sic
810 5087 1072 5158 praedicat
1104 5104 1117 5141 :
1149 5085 1301 5141 Sacri
1366 5085 1617 5140 Ecclesiae
1652 5085 1936 5157 praesides,

372 5185 643 5246 fervidum
690 5190 1010 5245 amatorem,
1068 5188 1122 5233 et
1166 5186 1400 5234 tutorem
1443 5179 1794 5249 dogmatum;
1841 5180 1936 5248 qui

374 5268 431 5329 in
469 5274 752 5329 montibus
824 5279 881 5325 et
932 5270 1239 5339 speluncis:
1266 5268 1547 5335 habitatis,
1598 5279 1795 5323 vestrae
1842 5269 1953 5323 cla-

375 5365 634 5422 ritudinis
681 5362 942 5433 etglorize
959 5360 1302 5417 defensorem
1353 5376 1415 5416 ac
1438 5368 1944 5431 propugnatorem;

375 5475 659 5517 sacrorum
696 5455 1155 5513 monasteriorum
1208 5452 1605 5517 moderatores,
1646 5452 1815 5508 vestri
1869 5466 1955 5506 ro-

2045 4624 2311 4693 Βαρλαάμ
2370 4623 2692 4694 διεφθορότα
2740 4623 2984 4692 δόγματα
3042 4623 3308 4688 κακίζων,
3338 4622 3434 4675 καὶ
3490 4620 3625 4690 ὅλην

2046 4717 2295 4785 γλῶτταν
2324 4715 2603 4784 ἐπαφιεὶς,
2656 4715 2820 4786 ἡνίκα
2846 4715 3075 4783 βασιλέα
3106 4716 3198 4768 τὸν
3228 4715 3351 4768 νέον
3398 4714 3624 4783 Ἀνδρό-

2048 4823 2197 4859 νικον
2254 4803 2708 4873 τετελευτηκότα]
2756 4803 3032 4874 μονῳδῶν,
3088 4803 3227 4872 πρὸς
3278 4805 3395 4865 τοῖς
3440 4803 3623 4867 ἄλλοις

2049 4896 2347 4966 ἐγκωμίοις
2381 4896 2484 4950 καὶ
2517 4896 2675 4948 τοῦτο
2724 4896 2994 4948 τέθεικεψ
3033 4894 3446 4963 ΟἱἙκκλησίας
3489 4894 3626 4964 ἱεροὶ

2030 4986 2386 5059 προστάται,
2444 4990 2721 5060 ζητήσατε
2774 4989 2866 5041 τὸν
2917 4988 3182 5057 διάπυρον
3248 4988 3619 5055 σπουδαστὴν,

2051 5083 2143 5133 καὶ
2199 5081 2541 5151 συλλήπτορα
2574 5082 2684 5133 τῶν
2716 5080 3005 5150 δογμάτων
3039 5095 3053 5112 ο
3117 5079 3168 5131 οί
3223 5080 3281 5132 ὲν
3320 5078 3473 5149 δρεσι
3528 5079 3622 5131 καὶ.

2055 5173 2368 5244 σπηλαίοις,
2395 5172 2490 5226 τὸν
2525 5172 2794 5243 πρόϐολον
2841 5174 2942 5226 καὶ
2960 5171 3341 5242 προασπιστὴν
3366 5170 3466 5239 τῆς
3488 5170 3623 5238 δμε-

2053 5268 2220 5335 τέρας
2260 5265 2515 5328 εὐκλείας
2547 5266 2643 5317 καὶ
2676 5264 2856 5333 δόξης.
2893 5264 2957 5315 Οί
3018 5263 3128 5315 τῶν
3157 5262 3318 5315 θείων
3378 5265 3629 5329 ἀσκητη-

2056 5362 2187 5429 ρίων
2209 5358 2503 5428 ἡγήτορες,
2536 5357 2636 5427 τὴν
2662 5357 2762 5426 τῆς
2784 5356 3058 5426 ὑμετέρας
3089 5355 3274 5425 ἰσχύος
3299 5353 3625 5425 ἀκρόπολιν.

2062 5449 2361 5519 Μνὴσθητε
2399 5449 2528 5511 τοὺς
2593 5447 2732 5519 ὑπὲρ
2790 5447 2946 5518 ὑμῶν
2994 5444 3343 5510 τελευταίους
3407 5445 3639 5514 ἀγῶνας

1645 5588 1859 5649 Jacobi
1888 5584 2370 5646 Pontani‘notze.

452 5700 566 5759 HM
600 5699 717 5753 Non
750 5706 966 5771 exstant
998 5697 1115 5749 hzec
1141 5695 1345 5764 scripta
1367 5694 1641 5761 Gregorze,
1671 5700 1727 5771 et
1748 5688 1946 5771 Canta-

383 5788 497 5825 cuzc
521 5785 649 5822 num
685 5770 839 5820 valde
868 5773 1305 5825 commoverunt,
1335 5774 1395 5818 ut
1421 5777 1509 5815 res
1537 5775 1663 5813 suas
1692 5767 1827 5827 ipse,
1863 5767 1946 5813 ut-

386 5852 513 5912 pote
554 5838 759 5915 verius,
790 5835 1085 5900 sincerius,
1116 5834 1561 5903 exploratiusque
1590 5830 1873 5884 scriberet.

2136 5687 2246 5754 (alii)
2281 5686 2454 5755 Legat
2489 5686 2581 5754 qui
2616 5684 2871 5747 voluerit,
2907 5692 3082 5755 exstat
3110 5681 3257 5737 enim
3290 5681 3398 5755 lib._
3420 5696 3485 5735 ιτ
3522 5680 3641 5734 Nos

2056 5750 2176 5810 vero
2200 5750 2446 5809 victorias
2466 5750 2801 5819 cantaturos,
2830 5765 2876 5807 et
2905 5753 3121 5807 laudum
3137 5750 3430 5821 spectacula
3448 5768 3631 5805 sacra-

2060 5828 2252 5880 tissimi
2294 5828 2644 5895 imperatoris,
2678 5835 2785 5881 clc.
