3964 6210
1693 301 1770 312 ὐ-

392 434 497 501 189

1518 433 2058 496 HISTORIARUM
2096 436 2323 497 LIBER
2366 435 2469 497 IV.

3551 426 3653 491 19')

388 546 582 610 αυτοῦ,
608 544 727 608 πῶς
755 544 1131 614 πεπονηκότος
1159 544 1261 615 ἢδη
1292 544 1551 610 καθάπαξ
1579 546 1675 598 τοῦ
1708 544 1961 616 σώματος

2076 544 2221 599 boris
2252 559 2436 600 arcem
2467 542 2801 599 desiderate.
2831 539 3164 599 Mementote
3213 551 3504 607 supremos
3532 539 3653 609 ejus

386 639 455 692 ἐκ
492 655 551 692 τε
588 638 698 690 τῶν
736 636 1054 706 πολεμικῶν
1112 636 1468 707 τραυμάτων,
1506 637 1569 689 ἐκ
1621 653 1681 690 τε
1714 637 1823 689 τῶν
1876 636 1962 689 ῑα-

385 732 606 801 τριχῶν
666 729 982 799 καυτήρων.
1038 728 1151 782 Καὶ
1206 730 1344 799 πρὸς
1399 729 1631 784 θάνατον
1708 728 1964 782 ἐντεῦθεν

383 820 773 887 ἐλαυνόμενος,
822 818 1203 888 κατεφρόνησέ
1228 836 1286 872 τε
1315 819 1409 873 τοῦ
1435 816 1707 890 σώματος,
1740 820 1834 873 καὶ
1862 819 1963 888 τῆς

383 912 588 965 ἑαυτοῦ
620 911 767 981 ζωῆς
816 912 1141 981 ἀφειδήσας,
1187 912 1488 983 προθύμως
1530 914 1624 966 ἐπὶ
1671 913 1733 966 τὸ
1788 913 1959 983 βῆμα,

383 1002 485 1055 καὶ
526 1002 648 1062 τοὺς
690 1001 1018 1070 ἱεροφάντας
1046 994 1173 1072 ἧκε,
1209 1002 1305 1055 καὶ
1350 1002 1412 1054 ού
1452 1003 1721 1072 πρότερον
1753 1002 1963 1054 ἐκεῖθεν

382 1090 692 1157 ἀπήλλαξε,
760 1091 891 1158 πρὶν
952 1091 1081 1153 τοὺς
1148 1090 1304 1159 ὑμῶν
1377 1091 1662 1160 ὑϐριστὰς,
1738 1092 1830 1144 καὶ
1892 1091 1963 1143 τά

382 1181 619 1234 ἑκείνων
679 1180 1004 1251 διεφθορότα
1051 1181 1321 1250 δόγματα,
1376 1183 1473 1236 καὶ
1544 1183 1961 1252 παρέγγραπτα.

381 1272 828 1341 τῆςἙκκλησίας
870 1276 1107 1341 ναυάγια
1166 1275 1455 1345 συντρῖψαι
1517 1293 1599 1340 τε,
1666 1276 1761 1327 καὶ
1819 1275 1963 1337 ὅλοις

383 1365 574 1420 δοῦναι
602 1366 810 1445 φθορᾶς
834 1368 929 1419 καὶ
981 1367 1263 1430 ἀπωλείας
1316 1368 1498 1437 βυθοῖς
1532 1386 1589 1421 τε
1610 1369 1702 1420 καὶ
1728 1368 1957 1436 κύμασι.

384 1458 635 1513 Τοιαῦτα
690 1460 787 1511 καὶ
841 1459 1006 1522 αὐτὸς
1046 1461 1175 1531 πρὶν
1228 1460 1599 1531 διαφθαρῆναι
1653 1462 1751 1523 τάς
1801 1460 1959 1525 δόξας

387 1545 507 1620 εἶχε
543 1552 671 1620 περὶ
708 1551 820 1603 τῶν
853 1551 1162 1617 δογμάτων.
1199 1553 1274 1605 Οὐ
1309 1555 1417 1622 γὰρ
1453 1553 1604 1607 ἐστιν
1652 1555 1851 1615 εἰπεῖν,
1886 1554 1960 1616 ὡς

383 1641 553 1711 ἕτερα
595 1642 691 1710 μὲν
718 1637 859 1712 ἦσαν
892 1634 968 1694 ὧν
999 1642 1253 1709 κατέγνω
1291 1642 1545 1713 βασιλεὺς
1580 1643 1840 1708 δικάζων,
1871 1644 1965 1697 καὶ

381 1730 693 1801 διαφθορὰν
724 1733 1164 1801 κατεψηφίσατο.
1189 1734 1285 1786 καὶ¹
1320 1736 1685 1805 παρατροπὴν
1709 1736 1804 1805 τῆς
1828 1736 1963 1805 άλη-

385 1822 541 1887 θείας
563 1840 581 1856 ο
612 1824 778 1893 ἕτερα
807 1824 851 1877 δ’
881 1828 907 1878 ὁ
942 1826 1029 1878 ἐπ’
1058 1826 1196 1895 ἐμοῦ
1230 1830 1601 1896 γεγενημένος
1634 1830 1799 1898 τόμος
1838 1829 1965 1898 ἐξή-

384 1915 517 1967 λασε
572 1916 672 1983 τῆς
690 1916 1043 1985 Ἐκκλησίας,
1087 1918 1211 1972 καθ’
1257 1913 1318 1972 οῦ
1349 1921 1446 1988 τὴν
1477 1896 1801 1990 θαυμαστὴν
1842 1896 1965 1975 ἐπε·
2000 1896 2040 1949 Β

381 2005 602 2071 δείξατο
631 2008 890 2078 σπουδὴν,
919 2008 1056 2063 ἀλλά
1080 2012 1252 2064 ταυτά
1282 2014 1644 2066 παντάπασιν.
1692 2014 1966 2078 Ὡσαύτως

380 2099 438 2150 δὲ
466 2100 566 2150 καὶ
606 2101 739 2169 περ)⁵
773 2100 881 2151 τῶν
904 2102 1142 2173 ὲν.”Δθῳ
1171 2104 1347 2171 ἁγίων
1386 2100 1458 2159 ὧν
1491 2108 1661 2174 μέθας
1687 2110 1779 2160 καὶ
1807 2110 1968 2178 ἀδδη-

385 2192 593 2259 φαγίας
618 2192 1045 2259 καταψεύδεται,
1070 2193 1166 2247 τοῦ
1198 2195 1313 2263 βίου
1346 2196 1731 2267 λαμπρότερον
1761 2203 1965 2263 παντὸς

394 2283 566 2349 φωτὸς
607 2283 710 2352 τὴν
758 2283 987 2337 ἐκείνων
1031 2288 1259 2357 ἀρετὴν,
1309 2289 1402 2341 καὶ
1458 2292 1773 2361 οἰκειότητα
1828 2292 1966 2361 πρὸς

399 2375 521 2427 Θεδν
556 2373 842 2440 ποιοῦντος
897 2378 1126 2447 ἐναργῆ.
1186 2380 1453 2434 Τοσοῦτον
1500 2382 1609 2453 γὰρ
1661 2383 1967 2452 ἀπέσχοντο

394 2469 562 2540 μέθης
588 2473 685 2523 καὶ
714 2470 1032 2541 κραιπάλης
1064 2471 1153 2524 διὰ
1184 2472 1325 2541 βίου,
1356 2475 1482 2526 ὅσον
1515 2476 1777 2544 ἀληθείας
1806 2478 1831 2529 ὁ
1861 2495 1965 2531 κα-

384 2564 653 2645 τηγορῴν.
717 2563 979 2633 ’Έλληνες
1039 2565 1137 2631 μὲν
1192 2562 1284 2619 οὖν
1367 2584 1532 2635 φασιν
1607 2569 1665 2620 ἐν
1725 2566 1960 2637 μύθοις,

390 2655 667 2708 Ἀτλαντά
692 2671 815 2708 τινα
836 2654 948 2707 τῶν
970 2655 1110 2723 μετά
1139 2657 1349 2725 Κρόνου
1374 2658 1511 2710 θεῶν
1541 2659 1965 2729 καθῃρημένων,

388 2744 599 2814 ταύτην
624 2746 730 2799 ὑπὸ
764 2746 874 2799 τῶν
902 2746 1193 2813 ἀρξάντων
1213 2751 1313 2818 τὴν
1344 2749 1501 2821 δίκην
1553 2752 1965 2823 κατεψηφίσθαι

383 2838 515 2902 τοὺς
536 2842 635 2907 τῆς
656 2839 759 2907 γῆς
782 2838 995 2908 ἀνέχειν
1018 2840 1230 2904 κιὸνας,
1276 2842 1351 2905 ὡς
1376 2842 1440 2896 ἂν
1467 2842 1707 2907 πιέζοιτο
1724 2846 1966 2917 τοσούτῳ

385 2929 576 2998 βάρει.
620 2927 762 2994 Ἐγὼ
791 2928 848 2980 δὲ
885 2930 1111 2992 τούτους
1151 2932 1319 3001 φαίην
1350 2933 1415 2985 ἂν
1458 2934 1553 2985 καὶ
1583 2935 1679 3003 τῆς
1705 2934 1965 3004 ἀληθείας

386 3021 522 3090 ἐμοὶ
551 3019 1084 3089 συμμαρτυρούσης,
1102 3022 1309 3093 ταύτην
1330 3021 1429 3091 τὴν
1452 3024 1619 3093 τιμὴν
1636 3024 1845 3095 λαχεῖν,
1870 3024 1964 3078 τοῦ

382 3112 508 3182 βίου
540 3113 643 3180 τῆς
677 3111 878 3181 πολλῆς
932 3113 1255 3181 φιλοσοφίας
1323 3115 1486 3169 ἕνεκα
1515 3117 1671 3187 παρά
1704 3118 1869 3178 Θεοῦ.
1904 3119 1965 3171 τὸ

2074 650 2174 705 pro
2209 636 2366 689 vobis
2399 650 2622 702 agones,
2658 632 2936 702 quomodo
2962 630 3251 684 debilitato
3293 631 3404 701 jam
3437 630 3658 699 penitus

2074 734 2193 780 toto
2223 742 2451 795 corpore
2482 725 2779 779 hostilibus
2812 720 3161 784 vulneribus,
3199 720 3657 788 medicorumque

2072 818 2405 883 ustionibus,
2434 826 2489 871 et
2530 815 2656 869 inde
2706 814 2772 867 ad
2810 820 3041 866 mortem
3091 810 3371 873 tendente,
3414 825 3474 863 se
3526 824 3660 862 con-

2075 910 2381 979 tempserit,
2418 908 2651 976 vita-que
2702 904 2845 958 haud
2900 902 3231 971 pepercerit,
3283 900 3543 954 alacriter
3590 901 3662 953 ad

2073 1003 2310 1058 tribunal
2346 1010 2402 1056 et
2437 1015 2715 1054 sacrorum
2753 996 3029 1051 antistites
3051 998 3262 1050 venerit
3294 1035 3309 1058 ,
3358 1010 3459 1049 nec
3507 994 3661 1061 prius

2071 1097 2199 1151 inde
2233 1095 2456 1159 abierit,
2489 1108 2652 1163 quam
2704 1092 3070 1145 insectatores
3094 1098 3336 1153 vestros,
3370 1097 3424 1141 et
3456 1087 3658 1155 depra-

2070 1200 2193 1243 vata
2228 1188 2446 1241 illorum
2499 1188 2774 1257 dogmata,
2827 1195 2882 1239 et
2942 1182 3163 1237 inducta
3194 1180 3457 1234 Ecclesia:
3527 1194 3663 1232 nau-

2072 1280 2239 1349 fragia
2302 1278 2661 1340 contriVerit,
2706 1286 2759 1329 et
2822 1276 2948 1328 imis
3004 1273 3334 1343 perditionis
3392 1273 3660 1340 exiliique

2072 1372 2335 1427 ﬂuetibus
2404 1369 2639 1422 dederit.
2699 1367 2865 1436 803
2928 1365 3078 1419 Talis
3136 1365 3267 1417 item
3341 1364 3461 1431 ejus
3522 1362 3657 1425 fuit,

2072 1464 2393 1533 priusquam
2449 1467 2883 1529 perverteretur,
2918 1457 2985 1511 de
3042 1455 3315 1525 dogmatis
3367 1454 3660 1507 sententia.

2072 1556 2190 1611 Non
2228 1554 2373 1609 enim
2402 1553 2510 1607 dici
2540 1560 2743 1622 potest,
2773 1551 2877 1604 alia
2906 1549 3099 1615 fuisse,
3146 1564 3267 1616 qua:
3292 1547 3503 1618 judicio
3539 1563 3661 1609 suo,

2076 1655 2134 1701 ut
2164 1640 3037 1715 depravatjonem'acperniciem
3080 1638 3353 1700 veritatis,
3399 1638 3661 1691 condem-

2074 1737 2220 1792 navit
2256 1736 2551 1804 imperator
2576 1751 2590 1788 :
2616 1733 2722 1787 alia
2747 1740 2955 1787 tomum
2982 1731 3084 1785 sub
3108 1745 3193 1784 me
3217 1729 3528 1783 confectum
3551 1728 3661 1797 (ιϐ)

2073 1846 2138 1885 ex
2200 1828 2447 1883 Ecclesia
2509 1825 2832 1881 exturbasse
2887 1824 3175 1890 (adversus
3228 1838 3391 1891 quem
3453 1830 3662 1875 tomum

2072 1922 2271 1975 mirum
2302 1927 2386 1973 est
2411 1927 2676 1987 quantum
2734 1916 2899 1970 studii
2939 1915 3312 1985 adhibuerit),
3347 1913 3440 1968 sed
3472 1914 3664 1967 eadem

2071 2010 2437 2080 penitissime.
2465 2008 2609 2062 Idem
2645 2016 2697 2062 et
2723 2006 2791 2061 de
2823 2006 3032 2061 sanctis
3061 2007 3113 2059 in
3157 2016 3343 2059 monte
3392 2004 3537 2059 Atho
3562 2004 3664 2058 ha-

2074 2100 2337 2163 bendum,
2371 2116 2510 2170 quos
2544 2100 2879 2153 temulentiae
2920 2115 2984 2153 ac
3031 2099 3243 2152 ventris
3283 2099 3416 2151 vitio
3449 2097 3665 2150 deditos

2068 2194 2329 2258 mentius,
2369 2193 2589 2263 quando
2610 2192 2721 2245 vita
2785 2201 2841 2245 et
2880 2206 3063 2245 mores
3098 2190 3245 2243 omni
3298 2191 3421 2244 luce
3457 2188 3662 2243 clarius

2071 2287 2294 2340 illorum
2325 2284 2587 2337 virtutem
2635 2292 2689 2334 et
2721 2298 2847 2335 cum
2894 2282 3004 2334 Deo
3036 2280 3482 2349 coniunctionem
3531 2291 3663 2346 pro-

2070 2377 2227 2432 dunt.
2263 2375 2497 2428 Tantum
2530 2372 2676 2426 enim
2712 2388 2931 2442 semper
2953 2387 2983 2425 a
3010 2370 3311 2424 vinolentia
3348 2378 3405 2424 et
3431 2369 3663 2437 crapula

2070 2468 2388 2528 abfuerunt,
2450 2472 2714 2533 quantum
2781 2470 3071 2517 accusator
3121 2462 3433 2515 averitatc.
3486 2458 3663 2513 (ἔτωεὶ

2070 2564 2385 2618 fabulantur
2434 2559 2708 2613 Atlantem
2740 2555 3059 2626 quemdam,
3107 2553 3214 2609 diis
3236 2569 3361 2607 cum
3424 2550 3664 2605 Saturno

2067 2666 2208 2720 ctelo
2244 2662 2416 2733 pulsis
2448 2663 2585 2729 (I7),
2622 2659 2723 2713 hac
2756 2674 2915 2728 parua
2946 2676 2973 2711 a
3001 2655 3347 2727 principibus
3382 2655 3683 2728 punitum“

2070 2767 2131 2811 ut
2184 2766 2343 2809 terra).
2391 2753 2676 2807 columnas
2709 2751 3032 2813 sustineret,
3061 2758 3226 2818 atque
3281 2750 3353 2802 ita
3402 2747 3663 2816 ponderis

2068 2849 2321 2904 vastitate
2356 2854 2724 2915 premeretur.
2752 2842 2917 2911 Atqui
2954 2858 3079 2911 ego,
3124 2841 3354 2895 veritate
3392 2839 3525 2892 mihi
3576 2851 3665 2891 at-

2070 2950 2328 3002 testante,
2386 2940 2552 2992 hosce
2608 2938 2860 2991 homines
2916 2936 3027 2989 vita
3089 2935 3299 3004 puriter
3359 2932 3663 2986 admodum

2068 3032 2285 3103 agenda
2321 3032 2469 3086 hunc
2499 3031 2767 3085 honorem
2795 3044 2824 3082 a
2869 3027 2978 3081 Deo
3015 3027 3279 3094 consequi
3314 3024 3571 3087 dixerim,
3606 3028 3666 3074 ut

2071 3135 2341 3179 terrarum
2372 3123 2587 3183 orbem,
2620 3122 2743 3188 ejus
2771 3134 2975 3172 nurnen
3015 3115 3277 3185 precibus
3323 3115 3397 3167 illi
3448 3114 3665 3182 placan-

380 3203 491 3273 τὴν
522 3203 628 3271 γῆν
654 3202 888 3273 ἀνέχειν,
922 3204 1109 3273 εὐχαῖς
1141 3206 1485 3276 ἱλεουμένους
1535 3211 1673 3280 αὐτῇ
1705 3211 1762 3262 τὸ
1790 3212 1967 3266 Θεῖον.

2081 3227 2181 3289 tes,
2224 3215 2452 3270 fulciant
2479 3228 2543 3267 ac
2607 3218 2942 3267 susteutcnt.
2982 3208 3063 3263 Me
3116 3218 3323 3272 autem,
3360 3206 3663 3260 etiamnum

385 3298 521 3350 Ὀτι
561 3296 604 3349 δ’
637 3296 802 3359 αὐτὸς
864 3298 922 3350 ὲν
947 3299 1136 3361 αὐτοῖς
1185 3300 1501 3369 γενόμενος,
1558 3302 1637 3355 ἐτι
1698 3303 1966 3373 βασιλέως

380 3388 697 3460 περιόντος,
740 3391 871 3458 περὶ
908 3390 1007 3458 τῆς
1075 3388 1362 3460 Ῥωμαίων
1424 3394 1704 3461 βασιλείας
1754 3416 1969 3468 προφη-

378 3481 569 3534 τεύειν
620 3479 872 3549 ἐδεόμην,
910 3482 957 3532 εἰ
986 3481 1106 3550 ἥξει
1138 3483 1275 3552 πρὸς
1304 3482 1426 3553 ἐμὲ,
1458 3483 1712 3553 ψεύδεται
1751 3488 1964 3555 σαφῶς.

382 3572 502 3625 Καὶ
532 3570 721 3622 τούτου
779 3587 843 3637 γε
894 3571 1170 3638 ἀπόδειξις
1228 3569 1626 3646 ὲναργεστάτη,
1660 3577 1759 3647 οὐχ
1803 3574 1967 3650 ἦττον

392 3664 503 3733 μὲν
533 3662 629 3714 καὶ
663 3663 809 3716 τοῦτ’
840 3662 971 3715 αὐτὸ
1016 3664 1075 3716 τὸ
1108 3667 1313 3718 ἐκεῖνον
1361 3666 1593 3722 τοιαῦτα
1627 3669 1811 3738 λέγειν
1835 3671 1972 3740 ψευ-

386 3755 645 3823 δόμενον,
678 3753 752 3817 ὡς
783 3756 850 3807 τά
878 3755 1049 3808 πολλά
1095 3757 1189 3808 καὶ
1238 3757 1366 3828 περὶ
1416 3759 1609 3825 τᾶλλα,
1668 3761 1858 3833 ὥσπερ
1906 3764 1972 3835 δὴ

383 3847 494 3901 καὶ
524 3848 652 3915 περὶ
680 3844 874 3899 τοῦτο’
935 3847 1171 3916 μάλιστα
1227 3849 1284 3902 δὲ
1334 3851 1430 3903 καὶ
1468 3853 1641 3905 ’Λννα
1683 3856 1715 3924 ὴ
1762 3854 1972 3924 βασιλὶς

382 3939 608 4010 τάληθῆ
642 3942 1138 4010 συμμαρτυρήσειε
1195 3942 1413 3995 πάντων
1461 3945 1700 4011 μάλιστα
1747 3948 1871 4015 ἐμοὶ
1903 3949 1975 4001 τὰ

380 4032 623 4086 τοιαῦτα
657 4034 951 4087 συνειδυῖα.
995 4036 1107 4104 Οὐχ
1140 4032 1304 4105 ἦττον
1354 4037 1463 4106 γάρ
1520 4039 1552 4108 ἢ
1593 4039 1850 4107 βασιλεὺς
1880 4044 1974 4096 καὶ

382 4125 533 4193 αὐτὴ
587 4126 710 4177 τότε
765 4124 861 4177 τοῦ
917 4126 987 4177 τά
1033 4125 1437 4196 βεϐουλευμένα
1492 4128 1828 4198 ὑπερθέσθαι
1882 4148 1974 4201 μοι

383 4214 615 4282 ἐγένετο
648 4215 950 4284 αἱτιωτάτη
978 4231 991 4244 ·
1017 4215 1077 4268 ού
1106 4216 1215 4287 γάρ
1247 4216 1437 4287 ὥσπερ
1465 4219 1675 4283 ἐκεῖνος
1709 4220 1976 4289 κατεψεύο

387 4324 551 4369 σατο,
596 4308 688 4359 ἐπὶ
713 4306 1051 4376 προφητείας
1089 4301 1227 4379 ἧκον
1256 4308 1365 4375 ἐγὼ
1393 4310 1513 4361 τότε
1546 4312 1639 4364 καὶ
1670 4312 1976 4381 μελλόντων

383 4396 702 4461 ἀποϐάσεις
734 4398 827 4449 ἐπὶ
856 4399 981 4459 τοὺς
1021 4400 1080 4450 ὲν
1142 4399 1297 4462 Ἀθῳ
1332 4399 1605 4469 μοναχούς
1633 4418 1646 4430 ·
1695 4402 1831 4457 ἀλλὰ
1870 4404 1976 4473 μά·

385 4492 555 4541 λιστα
596 4492 696 4559 μὲν
742 4489 1068 4560 δεησόμενος
1104 4492 1329 4543 ἐκείνων
1363 4493 1503 4561 ὑπὲρ
1556 4493 1656 4563 τῆς
1711 4494 1976 4564 βασιλέως

2072 3310 2197 3362 vivo
2227 3305 2546 3359 Andronico
2596 3304 2950 3371 imperatore,
2982 3301 3047 3354 ad
3095 3314 3191 3353 eos
3238 3298 3565 3368 profectum,
3596 3296 3663 3350 de

2072 3398 2303 3467 imperio
2336 3397 2606 3455 Romano,
2640 3403 2700 3446 nt
2751 3392 2887 3446 mihi
2918 3391 3373 3455 vaticinarentur,
3422 3403 3661 3458 rogasse,

2075 3486 2277 3557 ecquid
2318 3485 2384 3539 ad
2423 3500 2507 3538 me
2556 3495 2852 3537 venturum
2902 3488 3071 3544 esset,
3104 3490 3295 3548 aperte
3348 3478 3611 3532 mentitur
3646 3494 3662 3530 :

2072 3594 2239 3649 quem
2286 3577 2389 3629 hoc
2424 3575 2602 3643 ipsum
2636 3572 2859 3626 mentiri
2907 3572 3218 3625 certissima
3271 3570 3359 3622 illa
3412 3568 3666 3637 probatio

2073 3679 2179 3730 est.
2210 3668 2360 3737 quod
2395 3666 2557 3719 toties
2594 3664 2761 3719 etiam
2812 3664 2867 3716 in
2914 3662 3038 3715 aliis
3087 3661 3308 3715 mentiri
3352 3661 3666 3715 consuevit.

2072 3764 2131 3819 In
2166 3759 2359 3830 primis
2390 3766 2573 3811 autem
2607 3765 2665 3811 et
2691 3757 2847 3809 Anna
2905 3753 3251 3822 imperatrix.
3305 3766 3498 3805 eorum
3546 3766 3669 3804 om-

2077 3854 2229 3913 nium
2265 3850 2402 3905 mihi
2434 3848 2680 3912 conscia,
2712 3846 2930 3902 veritati
2963 3844 3341 3900 testimonium
3366 3843 3669 3913 itnpertiet.

2076 3945 2196 4000 Non
2228 3944 2375 3997 enim
2413 3943 2597 3995 minus
2626 3940 2716 3993 illa
2750 3953 2861 4007 me,
2890 3952 3054 4007 quam
3096 3936 3397 4005 imperator
3423 3950 3671 3989 commo-

2076 4038 2179 4099 vit,
2215 4047 2274 4091 ut
2301 4034 2601 4089 deliberata
2626 4034 2679 4087 in
2722 4030 2872 4085 aliud
2925 4039 3144 4098 tempus
3200 4028 3511 4083 diﬂ‘erretn.
3548 4027 3668 4082 Non

2076 4145 2199 4197 ego,
2250 4136 2309 4181 ιιι
2355 4128 2445 4181 ille
2499 4124 2734 4179 mendax
2791 4122 2888 4184 ait,
2945 4131 3075 4175 tunc
3132 4119 3199 4174 ad
3258 4119 3564 4174 monachos
3617 4121 3672 4174 in

2077 4220 2220 4273 Atho
2258 4226 2444 4271 monte
2469 4214 2716 4279 discessi,
2745 4222 2807 4266 ut
2836 4213 3053 4265 futuros
3089 4218 3323 4264 eventus
3372 4226 3441 4263 ex
3474 4225 3672 4264 eorum

2080 4307 2534 4381 priedietionibus
2561 4304 2822 4359 elicerem
2864 4320 2877 4356 :
2909 4301 3006 4357 sed
3054 4304 3181 4353 ante
3214 4300 3421 4361 omnia,
3458 4306 3519 4351 ut
3564 4299 3671 4367 im-

2082 4402 2354 4473 peratoris
2380 4398 2779 4456 valetudinem.
2806 4411 2912 4464 qua
2959 4394 3013 4447 in
3042 4393 3153 4446 vita
3206 4393 3340 4446 nihil
3397 4391 3670 4445 habebam

2084 4496 2281 4550 melius
2304 4509 2366 4547 ae
2391 4490 2709 4562 pretiosius,
2738 4502 2931 4542 eorum
2956 4486 3099 4539 votis
3126 4484 3495 4554 precibusque
3524 4498 3677 4537 com-

384 4581 634 4647 ὑγιείας,
664 4576 731 4651 ἦς
759 4581 915 4634 οὐδὲν
945 4583 1069 4651 ἐμοὶ
1092 4583 1323 4651 βέλτιον,
1374 4584 1499 4636 οὔτε
1535 4585 1867 4655 τιμιώτερον
1914 4589 1970 4640 ὲν

2081 4586 2431 4648 mendarem;
2454 4577 3011 4642 item,uteorumdem
3033 4590 3132 4646 pro
3148 4591 3231 4629 me
3247 4575 3679 4643 supplicationes

384 4673 497 4741 βίῳ
535 4667 627 4741 ἦν.
666 4672 903 4725 Ἔπειτα
937 4675 1030 4726 καὶ
1068 4675 1129 4725 τὸ
1184 4674 1341 4726 Θεῖον
1388 4676 1546 4729 ἱλεων
1598 4676 1785 4746 εύχαῖς
1849 4679 1975 4747 ἐμοὶ

385 4761 578 4811 ποιεῖν
612 4758 784 4812 πολλὰ
836 4762 1311 4831 προσκεκρουκότι
1347 4763 1405 4815 ἐν
1465 4763 1539 4831 τῷ
1572 4764 1693 4833 βίῳ,
1751 4765 1844 4829 καὶ
1879 4766 1976 4835 τὴν

384 4855 575 4905 Euius
629 4854 741 4904 τῶν
794 4853 980 4906 ἐνθάδε
1013 4852 1363 4921 βεϐιωμένων
1426 4855 1659 4925 εὐθύνην
1692 4856 1974 4912 δεδοικότι.

386 4944 540 5012 Πρὸς
571 4943 791 5006 τούτοις
822 4944 877 4996 δὲ
901 4946 1023 4996 ἐπεὶ
1072 4947 1243 4997 ἐδόκει
1284 4947 1377 4997 καὶ
1408 4948 1514 4998 τῶν
1542 4949 1634 5000 τοῦ
1669 4948 1785 5017 βίου
1816 4950 1975 5019 θορύ-

390 5030 515 5082 ϐων
546 5032 881 5099 ἀναχωρεῖν,
911 5032 990 5094 εἰς
1037 5031 1197 5102 κόρον
1257 5032 1632 5085 ἀπολαύσαντι
1670 5037 1761 5087 καὶ
1817 5037 1975 5109 δόξης

2074 4680 2447 4748 impetrarem,
2466 4672 2580 4743 qui,
2601 4670 2747 4741 quod
2770 4671 2931 4725 toties
2968 4668 3136 4739 Deum
3154 4668 3527 4729 offendissem,
3554 4680 3679 4733 per-

2071 4776 2413 4838 petratorqu
2469 4762 2762 4832 supplicia,
2795 4769 2918 4829 post
2965 4759 3173 4813 obitum
3206 4756 3403 4811 luenda
3430 4793 3449 4821 ,
3506 4752 3677 4823 perti-

2071 4872 2397 4914 mescerem.
2422 4855 2502 4910 Ad
2524 4856 2639 4908 luce
2658 4868 2781 4909 cum
2811 4852 2995 4904 animo
3021 4849 3257 4911 sederet,
3285 4856 3404 4916 post
3429 4846 3678 4897 humanm

2070 4950 2276 5015 glori-.2,
2296 4944 2594 5007 felicitatis,
2614 4959 2679 4997 ac
2734 4942 3058 4995 deliciarum
3086 4938 3393 4991 satietatem
3415 4951 3443 4987 a
3474 4932 3679 4987 tumul-

2088 5043 2234 5098 tibus
2255 5039 2533 5103 recedere,
2554 5043 2813 5107 prmstare
2834 5032 3140 5103 cogitabam
3162 5029 3325 5101 alicui
3344 5026 3676 5103 monastario

1670 5148 1884 5210 Jacobi
1922 5152 2187 5214 Pontani
2223 5160 2412 5212 notas.

476 5240 588 5307 (t6)
622 5242 716 5296 Vel
740 5241 872 5296 hinc
893 5253 1060 5310 patet.
1088 5244 1258 5313 hujus
1280 5246 1523 5299 historia
1548 5259 1830 5313 parentem
1850 5249 1991 5305 Can-

389 5326 727 5369 tacuzenum
766 5313 1102 5380 ipsissimnm
1151 5330 1297 5389 esse,
1354 5330 1479 5389 cum
1513 5316 1721 5389 oblitus
1760 5321 1843 5373 sui
1877 5324 1989 5389 pri-

388 5395 556 5463 ξηαπ]
600 5396 894 5463 personam
925 5395 1109 5463 ponat,
1144 5386 1239 5463 sit!)
1265 5401 1389 5463 _me,
1427 5386 1628 5454 inquit,
1673 5387 1725 5441 id
1759 5386 1988 5453 est,'me

398 5454 854 5529 imperatoreac
888 5454 1143 5521 praeside.
1196 5454 1341 5507 Infra
1379 5471 1623 5529 rursum,
1675 5474 1756 5509 me
1788 5469 1985 5521 autem,

392 5521 847 5599 etcaaliquoties
876 5539 971 5589 per
1005 5532 1186 5599 totum
1212 5534 1396 5599 caput.
1434 5525 1636 5578 Tamen
1686 5529 1740 5580 in
1779 5528 1885 5585 line
1916 5531 1984 5583 ad

392 5592 899 5668 dissiiimlationem
932 5594 1093 5668 redit,
1137 5594 1345 5668 dicens,
1384 5595 1498 5647 haec
1537 5611 1636 5664 pro
1667 5612 1725 5650 se
1760 5614 1985 5668 respon«

394 5659 552 5738 disse
580 5658 1232 5738 Cantaeuzenum,_lectis
1260 5664 1517 5738 Gregorii:
1538 5658 1769 5735 scriptis
1800 5658 1866 5722 de
1902 5683 1984 5733 se,

392 5740 467 5784 et
493 5730 697 5784 dixisse
716 5734 828 5798 jam
858 5734 1206 5806 monachum,
1231 5748 1353 5806 cap.
1381 5730 1475 5799 95,
1507 5750 1617 5803 quo
1640 5730 1693 5789 et
1712 5738 1822 5806 jam
1851 5730 1987 5792 tem-1

396 5814 543 5869 pure
572 5815 635 5853 ex
666 5802 1123 5857 antecedentibus
1162 5804 1459 5859 verisimile
1481 5802 1563 5859 ρει
1602 5805 1667 5859 ad
1703 5802 1983 5864 historiam

400 5871 773 5924 scribendaur
790 5887 1109 5941 aggressum
1143 5875 1330 5929 fuisse.

2169 5254 2281 5319 (17)
2312 5253 2463 5305 lianc
2490 5249 2727 5304 fabulam
2759 5264 3028 5318 nusquam
3065 5247 3189 5312 legi.
3224 5247 3373 5319 Atlas
3402 5256 3485 5319 est
3503 5262 3678 5319 pmons

2093 5322 2149 5375 in
2191 5317 2539 5381 Mauritania,
2598 5320 2757 5388 cujus
2811 5317 2999 5373 vertex
3048 5327 3284 5389 promer
3323 5317 3674 5389 altitudinem

2088 5394 2304 5446 videtur
2328 5392 2527 5446 cmlum
2558 5393 2847 5459 attingere.
2877 5390 2944 5443 Et
2975 5388 3227 5459 quoniau.
3267 5388 3433 5459 Atlas,
3466 5390 3559 5455 qui
3593 5388 3674 5444 ibi

2092 5462 2559 5532 regnavit,rerum
2582 5457 3070 5532 astronomicarum
3091 5457 3195 5532 fuit
3211 5458 3673 5532 studiosissimus,

2090 5527 2250 5585 datus
2300 5548 2365 5585 ex
2411 5530 2774 5584 similitudine
2826 5529 3067 5582 nominis
3124 5527 3327 5581 fabula:
3382 5528 3558 5590 locus,
3613 5541 3673 5582 ut

2087 5602 2294 5678 ctelum
2322 5600 2923 5678 sustineiediceretur.
2948 5598 3046 5678 Cu_i
3074 5608 3370 5678 parumper
3400 5600 3671 5678 successit

2086 5670 2141 5723 in
2185 5688 2248 5723 eo
2284 5687 2453 5725 onere
2482 5669 2809 5725 sustinendo
2834 5669 3116 5733 Hercules,
3149 5669 3276 5738 quia
3306 5670 3568 5722 nimirum
3593 5668 3664 5719 ab

2084 5741 2279 5795 eodem
2312 5742 2531 5795 Atlante
2569 5756 2656 5794 res
2686 5740 2962 5806 caelestes,
3000 5738 3395 5808 stellarumque
3422 5738 3662 5795 rationes

2086 5820 2142 5865 et
2174 5820 2356 5866 motus
2393 5812 2606 5866 didicit.
