3964 6210
323 378 418 445 191

1526 379 1851 443 JOANNIS
1891 382 2418 445 CANTACUZENI

3465 384 3565 444 193

322 510 408 553 me
436 493 693 547 mandare
720 534 735 559 ,
781 494 969 565 ibique
1018 493 1289 561 reliquum
1318 506 1593 547 annorum
1641 507 1889 548 meorum

2004 494 2376 564 ἀνθρωπίνης,
2402 493 2497 545 καὶ
2552 492 2854 561 εὐημερίας
2883 489 2977 543 καὶ
3029 489 3266 561 τρυφῆς,
3303 494 3566 549 ὲσκεπτό-

323 587 392 641 ab
434 587 692 641 inanibus
724 584 915 639 mundi
946 584 1463 654 perturbationibus
1484 624 1497 649 ,
1546 586 1892 656 strepituque

324 686 631 738 remotum,
681 676 735 728 in
787 675 1185 744 tranquillitate
1232 690 1585 730 consumere;
1642 676 1894 733 Placebat

323 778 507 820 autem
533 768 705 835 magis
736 764 1022 834 BatOpedii
1063 767 1485 821 monasterium.
1519 766 1751 836 Moxque
1776 783 1895 822 mo-

324 858 518 912 nachis
563 857 671 909 illis
725 856 852 910 dato
884 868 1113 927 argento
1148 857 1392 926 praecipi,
1425 858 1703 912 domicilia
1753 859 1890 912 mihi

325 946 696 1000 construenda
744 946 1036 1007 locarent,
1074 963 1194 1014 qua:
1248 962 1421 1015 usque
1477 963 1623 999 nunc
1652 956 1888 1009 exstant,

326 1038 753 1108 veritatemque,
791 1054 896 1105 qua
938 1038 1077 1090 nihil
1132 1038 1253 1092 colo
1285 1039 1566 1101 sanctius,
1623 1046 1892 1091 testantur

319 1129 649 1183 clarissime.
710 1129 876 1200 804
908 1128 1020 1185 Cur
1077 1138 1260 1183 autem
1320 1146 1427 1184 non
1469 1130 1580 1183 illic
1634 1130 1889 1184 monachi

320 1218 568 1273 habitum
602 1220 831 1272 indutus
863 1220 1159 1273 manserim
1183 1260 1197 1280 ,
1246 1219 1339 1273 sed
1374 1220 1442 1272 ad
1493 1219 1889 1287 imperatorum

320 1311 787 1380 negotiorunlttue
853 1311 1124 1365 tumultus
1189 1311 1499 1374 redierim,
1564 1326 1665 1363 nec
1738 1325 1893 1363 amor

322 1383 513 1454 mundi
546 1400 599 1453 in
638 1416 801 1454 causa
839 1400 939 1454 fuit
967 1442 979 1464 ,
1034 1416 1137 1454 nec
1187 1399 1253 1453 ad
1294 1415 1383 1453 res
1428 1399 1699 1452 humanas
1729 1399 1892 1452 laude

321 1492 515 1561 dignas
552 1501 741 1559 torpor
768 1491 1014 1560 quidam.
1055 1491 1147 1545 sed
1184 1491 1482 1560 imperator
1528 1491 1645 1559 ipse
1694 1493 1893 1544 immo-

319 1583 441 1636 dice
485 1582 617 1634 mihi
672 1581 890 1645 afﬁxus,
923 1591 977 1635 et
1024 1581 1117 1651 qui
1170 1583 1288 1635 sine
1320 1596 1409 1635 me
1464 1581 1631 1635 vitam
1672 1582 1776 1637 sibi
1813 1588 1894 1649 in-

320 1690 571 1735 suavem,
606 1683 771 1745 atque
802 1675 1061 1729 acerbam
1098 1684 1330 1744 putaret.
1367 1674 1435 1730 Ut
1462 1676 1610 1729 enim
1646 1676 1895 1730 sciscita-

321 1773 443 1827 tus,
498 1765 629 1835 quid
674 1781 761 1819 me
796 1765 940 1819 Atho
972 1765 1315 1830 adduxisset,
1344 1780 1564 1819 causam
1601 1766 1889 1835 percepit,

1998 604 2105 656 μην
2131 588 2188 638 ὲν
2218 586 2325 638 τίνι
2372 584 2483 637 τῶν
2518 582 2960 654 φροντιστηρίων
3002 582 3212 652 βέλτιον
3244 585 3437 650 οἰκεῖν,
3466 589 3563 639 καὶ

1994 677 2083 729 τὸν
2113 676 2392 729 ἐπίλοιπον
2428 676 2539 746 βίον
2585 678 2641 728 ὲν
2699 674 2974 745 ἀταραξίᾳ
3027 674 3266 728 διανύειν
3310 676 3415 729 τῶν
3463 678 3561 730 τοῦ

1996 766 2113 835 βίου
2171 767 2420 836 ματαίων
2474 767 2789 818 ἀποστάντα
2844 764 3090 833 θορύϐων
3129 768 3226 820 καὶ
3278 772 3559 837 ταραχῶν.

1993 857 2105 911 Καὶ
2155 857 2332 910 ἐδόκει
2404 856 2465 908 τὸ
2495 855 2821 908 Βατοπεδίου
2845 852 3229 925 αἱρετώτερον.
3267 858 3464 912 αὐτίκα
3496 877 3557 912 τε

1992 950 2102 1010 τοῖς
2128 949 2306 1000 ἐκεῖσε
2333 949 2587 1017 μοναχοῖς
2614 946 2890 1008 ἐκέλευον,
2913 945 3251 1017 ἀναλώματα
3278 951 3578 1019 παρέχων,

1992 1040 2245 1108 οἰκήσεις
2276 1041 2398 1107 ἐμοὶ
2431 1043 2631 1102 ποιεῖν,
2662 1038 2717 1090 αἶ
2747 1039 2842 1091 καὶ
2870 1039 2949 1101 εἰς
2978 1037 3142 1110 δεῦρο
3172 1039 3563 1108 διασώζονται,

1994 1131 2268 1196 ἀπόδειξις
2305 1129 2543 1200 ἐναργὴς
2581 1130 2681 1198 τῆς
2745 1130 2879 1200 παρ’
2939 1131 3066 1199 ἐμοὶ
3113 1132 3561 1203 πρεσϐευομένης

1993 1220 2270 1291 ἀληθείας,
2302 1221 2395 1272 τοῦ
2427 1219 2484 1271 δὲ
2513 1218 2587 1289 μὴ
2612 1219 2732 1271 τότε
2760 1217 2932 1271 αἴτιον
2961 1221 3078 1272 ἐκεῖ
3102 1220 3560 1289 καταλειφθῆναι,

1994 1313 2090 1364 καὶ
2156 1310 2340 1379 σχῆμα
2379 1309 2632 1377 μοναχῶν
2662 1309 2975 1375 ἀναλαϐεῖν,
3036 1308 3151 1361 ἀλλ’
3206 1310 3363 1374 αὖθις
3420 1318 3559 1385 πρὸς

1998 1400 2225 1472 βασιλέα
2256 1400 2459 1453 καὶτὸν
2487 1399 2715 1468 θόρυϐον
2739 1400 2847 1451 τῶν
2870 1400 3213 1469 πραγμάτων
3224 1403 3557 1473 ἐπανήκειν,

1993 1490 2105 1544 οὔθ’
2127 1493 2161 1560 ἡ
2182 1487 2512 1563 φιλοκοσμία
2539 1483 2628 1558 ἦν,
2661 1487 2776 1541 οὗθ’
2804 1490 2837 1559 ἡ
2869 1488 3113 1559 ῥᾳθυμία
3137 1492 3353 1560 περὶτὰ
3376 1492 3518 1546 καλά
3542 1510 3557 1524 ·

1994 1583 2130 1637 ἀλλά
2157 1581 2409 1650 βασιλεὺς
2459 1578 2624 1641 αὐτὸς
2654 1579 2875 1641 ἀτόπως
2925 1580 3264 1650 ὲξεχόμενος,
3313 1584 3410 1635 καὶ
3438 1583 3559 1636 οὐδὲ

1996 1674 2190 1745 βιωτὸν
2235 1673 2537 1744 ἡγούμενος
2567 1670 2716 1740 αύτῷ
2744 1669 2835 1723 τὸν
2872 1670 2987 1739 βίον
3029 1671 3162 1740 ἐμοῦ
3190 1671 3553 1743 διεστηκότος.

2005 1768 2095 1830 Ὠς
2126 1766 2234 1837 γὰρ
2271 1764 2603 1818 ἐπυνθάνετο
2638 1764 2734 1833 τὴν
2761 1762 2959 1828 αἰτίαν,
2983 1764 3017 1824 ἦ
3059 1781 3124 1832 με
3151 1765 3275 1831 ἄγει
3306 1766 3439 1835 πρὸς
3468 1766 3560 1818 τὸν

321 1872 538 1926 nempe,
562 1856 837 1910 liberandi
874 1872 959 1911 me
989 1873 1017 1909 a
1050 1857 1198 1911 curis
1222 1866 1277 1910 et
1311 1858 1659 1924 negotiorum
1690 1858 1886 1921 turbis,

1998 1830 2167 1918 Ἀθω,
2192 1830 2285 1908 καὶ
2302 1855 2400 1923 τῆς
2424 1856 2480 1907 ἐν
2503 1854 2602 1923 βίῳ
2627 1830 2968 1921 φιλοσοφίας,
3025 1830 3223 1924 ἤκουεν
3263 1830 3560 1924 ἐπιθυμίαν

318 1944 553 2012 vitzeque
596 1947 921 1997 innocenter
981 1943 1275 1997 actitandue
1324 1943 1662 1998 desiderium
1692 1985 1705 2009 ,
1757 1946 1893 1999 arni-

320 2034 505 2086 citiam
545 2048 573 2086 a
606 2048 689 2087 me
720 2048 1051 2103 magnopere
1092 2032 1347 2086 violatam
1392 2045 1727 2102 conquestus
1771 2046 1889 2102 est,

327 2123 474 2191 quod
505 2123 718 2191 privata
759 2132 977 2177 sectans
1023 2123 1346 2183 commoda,
1402 2122 1619 2191 publica
1658 2124 1893 2193 neglige-

321 2204 439 2267 rem
478 2224 574 2267 :et
606 2214 782 2283 ipsum
818 2214 997 2267 solum
1034 2214 1086 2266 in
1122 2223 1270 2267 tanta
1293 2212 1719 2280 occupationum
1754 2213 1894 2266 mul-

320 2304 578 2364 titudine,
625 2305 987 2374 molestiaque
1016 2303 1332 2358 destituens
1356 2346 1369 2367 ,
1429 2304 1542 2372 ipse
1577 2304 1839 2359 secedere
1872 2344 1887 2368 ,

321 2406 379 2449 et
420 2396 719 2465 tranquillo
772 2398 885 2450 otio
925 2396 1135 2465 perfrui
1183 2396 1477 2450 meditarer
1511 2413 1524 2450 :
1556 2412 1891 2465 erumpens-

320 2502 427 2558 (μισ
454 2488 508 2539 ἰιι
547 2501 634 2539 me
687 2487 1031 2540 stomachum
1063 2527 1076 2550 ,
1135 2489 1479 2555 propositum
1518 2503 1702 2542 meum
1749 2488 1891 2556 inju-

321 2577 484 2641 riam,
525 2586 580 2629 ct
605 2578 859 2629 amicitia:
897 2592 1005 2630 sua:
1032 2587 1406 2645 contemptum
1437 2579 1761 2646 appellabat.
1806 2578 1889 2632 Me

295 2678 505 2725 ,autem
568 2656 915 2731 allirmante,
977 2668 1214 2721 animam
1268 2683 1461 2723 curare
1509 2669 1782 2734 voluisse,
1834 2680 1891 2726 et

322 2774 542 2827 aequum
579 2768 861 2825 censente,
888 2758 1029 2812 nihil
1066 2761 1167 2813 hoc
1195 2775 1302 2812 uno
1331 2761 1887 2829 prmstantiusexisti-

322 2852 496 2915 mari,
547 2851 829 2920 magisque
870 2850 1048 2920 ipsum
1086 2851 1335 2921 iniquum
1390 2867 1509 2906 esse
1536 2893 1550 2918 ,
1612 2854 1658 2907 si
1705 2869 1789 2907 me
1821 2869 1888 2907 eo

318 2944 756 3007 incumbentem,
794 2950 851 2995 et
878 2942 1167 2995 honestam
1202 2943 1440 3011 aliquam
1472 2944 1887 3013 responsionem

290 3041 466 3109 .apud
500 3040 847 3096 formidabile
897 3040 1030 3095 illud
1087 3042 1180 3095 Dei
1231 3042 1470 3096 tribunal
1504 3057 1602 3111 pro
1634 3042 1889 3098 admissis

1995 1951 2089 2002 καὶ
2117 1947 2362 2015 Θορύϐων
2415 1947 2510 1999 καὶ
2561 1947 2924 2015 πραγμάτων,
2968 1945 3315 2013 ἀπαλλαγῆς,
3361 1947 3559 2019 πολλὴν

1994 2040 2217 2112 ἀφιλίαν
2274 2040 2601 2108 κατηγόρει,
2667 2039 2751 2091 ὅτι
2809 2040 2876 2092 τά
2930 2040 3197 2093 δοκοῦντα
3255 2041 3561 2096 λυσιτελεῖν

1994 2134 2174 2202 ζητῶν
2230 2131 2357 2204 ἰδίᾳ,
2397 2132 2507 2183 τῶν
2543 2130 2738 2184 κοινῶν
2784 2131 3103 2195 καταμελῶ,
3137 2133 3234 2185 καὶ
3264 2134 3426 2203 μόνον
3466 2151 3563 2189 καο-

1993 2226 2268 2279 ταλείπων
2324 2223 2419 2276 ἐπὶ
2474 2223 2729 2277 τοσοῦτον
2778 2224 3125 2294 πραγμάτων
3178 2224 3358 2294 δχλον,
3395 2228 3559 2291 αὐτὸς

1995 2314 2260 2385 βούλομαι
2311 2315 2637 2384 ἀναχωρεῖν,
2675 2313 2772 2366 καὶ
2817 2313 3118 2368 ἀπολαύειν
3161 2315 3264 2384 τῆς
3297 2317 3557 2388 γαλήνης.

2003 2405 2335 2474 Ἠγανάκτει
2369 2421 2450 2467 τε,
2478 2406 2575 2455 καὶ
2620 2402 2837 2455 ἀδικίαν
2876 2403 2937 2455 τὸ
2992 2406 3227 2474 πρᾶγμα
3271 2407 3553 2471 ἀπεκάλει,

1991 2497 2084 2548 καὶ
2136 2496 2236 2565 τῆς
2265 2495 2401 2565 πρὸς
2449 2494 2609 2547 αὑτὸν
2642 2493 2903 2563 ἀθέτησιν
2938 2496 3141 2563 φιλίας.
3190 2496 3360 2565 Ἐμοῦ
3394 2497 3447 2548 δὲ
3499 2499 3558 2549 τὸ

1992 2586 2123 2657 περὶ
2157 2586 2333 2657 ψυχῆς
2378 2586 2470 2637 τὸν
2520 2584 2677 2653 λόγον
2720 2585 3054 2655 πεποιῆσθαι
3114 2586 3553 2657 ἰσχυριζομένου,

1992 2680 2089 2732 καὶ
2143 2677 2313 2747 μηδὲν
2368 2676 2650 2748 ἀξιοῦντος
2703 2675 2956 2745 ἡγεῖσθαι
2995 2679 3412 2748 προτιμότερον,
3465 2681 3558 2731 καὶ

1994 2768 2198 2839 μᾶλλον
2248 2768 2458 2821 ἐκεῖνον
2511 2768 2935 2831 ἀποδεικνύντος
2989 2769 3221 2835 ἀδικεῖν,
3274 2771 3323 2821 εί
3376 2769 3559 2839 βουλο-

1994 2862 2138 2933 μένῳ
2161 2861 2368 2931 ταύτης
2397 2860 2655 2932 πρόνοιαν
2710 2860 3003 2924 ποιεῖσθαι,
3032 2862 3126 2916 καί
3161 2880 3281 2916 τινα
3325 2864 3559 2934 εύπρόσ·

1991 2972 2143 3011 ωπον
2216 2953 2515 3021 ἀπολογίαν
2539 2954 2630 3005 ἐπὶ
2650 2951 2746 3005 τοῦ
2779 2954 3014 3024 φοϐεροῦ
3042 2955 3256 3007 ἐκείνου
3281 2954 3554 3024 βήματος,

1990 3042 2075 3111 ἐφ’
2108 3038 2188 3105 οἷς
2226 3044 2648 3111 προσκέκρουκα
2674 3040 2794 3111 Θεῷ
2828 3042 3073 3113 πορίζειν
3129 3042 3370 3112 ἐμαυτῷ,
3398 3043 3557 3105 αὐτὸς

320 3134 609 3203 acquirere
652 3132 992 3187 laborantem
1036 3132 1332 3202 prohibere
1386 3144 1697 3195 conaretur,
1738 3144 1889 3204 post-

1995 3138 2235 3205 ιραίνοιτο
2290 3136 2535 3199 κωλύων,
2592 3135 2715 3186 ἐπεὶ
2768 3135 2842 3206 μὴ
2875 3134 3087 3187 πείθειν
3128 3135 3339 3197 ἐκεῖνος
3387 3132 3555 3204 εἶχεν,

323 3241 487 3294 quam
520 3225 768 3278 animum
803 3240 986 3277 meum
1038 3226 1258 3278 llectere
1311 3226 1583 3294 nequivit,
1615 3237 1669 3282 et
1695 3228 1749 3281 in
1796 3244 1887 3282 su-

321 3327 510 3385 scepto
542 3316 774 3370 consilio
805 3316 1155 3369 obﬁrmatum
1185 3316 1343 3379 vidit.
1372 3318 1666 3387 Augustam
1694 3321 1889 3373 ascivit

319 3409 545 3463 sociam.
578 3409 706 3462 lnde
740 3407 902 3461 ambo
934 3408 1120 3462 muhis
1152 3410 1338 3463 verbis
1353 3418 1408 3463 et
1438 3412 1775 3478 argumentis
1803 3426 1887 3465 me

318 3501 696 3569 pervicerunt,
744 3515 813 3553 ne
853 3509 967 3553 tum
1014 3500 1161 3568 quod
1210 3501 1498 3569 cupiebam
1534 3517 1884 3572 exsequerer.

320 3595 645 3663 Quanquam
678 3595 875 3661 (amica
910 3593 1057 3647 enim
1089 3595 1319 3663 veritas)
1346 3610 1445 3648 nec
1482 3595 1617 3664 ipse,
1646 3596 1745 3649 etsi
1784 3596 1889 3649 im-

317 3702 487 3755 pense
535 3686 809 3751 volebam,
848 3695 1074 3755 propter
1113 3685 1619 3755 eonjunctissimam
1652 3685 1888 3739 familia-

316 3777 538 3830 ritatem
573 3776 642 3829 ab
688 3775 1025 3845 imperatore
1070 3777 1311 3843 separari
1366 3786 1633 3845 poteram.
1659 3777 1769 3831 Nec
1808 3787 1889 3830 ta-

316 3882 443 3920 men
471 3867 539 3921 ab
571 3882 633 3921 ea
673 3874 859 3919 mente
915 3882 1142 3935 prorsus
1184 3866 1450 3927 discessi,
1479 3868 1573 3920 sed
1618 3876 1727 3921 tum
1762 3871 1886 3937 qui-

318 3957 468 4021 dem,
502 3972 601 4025 pro
632 3972 699 4010 eo
747 3972 809 4009 ac
840 3956 917 4008 illi
968 3955 1245 4023 petebant,
1279 3955 1583 4009 rediturum
1625 3971 1710 4010 me
1760 3973 1890 4025 pro-

324 4045 448 4098 misi
475 4086 488 4108 ,
523 4054 579 4098 ct
620 4043 711 4097 ubi
769 4052 990 4097 sanctos
1029 4044 1150 4096 illos
1182 4044 1484 4108 allocutus,
1515 4044 1689 4105 cll'cci,
1727 4054 1787 4098 ut
1834 4046 1888 4099 in

321 4137 627 4206 llatopedio
661 4136 1035 4189 habitaculum
1076 4136 1211 4190 mihi
1253 4147 1680 4196 construerctnr.
1717 4139 1891 4195 Thcs-

322 4230 623 4284 salonicarn
680 4227 748 4280 ad
804 4226 1192 4295 imperatorem
1244 4227 1403 4282 redii.
1437 4229 1567 4282 Erat
1616 4240 1799 4283 autem
1836 4230 1888 4283 in

322 4321 511 4375 animo
548 4320 713 4375 rebus
743 4319 888 4374 meis’
904 4320 1043 4374 bene
1067 4319 1384 4388 compositis
1409 4321 1627 4385 reverti,
1660 4332 1715 4375 et
1748 4323 1891 4376 inter

322 4412 625 4466 monachos
683 4412 804 4465 illos
859 4411 1047 4487 eadem
1107 4412 1232 4465 vitae
1287 4411 1579 4475 instituta,
1636 4413 1890 4482 legesque

1993 3229 2108 3282 ἀλλ’
2131 3227 2367 3299 ἰσχυρῶς
2389 3227 2644 3296 ἐχόμενον
2662 3226 2807 3297 ἐώρα
2824 3225 2936 3279 τῶν
2952 3230 3237 3296 προτέρων
3256 3227 3558 3297 λογισμῶν,

1992 3320 2085 3371 καὶ
2119 3318 2343 3387 βασιλίδι
2376 3321 2439 3387 τῇ
2468 3319 2686 3385 γυναικί
2717 3312 3067 3388 χρησάμενος
3093 3319 3387 3389 συμμάχῳ,
3415 3320 3563 3371 ἔπει·-

1993 3428 2091 3463 σαν
2109 3410 2271 3479 ἄμφω
2285 3410 2497 3472 πολλοῖς
2522 3411 2850 3480 χρησάμενοι
2871 3410 3045 3477 Λόγοις
3064 3404 3171 3463 καῖ’
3185 3412 3557 3481 παραινέσεσι,

1996 3504 2071 3575 μὴ
2099 3503 2158 3555 τὸ
2191 3504 2283 3555 νῦν
2310 3503 2433 3572 ἔχον
2458 3503 2721 3572 πράττειν
2750 3501 2817 3553 τὰ
2848 3504 2987 3553 κατὰ
3019 3503 3266 3571 γνώμην.
3319 3503 3473 3554 Φίλον
3502 3504 3559 3556 δὲ

1992 3594 2247 3665 τάληθὲς,
2278 3594 2389 3646 οὐδ’
2419 3592 2586 3647 αύτθν
2625 3592 2925 3662 δυνάμενον
2963 3592 3251 3663 διαστῆναι
3295 3594 3558 3663 βασιλέως

1995 3687 2099 3740 ὑπὸ
2132 3687 2233 3755 τῆς
2266 3686 2444 3754 ἄκρας
2474 3684 2785 3753 συνηθείας,
2831 3685 2923 3737 καί
2967 3702 3049 3736 τοι
3078 3686 3342 3758 ,μάλιστα
3375 3687 3560 3755 βουλό-

1997 3795 2179 3848 μενον,
2237 3778 2298 3830 ού
2334 3776 2443 3847 μὴν
2502 3775 2822 3829 παντάπασι
2860 3777 2971 3827 τῶν
3020 3775 3298 3847 λογισμῶν
3336 3779 3557 3832 ἐκείνων

1992 3868 2336 3937 ἀπεσχόμην,
2374 3865 2509 3917 ἀλλά
2540 3863 2660 3916 τότε
2689 3864 2787 3933 μὲν
2821 3859 2978 3926 αὖθις
3005 3865 3365 3934 ἀναστρέφειν
3393 3868 3557 3936 ἐπηγ-

1993 3961 2286 4029 γελλόμην,
2321 3958 2509 4027 ῶσπερ
2535 3955 2735 4008 ἐκεῖνοί
2789 3972 2853 4022 γε
2911 3955 3121 4020 ἠξίουν.
3158 3956 3265 4007 Καὶ
3301 3957 3557 4025 ἀνέστρεο

1993 4070 2093 4122 φον
2147 4053 2202 4103 ἐν
2253 4049 2627 4119 Θεσσαλονίκῃ
2670 4046 2807 4117 πρὸς
2864 4048 3111 4109 ἐκείνους
3144 4048 3282 4116 μετά
3313 4048 3373 4101 τὸ
3431 4048 3560 4111 τοὺς

1994 4143 2185 4212 ἀγίιυς
2220 4142 2463 4204 ἐκείνους
2511 4141 2851 4206 προσειπεῖν,
2909 4139 3005 4190 καὶ
3044 4138 3144 4207 τὴν
3167 4138 3460 4209 δεξομένην
3503 4140 3560 4192 ἐν

1992 4235 2206 4303 ὑστέρῳ
2228 4233 2442 4302 οἴκησιν
2489 4228 2894 4299 οἰκοδομεῖσθαι
2926 4232 2983 4281 ἐν
3042 4227 3357 4299 Βατοπεδίῳ
3385 4246 3563 4298 παρα-

1996 4325 2283 4386 σκευάσαι,
2315 4322 2541 4392 γνώμην
2589 4322 2647 4374 δὲ
2675 4316 2849 4392 εἰχον,
2879 4321 2953 4383 ὼς
2982 4314 3039 4374 εὖ
3087 4319 3402 4391 διαθέμενος
3448 4322 3563 4383 τοῖς

1993 4415 2060 4468 τὰ
2102 4414 2226 4468 κατ’
2282 4413 2405 4481 ἐμὲ,
2458 4407 2620 4469 αὖθις
2690 4410 3002 4481 ἐπανήξων,
3048 4409 3141 4462 καὶ
3201 4410 3564 4478 συνεσόμενος

318 4504 591 4576 proﬁteri.
628 4503 786 4557 Brevi
826 4503 1116 4557 intervallo
1172 4504 1500 4571 imperatore
1551 4505 1881 4559 mortalitate

1995 4506 2168 4557 ἐκεῖσε
2194 4505 2447 4573 μοναχοῖς
2471 4502 2558 4554 τὸν
2580 4502 2694 4554 ἴσον
2718 4500 2829 4569 βίον
2845 4501 3099 4568 ἐλόμενος
3128 4500 3332 4561 αὐτοῖς.
3368 4500 3564 4568 Ὀλίγῳ

324 4596 638 4664 perfuncto,
675 4594 802 4663 quia
833 4593 978 4646 aliud
1016 4609 1121 4646 non
1158 4592 1378 4655 licebat,
1414 4602 1524 4648 tota
1559 4596 1801 4649 rectione
1837 4595 1889 4649 in

323 4688 585 4740 humeros
619 4701 769 4739 meos
792 4684 1073 4740 translata.
1108 4684 1359 4737 detentus
1387 4700 1507 4737 sum
1555 4686 1718 4739 etiam
1751 4687 1895 4740 invi-

324 4790 435 4832 tus.
469 4779 604 4832 Cum
639 4783 819 4829 autem
858 4774 1206 4845 sye0p|rantm
1241 4774 1318 4828 illi
1372 4775 1575 4829 bellum
1630 4777 1893 4832 suscitas-

321 4881 470 4936 sent,
504 4879 555 4924 et
594 4884 679 4923 me
707 4883 969 4937 meosque
1001 4866 1242 4920 adeocin
1288 4882 1560 4921 summum
1594 4869 1891 4923 discrimen

323 4963 711 5033 coniecissent,
743 4976 848 5013 non
878 4975 1009 5013 mea:
1038 4959 1243 5028 potius,
1275 4973 1436 5028 quam
1462 4960 1705 5013 omnium
1733 4961 1891 5013 saluti

324 5055 719 5119 corrsulturus,
757 5042 1145 5121 imperatorem
1183 5050 1488 5103 Romanum
1534 5050 1649 5105 ﬁeri
1685 5066 1770 5106 me
1801 5066 1895 5105 su-

328 5146 521 5209 stinui,
554 5154 875 5213 tantumque
904 5143 1172 5196 malorum
1212 5157 1439 5196 examen
1474 5142 1678 5196 tamdiu
1721 5158 1896 5213 oppu-

325 5246 525 5306 gnatus
558 5237 811 5290 toleravi.
864 5236 1015 5301 Quod
1049 5240 1179 5289 cum
1201 5234 1272 5288 ita
1300 5235 1392 5300 sit,
1426 5235 1698 5305 Gregoras
1747 5252 1895 5289 men-

327 5329 462 5381 titur
502 5342 566 5381 ea
623 5328 1119 5396 impudentissime,
1153 5343 1271 5395 qnze
1308 5344 1415 5380 non
1452 5328 1675 5380 refutari
1711 5328 1890 5390 modo,

325 5420 419 5473 sed
474 5420 732 5474 facillime
787 5418 1014 5473 refutari
1068 5429 1288 5484 queant.
1324 5418 1487 5489 805
1517 5418 1669 5484 Quod
1730 5434 1894 5488 porro

327 5528 413 5565 me
462 5512 709 5580 partibus
741 5510 973 5565 Palatnm
1013 5508 1336 5588 addictum,
1391 5510 1645 5579 injustam
1704 5510 1895 5564 tulisse

327 5602 679 5663 sententiam,
716 5602 819 5666 ait,
848 5612 1013 5672 atque
1044 5600 1169 5655 ideo
1192 5614 1294 5654 nec
1331 5614 1387 5653 se
1412 5601 1736 5669 parituram,
1767 5616 1892 5654 cum

320 5692 542 5763 judicio
584 5690 1025 5762 disceptantibus
1060 5691 1204 5745 idem
1236 5702 1290 5745 et
1316 5678 1525 5761 ‘judcx,
1555 5702 1610 5745 et
1636 5691 1895 5745 adversa-

323 5784 438 5842 rius
468 5782 635 5839 fuerit
657 5822 671 5848 ,
728 5780 885 5841 nullo
930 5783 1153 5852 negotio
1183 5783 1301 5852 ejus
1332 5784 1627 5839 vanitatem
1661 5783 1891 5839 demon-

1997 4599 2053 4652 δὲ
2082 4598 2310 4665 ὕστερον
2331 4595 2783 4663 τετελευτηκότος
2810 4592 3103 4661 βασιλέως,
3150 4592 3273 4644 ἐπεὶ
3302 4590 3563 4662 πράττειν

1997 4691 2199 4761 ἑτέρως
2258 4689 2359 4741 οὐκ
2413 4688 2502 4740 ἐπ’
2561 4687 2658 4755 ἐμὲ
2726 4684 3205 4753 καταλειφθείσης,
3266 4686 3359 4736 καὶ
3416 4683 3562 4737 ἄκων

1997 4784 2146 4853 ἐξῆν,
2233 4783 2331 4851 τῆς
2405 4779 2533 4848 ὅλης
2620 4778 2943 4849 διοικήσεως
3022 4779 3130 4828 τῶν
3214 4776 3559 4858 πραγμάτων

1998 4875 2363 4944 κατεσχόμην,
2392 4871 2500 4923 τῶν
2531 4868 2883 4937 συκοφαντῶν
2913 4868 2968 4920 δὲ
3012 4868 3236 4920 ἐκείνων
3282 4870 3372 4919 τὸν
3405 4868 3563 4918 πόλε-

2001 4982 2101 5035 μον
2160 4962 2550 5028 κεκινηκότων,
2600 4960 2691 5011 καὶ
2742 4959 2832 5009 τὸν
2871 4959 2999 5028 περὶ
3046 4957 3140 5009 τοῦ
3193 4959 3291 5027 ζῇν
3321 4958 3563 5010 κίνδυνον

1997 5056 2118 5125 ἐμοί
2142 5072 2197 5108 τε
2272 5054 2365 5106 καὶ
2394 5055 2504 5114 τοῖς
2544 5051 2792 5103 συνοῦσιν
2816 5048 2989 5111 οῦτως
3017 5048 3210 5117 ἀθρόον
3234 5049 3561 5116 ἐπενεγκόν-

1997 5163 2128 5207 των,
2160 5147 2221 5198 ού
2255 5148 2350 5213 τῆς
2377 5141 2618 5212 ἐμαυτοῦ
2653 5141 2855 5209 μᾶλλον
2894 5140 2927 5209 ἢ
2962 5140 3072 5192 τῶν
3120 5140 3259 5192 ὅλων
3288 5140 3564 5209 σωτηρίας

1996 5237 2158 5290 ἕνεκα
2199 5237 2259 5287 τὸ
2324 5233 2575 5303 βασιλεὺς
2618 5231 2905 5297 Ῥωμαίων
2972 5231 3198 5301 εἱλόμην
3249 5227 3415 5296 εἶναι,
3470 5232 3561 5298 καὶ

1996 5310 2254 5380 τοσοῦτον
2344 5325 2615 5393 ὑπέμεινα
2720 5321 2909 5375 κακῶν
2997 5323 3188 5391 ἑσμὸν,
3271 5323 3603 5395 ἀνημέρως¹

1996 5418 2141 5469 οὕτω
2209 5414 2539 5483 πολεμηθεὶς
2612 5414 2704 5465 ἐπὶ
2765 5412 3021 5466 τοσοῦτον
3094 5414 3309 5483 χρόνον.
3388 5415 3468 5466 Δι’
3523 5412 3561 5468 ἃ

2001 5509 2238 5577 μάλιστα
2304 5506 2564 5574 ψεύδεται
2639 5504 2929 5574 Γρηγορᾶς
2995 5504 3101 5556 οὐκ
3174 5504 3561 5570 ἀνετέλεγκτα,

1997 5600 2133 5654 ἀλλά
2222 5598 2441 5651 πάντων
2544 5594 2781 5666 μάλιστα
2881 5595 3339 5663 εὐέλεγκτότατα.
3438 5597 3562 5651 Ὀτι

1996 5689 2050 5743 δέ
2121 5688 2186 5758 μέ
2249 5704 2380 5757 φησι
2444 5688 2509 5756 τῇ
2585 5684 2854 5755 “alapa,
2916 5688 3313 5756 προσκείμενον
3385 5689 3565 5758 μερίδι

1998 5784 2181 5838 ἄδικον
2212 5781 2389 5849 ᾢῆφον
2422 5781 2733 5843 ἐπενεγκεῖν
2756 5818 2769 5843 ,
2803 5779 2892 5831 καὶ
2927 5781 3013 5833 διὰ
3051 5781 3207 5833 τοῦτο
3249 5784 3371 5839 μηδ’
3404 5783 3563 5836 αὑτὸν
