3964 6210
352 196 454 260 ῙΩἹ

1507 192 2045 259 HISTORIARUM
2087 199 2319 263 LIBER
2355 202 2459 264 ιν.

3491 201 3592 268 194

345 312 634 368 πείθεσθαι
665 312 887 378 ἐθέλειν,
910 310 984 375 ὡς
1017 310 1106 364 τὸν
1141 310 1302 365 αὐτὸν
1330 310 1482 374 ὅντα,
1511 312 1605 365 καὶ
1635 309 1914 379 δικαστὴν.

2023 314 2234 369 strabo.
2263 313 2464 370 Contra
2491 315 2639 370 enim
2676 315 2862 384 potius
2901 314 3349 389 Barlaamo,.ejus
3375 317 3594 374 dissen—

345 405 443 460 καὶ
479 406 1001 476 ἁντικαθιστάμενον
1037 404 1171 467 πρὸς
1197 404 1295 474 τὴν
1323 404 1481 474 δίκην
1521 405 1632 466 τοῖς
1667 401 1923 472 κρινομέ-

343 514 481 563 νοις,
531 498 896 567 εὐχερέστατα
950 496 1280 566 ψευδόμενον
1324 495 1630 562 ἀπελέγξω.
1683 493 1756 545 Οὐ
1813 491 1922 561 γὰρ

341 588 510 656 μόνον
533 587 818 656 Βαρλαὰμ,
841 587 900 649 ὃς
931 588 1027 657 τῆς
1051 587 1309 656 τοιαύτης
1333 581 1466 655 ἦρξε
1489 585 1750 653 διαφορᾶς
1782 583 1922 650 μᾶλο

337 679 433 730 λον
463 681 837 748 προσεκείμην
865 679 1098 749 ἑξαρχῆς
1120 678 1282 739 αὑτός
1307 693 1321 708 ο
1361 677 1524 729 αὐτόν
1549 693 1606 728 τε
1638 675 1746 744 γὰρ
1778 670 1924 743 εἶχον

335 769 434 820 ἐπὶ
461 770 560 837 τῆς
588 769 726 837 ἐμῆς
755 770 930 831 οἰκίας
959 768 1322 838 διατρίϐοντα,
1352 765 1450 821 καὶ
1479 766 1605 828 τοὺς
1635 765 1918 834 ἀδελφοὺς,

333 861 439 912 καὶ
473 860 675 927 πολλῆς
698 861 881 928 ἠξίουν
903 862 1003 929 τῆς
1027 861 1306 928 προνοίας,
1338 860 1434 911 καὶ
1466 860 1524 910 ὲν
1545 860 1657 921 τοῖς
1687 857 1923 926 μάλιστα

333 951 452 1003 τῶν
483 952 652 1020 φίλων
681 947 837 1021 ἦγον,
867 954 960 1003 καὶ
995 952 1193 1020 μᾶλλον
1229 949 1315 1002 ἐπ’
1349 950 1561 1001 ἐκείνου
1587 947 1776 1018 χώραν
1807 941 1921 1016 εἷχε

333 1041 402 1094 τὸ
429 1043 530 1110 ἐμὲ
559 1041 1045 1111 προκατειλῆφθαι.
1086 1043 1322 1102 Ἐκεῖνος
1353 1042 1462 1109 γὰρ
1493 1040 1582 1092 ἀεὶ
1614 1041 1800 1108 συνῆν,
1827 1025 1921 1090 καὶ

330 1134 410 1187 τὰ
444 1137 576 1203 παρ’
609 1134 802 1187 ἑαυτοῦ
837 1134 1064 1200 ὲξετίθει
1098 1135 1493 1206 ἀκριϐέστατα,
1531 1135 1624 1188 καὶ
1656 1135 1920 1202 ὑφηγεῖτο

335 1225 611 1292 συνεχῶς.
645 1224 810 1278 ’Ὅθεν
841 1226 954 1278 οὐδ’
981 1225 1096 1278 ἔστι
1129 1226 1440 1295 σκήψασθαί
1472 1242 1612 1286 τινα,
1647 1225 1720 1286 ὡς
1753 1224 1788 1277 ἃ
1823 1223 1922 1290 μὲν

335 1318 613 1403 Παλαμξς
654 1319 784 1387 περὶ
821 1311 894 1370 ὧν
923 1317 1251 1386 πρεσϐεύειν
1287 1315 1690 1390 διαϐεϐαιοῦται
1735 1315 1917 1386 ᾔδειν,

328 1408 408 1460 τὰ
441 1409 552 1460 τῶν
580 1408 971 1478 ἀντιλεγόντων
997 1409 1052 1462 δὲ
1083 1410 1328 1479 ἠγνόουν.
1377 1407 1520 1460 ἈΠ’
1553 1409 1602 1460 εί
1634 1408 1717 1460 δεῖ
1750 1407 1917 1475 τάλη-

332 1498 433 1560 Gs;
461 1502 662 1564 εἰπεῖν,
697 1500 924 1561 ἐκείνοις
962 1500 1164 1569 μᾶλλον
1197 1501 1454 1571 ὲνήτυχον
1486 1499 1798 1568 προτέροις,
1827 1499 1920 1549 καὶ

332 1592 483 1659 μετὰ
505 1591 599 1644 τοῦ
625 1591 865 1661 πολέμου
889 1593 986 1661 τὴν
1010 1592 1329 1655 κατάλυσιν,
1356 1593 1479 1644 ἐπεὶ
1497 1591 1604 1642 τῶν
1638 1589 1919 1656 Ῥωμαίων

325 1682 430 1734 ὑπ’
459 1684 587 1750 ἐμοὶ
617 1686 763 1736 πᾶσα
797 1686 830 1752 η
861 1679 1243 1753 ὴγεμονίαξῆν,
1273 1682 1527 1735 τοσοῦτον
1558 1682 1797 1750 ἀπέσχον
1825 1680 1916 1733 τοῦ

333 1775 548 1841 μᾶλλον
582 1775 937 1844 προσκεῖσθαι
965 1778 1076 1838 τοῖς
1100 1775 1308 1844 ἑτέροις
1347 1773 1436 1826 ὑπ’
1464 1773 1718 1842 ἀκρισίας
1741 1815 1753 1832 ,
1778 1770 1917 1823 ὥστε

332 1866 694 1935 πατριάρχην
728 1868 821 1918 τὸν
871 1866 1149 1934 Ἰωάννην,
1183 1866 1279 1934 οὑχ
1309 1865 1476 1929 ἅπαξ,
1502 1865 1639 1918 ἀλλὰ
1667 1865 1760 1917 καὶ
1788 1864 1918 1916 πολ-

330 1958 499 2020 λάκις
532 1959 628 2012 ἐπὶ
648 1957 746 2027 τὴν
779 1958 936 2026 δίκην
963 1956 1388 2025 προύκαλούμην
1412 1957 1677 2025 μέλλοντα
1710 1958 1768 2007 ἐν
1805 1957 1916 2016 τοῖς

333 2049 527 2110 αὐτοῖς
553 2047 773 2110 τούτοις
805 2046 1156 2112 ἐξετάζεσθαι
1182 2063 1196 2076 ⁸
1232 2047 1298 2099 τὰ
1332 2048 1421 2100 ῐσα
1455 2047 1562 2117 γὰρ
1591 2045 1914 2109 ἐνεκαλεῖτο,

331 2139 434 2192 καὶ
463 2141 588 2207 μετ’
617 2141 826 2192 ἐκεῖνον
853 2134 1008 2201 αὖθις
1033 2139 1125 2192 τὸν
1168 2137 1494 2202 Ἀκίνδυνον,
1529 2139 1647 2190 ἐπεὶ
1679 2137 1920 2210 κρυπτό-

341 2247 507 2294 μενος
539 2230 705 2292 αὐτὸς
731 2231 948 2298 ἐτέρους
970 2229 1348 2298 προσέπεμπε,
1378 2228 1472 2281 καλ⁸
1499 2227 1799 2293 παρέπειθε
1832 2227 1919 2278 οο-

351 2323 544 2389 ρνδείν,
586 2321 664 2383 ὡς
695 2321 894 2381 ἀδίκως
934 2320 1040 2372 ὑπὸ
1090 2321 1187 2389 τῆς
1205 2319 1532 2388 Ἐκκλησίας
1578 2318 1916 2390 διαστροφὴν

342 2411 458 2463 τῶν
487 2413 771 2478 δογμάτων
802 2411 1132 2478 ὲγκαλοῖντο,
1158 2411 1312 2463 αὐτοὶ⁸
1341 2411 1541 2480 μᾶλλον
1572 2407 1759 2469 κακῶς
1787 2403 1916 2475 περὶ

336 2500 524 2553 αὐτῶν
545 2500 891 2569 φρονοῦντες,
925 2501 986 2551 οὐ
1011 2499 1286 2568 περιεῖδον
1306 2513 1320 2528 ⁸
1349 2497 1464 2550 ἀλλ’
1484 2498 1576 2550 ἐπὶ
1603 2497 1701 2566 τὴν
1727 2497 1917 2564 ἱξέτα-

337 2608 424 2644 σιν
445 2591 696 2643 ἐκέλευον
722 2592 942 2661 χωρεῖν,
969 2590 1064 2643 καὶ
1092 2590 1380 2659 τυγχάνειν
1412 2588 1518 2641 τῶν
1546 2588 1788 2651 δικαίων,
1822 2592 1915 2643 καὶ

331 2684 560 2744 πίστεις
591 2685 846 2752 παρεῖχον
867 2683 958 2734 ἐπὶ
988 2681 1064 2751 τῷ
1092 2681 1375 2734 πείσεσθαι
1404 2681 1709 2751 προσδοκᾷν
1748 2681 1916 2751 μηδὲν

328 2775 517 2827 δεινόν
537 2790 551 2802 ⁸
576 2773 866 2826 δεδοικέναι
889 2776 996 2842 γὰρ
1023 2773 1172 2840 ἔλεγε
1208 2773 1282 2841 μὴ
1309 2773 1523 2841 είρχθῇ.
1544 2772 1714 2832 Αὐτὸς
1739 2771 1798 2824 δὲ
1827 2774 1914 2824 οὐ·

326 2867 426 2919 δὲν
456 2861 655 2937 ἦττον,
691 2869 785 2918 καὶ
834 2867 973 2934 μετὰ
1009 2867 1106 2928 τὰς
1151 2865 1364 2926 πίστεις
1395 2865 1784 2934 ἀπεκρύπτετο
1817 2867 1912 2918 καὶ

325 2956 586 3027 ἡγνοήθη
624 2957 780 3026 μέχρι
805 2957 1076 3025 τελευτῆς.
1112 2957 1303 3026 Χρόνῳ
1332 2955 1387 3008 δὲ
1415 2955 1641 3026 ὕστερον
1672 2958 1794 3010 ἐπεὶ
1817 2959 1912 3012 αὑ·
1939 2989 1984 3048 C

325 3049 432 3111 τός
462 3063 527 3098 τε
551 3048 854 3117 Γρηγορᾶς,
874 3048 966 3100 καὶ
986 3047 1135 3100 ἄλλοι
1164 3046 1478 3116 άνεφὺησαν
1505 3047 1602 3117 τῆς
1623 3047 1907 3119 Βαρλαὰμ,

323 3141 436 3194 καὶ
487 3141 800 3204 ’Ᾱκινδύνου
835 3139 1096 3207 αἱρέσεως
1130 3139 1388 3208 διάδοχοι,
1417 3140 1510 3192 καλ⁸
1545 3139 1646 3208 τὴν
1681 3140 1914 3211 Ἐκκληο

321 3235 463 3288 σίαν
497 3232 817 3302 ἐθορύϐουν,
857 3233 952 3284 καὶ
1000 3233 1063 3283 τὸ
1099 3232 1452 3301 δικαστήριον
1487 3233 1812 3298 ἐπεεοῶντο,
1851 3236 1911 3286 οὐ

321 3323 616 3392 περιεῖδον
642 3319 832 3384 αὖθις·
864 3322 996 3377 ἀλλὰ
1033 3322 1249 3374 σύνοδὸν
1276 3339 1336 3373 τε
1380 3323 1445 3374 ὲκ
1483 3321 1694 3374 πολλῶν
1726 3326 1910 3392 ἀρχιε-

322 3417 484 3487 ρέων
518 3419 895 3485 συνεκρότουν,
928 3415 1020 3467 καὶ
1055 3415 1146 3466 τὸν
1176 3414 1572 3482 Θεσσαλονίκης
1605 3398 1911 3484 Γρηγόριον

316 3510 428 3561 τὸν
466 3508 734 3578 Παλαμᾶν
765 3507 1222 3576 μετεπεμπόμην,
1264 3506 1421 3574 λόγον
1455 3507 1585 3577 περ)⁵
1614 3501 1690 3560 ὧν
1718 3509 1911 3559 ἐνεκα-

317 3602 489 3653 λεῖτο
512 3599 751 3652 δώσοντα
770 3617 785 3631 ’
819 3599 908 3652 καί
934 3617 1016 3652 τοι
1042 3599 1252 3661 δίκαιος
1273 3597 1348 3650 ὣν
1367 3599 1434 3651 τὰ
1458 3598 1538 3660 δὶς
1565 3597 1912 3666 ἐψηφισμένα

320 3693 595 3760 στέργειν
628 3692 913 3761 πρότερον.
961 3689 1220 3751 Βασιλεύς
1249 3706 1308 3741 τε
1353 3689 1458 3759 γὰρ
1485 3689 1850 3759 ξ’Λνδρόνικος
1883 3689 1911 3740 ὁ

316 3786 585 3852 ἀοίδιμος
645 3783 780 3850 μετὰ
835 3784 928 3851 τῆς
989 3781 1207 3834 συνόδου
1265 3780 1618 3834 κατεδίκασεν
1668 3781 1910 3842 άπάσαις

311 3878 564 3945 ψήφοις,
602 3874 660 3926 οὒ
703 3873 970 3943 Βαρλαὰμ
1014 3872 1134 3925 τότε
1183 3872 1366 3940 μόνον,
1416 3871 1551 3924 ἀλλὰ
1599 3873 1691 3924 καὶ
1731 3871 1785 3924 εί
1828 3886 1910 3932 τις

313 3965 571 4032 ὕστερον
612 3965 852 4030 φαίνοιτο
885 3962 1096 4030 φρονῶν
1126 3962 1196 4013 τὰ
1236 3962 1327 4014 ἶσα
1347 4000 1360 4020 ,
1398 3965 1492 4013 καὶ
1525 3963 1660 4030 μετὰ
1698 3960 1868 4012 ταῦτα
1892 3997 1906 4023 ,

315 4057 473 4126 ἐμοῦ
501 4055 751 4118 ἀπόντος,
775 4056 943 4107 "Aw:
973 4056 1002 4123 ἡ
1040 4053 1248 4123 βασιλὶς
1283 4052 1422 4120 μετὰ
1447 4052 1554 4105 τῶν
1585 4052 1904 4123 ἀρχιερέων,

312 4148 502 4216 ῆνικα
538 4146 876 4214 πατριάρχην
909 4161 966 4196 τε
995 4143 1245 4197 καθεῖλον
1279 4143 1372 4195 τὸν
1412 4141 1662 4209 Ἰωάννην
1701 4143 1787 4196 διὰ
1811 4141 1910 4211 τὴν

313 4234 687 4300 κακοδοξίαν,
734 4236 827 4288 καὶ
871 4236 997 4298 τοὺς
1050 4234 1379 4303 φρονοῦντας
1431 4233 1496 4287 τὰ
1535 4233 1625 4288 ῖσα
1673 4230 1831 4296 αὖθις
1873 4234 1906 4303 ἢ

2025 404 2199 459 sionis
2247 405 2518 460 incentori
2562 421 2592 461 a
2639 407 2912 478 principio
2940 408 3313 474 adhaerebam,
3348 427 3509 480 quem
3536 421 3595 472 et

2026 495 2080 547 in
2109 495 2322 549 aedibus
2357 497 2492 550 meis
2525 513 2647 552 cum
2684 499 2949 554 fratribus
2975 500 3214 569 hospitio
3247 517 3592 571 exceperant,

2023 592 2080 637 et
2106 585 2365 640 curabam
2401 602 2530 640 eum
2563 589 2828 655 studiose,
2867 593 3335 662 uumerabamque
3371 593 3424 647 in
3454 595 3596 648 ami-

2025 675 2304 741 cissimis;
2339 679 2428 732 cui
2481 687 2592 748 prae
2617 681 2738 734 aliis
2771 685 2992 750 patebat
3037 683 3104 737 ad
3148 698 3233 738 me
3268 684 3470 743 aditus.
3502 699 3594 738 as-

2023 767 2182 821 siduo
2213 770 2360 822 enim
2401 785 2612 824 mecum
2650 773 2994 837 versabatur;
3028 789 3223 842 resque
3269 790 3397 827 suas
3427 791 3596 841 expo-

2024 861 2186 912 nebat
2234 859 2370 913 mihi
2435 862 2894 928 accuratissime,
2951 873 3006 916 et
3059 863 3292 917 docebat
3325 865 3592 932 quotidie.

2024 947 2181 1002 Unde
2210 965 2322 1002 non
2354 959 2462 1015 est,
2495 966 2594 1004 cur
2626 953 2751 1022 quis
2808 953 2970 1023 lingat
2994 996 3007 1019 ,
3041 969 3147 1018 me,
3197 971 3318 1024 quae
3351 955 3599 1010 Palamas

2022 1039 2244 1107 quidem
2302 1056 2405 1109 pro
2449 1043 2754 1098 verissimis
2792 1044 3055 1108 duceret,
3092 1056 3148 1099 et
3202 1045 3590 1107 conﬁrmaret.

2024 1145 2135 1184 non
2195 1130 2496 1200 ignorasse,
2536 1134 2813 1202 ignorasse
2863 1144 3069 1200 autem,
3105 1152 3225 1204 quae
3280 1146 3468 1191 contra
3520 1138 3594 1190 ab

2021 1221 2141 1274 aliis
2174 1221 2511 1278 dicerentur.
2546 1224 2678 1291 Sed,
2709 1227 2753 1280 si
2790 1242 2916 1281 vera
2949 1227 3072 1282 licet
3107 1228 3278 1297 loqui,
3329 1244 3451 1281 cum
3482 1229 3596 1284 illis

2021 1326 2077 1371 et
2103 1318 2278 1387 prius,
2304 1329 2360 1372 et
2380 1319 2526 1374 bello
2551 1321 2727 1388 linito,
2759 1331 3046 1391 postquam
3077 1323 3305 1390 imperio
3332 1323 3592 1376 universo

2021 1411 2226 1478 potitus
2274 1425 2418 1475 sum,
2495 1413 2621 1481 egi;
2668 1422 2989 1483 tantumque
3041 1413 3248 1478 abfuit,
3309 1423 3368 1467 ut
3420 1416 3590 1484 magis

2022 1500 2348 1553 temeritate
2378 1501 2611 1570 quadarn
2648 1502 2716 1555 ab
2778 1503 2900 1557 aliis
2947 1512 3171 1570 starem,
3222 1513 3282 1556 ut
3321 1504 3587 1558 Joannem

2022 1592 2390 1660 patriarcham
2441 1594 2640 1662 saepius
2676 1595 2730 1648 in
2778 1596 2865 1650 his
2892 1596 3025 1666 ipsis
3052 1598 3472 1652 examinandum
3520 1598 3588 1652 ad

2017 1681 2287 1752 judicium
2354 1686 2699 1752 provocarim
2733 1704 2747 1736 τ
2804 1687 3074 1757 siquidem
3115 1689 3431 1743 eorumdem
3465 1703 3594 1743 reus

2022 1782 2163 1826 erat.
2196 1773 2263 1826 Et
2308 1783 2433 1841 post
2473 1775 2622 1828 illum
2655 1793 2849 1832 rursus
2893 1778 3233 1849 Acindynum
3273 1779 3385 1848 (qui
3418 1793 3475 1830 sc
3504 1792 3592 1846 pa.

2022 1863 2260 1917 rictibus
2297 1872 2507 1934 tegens,
2537 1867 2674 1921 alios
2724 1869 3000 1931 mittebat,
3051 1870 3190 1925 male
3220 1886 3250 1924 a
3277 1883 3334 1924 se
3367 1883 3591 1938 persua-

2019 1971 2131 2015 sos,
2169 1965 2229 2009 ut
2263 1959 2754 2024 tumultuarentur,
2810 1961 3055 2030 perinde,
3109 1961 3265 2031 quasi
3299 1970 3593 2030 corrupto-

2021 2060 2139 2098 rum
2179 2045 2438 2101 Ecclesiae
2487 2048 2804 2118 dogmatum
2861 2066 2959 2119 per
3013 2050 3168 2106 nefas
3213 2060 3589 2114 accusaretur,

2019 2152 2141 2190 cum
2187 2137 2287 2206 ipsi
2323 2140 2508 2208 potius
2539 2140 2838 2195 adversarii
2885 2157 2948 2196 ea
2991 2144 3452 2211 corrumperent),
3479 2158 3588 2197 non

2021 2229 2284 2294 praterii,
2318 2230 2413 2283 sed
2446 2231 2511 2284 ad
2543 2233 2902 2299 quaestionem
2936 2233 3003 2286 de
3046 2248 3105 2287 se
3132 2233 3434 2286 habendam
3484 2235 3586 2300 ire,

2020 2328 2076 2371 et
2123 2319 2234 2388 juri
2293 2328 2442 2374 stare
2473 2321 2633 2389 jussi,
2671 2320 2946 2392 ﬁdemque
2977 2321 3132 2383 dedi,
3185 2323 3321 2376 nihil
3354 2323 3403 2376 ei
3433 2324 3593 2377 triste

2019 2419 2376 2477 eventurum;
2415 2413 2611 2476 timere
2633 2413 2784 2468 enim
2815 2428 2874 2468 se
2914 2413 3257 2480 amrmabat,
3313 2429 3382 2468 ne
3431 2415 3598 2485 jussu‘

2019 2515 2143 2554 meo
2180 2501 2233 2554 in
2295 2517 2572 2558 carcerem
2636 2514 2944 2573 raperetur.
2996 2507 3087 2561 llle
3116 2522 3248 2560 vero
3277 2523 3588 2576 quanquam

2023 2599 2246 2660 accepta
2308 2591 2438 2656 ﬁde,
2480 2593 2655 2648 nihilo
2709 2597 2891 2649 minus
2941 2611 3000 2650 se
3051 2585 3397 2660 occultabat,
3430 2607 3485 2652 et
3521 2597 3586 2651 ad

2017 2691 2249 2736 mortem
2307 2696 2481 2752 usque
2543 2685 2728 2739 latuit.
2789 2687 3059 2756 Tempore
3110 2689 3460 2756 procedente,
3494 2690 3589 2744 ubi

2018 2773 2134 2842 ipse
2180 2773 2469 2844 Gregoras,
2501 2783 2556 2830 et
2590 2775 2681 2830 alii
2713 2776 3002 2843 Barlaami,
3030 2787 3085 2832 et
3115 2779 3376 2849 Aciudyni
3411 2781 3589 2834 haere-

2017 2865 2094 2916 sis
2146 2879 2496 2920 successores
2521 2868 2719 2932 exorti,
2755 2869 3055 2923 Ecclesiam
3089 2871 3499 2939 perturbarunt,
3533 2882 3591 2927 et

2022 2954 2265 3009 tribuna‘l
2298 2958 2678 3026 appellarunt,
2707 2959 2891 3014 denuo
2929 2975 3042 3014 rem
3075 2962 3299 3016 minime
3330 2962 3591 3016 dissimu-

2017 3047 2236 3100 landam
2276 3049 2465 3103 censui
2507 3067 2522 3104 :
2555 3051 2649 3104 sed
2683 3051 2982 3105 multorum
3011 3051 3394 3120 episcoporum
3429 3067 3594 3122 syno-

2019 3137 2150 3191 dum
2202 3139 2380 3209 coegi,
2419 3139 2858 3210 Gregoriumque
2918 3142 3192 3196 Palamam
3236 3141 3588 3196 Thessaloni-

2015 3242 2233 3282 censem
2277 3231 2584 3286 antistitem
2614 3231 2927 3307 .accersivi,
2961 3232 3029 3286 de
3059 3232 3263 3303 quibus
3295 3234 3591 3288 accusaba-

2017 3329 2126 3385 tur,
2179 3336 2583 3390 responsurum
2628 3342 2642 3379 :
2700 3325 2954 3394 quamvis
3007 3333 3167 3380 antea
3219 3325 3303 3380 bis
3353 3327 3594 3381 decretis-

2016 3412 2214 3466 merito
2264 3423 2560 3467 contentus
2601 3429 2723 3470 esse
2754 3416 3102 3488 potuissem.
3146 3415 3281 3471 Nam
3312 3428 3367 3471 et
3400 3417 3589 3471 lauda-

2015 3503 2260 3558 tissimus
2311 3503 2403 3558 ille
2461 3503 2762 3574 imperator
2816 3506 3168 3560 Andronicus
3218 3521 3340 3560 cum
3377 3507 3594 3576 synodo

2013 3608 2123 3647 non
2184 3593 2530 3647 Barlaamum
2581 3595 2757 3648 solum
2784 3635 2799 3659 ,
2837 3600 2932 3650 sed
2987 3597 3031 3649 si
3065 3597 3188 3665 quis
3221 3595 3275 3648 in
3306 3605 3586 3664 posterum

2014 3684 2166 3754 paria
2211 3684 2418 3738 sentire
2469 3684 2829 3753 reperiretur,
2883 3684 3106 3753 penitus
3161 3683 3474 3749 damnavit,
3525 3693 3587 3739 et

2014 3782 2204 3844 postea
2237 3789 2325 3829 me
2348 3776 2576 3830 absente
2597 3775 2751 3829 Auna
2786 3775 3107 3844 imperatrix
3133 3790 3257 3830 cum
3285 3777 3589 3846 episcopis,

2013 3867 2236 3936 quando
2286 3865 2554 3921 Joannem
2617 3866 2982 3936 patriarcliam
3033 3876 3258 3938 propter
3307 3867 3586 3937 epiniouis

2012 3972 2280 4023 errorem,
2334 3959 2608 4027 simulque
2660 3973 2851 4013 omnes
2882 3958 3073 4012 eadem
3128 3961 3450 4025 sentientes,
3489 3969 3590 4013 aut

2013 4061 2276 4101 sensuros
2329 4047 2745 4114 exauctoravit,
2805 4063 2929 4102 cum
2975 4049 3162 4119 plures
3217 4064 3440 4116 eorum,
3489 4049 3584 4119 qui

2018 4139 2511 4202 contradixerunt,
2575 4140 2994 4205 assentirentur,
3057 4139 3167 4193 imo
3221 4140 3300 4194 rei
3355 4143 3584 4210 agundae

2013 4237 2306 4299 praeessent
2337 4229 2537 4298 potius.
2565 4228 2700 4284 Cum
2732 4231 2950 4298 itaque,
3001 4239 3061 4284 ut
3108 4232 3364 4298 narravi,
3399 4233 3594 4287 decre-

315 4329 732 4398 φρονήσοντας,
762 4330 848 4380 ὅτε
881 4328 978 4380 καὶ
1019 4327 1126 4379 τῶν
1156 4326 1392 4397 ὕστερον
1413 4326 1819 4394 ἀντιλεγόντων,
1858 4325 1909 4378 οἱ

2018 4325 2086 4376 tis
2109 4330 2404 4376 contentus
2423 4335 2562 4380 esse
2590 4336 2834 4391 possem,
2863 4336 2972 4375 non
3009 4322 3214 4391 quievi,
3253 4321 3422 4392 806
3447 4323 3582 4391 quin

319 4420 560 4482 πλείους
581 4415 720 4490 ἦσαν
750 4418 1052 4488 σύμψηφοι,
1081 4418 1114 4485 ἢ
1145 4419 1452 4486 προστάται
1480 4417 1590 4470 τῶν
1615 4417 1910 4486 γινομένων

324 4515 569 4565 μᾶλλον.
616 4511 834 4572 Δίκαιος
873 4507 1000 4574 οὖν,
1050 4507 1240 4580 ὥσπερ
1277 4509 1415 4580 ἔφην
1454 4510 1525 4562 τά
1566 4509 1912 4580 ἐψηφισμένα

323 4605 596 4673 στέργειν
624 4603 716 4665 ὢν,
745 4603 842 4672 οὐχ
870 4603 1162 4670 ὑπέμεινα,
1193 4601 1269 4670 μὴ
1300 4603 1394 4653 καὶ
1429 4599 1515 4652 ἐπ’
1543 4599 1782 4669 ἐμαυτοῦ
1813 4599 1912 4670 τὴν

324 4694 594 4758 ἐξέτασιν
633 4693 964 4763 ποιήσασθαι
998 4692 1104 4746 τῶν
1151 4692 1482 4760 λεγομένων,
1536 4691 1631 4743 καὶ
1677 4690 1768 4742 τὸν
1816 4690 1912 4744 τοῦ

327 4787 559 4839 δικαίου
591 4785 749 4850 λόγον
776 4785 835 4837 οὐ
867 4785 1147 4854 παρεῖδον,
1177 4785 1291 4836 ἀλλ’
1317 4784 1586 4852 ὲξήνεγκα
1611 4782 1707 4850 τὴν
1731 4781 1912 4850 ψῆφον

330 4876 526 4944 ἀληθῆ
559 4879 652 4929 καὶ
689 4876 935 4935 δικαίαν,
975 4874 1098 4927 οὔτε
1131 4875 1314 4940 φιλίαν
1334 4917 1348 4941 ,
1375 4874 1494 4927 οὗτε
1526 4875 1725 4945 ἔχθραν
1746 4916 1762 4941 ,
1789 4875 1914 4929 οὔτε

330 4970 456 5023 τῶν
499 4969 666 5022 ὀντων
695 4968 847 5020 οὐδὲν
879 4967 1068 5037 ἕτερον
1103 4969 1200 5036 τῆς
1239 4967 1496 5034 ἀληθείας
1537 4969 1910 5038 προτιμήσας.

337 5063 447 5122 ὐς
474 5059 583 5128 γὰρ
622 5059 732 5110 οὐδ’
763 5058 857 5110 ἐπὶ
899 5060 1117 5126 μικροῖς
1147 5075 1258 5109 τισι
1287 5057 1382 5111 καὶ
1414 5057 1912 5127 εὐκαταφρονήτως

325 5153 509 5205 τινῶν
547 5151 956 5219 διαφερομένων
983 5149 1045 5201 τὸ
1073 5137 1280 5200 δίκαιον
1311 5149 1566 5218 παρεῖδον
1588 5165 1600 5178 ’
1632 5147 1747 5201 ἀλλ’
1775 5149 1910 5218 ἀλη-

333 5243 450 5305 θῶς
501 5241 596 5293 καὶ
622 5241 843 5302 δικαίως
897 5240 1121 5292 ἐδίκασα
1160 5242 1315 5304 πᾶσι,
1369 5239 1529 5308 σχολῇ
1583 5239 1635 5305 γ’
1669 5239 1734 5292 ἂν
1783 5240 1913 5309 περὶ

332 5333 634 5402 δογμάτων
666 5334 763 5401 τῆς
791 5333 947 5400 δίκης
981 5331 1170 5401 οὔσης,
1209 5331 1336 5384 ἔνθα
1367 5333 1426 5383 τὸ
1460 5330 1912 5398 κινδυνευόμενον

333 5427 494 5489 Θεὸς,
538 5424 640 5493 τῆς
679 5424 932 5493 ἀληθείας
968 5405 1155 5491 ἕτερόν
1193 5441 1246 5474 τι
1290 5422 1660 5492 προειλόμην·
1695 5421 1808 5474 ἀλλ’
1835 5421 1912 5484 ὡς

327 5518 420 5568 ἐπ’
450 5515 618 5568 αὐτοῦ
662 5491 796 5568 Θεοῦ
841 5516 937 5585 τὴν
985 5515 1230 5578 ἐξέτασιν
1284 5513 1390 5565 τῶν
1435 5513 1718 5582 δηγμάτων
1761 5513 1910 5582 σαφῆ

331 5609 428 5659 καὶ
463 5604 709 5677 καθαρὰν
745 5607 1110 5668 πεποιημένος
1135 5644 1148 5667 ,
1188 5603 1452 5671 Παλαμᾶν
1486 5603 1581 5672 μὲν
1617 5601 1906 5670 εὕρισκον,

2019 4425 2105 4464 me
2134 4424 2356 4479 quoque
2383 4410 2736 4479 imperatore,
2761 4425 2884 4479 qua:
2915 4411 3060 4464 dicta
3095 4419 3244 4475 sunt,
3273 4412 3327 4465 in
3375 4411 3587 4480 disqui-

2016 4503 2273 4556 sitionem
2333 4510 2685 4566 vocarentur,
2735 4513 2792 4556 et
2826 4501 3058 4570 justltiae
3103 4503 3369 4556 rationem
3418 4503 3586 4556 habui

2017 4595 2345 4648 sententiam
2383 4607 2588 4658 veram,
2626 4602 2682 4646 et
2707 4593 2933 4663 justam,
2973 4593 3122 4646 nullo
3152 4594 3235 4647 vel
3277 4592 3344 4646 ad
3371 4591 3588 4656 odium,

2017 4687 2103 4741 vel
2124 4685 2271 4740 aliud
2293 4685 2592 4756 quidquam
2616 4698 2890 4754 respectu,
2919 4686 3040 4742 tuli.
3067 4685 3170 4752 Qui
3195 4687 3344 4741 enim
3382 4700 3481 4740 nec
3511 4687 3591 4740 ob

2019 4793 2182 4846 parva
2229 4776 2520 4846 quaedam,
2583 4781 2640 4829 et
2694 4774 3047 4844 despicabilia
3097 4773 3425 4844 litigantium
3459 4773 3588 4842 jura

2018 4867 2305 4937 vilipendi,
2352 4866 2446 4920 sed
2475 4881 2541 4920 ex
2575 4881 2706 4919 vero
2743 4875 2798 4919 et
2826 4866 2974 4936 justo
3002 4867 3092 4934 jus
3126 4865 3238 4918 dixi
3283 4864 3538 4917 omnibus
3563 4901 3586 4924 ,

2017 4959 2192 5012 multo
2233 4959 2417 5013 minus
2452 4958 2505 5011 in
2531 4958 2846 5029 dogmatum
2877 4955 3115 5027 judicio,
3152 4954 3242 5007 ubi
3271 4954 3342 5020 id
3375 4953 3442 5007 de
3471 4968 3587 5021 quo

2016 5051 2324 5120 periculum
2353 5058 2458 5115 est,
2496 5049 2638 5102 Deus
2662 5059 2784 5112 est,
2821 5048 3050 5102 veritate
3097 5044 3396 5114 quidquam
3433 5045 3580 5097 anti-

2020 5141 2181 5209 quius
2212 5140 2401 5206 habui,
2448 5141 2541 5193 sed
2605 5147 2860 5206 tauquam
2893 5146 3194 5206 praesente,
3225 5144 3282 5189 et
3325 5135 3588 5188 audiente

2015 5233 2254 5289 Numine
2307 5232 2557 5301 dogmata
2593 5230 2659 5284 ad
2705 5229 2998 5298 liquidum,
3047 5237 3104 5282 et
3143 5226 3376 5282 ﬁdeliter
3402 5225 3587 5279 discu—

2020 5323 2205 5379 tienda
2244 5337 2368 5377 cum
2403 5337 2706 5382 cura~sem,
2749 5321 3046 5386 Palatinam,
3088 5329 3142 5374 et
3171 5319 3351 5372 socios
3378 5318 3590 5371 sanctis

2015 5417 2274 5472 Patribus
2318 5430 2527 5469 summe
2562 5423 2965 5482 congruentes,
3016 5425 3322 5479 eorumque
3351 5409 3586 5478 vestigia

2019 5507 2304 5563 manifeste
2343 5515 2674 5576 prementes,
2699 5502 2992 5572 Gregoram
3038 5515 3168 5554 vero
3213 5507 3269 5550 et
3297 5498 3454 5560 alios,
3485 5497 3582 5566 qui

2017 5600 2106 5655 bis
2132 5599 2587 5661 adversabantur,
2608 5594 2873 5648 Barlaami
2919 5603 2972 5648 et
3011 5591 3277 5662 Acindyui
3310 5593 3586 5662 genuinos
