3964 6210
314 187 419 250 195

1471 175 1793 238 JOANNIS
1833 173 2358 239 CANTACUZENI

3455 178 3561 248 ινδ

309 292 612 362 discipulos
633 291 840 355 inveni,
869 305 1102 361 quorum
1134 287 1328 360 placita
1350 299 1474 340 cum
1504 285 1733 338 veritate
1769 299 1872 353 pn-

1990 287 2228 350 καὶτοὺς
2264 290 2331 342 τά
2365 289 2452 341 ἴσα
2498 289 2812 359 ᾑρημένους
2836 330 2847 352 ,
2880 292 2991 353 τοῖς
3020 290 3229 358 ἁγίοις,
3261 290 3357 343 καὶ
3388 288 3563 344 θεολό-

312 388 559 460 gnantia,
586 399 643 441 et
678 388 877 455 pietate
908 383 1034 457 ﬁdei
1060 398 1090 435 a
1119 380 1324 435 sanctis
1352 376 1608 432 Patribus
1643 376 1881 440 tradito,

311 496 435 537 esse
482 480 760 535 contraria
787 519 802 545 ,
831 477 1033 532 licebat
1064 474 1227 529 etiam
1278 469 1553 541 magistris
1604 467 1885 537 prioribus

315 573 481 627 tomis
532 572 767 647 discere.
818 567 1001 622 Nihilo
1040 565 1220 618 minus
1259 578 1387 617 eum
1439 560 1776 631 prcscriptis
1814 558 1884 613 ab

316 664 576 719 Ecclesiae
608 659 925 715 doctoribus
959 657 1110 711 velut
1140 654 1450 709 canonibus
1482 668 1549 706 ea
1577 665 1889 720 comparas-

317 772 523 819 semus,
565 752 790 807 minime
821 750 1049 804 dubiam
1073 748 1232 818 plane
1259 744 1704 815 depravationem
1742 743 1887 797 vidi-

316 860 459 897 mus.
502 842 768 906 Quocirca
800 838 1073 907 episcopis
1116 836 1373 890 omnibus
1408 832 1880 902 approbantibus,

314 934 439 986 illos
476 930 694 999 quidem
727 936 786 980 ut
829 938 976 980 recte
1022 926 1322 980 sentientes
1354 922 1585 986 absolvi,
1617 921 1715 974 hos
1753 936 1884 974 con-

312 1022 561 1077 demnavi
596 1040 609 1076 :
654 1036 718 1073 ac
749 1020 817 1073 de
840 1028 1060 1079 caetero,
1100 1025 1158 1069 ut
1192 1031 1409 1085 a-quum
1451 1024 1603 1075 erat,
1657 1012 1882 1066 victori-

310 1116 416 1169 bus
460 1113 611 1167 omni
660 1111 879 1165 ratione
935 1109 1240 1178 adjutorem
1285 1122 1372 1160 me
1406 1104 1613 1174 praebui
1639 1144 1654 1168 ,
1686 1105 1880 1166 victis,

310 1207 513 1261 amissa
545 1190 726 1259 fronte
770 1217 872 1256 nec
903 1202 968 1255 ad
1003 1201 1289 1255 veritatem
1322 1197 1529 1263 redire,
1565 1211 1667 1251 nec
1693 1195 1882 1265 quies-

311 1313 438 1352 cere
468 1295 807 1357 volentibus,
841 1309 945 1349 nec
973 1308 1069 1347 sua
1100 1300 1311 1347 tantum
1345 1293 1589 1363 pernicie
1612 1294 1883 1348 contentis

311 1389 407 1444 sed
441 1387 507 1441 ad
534 1386 679 1440 idem
728 1385 1055 1439 barathrum
1091 1393 1147 1438 et
1187 1382 1323 1438 alios
1354 1383 1729 1448 illicientibus,
1762 1382 1882 1437 sine

313 1482 425 1535 ulla
455 1478 788 1535 verecundia
848 1476 1264 1532 contumeliosis
1293 1515 1309 1539 ,
1355 1486 1410 1530 et
1451 1492 1616 1545 supra
1663 1490 1880 1530 omnem

313 1569 536 1625 modum
567 1568 980 1639 impudentibus
1011 1567 1085 1635 (id
1107 1566 1255 1636 quod
1282 1582 1311 1621 a
1336 1566 1612 1635 principio
1642 1566 1881 1619 inimicis

315 1661 588 1726 veritatis,
616 1670 668 1714 et
698 1660 957 1714 Ecclesia:
987 1658 1238 1713 hostibus
1260 1658 1314 1712 in
1341 1671 1495 1711 more
1524 1656 1646 1726 fuit)
1669 1670 1883 1726 pcenam

315 1756 557 1808 debitam
598 1752 807 1817 inllixi;
868 1752 978 1806 imo
1028 1751 1316 1805 enimvero
1363 1749 1634 1803 minorem
1676 1747 1882 1810 debita,

315 1862 497 1917 neque
536 1846 684 1901 enim
712 1855 771 1899 ut
798 1844 876 1898 illi
902 1844 1102 1896 malum
1126 1841 1272 1911 quod
1324 1839 1700 1903 merebantur,
1738 1837 1886 1891 acci-

316 1947 540 2009 perent,
572 1936 669 1992 sed
706 1950 773 1990 ne
803 1944 1030 2005 possent
1084 1934 1289 1987 malum
1329 1932 1461 1986 dare
1505 1929 1883 2000 providebam.

311 2031 414 2083 Est
472 2037 655 2081 autem
684 2067 698 2091 ,
737 2025 958 2095 opinor,
989 2024 1079 2077 lex
1111 2031 1167 2077 et
1212 2022 1267 2075 in
1307 2020 1431 2075 aliis
1474 2019 1602 2074 vitae
1636 2020 1888 2073 humana:

314 2117 579 2186 publicis.
623 2117 964 2185 privatisque
994 2112 1327 2167 criminibus
1352 2150 1368 2177 ,
1404 2110 1668 2182 jndicem,
1705 2108 1890 2178 prius-

313 2226 474 2278 quam
502 2208 806 2275 litigatores
836 2219 1055 2259 causam
1095 2204 1308 2263 dicant,
1349 2202 1568 2255 nulloin
1604 2200 1886 2262 damnare,

313 2299 419 2354 nisi
447 2299 516 2353 ab
546 2298 724 2353 olIicio
754 2297 883 2351 velit
905 2295 1230 2351 discedere:
1264 2292 1468 2347 auditis
1502 2300 1685 2346 autem
1716 2290 1889 2345 utris-

326 2408 433 2462 que
474 2391 741 2459 partibus,
799 2397 855 2443 et
920 2388 989 2443 ad
1027 2387 1257 2441 alteram
1292 2382 1621 2454 reSpiciente
1654 2381 1890 2437 victoria

316 2479 487 2550 (quod
522 2478 750 2532 omnino
786 2475 1030 2545 Oportet)
1063 2485 1119 2529 et
1144 2474 1320 2544 ipsum
1358 2468 1426 2525 a'd
1454 2470 1773 2525 validiorem
1801 2484 1893 2523 ac-

321 2572 543 2634 cedere,
573 2570 833 2637 illamque
865 2567 1050 2630 aliam,
1080 2580 1200 2634 qua:
1228 2566 1441 2618 lzeserat
1465 2601 1480 2626 ,
1534 2564 1601 2616 ad
1653 2561 1891 2615 ollicium

317 2660 685 2729 compellere,
707 2658 824 2712 Non
846 2657 1017 2727 igitur
1059 2654 1299 2723 iniurius
1328 2654 1565 2722 quilibet
1596 2664 1891 2722 propterea

318 2761 513 2807 contra
550 2752 793 2820 judicem
844 2747 1106 2817 excipiet,
1139 2761 1379 2815 eumque
1409 2760 1509 2815 pro
1542 2745 1744 2813 injusto
1775 2752 1890 2798 tra-

318 2846 503 2909 ducet,
537 2844 664 2913 quia
706 2857 763 2894 se
796 2840 864 2895 ad
904 2839 1089 2893 violati
1128 2847 1314 2908 partes
1358 2835 1698 2907 adjunxerit.
1731 2835 1887 2900 Quod

1988 394 2105 445 γοις
2152 380 2336 446 ἄκρως
2387 380 2834 449 συμφωνοῦντας,
2883 381 3004 434 κατ’
3058 382 3205 448 νῐχνος
3258 382 3562 450 ἑπομένους

1988 468 2255 537 φανερῶς,
2295 468 2582 538 Γρηγορᾶν
2620 468 2677 520 δέ
2710 470 2805 521 καὶ
2848 470 2973 530 τοὺς
3008 469 3200 529 ἄλλους
3249 469 3297 520 οἶ
3335 470 3561 521 ἀντικα-

1988 557 2265 623 θίσταντο,
2300 562 2369 611 τὰ
2409 560 2699 630 Βαρλαάμ,
2746 558 2843 613 καὶ
2881 558 3193 613 ’Δκινδύνου
3239 559 3562 623 δοξάζοντας

1986 649 2437 721 ἀπαραποιήτως,
2470 650 2505 703 ἃ
2533 652 2615 703 ὅτι
2647 651 2749 721 τῆς
2778 652 3037 722 ἀληθείας
3072 651 3303 720 ἔκφυλα,
3338 652 3434 704 καὶ
3460 651 3565 720 τῆς

1986 742 2113 810 περὶ
2143 743 2239 809 τῆς
2270 742 2527 804 εὑσεσοῦς
2560 744 2665 796 ὑπὸ
2697 745 2804 796 τῶν
2832 745 3004 812 ἀγίων
3035 746 3288 814 πατέρων
3324 744 3563 813 παραδο-

1987 831 2173 902 θείσης
2196 835 2428 895 πίστεως
2454 835 2691 898 ἐναντία,
2713 834 2841 901 ἐξῆν
2874 836 2973 904 μὲν
3000 838 3093 889 καὶ
3125 838 3238 896 τοῖς
3270 834 3560 903 προτέροις

1985 924 2171 993 τόμοις
2222 925 2525 994 χρήσασθαι
2572 926 2935 988 διδασκάλοις.
2990 926 3064 978 Οὐ
3131 927 3236 996 μὴν
3286 924 3422 978 ἀλλά
3467 926 3562 977 καὶ

1985 1015 2136 1066 αὐτοὶ
2156 1018 2264 1078 τοῖς
2288 1016 2391 1068 ὑπὸ
2424 1016 2531 1069 τῶν
2556 1016 2891 1070 διδασκάλων
2915 1019 3011 1086 τῆς
3027 1016 3356 1085 Ἐκκλησίας
3384 1032 3562 1084 πείρα⁸

1986 1106 2239 1173 δοθεῖσιν,
2266 1107 2456 1176 ὥσπερ
2477 1109 2664 1161 κανόσι
2698 1100 3062 1178 παραθέντες,
3089 1108 3192 1176 τὴ)
3220 1106 3560 1177 διαστροφὴν

1985 1198 2221 1268 εὕρομεν
2239 1201 2384 1268 σαφῆ
2400 1200 2493 1253 καὶ
2512 1199 2775 1269 καθαρὰν,
2789 1194 2849 1253 οὗ
2862 1200 3025 1252 ἓνεκα
3045 1199 3139 1251 καὶ
3160 1197 3442 1261 αὐτὸς,καὶ
3454 1198 3563 1251 τῶν

1986 1291 2164 1345 ἄλλων
2192 1291 2445 1345 ἁπάντων
2467 1291 2767 1364 ἀρχιερέων
2789 1290 3393 1360 συνεπιψηφιζομένων,
3420 1288 3536 1341 ἐκεί
3546 1320 3566 1330 ο

1986 1400 2109 1445 νους
2137 1383 2234 1453 μὲν
2258 1383 2332 1444 ὼς
2354 1382 2528 1452 ὀρθῶς
2560 1383 2892 1453 φρονοῦντας
2919 1383 3238 1443 ἐδικαίωσα,
3263 1382 3470 1434 τούτων
3503 1379 3562 1432 δὲ

1987 1471 2472 1542 κατεψηφισάμην,
2505 1473 2566 1526 τὸ
2608 1473 2663 1526 δέ
2710 1473 2837 1541 ἐξῆς
2866 1472 3055 1540 ὥσπερ
3083 1468 3150 1543 ἦν
3186 1472 3415 1532 δίκαιον,
3448 1472 3563 1533 τοῖς

1990 1563 2090 1632 μὲν
2116 1562 2445 1634 νενικηκόσι,
2474 1566 2656 1617 πάντα
2688 1564 2886 1635 τρόπον
2914 1563 3287 1633 ἐπεκούρησα,
3320 1565 3432 1624 τοῖς
3461 1564 3563 1630 ἠτ-

1986 1656 2242 1725 τημένοις
2295 1655 2351 1707 δὲ
2399 1656 2837 1726 ἀναισχυντοῦσι,
2885 1656 2981 1708 καὶ
3035 1656 3160 1725 μήτ’
3211 1654 3564 1722 ἐπιστρέφειν

1989 1747 2126 1816 πρὸς
2168 1747 2269 1817 τὴν
2322 1747 2580 1815 ἀλήθειαν
2643 1746 3101 1816 βεδουλημένοις,
3152 1747 3291 1816 μήτε
3332 1743 3563 1815 ησυχίαν

1987 1840 2163 1908 ἄγειν,
2203 1842 2269 1910 τῇ
2312 1842 2552 1911 σφετέρᾳ
2588 1840 2747 1911 μόνον
2795 1840 3084 1903 ἀγαπῶσιν
3110 1838 3375 1908 ἀπωλείᾳ,
3429 1836 3565 1889 ἀλλά

1987 1933 2125 2001 πρδς
2155 1931 2216 1983 τὸ
2249 1933 2362 1984 ἴσον
2404 1932 2677 2003 βάραθρον
2698 1972 2712 1996 ,
2749 1935 2842 1986 καὶ
2873 1931 3065 1993 ἀλλους
3097 1929 3521 1999 ἐκκαλουμένοις
3543 1967 3559 1992 ,

1988 2023 2247 2092 καὶπρὸς
2279 2022 2465 2093 ὕϐρεις
2507 2024 2780 2094 χωροῦσιν
2817 2023 3282 2092 ἀνερυθριάστως,
3329 2022 3422 2075 καὶ
3458 2022 3567 2073 πᾶ·

1991 2129 2091 2166 σαν
2117 2112 2419 2183 hapsoqu
2442 2113 2831 2182 ἀναισχυντίας
2855 2112 3342 2180 ἐπιδεικνυμένοις,
3374 2109 3565 2179 ὥσπερ

1990 2203 2108 2265 ιθος
2142 2202 2375 2273 ἐξαρχῆς
2396 2206 2507 2267 τοῖς
2534 2203 2745 2273 ἐχθροῖς
2773 2204 2871 2272 τῆς
2895 2202 3175 2271 ἀληθείας,
3202 2201 3297 2254 καὶ
3325 2198 3565 2269 τῆςἚκ-

1989 2294 2221 2366 κλησίας
2250 2294 2549 2365 πολεμίοις,
2580 2295 2673 2347 καὶ
2710 2294 2865 2359 δίκην
2893 2293 2992 2364 τὴν
3027 2295 3409 2364 προσήκουσαν
3439 2289 3567 2344 ἐπέ-

1993 2387 2169 2455 θηκα·
2222 2386 2423 2454 μᾶλλον
2466 2385 2523 2438 δὲ
2573 2386 2667 2439 καὶ
2694 2384 2793 2453 τῆς
2839 2385 2996 2451 ἀξίας
3025 2382 3357 2436 ἀποδέουσαν
3400 2380 3562 2446 πολὺ,

1989 2477 2111 2529 οὐδὲ
2168 2476 2277 2545 γὰρ
2328 2474 2421 2528 τοῦ
2470 2475 2657 2539 κακῶς
2713 2477 2958 2537 ἐκείνους
3017 2474 3250 2543 πάσχειν
3304 2473 3564 2542 πρόνοιαν

1992 2567 2361 2637 ἐποιησάμην,
2397 2566 2532 2620 ἀλλά
2585 2567 2678 2619 τοῦ
2713 2567 2787 2637 μὴ
2830 2566 3091 2619 δυνάσθαι
3136 2565 3325 2628 κακῶς
3369 2570 3559 2621 ποιεῖν.
3646 2612 3665 2626 .

1996 2659 2152 2710 Ἔστι
2190 2657 2271 2721 δὲ,
2297 2651 2676 2726 οἷμαι,’νόμος
2707 2658 2799 2710 καὶ
2831 2657 2924 2708 ἐπὶ
2957 2656 3063 2709 τῶν
3091 2656 3265 2710 ἀλλων
3295 2655 3403 2709 τῶν
3435 2655 3564 2727 βιω-

1990 2750 2179 2812 τικῶν,
2208 2750 2301 2802 καί
2329 2748 2626 2819 δημοσίων,
2661 2750 2755 2800 καὶ
2786 2747 2931 2801 ἰδίων
2961 2747 3342 2817 ἐγκλημάτων,
3367 2751 3458 2800 τὸν
3485 2747 3563 2799 δι-

1992 2840 2200 2911 καστὴν
2224 2842 2353 2910 πρὶν
2386 2841 2485 2909 μὲν
2509 2840 2586 2902 είς
2621 2839 2809 2907 λόγους
2835 2839 3296 2907 ἀντικαταστῆναι
3324 2839 3447 2901 τοὺς
3470 2838 3566 2891 ἀλ-

317 2938 589 3007 Gregoras
618 2928 764 2988 nunc
798 2933 1021 2995 faciens,
1057 2929 1369 2999 nonanagis
1407 2927 1701 2993 mendacii,
1723 2944 1886 2996 quam

1992 2934 2172 3001 λήλοις
2200 2927 2645 3001 διαφερομένους,
2681 2930 2906 3000 μηδενὸς
2936 2929 3408 2999 καταψηφίζεσθαι
3431 2929 3565 2998 ἐρή-

318 3028 570 3081 amentiae
618 3034 675 3078 et
722 3020 1092 3092 improbitatis
1145 3019 1461 3089 opinionem
1508 3017 1883 3085 consequitur.

226 3140 235 3143 π
318 3118 473 3185 Quod
521 3127 703 3171 autem
738 3115 1041 3185 legitimum
1088 3112 1156 3167 de
1190 3112 1421 3166 veritate
1467 3124 1689 3163 sensum
1742 3108 1796 3162 in
1827 3122 1886 3162 se

320 3209 605 3278 corrumpi
666 3221 860 3276 passus
890 3246 905 3270 ,
959 3214 1015 3259 et
1046 3204 1223 3273 patria
1252 3203 1416 3272 807
1451 3201 1650 3270 pietate
1674 3200 1886 3268 ejurata

323 3300 685 3354 transversim
722 3307 933 3367 raptus,
961 3312 989 3349 a
1030 3297 1346 3358 Barlaamo,
1371 3304 1424 3347 et
1460 3292 1748 3362 Acindyno
1778 3292 1888 3345 ha:-

321 3390 530 3451 reticis,
568 3397 793 3457 propter
826 3384 1236 3453 improbitatem
1272 3398 1451 3445 suam,
1487 3390 1543 3435 et
1577 3381 1881 3434 lrustratio«

320 3497 446 3534 nem
497 3494 689 3533 eorum
727 3466 847 3546 quae
877 3484 1232 3545 speraverat,
1269 3488 1371 3527 nec
1410 3472 1511 3542 ipsi
1554 3471 1749 3525 anime
1777 3485 1889 3525 sua:

323 3570 573 3643 pepercit
602 3612 616 3636 ,
679 3578 740 3622 ut
775 3569 1137 3622 ulcisceretur
1195 3566 1597 3627 tantummodo,
1633 3579 1661 3616 a
1690 3562 1890 3631 quibus

320 3679 381 3717 se
414 3664 606 3716 laasum
641 3668 816 3730 putat,
853 3659 987 3712 mihi
1013 3657 1209 3712 eadem
1234 3656 1446 3727 objicit,
1500 3655 1688 3709 mirari
1729 3669 1890 3708 nemo

321 3754 504 3808 debet.
534 3752 635 3817 Qui
664 3766 899 3819 namque
924 3750 1093 3802 Deum
1127 3747 1303 3816 ipsum
1340 3762 1450 3799 non
1479 3755 1560 3800 est
1584 3746 1855 3799 reveritus
1875 3782 1890 3807 ,

322 3842 418 3897 sed
465 3852 691 3910 propter
750 3840 936 3893 odium
988 3853 1150 3893 suum
1196 3838 1253 3890 in
1305 3837 1573 3905 quosdam
1630 3837 1893 3891 adversus

321 3933 481 3986 illum
518 3929 812 3983 mendacia
842 3928 1011 3981 multa
1047 3927 1264 3989 eﬂ'udit,
1292 3927 1451 3995 longe
1480 3928 1662 3981 minus
1692 3927 1760 3981 ab
1790 3928 1893 3981 im-

326 4028 601 4085 peratore,
642 4015 945 4084 praesertim
992 4029 1119 4068 cum
1151 4014 1200 4067 ei
1227 4028 1348 4067 cum
1391 4013 1639 4067 olfecisse
1679 4014 1893 4069 videre-

326 4115 441 4169 tur,
476 4114 787 4173 temperare
823 4104 1019 4157 voluit.
1070 4103 1262 4157 Pietati
1297 4088 1478 4156 autem
1512 4118 1645 4156 mea:
1669 4142 1683 4166 ,
1730 4113 1783 4157 et
1837 4104 1891 4157 in

325 4212 479 4259 vera,
512 4204 678 4265 atque
716 4195 859 4247 avita
899 4193 1159 4262 religione
1199 4194 1525 4248 constantiae
1566 4204 1674 4247 tota
1704 4195 1891 4248 Eccle-

326 4288 429 4349 sia,
470 4286 640 4356 gratia
677 4285 769 4338 Dei
803 4284 856 4338 in
912 4284 1141 4338 veritate
1180 4284 1416 4337 stabilita
1442 4324 1455 4346 ,
1495 4283 1890 4357 etapostolicis
1924 4275 1966 4327 Ῑ)

326 4378 715 4432 traditionibus
746 4376 938 4430 sedqu
976 4375 1272 4441 inhaerens,
1313 4376 1685 4429 testimonium
1718 4376 1892 4440 dabit,

298 4472 431 4520 'nec
459 4466 642 4520 minus
663 4467 779 4535 ipse
811 4464 1108 4533 Gregoras,
1148 4471 1433 4518 accusator
1464 4478 1639 4529 meus,
1661 4464 1752 4532 qui
1783 4472 1896 4517 toto

328 4557 455 4610 belli
491 4565 735 4625 tempore
781 4570 890 4608 non
932 4556 1110 4610 solum
1159 4555 1227 4627 de
1274 4554 1529 4607 laudibus
1562 4556 1697 4608 meis
1730 4555 1898 4608 multa

330 4646 599 4701 disseruit
635 4645 771 4715 (18),
811 4644 907 4697 sed
942 4644 1107 4697 etiam
1163 4644 1543 4699 benevolentia
1573 4644 1819 4712 quadam
1843 4644 1899 4697 in

330 4756 453 4803 me,
509 4753 628 4792 mea
692 4752 854 4792 causa
916 4746 1157 4791 extrema
1204 4735 1414 4805 perpeti
1467 4744 1688 4804 paratus
1741 4735 1887 4799 fuit,

326 4830 543 4899 quando
576 4830 767 4884 eadem
818 4828 1143 4892 sentiebant,
1173 4843 1293 4896 qua:
1339 4826 1501 4879 hodie
1527 4825 1724 4880 sentio.
1754 4825 1891 4881 Nam

328 4922 733 4976 damnationem
773 4920 1065 4985 Barlaami,
1100 4934 1205 4989 qua
1238 4918 1390 4973 illum
1439 4917 1591 4974 feriit
1620 4917 1896 4973 Androni-

328 5027 427 5066 cus
457 5012 777 5082 imperator,
836 5013 951 5081 ipse
974 5010 1311 5082 approbavi,
1346 5020 1400 5065 et
1437 5017 1559 5081 post
1602 5010 1723 5080 ejus
1750 5026 1898 5065 mor-

329 5112 437 5156 tem
490 5119 706 5157 rursum
759 5104 1098 5175 Acindynum
1147 5102 1436 5166 damnavi,
1467 5102 1674 5171 Joanne
1731 5103 1897 5172 patri-

328 5193 495 5249 archa
526 5197 797 5265 synodum
831 5208 1170 5249 convocante
1190 5235 1205 5261 ,
1239 5204 1295 5249 et
1324 5195 1702 5249 stomachante
1733 5196 1901 5249 vehe-

1991 3038 2119 3092 μην,
2158 3024 2208 3075 εί
2269 3023 2344 3091 μὴ
2401 3020 2645 3089 βούλοιτο
2685 3021 2988 3092 ἐκδιαιτᾷν·
3036 3020 3254 3073 ἐπειδὰν
3288 3020 3343 3073 δέ
3374 3020 3565 3090 ἧκοιεν

1990 3114 2070 3177 είς
2097 3114 2309 3180 λόγους,
2332 3114 2425 3165 καὶ
2446 3114 2481 3183 ἡ
2502 3113 2623 3181 νίκη
2645 3114 2887 3183 χωρήσοι
2910 3112 3046 3182 πρὸς
3070 3112 3162 3164 τὸν
3184 3112 3392 3180 ἕτερον,
3416 3112 3565 3164 πᾶσα

1990 3207 2096 3274 γάρ
2127 3207 2338 3275 ἀνάγκη
2388 3208 2481 3258 καὶ
2519 3204 2682 3257 αὐτὸν
2724 3204 2800 3273 τῷ
2844 3204 2903 3256 τὸ
2952 3204 3118 3256 πλέον
3175 3203 3354 3273 ἔχοντι
3399 3220 3568 3273 προσ-

1988 3299 2255 3364 τίθεσθαι,
2284 3299 2377 3351 καὶ
2404 3297 2837 3367 καταναγκάζειν
2862 3297 2952 3350 τὸν
2978 3296 3267 3352 ἀδικοῦντα
3286 3296 3355 3350 τὰ
3378 3296 3564 3350 δίκαια

1992 3393 2185 3455 ποιεῖν,
2226 3391 2285 3442 οὐ
2317 3390 2381 3459 δὴ
2411 3390 2497 3442 διά
2529 3390 2686 3443 τοῦτο
2718 3392 2825 3452 πᾶς
2854 3406 2938 3452 τις
2968 3389 3171 3442 ἀδικῶν
3199 3387 3564 3459 παραγράψαι

1990 3499 2082 3533 ται
2134 3480 2224 3534 τὸν
2256 3481 2537 3550 δικαστὴν,
2588 3483 2682 3534 καὶ
2724 3480 2940 3535 ἀδικίαν
2982 3480 3326 3543 ἐπικαλέσει,
3366 3480 3449 3532 ὅτι
3486 3479 3564 3549 τῷ

1991 3572 2305 3643 ἠδικημένῳ
2335 3573 2663 3644 προσετέθη.
2700 3575 2767 3626 Ἀ
2798 3574 3087 3645 Γρηγορᾶς
3118 3574 3233 3626 νυνὶ
3267 3573 3459 3638 ποιῶν,
3499 3572 3561 3625 οὐ

1996 3665 2197 3733 μᾶλλον
2225 3665 2599 3734 ψευδολογίας,
2637 3666 2669 3735 ἢ
2701 3666 2909 3728 ἀνοίας,
2944 3667 3038 3719 καὶ
3073 3665 3374 3735 μοχθηρίας
3406 3664 3565 3727 δόξαν

1992 3757 2347 3825 ἀποφέρεται.
2369 3758 2492 3809 Ὀτι
2514 3757 2557 3809 δ’
2586 3757 2747 3819 αὐτὸς
2771 3757 2868 3826 τὴν
2894 3757 3230 3827 διαστροφὴν
3254 3754 3444 3808 παθὼν
3467 3754 3565 3821 τῆς

1993 3850 2271 3918 ἀληθείας,
2303 3850 2397 3902 καὶ
2427 3848 2525 3919 τὴν
2557 3849 2787 3919 πάτριον
2814 3848 3100 3901 εὐσέϐειαν
3135 3847 3560 3916 ἐξομοσάμενος,

1992 3940 2087 3992 καὶ
2143 3938 2506 4007 συναπαχθεὶς
2563 3940 2677 4000 τοῖς
2732 3939 3026 4008 αἱρετικοῖς
3091 3938 3415 4007 Ἀκινδύνῳ,
3472 3936 3563 3988 καὶ

1993 4030 2257 4100 Βαρλαάμ
2282 4030 2385 4082 ὑπὸ
2412 4028 2710 4099 μοχθηρίας
2731 4029 2966 4097 τρόπων,
2990 4028 3085 4081 καὶ
3110 4029 3433 4098 ἀποτυχίας,
3462 4022 3567 4081 ὧν·

1994 4139 2098 4191 περ
2120 4123 2367 4192 ἤλπισεν,
2401 4121 2703 4190 ἀφειδήσας
2732 4121 2828 4174 καὶ
2847 4120 3027 4191 ψυχῆς
3060 4121 3256 4190 αὐτῆς,
3289 4122 3374 4171 ίνα
3405 4122 3566 4184 μόνον

1996 4212 2273 4282 ἀμύνηται
2318 4215 2444 4274 τοὺς
2483 4210 2743 4276 δόξαντας
2782 4212 3167 4283 λελυπηκέναι,
3211 4212 3331 4281 ἐμοὶ
3365 4212 3431 4264 τά
3474 4212 3567 4264 ῐσα
3604 4267 3614 4276 _

1994 4304 2238 4370 ἐγκαλεῖ,
2273 4304 2619 4373 ζθαυμαστὺν
2650 4303 2821 4357 οὐδέν.
2871 4306 2965 4367 ’³ος
3011 4304 3120 4374 γὰρ
3161 4305 3261 4356 οὐκ
3307 4304 3567 4373 ἐφείσατο

1993 4357 2167 4461 Θεοῦ,
2200 4357 2335 4449 ἀλλά
2381 4357 2469 4449 διὰ
2500 4396 2598 4465 τὴν
2639 4397 2773 4465 πρός
2818 4357 2975 4459 τινας
3022 4357 3321 4465 ἀπέχθειαν
3351 4357 3563 4447 ἐκείνου
3601 4357 3623 4481 ξ

1992 4488 2168 4556 ψευδῆ
2213 4486 2382 4539 πολλὰ
2417 4490 2669 4551 κατεῖπε,
2705 4488 2864 4557 σχολῇ
2902 4488 2952 4556 γ’
2988 4488 3054 4541 ἂν
3100 4488 3371 4557 ἀπέσχετο
3412 4486 3566 4557 βασιο

1995 4578 2154 4642 λέως,
2184 4579 2278 4655 καὶ
2306 4576 2481 4630 ταῦτα
2509 4579 2756 4642 δόξαντος
2792 4579 3179 4647 λελυπηκέναι,
3212 4580 3294 4631 ὅτι
3330 4577 3375 4632 δ’
3406 4578 3565 4630 εὐσε-

1997 4669 2094 4738 6ὴς
2126 4669 2235 4736 ἐγὼ
2268 4668 2484 4735 καὶτῆς
2512 4669 2699 4738 όρθῆς,
2728 4669 2820 4721 καὶ
2857 4671 3087 4739 πατρίου
3118 4669 3275 4739 δόξης
3309 4669 3563 4738 ἐξεχόμε-

2000 4779 2087 4823 νος
2113 4760 2377 4831 ἀκριὸῶς,
2408 4762 2502 4814 καὶ
2528 4762 2676 4815 πᾶσα
2709 4761 2806 4830 μὲν
2838 4756 3563 4830 ἡτῶνᾏρθοδόξωνἘκκλη-

2000 4851 2091 4904 σία
2112 4853 2615 4920 συμμαρτυρήσειε,
2641 4851 2823 4919 χάριτι
2841 4848 2973 4899 Θεοῦ
2997 4848 3230 4917 βεϐαίως
3250 4848 3563 4917 ὴδρασμένη

1993 4960 2060 4996 πε
2071 4945 2122 5014 pl.
2143 4943 2241 5012 τὴν
2264 4943 2545 5012 ἀλήθειαν,
2573 4941 2789 4995 καὶτῶν
2816 4940 3189 4994 άποστολικῶν
3212 4942 3565 5010 παραδόσεων

1994 5037 2227 5105 ἐχομένη
2255 5034 2497 5103 ἀκριϐῶς
2518 5051 2533 5066 ο
2563 5035 2661 5102 οὐχ
2689 5029 2852 5102 ἦττον
2880 5032 2936 5085 δὲ
2962 5034 3056 5085 καὶ
3084 5033 3369 5102 Γρηγορᾶε
3401 5033 3565 5095 αὐτὸς

1994 5129 2022 5180 ὁ
2048 5128 2165 5180 νυνὶ
2200 5125 2425 5177 τοιαῦτα
2459 5125 2730 5193 ἐγκαλῶν,
2766 5126 2917 5194 παρά
2946 5124 3122 5177 πάντα
3152 5126 3245 5177 τὸν
3278 5124 3372 5177 τοῦ
3405 5126 3564 5177 πολέ-

2001 5232 2104 5285 μου
2134 5218 2324 5267 νοξνον
2368 5215 2431 5267 οὑ
2466 5215 2624 5267 μόνον
2651 5213 2906 5284 ἐγκώμια
2943 5214 3114 5269 πολλὰ
3144 5205 3367 5279 διεξιὼν’
3401 5213 3558 5284 ἐμοῦ,

1571 5378 1788 5439 Jacobi
1822 5376 2083 5438 Pontani
2119 5382 2305 5437 notae.

399 5523 507 5587 (18)
545 5522 727 5589 Elogia
761 5522 849 5576 illa
881 5521 1043 5575 simul
1072 5536 1181 5575 uno
1204 5522 1326 5575 loco
1360 5530 1484 5591 post
1515 5521 1692 5576 Vitam
1749 5520 2136 5588 Cantacuzeni,
2160 5537 2223 5575 ex
2265 5521 2506 5591 Gregora
2545 5520 2797 5587 collecta,
2818 5521 3344 5591 posuinms.Bellum
3379 5529 3558 5573 autem

329 5593 603 5661 intelligit,
634 5594 776 5659 quod
808 5593 1152 5647 Andronicus
1197 5607 1369 5661 nepos
1406 5608 1531 5647 cum
1566 5607 1669 5645 avo
1699 5593 1886 5658 gessit.
