3964 6210
1687 82 1799 100 .-u.'g
1832 80 1945 98 Μ(
1980 92 2027 100 ς’

286 223 384 288 197
1433 224 1971 284 IIISTORIARUM
2014 225 2241 284 LIBER
2280 228 2378 289 1V.
3430 230 3534 297 198

279 340 417 393 ἀλλὰ
452 340 546 392 καὶ
576 336 645 392 τὰ
678 338 882 410 ἔσχατα
916 336 1210 407 ὑπομένειν
1238 336 1377 407 ὐπ’ὲρ
1404 339 1505 408 τῆς
1534 340 1615 402 είς
1647 340 1747 408 ἐμὲ
1774 339 1860 391 εὑ-

1974 340 2241 403 mentius,
2270 350 2497 410 propter
2538 353 2600 393 ea
2627 355 2748 410 qua:
2797 341 3117 414 Acindynus
3145 342 3427 401 Barlaamo
3449 365 3536 419 pa-

281 434 433 495 νοίας
463 434 764 502 ᾑρημένος,
794 433 882 484 ὅτε
911 431 981 484 τὰ
1010 431 1153 484 αὐτὰ
1182 434 1446 501 ἐφρόνουν
1478 427 1568 484 οἷα
1601 432 1693 483 καὶ
1722 431 1860 485 νυνί.

1978 430 2278 493 trocinans,
2315 431 2369 484 in
2407 432 2626 486 Palama
2668 433 2994 504 caeterisque
3029 436 3316 491 monachis
3343 439 3545 508 injuste

274 526 357 595 Τῇ
446 528 557 595 γὰρ
630 526 738 577 ὑπὸ
800 524 1063 592 βασιλέως
1132 522 1529 592 ἐξενηνεγμένῃ
1597 521 1860 590 καταδίκῃ

1971 531 2349 576 accusaverat.

274 618 567 690 B;pla&p.,
613 621 708 672 καὶ
736 619 899 682 αὐτὸς
954 618 1525 688 συνεπεψηφισάμην,
1562 618 1658 670 καὶ
1700 617 1839 685 μετὰ
1882 618 1981 685 τὴν
2016 616 2226 669 ἐκείνου
2253 617 2545 686 τελευτὴν,
2603 614 2761 681 αὖθις
2824 620 3129 675 ’Δκίνδυνον
3179 623 3544 685 κατεδίκασα.

286 714 539 769 Ἰωάννου
578 716 702 767 τότε
772 715 1118 785 πατριάρχου
1148 714 1247 785 τὴν
1272 714 1492 767 συνόδον
1526 711 1980 781 συγκροτοῦντος,
2015 713 2110 765 καὶ
2136 713 2198 765 οὐ
2236 714 2432 783 μέτρια
2463 714 2927 783 ἀγανακτοῦντος,
2960 716 3045 787 ἐφ’
3114 713 3196 782 οἷς
3237 720 3545 782 ’Δκίνδυνος

274 811 541 880 Παλαμᾶ,
598 811 695 863 καὶ
744 810 853 863 τῶν
909 810 1086 865 ἄλλων
1130 810 1382 880 μοναχῶν
1435 809 1635 871 ἀδίκως
1668 792 2265 879 κατηγόρειΒαρλαὰμ
2297 812 2633 880 συνηγορῶν.

1697 939 1924 996 CAPUT
1958 938 2123 994 XXV.

265 1054 544 1135 (ingeras
569 1054 791 1135 habetur
842 1056 1090 1120 mendax,
1142 1055 1614 1135 intpudens,_levis.
1671 1053 1848 1135 Negat
1896 1071 1951 1108 se
1980 1064 2183 1135 centra
2214 1055 2583 1135 imperatorem
2634 1060 2950 1135 scripsissse,
2978 1068 3026 1114 et
3074 1062 3282 1135 abolere
3310 1080 3371 1118 ea
3408 1066 3538 1121 vult.

268 1123 288 1135 "
367 1123 717 1201 Imperatoris
751 1141 1055 1201 responsum
1097 1123 1243 1201 gravi
1284 1128 1677 1201 reprehensione
1722 1125 1955 1201 plenum.
2004 1123 2183 1178 Veneti
2231 1124 2477 1178 (inlatam
2525 1138 2678 1182 noctu
2712 1123 2910 1201 a'pertis
2943 1133 3110 1200 portis
3142 1134 3541 1201 ingrediuntur;

357 1195 527 1246 armis
558 1205 741 1263 postea
765 1194 1136 1266 repelluntur.
1159 1197 1447 1250 Onerarias
1487 1212 1661 1249 secum
1692 1196 2036 1259 abstrahunt;
2065 1202 2436 1266 prwtereuntes
2482 1201 2709 1266 uexant;
2738 1194 2996 1254 auxilium
3027 1194 3219 1257 contra.
3249 1194 3542 1260 Genuenses

345 1273 553 1344 petunt.
590 1279 683 1343 nec
721 1263 976 1344 obtinent.
1035 1263 1265 1344 _Ga!ata:i
1305 1267 1513 1344 veniunt
1548 1276 1724 1344 erant,
1764 1271 1813 1344 et
1872 1280 1959 1344 ne.
1984 1266 2153 1317 hostes
2181 1264 2441 1344 adjuvet.
2482 1263 2800 1344 Venetorum
2862 1286 2981 1344 cum
3022 1271 3337 1344 imperatore
3373 1275 3539 1344 [trdus

349 1334 755 1402 temporarium.
790 1331 949 1403 Origo
1000 1334 1112 1403 ejus
1142 1335 1553 1389 consuetudinis.
1593 1334 1775 1388 Veneti
1815 1350 1919 1387 non
1942 1334 2223 1404 impetrato
2259 1331 2479 1401 auxilio,
2518 1337 2899 1409 indignabundi
2932 1331 3197 1396 recedunt.

346 1450 589 1503 Τοιαῦτα
623 1452 722 1520 μὲν
748 1452 1003 1521 βασιλεὺς
1047 1452 1076 1504 ὁ
1110 1453 1562 1523 Καντακουζηνδς
1594 1451 1821 1522 ὕστερον
1841 1493 1856 1517 ,

2035 1453 2161 1507 Haec
2180 1455 2601 1509 Cantacuzenus
2624 1456 2924 1525 imperator
2946 1467 3159 1528 postea.
3189 1475 3312 1514 cum
3337 1460 3540 1530 scripta

278 1541 403 1595 ἐπεὶ
428 1543 510 1603 είς
538 1546 729 1614 χεῖρας
758 1541 906 1614 αὐτῷ
948 1545 1015 1597 τὰ
1057 1545 1314 1615 Γρηγορᾶ
1347 1545 1654 1615 γράμματα
1699 1546 1861 1614 ἣκει,

277 1636 607 1701 ἁπεγορεῖτο
677 1634 811 1704 περὶ
849 1634 1069 1698 ἐαυτοῦ,
1122 1637 1219 1689 καὶ
1258 1635 1451 1705 ψευδῆ,
1489 1636 1583 1688 καὶ
1624 1635 1864 1690 ἀπίθανα

280 1725 725 1795 συγγεγραφέναι
746 1726 1105 1779 ἀπεδείκνυεν
1126 1729 1355 1781 ἐκεῖνον.
1383 1728 1616 1781 Ἔπειτα
1635 1726 1732 1780 καὶ
1754 1727 1863 1779 τῶν

291 1817 582 1887 Ῥωμαίων
603 1820 729 1882 τοὺς
751 1821 810 1873 ἐν
830 1819 976 1889 λόγῳ
1003 1820 1257 1888 μάλιστα,
1282 1822 1377 1873 καὶ
1403 1821 1863 1890 ἐπιφανεστέρους

279 1915 599 1985 ἐξεπίτηδες
638 1914 1145 1983 ωγκαλεσάμενος,
1190 1914 1272 1976 είς
1319 1914 1559 1983 ἐπήκοον
1587 1913 1865 1983 ἀναγινώ-

283 2005 515 2057 σκεσθαι
550 2007 787 2075 παρεῖχε
816 2006 1069 2071 πάντων,
1106 2006 1202 2059 καὶ
1233 2004 1435 2075 πολλὴν
1461 2005 1627 2059 αὑτοῦ
1661 2006 1863 2069 πάντες

282 2095 697 2164 κατεγίνωσκον
726 2080 1101 2165 ψευδολογίαν,
1131 2097 1227 2150 καὶ
1280 2096 1572 2159 ἀναιδείαν,
1604 2100 1700 2151 καὶ
1734 2115 1862 2150 κου-

280 2191 510 2259 φότητα,
556 2188 640 2241 ὃτι
692 2188 819 2259 περὶ
841 2189 1117 2258 δημοσίων
1168 2190 1538 2260 πραγμάτων,
1585 2189 1621 2243 ἆ
1654 2191 1860 2256 πολλοὶ,

284 2281 491 2349 μᾶλλον
518 2280 564 2333 δ’
605 2278 844 2343 ἅπαντες
880 2281 1149 2344 συνίσασι,
1187 2281 1426 2352 γράφειν
1456 2261 1739 2351 προείλετο
1762 2282 1863 2335 οὐκ

283 2374 488 2443 ἀληθεῖ,
518 2375 602 2441 ἐφ’
633 2368 713 2435 οἷς
738 2372 931 2443 ἔμελλε
964 2374 1138 2442 ῥᾷστα
1165 2373 1569 2443 ἀπελέγχεσθαι
1598 2374 1865 2443 ψευδόμε-

283 2484 397 2529 νος.
436 2468 751 2537 Πυθόμενος
785 2467 842 2519 δὲ
883 2468 911 2519 ὁ
949 2466 1237 2536 Γρηγορᾶς
1270 2463 1306 2517 ἃ
1348 2465 1568 2535 δράσειε
1610 2465 1865 2535 βασιλεὺς

280 2560 349 2612 τὰ
404 2560 621 2611 ἐκείνου
684 2557 1060 2627 θριαμσεύσας
1116 2557 1448 2627 πλάσματα,
1498 2556 1559 2608 οὐ
1624 2546 1861 2625 μετρίως

169 2644 179 2663 ⁸
281 2649 521 2717 ἠνιάθη,
561 2648 685 2701 δθεν
724 2649 819 2701 καὶ
864 2646 1139 2717 συντυχὼν
1180 2646 1424 2717 ὕστερον,
1476 2641 1719 2707 ὠνείδιζε
1770 2643 1863 2694 τὸν

280 2741 579 2812 θριάμόον,
612 2742 686 2805 ὼς
724 2742 813 2794 ἐπ’
847 2741 1057 2794 ἐκείνου
1088 2742 1154 2811 τῇ
1202 2738 1435 2810 αίσχύνῃ
1471 2736 1855 2807 είργασμένον.

282 2833 537 2900 Ἐφασκέ
567 2850 625 2885 τε
648 2833 747 2902 τὴν
779 2834 876 2901 μὲν
900 2832 1037 2902 πρὸς
1059 2832 1152 2884 τὸν
1176 2831 1343 2900 τόμον
1364 2829 1696 2897 ἀντιλογίαν,
1723 2827 1860 2880 ίδίαν

280 2921 419 2978 εἶναι
443 2941 461 2957 ·
498 2925 568 2977 τὰ
606 2924 661 2977 δέ
701 2924 824 2978 κατ’
854 2923 1017 2978 αὐτοῦ
1066 2922 1554 2992 συγγεγραμμένα,
1604 2921 1725 2973 ὅτου
1773 2919 1857 2990 εἴη

282 3019 504 3082 ἀγνοεῖν
532 3033 545 3047 ⁸
584 3016 872 3087 βούλεσθαι
911 3016 966 3068 δέ
1012 3014 1299 3082 ἀφανίζειν
1330 3014 1621 3084 ἐντυχόντα
1644 3012 1736 3065 καὶ
1757 3011 1858 3063 αὖ·

276 3108 401 3159 τόν⁹
446 3107 486 3160 ἃ
520 3110 571 3159 εί
614 3106 707 3158 καὶ
737 3107 1003 3175 πρότερον
1031 3106 1287 3174 ἐπέμφθη
1329 3104 1466 3174 πρὸς
1505 3102 1688 3167 αὑτὸν,
1724 3101 1862 3173 πυρὶ

278 3197 577 3266 παρεδίδου
620 3196 686 3249 ἂν
726 3197 854 3266 πρὶν
876 3196 957 3257 είς
992 3195 1182 3264 ἐτέρας
1200 3195 1357 3265 ἥκειν
1383 3195 1571 3259 ἀκοάς.
1598 3191 1863 3255 Βασιλεὺς

276 3292 319 3342 δ’
348 3293 619 3357 ἔφασκεν,
662 3289 722 3341 οὑ
762 3290 994 3360 συνορᾷν
1022 3288 1171 3358 αὐτῷ
1213 3290 1340 3351 τοὺς
1391 3288 1582 3355 λόγους
1639 3290 1719 3350 είς
1750 3289 1779 3340 ὅ
1810 3303 1862 3339 τι

278 3382 473 3433 τέίνει.
508 3380 576 3432 Ei
604 3380 703 3449 μὲν
732 3378 843 3446 γὰρ
875 3379 948 3448 μὴ
973 3380 1039 3431 τὰ
1072 3378 1542 3449 συγγεγραμμένα
1568 3378 1762 3448 ἢθελεν
1782 3373 1862 3431 εἶ-

275 3488 363 3524 ναι
410 3472 656 3546 φανερὰ,
704 3470 821 3524 ἀλλ’
872 3471 1109 3540 ἀφανείᾳ
1155 3472 1326 3541 πολλῇ
1376 3471 1707 3541 κατέχεσθαι
1762 3474 1857 3524 τ’,ν

274 3566 462 3617 πάντα
504 3564 719 3632 χρόνον,
762 3561 878 3616 ἀνθ’
918 3564 1039 3615 ὅτου
1089 3563 1356 3624 συντιθεὶς
1402 3562 1659 3615 τοσοῦτον
1702 3563 1863 3615 πόνον

273 3656 563 3723 ἠνεγκεν;
598 3656 661 3708 Εἰ
689 3655 758 3719 δ’,
802 3656 935 3726 ὅπερ
966 3655 1173 3708 δίκαιον
1194 3696 1209 3713 .
1250 3655 1450 3723 μᾶλλον
1486 3652 1621 3708 εἶναι
1654 3656 1862 3725 φανερὰ

273 3747 562 3810 ἐϐούλετο,
589 3748 682 3799 καὶ
710 3747 946 3814 μεγάλας
970 3746 1035 3800 ἂν
1060 3748 1144 3815 εῐη
1178 3746 1405 3816 χάριτας
1421 3743 1618 3800 εἰδέναι
1636 3747 1860 3810 δίκαιος.

269 3839 352 3891 ὅτι
382 3841 492 3892 ἐπὶ
533 3839 805 3891 τοσούτων
836 3840 932 3893 καὶ
964 3838 1074 3892 τῶν
1115 3838 1556 3906 ὶπιφανεστέρων
1590 3839 1825 3907 μάλιστα
1845 3878 1859 3903 ,

274 3931 367 3982 καὶ
424 3931 742 3996 θαυμάζειν
788 3930 963 3985 λόγων
1011 3930 1241 3999 δύναμιν
1290 3928 1508 3982 είδότων
1550 3930 1860 4000 παρέσχετο

270 4022 784 4089 ἀναγινώσκεσθαι,
809 4023 874 4074 ἶν’
893 4024 1170 4074 ἐπαινοῖτό
1191 4038 1272 4087 τε,
1297 4020 1504 4082 καὶτὰς
1527 4022 1863 4090 ἐπικαρπίας

1965 1543 2216 1614 Gregora:
2243 1545 2296 1599 in
2330 1561 2528 1600 manus
2548 1547 2669 1617 ejus
2692 1547 2997 1614 venissent,
3026 1564 3127 1617 pro
3153 1564 3213 1604 se
3236 1551 3542 1621 respondit,

1964 1635 2255 1705 ipsumque
2283 1635 2440 1704 falsa,
2481 1647 2538 1692 et
2598 1636 2944 1694 incredibilia
2989 1640 3276 1711 scripsisse
3315 1642 3543 1698 demon-

1964 1727 2182 1780 stravit.
2220 1726 2427 1782 Deinde
2460 1727 2923 1795 honoratissimis,
2958 1740 3014 1785 et
3043 1732 3404 1788 nobilissimis
3433 1735 3542 1790 Ro-

1965 1834 2256 1873 manorum
2284 1819 2469 1874 dedita
2505 1834 2674 1889 opera
2709 1822 3050 1889 convocatis,
3088 1823 3145 1877 in
3170 1836 3363 1879 eorum
3394 1841 3539 1896 prae-
3645 1833 3648 1837 ‘

1965 1910 2140 1964 sentia
2183 1910 2403 1965 recitari
2448 1911 2611 1965 ambo
2648 1910 2858 1981 jussit,
2902 1927 3205 1984 omnesque
3238 1916 3537 1986 Gregoram

1965 2000 2284 2055 mendacem
2336 2001 2687 2071 graphicum,
2721 2011 2779 2057 et
2825 2001 3103 2059 hominem
3149 2006 3291 2061 bene
3322 2007 3541 2063 invere-

1964 2090 2232 2155 cundum,
2263 2106 2329 2145 ac
2360 2091 2532 2145 levem
2568 2092 3034 2162 pronuntiarunt,
3077 2096 3223 2166 quod
3261 2098 3327 2152 de
3355 2099 3538 2168 publi-

1964 2183 2045 2235 cis
2086 2182 2271 2245 rebus,
2305 2196 2445 2250 quas
2480 2183 2730 2252 plerique
2766 2197 2960 2240 omnes
2989 2196 3251 2253 nossent,
3281 2188 3536 2258 ﬁgmenta

1964 2273 2165 2328 litteris
2202 2273 2466 2328 mandare
2504 2288 2616 2328 non
2661 2274 2988 2344 dubitasset,
3020 2278 3157 2333 a'deo
3202 2291 3263 2333 ut
3309 2282 3537 2339 menda-

1964 2365 2176 2419 ciorum
2216 2365 2471 2420 convinci
2500 2363 2993 2436 facillime‘posset.
3025 2368 3315 2440 Gregoras,
3344 2371 3538 2425 audito

1963 2456 2107 2526 quod
2138 2457 2439 2526 imperator
2464 2453 2724 2523 fecisset,
2763 2467 2818 2513 et
2843 2460 3121 2529 quomodo
3159 2462 3227 2516 de
3249 2463 3368 2534 ejus
3391 2478 3540 2517 com-

1963 2549 2165 2604 mentis
2223 2549 2568 2620 triumphum
2632 2551 2877 2621 egisset,
2908 2553 3132 2607 tristitia
3175 2570 3282 2608 non
3328 2554 3535 2623 vulgari

1962 2640 2214 2707 aﬂ‘ec‘tus,
2236 2654 2361 2695 eum
2380 2642 2739 2708 convenit,de
2760 2643 3040 2713 triumpho
3060 2643 3173 2709 illo,
3203 2655 3263 2699 ut
3282 2646 3348 2699 ad
3369 2647 3539 2716 808

1964 2732 2208 2787 dedecus
2235 2745 2396 2787 suum
2439 2734 2717 2801 lnstituto,
2747 2746 3084 2804 conquestus
3111 2747 3215 2791 est.
3248 2736 3380 2803 Qum
3408 2752 3541 2791 con-

1963 2834 2043 2878 tra
2071 2836 2279 2878 tomum
2318 2824 2463 2879 dicta
2508 2826 2641 2891 sint,
2672 2840 2771 2879 sua
2796 2840 2957 2891 esse;
2991 2842 3113 2896 quae
3142 2838 3332 2882 contra
3358 2829 3536 2899 ipsum

1962 2914 2350 2983 imperatorem
2379 2952 2395 2979 ,
2424 2916 2645 2970 nescire
2687 2931 2746 2970 se
2776 2917 2935 2986 Cujus
2968 2918 3075 2971 sint
3104 2936 3117 2984 ;
3158 2919 3298 2972 velle
3327 2930 3535 2985 autem,

1961 3001 2055 3057 ubi
2090 3005 2372 3069 inciderit,
2410 3020 2473 3059 ea
2531 3007 2917 3076 supprimere;
2953 3022 3073 3077 qua:
3113 3007 3156 3061 si
3186 3010 3339 3078 prius
3384 3025 3540 3065 acce-

1971 3095 2164 3163 pisset,
2195 3111 2360 3164 quam
2394 3097 2460 3150 ad
2492 3096 2727 3150 aliorum
2762 3112 2924 3152 aures
2948 3098 3223 3164 venirent,
3249 3099 3356 3168 igni
3383 3116 3539 3154 man-

1963 3187 2219 3242 daturum
2251 3188 2443 3242 fuisse.
2483 3188 2583 3241 Hic
2629 3188 2956 3257 imperator,
2986 3204 3096 3242 non
3134 3204 3192 3243 se
3225 3191 3539 3259 perspicere

1963 3294 2227 3348 quorsum
2253 3279 2422 3332 verba
2444 3280 2566 3350 eius
2589 3280 2925 3349 pertineant.
2954 3279 3009 3335 Si
3034 3282 3181 3335 enim
3208 3283 3408 3352 scripta
3438 3300 3539 3337 sua

1963 3368 2186 3423 nolebat
2212 3369 2364 3445 exire
2398 3370 2450 3422 in
2476 3369 2780 3438 publicum,
2816 3384 2918 3422 cur
2948 3379 3158 3424 tantum
3192 3370 3437 3425 laborem
3483 3373 3537 3426 in

1964 3459 2345 3528 componendo
2381 3460 2730 3528 susceperit?
2769 3463 2813 3513 si
2845 3469 3054 3524 autem,
3094 3462 3241 3530 quod
3284 3463 3494 3531 aquius
3520 3502 3537 3525 ,

1965 3552 2185 3621 publica
2240 3552 2459 3606 volebat
2506 3567 2648 3619 esse,
2699 3554 2867 3607 etiam
2918 3567 3142 3623 magnas
3176 3553 3281 3607 sibi
3333 3554 3539 3622 gratias

1963 3644 2161 3696 merito
2194 3643 2397 3697 debere
2422 3684 2436 3707 ,
2469 3657 2593 3697 cum
2625 3657 2809 3697 curam
2843 3652 2951 3696 tam
2987 3642 3175 3697 multis
3215 3651 3271 3697 ct
3308 3642 3541 3696 illustri-

1964 3737 2088 3801 bus,
2112 3747 2167 3791 et
2193 3738 2303 3791 vim
2334 3737 2552 3792 dicendi
2583 3736 2845 3791 admirari
2869 3737 3192 3803 scientibus,
3213 3752 3277 3792 ea
3305 3736 3537 3808 legenda

1964 3829 2199 3895 dederit,
2239 3840 2295 3883 ut
2323 3839 2380 3884 et
2401 3828 2743 3894 laudaretur,
2773 3836 2828 3883 et
2857 3827 3109 3882 laborum
3137 3842 3369 3883 suorum
3414 3827 3538 3881 fru-

1964 3932 2113 3977 ctum
2144 3921 2325 3975 adhuc
2352 3921 2511 3975 vivus
2542 3920 2869 3989 perciperet,
2901 3918 3240 3989 gloriamque
3262 3917 3489 3974 sentiret
3516 3936 3534 3973 :

1966 4029 2217 4073 mortuos
2249 4019 2397 4073 enim
2455 4033 2557 4073 nec
2584 4016 2840 4071 laudibus
2885 4016 3171 4081 delectari,
3192 4031 3295 4070 nec
3318 4016 3538 4084 vitupe-

270 4112 570 4183 κομίζοιτο
600 4113 708 4164 τῶν
753 4113 932 4164 πόνων
956 4112 1085 4177 ζῶν,
1118 4112 1355 4181 μάλιστα.
1386 4113 1607 4164 καὶτῶν
1630 4112 1860 4165 ἐπαίνων

1970 4113 2182 4167 ratione
2207 4111 2547 4167 contristari.
2573 4111 2729 4176 Quod
2767 4109 2812 4163 si
2849 4118 3140 4178 propterea
3178 4107 3383 4169 doleat,
3406 4109 3536 4178 quia

269 4204 699 4272 αἰσθανόμενος,
736 4205 961 4273 νεκροὺς
988 4206 1095 4273 γὰρ
1125 4200 1237 4255 οὔτ’
1264 4198 1504 4265 ἔπαινος,
1544 4200 1667 4253 οὔτε
1694 4202 1861 4271 ψόγος

270 4297 493 4365 ἡδύνειν
514 4297 551 4364 ἦ
583 4295 835 4361 ἀλγύνειν
857 4290 1019 4347 οἶδεν.
1052 4295 1114 4347 Εἰ
1141 4296 1196 4348 δὲ
1217 4292 1307 4347 διὰ
1323 4296 1384 4348 τὸ
1409 4293 1768 4362 πεφωράσθαι
1793 4294 1862 4349 τὰ

268 4386 473 4456 ψευδῆ,
506 4386 547 4439 ἃ
585 4386 645 4449 ἐξ
670 4387 770 4438 οὐκ
798 4385 968 4440 ὄντων
1000 4386 1161 4448 αὐτὸς
1185 4385 1316 4455 παρ’
1341 4384 1536 4437 ἐαυτοῦ
1564 4385 1859 4436 πλάττεται

266 4478 454 4545 ἀλγεῖ,
484 4478 593 4530 οὐκ
630 4476 792 4537 αὐτὸς
826 4476 893 4529 ἂν
922 4476 1006 4547 εἴη
1037 4477 1133 4545 τῆς
1160 4476 1454 4545 ἀλγηδόνος
1485 4474 1655 4536 αἴτιος
1684 4474 1858 4541 αὐτῷ,

269 4571 433 4637 εἴπερ
491 4568 630 4637 μηδὲ
680 4567 940 4621 πέπεικεν
986 4566 1148 4629 αὐτὸς
1196 4566 1398 4636 φαῦλον
1440 4561 1580 4619 εἶναι
1627 4568 1718 4618 καὶ
1760 4565 1859 4634 τῆς

268 4662 539 4731 ἀληθείας
560 4659 1025 4728 καταψεύδεσθαι.
1046 4661 1175 4713 Δέον
1208 4661 1392 4728 μέντοι
1421 4658 1517 4710 καὶ
1544 4657 1857 4728 πρὸςτοῦτο

272 4755 347 4822 μὴ
382 4754 539 4805 πάνυ
576 4749 891 4804 δάκνεσθαι.
941 4752 1138 4821 Ὀλίγῳ
1173 4749 1281 4821 γὰρ
1318 4749 1543 4818 ὕστερον
1576 4747 1857 4801 ἀπολιπὼν

267 4848 360 4899 τὸν
396 4848 545 4916 βίον,
583 4846 707 4899 οὔτε
758 4845 868 4898 τῶν
900 4846 1264 4898 ἐπαινούντων
1306 4843 1645 4912 αἰσθήσεται,
1686 4842 1718 4911 ἢ
1750 4841 1858 4893 τῶν

269 4938 641 5007 ὑϐριζόντων,
682 4937 747 4990 ἄν
792 4953 851 4989 τε
893 4936 1092 4989 δίκαιοι
1124 4936 1220 4988 καὶ
1256 4933 1475 5003 ἀληθείς
1516 4934 1572 4986 αί
1622 4933 1855 5003 μέμψεις

267 5022 436 5093 ὦσιν,
470 5028 542 5082 ἄν
583 5046 643 5081 τε
696 5027 795 5097 μὴ,
827 5026 1016 5097 ὥσπερ
1063 5027 1156 5079 καὶ
1191 5018 1266 5079 ὧν
1310 5025 1472 5086 αὐτὸς
1512 5025 1855 5094 κατηγόρηκε

269 5124 452 5177 πολλὰ
498 5123 993 5192 καταψευδόμενος.
1040 5120 1247 5171 Ἐκεῖνο
1294 5117 1352 5170 δὲ
1399 5118 1601 5187 μᾶλλον
1649 5117 1856 5169 δίκαιον

268 5215 497 5279 λυπεῖν,
529 5215 621 5265 καὶ
650 5214 750 5265 οὐκ
779 5211 968 5279 ὀλίγην
994 5210 1248 5279 ἐμποιεῖν
1282 5208 1557 5277 φροντίδα,
1590 5205 1664 5276 μὴ
1694 5209 1749 5258 ἐν
1778 5205 1855 5274 τῷ

278 5307 543 5375 μέλλοντι
571 5304 929 5375 δικαστηρίῳ,
962 5301 1151 5371 ὥσπερ
1181 5301 1277 5354 καὶ
1309 5300 1419 5352 τῶν
1452 5298 1627 5352 ἄλλων
1658 5296 1855 5366 ἐγκλην

1965 4206 2087 4275 ejus
2122 4204 2406 4257 mendacia
2449 4200 2790 4271 deprehensa
2830 4199 2963 4272 sint,
2997 4214 3119 4267 qua:
3146 4198 3296 4251 nullo
3343 4197 3542 4251 {nitida-

1964 4303 2148 4348 mento
2181 4296 2298 4361 ipse
2333 4292 2659 4360 excogitarit
2683 4329 2697 4353 ,
2729 4305 2837 4343 non
2872 4306 2930 4344 se
2978 4289 3054 4342 illi
3085 4303 3305 4341 causam
3333 4288 3540 4341 doloris

1961 4401 2106 4450 esse,
2142 4385 2589 4453 quandoquidem
2621 4399 2729 4436 non
2762 4381 3019 4445 suaserit,
3058 4390 3119 4433 ut
3148 4389 3257 4433 tam
3285 4380 3538 4448 improbe

1960 4486 2148 4531 contra
2183 4476 2470 4528 veritatem
2503 4474 2853 4527 mentiretur.
2875 4471 3139 4543 Opo'rtere
3167 4479 3346 4524 tamen
3367 4470 3535 4524 etiam

1961 4566 2031 4618 ob
2080 4565 2181 4618 hoc
2231 4564 2452 4617 mmrori
2490 4578 2597 4616 non
2654 4561 2981 4631 indulgere:
3017 4560 3182 4630 paulo
3229 4560 3375 4613 enim
3409 4566 3535 4628 post

1960 4655 2207 4709 discessu
2234 4654 2376 4708 facto
2416 4669 2482 4707 ex
2508 4654 2611 4706 hac
2634 4652 2744 4706 vita
2777 4652 2913 4723 (19),
2938 4665 3042 4705 nec
3072 4651 3281 4712 laudes,
3306 4664 3407 4703 nec
3441 4664 3533 4701 re-

1962 4745 2362 4815 prehensiones
2418 4758 2709 4801 sensurum
2739 4783 2752 4806 ,
2795 4743 2910 4797 sive
2952 4742 3077 4811 jure
3124 4756 3189 4795 ac
3220 4755 3388 4802 vere,
3418 4737 3539 4791 sive

1961 4853 2122 4893 secus
2167 4836 2600 4907 reprehendatur
2638 4854 2651 4889 :
2693 4835 2838 4889 sicut
2864 4848 2964 4888 nec
2992 4834 3067 4887 illi
3100 4833 3360 4892 sentiant,
3395 4842 3535 4897 quos

1964 4930 2081 4999 ipse
2115 4930 2283 4983 multa
2338 4928 2658 4982 mentiendo
2701 4923 3130 4981 insimulaverit.
3164 4919 3298 4973 lllud
3348 4920 3533 4987 potius

1959 5022 2363 5093 aegritudinem,
2392 5034 2455 5074 ac
2472 5018 2899 5073 sollicitudinem
2928 5032 3033 5069 non
3059 5030 3283 5084 parvam
3311 5012 3537 5080 ingenc-

1960 5129 2085 5167 rare
2116 5112 2273 5166 nobis
2307 5111 2532 5172 debere.
2580 5123 2650 5162 ne
2698 5107 2750 5160 in
2783 5105 2971 5159 futuro
3006 5103 3222 5173 judicio
3251 5100 3533 5171 quomodo

1958 5204 2190 5258 aliorum
2237 5200 2533 5256 criminum
2587 5198 2641 5251 in
2676 5197 2779 5250 hac
2811 5197 2921 5249 vita
2966 5194 3414 5264 designatorum,
3449 5190 3533 5245 sit

1961 5292 2230 5348 mendacii
2280 5305 2500 5361 quoque
2536 5288 3054 5355 calumniarumque
3089 5300 3280 5355 poenas
3320 5280 3531 5353 persol.

1534 5432 1751 5517 Jacohi
1782 5430 2047 5492 Pontani
2087 5436 2275 5493 noue.

343 5568 624 5639 (19jllinc
639 5567 978 5639 collegimus,
1026 5562 1318 5639 Gregoram
1341 5575 1476 5625 pene
1511 5572 1697 5639 senem
1740 5556 1925 5611 fuisse.
1969 5556 2093 5610 Fuit
2124 5564 2305 5608 autem
2344 5551 2553 5607 aulicus
2591 5547 2829 5606 senioris
2859 5543 3179 5612 Andronici,
3205 5550 3261 5601 et
3291 5540 3443 5598 venit
3472 5539 3531 5597 in

276 5629 464 5697 auiam
510 5655 682 5693 annos
707 5629 867 5691 nat'us
894 5636 988 5699 27,
1026 5643 1085 5688 ut
1110 5629 1223 5702 ipse
1251 5639 1481 5686 testatur
1511 5629 1606 5681 lib.
1637 5643 1755 5681 vin.
