3964 6210
384 219 487 286 190

380 346 578 389 κοηιυε
627 349 642 385 ἓ

380 424 591 477 nullam
647 423 806 476 aliam
849 420 1170 483 mentiendi,
1211 418 1693 488 ealumniandique
1727 433 1948 471 causam

381 514 766 568 habuerimus.
814 511 938 565 Ilaec
977 519 1165 579 postea
1198 525 1228 562 a
1262 507 1648 563 Cantacuzeno
1682 509 1820 563 facta
1849 551 1864 575 ,
1896 521 1952 563 et

383 605 530 660 dicta
564 613 710 662 sunt,
738 618 863 656 cum
899 601 1212 668 imperatori
1237 613 1436 668 genero
1459 599 1747 668 imperium
1777 609 1954 655 trans-

384 692 548 756 didit,
580 702 635 745 et
697 691 799 746 sub
835 689 1027 742 habitu
1050 689 1303 742 monachi
1333 690 1454 743 vitte
1485 705 1657 760 genus
1677 700 1949 758 paratum,

386 791 440 834 ot
466 781 711 849 quietum
759 793 920 846 agere
959 777 1267 830 constituit.
1321 777 1474 831 Tunc
1509 785 1690 830 autem
1743 777 1952 845 synodo

385 883 613 940 prorsus
648 868 822 932 tinita,
854 876 908 920 et
951 866 1220 937 Acindyni
1248 866 1616 920 sectatoribus
1655 866 1952 933 impietatis

383 959 674 1014 evidenter
703 957 992 1017 convictis.
1017 958 1271 1011 civilibus
1305 957 1614 1011 actionibus
1653 972 1776 1010 sese
1824 956 1952 1010 red-

382 1051 538 1111 dens,
575 1049 980 1118 expeditionem
1016 1049 1072 1101 in
1102 1049 1373 1103 Triballos
1404 1048 1711 1102 adornavit.
1741 1047 1952 1102 Interea

381 1138 448 1190 ad
492 1137 712 1193 Latinos
740 1135 1008 1190 Galataeos
1041 1138 1458 1204 quatuordecim
1490 1137 1820 1192 Venetorum
1860 1138 1955 1190 tri-

389 1246 572 1285 remes
603 1231 977 1299 appelluntur.
1007 1229 1073 1282 Et
1101 1230 1227 1298 quia
1254 1241 1417 1284 noctu
1449 1231 1727 1298 improvisi
1759 1246 1954 1299 supcr-

380 1333 672 1386 venerant,
709 1337 815 1375 non
841 1320 1207 1374 animadversi
1244 1321 1666 1382 descenderunt,
1705 1320 1954 1389 intraque

385 1434 576 1472 muros
613 1417 844 1484 ingressi
876 1417 1069 1484 (porta:
1096 1413 1364 1482 siquidem
1398 1413 1583 1480 oppidi
1609 1427 1706 1480 per
1737 1423 1952 1466 noctem

382 1514 587 1574 aperta:
625 1503 1104 1573 relinquebantur,
1141 1518 1202 1556 ea
1250 1511 1370 1555 erat
1423 1501 1724 1554 incolarum
1758 1516 1951 1569 snper-

383 1597 473 1651 bia
521 1607 576 1650 et
615 1596 905 1665 audacia),
952 1611 1060 1650 non
1114 1610 1303 1663 parum
1329 1603 1658 1646 nocuerunt.
1689 1592 1955 1646 Custodes

1579 214 1904 276 JOANNIS
1941 214 2467 281 CANTACUZENI

706 329 1056 399 potissimum
1114 329 1160 382 si
1215 337 1412 398 praeter
1461 325 1712 396 iniquum
1765 326 1956 380 odium

2066 326 2311 394 ματικῶν
2339 326 2451 379 τῶν
2488 327 2627 381 κατὰ
2666 324 2757 378 τὸν
2787 324 2924 391 βίον,
2963 323 3058 377 καὶ
3108 319 3201 376 τοῦ
3229 321 3462 392 ψεύδους,
3503 319 3591 379 καὶ

3489 210 3584 276 200

2058 419 2158 484 τῆς
2189 419 2575 485 συκοφαντίας,
2606 417 2761 480 δίκας
2793 415 3006 484 δῶμεν,
3037 414 3133 468 καὶ
3173 415 3396 483 μάλιστα
3425 419 3470 470 εί
3498 434 3591 488 μη-

2060 507 2253 576 δεμίαν
2291 509 2564 576 πρόφασιν
2601 509 2795 576 ἑτέραν
2837 507 2970 576 ἔχοι,
3012 505 3044 575 ἢ
3088 505 3270 558 ἄδικον
3305 507 3593 576 ἀπέχθειαν,

2061 595 2246 648 Ταῦτα
2295 597 2394 663 μὲν
2425 593 2517 650 οὖν
2553 596 2788 666 ὕστερον·
2827 595 3037 665 βασιλεῖ
3076 595 3153 666 τῷ
3187 595 3594 667 Καντακουξηνῷ

2061 687 2310 758 ἐπράχθη
2334 705 2396 740 τε
2421 689 2515 742 καὶ
2543 689 2728 759 εἴρητο
2751 687 2889 756 μετὰ
2911 688 2972 739 τὸ
2997 689 3095 754 τῆς
3120 687 3291 758 ἀρχῆς
3318 688 3510 758 βασιλεῖ
3527 690 3597 761 τῷ

2060 781 2298 850 γειμὸρῷ
2344 781 2896 851 παρακεχωρηκέναι,
2938 781 3030 833 κα¹ι
3076 780 3199 833 καθ’
3246 781 3462 850 ἡσυχίαν
3501 782 3601 851 βιο-

2059 870 2259 930 τεύειν,
2297 869 2570 922 ὑποδύντα
2602 869 2788 937 σχῆμα
2831 867 3097 936 μοναχῶν.
3144 868 3272 920 Τότε
3302 869 3378 932 δέ,
3409 870 3520 922 ἐπεὶ
3540 870 3600 923 τὰ

2060 959 2202 1009 κατὰ
2229 957 2324 1025 τὴν
2351 958 2566 1010 σύνοδον
2607 957 2915 1026 ἀπήρτιστο
2951 957 3152 1023 πάντα,
3187 959 3276 1010 καὶ
3305 957 3444 1018 τέλος
3480 955 3598 1026 εἶχε,

2061 1049 2158 1101 καῖ
2180 1050 2228 1100 οἱ
2256 1048 2323 1100 τὰ
2362 1047 2672 1101 Ἀ’κινδύνου
2702 1048 2966 1119 ᾑρημένοι
2994 1049 3282 1117 ἠλέγχοντο
3308 1048 3600 1113 ἀσεϐοῦντις

2062 1137 2332 1208 φανερῶς,
2357 1139 2450 1190 ἐπὶ
2478 1139 2572 1200 τας
2597 1138 2882 1201 πολντικάς
2906 1141 3162 1206 ἐτρέπετο
3191 1140 3346 1191 πάλιν
3364 1139 3600 1208 πράξεις·

2063 1231 2156 1283 καὶ
2183 1231 2623 1301 παρεσκευάζετο
2641 1232 2716 1292 ὡς
2740 1232 3182 1299 ἐπιστρατεύσων
3200 1230 3491 1298 Τριϐαλοῖς.
3526 1233 3604 1284 Ἐν

2061 1321 2235 1393 τούτῳ
2265 1324 2322 1376 δὲ
2369 1328 2476 1386 τοῖς
2511 1327 2567 1376 ἐν
2605 1324 2821 1394 Γαλατᾷ
2853 1324 3104 1385 Λατίνοις
3148 1323 3277 1376 δέκα
3308 1324 3398 1377 καὶ
3427 1325 3602 1377 τέτταν

2049 1415 2154 1484 ’ρες
2198 1416 2261 1466 ἐκ
2318 1415 2571 1478 Βενετίας
2617 1415 2960 1469 ἐπέπλευσαν
3007 1416 3274 1486 τριήρεις.
3317 1415 3512 1477 Νυκτός
3553 1432 3610 1467 τε·

2061 1506 2382 1570 ἐπελθόντες
2429 1507 2852 1577 ἀπροσδόκητοι,
2900 1506 3192 1576 ἀπέϐησάν·
3227 1523 3286 1558 τε
3331 1507 3390 1558 οὗ
3432 1522 3606 1575 προαι·

2063 1601 2364 1668 σθομένων,
2407 1602 2498 1653 καὶ
2540 1601 2788 1668 ἐγένοντο
2820 1599 2974 1661 ἐντὸς
2999 1599 3195 1668 τειχῶν
3221 1615 3234 1628 ⁸
3266 1595 3399 1669 ἦσαν
3429 1599 3527 1668 γάρ
3557 1599 3604 1651 αἱ

385 1689 534 1742 enim
573 1689 664 1742 ubi
705 1688 967 1757 Oppidum
1019 1685 1783 1758 captumanimadverterunt
1809 1722 1822 1745 ,
1851 1699 1952 1737 vo-

2063 1695 2224 1748 πύλαι
2247 1695 2340 1747 τοῦ
2382 1695 2644 1766 φρουρίου
2678 1696 2871 1758 νυκτὸς
2918 1694 3291 1763 ἀνεῳγμένας,
3327 1691 3416 1744 ὑπ’
3451 1689 3605 1744 αὐθα-

382 1778 800 1846 eil'erationibus
831 1779 978 1832 cives
1024 1775 1091 1828 ad
1122 1775 1234 1828 vim
1286 1773 1712 1843 propulsandam
1758 1773 1952 1826 conci-

382 1881 590 1935 tarunt,
623 1871 716 1940 qui
743 1885 811 1924 ex
842 1867 1050 1923 aedibus
1076 1867 1317 1921 inermes
1347 1881 1541 1918 versus
1577 1879 1725 1918 mare
1754 1864 1949 1917 decur-

390 1974 597 2026 rentes,
629 1972 684 2016 et
716 1961 846 2030 quid
883 1961 987 2014 hoc
1035 1959 1112 2013 rei
1151 1965 1299 2012 esset
1339 1957 1612 2028 noscitare
1637 1955 1949 2023 cupientes,

383 2054 581 2123 partim
646 2051 1079 2106 vulnerabantur
1110 2067 1123 2102 :
1170 2047 1338 2118 809
1385 2048 1584 2116 partim
1613 2047 1702 2115 (et
1733 2045 1953 2115 quidem

385 2159 497 2197 non
533 2142 734 2211 pauci)
767 2126 1268 2196 interﬁciebantur.
1301 2137 1541 2191 Tandem
1575 2153 1631 2191 re
1654 2145 1955 2206 comperta,

382 2235 588 2288 animis
617 2244 673 2288 et
699 2234 869 2286 armis
895 2231 1172 2292 instructi,
1203 2231 1388 2284 hostes
1413 2230 1564 2283 nulla
1593 2244 1651 2283 re
1685 2243 1954 2283 memora-

383 2324 477 2378 bili
513 2332 686 2394 gesta,
729 2334 784 2378 et
830 2323 1181 2393 ignavissime
1226 2320 1555 2389 prteliantes,
1602 2334 1824 2373 rursum
1857 2318 1959 2388 eji-

385 2416 543 2469 cinnt
572 2434 586 2470 :
622 2415 718 2485 qui
754 2415 821 2469 ad
876 2416 1131 2468 triremes
1163 2414 1315 2466 nullo
1367 2427 1590 2467 suorum
1625 2409 1952 2476 interfecto,

387 2505 603 2575 aliquot
653 2506 920 2559 duntaxat
969 2504 1274 2558 vulneratis
1304 2513 1702 2572 pervenerunt,
1746 2503 1961 2557 solven-

389 2608 610 2666 tesque,
644 2598 926 2652 onerarias
955 2597 1217 2666 quasdam
1249 2610 1448 2650 vacuas
1474 2610 1658 2649 secum
1681 2594 1962 2648 abstraxe-

390 2702 545 2757 runt,
575 2707 640 2744 ac
668 2689 772 2745 sibi
805 2689 1059 2759 preprias
1109 2688 1386 2742 fecerunt.
1414 2687 1571 2742 Claro
1609 2687 1720 2756 jam
1750 2686 1839 2740 die
1873 2685 1961 2740 bis

390 2791 582 2851 terque
619 2782 798 2851 ignem
840 2780 893 2832 in
932 2777 1238 2839 onerarias,
1262 2793 1385 2846 qua:
1421 2776 1670 2847 plurimae
1695 2777 1749 2831 in
1796 2786 1959 2848 portu

388 2873 628 2936 stabant,
654 2871 950 2925 immittere
974 2869 1157 2924 conati
1189 2879 1341 2932 sunt,
1394 2869 1489 2924 sed
1519 2869 1782 2923 accedere
1827 2884 1956 2939 pro-

389 2966 515 3035 pius
563 2980 674 3018 non
726 2962 1073 3016 sinebantur.
1131 2959 1336 3016 Deinde
1397 2961 1782 3031 praetereundo
1824 2963 1960 3018 alias

392 3055 750 3118 infestabant,
772 3057 836 3108 et
871 3053 1133 3122 quasdam
1157 3068 1188 3107 e
1219 3053 1395 3107 Ponto
1413 3051 1810 3108 descendentes
1832 3069 1964 3109 one-

394 3149 567 3203 rarias
597 3146 913 3216 capiebant.
965 3145 1022 3199 In
1054 3144 1175 3200 istis
1219 3144 1389 3215 igitur
1434 3144 1755 3200 triremibus
1800 3147 1965 3200 etiam

392 3247 608 3318 legatus
638 3243 1002 3309 Venetorum,
1051 3243 1274 3296 nomine
1309 3242 1662 3311 Delphinus,
1689 3241 1754 3296 ad
1788 3243 1966 3313 impe-

395 3345 645 3392 ratorem
675 3335 1016 3398 mittebatur,
1051 3347 1208 3400 opem
1232 3342 1480 3402 rogatum
1510 3332 1578 3386 ad
1606 3332 1810 3387 bellum
1833 3350 1964 3390 cons

394 3437 475 3482 tra
507 3425 850 3488 Genuenses,
884 3424 1351 3494 promittebatque
1371 3423 1567 3478 ducem
1587 3423 1963 3488 Venetiarum.

395 3531 453 3576 et
502 3529 756 3575 senatum
810 3519 879 3572 de
931 3517 1193 3572 Romanis
1252 3515 1580 3570 meriturum
1639 3517 1869 3585 optime,
1917 3517 1965 3572 si

393 3612 658 3666 auxilium
697 3617 990 3662 annueret.
1049 3607 1207 3661 Paria
1264 3607 1540 3661 Ravenna:
1582 3609 1837 3678 princeps
1872 3623 1967 3678 per

391 3701 610 3757 litteras
662 3700 928 3770 pollicens
959 3691 1205 3774 rogabat,
1251 3712 1448 3766 nempe
1495 3699 1572 3752 uti
1607 3699 1848 3755 Venetos
1876 3700 1971 3754 ad-

361 3793 674 3867 .juvandos
704 3792 1034 3861 susciperet,
1076 3789 1282 3860 quibus
1330 3789 1496 3844 etiam
1529 3789 1646 3860 ipse
1672 3790 1972 3861 opitulare-

395 3892 506 3938 tur.
559 3883 866 3952 Imperator
911 3881 993 3935 eis
1027 3882 1346 3935 societatem
1369 3919 1395 3944 _,
1447 3888 1586 3934 utet
1615 3891 1776 3936 antea
1825 3883 1970 3952 apud

393 3973 844 4028 Thessalonicam
878 3972 1124 4044 negavit,
1168 3970 1489 4040 addiditque
1515 3971 1719 4026 nullam
1750 3988 1809 4027 se
1835 3973 1970 4043 ipsis

393 4067 576 4120 facere
607 4065 866 4136 injuriam
894 4103 909 4128 ,
941 4065 1006 4127 si,
1038 4072 1402 4133 praeterquam
1431 4062 1577 4132 quod
1608 4064 1760 4118 nullo
1786 4065 1867 4119 eis
1897 4065 1968 4119 ad

395 4153 600 4208 bellum
662 4153 1058 4224 impedimento
1113 4161 1295 4215 esset,
1359 4156 1652 4205 adversum
1700 4151 1966 4206 Galataeos

394 4247 558 4301 etiam
588 4261 696 4300 non
714 4252 1000 4316 pugnaret.
1026 4243 1132 4309 Qui
1157 4243 1372 4298 tametsi
1414 4243 1620 4297 bellum
1649 4259 1794 4314 saepe
1815 4259 1966 4298 com-

2057 1787 2225 1853 δείας,
2262 1789 2357 1840 καὶ
2389 1787 2731 1860 θρασύτητος
2755 1787 2863 1839 τῶν
2891 1784 3268 1849 ἐνοικούντων,
3301 1783 3390 1836 κα⁴ι
3419 1783 3609 1834 ἐκάκω-

2061 1895 2160 1932 σαν
2202 1881 2303 1932 οὐκ
2334 1878 2512 1946 ὀλίγα.
2557 1877 2645 1938 Ὠς
2676 1879 2788 1946 γὰρ
2835 1878 3134 1947 ᾐσθάνοντο
3172 1878 3223 1928 oi
3272 1873 3498 1941 φύλακος
3523 1871 3608 1942 τὴν

2061 1967 2275 2037 ἂλησιν,
2305 1968 2400 2038 βοῇ
2423 1985 2482 2020 τε
2510 1968 2768 2038 ἐχρῶντο,
2793 1969 2886 2020 καὶ
2907 1965 3237 2018 συνεκάλουν
3263 1964 3351 2016 ἐπὶ
3373 1963 3466 2032 τὴν
3487 1963 3610 2032 άμυο

2062 2076 2158 2112 ναν
2188 2061 2312 2122 τοὺς
2343 2061 2668 2130 ἐγχωρίους.
2693 2060 2756 2112 Οί
2786 2058 2865 2125 δέ,
2890 2060 2955 2110 ἐκ
2982 2057 3090 2110 τῶν
3119 2056 3309 2109 οἰκιῶν
3327 2055 3504 2109 ἄοπλοι
3531 2052 3610 2104 ἐπὶ

2059 2153 2157 2219 τὴν
2187 2151 2460 2206 Θάλασσαν
2490 2151 2792 2216 κατιόντες,
2815 2151 2841 2203 ὅ
2861 2167 2912 2202 τι
2933 2148 3016 2219 εῖη
3061 2148 3127 2201 τὰ
3143 2147 3396 2219 δρώμενα
3414 2144 3608 2210 μαθεῖν,

2061 2243 2456 2312 ἐτιτρώσκοντό
2483 2260 2541 2295 τε
2569 2243 2661 2295 καὶ
2674 2241 3017 2310 ἀπέθνησκον
3041 2239 3250 2291 πολλοί.
3281 2239 3519 2302 Ἔπειτα,
3541 2234 3605 2298 ὼς

2061 2315 2808 2404 ᾗσθοντοὰναθαρσήσαντες
2836 2333 2931 2383 καὶ
2959 2329 3342 2399 ὁπλισάμενοι,
3361 2326 3608 2395 ἐξήλασαν

2062 2425 2189 2488 τοὺς
2229 2423 2518 2493 πολεμίους
2547 2409 2725 2488 αὖθις,
2765 2421 2918 2476 οὐδὲν
2945 2423 3198 2490 γενναῖον
3221 2417 3607 2490 εἰργασμένους,

2065 2515 2202 2568 ἀλλὰ
2237 2515 2548 2584 φαυλότατα
2593 2514 3042 2584 ἠγωνισμένους·
3093 2513 3248 2582 ὅμως
3299 2509 3610 2578 διεσώθησαν

2067 2607 2267 2669 πάντες
2287 2608 2386 2660 ἐπὶ
2410 2609 2509 2669 τὰς
2528 2608 2794 2676 τριήρεις,
2830 2605 3042 2667 οὐδενὸς
3073 2603 3361 2663 πεσόντος,
3387 2615 3611 2671 τραυμα-

2065 2701 2196 2753 τιῶν
2223 2699 2280 2752 δὲ
2307 2700 2503 2767 ὀλίγων
2544 2699 2874 2769 γενομένων,
2918 2697 3254 2768 ἁναγόμενοί
3283 2714 3337 2748 τε
3368 2693 3456 2748 τοῦ
3481 2692 3614 2763 λιμέ-

2065 2796 2175 2856 νος,
2208 2791 2303 2844 καὶ
2328 2792 2559 2854 ὁλκάδας
2583 2776 2859 2844 εῖλκεισαν
2881 2790 3046 2852 κενὰς
3065 2789 3248 2854 τινάς,
3274 2789 3367 2843 καὶ
3389 2786 3615 2870 ἐκυρίευ-

2069 2900 2191 2938 σαν.
2257 2883 2408 2937 Ἐπεὶ
2443 2884 2499 2938 δὲ
2563 2883 2745 2954 ἡμέρα
2805 2885 2906 2951 ήδη
2953 2878 3043 2954 ἦν,
3094 2882 3192 2946 δὶς·
3242 2881 3341 2952 μὲν
3387 2879 3477 2934 καὶ
3509 2879 3615 2948 τρὶς

1988 3013 2033 3083 C-
2068 2980 2430 3050 ἐπεχείρησαν
2463 2978 2574 3048 πῦρ
2603 2979 2811 3031 ἐνεῖναι
2845 2980 2964 3040 ταῖς
2993 2977 3224 3031 ὁλκάσιν
3258 2975 3438 3036 οὔσαις
3473 2971 3609 3025 πλεί-

2067 3087 2218 3134 σταις
2246 3072 2338 3124 ἐπὶ
2358 3070 2451 3126 τοῦ
2472 3070 2716 3140 λιμένος,
2741 3071 3204 3141 ἀπεκρούσθησαν
3223 3070 3281 3123 δὲ
3304 3070 3394 3124 ὑπ’
3413 3067 3616 3120 ἐκείνων

2065 3161 2172 3214 οὐδ’
2234 3155 2402 3234 ἔγγὺς
2447 3160 2708 3229 γένεσθαι
2767 3160 3112 3229 δυνηθέντες.
3167 3162 3400 3214 Ἔπειτα
3456 3175 3617 3227 παρα-

2066 3252 2319 3317 πλέοντες
2343 3252 2600 3316 ἐκάκουν,
2637 3254 2733 3306 καί
2764 3269 2928 3306 τινων
2956 3253 3277 3323 ἐκράτησαν
3306 3251 3534 3306 ὁλκάδων
3562 3251 3618 3302 ἐκ

2067 3343 2270 3396 Πόντου
2300 3343 2750 3396 καταπλεουσῶν.
2795 3329 2887 3396 Ἑν
2915 3344 3138 3405 ταύταις
3182 3344 3247 3413 δὴ
3278 3344 3396 3406 ταῖς
3422 3341 3619 3402 ὁλκάσι,
3647 3359 3658 3372 ·

2066 3435 2160 3487 καὶ
2223 3434 2466 3506 πρέσϐυς
2506 3436 2572 3488 ἐκ
2612 3435 2864 3499 Βενετίας
2915 3436 3138 3504 ἀφῖκτο,
3173 3437 3371 3506 Δελφὶν
3419 3436 3619 3502 ὠνομα-

2067 3528 2284 3596 σμένος,
2320 3529 2458 3599 πρὸς
2498 3527 2744 3598 βασιλέα,
2784 3528 2878 3581 καὶ
2911 3528 3080 3581 ἐδεῖτο
3106 3531 3416 3600 συμμαχεῖν
3455 3527 3621 3588 αὐτοῖς

2069 3619 2206 3688 πρὸς
2229 3619 2320 3672 τὸν
2351 3621 2492 3672 κατὰ
2516 3619 2626 3672 τῶν
2657 3621 2722 3673 ἐκ
2752 3620 2790 3672 Γ
2793 3619 3012 3683 εννούας
3044 3621 3309 3691 πόλεμον,
3344 3619 3542 3690 μεγάλα
3569 3615 3620 3668 τί

2067 3725 2191 3761 τινα
2211 3711 2582 3780 ἐπηγγέλλετο
2594 3711 2684 3764 τδν
2698 3710 2898 3764 δοῦκαν
2919 3711 3198 3776 Βενετίας,
3221 3711 3318 3766 καὶ
3331 3712 3428 3783 τὴν
3445 3708 3620 3780 βουλὴν

2079 3803 2389 3872 Ῥωμαίους
2409 3803 2736 3873 ὠφελήσειν,
2761 3806 2809 3856 εί
2839 3804 3082 3857 πείθοιτο
3111 3806 3302 3868 αὐτοῖς
3329 3804 3616 3874 συμμαχεῖν

2069 3895 2096 3945 ὁ
2139 3893 2413 3962 βασιλεύς.
2453 3894 2535 3948 Τὰ
2571 3894 2661 3947 ἴσα
2705 3895 2764 3947 δὲ
2807 3896 2904 3947 καὶ
2952 3896 2979 3947 ὁ
3025 3894 3129 3965 ρὴξ
3191 3895 3457 3957 Ῥασύνας
3499 3891 3616 3960 πὼς

2071 3986 2299 4058 βασιλέα
2348 3987 2434 4039 διὸ
2471 3986 2819 4056 γραμμάτων
2857 3987 3248 4056 ἐπρεσϐεύετο,
3291 3986 3386 4040 καὶ
3432 3983 3624 4054 μεγάλα

2071 4078 2459 4147 ἐπηγγέλλετο,
2495 4078 2588 4130 καὶ
2617 4077 2789 4130 ἐδεῖτο
2817 4079 3087 4147 βασιλέως
3129 4081 3246 4142 τοῖς
3279 4081 3344 4132 ἐκ
3390 4074 3624 4135 Βενετίας

2070 4172 2402 4239 συμμαχεῖν,
2434 4163 2515 4231 οἷς
2550 4169 2646 4221 καὶ
2675 4162 2840 4230 αὐτὸς
2873 4169 3159 4240 σύμμαχός
3202 4172 3343 4224 ἐστι.
3379 4166 3627 4226 Βασιλεὺς

2066 4260 2124 4313 δὲ
2153 4243 2499 4329 ἀπηγόρευεν
2523 4259 2733 4324 αὐτοῖς,
2759 4259 2946 4331 ὥσπερ
2967 4263 3062 4314 καὶ
3083 4262 3353 4332 πρότερον
3379 4261 3476 4330 τὴν
3502 4274 3628 4326 συμο

396 4339 718 4417 meruerint,
743 4345 798 4390 et
815 4350 976 4390 nemo
1006 4343 1170 4404 queat
1195 4332 1618 4402 reprehendere,
1637 4343 1730 4388 aut
1749 4343 1938 4389 contra

2070 4353 2269 4420 μαχίαν
2286 4356 2341 4404 ἐν
2368 4350 2738 4423 Θεσσαλονίκῃ
2757 4370 2771 4384 ·
2798 4352 3002 4422 ἔφασκε
3023 4353 3132 4423 γὰρ
3159 4354 3368 4407 ἀδικεῖν
3388 4354 3562 4421 μηδὲν,
3585 4350 3630 4400 ει

291 4447 298 4458 ’
396 4430 604 4489 dicere.
628 4429 676 4482 si
714 4427 1017 4497 praeteritas
1039 4425 1265 4494 injurias
1299 4432 1660 4492 persequatur
1688 4440 1702 4487 ;
1726 4434 1965 4480 attamen

397 4520 452 4575 in
485 4518 782 4574 amicitiam
809 4517 1148 4571 Venetorum
1201 4514 1337 4567 nihil
1373 4525 1764 4581 peccaturum,
1807 4515 1852 4568 si
1883 4515 1966 4569 of-

397 4612 581 4667 fensas
604 4611 737 4680 ipsis
765 4624 862 4662 sua
887 4615 1085 4677 sponte
1116 4607 1413 4661 condonet.
1449 4605 1751 4669 Imperator
1791 4605 1958 4673 igitur

397 4681 474 4758 ita
527 4703 666 4756 scite
723 4699 929 4753 bellum
972 4695 1326 4764 su-bterlugit.
1360 4695 1542 4763 Longe
1593 4697 1740 4748 enim
1773 4695 1968 4749 melius

398 4794 646 4864 putabat,
678 4791 748 4844 ab
777 4793 1025 4858 utrisque
1059 4787 1453 4848 abstinentem,
1498 4778 1568 4838 ad
1593 4784 1962 4864 Romanorum

399 4861 586 4943 urbes,
621 4870 743 4949 (μιαὲ
767 4885 925 4932 erant
949 4876 1005 4930 in
1031 4875 1355 4930 continente
1375 4914 1390 4938 ,
1422 4875 1490 4928 ab
1515 4861 1757 4927 hostium
1784 4873 1967 4928 domi-

398 4981 530 5025 natu
563 4970 888 5025 asserendas
941 4965 1282 5021 incumbere.
1329 4967 1399 5019 At
1453 4964 1690 5019 Venetus
1733 4963 1966 5033 legatus,

401 5070 458 5116 et
486 5062 578 5116 alii
609 5063 704 5130 qui
736 5077 863 5115 cum
893 5075 960 5114 eo
993 5067 1278 5121 venerant,
1310 5057 1474 5126 hujus
1503 5054 1780 5110 societatis
1812 5071 1968 5110 recu-

399 5152 668 5206 sationem
695 5151 1024 5221 permoleste
1053 5149 1326 5203 l'erebant.
1369 5146 1588 5200 ϐαιοιωί
1641 5161 1878 5216 quoque,
1909 5155 1968 5199 ut

402 5242 748 5296 resciverunt
791 5242 978 5295 hostes
1006 5255 1133 5294 suos
1162 5243 1546 5307 imperatorem
1579 5253 1768 5308 rogare
1807 5239 1961 5292 auxi-

398 5333 493 5397 lia,
531 5334 744 5387 iteratis
794 5332 1164 5403 legationibus
1191 5346 1349 5385 orare
1395 5331 1745 5394 insistebant,
1777 5343 1844 5384 ne
1869 5331 1967 5385 de-

400 5425 768 5494 Spicerentnr,
797 5423 891 5478 sed
926 5424 972 5478 si
1010 5423 1139 5492 quid
1165 5432 1321 5476 antea
1367 5422 1670 5490 improbius
1711 5423 1764 5475 itl
1814 5423 1964 5476 illum

402 5517 776 5580 admisissent,
811 5516 1028 5574 veniam
1068 5515 1248 5578 daret,
1279 5527 1382 5568 nec
1407 5514 1516 5584 jam
1548 5513 1697 5567 vires
1727 5514 1966 5569 hostium

405 5617 650 5676 augeret,
684 5607 734 5678 in
760 5619 1035 5676 posterum
1067 5608 1202 5663 nihil
1228 5623 1326 5676 per
1365 5606 1543 5661 scelus
1568 5621 1832 5674 unquam,
1865 5607 1957 5662 sed

2072 4440 2207 4509 πρὸς
2239 4442 2317 4510 τῷ
2354 4441 2523 4512 μηδὲν
2555 4441 2738 4505 αὐτοῖς
2759 4442 3013 4512 ἐμποδὼν
3035 4438 3178 4520 εῖναι
3211 4447 3348 4516 πρὸς
3374 4445 3462 4496 τὸν
3487 4443 3631 4494 πόλει·

2073 4548 2194 4601 μον,
2254 4532 2388 4603 μηδέ
2441 4533 2575 4605 πρὸς
2625 4535 2869 4596 ἐκείνους
2915 4536 3205 4605 πολεμοίη.
3260 4536 3489 4604 Ὠς“μὲν
3530 4533 3631 4600 γάρ

2070 4623 2247 4685 αἰτίας
2302 4625 2505 4678 ἐκεῖνοι
2556 4624 2756 4688 πολλάς
2813 4627 3144 4694 παρέσχοντο
3191 4627 3457 4696 πολέμου,
3541 4624 3630 4697 καὶ

2068 4716 2245 4788 οὐδεὶς
2282 4715 2350 4769 ἂν
2385 4716 2538 4787 αὑτῷ
2579 4717 2851 4787 μέμφοιτο
2877 4717 3102 4780 δικαίως
3154 4717 3483 4787 ἀμυνομένῳ
3529 4713 3630 4766 τῶν

2069 4810 2233 4882 πφτέ
2243 4826 2351 4881 ρων
2373 4809 2537 4877 ἕνεκα
2554 4811 2892 4880 ἀδικήματα,
2917 4811 3090 4884 οὐδεὶς
3112 4810 3175 4863 ἂν
3195 4811 3315 4882 ἐχοι
3330 4811 3592 4865 ἀντειπεῖν
3611 4822 3625 4839 ⁸

2070 4903 2207 4973 πρὸς
2239 4904 2339 4971 μέν
2377 4920 2460 4954 τοι
2494 4903 2594 4970 τὴν
2627 4903 2810 4954 αὐτῶν
2851 4903 3033 4970 φιλίαν
3065 4904 3429 4974 ἐνστήσεσθαι
3461 4903 3626 4963 οὐδὲν,

2070 4991 2119 5042 εί
2148 4991 2307 5054 αὐτὸς
2341 4991 2483 5044 ἐκὼν
2514 4987 2653 5045 εἶναι
2687 4995 2801 5054 τοῖς
2841 4997 3314 5062 προσκεκρουκόσι
3350 4995 3629 5063 παρέχοιτο

2073 5081 2421 5150 συγγνώμην.
2489 5083 2549 5135 '0
2601 5084 2700 5153 μὲν
2749 5083 2842 5138 οὖν
2898 5083 3148 5153 βασιλεὺς
3195 5084 3372 5147 οὕτως
3424 5083 3630 5152 εὐφυῶς

2069 5172 2476 5237 ἀπεσκευάζετο
2504 5174 2596 5228 τὸν
2623 5176 2876 5245 πόλεμον.
2911 5177 3124 5230 Μᾶλλον
3155 5180 3264 5245 γὰρ
3294 5177 3466 5230 ἐδόκει
3499 5172 3627 5228 εἶναι

2069 5265 2290 5334 ἄριστον
2313 5266 2591 5336 ἑκατέρων
2609 5268 2980 5336 ἀποσχόμενον
3005 5270 3295 5341 προσέχειν
3316 5270 3378 5338 τῇ
3403 5266 3625 5336 ἠπείρῳ,

2070 5360 2162 5410 καὶ
2193 5359 2290 5421 τὰς
2323 5359 2729 5428 δεδουλωμένας
2772 5361 3056 5428 Ῥωμαίων
3091 5361 3276 5422 πόλεις
3316 5355 3626 5426 ἐλευθεροῦν

2070 5450 2178 5499 ἀπὸ
2207 5448 2312 5500 τῶν
2344 5449 2637 5518 πολεμίων.
2684 5450 2745 5502 Ὀ
2791 5454 2853 5503 ἐκ
2884 5451 3133 5514 Βενετίας
3173 5451 3231 5504 δέ
3296 5450 3626 5520 πρεσϐευτὴς

1969 5591 1972 5595 ,
2070 5539 2164 5590 καὶ
2193 5537 2342 5590 ἄλλοι
2373 5539 2434 5591 οὑ
2487 5539 2722 5610 μετρίως
2744 5541 3107 5610 ἠγάνακτουν,
3138 5527 3396 5611 πρὺ;’τὴν
3420 5556 3629 5607 συμμα-

2071 5629 2196 5696 χίαν
2255 5631 2437 5693 αὐτοῖς
2497 5632 2930 5701 ἀπαγορεύοντος
2990 5633 3276 5704 βασιλέως.
3341 5635 3407 5686 Οἱ
3459 5649 3514 5684 τε
3568 5633 3628 5682 ἐκ
