3964 6210
283 204 372 272 201

1407 144 1948 261 HléTORIARUM
1989 197 2218 257 LIBER
2260 199 2359 259 IV.

3416 204 3523 268 202

282 315 487 369 Γαλατᾶ
506 312 713 385 ὁμοίως
741 310 963 377 εἰδότες,
990 309 1065 374 ὡς
1094 308 1143 363 οἱ
1172 309 1425 379 πολέμιοι
1450 309 1603 377 σφίσι
1635 306 1844 359 δέονται
1877 350 1880 359 λ

1991 306 2134 358 mnia
2194 323 2260 359 ex
2306 307 2427 375 ejus
2484 304 2751 359 arbitratu
2810 306 3052 359 facturos
3124 308 3522 381 diligenterque

288 407 549 479 βασιλέως
605 406 939 475 συμμαχεῖν,
992 401 1291 473 πρεσϐείας
1321 402 1418 453 καὶ
1458 398 1614 452 αὐτοὶ
1654 397 1852 466 συχνὰς

289 497 627 566 ποιούμενοι,
660 496 874 548 ἐδέοντο
908 492 982 563 μὴ
1021 492 1184 560 σφᾶς,
1205 488 1466 560 περιιδεῖν
1490 503 1503 517 ⁸
1552 484 1690 540 ἀλλὰ
1720 499 1855 553 συγέ

286 590 504 659 γνώμην
531 605 592 641 τε
624 588 910 657 παρέχειν,
944 585 1074 637 εἴτι
1105 583 1373 653 πρότερον
1401 577 1852 650 ἡγνωμονὴκασι,

286 680 489 734 mimi-1
516 681 593 750 μὴ
634 680 946 749 συμμαχεῖν
978 678 1091 740 τοῖς
1122 674 1421 744 πολεμίοις,
1456 669 1859 740 ὲπηγγέλλοντό

285 790 333 826 τε
373 773 627 835 εἰσαῦθις
667 771 940 842 μηδέποτε
987 767 1429 839 ἀγνωμονήσειν,
1491 762 1630 818 ἀλλὰ
1679 761 1855 816 πάντα

289 867 533 933 ποιήσειν
585 864 655 916 τὰ
702 862 845 915 κατὰ
899 859 1128 930 γνώμην
1184 858 1418 929 βασιλεῖ,
1449 856 1545 910 καὶ
1586 851 1857 908 δουλεύειν

288 953 549 1025 ἀκριϐὠ,·
583 952 701 1021 ἅμα
722 953 779 1005 δὲ
800 953 894 1005 καὶ
919 952 1181 1021 χρήματα
1203 948 1527 1019 παρείχοντο
1546 933 1659 1023 ⁸οὑκ
1683 944 1862 1011 ὀλίγα.

294 1046 552 1108 Βασιλεὺς
581 1044 639 1097 δὲ
696 1044 758 1097 τὸ
792 1042 890 1113 μὲν
920 1042 996 1113 μὴ
1025 1041 1358 1112 πολεμήσειν
1402 1036 1789 1108 ἐπηγγέλλετο,
1818 1036 1865 1086 εί

293 1140 351 1190 τὰ
380 1133 836 1203 ἐπαγγελλόμενα
873 1133 967 1185 καὶ
1023 1126 1179 1184 αὐτοὶ
1224 1128 1400 1199 ἀληθῆ
1428 1127 1523 1180 ἐπὶ
1551 1125 1661 1179 τῶν
1689 1124 1866 1194 ἔργων

291 1228 662 1290 ἀποδείξαιεν·
712 1227 780 1279 τὰ
838 1224 897 1277 δὲ
943 1226 1206 1293 χρήματα
1245 1221 1347 1275 οὐκ
1395 1217 1724 1287 ἐλάμϐανεν,
1767 1215 1869 1269 οὐκ

296 1319 437 1387 αὐτῷ
465 1319 784 1387 πρέπουσαν
811 1316 1057 1385 οἰόμενος
1081 1311 1342 1382 εἶναιτὴν
1369 1310 1725 1380 μικρολογίαν
1747 1307 1869 1361 οὐδὲ

295 1412 464 1469 δοκεῖν
499 1411 593 1463 ἐπὶ
624 1412 871 1479 χρήμασι
895 1407 963 1459 τὰ
990 1407 1144 1476 κοινῇ
1175 1402 1560 1457 λυσιτελοῦντα
1584 1399 1871 1471 προΐεσθαι

304 1504 698 1572 Ῥωμαίοις.οἱ
719 1504 781 1554 ὲκ
808 1502 1059 1563 Βενετίας
1087 1500 1143 1554 δὲ
1158 1499 1234 1563 ὡς
1259 1498 1509 1569 βασιλεὺς
1537 1495 1871 1565 ἀσυμϐάτως

294 1597 396 1666 ἔχει
428 1598 775 1664 συνορῶντες
804 1593 940 1664 πρὸς
975 1592 1193 1655 αὐτούς’
1232 1591 1351 1645 οὐδὲ
1380 1590 1489 1659 γὰρ
1519 1589 1690 1660 ᾤοντο
1718 1588 1872 1641 οὐδὲν

296 1690 446 1753 λόγου
502 1687 654 1752 ἄξων
705 1686 860 1738 αὐτοὶ⁸
908 1683 1235 1753 δυνήσεσθαι
1272 1684 1345 1753 μὴ
1398 1683 1667 1753 βασιλέως
1716 1698 1873 1734 συνεο

298 1780 647 1847 φαπτομένου
685 1778 820 1847 πρὸς
848 1776 1240 1846 τὸν’πόλεμον,
1273 1775 1425 1828 δεινὰ
1459 1775 1559 1845 μὲν
1589 1774 1873 1828 ἐποιοῦντο

295 1873 386 1926 καὶ
411 1872 765 1941 ἠγανάκτουν
783 1883 801 1899 ’
827 1867 1075 1938 φανερῶς
1100 1868 1289 1937 μέντοι
1327 1869 1500 1920 κινεῖν
1520 1904 1533 1914 ί
1553 1866 1689 1936 πρὸς
1717 1865 1874 1945 pagi-

300 1965 388 2016 λέα
410 1964 658 2031 πόλεμον
686 1961 1011 2032 ὡρμημένοι
1032 1959 1132 2014 οὐκ
1156 1959 1465 2028 ἐφαίνοντο,
1497 1957 1613 2012 ἀλλ’
1642 1957 1876 2026 ὑποψίας

306 2058 566 2123 παρεῖχον
627 2055 828 2122 μόνον’
875 2052 932 2104 ai
962 2050 1093 2121 γὰρ,
1124 2050 1261 2120 πρδς
1328 2050 1641 2120 Ῥωμαίους
1692 2050 1877 2112 αὐτοῖς

305 2149 526 2201 σπονδαὶ
577 2146 668 2199 ἐπ’
700 2144 865 2214 ἐξόδῳ
908 2143 1102 2213 ἔτυχον
1131 2139 1289 2197 οὖσαι
1336 2143 1477 2196 τότε.
1512 2143 1738 2212 Ἔχουσι
1769 2141 1877 2210 γὰρ

307 2241 433 2308 πρὸς
486 2239 799 2307 Ῥωμαίους
827 2237 889 2290 οὐ
917 2236 1212 2306 διηνεκεῖς,
1252 2234 1368 2289 ἀλλ’
1400 2233 1489 2288 ἐπ’
1515 2232 1661 2287 ἔτεσι
1696 2235 1878 2303 ρητοῖς

301 2333 406 2383 ἀπὸ
455 2330 567 2383 τῶν
624 2328 848 2398 Μιχαὴλ
901 2327 996 2380 τοῦ
1050 2326 1273 2396 πρώτου
1322 2325 1432 2379 τῶν
1484 2322 1874 2390 Παλαιολόγων

302 2424 567 2491 βασιλέως
593 2423 803 2492 χρόνων
824 2437 835 2448 ·
864 2420 1084 2474 ἐπειδὰν
1106 2418 1163 2472 δὲ
1200 2422 1259 2472 ὲν
1289 2418 1456 2488 ἐξόδῳ
1487 2419 1545 2472 αί
1568 2416 1876 2485 συμϐάσεις

303 2522 596 2583 γένωνται,
632 2516 841 2579 ἔξεστιν
862 2512 1203 2584 ὁποτερῳοῦν
1243 2511 1478 2579 πόλεμον
1513 2512 1563 2562 εἰ
1616 2508 1879 2580 βούλοιτο,

309 2608 508 2658 κινεῖν.
564 2606 629 2658 Εἰ
655 2606 700 2657 δ⁹
728 2606 1012 2675 ἑκατέροις
1048 2603 1345 2657 λυσιτελεῖν
1380 2602 1561 2672 δοκοίη
1602 2602 1804 2672 μᾶλλον
1848 2604 1881 2672 ἡ

304 2699 524 2769 εἰρήνη,
581 2693 737 2760 αὖθις
789 2698 888 2758 τὰς
966 2697 1201 2760 σπονδὰς
1261 2697 1567 2762 ἀνανεοῦσι,
1616 2699 1710 2751 καὶ
1756 2696 1882 2758 τοὺς

304 2791 523 2855 ὅρκους.
559 2789 940 2860 Ἐπεκρᾶτησε
963 2790 1021 2842 δὲ
1045 2790 1198 2858 παρὰ
1240 2789 1538 2860 Ῥωμαίοις
1566 2789 1794 2853 καὶτοῖς
1820 2790 1883 2842 ἐκ

306 2882 562 2945 Βενετὶας
615 2883 864 2945 Λατίνοις
920 2882 981 2934 τδ
1027 2881 1271 2935 τοιοῦτον
1331 2865 1453 2944 ἔθος
1512 2883 1575 2933 ὲκ
1625 2880 1885 2949 τοιαύτης

309 2973 552 3041 μάλιστα
585 2972 788 3034 αίτίας.
838 2972 1102 3035 Βασιλεὺς
1147 2973 1177 3024 ὁ
1221 2972 1438 3044 πρῶτος
1493 2972 1733 3041 Μιχαὴλ,
1763 2974 1884 3025 ἐπεὶ

300 3064 608 3128 Βυζάντιον
659 3063 971 3117 ἀνεσώσατο
1013 3064 1334 3134 Ῥωμαίοις,
1367 3066 1462 3118 καὶ
1497 3064 1741 3136 Θρᾴκην,
1790 3066 1886 3118 καὶ

206 3204 211 3207 Α
305 3157 680 3219 Μακεῶνέαν,
731 3159 826 3208 καὶ
877 3157 975 3224 τὴν
1013 3157 1183 3226 ἄλλην
1228 3156 1449 3211 ἃπασαν
1474 3158 1717 3228 ἑσπέραν
1757 3157 1886 3228 ἑξή-

302 3264 473 3302 κοντα
506 3249 681 3317 ὀλῖγῳ
706 3248 878 3301 πλείω
907 3248 1003 3318 ἐτη
1025 3237 1386 3302 δουλεύσαντι
1419 3249 1691 3312 Λατίνοις,
1719 3250 1887 3315 πεζὴν

311 3341 406 3407 μὲν
436 3341 545 3394 καὶ
576 3339 809 3410 ἱππικὴν
838 3338 1070 3408 δύναμιν
1117 3339 1362 3411 μεγάλην
1396 3339 1509 3410 εἶχε
1540 3341 1634 3394 καὶ
1662 3342 1890 3410 ἀξιόμα-

304 3450 400 3500 χον
452 3432 604 3503 πρὸς
687 3435 899 3496 πάντας
961 3429 1272 3501 πολεμίους,
1320 3432 1582 3502 ναυτικὴν
1632 3433 1689 3485 δὲ
1737 3433 1890 3487 οὕτω

266 3541 274 3547 ’
302 3525 589 3593 τοσαύτην
623 3524 1143 3594 παρεσκευασμένος
1175 3518 1266 3593 ἦν,
1304 3525 1435 3592 δσην
1467 3522 1729 3592 ὕστερον·
1764 3524 1887 3576 ὅθεν

298 3619 400 3670 καὶ
428 3619 570 3680 τοὺς
604 3615 1188 3686 θαλασσοκρατοῦντας
1219 3613 1430 3678 ἐδεδίει,
1463 3615 1557 3667 καλ⁸
1588 3612 1888 3684 ἐθεράπευε

299 3708 377 3776 τῷ
408 3709 603 3778 καιρῷ
638 3711 981 3779 προσήκοντα
1011 3708 1216 3759 ποιῶν·
1276 3707 1477 3775 δεῆσαν
1520 3708 1704 3775 μέντοι
1753 3708 1889 3776 πρὸς

299 3802 585 3863 ἑκάστους
613 3800 867 3865 τίθεσθαι,
884 3800 1140 3862 σπονδὰς,
1169 3801 1281 3861 τοῖς
1302 3801 1407 3867 μὲν
1428 3798 1609 3862 ἄλλοις
1628 3800 1743 3852 ὅσοι
1768 3798 1888 3852 κατ’

301 3894 594 3963 ἐμπορίαν
625 3894 702 3955 εἰς
735 3891 1048 3956 Βυζάντιον,
1080 3890 1112 3960 ἢ
1146 3890 1340 3959 ἑτέρας
1368 3889 1671 3959 παραλίους
1704 3890 1890 3952 πόλεις

307 3985 637 4055 Ῥωμαέους
677 3982 953 4047 ὑπηκόους
1005 3981 1401 4045 καταπλέουσι,
1448 3982 1649 4051 φόρους
1698 3980 1890 4034 ἔταττε

299 4079 391 4128 καὶ
442 4074 730 4144 ἀργύριον
782 4072 946 4144 ῥητὸν
990 4072 1071 4141 τῷ
1123 4071 1404 4142 δημοσίῳ·
1469 4073 1564 4124 καὶ
1610 4072 1891 4124 ἐπείθοντο

296 4166 569 4219 ἀδύνατοι
604 4164 759 4226 ὄντες
782 4162 1087 4230 ἀντιλέγειν
1107 4179 1122 4193 ·
1162 4162 1292 4232 ἄχρι
1322 4162 1431 4231 γὰρ
1459 4163 1556 4214 καὶ
1586 4162 1686 4215 νῦν
1718 4163 1891 4233 παρέο

296 4273 494 4325 zona:
519 4257 657 4316 τοὺς
690 4255 888 4324 φόρους
909 4272 921 4285 ·
953 4255 1004 4306 οἱ
1034 4254 1098 4305 ὲκ
1132 4252 1383 4316 Βενετίας
1413 4252 1467 4305 δὲ
1498 4253 1590 4307 καὶ
1623 4252 1891 4316 Γεννούας

1910 3017 1957 3082 C

1961 397 2275 463 parituros;
2333 398 2495 452 simul
2533 397 2823 467 pecuniam
2876 399 3150 468 ingentem
3200 402 3522 456 otlrrehant.

1960 486 2266 555 Imperator
2308 490 2477 542 armis
2530 506 2587 543 se
2648 500 3077 557 temperaturum
3128 494 3432 561 spondere,
3484 500 3527 550 si

1962 600 2127 656 opere
2178 588 2297 657 ipso
2344 588 2746 657 promissorum
2805 589 3092 643 veritatem
3145 592 3473 647 conﬁrment
3518 615 3529 648 ;

1962 676 2251 746 pecuniam
2282 677 2599 746 repudiare,
2658 690 2809 732 ratus
2871 695 2979 732 non
3044 694 3101 740 se
3150 681 3350 736 decere
3392 684 3531 738 hanc

1970 768 2333 822 humilitatem
2368 768 2558 832 animi.
2618 786 2795 839 neque
2840 770 3012 825 videri
3061 773 3289 841 pecunia
3340 775 3533 828 delini-

1969 871 2105 929 tum,
2148 877 2436 917 commune
2473 862 2847 916 Romanorum
2881 865 3315 919 emolumentum
3353 866 3406 918 in
3445 883 3541 919 ex—

1973 955 2166 1008 tremis
2190 970 2417 1023 ponere.
2441 954 2609 1024 810
2637 956 2828 1009 Veneti
2860 972 2982 1009 eum
3008 973 3037 1010 a
3066 958 3329 1013 societate
3353 974 3478 1012 secu
3508 976 3537 1010 ιι

1969 1044 2295 1114 paciscenda
2329 1046 2716 1125 abhorrentem
2753 1047 3004 1115 experti,
3042 1050 3299 1117 quoniam
3332 1050 3541 1119 absque

1973 1139 2093 1207 ipso
2149 1138 2285 1193 nihil
2345 1138 2619 1207 egregium
2688 1155 2745 1193 se
2801 1139 3095 1193 etlecturos
3149 1141 3538 1209 opinabantur,

1975 1228 2217 1299 graviter
2248 1229 2299 1284 id
2326 1240 2490 1299 atque
2519 1231 2741 1298 indigne
2787 1231 3037 1286 ferebant
3068 1249 3082 1285 :
3114 1246 3168 1286 et
3198 1248 3322 1288 cum
3359 1250 3545 1303 aperte

1984 1318 2189 1372 bellum
2225 1318 2489 1373 adversus
2522 1320 2675 1373 illum
2706 1320 2889 1374 moliri
2934 1336 3043 1375 non
3074 1320 3412 1385 viderentur,
3453 1339 3550 1376 su-
3600 1306 3604 1310 ³

1974 1409 2274 1478 spicionem
2313 1418 2491 1463 tamen
2537 1410 2892 1479 praabebant;
2928 1426 3051 1465 nam
3078 1412 3257 1466 [trdus
3286 1430 3408 1467 cum
3448 1415 3552 1466 lto-

1979 1502 2158 1555 manis
2185 1511 2297 1554 tum
2329 1502 2667 1573 exspirabat.
2702 1503 2855 1569 Quod
2889 1506 3109 1575 quidem
3136 1517 3550 1570 nouant-ritum,

1977 1595 2069 1648 sed
2104 1593 2171 1647 ad
2208 1609 2383 1648 annos
2416 1595 2714 1663 prmlinitos
2762 1611 2825 1650 ac
2868 1609 3051 1653 certos
3098 1598 3324 1662 habent,
3356 1614 3383 1651 a
3418 1608 3555 1651 tein-

1976 1686 2203 1755 poribus
2258 1687 2545 1742 Michaelis
2598 1689 2762 1758 primi
2820 1690 3111 1760 Palmologi
3166 1692 3553 1760 imperatoris,

1975 1776 2178 1846 quibus
2222 1760 2538 1842 transactis,
2598 1781 2793 1834 utrivis
2819 1784 2958 1851 parti
2987 1782 3187 1836 bellum
3213 1797 3431 1836 movere
3468 1782 3554 1835 in-

1978 1878 2193 1939 tegrum
2225 1882 2331 1924 est.
2365 1869 2457 1923 Sin
2494 1871 2714 1940 utrique
2745 1872 2884 1941 parti
2916 1888 3016 1940 pax
3053 1872 3240 1928 utilior
3271 1881 3549 1941 appareat,

1979 1960 2163 2015 fmdus
2191 1960 2373 2015 denuo
2406 1963 2677 2016 sancitur.
2710 1963 2785 2016 Ea
2813 1964 3159 2019 consuetudo
3185 1964 3328 2020 inter
3356 1967 3555 2020 Itoma-

1979 2067 2082 2105 nos
2110 2067 2174 2105 ac
2205 2052 2444 2106 Venetos
2476 2053 2606 2106 hinc
2638 2054 2985 2121 potissimum
3020 2058 3283 2111 manavit.
3325 2054 3553 2109 Michael

1979 2143 2280 2211 imperator
2308 2143 2602 2213 Byzantio,
2634 2143 2889 2210 Thracia,
2926 2143 3263 2209 Macedonia,
3299 2152 3413 2198 toto
3445 2145 3546 2198 0c—

1981 2232 2200 2287 cidcnte
2248 2236 2391 2302 (qua:
2437 2236 2601 2303 paulo
2643 2237 2885 2303 amplius
2915 2238 3193 2305 sexaginta
3241 2252 3418 2292 annos
3451 2238 3555 2292 sub

1986 2325 2199 2380 ditione
2254 2326 2574 2381 Latinorum
2615 2326 2868 2397 fuerant)
2902 2329 3151 2383 Romano
3187 2329 3419 2399 imperio
3468 2346 3559 2384 re»

1984 2417 2265 2487 cuperatis
2290 2458 2304 2481 ,
2339 2419 2530 2489 copias
2583 2420 2806 2487 quidem
2858 2420 3145 2489 pedestres
3191 2432 3245 2477 et
3273 2432 3560 2491 equestres

1985 2525 2093 2564 non
2150 2511 2420 2580 exiguas,
2478 2519 2532 2564 et
2568 2510 2856 2576 quibusvis
2897 2512 3148 2566 hostibus
3203 2513 3561 2582 opponendas

1986 2604 2247 2669 habebat,
2276 2604 2507 2659 classem
2535 2604 2775 2659 nondum
2815 2612 3044 2668 tantam,
3079 2614 3338 2675 quantam
3374 2615 3561 2676 postea

1984 2693 2278 2749 anliﬁcavit
2324 2712 2336 2746 :
2390 2693 2534 2747 unde
2577 2702 2633 2747 et
2675 2692 2843 2748 maris
2878 2693 3133 2747 dominos
3189 2694 3449 2759 timebat;
3508 2706 3564 2750 ct

1988 2790 2227 2858 tempori
2255 2801 2313 2841 se
2344 2783 3002 2846 accommodanstoﬁiciis
3030 2801 3126 2841 eos
3150 2786 3561 2842 demerebatur.

1978 2879 2118 2934 Cum
2150 2888 2332 2934 autem
2387 2878 2565 2933 fmdus
2618 2877 2797 2933 facere
2849 2893 2972 2932 cum
3003 2879 3234 2949 singulis
3262 2890 3563 2950 eporleret,
3660 2880 3663 2885 ‘

1990 2972 2117 3027 aliis
2184 2972 2407 3039 quidem
2462 2958 2745 3026 mércatus
2806 2986 2968 3026 causa
3020 2972 3339 3043 Byzantium
3393 2982 3446 3027 et
3497 2976 3564 3027 ad

1994 3067 2133 3121 alias
2176 3065 2345 3121 urbes
2382 3066 2760 3121 Romanorum
2795 3066 3100 3120 maritimas
3124 3108 3137 3132 ,
3181 3067 3565 3138 navigantibus

1994 3160 2261 3231 portoria,
2297 3168 2353 3213 et
2387 3160 2681 3229 pecuniam
2733 3170 2938 3214 certam
2990 3159 3188 3214 aerario
3224 3160 3595 3225 inferendam_

1996 3249 2258 3319 imposuit
2293 3267 2305 3303 :
2342 3250 2434 3319 qui
2471 3251 2619 3319 quod
2650 3250 2810 3303 aliter
2842 3265 2951 3303 non
2997 3258 3240 3318 possent,
3276 3251 3566 3319 parebant,

1996 3352 2053 3397 et
2080 3357 2254 3410 usque
2280 3342 2441 3397 hodie
2475 3341 2703 3411 vectigal
2730 3340 2999 3410 pendunt.
3046 3339 3239 3394 Veneti
3272 3353 3455 3396 autem
3511 3353 3568 3396 et

1995 3434 2339 3492 Genuenses.
2368 3431 2493 3486 freti
2518 3433 2765 3501 potentia
2790 3447 2910 3496 sua,
2944 3441 2999 3485 et
3033 3432 3272 3497 Ionium,
3300 3433 3565 3502 Aigmum,

1996 3522 2270 3577 Euxinum
2305 3522 2478 3575 maria
2523 3520 2735 3590 magnis
2793 3519 3063 3574 classibus
3092 3521 3571 3591 circumnaxigan-

2001 3624 2080 3669 tes
2114 3613 2203 3682 (ad
2234 3627 2470 3682 quorum
2494 3610 2681 3665 littora
2719 3610 2886 3665 urbes
2923 3626 3061 3680 pene
3092 3626 3304 3677 omnes,
3334 3621 3428 3666 aut
3461 3614 3569 3667 sal-
3602 3643 3615 3657 -

1999 3718 2106 3761 tem
2143 3706 2379 3775 plurima
2412 3720 2539 3775 pars
2588 3713 2719 3758 tunc
2752 3704 3012 3758 Romanis
3057 3704 3341 3770 suberat),
3372 3707 3565 3775 hujus-

2000 3796 2147 3851 modi
2177 3796 2487 3866 portorium
2520 3796 2737 3849 solvere
2768 3795 3166 3860 detrectabant,
3197 3797 3566 3867 volebantque

1999 3904 2097 3959 per
2125 3889 2308 3943 omnia
2330 3888 2576 3955 emporia
2609 3889 3012 3943 immunitatem
3048 3889 3152 3943 sibi
3187 3889 3434 3945 concedi.
3468 3892 3573 3945 lau-

2001 3989 2258 4051 perator,
2310 3981 2573 4050 quoniam
2611 3980 2736 4035 illos
2783 3992 2914 4034 tunc
2966 3996 3069 4035 nec
3115 3982 3294 4036 verbis
3325 3999 3571 4045 movere,

1999 4086 2102 4126 nec
2132 4074 2301 4126 armis
2336 4087 2534 4142 cogere
2558 4071 2798 4137 valebat,
2827 4087 2950 4125 eum
2974 4072 3361 4129 Genuensibus
3391 4074 3573 4130 fmdus

2000 4172 2327 4233 perpetuum
2371 4164 2664 4232 percussit,
2719 4171 2783 4229 ut
2810 4173 2995 4218 essent
3039 4165 3258 4234 quidem
3304 4183 3400 4237 per
3441 4170 3565 4221 uni-

2007 4269 2199 4309 versas
2270 4254 2435 4309 urbes
2481 4263 2537 4308 et
2589 4255 2837 4320 emporia
2872 4255 3242 4311 Romanorum
3304 4259 3575 4316 immunes

297 4347 446 4415 μέγα
488 4346 818 4414 δυνάμενοι,
860 4344 956 4401 καὶ
996 4344 1088 4396 τὸν
1133 4343 1339 4407 Ἰόνιον,
1372 4345 1469 4395 καὶ
1503 4345 1750 4411 Αἰγαῖον,
1794 4344 1880 4397 καὶ

2000 4351 2223 4416 penitus
2260 4364 2272 4401 :
2308 4348 2495 4416 aliquo
2521 4355 2704 4403 tamen
2759 4348 2933 4402 modo.
2968 4348 3288 4417 imperatori
3337 4353 3574 4423 subjice-

290 4442 387 4493 τὸν
420 4440 716 4505 Εὔξεινον,
746 4436 951 4499 στόλοις
982 4436 1236 4505 μεγάλοις
1264 4436 1695 4505 παραπλέοντες,
1721 4431 1797 4490 ὧν
1824 4436 1892 4491 τὰ

290 4533 557 4603 παράλια
627 4531 807 4583 πάντα
876 4529 1134 4598 μάλιστα,
1201 4528 1235 4599 ἢ
1296 4530 1366 4581 τὰ
1430 4528 1603 4581 πλείω
1673 4529 1893 4600 ὑπήκοα

297 4623 625 4693 Ῥωμαίοις
642 4623 763 4675 τότε
784 4617 946 4691 ἦσαν,
963 4623 1064 4674 οὐκ
1080 4621 1361 4674 ἐπείθοντο
1380 4621 1639 4693 παρέχειν
1657 4622 1857 4692 φόρους
1874 4636 1891 4653 ³

290 4716 412 4769 ἀλλ’
433 4715 643 4779 ἠξίουν
664 4714 724 4766 ὲν
743 4714 910 4767 πᾶσιν
933 4712 1218 4784 ἐμπορίοις
1236 4712 1336 4782 τὴν
1359 4712 1623 4782 βασιλέως
1640 4714 1893 4769 ἀτέλειαν

289 4808 692 4878 καρποῦσθαι.
725 4805 989 4870 Βασιλεὺς
1017 4806 1076 4859 δὲ
1103 4807 1225 4859 τότε
1247 4806 1462 4860 πείθειν
1487 4808 1588 4860 οὐκ
1605 4807 1769 4876 ἔχων,
1799 4808 1896 4861 καὶ

288 4901 606 4971 βιάζεσθαι
659 4900 773 4960 τοῖς
802 4898 990 4961 ὅπλοις
1026 4899 1100 4969 μὴ
1154 4898 1474 4968 δυνάμενος,
1527 4902 1640 4961 τοῖς
1693 4900 1793 4968 μὲν
1828 4901 1893 4953 ἐκ

287 4992 584 5053 Γεννούας
631 4990 788 5043 ἔθετο
818 4991 1051 5052 σπονδὰς
1087 4990 1353 5061 διηνεκεῖς
1408 4990 1501 5043 ἐπὶ
1536 4990 1613 5061 τῷ
1648 4991 1893 5053 ἐκείνους

285 5084 393 5153 μὲν
458 5079 625 5136 εἶναι
671 5080 884 5144 ἀτελεῖς
938 5085 1286 5136 παντάπασιν
1338 5083 1396 5135 ἐν
1446 5083 1648 5145 πάσαις
1680 5083 1893 5145 πόλεσι,

284 5181 383 5230 καὶ
444 5176 778 5246 ἐμπορίοις,
832 5174 869 5228 ἆ
917 5176 1057 5228 εἰσιν
1103 5175 1323 5244 ὑπήκοα
1389 5172 1677 5245 Ῥωμαίων
1723 5190 1896 5227 κατα-

285 5268 580 5321 πλέουσιν
596 5280 611 5294 '
637 5267 835 5327 αὐτοὺς
860 5266 917 5318 δέ
938 5282 1065 5319 τινα
1089 5266 1293 5335 τρόπον
1311 5266 1414 5318 ὑπὸ
1444 5265 1670 5335 βασιλέα
1694 5266 1893 5330 τελεῖν,

285 5361 562 5430 τριήρεις
598 5373 653 5409 τε
689 5357 954 5427 παρέχειν
1004 5358 1149 5410 κατὰ
1207 5359 1548 5428 συμμαχίαν,
1578 5359 1650 5415 ,εί
1695 5357 1894 5423 δέοιτο,

288 5452 664 5519 πεντήκοντα
684 5448 1130 5519 ὲφωπλισμένας,
1175 5448 1438 5519 βασιλέως
1462 5450 1622 5519 μόνου
1646 5449 1894 5512 ναύταις,

286 5544 386 5595 καὶ
422 5537 697 5601 ὁπλίταις
728 5539 923 5609 μισθὸν
948 5542 1303 5611 παρέχοντος.
1339 5541 1401 5594 Et
1432 5541 1491 5593 δὲ
1520 5540 1694 5594 κενῶν
1720 5542 1897 5594 δέοιτο

283 5634 615 5705 τριήρεων.
638 5631 730 5695 τὰς
766 5633 891 5694 ἴσας
912 5633 1176 5701 παρέχειν
1206 5634 1340 5699 μετὰ
1372 5632 1480 5685 τῶν
1514 5631 1693 5686 ὃπλων
1720 5633 1895 5703 μόνων

561 5725 837 5787 ΡΑτιιοι.
875 5731 989 5786 (in.
1031 5724 1223 5785 CLIV.

1997 4446 2215 4500 rentur,
2261 4447 2317 4491 et
2346 4477 2361 4502 ,
2413 4437 2456 4491 si
2498 4452 2639 4506 opus
2679 4436 2861 4500 foret,
2921 4439 3280 4495 subsidiarias
3315 4443 3572 4500 triremes

1996 4537 2237 4585 armatas
2262 4530 2659 4601 quinquaginta
2689 4531 2996 4599 mitterent,
3027 4532 3359 4600 imperatore
3389 4537 3565 4590 solum

1996 4621 2235 4692 remiges
2284 4631 2340 4677 et
2373 4621 2649 4692 stipendia
2687 4622 2741 4676 in
2791 4624 3021 4677 militem
3052 4626 3463 4695 suppeditante.
3509 4628 3567 4682 Si

1998 4713 2192 4767 vacuis
2212 4724 2421 4782 egeret,
2453 4713 2679 4767 totidem
2717 4728 2971 4776 numero,
3012 4722 3225 4767 tantum
3250 4730 3373 4767 cum
3403 4716 3573 4768 armis

1999 4814 2055 4860 et
2092 4804 2368 4875 praaiectis
2421 4805 2768 4874 prrebcrent,
2806 4813 2861 4859 et
2896 4818 3006 4873 quo
3041 4804 3305 4858 bellatum
3346 4803 3571 4872 proﬁci-

1996 4906 2264 4961 sceretur,
2288 4911 2355 4951 eo
2373 4907 2761 4966 sequerentur,
2789 4896 3125 4966 eosdemque
3154 4910 3337 4949 secum
3360 4896 3566 4951 amicos

1996 5006 2062 5046 ac
2105 4990 2285 5045 socios
2330 4991 2598 5045 colerent.
2649 4990 2785 5045 Cum
2822 4989 3081 5053 Venetis,
3113 4989 3241 5058 quia
3269 4990 3567 5047 convenire

1998 5081 2139 5136 nihil
2174 5087 2410 5149 poterat.
2453 5081 2636 5149 pretio
2660 5079 2999 5134 contendere
3031 5079 3324 5149 cogitabat.
3365 5082 3565 5136 Verum

1998 5174 2143 5228 bello
2172 5172 2280 5226 alio
2312 5171 2520 5237 majore
2549 5172 2864 5241 ingruente,
2886 5186 2914 5224 a
2947 5185 3094 5238 rege,
3126 5172 3370 5240 inquam,
3401 5172 3571 5227 Fran-

1998 5267 2099 5319 cize
2132 5264 2330 5319 Carolo
2381 5263 2545 5334 811
2586 5262 3030 5333 (exspectabatur
3086 5264 3231 5317 enim
3280 5278 3403 5316 cum
3467 5280 3567 5333 ρος

2000 5354 2137 5408 tenli
2165 5354 2337 5408 classe
2369 5352 2689 5424 Byzantium
2721 5362 3034 5422 venturuS),
3067 5362 3121 5407 et
3154 5362 3379 5422 parante
3410 5369 3469 5407 se
3499 5353 3568 5409 ad

1998 5447 2247 5502 navalem
2303 5461 2539 5516 pugnam
2614 5446 2948 5515 imperatore
2983 5485 2997 5508 ,
3063 5445 3265 5513 placuit
3311 5445 3365 5499 in
3399 5460 3576 5503 annos

2001 5549 2183 5595 Certos
2214 5553 2337 5593 cum
2371 5537 2597 5593 Venetis
2630 5537 2882 5592 inducias
2914 5537 3139 5607 pacisci,
3191 5548 3253 5591 ut
3279 5537 3325 5591 si
3349 5537 3573 5607 quando

2004 5632 2151 5689 bello
2206 5639 2401 5686 contra
2432 5630 2689 5686 Carolum
2723 5629 3141 5701 defungeretur,
3194 5635 3430 5686 exeunte
3471 5628 3574 5686 [cer
