3964 6210
396 319 499 380 $03

1580 310 1907 377 'JOANNIS
1946 314 2471 377 CANTACUZENI

3531 320 3641 383 204

399 434 879 491 ὼξτρνααγοτειιη]
918 430 1038 482 illos
1070 428 1346 481 iortunam
1400 424 1651 479 bellieam
1684 427 1962 494 experire-

2078 424 2167 477 καὶ
2197 424 2493 493 ἀρχόντων,
2530 423 2839 492 συμμαχεῖν
2868 441 2924 475 τε
2959 422 3169 494 βασιλεῖ
3198 424 3318 479 καθ’
3357 428 3541 480 ὁποίου
3572 431 3639 485 ἄν

401 534 513 577 tur.
548 524 724 590 Atque
756 521 857 573 hac
899 520 966 572 ab
1001 519 1111 571 illis
1147 517 1488 586 temporibus
1538 517 1699 571 ducta
1736 532 1969 571 consue-

405 613 620 677 tudine,
660 611 850 664 Veneti
882 625 1007 662 eum
1047 609 1309 663 Romanis
1360 608 1697 663 fmderantur
1728 626 1742 661 :
1776 624 1838 662 ea
1870 608 1972 662 fu;-

405 699 560 758 dera.
604 713 727 751 cum
771 695 1044 751 terminus
1084 696 1392 762 advenerit,
1431 708 1777 751 renovantur.
1818 696 1972 762 Quod

402 790 449 842 si
498 788 779 841 alterutris
812 787 1015 841 bellum
1077 788 1348 851 arriserit,
1401 789 1538 841 citra
1577 790 1787 843 critnen
1820 788 1970 843 licet.

411 880 552 947 Ergo
579 878 631 930 in
664 876 814 930 exitu
852 876 1077 931 foederis
1102 891 1227 930 cum
1255 877 1496 941 Venetis,
1531 887 1589 930 ut
1613 877 1932 932 dicebamus
1958 915 1974 942 ,

402 972 495 1024 ubi
558 969 948 1038 imperatorem
1009 969 1076 1022 ad
1131 968 1434 1022 coeundam
1466 969 1591 1023 belli
1647 970 1968 1024 societatem

399 1062 676 1115 adducere
732 1060 1144 1131 nequiverunt,
1178 1061 1354 1131 palam
1385 1060 1605 1129 quidem
1636 1076 1783 1113 arma
1827 1059 1973 1114 haud

400 1156 816 1217 denuntiantes,
849 1152 1172 1223 prmi‘ectum
1204 1168 1455 1216 suorum,
1482 1152 1574 1221 qui
1600 1153 1843 1222 Byzantii
1874 1153 1972 1205 ha-

400 1247 676 1311 bitabant,
712 1246 765 1300 in
798 1247 1053 1299 triremes
1088 1245 1424 1313 accipientes
1452 1253 1821 1307 recesserunt,
1847 1259 1973 1297 cum

400 1339 661 1407 opinione
692 1377 706 1401 ,
771 1336 816 1390 si
858 1336 1204 1390 occasionem
1274 1334 1749 1398 nanciscerentur,
1791 1347 1849 1389 se
1906 1332 1974 1388 de

402 1429 738 1496 imperatore
792 1427 1028 1480 ulturos.

2071 527 2205 567 ποτε
2241 516 2453 585 πολεμῇ
2480 533 2491 545 ·
2546 516 2639 570 καὶ
2672 517 2857 584 φίλους
2890 512 3031 568 εἶναι
3063 512 3242 580 αὖθις,
3294 518 3390 570 καὶ
3422 520 3647 588 συμμά-

2069 624 2221 678 χους,
2252 602 2331 668 οἷς
2356 607 2421 660 ἂν
2450 609 2656 670 ἐκεῖνος
2690 607 2867 674 φίλοις
2896 606 3098 677 χρῷτο.
3135 609 3261 671 Τοῖς
3289 609 3354 661 ἐκ
3384 609 3643 674 Βενετίας

2067 697 2125 749 δὲ
2155 696 2486 766 ἀσυμϐάτως
2517 692 2654 766 εἶχε,
2682 698 2773 749 καὶ
2816 697 3073 749 ἐϐούλετο
3104 699 3381 767 πολεμεῖν.
3418 701 3643 771 Ἐτέρου

2068 787 2125 839 δὲ
2155 787 2390 857 πολέμου
2429 786 2676 857 μείζονος
2711 788 3065 858 ἐπικειμένου
3098 789 3189 841 τοῦ
3226 790 3394 859 ρηγὺς
3428 793 3650 862 Καρού-

2070 880 2186 943 λου,
2241 878 2610 948 προσεδοκᾶτο
2661 880 2769 948 γάρ
2802 868 3008 943 ἐκεῖνος
3045 881 3216 950 στόλῳ
3250 882 3472 950 μεγάλῳ
3520 889 3649 935 ἐπι-

2071 971 2325 1023 πλεύσειν
2361 960 2699 1034 Βυζαντίοις,
2734 970 2829 1023 καὶ
2871 970 3433 1040 παρασκευαζομένου
3481 972 3645 1040 βασι-

2068 1059 2205 1122 λέως
2248 1058 2381 1129 πρὸς
2410 1057 2718 1127 ναυμαχίαν
2769 1057 2857 1110 ἐπ’
2890 1060 3122 1124 ἐκεῖνον,
3160 1060 3336 1113 ἐδόκει
3375 1061 3485 1114 δεῖν
3515 1062 3652 1113 ἀνα-

2068 1151 2252 1221 κωχάς
2284 1150 2423 1221 πρὸς
2472 1152 2599 1212 τοὺς
2634 1153 2697 1203 ἐκ
2738 1149 2994 1213 Βενετίας
3048 1151 3313 1217 τίθεσθαι,
3348 1154 3443 1205 καὶ
3493 1152 3650 1205 ἔθετο

2071 1242 2157 1293 ἐπ’
2199 1240 2344 1292 ἔτεσι
2379 1240 2585 1309 ῥητοῖς,
2624 1238 2691 1291 ἶν’
2728 1238 2781 1289 εῐ
2814 1255 2947 1290 ποτε
2974 1238 3318 1307 ἀπαλλαγείη
3370 1241 3463 1291 τοῦ
3509 1239 3650 1307 πρὸς

2074 1332 2355 1402 Κάρουλον
2382 1330 2640 1399 πολέμου,
2670 1329 2818 1399 ἐξείη
2842 1328 3099 1398 πολεμεῖν
3125 1330 3330 1395 αὐτοῖς,
3352 1331 3461 1383 τῶν
3488 1348 3651 1383 σπον-

2071 1424 2177 1477 δῶν
2208 1422 2540 1494 ἐξηκουσῶν.
2571 1422 2645 1474 Τὸ
2678 1422 2743 1492 δὴ
2791 1422 3033 1473 τοιοῦτον
3056 1421 3114 1487 ἐξ
3153 1422 3359 1475 ἐκείνου
3393 1422 3519 1492 ἄχρι
3553 1421 3651 1475 νῦν

400 1524 773 1592 ἐπικρατῆσαν
792 1522 929 1587 ἔθος,
955 1523 1046 1575 τὶν
1066 1523 1179 1574 ἴσον
1196 1522 1395 1589 τρόπον
1425 1522 1481 1575 αί
1505 1521 1639 1593 πρὸς
1680 1520 1989 1591 Ῥωμαίους
2018 1520 2202 1583 αὐτοῖς
2228 1520 2470 1588 γίνονται
2511 1517 2756 1571 σπονδαί.
2777 1517 3031 1571 Ἐπειδὰν
3057 1518 3113 1571 δὲ
3133 1521 3342 1589 ἥκωσιν
3376 1521 3454 1581 εἰς
3472 1519 3648 1584 τέλος,

399 1620 752 1672 ἀνανεοῦνται
786 1615 960 1682 αὖθις.
1004 1619 1064 1671 Εἰ
1115 1619 1172 1670 δὲ
1241 1619 1424 1687 δοκοίη
1467 1619 1679 1689 Θατέρῳ
1750 1619 2032 1687 πολεμεῖν,
2072 1616 2250 1682 ἔξεστι
2293 1616 2459 1685 μηδὲν
2498 1613 2909 1684 ἐγκαλουμένῳ.
2977 1613 3067 1668 Ἐν
3106 1613 3270 1685 ἐξόδῳ
3307 1614 3485 1667 τοίνυν
3537 1615 3652 1666 τῶν

400 1712 533 1780 πρὸς
551 1712 672 1774 τοὺς
696 1714 759 1763 ἐκ
792 1710 1039 1773 Βενετίας
1064 1709 1324 1775 σπονδῶν,
1366 1710 1554 1778 ὥσπερ
1583 1711 1811 1780 ἔφημεν,
1858 1708 2054 1773 οὐσῶν,
2094 1709 2218 1761 ἐπεὶ
2271 1708 2346 1777 μὴ
2404 1706 2627 1774 βασιλέα
2680 1705 2887 1758 πείθειν
2939 1702 3087 1775 εἶχον
3123 1708 3429 1776 συμμαχεῖν
3460 1706 3653 1767 αὺτοῖς

401 1807 493 1858 ἐπὶ
542 1807 664 1867 τοὺς
728 1804 1041 1873 πολεμίους,
1094 1804 1339 1872 φανερῶς
1393 1805 1492 1875 μὲν
1526 1805 1585 1858 οὐ
1659 1804 2028 1874 κατήγγελλον
2060 1803 2152 1856 τὸν
2206 1804 2471 1872 πόλεμον
2531 1800 2623 1855 τὸν
2681 1800 2739 1853 δὲ
2793 1800 3033 1871 ἄρχοντα
3077 1801 3185 1855 τῶν
3242 1805 3300 1856 ἐν
3370 1802 3654 1871 Βυζαντίῳ

402 1902 694 1953 οἰκούντων
732 1900 988 1969 ὑπηκόων
1021 1902 1201 1962 αὐτοῖς
1256 1903 1313 1953 ἐν
1373 1903 1493 1963 ταῖς
1558 1905 1842 1971 τριήρεσιν
1904 1898 2287 1964 ἀναλαὸόντες,
2327 1895 2670 1966 ἀπεχώρουνο
2704 1894 2928 1964 δόκησιν
2969 1894 3041 1949 δέ,
3073 1896 3453 1975 Μρεῖχονῄὡς
3504 1898 3655 1965 ἀμυ-

402 1997 617 2051 νοῦνται
646 1995 873 2065 βασιλέα
908 1995 999 2047 τοῦ
1036 1998 1110 2063 μὴ
1139 1997 1475 2062 συμμαχεῖν,
1514 1996 1713 2046 εἴποτε
1747 1994 1994 2049 λάϐοιντο
2031 1992 2247 2062 καιροῦ.

1793 2125 2018 2181 CAPUT
2058 2124 2244 2180 XXVI.

403 2221 628 2277 Galata’i
656 2229 928 2275 notantur.
962 2219 1071 2274 Mos
1102 2219 1616 2274 Laceammoniorum
1649 2220 1919 2288 superbus.
1944 2218 2179 2283 Galatrci
2202 2234 2392 2272 saxum
2421 2234 2447 2272 e
2468 2214 2711 2271 machina
2746 2213 3058 2288 Byzantium
3086 2213 3296 2288 ,ναι-ἰωή
3329 2214 3427 2288 bis,
3460 2214 3651 2288 quiens

470 2292 665 2344 bellum
701 2292 972 2343 indicitur.
1017 2290 1194 2359 Veneti
1228 2298 1561 2351 revocantur,
1597 2284 1939 2359 cuntfquibus
1972 2290 2137 2342 initur
2169 2291 2411 2342 societas.
2441 2288 2617 2359 C_ausa
2658 2284 3011 2359 bellii’enetis
3046 2294 3093 2337 et
3119 2284 3485 2359 Genuensibus.
3534 2286 3651 2359 Gra-

472 2362 597 2415 tata:
627 2360 840 2413 obsidio.
884 2360 1100 2414 ‘Nicolai
1152 2358 1333 2413 Pisnni
1386 2360 1619 2427 prwfecti
1674 2354 1856 2411 classis
1905 2358 2116 2412 Veneta:
2168 2359 2417 2411 audacia.
2470 2356 2892 2427 iTresAmaAchina.’
2928 2354 3126 2419 frustra
3182 2355 3360 2427 factm.
3418 2354 3651 2407 Nuntius

476 2432 694 2484 Venetus
726 2432 787 2482 de
812 2432 1147 2499 septuaginta
1193 2424 1872 2483 triremibus'Genuensium
1910 2428 2412 2497 supervenientibus.
2459 2425 2648 2499 Populi
2706 2424 2989 2499 (immensis
3025 2432 3207 2477 contra
3255 2425 3529 2499 optimates
3563 2434 3651 2499 tu-

472 2500 692 2553 multus.
751 2494 1138 2552 Dem'ocra'tiam
1191 2503 1415 2566 quierit;
1474 2500 1813 2563 optimatibus
1867 2494 2099 2566 patriam
2151 2501 2474 2566 honoresque
2526 2497 2785 2566 restituit,
2844 2494 3409 2566 quoguntsumptibus
3462 2494 3648 2547 classis

473 2516 692 2553 muttus.
751 2516 1138 2552 uemocrattam
1191 2516 1415 2566 quierit;
1474 2516 1813 2563 opttntatwus
1904 2516 2099 2551 amant
2151 2516 2474 2565 honoresque
2526 2516 2785 2558 resumit,
2844 2516 3066 2559 quorum
3121 2516 3409 2560 sumpuaus
3462 2516 3645 2547 czasszs

473 2570 739 2636 mdiﬁcata
776 2578 958 2637 contra
990 2570 1355 2635 imperatorem
1382 2570 1624 2620 mittitur.
1669 2567 1821 2637 Ducis
1858 2516 2036 2621 {geneti
2070 2569 2300 2637 ignavia.
2326 2564 2513 2637 Pugna
2546 2566 2615 2618 ad
2644 2564 3289 2637 Calatam.rTarchar_tio_ta
3321 2564 3645 2637 vulneratus.

473 2632 773 2706 Imperator
826 2632 1139 2705 Byzantium
1189 2632 1476 2703 frustratus
1537 2638 1690 2691 redit.
1764 2635 1984 2691 Venetus
2038 2632 2262 2704 rediens,
2322 2637 2374 2689 in
2410 2632 2722 2692 'Genuenses
2771 2635 2973 2688 incidit.
3001 2633 3088 2695 Jn
3140 2632 3392 2687 Euboeam
3444 2634 3647 2703 fugiens

472 2719 733 2762 servatur.

477 2827 743 2889 Galatmi,
808 2833 1097 2880 cernentes
1155 2822 1310 2875 abire
1369 2822 1607 2877 Venetos
1642 2862 1655 2887 ,
1717 2832 1772 2876 et
1836 2823 1970 2877 falso

2151 2822 2212 2873 Οί
2240 2822 2297 2873 ἐν
2328 2820 2545 2892 Γαλατᾷ
2566 2821 2641 2885 δὲ,
2665 2820 2899 2891 ὁρῶντες
2922 2819 3163 2883 ἐκείνους
3193 2821 3643 2891 ἀποχωροῦντας,
3708 2854 3717 2859 -

407 2918 805 2981 existimantes,
832 2930 941 2970 non
979 2917 1033 2969 in
1067 2916 1309 2987 ipsorum
1334 2917 1560 2985 gratiam
1588 2918 1974 2987 imperatorem

408 3009 673 3063 auxilium
707 3008 1026 3075 denegasse,
1056 3004 1153 3059 sed
1187 3005 1413 3073 potius,‘
1444 3022 1567 3061 cum
1601 3021 1795 3075 magna
1826 3023 1973 3075 qum-

396 3100 533 3152 dam
568 3098 709 3150 inter
736 3112 793 3151 se
826 3104 1200 3163 reposcerent,
1228 3096 1524 3150 convenire
1555 3111 1658 3151 non
1685 3098 1929 3166 potuisse
1957 3113 1973 3154 :

409 3206 532 3246 cum
556 3188 762 3256 alioqui
794 3186 955 3242 etiam
990 3185 1131 3240 bene
1175 3186 1387 3240 meritis
1415 3171 1630 3255 semper
1668 3188 1806 3241 male
1848 3203 1995 3256 gra-.

412 3286 544 3337 tiam
579 3280 786 3335 referre
835 3278 1256 3332 consuevissent
1288 3278 1587 3349 (quomodo
1622 3278 1750 3332 olim
1803 3277 1975 3334 Lace-

410 3374 713 3428 daemonios
739 3372 935 3427 fecisse
972 3370 1167 3440 fertur)
1204 3372 1343 3441 (ΞΟ),
1373 3388 1439 3425 ne
1471 3372 1634 3426 ullius
1657 3388 1817 3443 egere
1841 3388 1975 3427 neve

413 3466 508 3519 ulli
565 3463 763 3518 cedere
800 3462 1151 3527 viderentur,
1198 3477 1311 3530 pra:
1342 3462 1510 3514 nimio
1544 3461 1688 3515 fastu
1736 3472 1792 3517 et
1826 3478 1979 3516 arro-

409 3556 614 3622 gantia,
657 3553 912 3619 meridie,
946 3553 1094 3607 nulla
1126 3568 1184 3607 re
1241 3553 1309 3606 ab
1364 3553 1698 3623 imperatore
1732 3554 1974 3618 irritati,
2004 3615 2009 3619 _

411 3648 651 3717 lapidem
691 3656 969 3701 tormento
1001 3636 1321 3714 Byzantium
1346 3659 1444 3714 per
1480 3644 1788 3699 machinam
1820 3645 1977 3713 jacu-

410 3741 500 3794 lati
541 3748 695 3795 sunt.
732 3740 853 3804 Quo
885 3737 1106 3805 Cognito
1131 3736 1430 3805 imperator
1454 3736 1519 3788 ad
1552 3750 1740 3789 eorum
1776 3736 1978 3804 princi—

412 3848 533 3900 pem
562 3838 617 3883 et
664 3836 910 3883 senatum
962 3827 1130 3880 mittit
1166 3836 1605 3895 percunctatum,
1654 3842 1824 3895 quare
1857 3826 1977 3879 bel-

410 3924 521 3974 lum
570 3921 935 3985 inceptareut.
987 3917 1069 3970 liii
1099 3916 1301 3969 factum
1334 3917 1585 3985 ignorare
1612 3917 1892 3981 simulant,
1925 3926 1979 3970 et

410 4027 631 4064 causam
690 4009 953 4063 facinoris
1009 4018 1115 4062 tam
1182 4009 1467 4064 insolentis
1506 4011 1843 4066 machinario
1886 4014 1980 4067 tri-
2022 4072 2031 4073 ί

416 4107 610 4155 buunt.
650 4100 787 4153 Tum
833 4100 998 4169 legati
1032 4100 1084 4152 in
1120 4100 1273 4153 illum
1323 4108 1377 4155 et
1408 4099 1760 4156 administros
1788 4118 1975 4157 exem-

413 4192 563 4261 plum
620 4190 707 4244 edi
770 4160 973 4243 instant
1022 4189 1166 4259 (ﬁeri
1216 4189 1362 4243 enim
1418 4190 1739 4260 neutiquam
1779 4160 2049 4262 posse,C

414 4285 544 4353 quin
572 4283 779 4337 multos
811 4282 1097 4351 adjutores
1128 4282 1443 4353 habuerit),
1477 4284 1557 4337 sic
1594 4284 1739 4337 enim
1774 4286 1880 4339 sibi
1908 4286 1977 4341 ab

415 4377 750 4443 imperatore
784 4374 1123 4429 mandatum.
1167 4372 1392 4427 Galattei
1427 4388 1484 4429 se
1514 4373 1759 4429 facturos
1794 4376 1977 4430 statim

415 4468 766 4534 pollicentur.
823 4464 1095 4521 Postridie
1150 4480 1326 4521 mane,
1356 4464 1506 4519 aliud
1551 4481 1741 4521 saxum
1774 4468 1981 4538 Byzan-

416 4560 550 4612 tium
607 4558 839 4628 jaeiunt.
876 4558 1039 4627 812
1087 4557 1223 4611 Tum
1261 4568 1523 4627 reputans
1559 4559 1874 4628 imperator,
1924 4569 1981 4614 et

414 4665 640 4718 scepum
678 4661 929 4719 tangens,
967 4658 1194 4719 propter
1230 4644 1505 4703 recessum
1539 4650 1873 4705 Venetorum
1924 4651 1979 4705 in

416 4742 557 4795 banc
592 4739 985 4794 conﬁdentiam
1017 4749 1073 4793 et
1106 4741 1571 4810 contemptionem
1615 4744 1886 4812 erupisse,
1921 4752 1981 4798 ut

415 4833 623 4887 bellum
654 4832 969 4896 ordiantur,
996 4831 1131 4901 ipsis
1161 4836 1423 4885 continuo
1452 4847 1549 4901 per
1578 4830 1980 4890 internuntium

413 4924 620 4978 bellum
656 4922 873 4987 indicit,
898 4921 1118 4993 jubens,
1143 4921 1339 4976 diebus
1369 4930 1511 4984 octo,
1546 4938 1684 4992 quos
1716 4925 1982 4980 haberent

415 5030 539 5068 eum
578 5014 861 5079 Ruitianis,
917 5022 1246 5068 mercatura:
1278 5014 1675 5081 contractibus,
1711 5030 1774 5070 ac
1802 5016 1980 5071 nomi-

415 5106 581 5159 nibus
613 5106 805 5161 aliisve
860 5121 982 5175 qua:
1022 5104 1247 5175 praetexi
1286 5115 1512 5175 possent
1539 5107 1880 5176 compositis,
1913 5107 1979 5163 ad

415 5196 776 5265 prteliandum
824 5208 1141 5253 occurrant.
1200 5196 1407 5253 Deinde
1452 5198 1690 5254 Venetos
1724 5210 1979 5265 revocat,

416 5285 512 5354 qui
564 5286 747 5340 statim
778 5287 1082 5356 gaudentes
1110 5296 1486 5347 revertuntur.
1517 5290 1656 5343 Cum
1692 5290 1775 5345 bis
1805 5292 1979 5347 socie-

2078 2914 2175 2965 οὐκ
2214 2914 2474 2981 ἐνόμισαν
2514 2916 2652 2981 ὅπερ
2685 2908 2774 2981 ἦν,
2806 2911 2883 2975 ὼς
2915 2912 3050 2980 πρὸς
3087 2911 3184 2983 τὴν
3220 2913 3445 2965 ἐκείνων
3484 2914 3647 2981 χάριν

2076 3004 2506 3075 ἀπαγορεύσειεν
2545 3005 2730 3068 αὐτοῖς
2775 3005 2801 3056 ὁ
2848 3004 3103 3074 βασιλεὺς
3144 3004 3244 3060 τὴν
3288 3005 3645 3075 συμμαχίανο

2075 3094 2189 3149 ἀλλ’
2216 3096 2385 3166 ᾠοντο
2419 3097 2627 3167 μεγάλα
2648 3097 2770 3150 τινὰ
2798 3096 3063 3166 ἀλλήλους
3096 3097 3366 3161 ἀπαιτεῖν,
3398 3097 3466 3149 δι’
3499 3098 3648 3167 ἆπερ

2075 3185 2403 3255 ἀσυμϐάτως
2451 3187 2770 3256 ἐσχηκέναι,
2817 3186 2992 3249 ἄλλως
3019 3202 3077 3238 τε
3134 3187 3227 3240 καὶ
3267 3188 3391 3248 τοὺς
3422 3187 3649 3255 εὐεργε-

2076 3277 2301 3339 τοῦντας
2351 3277 2438 3331 ἀεὶ
2491 3280 2678 3341 κακοῖς
2727 3262 3055 3347 ἀμείϐεσθαι
3114 3278 3389 3344 εἰωθότες,
3453 3277 3647 3349 ὥσπερ

2078 3367 2203 3428 τοὺς
2253 3369 2421 3420 πάλαι
2453 3369 2917 3438 Λακεδαιμονίους
2954 3369 3225 3436 λέγουσιν,
3280 3370 3368 3422 ῖ·.α
3418 3370 3652 3438 μηδενὸς

2076 3459 2274 3512 δοκῶσι
2303 3460 2508 3513 δεῖσθαι
2535 3462 2656 3531 μηδ’
2681 3462 2877 3531 ἧττους
2906 3458 3045 3514 εἶναι
3076 3464 3322 3533 μηδενὸς,
3354 3464 3445 3516 ὑπ’
3468 3465 3651 3535 ἄκρας

2078 3552 2368 3615 αὐθαδείας
2400 3554 2495 3605 καὶ
2530 3556 2873 3624 φυσήματος,
2901 3555 2958 3607 ἐν
2986 3556 3181 3625 ἡμέραν
3195 3558 3335 3628 μέσῃ
3360 3558 3450 3609 καὶ
3478 3556 3648 3624 μηδε-

2080 3646 2209 3714 μίαν
2238 3646 2418 3703 αὑτοῖς
2435 3646 2614 3698 αἰτίαν
2642 3646 2879 3714 πολέμου
2910 3649 3328 3717 παρεσχημένου
3357 3646 3645 3716 βασιλέως.

2076 3737 2221 3788 λίθον
2261 3736 2479 3805 ἀφῆκαν
2526 3737 2618 3788 ἐπὶ
2661 3737 2718 3789 τδ
2765 3737 3179 3799 Βυζάντιον-διὰ
3221 3738 3319 3800 τῆς
3371 3738 3641 3807 μηχανῆς.

2089 3826 2242 3879 Ἐπεὶ
2273 3827 2329 3878 δὲ
2359 3825 2586 3878 ἐπύθετο
2636 3826 2696 3879 τὸ
2737 3827 2952 3896 συμϐὰν
2981 3830 3008 3879 ό
3056 3826 3324 3896 βασιλεὺς,
3373 3830 3507 3896 πρὸς
3548 3829 3644 3881 τὸν

2077 3918 2304 3971 ἐκείνων
2333 3919 2569 3987 ἄρχοντα
2603 3905 2825 3989 πέμψας
2849 3921 2942 3973 καὶ
2971 3919 3070 3989 τὴν
3097 3920 3317 3991 βουλὴν,
3346 3921 3439 3990 τὴν
3462 3920 3643 3974 αίτίαν

2079 4009 2429 4075 ἐπυνθάνετο,
2479 4010 2545 4063 δι’
2585 4012 2651 4082 ῆν
2682 4011 2943 4082 ἄρχονται
2988 4012 3248 4081 πολέμου.
3303 4012 3553 4066 Ἐκείνων
3585 4013 3646 4066 δὲ

2081 4101 2520 4170 ὑποκρινομένων
2555 4104 2794 4170 ἀγνοεῖν,
2828 4103 2920 4157 καὶ
2945 4104 3044 4173 τὴν
3072 4103 3255 4157 αίτίαν
3287 4104 3387 4173 τῆς
3416 4104 3648 4168 ἀτοπίας

2081 4193 2158 4262 τῷ
2189 4194 2279 4245 ἐπὶ
2309 4193 2408 4261 τῆς
2448 4196 2693 4263 μηχανῆς
2742 4194 3107 4248 ἀνατιθέντων
3151 4196 3491 4266 τεταγμένῳ,
3524 4197 3651 4249 ἐκέ-

2082 4284 2238 4337 λευον
2261 4285 2309 4336 οί
2336 4284 2595 4353 πρέσὸεις
2625 4284 2830 4339 ἐκεῖνόν
2864 4302 2924 4337 τε
2958 4287 3052 4339 καὶ
3084 4287 3210 4349 τοὺς
3236 4288 3652 4357 συναραμένους

2084 4375 2368 4439 κολάζειν·
2421 4377 2684 4432 ἀδύνατον
2734 4378 2843 4446 γὰρ
2900 4380 2976 4448 μὴ
3031 4381 3126 4433 καὶ
3180 4380 3395 4442 πολλοῖς
3440 4381 3651 4449 ἑτέροις

2084 4466 2320 4537 χρῆσθαι
2355 4471 2670 4538 συνεργοῖςο
2722 4468 2863 4521 οὕτω
2910 4468 3019 4538 γὰρ
3072 4464 3141 4539 ἦν
3186 4468 3369 4531 αὐτοῖς
3417 4487 3650 4540 προστε-

2085 4559 2358 4629 ταγμένον
2399 4561 2503 4612 ὑπο
2537 4561 2823 4629 βασιλέως.
2861 4560 2921 4614 Οἱ
2964 4561 3022 4613 δὲ
3073 4545 3477 4631 ἐπηγγέλλοντο
3514 4580 3651 4632 προσ

2085 4650 2292 4720 θύμως.
2344 4652 2430 4716 Ἐς
2466 4652 2563 4722 τὴν
2613 4652 2905 4722 ὑστεραίαν
2943 4652 3000 4704 δὲ
3062 4653 3177 4721 ἅμα
3222 4654 3296 4723 ἐῳ
3354 4656 3448 4708 καὶ
3501 4655 3653 4708 λίθον

2084 4740 2273 4811 ἓτερον
2308 4743 2401 4794 ἐπὶ
2435 4742 2727 4807 Βυζάντιον
2755 4744 2997 4813 ἀφῆκαν.
3051 4743 3296 4812 Νομίσας
3339 4747 3383 4798 δ’
3416 4746 3550 4816 ὅπερ
3582 4744 3658 4818 ἦν

2084 4838 2113 4893 ὁ
2143 4838 2417 4908 βασιλεὺς.
2447 4839 2522 4903 ὡς
2550 4840 2637 4893 διὰ
2666 4840 2726 4892 τὸ
2762 4840 2886 4902 τοὺς
2914 4842 2979 4893 ἐκ
3009 4838 3262 4903 Βενετίας
3297 4842 3659 4910 ἀνακεχωρη-

2085 4931 2265 4995 κέναι,
2298 4932 2697 5000 θρασυνθέντες
2736 4930 2892 4984 αὐτοὶ
2920 4930 3329 5002 περιφρονοῦσι,
3368 4932 3461 4985 καί
3491 4929 3658 4984 πολέ-

2089 5040 2191 5092 μου
2237 5023 2529 5093 ἄρχουσιν,
2552 5024 2737 5086 αὐτοῖς
2789 5023 2887 5091 μέν
2919 5024 3119 5076 αὐτίκα
3156 5022 3394 5086 πόλεμον
3446 5022 3658 5091 κατήγ-

2086 5114 2242 5182 γελλε
2275 5113 2515 5184 πέμψας,
2553 5118 2645 5167 καὶ
2676 5115 2927 5167 ἐκέλευεν
2958 5114 3194 5183 ἡμέραις
3228 5113 3373 5165 ὀκτὼ
3398 5112 3655 5165 διαλυσα-

2089 5204 2305 5272 μένους,
2339 5203 2440 5255 ὃσα
2480 5202 2617 5272 πρὸς
2662 5202 2969 5272 Ῥωμαίους
3007 5202 3193 5272 έχουσι
3227 5201 3524 5270 συμϐόλαια
3559 5202 3655 5253 ἐπ’

2086 5295 2376 5365 ἐμπορίας,
2405 5296 2438 5367 ἢ
2469 5296 2628 5367 χρέα,
2668 5294 2702 5365 ἢ
2736 5295 2931 5365 ἐτέρας
2961 5295 3111 5358 τινὰς
3144 5293 3464 5363 προφάσεις,
3494 5290 3658 5347 καθίε-

1650 5408 1862 5469 Jacobi
1894 5413 2159 5475 Pnntani
2196 5422 2379 5476 notae.

486 5505 598 5573 (‘20)
632 5506 777 5561 Bona
821 5508 960 5562 facta
1010 5509 1149 5562 male
1198 5506 1354 5562 factis
1389 5522 1773 5573 eompensasse
1809 5508 1981 5563 Lace-

416 5573 735 5647 daemonios,
784 5579 947 5646 vulgo
1000 5589 1190 5632 notum
1224 5590 1343 5630 esse
1383 5578 1477 5631 ait.
1517 5573 1825 5632 Herodotus
1855 5580 1978 5647 qui-

417 5645 568 5725 dum,
618 5646 849 5729 loquens
889 5645 957 5729 de
987 5647 1457 5729 LacedremoniisL
1488 5659 1613 5729 ante
1647 5645 1975 5729 Lycurgum,

417 5714 616 5783 inquit,
654 5717 1110 5785 Κακονομώτατοι
1137 5714 1276 5785 ἦσαν
1314 5716 1499 5785 σχεδὸν
1535 5714 1749 5771 πάντων
1787 5714 1978 5786 Ἐλλή-

2094 5529 2203 5565 νων
2252 5513 2391 5566 κατά
2442 5530 2499 5565 τε
2566 5510 3006 5580 σφέαςαὺτοὺς,
3059 5510 3155 5564 καλ⁵
3194 5510 3389 5576 ξένοισι
3436 5508 3655 5580 ἀπρόσ-

2084 5597 2286 5650 μικτοι.
2335 5598 2398 5634 ea:
2447 5579 2706 5636 omnibus
2730 5581 2921 5639 Grecis
2954 5582 3111 5649 fuisse
3141 5581 3465 5651 pravissimis
3489 5579 3657 5651 mori-

2080 5651 2193 5771 imi,
2228 5667 2323 5732 nec
2360 5652 2439 5706 vet
2469 5656 2606 5707 inter
2634 5670 2708 5718 se,
2765 5652 2841 5704 vet
2872 5667 2989 5704 cum
3022 5649 3230 5706 advenis
3277 5649 3652 5705 commercium

2098 5738 2147 5771 ια
2188 5737 2340 5771 111888.

2098 5737 2340 5774 ιαοωεδε.
