3964 6210
351 303 466 370 205
515 320 525 333 ‘

1484 278 2036 356 Iusroutanum'
2070 296 2301 357 LIBER
2345 298 2442 358 IV.

3494 296 3601 361 206

353 416 588 471 στασθαι
622 412 757 481 πρὸς
784 411 1042 478 πόλεμονο
1070 410 1196 471 τοὺς
1219 408 1274 461 δέ
1300 408 1363 462 ἐκ
1390 410 1643 472 Βενττίας
1662 411 1932 479 μετεπέμ-

2053 418 2204 463 .atem
2246 425 2309 463 ac
2336 409 2514 463 foedus
2542 409 2803 472 instituit,
2838 409 3012 463 multo
3033 409 3244 464 minore
3261 410 3597 475 conditione,

349 526 517 561 πετο.
542 506 604 558 Ol
625 506 669 558 δ’
700 504 1033 573 ἀνέστρεφον
1064 501 1260 555 αὐτίκα
1284 502 1586 571 χαίροντες,
1606 503 1697 554 καὶ
1720 502 1929 555 ἐτίθετο

349 598 495 669 πρὸς
520 595 717 657 αὐτοὺς
766 591 1104 662 συμμαχίαν,
1158 591 1253 644 καὶ
1297 591 1551 653 σπονδὰς,
1601 590 1796 661 ἥττους
1832 590 1932 659 μὲν

342 688 436 746 ὢν
468 690 662 760 ἔμελλε
697 687 961 756 πρότερον
993 684 1167 736 ποιεῖν
1198 682 1491 752 παραπολύ
1516 697 1531 712 ⁸
1567 683 1781 750 μεγάλα
1822 682 1931 751 γάρ

354 803 492 837 τινα
525 784 620 835 καὶ
654 781 889 848 μάλιστα
922 775 1176 844 λυσιτελῆ
1214 773 1507 843 Ῥωμαίοις
1536 771 1933 843 ἐπηγγέλλοντο

351 872 500 939 περὶ
528 869 785 922 πλείστου
827 854 1139 935 ποιούμενοι
1174 864 1272 932 τὴν
1310 862 1570 932 βασιλέως
1596 861 1930 930 συμμαχίαν.

345 963 496 1015 Τότε
531 961 587 1013 δὲ
611 960 734 1011 ἐπεὶ
769 955 958 1022 ἑώρων
987 955 1260 1018 ἀδυνάτως
1293 954 1487 1021 ἔχοντα
1523 954 1726 1022 ἑτέρως
1761 953 1936 1018 πράτ-

344 1071 499 1117 τειν,
526 1052 626 1120 ἤδη
652 1050 761 1118 γάρ
783 1050 832 1100 οἰ
863 1051 918 1100 ἐν
942 1046 1161 1115 Γαλατᾷ
1185 1045 1660 1113 ἐκπεπολέμωντο,
1687 1042 1934 1111 ἀφῄρουν

350 1146 538 1197 πολλά
574 1143 683 1195 τῶν
728 1141 996 1210 πρότερον
1043 1137 1491 1207 ἐπηγγελμένων.
1522 1136 1712 1205 Ὅμως
1760 1134 1805 1186 δ’
1840 1128 1933 1187 οὖν

350 1236 747 1304 γεγενημένων
773 1232 882 1284 τῶν
909 1230 1172 1293 σπονδῶν,
1200 1232 1227 1282 ὁ
1250 1230 1386 1299 πρὸς
1410 1228 1537 1289 τοὺς
1565 1229 1628 1279 ἐκ
1663 1225 1934 1288 Γεννούας

278 1336 281 1339 ’
350 1327 523 1387 αὖθις
555 1329 758 1394 ἤρχετο
789 1321 1027 1390 πόλεμος
1061 1319 1137 1389 τῷ
1177 1319 1407 1390 βασιλεῖ.
1441 1319 1599 1371 Aleia.
1638 1318 1695 1371 δὲ
1727 1314 1795 1388 ἦν
1826 1321 1937 1381 τοῖς

353 1436 427 1471 εκ
474 1417 755 1480 Βενετίας,
800 1416 892 1466 καὶ
934 1412 1198 1474 Γεννούας
1228 1411 1324 1464 τοῦ
1354 1411 1594 1480 πολέμου
1634 1410 1849 1474 τούτου,
1879 1410 1939 1471 ὃς

358 1510 701 1577 ἀμφοτέροις
750 1504 1050 1573 συμφορῶν
1089 1495 1341 1572 μεγάλων
1371 1502 1548 1565 αἴτιος
1580 1502 1819 1570 ἐγένετο,
1854 1502 1938 1553 ὅτι

355 1605 504 1670 πρὸς
559 1602 764 1654 Τάναῖν
824 1600 911 1651 ἐπ’
958 1597 1203 1667 ἐμπορίᾳ
1255 1595 1527 1648 πλεόντων
1589 1594 1937 1663 ἀμφοτέρων,

364 1692 695 1761 συμϐέϐηκε
729 1691 836 1743 τινὶ
866 1690 976 1742 τῶν
1019 1691 1083 1741 ἐκ
1120 1688 1375 1750 Βενετίας
1406 1688 1544 1759 πρδις
1580 1685 1795 1755 Σκύθην
1816 1684 1938 1736 τινὰ

2033 516 2199 569 quam
2234 501 2394 568 prius
2415 510 2537 555 erat
2568 500 2813 557 facturus
2837 542 2850 565 ,
2884 500 3101 568 quando
3130 515 3478 571 summopere
3507 518 3603 556 ex-

2039 595 2212 659 petita
2272 592 2621 661 imperatoris
2678 593 2940 647 societate
2966 632 2980 657 ,
3028 593 3227 647 eximia
3264 595 3511 663 qutedam
3550 605 3606 649 et

2034 685 2295 740 Romanis
2318 686 2601 739 utilissima
2626 685 3037 755 promittebant.
3058 680 3249 741 Sed'ut
3271 689 3603 742 eumauim-

2034 776 2407 841 adverterunt,
2458 777 2617 831 facile
2665 776 2828 831 aliter
2893 792 3003 832 non
3056 791 3215 847 posse
3266 778 3411 847 (jam
3459 778 3607 832 enim

2033 867 2256 923 Galataei
2286 882 2435 921 arma
2471 866 2830 933 fremebant),
2865 869 3037 923 multa
3067 885 3133 923 ex
3169 870 3458 938 promissis
3499 869 3613 923 illis

2041 956 2347 1025 magnificis
2396 956 2764 1011 resciderunt.
2814 954 3185 1012 Nihilominus
3236 958 3383 1012 facto
3417 968 3609 1013 contra

2037 1045 2365 1102 Genuenses
2411 1045 2641 1112 fallere,
2697 1048 2900 1103 bellum
2946 1048 3128 1104 denuo
3176 1049 3247 1104 ab
3280 1050 3611 1119 imperatore

2038 1137 2361 1192 inchoatum
2411 1147 2514 1192 est.
2551 1138 2728 1194 Causa
2783 1155 2946 1209 porro
2993 1140 3121 1195 belli
3173 1141 3334 1209 hujus
3387 1143 3609 1196 Venetis

2042 1239 2100 1285 et
2136 1231 2546 1294 Genuensibus,
2579 1232 2744 1301 (quod
2772 1232 3021 1301 utrisque
3062 1246 3272 1302 magnae
3299 1234 3438 1287 cladi
3482 1233 3608 1301 fuit)

2042 1332 2166 1376 crat
2198 1321 2346 1390 quod
2384 1321 2615 1376 Tanaim
2652 1321 2922 1377 ambobus
2950 1331 3229 1376 mercatus
3256 1324 3427 1391 gratia
3460 1324 3616 1376 navi-

2041 1414 2300 1483 gantibus
2332 1414 2471 1484 (21),
2499 1414 2778 1469 Genucnsi
2843 1430 2968 1469 cum
3003 1400 3204 1485 Scytha
3267 1414 3508 1485 quodam
3539 1416 3619 1469 al-

2043 1514 2314 1565 tercante.
2352 1506 2419 1558 lis
2453 1520 2627 1574 usque
2653 1505 2720 1559 ad
2746 1505 2949 1560 czrdem
2989 1516 3332 1576 pervenerat.
3375 1508 3618 1575 Dumque

2044 1595 2262 1665 Scytha:
2300 1606 2527 1650 tuentur
2558 1612 2717 1650 suum
2750 1636 2767 1663 ,
2824 1608 2880 1652 ct
2907 1597 3088 1652 Latini
3123 1614 3284 1652 suum
3336 1598 3614 1659 similiter,

2043 1688 2354 1741 communis
2413 1696 2469 1741 et
2500 1688 2721 1756 publica
2769 1687 2919 1765 inter
2944 1698 3233 1758 utramque
3264 1699 3477 1759 gentem
3513 1706 3617 1760 pu-

356 1784 733 1852 διενεχθῆναι,
755 1781 848 1834 καί
862 1782 961 1850 τὴν
977 1780 1241 1850 διαφορὰν
1267 1780 1430 1850 μέχρι
1451 1780 1613 1847 φόνου
1638 1776 1939 1847 προελθεῖν·

2053 1791 2149 1847 gna
2203 1778 2495 1831 commissa
2527 1786 2632 1843 est,
2669 1778 2937 1849 multique
2985 1780 3189 1842 Latini,
3228 1780 3325 1836 sed
3381 1782 3618 1850 amplius

360 1874 727 1944 ἀμυνομένων
752 1874 809 1925 δὲ
836 1872 974 1943 ὑπὲρ
998 1872 1091 1924 τοῦ
1117 1871 1393 1941 ὁμοφύλου
1424 1872 1533 1925 τῶν
1556 1868 1802 1929 Σκυθῶν,
1832 1871 1953 1919 τῶνΔ

358 1982 423 2018 τε
459 1967 710 2019 Λατίνων
742 1964 947 2035 ὁμοίως
979 1964 1120 2034 ὑπὲρ
1154 1962 1250 2016 τοῦ
1293 1963 1518 2028 οἰκείου,
1550 1962 1785 2030 δημοσία
1830 1960 1940 2012 τῶν

358 2060 543 2125 γενῶν
586 2058 864 2125 ἑκατέρων
915 2057 1134 2123 ἐγένετο
1168 2057 1200 2124 ἡ
1234 2053 1383 2125 μάχη
1411 2070 1425 2086 ⁸
1456 2053 1549 2107 καὶ
1598 2054 1795 2106 ἔπεσον
1842 2052 1940 2120 μὲν

364 2150 556 2201 πολλοί
588 2148 836 2201 Λατίνων
866 2148 1021 2216 παρά
1047 2146 1145 2216 τὴν
1181 2148 1389 2216 μάχην,
1423 2145 1741 2206 διπλασίους
1765 2144 1822 2197 δὲ
1848 2142 1943 2196 καὶ

369 2240 688 2310 περαιτέρω
718 2240 829 2291 τῶν
861 2238 1104 2293 Σκυθῶν.
1141 2240 1377 2291 Ἔπειτα
1405 2238 1498 2290 ἐπὶ
1536 2238 1633 2300 τάς
1667 2236 1801 2299 ναῦς
1837 2235 1944 2289 τῶν

372 2333 611 2384 Λατίνων
672 2329 1172 2400 ἀναχωρησάντων,
1230 2329 1355 2384 ἐπεὶ
1416 2329 1583 2398 μηδὲν
1635 2328 1685 2380 οἰ
1741 2326 1944 2378 Σκύθαι

373 2423 634 2489 βλάπτειν
665 2417 809 2490 ἦσαν
838 2419 1080 2481 δυνατοὶ,
1118 2420 1413 2473 ἀθάλαττοι
1448 2419 1601 2480 ὅντες
1636 2415 1941 2479 παντελῶς,

365 2515 813 2582 ἐπεστράτευσαν
849 2513 1036 2580 Καφᾶ,
1066 2512 1095 2565 ὃ
1126 2514 1375 2565 Λατίνων
1415 2511 1526 2564 τῶν
1577 2513 1642 2563 ἐκ
1683 2509 1947 2572 Γεννούας

366 2607 635 2675 φρούριόν
664 2608 781 2657 ἐστι
810 2609 923 2667 τοίς
964 2606 1249 2675 παραλίοις
1293 2606 1391 2674 τῆς
1426 2604 1660 2667 Σκυθίας
1711 2621 1949 2672 κατῳκι-

368 2699 601 2767 σμένον,
647 2699 739 2750 καί
785 2697 1137 2767 ἐπολέμησαν
1184 2698 1271 2750 ἐπ’
1301 2697 1446 2749 ἔτεσι
1489 2697 1610 2748 δυσί
1670 2695 1946 2765 μηδεμίαν

364 2792 669 2849 ἐνδιδόντες
703 2789 1013 2859 ἀνακωχήν.
1063 2788 1152 2840 Ἐν
1182 2783 1263 2850 οἷς
1298 2788 1450 2840 αὐτοί
1484 2803 1545 2838 τε
1580 2785 1688 2838 τῶν
1729 2784 1949 2837 οἰκείων

366 2886 603 2945 πολλοὺς
632 2884 902 2935 ἀπέϐαλον
921 2882 1063 2935 κατά
1085 2883 1183 2945 τάς
1210 2883 1412 2951 μάχας,
1437 2882 1532 2933 καὶ
1558 2883 1669 2942 τοῖς
1697 2880 1949 2941 Λατίνοις

366 2978 533 3029 αἴτιοι
554 2974 763 3027 πολλῶν
786 2974 1127 3044 κατέστησαν
1150 2973 1545 3044 ἀναλωμάτων.
1573 2971 1694 3025 Τῶν
1718 2970 1815 3041 μὲν
1842 2969 1951 3039 γάρ

367 3071 568 3136 τειχῶν
591 3063 735 3135 ἦσαν
756 3068 974 3137 ἥττους,
1016 3066 1124 3119 τῶν
1166 3066 1312 3118 ἔνδον
1359 3063 1634 3135 κραταιῶς
1673 3061 1948 3130 ἀμυνομές

2044 1867 2220 1921 altero
2251 1877 2401 1921 tanto
2434 1867 2651 1938 Scytha:
2694 1870 3107 1937 oppetiverunt.
3158 1872 3355 1926 Postea
3410 1872 3618 1926 Latinis

2043 1960 2108 2011 all
2136 1974 2305 2013 naves
2328 1961 2585 2025 reversis,
2630 1959 2855 2032 Scytha:
2888 1964 3015 2031 quia
3046 1979 3245 2018 nocere
3280 1966 3619 2033 nequibant,

2043 2057 2233 2116 utpote
2267 2050 2436 2105 maris
2465 2060 2742 2121 expertes,
2771 2052 3017 2108 funditus
3054 2054 3317 2125 Capham,
3358 2056 3620 2110 Genuen-

2043 2139 2184 2192 sium
2215 2139 2478 2209 oppidum
2507 2142 2648 2211 (22),
2694 2142 2745 2195 in
2791 2143 3085 2198 maritimis
3117 2144 3351 2215 Scythiae
3386 2147 3622 2199 aediﬁca-

2049 2239 2193 2295 tum,
2228 2246 2549 2301 oppugnare
2572 2233 2950 2296 instituerunt,
2985 2235 3433 2305 obsederuntquc
3462 2237 3620 2289 bien-

2046 2322 2141 2376 nio
2178 2323 2546 2378 continenter.
2600 2326 2722 2390 Quo
2757 2336 3006 2396 tempore
3043 2328 3198 2383 etde
3244 2328 3360 2383 suis
3391 2330 3623 2382 adverso

2047 2422 2225 2467 marte
2284 2416 2489 2470 multos
2538 2417 2870 2482 amiserunt,
2928 2430 2982 2472 et
3013 2419 3235 2475 Latinos
3274 2420 3341 2474 ad
3380 2421 3617 2491 grandes

2050 2504 2331 2574 impensas
2394 2508 2721 2577 adegerunt.
2788 2511 2924 2566 Nam
2987 2513 3165 2567 muris
3240 2514 3623 2583 oppugnandis

2053 2596 2199 2650 haud
2255 2600 2387 2652 satis
2417 2600 2691 2665 valebant,
2735 2600 2880 2670 quod
2935 2602 3225 2656 castellani
3278 2604 3511 2659 viriliter
3561 2620 3619 2659 se

2048 2689 2353 2758 acriterque
2383 2690 2743 2746 defenderent
2776 2710 2786 2744 :
2826 2703 3195 2747 mercatorum
3254 2709 3388 2748 vero
3415 2700 3614 2749 merci-

2050 2782 2337 2845 nmnia,et
2361 2782 2454 2836 illa
2488 2784 2658 2837 multa
2701 2800 2798 2853 per
2842 2784 3121 2856 Scythiam
3169 2799 3525 2861 occupantes,
3569 2794 3625 2842 ct

2054 2873 2427 2928 conductitios
2465 2874 2531 2929 ad
2568 2875 2756 2945 oppidi
2788 2877 3107 2945 praesidium
3138 2878 3286 2932 alere
3329 2887 3585 2949 cogentes
3608 2918 3623 2941 ,

2051 2980 2160 3018 non
2190 2980 2382 3034 parum
2411 2964 2493 3020 eis
2530 2966 2853 3022 detrimenti
2889 2969 3170 3023 creabant.
3198 2968 3401 3023 Verum
3450 2978 3510 3022 ut
3542 2970 3625 3024 la-

2053 3055 2154 3109 bor
2188 3055 2370 3109 inanis
2413 3057 2710 3126 apparuit,
2757 3057 2962 3111 bellum
3008 3057 3214 3112 fcedere
3259 3058 3625 3113 diremerunt.

366 3121 515 3211 my”.
574 3121 893 3228 ἐμπορικῶν
933 3121 1004 3210 ’δὲ
1050 3158 1353 3227 χρημάτων
1400 3121 1544 3208 κατά
1569 3121 1667 3221 την
1714 3121 1948 3206 Σκυθίαν

2055 3147 2175 3212 Quo
2224 3121 2523 3217 dirempto,
2556 3149 2836 3204 Geuuates
2867 3165 3046 3220 neque
3106 3148 3409 3204 Romanum
3446 3166 3627 3221 neque

367 3250 690 3319 ἐκράτησαν
728 3250 960 3315 πολλῶν,
1006 3249 1103 3301 καὶ
1133 3247 1276 3300 κατά
1304 3248 1395 3311 τόν
1438 3248 1673 3315 πόλεμον
1711 3244 1951 3312 ἀναγκά-

373 3346 562 3406 ζοντες
598 3342 819 3410 τρέφειν
855 3339 1245 3411 μισθοφορικὸν
1291 3340 1383 3392 ἐπὶ
1426 3338 1640 3407 φρουρᾷ
1674 3336 1764 3389 τοῦ
1797 3337 1951 3388 πολι-

374 3437 552 3503 χνίου,
607 3434 707 3484 οὐκ
736 3432 893 3499 ὀλίγα
931 3431 1267 3501 ἐζημίωσαν.
1315 3430 1471 3482 Ἐπεὶ
1507 3429 1564 3481 δὲ
1596 3429 1777 3482 αὺτοῖς
1818 3426 1951 3496 ἀνή-

374 3540 536 3585 νυτος
566 3524 821 3591 ἐφαίνετο
851 3526 883 3590 ἡ
921 3520 1285 3590 ἐπιχείρησις,
1330 3519 1541 3572 διέλυον
1568 3518 1658 3570 τὸν
1687 3519 1951 3585 πόλεμον,

378 3617 611 3683 θέμενοι
645 3615 899 3674 σπονδάς.
945 3615 1103 3668 Μετά
1161 3613 1219 3665 δὲ.
1267 3612 1362 3665 τοῦ
1395 3611 1631 3681 πολέμου
1664 3610 1759 3678 τὴν
1790 3609 1956 3661 κατά-

377 3707 536 3760 λυσιν
557 3708 745 3776 ἠξίουν
776 3707 826 3759 οἰ
855 3708 917 3759 ἐκ
940 3704 1205 3768 Γεννούας
1236 3704 1443 3773 μηδένα
1487 3705 1624 3774 μήτε
1664 3704 1953 3772 Ῥωμαῖον,

378 3802 526 3867 μήτε
560 3801 623 3849 ἐκ
657 3798 913 3859 Βενετίας
954 3796 1197 3867 ἔμπορον
1225 3796 1409 3849 πλέειν
1440 3798 1530 3847 ἐπὶ
1562 3796 1789 3859 Τάναϊν,
1827 3793 1954 3863 μήτ’

374 3895 441 3942 ἐκ
498 3890 651 3956 σφῶν
684 3904 696 3917 ·
730 3889 1005 3957 πρόφασιν
1044 3887 1143 3957 μὲν
1171 3888 1244 3950 ὡς
1280 3888 1353 3956 μὴ
1406 3888 1502 3939 καὶ
1528 3882 1683 3949 αὖθις
1715 3886 1958 3953 ἀναγκά-

378 3977 564 4042 ζοιντο
621 3977 685 4030 ἐκ
737 3994 885 4039 τινος
933 3977 1112 4040 αἰτίας
1168 3977 1400 4038 Σκύθαις
1449 3977 1731 4051 πολεμεῖν,
1791 3978 1857 4046 τῇ
1911 3976 1955 4029 δ’

379 4067 615 4136 ἀληθείᾳ
672 4066 948 4134 προσόδων
984 4066 1238 4134 μεγάλων
1272 4067 1529 4136 ἀφορμὰς
1564 4066 1748 4135 σφίσιν
1776 4067 1959 4129 αὐτοῖς

379 4158 914 4221 κατασκευάζοντες.
958 4156 1275 4211 Διενοοῦντο
1327 4157 1457 4228 γὰρ,
1504 4157 1579 4221 ὡς
1624 4160 1673 4211 εἰ
1719 4159 1896 4211 κοινὸν
1930 4160 1960 4211 ὁ

380 4252 584 4317 Καφᾶς
653 4251 918 4319 ἐμπόριον
984 4253 1096 4312 τοῖς
1173 4250 1552 4319 ἁπανταχόθεν
1623 4252 1956 4321 κατασταίη,

384 4342 603 4410 μεγάλα
673 4340 1056 4409 ὠφελήσεσθαι
1129 4339 1328 4403 αὐτοὺς
1391 4340 1517 4402 τοὺς
1580 4341 1958 4411 ἁπανταχόθεν

384 4431 897 4502 ἁργυρολογοῦντας
927 4448 941 4462 ⁶
973 4431 1005 4501 ἢ
1037 4432 1085 4483 εἰ
1120 4432 1195 4503 μὴ
1214 4433 1422 4495 τούτοις
1449 4434 1655 4501 ἔφασαν
1677 4435 1953 4503 ἀγαπῷεν,
1986 4450 2036 4513 ι)

383 4527 481 4586 τὰς
540 4524 681 4577 κατὰ
731 4524 823 4575 τὸν
881 4523 1117 4592 πόλεμον
1176 4526 1643 4578 συνεκτινέτωσαν
1687 4526 1953 4592 δαπάνας.

386 4615 694 4675 Βενετικοῖς
723 4612 805 4678 δὲ,
838 4612 919 4678 τό,
944 4629 1005 4664 τε
1040 4612 1301 4674 Τανάϊδος
1341 4613 1692 4667 παντάπασιν
1721 4616 1957 4686 ἀποσχέ-

386 4705 538 4765 σθαι,
570 4703 744 4755 ἐδόκει
780 4704 981 4771 ἣκιστα
1013 4702 1335 4767 λυσιτελεῖν,
1387 4703 1482 4755 καὶ
1515 4704 1575 4756 τὸ
1602 4707 1669 4757 τὰ
1698 4707 1958 4775 χρήματα

387 4795 722 4848 συνεκτίνειν
753 4796 980 4852 ἀνεκτὸν
1017 4794 1126 4849 οὐδ’
1154 4796 1346 4865 ἄκροις
1378 4789 1446 4866 ἦν
1472 4795 1602 4848 ὠσίν
1621 4812 1635 4825 ι
1673 4797 1789 4847 ἀλλ’
1821 4796 1958 4865 ἔφα-ὲ

388 4903 488 4937 σαν
524 4886 726 4954 μηδένα
757 4885 822 4937 ἂν
847 4883 1114 4938 κωλύσειν
1140 4884 1324 4938 πλέειν
1346 4885 1469 4938 ὅποι
1492 4885 1558 4938 ἆν
1590 4886 1718 4955 δοκῇ
1751 4887 1960 4940 λυσιτε-

386 4977 523 5028 λεῖν·
551 4976 646 5027 καὶ
675 4976 787 5044 ἅμα
808 4976 1129 5045 ἐπεχείρουν
1152 4975 1336 5029 πλέειν
1364 4977 1457 5029 ἐπὶ
1487 4978 1689 5030 Τάναῖν
1721 4978 1962 5031 ἀκόντων

388 5066 715 5121 Γεννουῖτῶν
737 5082 750 5097 ·
782 5069 833 5119 οἰ
870 5068 917 5120 δ’
944 5068 1182 5121 ἐκώλυον
1227 5068 1364 5140 πρὸς
1409 5068 1553 5139 βίαν,
1595 5070 1686 5124 καὶ
1720 5069 1962 5141 ἐζημίω-

2059 3240 2326 3294 Venctum
2362 3252 2730 3297 mercatorem
2761 3283 2775 3308 ,
2814 3258 2914 3298 nec
2944 3244 3011 3298 dc
3041 3243 3157 3298 suis
3197 3245 3366 3298 ullum
3398 3244 3626 3298 Tanaim

2058 3332 2313 3401 naxigare
2346 3334 2639 3387 voluerunt
2672 3352 2686 3387 :
2728 3336 2901 3390 verbo
2930 3376 2945 3400 ,
2986 3352 3054 3390 ne
3099 3352 3291 3391 rursus
3329 3338 3466 3406 ipsis
3497 3338 3627 3392 belli

2057 3436 2180 3473 cum
2213 3422 2430 3492 Scythis
2482 3424 2712 3492 gerendi
2765 3435 3086 3480 nasceretur
3114 3429 3380 3492 materia,
3440 3445 3518 3490 re,
3569 3440 3631 3482 ut

2057 3528 2379 3583 magnorum
2410 3515 2766 3584 vestigalium
2816 3533 3039 3571 causam
3072 3518 3175 3572 sibi
3226 3530 3505 3587 pararent.
3540 3522 3631 3575 Sic

2058 3604 2205 3659 enim
2243 3604 2736 3670 ratiocinabantur,
2781 3606 2827 3661 si
2873 3607 3058 3675 Capha
3119 3607 3487 3678 undecunque
3529 3612 3630 3665 ad-

2061 3696 2414 3750 vcntantibus
2444 3710 2736 3751 commune
2775 3698 3083 3767 emporium
3133 3698 3311 3767 ﬁeret,
3358 3713 3628 3771 quaestura

2062 3790 2289 3845 uberem
2340 3792 2548 3861 argenti
2581 3793 2865 3850 exactione
2913 3795 3292 3853 collectnros:
3325 3800 3505 3872 313.
3536 3808 3631 3856 aut

2062 3882 2106 3938 si
2149 3885 2289 3939 istuc
2315 3900 2424 3938 non
2452 3885 2777 3955 probarent,
2812 3887 2939 3941 belli
2985 3901 3262 3959 sumptum
3296 3907 3400 3945 una
3432 3894 3633 3947 tolera-

2062 3985 2201 4031 rent.
2239 3977 2308 4031 At
2348 3975 2569 4032 Venetis
2609 3978 2778 4033 Tanai
2834 3996 3060 4050 prorsus
3086 3981 3301 4037 excludi
3334 3999 3441 4037 non
3475 3984 3630 4040 vidc-

2061 4064 2222 4117 batur
2248 4080 2278 4118 c
2318 4080 2375 4118 re
2402 4066 2641 4133 publica.
2681 4067 2755 4120 De
2803 4069 3198 4123 communitate
3247 4082 3431 4124 autem
3478 4089 3633 4126 sum-

2060 4161 2256 4220 ptuum
2296 4151 2594 4206 horrebant
2663 4154 2853 4208 audire
2882 4193 2899 4220 ,
2945 4157 3303 4226 aieliantque,
3357 4161 3632 4215 neminem

2061 4244 2164 4298 sibi
2202 4243 2627 4311 navigationem,
2676 4260 2787 4314 quo
2822 4258 3039 4316 sperata
3094 4250 3354 4305 invitaret
3399 4254 3630 4316 utilitas,

2061 4334 2447 4403 adempturum
2485 4350 2498 4385 :
2541 4335 2815 4406 simulque
2847 4339 3161 4393 nolentibus
3186 4342 3350 4394 etiam
3379 4341 3637 4397 Genuen-

2062 4426 2232 4489 sihus,
2263 4425 2471 4481 Tanain
2508 4442 2727 4482 cursum
2761 4427 3094 4497 dirigebant,
3143 4431 3236 4501 qui
3270 4448 3365 4501 per
3400 4436 3508 4488 vim
3533 4435 3633 4489 ob-

2063 4516 2353 4580 sistebant,
2395 4526 2453 4571 et
2501 4518 2764 4586 quosdam
2814 4529 3150 4576 mercatores
3198 4538 3321 4577 cum
3365 4527 3635 4579 onerariis
3674 4570 3682 4577 .

2064 4608 2500 4679 intercipientes,
2526 4610 2805 4665 mercibus
2844 4626 2940 4665 eos
2980 4613 3309 4668 multabaut.
3348 4615 3478 4670 lude
3516 4616 3635 4669 bel-

2061 4700 2175 4754 lum
2210 4710 2365 4755 atrox
2420 4700 2734 4767 conﬂatum,
2766 4716 2867 4774 nec
2906 4718 3095 4771 parum
3152 4706 3397 4774 pecunia:
3447 4719 3501 4763 ct
3542 4708 3638 4761 tri-

2065 4791 2299 4845 remium
2360 4790 2617 4858 utrinque
2648 4772 3019 4859 deperditum.
3067 4772 3204 4846 Tum
3252 4796 3438 4864 igitur,
3476 4805 3535 4848 ut
3582 4806 3637 4850 ct

2067 4883 2364 4951 imperator
2392 4881 2615 4936 Venetis
2655 4882 2785 4935 belli
2828 4883 3035 4937 socium
3067 4898 3126 4957 se
3161 4886 3436 4953 ascripsit,
3476 4887 3639 4942 trire.

2070 4986 2185 5026 mes
2237 4971 2503 5025 militibus
2529 4972 2854 5040 complebat,
2881 4987 3032 5027 mare
3082 4988 3205 5027 cum
3240 4974 3462 5030 Venetis
3494 4977 3639 5031 obti-

2068 5064 2253 5126 nebat,
2278 5071 2334 5117 et
2375 5076 2442 5115 ex
2479 5063 2796 5117 continente
2819 5064 2979 5116 missa
3008 5080 3168 5118 manu
3200 5066 3463 5136 oppidum
3492 5070 3637 5124 obsi-

1653 5187 1871 5249 Jacobi
1908 5185 2171 5248 Pontaui
2222 5191 2408 5244 noue.

464 5286 581 5353 (2i)
618 5285 820 5357 Tanais
848 5295 931 5341 est
954 5288 1085 5342 urbs
1107 5286 1173 5343 ad
1200 5294 1399 5357 ostium
1422 5287 1572 5342 ﬂuvii
1595 5288 1836 5357 ejusdem
1860 5304 1959 5342 no-

391 5358 555 5411 minis
590 5357 724 5428 sita.
747 5356 1057 5428 Stephanus
1088 5356 1354 5428 :Tava'ig,
1388 5359 1543 5421 πόλις
1572 5356 1858 5428 ὁμώνυμος
1881 5359 1959 5428 τῷ

387 5426 643 5517 ποξαμῷ.
686 5427 844 5517 Isaia
874 5428 1059 5517 531a;
1090 5429 1169 5517 all;
1206 5427 1543 5517 lily.an
1576 5431 1675 5517 τὴν
1712 5426 1960 5517 Μαιῶτιν

388 5496 621 5557 ἐκϐολάς
650 5495 746 5547 τοῦ
772 5497 1027 5558 Ταναῖδος
1056 5498 1211 5558 πόλις
1256 5495 1548 5565 Ἑλληνικὴ
1574 5495 1821 5551 ἔκτισται
1848 5500 1959 5550 Ta.-

387 5566 530 5627 νλῖς,
562 5567 684 5631 ἣτις
718 5568 816 5618 καὶ
857 5567 1148 5636 Ἐμπόριον
1180 5567 1507 5636 ὀνομάζεται
1527 5582 1539 5595 ·
1571 5567 1785 5633 Tanais,
1816 5568 1961 5633 urbs,

385 5638 710 5705 cognominis
742 5638 924 5706 ﬂuvio.
978 5635 1073 5689 Est
1107 5635 1299 5707 autent!
1326 5636 1510 5690 Graeca
1556 5639 1760 5699 civitas,
1804 5640 1963 5707 juxta

387 5707 582 5759 uatium
630 5705 890 5776 ﬂuminis,
938 5722 1039 5777 quo
1072 5725 1127 5762 se
1158 5709 1210 5761 in
1245 5705 1547 5764 Mwotidcm
1593 5705 1841 5779 paludem
1872 5724 1965 5761 ea:-

2065 5294 2272 5348 onerat,
2293 5282 2590 5356 adiﬁcata,
2621 5291 2669 5335 et
2688 5280 3004 5356 _E__mporiu_m
3030 5300 3232 5356 quoque
3259 5299 3493 5342 vocatur.

2130 5358 2242 5424 (22)
2281 5353 2491 5421 Capha,
2521 5353 2652 5406 olim
2687 5353 3012 5417 Theodosia,
3046 5353 3226 5409 sitam
3253 5358 3407 5411 Ponti
3441 5358 3636 5411 Euxini

2060 5442 2176 5490 ora,
2208 5425 2577 5492 Ucnugnsnum
2607 5424 2842 5485 colonia,
2875 5426 2943 5476 de
2969 5440 3075 5492 qua
3108 5426 3231 5480 vide
3262 5428 3407 5481 Petri
3460 5427 3639 5483 Bizari

2068 5498 2317 5549 Historia:
2346 5490 2630 5565 Centieusis
2660 5493 2760 5548 lib.
2785 5510 2860 5565 vt.
2888 5490 3045 5546 Auno
3081 5495 3214 5549 1475
3246 5511 3506 5565 occutiata
3552 5507 3640 5553 est

2065 5586 2092 5619 ιι
2121 5562 2769 5629 Maliotuetc,'l‘ul‘carum
2789 5564 3142 5632 imperatore,
3168 5583 3275 5622 non
3299 5562 3417 5624 sine
3442 5584 3639 5640 magna

2068 5648 2112 5691 st
2126 5654 2272 5705 rage.
