3964 6210
386 281 493 347 ⁸207

1565 281 1694 340 JOA
1707 281 1752 340 Ν
1765 281 1889 340 ΝΙΞ
1928 279 2316 340 CANTACUZ
2329 279 2455 341 ENI

3538 279 3638 343 E203

388 397 573 450 nebat.
635 396 711 450 Ae
765 396 1001 465 primum
1068 393 1287 462 quidem
1331 393 1396 445 ab
1427 402 1659 462 utroque
1697 395 1885 457 latere,
1913 405 1966 448 et

2077 410 2172 446 σαν
2206 394 2284 454 εἰς
2312 395 2570 464 χρήματα
2602 379 2861 462 ἐμπόροις
2885 392 3194 462 ἐπιοέμεψιι
3219 393 3348 455 τισὶ,
3383 397 3473 446 καὶ
3505 413 3642 463 κρα-

388 486 598 539 navalis
657 496 712 540 et
771 484 1050 538 terrestris
1085 483 1237 551 copia
1293 483 1636 546 invadentes,
1668 485 1811 538 :r-des
1862 500 1956 538 cx-

388 579 618 631 terires
674 576 954 644 (exceptis,
1007 590 1126 642 qua:
1183 575 1284 628 sub
1351 575 1483 642 ipsis
1545 576 1718 628 muris
1778 575 1958 643 erant)

389 669 773 723 incenderunt.
806 665 1008 720 Deinde
1034 680 1226 736 agmen
1256 679 1322 719 ex
1357 665 1672 719 continente
1700 665 1960 734 frequen-

389 771 472 814 tt-r
513 761 566 812 in
619 759 735 812 dies
783 757 1027 826 singulos
1071 757 1336 826 impetum
1391 757 1648 820 faciebat,
1704 767 1962 826 arcteque

389 851 692 912 obsidebat,
748 857 806 902 ut
860 847 1080 902 Latinos
1150 865 1219 902 ne
1273 847 1491 918 prodire
1537 848 1758 916 quidmt
1809 858 1962 903 extra

389 957 576 994 muros
620 942 986 1006 permitteret.
1014 939 1273 994 Navalcm
1311 954 1437 994 vero
1462 939 1675 993 turbam
1708 939 1776 1007 bi;
1799 939 1962 993 artito

389 1034 641 1088 dividens
694 1034 1017 1101 imperator,
1074 1047 1236 1086 unam
1285 1040 1492 1100 partem
1533 1031 1644 1085 illic
1706 1033 1773 1084 ad
1819 1030 1967 1085 obsi-

388 1124 610 1178 dionem
644 1123 872 1192 reliquit
914 1141 926 1175 :
965 1123 1196 1176 alterum
1233 1124 1285 1175 in
1320 1123 1551 1176 Pontum
1587 1122 1652 1175 ad
1693 1121 1966 1177 Gcnuates

389 1214 667 1267 vexandos
707 1213 876 1276 misit,
918 1212 1064 1280 quod
1099 1212 1532 1265 cumulatissime
1559 1211 1961 1281 prtcstiterunt;

389 1319 515 1356 nam
556 1313 610 1356 et
661 1318 894 1366 ιιιρῐ-ρεε,
932 1311 989 1356 et
1041 1310 1376 1355 mercatores
1403 1317 1509 1355 non
1559 1315 1762 1370 paucos
1799 1301 1968 1354 ἱηιοτ-

390 1400 675 1460 cepcrunt,
708 1401 759 1445 et
824 1393 1106 1445 onerarias
1163 1392 1359 1447 multas
1411 1401 1757 1446 exusserant.
1804 1391 1906 1447 Ubi
1937 1407 1966 1446 e

391 1483 566 1536 Ponto
595 1482 902 1548 redierunt,
930 1483 995 1536 ad
1045 1483 1232 1554 oppidi
1269 1486 1729 1554 expugnationem
1780 1500 1839 1540 se
1876 1484 1966 1538 in-

394 1584 740 1636 struxerunt,
789 1592 1101 1644 quanquam
1159 1576 1486 1645 imperatore
1537 1577 1841 1646 nimiopere
1875 1577 1969 1630 ad-

393 1678 672 1732 versante,
705 1668 1167 1736 existimantequc
1191 1683 1380 1721 muros
1401 1668 1788 1732 validissimos,
1825 1667 1968 1722 mul-

396 1761 464 1814 tis
528 1761 1030 1831 propugnatoribus
1099 1776 1261 1830 supra
1310 1760 1616 1815 astantibus
1665 1760 1814 1814 nulla
1873 1775 1970 1830 spe

394 1852 709 1906 obtinendae
759 1853 1004 1906 victorize
1075 1852 1280 1906 adoriri
1349 1866 1458 1904 non
1539 1860 1815 1920 oportere,
1872 1851 1968 1907 sed

395 1945 796 2014 longinquitate
826 1944 1130 1998 obsidionis
1157 1943 1343 2012 potius
1378 1959 1493 1997 rem
1530 1943 1841 1998 confectum
1875 1943 1966 2009 iri,

395 2050 458 2089 ac
489 2035 705 2090 Venetae
761 2035 954 2089 classis
1010 2034 1319 2088 Nicolaum
1357 2034 1615 2088 Pisanum
1647 2025 1715 2086 ob
1765 2033 1817 2087 id
1854 2049 1971 2088 mo-

395 2135 597 2189 nente,
648 2127 735 2179 cui
804 2135 863 2180 ut
939 2126 1297 2180 inexercitato
1363 2124 1618 2178 tentanda
1682 2123 1972 2180 videbatur

393 2219 752 2288 Oppugnatio,
777 2219 980 2288 quique
1009 2219 1285 2296 Romanos
1312 2232 1466 2285 teque
1503 2231 1694 2270 omnes
1725 2215 1969 2279 notabat,

392 2311 819 2380 quodammodo,
849 2310 1003 2378 quasi
1048 2324 1145 2378 per
1175 2324 1365 2362 eorum
1399 2307 1744 2361 timiditatem
1777 2316 1968 2371 staret,

392 2401 691 2470 quominus
729 2400 922 2454 Galata
957 2406 1268 2466 caperetur,
1293 2396 1436 2466 quod
1467 2395 1723 2450 facillime
1762 2403 1968 2465 posset,

393 2494 439 2548 si
499 2493 730 2546 Romani
802 2507 988 2546 secum
1053 2492 1197 2544 vircs
1251 2488 1506 2543 alacriter
1571 2489 1969 2542 consociarent.

394 2582 666 2648 Quocirca
695 2583 1014 2652 imperator,
1045 2581 1149 2634 etsi
1195 2579 1603 2634 evidentissime
1633 2579 1819 2643 sciret,
1845 2595 1971 2633 eum

395 2667 786 2744 aggredi,'qu:e
835 2673 1158 2740 prudentem
1205 2684 1267 2723 ac
1302 2669 1556 2738 peritum,
1595 2668 1792 2723 ducem
1860 2685 1971 2723 non

395 2765 675 2828 decorent,
727 2771 907 2816 tamen
967 2774 1037 2814 ne
1097 2773 1218 2828 qua:
1264 2758 1502 2813 obtineri
1562 2767 1807 2827 possent,
1858 2759 1975 2828 ipse

396 2858 632 2925 quadam
685 2852 896 2923 ignavia
943 2867 974 2906 e
1041 2850 1295 2905 manibus
1329 2850 1621 2905 dimisisse.
1664 2860 1972 2919 putaretur,

398 2942 573 3003 Latini
623 2945 912 3016 spiritibus
960 2942 1376 3008 obsecundavit,
1432 2951 1487 2996 et
1550 2957 1672 2996 cum
1731 2941 1836 2995 alia
1907 2942 2002 2996 ad.

395 3039 859 3111 oppugnationem
892 3045 1018 3106 apta
1044 3035 1402 3105 comparavit,
1441 3042 1553 3087 tum
1586 3033 1743 3087 binas
1777 3048 1976 3088 onera-

2063 484 2329 553 τήσαντες
2369 484 2630 538 ὁλκάδων.
2678 485 2770 536 Ἐκ
2815 485 2869 536 δὲ
2920 486 3108 536 τούτου
3161 489 3241 548 εἰς
3276 488 3367 539 τον
3414 488 3643 554 πόλεμον

2065 574 2432 643 κατέστησαν,
2487 574 2578 626 καὶ
2610 574 2784 642 μέγας
2815 573 3204 643 ἀνεῤῥιπίσοη,
3259 575 3354 628 καὶ
3382 577 3641 644 χρήματα

2063 665 2164 715 οὐκ
2223 663 2401 731 ὀλίγα,
2440 666 2536 716 καὶ
2567 666 2815 734 τριήρεις
2857 664 3138 717 ἀπώλοντο
3194 664 3288 733 ἀφ’
3344 665 3642 732 ἑκατέρων.

2065 755 2275 809 Τὸ’“δ’
2336 751 2361 790 τ
2432 757 2549 807 ἐ).
2668 756 2690 805 ι
2936 758 2993 788 ³·
3292 760 3340 787 ’⁸ο
3477 755 3566 786 ἐ’

2074 793 2078 796 -
2151 787 2198 808 ..ε
2305 773 2396 809 οσν
2463 775 2526 808 πε
2596 773 2665 807 κα
2741 755 2992 824 βασιλελ,
3034 757 3337 818 Βενετικοι,
3373 774 3647 824 συνιςωρ-

2070 861 2208 914 μητο
2262 846 2394 914 πρὸς
2451 845 2542 897 τὸν
2592 845 2845 913 πόλεμον,
2883 846 3130 914 τριήρεις
3187 864 3245 900 τε
3278 848 3520 917 ἐπλήρου
3555 848 3648 900 καὶ

2069 934 2339 1004 Θαλάττης
2375 936 2598 1007 ἐκράτει
2625 935 2768 1004 μετά
2797 935 2906 987 τῶν
2929 938 2990 988 ἐκ
3022 937 3295 1002 Βενετίας,
3332 940 3425 990 καὶ
3456 940 3518 989 ἐκ
3549 940 3649 1006 τῆς

2068 1028 2298 1096 ὴπείρου
2335 1027 2554 1096 πέμψας
2603 1026 2888 1096 στρατιάν,
2945 1027 3276 1097 ἐπολιόρκει,
3328 1029 3422 1080 καὶ
3458 1031 3653 1098 πρῶτα

2073 1119 2171 1188 μὲν
2205 1119 2540 1187 ἑκατέρωθεν
2583 1120 2615 1188 ἦ
2659 1136 2716 1171 τε
2746 1117 2976 1189 ναυτικὴ
3028 1122 3124 1171 καὶ
3181 1120 3378 1190 ἱππικὴ
3420 1121 3652 1190 δύναμις

2072 1209 2496 1276 προσϐαλόντες,
2562 1209 2660 1266 τάς
2712 1210 2818 1274 ἔξω
2859 1210 3077 1263 Γαλατᾶ
3119 1211 3428 1280 ἐνέπρησαν
3469 1213 3653 1276 οἰκίας

2069 1303 2251 1366 πάσας
2302 1304 2440 1374 πλὴν
2495 1301 2716 1371 ὀλίγων,
2770 1303 2826 1356 αἳ
2871 1305 2975 1356 ὑπὸ
3021 1305 3136 1365 τοῖς
3183 1304 3422 1372 τείχεσιν
3463 1307 3652 1368 αὐτοῖς

2063 1391 2230 1465 ἦσαν.
2267 1397 2499 1450 Ἔπειτα
2539 1397 2670 1466 ἡμῖν
2705 1395 3024 1465 ἠπειρῶτις,
3077 1396 3281 1464 συχνάς
3326 1398 3653 1468 καθημέραν

2072 1488 2366 1558 ποιουμένη
2405 1488 2502 1550 τὰς
2537 1489 2779 1557 ἐφόδους.
2839 1488 3080 1557 ἀκριϐῶς
3151 1487 3488 1558 ἐπολιόρκει,
3553 1492 3654 1542 καὶ

2070 1578 2190 1632 ούδέ
2227 1579 2541 1649 προϐαίνειν
2571 1580 2656 1632 εἴα
2701 1578 2895 1648 τειχῶν
2927 1579 3030 1642 ἔξω
3060 1579 3185 1639 τοὺς
3215 1579 3503 1640 Λατίνους.
3538 1581 3653 1650 Τὴν

2073 1670 2336 1739 ναυτικὴν
2381 1670 2436 1724 δὲ
2483 1673 2510 1722 ὁ
2547 1670 2801 1740 βασιλεὺς
2851 1671 2930 1732 εἰς
2988 1670 3081 1722 δύο
3135 1671 3349 1731 διελὼν,
3387 1671 3482 1740 τὴν
3525 1673 3650 1740 μὲν,

2073 1761 2238 1814 αὑτοῦ
2267 1761 2526 1820 κατέλιπε
2555 1762 2615 1812 τὸ
2643 1762 2903 1832 φρούριον
2958 1762 3287 1831 πολιορκεῖν,
3327 1763 3422 1828 τὴν
3456 1764 3654 1830 ἑτέραν

2071 1853 2126 1907 δὲ
2151 1852 2398 1921 ἔπεμπεν
2438 1852 2530 1905 ἐπὶ
2569 1853 2767 1904 Πόντον
2809 1853 2874 1905 τά
2910 1853 3238 1905 Γεννουῖτῶν
3263 1853 3652 1913 κακώσουσιν,

2071 1945 2166 1997 καὶ
2235 1945 2525 1998 ἐκάκωσαν
2585 1944 2968 1998 ἐπιπλεῖστον’
3039 1944 3343 2013 χρημάτων
3409 1961 3469 1997 τε
3533 1945 3650 2014 γὰρ

2072 2035 2403 2106 ἐκράτησαν,
2458 2036 2553 2090 καὶ
2583 2037 2839 2106 ἐμπόρων
2884 2037 2983 2089 οὐκ
3009 2037 3230 2102 ὀλίγων,
3265 2036 3362 2089 καὶ
3405 2035 3648 2098 ὁλκάδας

2071 2128 2384 2199 ἐνέπρησαν
2401 2127 2624 2190 πολλάς.
2643 2129 2796 2182 Ἐπεὶ
2821 2129 2878 2182 δὲ
2903 2127 3179 2197 ἐπανῆκον
3211 2129 3274 2180 ἐκ
3294 2126 3389 2180 τοῦ
3412 2129 3648 2190 Πόντου,

2073 2219 2550 2290 παρεσκευάζοντο
2587 2220 2722 2290 πρὸς
2758 2219 2854 2289 τὴν
2889 2220 3262 2288 τειχομαχίαν,
3300 2219 3477 2272 καίτοι
3541 2223 3656 2288 μά·

2071 2311 2227 2364 λιστα
2251 2311 2514 2381 βασιλέως
2547 2310 3004 2379 ἀπαγορεύοντος,
3037 2310 3129 2362 καὶ
3154 2310 3228 2380 μὴ
3259 2309 3368 2362 δεῖν
3397 2310 3654 2378 οἰομένου

2071 2403 2306 2473 τείχεσιν
2340 2402 2726 2472 ὀχυρωτάτοις,
2753 2403 2846 2456 καὶ
2869 2402 3098 2465 πολλοὺς
3126 2404 3251 2465 τοὺς
3276 2403 3655 2472 ἀμυνομένους

2072 2495 2286 2564 ἔχουσιν
2318 2495 2686 2563 ἐφεστηκότας
2746 2493 3106 2564 προσϐάλλειν
3142 2493 3400 2562 οὐδεμιᾶς
3427 2492 3642 2562 ἐλπίδος

2073 2585 2237 2655 οὔσης
2292 2585 2673 2654 περιγίνεσθαι
2714 2587 2825 2646 τοῖς
2868 2585 3088 2647 ὅπλοιςο
3125 2584 3260 2636 ἀλλά
3297 2581 3496 2650 μᾶλλον
3530 2600 3656 2653 xpo-

2073 2676 2169 2744 νίῳ
2201 2675 2632 2745 κατεργάζεσθαι
2656 2676 2961 2747 πολιορκίᾳ,
2992 2675 3088 2728 καὶ
3115 2675 3192 2746 τῷ
3217 2676 3324 2728 τῶν
3352 2677 3655 2728 Βενετικῶν

2074 2767 2433 2836 ναυαρχοῦντι
2464 2768 2717 2836 Νικολάῳ
2747 2767 2822 2837 τῷ
2863 2768 3106 2838 Πισσαίῳ
3130 2756 3549 2837 παραινοῦἣος·
3575 2769 3652 2838 τῷ

2073 2855 2152 2916 δὲ,
2183 2856 2355 2908 ἐδόκει
2389 2857 2586 2926 μᾶλλον
2606 2861 2954 2928 τειχομαχεῖν
2989 2859 3081 2910 ὑπ’
3113 2861 3390 2928 ἀπειρίας,
3417 2863 3508 2912 καὶ
3539 2861 3653 2914 τῶν

2085 2944 2369 3014 Ῥωμαίων
2415 2948 2574 3016 ἐῴκει
2623 2948 2840 3014 ὁμαλῶς
2877 2949 3275 3010 καθάπτεσθαι,
3331 2950 3407 3013 ὡς
3437 2951 3528 3004 διὰ
3554 2953 3654 3022 τὴν

2075 3030 2340 3100 ἀτολμίαν
2403 3035 2552 3103 σφῶν
2597 3035 2813 3088 Γαλατᾶ
2860 3037 3139 3089 ἀναλώτου
3177 3038 3432 3107 μένοντος
3479 3043 3659 3110 ῥᾷστα

401 3091 650 3111 *ττβοηη
713 3091 794 3092 νηί
852 3091 857 3093 ὴ
928 3091 941 3106 .
1173 3091 1184 3105 .
1390 3091 1401 3098 ,

393 3133 507 3188 rias
565 3130 912 3202 prsegrandcs
967 3129 1276 3198 conjunxit,
1341 3135 1395 3180 et
1443 3137 1709 3196 quantum
1771 3127 1971 3195 potuit,

2210 3091 2222 3100 .
2449 3091 2460 3103 .
3177 3091 3189 3107 .
3412 3091 3429 3102 -
3479 3091 3489 3108 ι
3520 3091 3535 3110 ~.
3565 3091 3570 3092 γ

2077 3121 2400 3191 δυναμένου,
2449 3125 2496 3176 εί
2530 3125 2734 3188 αὐτοῖς,
2793 3127 2887 3179 καὶ
2936 3127 3196 3196 Ῥωμαῖοι
3238 3130 3658 3198 συμπροθυμηο

395 3223 646 3277 trabibus
671 3220 968 3290 copulavit,
990 3218 1337 3288 ligneamque
1370 3218 1566 3270 turrim
1601 3218 1972 3286 superposuit,

394 3313 564 3384 814
638 3313 795 3382 cujus
861 3309 1096 3364 altitudo
1144 3307 1346 3363 Galatzc
1410 3323 1597 3362 muros
1661 3309 1973 3363 excederet.

395 3404 703 3460 Turrisilla
736 3403 978 3457 tabulata
1013 3399 1249 3454 habebat
1281 3399 1401 3463 tria,
1441 3401 1492 3453 in
1531 3399 1735 3468 quibus
1774 3395 1975 3453 milites

396 3498 764 3552 consistentes
810 3503 1137 3565 pugnarent.
1189 3493 1272 3546 Ab
1340 3492 1530 3546 eadem
1603 3491 1712 3545 duo
1771 3505 1977 3546 cornua

396 3588 710 3659 longissima
736 3585 1181 3656 projiciebantur,
1201 3598 1324 3654 qua:
1349 3599 1521 3653 usque
1544 3583 1607 3636 ad
1633 3583 1830 3638 tnmnia
1854 3598 1980 3651 per-

394 3695 628 3738 ventura
655 3678 1247 3746 cxistimabant,super
1268 3678 1469 3746 quibus
1496 3675 1631 3730 fabri
1679 3676 1978 3745 compactis

397 3775 570 3829 instar
611 3771 837 3830 tabulati
880 3769 1156 3824 asseribus
1184 3777 1402 3837 pontem
1442 3765 1509 3821 ad
1537 3782 1725 3820 muros
1766 3776 1976 3821 strave-

398 3873 543 3918 rant.
580 3861 892 3916 Credebant
917 3867 1122 3924 autem,
1150 3858 1215 3912 iis
1247 3858 1340 3927 qui
1363 3857 1430 3912 de
1464 3857 1598 3910 turri
1641 3857 1976 3926 pugnabant,

399 3963 520 4007 tuto
578 3949 898 4006 transeundi
944 3948 1260 4002 facultatem
1317 3947 1710 4015 praebentibus,
1752 3962 1978 4016 magna-

337 4062 340 4064 ·
400 4047 581 4098 nimos
629 4041 898 4112 quosdam
951 4040 1076 4094 inde
1125 4055 1470 4110 progressos,
1512 4053 1636 4093 cum
1690 4039 1978 4107 oppidanis

400 4134 902 4207 propugnatoribus
933 4134 986 4187 in
1016 4148 1173 4187 muro
1197 4133 1612 4197 commissuros,
1631 4139 1688 4186 et
1714 4133 1974 4186 victuros.

399 4229 470 4284 Et
517 4227 874 4298 processisset
923 4226 1034 4281 illis
1081 4226 1384 4289 inventum,
1449 4227 1495 4280 si
1553 4233 1796 4279 extrema
1853 4239 1978 4279 cor-

399 4337 573 4376 nuum
619 4334 791 4390 usque
846 4319 914 4373 ad
972 4319 1173 4374 mtenia
1231 4318 1647 4387 pertinuisscnt.
1693 4317 1798 4370 bed
1846 4316 1975 4386 quia

2078 3214 2241 3268 θεῖεν.
2273 3215 2350 3267 Δι’
2384 3215 2418 3268 ἃ.
2467 3217 2494 3267 ὁ
2527 3217 2800 3286 βασιλεὺς,
2837 3220 2930 3271 καί
2974 3237 3056 3271 τοι
3090 3219 3328 3288 μάλιστα
3359 3222 3539 3286 εἰδὼς,
3583 3224 3666 3284 ὡς

2076 3306 2135 3358 ού
2167 3309 2534 3376 προσήκουσιν
2564 3308 2846 3379 ἕμφρονοι,
2882 3312 2976 3364 καὶ
3009 3311 3166 3380 δεινῷ
3215 3313 3508 3383 στρατηγῷ
3534 3315 3666 3368 ἐπι-

2079 3401 2271 3468 χειρεῖ,
2296 3401 2445 3468 ὅμως
2475 3403 2745 3464 ἐπείθετο,
2775 3402 2862 3454 διά
2893 3403 2951 3455 τὸ
2986 3403 3216 3472 φύσημα
3247 3404 3340 3456 τοῦ
3378 3406 3620 3459 Λατίνου
3649 3422 3665 3438 ⁸

2079 3492 2172 3541 καὶ
2200 3489 2260 3541 τὸ
2287 3491 2360 3559 μὴ
2392 3491 2567 3543 δοκεῖν
2589 3493 2679 3542 ὑπ’
2711 3493 2971 3562 ἀτολμίας
3009 3494 3298 3562 προΐεσθαι
3331 3495 3400 3548 τά
3426 3495 3664 3561 δυνατὰ,

2079 3581 2174 3634 καὶ
2224 3581 2356 3634 ἄλλα
2409 3599 2466 3633 τε
2524 3584 3002 3651 παρεσκευάζοντο
3054 3586 3338 3656 ἐπιτήδεια
3371 3589 3508 3657 πρὸς
3559 3590 3667 3660 τὴν

2080 3675 2457 3744 τειχομαχίαν,
2481 3677 2572 3728 καὶ
2595 3677 2824 3739 ὁλκάδας
2859 3679 3228 3749 μυριοφὸρσυς
3260 3681 3522 3746 συζεύξας
3541 3683 3661 3748 δύο,

2079 3767 2170 3818 καὶ
2219 3767 2291 3828 ὡς
2348 3767 2579 3835 μάλιστα
2613 3769 2740 3836 ἐνῆν
2794 3768 2971 3830 δοκοῖς
3014 3770 3273 3837 μεγάλοις
3309 3772 3655 3840 ἐφαρμόσας,

2079 3857 2271 3910 ἔπειτα
2334 3859 2542 3930 πύργον
2604 3859 2816 3924 ξύλινον
2878 3862 3182 3931 ἐπέστησεν
3247 3865 3340 3916 ἐπὶ
3398 3863 3658 3917 τοσοῦτον

2081 3948 2250 4017 ὕψους
2280 3951 2500 4024 ἥκοντα,
2533 3950 2673 4005 ὥστε
2704 3947 2973 4006 εἶναιτῶν
3003 3953 3218 4008 Γαλατᾶ
3250 3955 3661 4024 μετεωρῧτερον

2079 4029 2274 4112 τειχῶν
2296 4060 2307 4073 ·
2340 4023 2544 4110 ὀρῗσῳάς
2571 4061 2630 4096 τε
2663 4039 2776 4112 εἶχε
2812 4045 2981 4116 τρεῖς,
3033 4044 3091 4109 ἐξ
3114 4039 3188 4098 ὧν
3216 4045 3444 4116 ἔμελλον
3481 4023 3668 4101 ἑστῶ-

2079 4150 2170 4196 τες
2203 4134 2252 4186 oi
2283 4134 2499 4187 ὁπλῖται
2534 4135 2827 4204 μάχεσθαι.
2873 4137 3006 4189 Ἀπὸ
3044 4137 3098 4190 δὲ
3129 4137 3225 4204 cui
3254 4137 3494 4208 πύργου,
3527 4157 3672 4209 προ-

2082 4226 2414 4296 ϐεϐλημέναι
2439 4221 2578 4296 ἦσαν
2604 4227 2697 4279 δύο
2728 4231 2946 4298 κεραῖαι
2996 4229 3253 4298 μέγισται
3310 4230 3555 4298 μεγέθει,
3596 4232 3671 4294 ἃς

2081 4315 2247 4388 ᾤοντο
2276 4317 2596 4371 διικνεῖσθαι
2626 4317 2752 4389 ἄχρι
2786 4319 2896 4372 τῶν
2952 4321 3177 4389 τειχῶν,
3225 4319 3312 4386 ἐφ’
3337 4321 3402 4382 ἃς
3443 4324 3670 4375 σανίσιν

404 4428 512 4466 non
542 4427 734 4482 parum
766 4411 1090 4482 longitudini
1124 4411 1334 4476 deerat,
1365 4410 1614 4464 machina
1648 4408 1825 4464 inanis
1851 4408 1973 4462 fuit.

2082 4411 2498 4480 οίδημιουργοὶ,
2524 4409 2713 4478 ῶσπερ
2746 4410 3040 4474 ἀναϐάσεις
3092 4411 3330 4482 Θέμενοι,
3362 4413 3480 4466 ὁδόν
3532 4431 3668 4466 τ.να

407 4504 653 4557 Similem
688 4513 932 4572 pontem,
972 4505 1179 4571 absque
1213 4501 1373 4564 turri,
1407 4503 1569 4555 etiam
1622 4500 1981 4554 Phaccolatus

407 4603 772 4664 protostrator
813 4596 969 4662 jussu
1029 4593 1377 4660 imperatoris
1407 4606 1571 4660 super
1621 4590 1816 4660 grandi
1846 4605 1981 4643 one-

407 4685 553 4738 raria
611 4683 843 4745 fecit,ct
897 4683 1157 4736 extremis
1216 4682 1479 4736 cornibus
1532 4683 1766 4751 ligneam
1826 4681 1982 4736 basin

405 4790 505 4829 seu
534 4774 853 4828 craticulam
909 4774 1191 4842 imposuit,
1235 4773 1306 4826 ita
1351 4771 1734 4840 compositam,
1771 4782 1831 4826 ιιι
1862 4773 1984 4841 qui-

408 4867 641 4922 busdam
674 4865 900 4919 funibus
929 4875 984 4918 et
1032 4864 1278 4919 vectibus
1319 4880 1484 4934 super
1522 4863 1982 4934 quibusjacebat,

409 4969 748 5020 moveretur,
784 4973 960 5027 eoque
987 4958 1129 5026 ligna
1174 4957 1283 5026 igni
1315 4959 1511 5011 alendo
1536 4958 1730 5011 idonea
1757 4972 1984 5026 conges-

411 5053 502 5116 sit,
552 5067 618 5106 eo
651 5051 902 5113 consilio,
956 5060 1016 5104 ut
1045 5049 1324 5103 incensam
1373 5049 1466 5103 uni
1520 5048 1752 5102 turrium
1782 5048 1996 5106 Galam:

412 5146 722 5214 imponeret
788 5144 965 5212 (erant
1015 5143 1162 5196 enim
1223 5145 1494 5211 pleraeque
1540 5142 1686 5211 ligno
1745 5154 1984 5210 superne

413 5237 787 5304 construclte),
846 5252 955 5306 quo
1004 5252 1100 5304 per
1139 5236 1333 5287 turrim
1378 5231 1554 5288 etiam'
1588 5233 1730 5288 mdes
1771 5231 1987 5285 flamma

416 5339 582 5385 vento
617 5337 797 5383 stante
829 5327 1346 5398 comprehenderet.
1384 5326 1490 5382 Sed
1530 5326 1676 5380 cnim
1724 5317 1988 5379 cornibus

417 5419 830 5481 deficientibus.
867 5419 919 5472 iu
981 5419 1216 5472 nihilum
1279 5417 1476 5471 recidit
1535 5417 1656 5485 ejus
1705 5415 1984 5484 cogitatio.

417 5512 654 5568 Tertiam
687 5513 912 5580 insuper
949 5511 1256 5564 machinam
1287 5507 1480 5564 Veneti
1533 5517 1788 5576 tanquam
1816 5505 1988 5558 scalas

416 5619 446 5658 a
474 5603 599 5656 navi
625 5604 690 5656 ad
723 5618 911 5656 muros
955 5602 1202 5655 fabricati
1235 5608 1382 5654 sttnt.
1413 5598 1620 5652 Paratis
1647 5597 1756 5666 jam
1791 5612 1819 5648 a
1853 5594 1988 5647 mari

413 5695 694 5766 omnibus,
725 5694 890 5750 etiam
916 5709 946 5746 a
976 5695 1292 5748 continente
1320 5706 1440 5760 qua:
1463 5705 1600 5758 opus
1640 5696 1820 5749 erant,
1854 5703 1990 5756 pra:-

2085 4494 2498 4554 κατεσκεύασαν
2553 4499 2662 4552 ἀπὸ
2713 4501 2809 4554 τοῦ
2879 4501 3092 4571 πύργου
3146 4505 3420 4574 φέρουσαν
3450 4509 3543 4558 ἐπὶ
3595 4511 3669 4562 τά

2084 4592 2258 4661 τείχη.
2293 4593 2480 4662 ’ᾩοντο
2503 4591 2557 4645 δέ
2580 4591 2654 4654 ὡς
2682 4593 2785 4644 τῶν
2804 4593 2910 4646 ἀπὸ
2943 4593 3036 4646 τοῦ
3073 4595 3288 4663 πύργου
3335 4599 3674 4665 μαχομένι-ιν

2083 4683 2266 4758 ἄδειαν
2297 4681 2705 4752 παρεχομένων,
2742 4681 2836 4735 καὶ
2869 4680 3151 4751 ῥᾳστώνην
3181 4681 3317 4750 πρὸς
3364 4682 3461 4750 τὴν
3490 4683 3674 4736 δίοδον

2085 4769 2152 4822 δι’
2181 4769 2353 4838 αὐτῆς
2396 4769 2504 4820 τῶν
2551 4767 2802 4836 εὐψύχων
2838 4769 2980 4830 τινὲς
3021 4767 3358 4833 συμϐαλοῦσι
3404 4770 3513 4830 τοῖς
3573 4770 3676 4820 ἐπὶ

2091 4863 2204 4923 τοῖς
2236 4861 2460 4929 τείχεσι,
2496 4859 2588 4911 καὶ
2632 4859 2970 4928 κρατήσουσι
3004 4857 3387 4927 βαλλομένους,
3429 4860 3526 4911 καὶ
3557 4859 3678 4911 άπὸ

2089 4953 2182 5006 τοῦ
2211 4951 2444 5023 πύργου.
2481 4953 2544 5004 Ὃ
2576 4950 2680 5003 κᾶν
2713 4948 3074 5020 προύχώρησε
3110 4951 3251 5003 κατὰ
3290 4951 3389 5020 τὴν
3421 4951 3678 5003 ἐπίνοιαν

2090 5043 2295 5107 αὐτοῖς,
2330 5043 2377 5094 εί
2411 5043 2464 5095 αἱ
2497 5043 2713 5111 κεραῖαι
2762 5042 2889 5110 ἄχρι
2937 5039 3264 5109 ἀφικνοῦντο
3301 5040 3410 5092 τῶν
3448 5040 3676 5108 τειχῶν,

2092 5135 2414 5201 ἀποδέουσαι
2467 5135 2522 5186 δέ
2560 5134 2807 5202 ὀφθεῖσαι
2859 5135 2957 5185 οὐκ
3013 5133 3214 5200 ὀλίγον,
3268 5134 3548 5204 ἄπρακτον
3609 5131 3682 5184 τὸ

2096 5213 2392 5297 μηχάνημα
2417 5229 2656 5280 ἐποίουν.
2686 5227 2872 5296 Ταύτῃ
2905 5226 2957 5277 δὲ
2987 5225 3181 5292 ὁμοίαν
3213 5223 3352 5294 πλὴν
3399 5223 3492 5276 τοῦ
3531 5224 3685 5293 πύρο

2095 5335 2216 5387 γου,
2251 5313 2344 5372 καὶ
2374 5320 2724 5379 Φακεωλάτος
2750 5320 2775 5370 ὁ
2798 5315 3239 5387 πρωτοστράτωρ
3270 5316 3684 5376 κατεσκευάζε-

2093 5425 2154 5461 το
2197 5406 2458 5477 βασιλέως
2497 5405 2920 5476 προστεταχότος
2989 5402 3239 5472 μηχανὴν
3289 5402 3375 5471 ἐφ’
3415 5402 3681 5468 ὁλκάδος,

2095 5502 2187 5553 καὶ
2228 5499 2387 5559 αὐτὸς
2429 5499 2691 5568 μεγάληξ,
2727 5499 2812 5548 ἐπ’
2838 5499 3034 5566 ἄκραις
3069 5497 3124 5548 δὲ
3177 5497 3384 5558 ἐκεῖνος
3416 5496 3532 5555 ταῖς
3566 5511 3684 5546 κε-

2100 5592 2300 5661 ραξαις,
2362 5594 2597 5659 ἐσχάραν
2649 5589 2886 5656 ἐπέθηκε
2947 5588 3196 5657 ξυλίνην,
3259 5586 3402 5639 οὕτω
3451 5587 3502 5638 δέ
3533 5581 3606 5652 ἦν
3643 5589 3684 5654 ἡ

2097 5687 2304 5756 ἐσχάρα
2357 5683 2866 5752 κατεσκευασμένη,
2903 5680 3043 5734 ὥστε
3083 5679 3348 5734 κινεῖσθαι
3380 5681 3687 5743 stati-maiae;
