3964 6210
298 316 411 383 213

1437 322 1983 383 HISTORIARUM
2028 326 2254 386 LIBER
2297 327 2395 386 ιν.

3456 328 3564 392 2ίέ

301 437 528 490 ὃάλλειν
575 454 637 491 τε
686 437 906 491 ἐκέλευε
956 438 1021 510 τῇ
1085 441 1336 511 στρατιᾷ,
1401 443 1497 494 καὶ
1567 444 1632 510 τῇ
1693 446 1885 512 τάφρῳ

2021 447 2307 500 ontinentc
2346 445 2552 500 crebris
2587 460 2706 499 eam
2741 444 3196 514 impressionibus
3237 444 3561 509 lacessebat,

299 526 597 598 ἐμϐάλλειν
628 529 727 591 τὰς
777 529 1012 599 ἁμάξας,
1045 531 1117 596 ὡς
1147 532 1211 584 ἂν
1240 532 1354 596 τοῖς
1399 532 1604 602 τείχεσι
1634 533 1731 596 τὰς
1763 534 1880 587 κλί-

304 637 488 686 μακας
519 619 772 690 ἐρείσωσι
805 622 1069 693 διαϐατῆς
1120 625 1514 696 γεγενημένης.
1552 626 1659 678 Καὶ
1696 627 1883 679 ἐνέϐαο

297 709 397 762 λον
427 709 490 762 οὐ
518 709 720 775 πάσας.
756 713 876 766 Ἔτι
906 714 962 766 δὲ
1001 717 1114 778 τοῖς
1154 715 1518 786 στρατιώταις
1552 719 1679 789 περὶ
1707 718 1882 772 ταῦτα

299 797 723 870 ἠσχολημένοις,
761 804 808 856 oi
843 807 900 856 ἐν
935 805 1152 877 Γαλατᾷ
1181 807 1281 878 τὴν
1312 810 1375 861 ἐκ
1407 809 1678 879 Θαλάττης
1701 811 1884 880 μάχην

299 891 843 962 ἀποσκευασάμενοι,
874 895 1024 950 ἔθεον
1056 900 1150 953 ἐπὶ
1187 899 1246 952 τὸ
1282 901 1521 969 μάλιστα
1552 902 1747 956 πονοῦν
1778 903 1886 956 τῶν

304 983 453 1034 κατὰ
477 984 574 1052 τὴν
607 987 834 1056 ἤπειρον
860 989 1077 1058 τειχῶν,
1109 993 1200 1044 καὶ
1228 993 1327 1057 τὰς
1365 994 1541 1058 πύλας
1579 995 1886 1059 διανοίξαν-

301 1075 726 1144 τεςέξεχέοντο,
764 1080 858 1133 καὶ
899 1081 1010 1152 πῦρ
1057 1083 1273 1138 ἐνίεσαν
1306 1089 1372 1156 τῇ
1406 1086 1528 1157 ὕλῃ,
1562 1087 1655 1140 καὶ
1707 1090 1888 1142 πᾶσαν

1991 538 2237 606 nihilque
2267 537 2333 590 ad
2379 535 2678 605 Oppidanos
2713 535 3029 606 amigeudns
3087 535 3562 604 prtetermittebat,

1995 644 2097 684 nec
2128 645 2258 683 sane
2283 628 2634 682 mediocriter
2664 627 2788 681 illos
2829 629 3078 681 vexabat.
3102 627 3361 682 Nicolaus
3388 627 3563 682 Vene—

1995 723 2100 776 tias
2155 735 2376 775 cursum
2417 730 2628 783 tenens,
2662 721 2712 772 in
2776 719 3012 774 hostium
3049 719 3275 774 classem
3319 719 3566 782 devenit,

1994 828 2156 884 quam
2189 811 2546 883 prasentiens
2569 827 2836 865 summam
2864 811 2918 865 in
2938 810 3195 878 fugiendo
3228 810 3567 864 celeritatem

1995 904 2267 968 adhibuit,
2318 913 2374 958 et
2425 904 2610 958 hostes
2668 903 3023 972 insequentes
3086 902 3374 973 eﬂ‘ugiens,
3423 901 3571 970 apud

1993 997 2216 1052 Euboea:
2270 995 2544 1065 quoddam
2603 994 2948 1064 oppidulum,
2984 993 3205 1050 Venetis
3231 994 3570 1060 subjectum,

1997 1085 2271 1146 triremes,
2302 1085 2452 1138 nulla
2481 1086 2700 1149 amissa,
2730 1086 2967 1138 servavit
3005 1086 3338 1155 z'ipsumquc
3360 1091 3583 1138 tutatus,

306 1164 648 1230 κατέφλεξαν
703 1169 892 1235 αὐταῖς
946 1175 1224 1244 ἁμάξαις
1254 1179 1666 1249 ἐτραυμάτισαν
1700 1179 1757 1232 δὲ
1796 1181 1892 1233 καὶ

2018 1185 2099 1238 :st,
2128 1176 2274 1246 quod
2327 1177 2430 1230 levi
2474 1176 2692 1244 negotio
2722 1177 3040 1232 Genuenses
3072 1176 3369 1246 cepissent,
3397 1175 3450 1228 ni
3477 1173 3570 1228 ille

306 1254 421 1348 άπὸ
457 1257 564 1309 τῶν
587 1261 785 1328 τειχῶν
811 1261 1095 1331 βάλλοντες
1124 1268 1352 1333 πολλοὺς
1371 1270 1691 1340 ἀνθρώπους
1709 1287 1767 1323 τε
1799 1273 1894 1323 καὶ

2023 1266 2255 1322 ntrando
2282 1267 2686 1321 autevertisset.

311 1353 541 1412 ιππους,
574 1349 673 1400 οὐκ
705 1349 960 1416 ἐλάττους
993 1355 1049 1408 δὲ
1077 1357 1171 1410 καὶ
1212 1358 1392 1412 αὐτῶν
1445 1359 1988 1430 ἐτραυματίσθησαν.
2029 1359 2088 1412 '0
2121 1356 2378 1428 βασιλεὺς
2429 1357 2486 1409 δέ
2539 1357 2639 1426 ἤδη
2689 1359 2788 1428 τὴν
2851 1359 3196 1428 ἐπιχείρησιν
3245 1357 3390 1427 ὁρῶν
3445 1354 3574 1408 ἁδύ-

305 1451 497 1501 νατον,
549 1440 731 1494 καίτοι
800 1443 896 1496 καὶ
949 1449 1213 1518 πρότερον
1259 1449 1441 1516 εἰδὼς,
1489 1453 1747 1522 ἀπήγαγε
1801 1455 1899 1524 τὴν
1959 1451 2241 1522 στρατιάν,
2294 1451 2385 1503 καὶ
2447 1448 2544 1519 τὴν
2591 1449 2691 1519 μὲν
2745 1450 2914 1521 πεζὴν
2971 1451 3226 1503 ἐκέλευεν
3262 1451 3571 1517 ἀναχωρεῖν

310 1531 539 1598 αὐτίκα,
576 1537 737 1600 αὐτὸς
771 1537 827 1590 δέ
862 1539 958 1610 τὴν
1001 1539 1163 1594 ἵππον
1194 1541 1333 1611 ἔχων
1382 1544 1601 1610 ἔμεινεν
1645 1547 1740 1598 ἐπὶ
1787 1544 1879 1598 τοῦ
1923 1543 2288 1615 στρατοπέδου
2313 1544 2410 1595 καὶ
2447 1541 2708 1611 ηὐλίσατο
2772 1543 2870 1612 τὴν
2931 1543 3126 1596 νύκτα.
3162 1543 3260 1605 Ei;
3286 1541 3385 1610 τὴν
3414 1542 3576 1593 ὐστε-

311 1627 477 1692 ραίαν
501 1629 558 1681 δὲ
595 1629 946 1705 ὡπλισμένην
979 1636 1203 1705 ἀγαγὼν
1233 1637 1331 1708 τὴν
1365 1641 1646 1709 στρατιὰν,
1685 1641 1882 1710 ἔστησε
1926 1639 2032 1710 πρὸ
2058 1639 2167 1693 τῶν
2207 1639 2425 1692 Γαλατᾶ
2458 1639 2643 1692 πυλῶν
2704 1639 2984 1704 ἐφικανδν,
3024 1636 3198 1697 οὐδεὶς
3230 1635 3286 1687 δὲ
3325 1632 3574 1688 Λατίνων

309 1719 744 1789 ἀντεπεξῆλθεν,
773 1725 894 1779 οὐδὲ
926 1726 1077 1795 βέλος
1129 1729 1344 1798 ἀφῆκεν
1399 1731 1488 1784 ἐπ’
1513 1732 1730 1795 αὐτούς.
1779 1732 2020 1786 Ἐκεῖθεν
2088 1731 2144 1784 δέ
2192 1731 2314 1784 ἐπεὶ
2348 1731 2536 1801 μηδεὶς
2605 1729 2951 1800 ἀντεπεξῄει,
3001 1729 3076 1791 είς
3139 1726 3434 1787 Βυζάντιον
3455 1725 3580 1776 ἀνέ-

313 1828 540 1882 στρεφε.
577 1815 845 1879 Νικόλαος
877 1817 932 1870 δὲ
987 1821 1014 1872 δ
1042 1821 1151 1874 τῶν
1202 1821 1505 1878 Βενετικῶν
1557 1825 1742 1896 ἄρχων
1790 1825 1888 1895 τὴν
1927 1823 2105 1878 αἰτίαν
2143 1823 2511 1894 ἀποκρύψας,
2565 1824 2632 1876 δι’
2698 1824 2764 1894 ἣν
2829 1822 2932 1891 τῆς
2979 1838 3037 1874 τε
3092 1820 3272 1888 μάχης
3306 1817 3580 1886 ἀπέσχετο

311 1906 661 1972 παντάπασι,
691 1911 784 1962 καὶ
808 1910 1051 1981 βούλοιτο
1111 1917 1438 1987 ἀναχωρεῖν,
1479 1919 1646 1988 μόνον
1687 1920 1744 1973 δὲ
1804 1918 1964 1973 τοῦτο
2003 1917 2196 1983 εἰπὼν,
2227 1918 2303 1982 ὡς
2334 1920 2484 1987 παρὰ
2519 1920 2616 1989 τῆς
2652 1917 2868 1988 βουλῆς,
2927 1917 3018 1969 καὶ
3051 1913 3146 1967 τοῦ
3195 1911 3388 1969 δουκδς
3444 1910 3585 1960 ἁπο-

313 2001 507 2055 πλὲειν
538 2002 882 2074 κελευσθείη,
931 2007 1068 2077 πρὸς
1100 2008 1356 2063 Βενετίαν
1387 2012 1666 2082 ἀπεχώρει
1699 2011 2126 2081 συνταξάμενος,
2191 2013 2284 2065 τὸν
2320 2013 2459 2084 πρὸς
2512 2013 2637 2075 τοὺς
2703 2012 2767 2064 ἐκ
2818 2007 3085 2070 Γεννούας
3133 2006 3369 2074 πόλεμον
3435 2005 3582 2073 μόνῳ

315 2096 537 2182 βασιλεῖ
570 2099 998 2166 καταλιπὼν,ὃς
1030 2103 1284 2173 τριήρεσι
1339 2122 1398 2158 τε
1455 2106 1520 2159 ὲκ
1573 2104 1842 2177 θαλάττης
1891 2106 2203 2178 ἐπολιόρκει
2238 2110 2360 2170 ταῖς
2423 2107 2625 2170 ίδίαις,
2682 2106 2776 2159 καὶ
2816 2107 2879 2158 ἐκ
2931 2104 3033 2172 τῆς
3090 2101 3319 2171 ἠπείρου
3376 2098 3580 2168 συχνὰς

313 2187 556 2241 ἐποιεῖτο
602 2187 702 2251 τὰς
745 2189 969 2272 ἐφόδους
999 2190 1234 2261 πέμπων
1295 2195 1576 2264 στρατιάν,
1628 2195 1723 2249 καὶ
1781 2196 1960 2250 πάντα
1999 2195 2268 2266 ἔπραττεν
2319 2196 2380 2261 ἐξ
2418 2194 2492 2251 ὧν
2552 2197 2794 2256 ἐκείνους
2831 2194 3062 2262 πάσχειν
3094 2187 3162 2262 ἦν
3210 2189 3420 2252 κακῶς,
3485 2194 3584 2244 καὶ

322 2279 591 2335 ἔῦλαπτεν
621 2282 686 2334 οὐ
719 2276 916 2350 μέτρια
947 2283 1085 2337 τινά.
1106 2283 1371 2348 Νικόλαος
1392 2285 1450 2338 δὲ
1483 2285 1616 2356 πρὸς
1641 2286 1893 2341 Βενετίαν
1931 2288 2244 2352 ἀποπλέων,
2271 2288 2346 2355 τῷ
2383 2285 2491 2339 τῶν
2523 2285 2797 2355 πολεμίων
2840 2282 3012 2351 στόλῳ
3076 2281 3387 2350 περιέτυχε,
3449 2293 3584 2346 προ-

324 2371 647 2440 αισθόμενος
678 2374 755 2437 δὲ,
793 2375 1024 2444 ἔφευγεν
1149 2375 1348 2445 τάχους
1411 2373 1558 2448 εἶχεν
1581 2417 1597 2442 ,
1671 2377 1967 2434 ἐπεδίωκόν
2004 2396 2062 2432 τε
2087 2380 2136 2432 οἱ
2175 2379 2448 2448 πολέμιοι,
2477 2376 2690 2447 φθάσας
2723 2375 2780 2428 δὲ
2811 2374 3009 2434 αὐτοὺς
3040 2372 3174 2442 πρὸς
3199 2373 3264 2441 τῇ
3311 2368 3452 2423 κατὰ
3481 2369 3583 2435 τὴν

325 2464 563 2518 Εὔϐοιαν
613 2465 862 2537 πολίχνῃ,
893 2465 931 2536 ἢ
995 2466 1182 2529 αὐτοῖς
1221 2468 1370 2521 ἐστιν
1425 2468 1687 2538 ὑπήκοος,
1740 2467 1839 2531 τάς
1875 2485 1934 2521 τε
1974 2470 2219 2540 τριήρεις
2260 2469 2520 2522 διέσωσεν
2573 2467 2831 2536 οὐδεμίαν
2867 2464 3174 2529 ἀπολέσας·
3231 2463 3325 2516 καὶ
3398 2476 3587 2528 περιε-

324 2562 521 2628 ποίησε
552 2559 652 2631 τὴν
703 2561 982 2631 πολίχνην,
1037 2563 1212 2633 ῥᾷστα
1261 2561 1329 2618 ἂν
1383 2564 1687 2618 ἑαλωκυῖαν
1732 2565 1781 2618 εί
1816 2563 1891 2634 μὴ
1933 2564 2239 2632 φθάσαντες
2274 2564 2428 2618 αὐτοὶ
2449 2563 2722 2636 εἰσῆλθον.

1719 2724 1942 2783 CAPUT
1981 2724 2192 2780 XXVII.

316 2837 434 2921 Ρεε·
473 2839 699 2921 invidie}.
754 2843 1008 2921 quaedam
1044 2846 1360 2921 pervertitur
1397 2847 1602 2921 iunior,
1632 2848 1941 2916 imperator.
1985 2847 2134 2921 Unde
2169 2847 2362 2921 bellum
2398 2847 2812 2921 redintegratur.
2848 2843 3055 2921 pausa:
3103 2841 3317 2921 illorum
3350 2841 3587 2921 maleon

393 2908 600 2991 lentim.
638 2908 968 2991 Simplicitas.
1025 2908 1074 2991 et
1115 2916 1338 2991 _cartdor
1359 2908 1628 2991 Δ,ῖιιηὶοὴίε
1690 2908 2047 2991 imperatoris.
2105 2919 2434 2970 Andronicus
2490 2908 2686 2991 ᾼεαῖιεε
2745 2914 3018 2991 malevolis
3052 2920 3340 2980 suspectus,
3399 2910 3462 2962 ab
3513 2910 3584 2991 eis

392 2978 874 3056 decipiturjraude
900 2983 1218 3056 admirabili.
1254 2995 1310 3038 ut
1353 2978 1674 3056 Byzantium
1710 2978 1965 3040 discedat.
2001 2987 2400 3040 (.‘antacuzenus
2437 2988 2672 3056 adversis
2717 2986 2914 3056 nuntiis
2950 2978 3212 3056 trismtus,
3257 2989 3477 3056 matrem
3517 2978 3590 3030 ad

394 3047 575 3110 ﬁlium
605 3050 704 3102 tibi
727 3053 1172 3108 reconciliandam
1202 3057 1380 3121 mittit,
1399 3047 1552 3125 vquod
1583 3057 1800 3125 feliciter
1835 3073 1912 3126 pri

392 3127 446 3169 et
477 3117 676 3172 bellum
707 3120 940 3189 depellit.
1883 3165 1894 3172 -

2018 3064 2074 3108 ιι.
2107 3056 2316 3111 Cralem
2341 3071 2546 3126 quoque
2571 3067 2618 3108 et
2644 3054 2945 3111 Cralwuam
2969 3053 3290 3107 severissime
3315 3050 3583 3119 objurgat,

411 3232 506 3284 Ἑν
538 3233 753 3298 τούτοις
783 3235 839 3288 δὲ
869 3239 976 3292 τῶν
1005 3241 1345 3311 πραγμάτων
1386 3242 1577 3307 ὄντων,
1609 3245 1704 3297 καὶ
1739 3246 1766 3298 ὁ
1797 3244 1905 3298 τῶν

2081 3245 2196 3300 Hoc
2232 3261 2412 3300 rerum
2438 3255 2582 3300 statu
2606 3245 2770 3299 etiam
2796 3242 3002 3298 bellum
3025 3240 3169 3295 inter
3226 3240 3587 3308 imperatores

323 3323 599 3388 βασιλέων
625 3327 861 3396 πόλεμος
877 3329 1029 3394 αὖθις
1045 3332 1263 3402 ἧρχετο,
1285 3335 1384 3388 καὶ.
1401 3335 1496 3388 ἐλά
1504 3334 1707 3405 μϐανεν
1732 3337 1911 3401 αἰτίας

2018 3353 2082 3392 ex
2133 3337 2314 3392 causis
2371 3353 2494 3414 non
2538 3335 2755 3390 levibus
2803 3332 3110 3388 recruduit.
3142 3329 3245 3396 Qui
3281 3329 3428 3384 enim
3462 3345 3586 3382 cum

325 3416 390 3465 οὐ
433 3416 659 3486 μικρὰ.
699 3419 763 3471 Ol
807 3420 918 3488 γάρ
958 3424 1016 3475 ἐν
1047 3422 1416 3498 Θεσσαλονίκῃ
1457 3426 1596 3496 μετὰ
1645 3426 1912 3494 βασιλέως

2018 3425 2224 3482 Joanne
2251 3425 2588 3494 imperatore
2609 3423 3013 3484 Thessalonicae
3033 3428 3427 3484 remanserant,
3457 3434 3593 3487 prte-

328 3508 786 3579 ὐπολελειμμένοι
816 3512 908 3566 τοῦ
940 3514 1059 3568 νέου
1111 3514 1379 3581 Ἰωάννου,
1413 3518 1513 3571 οὐκ
1540 3516 1769 3588 ὴγάπων
1799 3520 1912 3580 τοῖς

2018 3517 2267 3572 sentibus
2318 3531 2430 3570 non
2499 3515 2782 3578 contenti,
2843 3527 2985 3568 nova
3048 3510 3465 3574 moliebantur,
3535 3518 3592 3561 et

326 3599 627 3665 mpoﬁaw,
685 3602 825 3655 ἀλλὰ
855 3607 1144 3677 νεωτέροις
1182 3608 1522 3678 ἐπεχείρουν,
1556 3610 1651 3662 καὶ
1687 3609 1912 3679 βασιλέα

325 3693 427 3742 τὸν
476 3692 597 3744 νέον
644 3693 1006 3764 ἐξεπολέμουν
1038 3697 1249 3768 βασιλέϊ
1290 3698 1369 3768 τῷ
1421 3699 1697 3769 κηδεστῇ·
1731 3700 1912 3753 καίτοι

318 3786 376 3835 oi
404 3782 615 3852 πολλῆς
646 3785 934 3855 εὐμενείας
956 3788 1104 3858 παρὰ
1124 3788 1568 3858 Καντακουζηνῷ
1598 3789 1674 3858 τῷ
1703 3789 1917 3859 βασιλεῖ

321 3873 724 3942 τυγχάνοντες,
778 3878 870 3930 καὶ
903 3877 1012 3930 τῶν
1069 3879 1238 3930 εῠνων
1284 3882 1379 3931 καὶ
1426 3880 1645 3932 οἰκείων
1673 3881 1915 3948 μάλιστα

321 3965 629 4030 δοκοῦντες
667 3965 825 4022 εἶναι.
883 3971 1134 4037 Ἕφασαν
1199 3971 1305 4040 γὰρ
1378 3972 1710 4038 ἀγανακτεῖν
1775 3972 1916 4042 ὑπὲρ

326 4057 511 4110 αὐτοῦ
570 4059 945 4128 ἀδικουμένου,
999 4063 1091 4114 καὶ
1146 4061 1243 4132 τῆς
1304 4063 1564 4133 πατρῴας
1617 4064 1917 4134 ἡγεμονίας

329 4151 849 4220 ἀποστερουμένου.
881 4153 991 4204 Καὶ
1023 4152 1131 4223 γάρ
1179 4153 1241 4206 οὐ
1285 4153 1444 4206 τοῦτο
1497 4154 1656 4222 μόνον
1687 4151 1824 4207 εἶναι
1857 4155 1918 4207 τὸ

326 4243 539 4307 δεινὸν,
568 4243 649 4296 ὅτι
681 4235 979 4312 σύμπασαν
1009 4245 1212 4316 ἐκεῖνος
1242 4244 1382 4314 ἔχων
1410 4243 1508 4313 τὴν
1540 4243 1715 4316 ἀρχὴν
1743 4245 1918 4315 ὄνομα

330 4336 514 4406 μόνον
549 4328 825 4404 βασιλείας
854 4335 1244 4389 καταλέλοιπεν
1275 4335 1424 4406 αὐτῷ
1451 4337 1606 4390 κενὸν
1651 4338 1918 4407 πραγμά-

325 4443 478 4490 των,
508 4426 648 4481 ἀλλὰ
683 4429 776 4480 καὶ
809 4425 998 4499 ὥσπερ
1049 4427 1346 4498 ὑπερορίαν
1373 4426 1918 4497 καταψηφισάμενος,

327 4515 576 4583 ἀγαγὼν
603 4518 661 4570 ἐν
697 4517 879 4584 μέσοις
914 4517 1218 4583 πολεμίοις,
1240 4517 1630 4570 καταλέλοιπεν
1660 4518 1921 4588 οὐδεμιᾶς

2015 3609 2286 3665 Joannem
2325 3608 2392 3661 ad
2421 3622 2572 3660 arma
2606 3620 2799 3661 socero
2844 3603 3132 3659 inferenda
3176 3600 3547 3655 sollicitabant
3573 3637 3588 3662 ,

2017 3711 2328 3769 quanquam
2381 3695 2546 3750 iidem
2582 3695 2721 3764 apud
2752 3694 3197 3749 Cantacuzenum
3230 3688 3459 3758 gratiosi
3490 3686 3592 3741 ad-

2018 3787 2266 3851 modum,
2311 3787 2475 3856 eique
2524 3783 2841 3838 amicissimi
2876 3799 2940 3837 ac
2971 3779 3389 3836 familiarissimi
3433 3780 3592 3834 vidc-

2018 3890 2233 3934 rentur.
2275 3877 2509 3933 A‘iebant
2561 3876 2732 3940 enim,
2795 3875 3086 3928 molestum
3155 3872 3258 3927 sibi
3313 3872 3590 3937 accidere,

2016 3971 2164 4042 quod
2192 3979 2419 4040 paterno
2445 3967 2730 4038 fraudatus
2779 3966 3008 4035 imperio
3042 3973 3149 4017 tam
3188 3964 3391 4034 injuste
3417 3963 3595 4017 habe-

2022 4071 2196 4117 retur.
2255 4060 2472 4115 Etenim
2510 4074 2621 4114 non
2652 4058 2758 4112 hoc
2789 4057 2967 4111 solum
2998 4070 3118 4110 esse
3145 4055 3416 4124 iniquum,
3447 4053 3595 4122 quod

2019 4154 2116 4210 ille
2169 4160 2344 4208 totum
2394 4151 2498 4207 sibi
2545 4150 2820 4207 asciseens
2883 4149 3197 4217 imperium,
3243 4145 3596 4216 imperatoris

2019 4245 2348 4300 vocabulum
2389 4245 2552 4298 inane
2575 4258 2638 4297 ac
2663 4243 2872 4296 nudum
2908 4254 3134 4310 prorsus
3173 4240 3223 4293 ei
3252 4238 3591 4308 relituset,

2022 4336 2118 4392 sed
2164 4335 2311 4406 quod
2371 4335 2536 4390 etiam
2590 4333 2746 4403 quasi
2789 4332 2982 4386 exsilio
3037 4330 3368 4393 damnasset,
3421 4328 3600 4384 abdu-

2021 4440 2282 4497 ctumque
2312 4429 2369 4482 in
2394 4426 2592 4482 mediis
2616 4424 2870 4479 hostibus
2901 4422 3259 4485 deseruisset,
3285 4421 3433 4474 nulla
3463 4435 3599 4476 cura

2023 4519 2290 4585 adhibita,
2345 4517 2808 4589 quemadmodum
2855 4513 3148 4569 discedens
3203 4513 3596 4582 promisisset:

328 4579 607 4678 προνοίας
659 4579 921 4676 άξιώσας,
977 4579 1577 4678 ὥσπερνέπηγγέλλετο
1628 4579 1912 4679 ἀπαίρωνι

2028 4614 2123 4670 sed
2157 4613 2424 4668 bellorum
2470 4623 2667 4664 causas
2711 4604 3093 4676 contingendo,
3123 4605 3240 4674 ipse
3291 4605 3600 4659 Romanum

328 4701 488 4755 ἀλλὰ
517 4700 787 4768 πολέμους
836 4700 1330 4769 προφασιζόμενος,
1359 4699 1458 4770 τὴν
1500 4698 1792 4770 Ῥωμαίων
1823 4701 1922 4754 κά-

328 4800 513 4867 θηται
541 4796 695 4859 αὐτὸς
723 4799 1020 4867 ἡγεμονίαν
1042 4795 1205 4865 ἔχων,
1242 4794 1406 4849 αὐτὸν
1435 4795 1492 4848 δὲ
1521 4795 1710 4867 ῶσπερ
1731 4813 1784 4849 τι
1813 4795 1920 4849 τῶν

330 4882 642 4958 ἂχρήστων
678 4891 926 4958 προεῖτο,
955 4888 988 4957 ἦ
1017 4887 1122 4939 ὐπὸ
1167 4884 1457 4956 Τριϐαλῶν
1486 4886 1921 4958 ἐκπολιορκηθη-

333 4978 648 5048 eripiam/,7}
669 4978 1134 5048 προδοθησόμενον
1161 4977 1252 5046 ὑφ’
1267 4977 1440 5041 οὕτως
1456 4979 1698 5033 ἀτάκτου
1719 4979 1784 5049 δή
1794 4995 1919 5048 μου,

328 5073 449 5128 καὶ
497 5069 805 5139 τολμῶντος
847 5070 1024 5123 πάντα
1085 5056 1352 5140 εὐχερῶς.
1408 5072 1477 5124 Ἀ
1519 5072 1626 5140 χρὴ
1687 5071 1921 5140 συνορᾷν

330 5166 416 5220 αὖ
427 5164 541 5226 τὸν,
570 5165 662 5216 καὶ
687 5166 928 5224 σκοπεῖν,
956 5164 1104 5226 ὅπως
1128 5163 1228 5231 τῆς
1251 5161 1512 5232 πατρῴας
1551 5159 1706 5225 αὖθις
1730 5165 1928 5234 ἐγκρα·

330 5259 450 5325 τὴς
472 5256 683 5324 γένοιτο
713 5257 886 5326 ἀρχῆς
940 5257 1113 5326 ῥᾷστά
1149 5273 1212 5322 γε
1239 5256 1554 5326 δυνάμενος.
1607 5257 1834 5327 Κράλης
1863 5273 1923 5308 τε

333 5349 464 5416 γὰρ
484 5347 714 5417 δυνάμει
751 5347 900 5418 πάσῃ
953 5348 1214 5417 βοηθήσει
1259 5349 1316 5401 ἐν
1349 5350 1463 5410 τοῖς
1494 5347 1929 5418 πολεμιωτάτοις

336 5440 563 5496 ἐκεῖνον
584 5439 756 5504 άγων,
777 5437 1292 5510 καὶ-βουλησόμενος
1321 5438 1472 5508 αὐτῷ
1499 5439 1735 5508 μάλιστα
1752 5439 1928 5492 συναί-

324 5529 572 5603 ρεσθαι,
597 5530 692 5582 καὶ
734 5530 885 5582 αὐτοὶ
920 5530 1060 5599 ὑπὲρ
1094 5529 1262 5583 αὐτοῦ
1288 5530 1469 5583 πάντα
1503 5529 1749 5583 κίνδυνον
1795 5528 1930 5582 ὑπο-

348 5620 609 5692 μενοῦσι,
642 5622 739 5674 καὶ
783 5619 1082 5690 προθύμως
1127 5618 1614 5688 συναγωνιοῦνται,
1671 5620 1766 5673 καὶ
1803 5621 1933 5689 χρήο

351 5728 520 5782 μασι,
551 5712 643 5764 καὶ
663 5711 850 5775 ὅπλοις
881 5711 977 5763 καὶ
1009 5709 1248 5780 σώμασι,
1280 5710 1373 5763 καὶ
1393 5712 1468 5782 μὴ
1487 5711 1772 5764 κατοκνεῖν
1796 5711 1932 5779 πρὸς

2033 4717 2227 4762 tenens
2278 4701 2648 4774 principatum
2709 4699 2952 4761 sederet,
2983 4711 3112 4752 eum
3145 4710 3301 4761 vero,
3329 4704 3388 4750 ut
3427 4695 3606 4750 homi-

2028 4815 2153 4854 nem
2211 4797 2416 4851 nullius
2480 4792 2644 4863 frugi,
2677 4801 2769 4846 aut
2796 4807 2825 4845 a
2851 4789 3107 4844 Triballis
3154 4787 3599 4856 expugnandum,

2030 4902 2125 4946 aut
2175 4906 2204 4945 a
2261 4899 2370 4944 tam
2432 4887 2746 4942 turbulento
2809 4891 2866 4938 et
2917 4883 2984 4936 ad
3050 4895 3267 4934 omnem
3314 4877 3601 4931 audaciam

2029 4981 2300 5051 ρι’ωοὶρίιὶ
2333 4978 2535 5049 pepulo
2570 4975 2914 5046 prodendmn
2945 4972 3229 5041 abjieeret.
3265 4968 3395 5034 Quae
3425 4968 3604 5020 anim-

2027 5069 2358 5126 advertenda
2416 5067 2547 5130 sint,
2602 5073 2659 5118 et
2708 5058 3195 5120 considerandum,
3256 5071 3366 5125 quo
3438 5065 3600 5124 pacto

2027 5135 2295 5230 m'ajorum
2357 5170 2581 5212 suorum
2638 5152 2929 5220 imperium
2983 5154 3311 5214 recuperet,
3371 5147 3428 5200 in
3491 5159 3602 5216 quo

2029 5253 2249 5322 quidem
2300 5249 2449 5303 nulla
2491 5249 2560 5303 sit
2599 5245 2783 5299 l’utura
2833 5241 3142 5297 difﬁcultas.
3178 5237 3392 5294 Cralem
3455 5240 3602 5292 enim

2030 5344 2413 5400 Cantacuzeno
2449 5337 2905 5399 infensissimum,
2947 5343 3056 5389 tcta
3089 5333 3333 5402 potentia
3365 5331 3605 5385 libenter

2035 5433 2241 5490 auxilio
2286 5443 2696 5486 succursurum.
2727 5427 2799 5482 Se
2827 5440 3046 5496 quoque
3076 5425 3327 5493 quamvis
3376 5422 3607 5476 dimica-

2035 5523 2240 5579 tionem
2298 5520 2494 5590 capitis
2543 5518 2664 5589 ejus
2725 5531 2892 5571 causa
2951 5515 3176 5568 minime
3231 5520 3603 5578 recusaturos,

2035 5612 2341 5683 cupideque
2377 5624 2482 5662 una
2519 5618 2574 5662 et
2629 5605 2897 5676 pecuniis,
2929 5613 2985 5658 et
3041 5601 3230 5667 armis,
3262 5611 3318 5656 et
3357 5601 3608 5671 corpori-

2036 5709 2135 5763 bus
2186 5711 2504 5760 certaturos.
2564 5699 2935 5756 llortabautur
2976 5695 3224 5766 proinde,
3259 5710 3327 5750 ne
3374 5695 3441 5750 ad
3493 5706 3607 5748 rem
