3964 6210
405 301 512 365 215

1608 307 1930 373 JOANNIS
1973 313 2498 379 CANTACUZENI
2525 277 2531 373 ί

3561 327 3657 396 ἓίϐ

403 417 629 486 aggredi
669 427 997 471 moraretur.
1028 415 1322 475 [adurebat
1356 430 1536 475 autem
1578 423 1699 478 illos
1735 425 1800 479 ad
1827 442 1962 479 arm:

2084 429 2182 498 τὴν
2233 433 2574 502 ἐπιχείρησιν
2635 453 2934 506 παρῃνουν.
3015 438 3298 509 Ἐνήγοντο
3342 440 3399 494 δὲ
3462 442 3656 499 ἐκεῖνοι

397 510 568 580 818
617 509 761 565 inter
801 511 1160 578 imperatores
1218 512 1573 569 instauranda
1628 530 1734 570 non
1789 533 1981 586 parum

395 602 673 656 vitiositas
733 609 787 656 et
817 602 1082 670 nequitia,
1116 619 1222 672 qua
1265 605 1347 658 vel
1379 605 1444 658 ad
1480 605 1701 661 infanda
1743 610 1981 679 prompti

397 693 736 754 ferebantur,
775 694 963 761 potius
1021 707 1200 748 tamen
1253 697 1516 763 pmmissa
1549 714 1578 752 a
1612 698 1770 753 Crale
1811 715 1984 769 pecu-

395 789 504 848 nia,
531 787 573 840 si
602 786 800 840 bellum
822 787 966 840 inter
998 787 1275 843 Romanos
1297 791 1495 844 iterum
1526 789 1978 856 inﬂammassent,

392 895 583 931 eorum
618 879 833 932 animos
875 878 1292 942 depravaverat-
1333 880 1542 947 Quibus
1573 881 1758 951 junior
1809 883 1981 951 impe-

393 975 560 1031 rator,
595 977 782 1037 utpote
828 969 1145 1024 calliditatis
1193 983 1248 1024 et
1300 967 1616 1025 sermonum
1651 982 1815 1041 atque
1858 987 1978 1026 mo-

392 1073 512 1109 rum
548 1061 878 1128 corruptela:
922 1061 1148 1115 omnino
1192 1062 1416 1131 ignarus
1475 1072 1529 1116 et
1557 1064 1896 1132 inexpertus,
1925 1073 1980 1130 et

390 1163 543 1216 atque
586 1149 976 1220 frurtuosaque
1028 1152 1287 1215 suaderi,-
1321 1169 1384 1206 ac
1413 1152 1517 1207 sibi
1555 1153 1765 1208 studeri
1794 1142 1976 1215 Iratus,

393 1245 841 1311 obtemperavit:
890 1254 944 1298 et
1008 1246 1250 1312 profecto
1305 1245 1737 1311 inimicissimos,
1772 1247 1976 1317 quique

390 1333 462 1386 ob
511 1335 616 1387 vile
653 1335 937 1398 lucellum,
972 1347 1025 1390 et
1079 1351 1305 1405 parvum
1359 1340 1747 1408 compendium
1796 1341 1974 1409 ipsum

389 1439 512 1477 cum
553 1425 814 1478 universo
866 1425 1096 1495 imperio
1145 1427 1532 1496 prodiderunt,
1568 1445 1669 1498 pro
1707 1432 1977 1486 alIllClSai-

391 1518 495 1569 mis
527 1517 718 1570 habuit
747 1534 760 1569 :
798 1518 1126 1585 quibuscum
1181 1519 1486 1574 deliberare
1528 1521 1716 1590 cwpit,
1745 1520 1890 1576 unde
1921 1533 1976 1577 et

390 1611 665 1677 quomodo
718 1609 919 1663 bellum
967 1619 1160 1664 contra
1198 1627 1452 1665 socerum
1490 1612 1822 1668 institueret.
1856 1613 1894 1666 Ρ
1918 1631 1978 1667 a-

389 1702 502 1754 cuit
540 1701 730 1770 igitur,
762 1701 1082 1770 priusquam
1109 1704 1359 1757 consulta
1384 1714 1723 1768 emanarent,
1749 1705 1970 1760 Andro-

388 1798 574 1848 nicum
625 1794 858 1847 Asanem
917 1794 1367 1850 Thessalonicam
1431 1798 1745 1862 removeri,
1808 1815 1970 1868 quem

388 1888 721 1940 acerrimum
753 1887 871 1940 fore
893 1888 1292 1951 adversarium,
1330 1905 1434 1944 nec
1463 1891 1640 1944 solum
1673 1891 1884 1955 alioqui
1913 1907 1970 1946 se

387 1980 795 2047 oppositurum,
845 1979 936 2032 sed
973 1989 1027 2033 et
1057 1981 1333 2050 juniorem
1359 1982 1745 2050 imperatorem
1782 1985 1970 2037 admo-

385 2072 634 2124 niturum
678 2071 1035 2136 verebantur,
1065 2074 1142 2126 uti
1170 2084 1371 2127 conatu
1409 2084 1517 2128 tam
1559 2077 1697 2128 male
1720 2077 1968 2130 ominato

385 2164 697 2228 desisteret,
727 2180 861 2218 aere
909 2165 1200 2235 imperium
1239 2167 1419 2236 (cujus
1455 2169 1614 2236 paulo
1651 2179 1773 2235 post
1815 2169 1966 2224 futuo

386 2273 482 2310 rns
544 2258 616 2312 sit
668 2259 945 2321 dominus,
997 2259 1042 2312 si
1093 2274 1219 2328 erga
1271 2275 1524 2314 socerum
1578 2261 1964 2330 imperatorem

384 2349 555 2416 probe
607 2357 662 2401 et
711 2348 946 2403 candide
1001 2364 1060 2404 se
1109 2349 1362 2419 gesserit)
1419 2350 1600 2403 sciens
1657 2366 1719 2405 ac
1776 2352 1968 2406 volens

385 2438 788 2506 prssumdaret.
823 2439 967 2504 Ergo
999 2455 1124 2492 eum
1169 2456 1293 2494 cum
1337 2440 1689 2494 simulatione
1712 2443 1967 2497 amicitia)

385 2529 673 2603 adepntes,
721 2539 1130 2584 sacramentum
1192 2531 1397 2585 silentii
1459 2533 1704 2601 exigunt,
1733 2534 1966 2603 junioris

387 2596 741 2686 imp‘eratoris
811 2618 1185 2672 secretissima
1253 2596 1646 2687 patel'acturvos.
1706 2596 1806 2677 ljbi
1858 2623 1965 2676 lide

379 2707 618 2776 jurantis
692 2717 915 2774 accepta
983 2710 1102 2762 ausi
1156 2720 1284 2764 sunt
1342 2712 1550 2772 littere,
1611 2728 1736 2766 cum
1807 2713 1966 2769 Crale

383 2801 588 2854 bellum
646 2816 840 2854 socero
913 2801 1256 2856 inferendum
1330 2804 1645 2873 pepigisse,
1717 2807 1965 2876 nihilque

382 2892 558 2960 pactis
587 2901 640 2946 et
665 2893 947 2946 conventis
971 2895 1161 2949 deesse
1198 2905 1446 2958 narrant,
1483 2896 1806 2967 Cralemque
1841 2914 1965 2968 pro-

381 2983 710 3052 pensissimo
731 2985 914 3039 studio
940 2995 996 3038 et
1019 2986 1302 3041 alacritate
1331 2988 1648 3056 imperatori
1668 2991 1965 3059 opitulatu-

2088 521 2225 592 πρὸς
2249 525 2309 576 τὸ
2333 527 2503 577 κινεῖν
2525 527 2632 578 τῶν
2658 527 2926 597 βασιλέων
2955 530 3094 600 πρὸς
3117 531 3380 601 ἀλλήλους
3427 533 3658 604 πόλεμον

2086 612 2186 682 οὐχ
2240 609 2402 684 ἦττον
2432 617 2532 683 μὲν
2571 617 2668 671 καὶ
2695 620 2916 690 τρόπων
2973 622 3290 690 φαυλότητι,
3331 625 3425 676 καὶ
3464 626 3660 696 μοχθη-

2088 703 2200 772 ρία,
2301 707 2392 758 καὶ
2420 705 2556 776 πρὸς
2600 707 2668 760 τὰ
2705 709 2962 779 αῑσχιστα
2991 711 3248 780 ἐξὴγοντο
3272 712 3525 782 ἑτοίμως,
3559 716 3660 782 μά-

2084 796 2240 849 λιστα
2277 797 2330 850 δὲ
2363 799 2458 850 καὶ
2495 800 2741 869 χρήμασι
2774 799 3154 872 διεφθάρησαν
3185 802 3320 872 πρὸς
3373 801 3589 873 Κρὰλη,
3616 805 3660 856 εί

2083 889 2174 940 τὸν
2203 889 2340 956 πρδς
2370 889 2942 961 ἀλλήλουςῗΡωμαίων
2972 889 3132 956 αὖθις
3167 893 3408 964 πόλεμον
3439 896 3657 948 κινοῖεν.

2084 971 2178 1039 Οἷς
2205 978 2234 1029 ὁ
2277 977 2398 1041 νέος
2447 979 2723 1048 βασιλεὺς,
2777 978 2876 1033 ἅτε
2907 979 2974 1052 δὴ
3011 982 3148 1051 πρὸς
3183 982 3542 1050 πανουργίας,
3569 985 3660 1035 καὶ

2081 1065 2380 1136 διαφθορὰς
2408 1070 2501 1122 καὶ
2521 1069 2670 1138 βίων,
2702 1069 2798 1122 καὶ
2832 1071 3007 1138 λόγων
3039 1071 3391 1125 παντάπασιν
3420 1071 3661 1140 ἀπείρως

2083 1157 2241 1227 ἔχων,
2275 1161 2372 1213 καὶ
2421 1161 2605 1213 δίκαια
2640 1161 3013 1230 βουλεύεσθαι,
3051 1165 3146 1215 καὶ
3189 1164 3544 1234 συμφέροντα
3573 1182 3659 1217 νο-

2084 1248 2272 1316 μίσας,
2297 1249 2392 1302 καὶ
2421 1250 2519 1318 τὴν
2553 1250 2790 1320 σπουδὴν
2816 1252 2957 1320 ὑπὲρ
2991 1251 3156 1303 αὐτοῦ
3188 1250 3485 1312 ποιεῖσθαι,
3514 1249 3661 1301 ἐπεί-

2081 1339 2204 1390 θετὸ
2242 1355 2324 1403 τε,
2359 1339 2450 1391 καὶ
2484 1341 2541 1391 ἐν
2569 1340 2683 1402 τοῖς
2719 1338 2954 1407 μάλιστα
2979 1340 3090 1392 τῶν
3115 1339 3285 1406 φίλων
3319 1336 3510 1390 ἔταττε
3534 1337 3659 1399 τοὺς

2083 1429 2527 1498 πολεμιωτάτους
2558 1431 2633 1493 ὡς
2663 1430 2904 1500 άληθῶς,
2935 1429 3029 1482 καὶ
3057 1429 3281 1499 κέρδους
3310 1424 3534 1498 μικροῦ,
3569 1427 3659 1479 καὶ

2075 1521 2364 1591 λήμματος
2407 1521 2568 1575 αὐτόν
2593 1538 2674 1586 τε,
2710 1521 2802 1590 καὶ
2836 1521 3137 1592 σύμπασαν
3191 1520 3490 1588 ἠγεμονίαν
3521 1533 3660 1587 προ-

2077 1612 2342 1676 διδόντας,
2409 1614 2504 1666 καὶ
2553 1613 2852 1666 ἐσκέπτετο
2887 1615 2984 1667 σὺν
3003 1589 3223 1672 ἀὐτοῖς
3247 1651 3262 1675 ,
3318 1611 3441 1664 ὅθεν
3471 1627 3531 1662 τε
3567 1610 3659 1661 καὶ

2077 1707 2224 1767 ὅπως
2262 1707 2355 1758 τὸν
2388 1707 2522 1776 πρὸς
2557 1705 2784 1775 βασιλέα
2821 1707 2912 1759 τὸν
2947 1705 3214 1774 κηδεστὴν
3252 1703 3493 1771 πόλεμον
3525 1703 3658 1754 ἀνα-

2075 1799 2274 1868 κινοίη.
2316 1797 2522 1851 Ἐδόκει
2558 1797 2622 1868 δὴ
2653 1799 2765 1850 δεῖν
2816 1798 2945 1868 πρὶν
3004 1797 3252 1850 ἔκπυστα
3293 1794 3549 1862 γενέσθαι
3587 1792 3654 1845 τὰ

2075 1890 2496 1961 βεϐουλευμένα,
2567 1891 2803 1961 Ἀσὰνην
2869 1893 2962 1946 τὸν
3016 1890 3353 1958 ’Δνδρόνικον
3416 1887 3653 1955 ἀφιστᾷν

2072 1981 2504 2048 Θεσσαλονὲκηςο
2538 1982 2864 2034 ὑπώπτευον
2899 1982 3007 2051 γὰρ
3055 1983 3265 2034 ἐκεῖνον
3298 1981 3367 2032 τὰ
3416 1981 3654 2048 μέγιστα

2073 2072 2516 2137 ἐναντιώσεσθαι,
2588 2073 2649 2125 οὐ
2721 2072 2881 2141 μόνον
2941 2070 3464 2139 ἁντικαθιστάμενον
3515 2071 3654 2139 πρὸς

2069 2165 2259 2228 τᾶλλα,
2292 2164 2428 2218 ἀλλὰ
2475 2165 2567 2216 καὶ
2594 2164 2806 2234 βασιλεῖ
2850 2163 2926 2233 τῷ
2984 2164 3092 2232 νέῳ
3120 2161 3498 2232 παραινοῦντα
3541 2161 3655 2213 τῶν

2071 2256 2299 2308 ἀτόπων
2341 2254 2646 2324 ἀπέχεσθαι
2699 2256 3127 2324 ἐπιχειρήσεων,
3166 2254 3261 2306 καὶ
3299 2253 3374 2322 μὴ
3403 2250 3651 2317 διατιθεί-

2073 2365 2186 2416 ρειν
2217 2347 2314 2415 τὴν
2362 2345 2664 2414 ἠγεμονίαν
2719 2345 2922 2409 ἑκοντὶ,
2962 2338 3028 2415 ἦς
3061 2343 3239 2396 ἔσοιτο
3269 2342 3461 2412 κύριος
3507 2341 3650 2410 μετὰ

2072 2436 2266 2508 μικρὸν
2294 2441 2343 2489 εί
2375 2437 2513 2506 πρὸς
2546 2437 2772 2506 βασιλέα
2799 2438 2891 2490 τον
2929 2436 3196 2506 κηδεστὴν
3231 2434 3643 2503 εὐγνωμονοξη,

2069 2531 2164 2582 καὶ
2191 2528 2582 2600 προσελθόντες
2616 2531 2674 2581 ἐν
2708 2529 3063 2600 προσχήματι
3097 2525 3279 2596 φιλίας
3309 2526 3502 2595 πρῶτα
3539 2526 3644 2594 μὲν

2066 2621 2262 2689 ὅρκους
2297 2619 2566 2691 ἀπῄτουν,
2605 2619 2747 2674 ὥστε
2800 2620 3140 2689 καταδήλους
3175 2620 3249 2689 μὴ
3281 2621 3480 2680 ποιεῖν,
3519 2619 3647 2686 μέλ-

2067 2711 2258 2775 λοντας
2315 2711 2680 2766 ἐκκαλύπτειν
2724 2711 2790 2764 τὰ
2830 2711 3066 2780 μάλιστα
3094 2711 3390 2781 ἀπόρρητα
3425 2708 3504 2779 τῷ
3532 2710 3640 2776 νέῳ

2070 2805 2297 2875 βασιλεῖ.
2331 2806 2568 2858 Ἔπειτα
2603 2805 2726 2856 ἐπεὶ
2771 2803 3079 2872 ἐλάμϐανον
3109 2804 3206 2865 τὰς
3245 2801 3480 2865 πίστεις,
3543 2803 3645 2854 καὶ

2064 2894 2204 2968 ἦσαν
2235 2899 2292 2950 ἐν
2324 2896 2649 2967 πεποιθήσει
2680 2896 2863 2966 δῆθεν,
2908 2895 3131 2964 βασιλέα
3178 2895 3268 2947 τὸν
3302 2897 3420 2948 νέον
3452 2895 3646 2962 ἔλεγον

2069 2989 2359 3043 συνθέσθαι
2396 2990 2591 3059 Κράλῃ
2623 2989 2716 3042 ἐπὶ
2741 2989 2817 3056 τῷ
2846 2990 3083 3058 πόλεμον
3119 2989 3294 3042 κινεῖν
3313 2989 3454 3042 κατὰ
3488 2988 3650 3058 βασι-

381 3092 522 3129 rum.
543 3075 679 3130 Cum
711 3086 892 3131 autem
924 3078 969 3132 is
999 3080 1081 3132 vir
1112 3078 1177 3132 ad
1211 3093 1294 3132 res
1317 3079 1716 3146 perturbandas
1744 3097 1806 3136 ac
1840 3099 1936 3151 per

2069 3083 2207 3144 λέως
2234 3081 2326 3133 τοῦ
2363 3079 2650 3150 κηδεστοῦ,
2685 3080 2779 3133 καὶ
2807 3079 3021 3144 οὐδενὸς
3055 3079 3138 3132 ἔτι
3169 3079 3337 3132 ἐνδεῖν
3382 3078 3516 3150 πρὸς
3544 3078 3650 3140 τὰς

380 3169 684 3224 miscendas
701 3172 772 3225 sit
793 3171 1156 3240 appositus,ct
1181 3171 1296 3225 foro
1321 3172 1394 3224 uti
1419 3173 1652 3238 noverit,
1674 3174 1838 3229 etiam
1860 3175 1961 3230 hoc

378 3262 532 3316 valre
581 3263 943 3332 excogitasse,
979 3279 1088 3332 quo
1144 3263 1507 3332 imperatores
1553 3279 1584 3318 a
1613 3266 1960 3322 resarcienda

378 3356 671 3409 concordia
707 3356 1002 3410 alieniores
1056 3356 1265 3418 reddat,
1308 3367 1364 3410 ut
1401 3358 1576 3424 ipsum
1609 3358 1818 3412 obsidis
1841 3360 1961 3414 loco

377 3448 650 3516 accipiat;
686 3447 949 3504 simulare
997 3451 1165 3514 enim,
1204 3468 1313 3505 non
1356 3466 1414 3504 se
1442 3450 1611 3506 fidere
1643 3452 1958 3520 imperatori

370 3545 606 3613 juniori,
635 3561 702 3599 ne
725 3545 863 3600 forte
898 3547 1184 3610 exercitui,
1226 3563 1384 3616 quem
1419 3547 1491 3600 sit
1514 3545 1796 3616 suppetias
1828 3546 1960 3600 mis-

374 3652 559 3695 surus.
600 3636 914 3700 insidietur,
957 3652 1196 3706 cumque
1233 3638 1531 3707 composita
1589 3651 1711 3692 cum
1756 3635 1958 3692 Canta»

374 3742 585 3781 citzeno
617 3731 998 3783 controversia
1040 3729 1346 3798 disperdat.
1383 3727 1463 3784 0b
1491 3729 1597 3783 hoc
1631 3738 1689 3782 ut
1722 3729 1955 3784 Asanem

373 3818 621 3873 obsidem
655 3819 910 3886 accipiat,
964 3821 1357 3889 imperatorem
1416 3835 1632 3888 urgere.
1668 3818 1770 3884 Qui
1821 3835 1960 3888 quu-

374 3911 523 3963 niam
574 3909 778 3963 bellum
830 3925 1054 3965 movere
1114 3912 1392 3975 statuerit,
1429 3911 1777 3980 maximeque
1831 3911 1956 3966 Tri-

375 4003 647 4055 ballorum
698 4000 966 4054 auxilium
1008 3989 1250 4071 expetat,
1307 4004 1620 4056 necessario
1670 4003 1950 4057 annuisse.

374 4094 506 4159 Quae
545 4094 929 4163 perpendenda
956 4095 1088 4157 sint,
1112 4103 1166 4148 et
1193 4095 1523 4150 invenienda
1549 4095 1820 4159 machina,
1847 4111 1954 4162 qua

372 4185 594 4241 sibi-et
653 4186 911 4256 prmsenti
941 4202 1125 4241 rerum
1182 4185 1484 4241 conditioni
1539 4186 1814 4241 consulat.
1863 4185 1953 4241 Sic

373 4277 452 4331 illi
506 4278 848 4347 probabilem
906 4277 1154 4333 fraudem
1215 4286 1543 4334 nexuerunt.
1575 4279 1784 4333 Asanes
1823 4277 1951 4348 quia

373 4367 696 4435 imposturaa
752 4368 917 4438 hujus
968 4377 1087 4422 erat
1145 4368 1369 4422 nescius
1408 4369 1590 4438 (norat
1647 4368 1795 4421 enim
1855 4383 1951 4422 eos

2067 3175 2392 3244 συμϐάσεις.
2455 3173 2678 3244 Κράλην
2735 3174 2792 3226 δὲ
2833 3171 3226 3242 προθυμότατα
3284 3171 3383 3241 μὲν
3433 3171 3648 3223 ἐθέλειν

2068 3266 2279 3336 βασιλεῖ
2311 3265 2386 3335 τῷ
2418 3267 2522 3335 νέῳ
2550 3267 2882 3336 συμμαχεῖν,
2933 3265 3030 3318 καὶ
3079 3267 3262 3318 πᾶσαν
3296 3264 3439 3333 ὑπὲρ
3471 3263 3650 3316 αὑτοῦ

2064 3359 2156 3410 καὶ
2193 3359 2426 3428 σπουδὴν
2451 3357 2852 3420 ἐνδείκνυσθαι,
2883 3359 2976 3410 καὶ
3020 3357 3347 3427 προθυμίαν,
3374 3356 3554 3408 δεινὸν
3589 3357 3650 3408 δὲ

2061 3449 2189 3502 ὄντα
2220 3449 2560 3519 ταράξαικαὶ
2593 3449 2822 3518 συγχέαι
2847 3449 3173 3519 πράγματα,
3198 3452 3294 3501 καὶ
3323 3448 3649 3518 χρήσασθαι

2063 3542 2449 3612 προσηκόντως
2483 3543 2596 3604 τοῖς
2624 3543 2839 3611 καιροῖς
2878 3542 2974 3595 καὶ
3003 3541 3146 3594 τοῦτ’
3196 3539 3645 3607 ἐπινενοηκέναι,

2062 3632 2127 3684 ἶν’
2154 3631 2486 3700 ἀσυμϐάτως
2534 3632 2735 3701 μᾶλλον
2767 3631 2914 3702 ἔχειν
2959 3631 3359 3701 παρασκευάσῃ
3386 3631 3510 3692 τοὺς
3545 3629 3646 3697 βα-

2062 3724 2264 3788 σιλέας,
2306 3724 2366 3776 τὸ
2398 3724 2456 3776 σέ
2485 3723 2791 3792 βούλεσθαι,
2825 3723 3014 3794 ὥσπερ
3044 3725 3253 3795 ὅμηρον
3283 3723 3474 3776 λαϐεῖν
3494 3739 3510 3756 ·
3543 3725 3642 3774 καὶ

2061 3816 2356 3868 σκέπτεται
2409 3815 2569 3884 δῆθεν
2624 3817 2877 3870 ἀπιστεῖν
2916 3815 2993 3884 τῷ
3049 3817 3155 3886 νέῳ
3205 3815 3419 3884 βασιλεῖ
3451 3813 3526 3882 μὴ
3566 3815 3637 3881 τῇ

2060 3908 2290 3977 στρατιᾷ
2317 3907 2716 3970 ἐπιϐουλεύσει,
2756 3907 2822 3977 ἢν
2873 3906 3103 3977 παρέξει
3139 3907 3639 3976 συμμαχήσουσαν,

2059 3999 2151 4051 καὶ
2185 3998 2464 4067 διαφθερεῖ
2518 4000 2616 4062 τὰς
2646 3999 2906 4070 διαφορὰς
2937 3999 3335 4067 διαλυσάμενος
3365 3997 3502 4065 πρὸς
3530 3997 3638 4064 βα-

2060 4091 2232 4153 σιλέα,
2257 4085 2332 4144 ὧν
2365 4091 2535 4142 ἕνεκα
2562 4091 2882 4160 ἐγκείμενος
2906 4089 3119 4160 βασιλεῖ
3137 4089 3213 4157 τῷ
3237 4089 3340 4158 νέῳ
3363 4089 3422 4140 σὲ
3447 4089 3644 4140 λαϐεῖν

2057 4185 2214 4237 αἰτεῖ.
2251 4182 2510 4244 Βασιλεὺς
2539 4182 2580 4234 δ’
2602 4181 2726 4234 ἐπεὶ
2759 4181 2900 4249 ἔγνω
2924 4181 3015 4235 τὸν
3040 4182 3279 4250 πόλεμον
3306 4181 3500 4238 κινεῖν,
3533 4181 3645 4248 μάο

2055 4276 2213 4328 λιστα
2241 4279 2305 4343 τῇ
2341 4275 2628 4345 Τριϐαλῶν
2675 4274 2973 4347 προσέχειν
3029 4276 3337 4344 συμμαχίᾳ,
3379 4273 3644 4325 συνέθετο

2056 4369 2112 4433 ἐξ
2145 4368 2390 4436 ἀνάγκης
2437 4366 2724 4438 ἐκδιδοναι.
2777 4368 2849 4420 Ἀ
2901 4365 3235 4420 σκέπτεσθαι
3280 4365 3482 4435 χρεὼν,
3538 4367 3643 4417 καὶ

373 4457 605 4513 antehac
633 4458 1017 4514 Cantaeuzeno
1043 4458 1462 4526 deditissimos‘,
1493 4471 1548 4515 et
1571 4459 1698 4529 quia
1729 4460 1954 4529 insuper

2066 4458 2313 4527 μηχανήν
2348 4474 2470 4510 τινα
2510 4458 2868 4527 ἐξευρίσκειν,
2920 4458 2980 4522 ἐξ
3011 4454 3079 4530 ἦς
3139 4457 3301 4519 αὑτός
3350 4475 3407 4508 τε
3441 4458 3536 4508 καὶ
3567 4458 3642 4509 τὰ

373 4565 538 4603 aures
570 4551 690 4619 ejus
718 4550 1035 4604 rumoribus
1064 4549 1132 4603 de
1181 4550 1349 4609 bello.
1379 4549 1527 4617 quod
1556 4550 1745 4619 junior
1775 4550 1952 4618 impe-

371 4649 522 4693 rator
575 4641 631 4694 in
660 4654 914 4694 socerum
967 4639 1290 4705 parturiret,
1355 4640 1601 4708 undique
1652 4640 1955 4695 circumso-

369 4731 600 4794 nabant,
632 4731 800 4785 dictis
862 4730 1023 4784 ﬁdem
1074 4728 1479 4793 commodabat,
1534 4739 1590 4784 et
1649 4729 1953 4798 angebatur

370 4838 704 4893 magnopere
743 4862 756 4884 ,
831 4821 1149 4890 amplasque
1217 4820 1350 4890 ipsis
1417 4821 1485 4876 de
1566 4820 1950 4876 benevolentia

366 4912 535 4982 319
555 4929 682 4982 erga
703 4913 1090 4982 imperatorem
1112 4910 1554 4966 Cantacuzenum
1585 4923 1640 4965 et
1666 4926 1724 4966 se
1751 4915 1953 4982 gratias

367 5021 554 5074 agens,
590 5004 813 5059 modum
842 5005 1054 5070 orabat,
1079 5021 1187 5074 quo
1213 5004 1626 5059 imminentibus
1647 5019 1764 5060 sese
1794 5005 1952 5059 malis

367 5092 624 5160 eriperet.
684 5093 761 5146 llli
807 5092 1097 5158 aﬂirmare,
1132 5093 1268 5147 nihil
1315 5093 1507 5147 utilius
1552 5108 1714 5162 quam
1773 5087 1951 5148 cole?-

371 5181 509 5234 riine
543 5179 862 5250 Byzantium
894 5182 1201 5248 discedere,
1229 5193 1288 5237 ut
1321 5184 1418 5252 qui
1453 5184 1525 5236 ita
1551 5195 1606 5236 et
1640 5183 1948 5252 periculum

369 5271 660 5341 effugeret,
682 5273 1090 5346 et’imperatori
1118 5276 1248 5344 quid
1278 5284 1557 5345 ageretur,
1589 5288 1894 5344 exponeret
1932 5296 1945 5330 :

367 5378 477 5431 quo
505 5366 550 5418 is
574 5364 740 5420 rebus
761 5367 1082 5421 nutantibus
1100 5369 1422 5422 maturrime
1448 5375 1820 5430 succurreret,
1845 5382 1949 5422 nec

309 5503 312 5508 .
370 5453 534 5509 ullam
574 5457 862 5526 segnitiem
923 5457 1303 5511 tarditatemve
1341 5457 1680 5511 admitteret.
1720 5455 1877 5521 Quod
1902 5457 1950 5510 si

362 5552 552 5622 junior
592 5554 892 5622 imperator
922 5571 1049 5609 eum
1097 5555 1338 5610 retinere
1369 5561 1689 5616 conaretur,
1738 5568 1796 5608 se
1824 5552 1945 5606 abi-

369 5656 482 5700 tum
539 5645 776 5701 ﬁdeliter
816 5658 1128 5711 curaturos,
1164 5648 1449 5701 hortantes
1498 5646 1676 5716 ipsum
1713 5654 1769 5699 et
1820 5662 1946 5700 sua-

367 5737 582 5805 dentes,
611 5751 678 5791 nc
707 5737 839 5807 quid
871 5753 967 5806 per
991 5739 1098 5793 vim
1131 5747 1275 5809 agat,
1316 5754 1453 5794 neve
1485 5737 1815 5808 profectioni
1845 5739 1941 5792 ad-

2059 4551 2304 4620 παρόντα
2331 4549 2639 4618 πράγματα
2689 4547 3109 4619 διασωθήσεται.
3153 4548 3382 4601 Ἐκεῖνοι
3412 4548 3516 4616 μὲν
3539 4541 3642 4600 οἶν

2055 4642 2198 4695 οὕτω
2223 4641 2456 4712 πιθανὴν
2489 4639 2961 4708 συσκευασάμενοι
2987 4639 3262 4707 προσῆγον
3292 4639 3389 4707 τὴν
3414 4638 3647 4690 ἐπιϐου-

2055 4733 2176 4802 λήν.
2220 4733 2449 4800 Ἀσάνης
2477 4730 2533 4782 δὲ
2587 4731 2863 4799 ἀγνοήσας
2920 4729 3020 4797 τὴν
3066 4729 3324 4798 ἀπάτην·
3377 4727 3493 4796 ᾔδει
3524 4729 3644 4797 γὰρ

2057 4825 2298 4886 ἐκείνους
2329 4823 2596 4892 πρότερον
2625 4823 2694 4874 τὰ
2727 4819 3188 4890 Καντακουζηνοῦ
3240 4819 3335 4872 τοῦ
3366 4819 3646 4890 βασιλέως

2060 4917 2260 4988 μᾶλλον
2295 4916 2606 4987 ᾑρημένους
2629 4929 2643 4943 °
2677 4914 2850 4976 ἄλλως
2869 4913 2915 4966 θ’
2933 4915 3014 4966 ὅτι
3039 4914 3133 4965 καὶ
3159 4913 3342 4981 φῆμαι
3366 4911 3642 4964 πάντοθεν

2055 5006 2433 5072 προσέπιπτον
2483 5004 2654 5074 αὐτῷ,
2714 5005 2809 5056 καὶ
2863 5004 3167 5074 βασιλεὺςό
3209 5007 3324 5065 νέος
3362 5003 3642 5071 ἐμηνύετο

2054 5098 2291 5165 πόλεμον
2345 5096 2630 5166 βούλεσθαι
2685 5098 2858 5148 κινεῖν
2919 5096 3056 5164 πρὸς
3108 5093 3334 5172 βασιλέα
3398 5095 3486 5146 τὸν
3523 5112 3642 5163 κη-

2052 5193 2277 5259 δεστὴν,
2327 5187 2582 5242 ἐπίστευὲ
2613 5204 2673 5239 τε
2721 5189 2834 5250 τοῖς
2880 5186 3216 5254 εἰρημένοις,
3247 5187 3344 5237 καὶ
3378 5185 3644 5250 σφοδρῶς

2053 5282 2399 5352 ἐθορυϐεῖτο·
2468 5282 2631 5351 χάριν
2692 5280 2749 5333 δὲ
2819 5279 3021 5349 πολλὴν
3082 5278 3366 5346 ὁμολογῶν
3439 5278 3643 5338 αὐτοῖς

2051 5375 2151 5443 τῆς
2178 5376 2257 5436 εἰς
2291 5371 2516 5442 βασιλέα
2563 5370 2660 5422 καὶ
2705 5369 2870 5422 αὑτὸν
2927 5368 3161 5435 εὐνοίας,
3209 5368 3398 5421 ἔπειτα
3451 5367 3644 5419 ἐδεῖτο

2053 5466 2145 5518 καὶ
2171 5465 2375 5535 τρόπον
2406 5462 2725 5527 ὑποθέσθαι,
2759 5457 2817 5513 οἴ
2841 5461 3189 5531 τραπόμενος
3214 5459 3281 5514 τὰ
3314 5459 3645 5529 προσδοκώ-

2052 5571 2189 5624 μενα
2222 5552 2549 5621 ἐκφεύξεται
2579 5551 2747 5605 κακά.
2783 5551 2846 5603 Οἱ
2890 5550 2934 5602 δ’
2975 5550 3130 5603 οὐδὲν
3163 5551 3373 5636 ἔφασαν
3408 5547 3641 5600 λυσιτε-

2048 5632 2342 5714 λέστερον,
2396 5646 2428 5714 ἢ
2483 5646 2714 5714 τάχιστα
2770 5643 3029 5714 ἀπαίρειν
3083 5642 3163 5705 είς
3203 5632 3512 5706 Βυζάντιον,
3546 5640 3640 5705 ὡς

2050 5739 2161 5808 ἅμα
2213 5756 2271 5791 τε
2333 5739 2391 5791 ἐν
2440 5737 2618 5806 τούτῳ
2676 5737 3079 5809 ἐκφευξόμενον
3111 5737 3200 5790 τὸν
3232 5734 3492 5800 κίνδυνον,
3525 5733 3641 5786 καὶ
