3964 6210
297 352 338 383 ς·

298 360 344 418 ἶῖ
704 421 722 434 ,
1387 360 1936 431 ΙΙΙΒΊῸΙΗΛΠΗΜ
1985 369 2055 434 Li
2073 377 2213 449 BER
2261 375 2355 439 IV.

3394 389 3498 452 218

259 473 461 543 βασιλεῖ
509 469 824 540 δηλώσοντα
878 472 1150 541 περὶτῶν
1202 478 1612 546 πραττομένων,
1648 479 1716 531 ἵν’
1745 481 1822 532 αἱ⁴

1935 497 2206 539 versetur.
2237 486 2352 542 iloc
2382 489 2542 543 modo
2572 492 2736 546 Asani
2772 495 3172 564 imposuerunt,
3211 497 3304 565 qui
3341 497 3506 552 mini!

258 563 512 630 σθόμενος
542 561 633 614 τὸν
668 562 913 616 κίνδυνον
964 565 1167 626 ἐκεῖνος
1192 606 1206 627 ,
1239 565 1418 632 ὀξεῖαν
1447 567 1543 638 τὴν
1577 569 1826 640 βοήθειαν

259 656 473 717 ποιοῖτο,
504 654 597 714 καὶ
632 654 708 724 μὴ
742 655 1058 724 παρέργως,
1089 657 1222 726 μηδὲ
1255 657 1541 727 ῥᾳθύμως,
1580 661 1826 729 οἰόμενος

259 745 510 800 κινδύνων
539 745 644 810 ἔξω
680 747 745 799 τὰ
778 747 906 816 τῇδε
966 750 1269 817 πράγματα
1297 749 1542 803 ἑστάναι.
1577 753 1680 806 Ἢν
1722 753 1768 806 δ’
1798 755 1826 805 ό

258 842 359 901 νέος
404 839 662 909 βασιλεὺς
700 840 953 910 ἐπιχειρῇ
1012 843 1289 909 κατέχειν,
1314 841 1431 893 ἀλλ’
1462 843 1656 905 αὐτοὺς
1695 861 1827 914 συμ-

263 932 482 1001 πράξειν
532 935 602 985 τὰ
648 932 884 1001 μέγιστα
933 933 1068 1002 πρὸς
1103 932 1204 1003 τὴν
1255 934 1588 1004 ἀποδημίαν,
1623 952 1826 1004 παραι-

261 1027 477 1084 νοῦντας
510 1021 657 1092 αὺτῴ
689 1024 784 1075 καὶ
824 1023 1110 1086 πείθοντας
1139 1024 1306 1094 μηδὲν
1337 1026 1472 1095 πρὸς
1503 1025 1624 1094 βίαν
1655 1026 1826 1096 πράτ-

258 1131 378 1178 τειν,
418 1113 544 1181 μηδ’
571 1112 887 1168 ἐνίστασθαι
917 1113 1055 1182 πρὸς
1081 1114 1180 1184 τὴν
1210 1115 1414 1186 ὁρμήν.
1450 1117 1688 1169 Τοιαῦτα
1725 1117 1824 1186 μὲν

259 1207 451 1258 ἐκεῖνοι
494 1204 726 1257 ἔπεισαν
761 1203 1211 1272 ἐξαπατήσαντες
1235 1221 1250 1236 ·
1298 1206 1531 1276 Ἀσάνης
1568 1207 1645 1271 δὲ,
1701 1210 1824 1262 ἐπεὶ

258 1298 480 1367 τριήρης
536 1296 1038 1366 παρεσκευασμένη
1092 1295 1284 1365 ἔτυχεν
1345 1300 1500 1363 ἐκεῖ,
1535 1299 1718 1362 δείσας
1757 1300 1826 1352 τά

260 1389 620 1458 ὴπειλημένα,
644 1387 917 1441 ἀπέπλεεν
947 1390 1026 1450 είς
1055 1388 1372 1451 Βυζάντιον,
1402 1391 1494 1442 καὶ
1519 1391 1823 1458 ἀπήγγειλε

261 1480 457 1549 βασιλεῖ
500 1481 606 1534 ὅσα
659 1478 789 1549 παρ’
839 1479 1065 1532 ἐκείνων
1117 1479 1376 1546 πύθοιτο,
1429 1477 1736 1552 ἰσχυρίζετό
1764 1498 1823 1533 τε

259 1573 322 1635 ὡς
357 1572 618 1642 βασιλεὺς
673 1575 700 1625 ὁ
746 1572 866 1634 νέος
926 1572 1061 1641 πρὸς
1092 1572 1183 1625 τὸν
1233 1574 1473 1643 πόλεμον
1519 1575 1822 1644 ὲκτραπείη

263 1667 516 1736 φανερῶς.
558 1666 789 1718 Ἐκεῖνοι
842 1665 901 1718 δὲ
953 1667 1002 1718 οἱ
1040 1667 1377 1735 πράττοντες
1406 1666 1499 1718 τὸν
1560 1667 1821 1735 πόλεμον,

263 1761 368 1813 ἐπεὶ
401 1760 637 1829 ’Δσάνης
669 1757 969 1828 ἀπεχώρει,
995 1758 1200 1825 πολλῆς
1231 1757 1614 1828 ἐπιλαϐόμενοι
1643 1757 1825 1820 ἀδείας

266 1855 500 1908 πείθουσι
542 1854 636 1905 τὸν
691 1854 811 1905 νέον
861 1852 1087 1921 βασιλέα
1136 1851 1442 1920 πρεσϐείαν
1488 1852 1822 1922 ποιήσασθαι

265 1951 384 2017 πρὸς
426 1948 677 2016 Κρὰλην.
724 1945 784 1998 '0
839 1944 885 1995 δ’
917 1945 1134 2012 ἐδέχετο
1169 1943 1444 2011 ἀσμένως,
1477 1943 1573 1996 καὶ
1608 1943 1822 2012 μεγάλα

266 2037 660 2104 ἐπηγγέλλετο,
712 2035 808 2087 καὶ
868 2035 1101 2104 στρατιᾷ
1152 2034 1666 2102 ἐπαγγελλόμενος,
1728 2033 1823 2086 καὶ

267 2116 515 2198 χρήμασι,
546 2129 640 2180 καὶ
691 2125 844 2196 πάσῃ
890 2126 1120 2193 δυνάμει
1155 2123 1446 2194 βοηθήσειν
1475 2125 1568 2178 ἐπὶ
1594 2123 1821 2194 βασιλέα

268 2223 345 2272 τὸν
384 2220 673 2288 κηδεστὴν,
721 2222 818 2271 καὶ
877 2218 978 2287 τὴν
1024 2217 1394 2288 ἀφῃρημένην
1441 2215 1820 2270 ἀνασώσεσθαι

280 2307 707 2376 ἀρχὴν,ἱπραττέ
757 2322 819 2357 τε
875 2307 1052 2357 πάντα
1091 2305 1188 2357 καὶ
1237 2305 1504 2369 ὑπετίθει,
1551 2305 1653 2356 ὅσα
1683 2303 1820 2374 ᾤετο

286 2399 355 2447 τὸν
385 2398 506 2466 πρὸς
537 2397 800 2466 ἀλλήλους
836 2396 946 2447 τῶν
979 2394 1251 2470 βασιλέων·
1283 2395 1522 2464 πόλεμον
1558 2397 1821 2464 τηρήσειν

281 2492 468 2543 ἄλυτον·
493 2493 794 2562 συμδάσεις
829 2493 1098 2561 πρότερον
1128 2493 1262 2560 πρὸς
1305 2491 1530 2560 βασιλέα
1569 2493 1816 2559 θέμενος,

271 2584 324 2646 ἀς
353 2585 562 2652 ἐνόμιζε
614 2586 853 2654 μάλιστα
886 2583 1036 2653 αὐτῷ
1088 2585 1224 2653 πρὸς
1254 2583 1354 2654 τὴν
1389 2582 1568 2654 ἀρχὴν
1602 2584 1818 2636 λυσιτε-

268 2673 379 2728 λεῖν.
421 2677 682 2737 Βασιλεὺς
747 2676 805 2728 δὲ
839 2676 866 2726 ό
903 2673 1352 2743 Καντακουζηνὺς
1399 2675 1551 2728 δεινά
1585 2675 1820 2726 ἐποιεῖτο

261 2769 318 2820 τὶ
345 2768 824 2836 ἀπαγγελ).όμενα’
854 2766 1124 2836 ἐμηνύετο
1168 2765 1277 2835 γὰρ
1308 2766 1462 2836 παρά
1509 2766 1824 2836 τῶνφίλων

260 2858 426 2926 κρύφα
453 2861 753 2928 ὁσημέραι,
789 2860 882 2910 καὶ
905 2859 1011 2910 δεῖν
1043 2858 1180 2929 ᾤετο
1206 2861 1325 2911 ἐκεῖ
1346 2861 1815 2929 παραγενόμενον,

256 2950 477 3003 διαλύειν
517 2952 618 3012 τὰς
660 2951 746 3002 ἐπ’
782 2950 946 3002 αὑτὸν
992 2949 1303 3010 συστάσεις.
1359 2949 1466 3002 Τοῦ
1520 2948 1818 3002 Λατινικοῦ

254 3043 302 3094 δὲ
349 3046 464 3097 τότε
547 3043 899 3112 ἀκμάζοντος
939 3034 1202 3113 ’πολέμου
1237 3083 1252 3108 ,
1302 3041 1415 3094 οὔτ’
1482 3044 1818 3108 ἀφίστασθαι

253 3136 383 3204 ἐξῆν,
419 3137 540 3191 οὔθ’
577 3138 770 3204 ἑτέραν
799 3137 1032 3206 δύναμιν
1091 3136 1556 3206 παρασκευάζειν,
1592 3137 1668 3198 ὡς
1717 3137 1814 3206 τῆς
1846 3186 1886 3207 η

255 3229 777 3298 παρεσκευασμένης
832 3229 1146 3296 ἀναγκαίως
1225 3228 1360 3296 πρὸς
1417 3228 1508 3280 τὸν
1579 3229 1820 3298 πόλεμον

248 3321 641 3391 κατεχομένης.
676 3321 831 3372 Ἐπεὶ
883 3319 937 3372 δὲ
976 3320 1140 3372 αὐτὸν
1189 3320 1281 3371 ἐπὶ
1316 3319 1659 3373 Μακεδονίαν
1689 3321 1818 3374 ἀδυο

248 3414 404 3476 νάτως
454 3415 652 3466 πλέειν
707 3412 902 3482 ἔχοντα
953 3413 1124 3482 ἑώρα,
1169 3414 1372 3464 Ἀνναν
1420 3411 1520 3481 τὴν
1575 3412 1820 3482 βασιλίδα

244 3505 445 3574 ἔπεμπε
530 3507 670 3577 πρὸς
745 3509 834 3560 τὸν
886 3506 1000 3560 υἱὸν
1035 3545 1050 3570 ,
1095 3504 1171 3567 ὡς
1217 3505 1517 3558 πείσουσαν
1584 3505 1822 3574 ἀποσχέ-

248 3599 355 3651 σθαι
397 3600 511 3652 τῶν
581 3600 800 3653 ἀτόπων
827 3638 843 3662 ,
889 3600 983 3651 καὶ
1033 3597 1420 3661 διαλλάξουσαν
1478 3597 1662 3667 αὐτῷ,
1722 3598 1822 3648 οὐκ

245 3693 440 3756 ἀγνοεῖν
490 3691 742 3760 φάμενος
805 3692 943 3760 πρὸς
979 3691 1196 3759 ἐκείνην
1261 3687 1374 3742 οὔτ’
1435 3688 1648 3758 αὐτὴν,
1705 3688 1821 3741 οὔθ’

246 3783 418 3853 ἕτερον
449 3784 652 3836 οὐδένα
698 3784 824 3836 οἴων
856 3783 1043 3836 κακῶν
1085 3783 1284 3844 αἴτιος,
1329 3783 1424 3834 καὶ
1465 3780 1765 3851 συμφορῶν
1795 3782 1822 3833 ὁ

249 3880 568 3945 σογγενικὸς
608 3876 846 3944 κατέστη
907 3876 1144 3944 πόλεμος
1204 3875 1505 3948 Ῥωμαίοις
1535 3913 1550 3938 ,
1607 3874 1665 3924 οὑ
1708 3873 1822 3934 τοῖς

247 3969 573 4036 ἀρχομένοις
615 3967 812 4036 μόνον,
847 3966 984 4019 ἀλλά
1015 3968 1108 4018 καὶ
1155 3967 1266 4028 τοῖς
1315 3960 1588 4035 ἄρχουσιν
1615 3963 1818 4024 αὐτοῖς.

242 4055 305 4111 Οὗ
333 4061 754 4120 καταλυθέντος
819 4057 908 4114 διὰ
971 4057 1188 4128 χρόνου,
1237 4056 1331 4108 καὶ
1365 4055 1476 4108 τῶν
1534 4072 1592 4106 τε
1628 4053 1822 4106 κοινῶν

242 4153 322 4202 καὶ
353 4151 665 4205 ἰδιωτικῶν
696 4147 1041 4218 πραγμάτων
1085 4147 1306 4200 πάντων
1359 4145 1495 4215 πρὸς
1523 4144 1582 4195 τὸ
1609 4143 1823 4212 βέλτιον

238 4244 640 4305 μεταδιδόντων
703 4239 972 4308 βάσκανός
1021 4255 1106 4300 τις
1171 4237 1385 4306 δαίμων
1436 4237 1671 4304 ἠρεμεῖν
1722 4233 1823 4285 οὐκ

235 4335 408 4386 εἴασεν
438 4350 454 4364 ο
500 4334 631 4388 ἀλλ’
669 4331 824 4394 αὖθις
869 4331 1104 4400 φθόρους
1153 4328 1498 4398 ἀνθρώπους,
1537 4328 1631 4378 καὶ
1664 4343 1826 4378 συκο-

233 4430 430 4494 φάντας
465 4426 821 4494 ἀναστήσας,
867 4425 964 4477 καὶ
994 4424 1199 4494 τρόπον
1225 4423 1382 4475 οὐδὲν
1415 4406 1646 4489 ἀμεινον
1678 4435 1821 4487 φαυ-

1928 577 2247 643 exterritus,
2299 591 2354 636 et
2396 581 2675 636 triremem
2733 586 2804 638 ibi
2842 596 3088 655 paratam
3142 599 3359 650 nactus,
3398 589 3502 656 By-

1927 669 2170 723 zantium
2203 673 2389 735 solvit,
2446 684 2501 728 et
2533 674 2917 732 Cantacuzeno
2957 680 3276 750 imperatori
3315 683 3501 736 audita

1935 764 2232 831 nuntiavit,
2289 767 2561 835 juniorcm
2613 770 2899 825 manifeSIe
2954 772 3158 826 bellum
3195 775 3375 826 moliri
3415 790 3504 827 as-

1927 871 2211 912 severans.
2247 858 2498 914 Discessu
2540 861 2735 915 Asanis
2767 863 2893 916 belli
2938 865 3356 927 sollicitatores,
3392 867 3505 919 lar-

1926 965 2046 1019 gain
2095 952 2240 1004 nacti
2277 952 2579 1016 licentiam,
2626 954 2833 1026 juniori
2885 957 3207 1026 imperatori
3252 968 3514 1012 auctores!

1929 1040 2088 1104 ﬁunt,
2126 1042 2205 1095 uti
2239 1043 2568 1112 legationem
2598 1047 2664 1099 ad
2703 1047 2919 1101 Cralcm
2968 1049 3168 1104 mittat.
3203 1049 3377 1114 Quam
3413 1050 3504 1102 ille

1919 1125 2104 1187 libens
2133 1133 2378 1200 admisit,
2432 1135 2927 1208 imperatoremque
2965 1140 3228 1194 adversus
3250 1156 3500 1194 socerum

1926 1223 2119 1290 copiis,
2148 1227 2401 1293 pecunia,
2456 1229 2642 1282 nervis
2685 1230 2940 1283 omnibus
2974 1231 3313 1298 adjuturum,
3343 1240 3512 1298 atque

1927 1313 2218 1382 imperium
2274 1318 2656 1372 restituturum
2723 1321 3010 1389 magniﬁce
3055 1320 3368 1389 spOpondit,
3424 1321 3504 1372 fav

1927 1413 2127 1472 ctoque
2159 1405 2382 1474 findere,
2416 1409 2559 1477 quod
2587 1409 2664 1462 illi
2703 1409 2767 1462 ad
2793 1425 2914 1464 eam
2938 1427 3052 1465 rem
3074 1411 3345 1480 imprimis
3392 1410 3511 1462 frn-

1927 1508 2182 1550 Ctuosum
2235 1498 2349 1552 fore
2374 1499 2709 1565 conlidebat,
2743 1501 2890 1566 fecit,
2925 1519 2987 1557 ac
3017 1504 3283 1573 suggessit
3318 1502 3506 1556 omnia

1926 1603 2047 1654 qua:
2098 1589 2166 1640 ad
2213 1605 2366 1643 arma
2424 1590 2571 1644 inter
2623 1590 2989 1660 imperatores
3045 1593 3240 1646 alenda
3273 1593 3508 1646 valitura

1933 1680 2192 1735 credidit.
2242 1679 2338 1734 liis
2397 1683 2628 1745 nuntiis,
2666 1698 2803 1751 quos
2854 1684 2922 1737 ab
2969 1684 3161 1738 amicis
3195 1685 3507 1738 clanculum

1930 1771 2178 1838 quotidie
2228 1773 2551 1842 accipiebat,
2605 1774 2845 1841 graviter
2893 1785 3202 1828 commotus
3229 1774 3511 1829 Cantacu-

1929 1877 2122 1925 zenus,
2165 1865 2229 1915 ad
2261 1864 2723 1943 conspirationem
2762 1865 3133 1934 dissipandam
3159 1881 3224 1920 eo
3249 1866 3354 1920 sibi
3381 1883 3514 1935 proc

1928 1955 2284 2010 tieiscendum
2315 1955 2683 2010 existimabat.
2718 1957 2918 2011 Verum
2957 1960 3085 2026 quia
3130 1970 3258 2014 tunc
3304 1960 3508 2014 bellum

1927 2047 2178 2102 Latinum
2221 2050 2504 2118 ﬂagrabat,
2555 2065 2655 2103 nec
2710 2062 2906 2105 abesse
2956 2053 3175 2114 licebat.
3216 2068 3316 2106 nec
3363 2053 3510 2106 alias-

1928 2142 2282 2196 conscrihere
2317 2142 2524 2210 copias,
2555 2158 2680 2195 cum
2725 2155 2780 2196 et
2812 2143 3140 2212 conscripta:
3189 2143 3256 2196 ad
3302 2143 3504 2196 bellum

1920 2234 2030 2300 jam
2102 2233 2311 2287 dictum
2377 2235 2692 2288 necessario
2766 2235 3160 2289 retinerentur.
3235 2235 3504 2300 Quoniam

1926 2323 2093 2391 igitur
2135 2324 2378 2388 videbat,
2412 2341 2469 2378 se
2506 2326 2855 2392 navigazione
2886 2325 2937 2378 in
2994 2325 3366 2380 Macedoniam
3417 2342 3510 2380 ex-
3567 2375 3579 2386 ,

1923 2415 2090 2479 cludi,
2120 2415 2332 2469 Annam
2361 2416 2764 2484 imperatrieem
2798 2417 2861 2469 ad
2903 2415 3070 2470 filium
3100 2417 3320 2486 legavit,
3350 2419 3508 2487 cujus

1923 2512 2106 2561 oratio
2137 2508 2290 2560 illum
2335 2507 2404 2560 ab
2442 2507 2718 2561 indecenti
2769 2508 3011 2562 facinore
3047 2509 3408 2571 abstractum,
3443 2511 3501 2564 in

1923 2599 2273 2652 concordiam
2318 2614 2502 2653 secum
2554 2599 2879 2665 reduceret;
2925 2616 3088 2668 quam
3134 2601 3206 2654 ita
3243 2609 3327 2654 est
3376 2601 3513 2654 allo-

1921 2702 2084 2746 cutus
2121 2689 2270 2746 :Nec
2305 2701 2383 2756 tu,
2407 2706 2509 2744 nec
2540 2691 2683 2746 alius
2724 2693 3016 2760 quisquam
3045 2693 3280 2761 ignorat.
3307 2693 3508 2762 quales

1921 2797 2270 2855 quantasque
2295 2785 2636 2840 calamitates
2656 2785 2860 2838 bellum
2899 2785 3062 2838 civile
3100 2786 3362 2839 Romanis
3399 2802 3519 2840 non.

1922 2877 2192 2943 subjectis
2216 2880 2405 2942 modo,
2449 2893 2640 2932 verum
2682 2880 2846 2931 etiam
2884 2868 3228 2947 principibus
3259 2878 3392 2945 ipsis
3423 2888 3510 2931 at-

1921 2969 2141 3022 tulerit.
2171 2969 2290 3034 Quo
2344 2969 2561 3022 tandem
2618 2970 2912 3038 aliquando
2957 2970 3132 3032 ﬁnito,
3189 2979 3244 3023 et
3281 2970 3518 3035 publicis

1923 3059 2259 3126 privatisque
2310 3060 2476 3114 rebus
2522 3061 2780 3113 omnibus
2810 3062 2923 3129 jam
2978 3062 3174 3114 melius
3210 3061 3518 3122 euntibus,

1921 3152 2226 3219 cujuspiam
2288 3150 2552 3204 dzemonis
2616 3151 2862 3216 invidia,
2915 3153 3089 3205 otium
3157 3161 3212 3204 et
3263 3152 3518 3220 quietem

1925 3241 2067 3294 hanc
2104 3241 2466 3308 perturbavit,
2501 3256 2833 3309 rursumque
2867 3242 3118 3295 homines
3159 3241 3427 3309 impuros,
3453 3254 3509 3295 et

1923 3333 2310 3402 sycophantas,
2329 3343 2383 3386 et
2413 3330 2652 3401 nequitia
2677 3334 2812 3385 nihil
2841 3334 3120 3401 prioribus
3142 3332 3522 3387 concedentes

1922 3425 2424 3486 cxcitans,'bellum
2456 3425 2655 3478 sazvius
2681 3440 3030 3478 commovere
3067 3425 3359 3478 annititur.
3403 3422 3506 3476 lm-

1924 3523 2236 3581 peratorcm
2269 3517 2416 3569 enim
2451 3517 2623 3568 tilium
2661 3526 2814 3568 tuum
2848 3516 3154 3568 mendaciis
3187 3525 3519 3580 onerantes,

1924 3614 2086 3672 atque
2122 3605 2453 3669 utjuvenem
2481 3604 2660 3664 dolos.
2687 3614 2741 3657 et
2783 3604 3036 3668 astutias,
3059 3612 3115 3657 et
3150 3603 3204 3655 in
3233 3602 3508 3656 utrumvis

1925 3696 2296 3748 lnnnanorum
2320 3691 2484 3763 820
2522 3694 2872 3762 ingeniorum
2909 3692 3336 3747 mutabilitatem
3382 3707 3485 3746 nec

1927 3789 2056 3842 dum
2099 3797 2486 3856 agnoscentem
2520 3787 2884 3856 decipientes,
2911 3802 2977 3842 eo
3010 3786 3232 3856 penitus
3257 3787 3487 3855 perpule

1926 3889 2077 3942 runt,
2113 3890 2176 3933 ut
2208 3880 2312 3933 sibi
2352 3888 2612 3948 tanquam
2652 3880 2867 3944 amicis,
2920 3888 2976 3933 et
3001 3879 3120 3946 ejus
3165 3893 3328 3932 causa
3359 3877 3483 3932 solli

1926 3968 2072 4031 citis,
2107 3976 2332 4036 totoque
2383 3974 2607 4035 pectore
2653 3967 2718 4019 ad
2776 3977 3067 4035 paternum
3126 3969 3420 4035 imperium
3459 3965 3510 4019 ei

1927 4058 2371 4128 recuperandum
2394 4057 2846 4111 incumbentibus
2873 4057 3234 4125 obsequatur,
3264 4070 3391 4109 cum
3414 4071 3511 4122 pro

1925 4159 2077 4204 certo
2109 4161 2164 4203 et
2209 4150 2312 4219 ipsi
2346 4163 2400 4203 et
2431 4150 2698 4204 Romanis
2734 4149 3013 4204 universis
3046 4149 3234 4203 hostes
3281 4149 3395 4202 sint
3423 4148 3512 4201 in-

1928 4241 2234 4304 festissimi,
2286 4256 2373 4295 me
2431 4250 2616 4295 autem
2679 4241 3058 4294 insidiatorem
3094 4249 3258 4308 atque
3299 4239 3511 4294 hostem

1926 4334 2113 4395 ducat,
2153 4334 2248 4402 qui
2299 4348 2365 4386 ex
2412 4334 2598 4386 animo
2654 4337 2834 4402 ipsum
2886 4333 3054 4403 diligo
3098 4345 3154 4386 et
3206 4333 3344 4386 nihil
3400 4349 3511 4386 non

1929 4433 2103 4486 tento.
2133 4440 2242 4493 quo
2279 4441 2385 4477 non
2425 4432 2636 4477 tantum
2674 4433 2965 4493 paternum
2996 4423 3392 4493 principatum.
3415 4424 3512 4478 sed

229 4518 402 4591 Ετητι
449 4518 853 4587 διακειμένους
911 4516 1025 4568 τῶν·
1064 4515 1369 4585 προτέρων,
1429 4511 1816 4591 χαλεπώτερον

1924 4529 1979 4574 et
2032 4521 2295 4589 majorem
2350 4535 2412 4573 ac
2462 4519 2746 4572 meliorem
2801 4518 3021 4580 habeat,
3085 4526 3351 4587 quantum
3395 4517 3511 4571 ﬁeri

232 4615 459 4682 πόλεμον
523 4613 811 4665 ἀνακινεῖν
873 4610 1161 4679 ἐπιχειρεῖ.
1245 4605 1480 4659 Βασιλέα
1562 4605 1675 4675 γὰρ
1725 4605 1818 4657 τὸν

231 4705 334 4757 υἱὸν
375 4707 567 4759 πολλὰ
594 4704 1105 4772 καταψευσάμενοι,
1139 4699 1234 4754 καὶ
1266 4699 1688 4770 παραγαγόντες
1729 4692 1819 4748 οἷα

228 4799 358 4864 νέον,
394 4803 499 4852 καὶ
533 4797 652 4849 τῶν
680 4794 1052 4866 πανουργιῶν,
1084 4795 1178 4848 καὶ
1206 4793 1318 4846 τῶν
1353 4793 1544 4856 δόλων,
1579 4791 1670 4844 καὶ
1712 4788 1822 4842 τῶν

231 4893 306 4960 ἐφ’
353 4893 621 4961 ἑκάτερα
683 4887 1004 4958 μεταϐολῶν
1063 4887 1171 4940 τῶν
1221 4885 1527 4955 ἀνθρώπων
1587 4883 1820 4951 ἄπειρον

227 4986 619 5046 παντάπασιν,
663 4981 891 5034 ἔπεισαν
923 4981 1210 5051 προσέχειν
1263 4978 1466 5046 σφίσιν,
1497 4978 1571 5040 ὡς
1604 4975 1818 5045 φιλοῦσι

227 5080 307 5130 καὶ
335 5077 706 5148 κηδομένοις,
738 5075 834 5127 καὶ
879 5074 1057 5126 πάντα
1084 5071 1420 5141 πράττουσιν
1457 5069 1596 5140 ὑπὲρ
1630 5069 1818 5131 αὑτοῦ,

225 5171 361 5233 ὅπως
383 5170 498 5238 τὴν
531 5166 799 5237 πατρῴαν
827 5165 1218 5218 ἀνασώσωνται
1245 5163 1419 5233 ἀρχὴν
1449 5161 1820 5228 δυσμενέστα-

225 5279 297 5313 τοι
345 5264 421 5326 ὡς
493 5258 728 5325 ἀληθῶς
784 5260 978 5328 ἐκείνῳ
1035 5275 1094 5309 τε
1148 5257 1247 5308 καὶ
1311 5257 1446 5307 πᾶσι
1518 5252 1820 5322 Ῥωμαίοις

223 5358 387 5420 ὅντες,
417 5358 530 5423 ἐμὲ
569 5353 632 5406 δὲ
681 5351 970 5406 ἐπίϐουλον
1003 5351 1278 5419 ἡγεῖσθαι,
1310 5348 1404 5400 καί
1439 5347 1698 5416 πολέμιον
1731 5345 1822 5395 τὸν

226 5450 291 5512 ὡς
323 5448 566 5516 ἀληθῶς
607 5445 884 5512 φιλοῦντα,
922 5435 1231 5498 καὶπάντὰ
1269 5442 1820 5511 πραγματευόμενον,

224 5543 314 5610 οἰχ
341 5542 494 5594 ὥστε
537 5537 709 5608 μόνον
740 5537 838 5606 τὴν
861 5536 1122 5607 πατρῴαν
1148 5533 1445 5604 ἠγεμονίαν
1475 5531 1642 5602 ἔχειν,
1671 5531 1812 5584 ἀλλά

225 5635 309 5682 καὶ
344 5632 564 5700 μείζω,
611 5627 699 5680 καὶ
727 5627 950 5696 βελτίω,
997 5626 1064 5680 ἂν
1113 5626 1232 5696 ἐξῇ.
1289 5625 1401 5678 Καὶ
1447 5624 1686 5692 πολέμου
1719 5623 1822 5694 ἤδη

223 5719 344 5791 ἦρξε
376 5721 708 5792 συμϐάσεις
734 5721 968 5788 θέμενος
993 5717 1133 5786 πρὸς
1160 5715 1386 5786 Κράλην
1417 5715 1509 5768 ἐπὶ
1542 5714 1619 5781 τῷ
1656 5732 1822 5784 στρα-

225 5817 342 5870 τιὰν
381 5814 628 5870 ἐκεῖθεν
681 5813 860 5868 λαϐὼν
905 5810 1249 5882 Τριϐαλιγὴν
1301 5810 1424 5882 ἐμοὶ
1470 5808 1742 5877 ἐπάγειν*
1787 5809 1820 5862 ἃ

1922 4612 2118 4680 possit.
2153 4610 2328 4665 Etiam
2359 4609 2564 4663 bellum
2600 4609 2756 4672 texit,
2791 4609 2998 4664 ﬁndere
3025 4608 3325 4664 cumCrale
3353 4608 3512 4672 inito,

1925 4711 1986 4756 nt
2033 4701 2100 4756 ab
2160 4716 2227 4755 eo
2257 4701 2507 4756 Triballo
2547 4701 2721 4754 milite
2775 4709 3024 4771 accepto,
3073 4701 3127 4754 in
3172 4717 3258 4754 me
3294 4699 3458 4753 ducat
3495 4716 3510 4752 :

1922 4809 2086 4864 quam
2125 4809 2227 4863 ego
2285 4811 2401 4848 rem
2451 4809 2551 4850 nec
2597 4793 2697 4858 illi,
2744 4807 2848 4846 nec
2898 4792 3158 4853 subditis,
3202 4805 3305 4844 nec
3351 4790 3511 4843 nobis
3587 4822 3600 4828 -

1922 4891 2268 4959 profuturam
2307 4907 2569 4960 auguror.
2602 4889 2732 4955 Qum
2770 4890 2954 4956 itaque
2992 4886 3316 4955 impendent
3348 4885 3515 4953 mala,

1923 4983 2064 5036 adeo
2098 4983 2412 5051 perniciosa
2445 4991 2595 5046 sunt,
2631 4992 2685 5033 et
2715 4996 2777 5033 ea
2809 4979 2975 5031 alium
3004 4986 3203 5046 pra-ter
3231 4991 3330 5029 nos
3360 4975 3511 5029 facil-

1923 5075 2052 5128 lime
2078 5090 2234 5142 posse
2261 5074 2538 5142 depellere
2573 5087 2681 5125 non
2708 5071 2964 5124 arbitror.
2985 5069 3217 5134 Quodsi,
3247 5077 3510 5137 praeterea

1926 5166 2129 5219 bellum
2161 5165 2267 5216 hoc
2299 5139 2554 5216 Latinum
2608 5178 2693 5215 me
2739 5177 2846 5215 non
2883 5169 3124 5230 urgeret.
3159 5176 3282 5214 cum
3339 5161 3510 5214 armis

1925 5255 2393 5324 supervenissem,
2443 5254 2992 5320 conjurationemque
3037 5252 3197 5306 istam
3231 5269 3340 5308 non
3376 5268 3510 5307 cou-

1925 5355 2127 5416 Spectu
2177 5356 2412 5409 tantum,
2459 5346 2553 5399 sed
2612 5345 2727 5398 sola
2773 5345 3058 5399 auditione
3101 5346 3370 5400 adventus
3401 5345 3507 5399 mei

1925 5440 2077 5492 nullo
2112 5439 2301 5493 labore
2349 5436 2773 5491 disturbassem.
2832 5434 2940 5490 Nec
2983 5435 3130 5490 enim
3180 5436 3511 5506 potuissent,

1924 5532 2078 5601 quin,
2119 5541 2178 5584 ut
2209 5530 2386 5595 aiunt,
2419 5529 2530 5583 orci
2570 5528 2778 5597 galeam
2820 5528 3016 5589 induti,
3068 5528 3189 5581 vita:
3229 5526 3516 5581 servandae

1884 5611 1888 5614 ν
1924 5623 2065 5679 elabi
2100 5632 2457 5678 conarentur.
2508 5620 2646 5686 Quia
2685 5636 2814 5674 vero
2844 5619 3070 5673 instanti
3104 5634 3296 5689 pugna:
3337 5619 3518 5671 inter--

1923 5729 2046 5769 esse
2089 5729 2175 5768 me
2207 5726 2534 5782 prmsentem
2567 5721 2805 5782 Oportet,
2845 5727 2942 5779 par
2995 5719 3102 5772 est,
3135 5720 3185 5764 te
3220 5711 3513 5764 Thessalo-

1927 5808 2106 5863 nicam
2166 5807 2532 5877 navigantem,
2583 5806 2773 5862 sedare
2832 5805 2972 5861 hanc
3021 5803 3376 5866 discordiam,
3448 5806 3509 5851 et
