3964 6210
373 328 481 393 215)

1534 334 1781 395 JOANN
1801 336 1867 395 lS
1905 335 2435 398 CANTACUZENI

3533 333 3645 401 2Ξο

370 446 522 516 quod
549 455 676 502 ante
706 446 850 503 fores
873 455 976 511 est,
1014 447 1214 501 bellum
1261 448 1562 519 reprimere
1597 449 1730 504 :ubi
1779 450 1950 504 lilium

2074 448 2167 502 ὥτ’
2202 451 2397 519 ἐκείνῳ
2437 451 2622 518 οἴομαι
2686 449 3104 518 λυσιτελήσειν,
3159 447 3289 502 οὔτε
3330 451 3442 512 τοϊς
3495 451 3641 519 {tmt-

325 567 328 572 ·
373 539 652 606 docueris,
683 555 846 610 quam
876 539 1082 594 fatumn
1111 539 1202 606 sit,
1231 556 1357 596 eum
1400 542 1771 612 principatum
1802 543 1948 596 ultro

373 641 612 696 vastare,
649 633 804 702 cujus
844 632 1247 701 possessionem
1276 632 1415 688 citra
1441 634 1610 688 ullum
1645 644 1952 695 certamen,

377 727 621 793 citraque
665 723 972 777 molestiam
1032 723 1190 778 brevi
1250 724 1504 780 aditurus
1561 725 1632 780 sit
1687 724 1835 796 (nam
1897 725 1952 779 ni

381 817 583 869 bellum
635 823 828 868 contra
872 814 1151 869 Triballos
1205 826 1448 885 ereptum
1481 827 1646 883 esset,
1695 825 1750 872 et
1806 831 1956 870 nunc

374 909 627 961 Latinum
663 909 807 963 istuc
841 911 1075 964 invitum
1125 926 1212 965 me
1253 922 1601 982 occupasset,
1634 912 1848 982 pridem
1903 912 1955 968 ei

371 1002 589 1053 clavum
647 999 864 1069 imperii
914 992 1287 1068 tradidissem,
1353 1019 1420 1058 ac
1472 1004 1616 1058 inter
1653 1005 1956 1058 monachos

374 1090 655 1158 professus
684 1105 860 1144 essem
893 1090 984 1146 :id
1024 1091 1172 1162 quod
1203 1093 1346 1148 haud
1379 1094 1451 1149 ita
1486 1095 1648 1165 longo
1670 1104 1794 1163 post
1822 1103 1958 1150 tem-

375 1197 508 1249 pore
544 1182 722 1236 facere
749 1181 948 1236 iterum
978 1193 1204 1252 paratus
1239 1186 1410 1255 sum),
1435 1185 1735 1241 seditiosos
1768 1197 1953 1242 autem

375 1273 523 1333 illos,
554 1273 946 1342 communique
973 1275 1351 1329 Romanorum
1387 1286 1598 1346 pestem
1641 1277 1954 1344 molientes,

375 1383 404 1416 a
458 1363 725 1418 meditato
763 1366 996 1429 s‘celere,
1040 1375 1096 1421 et
1147 1367 1549 1437 increpatione,
1598 1377 1654 1424 et
1717 1369 1959 1424 horribi-

377 1457 522 1510 lihus
559 1457 746 1520 minis,
782 1466 838 1512 et
870 1458 1019 1512 omni
1072 1459 1292 1515 demum
1336 1461 1551 1515 ratione
1578 1476 1812 1517 avocare
1841 1472 1955 1518 stu-

379 1548 586 1601 dueris.
622 1547 747 1603 llaec
786 1549 853 1601 ad
908 1549 1122 1603 Annam
1178 1555 1480 1621 Augustam
1535 1553 1956 1610 Cantacuzenus

380 1639 704 1706 imperator,
736 1639 936 1708 quibus
959 1656 1079 1694 eam
1115 1651 1382 1704 moveret,
1411 1650 1469 1696 ut
1506 1641 1954 1698 Thessalonicam

381 1729 666 1799 navigans,
727 1732 1018 1786 excitatam
1083 1731 1414 1787 seditionem
1478 1733 1532 1788 in
1577 1734 1954 1804 tranquillum

2055 539 2223 605 κόοις,
2266 538 2382 592 οῦθ’
2415 541 2569 608 ἡμῖν.
2633 541 2712 592 Τὰ
2749 539 2849 608 μὲν
2892 535 2987 592 οὖν
3035 537 3463 608 προσδοκώμενα
3493 539 3642 592 δεινὰ

2053 631 2200 684 οὕτω
2230 632 2467 701 χαλεπόν
2504 631 2690 699 οἴομαι
2735 631 2792 683 δὲ
2833 631 3025 684 οὐδένα
3051 631 3242 700 ἕτερον
3275 630 3453 684 ταῦτα
3480 630 3646 701 δυνή-

2056 723 2248 777 σεσθαι
2305 718 2482 795 ῥᾷστα
2530 721 2901 792 διαλύσειν,’ἢ
2962 724 3131 792 ἡμᾶς.
3187 724 3250 775 El
3303 723 3401 792 μὲν
3440 722 3534 776 οῦν
3568 723 3643 793 μὴ

2053 817 2082 869 6
2117 816 2310 886 παρὼν
2341 817 2524 871 οὑτοσὶ
2545 816 2838 879 Λατινικὸς
2867 815 3102 886 πόλεμος
3126 815 3356 868 ἄκουσιν
3386 814 3644 867 ἐπέκειτο

2055 912 2212 982 ἡμῖν,
2233 909 2411 981 ῥᾷστα
2442 908 2510 963 ἂν
2553 907 2719 972 αὐτὸς
2749 906 2979 961 διέλυσά
3028 905 3128 968 τὰς
3158 905 3448 968 συστάσεις
3476 905 3645 957 ἐπελ-

2057 1001 2187 1066 θὼν,
2224 1003 2323 1071 οὐχ
2355 1003 2441 1054 ὅτι
2486 1017 2566 1068 ,γε
2613 1000 2804 1079 ὀφθεὶς
2853 1001 2970 1062 τοῖς
3023 996 3469 1052 ἐπιεουλεύουσιν
3501 995 3651 1050 ὲκεί-

2057 1113 2190 1161 νοςς,
2228 1095 2440 1150 καὶτὸν
2474 1092 2714 1163 πόλεμον
2747 1092 3011 1154 κινοῦσιν,
3045 1091 3183 1144 ἀλλὰ
3224 1091 3318 1141 καὶ
3352 1088 3644 1150 άκουσθεῖς

2060 1188 2224 1255 μόνον
2254 1187 2337 1239 ὅτι
2377 1186 2468 1238 ἐπ’
2498 1185 2698 1246 αὐτοὺς
2733 1182 2976 1254 βαδίζειν
3000 1181 3294 1252 ὥρμημαι.
3325 1180 3400 1232 ()ύ
3432 1181 3545 1250 γὰρ
3577 1180 3645 1233 ἂν

2058 1277 2358 1348 ὑπέμειναν
2396 1275 2472 1346 μὴ
2495 1275 2618 1346 οὐχὶ
2647 1277 2840 1344 κυνῆν,
2877 1274 2905 1327 ὅ
2938 1265 3128 1341 φασιν,
3169 1271 3297 1342 ᾅδου
3323 1270 3645 1338 ὑποδύντες,

2057 1368 2463 1439 διαδιδράσκειν
2513 1368 2607 1421 τὸν
2668 1367 2919 1420 κίνδυνον
2987 1364 3314 1435 πειρᾶσθαι.
3370 1361 3530 1416 Ἐπεὶ
3597 1363 3643 1416 δ’

2059 1463 2312 1531 ἀνάγκην
2371 1460 2483 1531 ἔχω
2523 1458 2663 1530 πρὸς
2696 1457 2800 1528 τὴν
2855 1454 3420 1526 παρασκευαζομένην
3481 1452 3647 1516 αὐτὸς

2061 1558 2322 1625 παρεῖναι
2361 1555 2567 1624 μάχην,
2604 1551 2727 1605 δέον
2758 1551 2928 1620 αὐτὴν
2960 1550 3040 1611 είς
3073 1546 3484 1616 Θεσσαλονίκην
3510 1545 3648 1598 ἁπο-

2063 1649 2379 1703 πλεύσασαν
2406 1644 2649 1700 διαλύειν
2688 1645 2787 1708 τὰς
2818 1643 3110 1718 διαφορὰς,
3158 1641 3255 1694 καὶ
3297 1639 3389 1692 τὸν
3417 1638 3652 1708 προσδο-

2061 1737 2309 1808 κώμενον
2355 1735 2596 1804 πόλεμον
2651 1731 2874 1794 παύειν,
2899 1731 3192 1794 διδάξασαν
3239 1729 3346 1799 μὲν
3389 1727 3482 1780 τὸν
3509 1728 3648 1788 υἱὸν,

381 1822 678 1890 redigeret.
741 1823 914 1889 Quem
971 1825 1059 1878 illa
1111 1825 1352 1894 primum
1391 1826 1590 1880 leniter
1642 1827 1956 1898 objurgare,

2074 1798 2173 1895 5σῷ
2210 1824 2450 1897 χαλεπὸν
2493 1798 2592 1894 τὴν
2623 1820 2922 1893 ἡγεμονίαν
2968 1821 3133 1876 αὑτὸν
3173 1798 3370 1874 ἑκόντα
3407 1814 3654 1884 διαφθεί-

379 1915 525 1983 quod
569 1915 775 1982 optime
824 1917 1071 1971 monenti
1111 1933 1174 1972 ac
1204 1919 1439 1989 roganti,
1471 1934 1538 1973 ne
1569 1919 1740 1974 lilium
1781 1921 1964 1976 adhuc

381 2006 789 2062 adolescentem
829 2009 1234 2064 Thessalonica:
1265 2011 1626 2081 relinqueret,
1672 2013 1766 2082 qui
1821 2013 1964 2068 dolis

381 2097 527 2164 capi,
560 2109 616 2151 et
637 2100 995 2154 transversim
1033 2101 1116 2170 agi
1171 2100 1330 2156 facile
1377 2112 1585 2172 posset,
1619 2103 1786 2174 idque
1817 2103 1964 2158 inter

388 2185 826 2256 improbissimas
856 2190 980 2244 illos
1013 2191 1226 2258 vivens,
1277 2192 1371 2260 qui
1404 2193 1489 2247 vel
1515 2193 1958 2261 callidissimum,

389 2288 446 2330 ct
486 2295 677 2333 eorum
713 2283 984 2342 versutias
1035 2299 1100 2337 ac
1143 2286 1371 2340 technas
1412 2286 1575 2358 longa
1619 2288 1964 2358 experientia

388 2370 635 2436 doctum,
665 2372 951 2429 fraudibus
984 2384 1039 2432 et
1084 2375 1478 2434 blandimentis
1497 2379 1614 2435 suis
1659 2381 1963 2445 irretirent,

388 2475 496 2514 non
542 2464 842 2531 paruisset.
898 2466 1169 2531 Quoniam
1219 2478 1404 2522 autem
1460 2471 1575 2524 haec
1633 2481 1740 2525 tam
1778 2472 1965 2541 inique

387 2562 703 2621 comparata
733 2556 864 2621 sint,
886 2567 938 2610 et
960 2574 1082 2627 qua:
1107 2575 1215 2611 non
1239 2562 1642 2629 conducerent,
1669 2565 1967 2632 praavalue-

386 2644 518 2710 rint,
556 2647 717 2715 821
750 2647 991 2702 libenter
1018 2649 1082 2703 ad
1115 2650 1288 2704 filium
1322 2652 1722 2721 profecturam,
1770 2664 1826 2710 ct
1848 2671 1968 2710 om-

387 2735 476 2788 nia
511 2737 610 2791 ista
635 2737 846 2804 odiosa,
877 2755 1002 2794 cum
1035 2741 1091 2794 in
1118 2752 1477 2812 conspectum
1508 2746 1742 2812 venerit,
1774 2763 1804 2802 e
1854 2764 1968 2801 me-

387 2826 480 2879 dio
510 2827 874 2882 sublaturam.
909 2831 970 2885 Ei
993 2831 1294 2900 imperator
1326 2835 1609 2890 triremem
1637 2836 1965 2892 instructam

387 2918 661 2974 attribuit.
689 2919 822 2984 Quae
846 2920 1292 2977 Thessalonicam
1330 2923 1574 2994 ingressa
1609 2926 1812 2981 bellum
1852 2930 1964 2999 jam

387 3009 552 3077 plane
603 3010 823 3066 fervens
878 3013 1090 3069 invenit
1149 3032 1162 3069 :
1229 3017 1415 3071 omnia
1470 3018 1743 3088 siquidem
1804 3029 1965 3091 pacta

371 3099 846 3171 conditionesque
877 3119 1002 3156 cum
1024 3102 1182 3160 Crale
1216 3115 1521 3172 transactze,
1559 3110 1763 3178 quibus
1796 3113 1970 3182 itnpe-
1996 3141 2038 3198 ο

390 3199 628 3245 ratorem
691 3193 968 3263 juniorem
1018 3195 1328 3266 adjuvaret,
1390 3199 1619 3268 ipseque
1664 3201 1856 3259 Crales
1913 3215 1970 3260 et

393 3299 517 3338 uon
555 3301 725 3354 prope
769 3287 1220 3344 Thessalonicam
1285 3292 1599 3359 tendentes,
1647 3295 1968 3351 intestinum

393 3376 771 3431 Romanorum
803 3381 1030 3445 hcllum,
1059 3381 1205 3436 unde
1255 3386 1579 3452 compendia
1628 3401 1724 3441 sua
1779 3403 1974 3456 spera-

392 3467 547 3531 bant,
582 3483 684 3522 nec
708 3471 902 3540 exigua
933 3472 1221 3542 urgebant.
1271 3473 1716 3531 Cantacuzenum
1771 3480 1975 3548 quippe

393 3559 686 3623 timebant,
705 3571 754 3614 et
782 3562 985 3616 ardens
1018 3563 1260 3618 studium
1283 3566 1699 3636 crgajuniorem
1735 3568 1976 3638 impera-

396 3664 569 3708 torem
607 3670 718 3724 przc
750 3669 808 3711 se
866 3654 1141 3721 ferebant,
1179 3659 1466 3728 cupientes
1497 3659 1573 3714 illi
1603 3677 1672 3716 ex
1717 3660 1822 3716 hoc
1852 3679 1978 3732 per-

393 3761 617 3800 suasum
664 3762 721 3802 se
751 3763 878 3802 cum
930 3763 1138 3815 amare,
1165 3760 1220 3804 et
1249 3752 1368 3820 ejus
1393 3751 1608 3821 injuria:
1629 3753 1979 3811 vindicandas

394 3851 525 3888 cura
558 3834 720 3899 allici,
755 3851 878 3890 cum
917 3847 1101 3891 tamen
1132 3839 1474 3894 contrarium
1500 3841 1746 3905 omnino,
1770 3852 1825 3896 et
1851 3843 1978 3913 qui-

395 3927 519 3980 dem
552 3942 660 3980 non
691 3927 935 3996 segniter
974 3929 1240 3984 facerent.
1275 3930 1492 3985 Etenim
1525 3947 1626 4002 pro
1666 3930 1878 4004 magnis
1923 3944 1981 3990 et

401 4019 610 4082 rnultis,
646 4033 769 4086 quae
825 4019 1191 4085 abstulerant,
1219 4022 1348 4075 vilia
1392 4022 1640 4093 quaedam
1665 4025 1981 4096 nulliusque

397 4108 560 4176 pretii
613 4107 1004 4162 restituebant.
1065 4107 1194 4164 lla-e
1239 4108 1407 4180 igitur
1453 4111 1638 4166 omnia
1666 4114 1819 4182 quasi
1855 4129 1982 4168 ara-
2020 4105 2024 4109 ’

402 4198 691 4252 neolorum
736 4214 902 4269 opera
956 4199 1071 4273 (‘26)
1119 4199 1361 4256 adventu
1423 4203 1826 4274 praesentiaque
1883 4219 1981 4260 sua

403 4297 727 4366 imperatrix
755 4297 993 4368 disjecit.
1032 4296 1163 4352 Nam
1201 4297 1394 4362 lilium,
1423 4297 1764 4368 qmedecuit,
1797 4299 1986 4354 admo-

405 4389 544 4451 nuit,
574 4404 815 4458 comque
857 4388 1032 4456 ﬂexit,
1067 4384 1214 4458 quod
1266 4400 1522 4444 aarentcs
1572 4388 1849 4444 honorare
1877 4389 1985 4445 sci-

2067 1939 2207 1992 ρειν,
2266 1915 2332 1990 ἦς
2381 1917 2520 1988 μετὰ
2579 1915 2778 1986 μικρὸν
2843 1912 3002 1968 ἔσται
3059 1913 3252 1982 κύριος
3313 1910 3478 1970 αὐτὸς
3518 1908 3649 1961 ἄνευ
3715 1923 3718 1926 ·

2067 2014 2328 2083 πολέμων
2352 2013 2449 2066 καὶ
2485 2008 2857 2081 πραγμάτων.
2891 2006 3062 2069 Αὐτὸς
3091 2005 3202 2075 γὰρ
3239 2003 3289 2056 εἰ
3331 2003 3406 2094 pi;
3443 2001 3472 2053 6
3512 1999 3650 2094 προς

2066 2105 2378 2176 Τριδαλοῦς
2418 2103 2658 2174 πόλεμος
2695 2099 2973 2169 κεκίνητο,
3007 2100 3104 2151 καὶ
3141 2097 3236 2150 νῦν
3286 2097 3314 2149 6
3355 2092 3653 2156 Ᾱατινικδς

2065 2200 2254 2254 οὑτοσὶ
2281 2195 2554 2258 ἀκουσίως
2585 2191 2859 2257 ἐπελθὼν,
2892 2190 3064 2244 πάλαι
3107 2189 3173 2242 ἂν
3203 2188 3400 2258 ἐκείνῳ
3437 2183 3652 2253 ἐνεχείο

2071 2309 2200 2363 ρισα
2233 2291 2303 2344 τὰ
2337 2288 2647 2360 πράγματα
2697 2284 2948 2354 μοναχῶν
2992 2282 3180 2352 σχῆμα
3217 2279 3424 2342 ὑποδὺς
3465 2275 3651 2338 αύτὸς·

2066 2378 2257 2446 ὥσπερ
2309 2377 2404 2430 καὶ
2458 2374 2653 2444 μικρὸν
2706 2373 2864 2435 αὖθις
2914 2371 3141 2440 ὕστερον
3170 2367 3652 2440 παρεσκεύασμαι

2070 2471 2265 2524 ποιεῖν’
2290 2469 2420 2530 τοῦς
2452 2467 2511 2520 δὲ
2547 2464 2886 2526 στασιαστὰς
2909 2464 3180 2526 ἐκείνους,
3211 2461 3309 2514 καὶ
3340 2459 3441 2530 τὴν
3463 2456 3654 2526 κοινὴν

2081 2561 2373 2632 Ῥωμαίων
2429 2559 2724 2629 δυστυχίαν
2780 2559 3122 2629 πράττοντας
3168 2553 3653 2624 ἐπιπλήττουσαν,

2069 2653 2162 2706 καὶ
2213 2651 2548 2708 ἀπειλοῦσαν
2593 2649 2663 2702 τὰ
2709 2648 3018 2711 δεινότατα,
3079 2648 3174 2700 καὶ
3223 2647 3404 2700 πάντα
3447 2642 3653 2708 τρόπον

2071 2745 2425 2815 πειρωμένην
2453 2741 2710 2813 άφιστᾷνι
2748 2741 2846 2808 τῆς
2895 2739 3224 2810 μοχθηρίας.
3263 2736 3502 2790 Τοιαῦτα
3553 2732 3653 2802 μὲν

2070 2835 2526 2906 Καντακουζηνὸς
2559 2838 2588 2889 6
2626 2836 2890 2906 βασιλεὺς
2913 2836 3069 2904 πρὸς
3104 2833 3308 2885 ’Λνναν
3335 2829 3432 2899 τὴν
3491 2827 3651 2896 βασι-

2068 2929 2188 2982 λίδα
2234 2926 2546 2996 διειλέχθη,
2590 2927 2794 2980 πείθων
2853 2925 2991 2996 πρὸς
3056 2921 3462 2990 Θεσσαλονίκην
3514 2919 3658 2972 ἀπο-

2069 3021 2256 3073 πλέειν
2283 3020 2376 3072 ἐπὶ
2411 3018 2487 3088 τῷ
2525 3018 2626 3088 τὴν
2655 3018 2989 3087 κινουμένην
3024 3017 3126 3085 ἤδη
3161 3016 3353 3069 στάσιν
3390 3013 3656 3066 διαλύεινο

2069 3115 2103 3184 ἡ
2157 3113 2237 3177 δὲ,
2292 3111 2498 3181 πρῶτα.
2534 3112 2636 3180 μέν
2676 3111 2865 3181 ἡρέμα
2900 3108 3218 3178 καθήπτετο
3255 3103 3546 3175 βασιλέως,
3580 3102 3660 3165 ὡς

2071 3206 2130 3257 οῦ
2162 3204 2490 3274 πειθομένου
2547 3203 2616 3256 τὰ
2657 3201 2913 3272 βέλτιστα
2973 3197 3378 3268 παραινούσης,
3417 3196 3511 3248 καὶ
3538 3195 3662 3247 δεο-

2077 3299 2247 3369 μένης
2311 3297 2386 3367 μὴ
2427 3295 2781 3351 καταλείπειν
2823 3295 2880 3346 ἐν
2926 3289 3303 3360 Θεσσαλονίκῃ
3353 3286 3516 3356 μόνον
3567 3283 3661 3336 τὸν

2075 3391 2196 3444 υἱὸν
2230 3388 2313 3441 ἐτι
2349 3389 2469 3440 νέον
2512 3387 2664 3447 ὄντα.
2705 3386 2800 3438 καὶ
2853 3383 3052 3454 ῥᾳδίως
3105 3380 3405 3448 δυνάμενον
3453 3376 3664 3441 ἐξαπα-

2077 3481 2296 3546 τᾶσθαι,
2327 3480 2423 3533 καὶ
2453 3477 2746 3545 ἐξάγεσθαι
2782 3475 2878 3528 τοῦ
2929 3474 3180 3545 μετρόυ,
3215 3472 3314 3524 καὶ
3343 3467 3518 3522 ταῦτα
3543 3469 3666 3528 τοῖς

2079 3570 2473 3640 πονηροτάτοις
2509 3567 2962 3638 συνδιατρίϐοντα
2999 3563 3262 3628 ἐκείνοις,
3317 3561 3367 3614 οἳ
3414 3558 3519 3612 κᾶν
3565 3557 3666 3610 καὶ

2077 3663 2174 3716 τοῦ
2244 3660 2554 3716 δεινοτάτου
2611 3659 3017 3729 περιγένοιντο,
3073 3655 3166 3710 καὶ
3224 3654 3428 3720 πολλὴν
3461 3652 3663 3719 πεῖραν

2079 3755 2187 3806 τῶν
2215 3749 2568 3821 πανουργιῶν
2618 3749 2826 3814 αὐτῶν,
2854 3749 2950 3802 καὶ
2988 3747 3099 3800 τῶν
3141 3745 3312 3799 δόλων
3365 3741 3663 3812 ἐσχηκότος

2081 3843 2306 3904 πολλαῖς
2338 3842 2582 3905 ἀπάταις
2630 3840 2932 3910 χρώμενοι,
2966 3837 3064 3891 καὶ
3112 3835 3452 3906 κολακείαις,
3505 3832 3666 3886 Ἐπεὶ

2080 3937 2126 3990 δ’
2177 3935 2321 3989 οὕτω
2367 3933 2808 4002 συνεσκευάσθη,
2869 3931 2966 3983 καὶ
3017 3929 3088 3984 τὰ
3149 3929 3226 3999 μὴ
3279 3924 3670 3982 λυσιτελοῦντα

2082 4029 2423 4098 αἱρετώτερα
2471 4026 2670 4096 ἐφάνη,
2715 4021 3022 4093 Προθύμως
3057 4019 3150 4073 ἐπὶ
3205 4019 3298 4071 τὸν
3331 4017 3447 4070 υἱὸν
3492 4014 3669 4068 πλευ-

2085 4119 2178 4172 σοῦ
2187 4136 2318 4190 μαι,
2343 4113 2491 4184 εἶπε,
2526 4117 2621 4170 καὶ
2654 4117 2833 4172 πάντα
2867 4112 3109 4168 διαλύσω
3130 4109 3200 4164 τὰ
3223 4108 3462 4180 δυσχερῆ
3485 4106 3676 4176 ὀφθεῖ-

2085 4230 2176 4278 σα,
2231 4212 2328 4266 καὶ⁵
2373 4213 2402 4265 6
2462 4209 2725 4278 βασιλεὺς
2777 4206 2905 4261 ἐπεὶ
2938 4204 3216 4268 ἐπείθετο,
3240 4202 3492 4272 τριήρεις
3529 4215 3679 4267 παρ·

2084 4307 2276 4376 ἐσχετο
2320 4306 2384 4358 ἐκ
2437 4303 2546 4357 τῶν
2579 4301 3019 4371 ἐφοπλισμένων,
3078 4295 3175 4350 καὶ
3226 4291 3530 4348 κατέπλεεν
3588 4291 3676 4353 είς

2086 4396 2515 4464 Θεσσαλονίκην.
2549 4393 2823 4463 Γενομένη
2871 4391 2930 4445 δὲ
2990 4391 3132 4454 ἐκεῖ,
3191 4386 3283 4440 τόν
3321 4402 3382 4438 τε
3435 4382 3680 4452 πόλεμον

402 4490 506 4548 ret,
541 4490 599 4536 et
637 4481 863 4536 obedire
903 4482 960 4536 in
997 4481 1277 4546 omnibus,
1319 4498 1440 4552 qua:
1491 4498 1706 4537 summa
1762 4471 1972 4538 illorum

2090 4489 2313 4558 εύρισκε
2357 4485 2633 4556 λαμπρῶς
2687 4483 2995 4552 ἐξαφθέντα
3045 4481 3172 4552 ἤδη.
3224 4477 3405 4531 Πᾶσαι
3456 4473 3568 4544 γὰρ
3615 4472 3678 4525 αἱ

399 4572 648 4627 charitas
679 4571 895 4628 suadet.
925 4573 984 4627 ln
1017 4572 1276 4628 factiosos
1325 4584 1508 4629 autem
1544 4574 1624 4628 ira
1665 4573 1983 4630 fervescens

398 4681 501 4721 eos
528 4665 838 4729 territabat,
872 4675 930 4720 et
957 4665 1363 4720 dirissimorum
1392 4666 1795 4736 suppliciorum
1837 4681 1988 4721 com-

409 4759 810 4815 minationibus
861 4758 1142 4814 ahstinere
1187 4758 1415 4828 cogebat
1445 4775 1476 4812 a
1509 4758 1752 4815 facinore
1783 4759 1988 4830 impro-

405 4853 655 4907 bissimo.
692 4852 776 4907 Ad
826 4852 945 4906 haec
991 4853 1059 4905 ad
1094 4850 1313 4906 Cralem
1349 4847 1597 4920 egressa.
1649 4865 1886 4921 eumque
1933 4859 1989 4905 et

401 4962 636 5001 uxorum
703 4944 892 5003 allata.
938 4943 1182 4999 ostendit
1231 4957 1326 4998 eos
1387 4951 1586 4996 contra
1637 4942 1729 5011 jus
1792 4944 1987 5014 fasque

406 5054 591 5108 agerc,
619 5037 848 5093 fulmina
872 5036 1242 5105 caelestesque
1272 5033 1461 5105 plagas
1476 5036 1632 5088 velut
1663 5034 1947 5089 intentans
1973 5051 1988 5087 :

375 5130 536 5198 ‘qnia
585 5142 953 5200 praeterquam
1010 5128 1158 5199 quod
1212 5128 1488 5183 Romanos
1539 5127 1798 5199 perjuriis
1852 5127 1990 5194 suis,

407 5221 823 5292 finderihusque
857 5222 1132 5278 violandis
1158 5222 1322 5277 toties
1339 5220 1622 5285 laederent,
1641 5223 1808 5298 etiam
1834 5220 1995 5276 bellis

406 5312 670 5368 civilibus
693 5329 790 5370 eos
805 5315 1241 5380 committerent,
1263 5313 1465 5383 quibus
1485 5313 1692 5368 mutuis
1718 5312 1994 5384 stragibus

2093 4578 2232 4649 πρὸς
2275 4576 2504 4647 Κράλην
2555 4574 2861 4645 συμϐάσεις
2894 4572 3311 4643 ἀπηρτισμέναι
3361 4564 3502 4640 ἦσαν
3528 4607 3544 4632 ,
3585 4563 3679 4633 ἐφ’

2087 4665 2175 4733 αἶς
2205 4669 2313 4723 ἔδει
2354 4668 2668 4738 συμμαχεῖν
2731 4665 2810 4735 τῷ
2857 4664 2963 4734 νέῳ
3016 4663 3248 4733 βασιλεῖ,
3303 4661 3400 4714 καὶ
3444 4655 3682 4726 Κράλης

2090 4762 2255 4824 αὐτὸς
2292 4762 2432 4832 μετὰ
2490 4759 2590 4829 τῆς
2624 4756 2886 4826 γυναικὸς
2929 4755 3101 4823 ἐγγὺς
3147 4747 3682 4823 ἐστρατοπεδεύοντο

2095 4853 2501 4920 Θεσσαλονίκης
2550 4849 2642 4902 τὸν
2696 4843 2834 4916 πρὸς
2888 4845 3153 4915 ἀλλήλους
3211 4843 3319 4896 τῶν
3380 4838 3678 4909 Ῥωμαίων

2093 4946 2331 5016 πόλεμον
2371 4941 2810 5004 ἐπισπεύδοντες.
2847 4938 2994 4992 Πάνυ
3037 4937 3147 5008 γὰρ
3178 4934 3351 4989 ἐδόκει
3380 4932 3532 5001 σφίσι
3576 4929 3677 4983 λυ-

2095 5036 2326 5090 σιτελεῖν
2353 5031 2813 5102 Καντακουζηνδν
2871 5029 2962 5082 τδν
3022 5027 3248 5097 βασιλέα
3295 5024 3514 5085 δεδιόσι,
3573 5021 3678 5076 καὶ

2098 5127 2340 5197 μεγάλας
2373 5123 2718 5190 ἐπεδείξαντο
2751 5121 2888 5193 πρὸς
2922 5119 3152 5190 βασιλέα
3175 5118 3268 5172 τὸν
3301 5118 3421 5173 νέον
3449 5115 3545 5178 τὰς
3586 5131 3686 5183 φι-

2094 5218 2367 5289 λοτιμίας,
2397 5215 2712 5288 βουλόμενοι
2735 5211 2944 5267 πείθειν
2981 5211 3147 5266 αὐτὸν
3205 5211 3270 5264 ἐκ
3323 5207 3539 5272 τούτου,
3600 5205 3687 5270 ὡς

2097 5306 2312 5381 φιλοῦσί
2343 5323 2404 5361 τε
2460 5306 2557 5362 καὶ
2599 5304 2858 5375 κήδονται
2885 5300 3056 5356 αὑτοῦ
3107 5297 3493 5370 ἀδικουμένου,
3549 5295 3689 5353 τοῦ-ε

1655 5429 1875 5492 Jacobi
1907 5427 2173 5490 Pontani
2215 5431 2407 5489 notia.

496 5563 607 5631 (‘26)
641 5561 884 5618 Alterum
917 5561 1231 5631 exemplum
1264 5569 1528 5631 maternre
1559 5557 1904 5631 auctoritatis
1937 5557 1993 5612 in

414 5628 599 5691 lilium
634 5635 689 5687 in
740 5634 881 5688 viam
933 5628 1329 5689 reducendum.
1383 5630 1556 5698 Supra
1588 5645 1711 5699 cap.
1740 5628 1794 5695 8,
1840 5629 1996 5683 Irene

419 5707 652 5773 {proque
675 5719 810 5773 uxor
834 5703 1228 5773 Cantacuzeni,
1261 5701 1513 5773 Matthazo
1541 5700 1676 5773 lilio,
1711 5699 1995 5768 proprium

420 5769 534 5829 sibi
568 5769 940 5842 principatum
969 5772 1282 5837 meditanti,
1313 5769 1538 5826 meliora
1561 5771 1675 5825 solo
1698 5778 1993 5828 conspectu

2103 5566 2158 5613 et
2187 5557 2358 5611 verbo
2388 5555 2556 5609 unico
2579 5549 2876 5625 persuasit.
2907 5546 3079 5625 ηε]οτ
3107 5554 3286 5625 tamen
3317 5536 3686 5625 ξιιιξυεμᾼξιᾼηαε

2106 5629 2161 5682 in
2176 5628 2389 5682 Joanne
2414 5625 2525 5680 lilio
2544 5619 2893 5677 emendando
2911 5619 3092 5672 elucet
3117 5619 3452 5679 auctoritas;
3475 5622 3690 5679 quippe

2107 5698 2336 5768 legitimi
2371 5689 2727 5766 imperatoris
2763 5689 3026 5762 legitima:
3056 5684 3268 5741 matris.
