3964 6210
398 355 506 421 2-23

1579 356 1896 418 JOANNIS
1939 362 1988 418 C.
2005 360 2468 423 \N'I‘ACUZENI

3535 365 3645 428 εει

402 498 794 562 ιιιιιίεοτῑιηιιε,⁴
841 510 946 548 non
983 492 1202 547 aliunde
1254 494 1630 564 redintegrare
1682 511 1970 547 numerum

2102 501 2454 569 ιποθνὴσκειν
2485 502 2642 571 ἡμῶν
2675 519 2732 555 τε
2765 502 2858 555 καὶ
2895 503 3002 555 τῶν
3038 502 3336 572 πολεμίων.
3370 503 3510 565 Τοὺς
3541 505 3644 571 μέν

404 587 614 649 licebit,
659 584 1047 651 contingetque
1086 583 1228 636 vires
1263 591 1480 638 nostras
1516 583 1803 644 iutirmari,
1837 598 1974 650 quas

407 681 461 734 in
517 678 709 748 primis
741 675 917 730 salvas
950 684 1004 728 et
1060 675 1325 743 integras,
1371 690 1494 728 cum
1527 684 1677 728 tanto
1699 675 1975 728 Romano-

405 787 524 826 rum
569 768 750 829 simul,
788 777 843 821 et
893 767 1309 829 Catalanorum,
1351 767 1792 836 Venetorumque
1821 782 1976 820 excr-

407 863 518 915 citu
552 866 891 928 pugnaturos
925 872 1250 911 conservare
1281 872 1506 912 necesse
1562 867 1664 911 est.
1713 857 1838 911 Haec
1870 857 1978 910 dux

405 951 566 1005 simul
603 950 920 1018 prudenter,
978 961 1032 1005 et
1091 968 1156 1005 ex
1209 968 1308 1005 usu
1347 953 1700 1021 imperatorio
1753 952 1978 1007 ratioci-

403 1051 568 1095 natus
598 1041 903 1095 disserebat
929 1059 943 1094 :
981 1043 1140 1095 simul
1168 1043 1538 1097 Romanorum
1573 1043 1735 1096 rebus
1760 1052 1982 1111 propter

409 1134 874 1194 (Iantaeuzeuum,
940 1134 1027 1186 cui
1085 1144 1202 1187 crat
1269 1135 1501 1198 amicus,
1555 1133 1982 1189 detrimentosus

411 1240 532 1279 esse
564 1224 807 1279 nolebat.
832 1224 908 1278 Ac
943 1225 1190 1294 Paganus
1223 1227 1444 1295 quidem
1467 1242 1594 1281 suos
1627 1228 1773 1282 hisce
1802 1227 1985 1282 verbis

410 1334 440 1368 a
475 1331 654 1384 pugna
689 1332 810 1370 cum
845 1316 1304 1372 Heracleensibus
1357 1319 1637 1374 deterrere
1677 1319 1982 1382 laborabat,

408 1407 572 1476 823
599 1411 719 1462 'ncc
751 1409 1141 1476 persuadebat,
1189 1410 1334 1477 quod
1369 1411 1472 1463 sibi
1511 1411 1692 1479 c'upita
1726 1411 1983 1480 denegari

413 1514 756 1567 concoquere
789 1515 895 1554 non
925 1509 1198 1570 poterant.
1226 1501 1489 1556 Martinus
1515 1517 1646 1556 vero
1670 1502 1985 1567 Ntemorus,
2022 1575 2027 1581 Ι

411 1601 467 1642 et
521 1590 637 1658 ipse
687 1589 928 1644 triremis
974 1593 1262 1659 praefectus
1321 1593 1374 1647 in
1427 1593 1664 1647 medium
1708 1593 1984 1661 prodieus,

415 1682 608 1734 ducem
655 1681 900 1749 iniquum
945 1698 1008 1737 ac
1039 1684 1371 1752 proditorem
1407 1699 1527 1740 esse
1555 1685 1798 1739 omnium
1838 1683 1990 1740 testi-

421 1773 705 1826 ﬁcabatur.
755 1773 986 1828 Tantum
1039 1777 1240 1844 quippe
1300 1786 1653 1844 apparatum,
1703 1784 1989 1845 tantosque

421 1875 672 1932 sumptus
709 1881 814 1919 non
853 1868 956 1920 alia
993 1867 1060 1921 de
1096 1883 1257 1921 causa
1297 1869 1486 1929 factos,
1521 1884 1682 1937 quam
1719 1878 1776 1921 ut
1811 1868 1981 1922 hosti-

425 1955 524 2009 bus
566 1957 760 2010 damua
807 1957 1085 2018 afferrent.
1119 1959 1187 2012 At
1231 1975 1374 2013 nunc
1405 1961 1622 2028 quando
1671 1959 1982 2014 Heracleam

423 2046 590 2099 armis
651 2049 1094 2104 commodissime
1139 2049 1418 2111 obtinere,
1492 2059 1546 2103 et
1615 2049 1982 2104 Romanorum

423 2137 720 2191 ootentiam
755 2139 1100 2203 labefactare,
1130 2151 1183 2192 et
1213 2140 1314 2194 sibi
1347 2140 1601 2208 prodesse
1628 2156 1789 2209 quam
1820 2140 1986 2209 pluri-

423 2241 570 2278 mum
600 2240 842 2294 possent,
875 2230 1254 2298 intempestiva
1289 2232 1404 2298 ejus
1439 2247 1562 2297 erga
1599 2232 1982 2299 imperatorem

420 2317 800 2373 benevolentia
831 2321 1080 2388 impediri
1110 2338 1123 2376 :
1155 2323 1554 2391 mandabatque
1593 2323 1808 2384 scribto,
1841 2324 1984 2378 dicta

422 2413 472 2464 iu
523 2413 731 2466 tabulas
779 2415 1031 2478 referret,
1079 2424 1135 2468 ut
1183 2432 1308 2470 emn
1346 2415 1494 2469 domi
1532 2416 1672 2483 apud
1724 2415 1984 2484 pOpnlum

421 2515 485 2553 ac
511 2501 706 2554 ducem
739 2505 1037 2572 majestatis
1074 2522 1222 2558 reum
1266 2515 1640 2558 accusaturus.
1669 2505 1983 2574 llujusmodi

426 2589 600 2642 minus
649 2591 912 2645 Martinus
943 2594 1202 2658 jactabat.
1243 2595 1495 2662 Paganus
1539 2604 1788 2646 metuens
1822 2609 1888 2646 ne
1921 2594 1985 2646 ad

430 2679 686 2748 populum
720 2696 846 2734 reus
876 2682 1096 2744 citatus,
1129 2683 1523 2751 convictusque
1554 2684 1733 2751 capite
1769 2683 1989 2750 punire-

430 2779 537 2830 tur,
571 2775 1029 2841 oppugnationem
1053 2773 1316 2842 indulget,
1338 2773 1737 2840 confestimque
1767 2773 1990 2827 classia-

430 2859 493 2910 rii
517 2875 638 2913 cum
668 2862 838 2914 armis
875 2877 932 2915 sc
977 2863 1289 2917 triremibus
1313 2871 1660 2931 expromunt,
1688 2863 1990 2931 urbemque

427 2952 834 3006 eit'cumdantcs
866 2968 1180 3022 Oppugnare
1223 2955 1502 3008 insistunt.
1552 2953 1798 3022 Cumque
1849 2956 1988 3008 muri

428 3058 620 3096 vorsus
677 3044 1052 3098 continentem
1119 3044 1306 3098 multis
1370 3045 1507 3100 locis
1567 3046 1750 3100 faciles
1809 3057 1992 3100 essent

429 3145 694 3204 «'ceupatu
745 3136 874 3205 (non
937 3138 1082 3189 enim
1146 3152 1476 3205 quemquam
1547 3153 1616 3189 ex
1677 3136 1992 3191 continente
2025 3160 2062 3209 (τ

431 3229 748 3282 invasurum
796 3229 1102 3298 putabant),
1149 3239 1204 3285 et
1251 3231 1400 3283 cives
1447 3239 1707 3297 praeterea
1763 3229 1998 3284 inermes

430 3329 592 3386 atque
643 3319 927 3390 imparati,
987 3330 1041 3375 et
1081 3321 1146 3374 ad
1200 3320 1561 3375 resistendum
1615 3321 1781 3375 tantis
1827 3320 2000 3388 copiis

433 3406 656 3474 infirmi,
696 3411 746 3463 vi
789 3410 842 3464 et
888 3410 1092 3464 virtute
1135 3410 1473 3477 Latinormn,
1525 3427 1835 3481 quanquam
1882 3411 2000 3478 ipso

431 3502 855 3569 oppugnationis
894 3511 1139 3571 tempore
1189 3504 1444 3564 Byzantio
1488 3502 1837 3572 equestribus
1888 3511 2002 3555 tur-

436 3589 537 3643 mis
583 3591 650 3644 ab
689 3593 1020 3661 imperatore
1071 3594 1320 3648 subsidio
1370 3595 1742 3660 venientibus,
1784 3603 2000 3662 captum

433 3692 517 3737 est
547 3684 830 3753 oppidum.
861 3687 1254 3756 Suspicabatur
1284 3688 1429 3742 enim
1463 3688 1516 3742 id
1564 3687 1709 3758 quod
1754 3687 2001 3741 futurum

435 3785 570 3838 erat,
613 3775 702 3829 ubi
736 3777 964 3831 classem
1015 3778 1332 3833 Heracleam
1377 3781 1661 3848 appulsam
1713 3778 2001 3833 intellexit.

435 3867 577 3930 Quin
621 3877 676 3922 et
724 3867 1068 3936 Nicepltorus
1098 3870 1323 3938 clespota
1364 3886 1531 3940 gener
1581 3870 2006 3924 urbium-Thra-

438 3959 644 4012 ciarum
706 3961 770 4012 ad
827 3960 1236 4029 Hellespontum
1290 3963 1600 4030 praefectus,
1657 3971 1710 4015 et
1795 3961 2006 4015 Manuel

441 4051 647 4104 Asanes
691 4050 938 4118 despota,
978 4054 1164 4106 lrenes
1216 4052 1580 4121 iuuperatricis
1627 4053 1814 4115 frater,
1851 4053 2008 4123 Byzia

445 4157 639 4195 manus
677 4141 970 4196 auxiliares
998 4143 1306 4197 mittebant.
1343 4143 1448 4197 Sed
1487 4143 1612 4211 quia
1648 4143 1700 4196 in
1729 4125 1849 4213 ipso
1873 4145 2010 4197 arti-

441 4230 566 4282 culo
637 4231 1008 4285 dimicationis
1078 4233 1403 4297 veniebant,
1459 4233 1659 4287 frustra
1719 4243 2007 4287 venerunt.

445 4309 797 4377 Eat-stantibus
829 4324 972 4375 eriim
1025 4323 1203 4378 adhuc
1247 4333 1372 4378 ante
1407 4333 1592 4392 portas
1622 4324 1774 4378 urbis
1810 4325 2007 4378 azdiurn

443 4415 746 4483 parietinis,
772 4414 949 4468 Latini
977 4415 1085 4469 illic
1127 4415 1313 4469 florem
1341 4431 1566 4470 suorum
1598 4415 2004 4487 sagittariorum

2077 592 2186 658 γὰρ
2215 595 2263 643 οἱ
2301 593 2560 655 πεσόντες
2591 595 3038 662 παραϐλάτῖιουσιν
3082 595 3254 655 οὐδὲν,
3296 594 3516 663 ἐτέρους
3548 595 3650 646 δυο

2079 683 2348 752 ναμένους
2388 685 2450 736 ἐκ
2474 687 2582 737 τῶν
2619 685 2794 738 ἄλλων
2822 686 2977 752 ἄγειν
3023 686 3238 739 πόλεων
3268 688 3362 740 καὶ
3397 686 3650 748 πλείους,

2078 777 2174 828 καὶ
2216 775 2476 844 βελτίους.
2515 776 2630 844 Ἐφ’
2664 779 2820 846 ἡμῶν
2867 778 2922 830 δὲ
2953 779 3050 847 οὐχ
3105 781 3133 831 6
3189 779 3304 840 ίσος
3349 778 3507 845 λόγος
3532 793 3548 811 ⁸
3580 777 3652 829 ἂν

2079 866 2187 936 γὰρ
2222 866 2587 933 ἀποϐάλωμέν
2612 883 2762 928 τινας
2785 866 2894 918 τῶν
2919 867 3110 926 ὄντων,
3142 867 3362 935 ἐτέρους
3393 866 3658 918 ἀντεισάο

2079 974 2197 1022 γειν
2227 957 2442 1022 ἐξέσται
2472 957 2797 1024 οὐδαμόθεν,
2844 958 2940 1010 καὶ
2993 956 3334 1038 Ξυμῶίισεται
3381 957 3513 1024 ἡμῖν
3547 957 3655 1020 τὴν

2080 1044 2308 1115 δύναμιν
2338 1047 2732 1116 ἀσθενεστέραν
2761 1043 2898 1100 εἶναι
2956 1036 3021 1118 ἣν
3053 1049 3133 1100 δεῖ
3158 1036 3450 1113 φυλάττειν
3502 1047 3659 1098 σώαν

2086 1140 2342 1207 μάλιστα,
2377 1141 2471 1192 καὶ
2500 1140 2720 1191 ἄθικτον
2751 1140 3046 1208 μέλλοντας
3079 1139 3215 1204 πρὸς
3260 1137 3494 1204 δύναμιν
3525 1153 3660 1187 τοσ-

2085 1233 2260 1301 αύτην
2301 1231 2590 1298 Ῥωμαίων
2624 1230 2780 1300 ὁμοῦ,
2815 1231 2909 1284 καὶ
2945 1229 3288 1293 Κατελὰνων,
3320 1227 3414 1280 καὶ
3461 1227 3560 1296 τὴν
3585 1228 3656 1279 ἐκ

2086 1323 2343 1384 Βενετῐας
2379 1321 2676 1390 μάχεσθαι.
2712 1320 2900 1373 Ταῦτα
2936 1321 2992 1373 δέ
3025 1320 3206 1387 ἔλεγεν
3243 1321 3270 1372 6
3323 1319 3655 1387 στρατηγὸς,

2087 1413 2205 1483 ἅμα
2260 1413 2358 1481 μὲν
2389 1414 2484 1465 καὶ
2532 1412 2834 1481 σώφρονος,
2872 1413 2965 1464 καὶ
2996 1411 3184 1480 ἄρχειν
3233 1410 3499 1478 ἐμπείρου
3560 1425 3660 1460 κε-

2088 1505 2369 1574 χρημένος
2405 1505 2709 1571 λογισμοῖς,
2763 1503 2878 1572 ἅμα
2905 1502 2960 1554 δὲ
2993 1503 3089 1554 καὶ
3147 1502 3216 1553 τὰ
3267 1501 3552 1567 Ῥωμαίων
3589 1499 3659 1551 οὗ

2092 1596 2414 1664 βουλόμενος
2439 1594 2642 1647 κακοῦν
2669 1593 2756 1646 διὰ
2789 1593 2888 1662 τὴν
2921 1595 3055 1662 πρὸς
3088 1592 3543 1660 Καντακουζηνδν
3559 1589 3660 1641 τδν

2093 1687 2311 1755 βασιλέα
2345 1685 2558 1739 εὔνοιαν
2593 1680 2699 1755 ’ἦν
2731 1685 2838 1753 γὰρ
2860 1685 2967 1737 τῶν
3016 1685 3203 1752 φίλων.
3240 1683 3494 1749 Παγανὴς
3557 1683 3666 1751 μὲν

2091 1777 2182 1832 οῦν
2235 1779 2379 1832 οῦτω
2440 1780 2654 1832 πείθειν
2708 1779 2969 1846 ἐπειρᾶτο
2997 1776 3060 1828 τὸ
3106 1775 3466 1843 στρατόπεδον
3517 1775 3664 1827 ἀπέ-

2091 1872 2280 1940 χεσθαι
2308 1872 2398 1937 τῆς
2455 1871 2594 1938 πρδς
2638 1868 3037 1937 *Ηρακλειίιτας
3095 1867 3272 1933 μάχης
3311 1881 3326 1898 ο
3363 1866 3414 1918 οἱ
3462 1864 3506 1916 δ’
3555 1865 3663 1916 οῦκ

2094 1961 2396 2018 ἐπείθοντο,
2423 1960 2538 2011 ἀλλ’
2569 1958 2917 2026 ἠγανάκτουν
2967 1955 3325 2022 κωλυόμενοι.
3382 1954 3665 2020 Βὶαρτῖνος

2091 2055 2144 2107 δὲ
2174 2053 2438 2121 Ντεμόρω
2490 2063 2761 2120 τριηρεως
2812 2050 2996 2118 ἄρχων
3024 2046 3118 2099 καὶ
3147 2047 3327 2108 αὐτὸς,
3358 2047 3436 2105 εἰς
3462 2046 3666 2113 μέσους

2094 2165 2164 2198 πα
2178 2143 2404 2213 ρελθὼν,
2469 2144 2812 2211 ἐμαρτύρετο
2889 2141 3118 2200 ἀδικεῖν,

2095 2240 2233 2304 σφᾶς
2257 2236 2345 2288 τὸν
2380 2233 2710 2302 στρατηγόν.
2745 2233 2856 2300 Τὴν
2896 2231 2992 2300 μὲν
3016 2231 3124 2298 γὰρ
3177 2227 3444 2298 τοσαύτην
3480 2245 3662 2296 παρα-

2096 2327 2318 2395 σκευὴν,
2351 2326 2446 2377 καὶ
2481 2324 2580 2392 τὴν
2610 2324 2881 2389 δαπάνην,
2943 2320 3154 2382 οὐδενος
3201 2320 3388 2388 ἐτέρου
3432 2318 3665 2385 γεγενῆι-

2097 2418 2240 2478 σθαι,
2273 2417 2476 2486 ἣὸπως
2520 2404 2833 2466 κακώσουσι
2880 2412 2949 2464 τὰ
2993 2411 3284 2480 πολεμίων.
3318 2412 3454 2464 Νυνὶ
3491 2412 3542 2462 δὲ
3564 2411 3660 2462 δυ-

2095 2528 2157 2561 να
2170 2509 2267 2576 μέν
2286 2527 2361 2570 ,υς
2397 2506 2628 2576 μάλιστα
2653 2506 2752 2574 τὴν
2785 2505 3115 2573 Ἡράκλειαν
3134 2505 3316 2564 ὅπλοις
3342 2505 3662 2571 κατασχεῖν,

2098 2600 2191 2650 καὶ
2225 2598 2290 2648 τά
2316 2615 2371 2648 τε
2434 2596 2722 2663 Ῥωμαίων
2765 2594 3122 2661 διαφθείρειν.
3183 2594 3276 2644 καὶ
3337 2594 3527 2654 αὐτοὺς
3587 2593 3660 2643 τὰ

2102 2689 2334 2754 μέγιστα
2365 2685 2715 2753 ὠφελεῖσθαι,
2747 2685 2834 2736 διὰ
2883 2683 2981 2753 τὴν
3023 2686 3158 2751 πρὸς
3190 2683 3411 2749 βασιλέα
3447 2681 3663 2744 εὔνοιαν

2099 2777 2404 2830 κωλύεσθαι
2431 2777 2534 2828 ὑπο
2560 2776 2649 2828 τοῦ
2684 2774 3017 2845 στρατηγοῦ,
3045 2775 3264 2825 ἐκέλευέ
3284 2791 3337 2825 τε
3363 2773 3452 2824 τὸν
3479 2789 3666 2839 γραμ-

2102 2870 2278 2937 ματέα
2304 2869 2371 2919 τὰ
2422 2866 2688 2934 εἰρημένα
2747 2866 3001 2936 γράφειν,
3057 2865 3131 2924 ὡς
3186 2865 3279 2916 ἐπὶ
3334 2863 3425 2915 τοῦ
3483 2864 3660 2929 δήμου

3201 2155 3297 2190 και
3348 2137 3663 2205 προδιδόναι

2102 2963 2273 3029 σφῶν,
2325 2960 2420 3012 καὶ
2460 2959 2554 3011 τοῦ
2602 2959 2788 3020 δουκθις
2834 2958 3178 3026 γραψόμενος
3228 2958 3316 3008 τὸν
3359 2956 3668 3022 στρατηγὸν

2102 3053 2398 3122 ἠδικηκότα
2431 3051 2688 3119 δημοσίᾳ.
2746 3049 2983 3102 Τοιαῦτα
3048 3051 3144 3115 μὲν
3191 3049 3456 3116 ἠπείλησε
3504 3049 3668 3114 Μαρ-

2099 3146 2263 3200 τῖνος.
2294 3141 2486 3202 Δείσας
2511 3141 2568 3192 δὲ
2603 3144 2628 3192 ό
2670 3141 2975 3210 στρατηγὸς
3003 3141 3076 3209 μὴ
3106 3141 3198 3192 ἐπὶ
3233 3139 3327 3194 τοῦ
3358 3140 3531 3207 δήμου
3561 3157 3667 3211 ,καί

2101 3232 2428 3302 τηγορηθεὶς
2457 3231 2763 3302 ἁλίσκηται,
2795 3233 2888 3284 καὶ
2942 3233 3095 3294 δίκας
3149 3231 3245 3294 τὰς
3285 3232 3518 3300 ἐσχάτας
3565 3229 3663 3298 δῷ,

2100 3327 2272 3393 ἐφῆκε
2310 3325 2408 3392 τὴν
2438 3324 2815 3392 τειχομαχίαν,
2845 3325 2938 3375 καὶ
2979 3323 3180 3374 αὐτίκα
3224 3325 3334 3375 πᾶν
3368 3324 3429 3374 τὸ
3494 3323 3658 3390 etp-5.-

2100 3433 2275 3484 τευμα
2307 3415 2413 3467 τῶν
2461 3417 2732 3485 τριήρεων
2767 3415 3003 3484 ἐξεχεῖτο
3037 3415 3408 3484 ὡπλισμένον,
3444 3416 3539 3466 καὶ
3568 3431 3672 3464 πε-

2106 3507 2382 3576 ρισχόντες
2408 3505 2503 3575 τὴν
2537 3506 2690 3558 πόλιν
2716 3507 3105 3575 ἐτειχομὰχουν
3131 3524 3146 3541 ·
3211 3505 3532 3574 πολλαχῆδέ
3558 3506 3670 3556 τῶν

2104 3597 2240 3664 πρὸς
2264 3599 2362 3664 τὴν
2397 3598 2626 3667 ἤπειρον
2685 3598 2878 3666 τειχῶν
2925 3599 3094 3651 ὄντων
3125 3597 3436 3650 εύαλὼτωνο
3472 3597 3531 3648 οὗ
3557 3596 3668 3664 γὰρ

2105 3688 2342 3756 ἤλπισαν
2403 3687 2761 3755 ἐπιθήσεσθαι
2817 3689 2939 3740 τινὰ
2995 3690 3060 3741 ἐκ
3103 3689 3202 3758 τῆς
3250 3687 3504 3756 ἠπείρου,
3573 3690 3670 3740 καὶ

2105 3781 2211 3833 τῶν
2259 3780 2492 3833 πολιτῶν
2524 3780 2762 3843 ἀόπλων,
2801 3783 2897 3832 καὶ
2931 3779 3356 3849 ἀπαρασκεύων,
3405 3781 3497 3830 καὶ
3530 3780 3668 3844 πρὸς

2107 3872 2381 3940 τοσαύτην
2411 3869 2642 3938 δύναμιν
2669 3871 2941 3939 ἀντισχεῖν
2957 3871 3012 3922 ού
3034 3869 3392 3938 δυνηθέντων,
3420 3869 3672 3939 ἡλίσκετο

2106 3963 2139 4031 ἠ
2180 3962 2332 4024 πόλις
2389 3964 2500 4022 τοῖς
2557 3960 2806 4022 Λατίνοις
2863 3959 3236 4029 κατακράτος’
3302 3960 3481 4012 καίτοι
3538 3959 3672 4027 παρ’

2109 4051 2281 4120 αὐτὴν
2313 4049 2410 4118 τὴν
2436 4050 2569 4118 πρὸς
2597 4051 2665 4102 τὰ
2704 4052 2859 4118 τείχη
2891 4048 3216 4118 προσϐολὴν,
3267 4049 3330 4100 ἐκ
3358 4067 3413 4100 τε
3470 4049 3676 4112 Βυζαν-

2109 4143 2226 4194 τίου
2257 4143 2486 4210 στρατιὰ
2524 4142 2734 4193 ἱππέων
2777 4136 2932 4211 ἧκεν,
2963 4141 3029 4210 ἣν
3068 4140 3312 4207 ἐπεμψεν
3348 4140 3373 4188 6
3415 4139 3678 4207 βασιλεὺς

2112 4233 2252 4300 ὑπὲρ
2289 4235 2385 4299 τῆς
2452 4232 2660 4294 πόλεως
2697 4232 3100 4300 ἀμυνουμένην.
3168 4229 3522 4283 ’Υπὼπτευσε
3568 4231 3677 4298 γὲρ

2110 4325 2171 4376 τὸ
2206 4324 2399 4391 μέλλον
2423 4363 2437 4386 ,
2473 4324 2547 4384 ὡς
2581 4322 2812 4374 ἐπύθετο
2844 4321 2932 4374 τὸν
2957 4321 3143 4373 στόλον
3177 4322 3312 4390 πρὸς
3346 4321 3676 4389 Ἡρακλείαν

2112 4415 2446 4482 κατάραντα.
2471 4413 2902 4482 ΚχὶΝικηφόρος
2925 4413 3212 4481 δεσπότης,
3236 4415 3264 4480 6
3287 4410 3378 4465 τοῦ
3409 4413 3676 4483 βασιλέως

443 4508 776 4560 eollocarant
817 4525 830 4561 :
865 4508 956 4574 qui
1001 4509 1216 4574 equites
1257 4508 1525 4574 tantisper
1567 4507 1634 4561 ab
1665 4507 1818 4560 urbis
1857 4506 1998 4559 aditu

2115 4504 2379 4574 γαμϐρὸς,
2409 4505 2517 4557 τῶν
2565 4505 2705 4556 κατὰ
2766 4503 2857 4556 τὸν
2931 4503 3325 4572 Ἑλλήσποντον
3376 4504 3676 4574 Θρᾳκικῶν

445 4597 803 4658 distinebant,
833 4595 1011 4664 quoad
1045 4613 1073 4649 a
1096 4596 1321 4662 reliquis
1347 4604 1658 4665 caperetur.
1680 4595 2007 4650 Heracleen-

442 4705 553 4751 ses,
589 4697 648 4742 ut
686 4702 744 4741 se
769 4697 958 4756 captos
1008 4685 1289 4745 viderunt,
1336 4686 1546 4740 Latinis
1576 4686 1769 4740 domos
1807 4687 2010 4755 pra'da-

447 4791 559 4834 tum
608 4777 1087 4842 concursantibus,
1143 4793 1249 4832 una
1299 4777 1452 4831 urbis
1504 4778 1714 4843 portula
1765 4787 2007 4832 reserata

443 4872 720 4932 exierunt,
765 4868 1056 4938 multique,
1087 4868 1156 4922 de
1200 4867 1354 4934 plebe
1380 4868 1706 4936 praesertim,
1741 4868 1807 4920 ad
1853 4867 2010 4937 equi-
2045 4865 2054 4870 ’

446 4970 617 5016 latum
662 4960 934 5030 fugientes
983 4958 1181 5012 servati
1229 4967 1378 5022 sunt,
1449 4972 1571 5012 cum
1618 4956 1798 5011 Latini
1857 4967 2010 5012 extra

445 5053 638 5106 urbem
682 5061 905 5121 propter
935 5048 1158 5104 eosdem
1195 5049 1408 5115 equites
1449 5047 1667 5116 insequi
1707 5063 1811 5100 non
1846 5048 2013 5103 aude-

447 5153 589 5198 rent.
612 5142 916 5211 Optimates
945 5140 1290 5211 potissimum
1327 5140 1379 5193 in
1415 5149 1736 5209 potestatem
1767 5135 2019 5205 adducti,

450 5250 574 5288 cum
630 5233 911 5297 uxoribus,
967 5242 1024 5287 et
1074 5233 1283 5295 liberis,
1338 5240 1396 5286 et
1444 5246 1628 5285 rerum
1681 5231 1854 5299 copiis
1901 5247 2009 5286 non

451 5324 703 5380 modicis.
751 5323 1010 5377 Heraclea
1043 5324 1313 5393 siquidem
1357 5338 1387 5376 a
1428 5322 1766 5391 temporibus
1797 5321 2014 5376 Andro-

451 5416 559 5471 nici
600 5431 667 5469 ex
695 5413 1010 5483 Palreologis
1046 5414 1202 5481 primi
1238 5412 1401 5482 hujus
1431 5400 1670 5466 nominis
1709 5420 2014 5480 expugnata

451 5522 732 5576 nunquam
765 5505 961 5560 fuerat.
990 5503 1164 5558 Latini
1204 5503 1383 5571 praeda
1413 5501 1573 5566 facta,
1610 5512 2016 5573 portas‘onanes

456 5614 643 5653 versus
685 5599 1055 5652 continentem
1089 5597 1498 5650 obstruxerunt.
1547 5595 1751 5649 Deinde
1801 5593 2019 5649 selectis

452 5691 731 5764 primariis
793 5690 1004 5745 civibus
1067 5706 1130 5745 ac
1188 5689 1434 5753 feminis,
1487 5688 1652 5757 θεά.
1704 5686 2017 5755 relictisque

456 5782 798 5852 triremibus,
823 5793 956 5850 qu0t
987 5782 1108 5835 urbi
1139 5781 1351 5837 tuendae
1383 5781 1514 5836 satis
1536 5780 1649 5834 fore
1676 5777 2014 5849 judicabant,

2116 4596 2323 4647 πόλεων
2370 4595 2570 4665 ἅρχων,
2603 4590 2704 4664 ἧκε
2757 4594 2893 4662 μετὰ
2949 4597 3206 4665 στρατιᾶς
3269 4594 3683 4664 Ἡρακλεώταις

2120 4687 2421 4756 βοηθήσων,
2450 4689 2543 4738 καὶ
2583 4689 2646 4738 ἐκ
2671 4685 2882 4749 Βυζύτ,ς
2909 4688 2936 4737 ό
2967 4686 3064 4753 τῆς
3117 4685 3386 4755 βασιλίδος
3439 4686 3682 4753 Εἰρήνης

2119 4775 2345 4844 ἁδελφὸς
2383 4777 2616 4844 ’Λσάνης
2645 4774 2912 4840 δεσπότης
2936 4775 2963 4825 6
2991 4775 3270 4843 Μανουὴλ,
3321 4775 3534 4842 ἔπεμπε
3585 4774 3685 4824 καὶ

2116 4868 2278 4930 αὐτὸς
2311 4867 2570 4938 στρατιὰν
2591 4867 2726 4934 προς
2767 4865 3102 4933 συμμαχίαν.
3144 4866 3387 4933 Ὠνησαν
3429 4865 3482 4917 δὲ
3529 4865 3684 4916 οὐδὲν

2117 4957 2399 5026 ἐπάὐτὴν
2428 4957 2528 5025 τῆς
2575 4956 2753 5024 μάχης
2803 4955 2901 5014 τὴν
2951 4956 3137 5023 ἀκμὴν
3189 4954 3458 5017 ἐλθόντες.
3502 4955 3681 5021 Ἑρει-

2119 5048 2259 5102 πίων
2289 5048 2395 5115 γὰρ
2425 5049 2487 5098 ἐκ
2518 5045 2617 5113 τῆς
2666 5045 2940 5114 προτέρας
2971 5044 3242 5106 συνοικίας
3279 5044 3386 5114 πρὸ
3439 5043 3546 5095 τῶν
3584 5047 3688 5112 vi;

2121 5140 2330 5201 πόλεως
2388 5137 2572 5190 πυλῶν
2614 5135 2777 5189 τινῶν
2810 5135 3287 5203 περισωζομένων,
3352 5134 3586 5186 ἐνταῦθα
3635 5136 3686 5187 οἱ

2121 5231 2336 5283 Λατῖνοι
2361 5227 2417 5278 τὸ
2449 5226 2740 5294 κρὰτιστον
2772 5223 3037 5288 τάξαντες
3071 5223 3181 5274 τῶν
3241 5225 3516 5292 σφετέρων
3535 5223 3689 5286 τοξο-

2121 5323 2252 5384 τῶν,
2286 5322 2548 5388 ἀπεῖργον
2587 5317 2714 5379 τοὺς
2750 5317 2950 5373 ἱππέας
2992 5316 3066 5384 μὴ
3130 5315 3391 5384 παριέναι
3441 5317 3522 5378 είς
3585 5317 3688 5391 τὴν

2125 5413 2278 5467 πόλιν
2308 5413 2464 5480 ἄχρις
2501 5403 2563 5462 οῦ
2608 5409 2712 5460 ὑπὸ
2745 5408 2854 5460 τῶν
2888 5405 3182 5459 ἐπιλοίπων
3253 5404 3395 5458 ἑάλω
3447 5405 3692 5474 μαχομέο

2122 5523 2250 5558 νων.
2299 5501 2681 5570 Ἡρακλεῶται
2741 5499 2795 5551 δὲ
2833 5500 2958 5552 ἐπεὶ
3003 5497 3296 5569 ᾐσθάνοντο
3361 5496 3689 5561 ἐσλωκότες,

2125 5595 2211 5663 ἐφ’
2250 5592 2508 5663 ἁρπαγὴν
2532 5591 2640 5643 τῶν
2702 5588 2951 5642 Λατίνων
2976 5589 3109 5659 πρὸς
3137 5589 3232 5649 τὰς
3256 5586 3435 5649 οίκίας
3483 5603 3694 5654 τραπο-

2129 5686 2328 5748 μένων,
2366 5682 2563 5734 πυλίδα
2592 5681 2692 5747 τῆς
2747 5679 2956 5741 πόλεως
2988 5680 3122 5749 μίαν
3149 5677 3538 5742 διανοίξαντες,
3573 5677 3692 5741 ἐξε-

2127 5774 2359 5845 χώρουν,
2391 5772 2483 5825 καὶ
2512 5769 2854 5838 διεσώθησαν
2887 5769 3069 5822 πολλοὶ
3097 5768 3327 5838 μάλιστα
3374 5766 3468 5820 τοῦ
3509 5767 3691 5834 δῆμον
