  <div class='ocr_page' id='page_1' title='image "/cluster/home/n/w/nwhite01/storage/ocr_20150623/154/hvd.32044073505299/120.png"; bbox 0 0 3964 6210; ppageno 0'>
   <div class='ocr_carea' id='block_1_1' title="bbox 274 255 3526 342">
    <p class='ocr_par' dir='ltr' id='par_1_1' title="bbox 274 255 3526 342">
     <span class='ocr_line' id='line_1_1' title="bbox 274 255 3526 342; baseline 0.001 -14"><span class='ocrx_word' id='word_1_1' title='bbox 274 263 368 328; x_wconf 75' lang='lat'><strong>229</strong></span> <span class='ocrx_word' id='word_1_2' title='bbox 1366 267 1923 329; x_wconf 61' lang='lat' dir='ltr'><strong>msromanun</strong></span> <span class='ocrx_word' id='word_1_3' title='bbox 1967 269 2195 330; x_wconf 81' lang='lat' dir='ltr'><strong>LIBER</strong></span> <span class='ocrx_word' id='word_1_4' title='bbox 2242 272 2342 334; x_wconf 87' lang='lat' dir='ltr'><strong>1v.</strong></span> <span class='ocrx_word' id='word_1_5' title='bbox 2472 276 2477 280; x_wconf 93' lang='grc'><strong>·</strong></span> <span class='ocrx_word' id='word_1_6' title='bbox 3145 255 3156 264; x_wconf 90' lang='grc'><em>’</em></span> <span class='ocrx_word' id='word_1_7' title='bbox 3421 280 3526 342; x_wconf 66' lang='lat'><strong>:30</strong></span> 
     </span>
    </p>
   </div>
   <div class='ocr_carea' id='block_1_2' title="bbox 269 373 1838 455">
    <p class='ocr_par' dir='ltr' id='par_1_2' title="bbox 269 373 1838 446">
     <span class='ocr_line' id='line_1_2' title="bbox 269 373 1838 446; baseline 0.001 -19"><span class='ocrx_word' id='word_1_8' title='bbox 269 376 412 427; x_wconf 71' lang='grc' dir='ltr'>αὐτοὶ</span> <span class='ocrx_word' id='word_1_9' title='bbox 475 373 577 444; x_wconf 86' lang='grc' dir='ltr'><strong>μέν</strong></span> <span class='ocrx_word' id='word_1_10' title='bbox 631 373 784 426; x_wconf 80' lang='grc' dir='ltr'>οὐδὲν</span> <span class='ocrx_word' id='word_1_11' title='bbox 844 374 1316 446; x_wconf 77' lang='grc' dir='ltr'>ὠφεληθήσονται,</span> <span class='ocrx_word' id='word_1_12' title='bbox 1377 379 1531 429; x_wconf 77' lang='grc' dir='ltr'>πόλιν</span> <span class='ocrx_word' id='word_1_13' title='bbox 1585 377 1642 430; x_wconf 78' lang='grc' dir='ltr'>δὲ</span> <span class='ocrx_word' id='word_1_14' title='bbox 1698 373 1838 430; x_wconf 74' lang='grc' dir='ltr'>οὕτω</span> 
     </span>
    </p>
   </div>
   <div class='ocr_carea' id='block_1_3' title="bbox 1940 373 3526 455">
    <p class='ocr_par' dir='ltr' id='par_1_3' title="bbox 1946 378 3526 455">
     <span class='ocr_line' id='line_1_3' title="bbox 1946 378 3526 455; baseline 0.007 -24"><span class='ocrx_word' id='word_1_15' title='bbox 1946 378 2098 444; x_wconf 87' lang='lat' dir='ltr'><strong>dine,</strong></span> <span class='ocrx_word' id='word_1_16' title='bbox 2131 389 2185 434; x_wconf 91' lang='lat' dir='ltr'><strong>et</strong></span> <span class='ocrx_word' id='word_1_17' title='bbox 2241 390 2545 436; x_wconf 75' lang='lat' dir='ltr'><strong>exerentum</strong></span> <span class='ocrx_word' id='word_1_18' title='bbox 2586 397 2648 436; x_wconf 78' lang='lat' dir='ltr'><strong>ex</strong></span> <span class='ocrx_word' id='word_1_19' title='bbox 2704 383 2938 452; x_wconf 82' lang='lat' dir='ltr'><strong>pecunia</strong></span> <span class='ocrx_word' id='word_1_20' title='bbox 2995 399 3101 438; x_wconf 89' lang='lat' dir='ltr'><strong>non</strong></span> <span class='ocrx_word' id='word_1_21' title='bbox 3155 401 3345 455; x_wconf 86' lang='lat' dir='ltr'><strong>parum</strong></span> <span class='ocrx_word' id='word_1_22' title='bbox 3387 389 3526 444; x_wconf 80' lang='lat' dir='ltr'><strong>lucu</strong></span> 
     </span>
    </p>
   </div>
   <div class='ocr_carea' id='block_1_4' title="bbox 268 465 1842 536">
    <p class='ocr_par' dir='ltr' id='par_1_4' title="bbox 268 465 1842 536">
     <span class='ocr_line' id='line_1_4' title="bbox 268 465 1842 536; baseline 0.001 -17"><span class='ocrx_word' id='word_1_23' title='bbox 268 465 454 532; x_wconf 79' lang='grc' dir='ltr'>καλὴν,</span> <span class='ocrx_word' id='word_1_24' title='bbox 490 466 978 535; x_wconf 73' lang='grc' dir='ltr'><strong>κατεσκαμμένην,</strong></span> <span class='ocrx_word' id='word_1_25' title='bbox 1027 467 1123 520; x_wconf 80' lang='grc' dir='ltr'>καὶ</span> <span class='ocrx_word' id='word_1_26' title='bbox 1167 467 1421 536; x_wconf 47' lang='grc' dir='ltr'>ἀοίκητον</span> <span class='ocrx_word' id='word_1_27' title='bbox 1469 468 1842 534; x_wconf 78' lang='grc' dir='ltr'><strong>ἀποδείξουσι,</strong></span> 
     </span>
    </p>
   </div>
   <div class='ocr_carea' id='block_1_5' title="bbox 271 559 1845 630">
    <p class='ocr_par' dir='ltr' id='par_1_5' title="bbox 271 559 1845 630">
     <span class='ocr_line' id='line_1_5' title="bbox 271 559 1845 630; baseline 0.003 -23"><span class='ocrx_word' id='word_1_28' title='bbox 271 560 530 627; x_wconf 79' lang='grc' dir='ltr'>μνημεῖον</span> <span class='ocrx_word' id='word_1_29' title='bbox 586 559 856 626; x_wconf 74' lang='grc' dir='ltr'><strong>ἐσομένην</strong></span> <span class='ocrx_word' id='word_1_30' title='bbox 893 561 1008 622; x_wconf 88' lang='grc' dir='ltr'>τοῖς</span> <span class='ocrx_word' id='word_1_31' title='bbox 1065 559 1148 622; x_wconf 88' lang='grc' dir='ltr'><strong>είς</strong></span> <span class='ocrx_word' id='word_1_32' title='bbox 1191 559 1416 629; x_wconf 75' lang='grc' dir='ltr'>ὕστερον</span> <span class='ocrx_word' id='word_1_33' title='bbox 1461 560 1845 630; x_wconf 72' lang='grc' dir='ltr'><strong>παραπλέουσι</strong></span> 
     </span>
    </p>
   </div>
   <div class='ocr_carea' id='block_1_6' title="bbox 267 649 1846 722">
    <p class='ocr_par' dir='ltr' id='par_1_6' title="bbox 267 649 1846 722">
     <span class='ocr_line' id='line_1_6' title="bbox 267 649 1846 722; baseline 0.002 -20"><span class='ocrx_word' id='word_1_34' title='bbox 267 651 354 720; x_wconf 79' lang='grc' dir='ltr'>τῆς</span> <span class='ocrx_word' id='word_1_35' title='bbox 384 650 572 702; x_wconf 74' lang='grc' dir='ltr'>αὐτῶν</span> <span class='ocrx_word' id='word_1_36' title='bbox 603 649 1025 720; x_wconf 73' lang='grc' dir='ltr'><strong>ἀγνωμοσύνης,</strong></span> <span class='ocrx_word' id='word_1_37' title='bbox 1063 651 1160 704; x_wconf 80' lang='grc' dir='ltr'>καὶ</span> <span class='ocrx_word' id='word_1_38' title='bbox 1195 653 1294 721; x_wconf 85' lang='grc' dir='ltr'>τῆς</span> <span class='ocrx_word' id='word_1_39' title='bbox 1322 653 1682 722; x_wconf 85' lang='grc' dir='ltr'>ἀφιλοτιμίας</span> <span class='ocrx_word' id='word_1_40' title='bbox 1715 653 1846 722; x_wconf 71' lang='grc' dir='ltr'>περὶ</span> 
     </span>
    </p>
   </div>
   <div class='ocr_carea' id='block_1_7' title="bbox 269 741 1846 814">
    <p class='ocr_par' dir='ltr' id='par_1_7' title="bbox 269 741 1846 814">
     <span class='ocr_line' id='line_1_7' title="bbox 269 741 1846 814; baseline 0.003 -23"><span class='ocrx_word' id='word_1_41' title='bbox 269 743 324 793; x_wconf 76' lang='grc' dir='ltr'>τὰ</span> <span class='ocrx_word' id='word_1_42' title='bbox 377 742 549 807; x_wconf 74' lang='grc' dir='ltr'>καλὰ,</span> <span class='ocrx_word' id='word_1_43' title='bbox 595 741 732 794; x_wconf 74' lang='grc' dir='ltr'>ἀλλὰ</span> <span class='ocrx_word' id='word_1_44' title='bbox 772 745 872 810; x_wconf 75' lang='grc' dir='ltr'><strong>τῆς</strong></span> <span class='ocrx_word' id='word_1_45' title='bbox 919 742 1192 812; x_wconf 75' lang='grc' dir='ltr'><strong>τοσαύτης</strong></span> <span class='ocrx_word' id='word_1_46' title='bbox 1233 743 1414 796; x_wconf 75' lang='grc' dir='ltr'>αὐτῶν</span> <span class='ocrx_word' id='word_1_47' title='bbox 1454 743 1846 814; x_wconf 77' lang='grc' dir='ltr'><strong>κακοπραγίας</strong></span> 
     </span>
    </p>
   </div>
   <div class='ocr_carea' id='block_1_8' title="bbox 267 832 1846 904">
    <p class='ocr_par' dir='ltr' id='par_1_8' title="bbox 267 832 1846 904">
     <span class='ocr_line' id='line_1_8' title="bbox 267 832 1846 904; baseline 0.001 -19"><span class='ocrx_word' id='word_1_48' title='bbox 267 833 422 886; x_wconf 77' lang='grc' dir='ltr'>ἐλεόν-</span> <span class='ocrx_word' id='word_1_49' title='bbox 457 850 584 885; x_wconf 88' lang='grc' dir='ltr'>τινα</span> <span class='ocrx_word' id='word_1_50' title='bbox 632 832 925 896; x_wconf 89' lang='grc' dir='ltr'>λαϐόντας,</span> <span class='ocrx_word' id='word_1_51' title='bbox 975 833 1271 901; x_wconf 83' lang='grc' dir='ltr'>φείσασθαι</span> <span class='ocrx_word' id='word_1_52' title='bbox 1327 835 1426 904; x_wconf 79' lang='grc' dir='ltr'>τῆς</span> <span class='ocrx_word' id='word_1_53' title='bbox 1490 837 1694 897; x_wconf 83' lang='grc' dir='ltr'>πόλεως</span> <span class='ocrx_word' id='word_1_54' title='bbox 1753 836 1846 888; x_wconf 78' lang='grc' dir='ltr'>ἐπὶ</span> 
     </span>
    </p>
   </div>
   <div class='ocr_carea' id='block_1_9' title="bbox 267 924 1845 997">
    <p class='ocr_par' dir='ltr' id='par_1_9' title="bbox 267 924 1845 997">
     <span class='ocr_line' id='line_1_9' title="bbox 267 924 1845 997; baseline 0.001 -19"><span class='ocrx_word' id='word_1_55' title='bbox 267 929 506 997; x_wconf 70' lang='grc' dir='ltr'>χρήμασι</span> <span class='ocrx_word' id='word_1_56' title='bbox 558 927 764 997; x_wconf 59' lang='grc' dir='ltr'>ῥητοῖς.</span> <span class='ocrx_word' id='word_1_57' title='bbox 812 924 1002 978; x_wconf 88' lang='grc' dir='ltr'>Ταῦτα</span> <span class='ocrx_word' id='word_1_58' title='bbox 1059 925 1116 978; x_wconf 80' lang='grc' dir='ltr'>δὲ</span> <span class='ocrx_word' id='word_1_59' title='bbox 1167 928 1363 989; x_wconf 77' lang='grc' dir='ltr'>αὐτοὺς</span> <span class='ocrx_word' id='word_1_60' title='bbox 1417 928 1706 980; x_wconf 79' lang='grc' dir='ltr'>ἀποτίσειν</span> <span class='ocrx_word' id='word_1_61' title='bbox 1765 930 1845 990; x_wconf 86' lang='grc' dir='ltr'><strong>είς</strong></span> 
     </span>
    </p>
   </div>
   <div class='ocr_carea' id='block_1_10' title="bbox 269 1015 1844 1084">
    <p class='ocr_par' dir='ltr' id='par_1_10' title="bbox 269 1015 1844 1084">
     <span class='ocr_line' id='line_1_10' title="bbox 269 1015 1844 1084; baseline 0 -14"><span class='ocrx_word' id='word_1_62' title='bbox 269 1018 559 1080; x_wconf 70' lang='grc' dir='ltr'>Βυζάντιον</span> <span class='ocrx_word' id='word_1_63' title='bbox 591 1017 880 1084; x_wconf 69' lang='grc' dir='ltr'>ἀχθέντας,</span> <span class='ocrx_word' id='word_1_64' title='bbox 918 1019 966 1068; x_wconf 80' lang='grc' dir='ltr'>οἱ</span> <span class='ocrx_word' id='word_1_65' title='bbox 999 1016 1100 1084; x_wconf 77' lang='grc' dir='ltr'>μὲν</span> <span class='ocrx_word' id='word_1_66' title='bbox 1123 1015 1216 1068; x_wconf 73' lang='grc' dir='ltr'><strong>οῦν</strong></span> <span class='ocrx_word' id='word_1_67' title='bbox 1243 1017 1470 1070; x_wconf 84' lang='grc' dir='ltr'>τοιαῦτα</span> <span class='ocrx_word' id='word_1_68' title='bbox 1499 1017 1713 1070; x_wconf 71' lang='grc' dir='ltr'>ἐδέοντο</span> <span class='ocrx_word' id='word_1_69' title='bbox 1749 1017 1844 1071; x_wconf 87' lang='grc' dir='ltr'><strong>τοῦ</strong></span> 
     </span>
    </p>
   </div>
   <div class='ocr_carea' id='block_1_11' title="bbox 269 1109 1840 1181">
    <p class='ocr_par' dir='ltr' id='par_1_11' title="bbox 269 1109 1840 1181">
     <span class='ocr_line' id='line_1_11' title="bbox 269 1109 1840 1181; baseline -0.001 -17"><span class='ocrx_word' id='word_1_70' title='bbox 269 1111 596 1181; x_wconf 77' lang='grc' dir='ltr'>στρατηγοῦ.</span> <span class='ocrx_word' id='word_1_71' title='bbox 629 1111 869 1172; x_wconf 80' lang='grc' dir='ltr'>Ἐκεῖνος</span> <span class='ocrx_word' id='word_1_72' title='bbox 900 1110 957 1162; x_wconf 80' lang='grc' dir='ltr'><strong>δέ</strong></span> <span class='ocrx_word' id='word_1_73' title='bbox 989 1112 1107 1177; x_wconf 73' lang='grc' dir='ltr'><strong>ἅμα</strong></span> <span class='ocrx_word' id='word_1_74' title='bbox 1145 1111 1244 1180; x_wconf 80' lang='grc' dir='ltr'>μὲν</span> <span class='ocrx_word' id='word_1_75' title='bbox 1275 1112 1366 1163; x_wconf 84' lang='grc' dir='ltr'><strong>καὶ</strong></span> <span class='ocrx_word' id='word_1_76' title='bbox 1403 1109 1840 1179; x_wconf 62' lang='grc' dir='ltr'>φιλανθρωπίας,</span> 
     </span>
    </p>
   </div>
   <div class='ocr_carea' id='block_1_12' title="bbox 265 1201 1842 1271">
    <p class='ocr_par' dir='ltr' id='par_1_12' title="bbox 265 1201 1842 1271">
     <span class='ocr_line' id='line_1_12' title="bbox 265 1201 1842 1271; baseline -0.002 -15"><span class='ocrx_word' id='word_1_77' title='bbox 265 1205 349 1256; x_wconf 70' lang='grc' dir='ltr'>καὶ</span> <span class='ocrx_word' id='word_1_78' title='bbox 409 1204 754 1271; x_wconf 78' lang='grc' dir='ltr'>ἡμερότητος</span> <span class='ocrx_word' id='word_1_79' title='bbox 796 1201 958 1265; x_wconf 77' lang='grc' dir='ltr'>δόξαν</span> <span class='ocrx_word' id='word_1_80' title='bbox 1020 1201 1432 1268; x_wconf 80' lang='grc' dir='ltr'>ἀπενέγκασθαι</span> <span class='ocrx_word' id='word_1_81' title='bbox 1489 1202 1556 1254; x_wconf 85' lang='grc' dir='ltr'><strong>ἂν</strong></span> <span class='ocrx_word' id='word_1_82' title='bbox 1613 1203 1842 1270; x_wconf 76' lang='grc' dir='ltr'>οἰηθεὶς,</span> 
     </span>
    </p>
   </div>
   <div class='ocr_carea' id='block_1_13' title="bbox 268 1292 1844 1363">
    <p class='ocr_par' dir='ltr' id='par_1_13' title="bbox 268 1292 1844 1363">
     <span class='ocr_line' id='line_1_13' title="bbox 268 1292 1844 1363; baseline -0.003 -15"><span class='ocrx_word' id='word_1_83' title='bbox 268 1296 369 1363; x_wconf 84' lang='grc' dir='ltr'><strong>ἀμα</strong></span> <span class='ocrx_word' id='word_1_84' title='bbox 413 1294 477 1346; x_wconf 83' lang='grc' dir='ltr'>δὲ</span> <span class='ocrx_word' id='word_1_85' title='bbox 525 1295 621 1347; x_wconf 82' lang='grc' dir='ltr'><strong>καὶ</strong></span> <span class='ocrx_word' id='word_1_86' title='bbox 661 1293 759 1362; x_wconf 79' lang='grc' dir='ltr'>τὴν</span> <span class='ocrx_word' id='word_1_87' title='bbox 809 1294 1074 1360; x_wconf 70' lang='grc' dir='ltr'>στρατιὰν</span> <span class='ocrx_word' id='word_1_88' title='bbox 1119 1292 1577 1362; x_wconf 72' lang='grc' dir='ltr'>ὠφεληθήσεσθαι</span> <span class='ocrx_word' id='word_1_89' title='bbox 1624 1295 1687 1345; x_wconf 83' lang='grc' dir='ltr'><strong>ἐκ</strong></span> <span class='ocrx_word' id='word_1_90' title='bbox 1733 1293 1844 1344; x_wconf 85' lang='grc' dir='ltr'><strong>τῶν</strong></span> 
     </span>
    </p>
   </div>
   <div class='ocr_carea' id='block_1_14' title="bbox 266 1384 1842 1456">
    <p class='ocr_par' dir='ltr' id='par_1_14' title="bbox 266 1384 1842 1456">
     <span class='ocr_line' id='line_1_14' title="bbox 266 1384 1842 1456; baseline 0.001 -20"><span class='ocrx_word' id='word_1_91' title='bbox 266 1387 558 1456; x_wconf 73' lang='grc' dir='ltr'>χρημάτων</span> <span class='ocrx_word' id='word_1_92' title='bbox 607 1385 707 1437; x_wconf 70' lang='grc' dir='ltr'>οὐκ</span> <span class='ocrx_word' id='word_1_93' title='bbox 732 1385 897 1452; x_wconf 75' lang='grc' dir='ltr'>ὀλίγα</span> <span class='ocrx_word' id='word_1_94' title='bbox 919 1401 932 1414; x_wconf 89' lang='grc'><strong>·</strong></span> <span class='ocrx_word' id='word_1_95' title='bbox 971 1385 1237 1455; x_wconf 78' lang='grc' dir='ltr'>πλείστης</span> <span class='ocrx_word' id='word_1_96' title='bbox 1273 1387 1384 1454; x_wconf 75' lang='grc' dir='ltr'>γὰρ</span> <span class='ocrx_word' id='word_1_97' title='bbox 1414 1384 1627 1437; x_wconf 67' lang='grc' dir='ltr'>ἐδέοντο</span> <span class='ocrx_word' id='word_1_98' title='bbox 1668 1387 1842 1438; x_wconf 75' lang='grc' dir='ltr'>δαπάο</span> 
     </span>
    </p>
   </div>
   <div class='ocr_carea' id='block_1_15' title="bbox 272 1475 1839 1548">
    <p class='ocr_par' dir='ltr' id='par_1_15' title="bbox 272 1475 1839 1548">
     <span class='ocr_line' id='line_1_15' title="bbox 272 1475 1839 1548; baseline 0 -20"><span class='ocrx_word' id='word_1_99' title='bbox 272 1495 350 1546; x_wconf 78' lang='grc' dir='ltr'><strong>νης</strong></span> <span class='ocrx_word' id='word_1_100' title='bbox 373 1477 461 1545; x_wconf 81' lang='grc' dir='ltr'>ἐφ’</span> <span class='ocrx_word' id='word_1_101' title='bbox 492 1475 636 1529; x_wconf 71' lang='grc' dir='ltr'>οὕτω</span> <span class='ocrx_word' id='word_1_102' title='bbox 680 1475 1026 1546; x_wconf 73' lang='grc' dir='ltr'>χρονιζούση,</span> <span class='ocrx_word' id='word_1_103' title='bbox 1070 1478 1163 1528; x_wconf 70' lang='grc' dir='ltr'><strong>καὶ</strong></span> <span class='ocrx_word' id='word_1_104' title='bbox 1215 1478 1429 1547; x_wconf 74' lang='grc' dir='ltr'>μεγάλῃ</span> <span class='ocrx_word' id='word_1_105' title='bbox 1485 1479 1839 1548; x_wconf 85' lang='grc' dir='ltr'>παρασκευῇ,</span> 
     </span>
    </p>
   </div>
   <div class='ocr_carea' id='block_1_16' title="bbox 270 1568 1842 1640">
    <p class='ocr_par' dir='ltr' id='par_1_16' title="bbox 270 1568 1842 1640">
     <span class='ocr_line' id='line_1_16' title="bbox 270 1568 1842 1640; baseline -0.002 -17"><span class='ocrx_word' id='word_1_106' title='bbox 270 1568 528 1630; x_wconf 85' lang='grc' dir='ltr'>ἐπείθετο,</span> <span class='ocrx_word' id='word_1_107' title='bbox 582 1569 678 1621; x_wconf 73' lang='grc' dir='ltr'>καὶ</span> <span class='ocrx_word' id='word_1_108' title='bbox 733 1569 992 1621; x_wconf 83' lang='grc' dir='ltr'>συνέθετο</span> <span class='ocrx_word' id='word_1_109' title='bbox 1047 1570 1142 1621; x_wconf 80' lang='grc' dir='ltr'><strong>ἐπὶ</strong></span> <span class='ocrx_word' id='word_1_110' title='bbox 1205 1572 1449 1638; x_wconf 85' lang='grc' dir='ltr'>χρήμασι</span> <span class='ocrx_word' id='word_1_111' title='bbox 1503 1571 1688 1640; x_wconf 70' lang='grc' dir='ltr'>ῥητοῖς</span> <span class='ocrx_word' id='word_1_112' title='bbox 1741 1569 1842 1639; x_wconf 79' lang='grc' dir='ltr'><strong>τὴν</strong></span> 
     </span>
    </p>
   </div>
   <div class='ocr_carea' id='block_1_17' title="bbox 270 1662 1840 1733">
    <p class='ocr_par' dir='ltr' id='par_1_17' title="bbox 270 1662 1840 1733">
     <span class='ocr_line' id='line_1_17' title="bbox 270 1662 1840 1733; baseline -0.001 -17"><span class='ocrx_word' id='word_1_113' title='bbox 270 1667 404 1717; x_wconf 77' lang='grc' dir='ltr'>πόλιν</span> <span class='ocrx_word' id='word_1_114' title='bbox 439 1666 690 1718; x_wconf 73' lang='grc' dir='ltr'>ἐκλιπεῖν</span> <span class='ocrx_word' id='word_1_115' title='bbox 720 1665 1066 1730; x_wconf 81' lang='grc' dir='ltr'>παντάπασι,</span> <span class='ocrx_word' id='word_1_116' title='bbox 1101 1665 1196 1716; x_wconf 80' lang='grc' dir='ltr'>καὶ</span> <span class='ocrx_word' id='word_1_117' title='bbox 1225 1667 1392 1730; x_wconf 83' lang='grc' dir='ltr'>σῖτον,</span> <span class='ocrx_word' id='word_1_118' title='bbox 1426 1664 1518 1716; x_wconf 72' lang='grc' dir='ltr'>καὶ</span> <span class='ocrx_word' id='word_1_119' title='bbox 1546 1663 1646 1733; x_wconf 85' lang='grc' dir='ltr'>τὴν</span> <span class='ocrx_word' id='word_1_120' title='bbox 1670 1662 1840 1733; x_wconf 79' lang='grc' dir='ltr'>ἄλλην</span> 
     </span>
    </p>
   </div>
   <div class='ocr_carea' id='block_1_18' title="bbox 271 1753 1840 1828">
    <p class='ocr_par' dir='ltr' id='par_1_18' title="bbox 271 1753 1840 1828">
     <span class='ocr_line' id='line_1_18' title="bbox 271 1753 1840 1828; baseline -0.001 -18"><span class='ocrx_word' id='word_1_121' title='bbox 271 1759 476 1810; x_wconf 79' lang='grc' dir='ltr'>ἀπασαν</span> <span class='ocrx_word' id='word_1_122' title='bbox 522 1756 624 1828; x_wconf 78' lang='grc' dir='ltr'>τὴν</span> <span class='ocrx_word' id='word_1_123' title='bbox 673 1757 954 1827; x_wconf 75' lang='grc' dir='ltr'>ἄχρηστον</span> <span class='ocrx_word' id='word_1_124' title='bbox 985 1755 1167 1818; x_wconf 81' lang='grc' dir='ltr'>αὐτοῖς</span> <span class='ocrx_word' id='word_1_125' title='bbox 1207 1756 1546 1826; x_wconf 83' lang='grc' dir='ltr'>ἀποσκευήν.</span> <span class='ocrx_word' id='word_1_126' title='bbox 1585 1753 1840 1824; x_wconf 79' lang='grc' dir='ltr'>Ὅμηρόν</span> 
     </span>
    </p>
   </div>
   <div class='ocr_carea' id='block_1_19' title="bbox 272 1847 1841 1918">
    <p class='ocr_par' dir='ltr' id='par_1_19' title="bbox 272 1847 1841 1918">
     <span class='ocr_line' id='line_1_19' title="bbox 272 1847 1841 1918; baseline 0 -16"><span class='ocrx_word' id='word_1_127' title='bbox 272 1866 321 1902; x_wconf 81' lang='grc' dir='ltr'><strong>τε</strong></span> <span class='ocrx_word' id='word_1_128' title='bbox 345 1848 606 1912; x_wconf 86' lang='grc' dir='ltr'>λαϐόντες</span> <span class='ocrx_word' id='word_1_129' title='bbox 645 1849 778 1911; x_wconf 81' lang='grc' dir='ltr'>τοὺς</span> <span class='ocrx_word' id='word_1_130' title='bbox 809 1849 1074 1918; x_wconf 82' lang='grc' dir='ltr'>ἀρίστους</span> <span class='ocrx_word' id='word_1_131' title='bbox 1120 1847 1229 1900; x_wconf 83' lang='grc' dir='ltr'><strong>τῶν</strong></span> <span class='ocrx_word' id='word_1_132' title='bbox 1260 1847 1495 1902; x_wconf 80' lang='grc' dir='ltr'>πολιτῶν</span> <span class='ocrx_word' id='word_1_133' title='bbox 1526 1847 1621 1900; x_wconf 74' lang='grc' dir='ltr'>ἐπὶ</span> <span class='ocrx_word' id='word_1_134' title='bbox 1659 1849 1738 1917; x_wconf 80' lang='grc' dir='ltr'>τῷ</span> <span class='ocrx_word' id='word_1_135' title='bbox 1770 1848 1841 1902; x_wconf 85' lang='grc' dir='ltr'>τὰ</span> 
     </span>
    </p>
   </div>
   <div class='ocr_carea' id='block_1_20' title="bbox 273 1939 1840 2012">
    <p class='ocr_par' dir='ltr' id='par_1_20' title="bbox 273 1939 1840 2012">
     <span class='ocr_line' id='line_1_20' title="bbox 273 1939 1840 2012; baseline 0.001 -17"><span class='ocrx_word' id='word_1_136' title='bbox 273 1945 518 2012; x_wconf 75' lang='grc' dir='ltr'>χρήματα</span> <span class='ocrx_word' id='word_1_137' title='bbox 583 1941 917 2008; x_wconf 79' lang='grc' dir='ltr'>ἀποδοῦναι,</span> <span class='ocrx_word' id='word_1_138' title='bbox 968 1939 1247 2012; x_wconf 77' lang='grc' dir='ltr'>ἐπανῆκον</span> <span class='ocrx_word' id='word_1_139' title='bbox 1301 1945 1380 2004; x_wconf 89' lang='grc' dir='ltr'><strong>εἰς</strong></span> <span class='ocrx_word' id='word_1_140' title='bbox 1444 1942 1696 1996; x_wconf 83' lang='grc' dir='ltr'>Γαλατᾶν</span> <span class='ocrx_word' id='word_1_141' title='bbox 1750 1942 1840 1996; x_wconf 61' lang='grc' dir='ltr'>τὸν</span> 
     </span>
    </p>
   </div>
   <div class='ocr_carea' id='block_1_21' title="bbox 275 2033 1840 2108">
    <p class='ocr_par' dir='ltr' id='par_1_21' title="bbox 275 2033 1840 2108">
     <span class='ocr_line' id='line_1_21' title="bbox 275 2033 1840 2108; baseline 0.001 -20"><span class='ocrx_word' id='word_1_142' title='bbox 275 2037 414 2090; x_wconf 79' lang='grc' dir='ltr'>ἀλλον</span> <span class='ocrx_word' id='word_1_143' title='bbox 463 2038 664 2108; x_wconf 81' lang='grc' dir='ltr'>δῆμον,</span> <span class='ocrx_word' id='word_1_144' title='bbox 712 2037 806 2090; x_wconf 76' lang='grc' dir='ltr'><strong>καὶ</strong></span> <span class='ocrx_word' id='word_1_145' title='bbox 858 2035 958 2106; x_wconf 80' lang='grc' dir='ltr'><strong>τὴν</strong></span> <span class='ocrx_word' id='word_1_146' title='bbox 1012 2036 1170 2090; x_wconf 87' lang='grc' dir='ltr'>πόλιν</span> <span class='ocrx_word' id='word_1_147' title='bbox 1225 2033 1562 2098; x_wconf 83' lang='grc' dir='ltr'>ἐκλιπόντες.</span> <span class='ocrx_word' id='word_1_148' title='bbox 1608 2037 1840 2090; x_wconf 74' lang='grc' dir='ltr'>Ἔπειτα</span> 
     </span>
    </p>
   </div>
   <div class='ocr_carea' id='block_1_22' title="bbox 277 2128 1839 2194">
    <p class='ocr_par' dir='ltr' id='par_1_22' title="bbox 277 2128 1839 2194">
     <span class='ocr_line' id='line_1_22' title="bbox 277 2128 1839 2194; baseline 0.001 -14"><span class='ocrx_word' id='word_1_149' title='bbox 277 2129 398 2191; x_wconf 80' lang='grc' dir='ltr'>τινὲς</span> <span class='ocrx_word' id='word_1_150' title='bbox 437 2130 545 2182; x_wconf 84' lang='grc' dir='ltr'>τῶν</span> <span class='ocrx_word' id='word_1_151' title='bbox 605 2129 993 2194; x_wconf 78' lang='grc' dir='ltr'>Σωζοπολιτῶν</span> <span class='ocrx_word' id='word_1_152' title='bbox 1040 2128 1146 2182; x_wconf 78' lang='grc' dir='ltr'>ὑπὸ</span> <span class='ocrx_word' id='word_1_153' title='bbox 1192 2128 1302 2182; x_wconf 82' lang='grc' dir='ltr'>τῶν</span> <span class='ocrx_word' id='word_1_154' title='bbox 1344 2129 1594 2183; x_wconf 83' lang='grc' dir='ltr'>Λατίνων</span> <span class='ocrx_word' id='word_1_155' title='bbox 1626 2131 1707 2192; x_wconf 89' lang='grc' dir='ltr'><strong>είς</strong></span> <span class='ocrx_word' id='word_1_156' title='bbox 1739 2131 1839 2182; x_wconf 60' lang='lat' dir='ltr'><strong>Bue</strong></span> 
     </span>
    </p>
   </div>
   <div class='ocr_carea' id='block_1_23' title="bbox 284 2219 1839 2292">
    <p class='ocr_par' dir='ltr' id='par_1_23' title="bbox 284 2219 1839 2292">
     <span class='ocr_line' id='line_1_23' title="bbox 284 2219 1839 2292; baseline 0.001 -19"><span class='ocrx_word' id='word_1_157' title='bbox 284 2221 469 2282; x_wconf 80' lang='grc' dir='ltr'>ζάντιον</span> <span class='ocrx_word' id='word_1_158' title='bbox 498 2221 678 2274; x_wconf 88' lang='grc' dir='ltr'>ἐλθεῖν</span> <span class='ocrx_word' id='word_1_159' title='bbox 705 2220 1123 2290; x_wconf 79' lang='grc' dir='ltr'>ἐπιτραπέντες,</span> <span class='ocrx_word' id='word_1_160' title='bbox 1154 2219 1251 2274; x_wconf 71' lang='grc' dir='ltr'>καὶ</span> <span class='ocrx_word' id='word_1_161' title='bbox 1286 2221 1426 2292; x_wconf 81' lang='grc' dir='ltr'>ὑπὲρ</span> <span class='ocrx_word' id='word_1_162' title='bbox 1469 2221 1621 2289; x_wconf 83' lang='grc' dir='ltr'>σφῶν</span> <span class='ocrx_word' id='word_1_163' title='bbox 1653 2238 1712 2273; x_wconf 89' lang='grc' dir='ltr'><strong>τε</strong></span> <span class='ocrx_word' id='word_1_164' title='bbox 1747 2221 1839 2274; x_wconf 80' lang='grc' dir='ltr'>καὶ</span> 
     </span>
    </p>
   </div>
   <div class='ocr_carea' id='block_1_24' title="bbox 295 2311 1840 2384">
    <p class='ocr_par' dir='ltr' id='par_1_24' title="bbox 295 2311 1840 2384">
     <span class='ocr_line' id='line_1_24' title="bbox 295 2311 1840 2384; baseline 0.001 -19"><span class='ocrx_word' id='word_1_165' title='bbox 295 2311 378 2379; x_wconf 68' lang='grc' dir='ltr'>τῆς</span> <span class='ocrx_word' id='word_1_166' title='bbox 405 2314 552 2382; x_wconf 59' lang='lat' dir='ltr'><strong>fiqu</strong></span> <span class='ocrx_word' id='word_1_167' title='bbox 592 2314 800 2372; x_wconf 76' lang='grc' dir='ltr'>πόλεως</span> <span class='ocrx_word' id='word_1_168' title='bbox 838 2316 990 2384; x_wconf 83' lang='grc' dir='ltr'><strong>παρά</strong></span> <span class='ocrx_word' id='word_1_169' title='bbox 1031 2313 1341 2378; x_wconf 83' lang='grc' dir='ltr'>Βυζαντίων</span> <span class='ocrx_word' id='word_1_170' title='bbox 1372 2314 1633 2384; x_wconf 85' lang='grc' dir='ltr'>χρήματα</span> <span class='ocrx_word' id='word_1_171' title='bbox 1658 2315 1840 2366; x_wconf 86' lang='grc' dir='ltr'>δανει-</span> 
     </span>
    </p>
   </div>
   <div class='ocr_carea' id='block_1_25' title="bbox 301 2403 1840 2473">
    <p class='ocr_par' dir='ltr' id='par_1_25' title="bbox 301 2403 1840 2473">
     <span class='ocr_line' id='line_1_25' title="bbox 301 2403 1840 2473; baseline 0.001 -21"><span class='ocrx_word' id='word_1_172' title='bbox 301 2403 513 2470; x_wconf 73' lang='grc' dir='ltr'>σάμενοι,</span> <span class='ocrx_word' id='word_1_173' title='bbox 563 2403 826 2456; x_wconf 79' lang='grc' dir='ltr'>ἀπέδοσαν</span> <span class='ocrx_word' id='word_1_174' title='bbox 873 2404 1127 2465; x_wconf 78' lang='grc' dir='ltr'>Λατίνοις</span> <span class='ocrx_word' id='word_1_175' title='bbox 1185 2404 1250 2456; x_wconf 84' lang='grc' dir='ltr'><strong>τά</strong></span> <span class='ocrx_word' id='word_1_176' title='bbox 1320 2403 1698 2473; x_wconf 81' lang='grc' dir='ltr'>ὑπεσχημένα,</span> <span class='ocrx_word' id='word_1_177' title='bbox 1745 2404 1840 2456; x_wconf 75' lang='grc' dir='ltr'>καὶ</span> 
     </span>
    </p>
   </div>
   <div class='ocr_carea' id='block_1_26' title="bbox 296 2491 1838 2563">
    <p class='ocr_par' dir='ltr' id='par_1_26' title="bbox 296 2491 1838 2563">
     <span class='ocr_line' id='line_1_26' title="bbox 296 2491 1838 2563; baseline 0.001 -21"><span class='ocrx_word' id='word_1_178' title='bbox 296 2491 408 2559; x_wconf 78' lang='grc' dir='ltr'>πρὸς</span> <span class='ocrx_word' id='word_1_179' title='bbox 452 2491 548 2558; x_wconf 76' lang='grc' dir='ltr'>τήν</span> <span class='ocrx_word' id='word_1_180' title='bbox 601 2493 832 2562; x_wconf 82' lang='grc' dir='ltr'>πατρίδα</span> <span class='ocrx_word' id='word_1_181' title='bbox 885 2493 1180 2563; x_wconf 77' lang='grc' dir='ltr'>ἐπανῆκον.</span> <span class='ocrx_word' id='word_1_182' title='bbox 1233 2491 1630 2558; x_wconf 80' lang='grc' dir='ltr'>Ἡρακλεωτῶν</span> <span class='ocrx_word' id='word_1_183' title='bbox 1680 2491 1736 2544; x_wconf 84' lang='grc' dir='ltr'><strong>δὲ</strong></span> <span class='ocrx_word' id='word_1_184' title='bbox 1789 2493 1838 2544; x_wconf 86' lang='grc' dir='ltr'>οἱ</span> 
     </span>
    </p>
   </div>
   <div class='ocr_carea' id='block_1_27' title="bbox 285 2580 1836 2653">
    <p class='ocr_par' dir='ltr' id='par_1_27' title="bbox 285 2580 1836 2653">
     <span class='ocr_line' id='line_1_27' title="bbox 285 2580 1836 2653; baseline 0.003 -19"><span class='ocrx_word' id='word_1_185' title='bbox 285 2580 492 2649; x_wconf 79' lang='grc' dir='ltr'>ἄριστοι,</span> <span class='ocrx_word' id='word_1_186' title='bbox 535 2585 631 2635; x_wconf 73' lang='grc' dir='ltr'><strong>καὶ</strong></span> <span class='ocrx_word' id='word_1_187' title='bbox 679 2585 894 2653; x_wconf 83' lang='grc' dir='ltr'>ἄνδρες.</span> <span class='ocrx_word' id='word_1_188' title='bbox 947 2585 1041 2637; x_wconf 72' lang='grc' dir='ltr'>καὶ</span> <span class='ocrx_word' id='word_1_189' title='bbox 1081 2587 1359 2650; x_wconf 84' lang='grc' dir='ltr'>γυναῖκες,</span> <span class='ocrx_word' id='word_1_190' title='bbox 1403 2584 1645 2636; x_wconf 77' lang='grc' dir='ltr'>ἐδέδεντο</span> <span class='ocrx_word' id='word_1_191' title='bbox 1682 2585 1836 2653; x_wconf 71' lang='grc' dir='ltr'>παρὰ</span> 
     </span>
    </p>
   </div>
   <div class='ocr_carea' id='block_1_28' title="bbox 280 2670 1838 2744">
    <p class='ocr_par' dir='ltr' id='par_1_28' title="bbox 280 2670 1838 2744">
     <span class='ocr_line' id='line_1_28' title="bbox 280 2670 1838 2744; baseline 0.003 -22"><span class='ocrx_word' id='word_1_192' title='bbox 280 2670 533 2732; x_wconf 74' lang='grc' dir='ltr'>Λατίνοις,</span> <span class='ocrx_word' id='word_1_193' title='bbox 587 2673 680 2725; x_wconf 78' lang='grc' dir='ltr'>καὶ</span> <span class='ocrx_word' id='word_1_194' title='bbox 744 2675 1000 2743; x_wconf 75' lang='grc' dir='ltr'>χρήματα</span> <span class='ocrx_word' id='word_1_195' title='bbox 1060 2675 1154 2724; x_wconf 75' lang='grc' dir='ltr'><strong>ἐπὶ</strong></span> <span class='ocrx_word' id='word_1_196' title='bbox 1210 2673 1364 2726; x_wconf 82' lang='grc' dir='ltr'>λύσει</span> <span class='ocrx_word' id='word_1_197' title='bbox 1419 2672 1752 2744; x_wconf 77' lang='grc' dir='ltr'>ἀπῃτοῦντο,</span> <span class='ocrx_word' id='word_1_198' title='bbox 1804 2673 1838 2727; x_wconf 78' lang='grc' dir='ltr'><strong>ἃ</strong></span> 
     </span>
    </p>
   </div>
   <div class='ocr_carea' id='block_1_29' title="bbox 275 2761 1839 2834">
    <p class='ocr_par' dir='ltr' id='par_1_29' title="bbox 275 2761 1839 2834">
     <span class='ocr_line' id='line_1_29' title="bbox 275 2761 1839 2834; baseline 0.004 -20"><span class='ocrx_word' id='word_1_199' title='bbox 275 2763 557 2831; x_wconf 71' lang='grc' dir='ltr'>οὐδαμόθεν</span> <span class='ocrx_word' id='word_1_200' title='bbox 589 2761 656 2834; x_wconf 74' lang='grc' dir='ltr'>ἦν</span> <span class='ocrx_word' id='word_1_201' title='bbox 691 2767 950 2831; x_wconf 87' lang='grc' dir='ltr'>ἐκτίνειν,</span> <span class='ocrx_word' id='word_1_202' title='bbox 983 2765 1090 2818; x_wconf 83' lang='grc' dir='ltr'><strong>τῶν</strong></span> <span class='ocrx_word' id='word_1_203' title='bbox 1119 2783 1177 2819; x_wconf 87' lang='grc' dir='ltr'><strong>τε</strong></span> <span class='ocrx_word' id='word_1_204' title='bbox 1219 2766 1442 2818; x_wconf 83' lang='grc' dir='ltr'>οἰκείων</span> <span class='ocrx_word' id='word_1_205' title='bbox 1481 2765 1700 2818; x_wconf 83' lang='grc' dir='ltr'>πάντων</span> <span class='ocrx_word' id='word_1_206' title='bbox 1733 2768 1839 2820; x_wconf 83' lang='grc' dir='ltr'><strong>ὑπὸ</strong></span> 
     </span>
    </p>
   </div>
   <div class='ocr_carea' id='block_1_30' title="bbox 275 2854 1836 2928">
    <p class='ocr_par' dir='ltr' id='par_1_30' title="bbox 275 2854 1836 2928">
     <span class='ocr_line' id='line_1_30' title="bbox 275 2854 1836 2928; baseline 0.001 -18"><span class='ocrx_word' id='word_1_207' title='bbox 275 2854 368 2910; x_wconf 72' lang='grc' dir='ltr'><strong>τῶν</strong></span> <span class='ocrx_word' id='word_1_208' title='bbox 399 2856 678 2923; x_wconf 78' lang='grc' dir='ltr'>πολεμίων</span> <span class='ocrx_word' id='word_1_209' title='bbox 710 2856 1150 2927; x_wconf 70' lang='grc' dir='ltr'>διεφθαρμένων,</span> <span class='ocrx_word' id='word_1_210' title='bbox 1186 2859 1280 2910; x_wconf 71' lang='grc' dir='ltr'>καὶ</span> <span class='ocrx_word' id='word_1_211' title='bbox 1310 2857 1416 2910; x_wconf 83' lang='grc' dir='ltr'><strong>τῶν</strong></span> <span class='ocrx_word' id='word_1_212' title='bbox 1461 2857 1632 2926; x_wconf 77' lang='grc' dir='ltr'>φίλων</span> <span class='ocrx_word' id='word_1_213' title='bbox 1679 2859 1836 2928; x_wconf 80' lang='grc' dir='ltr'>ἐξαρ-</span> 
     </span>
    </p>
   </div>
   <div class='ocr_carea' id='block_1_31' title="bbox 272 2949 1838 3022">
    <p class='ocr_par' dir='ltr' id='par_1_31' title="bbox 272 2949 1838 3022">
     <span class='ocr_line' id='line_1_31' title="bbox 272 2949 1838 3022; baseline 0.002 -22"><span class='ocrx_word' id='word_1_214' title='bbox 272 2949 479 3013; x_wconf 70' lang='grc' dir='ltr'>κοῦντος</span> <span class='ocrx_word' id='word_1_215' title='bbox 516 2951 659 3020; x_wconf 72' lang='grc' dir='ltr'>πρὸς</span> <span class='ocrx_word' id='word_1_216' title='bbox 695 2952 1014 3020; x_wconf 79' lang='grc' dir='ltr'>ἐπικουρίαν</span> <span class='ocrx_word' id='word_1_217' title='bbox 1044 2951 1258 3014; x_wconf 80' lang='grc' dir='ltr'>οὐδενός</span> <span class='ocrx_word' id='word_1_218' title='bbox 1283 2966 1298 2982; x_wconf 89' lang='grc'><strong>·</strong></span> <span class='ocrx_word' id='word_1_219' title='bbox 1334 2952 1535 3022; x_wconf 74' lang='grc' dir='ltr'>ἤρκεσε</span> <span class='ocrx_word' id='word_1_220' title='bbox 1569 2952 1625 3005; x_wconf 84' lang='grc' dir='ltr'><strong>δὲ</strong></span> <span class='ocrx_word' id='word_1_221' title='bbox 1653 2952 1838 3016; x_wconf 78' lang='grc' dir='ltr'>αὐτοῖς</span> 
     </span>
    </p>
   </div>
   <div class='ocr_carea' id='block_1_32' title="bbox 272 3041 1909 3130">
    <p class='ocr_par' dir='ltr' id='par_1_32' title="bbox 272 3041 1909 3130">
     <span class='ocr_line' id='line_1_32' title="bbox 272 3041 1909 3130; baseline 0.002 -38"><span class='ocrx_word' id='word_1_222' title='bbox 272 3041 376 3093; x_wconf 74' lang='grc' dir='ltr'>ἀντὶ</span> <span class='ocrx_word' id='word_1_223' title='bbox 426 3043 655 3096; x_wconf 82' lang='grc' dir='ltr'>πάντων</span> <span class='ocrx_word' id='word_1_224' title='bbox 703 3044 834 3114; x_wconf 72' lang='grc' dir='ltr'>πρὸς</span> <span class='ocrx_word' id='word_1_225' title='bbox 886 3043 1039 3097; x_wconf 82' lang='grc' dir='ltr'>λύσιν</span> <span class='ocrx_word' id='word_1_226' title='bbox 1081 3045 1181 3112; x_wconf 77' lang='grc' dir='ltr'><strong>τῆς</strong></span> <span class='ocrx_word' id='word_1_227' title='bbox 1234 3043 1503 3110; x_wconf 78' lang='grc' dir='ltr'>τοσαύτης</span> <span class='ocrx_word' id='word_1_228' title='bbox 1550 3060 1834 3112; x_wconf 88' lang='grc' dir='ltr'>κακοπρα-</span> <span class='ocrx_word' id='word_1_229' title='bbox 1864 3069 1909 3130; x_wconf 79' lang='lat' dir='ltr'><strong><em>C</em></strong></span> 
     </span>
    </p>
   </div>
   <div class='ocr_carea' id='block_1_33' title="bbox 267 3131 1835 3205">
    <p class='ocr_par' dir='ltr' id='par_1_33' title="bbox 267 3131 1835 3205">
     <span class='ocr_line' id='line_1_33' title="bbox 267 3131 1835 3205; baseline 0.005 -25"><span class='ocrx_word' id='word_1_230' title='bbox 267 3131 396 3194; x_wconf 87' lang='grc' dir='ltr'>γίας,</span> <span class='ocrx_word' id='word_1_231' title='bbox 431 3133 692 3196; x_wconf 74' lang='grc' dir='ltr'>Φιλόθεος</span> <span class='ocrx_word' id='word_1_232' title='bbox 739 3135 766 3185; x_wconf 84' lang='grc' dir='ltr'>ὁ</span> <span class='ocrx_word' id='word_1_233' title='bbox 816 3135 914 3201; x_wconf 65' lang='grc' dir='ltr'>τῆς</span> <span class='ocrx_word' id='word_1_234' title='bbox 969 3135 1090 3186; x_wconf 83' lang='grc' dir='ltr'>κατ’</span> <span class='ocrx_word' id='word_1_235' title='bbox 1145 3135 1342 3198; x_wconf 73' lang='grc' dir='ltr'>αὐτοὺς</span> <span class='ocrx_word' id='word_1_236' title='bbox 1397 3135 1699 3205; x_wconf 77' lang='grc' dir='ltr'>ἐκκλησίας</span> <span class='ocrx_word' id='word_1_237' title='bbox 1734 3136 1835 3205; x_wconf 83' lang='grc' dir='ltr'>τὴν</span> 
     </span>
    </p>
   </div>
   <div class='ocr_carea' id='block_1_34' title="bbox 268 3222 1839 3298">
    <p class='ocr_par' dir='ltr' id='par_1_34' title="bbox 268 3222 1839 3298">
     <span class='ocr_line' id='line_1_34' title="bbox 268 3222 1839 3298; baseline 0.004 -24"><span class='ocrx_word' id='word_1_238' title='bbox 268 3222 426 3290; x_wconf 58' lang='grc' dir='ltr'>ἀρχὴν</span> <span class='ocrx_word' id='word_1_239' title='bbox 463 3224 984 3294; x_wconf 76' lang='grc' dir='ltr'>ἐγκεχειρισμένος.</span> <span class='ocrx_word' id='word_1_240' title='bbox 1020 3227 1253 3298; x_wconf 72' lang='grc' dir='ltr'>Προνοίᾳ</span> <span class='ocrx_word' id='word_1_241' title='bbox 1280 3228 1390 3297; x_wconf 78' lang='grc' dir='ltr'><strong>γὰρ</strong></span> <span class='ocrx_word' id='word_1_242' title='bbox 1425 3227 1559 3279; x_wconf 83' lang='grc' dir='ltr'>Θεοῦ</span> <span class='ocrx_word' id='word_1_243' title='bbox 1609 3229 1710 3297; x_wconf 81' lang='grc' dir='ltr'><strong>τῆς</strong></span> <span class='ocrx_word' id='word_1_244' title='bbox 1741 3228 1839 3280; x_wconf 84' lang='grc' dir='ltr'>πό-</span> 
     </span>
    </p>
   </div>
   <div class='ocr_carea' id='block_1_35' title="bbox 267 3315 1837 3387">
    <p class='ocr_par' dir='ltr' id='par_1_35' title="bbox 267 3315 1837 3387">
     <span class='ocr_line' id='line_1_35' title="bbox 267 3315 1837 3387; baseline 0.006 -25"><span class='ocrx_word' id='word_1_245' title='bbox 267 3322 385 3374; x_wconf 71' lang='grc' dir='ltr'>λεως</span> <span class='ocrx_word' id='word_1_246' title='bbox 413 3315 590 3382; x_wconf 74' lang='grc' dir='ltr'>ἡνίκα</span> <span class='ocrx_word' id='word_1_247' title='bbox 638 3315 896 3383; x_wconf 80' lang='grc' dir='ltr'>ἡλίσκετο</span> <span class='ocrx_word' id='word_1_248' title='bbox 944 3317 1267 3386; x_wconf 74' lang='grc' dir='ltr'>ἀποδημῶν,</span> <span class='ocrx_word' id='word_1_249' title='bbox 1301 3317 1368 3370; x_wconf 87' lang='grc' dir='ltr'><strong>τά</strong></span> <span class='ocrx_word' id='word_1_250' title='bbox 1412 3319 1644 3387; x_wconf 85' lang='grc' dir='ltr'>μέγιστα</span> <span class='ocrx_word' id='word_1_251' title='bbox 1680 3336 1837 3372; x_wconf 88' lang='grc' dir='ltr'>συνε-</span> 
     </span>
    </p>
   </div>
   <div class='ocr_carea' id='block_1_36' title="bbox 264 3399 1836 3481">
    <p class='ocr_par' dir='ltr' id='par_1_36' title="bbox 264 3399 1836 3481">
     <span class='ocr_line' id='line_1_36' title="bbox 264 3399 1836 3481; baseline 0.008 -30"><span class='ocrx_word' id='word_1_252' title='bbox 264 3399 439 3454; x_wconf 73' lang='grc' dir='ltr'>ϐάλετο</span> <span class='ocrx_word' id='word_1_253' title='bbox 469 3404 619 3471; x_wconf 78' lang='grc' dir='ltr'>πρὸς</span> <span class='ocrx_word' id='word_1_254' title='bbox 663 3406 763 3472; x_wconf 77' lang='grc' dir='ltr'><strong>τὴν</strong></span> <span class='ocrx_word' id='word_1_255' title='bbox 804 3403 1118 3476; x_wconf 80' lang='grc' dir='ltr'>ἐλευθερίαν</span> <span class='ocrx_word' id='word_1_256' title='bbox 1144 3409 1256 3470; x_wconf 69' lang='grc' dir='ltr'>τοῖς</span> <span class='ocrx_word' id='word_1_257' title='bbox 1289 3408 1535 3472; x_wconf 74' lang='grc' dir='ltr'>πολίταις</span> <span class='ocrx_word' id='word_1_258' title='bbox 1558 3424 1570 3437; x_wconf 90' lang='grc'>·</span> <span class='ocrx_word' id='word_1_259' title='bbox 1608 3403 1697 3462; x_wconf 76' lang='grc' dir='ltr'>οἷα</span> <span class='ocrx_word' id='word_1_260' title='bbox 1727 3411 1836 3481; x_wconf 78' lang='grc' dir='ltr'>γὰρ</span> 
     </span>
    </p>
   </div>
   <div class='ocr_carea' id='block_1_37' title="bbox 261 3492 1834 3569">
    <p class='ocr_par' dir='ltr' id='par_1_37' title="bbox 261 3492 1834 3569">
     <span class='ocr_line' id='line_1_37' title="bbox 261 3492 1834 3569; baseline 0.006 -27"><span class='ocrx_word' id='word_1_261' title='bbox 261 3492 411 3556; x_wconf 67' lang='grc' dir='ltr'>καλὸς</span> <span class='ocrx_word' id='word_1_262' title='bbox 448 3493 670 3563; x_wconf 77' lang='grc' dir='ltr'>ποιμὴν</span> <span class='ocrx_word' id='word_1_263' title='bbox 697 3496 798 3564; x_wconf 79' lang='grc' dir='ltr'>τὴν</span> <span class='ocrx_word' id='word_1_264' title='bbox 828 3494 1008 3565; x_wconf 64' lang='grc' dir='ltr'>ψυχὴν</span> <span class='ocrx_word' id='word_1_265' title='bbox 1048 3497 1246 3565; x_wconf 80' lang='grc' dir='ltr'>ἔθηκεν</span> <span class='ocrx_word' id='word_1_266' title='bbox 1285 3497 1426 3568; x_wconf 74' lang='grc' dir='ltr'>ὑπὲρ</span> <span class='ocrx_word' id='word_1_267' title='bbox 1462 3497 1556 3551; x_wconf 86' lang='grc' dir='ltr'><strong>τοῦ</strong></span> <span class='ocrx_word' id='word_1_268' title='bbox 1581 3498 1834 3569; x_wconf 85' lang='grc' dir='ltr'>ποιμνίου</span> 
     </span>
    </p>
   </div>
   <div class='ocr_carea' id='block_1_38' title="bbox 259 3586 1836 3662">
    <p class='ocr_par' dir='ltr' id='par_1_38' title="bbox 259 3586 1836 3662">
     <span class='ocr_line' id='line_1_38' title="bbox 259 3586 1836 3662; baseline 0.006 -27"><span class='ocrx_word' id='word_1_269' title='bbox 259 3587 383 3636; x_wconf 78' lang='grc' dir='ltr'><strong>κατά</strong></span> <span class='ocrx_word' id='word_1_270' title='bbox 408 3587 471 3639; x_wconf 80' lang='grc' dir='ltr'><strong>τδ</strong></span> <span class='ocrx_word' id='word_1_271' title='bbox 507 3586 732 3653; x_wconf 73' lang='grc' dir='ltr'>λόγιον,</span> <span class='ocrx_word' id='word_1_272' title='bbox 755 3587 854 3656; x_wconf 81' lang='grc' dir='ltr'><strong>οὐχ</strong></span> <span class='ocrx_word' id='word_1_273' title='bbox 899 3587 1047 3652; x_wconf 77' lang='grc' dir='ltr'>ἅπαξ</span> <span class='ocrx_word' id='word_1_274' title='bbox 1095 3589 1214 3642; x_wconf 85' lang='grc' dir='ltr'><strong>οὑδέ</strong></span> <span class='ocrx_word' id='word_1_275' title='bbox 1245 3589 1344 3653; x_wconf 72' lang='grc' dir='ltr'>δὶς,</span> <span class='ocrx_word' id='word_1_276' title='bbox 1386 3593 1478 3643; x_wconf 85' lang='grc' dir='ltr'><strong>καί</strong></span> <span class='ocrx_word' id='word_1_277' title='bbox 1525 3594 1668 3662; x_wconf 66' lang='grc' dir='ltr'>τρὶς,</span> <span class='ocrx_word' id='word_1_278' title='bbox 1698 3591 1836 3645; x_wconf 92' lang='grc' dir='ltr'><strong>ἀλλά</strong></span> 
     </span>
    </p>
   </div>
   <div class='ocr_carea' id='block_1_39' title="bbox 257 3677 1832 3753">
    <p class='ocr_par' dir='ltr' id='par_1_39' title="bbox 257 3677 1832 3753">
     <span class='ocr_line' id='line_1_39' title="bbox 257 3677 1832 3753; baseline 0.006 -26"><span class='ocrx_word' id='word_1_279' title='bbox 257 3678 336 3728; x_wconf 69' lang='grc' dir='ltr'><strong>καὶ</strong></span> <span class='ocrx_word' id='word_1_280' title='bbox 392 3677 692 3742; x_wconf 74' lang='grc' dir='ltr'>πολλάκις.</span> <span class='ocrx_word' id='word_1_281' title='bbox 728 3679 900 3731; x_wconf 81' lang='grc' dir='ltr'>Φόϐου</span> <span class='ocrx_word' id='word_1_282' title='bbox 959 3681 1070 3750; x_wconf 84' lang='grc' dir='ltr'>γὰρ</span> <span class='ocrx_word' id='word_1_283' title='bbox 1134 3681 1334 3744; x_wconf 84' lang='grc' dir='ltr'>παντὸς</span> <span class='ocrx_word' id='word_1_284' title='bbox 1384 3684 1832 3753; x_wconf 81' lang='grc' dir='ltr'>καταφρονήσας,</span> 
     </span>
    </p>
   </div>
   <div class='ocr_carea' id='block_1_40' title="bbox 261 3769 1835 3844">
    <p class='ocr_par' dir='ltr' id='par_1_40' title="bbox 261 3769 1835 3844">
     <span class='ocr_line' id='line_1_40' title="bbox 261 3769 1835 3844; baseline 0.007 -28"><span class='ocrx_word' id='word_1_285' title='bbox 261 3769 335 3819; x_wconf 73' lang='grc' dir='ltr'><strong>καὶ</strong></span> <span class='ocrx_word' id='word_1_286' title='bbox 384 3770 647 3822; x_wconf 73' lang='grc' dir='ltr'>κινδύνου</span> <span class='ocrx_word' id='word_1_287' title='bbox 706 3769 800 3823; x_wconf 90' lang='grc' dir='ltr'><strong>τοῦ</strong></span> <span class='ocrx_word' id='word_1_288' title='bbox 849 3770 959 3824; x_wconf 72' lang='grc' dir='ltr'><strong>ἀπὸ</strong></span> <span class='ocrx_word' id='word_1_289' title='bbox 1007 3772 1116 3824; x_wconf 83' lang='grc' dir='ltr'><strong>τῶν</strong></span> <span class='ocrx_word' id='word_1_290' title='bbox 1167 3773 1460 3840; x_wconf 87' lang='grc' dir='ltr'>πολεμίων,</span> <span class='ocrx_word' id='word_1_291' title='bbox 1502 3774 1835 3844; x_wconf 78' lang='grc' dir='ltr'>αὐτόκλητος</span> 
     </span>
    </p>
   </div>
   <div class='ocr_carea' id='block_1_41' title="bbox 258 3860 1831 3935">
    <p class='ocr_par' dir='ltr' id='par_1_41' title="bbox 258 3860 1831 3935">
     <span class='ocr_line' id='line_1_41' title="bbox 258 3860 1831 3935; baseline 0.006 -24"><span class='ocrx_word' id='word_1_292' title='bbox 258 3860 607 3932; x_wconf 76' lang='grc' dir='ltr'>καθημέραν,</span> <span class='ocrx_word' id='word_1_293' title='bbox 657 3862 732 3924; x_wconf 83' lang='grc' dir='ltr'>ὡς</span> <span class='ocrx_word' id='word_1_294' title='bbox 773 3863 948 3915; x_wconf 84' lang='grc' dir='ltr'>εἰπεῖν</span> <span class='ocrx_word' id='word_1_295' title='bbox 997 3863 1326 3933; x_wconf 78' lang='grc' dir='ltr'>ἐπεραιοῦτο</span> <span class='ocrx_word' id='word_1_296' title='bbox 1377 3864 1513 3935; x_wconf 67' lang='grc' dir='ltr'>πρὸς</span> <span class='ocrx_word' id='word_1_297' title='bbox 1563 3867 1831 3931; x_wconf 80' lang='grc' dir='ltr'>Γαλατᾶν,</span> 
     </span>
    </p>
   </div>
   <div class='ocr_carea' id='block_1_42' title="bbox 258 3953 1832 4026">
    <p class='ocr_par' dir='ltr' id='par_1_42' title="bbox 258 3953 1832 4026">
     <span class='ocr_line' id='line_1_42' title="bbox 258 3953 1832 4026; baseline 0.006 -24"><span class='ocrx_word' id='word_1_298' title='bbox 258 3953 333 4002; x_wconf 67' lang='grc' dir='ltr'>καὶ</span> <span class='ocrx_word' id='word_1_299' title='bbox 381 3956 500 4015; x_wconf 86' lang='grc' dir='ltr'>τοῖς</span> <span class='ocrx_word' id='word_1_300' title='bbox 562 3954 862 4022; x_wconf 77' lang='grc' dir='ltr'>κατέχουσι</span> <span class='ocrx_word' id='word_1_301' title='bbox 904 3955 1029 4016; x_wconf 76' lang='grc' dir='ltr'>τοὺς</span> <span class='ocrx_word' id='word_1_302' title='bbox 1081 3955 1467 4025; x_wconf 66' lang='grc' dir='ltr'>αἰχμαλώτους</span> <span class='ocrx_word' id='word_1_303' title='bbox 1501 3956 1832 4026; x_wconf 84' lang='grc' dir='ltr'>διαλεγόμε-</span> 
     </span>
    </p>
   </div>
   <div class='ocr_carea' id='block_1_43' title="bbox 253 4041 1833 4118">
    <p class='ocr_par' dir='ltr' id='par_1_43' title="bbox 253 4041 1833 4118">
     <span class='ocr_line' id='line_1_43' title="bbox 253 4041 1833 4118; baseline 0.004 -23"><span class='ocrx_word' id='word_1_304' title='bbox 253 4041 444 4115; x_wconf 77' lang='grc' dir='ltr'>νος,ἦν</span> <span class='ocrx_word' id='word_1_305' title='bbox 497 4045 560 4097; x_wconf 79' lang='grc' dir='ltr'>δὲ</span> <span class='ocrx_word' id='word_1_306' title='bbox 624 4045 724 4096; x_wconf 81' lang='grc' dir='ltr'><strong>οῦκ</strong></span> <span class='ocrx_word' id='word_1_307' title='bbox 782 4043 892 4097; x_wconf 79' lang='grc' dir='ltr'><strong>ἀπὸ</strong></span> <span class='ocrx_word' id='word_1_308' title='bbox 943 4046 1051 4098; x_wconf 79' lang='grc' dir='ltr'>τῶν</span> <span class='ocrx_word' id='word_1_309' title='bbox 1104 4050 1324 4116; x_wconf 87' lang='grc' dir='ltr'>τρόπων</span> <span class='ocrx_word' id='word_1_310' title='bbox 1359 4048 1542 4117; x_wconf 85' lang='grc' dir='ltr'>μόνον,</span> <span class='ocrx_word' id='word_1_311' title='bbox 1591 4050 1684 4101; x_wconf 81' lang='grc' dir='ltr'>καὶ</span> <span class='ocrx_word' id='word_1_312' title='bbox 1734 4051 1833 4118; x_wconf 80' lang='grc' dir='ltr'>τῆς</span> 
     </span>
    </p>
   </div>
   <div class='ocr_carea' id='block_1_44' title="bbox 247 4130 1832 4209">
    <p class='ocr_par' dir='ltr' id='par_1_44' title="bbox 247 4130 1832 4209">
     <span class='ocr_line' id='line_1_44' title="bbox 247 4130 1832 4209; baseline 0.006 -28"><span class='ocrx_word' id='word_1_313' title='bbox 247 4130 436 4202; x_wconf 64' lang='grc' dir='ltr'>ἀρετῆς</span> <span class='ocrx_word' id='word_1_314' title='bbox 482 4135 776 4202; x_wconf 64' lang='grc' dir='ltr'>αἰδέσιμος</span> <span class='ocrx_word' id='word_1_315' title='bbox 823 4135 850 4187; x_wconf 82' lang='grc' dir='ltr'>ὀ</span> <span class='ocrx_word' id='word_1_316' title='bbox 886 4136 1046 4204; x_wconf 80' lang='grc' dir='ltr'>ἀνὴρ,</span> <span class='ocrx_word' id='word_1_317' title='bbox 1078 4137 1214 4190; x_wconf 80' lang='grc' dir='ltr'><strong>ἀλλά</strong></span> <span class='ocrx_word' id='word_1_318' title='bbox 1258 4140 1352 4190; x_wconf 59' lang='grc' dir='ltr'><strong>καὶ¹</strong></span> <span class='ocrx_word' id='word_1_319' title='bbox 1405 4139 1599 4205; x_wconf 80' lang='grc' dir='ltr'>σοφίας</span> <span class='ocrx_word' id='word_1_320' title='bbox 1648 4140 1832 4209; x_wconf 80' lang='grc' dir='ltr'>ἄκρως</span> 
     </span>
    </p>
   </div>
   <div class='ocr_carea' id='block_1_45' title="bbox 247 4223 1832 4296">
    <p class='ocr_par' dir='ltr' id='par_1_45' title="bbox 247 4223 1832 4296">
     <span class='ocr_line' id='line_1_45' title="bbox 247 4223 1832 4296; baseline 0.004 -23"><span class='ocrx_word' id='word_1_321' title='bbox 247 4223 654 4294; x_wconf 75' lang='grc' dir='ltr'>ἐπειλημμένος</span> <span class='ocrx_word' id='word_1_322' title='bbox 697 4224 796 4293; x_wconf 77' lang='grc' dir='ltr'><strong>τῆς</strong></span> <span class='ocrx_word' id='word_1_323' title='bbox 843 4241 901 4276; x_wconf 90' lang='grc' dir='ltr'><strong>τε</strong></span> <span class='ocrx_word' id='word_1_324' title='bbox 950 4226 1073 4290; x_wconf 75' lang='grc' dir='ltr'>ἔξω,</span> <span class='ocrx_word' id='word_1_325' title='bbox 1107 4225 1204 4278; x_wconf 78' lang='grc' dir='ltr'>καὶ</span> <span class='ocrx_word' id='word_1_326' title='bbox 1249 4226 1349 4294; x_wconf 81' lang='grc' dir='ltr'>τῆς</span> <span class='ocrx_word' id='word_1_327' title='bbox 1382 4227 1504 4278; x_wconf 85' lang='grc' dir='ltr'>καθ’</span> <span class='ocrx_word' id='word_1_328' title='bbox 1531 4227 1702 4296; x_wconf 69' lang='grc' dir='ltr'>ἡμᾶς,</span> <span class='ocrx_word' id='word_1_329' title='bbox 1736 4227 1832 4280; x_wconf 77' lang='grc' dir='ltr'>καὶ</span> 
     </span>
    </p>
   </div>
   <div class='ocr_carea' id='block_1_46' title="bbox 247 4316 1830 4386">
    <p class='ocr_par' dir='ltr' id='par_1_46' title="bbox 247 4316 1830 4386">
     <span class='ocr_line' id='line_1_46' title="bbox 247 4316 1830 4386; baseline 0.006 -21"><span class='ocrx_word' id='word_1_330' title='bbox 247 4316 466 4379; x_wconf 60' lang='grc' dir='ltr'>πιθανὸς</span> <span class='ocrx_word' id='word_1_331' title='bbox 506 4316 652 4383; x_wconf 72' lang='grc' dir='ltr'>πρδς</span> <span class='ocrx_word' id='word_1_332' title='bbox 692 4316 788 4377; x_wconf 82' lang='grc' dir='ltr'>τὰς</span> <span class='ocrx_word' id='word_1_333' title='bbox 831 4317 1068 4386; x_wconf 82' lang='grc' dir='ltr'>ὁμιλίας,</span> <span class='ocrx_word' id='word_1_334' title='bbox 1105 4317 1200 4370; x_wconf 67' lang='grc' dir='ltr'>καὶ</span> <span class='ocrx_word' id='word_1_335' title='bbox 1249 4318 1580 4383; x_wconf 79' lang='grc' dir='ltr'>ὁιδακτικὸς,</span> <span class='ocrx_word' id='word_1_336' title='bbox 1612 4319 1830 4375; x_wconf 78' lang='grc' dir='ltr'>ἔπειθεν</span> 
     </span>
    </p>
   </div>
   <div class='ocr_carea' id='block_1_47' title="bbox 1948 466 3525 546">
    <p class='ocr_par' dir='ltr' id='par_1_47' title="bbox 1948 466 3525 546">
     <span class='ocr_line' id='line_1_47' title="bbox 1948 466 3525 546; baseline 0.009 -27"><span class='ocrx_word' id='word_1_337' title='bbox 1948 466 2250 521; x_wconf 79' lang='lat' dir='ltr'><strong>relaturum</strong></span> <span class='ocrx_word' id='word_1_338' title='bbox 2295 470 2621 524; x_wconf 81' lang='lat' dir='ltr'><strong>existimans</strong></span> <span class='ocrx_word' id='word_1_339' title='bbox 2671 471 2869 541; x_wconf 91' lang='lat' dir='ltr'><strong>(multo</strong></span> <span class='ocrx_word' id='word_1_340' title='bbox 2910 489 3146 544; x_wconf 89' lang='lat' dir='ltr'><strong>namque</strong></span> <span class='ocrx_word' id='word_1_341' title='bbox 3194 488 3419 546; x_wconf 89' lang='lat' dir='ltr'><strong>smnptu</strong></span> <span class='ocrx_word' id='word_1_342' title='bbox 3471 479 3525 533; x_wconf 90' lang='lat' dir='ltr'><strong>in</strong></span> 
     </span>
    </p>
   </div>
   <div class='ocr_carea' id='block_1_48' title="bbox 1949 561 3527 638">
    <p class='ocr_par' dir='ltr' id='par_1_48' title="bbox 1949 561 3527 638">
     <span class='ocr_line' id='line_1_48' title="bbox 1949 561 3527 638; baseline 0.01 -29"><span class='ocrx_word' id='word_1_343' title='bbox 1949 565 2054 610; x_wconf 84' lang='lat' dir='ltr'><strong>tam</strong></span> <span class='ocrx_word' id='word_1_344' title='bbox 2091 573 2287 628; x_wconf 79' lang='lat' dir='ltr'><strong>magno</strong></span> <span class='ocrx_word' id='word_1_345' title='bbox 2315 574 2379 614; x_wconf 91' lang='lat' dir='ltr'><strong>ac</strong></span> <span class='ocrx_word' id='word_1_346' title='bbox 2425 561 2689 617; x_wconf 90' lang='lat' dir='ltr'><strong>diuturno</strong></span> <span class='ocrx_word' id='word_1_347' title='bbox 2719 575 2983 633; x_wconf 88' lang='lat' dir='ltr'><strong>apparatu</strong></span> <span class='ocrx_word' id='word_1_348' title='bbox 3014 580 3152 636; x_wconf 80' lang='lat' dir='ltr'><strong>Opus</strong></span> <span class='ocrx_word' id='word_1_349' title='bbox 3183 568 3353 638; x_wconf 89' lang='lat' dir='ltr'><strong>erat),</strong></span> <span class='ocrx_word' id='word_1_350' title='bbox 3401 585 3527 638; x_wconf 86' lang='lat' dir='ltr'><strong>pre-</strong></span> 
     </span>
    </p>
   </div>
   <div class='ocr_carea' id='block_1_49' title="bbox 1946 647 3525 728">
    <p class='ocr_par' dir='ltr' id='par_1_49' title="bbox 1946 647 3525 728">
     <span class='ocr_line' id='line_1_49' title="bbox 1946 647 3525 728; baseline 0.008 -26"><span class='ocrx_word' id='word_1_351' title='bbox 1946 649 2106 704; x_wconf 86' lang='lat' dir='ltr'><strong>cibus</strong></span> <span class='ocrx_word' id='word_1_352' title='bbox 2131 649 2384 718; x_wconf 81' lang='lat' dir='ltr'><strong>inﬂexus,</strong></span> <span class='ocrx_word' id='word_1_353' title='bbox 2411 663 2731 723; x_wconf 73' lang='lat' dir='ltr'><strong>certamque</strong></span> <span class='ocrx_word' id='word_1_354' title='bbox 2758 657 3044 724; x_wconf 82' lang='lat' dir='ltr'><strong>pecuniam</strong></span> <span class='ocrx_word' id='word_1_355' title='bbox 3071 669 3283 726; x_wconf 83' lang='lat' dir='ltr'><strong>pactus.</strong></span> <span class='ocrx_word' id='word_1_356' title='bbox 3307 647 3525 728; x_wconf 88' lang='lat' dir='ltr'><strong>urbem,</strong></span> 
     </span>
    </p>
   </div>
   <div class='ocr_carea' id='block_1_50' title="bbox 1945 738 3525 819">
    <p class='ocr_par' dir='ltr' id='par_1_50' title="bbox 1945 738 3525 819">
     <span class='ocr_line' id='line_1_50' title="bbox 1945 738 3525 819; baseline 0.009 -28"><span class='ocrx_word' id='word_1_357' title='bbox 1945 738 2286 794; x_wconf 75' lang='lat' dir='ltr'><strong>frumentum</strong></span> <span class='ocrx_word' id='word_1_358' title='bbox 2319 750 2370 796; x_wconf 90' lang='lat' dir='ltr'><strong>et</strong></span> <span class='ocrx_word' id='word_1_359' title='bbox 2416 743 2680 812; x_wconf 88' lang='lat' dir='ltr'><strong>reliquam</strong></span> <span class='ocrx_word' id='word_1_360' title='bbox 2723 761 2944 800; x_wconf 88' lang='lat' dir='ltr'><strong>omnem</strong></span> <span class='ocrx_word' id='word_1_361' title='bbox 2969 751 3391 819; x_wconf 85' lang='lat' dir='ltr'><strong>supellectilem,</strong></span> <span class='ocrx_word' id='word_1_362' title='bbox 3419 753 3525 808; x_wconf 86' lang='lat' dir='ltr'><strong>sibi</strong></span> 
     </span>
    </p>
   </div>
   <div class='ocr_carea' id='block_1_51' title="bbox 1949 829 3529 908">
    <p class='ocr_par' dir='ltr' id='par_1_51' title="bbox 1949 829 3529 908">
     <span class='ocr_line' id='line_1_51' title="bbox 1949 829 3529 908; baseline 0.011 -24"><span class='ocrx_word' id='word_1_363' title='bbox 1949 829 2202 886; x_wconf 77' lang='lat' dir='ltr'><strong>inutilem</strong></span> <span class='ocrx_word' id='word_1_364' title='bbox 2234 835 2483 899; x_wconf 86' lang='lat' dir='ltr'><strong>onmino,</strong></span> <span class='ocrx_word' id='word_1_365' title='bbox 2513 837 2837 892; x_wconf 88' lang='lat' dir='ltr'><strong>relicturum</strong></span> <span class='ocrx_word' id='word_1_366' title='bbox 2874 842 3147 908; x_wconf 87' lang='lat' dir='ltr'><strong>promisit.</strong></span> <span class='ocrx_word' id='word_1_367' title='bbox 3191 843 3328 898; x_wconf 89' lang='lat' dir='ltr'><strong>Tum</strong></span> <span class='ocrx_word' id='word_1_368' title='bbox 3363 847 3529 901; x_wconf 81' lang='lat' dir='ltr'><strong>vades</strong></span> 
     </span>
    </p>
   </div>
   <div class='ocr_carea' id='block_1_52' title="bbox 1953 923 3525 1006">
    <p class='ocr_par' dir='ltr' id='par_1_52' title="bbox 1953 923 3525 1006">
     <span class='ocr_line' id='line_1_52' title="bbox 1953 923 3525 1006; baseline 0.011 -31"><span class='ocrx_word' id='word_1_369' title='bbox 1953 923 2250 978; x_wconf 79' lang='lat' dir='ltr'><strong>solutionis</strong></span> <span class='ocrx_word' id='word_1_370' title='bbox 2295 927 2569 992; x_wconf 88' lang='lat' dir='ltr'><strong>primores</strong></span> <span class='ocrx_word' id='word_1_371' title='bbox 2609 930 2765 985; x_wconf 85' lang='lat' dir='ltr'><strong>urbis</strong></span> <span class='ocrx_word' id='word_1_372' title='bbox 2799 931 3020 1001; x_wconf 88' lang='lat' dir='ltr'><strong>accipit,</strong></span> <span class='ocrx_word' id='word_1_373' title='bbox 3053 950 3227 1004; x_wconf 90' lang='lat' dir='ltr'><strong>eaque</strong></span> <span class='ocrx_word' id='word_1_374' title='bbox 3267 951 3330 989; x_wconf 92' lang='lat' dir='ltr'><strong>ac</strong></span> <span class='ocrx_word' id='word_1_375' title='bbox 3369 938 3525 1006; x_wconf 83' lang='lat' dir='ltr'><strong>pleLe</strong></span> 
     </span>
    </p>
   </div>
   <div class='ocr_carea' id='block_1_53' title="bbox 1946 1014 3522 1097">
    <p class='ocr_par' dir='ltr' id='par_1_53' title="bbox 1946 1014 3522 1097">
     <span class='ocr_line' id='line_1_53' title="bbox 1946 1014 3522 1097; baseline 0.011 -30"><span class='ocrx_word' id='word_1_376' title='bbox 1946 1014 2193 1082; x_wconf 86' lang='lat' dir='ltr'><strong>dimissa,</strong></span> <span class='ocrx_word' id='word_1_377' title='bbox 2222 1018 2471 1072; x_wconf 81' lang='lat' dir='ltr'><strong>Galatam</strong></span> <span class='ocrx_word' id='word_1_378' title='bbox 2501 1023 2656 1076; x_wconf 88' lang='lat' dir='ltr'><strong>abiit.</strong></span> <span class='ocrx_word' id='word_1_379' title='bbox 2693 1024 2884 1079; x_wconf 86' lang='lat' dir='ltr'><strong>Postea</strong></span> <span class='ocrx_word' id='word_1_380' title='bbox 2913 1028 3164 1080; x_wconf 86' lang='lat' dir='ltr'><strong>nonnulli</strong></span> <span class='ocrx_word' id='word_1_381' title='bbox 3204 1028 3522 1097; x_wconf 79' lang='lat' dir='ltr'><strong>Byzantium</strong></span> 
     </span>
    </p>
   </div>
   <div class='ocr_carea' id='block_1_54' title="bbox 1947 1104 3522 1187">
    <p class='ocr_par' dir='ltr' id='par_1_54' title="bbox 1947 1104 3522 1187">
     <span class='ocr_line' id='line_1_54' title="bbox 1947 1104 3522 1187; baseline 0.012 -30"><span class='ocrx_word' id='word_1_382' title='bbox 1947 1104 2047 1166; x_wconf 87' lang='lat' dir='ltr'><strong>ire,</strong></span> <span class='ocrx_word' id='word_1_383' title='bbox 2077 1121 2141 1159; x_wconf 87' lang='lat' dir='ltr'><strong>ac</strong></span> <span class='ocrx_word' id='word_1_384' title='bbox 2182 1124 2282 1176; x_wconf 90' lang='lat' dir='ltr'><strong>pro</strong></span> <span class='ocrx_word' id='word_1_385' title='bbox 2323 1124 2383 1164; x_wconf 89' lang='lat' dir='ltr'><strong>se</strong></span> <span class='ocrx_word' id='word_1_386' title='bbox 2432 1119 2653 1181; x_wconf 85' lang='lat' dir='ltr'><strong>totaque</strong></span> <span class='ocrx_word' id='word_1_387' title='bbox 2699 1115 2834 1168; x_wconf 85' lang='lat' dir='ltr'><strong>urbe</strong></span> <span class='ocrx_word' id='word_1_388' title='bbox 2875 1131 2902 1168; x_wconf 86' lang='lat' dir='ltr'><strong>a</strong></span> <span class='ocrx_word' id='word_1_389' title='bbox 2941 1114 3220 1186; x_wconf 78' lang='lat' dir='ltr'><strong>Byzantiis</strong></span> <span class='ocrx_word' id='word_1_390' title='bbox 3259 1122 3522 1187; x_wconf 88' lang='lat' dir='ltr'><strong>pecunias</strong></span> 
     </span>
    </p>
   </div>
   <div class='ocr_carea' id='block_1_55' title="bbox 1947 1198 3524 1276">
    <p class='ocr_par' dir='ltr' id='par_1_55' title="bbox 1947 1198 3524 1276">
     <span class='ocr_line' id='line_1_55' title="bbox 1947 1198 3524 1276; baseline 0.013 -29"><span class='ocrx_word' id='word_1_391' title='bbox 1947 1198 2188 1250; x_wconf 85' lang='lat' dir='ltr'><strong>mutuari</strong></span> <span class='ocrx_word' id='word_1_392' title='bbox 2226 1200 2480 1267; x_wconf 81' lang='lat' dir='ltr'><strong>permissi</strong></span> <span class='ocrx_word' id='word_1_393' title='bbox 2520 1212 2666 1264; x_wconf 89' lang='lat' dir='ltr'><strong>sunt,</strong></span> <span class='ocrx_word' id='word_1_394' title='bbox 2697 1220 2862 1272; x_wconf 89' lang='lat' dir='ltr'><strong>quam</strong></span> <span class='ocrx_word' id='word_1_395' title='bbox 2889 1205 3102 1260; x_wconf 84' lang='lat' dir='ltr'><strong>Latinis</strong></span> <span class='ocrx_word' id='word_1_396' title='bbox 3127 1208 3524 1276; x_wconf 68' lang='lat' dir='ltr'><strong>dependentes.</strong></span> 
     </span>
    </p>
   </div>
   <div class='ocr_carea' id='block_1_56' title="bbox 1947 1287 3530 1366">
    <p class='ocr_par' dir='ltr' id='par_1_56' title="bbox 1947 1287 3530 1366">
     <span class='ocr_line' id='line_1_56' title="bbox 1947 1287 3530 1366; baseline 0.011 -26"><span class='ocrx_word' id='word_1_397' title='bbox 1947 1287 2220 1356; x_wconf 65' lang='lat' dir='ltr'><strong>(itemque</strong></span> <span class='ocrx_word' id='word_1_398' title='bbox 2252 1307 2406 1344; x_wconf 85' lang='lat' dir='ltr'><strong>suam</strong></span> <span class='ocrx_word' id='word_1_399' title='bbox 2459 1292 2782 1356; x_wconf 81' lang='lat' dir='ltr'><strong>liberantes,</strong></span> <span class='ocrx_word' id='word_1_400' title='bbox 2830 1297 2883 1350; x_wconf 91' lang='lat' dir='ltr'><strong>in</strong></span> <span class='ocrx_word' id='word_1_401' title='bbox 2919 1299 3155 1366; x_wconf 87' lang='lat' dir='ltr'><strong>patriam</strong></span> <span class='ocrx_word' id='word_1_402' title='bbox 3198 1316 3390 1355; x_wconf 89' lang='lat' dir='ltr'><strong>omnes</strong></span> <span class='ocrx_word' id='word_1_403' title='bbox 3444 1319 3530 1357; x_wconf 80' lang='lat' dir='ltr'><strong>re-</strong></span> 
     </span>
    </p>
   </div>
   <div class='ocr_carea' id='block_1_57' title="bbox 1944 1383 3528 1451">
    <p class='ocr_par' dir='ltr' id='par_1_57' title="bbox 1944 1383 3528 1451">
     <span class='ocr_line' id='line_1_57' title="bbox 1944 1383 3528 1451; baseline 0.008 -19"><span class='ocrx_word' id='word_1_404' title='bbox 1944 1390 2256 1435; x_wconf 81' lang='lat' dir='ltr'><strong>verterunt.</strong></span> <span class='ocrx_word' id='word_1_405' title='bbox 2319 1383 2626 1451; x_wconf 82' lang='lat' dir='ltr'><strong>Optimates</strong></span> <span class='ocrx_word' id='word_1_406' title='bbox 2677 1394 2861 1440; x_wconf 82' lang='lat' dir='ltr'><strong>autem</strong></span> <span class='ocrx_word' id='word_1_407' title='bbox 2923 1386 3370 1444; x_wconf 71' lang='lat' dir='ltr'><strong>lleracleensimn</strong></span> <span class='ocrx_word' id='word_1_408' title='bbox 3421 1391 3528 1445; x_wconf 84' lang='lat' dir='ltr'><strong>viri</strong></span> 
     </span>
    </p>
   </div>
   <div class='ocr_carea' id='block_1_58' title="bbox 1944 1466 3519 1551">
    <p class='ocr_par' dir='ltr' id='par_1_58' title="bbox 1944 1466 3519 1551">
     <span class='ocr_line' id='line_1_58' title="bbox 1944 1466 3519 1551; baseline 0.01 -27"><span class='ocrx_word' id='word_1_409' title='bbox 1944 1473 2318 1542; x_wconf 79' lang='lat' dir='ltr'><strong>mulieresque</strong></span> <span class='ocrx_word' id='word_1_410' title='bbox 2382 1492 2411 1528; x_wconf 88' lang='lat' dir='ltr'><strong>a</strong></span> <span class='ocrx_word' id='word_1_411' title='bbox 2472 1475 2681 1531; x_wconf 88' lang='lat' dir='ltr'><strong>Latinis</strong></span> <span class='ocrx_word' id='word_1_412' title='bbox 2744 1479 2798 1532; x_wconf 91' lang='lat' dir='ltr'><strong>in</strong></span> <span class='ocrx_word' id='word_1_413' title='bbox 2860 1480 3096 1536; x_wconf 73' lang='lat' dir='ltr'><strong>vinculis</strong></span> <span class='ocrx_word' id='word_1_414' title='bbox 3150 1466 3519 1551; x_wconf 72' lang='lat' dir='ltr'><strong>habebantur,</strong></span> 
     </span>
    </p>
   </div>
   <div class='ocr_carea' id='block_1_59' title="bbox 1946 1561 3520 1642">
    <p class='ocr_par' dir='ltr' id='par_1_59' title="bbox 1946 1561 3520 1642">
     <span class='ocr_line' id='line_1_59' title="bbox 1946 1561 3520 1642; baseline 0.011 -29"><span class='ocrx_word' id='word_1_415' title='bbox 1946 1561 2294 1631; x_wconf 86' lang='lat' dir='ltr'><strong>pretiumque</strong></span> <span class='ocrx_word' id='word_1_416' title='bbox 2324 1581 2424 1634; x_wconf 89' lang='lat' dir='ltr'><strong>pro</strong></span> <span class='ocrx_word' id='word_1_417' title='bbox 2450 1565 2705 1620; x_wconf 91' lang='lat' dir='ltr'><strong>libertate</strong></span> <span class='ocrx_word' id='word_1_418' title='bbox 2739 1569 3094 1637; x_wconf 73' lang='lat' dir='ltr'><strong>exigebatur,</strong></span> <span class='ocrx_word' id='word_1_419' title='bbox 3119 1575 3264 1642; x_wconf 83' lang='lat' dir='ltr'><strong>quod</strong></span> <span class='ocrx_word' id='word_1_420' title='bbox 3301 1575 3520 1630; x_wconf 87' lang='lat' dir='ltr'><strong>solvere</strong></span> 
     </span>
    </p>
   </div>
   <div class='ocr_carea' id='block_1_60' title="bbox 1945 1655 3528 1736">
    <p class='ocr_par' dir='ltr' id='par_1_60' title="bbox 1945 1655 3528 1736">
     <span class='ocr_line' id='line_1_60' title="bbox 1945 1655 3528 1736; baseline 0.011 -32"><span class='ocrx_word' id='word_1_421' title='bbox 1945 1655 2266 1722; x_wconf 86' lang='lat' dir='ltr'><strong>neutiquam</strong></span> <span class='ocrx_word' id='word_1_422' title='bbox 2301 1666 2578 1724; x_wconf 69' lang='lat' dir='ltr'><strong>poterant,</strong></span> <span class='ocrx_word' id='word_1_423' title='bbox 2619 1672 2744 1712; x_wconf 92' lang='lat' dir='ltr'><strong>cum</strong></span> <span class='ocrx_word' id='word_1_424' title='bbox 2773 1675 2894 1728; x_wconf 62' lang='lat' dir='ltr'><strong>quae</strong></span> <span class='ocrx_word' id='word_1_425' title='bbox 2928 1660 3373 1719; x_wconf 80' lang='lat' dir='ltr'><strong>fuissentcorum</strong></span> <span class='ocrx_word' id='word_1_426' title='bbox 3397 1683 3528 1736; x_wconf 88' lang='lat' dir='ltr'><strong>pro-</strong></span> 
     </span>
    </p>
   </div>
   <div class='ocr_carea' id='block_1_61' title="bbox 1873 1731 3528 1820">
    <p class='ocr_par' dir='ltr' id='par_1_61' title="bbox 1873 1731 3528 1820">
     <span class='ocr_line' id='line_1_61' title="bbox 1873 1731 3528 1820; baseline 0.012 -26"><span class='ocrx_word' id='word_1_427' title='bbox 1873 1731 1912 1785; x_wconf 84' lang='grc' dir='ltr'><strong>Β</strong></span> <span class='ocrx_word' id='word_1_428' title='bbox 1945 1743 2088 1813; x_wconf 86' lang='lat' dir='ltr'><strong>pria,</strong></span> <span class='ocrx_word' id='word_1_429' title='bbox 2123 1761 2186 1799; x_wconf 85' lang='lat' dir='ltr'><strong>ea</strong></span> <span class='ocrx_word' id='word_1_430' title='bbox 2221 1748 2476 1802; x_wconf 89' lang='lat' dir='ltr'><strong>universa</strong></span> <span class='ocrx_word' id='word_1_431' title='bbox 2505 1749 2696 1805; x_wconf 87' lang='lat' dir='ltr'><strong>hostes</strong></span> <span class='ocrx_word' id='word_1_432' title='bbox 2731 1751 3109 1820; x_wconf 69' lang='lat' dir='ltr'><strong>abstulissent,</strong></span> <span class='ocrx_word' id='word_1_433' title='bbox 3141 1765 3195 1810; x_wconf 89' lang='lat' dir='ltr'><strong>et</strong></span> <span class='ocrx_word' id='word_1_434' title='bbox 3231 1757 3298 1810; x_wconf 87' lang='lat' dir='ltr'><strong>de</strong></span> <span class='ocrx_word' id='word_1_435' title='bbox 3331 1759 3528 1816; x_wconf 85' lang='lat' dir='ltr'><strong>amicis</strong></span> 
     </span>
    </p>
   </div>
   <div class='ocr_carea' id='block_1_62' title="bbox 1943 1837 3522 1906">
    <p class='ocr_par' dir='ltr' id='par_1_62' title="bbox 1943 1837 3522 1906">
     <span class='ocr_line' id='line_1_62' title="bbox 1943 1837 3522 1906; baseline 0.011 -18"><span class='ocrx_word' id='word_1_436' title='bbox 1943 1837 2030 1906; x_wconf 88' lang='lat' dir='ltr'><strong>opi</strong></span> <span class='ocrx_word' id='word_1_437' title='bbox 2077 1839 2316 1893; x_wconf 70' lang='lat' dir='ltr'><strong>ferendae</strong></span> <span class='ocrx_word' id='word_1_438' title='bbox 2346 1841 2530 1895; x_wconf 90' lang='lat' dir='ltr'><strong>nullus</strong></span> <span class='ocrx_word' id='word_1_439' title='bbox 2575 1842 2875 1898; x_wconf 81' lang='lat' dir='ltr'><strong>sufﬁceret.</strong></span> <span class='ocrx_word' id='word_1_440' title='bbox 2911 1845 3014 1900; x_wconf 83' lang='lat' dir='ltr'><strong>Pro</strong></span> <span class='ocrx_word' id='word_1_441' title='bbox 3047 1848 3308 1905; x_wconf 89' lang='lat' dir='ltr'><strong>omnibus</strong></span> <span class='ocrx_word' id='word_1_442' title='bbox 3338 1861 3522 1906; x_wconf 88' lang='lat' dir='ltr'><strong>autem</strong></span> 
     </span>
    </p>
   </div>
   <div class='ocr_carea' id='block_1_63' title="bbox 1942 1931 3526 2009">
    <p class='ocr_par' dir='ltr' id='par_1_63' title="bbox 1942 1931 3526 2009">
     <span class='ocr_line' id='line_1_63' title="bbox 1942 1931 3526 2009; baseline 0.011 -26"><span class='ocrx_word' id='word_1_443' title='bbox 1942 1931 2010 1984; x_wconf 90' lang='lat' dir='ltr'><strong>ad</strong></span> <span class='ocrx_word' id='word_1_444' title='bbox 2039 1931 2424 2002; x_wconf 84' lang='lat' dir='ltr'><strong>depulsionem</strong></span> <span class='ocrx_word' id='word_1_445' title='bbox 2474 1945 2636 1990; x_wconf 80' lang='lat' dir='ltr'><strong>tantae</strong></span> <span class='ocrx_word' id='word_1_446' title='bbox 2675 1939 3006 1995; x_wconf 88' lang='lat' dir='ltr'><strong>calamitatis</strong></span> <span class='ocrx_word' id='word_1_447' title='bbox 3049 1942 3290 2009; x_wconf 82' lang='lat' dir='ltr'><strong>suﬂ&#39;ccit,</strong></span> <span class='ocrx_word' id='word_1_448' title='bbox 3326 1946 3526 2000; x_wconf 81' lang='lat' dir='ltr'><strong>miriti-</strong></span> 
     </span>
    </p>
   </div>
   <div class='ocr_carea' id='block_1_64' title="bbox 1942 2024 3522 2102">
    <p class='ocr_par' dir='ltr' id='par_1_64' title="bbox 1942 2024 3522 2102">
     <span class='ocr_line' id='line_1_64' title="bbox 1942 2024 3522 2102; baseline 0.009 -26"><span class='ocrx_word' id='word_1_449' title='bbox 1942 2035 2115 2090; x_wconf 90' lang='lat' dir='ltr'><strong>ceque</strong></span> <span class='ocrx_word' id='word_1_450' title='bbox 2149 2024 2215 2078; x_wconf 86' lang='lat' dir='ltr'><strong>ad</strong></span> <span class='ocrx_word' id='word_1_451' title='bbox 2256 2027 2690 2094; x_wconf 85' lang='lat' dir='ltr'><strong>recuperandam</strong></span> <span class='ocrx_word' id='word_1_452' title='bbox 2733 2029 3044 2085; x_wconf 74' lang='lat' dir='ltr'><strong>libertatem</strong></span> <span class='ocrx_word' id='word_1_453' title='bbox 3080 2034 3285 2102; x_wconf 80' lang='lat' dir='ltr'><strong>profuit</strong></span> <span class='ocrx_word' id='word_1_454' title='bbox 3321 2035 3522 2090; x_wconf 85' lang='lat' dir='ltr'><strong>Philo-</strong></span> 
     </span>
    </p>
   </div>
   <div class='ocr_carea' id='block_1_65' title="bbox 1945 2113 3521 2191">
    <p class='ocr_par' dir='ltr' id='par_1_65' title="bbox 1945 2113 3521 2191">
     <span class='ocr_line' id='line_1_65' title="bbox 1945 2113 3521 2191; baseline 0.009 -25"><span class='ocrx_word' id='word_1_455' title='bbox 1945 2113 2106 2169; x_wconf 89' lang='lat' dir='ltr'><strong>tbeus</strong></span> <span class='ocrx_word' id='word_1_456' title='bbox 2134 2131 2323 2170; x_wconf 86' lang='lat' dir='ltr'><strong>eorum</strong></span> <span class='ocrx_word' id='word_1_457' title='bbox 2371 2118 2684 2188; x_wconf 85' lang='lat' dir='ltr'><strong>episcopus,</strong></span> <span class='ocrx_word' id='word_1_458' title='bbox 2721 2122 2817 2190; x_wconf 89' lang='lat' dir='ltr'><strong>qui</strong></span> <span class='ocrx_word' id='word_1_459' title='bbox 2841 2122 3110 2178; x_wconf 85' lang='lat' dir='ltr'><strong>divinitus</strong></span> <span class='ocrx_word' id='word_1_460' title='bbox 3135 2125 3348 2191; x_wconf 88' lang='lat' dir='ltr'><strong>aberat,</strong></span> <span class='ocrx_word' id='word_1_461' title='bbox 3395 2141 3521 2182; x_wconf 90' lang='lat' dir='ltr'><strong>cum</strong></span> 
     </span>
    </p>
   </div>
   <div class='ocr_carea' id='block_1_66' title="bbox 1943 2207 3523 2284">
    <p class='ocr_par' dir='ltr' id='par_1_66' title="bbox 1943 2207 3523 2284">
     <span class='ocr_line' id='line_1_66' title="bbox 1943 2207 3523 2284; baseline 0.008 -24"><span class='ocrx_word' id='word_1_462' title='bbox 1943 2207 2077 2262; x_wconf 84' lang='lat' dir='ltr'><strong>urbs</strong></span> <span class='ocrx_word' id='word_1_463' title='bbox 2129 2218 2442 2276; x_wconf 85' lang='lat' dir='ltr'><strong>caperetur.</strong></span> <span class='ocrx_word' id='word_1_464' title='bbox 2506 2211 2642 2264; x_wconf 80' lang='lat' dir='ltr'><strong>Nam</strong></span> <span class='ocrx_word' id='word_1_465' title='bbox 2702 2223 2761 2266; x_wconf 91' lang='lat' dir='ltr'><strong>ut</strong></span> <span class='ocrx_word' id='word_1_466' title='bbox 2817 2213 2998 2269; x_wconf 90' lang='lat' dir='ltr'><strong>bonus</strong></span> <span class='ocrx_word' id='word_1_467' title='bbox 3045 2226 3233 2284; x_wconf 88' lang='lat' dir='ltr'><strong>pastor</strong></span> <span class='ocrx_word' id='word_1_468' title='bbox 3285 2218 3523 2272; x_wconf 89' lang='lat' dir='ltr'><strong>animam</strong></span> 
     </span>
    </p>
   </div>
   <div class='ocr_carea' id='block_1_67' title="bbox 1941 2301 3526 2370">
    <p class='ocr_par' dir='ltr' id='par_1_67' title="bbox 1941 2301 3526 2370">
     <span class='ocr_line' id='line_1_67' title="bbox 1941 2301 3526 2370; baseline 0.008 -20"><span class='ocrx_word' id='word_1_469' title='bbox 1941 2313 2096 2351; x_wconf 86' lang='lat' dir='ltr'><strong>suam</strong></span> <span class='ocrx_word' id='word_1_470' title='bbox 2123 2301 2358 2367; x_wconf 88' lang='lat' dir='ltr'><strong>ponebat</strong></span> <span class='ocrx_word' id='word_1_471' title='bbox 2385 2317 2481 2368; x_wconf 86' lang='lat' dir='ltr'><strong>pro</strong></span> <span class='ocrx_word' id='word_1_472' title='bbox 2505 2303 2703 2357; x_wconf 87' lang='lat' dir='ltr'><strong>ovibus</strong></span> <span class='ocrx_word' id='word_1_473' title='bbox 2732 2305 2869 2370; x_wconf 86' lang='lat' dir='ltr'><strong>suis,</strong></span> <span class='ocrx_word' id='word_1_474' title='bbox 2905 2318 2957 2358; x_wconf 89' lang='lat' dir='ltr'><strong>ut</strong></span> <span class='ocrx_word' id='word_1_475' title='bbox 2989 2321 3071 2361; x_wconf 56' lang='lat' dir='ltr'><strong>esi</strong></span> <span class='ocrx_word' id='word_1_476' title='bbox 3093 2307 3148 2361; x_wconf 90' lang='lat' dir='ltr'><strong>in</strong></span> <span class='ocrx_word' id='word_1_477' title='bbox 3175 2309 3380 2362; x_wconf 81' lang='lat' dir='ltr'><strong>sanctis</strong></span> <span class='ocrx_word' id='word_1_478' title='bbox 3403 2307 3446 2362; x_wconf 88' lang='lat' dir='ltr'><strong>L</strong></span> <span class='ocrx_word' id='word_1_479' title='bbox 3474 2316 3526 2361; x_wconf 89' lang='lat' dir='ltr'><strong>t-</strong></span> 
     </span>
    </p>
   </div>
   <div class='ocr_carea' id='block_1_68' title="bbox 1943 2391 3528 2465">
    <p class='ocr_par' dir='ltr' id='par_1_68' title="bbox 1943 2391 3528 2465">
     <span class='ocr_line' id='line_1_68' title="bbox 1943 2391 3528 2465; baseline 0.008 -23"><span class='ocrx_word' id='word_1_480' title='bbox 1943 2391 2096 2455; x_wconf 87' lang='lat' dir='ltr'><strong>teris,</strong></span> <span class='ocrx_word' id='word_1_481' title='bbox 2130 2405 2305 2459; x_wconf 88' lang='lat' dir='ltr'><strong>neque</strong></span> <span class='ocrx_word' id='word_1_482' title='bbox 2344 2392 2397 2445; x_wconf 91' lang='lat' dir='ltr'><strong>id</strong></span> <span class='ocrx_word' id='word_1_483' title='bbox 2436 2396 2629 2458; x_wconf 87' lang='lat' dir='ltr'><strong>semel,</strong></span> <span class='ocrx_word' id='word_1_484' title='bbox 2657 2395 2879 2463; x_wconf 88' lang='lat' dir='ltr'><strong>iterum,</strong></span> <span class='ocrx_word' id='word_1_485' title='bbox 2918 2413 2982 2451; x_wconf 88' lang='lat' dir='ltr'><strong>ae</strong></span> <span class='ocrx_word' id='word_1_486' title='bbox 3019 2401 3272 2465; x_wconf 88' lang='lat' dir='ltr'><strong>tertium,</strong></span> <span class='ocrx_word' id='word_1_487' title='bbox 3302 2401 3395 2454; x_wconf 90' lang='lat' dir='ltr'><strong>sed</strong></span> <span class='ocrx_word' id='word_1_488' title='bbox 3427 2416 3528 2454; x_wconf 75' lang='lat' dir='ltr'><strong>sm-</strong></span> 
     </span>
    </p>
   </div>
   <div class='ocr_carea' id='block_1_69' title="bbox 1941 2481 3526 2560">
    <p class='ocr_par' dir='ltr' id='par_1_69' title="bbox 1941 2481 3526 2560">
     <span class='ocr_line' id='line_1_69' title="bbox 1941 2481 3526 2560; baseline 0.009 -27"><span class='ocrx_word' id='word_1_489' title='bbox 1941 2481 2086 2550; x_wconf 84' lang='lat' dir='ltr'><strong>pius.</strong></span> <span class='ocrx_word' id='word_1_490' title='bbox 2111 2481 2270 2537; x_wconf 89' lang='lat' dir='ltr'><strong>Omni</strong></span> <span class='ocrx_word' id='word_1_491' title='bbox 2303 2485 2452 2538; x_wconf 90' lang='lat' dir='ltr'><strong>enim</strong></span> <span class='ocrx_word' id='word_1_492' title='bbox 2507 2487 2707 2541; x_wconf 86' lang='lat' dir='ltr'><strong>timore</strong></span> <span class='ocrx_word' id='word_1_493' title='bbox 2750 2490 3114 2560; x_wconf 88' lang='lat' dir='ltr'><strong>periculoque</strong></span> <span class='ocrx_word' id='word_1_494' title='bbox 3160 2491 3526 2548; x_wconf 72' lang='lat' dir='ltr'><strong>ab&#39;bostibus</strong></span> 
     </span>
    </p>
   </div>
   <div class='ocr_carea' id='block_1_70' title="bbox 1939 2577 3522 2650">
    <p class='ocr_par' dir='ltr' id='par_1_70' title="bbox 1939 2577 3522 2650">
     <span class='ocr_line' id='line_1_70' title="bbox 1939 2577 3522 2650; baseline 0.008 -23"><span class='ocrx_word' id='word_1_495' title='bbox 1939 2584 2291 2643; x_wconf 87' lang='lat' dir='ltr'><strong>contempto,</strong></span> <span class='ocrx_word' id='word_1_496' title='bbox 2347 2577 2489 2629; x_wconf 89' lang='lat' dir='ltr'><strong>ultro</strong></span> <span class='ocrx_word' id='word_1_497' title='bbox 2539 2580 2786 2646; x_wconf 85' lang='lat' dir='ltr'><strong>quotidie</strong></span> <span class='ocrx_word' id='word_1_498' title='bbox 2831 2582 3232 2650; x_wconf 80' lang='lat' dir='ltr'><strong>propemodum</strong></span> <span class='ocrx_word' id='word_1_499' title='bbox 3271 2584 3522 2640; x_wconf 84' lang='lat' dir='ltr'><strong>Galatam</strong></span> 
     </span>
    </p>
   </div>
   <div class='ocr_carea' id='block_1_71' title="bbox 1943 2667 3524 2741">
    <p class='ocr_par' dir='ltr' id='par_1_71' title="bbox 1943 2667 3524 2741">
     <span class='ocr_line' id='line_1_71' title="bbox 1943 2667 3524 2741; baseline 0.008 -22"><span class='ocrx_word' id='word_1_500' title='bbox 1943 2667 2250 2736; x_wconf 81' lang='lat' dir='ltr'><strong>navigabat,</strong></span> <span class='ocrx_word' id='word_1_501' title='bbox 2287 2677 2340 2720; x_wconf 91' lang='lat' dir='ltr'><strong>et</strong></span> <span class='ocrx_word' id='word_1_502' title='bbox 2377 2685 2500 2722; x_wconf 89' lang='lat' dir='ltr'><strong>cum</strong></span> <span class='ocrx_word' id='word_1_503' title='bbox 2537 2669 2602 2723; x_wconf 86' lang='lat' dir='ltr'><strong>iis</strong></span> <span class='ocrx_word' id='word_1_504' title='bbox 2636 2671 2727 2739; x_wconf 89' lang='lat' dir='ltr'><strong>qui</strong></span> <span class='ocrx_word' id='word_1_505' title='bbox 2764 2675 3009 2741; x_wconf 87' lang='lat' dir='ltr'><strong>captivos</strong></span> <span class='ocrx_word' id='word_1_506' title='bbox 3038 2667 3318 2739; x_wconf 77' lang='lat' dir='ltr'><strong>tenebant,</strong></span> <span class='ocrx_word' id='word_1_507' title='bbox 3343 2675 3524 2731; x_wconf 81' lang='lat' dir='ltr'><strong>disse-</strong></span> 
     </span>
    </p>
   </div>
   <div class='ocr_carea' id='block_1_72' title="bbox 1943 2762 3524 2833">
    <p class='ocr_par' dir='ltr' id='par_1_72' title="bbox 1943 2762 3524 2833">
     <span class='ocr_line' id='line_1_72' title="bbox 1943 2762 3524 2833; baseline 0.009 -25"><span class='ocrx_word' id='word_1_508' title='bbox 1943 2771 2070 2808; x_wconf 84' lang='lat' dir='ltr'><strong>rens</strong></span> <span class='ocrx_word' id='word_1_509' title='bbox 2103 2763 2242 2818; x_wconf 86' lang='lat' dir='ltr'><strong>(erat</strong></span> <span class='ocrx_word' id='word_1_510' title='bbox 2285 2767 2466 2811; x_wconf 85' lang='lat' dir='ltr'><strong>autem</strong></span> <span class='ocrx_word' id='word_1_511' title='bbox 2510 2775 2618 2812; x_wconf 87' lang='lat' dir='ltr'><strong>non</strong></span> <span class='ocrx_word' id='word_1_512' title='bbox 2662 2762 2824 2814; x_wconf 84' lang='lat' dir='ltr'><strong>modo</strong></span> <span class='ocrx_word' id='word_1_513' title='bbox 2857 2763 2940 2816; x_wconf 90' lang='lat' dir='ltr'><strong>vir</strong></span> <span class='ocrx_word' id='word_1_514' title='bbox 2994 2764 3307 2833; x_wconf 62' lang='lat' dir='ltr'><strong>singularis,</strong></span> <span class='ocrx_word' id='word_1_515' title='bbox 3345 2776 3400 2820; x_wconf 88' lang='lat' dir='ltr'><strong>et</strong></span> <span class='ocrx_word' id='word_1_516' title='bbox 3451 2769 3524 2822; x_wconf 89' lang='lat' dir='ltr'><strong>ob</strong></span> 
     </span>
    </p>
   </div>
   <div class='ocr_carea' id='block_1_73' title="bbox 1939 2845 3518 2922">
    <p class='ocr_par' dir='ltr' id='par_1_73' title="bbox 1939 2845 3518 2922">
     <span class='ocr_line' id='line_1_73' title="bbox 1939 2845 3518 2922; baseline 0.008 -24"><span class='ocrx_word' id='word_1_517' title='bbox 1939 2845 2366 2898; x_wconf 80' lang='lat' dir='ltr'><strong>sanctimoniam</strong></span> <span class='ocrx_word' id='word_1_518' title='bbox 2418 2848 2770 2915; x_wconf 84' lang='lat' dir='ltr'><strong>venerabilis,</strong></span> <span class='ocrx_word' id='word_1_519' title='bbox 2807 2853 2902 2906; x_wconf 89' lang='lat' dir='ltr'><strong>sed</strong></span> <span class='ocrx_word' id='word_1_520' title='bbox 2952 2855 3118 2907; x_wconf 67' lang='lat' dir='ltr'><strong>etiam</strong></span> <span class='ocrx_word' id='word_1_521' title='bbox 3161 2867 3518 2922; x_wconf 80' lang='lat' dir='ltr'><strong>externarum</strong></span> 
     </span>
    </p>
   </div>
   <div class='ocr_carea' id='block_1_74' title="bbox 1939 2938 3519 3013">
    <p class='ocr_par' dir='ltr' id='par_1_74' title="bbox 1939 2938 3519 3013">
     <span class='ocr_line' id='line_1_74' title="bbox 1939 2938 3519 3013; baseline 0.009 -24"><span class='ocrx_word' id='word_1_522' title='bbox 1939 2945 1996 2989; x_wconf 89' lang='lat' dir='ltr'><strong>et</strong></span> <span class='ocrx_word' id='word_1_523' title='bbox 2047 2947 2363 2991; x_wconf 86' lang='lat' dir='ltr'><strong>nostrarum</strong></span> <span class='ocrx_word' id='word_1_524' title='bbox 2424 2938 2845 3010; x_wconf 88' lang='lat' dir='ltr'><strong>disciplinarum</strong></span> <span class='ocrx_word' id='word_1_525' title='bbox 2904 2945 3296 3013; x_wconf 69' lang='lat' dir='ltr'><strong>peritissimus,</strong></span> <span class='ocrx_word' id='word_1_526' title='bbox 3347 2957 3402 3001; x_wconf 92' lang='lat' dir='ltr'><strong>et</strong></span> <span class='ocrx_word' id='word_1_527' title='bbox 3463 2950 3519 3003; x_wconf 89' lang='lat' dir='ltr'><strong>in</strong></span> 
     </span>
    </p>
   </div>
   <div class='ocr_carea' id='block_1_75' title="bbox 1941 3029 3519 3103">
    <p class='ocr_par' dir='ltr' id='par_1_75' title="bbox 1941 3029 3519 3103">
     <span class='ocr_line' id='line_1_75' title="bbox 1941 3029 3519 3103; baseline 0.009 -21"><span class='ocrx_word' id='word_1_528' title='bbox 1941 3043 2238 3094; x_wconf 74' lang='lat' dir='ltr'><strong>congressu</strong></span> <span class='ocrx_word' id='word_1_529' title='bbox 2274 3029 2338 3082; x_wconf 88' lang='lat' dir='ltr'><strong>ad</strong></span> <span class='ocrx_word' id='word_1_530' title='bbox 2386 3029 2681 3086; x_wconf 88' lang='lat' dir='ltr'><strong>dicendum</strong></span> <span class='ocrx_word' id='word_1_531' title='bbox 2714 3049 2778 3088; x_wconf 88' lang='lat' dir='ltr'><strong>ac</strong></span> <span class='ocrx_word' id='word_1_532' title='bbox 2814 3035 3258 3103; x_wconf 84' lang='lat' dir='ltr'><strong>persuadendum</strong></span> <span class='ocrx_word' id='word_1_533' title='bbox 3298 3041 3519 3095; x_wconf 80' lang='lat' dir='ltr'><strong>valebat</strong></span> 
     </span>
    </p>
   </div>
   <div class='ocr_carea' id='block_1_76' title="bbox 1941 3121 3523 3198">
    <p class='ocr_par' dir='ltr' id='par_1_76' title="bbox 1941 3121 3523 3198">
     <span class='ocr_line' id='line_1_76' title="bbox 1941 3121 3523 3198; baseline 0.009 -26"><span class='ocrx_word' id='word_1_534' title='bbox 1941 3121 2206 3190; x_wconf 77' lang='lat' dir='ltr'><strong>egregie),</strong></span> <span class='ocrx_word' id='word_1_535' title='bbox 2238 3131 2449 3175; x_wconf 89' lang='lat' dir='ltr'><strong>tantum</strong></span> <span class='ocrx_word' id='word_1_536' title='bbox 2478 3123 2690 3191; x_wconf 71' lang='lat' dir='ltr'><strong>eil‘ecit,</strong></span> <span class='ocrx_word' id='word_1_537' title='bbox 2725 3133 2783 3179; x_wconf 92' lang='lat' dir='ltr'><strong>ut</strong></span> <span class='ocrx_word' id='word_1_538' title='bbox 2822 3129 3036 3182; x_wconf 91' lang='lat' dir='ltr'><strong>modico</strong></span> <span class='ocrx_word' id='word_1_539' title='bbox 3079 3131 3256 3198; x_wconf 86' lang='lat' dir='ltr'><strong>pretio</strong></span> <span class='ocrx_word' id='word_1_540' title='bbox 3296 3147 3393 3186; x_wconf 90' lang='lat' dir='ltr'><strong>eos</strong></span> <span class='ocrx_word' id='word_1_541' title='bbox 3437 3133 3523 3186; x_wconf 88' lang='lat' dir='ltr'><strong>di-</strong></span> 
     </span>
    </p>
   </div>
   <div class='ocr_carea' id='block_1_77' title="bbox 1941 3213 3517 3282">
    <p class='ocr_par' dir='ltr' id='par_1_77' title="bbox 1941 3213 3517 3282">
     <span class='ocr_line' id='line_1_77' title="bbox 1941 3213 3517 3282; baseline 0.01 -18"><span class='ocrx_word' id='word_1_542' title='bbox 1941 3213 2163 3266; x_wconf 88' lang='lat' dir='ltr'><strong>mittere</strong></span> <span class='ocrx_word' id='word_1_543' title='bbox 2198 3228 2305 3265; x_wconf 90' lang='lat' dir='ltr'><strong>non</strong></span> <span class='ocrx_word' id='word_1_544' title='bbox 2341 3225 2683 3270; x_wconf 84' lang='lat' dir='ltr'><strong>recusarent.</strong></span> <span class='ocrx_word' id='word_1_545' title='bbox 2716 3218 2852 3282; x_wconf 86' lang='lat' dir='ltr'><strong>Quia</strong></span> <span class='ocrx_word' id='word_1_546' title='bbox 2892 3229 3070 3274; x_wconf 79' lang='lat' dir='ltr'><strong>tamen</strong></span> <span class='ocrx_word' id='word_1_547' title='bbox 3105 3238 3203 3277; x_wconf 90' lang='lat' dir='ltr'><strong>nec</strong></span> <span class='ocrx_word' id='word_1_548' title='bbox 3238 3225 3517 3279; x_wconf 87' lang='lat' dir='ltr'><strong>modicum</strong></span> 
     </span>
    </p>
   </div>
   <div class='ocr_carea' id='block_1_78' title="bbox 1939 3303 3522 3383">
    <p class='ocr_par' dir='ltr' id='par_1_78' title="bbox 1939 3303 3522 3383">
     <span class='ocr_line' id='line_1_78' title="bbox 1939 3303 3522 3383; baseline 0.011 -29"><span class='ocrx_word' id='word_1_549' title='bbox 1939 3303 2162 3373; x_wconf 87' lang='lat' dir='ltr'><strong>quidem</strong></span> <span class='ocrx_word' id='word_1_550' title='bbox 2191 3305 2322 3358; x_wconf 89' lang='lat' dir='ltr'><strong>illud</strong></span> <span class='ocrx_word' id='word_1_551' title='bbox 2352 3306 2566 3361; x_wconf 76' lang='lat' dir='ltr'><strong>civibus</strong></span> <span class='ocrx_word' id='word_1_552' title='bbox 2593 3310 2943 3378; x_wconf 85' lang='lat' dir='ltr'><strong>suppetebat,</strong></span> <span class='ocrx_word' id='word_1_553' title='bbox 2965 3313 3130 3382; x_wconf 79' lang='grc'><strong>827</strong></span> <span class='ocrx_word' id='word_1_554' title='bbox 3163 3315 3279 3383; x_wconf 85' lang='lat' dir='ltr'><strong>ipse</strong></span> <span class='ocrx_word' id='word_1_555' title='bbox 3307 3315 3522 3372; x_wconf 87' lang='lat' dir='ltr'><strong>Latinis</strong></span> 
     </span>
    </p>
   </div>
   <div class='ocr_carea' id='block_1_79' title="bbox 1939 3398 3517 3470">
    <p class='ocr_par' dir='ltr' id='par_1_79' title="bbox 1939 3398 3517 3470">
     <span class='ocr_line' id='line_1_79' title="bbox 1939 3398 3517 3470; baseline 0.009 -22"><span class='ocrx_word' id='word_1_556' title='bbox 1939 3409 2136 3464; x_wconf 74' lang='lat' dir='ltr'><strong>Sponte</strong></span> <span class='ocrx_word' id='word_1_557' title='bbox 2163 3412 2221 3450; x_wconf 88' lang='lat' dir='ltr'><strong>se</strong></span> <span class='ocrx_word' id='word_1_558' title='bbox 2257 3398 2542 3468; x_wconf 81' lang='lat' dir='ltr'><strong>obligavit,</strong></span> <span class='ocrx_word' id='word_1_559' title='bbox 2580 3400 2722 3453; x_wconf 89' lang='lat' dir='ltr'><strong>intra</strong></span> <span class='ocrx_word' id='word_1_560' title='bbox 2759 3402 2879 3457; x_wconf 87' lang='lat' dir='ltr'><strong>dies</strong></span> <span class='ocrx_word' id='word_1_561' title='bbox 2905 3405 3201 3470; x_wconf 71' lang='lat' dir='ltr'><strong>pra-linitos</strong></span> <span class='ocrx_word' id='word_1_562' title='bbox 3234 3407 3366 3460; x_wconf 89' lang='lat' dir='ltr'><strong>illud</strong></span> <span class='ocrx_word' id='word_1_563' title='bbox 3396 3409 3517 3462; x_wconf 88' lang='lat' dir='ltr'><strong>auri</strong></span> 
     </span>
    </p>
   </div>
   <div class='ocr_carea' id='block_1_80' title="bbox 1938 3485 3519 3565">
    <p class='ocr_par' dir='ltr' id='par_1_80' title="bbox 1938 3485 3519 3565">
     <span class='ocr_line' id='line_1_80' title="bbox 1938 3485 3519 3565; baseline 0.008 -27"><span class='ocrx_word' id='word_1_564' title='bbox 1938 3485 2272 3538; x_wconf 87' lang='lat' dir='ltr'><strong>solutorum.</strong></span> <span class='ocrx_word' id='word_1_565' title='bbox 2304 3485 2395 3548; x_wconf 70' lang='lat' dir='ltr'><strong>Sic</strong></span> <span class='ocrx_word' id='word_1_566' title='bbox 2430 3488 2504 3540; x_wconf 90' lang='lat' dir='ltr'><strong>illi</strong></span> <span class='ocrx_word' id='word_1_567' title='bbox 2549 3489 2669 3558; x_wconf 86' lang='lat' dir='ltr'><strong>ejus</strong></span> <span class='ocrx_word' id='word_1_568' title='bbox 2703 3489 2806 3544; x_wconf 82' lang='lat' dir='ltr'><strong>ﬁde</strong></span> <span class='ocrx_word' id='word_1_569' title='bbox 2858 3493 3068 3546; x_wconf 86' lang='lat' dir='ltr'><strong>dimissi</strong></span> <span class='ocrx_word' id='word_1_570' title='bbox 3110 3511 3138 3546; x_wconf 92' lang='lat' dir='ltr'><strong>a</strong></span> <span class='ocrx_word' id='word_1_571' title='bbox 3185 3497 3519 3565; x_wconf 89' lang='lat' dir='ltr'><strong>propinquis</strong></span> 
     </span>
    </p>
   </div>
   <div class='ocr_carea' id='block_1_81' title="bbox 1938 3576 3519 3654">
    <p class='ocr_par' dir='ltr' id='par_1_81' title="bbox 1938 3576 3519 3654">
     <span class='ocr_line' id='line_1_81' title="bbox 1938 3576 3519 3654; baseline 0.009 -26"><span class='ocrx_word' id='word_1_572' title='bbox 1938 3584 1992 3629; x_wconf 91' lang='lat' dir='ltr'><strong>et</strong></span> <span class='ocrx_word' id='word_1_573' title='bbox 2024 3576 2239 3642; x_wconf 87' lang='lat' dir='ltr'><strong>amicis,</strong></span> <span class='ocrx_word' id='word_1_574' title='bbox 2285 3577 2432 3646; x_wconf 90' lang='lat' dir='ltr'><strong>quod</strong></span> <span class='ocrx_word' id='word_1_575' title='bbox 2463 3580 2739 3633; x_wconf 86' lang='lat' dir='ltr'><strong>solverent</strong></span> <span class='ocrx_word' id='word_1_576' title='bbox 2774 3583 3163 3650; x_wconf 86' lang='lat' dir='ltr'><strong>corrogabant.</strong></span> <span class='ocrx_word' id='word_1_577' title='bbox 3196 3585 3376 3654; x_wconf 89' lang='lat' dir='ltr'><strong>Atque</strong></span> <span class='ocrx_word' id='word_1_578' title='bbox 3414 3587 3519 3642; x_wconf 84' lang='lat' dir='ltr'><strong>hoc</strong></span> 
     </span>
    </p>
   </div>
   <div class='ocr_carea' id='block_1_82' title="bbox 1937 3667 3519 3732">
    <p class='ocr_par' dir='ltr' id='par_1_82' title="bbox 1937 3667 3519 3732">
     <span class='ocr_line' id='line_1_82' title="bbox 1937 3667 3519 3732; baseline 0.007 -11"><span class='ocrx_word' id='word_1_579' title='bbox 1937 3667 2132 3722; x_wconf 90' lang='lat' dir='ltr'><strong>eodem</strong></span> <span class='ocrx_word' id='word_1_580' title='bbox 2181 3669 2344 3723; x_wconf 90' lang='lat' dir='ltr'><strong>modo</strong></span> <span class='ocrx_word' id='word_1_581' title='bbox 2378 3669 2637 3732; x_wconf 81' lang='lat' dir='ltr'><strong>faciebat,</strong></span> <span class='ocrx_word' id='word_1_582' title='bbox 2673 3670 2851 3725; x_wconf 89' lang='lat' dir='ltr'><strong>donec</strong></span> <span class='ocrx_word' id='word_1_583' title='bbox 2894 3687 3086 3727; x_wconf 90' lang='lat' dir='ltr'><strong>omnes</strong></span> <span class='ocrx_word' id='word_1_584' title='bbox 3118 3675 3354 3730; x_wconf 83' lang='lat' dir='ltr'><strong>vinculis</strong></span> <span class='ocrx_word' id='word_1_585' title='bbox 3383 3677 3519 3732; x_wconf 88' lang='lat' dir='ltr'><strong>libe-</strong></span> 
     </span>
    </p>
   </div>
   <div class='ocr_carea' id='block_1_83' title="bbox 1939 3761 3517 3837">
    <p class='ocr_par' dir='ltr' id='par_1_83' title="bbox 1939 3761 3517 3837">
     <span class='ocr_line' id='line_1_83' title="bbox 1939 3761 3517 3837; baseline 0.008 -24"><span class='ocrx_word' id='word_1_586' title='bbox 1939 3771 2136 3814; x_wconf 83' lang='lat' dir='ltr'><strong>rasset.</strong></span> <span class='ocrx_word' id='word_1_587' title='bbox 2183 3761 2493 3816; x_wconf 88' lang='lat' dir='ltr'><strong>Tenuiores</strong></span> <span class='ocrx_word' id='word_1_588' title='bbox 2543 3774 2726 3818; x_wconf 83' lang='lat' dir='ltr'><strong>autem</strong></span> <span class='ocrx_word' id='word_1_589' title='bbox 2783 3775 2840 3819; x_wconf 86' lang='lat' dir='ltr'><strong>et</strong></span> <span class='ocrx_word' id='word_1_590' title='bbox 2877 3766 3229 3822; x_wconf 79' lang='lat' dir='ltr'><strong>obscuriores</strong></span> <span class='ocrx_word' id='word_1_591' title='bbox 3269 3771 3517 3837; x_wconf 84' lang='lat' dir='ltr'><strong>captivos</strong></span> 
     </span>
    </p>
   </div>
   <div class='ocr_carea' id='block_1_84' title="bbox 1938 3851 3516 3928">
    <p class='ocr_par' dir='ltr' id='par_1_84' title="bbox 1938 3851 3516 3928">
     <span class='ocr_line' id='line_1_84' title="bbox 1938 3851 3516 3928; baseline 0.006 -22"><span class='ocrx_word' id='word_1_592' title='bbox 1938 3851 2057 3906; x_wconf 92' lang='lat' dir='ltr'><strong>sine</strong></span> <span class='ocrx_word' id='word_1_593' title='bbox 2087 3853 2228 3922; x_wconf 76' lang='lat' dir='ltr'><strong>Iytro</strong></span> <span class='ocrx_word' id='word_1_594' title='bbox 2262 3854 2571 3917; x_wconf 90' lang='lat' dir='ltr'><strong>obtinebat,</strong></span> <span class='ocrx_word' id='word_1_595' title='bbox 2611 3857 2757 3925; x_wconf 86' lang='lat' dir='ltr'><strong>quod</strong></span> <span class='ocrx_word' id='word_1_596' title='bbox 2791 3857 2966 3911; x_wconf 88' lang='lat' dir='ltr'><strong>Latini</strong></span> <span class='ocrx_word' id='word_1_597' title='bbox 2999 3859 3122 3928; x_wconf 82' lang='lat' dir='ltr'><strong>ejus</strong></span> <span class='ocrx_word' id='word_1_598' title='bbox 3157 3860 3415 3914; x_wconf 75' lang='lat' dir='ltr'><strong>virtutem</strong></span> <span class='ocrx_word' id='word_1_599' title='bbox 3451 3877 3516 3916; x_wconf 85' lang='lat' dir='ltr'><strong>ac</strong></span> 
     </span>
    </p>
   </div>
   <div class='ocr_carea' id='block_1_85' title="bbox 1938 3949 3518 4022">
    <p class='ocr_par' dir='ltr' id='par_1_85' title="bbox 1938 3949 3518 4022">
     <span class='ocr_line' id='line_1_85' title="bbox 1938 3949 3518 4022; baseline 0.006 -24"><span class='ocrx_word' id='word_1_600' title='bbox 1938 3954 2248 4014; x_wconf 79' lang='lat' dir='ltr'><strong>promptam</strong></span> <span class='ocrx_word' id='word_1_601' title='bbox 2294 3961 2393 4016; x_wconf 89' lang='lat' dir='ltr'><strong>pro</strong></span> <span class='ocrx_word' id='word_1_602' title='bbox 2437 3963 2598 4016; x_wconf 81' lang='lat' dir='ltr'><strong>grege</strong></span> <span class='ocrx_word' id='word_1_603' title='bbox 2639 3963 2740 4002; x_wconf 90' lang='lat' dir='ltr'><strong>suo</strong></span> <span class='ocrx_word' id='word_1_604' title='bbox 2793 3949 3133 4005; x_wconf 78' lang='lat' dir='ltr'><strong>voluntatem</strong></span> <span class='ocrx_word' id='word_1_605' title='bbox 3171 3953 3518 4022; x_wconf 84' lang='lat' dir='ltr'><strong>suspicerent</strong></span> 
     </span>
    </p>
   </div>
   <div class='ocr_carea' id='block_1_86' title="bbox 1937 4037 3516 4100">
    <p class='ocr_par' dir='ltr' id='par_1_86' title="bbox 1937 4037 3516 4100">
     <span class='ocr_line' id='line_1_86' title="bbox 1937 4037 3516 4100; baseline 0.007 -12"><span class='ocrx_word' id='word_1_606' title='bbox 1937 4050 2001 4089; x_wconf 90' lang='lat' dir='ltr'><strong>ac</strong></span> <span class='ocrx_word' id='word_1_607' title='bbox 2039 4045 2448 4093; x_wconf 73' lang='lat' dir='ltr'><strong>revererentur.</strong></span> <span class='ocrx_word' id='word_1_608' title='bbox 2479 4037 2640 4092; x_wconf 85' lang='lat' dir='ltr'><strong>Novit</strong></span> <span class='ocrx_word' id='word_1_609' title='bbox 2665 4041 2810 4093; x_wconf 90' lang='lat' dir='ltr'><strong>enim</strong></span> <span class='ocrx_word' id='word_1_610' title='bbox 2850 4041 3028 4096; x_wconf 69' lang='lat' dir='ltr'><strong>vietus</strong></span> <span class='ocrx_word' id='word_1_611' title='bbox 3055 4044 3366 4098; x_wconf 90' lang='lat' dir='ltr'><strong>cultoribus</strong></span> <span class='ocrx_word' id='word_1_612' title='bbox 3397 4047 3516 4100; x_wconf 84' lang='lat' dir='ltr'><strong>suis</strong></span> 
     </span>
    </p>
   </div>
   <div class='ocr_carea' id='block_1_87' title="bbox 1938 4128 3518 4202">
    <p class='ocr_par' dir='ltr' id='par_1_87' title="bbox 1938 4128 3518 4202">
     <span class='ocr_line' id='line_1_87' title="bbox 1938 4128 3518 4202; baseline 0.008 -22"><span class='ocrx_word' id='word_1_613' title='bbox 1938 4128 2102 4181; x_wconf 88' lang='lat' dir='ltr'><strong>etiam</strong></span> <span class='ocrx_word' id='word_1_614' title='bbox 2127 4129 2270 4196; x_wconf 88' lang='lat' dir='ltr'><strong>apud</strong></span> <span class='ocrx_word' id='word_1_615' title='bbox 2305 4130 2512 4192; x_wconf 88' lang='lat' dir='ltr'><strong>hostes,</strong></span> <span class='ocrx_word' id='word_1_616' title='bbox 2559 4132 2918 4199; x_wconf 82' lang='lat' dir='ltr'><strong>quantumvis</strong></span> <span class='ocrx_word' id='word_1_617' title='bbox 2950 4134 3242 4202; x_wconf 85' lang='lat' dir='ltr'><strong>Barbaros,</strong></span> <span class='ocrx_word' id='word_1_618' title='bbox 3275 4137 3518 4192; x_wconf 85' lang='lat' dir='ltr'><strong>admira-</strong></span> 
     </span>
    </p>
   </div>
   <div class='ocr_carea' id='block_1_88' title="bbox 1936 4221 3516 4293">
    <p class='ocr_par' dir='ltr' id='par_1_88' title="bbox 1936 4221 3516 4293">
     <span class='ocr_line' id='line_1_88' title="bbox 1936 4221 3516 4293; baseline 0.007 -21"><span class='ocrx_word' id='word_1_619' title='bbox 1936 4221 2142 4274; x_wconf 87' lang='lat' dir='ltr'><strong>tionem</strong></span> <span class='ocrx_word' id='word_1_620' title='bbox 2173 4222 2489 4284; x_wconf 78' lang='lat' dir='ltr'><strong>eonciliare,</strong></span> <span class='ocrx_word' id='word_1_621' title='bbox 2530 4223 2732 4276; x_wconf 87' lang='lat' dir='ltr'><strong>nedum</strong></span> <span class='ocrx_word' id='word_1_622' title='bbox 2761 4227 2903 4293; x_wconf 84' lang='lat' dir='ltr'><strong>apud</strong></span> <span class='ocrx_word' id='word_1_623' title='bbox 2941 4228 3273 4282; x_wconf 82' lang='lat' dir='ltr'><strong>domesticos</strong></span> <span class='ocrx_word' id='word_1_624' title='bbox 3296 4239 3353 4284; x_wconf 89' lang='lat' dir='ltr'><strong>et</strong></span> <span class='ocrx_word' id='word_1_625' title='bbox 3380 4230 3516 4284; x_wconf 86' lang='lat' dir='ltr'><strong>ami—</strong></span> 
     </span>
    </p>
   </div>
   <div class='ocr_carea' id='block_1_89' title="bbox 1937 4311 3516 4386">
    <p class='ocr_par' dir='ltr' id='par_1_89' title="bbox 1937 4311 3516 4386">
     <span class='ocr_line' id='line_1_89' title="bbox 1937 4311 3516 4386; baseline 0.007 -23"><span class='ocrx_word' id='word_1_626' title='bbox 1937 4324 2050 4364; x_wconf 82' lang='lat' dir='ltr'><strong>cus.</strong></span> <span class='ocrx_word' id='word_1_627' title='bbox 2079 4311 2204 4364; x_wconf 83' lang='lat' dir='ltr'><strong>Post</strong></span> <span class='ocrx_word' id='word_1_628' title='bbox 2228 4311 2342 4366; x_wconf 69' lang='lat' dir='ltr'><strong>haec</strong></span> <span class='ocrx_word' id='word_1_629' title='bbox 2375 4322 2426 4366; x_wconf 91' lang='lat' dir='ltr'><strong>et</strong></span> <span class='ocrx_word' id='word_1_630' title='bbox 2453 4314 2586 4367; x_wconf 90' lang='lat' dir='ltr'><strong>urbe</strong></span> <span class='ocrx_word' id='word_1_631' title='bbox 2609 4329 2639 4366; x_wconf 85' lang='lat' dir='ltr'><strong>a</strong></span> <span class='ocrx_word' id='word_1_632' title='bbox 2664 4313 2876 4369; x_wconf 88' lang='lat' dir='ltr'><strong>Latinis</strong></span> <span class='ocrx_word' id='word_1_633' title='bbox 2903 4330 3188 4386; x_wconf 81' lang='lat' dir='ltr'><strong>occupata,</strong></span> <span class='ocrx_word' id='word_1_634' title='bbox 3218 4329 3272 4372; x_wconf 91' lang='lat' dir='ltr'><strong>et</strong></span> <span class='ocrx_word' id='word_1_635' title='bbox 3299 4320 3516 4374; x_wconf 79' lang='lat' dir='ltr'><strong>civibus</strong></span> 
     </span>
    </p>
   </div>
   <div class='ocr_carea' id='block_1_90' title="bbox 242 4403 1838 4482">
    <p class='ocr_par' dir='ltr' id='par_1_90' title="bbox 242 4405 1830 4477">
     <span class='ocr_line' id='line_1_90' title="bbox 242 4405 1830 4477; baseline 0.005 -21"><span class='ocrx_word' id='word_1_636' title='bbox 242 4405 327 4458; x_wconf 80' lang='grc' dir='ltr'><strong>ἐπὶ</strong></span> <span class='ocrx_word' id='word_1_637' title='bbox 361 4407 629 4477; x_wconf 82' lang='grc' dir='ltr'>μετρίοις</span> <span class='ocrx_word' id='word_1_638' title='bbox 654 4407 874 4477; x_wconf 82' lang='grc' dir='ltr'>λύτροις</span> <span class='ocrx_word' id='word_1_639' title='bbox 907 4408 1143 4477; x_wconf 82' lang='grc' dir='ltr'>ἀφιέναι.</span> <span class='ocrx_word' id='word_1_640' title='bbox 1177 4409 1298 4461; x_wconf 83' lang='grc' dir='ltr'>Τὼν</span> <span class='ocrx_word' id='word_1_641' title='bbox 1342 4411 1577 4463; x_wconf 81' lang='grc' dir='ltr'>πολιτῶν</span> <span class='ocrx_word' id='word_1_642' title='bbox 1608 4411 1683 4477; x_wconf 86' lang='grc' dir='ltr'>δὲ,</span> <span class='ocrx_word' id='word_1_643' title='bbox 1710 4412 1830 4464; x_wconf 72' lang='grc' dir='ltr'>οὐδὲ</span> 
     </span>
    </p>
   </div>
   <div class='ocr_carea' id='block_1_91' title="bbox 1940 4403 3518 4482">
    <p class='ocr_par' dir='ltr' id='par_1_91' title="bbox 1940 4403 3518 4482">
     <span class='ocr_line' id='line_1_91' title="bbox 1940 4403 3518 4482; baseline 0.006 -26"><span class='ocrx_word' id='word_1_644' title='bbox 1940 4403 1999 4456; x_wconf 83' lang='lat' dir='ltr'><strong>ad</strong></span> <span class='ocrx_word' id='word_1_645' title='bbox 2039 4419 2208 4468; x_wconf 88' lang='lat' dir='ltr'><strong>unum</strong></span> <span class='ocrx_word' id='word_1_646' title='bbox 2243 4406 2530 4474; x_wconf 89' lang='lat' dir='ltr'><strong>pristinam</strong></span> <span class='ocrx_word' id='word_1_647' title='bbox 2559 4406 2870 4462; x_wconf 82' lang='lat' dir='ltr'><strong>libertatem</strong></span> <span class='ocrx_word' id='word_1_648' title='bbox 2904 4410 3151 4477; x_wconf 81' lang='lat' dir='ltr'><strong>adeptis.</strong></span> <span class='ocrx_word' id='word_1_649' title='bbox 3197 4420 3252 4466; x_wconf 86' lang='lat' dir='ltr'><strong>et</strong></span> <span class='ocrx_word' id='word_1_650' title='bbox 3287 4428 3518 4482; x_wconf 77' lang='lat' dir='ltr'><strong>congre-</strong></span> 
     </span>
    </p>
   </div>
   <div class='ocr_carea' id='block_1_92' title="bbox 240 4498 1830 4570">
    <p class='ocr_par' dir='ltr' id='par_1_92' title="bbox 240 4498 1830 4570">
     <span class='ocr_line' id='line_1_92' title="bbox 240 4498 1830 4570; baseline 0.004 -23"><span class='ocrx_word' id='word_1_651' title='bbox 240 4498 337 4548; x_wconf 79' lang='grc' dir='ltr'>τῶν</span> <span class='ocrx_word' id='word_1_652' title='bbox 382 4499 604 4566; x_wconf 67' lang='grc' dir='ltr'>ὀλίγων</span> <span class='ocrx_word' id='word_1_653' title='bbox 662 4498 891 4551; x_wconf 82' lang='grc' dir='ltr'>ἐκείνων</span> <span class='ocrx_word' id='word_1_654' title='bbox 944 4499 1346 4569; x_wconf 73' lang='grc' dir='ltr'>εὐπορούντων,</span> <span class='ocrx_word' id='word_1_655' title='bbox 1406 4501 1570 4563; x_wconf 77' lang='grc' dir='ltr'>αὐτὸς</span> <span class='ocrx_word' id='word_1_656' title='bbox 1624 4501 1830 4570; x_wconf 81' lang='grc' dir='ltr'>ἐγγύας</span> 
     </span>
    </p>
   </div>
   <div class='ocr_carea' id='block_1_93' title="bbox 239 4589 1832 4660">
    <p class='ocr_par' dir='ltr' id='par_1_93' title="bbox 239 4589 1832 4660">
     <span class='ocr_line' id='line_1_93' title="bbox 239 4589 1832 4660; baseline 0.005 -24"><span class='ocrx_word' id='word_1_657' title='bbox 239 4593 466 4658; x_wconf 82' lang='grc' dir='ltr'>παρεῖχε</span> <span class='ocrx_word' id='word_1_658' title='bbox 526 4591 647 4650; x_wconf 83' lang='grc' dir='ltr'>τοῖς</span> <span class='ocrx_word' id='word_1_659' title='bbox 711 4589 983 4653; x_wconf 80' lang='grc' dir='ltr'>Λατίνοις,</span> <span class='ocrx_word' id='word_1_660' title='bbox 1048 4591 1122 4653; x_wconf 84' lang='grc' dir='ltr'>ὡς</span> <span class='ocrx_word' id='word_1_661' title='bbox 1179 4590 1343 4652; x_wconf 68' lang='grc' dir='ltr'>αὐτὸς</span> <span class='ocrx_word' id='word_1_662' title='bbox 1393 4591 1722 4660; x_wconf 74' lang='grc' dir='ltr'>καταθήσων</span> <span class='ocrx_word' id='word_1_663' title='bbox 1772 4593 1832 4644; x_wconf 85' lang='grc' dir='ltr'><strong>τὸ</strong></span> 
     </span>
    </p>
   </div>
   <div class='ocr_carea' id='block_1_94' title="bbox 239 4681 1832 4752">
    <p class='ocr_par' dir='ltr' id='par_1_94' title="bbox 239 4681 1832 4752">
     <span class='ocr_line' id='line_1_94' title="bbox 239 4681 1832 4752; baseline 0.004 -22"><span class='ocrx_word' id='word_1_664' title='bbox 239 4683 461 4745; x_wconf 77' lang='grc' dir='ltr'>χρυσίον</span> <span class='ocrx_word' id='word_1_665' title='bbox 501 4683 604 4733; x_wconf 71' lang='grc' dir='ltr'>ἐπὶ</span> <span class='ocrx_word' id='word_1_666' title='bbox 630 4682 826 4749; x_wconf 81' lang='grc' dir='ltr'>ῥηταῖς</span> <span class='ocrx_word' id='word_1_667' title='bbox 855 4683 1107 4752; x_wconf 76' lang='grc' dir='ltr'>ἡμέραις.</span> <span class='ocrx_word' id='word_1_668' title='bbox 1142 4683 1251 4734; x_wconf 78' lang='grc' dir='ltr'>Καὶ</span> <span class='ocrx_word' id='word_1_669' title='bbox 1291 4681 1435 4735; x_wconf 75' lang='grc' dir='ltr'>οὕτω</span> <span class='ocrx_word' id='word_1_670' title='bbox 1465 4685 1832 4752; x_wconf 83' lang='grc' dir='ltr'>τυγχάνοντες</span> 
     </span>
    </p>
   </div>
   <div class='ocr_carea' id='block_1_95' title="bbox 235 4771 1832 4843">
    <p class='ocr_par' dir='ltr' id='par_1_95' title="bbox 235 4771 1832 4843">
     <span class='ocr_line' id='line_1_95' title="bbox 235 4771 1832 4843; baseline 0.004 -22"><span class='ocrx_word' id='word_1_671' title='bbox 235 4771 412 4836; x_wconf 81' lang='grc' dir='ltr'>ἀδείας</span> <span class='ocrx_word' id='word_1_672' title='bbox 465 4775 524 4824; x_wconf 81' lang='grc' dir='ltr'>οἱ</span> <span class='ocrx_word' id='word_1_673' title='bbox 571 4775 810 4836; x_wconf 76' lang='grc' dir='ltr'>πολῖται,</span> <span class='ocrx_word' id='word_1_674' title='bbox 859 4773 929 4824; x_wconf 88' lang='grc' dir='ltr'><strong>τά</strong></span> <span class='ocrx_word' id='word_1_675' title='bbox 983 4775 1246 4842; x_wconf 82' lang='grc' dir='ltr'>χρήματα</span> <span class='ocrx_word' id='word_1_676' title='bbox 1293 4774 1713 4843; x_wconf 79' lang='grc' dir='ltr'>συνεπορίζοντο</span> <span class='ocrx_word' id='word_1_677' title='bbox 1769 4777 1832 4828; x_wconf 88' lang='grc' dir='ltr'><strong>ἐκ</strong></span> 
     </span>
    </p>
   </div>
   <div class='ocr_carea' id='block_1_96' title="bbox 235 4863 1832 4932">
    <p class='ocr_par' dir='ltr' id='par_1_96' title="bbox 235 4863 1832 4932">
     <span class='ocr_line' id='line_1_96' title="bbox 235 4863 1832 4932; baseline 0.004 -21"><span class='ocrx_word' id='word_1_678' title='bbox 235 4863 335 4913; x_wconf 80' lang='grc' dir='ltr'>τῶν</span> <span class='ocrx_word' id='word_1_679' title='bbox 366 4864 629 4924; x_wconf 80' lang='grc' dir='ltr'>οἰκείων,</span> <span class='ocrx_word' id='word_1_680' title='bbox 675 4865 768 4915; x_wconf 71' lang='grc' dir='ltr'><strong>καὶ</strong></span> <span class='ocrx_word' id='word_1_681' title='bbox 822 4864 932 4916; x_wconf 79' lang='grc' dir='ltr'><strong>τῶν</strong></span> <span class='ocrx_word' id='word_1_682' title='bbox 982 4865 1174 4932; x_wconf 81' lang='grc' dir='ltr'>φίλων,</span> <span class='ocrx_word' id='word_1_683' title='bbox 1221 4867 1318 4918; x_wconf 71' lang='grc' dir='ltr'><strong>καὶ</strong></span> <span class='ocrx_word' id='word_1_684' title='bbox 1377 4867 1664 4919; x_wconf 76' lang='grc' dir='ltr'>ἀπεδίδουν</span> <span class='ocrx_word' id='word_1_685' title='bbox 1719 4869 1832 4928; x_wconf 86' lang='grc' dir='ltr'>τοῖς</span> 
     </span>
    </p>
   </div>
   <div class='ocr_carea' id='block_1_97' title="bbox 234 4947 1832 5020">
    <p class='ocr_par' dir='ltr' id='par_1_97' title="bbox 234 4947 1832 5020">
     <span class='ocr_line' id='line_1_97' title="bbox 234 4947 1832 5020; baseline 0.002 -22"><span class='ocrx_word' id='word_1_686' title='bbox 234 4948 514 5010; x_wconf 86' lang='grc' dir='ltr'>Λατίνοις.</span> <span class='ocrx_word' id='word_1_687' title='bbox 554 4947 670 5000; x_wconf 69' lang='grc' dir='ltr'><strong>Καὶ</strong></span> <span class='ocrx_word' id='word_1_688' title='bbox 719 4947 867 4999; x_wconf 87' lang='grc' dir='ltr'>τοῦτ’</span> <span class='ocrx_word' id='word_1_689' title='bbox 897 4947 1069 4999; x_wconf 79' lang='grc' dir='ltr'>ἐποίει</span> <span class='ocrx_word' id='word_1_690' title='bbox 1121 4950 1212 4999; x_wconf 76' lang='grc' dir='ltr'><strong>τὸν</strong></span> <span class='ocrx_word' id='word_1_691' title='bbox 1266 4949 1378 5000; x_wconf 87' lang='grc' dir='ltr'>ίσον</span> <span class='ocrx_word' id='word_1_692' title='bbox 1419 4951 1643 5020; x_wconf 79' lang='grc' dir='ltr'>τρόπον,</span> <span class='ocrx_word' id='word_1_693' title='bbox 1673 4950 1832 5018; x_wconf 81' lang='grc' dir='ltr'>ἄχρις</span> 
     </span>
    </p>
   </div>
   <div class='ocr_carea' id='block_1_98' title="bbox 232 5033 1833 5109">
    <p class='ocr_par' dir='ltr' id='par_1_98' title="bbox 232 5033 1833 5109">
     <span class='ocr_line' id='line_1_98' title="bbox 232 5033 1833 5109; baseline -0.001 -17"><span class='ocrx_word' id='word_1_694' title='bbox 232 5033 288 5092; x_wconf 73' lang='grc' dir='ltr'>τοῦ</span> <span class='ocrx_word' id='word_1_695' title='bbox 335 5041 572 5102; x_wconf 75' lang='grc' dir='ltr'>πάντας</span> <span class='ocrx_word' id='word_1_696' title='bbox 603 5039 712 5090; x_wconf 82' lang='grc' dir='ltr'>τῶν</span> <span class='ocrx_word' id='word_1_697' title='bbox 760 5039 976 5108; x_wconf 83' lang='grc' dir='ltr'>δεσμῶν</span> <span class='ocrx_word' id='word_1_698' title='bbox 1020 5040 1324 5108; x_wconf 74' lang='grc' dir='ltr'>ἀπήλλαξε,</span> <span class='ocrx_word' id='word_1_699' title='bbox 1354 5040 1480 5101; x_wconf 79' lang='grc' dir='ltr'>τοὺς</span> <span class='ocrx_word' id='word_1_700' title='bbox 1525 5040 1833 5109; x_wconf 84' lang='grc' dir='ltr'>ἀφανεστέ-</span> 
     </span>
    </p>
   </div>
   <div class='ocr_carea' id='block_1_99' title="bbox 236 5131 1832 5202">
    <p class='ocr_par' dir='ltr' id='par_1_99' title="bbox 236 5131 1832 5202">
     <span class='ocr_line' id='line_1_99' title="bbox 236 5131 1832 5202; baseline 0.001 -20"><span class='ocrx_word' id='word_1_701' title='bbox 236 5148 350 5197; x_wconf 65' lang='lat' dir='ltr'><strong>po;</strong></span> <span class='ocrx_word' id='word_1_702' title='bbox 383 5133 445 5185; x_wconf 78' lang='grc' dir='ltr'>δὲ</span> <span class='ocrx_word' id='word_1_703' title='bbox 482 5131 600 5183; x_wconf 83' lang='grc' dir='ltr'><strong>τῶν</strong></span> <span class='ocrx_word' id='word_1_704' title='bbox 631 5131 1019 5200; x_wconf 73' lang='grc' dir='ltr'>αἰχμαλώτων,</span> <span class='ocrx_word' id='word_1_705' title='bbox 1053 5135 1145 5184; x_wconf 76' lang='grc' dir='ltr'><strong>καὶ</strong></span> <span class='ocrx_word' id='word_1_706' title='bbox 1181 5132 1310 5184; x_wconf 79' lang='grc' dir='ltr'>ἄνευ</span> <span class='ocrx_word' id='word_1_707' title='bbox 1351 5132 1564 5202; x_wconf 87' lang='grc' dir='ltr'>λύτρων</span> <span class='ocrx_word' id='word_1_708' title='bbox 1611 5132 1832 5184; x_wconf 77' lang='grc' dir='ltr'>ἔπεισεν</span> 
     </span>
    </p>
   </div>
   <div class='ocr_carea' id='block_1_100' title="bbox 234 5221 1832 5294">
    <p class='ocr_par' dir='ltr' id='par_1_100' title="bbox 234 5221 1832 5294">
     <span class='ocr_line' id='line_1_100' title="bbox 234 5221 1832 5294; baseline 0.001 -22"><span class='ocrx_word' id='word_1_709' title='bbox 234 5224 454 5289; x_wconf 65' lang='grc' dir='ltr'>ἀφεῖναι</span> <span class='ocrx_word' id='word_1_710' title='bbox 509 5223 644 5283; x_wconf 67' lang='grc' dir='ltr'>τοὺς</span> <span class='ocrx_word' id='word_1_711' title='bbox 695 5222 962 5283; x_wconf 76' lang='grc' dir='ltr'>Λατίνους</span> <span class='ocrx_word' id='word_1_712' title='bbox 996 5222 1342 5285; x_wconf 72' lang='grc' dir='ltr'>αἰδεσθέντας</span> <span class='ocrx_word' id='word_1_713' title='bbox 1377 5221 1544 5275; x_wconf 73' lang='grc' dir='ltr'>αὐτοῦ</span> <span class='ocrx_word' id='word_1_714' title='bbox 1578 5223 1678 5294; x_wconf 83' lang='grc' dir='ltr'>τὴν</span> <span class='ocrx_word' id='word_1_715' title='bbox 1705 5225 1832 5289; x_wconf 84' lang='grc' dir='ltr'>ἁρε-</span> 
     </span>
    </p>
   </div>
   <div class='ocr_carea' id='block_1_101' title="bbox 233 5312 1831 5387">
    <p class='ocr_par' dir='ltr' id='par_1_101' title="bbox 233 5312 1831 5387">
     <span class='ocr_line' id='line_1_101' title="bbox 233 5312 1831 5387; baseline 0.001 -22"><span class='ocrx_word' id='word_1_716' title='bbox 387 5317 494 5369; x_wconf 77' lang='grc' dir='ltr'>κα¹ι</span> <span class='ocrx_word' id='word_1_717' title='bbox 525 5316 632 5383; x_wconf 80' lang='grc' dir='ltr'><strong>τὴν</strong></span> <span class='ocrx_word' id='word_1_718' title='bbox 679 5315 819 5384; x_wconf 83' lang='grc' dir='ltr'>ὑπὲρ</span> <span class='ocrx_word' id='word_1_719' title='bbox 872 5315 968 5366; x_wconf 88' lang='grc' dir='ltr'><strong>τοῦ</strong></span> <span class='ocrx_word' id='word_1_720' title='bbox 1009 5318 1265 5385; x_wconf 83' lang='grc' dir='ltr'>ποιμνίου</span> <span class='ocrx_word' id='word_1_721' title='bbox 1324 5316 1659 5384; x_wconf 67' lang='grc' dir='ltr'>προθυμίαν.</span> <span class='ocrx_word' id='word_1_722' title='bbox 1708 5312 1831 5368; x_wconf 85' lang='grc' dir='ltr'>Οίδε</span> 
     </span>
    </p>
   </div>
   <div class='ocr_carea' id='block_1_102' title="bbox 233 5407 1832 5478">
    <p class='ocr_par' dir='ltr' id='par_1_102' title="bbox 233 5407 1832 5478">
     <span class='ocr_line' id='line_1_102' title="bbox 233 5407 1832 5478; baseline 0.001 -20"><span class='ocrx_word' id='word_1_723' title='bbox 233 5410 335 5478; x_wconf 75' lang='grc' dir='ltr'>γὰρ</span> <span class='ocrx_word' id='word_1_724' title='bbox 382 5412 418 5478; x_wconf 77' lang='grc' dir='ltr'><strong>ὴ</strong></span> <span class='ocrx_word' id='word_1_725' title='bbox 470 5407 654 5478; x_wconf 77' lang='grc' dir='ltr'>ἀρετὴ</span> <span class='ocrx_word' id='word_1_726' title='bbox 695 5409 819 5469; x_wconf 77' lang='grc' dir='ltr'>τοὺς</span> <span class='ocrx_word' id='word_1_727' title='bbox 870 5407 1154 5475; x_wconf 86' lang='grc' dir='ltr'>μετιόντας</span> <span class='ocrx_word' id='word_1_728' title='bbox 1194 5408 1256 5459; x_wconf 84' lang='grc' dir='ltr'><strong>ού</strong></span> <span class='ocrx_word' id='word_1_729' title='bbox 1304 5409 1457 5478; x_wconf 75' lang='grc' dir='ltr'>παρὰ</span> <span class='ocrx_word' id='word_1_730' title='bbox 1491 5410 1603 5470; x_wconf 83' lang='grc' dir='ltr'>τοῖς</span> <span class='ocrx_word' id='word_1_731' title='bbox 1653 5407 1832 5477; x_wconf 85' lang='grc' dir='ltr'>φίλοις</span> 
     </span>
    </p>
   </div>
   <div class='ocr_carea' id='block_1_103' title="bbox 237 5499 1828 5570">
    <p class='ocr_par' dir='ltr' id='par_1_103' title="bbox 237 5499 1828 5570">
     <span class='ocr_line' id='line_1_103' title="bbox 237 5499 1828 5570; baseline -0.001 -17"><span class='ocrx_word' id='word_1_732' title='bbox 237 5503 393 5568; x_wconf 80' lang='grc' dir='ltr'>μόνον</span> <span class='ocrx_word' id='word_1_733' title='bbox 434 5505 543 5553; x_wconf 72' lang='grc' dir='ltr'><strong>καὶ</strong></span> <span class='ocrx_word' id='word_1_734' title='bbox 587 5500 831 5562; x_wconf 81' lang='grc' dir='ltr'>οἰκείοις,</span> <span class='ocrx_word' id='word_1_735' title='bbox 868 5499 1004 5552; x_wconf 81' lang='grc' dir='ltr'><strong>ἀλλά</strong></span> <span class='ocrx_word' id='word_1_736' title='bbox 1053 5503 1148 5553; x_wconf 74' lang='grc' dir='ltr'>καὶ</span> <span class='ocrx_word' id='word_1_737' title='bbox 1191 5501 1340 5570; x_wconf 84' lang='grc' dir='ltr'><strong>παρά</strong></span> <span class='ocrx_word' id='word_1_738' title='bbox 1379 5503 1492 5564; x_wconf 88' lang='grc' dir='ltr'>τοῖς</span> <span class='ocrx_word' id='word_1_739' title='bbox 1522 5500 1828 5570; x_wconf 76' lang='grc' dir='ltr'>πολεμίοις,</span> 
     </span>
    </p>
   </div>
   <div class='ocr_carea' id='block_1_104' title="bbox 234 5588 1830 5661">
    <p class='ocr_par' dir='ltr' id='par_1_104' title="bbox 234 5588 1830 5661">
     <span class='ocr_line' id='line_1_104' title="bbox 234 5588 1830 5661; baseline 0.002 -23"><span class='ocrx_word' id='word_1_740' title='bbox 234 5589 328 5641; x_wconf 78' lang='grc' dir='ltr'><strong>κάν</strong></span> <span class='ocrx_word' id='word_1_741' title='bbox 385 5590 646 5661; x_wconf 79' lang='grc' dir='ltr'>τύχωσιν</span> <span class='ocrx_word' id='word_1_742' title='bbox 695 5589 846 5652; x_wconf 71' lang='grc' dir='ltr'>ὄντες</span> <span class='ocrx_word' id='word_1_743' title='bbox 892 5588 1159 5660; x_wconf 75' lang='grc' dir='ltr'>βάρϐαροι</span> <span class='ocrx_word' id='word_1_744' title='bbox 1209 5589 1588 5660; x_wconf 74' lang='grc' dir='ltr'>θαυμάζεσθαι</span> <span class='ocrx_word' id='word_1_745' title='bbox 1645 5606 1830 5659; x_wconf 89' lang='grc' dir='ltr'>παρα-</span> 
     </span>
    </p>
   </div>
   <div class='ocr_carea' id='block_1_105' title="bbox 241 5681 1829 5754">
    <p class='ocr_par' dir='ltr' id='par_1_105' title="bbox 241 5681 1829 5754">
     <span class='ocr_line' id='line_1_105' title="bbox 241 5681 1829 5754; baseline -0.001 -18"><span class='ocrx_word' id='word_1_746' title='bbox 241 5683 571 5748; x_wconf 69' lang='grc' dir='ltr'>σκευάζειν.</span> <span class='ocrx_word' id='word_1_747' title='bbox 596 5683 746 5738; x_wconf 70' lang='grc' dir='ltr'>Μετὰ</span> <span class='ocrx_word' id='word_1_748' title='bbox 777 5681 937 5736; x_wconf 78' lang='grc' dir='ltr'>τοῦτο</span> <span class='ocrx_word' id='word_1_749' title='bbox 977 5681 1056 5750; x_wconf 84' lang='grc' dir='ltr'><strong>δέ,</strong></span> <span class='ocrx_word' id='word_1_750' title='bbox 1091 5683 1212 5736; x_wconf 70' lang='grc' dir='ltr'>ἐπεὶ</span> <span class='ocrx_word' id='word_1_751' title='bbox 1241 5683 1276 5754; x_wconf 78' lang='grc' dir='ltr'><strong>ἦ</strong></span> <span class='ocrx_word' id='word_1_752' title='bbox 1307 5701 1364 5737; x_wconf 85' lang='grc' dir='ltr'><strong>τε</strong></span> <span class='ocrx_word' id='word_1_753' title='bbox 1401 5683 1553 5748; x_wconf 77' lang='grc' dir='ltr'>πόλις</span> <span class='ocrx_word' id='word_1_754' title='bbox 1587 5683 1690 5736; x_wconf 77' lang='grc' dir='ltr'>ὑπὸ</span> <span class='ocrx_word' id='word_1_755' title='bbox 1719 5683 1829 5737; x_wconf 89' lang='grc' dir='ltr'>τῶν</span> 
     </span>
    </p>
   </div>
   <div class='ocr_carea' id='block_1_106' title="bbox 1935 4491 3515 4572">
    <p class='ocr_par' dir='ltr' id='par_1_106' title="bbox 1935 4491 3515 4572">
     <span class='ocr_line' id='line_1_106' title="bbox 1935 4491 3515 4572; baseline 0.007 -25"><span class='ocrx_word' id='word_1_756' title='bbox 1935 4497 2098 4572; x_wconf 78' lang='lat' dir='ltr'><strong>gatis,</strong></span> <span class='ocrx_word' id='word_1_757' title='bbox 2127 4496 2220 4564; x_wconf 89' lang='lat' dir='ltr'><strong>qui</strong></span> <span class='ocrx_word' id='word_1_758' title='bbox 2277 4491 2510 4565; x_wconf 82' lang='lat' dir='ltr'><strong>dispersi</strong></span> <span class='ocrx_word' id='word_1_759' title='bbox 2559 4508 2737 4564; x_wconf 87' lang='lat' dir='ltr'><strong>erant,</strong></span> <span class='ocrx_word' id='word_1_760' title='bbox 2772 4508 2828 4553; x_wconf 93' lang='lat' dir='ltr'><strong>ut</strong></span> <span class='ocrx_word' id='word_1_761' title='bbox 2868 4499 2934 4554; x_wconf 88' lang='lat' dir='ltr'><strong>de</strong></span> <span class='ocrx_word' id='word_1_762' title='bbox 2981 4500 3194 4572; x_wconf 81' lang='lat' dir='ltr'><strong>integro</strong></span> <span class='ocrx_word' id='word_1_763' title='bbox 3233 4503 3515 4559; x_wconf 85' lang='lat' dir='ltr'><strong>habitare-</strong></span> 
     </span>
    </p>
   </div>
   <div class='ocr_carea' id='block_1_107' title="bbox 1937 4570 3506 4660">
    <p class='ocr_par' dir='ltr' id='par_1_107' title="bbox 1937 4570 3506 4660">
     <span class='ocr_line' id='line_1_107' title="bbox 1937 4570 3506 4660; baseline 0.006 -19"><span class='ocrx_word' id='word_1_764' title='bbox 1937 4570 2298 4654; x_wconf 49' lang='lat' dir='ltr'><strong>tur,‘ell‘ecit;</strong></span> <span class='ocrx_word' id='word_1_765' title='bbox 2331 4603 2394 4641; x_wconf 88' lang='lat' dir='ltr'><strong>ac</strong></span> <span class='ocrx_word' id='word_1_766' title='bbox 2425 4589 2616 4644; x_wconf 90' lang='lat' dir='ltr'><strong>multis</strong></span> <span class='ocrx_word' id='word_1_767' title='bbox 2644 4591 2827 4646; x_wconf 86' lang='lat' dir='ltr'><strong>verbis</strong></span> <span class='ocrx_word' id='word_1_768' title='bbox 2864 4606 2957 4646; x_wconf 85' lang='lat' dir='ltr'><strong>eos</strong></span> <span class='ocrx_word' id='word_1_769' title='bbox 2998 4570 3249 4648; x_wconf 78' lang='lat' dir='ltr'><strong>hortatus</strong></span> <span class='ocrx_word' id='word_1_770' title='bbox 3291 4605 3394 4660; x_wconf 90' lang='lat' dir='ltr'><strong>est,</strong></span> <span class='ocrx_word' id='word_1_771' title='bbox 3436 4613 3506 4652; x_wconf 91' lang='lat' dir='ltr'><strong>ne</strong></span> 
     </span>
    </p>
   </div>
   <div class='ocr_carea' id='block_1_108' title="bbox 1937 4681 3513 4754">
    <p class='ocr_par' dir='ltr' id='par_1_108' title="bbox 1937 4681 3513 4754">
     <span class='ocr_line' id='line_1_108' title="bbox 1937 4681 3513 4754; baseline 0.007 -25"><span class='ocrx_word' id='word_1_772' title='bbox 1937 4681 2196 4747; x_wconf 66' lang='lat' dir='ltr'><strong>praesenti</strong></span> <span class='ocrx_word' id='word_1_773' title='bbox 2246 4694 2493 4733; x_wconf 59' lang='lat' dir='ltr'><strong>aerumna</strong></span> <span class='ocrx_word' id='word_1_774' title='bbox 2551 4682 2750 4736; x_wconf 84' lang='lat' dir='ltr'><strong>animis</strong></span> <span class='ocrx_word' id='word_1_775' title='bbox 2794 4683 3204 4754; x_wconf 82' lang='lat' dir='ltr'><strong>frangerentur,</strong></span> <span class='ocrx_word' id='word_1_776' title='bbox 3247 4690 3339 4740; x_wconf 84' lang='lat' dir='ltr'><strong>sed</strong></span> <span class='ocrx_word' id='word_1_777' title='bbox 3393 4701 3513 4740; x_wconf 75' lang='lat' dir='ltr'><strong>earn</strong></span> 
     </span>
    </p>
   </div>
   <div class='ocr_carea' id='block_1_109' title="bbox 1936 4770 3510 4842">
    <p class='ocr_par' dir='ltr' id='par_1_109' title="bbox 1936 4770 3510 4842">
     <span class='ocr_line' id='line_1_109' title="bbox 1936 4770 3510 4842; baseline 0.004 -20"><span class='ocrx_word' id='word_1_778' title='bbox 1936 4771 2061 4824; x_wconf 74' lang='lat' dir='ltr'><strong>vita:</strong></span> <span class='ocrx_word' id='word_1_779' title='bbox 2101 4770 2154 4823; x_wconf 91' lang='lat' dir='ltr'><strong>in</strong></span> <span class='ocrx_word' id='word_1_780' title='bbox 2204 4780 2489 4838; x_wconf 87' lang='lat' dir='ltr'><strong>posterum</strong></span> <span class='ocrx_word' id='word_1_781' title='bbox 2530 4773 2751 4842; x_wconf 62' lang='lat' dir='ltr'><strong>agenda:</strong></span> <span class='ocrx_word' id='word_1_782' title='bbox 2784 4773 3181 4829; x_wconf 90' lang='lat' dir='ltr'><strong>documentum</strong></span> <span class='ocrx_word' id='word_1_783' title='bbox 3223 4776 3510 4841; x_wconf 87' lang='lat' dir='ltr'><strong>ducerent,</strong></span> 
     </span>
    </p>
   </div>
   <div class='ocr_carea' id='block_1_110' title="bbox 1935 4859 3511 4933">
    <p class='ocr_par' dir='ltr' id='par_1_110' title="bbox 1935 4859 3511 4933">
     <span class='ocr_line' id='line_1_110' title="bbox 1935 4859 3511 4933; baseline 0.004 -21"><span class='ocrx_word' id='word_1_784' title='bbox 1935 4859 2283 4928; x_wconf 86' lang='lat' dir='ltr'><strong>navabatque</strong></span> <span class='ocrx_word' id='word_1_785' title='bbox 2335 4861 2548 4915; x_wconf 88' lang='lat' dir='ltr'><strong>utiliter</strong></span> <span class='ocrx_word' id='word_1_786' title='bbox 2600 4877 2822 4931; x_wconf 87' lang='lat' dir='ltr'><strong>operam</strong></span> <span class='ocrx_word' id='word_1_787' title='bbox 2874 4879 2974 4933; x_wconf 89' lang='lat' dir='ltr'><strong>pro</strong></span> <span class='ocrx_word' id='word_1_788' title='bbox 3039 4865 3180 4918; x_wconf 85' lang='lat' dir='ltr'><strong>virili</strong></span> <span class='ocrx_word' id='word_1_789' title='bbox 3233 4881 3354 4927; x_wconf 60' lang='lat' dir='ltr'><strong>sua,</strong></span> <span class='ocrx_word' id='word_1_790' title='bbox 3400 4880 3511 4919; x_wconf 92' lang='lat' dir='ltr'><strong>non</strong></span> 
     </span>
    </p>
   </div>
   <div class='ocr_carea' id='block_1_111' title="bbox 1935 4951 3514 5023">
    <p class='ocr_par' dir='ltr' id='par_1_111' title="bbox 1935 4951 3514 5023">
     <span class='ocr_line' id='line_1_111' title="bbox 1935 4951 3514 5023; baseline 0.002 -20"><span class='ocrx_word' id='word_1_791' title='bbox 1935 4951 2110 5004; x_wconf 88' lang='lat' dir='ltr'><strong>solum</strong></span> <span class='ocrx_word' id='word_1_792' title='bbox 2141 4966 2292 5004; x_wconf 87' lang='lat' dir='ltr'><strong>saera</strong></span> <span class='ocrx_word' id='word_1_793' title='bbox 2321 4967 2468 5016; x_wconf 87' lang='lat' dir='ltr'><strong>vasa,</strong></span> <span class='ocrx_word' id='word_1_794' title='bbox 2499 4952 2692 5018; x_wconf 87' lang='lat' dir='ltr'><strong>libros,</strong></span> <span class='ocrx_word' id='word_1_795' title='bbox 2718 4953 2981 5023; x_wconf 81' lang='lat' dir='ltr'><strong>imagines</strong></span> <span class='ocrx_word' id='word_1_796' title='bbox 3021 4970 3086 5007; x_wconf 82' lang='lat' dir='ltr'><strong>ex</strong></span> <span class='ocrx_word' id='word_1_797' title='bbox 3119 4955 3362 5023; x_wconf 81' lang='lat' dir='ltr'><strong>Byzantii</strong></span> <span class='ocrx_word' id='word_1_798' title='bbox 3396 4971 3514 5007; x_wconf 87' lang='lat' dir='ltr'><strong>mo-</strong></span> 
     </span>
    </p>
   </div>
   <div class='ocr_carea' id='block_1_112' title="bbox 1937 5043 3510 5116">
    <p class='ocr_par' dir='ltr' id='par_1_112' title="bbox 1937 5043 3510 5116">
     <span class='ocr_line' id='line_1_112' title="bbox 1937 5043 3510 5116; baseline 0.003 -20"><span class='ocrx_word' id='word_1_799' title='bbox 1937 5043 2193 5096; x_wconf 86' lang='lat' dir='ltr'><strong>nasteriis</strong></span> <span class='ocrx_word' id='word_1_800' title='bbox 2231 5044 2606 5113; x_wconf 89' lang='lat' dir='ltr'><strong>conquirens,</strong></span> <span class='ocrx_word' id='word_1_801' title='bbox 2662 5047 2778 5113; x_wconf 90' lang='lat' dir='ltr'><strong>ipse</strong></span> <span class='ocrx_word' id='word_1_802' title='bbox 2821 5061 2887 5098; x_wconf 91' lang='lat' dir='ltr'><strong>eo</strong></span> <span class='ocrx_word' id='word_1_803' title='bbox 2928 5046 3242 5114; x_wconf 78' lang='lat' dir='ltr'><strong>profectus.</strong></span> <span class='ocrx_word' id='word_1_804' title='bbox 3294 5045 3510 5116; x_wconf 81' lang='lat' dir='ltr'><strong>singula</strong></span> 
     </span>
    </p>
   </div>
   <div class='ocr_carea' id='block_1_113' title="bbox 1935 5134 3512 5206">
    <p class='ocr_par' dir='ltr' id='par_1_113' title="bbox 1935 5134 3512 5206">
     <span class='ocr_line' id='line_1_113' title="bbox 1935 5134 3512 5206; baseline 0.002 -19"><span class='ocrx_word' id='word_1_805' title='bbox 1935 5134 2207 5201; x_wconf 69' lang='lat' dir='ltr'><strong>rogitans,</strong></span> <span class='ocrx_word' id='word_1_806' title='bbox 2246 5135 2324 5188; x_wconf 89' lang='lat' dir='ltr'><strong>uti</strong></span> <span class='ocrx_word' id='word_1_807' title='bbox 2373 5135 2606 5189; x_wconf 89' lang='lat' dir='ltr'><strong>miseros</strong></span> <span class='ocrx_word' id='word_1_808' title='bbox 2643 5137 2935 5205; x_wconf 85' lang='lat' dir='ltr'><strong>juvarent,</strong></span> <span class='ocrx_word' id='word_1_809' title='bbox 2971 5149 3236 5205; x_wconf 86' lang='lat' dir='ltr'><strong>quantum</strong></span> <span class='ocrx_word' id='word_1_810' title='bbox 3288 5145 3512 5206; x_wconf 85' lang='lat' dir='ltr'><strong>possent</strong></span> 
     </span>
    </p>
   </div>
   <div class='ocr_carea' id='block_1_114' title="bbox 1940 5221 3507 5296">
    <p class='ocr_par' dir='ltr' id='par_1_114' title="bbox 1940 5221 3507 5296">
     <span class='ocr_line' id='line_1_114' title="bbox 1940 5221 3507 5296; baseline 0.002 -19"><span class='ocrx_word' id='word_1_811' title='bbox 1940 5226 2147 5294; x_wconf 87' lang='lat' dir='ltr'><strong>(omnia</strong></span> <span class='ocrx_word' id='word_1_812' title='bbox 2179 5221 2453 5293; x_wconf 88' lang='lat' dir='ltr'><strong>siquidem</strong></span> <span class='ocrx_word' id='word_1_813' title='bbox 2485 5239 2516 5277; x_wconf 91' lang='lat' dir='ltr'><strong>a</strong></span> <span class='ocrx_word' id='word_1_814' title='bbox 2565 5224 2782 5278; x_wconf 87' lang='lat' dir='ltr'><strong>Latinis</strong></span> <span class='ocrx_word' id='word_1_815' title='bbox 2823 5225 3101 5279; x_wconf 83' lang='lat' dir='ltr'><strong>devastata</strong></span> <span class='ocrx_word' id='word_1_816' title='bbox 3144 5237 3305 5294; x_wconf 74' lang='lat' dir='ltr'><strong>erant</strong></span> <span class='ocrx_word' id='word_1_817' title='bbox 3350 5227 3507 5296; x_wconf 85' lang='lat' dir='ltr'><strong>peni-</strong></span> 
     </span>
    </p>
   </div>
   <div class='ocr_carea' id='block_1_115' title="bbox 1937 5314 3515 5386">
    <p class='ocr_par' dir='ltr' id='par_1_115' title="bbox 1937 5314 3515 5386">
     <span class='ocr_line' id='line_1_115' title="bbox 1937 5314 3515 5386; baseline 0.003 -18"><span class='ocrx_word' id='word_1_818' title='bbox 1937 5314 2070 5379; x_wconf 78' lang='lat' dir='ltr'><strong>tus),</strong></span> <span class='ocrx_word' id='word_1_819' title='bbox 2106 5314 2200 5369; x_wconf 87' lang='lat' dir='ltr'><strong>sed</strong></span> <span class='ocrx_word' id='word_1_820' title='bbox 2235 5325 2290 5368; x_wconf 88' lang='lat' dir='ltr'><strong>et</strong></span> <span class='ocrx_word' id='word_1_821' title='bbox 2327 5315 2716 5385; x_wconf 88' lang='lat' dir='ltr'><strong>imperatorem</strong></span> <span class='ocrx_word' id='word_1_822' title='bbox 2751 5316 2965 5378; x_wconf 85' lang='lat' dir='ltr'><strong>orabat,</strong></span> <span class='ocrx_word' id='word_1_823' title='bbox 3007 5326 3068 5369; x_wconf 90' lang='lat' dir='ltr'><strong>ut</strong></span> <span class='ocrx_word' id='word_1_824' title='bbox 3105 5317 3388 5386; x_wconf 70' lang='lat' dir='ltr'><strong>vectigalia</strong></span> <span class='ocrx_word' id='word_1_825' title='bbox 3425 5333 3515 5372; x_wconf 88' lang='lat' dir='ltr'><strong>re-</strong></span> 
     </span>
    </p>
   </div>
   <div class='ocr_carea' id='block_1_116' title="bbox 1936 5407 3512 5479">
    <p class='ocr_par' dir='ltr' id='par_1_116' title="bbox 1936 5407 3512 5479">
     <span class='ocr_line' id='line_1_116' title="bbox 1936 5407 3512 5479; baseline 0.003 -19"><span class='ocrx_word' id='word_1_826' title='bbox 1936 5407 2206 5462; x_wconf 88' lang='lat' dir='ltr'><strong>mitteret.</strong></span> <span class='ocrx_word' id='word_1_827' title='bbox 2257 5407 2359 5474; x_wconf 87' lang='lat' dir='ltr'><strong>Qui</strong></span> <span class='ocrx_word' id='word_1_828' title='bbox 2398 5419 2594 5478; x_wconf 87' lang='lat' dir='ltr'><strong>suopte</strong></span> <span class='ocrx_word' id='word_1_829' title='bbox 2639 5408 2860 5478; x_wconf 81' lang='lat' dir='ltr'><strong>ingenio</strong></span> <span class='ocrx_word' id='word_1_830' title='bbox 2891 5427 2954 5464; x_wconf 85' lang='lat' dir='ltr'><strong>ac</strong></span> <span class='ocrx_word' id='word_1_831' title='bbox 2993 5426 3090 5479; x_wconf 88' lang='lat' dir='ltr'><strong>per</strong></span> <span class='ocrx_word' id='word_1_832' title='bbox 3132 5425 3191 5463; x_wconf 86' lang='lat' dir='ltr'><strong>se</strong></span> <span class='ocrx_word' id='word_1_833' title='bbox 3234 5410 3298 5464; x_wconf 82' lang='lat' dir='ltr'><strong>ad</strong></span> <span class='ocrx_word' id='word_1_834' title='bbox 3341 5411 3512 5464; x_wconf 86' lang='lat' dir='ltr'><strong>bene-</strong></span> 
     </span>
    </p>
   </div>
   <div class='ocr_carea' id='block_1_117' title="bbox 1936 5498 3514 5569">
    <p class='ocr_par' dir='ltr' id='par_1_117' title="bbox 1936 5498 3514 5569">
     <span class='ocr_line' id='line_1_117' title="bbox 1936 5498 3514 5569; baseline 0.003 -17"><span class='ocrx_word' id='word_1_835' title='bbox 1936 5498 2245 5553; x_wconf 83' lang='lat' dir='ltr'><strong>faciendum</strong></span> <span class='ocrx_word' id='word_1_836' title='bbox 2298 5498 2603 5569; x_wconf 85' lang='lat' dir='ltr'><strong>proclivis,</strong></span> <span class='ocrx_word' id='word_1_837' title='bbox 2657 5508 2716 5554; x_wconf 87' lang='lat' dir='ltr'><strong>et</strong></span> <span class='ocrx_word' id='word_1_838' title='bbox 2768 5509 2898 5554; x_wconf 89' lang='lat' dir='ltr'><strong>tunc</strong></span> <span class='ocrx_word' id='word_1_839' title='bbox 2952 5501 3234 5554; x_wconf 87' lang='lat' dir='ltr'><strong>civitatum</strong></span> <span class='ocrx_word' id='word_1_840' title='bbox 3293 5502 3514 5557; x_wconf 85' lang='lat' dir='ltr'><strong>casibus</strong></span> 
     </span>
    </p>
   </div>
   <div class='ocr_carea' id='block_1_118' title="bbox 1937 5591 3512 5658">
    <p class='ocr_par' dir='ltr' id='par_1_118' title="bbox 1937 5591 3512 5658">
     <span class='ocr_line' id='line_1_118' title="bbox 1937 5591 3512 5658; baseline 0.003 -15"><span class='ocrx_word' id='word_1_841' title='bbox 1937 5601 2246 5658; x_wconf 88' lang='lat' dir='ltr'><strong>permotus,</strong></span> <span class='ocrx_word' id='word_1_842' title='bbox 2279 5607 2391 5648; x_wconf 92' lang='lat' dir='ltr'><strong>non</strong></span> <span class='ocrx_word' id='word_1_843' title='bbox 2438 5591 2898 5648; x_wconf 87' lang='lat' dir='ltr'><strong>Heracleensibus</strong></span> <span class='ocrx_word' id='word_1_844' title='bbox 2947 5594 3146 5658; x_wconf 85' lang='lat' dir='ltr'><strong>solum,</strong></span> <span class='ocrx_word' id='word_1_845' title='bbox 3205 5594 3299 5648; x_wconf 88' lang='lat' dir='ltr'><strong>sed</strong></span> <span class='ocrx_word' id='word_1_846' title='bbox 3342 5595 3512 5649; x_wconf 88' lang='lat' dir='ltr'><strong>etiam</strong></span> 
     </span>
    </p>
   </div>
   <div class='ocr_carea' id='block_1_119' title="bbox 1941 5681 3518 5758">
    <p class='ocr_par' dir='ltr' id='par_1_119' title="bbox 1941 5681 3518 5758">
     <span class='ocr_line' id='line_1_119' title="bbox 1941 5681 3518 5758; baseline 0.003 -21"><span class='ocrx_word' id='word_1_847' title='bbox 1941 5681 2348 5754; x_wconf 87' lang='lat' dir='ltr'><strong>Sozopolitanis</strong></span> <span class='ocrx_word' id='word_1_848' title='bbox 2389 5700 2610 5742; x_wconf 90' lang='lat' dir='ltr'><strong>omnem</strong></span> <span class='ocrx_word' id='word_1_849' title='bbox 2649 5686 2979 5742; x_wconf 87' lang='lat' dir='ltr'><strong>tributorum</strong></span> <span class='ocrx_word' id='word_1_850' title='bbox 3031 5688 3375 5758; x_wconf 83' lang='lat' dir='ltr'><strong>pul~licormn</strong></span> <span class='ocrx_word' id='word_1_851' title='bbox 3414 5687 3518 5741; x_wconf 90' lang='lat' dir='ltr'><strong>im-</strong></span> 
     </span>
    </p>
   </div>
   <div class='ocr_carea' id='block_1_120' title="bbox 3693 2391 3722 2406">
    <p class='ocr_par' dir='ltr' id='par_1_120' title="bbox 3693 2391 3722 2406">
     <span class='ocr_line' id='line_1_120' title="bbox 3693 2391 3722 2406; baseline 0 0"><span class='ocrx_word' id='word_1_852' title='bbox 3693 2391 3722 2406; x_wconf 61' lang='grc' dir='ltr'><em>Α</em></span> 
     </span>
    </p>
   </div>
  </div>
