3964 6210
307 379 419 448 237

1496 376 2027 438 lllS'l‘ORl.\ltU.\l
2073 374 2298 437 LlBEI’t
2344 376 2437 434 ιν.

3474 386 3576 446 933

311 507 441 558 πεῖν
472 502 569 567 τὰς
592 501 746 564 ναῦς,
774 503 863 553 καὶ
895 499 1198 570 χρήσασθαι
1236 500 1380 570 φυγῇ
1413 500 1546 567 πρὸς
1585 498 1878 567 σωτηρίαν.

1990 494 2248 562 fugiendo
2274 494 2673 561 relinquerent.
2695 493 2993 563 Imperator
3011 509 3202 550 eorum
3221 496 3579 567 ignaviam,et

310 597 587 664 Τοιαύτην
638 597 695 650 δὲ
751 593 1028 663 περιφανῆ
1085 594 1179 646 καὶ
1234 594 1545 661 θαυμασίαν
1608 594 1798 663 νίκην,
1850 595 1882 661 ἡ

308 689 576 759 ἀνανδρία
616 687 887 741 Νικολάου
925 687 1200 757 διέφθειρε
1234 688 1328 740 καὶ
1370 686 1625 755 ἀτολμία.
1664 686 1728 739 Εἰ
1778 686 1885 754 γὰρ

307 780 559 833 ἐπείθετο
589 778 801 848 βασιλεῖ
822 776 1245 848 συμϐουλεᾶοντι
1279 776 1701 846 τοῖςηπολεμίοις
1727 779 1887 830 ἐπε),-

307 872 427 925 θεῖν
460 870 603 924 κατὰ
632 871 730 938 τὴν
772 869 1092 939 ὑστεραίαν,
1132 868 1284 920 οὐδὲν
1318 869 1383 920 ἂν
1428 868 1656 931 ἐκώλυε,
1691 869 1790 932 τάς
1828 886 1883 921 τε

307 962 441 1021 ναῦς
494 961 605 1013 τῶν
660 961 935 1028 πολεμίων
996 959 1183 1012 λαϐεῖν
1242 958 1481 1021 ἁπάσας,
1537 959 1633 1011 καὶ
1687 961 1881 1019 αὐτοὺς

306 1052 596 1121 πολιορκίᾳ
625 1049 960 1119 διαφθείρειν
993 1050 1088 1103 καὶ
1113 1051 1279 1121 λιμῷ.
1320 1049 1455 1101 Ὑπὸ
1483 1049 1687 1112 δειλίας
1719 1049 1777 1101 δὲ
1822 1049 1882 1101 τὸ

304 1139 570 1202 τρόπαιον
624 1137 820 1206 στῆσαι
888 1138 1178 1207 μονονουχὶ
1241 1136 1563 1192 καταλιπὼν
1632 1139 1711 1200 εἷς
1765 1156 1884 1189 τινα

302 1228 524 1295 λιμένα,
563 1223 691 1299 ἦλθε
730 1228 871 1281 κατὰ
910 1228 971 1281 τὸ
1025 1230 1232 1291 στενὸν,
1292 1229 1546 1300 Θεραπέα
1605 1245 1883 1298 προσαγο-

306 1321 610 1388 ρευόμενον
640 1320 944 1390 ἐγχωρίως.
979 1321 1234 1389 Παγανὴς
1263 1320 1318 1373 δὲ
1357 1322 1384 1373 ὁ
1416 1321 1523 1373 τῶν
1557 1321 1884 1374 Γεννουῖτῶν

306 1410 641 1476 στρατηγὸς,
689 1407 877 1461 οὐδένα
916 1409 1145 1463 ἐπιόντα
1194 1408 1455 1480 πολέμιον
1490 1410 1655 1479 όρῶν,
1712 1427 1884 1479 παρε-

301 1501 459 1552 κάλει
493 1499 593 1567 τὴν
641 1499 903 1570 στρατιὰν
949 1498 1236 1569 ἐμϐαίνειν
1282 1500 1437 1564 αὖθις
1471 1502 1552 1564 είς
1584 1500 1683 1563 τὰς
1729 1501 1882 1565 ναῦς,

301 1594 397 1642 καὶ
438 1591 516 1660 μὴ
569 1590 821 1644 τοσοῦτον
872 1592 1331 1662 καταπεπλῆχθαι
1379 1594 1508 1656 τοὺς
1560 1593 1879 1661 πολεμίους,

296 1680 441 1733 ὥστε
496 1683 595 1734 καὶ
637 1682 881 1745 ἀπόντας
923 1683 1182 1754 ὀρρωδεῖν
1210 1686 1304 1738 καὶ
1334 1686 1559 1753 φεύγειν
1597 1686 1839 1752 ἀγεννῶς
1862 1701 1874 1716 ·

297 1770 437 1822 ἀλλά
464 1771 567 1822 νῦν
592 1772 695 1841 μὲν
728 1773 1005 1841 ἐμϐάντας
1040 1776 1118 1835 εἰς
1148 1772 1245 1836 τὰς
1294 1774 1423 1837 ναῦς
1454 1774 1749 1844 καθῆσθαι,
1790 1776 1877 1828 ἶνα

297 1857 376 1927 μὴ
461 1859 783 1911 παντάπασι
857 1859 1064 1913 δοκοῖεν
1134 1862 1604 1931 ἀπηγορευκέναι.
1665 1865 1762 1915 Ἂν
1842 1847 1889 1941 ξ

294 1950 563 2011 ἐπιόντας
614 1952 777 2002 [δοιεν
819 1951 945 2013 τοὺς
999 1951 1317 2021 πολεμίους,
1352 1953 1462 2005 οὐδ’
1495 1954 1661 2006 αὐτὸν
1703 1954 1879 2006 κωλῦ-

298 2060 415 2095 σειν
460 2043 739 2105 σώζεσθαι
784 2043 1113 2112 γενομένους
1153 2045 1306 2108 ἐντὸς
1345 2046 1561 2115 τειχῶν.
1595 2046 1754 2101 Οὒτω
1781 2047 1879 2117 μὲν

302 2135 455 2197 αὖθις
523 2135 739 2197 ἔπειθε,
791 2136 885 2186 καὶ
945 2136 1232 2203 εἰσήγοντο
1288 2136 1345 2199 ὲν
1400 2140 1519 2199 ταῖς
1574 2137 1876 2207 τριήρεσιν,

305 2227 618 2297 ὡρμίσαντό
668 2242 727 2277 τε
771 2225 879 2293 πρὸ
926 2224 1023 2277 τοῦ
1068 2226 1330 2295 φρουρίου
1390 2226 1614 2296 γνώμην
1664 2229 1879 2301 ἔχοντες

318 2318 384 2377 ὡς
436 2318 500 2384 ἦν
554 2317 762 2368 ἐπίοιεν
816 2316 863 2368 οἱ
929 2316 1217 2384 πολέμιοι,
1274 2316 1335 2367 οὺ
1398 2322 1877 2387 ναυμαχήσοντες,

322 2406 450 2458 ἀλλὰ
504 2407 864 2476 προησόμενοι
943 2407 1052 2468 τοῖς
1122 2406 1400 2473 πολεμίοις
1458 2408 1555 2468 τὰς
1610 2407 1875 2477 τριήρεις.

318 2496 572 2558 Βασιλεὺς
636 2495 695 2547 δὲ
752 2495 851 2563 τὴν
926 2495 1194 2559 ἀτολμίαν
1267 2494 1363 2546 καὶ
1432 2495 1723 2548 ἀσθένειαν
1781 2497 1879 2548 οὐκ

292 2589 520 2657 ,ἀγνοῶν
584 2589 693 2641 τῶν
762 2587 1069 2657 πολεμίων,
1136 2588 1370 2657 πέμπων
1449 2605 1506 2638 τε
1578 2589 1878 2658 παρεκάλει

302 2685 389 2737 τὸν
429 2681 700 2735 Νικόλαον
747 2683 843 2735 ἐπὶ
908 2682 1033 2742 τοὺς
1102 2680 1391 2749 πολεμίους
1466 2680 1623 2749 ἥκειν
1700 2681 1873 2742 αὖθις.

299 2776 375 2836 ὡς
457 2774 731 2841 ἀναιμωτὶ
812 2775 913 2841 τῆς
969 2773 1125 2841 νίκης
1186 2772 1478 2841 ἐσομένης,
1551 2774 1643 2824 καὶ
1716 2773 1877 2835 αὐτὸς

297 2867 598 2935 γενόμενος
632 2865 767 2933 πρὸς
830 2863 907 2934 τῷ
977 2863 1157 2934 λιμένι
1210 2857 1253 2929 ᾦ
1299 2863 1610 2932 ὼρμίζετο,
1674 2864 1881 2915 πείθειν

295 2958 599 3027 ἐπεχείρει,
653 2958 751 3024 τὴν
781 2958 1065 3009 ἀσθένειαν
1133 2954 1241 3007 τῶν
1312 2954 1586 3023 πολεμίοιν
1641 2954 1882 3007 ἐκδιδάσ-

297 3070 433 3103 κων.
517 3049 577 3101 ⁸0
629 3049 675 3101 δ’
739 3049 1005 3119 ἀήττητος
1065 3041 1132 3118 ἦν
1200 3046 1335 3117 πρὸς
1393 3047 1570 3098 πᾶσαν
1634 3046 1668 3096 ἀ
1704 3045 1881 3114 άγκῃν

295 3147 391 3212 τὴν
452 3144 519 3194 ἐκ
567 3142 776 3209 λόγων·
833 3140 970 3193 ἀλλὰ
1014 3139 1173 3192 τοῦτο
1230 3139 1390 3208 μόνον
1440 3138 1684 3203 ἐσκόπει,
1733 3140 1880 3201 ὅπως

300 3238 378 3302 μὴ
438 3231 599 3295 αὖθις
657 3231 943 3301 συμμίξειε
979 3232 1085 3294 τοῖς
1133 3229 1429 3297 πολεμίοις,
1476 3228 1575 3296 τῆς
1616 3229 1877 3297 ἀτολμίας

292 3326 352 3376 δὲ
408 3325 509 3378 καὶ
543 3322 880 3391 φαυλότητος
919 3319 1110 3387 ὥσπερ
1148 3319 1519 3387 προκάλυμμα
1559 3318 1653 3369 καὶ
1706 3319 1873 3384 τραῦ-

293 3419 377 3486 μά
418 3434 473 3468 τι
519 3416 718 3484 μικρλιν
759 3409 924 3482 εἶχεν,
966 3411 993 3463 ὅ
1022 3412 1160 3464 κατὰ
1187 3409 1286 3478 τὴν
1329 3412 1507 3479 μάχην
1544 3411 1877 3480 ἐτραυματί-

294 3511 423 3578 σθη.
464 3508 726 3568 Βασιλεὺς
754 3507 810 3557 δὲ
841 3506 1029 3570 ἠνιᾶτο
1059 3504 1155 3573 μὲν
1183 3503 1284 3556 οὐκ
1330 3503 1593 3567 ἀνεκτῶς,
1633 3504 1719 3555 καὶ
1748 3504 1866 3572 ὼρ-

293 3600 487 3665 γίζετο
538 3595 796 3664 τοιαύτης
829 3594 981 3662 νίκης
1011 3591 1384 3661 ἀπολλυμένης
1437 3592 1540 3643 ὑπὸ
1578 3592 1871 3653 Νικολάου,

298 3689 513 3741 πείθειν
539 3687 596 3738 δὲ
625 3689 723 3738 οὒκ
747 3682 861 3753 εἶχε
897 3684 1065 3736 πολλὰ
1097 3682 1447 3753 παρακαλῶν.
1479 3683 1591 3752 Οὐχ
1634 3679 1795 3753 ἦττον
1819 3684 1873 3735 δὲ

302 3799 368 3833 ια
399 3763 463 3832 ’ὁ
492 3780 603 3831 τῶν
636 3779 962 3831 Κατελάνων
1013 3776 1308 3844 ἠγανάκτει
1357 3776 1578 3845 ἡγεμὼν
1632 3777 1874 3844 συνορῶν

301 3874 428 3923 οἴων
458 3869 571 3922 ὑπὸ
600 3866 694 3920 τοῦ
729 3867 1089 3936 συνάρχοντος
1113 3866 1389 3935 τροπαίων
1421 3863 1873 3932 ἀποστεροῦνται,

302 3962 508 4026 ἔφασκέ
543 3977 604 4012 τε
636 3961 767 4029 πρὸς
818 3959 1040 4028 βασιλέα
1070 3958 1315 4027 ἀνάγκην
1342 3957 1487 4022 ἐχειν
1514 3956 1745 4009 ἔπεσθαι
1772 3958 1870 4009 Νιο

304 4054 511 4121 κολὰῳ,
552 4052 646 4102 καὶ
682 4051 845 4119 μηδὲν
876 4050 903 4101 ὃ
938 4051 1010 4118 μὴ
1047 4049 1283 4117 κάκείνῳ
1313 4046 1455 4099 δοκεί
1482 4047 1675 4110 ἐξεῖναι
1698 4047 1876 4115 στράτ-

297 4162 433 4195 τειν.
472 4141 633 4193 υἷ’κω
679 4142 786 4208 γ’ρ
818 4135 955 4191 εἶναι
1008 4136 1481 4204 προστεταγμένον
1532 4136 1676 4203 αὐτῷ
1726 4137 1875 4203 παρὰ

295 4233 476 4300 gms;
503 4229 603 4281 τοῦ
639 4231 786 4297 σφῶν
809 4228 1094 4281 δεσπότου.
1129 4228 1191 4279 El.
1214 4226 1269 4278 δὲ
1304 4226 1605 4296 μὴπαύτην
1633 4222 1746 4295 εἶχε
1775 4227 1874 4295 τὴν

294 4324 580 4388 ἀνάγκην,
619 4322 718 4371 οὐκ
771 4320 835 4372 ἂν
883 4318 1073 4388 ἐδεήθη
1109 4317 1379 4370 Νικολάου
1412 4317 1549 4387 πρὸς
1600 4316 1696 4387 τὴν
1733 4318 1873 4369 κατὰ

291 4416 411 4466 τῶν
448 4411 721 4481 πολεμίων
763 4408 947 4479 ἔφοδον
978 4424 991 4439 ⁸
1026 4408 1141 4461 ἀλλ’
1182 4409 1296 4475 ἅμα
1326 4409 1446 4469 ταῖς
1483 4408 1745 4475 βασιλέως
1782 4408 1875 4476 μόο

1996 584 2427 639 imbeeillitatem
2447 602 2553 638 non
2580 585 2926 652 iguoraus,ad
2942 586 3227 642 Nicolaum
3248 590 3574 655 mittit,hor-

1992 683 2135 728 tatur
2180 675 2363 730 hostes
2415 691 2633 729 rursum
2662 676 3575 738 iuvadat,victoriamincruentam

1990 765 2126 819 fore.
2153 767 2313 837 831
2348 764 2490 832 Quin
2520 766 2751 835 ipsemet
2791 768 2855 819 ad
2890 780 3131 836 portum,
3168 786 3329 838 quem
3369 772 3458 826 ille
3492 782 3573 826 te-

1989 857 2172 920 nebat,
2200 856 2501 925 profectus,
2536 856 2757 918 fractas,
2789 866 2843 910 et
2870 857 3184 914 debilitatas
3210 858 3453 915 hostium
3489 862 3571 915 vi-

1989 960 2075 999 res
2099 946 2507 1009 demonstrans,
2537 961 2604 999 eo
2633 947 2783 1000 illum
2810 949 3116 1015 perducere
3138 950 3435 1006 nitebatur.
3461 952 3569 1007 Sed

1991 1037 2139 1091 nulla
2194 1048 2313 1092 erat
2369 1048 2476 1092 tam
2539 1038 2765 1093 evidens
2812 1053 2874 1093 ac
2925 1042 3233 1096 necessaria
3293 1043 3569 1111 probatio.

1988 1143 2108 1196 qua:
2138 1128 2417 1183 hominem
2452 1131 2808 1185 convinceret
2839 1151 2852 1185 :
2890 1133 3047 1201 cujus
3076 1134 3333 1202 cogitatio
3364 1135 3416 1189 in
3460 1120 3567 1190 hoc

1990 1220 2166 1273 solum
2209 1222 2659 1285 consumebatur,
2694 1225 2969 1291 quomodo
3009 1224 3324 1280 conﬂictum
3360 1227 3563 1297 eﬂ’uge-

1991 1320 2095 1373 ret,
2124 1313 2357 1367 imbellis
2379 1324 2434 1367 et
2455 1314 2617 1367 alieni
2642 1316 2806 1368 animi
2841 1317 3090 1371 suivelut
3121 1319 3392 1387 quoddam
3411 1335 3564 1373 mau-

1991 1403 2178 1457 tellum
2218 1404 2475 1459 habentis
2523 1406 2933 1467 vulnuseulum.
2970 1409 3112 1477 quod
3154 1410 3208 1463 in
3264 1410 3564 1464 certamine

1987 1504 2296 1564 acceperat.
2328 1495 2633 1565 Imperator
2655 1497 2986 1552 intolerabili
3021 1499 3230 1553 dolore.
3259 1508 3314 1553 et
3344 1500 3565 1555 iracun-

1988 1585 2077 1639 dia
2102 1587 2481 1653 exardescere,
2526 1598 2635 1641 tam
2673 1590 2987 1657 praeclaram
3021 1590 3309 1645 victoriam
3343 1608 3437 1661 per
3470 1593 3567 1645 Νῖ-

1986 1680 2203 1734 colaum
2260 1682 2458 1745 amitti,
2526 1698 2686 1749 quem
2724 1684 3003 1751 precibus,
3065 1684 3319 1753 quamvis
3350 1686 3560 1747 multis,

1986 1786 2300 1841 expugnare
2328 1788 2436 1825 non
2470 1774 2762 1842 potuisset.
2787 1775 2897 1829 Nec
2930 1776 3112 1828 minor
3142 1784 3258 1829 erat
3287 1776 3440 1831 ducis
3461 1777 3566 1831 Ca-

1927 1845 1964 1898 Β
1994 1862 2296 1916 talanorum
2340 1863 2661 1933 indignatio,
2706 1865 2851 1931 quod
2902 1866 3103 1920 talibus
3142 1868 3359 1936 trepazis
3389 1882 3416 1919 a
3455 1871 3565 1922 col-

1984 1952 2099 2023 lega
2136 1956 2448 2023 privaretur
2474 1974 2485 2008 :
2516 1956 2841 2027 dicebatque
2870 1956 3210 2025 imperatori,
3241 1960 3355 2026 cogi
3383 1974 3440 2016 se
3464 1961 3557 2014 Ni-

1984 2045 2196 2098 colaum
2228 2045 2408 2115 sequi,
2436 2060 2537 2099 nec
2573 2062 2730 2113 posse
2762 2047 3060 2116 quidquam
3106 2050 3284 2101 lacere
3316 2051 3409 2104 illo
3446 2067 3554 2105 non

1984 2133 2268 2201 probante.
2299 2134 2387 2188 Sic
2412 2135 2557 2188 enim
2588 2135 2691 2189 sibi
2722 2152 2750 2188 a
2776 2152 2901 2206 rege
2934 2152 3033 2190 suo
3062 2138 3405 2207 imperatum,
3427 2140 3557 2205 Qua:

1984 2226 2286 2279 necessitas
2313 2224 2418 2278 nisi
2457 2226 2879 2291 intercessisset,
2912 2228 3136 2281 Nieolao
3162 2231 3224 2281 ad
3256 2230 3440 2283 hostes
3465 2246 3558 2299 ag—

1980 2314 2318 2381 grediundos
2361 2331 2501 2382 opus
2547 2330 2655 2368 non
2692 2315 2881 2379 fuisse,
2914 2319 3155 2381 voluisse
3187 2334 3245 2373 se
3291 2336 3395 2373 una
3429 2337 3554 2375 eum

1983 2405 2353 2473 imperatoriis
2397 2415 2608 2460 tantum
2646 2408 2966 2463 triremibus
3012 2410 3063 2463 in
3106 2428 3203 2465 eos
3246 2413 3551 2477 incurrere.

1980 2505 2035 2549 et
2065 2498 2306 2551 secundo
2330 2510 2501 2554 marte
2528 2515 2643 2554 rem
2672 2516 2883 2567 gerere,
2920 2517 3147 2555 suorum
3190 2504 3474 2570 virilitate,
3501 2518 3557 2560 et

1984 2589 2353 2642 Romanorum
2386 2590 2586 2644 virtute
2612 2591 2901 2655 conlisum,
2936 2607 3073 2661 quos
3099 2594 3555 2655 animosissimos.

1983 2678 2237 2747 belloque
2265 2679 2751 2733 exercitatissimos
2771 2680 3073 2750 judicabat.
3111 2682 3367 2737 Seutiens
3394 2684 3559 2755 igitur

1986 2767 2286 2836 imperator
2320 2784 2509 2836 pugna:
2539 2769 2781 2831 avidum,
2815 2773 3056 2825 currenti
3086 2775 3263 2827 calcar
3288 2776 3461 2835 addit,
3501 2790 3558 2830 et

1982 2859 2262 2913 Nicolaum
2304 2860 2488 2914 denuo
2532 2860 2753 2914 ﬂectere
2788 2873 3044 2916 attentat.
3088 2866 3338 2934 (Eumque
3392 2870 3554 2921 etiam

1983 2951 2370 3006 Catalanorum
2403 2951 2599 3006 ductor
2632 2952 2978 3021 imperatoris
3003 2956 3333 3009 sententiam
3366 2957 3556 3012 lauda-

1986 3055 2086 3105 ret,
2149 3054 2476 3113 rogaretque
2530 3055 2590 3097 ut
2626 3047 2769 3097 bene
2825 3045 3077 3098 madenti
3128 3046 3553 3111 obseeundaret,

1987 3134 2076 3188 ille
2113 3134 2291 3188 cuivis
2337 3136 2579 3189 sermoni
2618 3136 2820 3205 potius,
2864 3152 3026 3205 quam
3071 3137 3141 3190 de
3179 3154 3357 3208 pugna
3391 3156 3554 3194 aures

1983 3223 2302 3288 adhibebat,
2334 3225 2625 3294 palamque
2654 3225 2990 3290 detrectans,
3033 3229 3109 3281 sic
3150 3229 3361 3284 otiosus
3388 3235 3553 3301 paulo

1984 3316 2107 3382 plus
2138 3316 2356 3385 triginta
2373 3317 2490 3371 dies
2510 3318 2863 3385 transigebat.
2892 3320 3130 3375 Catalani
3166 3322 3319 3375 linito
3346 3327 3553 3393 praelia.

1986 3406 2321 3471 vulneratos,
2348 3418 2616 3476 quotquot
2644 3419 2821 3468 erant.
2859 3420 2910 3463 et
2936 3427 3110 3479 aegros
3142 3414 3408 3481 plurimos
3443 3426 3553 3469 sta-

1986 3500 2081 3550 tim
2152 3499 2467 3567 Byzantium
2527 3499 2894 3559 deduxernnt,
2952 3518 3089 3569 quos
3144 3502 3385 3572 Byzantii
3418 3510 3554 3561 mira

1988 3588 2326 3642 humanitate
2361 3599 2715 3658 exceperunt,
2761 3598 2813 3642 et
2861 3592 3020 3654 fame,
3055 3608 3116 3645 ac
3144 3593 3353 3662 frigore
3394 3612 3554 3663 pu-ne

1990 3687 2252 3741 mortuos,
2298 3678 2561 3749 singulari
2598 3678 2937 3748 benignitate
2963 3694 3315 3749 curaverunt,
3350 3701 3554 3756 suppe-

1986 3769 2173 3824 ditatis
2206 3771 2532 3823 necessariis
2585 3770 2922 3825 indumentis
2978 3783 3032 3825 et
3071 3774 3289 3830 auxiliis
3313 3778 3379 3831 ad
3410 3780 3552 3831 saui-

1988 3871 2151 3916 tatem
2182 3862 2458 3926 omnibus,
2482 3862 2571 3931 qui
2600 3877 2708 3914 non
2736 3864 2843 3933 jam
2866 3863 3098 3918 confecti
3129 3880 3190 3919 ac
3216 3868 3411 3934 perditi
3450 3871 3553 3925 ibi-

1985 3954 2109 4007 dem
2137 3954 2648 4024 exstinguebantur.
2682 3953 2886 4009 Nicolai
2911 3971 3040 4011 vero
3070 3967 3269 4012 tantam
3302 3960 3553 4017 inhuma-

1987 4046 2235 4107 nitatem,
2312 4046 2806 4116 crudelitatemque
2891 4047 3343 4116 detestabantur,
3406 4055 3551 4123 quod

1986 4136 2286 4190 exercitum
2340 4136 2535 4190 robore
2581 4136 2889 4198 ﬂorentem,
2954 4154 3132 4207 pugna
3184 4142 3551 4208 tritESsimum,

1985 4238 2041 4281 et
2092 4243 2120 4281 a
2158 4228 2273 4281 suis
2317 4227 2645 4282 strenuitate
2689 4230 2986 4297 plurimum
3032 4230 3375 4288 diﬂ'erentem
3428 4252 3550 4290 cum

1985 4318 2402 4388 absumpsisset,
2457 4318 2605 4372 velut
2666 4319 2972 4373 voluntaria
3025 4337 3164 4374 'cum
3223 4325 3551 4394 negligentia

1984 4419 2321 4469 enervasset,
2354 4424 2414 4461 ac
2444 4408 2789 4477 perdidisset,
2817 4410 2920 4464 Per
2946 4420 3187 4467 aestatem
3224 4415 3370 4468 enim
3398 4431 3428 4471 e
3454 4431 3551 4471 sua

296 4521 429 4566 ναις
481 4502 549 4555 ἂν
609 4503 930 4571 ἐπεχείρησε
967 4502 1061 4554 καὶ
1094 4498 1425 4567 κατώρθωσε
1470 4499 1530 4551 τὸ
1583 4500 1759 4569 ἔργον,
1812 4502 1877 4569 τῇ

1989 4504 2211 4573 regione
2274 4501 2525 4569 profecti,
2582 4503 2900 4572 opinatique
2956 4505 3105 4560 brevi
3153 4515 3395 4577 tempore
3461 4523 3553 4563 aut

289 4614 354 4647 τε
404 4595 523 4645 τῶν
560 4594 836 4661 σφετέρων
884 4590 1142 4659 εὐτολμία
1197 4588 1497 4653 πεποιθὼς,
1539 4591 1632 4642 καὶ
1681 4592 1872 4658 ἀρετῇ,

291 4705 393 4740 και
462 4688 528 4754 τῇ
617 4684 899 4752 Ῥωμαίων
928 4697 943 4713 ·
1000 4681 1381 4750 εὑτολμότατοι
1434 4681 1542 4748 γὰρ
1600 4680 1877 4750 ἐφάνησαν

295 4777 463 4844 αὐτῷ
536 4776 630 4827 καὶ
686 4776 1071 4845 ἐμπειρότατοι
1127 4771 1264 4825 κατὰ
1328 4772 1424 4841 τὴν
1496 4772 1694 4840 μάχην.
1782 4773 1876 4823 Αί-

300 4873 578 4938 σθόμενος
610 4868 664 4919 δέ
690 4869 715 4920 ὀ
746 4866 1022 4932 βασιλεὺς,
1052 4866 1147 4917 καὶ
1175 4864 1336 4916 αὐτὸν
1368 4863 1694 4933 ὡρμημένον
1744 4863 1881 4931 πρὸς

294 4964 407 5031 τὴν
447 4961 649 5028 μάχην,
693 4958 890 5028 μᾶλλόν
936 4974 994 5007 τε
1042 4957 1321 5027 ἐπέρρωσε
1371 4955 1552 5023 λόγοις
1598 4953 1883 5023 παρακληο

296 5055 511 5117 τικοίς,
561 5051 654 5103 καὶ
684 5049 947 5102 Νικόλαον
1006 5048 1161 5110 αὖθις
1195 5045 1465 5117 ἐπεχείρει
1499 5043 1731 5109 πείθειν,
1785 5046 1880 5096 καὶ

297 5145 400 5196 τοῦ
434 5142 765 5195 Κατελάνων
793 5142 1053 5211 ἄρχοντος
1085 5139 1183 5209 τὴν
1232 5138 1458 5206 γνώμην
1508 5133 1879 5198 ἐπαινοῦντος,

299 5238 402 5288 καὶ
433 5234 694 5302 δεομένου
722 5230 1004 5284 πείθεσθαι
1040 5230 1119 5299 τῷ
1157 5228 1367 5299 βασιλεῖ
1394 5226 1463 5279 τὰ
1513 5226 1707 5295 βελτίω
1738 5242 1881 5295 συμ-

302 5326 652 5379 ϐουλεύοντι.
695 5324 753 5376 Ὀ
786 5324 843 5376 δέ
872 5326 1007 5376 πᾶσι
1042 5322 1220 5389 λόγοις
1274 5320 1493 5389 μᾶλλον,
1528 5318 1562 5387 ἢ
1612 5318 1722 5381 τοῖς
1754 5319 1883 5387 περὶ

308 5420 503 5487 μάχης
537 5417 763 5486 ὑπεῖχεν
829 5415 998 5477 ἀκοάς
1026 5430 1041 5445 ο
1082 5412 1197 5466 ἀλλ’
1257 5410 1572 5480 ἀπηγόρευε
1609 5410 1882 5479 φανερῶς,

304 5514 403 5560 καὶ
448 5510 711 5576 διήγαγεν
741 5506 912 5568 οὕτως
947 5504 1244 5573 ἀπρακτῶν
1292 5502 1458 5570 όλίγω
1488 5500 1709 5562 πλείους
1739 5501 1886 5568 ἡμεο

309 5603 425 5667 ρῶν
463 5600 779 5669 τριάκοντα.
844 5597 1143 5649 Κατελάνοι
1177 5594 1234 5645 δέ
1261 5591 1423 5653 εὐθὺς
1482 5589 1623 5659 μετὰ
1652 5589 1749 5658 τὴν
1781 5589 1886 5657 μά-

313 5708 446 5758 χην.
476 5691 608 5750 τούς
646 5705 704 5740 τε
728 5688 1093 5757 τραυματίας,
1128 5688 1243 5739 ὅσοι
1268 5681 1428 5755 ἦσαν,
1450 5682 1557 5767 ⁴καὶ
1586 5682 1713 5765 τοὺς
1741 5696 1887 5733 νενο-

316 5782 578 5845 σηκότας,
611 5780 962 5849 παμπόλλους
1000 5778 1182 5841 ὄντας,
1219 5776 1423 5847 ήγαγον
1458 5773 1535 5834 είς
1570 5770 1885 5834 Βυζάντιον.

1985 4606 2224 4646 (τιεειιτοε
2252 4591 2490 4657 hostem,
2529 4592 2572 4647 si
2629 4593 2681 4647 in
2711 4609 2836 4647 eum
2880 4595 3208 4663 inciderent,
3259 4608 3354 4653 aut
3380 4601 3448 4655 ab
3487 4618 3552 4653 cn

1984 4697 2183 4737 cmsum
2219 4682 2283 4736 iri
2306 4682 2421 4752 (tali
2452 4684 2653 4751 quippe
2678 4685 2871 4754 spiritu
2900 4688 3194 4741 militatum
3230 4690 3426 4756 ibant),
3457 4708 3551 4743 ne-

1984 4791 2089 4844 que
2129 4783 2310 4829 vestes
2349 4790 2562 4829 crassas
2604 4776 2670 4829 ad
2718 4776 2888 4842 frigus
2936 4778 3160 4833 hiberna
3203 4782 3547 4848 expeditione

1986 4863 2414 4926 defendendum,
2443 4880 2620 4933 neque
2654 4872 3018 4921 commeatum
3050 4868 3408 4923 sullicientem
3442 4872 3546 4924 sibi

1985 4957 2361 5030 providerant,
2425 4957 2519 5011 sed
2573 4958 2794 5011 tenuius
2848 4958 2918 5011 ab
2975 4968 3209 5027 utroque
3271 4960 3546 5026 instructi,

1990 5063 2139 5101 mare
2176 5047 2634 5102 conscenderant.
2669 5048 2833 5117 832
2872 5047 3151 5103 Nicolaum
3190 5057 3371 5103 autem
3415 5060 3551 5103 tem-

1987 5152 2090 5206 pus
2122 5136 2262 5190 male
2309 5135 2596 5198 ferentem,
2631 5136 2946 5205 insulasque
2969 5138 3548 5206 circumnavigantem,

1986 5235 2042 5279 et
2066 5240 2176 5294 pra:
2202 5225 2415 5294 ignavia
2450 5239 2681 5293 pugnam
2708 5224 3063 5288 devitantem,
3094 5240 3217 5279 cum
3254 5226 3554 5295 impensius

1986 5327 2228 5377 orantes,
2258 5316 2509 5369 obtinere
2548 5314 2616 5368 ab
2640 5329 2706 5368 eo
2744 5315 3057 5384 nequirent,
3091 5327 3150 5369 ut
3179 5317 3328 5385 ipsos
3371 5317 3423 5370 in
3463 5321 3556 5369 1ιο-

1988 5418 2151 5472 stem,
2185 5405 2394 5459 validos
2424 5405 2605 5459 adhuc
2638 5414 2692 5459 et
2744 5406 3006 5475 vigentes,
3051 5407 3276 5461 duceret
3329 5406 3464 5476 (qui
3491 5423 3557 5475 pe

1987 5515 2139 5569 spetn
2187 5500 2348 5567 longe
2385 5501 2763 5567 superaturos)
2811 5511 2867 5552 et
2906 5499 3164 5552 alimenta
3212 5500 3323 5568 jam
3364 5499 3557 5552 deesse

1990 5591 2317 5658 inciperem,
2348 5588 2440 5642 ille
2472 5589 2800 5642 necessitate
2830 5588 3183 5650 constrictus,
3200 5597 3560 5657 metuensque

1992 5697 2057 5735 ne
2090 5696 2199 5750 pra:
2229 5688 2468 5749 egestate
2501 5680 2791 5733 interirent
2826 5695 3073 5748 prorsus,
3124 5680 3290 5751 jussit
3335 5681 3557 5747 cuique,

1994 5780 2049 5825 et
2080 5771 2260 5836 militi,
2303 5780 2357 5824 et
2392 5770 2581 5838 remigi
2618 5769 2904 5825 dimidium
2940 5770 3257 5826 alimentum
3300 5768 3560 5837 praeberi,
