3964 6210
286 330 293 333 -
385 289 493 357 ξιτ

1587 298 1906 357 JOAN‘NIS
1945 297 2470 358 CAN'I‘ACUZENI

2916 249 2960 291 ’
3515 299 3620 364 ets

458 411 626 482 venit.
672 412 802 466 Inde
840 413 1261 482 Didymoliclmm
1292 429 1408 466 cum
1438 427 1621 474 uxore,
1655 422 1704 465 et
1751 411 1922 466 altera
1966 412 2198 479 ﬁliorum
2239 414 2368 467 abit.
2414 409 2815 466 Eodem'lrene
2867 411 3180 481 ξηροῖσιν-ἕω
3226 425 3475 480 generum
3511 410 3621 481 ﬁlia

460 481 813 536 conciliatura
845 481 1091 538 mittitur.
1129 481 1547 536 l’ra‘scribuntur
1584 483 1928 536 conditiones.

460 599 667 654 Eodem
725 612 870 651 anno
920 597 1177 651 Nicotaus
1211 576 1545 661 triremibus,
1592 612 1712 666 qua:
1766 611 1960 665 super-

2136 596 2243 649 Toii
2281 595 2450 648 αὐτοῦ
2480 596 2536 649 δὲ
2568 594 2719 657 ἔτους
2748 594 3016 658 Νικόλαός
3040 610 3102 647 τε
3135 594 3232 656 τὰς
3269 592 3439 658 οὔσας
3469 598 3624 667 τριή-

389 700 569 753 erant,
594 688 835 755 refectis,
857 688 1047 742 etaliis
1072 688 1313 743 Venetiis
1332 689 1624 755 adjunctis,
1659 698 1712 743 et
1736 688 1951 742 Catala-

390 783 477 835 nis
524 795 755 834 numero
806 778 1001 839 auctis,
1050 778 1248 831 iterum
1281 776 1349 830 ad
1396 776 1583 831 hostes
1629 775 1955 846 quaerendos

388 887 609 926 cursum
646 869 905 924 instituit.
955 867 1275 923 Gcnuenscs
1302 882 1425 922 cum
1468 866 1609 922 duce
1646 882 1745 921 suo
1790 865 1957 935 Paga-

388 980 520 1018 num
548 963 754 1030 optime
784 962 1028 1016 functum
1064 960 1264 1024 officio,
1297 958 1441 1028 quod
1472 959 1539 1012 ad
1574 974 1634 1013 se
1666 957 1954 1023 attinebat,

387 1063 444 1109 et
474 1070 569 1122 per
598 1068 763 1122 quem
798 1051 1142 1121 potissimum
1187 1057 1435 1114 steterat,
1476 1063 1586 1119 quo
1624 1048 1805 1102 minus
1836 1063 1955 1101 om-

388 1145 521 1197 nino
582 1144 867 1212 perirent,
929 1144 982 1199 in
1049 1141 1257 1195 crimen
1318 1149 1618 1204 vocantes,
1686 1147 1958 1208 potestate

390 1245 687 1298 exuerunt,
716 1234 1127 1302 Antoniumque
1165 1222 1537 1287 Grimoaldum
1570 1231 1729 1285 classi
1769 1230 1959 1299 praefe-

392 1335 608 1378 cerunt.
642 1325 743 1389 Qui
774 1324 895 1377 aliis
943 1323 1257 1377 triremibus
1292 1337 1457 1391 supra
1507 1322 1722 1390 priores
1755 1322 1957 1374 instru-

392 1410 517 1472 ctis,
557 1419 612 1463 et
661 1409 802 1473 aliis,
853 1409 1053 1478 quibus
1098 1410 1312 1479 egebat,
1360 1411 1585 1477 paratis,
1638 1408 1779 1477 apud
1834 1407 1962 1463 Sar-

392 1501 597 1554 diniam
646 1500 877 1554 insulam
930 1500 983 1554 in
1018 1500 1202 1555 hostes
1252 1501 1411 1553 irruit
1450 1515 1724 1568 :quorum
1756 1498 1958 1554 virtute

392 1593 592 1653 victus,
634 1591 770 1644 duas
808 1606 870 1644 ac
920 1591 1140 1659 triginta
1170 1590 1420 1644 triremes
1470 1589 1674 1644 amisit.
1710 1588 1960 1644 Catalani

396 1693 511 1736 tum
566 1681 837 1750 praecipue
891 1680 1170 1734 Nicolaum
1219 1680 1489 1743 incusare,
1532 1679 1677 1748 quod
1720 1678 1960 1748 impera-

394 1774 500 1827 tori
540 1772 680 1841 apud
732 1772 1054 1842 Byzantium
1087 1770 1152 1825 ad
1198 1772 1389 1826 navale
1438 1781 1715 1826 certamen
1761 1773 1960 1825 cohor~

2038 694 2172 755 ’ρεις
2220 685 2892 756 ἑπισκευασάμενος,,καὶ
2944 687 3139 756 ἐτέρας
3186 686 3513 755 προσλαϐὼν
3558 687 3626 741 ὲκ

2054 779 2308 841 Βενετίας
2338 780 2433 831 καὶ
2464 779 2791 832 Κατελάνων
2821 777 2956 847 πρδς
2988 780 3101 843 τοῖς
3137 776 3261 831 οὖσι
3298 780 3393 832 καὶ
3423 779 3627 850 ἑτέρων

2055 872 2481 942 ἰπιγενομένων,
2514 871 2773 942 ὥρμηντο
2804 866 2962 934 αὖθις
2996 871 3088 923 ἐπὶ
3121 869 3354 941 ζήτησιν
3384 872 3493 925 τῶν
3524 890 3630 926 πο-

2054 965 2278 1032 λεμίων.
2312 964 2577 1026 Γεννούας
2605 964 2660 1016 δὲ
2691 966 2718 1017 ὁ
2745 963 2919 1032 δῆμος
2955 963 3054 1016 καὶ
3082 964 3111 1016 ὁ
3142 962 3293 1029 δοὺξ,
3329 965 3388 1018 ὲν
3421 964 3627 1028 αἰτίαις

2056 1053 2417 1121 ποιησάμενοι
2464 1051 2718 1122 Παγανὴν
2750 1053 2841 1104 τδν
2882 1051 3208 1121 στρατηγὸν,
3254 1052 3452 1121 ἄριστα
3496 1053 3626 1121 τόγε

2055 1144 2134 1205 εἰς
2155 1142 2318 1195 αὑτὸν
2367 1137 2503 1213 ἧκον
2535 1143 3009 1213 ἐστρατηγηκότα,
3043 1144 3138 1198 καὶ
3171 1144 3334 1212 μόνον
3363 1145 3625 1198 αἰτιώτα-

2053 1247 2148 1283 τον
2176 1233 2550 1301 γεγενημένον
2579 1231 2672 1284 τοῦ
2730 1231 2805 1303 μὴ
2861 1232 3183 1286 παντάπασι
3233 1232 3626 1303 διαφθαρῆναι,

2056 1323 2573 1393 ἀπεχειροτόνησαν.
2623 1322 2908 1377 ’Λντώνιον
2955 1323 3013 1376 δὲ
3050 1323 3358 1395 Γριμάρδον
3392 1326 3627 1393 ἐπέστης

2059 1432 2158 1468 σαν
2186 1414 2265 1484 τῷ
2296 1413 2469 1484 στόλῳ
2496 1415 2829 1484 στρατηγόν.
2877 1415 3209 1484 Ἐφοπλίσας
3236 1415 3293 1467 δὲ
3326 1414 3424 1467 καὶ
3461 1414 3629 1477 αὐτὸς

2057 1507 2192 1575 πρὸς
2218 1509 2336 1569 ταῖς
2361 1506 2551 1569 οὓσαις
2580 1506 2674 1558 καὶ
2698 1507 2914 1576 ἑτέρας,
2942 1508 3034 1560 καὶ
3061 1506 3231 1561 τᾶλλα
3255 1504 3629 1581 ἐπισκευασά-

2060 1615 2220 1668 μενος
2247 1592 2320 1650 ὧν
2350 1598 2540 1665 ἐδεῖτο,
2574 1599 2631 1652 ὲν
2663 1599 2859 1667 Σαρδοῖ
2883 1601 2949 1669 τῇ
2982 1599 3133 1669 νήσῳ
3165 1597 3472 1668 προσέϐαλε
3514 1599 3629 1658 τοῖς

2056 1687 2341 1757 πολεμίοις
2364 1702 2379 1718 °
2415 1688 2509 1740 καὶ
2538 1686 2719 1757 μάχης
2758 1686 3082 1758 γενομένης,
3114 1688 3317 1757 ἡττᾶτο
3341 1686 3629 1755 κατακρά-

2059 1796 2183 1843 τος,
2248 1778 2344 1831 καὶ
2400 1777 2495 1830 δύο
2549 1777 2646 1830 καὶ
2702 1778 2998 1846 τριάκοντα
3057 1776 3298 1831 ἀπέϐαλε
3354 1775 3629 1845 τριήρεις.

395 1865 555 1926 tanti,
605 1880 727 1919 non,
761 1867 1065 1933 paruisset;
1117 1864 1207 1918 ubi
1255 1865 1429 1933 major
1474 1877 1665 1916 eorum
1716 1862 1961 1931 potentia

2064 1866 2362 1920 Κατελάνοι
2396 1866 2453 1919 δὲ
2484 1866 2605 1918 τότε
2642 1866 2845 1934 μᾶλλον
2876 1867 3144 1920 Νικόλαον
3175 1866 3512 1936 ἐμέμψαντο,
3545 1866 3627 1918 ὅτι

395 1958 608 2019 fuisset,
663 1958 881 2026 quando
928 1969 983 2011 et
1030 1931 1382 2025 imperatoria
1410 1955 1599 2009 classis
1643 1954 1958 2019 accedebat,

2068 1958 2144 2027 μὴ
2195 1956 2445 2023 πεισθείη
2504 1931 2717 2021 βασιλεῖ
2769 1961 3070 2029 ναυμαχεῖν
3129 1931 3626 2031 περὶ-έυζάντιον,

395 2057 452 2103 et
484 2050 668 2104 hostes
702 2049 828 2103 victi
883 2050 1093 2102 milium
1127 2047 1434 2118 perfugium
1474 2045 1821 2109 habuissent,
1873 2059 1963 2098 ex-

394 2140 733 2209 pugnatique
792 2139 1015 2193 omnino
1073 2139 1206 2192 nihil
1260 2141 1325 2191 de
1379 2147 1576 2191 caetero
1627 2137 1959 2205 potuissent.

393 2231 556 2300 837
588 2230 903 2285 Genuenses
946 2239 1093 2283 tanta
1131 2228 1284 2283 clade
1326 2227 1511 2282 fractis
1553 2227 1748 2281 animis
1780 2228 1965 2296 (pecu-

394 2323 487 2376 nia
521 2322 670 2375 enim
696 2322 761 2374 ad
796 2321 967 2378 aliam.
993 2321 1220 2372 classem
1248 2316 1621 2372 aedificandam
1657 2316 1918 2370 carebant
1947 2332 1960 2369 :

396 2428 454 2469 et
503 2414 736 2484 populus
784 2414 1082 2466 annonaria
1126 2409 1449 2464 difficultate
1501 2406 1961 2470 conﬂictabatur,

397 2519 522 2559 cum
552 2504 744 2559 Veneti
776 2510 902 2571 post
922 2501 1208 2557 victoriam
1234 2501 1371 2554 mari
1402 2501 1841 2564 dominarentur,
1863 2513 1967 2553 nec

397 2597 732 2651 frumentum
779 2595 1006 2648 subvehi
1057 2600 1374 2663 paterentur
1405 2608 1418 2642 :
1449 2601 1504 2645 et
1549 2606 1766 2660 agrum,
1807 2592 1967 2660 cujus

400 2688 673 2743 fructibus
704 2685 908 2741 victum
940 2683 1258 2746 tolerarent,
1287 2697 1396 2737 non
1424 2682 1744 2751 habebant),
1781 2696 1964 2750 opera:

399 2782 637 2852 pretium
684 2785 1038 2841 censuerunt,
1083 2773 1568 2829 Mediolanensium
1602 2772 1837 2842 principi
1873 2786 1967 2842 po-

402 2871 710 2927 lentissimo
752 2869 862 2939 (56)
895 2867 1223 2922 submittere
1254 2879 1317 2920 ac
1367 2865 1637 2933 subjicere
1681 2878 1820 2927 sese,
1870 2862 1963 2932 qui

399 2977 591 3017 eorum
620 2961 818 3030 inopiae
846 2960 898 3013 in
930 2959 1125 3027 primis
1161 2964 1340 3025 posset
1372 2956 1680 3009 consulere.
1713 2954 1965 3009 Pecunia:

400 3069 637 3123 namque
680 3051 985 3108 ditissimus
1042 3058 1179 3114 erat,
1234 3064 1332 3102 nec
1384 3046 1546 3101 modo
1593 3048 1961 3115 equestribus,

399 3146 495 3200 sed
550 3154 607 3199 et
660 3140 1009 3213 pedestribus
1059 3138 1272 3209 copiis,
1317 3139 1517 3208 quibus
1567 3138 1644 3191 illi
1695 3137 1961 3207 egebant,

399 3235 733 3291 abundabat.
788 3235 1054 3289 Prmtcrea
1109 3230 1287 3300 ampla
1343 3231 1417 3284 illi
1454 3241 1509 3285 et
1558 3229 1749 3283 fertilis
1794 3228 1965 3298 regio,

400 3340 507 3394 qua
537 3339 634 3379 eos
660 3322 1022 3390 undecunque
1048 3320 1295 3390 frugibus
1324 3319 1684 3389 importandis
1702 3318 1849 3372 alere
1875 3333 1968 3387 po-

400 3428 564 3472 terat.
601 3416 713 3469 llue
747 3416 968 3469 decreto
1006 3413 1056 3467 ei
1099 3428 1195 3482 per
1224 3415 1430 3482 legatos
1479 3412 1667 3466 urbem
1722 3410 1966 3465 tradunt.

400 3512 534 3575 Qum
564 3524 654 3564 res
688 3507 761 3560 illi
792 3501 1043 3575 pergrata
1072 3504 1294 3558 accidit.
1331 3503 1461 3558 Nam
1492 3513 1548 3557 et
1580 3512 1708 3557 ante
1745 3502 1965 3556 beatum

401 3619 460 3658 se
489 3602 603 3656 fore
628 3601 931 3672 judicabat,
975 3597 1018 3652 si
1058 3598 1283 3659 Genuze,
1319 3606 1506 3664 utpote
1542 3596 1757 3659 vicime,
1796 3595 1971 3649 domi-

401 3711 504 3749 nus
533 3698 685 3749 fieret
718 3709 731 3745 :
774 3690 1156 3757 sancitumque
1190 3688 1387 3752 foedus,
1420 3697 1477 3740 ut
1513 3690 1558 3741 is
1590 3687 1696 3740 illis
1721 3696 1775 3742 et
1802 3704 1966 3757 pecu-

399 3788 514 3851 nia,
575 3797 628 3841 ct
686 3785 875 3843 armis,
931 3793 985 3836 ct
1043 3782 1329 3843 militibus,
1387 3790 1441 3833 et
1500 3779 1702 3847 quibus
1747 3780 1966 3834 demum

404 3888 605 3948 posset,
645 3885 833 3931 contra
869 3874 1055 3927 hostes
1098 3871 1414 3940 adjumcnto
1456 3879 1639 3923 esset:
1675 3871 1776 3939 ipsi
1817 3888 1966 3936 eum,

403 3969 581 4039 quoad
615 3968 843 4030 viveret,
878 3964 1165 4017 dominum
1192 3971 1571 4030 agnoscerent,
1597 3975 1698 4015 ncc
1729 3978 1966 4031 unquam

406 4060 760 4118 rebellarant,
808 4055 1125 4124 praefectum
1162 4054 1231 4105 ab
1288 4068 1353 4105 eo
1387 4051 1698 4119 acciperent
1748 4062 1969 4122 totaque

406 4150 595 4222 politia
650 4154 1006 4207 commutata,
1059 4145 1178 4212 ejus
1226 4142 1452 4196 arbitrio
1487 4151 1831 4211 regerentur.
1878 4144 1971 4198 Sic

2063 2050 2198 2103 ὅπου
2229 2050 2429 2103 πλείων
2451 2068 2509 2103 τε
2543 2050 2785 2122 αύτοῖςὴ
2824 2051 3057 2122 δύναμις
3094 2052 3377 2123 παρούσης
3400 2052 3496 2105 καὶ
3528 2050 3632 2119 τῆς

2066 2142 2377 2215 βασιλικῆς,
2409 2145 2505 2197 καὶ
2534 2147 2645 2208 τοῖς
2670 2144 2951 2214 πολεμίοις
2981 2144 3207 2213 οὐδεμία
3231 2142 3541 2214 ἡττηθεῖσιν
3559 2127 3629 2214 ἦν

2064 2234 2363 2305 ἁποφυγίγ
2397 2234 2511 2287 ἀλλ’
2569 2236 2783 2305 ἀνάγκη
2834 2231 2901 2307 ἦν
2955 2235 3301 2288 παντάπασιν
3348 2234 3637 2303 ἐκπολιορ-

2066 2327 2337 2398 κηθόντας
2365 2325 2752 2396 διαφθαρῆναι.
2778 2325 2841 2378 Ol
2880 2326 2938 2377 ἐν
2972 2322 3207 2395 Γεννούα
3241 2325 3297 2377 δὲ
3323 2324 3629 2394 ἀπειρηκόο

2064 2436 2157 2480 τες
2183 2419 2317 2488 πρὸς
2349 2416 2496 2470 οὕτω
2527 2417 2771 2487 μεγάλην
2801 2412 2991 2488 ἧτταν,
3024 2415 3283 2486 χρήματά
3314 2431 3372 2467 τε
3396 2415 3505 2486 γὰρ
3528 2413 3630 2466 αύ-

2064 2513 2177 2574 τοῖς
2206 2510 2265 2563 οὐ
2293 2507 2476 2578 παρῆν
2508 2507 2643 2578 πρὸς
2679 2506 2870 2576 ἑτέρου
2903 2505 3087 2559 στόλου
3122 2504 3502 2574 παρασκευὴν,
3529 2502 3626 2555 καὶ

2066 2604 2094 2655 ό
2140 2602 2312 2670 δῆμος
2359 2598 2609 2661 ἐπιέζετο
2662 2598 2838 2669 ἐνδείᾳ
2865 2597 3034 2669 πολλῇ
3078 2596 3171 2650 τοῦ
3221 2596 3395 2659 σίτου,
3425 2594 3530 2648 τῶν
3562 2596 3628 2647 ἐκ

2070 2692 2321 2752 Βενετίας
2368 2690 2468 2757 μὲν
2495 2688 3087 2758 θαλασσοκρατούντων
3109 2687 3269 2758 έμετά
3307 2686 3405 2757 τὴν
3449 2684 3626 2755 νίκην,

2070 2783 2167 2838 καὶ
2196 2782 2294 2835 οὐκ
2320 2781 2533 2835 ἐώντων
2561 2782 2706 2834 σῖτον
2754 2780 2819 2833 ὲκ
2851 2779 3125 2849 θαλάττης
3162 2776 3411 2844 ἄγεσθαι,
3439 2776 3543 2845 γῆς
3568 2789 3627 2827 τε

2066 2876 2166 2929 οὐκ
2194 2874 2458 2944 ἄρχοντες
2495 2874 2552 2937 ἐξ
2576 2867 2646 2944 ἦς
2672 2872 3044 2943 τραφήσονται
3090 2868 3483 2940 γεωργοῦντες,
3516 2868 3629 2920 δεῖν

2068 2965 2311 3033 ἔγνωσαν
2343 2964 2422 3034 τῷ
2451 2964 2559 3016 τῶν
2600 2960 2944 3018 Μεδιολάνων
2983 2961 3206 3032 ἄρχοντι
3243 2959 3478 3027 ὑπάγειν
3504 2959 3633 3010 ἑαυ-

2066 3058 2190 3121 τοὺς
2222 3058 2311 3109 καὶ
2335 3054 2694 3109 καταδουλοῦν
2719 3054 2950 3126 ὠφελεῖν
2971 3053 3039 3107 τὰ
3069 3052 3304 3124 μέγιστα
3324 3050 3629 3119 δυναμένῳ.

2068 3149 2383 3217 Χρημάτων
2404 3164 2462 3197 τε
2486 3149 2594 3215 γὰρ
2624 3146 2680 3208 ὲς
2700 3146 2765 3199 τὰ
2799 3144 3033 3214 μάλιστα
3065 3143 3307 3212 εὐπόρει,
3339 3142 3433 3194 καὶ
3469 3156 3634 3210 στραο

1993 3259 2035 3316 C
2067 3240 2189 3300 τιᾶς
2219 3238 2315 3306 οὐχ
2346 3236 2575 3301 ἱππικῆς
2601 3236 2781 3304 μόνον,
2811 3234 2946 3288 ἀλλὰ
2976 3233 3070 3286 καὶ
3101 3221 3294 3300 πεζῆς,
3328 3226 3395 3303 ἦς
3422 3230 3634 3316 ἐδέοντο

2068 3328 2299 3380 ἐκεῖνοι·
2333 3328 2469 3395 πρὸς
2502 3323 2714 3386 τούτοις
2742 3323 2799 3376 δὲ
2847 3322 2941 3376 καὶ
2978 3321 3161 3393 χώρας
3209 3319 3393 3390 ἄρχων
3429 3315 3635 3385 πολλῆς

2064 3419 2161 3470 καὶ
2191 3415 2400 3484 ἀγαθῆς
2429 3415 2648 3484 τρέφειν
2676 3412 2909 3481 ἠδύνατο
2935 3419 3077 3467 σῖτον
3099 3408 3433 3478 πανταχόθεν
3458 3408 3633 3475 ἄγων·

2064 3508 2207 3562 οὓτω
2247 3508 2303 3561 δὲ
2343 3509 2501 3572 δόξαν
2545 3506 2995 3576 διεπρεσϐεύοντο
3037 3504 3173 3574 πρὸς
3208 3501 3514 3563 αὐτὸν,καὶ
3530 3500 3634 3566 τὴν

2068 3600 2223 3654 πόλιν
2255 3600 2594 3669 παρεδίδουν.
2643 3600 2701 3650 '0
2725 3598 2769 3651 δ’
2810 3599 3022 3665 ἐδέχετο
3049 3596 3323 3663 ἀσμένως.
3353 3592 3465 3645 Καὶ
3495 3590 3633 3661 πρό-

2072 3710 2230 3763 τερον
2284 3691 2603 3761 ποιούμενος
2634 3690 2764 3760 περὶ
2789 3689 3043 3741 πλείστου
3076 3687 3338 3749 Γεννούας
3366 3683 3631 3752 δεσπότης

2071 3780 2211 3837 εἶναι
2239 3781 2408 3853 οὔσης
2447 3782 2651 3851 ὁμόρου
2674 3797 2691 3814 ο
2721 3782 2813 3833 καὶ
2842 3780 2996 3850 ὅρκοι
3038 3778 3174 3848 πρὸς
3212 3776 3475 3841 ἀλλήλους
3513 3773 3627 3841 ly!-

2068 3892 2220 3928 νοντο
2250 3878 2345 3928 καὶ
2394 3875 2718 3944 συμϐάσεις,
2750 3873 2881 3925 ὥστ’
2903 3872 3067 3925 αὑτὸν
3120 3872 3218 3940 μὲν
3260 3868 3509 3931 ἐκεινοις,
3531 3868 3632 3919 καὶ

2070 3969 2340 4038 χρήμασι,
2373 3967 2469 4021 καὶ
2511 3967 2717 4031 ὅπλοις,
2771 3967 2867 4018 καὶ
2912 3961 3294 4034 στρατιώταις,
3332 3963 3429 4014 καὶ
3467 3960 3633 4012 πᾶσιν

2071 4054 2153 4120 οἷς
2210 4058 2324 4128 ἔχει
2378 4058 2591 4128 βοηθεῖν
2642 4056 2735 4109 ἐπὶ
2785 4058 2911 4119 τοὺς
2957 4055 3287 4125 πολεμίους’
3336 4053 3540 4115 αὐτοὺς
3589 4052 3635 4104 δ’

2072 4151 2278 4202 ἐκεῖνον
2311 4150 2401 4202 διὰ
2449 4148 2568 4220 βίου
2610 4148 2808 4210 παντὸς
2852 4146 3119 4217 δεσπότην
3166 4146 3331 4215 ἔχειν,
3370 4145 3469 4197 καὶ
3501 4142 3638 4211 μηδὲ

1468 4355 1479 4363 .
1667 4260 1882 4322 Jacobi
1915 4265 2173 4329 Pontani
2212 4277 2399 4332 notte.

476 4389 585 4456 (36)
625 4389 675 4441 ls
721 4386 823 4442 fuit
858 4386 1094 4460 Joannes
1127 4383 1455 4460 vice_come_s_,_
1488 4383 1631 4444 idem
1694 4383 1970 4460 archiepi—
2005 4406 2045 4460 ο
2071 4402 2359 4457 exornant,
2398 4390 2608 4446 Joanne
2656 4392 2709 4445 in
2755 4406 2878 4446 eam
2926 4389 3167 4460 delectos
3211 4386 3443 4460 milites,
3472 4400 3641 4460 pecn-

404 4452 603 4527 scopu's
629 4473 844 4525 quoque
868 4455 1375 4527 Mediolanensium.
1397 4452 1514 4512 Hie.
1541 4464 1597 4506 ut
1617 4453 1809 4507 scribit
1833 4452 1940 4527 Pan
1957 4480 1975 4492 -

405 4524 733 4585 lus'Jovins.
760 4524 1039 4594 ’Ligustici
1090 4524 1217 4577 belli
1259 4538 1476 4594 causam
1517 4531 1759 4594 secutus,
1795 4524 1969 4590 captis

405 4597 593 4658 armis,
615 4595 752 4650 adeo
786 4592 1079 4653 Murtham.
1103 4592 1473 4649 Genueusium
1507 4593 1724 4654 ducem,
1750 4594 1967 4656 terruit,

408 4676 490 4729 ut.
515 4666 770 4721 abdicato
806 4665 1136 4733 principatu,
1165 4678 1285 4717 sese
1320 4662 1711 4733 civitatemque
1745 4661 1812 4714 ad
1853 4663 1972 4732 ejus

406 4735 787 4791 auctoritatem
812 4732 1145 4793 contulerit,
1187 4742 1241 4786 et
1272 4732 1589 4800 praesidium
1645 4740 1970 4798 praetorem-

404 4823 512 4876 que
545 4821 573 4876 a
624 4804 1138 4876 Joannegdelectum
1177 4802 1469 4876 acceperit.
1504 4800 1608 4853 Sed
1657 4815 1765 4876 npn
1795 4801 1970 4876 multo

404 4869 528 4946 post
545 4875 803 4946 defuncto
822 4873 1057 4946 Martha,
1075 4872 1325 4946 populus.
1350 4880 1407 4923 ut
1424 4885 1662 4946 semper,
1686 4869 1968 4946 factiosus,

403 4938 459 4999 et
486 4945 760 5001 mutandis
796 4943 1043 4999 consiliis
1072 4938 1393 5011 repentinus
1419 4950 1476 4995 et
1500 4939 1655 5005 levis,
1687 4938 1968 5011 V_alentem

404 5018 601 5069 ducem
639 5016 868 5069 creavit.
909 5013 979 5065 Ea
1021 5008 1350 5065 contumelia
1384 5017 1662 5078 permotus
1707 5008 1966 5074 Joannes,

404 5102 554 5138 arma
588 5094 764 5151 parat,
798 5092 855 5138 et
883 5083 1084 5139 bellum
1120 5080 1312 5134 indicit
1341 5099 1352 5132 :
1404 5095 1509 5151 qua
1558 5078 1971 5151 periculi-fama

404 5148 635 5223 Ligures
676 5162 973 5214 terrentur,
998 5151 1110 5223 7ch
1151 5151 1222 5203 ob
1265 5151 1315 5203 id
1340 5150 1602 5223 __maxi_mc
1671 5148 1967 5223 quodtum

405 5218 542 5276 mari
586 5223 797 5291 magnis
830 5222 1098 5276 classibus
1158 5236 1282 5291 cum
1338 5219 1558 5291 Venetis
1603 5227 1659 5273 ct
1693 5218 1970 5291 Catalauis

406 5287 826 5354 contendentes,
864 5293 1008 5344 circa
1048 5290 1352 5343 Sardiniam
1387 5289 1678 5342 infeliciter
1710 5287 1971 5341 conﬂixe-

406 5373 550 5415 rant.
600 5361 790 5429 ltaque
839 5361 1068 5429 supplex
1100 5360 1314 5429 civitas,
1363 5370 1417 5411 et
1445 5374 1603 5424 opem
1647 5357 1967 5425 implorans,

406 5433 472 5484 ad
495 5428 777 5500 pristinam
803 5430 962 5486 (idem
989 5428 1171 5487 rediit.
1202 5439 1253 5481 et
1278 5428 1474 5500 Valens
1493 5435 1745 5500 suscepto
1764 5436 1970 5500 temere

405 5495 713 5569 principatu
769 5516 828 5554 se
887 5500 1144 5553 abdicare
1176 5497 1433 5569 cegituri
1464 5495 1835 5569 rei-ipiturque
1864 5495 1969 5569 Ge-

407 5566 530 5624 nua:
557 5566 863 5626 Gulielmus
891 5568 1274 5629 Pallavicinus,
1307 5566 1398 5633 qui
1425 5566 1739 5634 ieipublicm
1764 5566 1965 5630 praesit,

379 5639 473 5691 ~ad
517 5641 571 5693 id
606 5656 803 5694 nonus
836 5654 959 5694 cum
1008 5638 1260 5707 prasidio
1294 5638 1540 5703 equitum
1572 5646 1625 5689 et
1664 5637 1903 5703 peditum
1940 5653 1966 5688 a

406 5707 613 5771 Joanne
638 5712 855 5765 missus.
875 5709 983 5763 Nec.
1003 5724 1171 5771 lliUl‘J,
1188 5708 1500 5760 (nuncusos
1526 5722 1714 5757 umam
1741 5707 1967 5766 classem

2075 4462 2242 4521 niam.
2273 4472 2327 4515 et
2348 4454 2720 4516 commeatum
2754 4460 2969 4514 abunde
3010 4458 3347 4520 conferente,
3380 4454 3640 4507 addente-

2072 4546 2178 4598 que
2206 4531 2493 4585 duodecim
2526 4531 2782 4584 triremes
2816 4539 3035 4597 smuptu
3071 4542 3190 4598 suo,
3226 4541 3433 4594 suoque
3465 4525 3637 4598 milite

2072 4594 2287 4670 egregie
2342 4602 2657 4656 instructas.
2707 4601 2841 4654 Eam
2872 4594 3106 4670 classem
3138 4597 3408 4670 'Paganns
3451 4594 3634 4670 furia:

2073 4662 2380 4736 piaeféctus,
2408 4686 2530 4724 cum
2558 4672 2759 4739 vipera!
2784 4669 2994 4739 insigne
3020 4662 3309 4739 inAvexillis
3336 4662 3638 4739 praeferret.

2072 4732 2194 4792 cum
2239 4739 2457 4794 Venetis
2494 4740 2558 4793 ad
2595 4732 3214 4808 Spbragianiinsulam,
3256 4750 3375 4802 qua:
3406 4732 3639 4808 Sapien-

2072 4808 2159 4861 tia:
2207 4823 2403 4862 nomen
2454 4802 2649 4867 habet,
2697 4802 2888 4861 contra
2940 4806 3232 4860 Methonen
3282 4816 3453 4870 usque
3502 4802 3644 4854 adeo

2072 4877 2272 4931 acriter
2315 4887 2371 4931 et
2417 4878 2652 4932 feliciter
2677 4877 2952 4939 conﬂixit,
2992 4885 3053 4929 ut
3087 4872 3358 4927 debellata
3395 4871 3640 4925 hostium

2072 4947 2270 5012 classe,
2304 4947 2563 5001 Nicolaus
2590 4948 2842 5007 Pisanus,
2886 4947 2979 5014 qui
3022 4943 3232 5014 Sardoo
3264 4939 3483 5014 in__mari
3525 4940 3640 4995 ela-

2070 5014 2194 5069 dcm
2234 5009 2512 5081 intulerat,
2559 5032 2680 5068 cum
2733 5009 2977 5083 quinque
3006 5012 3265 5083 millibus
3306 5009 3638 5083 Venetorum:

2071 5085 2303 5154 militum
2329 5079 2541 5154 captus,
2568 5079 2811 5138 Genuam
2862 5079 2918 5137 in
2951 5082 3288 5154 triumphum
3319 5079 3637 5154 duceretur.

2070 5147 2599 5210 Genuenses'autem
2644 5154 2861 5208 liberati
2897 5168 3001 5221 ope
3040 5147 3270 5206 Joannis
3293 5162 3361 5221 se
3407 5147 3643 5221 victoria

2071 5225 2276 5305 potitos
2307 5234 2463 5305 grato
2497 5227 2679 5305 animo
2701 5216 3047 5305 confitcntes,
3094 5234 3238 5305 novo
3275 5218 3496 5305 decreto
3524 5216 3643 5305 _de-

2071 5285 2199 5364 diue
2226 5285 2466 5349 civitatis
2503 5294 2648 5364 jura,
2678 5308 2799 5361 quae
2830 5291 3058 5364 Jgannis
3101 5298 3277 5342 morte
3319 5285 3640 5364 (inirentur,

2071 5364 2137 5431 ad
2173 5363 2482 5419 Galeacium
2503 5355 2742 5431 'pariter,
2775 5371 2831 5415 et
2861 5359 3168 5431 Barnabam
3203 5355 3643 5431 transtulerunt:

2068 5430 2145 5486 ita
2191 5444 2251 5487 ut
2292 5434 2453 5486 toties
2496 5423 2923 5502 [Ligurimurbes
2956 5445 3003 5502 _a
3032 5429 3211 5482 Corvo
3238 5423 3475 5502 Lunensi
3509 5437 3643 5502 pro-

2072 5503 2343 5557 montorio
2367 5502 2433 5555 ad
2461 5496 2712 5573 Her'culis
2741 5500 2969 5573 meimei
3011 5506 3227 5568 portum
3254 5496 3642 5573 vieecoinituui

2074 5574 2303 5641 imperio
2344 5572 2736 5626 subderentur.
2789 5571 2922 5622 Vide
2966 5560 3230 5641 praeterea
3256 5561 3427 5641 _Petnri
3460 5560 3641 5620 Bitari

2072 5630 2355 5698 Cannensis
2398 5642 2645 5696 Ilisloria'
2671 5642 2763 5695 lib.
2798 5657 2874 5703 τι,
2909 5630 3051 5697 haud
3084 5635 3269 5708 procul
3301 5648 3333 5692 a
3367 5630 3493 5691 line.

2362 5856 2389 5884 ⁸
