3964 6210
284 330 395 399 249

1425 340 1971 401 HISTORIARUM
2022 342 2248 402 LIBER
2309 342 2410 402 IV.

3418 343 3526 407 950

286 467 412 508 ποτε
437 448 872 519 ἀγνωμονήσει-ι.
911 449 1144 518 ἄρχοντί
1187 468 1246 503 τε
1284 452 1535 522 δέχεσθαι
1579 457 1645 525 τῇ
1697 456 1852 507 πόλει

1959 456 2279 510 Cennenses
2308 454 2453 529 bello
2485 452 2756 519 amictati,
2777 451 2987 525 abiecta
3015 450 3247 524 pristina
3265 451 3526 522 jactantia

289 542 416 612 παρ’
448 544 681 605 ἐκείνου,
715 542 811 594 καὶ
864 543 965 611 τὴν
993 542 1270 596 πολιτείαν
1313 544 1567 611 καθάπαξ
1615 548 1855 615 μεταϐα-

289 638 497 699 λόντας,
526 635 618 687 ὑπ’
640 635 850 688 ἐκείνου
881 624 1110 701 ἄγεσθαι
1137 636 1249 707 ὅπῃ
1276 636 1343 689 ἂν
1362 637 1513 705 δοκῇ.
1561 638 1720 692 Οὕτω
1758 640 1855 707 μὲν

288 725 376 783 οὖν
407 730 457 780 οἱ
508 729 571 779 ὲν
628 725 865 795 rem-3:}.
921 726 1244 791 πιεσθέντες
1295 728 1401 780 ὑπὸ
1441 728 1535 781 τοῦ
1591 730 1853 799 πολέμου,

286 818 551 887 πράττειν
577 817 1006 887 ἠναγκάσθησαν
1035 819 1233 885 ἀγεννῆ
1262 820 1356 871 καὶ
1390 820 1740 889 ἀνελεύθερα,
1764 822 1856 872 τὸν

291 909 558 980 πρότερον
588 907 824 975 κόμπον,
857 908 951 959 καὶ
978 906 1040 959 τὸ
1079 907 1308 977 φύσημα
1340 909 1732 972 ἀποόαλόντες,
1762 911 1857 962 καὶ

290 1001 506 1068 Σίμωνα
559 1000 968 1069 Μπουκανέγρα
1013 999 1104 1051 τὸν
1139 1000 1291 1068 σφῶν
1323 1000 1561 1070 ἄρχοντα
1612 1000 1857 1070 παραλύ·

291 1107 478 1151 σαντες
512 1089 615 1157 τῆς
669 1088 869 1158 ἀρχῆς.
926 1089 1162 1158 ἄρχοντα
1206 1092 1276 1159 τῇ
1325 1091 1475 1144 πόλει
1526 1092 1858 1159 είσεδέχοντο

290 1181 433 1246 παρά
490 1179 587 1232 τοῦ
642 1179 752 1230 τῶν
820 1179 1168 1232 Μεδιολάνων
1218 1179 1503 1236 δεσπότου.
1528 1181 1629 1247 κὈ
1684 1180 1730 1234 δ’
1781 1180 1858 1243 ὡς

290 1271 505 1324 οἰκείων
535 1271 635 1341 ήδη
662 1270 925 1340 πρόνοιαν
957 1270 1306 1339 ¹ιιποιούμενος,
1334 1273 1482 1323 σῖτόν
1516 1288 1576 1324 τε
1608 1270 1860 1339 ἀφθόνως

289 1359 566 1429 ἐχορήγει.
606 1360 702 1413 καὶ
728 1360 796 1412 τὰ
828 1358 963 1412 ἀλλα
1006 1360 1309 1428 ἐπιτήδεια.
1347 1362 1453 1413 Καὶ
1496 1363 1756 1432 χρήματα
1798 1363 1859 1425 ἐς

290 1452 376 1504 τοῦ
405 1452 658 1519 πολέμου
702 1452 801 1521 τὴν
830 1454 1188 1522 παρασκευὴν
1221 1454 1315 1506 καὶ
1356 1454 1603 1516 ὁπλίτας,
1638 1454 1857 1508 ἐκέλευέ

289 1561 342 1595 τε
388 1544 553 1606 αὖθις
609 1544 858 1615 τριήρεις
897 1543 1141 1612 πληροῦν
1192 1544 1335 1598 κατά
1383 1545 1493 1597 τῶν
1554 1545 1853 1613 πολεμίων.

299 1636 441 1687 ἐπεὶ
473 1634 538 1686 δὲ
568 1638 596 1686 ό
628 1633 815 1695 στόλος
852 1634 1292 1703 παρεσκεύαστο,
1318 1634 1409 1688 τδν
1440 1637 1700 1705 Παγανὴν
1730 1637 1858 1689 sne-

291 1743 487 1793 στησαν
523 1720 681 1786 αὖθις
726 1726 1054 1795 στρατηγὸν,
1120 1725 1403 1779 Ἀντωνίου
1441 1726 1642 1793 πολλὴν
1684 1744 1852 1779 κατα-

290 1819 503 1884 γνόντες
533 1817 799 1887 ἀπειρίαν
831 1822 960 1887 περὶ
999 1818 1353 1899 στρατηγίας.
1383 1819 1491 1871 Καὶ
1528 1820 1576 1871 οἱ
1603 1820 1665 1871 ἐκ
1695 1820 1855 1871 Βενε-

291 1909 403 1970 τῐας
448 1909 531 1970 ὡς
601 1909 869 1961 ἐπύθοντο
921 1910 1046 1972 τοὺς
1110 1908 1405 1977 πολεμίους
1467 1909 1624 1972 αὖθις
1684 1911 1857 1983 στόλῳ

293 2001 537 2059 ἐπιόντας
571 2000 979 2070 ἀντεπεξῄεσαν
1026 2000 1121 2053 καὶ
1172 2000 1328 2054 αὐτοὶ
1375 1999 1641 2055 Νικολάου
1686 2019 1857 2073 στρα-

293 2093 618 2161 τηγοῦντος*
656 2092 987 2160 ἐπαρθέντες
1046 2091 1104 2144 δὲ
1156 2094 1222 2162 τῇ
1270 2092 1512 2163 προτέρᾳ
1561 2094 1707 2164 νίκῃ,
1762 2093 1858 2146 καὶ

296 2188 381 2255 τῆς
402 2186 748 2253 Κατελάνων
774 2185 1095 2255 συμμαχίας
1115 2184 1513 2256 ἀμελήσαντες,
1544 2186 1735 2256 ὥσπερ
1762 2188 1859 2240 καὶ

309 2280 545 2347 πρότερον
563 2277 668 2343 τῆς
692 2276 976 2345 βασιλέως,
1022 2278 1591 2346 κατεναυμαχήθησαν
1621 2278 1725 2330 ὑπὸ
1746 2277 1856 2329 τῶν

317 2370 596 2421 ἀντιπάλων
641 2367 779 2435 πρὸς
806 2370 874 2437 τῇ
912 2367 1165 2439 Μεθώνῃ,
1198 2368 1296 2421 καὶ
1318 2366 1416 2430 τάς
1450 2385 1507 2420 τε
1549 2368 1679 2432 ναῦς
1717 2367 1859 2421 ἀπά-

316 2474 400 2520 σας
449 2459 497 2510 οί
540 2464 604 2511 ἑκ
662 2458 929 2522 Γεννούας
983 2459 1174 2511 ἐλαὸον
1216 2458 1324 2511 τῶν
1383 2458 1661 2527 πολεμίων
1717 2459 1858 2528 πλὴν

306 2543 501 2607 ὀλίγων,
536 2546 635 2596 καὶ
679 2545 768 2596 τὸν
807 2546 1110 2613 στρατηγὸν
1144 2547 1488 2616 αἰχμάλωτον
1510 2562 1525 2575 ·
1576 2547 1632 2608 ὃς
1667 2548 1760 2600 καὶ
1798 2549 1857 2600 ὲν

303 2634 336 2684 Γ
338 2637 522 2703 εννούα
561 2638 886 2706 ἐτελεύτησε
938 2637 1312 2707 δεσμωτήριον
1366 2637 1554 2692 οἰκῶν.
1593 2639 1749 2691 Μετά
1800 2639 1858 2691 δὲ

297 2726 388 2793 τὴν
418 2726 639 2805 πληγὴν
672 2729 893 2792 ἐκεῖνοι,
919 2730 1014 2782 καλ⁷
1047 2729 1096 2781 oi
1131 2731 1195 2781 ὲκ
1230 2730 1508 2794 Βενετίας,
1540 2729 1857 2794 ἀτονοῦντες

296 2819 424 2888 πρὸς
458 2820 554 2872 τὸν
589 2820 850 2889 πόλεμον.
902 2820 1399 2890 διεπρεσϐεύσαντο
1444 2822 1698 2892 ἀλλήλοις
1728 2825 1859 2893 περὶ

292 2908 516 2978 εἰρήνης
555 2910 652 2961 καὶ
681 2908 987 2961 κατέλυσαν
1024 2908 1116 2960 τὸν
1148 2908 1404 2976 πόλεμον,
1447 2910 1653 2979 μικρᾶς
1693 2910 1859 2963 ἕνεκα

292 3000 462 3063 αἰτίας
491 3000 672 3068 μέγαν
713 2998 1102 3067 γεγενημένον,
1136 3000 1230 3050 καὶ
1279 2998 1349 3051 τὰ
1399 2999 1632 3068 μέγιστα
1668 3000 1860 3053 ἐκατέ-

1955 548 2309 617 depositaque
2366 547 2643 616 superbia,
2700 562 2814 601 rem
2869 560 2973 601 nec
3023 547 3359 615 ingenuam,
3426 562 3531 603 nec

1956 638 2236 692 liberalem
2268 637 2849 707 admitteracompulsi
2880 645 3029 701 sunt,
3052 645 3109 690 et
3138 635 3348 691 Simoni
3387 636 3530 692 Buc-

1957 748 2201 801 cancgrze
2239 733 2363 787 duci
2408 747 2507 787 suo
2541 732 2805 801 abrogato
2830 730 3180 801 magistratu,
3208 729 3524 799 przel‘cctum

1957 838 1986 876 a
2043 822 2527 877 Mediolanensium
2589 821 2816 875 domino
2872 828 3225 889 receperunt.
3273 819 3416 885 Qui,
3470 828 3531 872 ut

1957 911 2223 984 suisjam,
2259 913 2575 983 prox‘idens,
2604 913 2882 966 frumenta
2906 921 2961 965 et
2996 911 3265 979 reliquum
3296 911 3527 974 victum,

1957 1005 2243 1074 pecuniam
2275 1019 2491 1073 quoque
2546 1003 2600 1058 in
2637 1011 2958 1072 apparatum
2994 1002 3145 1063 belli,
3193 1010 3249 1055 et
3297 1001 3527 1055 militem

1956 1094 2340 1163 suppeditabat
2395 1093 2986 1164 all'atim,jnbebatque
3043 1092 3223 1146 denuo
3275 1092 3529 1146 triremes

1948 1197 2150 1240 contra
2176 1185 2363 1241 hostes
2397 1186 2619 1239 instrui.
2646 1186 2840 1239 Parata
2870 1185 3065 1247 classe,
3097 1183 3369 1253 Paganntn
3397 1199 3525 1235 rur-

1958 1292 2053 1331 sus
2108 1276 2304 1330 ducem
2360 1286 2587 1340 creant,
2648 1275 2872 1330 Antonii
2933 1275 3213 1329 exercitus
3269 1274 3531 1327 «luctandi

1958 1370 2209 1422 damnata
2240 1369 2480 1424 inscitia.
2519 1368 2711 1422 Veneti
2760 1380 2821 1421 ut
2866 1368 3104 1421 hostium
3144 1367 3371 1418 classem
3406 1382 3531 1418 rur-

1958 1479 2052 1517 sus
2103 1463 2394 1517 adventare
2428 1461 2748 1522 audierunt,
2808 1468 3000 1513 contra
3052 1469 3107 1511 et
3158 1457 3259 1526 ipsi
3310 1455 3532 1509 Nicolao

1959 1556 2097 1610 duce
2129 1555 2419 1619 navigant;
2473 1552 2715 1622 elatique
2774 1551 3118 1622 praecedente
3174 1550 3427 1611 victoria,
3478 1556 3537 1602 et

1959 1648 2218 1701 socii-tate
2264 1645 2650 1700 Catalanorum
2696 1644 2779 1712 (ut
2815 1651 2972 1696 antea
3025 1640 3397 1710 imperatoris)
3436 1655 3532 1692 ne-

1960 1737 2150 1805 glecta,
2182 1736 2354 1790 navali
2399 1734 2815 1790 certamine‘ab
2860 1732 3191 1786 adversariis
3227 1746 3392 1798 prope
3421 1728 3533 1781 He-

1962 1830 2162 1882 thonen
2196 1827 2460 1896 superati,
2502 1838 2809 1894 eorumque
2848 1838 3014 1877 naves
3054 1822 3243 1891 paucis
3272 1820 3530 1888 demptis,

1962 1937 2064 1974 una
2097 1935 2218 1974 cum
2251 1920 2389 1973 duce
2421 1933 2451 1971 a
2494 1916 2881 1972 Genuensibus
2939 1925 3111 1982 capue
3161 1920 3286 1964 sunt
3334 1927 3350 1963 :
3386 1920 3441 1964 et
3489 1911 3536 1965 is

1959 2011 2304 2082 postmodum
2336 2010 2537 2065 Genuze
2563 2009 2617 2063 in
2646 2022 2867 2061 carcere
2884 2006 3026 2060 diem
3054 2014 3386 2074 postremum
3403 2017 3533 2055 con-

1959 2104 2108 2158 fecit.
2165 2103 2293 2157 Post
2325 2102 2467 2156 hanc
2511 2100 2723 2171 plagam
2773 2099 2873 2167 ipsi
2920 2107 2977 2152 et
3029 2096 3217 2151 Veneti
3268 2095 3333 2149 ad
3380 2109 3533 2148 arma

1960 2204 2263 2264 torpentes,
2304 2195 2449 2248 inter
2478 2208 2536 2246 sc
2589 2191 2793 2260 legatos
2823 2191 2889 2243 de
2922 2205 3054 2259 pace
3096 2189 3385 2245 miserunt.
3420 2184 3535 2237 bel-

1958 2282 2179 2351 lumque
2209 2297 2275 2334 ex
2309 2295 2472 2349 parva
2504 2294 2667 2334 causa
2706 2289 2990 2347 tantopere
3026 2287 3272 2340 auctum,
3301 2286 3355 2329 et
3390 2275 3533 2327 utri-

1958 2391 2065 2444 que
2114 2373 2253 2444 parti
2317 2382 2426 2426 tam
2482 2371 2958 2430 detrimentosum,
2994 2370 3178 2422 valere
3223 2369 3529 2437 jusserunt.

1958 2470 2097 2524 Pace
2146 2460 2379 2530 ﬁrmata,
2416 2480 2541 2520 cum
2566 2465 2706 2520 nihil
2751 2466 2859 2535 jam
2926 2468 3335 2531 exspectaretur
3383 2459 3530 2520 mali,

1961 2558 2243 2628 indignum
2269 2556 2370 2610 rati
2396 2555 2736 2616 Genuenses,
2767 2554 2901 2608 nihil
2926 2553 3153 2608 sceleris
3201 2562 3393 2605 contra
3439 2550 3536 2603 be-

1959 2649 2257 2706 nemeritos
2284 2646 2606 2710 machinari,
2632 2645 2801 2716 338
2837 2644 3076 2712 primum
3111 2640 3331 2710 quidem
3368 2639 3537 2707 Paga»

1961 2755 2091 2795 num
2145 2740 2361 2802 ducem,
2393 2745 2625 2807 utraque
2657 2733 3006 2805 expeditione
3059 2734 3416 2794 illustratum,
3476 2730 3532 2783 in

1959 2843 2284 2902 perpetuum
2338 2829 2593 2884 exsilium
2624 2828 2871 2895 ejiciunt,
2900 2837 2955 2879 et
2986 2842 3110 2880 cum
3145 2840 3213 2879 eo
3245 2825 3539 2893 Optimates

1960 2937 2173 2987 omnes,
2216 2937 2338 2976 cum
2374 2930 2551 2975 tamen
2587 2920 2719 2973 nihil
2758 2928 2905 2974 esset
2949 2917 3098 2986 quod
3147 2916 3229 2971 eis
3288 2911 3538 2969 criminis

1962 3016 2082 3070 loco
2111 3015 2433 3085 obiicerem.
2469 3014 2655 3066 Postea
2683 3012 2850 3066 etiam
2894 3027 2922 3064 a
2956 3009 3348 3065 Mediolanensi
3383 3004 3538 3075 prin-

293 3108 409 3159 ρους
433 3092 746 3160 βλάψαντα.
783 3081 937 3143 Ἐπεὶ
959 3090 1014 3143 δὲ
1041 3092 1229 3160 είρήνη
1262 3085 1350 3160 ἦν,
1386 3091 1477 3143 καὶ
1510 3090 1683 3144 δεινὸν
1708 3091 1859 3144 οὐδὲν

1963 3106 2083 3175 cipe
2114 3081 2397 3164 delicium,
2427 3112 2483 3157 et
2514 3102 2582 3156 ab
2618 3102 2711 3156 illo
2756 3101 2861 3154 sibi
2911 3101 3270 3154 constitutum
3310 3096 3539 3167 pra-icc-

290 3184 687 3245 προσεδοκᾶτο,
716 3181 933 3247 ἀνάξιον
984 3177 1125 3234 εἶναι
1173 3179 1323 3249 σφῶν
1356 3182 1655 3251 ἡγούμενοι
1699 3182 1750 3233 οί
1803 3183 1860 3233 ὲν

289 3276 528 3347 Γεννούᾳ
550 3275 717 3344 μηδὲν
739 3276 1079 3342 ἀγνωμονεῖν
1098 3291 1163 3326 πε
1172 3278 1227 3344 pi.
1252 3276 1376 3337 τοὺς
1395 3275 1856 3344 εύηργετηκότας,

286 3368 482 3436 πρῶτα
538 3366 641 3435 μὲν
689 3366 946 3434 Παγανὴν
986 3364 1077 3418 τὸν
1129 3365 1435 3435 στρατηγὸν
1479 3368 1735 3435 λαμπρὸν
1765 3383 1860 3432 γε·

284 3456 590 3525 γενημὲνον
642 3455 699 3506 ὲν
730 3456 852 3515 ταῖς
894 3457 1254 3525 στρατηγίαις
1285 3457 1636 3525 ἀμφοτέραις
1670 3456 1862 3525 ἐξήλα-

284 3563 376 3597 σαν
406 3546 522 3616 τῆς
563 3545 795 3610 πόλεως,
835 3545 1126 3612 ἀειφυγίαν
1154 3545 1606 3610 κατακρίναντες,
1638 3546 1733 3597 καὶ
1762 3546 1860 3598 σὺν

279 3638 483 3707 ἐκείνῳ
520 3638 733 3699 πᾶντας
776 3636 902 3699 τοὺς
938 3638 1193 3706 ἀρίστους
1223 3636 1373 3688 οὐδὲν
1425 3635 1645 3705 ἔχοντας
1690 3637 1861 3703 ἐγκα-

277 3731 409 3785 λεῖν.
445 3730 695 3784 ’Ἔπειτα
726 3732 821 3782 καὶ
853 3729 945 3781 τοῦ
973 3727 1319 3781 Μεδιολάνων
1344 3730 1639 3797 ἀφίσταντο
1666 3728 1862 3782 δεσπό-

278 3841 391 3888 του,
424 3824 533 3876 καὶ
562 3820 1006 3890 λιπουκανέγραν
1037 3819 1196 3883 αὖθις
1225 3818 1314 3873 τὸν
1338 3820 1587 3889 Σίμωνα.
1625 3821 1861 3890 ἄρχοντα

277 3919 381 3968 τῶν
432 3914 795 3985 πραγμάτων
818 3911 1237 3981 ἀποδείξαντες,
1291 3911 1403 3964 τῶν
1462 3911 1594 3981 παρ’
1649 3912 1858 3964 ἐκείνου

278 4007 613 4063 καθεστῶτα
663 4004 933 4075 ἐξήλασαν
978 4004 1223 4073 ἀτίμως·
1277 4005 1371 4059 καὶ
1423 4004 1614 4057 τοῦτον
1659 4004 1861 4073 τρόπον

276 4103 500 4154 ἐκεῖνον
526 4099 623 4165 τῆς
656 4097 858 4165 πολλῆς
884 4097 1013 4165 περὶ
1052 4095 1251 4158 αὐτοὺς
1286 4094 1594 4164 ἠμείψαντο
1624 4096 1862 4164 κηδεμο-

278 4196 417 4257 νίας.
466 4192 534 4243 Ὀ
570 4190 667 4259 μὲν
697 4184 790 4241 οὖν
836 4188 947 4240 τῶν
983 4186 1230 4240 Λατίνων
1275 4187 1414 4256 πρὸς
1459 4185 1724 4255 ἀλλήλους
1765 4185 1863 4237 καὶ

278 4286 414 4352 πρὸς
459 4280 785 4348 Ῥωμαίους
809 4277 1045 4346 πόλεμος
1074 4275 1304 4330 ἐνταῦθα
1336 4275 1676 4345 ἐτελεύτησε.
1706 4274 1865 4327 Βασι-

275 4376 397 4437 λεῦς
427 4374 494 4427 δὲ
535 4373 564 4426 ὁ
604 4370 986 4437 Παλαιολόγος,
1024 4368 1293 4437 βασιλίδος
1320 4369 1420 4437 τῆς
1452 4367 1659 4437 μητρὸς
1701 4366 1862 4436 μάλι-

1964 3207 2100 3262 tum,
2159 3212 2349 3250 rursus
2413 3195 2690 3249 Simonem
2747 3194 3151 3261 Buccanegram
3216 3188 3536 3258 reipublicae

1960 3286 2509 3357 caputdesignantes,
2535 3299 2660 3339 cum
2695 3282 2991 3354 ignominia
3023 3281 3340 3349 expellunt;
3373 3289 3536 3348 atque

1961 3377 2067 3430 isto
2104 3373 2266 3429 modo
2304 3374 2577 3443 egregiam
2612 3374 2731 3441 ejus
2766 3388 2862 3441 pro
2916 3371 3050 3439 ipsis
3106 3369 3534 3423 sollicitudinem

1960 3480 2259 3531 curamque
2304 3473 2681 3530 compensant.
2732 3460 3054 3515 Latinorum
3094 3459 3259 3529 igitur
3304 3458 3446 3511 inter
3479 3472 3538 3511 se

1959 3564 2015 3611 et
2050 3570 2173 3609 cum
2207 3554 2468 3607 Romanis
2519 3554 2721 3607 bellum
2772 3553 2845 3605 ita
2879 3551 3062 3605 desiit.
3108 3550 3408 3618 Imperator
3441 3564 3539 3601 au-

1962 3656 2069 3700 tem
2120 3646 2476 3714 Palzeologus,
2532 3644 2770 3711 impulsu
2803 3642 2994 3696 matris
3051 3640 3425 3711 potissimum,
3473 3655 3537 3693 ea

1961 3735 2367 3791 Thessalonica:
2396 3734 2609 3798 relicta,
2645 3730 2849 3787 IEnnm
2880 3731 3052 3796 venit,
3082 3729 3207 3784 inde
3240 3745 3338 3799 per
3363 3728 3537 3782 Tura-

1959 3822 2096 3876 ciam
2128 3821 2444 3890 Byzantium
2466 3821 2531 3874 ad
2568 3836 2819 3873 socerum
2844 3818 3210 3889 profecturus.
3238 3817 3340 3884 Qui
3372 3818 3543 3888 Didy.

1963 3912 2187 3965 motichi
2238 3922 2396 3965 erant
2429 3912 2670 3980 pra-fecti
2717 3911 3005 3973 Arsenius,
3043 3925 3277 3977 magnus
3313 3909 3541 3978 pappias

1962 4002 2274 4071 Zatnplaco,
2308 4001 2676 4055 Tarchaniota
2716 4009 3111 4071 prntostrator,
3145 4000 3402 4067 suspicati
3449 3999 3539 4052 Di-

1962 4093 2278 4163 dymoticho
2336 4093 2740 4157 transiturum,
2800 4105 3071 4144 memores
3138 4090 3541 4143 Thessalonica:

1957 4186 2096 4240 facti
2142 4185 2210 4238 ab
2237 4199 2302 4238 eo
2332 4200 2457 4239 cum
2502 4184 2659 4239 Crale
2694 4182 2918 4238 foederis
2950 4182 3017 4236 de
3047 4182 3328 4243 societate,
3362 4191 3415 4235 et
3445 4197 3542 4236 eos

1964 4278 2163 4332 bellum
2195 4275 2460 4330 adversus
2490 4277 2934 4329 Cantacnznnum
2970 4274 3267 4343 pepigisse.
3292 4289 3539 4327 commu-

1964 4368 2108 4421 niter
2140 4365 2302 4420 veriti
2339 4375 2489 4427 sunt,
2522 4381 2588 4417 ne
2617 4365 2659 4417 si
2692 4380 2817 4419 eum
2858 4363 3310 4425 intromitterent,
3339 4371 3541 4431 pra'tcr

277 4454 378 4519 στα
409 4463 725 4533 ἐναγούσης
748 4458 911 4530 ἦλθεν
951 4464 1032 4523 εἰς
1078 4456 1237 4513 Αἶνον
1267 4462 1326 4513 ὲν
1370 4458 1737 4529 Θεσσαλονίκῃ
1766 4458 1859 4528 τὴν

1965 4454 2332 4513 Cantacuzeni
2362 4455 2699 4509 voluntatem
2744 4463 2990 4524 agerent,
3023 4468 3261 4521 eumque
3288 4453 3353 4505 ad
3402 4453 3539 4505 iram

276 4558 508 4625 μητέρα
537 4551 879 4614 καταλιπὼν,
919 4552 993 4612 ὡς
1026 4550 1235 4603 ἐκεῖθεν
1272 4550 1361 4602 διὰ
1396 4550 1493 4620 τῆς
1523 4548 1752 4620 Θρᾴκης
1777 4551 1858 4610 εἰς
1898 4564 1903 4567 ·

272 4644 590 4705 Βυζάντιον
631 4639 955 4707 ἀφιξόμειος
996 4638 1133 4707 πρὶς
1179 4636 1407 4707 βασιλέα
1444 4638 1537 4689 τὸν
1567 4636 1859 4707 κηδεστήν.

274 4740 339 4789 (fl.
364 4738 427 4789 δὲ
456 4736 520 4786 ὲν
546 4731 912 4800 Διδυμοτείχῳ
943 4730 1226 4801 ἄρχοντες,
1260 4730 1536 4801 Ἀρσένιός
1567 4747 1649 4794 τε,
1686 4730 1861 4798 μέγας

274 4830 503 4889 maia;
528 4829 557 4879 ὁ
598 4822 1007 4893 Τζαμπλάκων,
1042 4823 1135 4875 καὶ
1177 4828 1623 4894 πρωτοστρατωρ
1659 4824 1685 4874 ό
1712 4821 1860 4889 Ταρ-

277 4917 620 4989 χανειὼτης,
647 4913 1086 4976 ὑποπτεύσαντες
1116 4912 1203 4966 διὰ
1226 4912 1612 4982 Διδυμοτείχου
1636 4910 1861 4981 βασιλέα

270 5013 371 5064 τὸν
398 5007 773 5073 ῐΙαλαιολό-ίον
814 5005 1107 5074 παρελθεῖν
1143 5005 1230 5066 ἂν,
1265 5006 1365 5057 οὐκ
1411 5003 1635 5073 ἀνήκοοί
1669 5019 1723 5055 τε
1749 5001 1859 5053 τῶν

273 5103 334 5153 ὲν
371 5098 755 5167 Θεσσαλονίκῃ
799 5095 1186 5166 γεγενημένων
1227 5094 1364 5163 πρὸς
1406 5094 1633 5163 Κράλην
1660 5092 1736 5162 τῷ
1765 5092 1862 5160 βα-

276 5194 430 5246 σιλεῖ
483 5189 811 5258 συμϐάσεων
859 5189 992 5253 περὶ
1037 5188 1357 5257 συμμαχίας
1413 5185 1591 5249 ὄντες,
1640 5186 1737 5237 καὶ
1784 5184 1858 5245 ὡς

272 5286 447 5353 κοινῇ
503 5280 791 5333 συνέθεντο
832 5278 969 5345 πρὸς
1013 5276 1470 5347 Καντακουζηνδν
1514 5275 1860 5345 τὸνβασιλέα

274 5379 533 5445 πόλεμον
563 5376 733 5429 κινεῖν
756 5374 991 5438 ιδεισαν,
1031 5372 1107 5442 μὴ
1158 5371 1525 5440 είςδεξαμενοι
1597 5373 1661 5439 τῇ
1704 5371 1858 5421 πόλει

275 5470 360 5539 μὴ
395 5468 546 5525 κατά
573 5466 797 5535 γνώμην
849 5466 1130 5534 πράττωσι
1184 5464 1395 5533 βασιλεῖ
1428 5464 1504 5531 τῷ
1543 5464 1859 5515 Καντακου-

272 5560 465 5635 ζηνῷ,
508 5561 603 5612 καὶ
634 5559 769 5627 πρὸς
796 5556 971 5627 ὀργὴν
996 5555 1343 5627 διερεθίσωσι
1376 5552 1663 5614 δοκοῦντες
1686 5555 1860 5619 ἀγνω-

276 5654 481 5721 μονεῖν
547 5651 672 5720 περὶ
725 5650 888 5704 αὑτὸν
950 5649 1049 5702 καὶ
1114 5650 1227 5711 τοῖς
1287 5648 1505 5700 ἐναντία
1560 5646 1857 5715 πράττουσι

278 5742 687 5818 προστίθεσθαι
738 5742 1105 5811 ἀφιστάμενοι
1147 5739 1330 5793 αὐτοῦ.
1383 5741 1489 5793 Καὶ
1518 5738 1855 5808 πέμψαντες,

1962 4557 2327 4616 provocarent
2361 4563 2375 4600 :
2408 4556 2469 4601 nt
2511 4549 2656 4615 quia
2703 4561 2762 4599 se
2809 4545 3016 4598 nefarie
3047 4545 3415 4599 desciscentes
3445 4546 3543 4598 acl-

1960 4640 2216 4693 versariaa
2259 4636 2484 4692 factioni
2540 4635 3010 4689 adhwrescercnt.
3039 4635 3405 4701 Quamobrem
3460 4634 3542 4688 in-

1962 4740 2293 4802 terrogatum
2319 4730 2566 4786 mittunt.
2586 4744 2698 4797 quo
2724 4736 2883 4797 pacto
2910 4742 2968 4781 se
2993 4743 3122 4795 erga
3155 4729 3539 4795 imperatorem

1958 4824 2230 4895 iuniorem
2264 4831 2476 4893 gerant.
2515 4820 2832 4889 Respondet
2857 4820 2965 4876 ille.
2993 4817 3451 4887 quemadmodum
3479 4832 3539 4870 sc

1958 4930 2145 4984 gerere
2183 4914 2406 4969 deceret
2438 4911 2673 4965 l'atnulos
2711 4926 2842 4978 erga
2880 4910 3183 4970 dominum,
3218 4916 3272 4959 et
3314 4921 3536 4959 omnem

1958 5008 2009 5061 ei
2055 5008 2268 5060 aditum
2312 5004 2550 5061 liberum
2584 5002 3019 5060 concedendum,
3057 4998 3538 5065 obediendumque

1961 5107 2021 5151 ut
2053 5097 2387 5164 imperatori,
2417 5110 2527 5149 non
2550 5095 2617 5148 ah
2649 5094 2782 5162 ipsis
2815 5092 2997 5155 modo,
3023 5090 3116 5145 sed
3152 5090 3219 5144 ab
3252 5090 3375 5143 aliis
3405 5089 3535 5144 item

1959 5186 2274 5243 civitatibus
2299 5185 2591 5240 universis.
2630 5185 2817 5252 Itaque
2844 5182 2988 5236 Aine
3014 5171 3323 5236 venientem
3345 5181 3530 5235 liben-

1961 5286 2044 5331 ter
2086 5282 2435 5342 acccperunt.
2482 5272 2618 5328 Cum
2677 5273 2878 5327 diebus
2929 5273 3119 5342 paucis
3167 5270 3535 5341 Didymoticlti

1960 5367 2316 5427 substitisset,
2364 5365 2494 5419 inde
2546 5365 2867 5436 Byzantium
2916 5362 3219 5417 discessit:
3268 5362 3360 5416 ubi
3408 5376 3533 5416 cum

1962 5470 2159 5513 socero
2196 5463 2543 5525 Imperatore,
2592 5456 2732 5510 bello
2766 5456 2960 5509 Latino
3003 5463 3132 5508 tunc
3162 5454 3395 5507 maxime
3429 5453 3537 5506 fer~

1961 5561 2142 5611 ventu,
2183 5549 2393 5602 diutius
2417 5548 2575 5602 vixit.
2618 5547 3053 5610 Cantacuzenus,
3103 5543 3248 5598 haud
3290 5544 3532 5603 nescius.

1964 5647 2103 5697 inter
2160 5641 2470 5695 Matthaenm
2533 5640 2701 5693 lilium
2750 5650 2806 5694 et
2850 5652 3110 5709 generum
3193 5637 3535 5692 intercedere

1963 5734 2271 5796 dissidium,
2334 5732 2486 5789 illum
2536 5748 2755 5802 quoque.
2802 5728 3220 5795 accersendum,
3259 5738 3316 5783 et
3358 5728 3530 5781 eden-
