3964 6210
311 251 413 315 εει

1504 254 1826 316 JOANNIS
1863 254 2388 315 CANTACUZENI
2422 268 2426 272 ‘

3462 251 3575 314 2.32

243 424 246 426 γ
314 362 465 415 tibus
495 361 638 431 apud
698 377 756 417 sc
803 363 1087 427 ambobus,
1120 362 1172 416 in
1214 378 1323 432 quo
1355 364 1491 418 alter
1520 364 1589 417 ab
1621 364 1791 418 altero
1826 379 1886 419 se

2009 363 2358 417 ,πυνθάνονιο
2503 369 2608 433 χρὴ
2657 356 3033 432 προφέρεσθαι
3070 362 3150 432 τῷ
3190 362 3297 432 νέῳ
3343 359 3574 427 βασιλεῖς

310 454 583 508 oil‘cnsum
643 464 899 525 putaret,
957 456 1107 508 litem
1182 455 1287 510 sibi
1360 456 1729 511 tlizzimendam
1800 465 1889 515 est

312 546 640 601 arbitratus.
666 548 909 601 Advocat
934 547 1099 616 igitur
1124 545 1548 635 ﬁlium'retento
1578 564 1764 603 secum
1797 564 1892 616 ge—

316 654 468 697 nem,
548 648 606 691 ut
657 640 725 691 ita
780 640 1029 706 utrisque
1072 638 1433 707 praesentibus
1480 640 1695 693 stabilis
1738 640 1895 694 lierct

315 727 641 797 pacificatio.
705 729 768 803 At
832 729 978 781 enim
1047 729 1227 791 filius,
1284 730 1378 798 qui
1437 734 1677 793 recens,
1736 740 1891 799 patre

314 820 712 879 eounuittcntc,
774 820 1216 887 Adriauopolini,
1279 821 1621 891 ﬁnitimaque
1683 822 1890 877 circum

314 909 513 978 oppida
567 911 617 963 in
668 911 827 964 tidem
865 928 1018 965 suam
1072 922 1374 980 receperat,
1426 928 1728 981 eorumque
1763 929 1891 981 pro-

315 1002 598 1055 curatione
648 1003 1052 1066 distinebatur,
1118 1006 1296 1058 Si‘l'iUS
1358 1021 1519 1074 quam
1580 1020 1678 1074 pro
1736 1020 1892 1057 man-

315 1095 441 1147 dato
476 1095 790 1165 Byzantium
825 1097 991 1149 venit.
1026 1097 1239 1151 Juuiori
1275 1096 1589 1164 imperatori
1628 1096 1693 1150 ad
1728 1095 1894 1150 urbes

316 1188 419 1240 sibi
487 1188 792 1256 descriptas
859 1189 1180 1253 festinanti,
1245 1190 1430 1242 senior
1496 1189 1701 1242 abitum
1757 1205 1895 1242 con.

316 1280 484 1332 cessit
545 1297 556 1330 :
618 1281 749 1347 quin
810 1280 975 1333 etiam
1055 1280 1497 1350 Didymoticbum
1562 1290 1687 1334 ante
1754 1279 1897 1334 datis

319 1368 699 1437 supcraddidit
737 1370 902 1440 839
930 1386 992 1423 ac
1024 1354 1283 1424 ili-lenam
1341 1388 1563 1424 uxorem
1601 1372 1719 1442 ejus
1768 1387 1892 1426 cum

323 1454 718 1529 lilio'juuiore,
758 1463 843 1513 cui
902 1478 1099 1514 nomen
1163 1461 1393 1514 inditum
1460 1462 1895 1529 Manucl,scqui

322 1555 569 1621 permisit
603 1572 614 1607 :
651 1555 828 1611 altero
876 1555 985 1606 lilio
1042 1554 1358 1607 Andronico
1420 1557 1785 1623 imperatore.
1841 1565 1896 1610 et

321 1662 661 1705 successere,
700 1647 935 1714 itemque
968 1646 1125 1699 lrcne
1147 1646 1253 1699 lilia
1287 1647 1427 1715 apud
1458 1648 1633 1699 aviam
1671 1648 1892 1714 relictis,

322 1736 479 1805 cujus
532 1735 714 1789 studio
745 1746 799 1788 cl
836 1737 1116 1806 diligentia
1150 1737 1545 1791 educarentur.
1576 1739 1895 1792 Discessuro
1930 1714 1971 1768 Β

316 1828 427 1896 jam
460 1837 513 1882 et
550 1829 652 1882 alia
686 1842 955 1899 priet-cpta
991 1845 1149 1884 socer
1186 1829 1380 1894 dedit,
1437 1840 1490 1884 et
1524 1846 1592 1884 ne
1632 1830 1896 1885 adversus

323 1918 545 1971 fratrem
574 1935 687 1972 sua:
717 1920 967 1988 conjugis
1000 1921 1105 1974 ulla
1152 1920 1361 1974 ratione
1398 1936 1549 1975 arma
1592 1922 1894 1986 moliretur,

323 2023 501 2079 neque
526 2011 922 2066 susurrouibus
960 2012 1241 2075 credulus,
1277 2027 1402 2066 eum
1444 2012 1617 2067 hostis
1646 2014 1765 2069 loco
1800 2012 1898 2067 ha~

324 2100 516 2161 bt'ret,
585 2117 614 2154 a
669 2118 777 2168 quo
834 2102 1103 2158 nihildum
1176 2104 1501 2175 injuriarum
1561 2105 1896 2173 pertulisset.

324 2190 647 2245 Prmstitisse
688 2192 948 2260 quidem,
1003 2195 1047 2248 si
1090 2209 1261 2264 usque
1309 2194 1376 2249 ad
1426 2195 1548 2267 ejus
1599 2194 1897 2250 adventum

325 2291 723 2351 exspectasset,
755 2292 811 2337 ut
843 2302 898 2340 se
933 2286 1325 2354 disceptatore,
1350 2286 1395 2340 si
1417 2286 1546 2355 quid
1577 2287 1900 2342 morosioris

327 2377 719 2429 controversia:
758 2377 1044 2441 baberent,
1072 2378 1339 2433 (iniretur.
1377 2378 1513 2445 Quia
1550 2395 1676 2434 vero
1711 2381 1903 2435 illine-

325 2467 587 2527 rcssaria,
621 2476 677 2520 et
734 2477 1020 2537 tamopcrc
1051 2471 1293 2537 expetita
1328 2482 1469 2525 esset
1502 2474 1674 2527 abitio
1701 2516 1715 2534 .
1762 2475 1904 2543 ipse-

325 2569 431 2620 que
469 2554 521 2606 in
550 2570 791 2621 prmseus
824 2554 1020 2609 Latino
1052 2557 1196 2610 bello
1247 2558 1547 2627 impeditus
1570 2603 1586 2625 ,
1627 2562 1679 2614 iu
1726 2563 1902 2616 Thra-

327 2643 466 2696 ciam
516 2644 857 2706 concedere,
894 2655 949 2698 et
997 2647 1268 2701 eosinter
1320 2665 1378 2703 se
1439 2652 1738 2706 conciliare
1793 2669 1901 2707 non

329 2744 534 2803 rosset,
572 2737 704 2789 nihil
744 2736 811 2790 de
854 2739 1171 2792 Constitutis
1222 2750 1490 2805 mutaret,
1541 2742 1715 2797 donec
1746 2743 1904 2799 Irene

328 2834 502 2878 mater
530 2825 848 2894 impcratrix
876 2818 1321 2897 Didymotiehum
1360 2830 1606 2899 profecta
1633 2876 1648 2897 ,
1683 2848 1901 2887 onmem

332 2916 457 2971 lelii
490 2932 702 2982 ansam,
743 2927 797 2971 ct
826 2936 928 2971 non
963 2920 1095 2975 satis
1133 2919 1425 2989 ingenuam
1462 2922 1619 2976 istam
1675 2935 1903 2978 conten-

332 3010 535 3065 tionem
566 3006 912 3080 prwcideret.
943 3010 1067 3067 ibeo
1100 3013 1189 3065 ubi
1215 3015 1492 3084 praecepit,
1521 3031 1646 3071 cum
1672 3018 1903 3089 conjuge
1929 3040 1973 3101 ρ

329 3101 580 3161 dimisit,
632 3112 687 3155 ct
733 3102 897 3171 paulo
954 3114 1078 3171 post
1117 3121 1343 3160 uxorem
1391 3123 1544 3162 suam
1594 3111 1785 3163 lrencn
1835 3111 1904 3164 ad

334 3193 505 3246 liliqu
535 3209 909 3262 generumque
944 3194 998 3246 iu
1030 3196 1381 3250 concordiam
1435 3199 1764 3267 redigendos
1817 3201 1909 3256 lii-

331 3286 706 3354 dymotichum
756 3302 813 3340 se
870 3286 1127 3341 conferre
1182 3288 1389 3356 jussit,
1423 3293 1508 3344 cui
1560 3290 1907 3348 Philotheum

333 3378 630 3444 lleraclca',
654 3392 708 3433 et
742 3379 1151 3447 Metrophauem
1181 3380 1428 3435 Mclenici
1459 3385 1912 3451 tuetrupolitanos

336 3469 610 3541 adjunxit,
646 3469 798 3523 viros
824 3469 895 3523 ob
917 3471 1042 3524 vitae
1074 3472 1419 3526 sanctitatem
1451 3484 1505 3526 et
1537 3474 1910 3544 eloquentiam

330 3562 703 3617 venerabiles.
737 3562 943 3642 Praeter
1000 3562 1102 3615 bos
1142 3562 1407 3617 Joannem
1465 3563 1654 3619 Philen
1689 3604 1704 3626 ,
1761 3566 1911 3622 claro

331 3668 531 3722 genere
556 3664 904 3722 prognatum,
931 3653 1025 3722 qui
1055 3654 1381 3709 Christianae
1419 3656 1783 3725 philosophia:
1818 3659 1914 3713 de-

332 3745 542 3799 siderio
595 3744 841 3798 excussis
870 3743 1105 3812 negotiis
1142 3745 1402 3798 omnibus
1437 3745 1584 3800 domi
1645 3762 1733 3801 res
1788 3762 1915 3802 suas

336 3838 555 3904 agebat,
588 3836 870 3903 vitamque
912 3835 1155 3887 sobriam
1188 3835 1475 3903 acjustam
1522 3836 1767 3890 studiose
1808 3853 1913 3892 ex-

337 3928 593 3985 colebat.
630 3925 793 3979 simul
842 3935 903 3979 ut
960 3941 1079 3979 eam
1119 3925 1175 3978 in
1220 3926 1310 3978 illa
1366 3925 1603 3979 ﬁliorum
1667 3928 1919 3995 paciﬁca-

339 4018 485 4070 tione
514 4015 863 4085 adjuvarent,
888 4015 1051 4068 simul
1079 4026 1137 4067 ut
1170 4015 1219 4068 ei
1255 4024 1423 4069 testes
1454 4017 1668 4081 tierent,
1692 4019 1795 4073 nisi
1819 4034 1917 4089 par

306 4106 393 4160 δίει
420 4094 656 4173 utroque
686 4103 929 4159 studium
960 4103 1350 4159 adhibuisset:
1409 4122 1518 4175 quo
1551 4107 1602 4161 in
1635 4116 1917 4177 posterum

334 4197 687 4268 schpbautis
740 4195 1148 4261 calumniandi,
1193 4205 1251 4251 et
1296 4212 1454 4252 secus
1483 4215 1647 4267 quam
1685 4200 1775 4255 illa
1840 4203 1919 4255 fe-

338 4290 505 4343 cisset
538 4287 869 4350 meutieudi.
914 4290 960 4344 si
994 4289 1126 4357 quid
1161 4290 1288 4346 tiliis
1308 4301 1501 4346 contra
1529 4306 1693 4360 quam
1720 4294 1922 4348 vellent

338 4380 637 4445 evenisset,
672 4382 902 4435 facultas
937 4382 1294 4437 adimeretur.
1327 4383 1446 4438 Jam
1480 4400 1615 4439 vero
1643 4386 1865 4457 conjugi
1894 4425 1913 4452 ,

338 4486 564 4543 erquos
588 4489 693 4527 una
716 4472 988 4536 mittebat,
1035 4484 1263 4530 caeteras
1296 4474 1537 4530 ﬁliorum
1592 4488 1915 4532 controver-

340 4567 486 4628 sias,
534 4565 625 4620 ubi
681 4567 841 4620 ambo
896 4581 1115 4620 causam
1175 4568 1478 4634 dixissent,
1514 4570 1913 4640 componendi,

341 4666 506 4727 prout
547 4655 692 4711 Deus
759 4664 815 4710 et
885 4657 1176 4723 pruileutia
1229 4668 1606 4728 suggererent,
1634 4660 1915 4731 negotium

344 4745 498 4813 dedit
532 4764 545 4799 :
582 4746 651 4799 ab
688 4761 745 4801 se
777 4758 960 4801 autem
995 4748 1237 4811 dccreta,
1290 4758 1347 4804 et
1376 4749 1675 4805 constituta
1707 4752 1916 4807 moveri
1950 4784 1955 4789 ε

343 4841 550 4904 vetuit,
606 4839 704 4894 sed
741 4851 801 4893 ut
848 4840 1040 4907 junior
1069 4840 1294 4909 quidem
1332 4842 1630 4911 imperator
1660 4843 1920 4913 Didymo-

345 4929 582 4995 tichum,
609 4939 665 4984 et
690 4930 829 4985 alias
874 4931 1041 4987 urbes
1092 4932 1199 4987 sibi
1232 4931 1524 4989 attributas
1555 4934 1807 4995 haberet.
1839 4935 1920 4990 l‘a-

343 5032 605 5092 ceretque
639 5024 786 5093 quod
841 5024 1087 5089 liberet,
1146 5025 1484 5095 reliquarum
1547 5027 1682 5082 nulli
1732 5029 1921 5083 turbas

342 5122 556 5168 cieret:
591 5115 686 5168 sed
721 5116 950 5186 imperio
997 5116 1197 5183 soceri,
1235 5128 1296 5174 ut
1336 5120 1596 5184 atttehac,
1644 5120 1921 5176 contineri

345 5207 574 5261 sineret.
604 5208 920 5265 Matthaeum
972 5212 1161 5268 uxoris
1204 5229 1316 5268 sua:
1344 5230 1663 5285 germanum
1689 5230 1790 5285 pro
1827 5230 1925 5270 au-

348 5296 606 5352 ctoritate
639 5298 993 5368 imperatoria
1050 5303 1360 5373 subjectum
1394 5305 1522 5371 sibi,
1558 5317 1614 5360 et
1644 5306 1925 5361 nihilomi-

352 5404 460 5444 nus
513 5391 742 5447 fratrem
773 5391 1042 5459 duceret,
1083 5395 1346 5463 omnique
1378 5395 1529 5449 illum
1554 5435 1571 5461 ,
1626 5410 1726 5464 pro
1767 5409 1835 5450 eo
1862 5408 1927 5450 ac

371 5478 573 5536 leceret
626 5498 815 5539 amore
870 5485 1368 5556 benevolentiaque
1416 5488 1923 5557 prosequerctur':

357 5568 497 5622 nihil
566 5573 618 5625 in
661 5575 781 5644 ejus
841 5577 1380 5633 administrationem
1430 5577 1782 5647 inquireret:
1829 5574 1926 5631 sed

357 5673 489 5715 suos
516 5676 642 5715 cum
674 5677 862 5731 regere
890 5681 987 5733 pro
1016 5667 1282 5721 arbitratu
1316 5676 1598 5738 pateretur
1640 5686 1652 5723 :
1687 5666 1927 5739 βάθει

1997 456 2106 510 Καὶ
2128 456 2157 506 ό
2187 454 2442 523 βασιλεὺς
2489 455 2883 524 προσέταττεν,
2922 455 2998 517 ὡς
3049 454 3321 525 προσήκει
3350 453 3577 518 δούλους

1991 548 2105 608 τοῖς
2148 546 2437 608 δεσπόταις
2464 547 2560 599 καὶ
2610 548 2791 599 πᾶσαν
2819 546 3027 599 είσοδον
3056 547 3325 617 παρέχειν
3355 548 3576 601 ἐλευθέ-

1997 653 2105 703 ρως
2132 636 2499 707 προσέχοντας
2535 636 2611 698 ὠς
2663 635 2895 704 βασιλεῖ,
2940 638 3043 690 οὐκ
3097 638 3298 700 αὐτοὺς
3350 639 3570 709 μόνους,

1993 728 2133 781 ἀλλά
2165 728 2261 783 καὶ
2291 732 2388 791 τὰς
2417 729 2587 791 ἄλλας
2616 730 2802 793 πάσας
2837 731 3046 793 πόλεις.
3100 730 3266 784 Ὅθεν
3309 733 3404 784 καὶ
3452 734 3575 784 εισ-

1992 820 2245 885 εδέξαντο
2286 821 2580 889 προθύμως
2628 824 2693 875 ὲκ
2736 825 2834 889 τῆς
2869 822 3031 875 Λίνου
3052 823 3375 891 ἀφιγμένον.
3411 824 3577 876 Βασι-

1993 911 2119 972 λεὺς
2158 910 2216 962 δὲ
2251 911 2439 979 ὀλίγας
2496 913 2709 982 ἡμέρας
2774 913 3139 984 Διδυμοτείχῳ
3193 914 3572 984 ἐνδιατρψας,

1995 1001 2209 1070 ἀπῆρεν
2233 1001 2446 1053 ἐκεῖθεν
2473 1002 2555 1064 εἰς
2594 1002 2911 1064 Βυζάντιον.
2936 1003 3033 1054 καὶ
3065 1003 3443 1071 συνδιέτριψεν
3472 1003 3576 1055 οὐκ

1995 1091 2178 1159 ὀλίγον
2224 1092 2413 1161 χρόνον
2441 1092 2658 1161 βασιλεῖ
2684 1093 2761 1163 τῷ
2806 1094 3066 1163 κηδεστῇ,
3110 1094 3349 1164 μάλιστα
3392 1096 3577 1162 ἀκμά-

1996 1180 2183 1244 ζοντος
2230 1182 2353 1234 τότε
2397 1184 2494 1237 τοῦ
2550 1184 2846 1238 Λατινικοῦ
2879 1186 3148 1253 πολέμου.
3193 1186 3457 1247 Βασιλεὺς
3513 1187 3574 1238 δέ

1994 1274 2022 1325 ό
2058 1275 2518 1344 Καντακουζηνὸς
2562 1277 2719 1338 εἰδὼς
2766 1278 2847 1348 τῷ
2877 1296 2938 1330 τε
2990 1279 3092 1349 υίῷ
3136 1278 3428 1350 Ματθαίῳ,
3480 1280 3576 1331 καὶ

1998 1364 2208 1435 βασιλεῖ
2256 1366 2336 1436 τῷ
2389 1367 2624 1435 γαμϐρῷ
2679 1369 2945 1441 διαφορᾶς
3004 1387 3158 1435 τινας
3216 1370 3385 1432 οὔσας
3441 1369 3578 1440 πρὸς

1996 1455 2294 1524 ἀλλήλους,
2357 1458 2469 1510 δεῖν
2525 1460 2668 1526 ἐγνω
2721 1462 2980 1513 κάκεῖνον
3047 1461 3575 1530 μεταπεμψάμενος,

1996 1545 2232 1600 διαλύειν
2267 1550 2364 1611 τὰς
2397 1536 2664 1619 διαφοράς
2712 1552 2896 1613 αὐτοῖς
2934 1553 3111 1605 πάντα
3139 1555 3457 1617 ἐξειπόντος
3488 1553 3577 1606 ἐπ’

2000 1638 2166 1691 αὐτοῦ
2215 1640 2315 1692 ὅσα
2363 1641 2616 1710 ἀλλήλοις
2650 1645 2854 1698 οἴονται
2904 1649 3433 1716 προσκεκρουκέναι.
3470 1648 3579 1699 Καὶ

1998 1732 2090 1785 τόν
2118 1748 2177 1784 τε
2207 1733 2326 1784 υἱὸν
2361 1735 2741 1818 μετεκαλεῖτο,
2792 1739 2888 1789 καὶ
2936 1738 3164 1806 βασιλέα
3204 1738 3296 1791 τον
3326 1739 3580 1809 γαμϐρὸν

2000 1825 2409 1894 παρακατεῖχεν
2439 1825 2511 1889 ὡς
2535 1826 2756 1895 βεϐαίας
2783 1829 2967 1891 αὐτοῖς
2992 1829 3294 1899 θησόμενος
3332 1832 3429 1893 τὰς
3459 1831 3582 1883 δια-

1999 1911 2204 1976 λύσεις.
2249 1913 2309 1967 Ὀ
2343 1916 2442 1984 μὲν
2472 1914 2565 1969 οὖν
2602 1917 2750 1979 υίὸς..
2776 1918 2902 1988 ἄρτι
2937 1919 3035 1987 τὴν
3073 1921 3357 1990 Ἀδριανοῦ
3383 1938 3582 1990 παρει-

2000 2004 2210 2073 ληφὼς,
2242 2007 2335 2059 καὶ
2370 2006 2469 2069 τὰς
2512 2009 2646 2076 περ)⁸
2680 2009 2848 2076 αὐτὴν
2879 2010 3137 2079 πολίχνας
3192 2011 3457 2081 βασιλέως
3488 2010 3583 2064 τοῦ

2002 2095 2209 2166 πατρὸς
2255 2097 2715 2167 ἐγκεχειρικότος,
2770 2101 2869 2153 καὶ
2899 2102 3028 2173 περὶ
3054 2102 3155 2172 τὴν
3194 2102 3419 2158 ἐκείνων
3449 2105 3585 2174 πρόο

2002 2202 2153 2238 νοιαν
2211 2187 2609 2257 ὴσχολημένος,
2669 2190 2942 2261 ὑστέρησε
2997 2193 3139 2245 κατά
3192 2193 3253 2247 τὸ
3313 2193 3587 2263 βασιλέως

2003 2278 2331 2347 πρόσταγμα
2367 2280 2447 2341 είς
2489 2277 2781 2342 Βυζάντιον
2815 2281 3011 2346 ἐλθεῖν,
3043 2284 3273 2353 γνώμην
3323 2284 3465 2355 ἔχων
3504 2285 3583 2347 ὡς

2002 2370 2329 2439 ἀφιξόμενος
2358 2371 2523 2442 ὀλίγῳ
2577 2376 2827 2443 ὕστερον.
2891 2375 3168 2438 Βασιλέως
3213 2376 3271 2428 δέ
3319 2376 3415 2429 τοῦ
3459 2378 3580 2429 νέου

2006 2462 2143 2529 πρὸς
2178 2461 2276 2525 τὰς
2315 2463 2812 2535 ἐγκεχειρισμένας
2865 2466 3051 2529 πόλεις
3086 2467 3245 2536 ἥκειν
3295 2468 3586 2533 ἐπειγομέ-

2004 2570 2117 2617 νου,
2150 2553 2456 2623 ἐπέτρεπεν
2482 2556 2511 2607 ό
2550 2556 2805 2626 βασιλεὺς
2840 2558 2942 2628 τὴν
2987 2558 3184 2623 ἔξοδον,
3225 2562 3342 2623 ταῖς
3393 2560 3585 2629 προτέ-

2007 2664 2129 2714 ραις
2170 2648 2412 2710 πόλεσιν,
2448 2651 2515 2711 ἀς
2545 2650 2698 2719 αὐτῷ
2736 2651 2939 2719 ἐφῆκεν
2970 2653 3184 2721 ἄρχειν,
3220 2657 3313 2705 καὶ
3346 2654 3584 2720 Διδυμό-

2005 2754 2185 2806 τειχον
2223 2740 2485 2808 προσθείς
2512 2759 2526 2772 ·
2576 2741 2799 2809 Ἑλένην
2827 2759 2887 2793 τε
2923 2743 3168 2811 βασιλίδα
3209 2749 3306 2813 τὴν
3342 2744 3587 2813 γαμετὴν

2006 2829 2307 2896 ἐπέτρεπεν
2338 2830 2488 2899 αὐτῷ
2532 2832 2884 2892 συνέπεσθαι,
2914 2832 3174 2902 Μανουὴλ
3203 2834 3295 2886 τὸν
3322 2833 3589 2902 νεώτερον

2007 2919 2235 2987 ἔχουσαν
2265 2921 2375 2973 τῶν
2402 2924 2536 2975 υἱῶν
2558 2939 2572 2954 ⁸
2620 2924 2963 2994 Ἀνδρόνικον
2984 2926 3040 2978 δὲ
3074 2926 3302 2995 βασιλέα
3330 2927 3418 2978 τὸν
3449 2927 3587 2990 υἱὸν,

2006 3016 2103 3064 ναὶ
2150 3014 2386 3083 Εἰρήνην
2423 3014 2521 3085 τὴν
2559 3016 2833 3087 θυγατέρα
2870 3018 3022 3086 παρά
3056 3017 3293 3085 βασιλίδι
3332 3019 3593 3087 κατελίμ-

2011 3122 2180 3157 πανεν
2207 3107 2573 3175 ἐκτρέφεσθαι
2620 3111 2686 3176 τῇ
2722 3110 2925 3180 μάμμῃ
2972 3110 3294 3177 φιλοτίμως.
3325 3109 3590 3162 Μέλλοντι

2009 3195 2065 3247 δὲ
2089 3196 2345 3265 ἀπαίρειν
2373 3197 2473 3267 ἤδη
2510 3197 2589 3267 τῷ
2643 3199 2750 3266 νέῳ
2803 3198 3034 3267 βασιλεῖ,
3080 3197 3218 3252 ἄλλα
3262 3216 3320 3251 τε
3357 3197 3590 3268 παρῄνει

2014 3286 2265 3355 βασιλεὺς
2299 3290 2325 3340 ὁ
2366 3290 2659 3359 κηδεστὴς,
2705 3290 2796 3343 καὶ
2834 3291 2970 3359 πρὸς
3009 3291 3101 3343 τὸν
3133 3290 3388 3359 γυναικδς
3433 3290 3591 3342 ἀδελ-

2015 3377 2114 3443 φὸν
2135 3379 2338 3446 μηδένα
2362 3380 2597 3445 πόλεμον
2628 3383 2824 3444 κινεῖν,
2886 3382 3021 3450 μηδέ
3055 3386 3242 3445 κακοῖς
3272 3382 3595 3453 πειθόμενον

2017 3469 2362 3537 συμσούλοις,
2405 3472 2664 3541 πολέμιον
2698 3475 2961 3537 ἐκεῖνον,’
2992 3474 3160 3544 μηδὲν
3191 3473 3437 3543 νομίζειν
3480 3475 3595 3527 ἀδι-

2016 3556 2236 3613 κοῦντα.
2276 3560 2494 3634 Βέλτιον
2539 3561 2643 3629 μὲν
2673 3563 2780 3633 γὰρ
2816 3560 2956 3616 εἶναι
2987 3564 3389 3634 περιμείναντα
3430 3565 3592 3618 αὐτὸν

2015 3648 2174 3717 ἄχρις
2205 3650 2271 3702 ἂν
2305 3632 2572 3721 ἀφίκηται
2627 3632 2835 3717 ἐκεῖνος
2883 3654 3037 3708 λύειν
3064 3632 3182 3709 ἐπ’
3217 3656 3383 3710 αὐτοῦ
3443 3660 3495 3710 εί
3538 3673 3590 3709 τι

2019 3742 2374 3810 μικροψύχως
2404 3744 2541 3814 πρὸς
2598 3746 2865 3814 ἀλλήλους
2916 3748 3299 3817 διηνέχθησαν.
3359 3749 3511 3803 Ἐπεὶ
3544 3748 3590 3801 δ’

2016 3832 2292 3900 ἀναγκαία
2330 3825 2425 3889 καὶ
2455 3838 2930 3906 περισπούδαστος
2956 3839 3105 3909 αὑτῴ
3136 3842 3170 3908 ἡ
3207 3838 3409 3905 ἔξοδος,
3432 3838 3594 3901 αὐτός

2017 3936 2076 3973 τε
2104 3921 2385 3986 ἀδυνάτως
2414 3924 2528 3994 εχει
2560 3925 2649 3979 διὰ
2674 3927 2765 3978 τὸν
2794 3926 2932 3996 πρὸς
2963 3928 3226 3989 Λατίνους
3272 3927 3508 3997 πόλεμον
3532 3928 3598 3979 τὺ

2018 4011 2114 4067 νῦν
2134 4013 2262 4083 ἕχον
2286 4015 2370 4078 είς
2403 4016 2628 4087 Θρᾴκην
2659 4018 2981 4086 ἀφικέσθαι,
3013 4022 3110 4072 καὶ
3137 4019 3474 4074 διαλλάττειν
3503 4021 3600 4072 αὖ-

2018 4106 2148 4169 τοὺς
2197 4106 2473 4178 ἀλλήλοις,
2538 4110 2708 4180 μηδὲν
2765 4114 2939 4164 κινεῖν
3005 4112 3116 4165 τῶν
3173 4112 3600 4179 καθεστηκότων

2020 4194 2179 4266 ἄχρις
2205 4196 2273 4250 ἂν
2300 4199 2508 4269 Εἰρήνη
2539 4202 2570 4267 ἡ
2613 4198 2827 4268 βασιλὶς
2870 4202 2903 4269 ἡ
2948 4200 3134 4271 μήτηρ
3176 4204 3258 4264 εἰς
3288 4200 3603 4271 Διδυμότει-

2022 4305 2117 4357 χον
2146 4288 2476 4359 ἀφικομένη,
2532 4292 2713 4343 πᾶσαν
2767 4291 3042 4362 πρόφασιν
3094 4293 3332 4361 πολέμου
3362 4293 3458 4346 καὶ
3507 4312 3601 4362 μι-

2021 4379 2327 4449 κροψυχίας
2357 4381 2605 4451 περιέλῃ.
2643 4381 2882 4435 Τοιαῦτα
2915 4385 3256 4453 παραινέσας
3290 4385 3318 4437 ὁ
3344 4383 3600 4454 βασιλεὺς

2016 4469 2111 4522 τὸν
2151 4469 2293 4533 νέον,
2329 4468 2617 4541 ἐξέπεμπε
2673 4472 2814 4541 μετὰ
2850 4471 2952 4540 τῆς
2990 4472 3268 4539 γυναικός.
3303 4470 3460 4523 Μετά
3504 4487 3601 4539 μι-

2016 4560 2150 4630 κρὸν
2169 4561 2225 4613 δέ
2252 4562 2347 4614 καὶ
2372 4561 2619 4631 βασιλίδα
2644 4564 2883 4632 Εἰρήνην
2908 4563 3008 4627 τὴν
3036 4561 3309 4633 γαμετὴν,
3343 4562 3602 4615 ἐκέλευεν

2018 4653 2099 4715 εἰς
2129 4652 2518 4723 Διδυμότειχον
2566 4654 2935 4723 ἀφικομένην,
2975 4653 3317 4708 διαλλάττειν
3346 4653 3439 4705 τὸν
3484 4654 3602 4706 υἱὸν

2018 4742 2258 4813 γαμϐρῷ
2292 4744 2370 4811 τῷ
2417 4744 2653 4813 βασιλεῖ.
2692 4743 3087 4816 Συνεξέπεμπε
3133 4743 3191 4797 δέ
3219 4745 3317 4798 καὶ
3347 4744 3602 4797 Φιλόθεον

2018 4834 2111 4888 τὸν
2157 4835 2489 4905 Ἡρακλείας
2515 4836 2947 4907 μητροπολίτην,
2976 4837 3071 4890 καὶ
3106 4837 3481 4906 Μητροφῶην
3510 4837 3603 4887 τὶν

2021 4926 2345 4994 Μελενίκου,
2386 4928 2586 4999 ἄνδρας
2635 4929 2730 4982 καὶ
2783 4928 2885 4999 βίῳ
2913 4929 3010 4982 καὶ
3066 4927 3209 4997 λόγῳ
3249 4932 3363 4990 τοῖς
3402 4926 3604 4993 ὁρῶσιν

2025 5016 2189 5080 ὄντας
2222 5018 2527 5090 ἀξιόχρεως
2561 5021 2700 5090 πρὸς
2751 5020 2906 5073 αίδὼ.
2954 5018 3099 5089 Πρὸς
3147 5020 3361 5080 τούτοις
3408 5019 3466 5070 δὲ
3508 5019 3603 5069 καὶ

2022 5112 2188 5180 Φιλῆν
2223 5111 2315 5166 τὸν
2353 5112 2607 5182 Ἰωάννην
2643 5112 2778 5166 ὄντα
2818 5112 2929 5165 τῶν
2957 5110 3327 5180 εὐπατριδῶν,
3358 5110 3424 5163 δι’
3472 5111 3604 5180 ἀρε-

2023 5209 2124 5275 si};
2161 5204 2219 5257 δὲ
2252 5205 2348 5257 καὶ
2399 5204 2727 5273 φιλοσοφίαν
2773 5203 2916 5274 βίου,
2968 5204 3188 5257 πάντων
3223 5204 3605 5271 ἀποσχόμενον

2026 5293 2392 5363 πραγμάτων,
2448 5294 2544 5348 καὶ
2586 5293 2922 5364 σχολάζοντα
2961 5296 3074 5355 τοῖς
3120 5294 3285 5357 οἴκοι,
3334 5294 3429 5346 καὶ
3467 5294 3606 5362 πρό-

2027 5402 2177 5439 νοιαν
2207 5385 2414 5457 πολλὴν
2435 5386 2766 5463 ποιούμενον
2799 5386 3075 5458 σώφρονος
3104 5386 3222 5456 βίου
3251 5386 3343 5437 καὶ
3368 5383 3603 5467 δικαίου.

2031 5479 2184 5549 Ἀμα
2239 5479 2341 5548 μὲν
2398 5479 2886 5544 σννδιαλλάξοντας
2931 5481 3072 5552 αὐτῇ
3131 5479 3381 5541 καὶτοὺς
3428 5479 3605 5544 υἱοὺς.

2032 5568 2148 5639 ἅμα
2178 5570 2234 5624 δὲ
2265 5569 2403 5640 αὐτῇ
2462 5571 2557 5624 καὶ
2613 5570 2900 5641 μάρτυρας
2942 5571 3255 5639 ἐσομένους,
3304 5570 3351 5621 ει
3388 5567 3467 5639 μὴ
3502 5569 3608 5637 τὴν

2037 5662 2162 5731 ἴσην
2195 5660 2433 5733 σπουδὴν
2466 5662 2522 5715 ἐν
2567 5663 2907 5733 ἀμφοτέροις
2941 5660 3291 5727 ἐπιδείξαιτο,
3318 5657 3460 5714 ὥστε
3502 5673 3609 5730 μη-
