3964 6210
393 317 510 384 255

1596 303 1924 367 JOANNIS
1960 301 2479 365 CANTACUZENI

3520 305 3642 380 256

394 447 501 487 nus
530 428 738 484 nefarie
785 427 1023 482 ablatum
1062 422 1163 478 sibi
1210 422 1431 485 habeat,
1466 422 1621 487 cujus
1667 417 1986 474 insidiato-i

2085 417 2246 487 τρῲαν
2274 417 2658 483 ἀνασώζεσθαι
2695 419 2890 491 ἀρχὴν,
2935 418 3135 483 ἀδίκως
3170 419 3275 474 ὑπὸ
3317 419 3641 476 Καντακουο

398 538 535 588 rem,
572 529 1018 589 captatoremque
1045 515 1215 568 lilium
1265 513 1587 573 instituerit,
1618 512 1762 565 haud
1809 510 1959 574 labo-

400 611 546 664 riose
588 606 901 676 recuperari
937 620 1119 674 posse.
1164 605 1296 658 Nam
1336 604 1412 657 illi
1450 602 1783 665 provinciam
1815 614 1963 656 com-

403 700 619 753 mittere
644 700 743 759 sic,
783 707 841 751 ut
870 696 1077 750 referre
1116 697 1359 751 rationes
1397 711 1502 749 non
1536 703 1783 764 cogatur,
1814 693 1963 748 aliud

400 790 536 843 nihil
566 787 725 851 velle,
772 802 933 854 quam
987 785 1166 854 ipsum
1214 800 1433 854 quoque
1479 785 1659 854 aliqua
1711 800 1776 837 ex
1814 794 1966 853 parte

403 882 783 952 imperatorem
831 894 950 934 esse
980 894 994 932 :
1027 877 1501 947 admoneliantque
1565 893 1633 932 ne
1679 877 1966 947 antagonl-

402 983 537 1026 stam
574 970 922 1025 corroborari
985 970 1213 1031 sineret,
1267 970 1361 1023 sed
1398 984 1428 1022 a
1474 968 1744 1038 principio
1784 968 1966 1023 statim

403 1062 812 1131 comprimeret.
849 1060 1058 1125 Quibus
1087 1061 1407 1115 auscultans
1430 1100 1445 1122 ,
1499 1061 1553 1115 in
1580 1059 1779 1114 bellum
1806 1075 1966 1129 aper-

406 1163 516 1205 tum
546 1153 751 1220 erupit.
803 1152 921 1205 Mox
973 1150 1122 1213 enim
1154 1151 1425 1220 quidquid
1475 1160 1595 1206 erat
1646 1151 1879 1205 militum
1913 1151 1968 1205 in

407 1243 638 1298 urbibus
668 1238 805 1313 quas
838 1243 1080 1308 tenebat,
1110 1243 1445 1298 contrahens
1469 1284 1483 1308 ,
1516 1252 1572 1297 et
1599 1258 1724 1296 cum
1759 1242 1828 1297 iis
1870 1258 1970 1312 op-

408 1334 536 1401 pida
578 1336 755 1389 soceri
788 1334 1073 1397 invadens,
1110 1350 1217 1388 non
1253 1349 1445 1403 pauca,
1476 1335 1730 1388 (tumibus
1755 1334 1820 1389 ad
1844 1350 1969 1389 eum

407 1425 647 1477 libenter
693 1423 1098 1486 deﬁcientibus,
1153 1432 1208 1479 et
1259 1426 1564 1478 mutatione
1598 1424 1807 1479 domini
1840 1439 1975 1493 gau-

409 1514 690 1577 dentibus,
721 1529 833 1567 suze
868 1514 1154 1583 potestatis
1180 1514 1329 1568 fecit.
1361 1513 1565 1569 Deinde
1599 1523 1656 1568 et
1678 1515 1970 1568 Pcrsarmn

410 1604 675 1657 advocato
702 1605 944 1671 auxilio,
997 1606 1090 1674 qui
1152 1606 1302 1673 prius
1358 1606 1644 1658 castellum
1698 1606 1972 1674 quoddam

414 1694 661 1749 Thracia!
686 1737 699 1757 ,
733 1696 971 1766 Zympen
1000 1698 1222 1750 nomine
1244 1738 1259 1759 ,
1286 1706 1621 1765 occuparant
1646 1736 1660 1760 ,
1701 1697 1754 1750 in
1786 1697 1975 1766 conju-

412 1787 497 1854 gis
524 1803 635 1841 suae
666 1786 886 1841 fratrem
921 1802 1145 1856 prorsus
1180 1788 1451 1841 insontem
1490 1789 1661 1842 movit
1692 1807 1705 1842 :
1735 1805 1799 1843 ac
1824 1789 1974 1858 prius
2005 1759 2049 1815 Β

417 1880 583 1933 nrbes
622 1880 741 1949 ejus
799 1895 904 1932 non
939 1879 1110 1933 invite
1168 1895 1226 1934 se
1269 1880 1571 1942 dedentes,
1624 1883 1789 1949 cepit.
1837 1882 1975 1934 Tum

415 1968 824 2037 Adrianopulim
854 1968 1091 2022 venienti
1116 1984 1305 2022 omnes
1339 1980 1508 2037 portae
1538 1984 1566 2021 a
1597 1968 1795 2037 populo
1821 1983 1981 2037 aper-

418 2069 484 2109 tae
541 2068 688 2111 sunt.
720 2058 1005 2113 Mattlneus
1056 2057 1425 2127 NicephOrum
1457 2059 1977 2125 sebastocratorem,

413 2147 855 2202 Cantacuzenum
886 2158 1159 2217 patruum,
1192 2159 1248 2203 et
1278 2151 1415 2203 alios
1443 2149 1708 2225 quosdam
1740 2149 1978 2218 optirna-

418 2246 498 2290 tes
518 2252 708 2292 secum
762 2240 968 2293 habens
990 2280 1003 2299 .
1038 2255 1217 2293 artem
1238 2282 1252 2304 ,
1299 2241 1385 2293 cui
1416 2241 1570 2309 prius
1614 2249 1976 2302 commeatum

416 2328 788 2396 imposuerat,
825 2345 1138 2398 quamque,
1198 2338 1255 2383 ut
1306 2326 1499 2395 licuit,
1566 2331 1979 2401 diligentissime

416 2422 870 2474 communiverat.
914 2421 1150 2484 insedit,
1188 2422 1463 2490 missoque
1497 2421 1563 2475 ad
1596 2431 1805 2490 patrem
1840 2418 1982 2473 nun-

422 2508 517 2567 tio,
550 2524 607 2561 se
637 2525 666 2561 a
698 2525 898 2578 genero
952 2510 1123 2578 ipsius
1158 2510 1445 2563 obsidione
1489 2511 1674 2564 vallari
1705 2510 1977 2581 signiliea-

419 2597 514 2649 vit.
578 2598 881 2667 Imperator
934 2608 1114 2652 autem
1175 2600 1507 2668 Palasologus
1566 2616 1686 2653 eam
1733 2600 1982 2669 quotidie

419 2702 629 2739 summa
663 2702 786 2755 ope,
826 2687 1253 2741 succedentibus
1307 2688 1540 2741 invicem
1579 2688 1844 2742 militibus
1885 2704 1982 2757 ορ·
2018 2693 2027 2701 ’

422 2762 719 2846 pugnabat.
760 2776 1068 2831 Maturabat
1099 2778 1268 2840 enim,
1302 2779 1619 2847 priusquam
1646 2784 1802 2832 socer
1830 2778 1985 2832 veni-

422 2877 531 2925 ret.
581 2881 700 2919 eam
752 2869 1027 2936 subigere.
1064 2867 1449 2919 Verumtamen
1494 2866 1590 2934 qui
1645 2865 1792 2918 intus
1822 2871 1984 2918 erant

425 2960 639 3012 l'uititer
695 2974 792 3027 pro
835 2975 897 3013 ea
955 2959 1431 3028 propugnantibus
1462 3000 1475 3022 ,
1526 2967 1580 3011 et
1639 2956 1981 3010 obsidionem

424 3049 851 3118 perferentibus,
886 3050 1161 3105 incassum
1191 3050 1490 3104 laborabat.
1524 3049 1761 3118 Populus
1791 3048 1985 3101 Adria-

426 3142 773 3211 nopulitanns
830 3161 937 3197 non
990 3144 1162 3197 solum
1213 3142 1447 3197 assiduis
1492 3107 2057 3211 Oppugnationibusc

428 3235 774 3306 imperatoris
805 3234 915 3287 lilio
964 3234 1203 3288 inSIabat
1236 3251 1249 3286 :
1288 3234 1381 3288 sed
1440 3242 1495 3287 et
1556 3232 1806 3286 comitiis
1836 3231 1985 3285 illum

427 3337 482 3379 et
507 3327 751 3381 dieteriis
778 3325 1172 3381 contumeliose
1211 3326 1519 3394 appetebat.
1555 3323 1784 3389 Quidam
1821 3324 1985 3377 etiam

428 3416 481 3468 in
519 3416 669 3469 illum
704 3415 1212 3468 malevolentissimi
1260 3414 1510 3468 acerbius
1547 3415 1595 3467 ei
1638 3423 1694 3468 et
1749 3413 1988 3467 illiberao

428 3508 535 3560 lius
569 3506 987 3560 maiedicvbant.
1033 3505 1448 3561 Cantacuzenus
1503 3506 1593 3559 ubi
1628 3507 1800 3558 lilium
1840 3503 1990 3558 obsi-

427 3600 544 3652 deri
581 3599 868 3663 intellexit,
898 3600 1008 3665 jam
1045 3610 1171 3651 ante
1202 3598 1266 3652 ad
1304 3598 1408 3651 iter
1436 3609 1680 3667 paratus,
1715 3598 1986 3652 Adriano-

429 3691 592 3757 polim
624 3706 842 3743 manum
876 3690 1283 3753 Romanorum,
1326 3689 1379 3741 in
1431 3690 1630 3758 quibus
1663 3689 1711 3742 ei
1755 3690 1987 3742 maxima

430 3782 623 3835 lidueia
651 3822 664 3840 .
718 3792 771 3835 et
808 3783 997 3834 Persas
1035 3797 1258 3851 paucos,
1289 3798 1429 3850 quos
1462 3776 1672 3851 roganti
1712 3782 1991 3843 Orchanes

428 3888 594 3941 gener
621 3876 877 3937 miserat,
908 3888 970 3925 ac
994 3884 1192 3940 pra-ter
1226 3874 1326 3925 hos
1365 3874 1646 3927 cohortem
1685 3890 1750 3927 cx
1782 3873 1988 3928 Catala-

428 3963 549 4017 nis.
601 3962 692 4031 qui
732 3978 793 4014 ex
828 3962 1144 4015 triremibus
1193 3963 1433 4033 Byzantii
1484 3972 1876 4029 remanserant,
1907 3979 1996 4018 se-

428 4069 553 4106 cum
592 4052 799 4106 habens
832 4053 1088 4105 accurrit.
1122 4054 1480 4123 Palieulugus,
1526 4068 1775 4109 socerum
1803 4057 1997 4110 ailver~

431 4158 526 4196 sus
576 4156 634 4195 sc
681 4141 938 4195 infestum
970 4142 1154 4196 venire
1212 4158 1575 4210 cognoscens,
1611 4158 1734 4199 cum
1788 4160 1883 4213 par
1924 4143 1991 4200 ad

431 4248 664 4303 pugnam
694 4248 802 4287 non
834 4243 998 4296 esset,
1030 4234 1193 4305 842
1221 4247 1276 4289 et
1302 4251 1397 4288 arx
1433 4235 1701 4291 acerrime
1730 4236 1988 4291 defende-

432 4334 604 4385 retur,
648 4322 973 4393 timeretque
1013 4341 1078 4379 ne
1129 4325 1379 4394 protinus
1434 4327 1566 4383 urbs
1604 4338 1990 4398 occuparetur,

2065 509 2229 580 ζηνοῦ
2260 509 2354 562 τοῦ
2385 510 2652 580 βασιλέως
2678 512 3066 584 ἀφῃρημένην,
3095 513 3191 567 καὶ
3213 512 3379 566 αὐτοῦ
3397 529 3457 565 τε
3482 512 3641 583 έχον-

2064 617 2178 664 τος,
2213 601 2307 654 καὶ
2330 600 2422 654 τὸν
2454 600 2568 654 υίδν
2599 601 2823 671 ἔφεδρον
2858 601 3249 665 καθιστῶντος.
3279 601 3355 655 T6
3385 603 3496 673 γὰρ
3538 605 3641 656 ἀν-

2067 689 2371 745 υπεύθυνον
2411 692 2558 761 αὐτῷ
2588 694 2850 763 παρέχειν
2881 693 2979 763 τὴν
3005 693 3203 763 ἀρχὴν,
3229 691 3287 747 ἐί
3331 693 3460 748 ἄλλο
3498 691 3645 748 εἶναι

2066 780 2099 850 ἢ
2134 779 2358 849 βασιλέα
2392 785 2491 836 καὶ
2536 783 2699 836 αὐτὸν
2732 779 2791 836 έν
2841 784 2998 852 μέρει
3032 778 3198 837 εἶναι.
3248 783 3534 855 Παρῄνουν
3576 803 3647 839 τε

2070 869 2145 942 μὴ
2173 871 2265 924 τὸν
2293 872 2701 942 ἀνταγωνιστὴν
2748 875 2842 941 si»;
2871 872 3220 938 αὐξάνεσθαι,
3254 874 3393 929 ἀλλά
3445 876 3650 929 καθαι-

2069 963 2186 1027 ρεῖν
2237 960 2397 1024 εὐθὺς
2426 961 2687 1031 ὲξαρχῆς.
2747 958 2841 1024 Οἷς
2894 963 3234 1031 πειθόμενος,
3270 964 3520 1035 φανερῶς
3555 965 3648 1030 ἐξ-

2069 1051 2267 1119 ήνεγκε
2295 1050 2386 1103 τὸν
2402 1049 2655 1120 πόλεμον,
2684 1051 2880 1105 αὐτίκα
2904 1054 3012 1123 γὰρ
3033 1053 3131 1123 ὅση
3152 1048 3243 1121 ἦν,
3279 1055 3397 1116 ταῖς
3422 1056 3649 1108 πόλεσιν

2069 1132 2144 1192 ὧν
2171 1134 2309 1210 ἦρχε
2336 1138 2598 1208 στρατιὰν
2635 1140 3028 1212 συνηθροικὼς,
3069 1144 3476 1214 ἐπεστράτευσε
3519 1150 3649 1211 ταῖς

2071 1228 2259 1282 πόλεσι
2293 1232 2413 1293 ταῖς
2441 1229 2666 1299 βασιλεῖ
2694 1231 2773 1301 τῷ
2821 1232 3057 1304 κηδεστῇ
3103 1233 3513 1311 ὑποκειμέναις,
3546 1242 3649 1291 καὶ

2072 1322 2446 1393 ὑπεποιήσατο
2468 1323 2567 1375 οὐκ
2590 1323 2799 1391 ὀλίγας,
2826 1325 3052 1378 πάντων
3068 1327 3367 1397 προθύμως
3388 1346 3647 1400 προσχω-

2075 1414 2331 1484 ροὺντων,
2365 1414 2460 1467 καὶ
2498 1415 2635 1483 πρὸς
2685 1416 2786 1487 τὴν
2827 1417 3133 1489 μεταϐολὴν
3187 1420 3356 1488 ἡδέως
3408 1420 3648 1475 διατιθε-

2062 1506 2278 1575 μένων.
2327 1507 2484 1559 Μετά
2538 1506 2696 1559 τοῦτο
2753 1508 2809 1559 δὲ
2863 1509 2957 1561 καὶ
2993 1511 3314 1579 συμμαχίαν
3364 1514 3649 1585 Περσικὴν

2079 1596 2572 1669 μεταπεμψάμενος
2596 1599 2715 1651 τότε
2742 1600 2957 1668 πρῶτον
2983 1600 3243 1670 φρούριόν
3272 1620 3324 1655 τι
3365 1606 3505 1657 κατὰ
3542 1606 3653 1676 τὴν

2075 1686 2299 1757 Θρᾴκην
2351 1689 2622 1758 Τζύμπην
2667 1692 3049 1760 κατασχόντων
3102 1697 3653 1767 προσαγορευόμενον

2079 1776 2156 1846 τῷ
2183 1778 2443 1846 γυναικὸς
2476 1781 2910 1849 ἐπεστράτευσεν
2944 1781 3159 1852 ἀδελφῷ
3204 1785 3478 1855 μηδεμίαν
3515 1791 3655 1859 πρό-

2080 1884 2248 1937 φασιν
2278 1871 2682 1941 παρεσχημένῳ
2710 1872 2847 1939 πρδς
2894 1873 2986 1924 τὸν
3027 1875 3281 1943 πόλεμον.
3321 1877 3428 1930 Καὶ
3459 1880 3555 1941 τάς
3588 1898 3654 1933 τε

2079 1961 2338 2029 πολίχνας
2372 1957 2482 2013 εἷλε
2528 1962 2792 2031 πρότερον
2819 1958 2895 2015 ὧν
2925 1959 3096 2034 ἦρχεν
3130 1966 3362 2036 ἑτοίμως
3395 1985 3656 2039 προσχω-

2081 2053 2299 2122 ρούσας.
2342 2055 2570 2106 Ἔπειτα
2629 2057 2721 2107 καὶ
2768 2055 2867 2124 τὴν
2910 2057 3195 2123 Ἀδριανοῦ
3247 2058 3438 2124 ἐλθὼν,
3476 2062 3657 2130 ἡδέως

2079 2142 2171 2195 τοῦ
2193 2144 2255 2209 δή
2265 2160 2365 2212 μου
2392 2145 2813 2213 ὑποδεχομένου,
2842 2149 2935 2200 καὶ
2958 2149 3139 2202 πᾶσαν
3158 2149 3397 2213 ἀνιέντος
3418 2153 3653 2208 εἴσοδον.

2079 2236 2353 2297 Ματοαῖος
2399 2236 2454 2288 δὲ
2504 2238 2531 2288 6
2566 2237 2661 2290 τοῦ
2699 2238 2963 2307 βασιλέως
3016 2241 3130 2303 υίὸς
3159 2241 3478 2312 Νικηφόρον
3511 2242 3659 2313 ἔχων

2082 2326 2559 2398 σεδαστοκράτορα
2591 2330 3049 2399 Καντακουξηνδν
3082 2330 3172 2384 τὸν
3202 2332 3343 2385 θεῖον
3390 2337 3487 2388 καὶ
3523 2336 3658 2388 ἑτέ-

2085 2431 2210 2483 ρους
2250 2416 2359 2469 τῶν
2402 2419 2532 2485 περὶ
2580 2418 2743 2470 αὑτὸν
2784 2420 3063 2487 ἀρίστους,
3112 2420 3206 2489 τὴν
3259 2420 3438 2491 ἄκραν
3471 2423 3654 2477 ἐλθὼν

2082 2505 2370 2577 κατέσχεν,
2404 2502 2473 2577 ἦν
2504 2508 2615 2576 γὰρ
2647 2509 2909 2577 πρότερον
2955 2511 3025 2564 τά
3066 2527 3124 2562 τε
3171 2512 3455 2581 ἐπιτήδεια
3499 2515 3655 2567 ἐνθέ-

2085 2612 2245 2665 μενος
2277 2598 2370 2649 καὶ
2395 2597 2561 2651 τάλλα
2590 2600 3064 2667 ἐπεσκευασμένος
3105 2602 3287 2664 καλῶς
3309 2602 3385 2665 ὡς
3414 2603 3657 2673 μάλιστα

2083 2688 2232 2756 ένῆν.
2266 2690 2524 2757 ’Ἐπεμπέ
2563 2706 2620 2742 τε
2672 2691 2768 2742 καὶ
2818 2691 2952 2759 πρὸς
3006 2692 3231 2761 βασιλέα
3282 2693 3373 2746 τὸν
3417 2696 3656 2766 πατέρα,

2083 2779 2206 2840 τοὺς
2260 2779 2602 2849 δηλώσοντας
2649 2782 2730 2833 ὅτι
2779 2782 2883 2834 ὑπὸ
2937 2784 3202 2851 βασιλέως
3253 2785 3346 2838 τοῦ
3394 2786 3658 2857 γαμϐροῦ

2087 2872 2449 2943 πολιορκοῖτο.
2481 2873 2738 2938 Βασιλεὺς
2763 2875 2819 2927 δὲ
2848 2876 2875 2927 6
2896 2876 3012 2939 νέος
3035 2877 3154 2928 ἐπεὶ
3184 2878 3283 2948 τὴν
3305 2877 3459 2930 πόλιν
3481 2874 3659 2949 εἶχεν,

2085 2961 2236 3031 ἄγων
2269 2963 2362 3015 τὸν
2413 2964 2608 3033 δῆμον,
2664 2965 2759 3016 καὶ
2806 2964 2903 3032 τὴν
2943 2965 3216 3035 ἑπομένην
3254 2969 3540 3036 στρατιὰν,
3560 2970 3662 3023 τὸν

2087 3056 2345 3123 γυναικὸς
2374 3057 2601 3124 ἀδελφὸν
2650 3057 2959 3125 ἐπολιόρκει
3000 3058 3136 3127 πρὸς
3189 3057 3290 3127 τὴν
3321 3058 3523 3128 ἄκραν,
3559 3063 3661 3115 καὶ

2088 3145 2446 3215 τειχομαχίας
2494 3148 2732 3198 ἐποιεῖτο
2780 3145 3102 3216 καθημέραν
3136 3148 3555 3217 καρτερωτάτας
3593 3152 3662 3206 ἐκ

2087 3236 2357 3305 διαδοχῆς.
2398 3237 2666 3288 Ἐσπευδε
2722 3238 2831 3305 γὰρ
2889 3239 3017 3307 πρὶν
3078 3237 3304 3307 βασιλέα
3359 3240 3517 3309 ἦκειν
3561 3241 3661 3294 τὸν

2090 3326 2357 3394 κηδεστὴν
2415 3326 2867 3396 παραστήσασθαι
2919 3326 3019 3395 τὴν
3070 3327 3266 3398 ἄκραν.
3329 3329 3538 3383 Ἀνύειν
3599 3331 3662 3384 δὲ

2087 3414 2354 3484 ἠδύναντο
2388 3416 2538 3467 οὐδὲν
2569 3416 2676 3467 τῶν
2718 3414 2863 3467 ἔνδον
2899 3405 3147 3484 εὐψύχως
3181 3415 3537 3484 ἀμυνομένων
3563 3420 3665 3471 καὶ

2092 3507 2230 3575 πρὸς
2258 3506 2358 3575 τὴν
2390 3506 2708 3575 πολιορκίαν
2742 3506 3173 3574 καρτερούντων.
3220 3505 3664 3571 Ἀδριανουπολι-

2089 3597 2201 3650 τῶν
2247 3596 2303 3649 δὲ
2341 3599 2368 3649 6
2411 3597 2618 3665 δῆμος,
2669 3596 2729 3649 οὑ
2792 3597 2951 3664 μόνον
3001 3596 3344 3665 τειχομαχῶν
3384 3598 3660 3667 ὁσημέραι

2090 3686 2329 3757 λυπηρὸς
2356 3686 2433 3756 τῷ
2464 3685 2725 3757 βασιλέως
2753 3682 2822 3754 ἦν
2842 3686 2967 3754 υἱῷ,
2993 3686 3129 3739 ἀλλὰ
3158 3688 3255 3738 καὶ
3276 3688 3660 3740 ἀποσκώπτων

2090 3781 2169 3841 είς
2202 3782 2428 3842 ἐκεῖνον,
2471 3780 2563 3830 καὶ
2600 3778 2736 3847 πρὸς
2780 3778 2937 3847 ὖὸριν
2972 3779 3439 3848 προσφερόμενος.
3483 3780 3658 3832 Ἔνιοι

2091 3870 2149 3923 δὲ
2180 3870 2358 3923 αὐτῶν
2390 3871 2505 3923 ὅσοι
2562 3870 2655 3922 καὶ
2714 3870 2950 3938 μάλιστα
2985 3869 3196 3934 δύσνως
3224 3864 3391 3941 εἶχον,
3425 3869 3516 3924 καὶ
3559 3888 3659 3922 πι-

2093 3960 2240 4031 κρῶς
2268 3960 2650 4036 ὲλοιδοροᾷντο,
2696 3962 2793 4015 καὶ
2845 3963 2982 4031 πρὸς
3047 3960 3233 4034 ὕϐρεις
3305 3963 3664 4033 ἐξετρέποντο

2094 4054 2506 4122 ἀνελευθέρους.
2541 4055 2996 4125 Καντακουζηνὺς
3044 4055 3099 4109 δὲ
3144 4058 3172 4110 6
3226 4055 3503 4126 βασιλεὺς,
3538 4058 3667 4109 ἐπεὶ

2095 4145 2319 4199 πύθοιτο
2360 4145 2816 4214 πολιορκούμενον
2873 4147 2965 4199 τὸν
3032 4146 3169 4210 υίὺν,
3232 4148 3326 4200 καὶ
3388 4149 3667 4219 πρότερον

2095 4236 2617 4305 παρεσκευασμένος
2663 4235 2738 4290 ὣν
2781 4234 2874 4288 ἐπὶ
2904 4238 3002 4305 την
3051 4235 3249 4301 ἔξοδον,
3292 4235 3488 4306 ἐχώρει
3518 4240 3667 4293 κατά

2094 4326 2258 4396 τάχος
2309 4326 2401 4379 ἐπὶ
2448 4328 2545 4396 τὴν
2589 4324 2907 4395 Ἀδριανοῦ’
2962 4326 3221 4394 στρατιάν
3267 4343 3327 4378 τε
3373 4327 3665 4397 Ῥωμαίων

433 4414 606 4484 pridie
634 4431 695 4468 ea
744 4415 929 4470 relicta
961 4416 1386 4470 Zcrnomiauutn
1430 4417 1643 4480 abiens,
1680 4434 1707 4472 a
1734 4420 1986 4488 praefecto

2096 4418 2245 4485 ἄγων
2273 4411 2353 4478 οἷς
2381 4416 2619 4486 μάλιστα
2648 4415 2897 4485 ἐθάρρει,
2929 4415 3022 4467 καὶ
3068 4406 3342 4485 Περσικὴν
3372 4415 3564 4487 ὀλίγην
3594 4420 3664 4488 ἢν

432 4506 754 4559 transditam
805 4508 1064 4562 obtinuit.
1117 4508 1248 4561 lude
1302 4507 1777 4578 Didymotichum,
1816 4512 1995 4567 Persis

430 4596 784 4664 Adrianopoli
813 4638 829 4662 ,
894 4612 992 4650 nec
1040 4598 1229 4666 paucis
1281 4599 1650 4653 Romanorum
1687 4600 1751 4654 ad
1802 4602 1993 4657 urbem

430 4685 846 4740 custodiendam
884 4687 1121 4753 relictis,
1143 4687 1423 4744 discessit.
1455 4691 1551 4744 Die
1578 4692 1827 4759 sequenti
1860 4693 1998 4746 Can-

434 4787 729 4832 tacnzenus
763 4792 827 4831 eo
854 4778 1081 4833 veniens
1103 4818 1117 4842 ,
1165 4794 1286 4833 cum
1340 4780 1586 4834 audisset
1641 4796 1903 4850 generum
1937 4798 1996 4838 se

433 4868 792 4938 proripuisse,
826 4885 923 4939 per
951 4870 1369 4924 caduceatorem
1410 4870 1557 4926 cives
1587 4873 1837 4928 hortatus
1889 4883 1995 4939 est,

435 4960 512 5012 uti
541 4959 607 5012 ad
633 4974 694 5013 se
724 4960 1060 5021 transirent,
1094 4961 1398 5031 urbemque
1448 4961 1732 5018 dederent.
1765 4963 1898 5017 Nam
1930 4980 1997 5018 ex

437 5050 643 5118 impetu
667 5050 1302 5116 animi-inconsiderato,
1332 5061 1386 5107 et
1421 5055 1638 5108 vesania
1680 5069 1776 5124 per
1807 5070 1864 5109 se
1892 5057 1997 5108 im-

435 5150 748 5209 peratorem
781 5143 1031 5210 ingressu
1063 5143 1439 5211 prohibituros
1463 5145 1734 5208 arbitrati,
1754 5146 1846 5199 alii
1872 5136 1998 5200 ante

440 5240 623 5298 portas
649 5232 845 5285 armati
876 5233 1093 5287 stabant
1118 5232 1423 5303 dispertitis
1456 5235 1766 5299 ordinibus,
1791 5235 2000 5289 admix-

436 5325 538 5376 stis
558 5321 721 5377 etiam
759 5324 939 5378 Persis
975 5318 1141 5380 sociis
1179 5342 1193 5379 :
1224 5326 1278 5379 in
1313 5327 1486 5380 muris
1524 5339 1703 5382 autem
1734 5327 1997 5397 sagittarii

437 5413 714 5481 dispositi,
747 5423 804 5469 et
834 5415 1163 5485 imperatore
1202 5416 1455 5470 hortante
1485 5417 1559 5469 uti
1591 5432 1649 5471 se
1691 5417 1996 5482 dederent,

442 5513 652 5557 tantum
710 5503 869 5559 abest
915 5514 972 5559 ut
1018 5514 1293 5575 parerent,
1327 5514 1386 5559 ut
1419 5515 1475 5559 et
1521 5521 1753 5575 pugnam
1789 5506 2000 5577 sagittis

437 5592 1090 5664 jaeiendis'ordirentur.
1131 5596 1377 5652 Gemens
1410 5596 1706 5666 imperator
1736 5599 2002 5652 adversus

437 5690 579 5744 adeo
608 5687 861 5757 stupidos
893 5689 1063 5744 armis
1087 5704 1227 5759 opus
1253 5704 1399 5755 esse,
1433 5688 1645 5761 signum
1675 5704 1868 5760 pugnae
1890 5690 1998 5755 dat,

2108 4506 2373 4577 ὀρχάνης
2405 4508 2432 4559 6
2459 4505 2707 4574 γαμϐρὸς
2730 4505 3033 4574 παρέσχετο
3059 4506 3361 4574 αἰτήσαντι.
3378 4506 3502 4559 Ἐπὶ
3533 4511 3662 4560 τού-

2094 4613 2209 4660 τοις
2249 4597 2305 4649 δὲ
2334 4596 2427 4648 καὶ
2457 4596 2609 4666 λόχον
2634 4596 2698 4647 ἐκ
2730 4595 3079 4662 Κατελάνων,
3109 4593 3158 4647 οἳ
3186 4595 3561 4660 ὑπελείποντο,
3604 4601 3665 4651 ἐν

2096 4688 2373 4758 Βυζαντίῳ
2402 4689 2510 4743 ἀπὸ
2539 4689 2647 4742 τῶν
2678 4690 2972 4759 τριήρεων.
3028 4688 3292 4750 Βασιλεὺς
3346 4688 3401 4741 δὲ
3450 4692 3477 4741 6
3515 4691 3661 4755 νέος,

2098 4785 2220 4837 ἐπεὶ
2272 4783 2497 4837 πύθοιτο
2556 4782 2779 4847 βασιλέα
2833 4783 2882 4833 οἱ
2939 4782 3159 4834 ἐπιόντα
3221 4783 3315 4834 τὸν
3371 4782 3661 4851 κηδεστὴν,

2096 4871 2268 4932 ἄλλως
2299 4887 2357 4923 τε
2386 4870 2486 4923 οὐκ
2517 4870 2811 4939 ἀξιόμαχος
2833 4868 2928 4935 ὢν,
2961 4870 3055 4922 καὶ
3084 4870 3182 4938 τῆς
3216 4870 3392 4939 ἄκρας
3427 4870 3664 4936 μάλιστα

2097 4959 2490 5029 κατεχομένης,
2527 4959 2709 5020 δείσας
2752 4958 2827 5027 μὴ
2877 4956 3103 5010 αὐτόθεν
3153 4956 3355 5028 ῥᾳδίως
3388 4958 3664 5011 ἁλίσκοιτο

2100 5055 2132 5120 ἡ
2164 5052 2337 5115 πόλις,
2384 5051 2650 5119 πρότερον
2684 5050 2869 5120 ἡμέρᾳ
2904 5050 3003 5120 μιᾷ
3056 5048 3389 5113 καταλιπὼν,
3435 5054 3513 5111 είς
3561 5051 3664 5120 τὴν

2099 5143 2506 5213 Τζερνομιάνου
2530 5136 2655 5213 ἦκε,
2689 5142 2783 5195 καὶ
2807 5141 3039 5211 κατέσχε
3069 5140 3162 5193 τοῦ
3196 5140 3459 5210 ἄρχοντος
3487 5159 3664 5211 παραυ

2099 5234 2301 5295 δόντος.
2342 5233 2586 5286 Ἐκεῖθεν
2627 5231 2685 5286 δὲ
2734 5234 2812 5295 είς
2855 5231 3240 5301 Διδυμότειχον
3274 5231 3571 5302 ἀπεχώρει,
3604 5232 3666 5285 τό

2098 5340 2156 5376 τε
2192 5322 2460 5395 Περσικὸν
2491 5319 2803 5374 καταλιπὼν
2855 5321 2913 5372 ἐν
2955 5322 3021 5388 τῇ
3064 5319 3343 5390 Ἀδριανοῦ
3387 5320 3481 5372 καὶ
3523 5319 3675 5382 Ῥωτ

2105 5414 2298 5483 μαίους
2320 5412 2420 5465 οὐκ
2448 5411 2663 5480 ὀλίγους
2698 5410 2955 5479 φρουρεῖν
2978 5409 3074 5477 τὴν
3110 5409 3265 5461 πόλιν
3298 5407 3662 5479 στρατιώτας.

2103 5504 2200 5565 Et;
2249 5501 2348 5573 τὴν
2402 5501 2700 5570 ὑστεραίαν
2749 5499 2806 5553 δι
2859 5498 3307 5567 Καντακουξηνδς
3339 5499 3369 5551 6
3411 5494 3701 5568 βασιλεῦς⁹

2101 5594 2396 5664 γενόμενος
2446 5595 2505 5646 ὲν
2562 5589 2860 5662 Ἀδριανοῦ,
2904 5590 3026 5643 ἐπεὶ
3059 5588 3285 5643 πύθοιτο
3316 5588 3543 5659 βασιλέα
3572 5590 3665 5644 τὸν

2104 5686 2355 5758 γαμόρδν
2415 5682 2923 5756 ἀνακεχωρηκότα,
2976 5680 3196 5751 πέμψας
3249 5679 3484 5753 παρῄνει
3534 5680 3661 5747 τοὺς
