3964 6210
258 297 355 358 357

1378 284 1917 349 IIISTORIARUM
1959 285 2189 346 LIBER
2237 286 2334 347 IV.

3393 282 3499 345 27-8

262 405 483 466 πολίτας
516 398 863 473 προσχωρεῖν
898 396 1051 465 αὐτῷ
1078 395 1174 449 καὶ
1222 390 1323 466 τῆν
1357 396 1514 447 πόλιν
1548 394 1840 464 παραδιδό-

1952 394 2347 462 confestimque
2380 391 2622 447 Catalaui
2670 408 2767 462 per
2799 408 2978 447 arcem
3012 398 3151 445 intra
3193 395 3392 448 muenia
3417 394 3502 447 vi-

257 517 364 552 ναι.
412 494 533 565 Ὑφ’
565 491 749 563 ὁρμῆς
777 490 887 560 γὰρ
911 489 1106 557 ἀλόγου
1146 487 1240 541 καί⁵
1274 486 1656 557 παραπληξίας
1679 486 1828 537 ἀντι-

260 588 485 656 σχήσειν
518 584 799 653 οίηοέντες
841 580 977 649 πρὸς
1010 577 1236 646 βασιλέα
1271 578 1411 630 κατὰ
1446 579 1608 645 σφᾶς,
1640 576 1688 627 ot
1733 573 1832 641 μὲν

260 676 364 747 πρὸ
399 674 512 726 τῶν
538 670 724 724 πυλῶν
750 666 1085 737 ὡπλισμένοι
1119 664 1655 735 ἀντιπαρετάττοντο
1685 663 1835 731 ἔχονκ

260 784 347 827 τες
400 766 496 816 καὶ
524 762 737 830 Πέρσας
781 760 910 820 τοὺς
957 756 1312 825 συμμάχους·
1356 756 1446 807 ἐπὶ
1489 754 1600 805 τῶν
1638 754 1835 822 τειχῶν

258 859 311 912 δὲ
347 857 417 909 τὸ
454 853 741 924 γυμνικὸν,
777 850 873 903 καὶ
900 848 1161 918 βασιλέως
1214 846 1609 914 παραινοῦντος
1662 860 1835 911 προσ-

264 950 487 1019 χωρεῖν,
536 944 598 998 οὐ
653 943 815 1013 μόνον
867 940 969 992 οὐκ
1017 938 1317 999 ἐπείθοντο,
1356 937 1491 989 ἀλλὰ
1544 937 1638 988 καὶ
1668 931 1838 1005 ἦρχον

267 1041 474 1109 μάχης,
503 1034 779 1107 χρώμενοι
810 1031 1064 1095 τοξείαις.
1111 1030 1282 1099 Ὀρῶν
1307 1029 1360 1081 δὲ
1409 1030 1436 1079 ὀ
1479 1027 1730 1098 βασιλεὺς
1764 1025 1839 1087 ὡς

267 1132 451 1185 ὅπλων
480 1128 639 1197 χρεία
676 1125 812 1195 πρὸς
857 1122 1029 1184 οὓτως
1058 1118 1541 1188 ἀναισθητοῦντας,
1590 1118 1839 1186 σύνθημα

269 1218 666 1288 ἐδίδουμάχης
717 1218 832 1278 τοῖς
884 1214 1189 1283 σφετέροις.
1248 1212 1357 1263 Καὶ
1415 1211 1613 1263 αὐτίκα
1676 1209 1727 1260 οἶ
1782 1225 1839 1260 τε

267 1312 572 1365 Κατελάνοι
604 1308 691 1361 διὰ
720 1309 819 1376 τῆς
850 1307 1027 1379 ἄκρας
1054 1298 1196 1375 ἦσαν
1222 1303 1372 1364 ἐντὸς
1401 1302 1618 1370 τειχῶν,
1653 1301 1744 1353 καὶ
1782 1301 1841 1352 τὸ

269 1407 392 1458 ἄλλο
426 1406 749 1469 στρατευμα
800 1398 930 1461 τοὺς
984 1396 1089 1461 ἔξω
1137 1397 1657 1464 παρατεταγμένους
1693 1393 1843 1461 ἐτρέ-

268 1499 406 1565 ψατο
437 1494 699 1547 ἐπελθόν·
738 1492 835 1545 καὶ
885 1490 1140 1558 ἡλίσκετο
1191 1489 1225 1557 ἡ
1282 1487 1436 1548 πόλις
1477 1485 1838 1553 ἑκατέρωθεν.

271 1585 478 1651 Πέρσαι
530 1582 584 1633 δὲ
638 1580 688 1631 οἱ
731 1578 1011 1647 σύμμαχοι
1049 1575 1305 1635 ἐκείνοις,
1349 1573 1687 1642 συνορῶντες
1742 1570 1843 1639 ἤδη

272 1673 611 1744 ἡττημένους
640 1672 800 1731 ὅσους
838 1663 943 1720 οἷοί
973 1684 1031 1719 τε
1067 1661 1208 1735 ἦσαν
1232 1664 1343 1716 τῶν
1398 1663 1547 1730 σφίσι
1592 1678 1846 1713 συντετα-

1942 494 2142 539 suntur
2180 502 2194 538 :
2228 485 2429 553 quique
2458 485 2639 538 adhuc
2683 484 2818 540 foris
2840 494 2959 538 erat
3004 485 3299 549 exercitus,
3329 487 3501 540 aciem

1940 576 2007 629 de
2035 590 2143 643 qua
2172 574 2413 627 diximus
2444 574 2692 638 adortus,
2726 575 2976 643 dissipat,
3008 586 3061 628 et
3088 576 3141 628 in
3174 576 3353 641 fugam
3385 592 3505 628 ver-

1941 666 2038 729 tit;
2076 667 2146 719 ita
2177 667 2308 718 urbs
2340 666 2595 736 ulrinque
2638 666 2872 734 capitur.
2895 666 3034 719 Tum
3061 667 3259 727 Persre.
3282 668 3502 719 illurqu

1945 756 2104 816 socii,
2138 770 2194 807 se
2223 754 2330 823 jam
2386 755 2552 806 victos
2582 754 2941 823 aspicientes,
2988 764 3257 822 quotquot
3285 771 3348 806 ex
3389 755 3508 806 acie

1944 860 2130 898 secum
2164 858 2354 911 rapere
2381 853 2651 911 poterant,
2682 859 2803 896 cum
2838 843 2903 896 iis
2930 847 2994 895 ad
3035 845 3421 911 itnpcraturettt
3448 860 3508 897 se

1946 934 2259 987 conferunt.
2302 934 2419 986 Mox
2447 934 2538 1002 qui
2577 950 2698 987 cum
2725 949 2790 987 eo
2824 944 2979 987 erant
3003 936 3509 1004 cursiminsrqueu-

1950 1036 2054 1085 tes,
2089 1026 2295 1094 aliquot
2321 1029 2386 1077 de
2410 1026 2622 1078 caeteris
2657 1027 2833 1095 (pauci
2866 1027 3011 1078 enim
3049 1028 3229 1093 erant)
3262 1027 3507 1095 capiunt.

1948 1117 2418 1184 Adrianopnlitaui
2483 1133 2738 1185 quoque,
2800 1118 3115 1186 quicunque
3168 1118 3287 1186 ejus
3338 1118 3505 1170 tilium

1950 1208 2256 1260 maledictis
2305 1208 2687 1264 incesserant.
2736 1206 3051 1275 diﬂugiuut,
3088 1218 3412 1266 metuentes.
3441 1227 3507 1263 ne

1948 1298 2127 1350 set-lus
2188 1313 2346 1348 suum
2411 1297 2646 1365 piarent.
2706 1296 2876 1349 Porro
2923 1300 3156 1365 populus
3198 1314 3507 1366 quanquam

1950 1390 2131 1441 victus
2153 1430 2167 1449 ,
2198 1396 2251 1439 et
2280 1388 2465 1447 miser,
2500 1403 2568 1440 ne
2602 1389 2685 1441 sic
2721 1396 2897 1442 tamen
2929 1403 2958 1440 a
2994 1404 3092 1440 sua
3125 1405 3248 1456 erga
3284 1390 3516 1456 impera-

1952 1489 2124 1532 torem
2171 1480 2509 1546 malignitate
2562 1489 2883 1548 temperat:
2944 1480 3037 1533 sed
3090 1480 3227 1532 intra
3284 1482 3513 1542 urbem.

1953 1580 2221 1639 quotquot
2257 1586 2362 1623 non
2396 1580 2553 1623 erant
2601 1571 2782 1639 capti,
2836 1568 3144 1624 firmissima
3182 1572 3315 1624 ιιιιτί
3351 1588 3518 1625 ereu-

1954 1659 2101 1731 pata,
2133 1676 2350 1730 unaque
2390 1661 2693 1730 platearum
2731 1664 2938 1731 magnis
2993 1665 3238 1718 trabibus
3263 1665 3515 1732 obsepta,

276 1764 492 1833 γμένων
516 1800 532 1823 ,
571 1758 1020 1829 συναρπάσαντες
1044 1793 1061 1819 ,
1130 1752 1560 1823 προσεχώρησαν
1618 1750 1847 1817 βασιλεῖ.

1960 1753 2345 1822 imperatorios
2384 1754 2707 1822 ingruentes
2764 1755 3050 1808 arcebant.
3098 1755 3199 1820 Qui
3255 1757 3519 1810 malleolis

278 1856 479 1908 Αὐτίκα
526 1852 581 1904 δὲ
616 1852 709 1904 καὶ
740 1852 789 1903 ot
822 1849 962 1918 μετὰ
999 1845 1095 1899 τοῦ
1129 1843 1390 1914 βασιλέως
1428 1842 1843 1911 ἐπιδραμόντες,

276 1944 412 1999 εἷλον
445 1944 510 1996 οὐ
550 1940 819 2004 πολλούς·
854 1936 995 2009 ἦσαν
1020 1941 1128 2008 γὰρ
1174 1936 1344 2004 ὀλίγοι
1387 1936 1480 1988 καὶ
1518 1936 1687 1987 αὐτοί·
1725 1936 1845 1986 Διε-

274 2038 559 2104 δξδρασκον
609 2034 667 2087 δὲ
708 2033 804 2084 καὶ
867 2026 1389 2098 Ἀδριανουπολιτῶν
1441 2026 1555 2078 ὅσοι
1613 2024 1847 2094 μάλιστα

278 2130 456 2190 κακῶς
509 2127 600 2178 τὸν
655 2124 920 2193 βασιλέως
977 2122 1165 2186 ελεγον
1198 2120 1311 2172 υἱὸν
1362 2118 1841 2187 πολιορκούμενον,

284 2219 544 2278 δείσαντες
574 2216 652 2285 μὴ
675 2215 773 2283 τῆς
798 2211 1197 2279 ἀγνωμοσύνης
1223 2209 1355 2262 δῶσι
1378 2208 1555 2270 δίκας.
1592 2208 1650 2261 ’0
1675 2206 1847 2275 δῆμος

295 2308 347 2360 δὲ
370 2310 466 2360 οἱδ⁹
496 2308 641 2359 οὕτω
672 2307 875 2372 καίπερ
904 2304 1226 2371 ἡττημένος.
1270 2303 1364 2354 καὶ
1389 2302 1843 2368 κακοπραγήσας,

301 2401 461 2468 ὑφῆκε
499 2397 595 2465 τῆς
645 2396 779 2466 πρὸς
838 2394 1061 2463 βασιλέα
1114 2394 1472 2460 δυσμενείας*
1533 2380 1646 2443 ἀλλ⁴
1690 2390 1840 2441 ἔνδον

298 2490 550 2555 γενόμενοι
589 2489 694 2556 τῆς
748 2488 959 2547 πόλεως
1008 2487 1122 2537 ὅσοι
1176 2485 1250 2553 μὴ
1291 2483 1561 2547 ἑάλωσαν,
1617 2483 1713 2535 καὶ
1758 2481 1849 2533 τόν

294 2582 697 2651 καρτερώτατον
728 2580 839 2632 τῶν
893 2578 1116 2646 πύργων
1175 2576 1563 2643 κατασχόντες,
1602 2573 1731 2642 μίαν
1788 2588 1847 2623 τε

290 2672 384 2724 τῶν
412 2674 621 2738 ἀγυιῶν
653 2672 829 2732 δοκοῖς
885 2668 1308 2738 συμςράξαντες
1374 2663 1664 2735 μεγάλαις,
1712 2662 1850 2747 ἢμύο

287 2782 434 2818 ντντο
459 2766 693 2828 ἑστῶτες
727 2763 979 2825 ιπιόντας
1023 2762 1148 2823 τοὺς
1183 2761 1513 2830 βασιλικούς.
1543 2760 1605 2811 Οί
1644 2759 1689 2810 δ’
1717 2760 1851 2810 ὲνῖε-

286 2871 377 2906 σαν
425 2854 543 2925 πῦρ
598 2855 738 2907 κατὰ
796 2854 905 2906 τῶν
959 2854 1169 2911 οἰκιῶν.
1218 2854 1327 2905 Καὶ
1370 2852 1465 2903 σὺν
1496 2850 1641 2919 πόνῳ
1672 2848 1849 2901 ούδενὶ

283 2945 657 3015 περιεγίνοντο
687 2944 795 2997 τῶν
828 2942 1325 3013 ἀντιτεταγμένων.
1359 2942 1709 3011 Τραπόμενοι
1741 2940 1848 3007 γὰρ

1953 1847 2005 1899 in
2043 1855 2185 1899 tecta
2221 1846 2519 1914 conjectis,
2566 1845 2702 1897 citra
2741 1845 2987 1897 laborem
3022 1846 3367 1900 adversarios
3400 1848 3517 1899 viu-

1950 1936 2171 1990 cebant.
2209 1934 2359 1989 Illico
2398 1950 2629 2003 namque
2670 1937 2720 1988 in
2772 1936 2953 2006 fugam
3003 1938 3277 2001 conversi,
3316 1938 3406 1990 alii
3459 1954 3517 1992 se

1949 2029 2003 2082 in
2062 2028 2301 2082 latebras
2349 2027 2679 2092 condebant,
2722 2030 2813 2083 alii
2868 2029 2935 2083 ad
2990 2031 3189 2099 templa
3239 2031 3517 2099 supplices

1953 2100 2368 2188 confugiebant.
2402 2121 2601 2175 Milites
2638 2137 2770 2174 vero
2808 2122 3000 2177 domos
3048 2122 3378 2191 diripiebant
3403 2162 3418 2185 ,
3453 2139 3515 2174 ac

1951 2213 2269 2265 diruebant.
2309 2214 2594 2282 Eapugna
2626 2214 2894 2266 vulnerati
2930 2224 3059 2266 sunt
3096 2215 3324 2283 aliquot,
3353 2230 3516 2267 nemo

1949 2300 2169 2354 cecidit.
2218 2300 2352 2355 Cum
2417 2302 2530 2368 jam
2584 2285 2766 2356 omnia
2819 2314 3175 2366 tenerentur,
3216 2304 3515 2372 imperator

1950 2388 2127 2456 ignem
2192 2388 2483 2458 restingui,
2537 2389 2738 2444 milites
2766 2406 2794 2444 a
2826 2391 2874 2443 vi
2902 2402 2958 2443 et
2985 2390 3386 2461 direptionibus
3414 2394 3514 2446 ab-

1952 2482 2193 2541 stinere,
2230 2491 2284 2534 et
2324 2482 2576 2535 dominos
2611 2485 2807 2536 :edium
2863 2484 3069 2553 reliqua
3128 2485 3232 2538 sibi
3278 2487 3516 2539 retinere

1945 2572 2135 2640 jussit.
2171 2572 2329 2639 Capti
2366 2590 2391 2623 a
2427 2573 2687 2627 Barbaris
2728 2574 2922 2628 diebus
2954 2576 3143 2644 paucis
3177 2577 3517 2645 propinquo-

1951 2679 2070 2717 rum
2102 2664 2331 2732 pecunia
2366 2664 2632 2734 redempti
2668 2675 2829 2733 sunt;
2876 2682 2977 2721 nec
3007 2668 3153 2721 enim
3183 2677 3294 2722 tota
3342 2670 3474 2723 urbs
3496 2708 3514 2731 .

1950 2770 2051 2809 nec
2131 2755 2336 2823 ubique
2422 2755 2636 2825 direpta
2707 2757 2864 2819 fuit,
2920 2759 3018 2813 sed
3088 2775 3175 2813 res
3234 2760 3518 2815 famil‘aris

1949 2847 2239 2911 duntaxat,
2278 2865 2441 2915 quam
2500 2849 2702 2902 milites
2738 2850 2987 2918 patribus
3028 2849 3258 2905 familias
3321 2852 3517 2907 tolera-

1954 2942 2048 2995 bili
2090 2943 2265 3011 pretio
2306 2944 2663 2998 reddiderunt
2718 2961 2734 2997 :
2788 2953 2843 2998 et
2875 2944 3123 2999 Catalani
3170 2946 3471 3014 prmsertim
3498 2986 3516 3012 ,

282 3038 498 3101 αὐτίκα,
555 3038 606 3089 οῖ
666 3036 767 3105 μὲν
824 3038 882 3088 ὲν
933 3034 1149 3096 ἀδύτοις
1198 3035 1671 3104 κατεκρύπτοντο,
1721 3030 1772 3082 οἱ
1802 3029 1847 3081 δ’

1953 3034 2048 3102 qui
2085 3043 2139 3086 et
2173 3049 2281 3099 przc
2311 3036 2433 3089 aliis
2469 3036 2637 3089 multa
2670 3047 2980 3104 rapuerant,
3014 3046 3071 3091 et
3095 3036 3222 3099 sibi,
3257 3045 3310 3090 ut
3354 3052 3514 3105 pere-

281 3126 522 3178 ίκέτευον
550 3126 607 3176 ἐν
656 3123 924 3191 ίεροῖς.Ἦ
955 3122 1185 3191 στρατιὰ
1224 3121 1283 3173 δὲ
1328 3119 1604 3186 διεπόρθεί
1646 3122 1744 3181 τὰς
1775 3119 1849 3170 οι-

282 3218 416 3280 χίας,
474 3217 577 3270 καὶ
632 3216 942 3285 διήρπασαν
993 3215 1060 3267 τὰ
1128 3212 1275 3265 ὅντα.
1314 3212 1575 3264 Ἀπέθανε
1617 3212 1714 3280 μέν
1765 3227 1849 3262 τοι

279 3308 389 3362 κατ’
416 3307 649 3376 ἐκείνην
708 3305 810 3376 τὴν
867 3305 1043 3374 μάχην
1079 3302 1199 3356 ούδὶ
1254 3296 1354 3364 εἷς,
1407 3301 1741 3372 τραυματίαι
1793 3300 1849 3351 ει

278 3403 530 3468 ἐγένοντο
560 3398 726 3460 τινές.
770 3397 997 3449 Ἔπειτα
1028 3394 1102 3457 ὡς
1142 3393 1239 3463 ἤδη
1272 3392 1447 3445 πάντα
1476 3392 1670 3460 εἴχετο,
1703 3391 1762 3442 τό
1789 3405 1847 3442 τε

278 3492 382 3563 πῦρ
404 3490 669 3543 ἐκέλευεν
698 3489 726 3540 ὁ
772 3486 1024 3556 βασιλεὺς
1056 3481 1364 3547 σϐεννύναι,
1410 3482 1503 3535 καὶ
1553 3481 1849 3549 ἀπέχεσθαι

274 3584 367 3652 τῆς
391 3584 660 3653 ἁρπαγῆς
680 3580 805 3641 τοὺς
837 3577 1195 3645 στρατιώτας,
1226 3575 1318 3627 καὶ
1346 3573 1470 3636 τοὺς
1497 3574 1712 3641 κυρίους
1742 3573 1850 3623 τῶν

272 3676 460 3727 οῖκιῶν
498 3674 572 3726 τὰ
600 3669 1039 3738 ὑπολελειμμένα
1070 3667 1233 3734 ἔχειν,
1261 3668 1355 3718 καὶ
1391 3664 1595 3733 μηδένα
1626 3663 1847 3715 ἀδικεῖν.

278 3763 338 3815 Οί
374 3763 484 3831 μέν
534 3759 622 3812 τοί
656 3757 1175 3828 ἀνδραποδισθέντες
1228 3754 1332 3806 ὑπὸ
1376 3753 1483 3805 τῶν
1536 3752 1847 3822 βαρϐάρων,

274 3854 325 3903 tv
357 3853 584 3921 ὀλίγαις
630 3852 862 3920 ἡμέραις
894 3848 997 3899 ὑπὸ
1024 3847 1131 3898 τῶν
1159 3846 1377 3897 οἰκείων
1420 3844 1695 3913 χρήμασιν
1730 3840 1850 3921 ελύ-

275 3920 467 4015 θησανς
508 3944 588 3996 Οὐ
620 3946 731 4011 γαρ
763 3944 911 3994 πᾶσα
940 3943 973 4010 ἡ
1003 3939 1157 4000 πόλις
1184 3936 1519 4006 διηρπάσθη,
1560 3935 1680 3987 οὐδὲ
1716 3920 1852 3986 πανο

274 4041 526 4090 τάπασιν
548 4052 564 4066 ο
592 4035 709 4088 ἀλλ’
740 4035 866 4086 ὅσον
899 4035 953 4084 ὲν
985 4031 1233 4093 ὲπίπλοις
1260 4025 1330 4100 ἦν
1363 4030 1456 4081 καὶ
1494 4028 1709 4081 σκεύεσι
1742 4029 1851 4089 τοῖς

275 4129 410 4180 κατὰ
454 4128 569 4197 τὴν
605 4124 809 4187 οἰκίαν,
863 4122 898 4176 ἃ
943 4125 991 4175 oi
1029 4120 1359 4191 στρατιῶται
1398 4118 1553 4183 αὖθις
1594 4119 1853 4172 ἀπέδοντο

272 4218 500 4280 εύώνως
557 4218 671 4278 τοῖς
700 4215 930 4283 κυρίοις,
981 4213 1075 4266 καὶ
1127 4211 1363 4281 μάλιστα
1420 4212 1471 4263 οῖ
1530 4210 1849 4271 Κατελάνοι,

272 4308 319 4359 οῖ
381 4306 571 4358 πλείω
628 4322 687 4357 τε
751 4305 1059 4372 διήρπασαν
1119 4302 1231 4355 τῶν
1291 4300 1492 4364 ἄλλων,
1551 4302 1645 4352 καὶ
1678 4300 1852 4368 ἄχρη-

273 4414 373 4451 στα
449 4397 646 4458 αὐτοῖς
709 4394 939 4463 ἡγοῦντο
1004 4392 1176 4458 ξένοις

274 4490 427 4542 Μετὰ
460 4485 630 4539 τοῦτο
674 4484 732 4537 δὲ
788 4484 1037 4553 βασιλεὺς
1095 4484 1195 4553 μὲν
1240 4484 1268 4535 ὅ
1306 4479 1753 4550 Καντακουζηνδς
1796 4480 1852 4533 ἐν

286 4578 585 4650 Ἀδριανοῦ
640 4578 735 4637 τὰς
783 4578 1256 4647 προσχωρησάσας
1300 4575 1430 4645 πρὸς
1484 4574 1711 4643 βασιλέα
1762 4574 1853 4627 τόν

274 4674 393 4735 νέον
422 4672 620 4733 πόλεις
652 4670 855 4722 ἐκάκου
890 4670 1127 4736 πέμπων
1158 4666 1442 4737 στρατιὰν,
1476 4667 1597 4719 ὅσαι
1648 4666 1723 4736 μὴ
1762 4666 1856 4719 ὑπ’

272 4764 494 4816 εκείνου
548 4760 945 4829 παρεδόθησαν.
988 4758 1256 4821 Ἐκείναις
1297 4748 1535 4826 γὰρόὑκ
1582 4755 1719 4827 ᾤετο
1746 4757 1855 4809 δεῖν

275 4851 738 4922 ἐπιστρατεύειν,
792 4850 901 4903 οὐδ’
948 4846 1338 4903 ἀνακαλεῖσθαι
1390 4847 1856 4917 παραδεδομέναις

276 4948 370 4998 ὑπ’
398 4944 582 5000 αὐτοῦ
613 4943 749 5013 πρὸς
776 4943 867 4995 τὸν
913 4940 1185 5012 γαμϐρόν.
1231 4937 1478 4994 Μάλιστα
1521 4938 1566 4991 δ’
1606 4941 1855 4991 ἐκάκωσε

271 5039 375 5106 τὴν
422 5034 843 5105 τζερνομιάνου
877 5034 963 5085 καὶ
1012 5030 1262 5097 ἑξεπίεσε
1318 5028 1654 5098 λεηλασίαις,
1694 5028 1852 5098 ἄχρις

272 5145 334 5182 ου
384 5129 539 5195 σφᾶς
594 5124 924 5203 παρέδοσαν,
962 5110 1069 5176 ’καὶ
1130 5120 1230 5190 τὴν
1263 5119 1418 5173 πόλιν
1489 5120 1854 5187 ἐκτριϐἐντες.

283 5220 530 5272 Ἐκεῖνοι
569 5216 678 5284 κάρ
730 5213 825 5267 ὑπ’
871 5212 1130 5274 ἀϐουλίας
1170 5216 1267 5264 καὶ
1310 5210 1487 5279 ὁρμῆς
1538 5210 1854 5279 ἐμπλήκτου

274 5314 371 5361 καὶ
403 5306 725 5378 παραϐόλου
770 5305 1044 5374 μηδεμιᾶς
1094 5302 1342 5371 ἀνάγκης
1375 5300 1541 5369 οὔσης
1573 5300 1674 5353 οὐκ
1719 5300 1854 5353 ἁπέο

272 5417 495 5467 στησαν
532 5401 713 5467 μόνον,
746 5396 883 5450 ἀλλὰ
910 5396 1005 5448 καὶ
1030 5394 1355 5464 γράμμασιν
1384 5392 1606 5462 ἐδήλουν
1642 5390 1717 5453 ὡς
1741 5388 1855 5442 οὗθ’

270 5494 610 5547 ὑπείκουσιν
636 5489 806 5559 αὐτῷ,
836 5486 960 5541 οὔτε
997 5487 1221 5558 βασιλέα
1268 5488 1509 5538 οῖονται’
1562 5484 1677 5537 ἀλλ’
1721 5483 1773 5536 εί
1805 5500 1857 5535 τι

265 5585 502 5636 δύναιτο
535 5580 671 5648 πρὸς
715 5578 915 5633 αὐτοὺς
948 5576 1174 5647 μηδενὸς
1218 5572 1573 5643 καταμελεῖν.
1615 5573 1729 5640 Ἐφ’
1774 5567 1855 5634 οἷς

268 5677 412 5745 ὀργῇ
450 5672 781 5742 φερόμενος,
815 5668 1060 5739 ἠμύνατο
1084 5666 1246 5732 ἀξίως
1272 5667 1370 5739 τῆς
1397 5663 1855 5737 παραφροσύνης,
1898 5748 1903 5755 Α

1951 3126 2143 3193 grinis,
2185 3136 2239 3180 et
2271 3126 2477 3196 absque
2508 3128 2647 3193 lare,
2673 3128 2885 3182 inutilia
2917 3129 3321 3183 existimabant.
3350 3127 3517 3198 843

1955 3217 2049 3272 llis
2080 3218 2238 3281 actis,
2274 3218 2572 3288 imperator
2599 3219 3009 3274 Cautacuzeuus
3027 3219 3373 3289 Adrianopoli
3405 3236 3519 3272 ma-

1956 3322 2138 3371 nens,
2204 3307 2368 3361 urbes
2417 3324 2538 3377 qua:
2596 3308 2663 3361 ad
2705 3309 3065 3379 Palmologum
3128 3310 3513 3379 imperatorem

1952 3398 2301 3453 desciverant
2326 3440 2340 3463 ,
2371 3415 2617 3468 quasque
2651 3399 2700 3453 ei
2753 3416 2861 3454 non
2894 3400 3180 3454 addixerat
3209 3402 3342 3469 (illis
3364 3401 3515 3454 enim

1951 3490 2308 3559 parcendum,
2349 3504 2527 3559 neque
2557 3491 2623 3544 ad
2649 3507 2707 3545 se
2734 3492 3067 3545 revocandas
3092 3492 3360 3559 putabat),
3381 3493 3516 3545 mis-

1951 3581 2029 3634 sis
2087 3580 2262 3648 cupiis
2290 3581 2606 3634 incursavit.
2660 3583 2715 3634 ln
2755 3582 2947 3650 primis
2992 3590 3172 3635 autem
3202 3582 3518 3634 Zernomia-

1952 3687 2148 3726 nenses
2201 3671 2640 3739 pepulationibus
2673 3671 2988 3725 infestavit:
3016 3672 3191 3725 donec
3238 3671 3409 3725 attriti
3451 3688 3513 3725 se

1954 3751 2258 3827 urbemque
2292 3761 2415 3827 ejus
2453 3759 2710 3829 potestati
2748 3759 3050 3815 traderent.
3085 3760 3219 3813 Nam
3258 3759 3333 3812 illi
3367 3759 3515 3812 nulla

1956 3850 2177 3921 impulsi
2232 3855 2581 3916 necessitate,
2612 3852 2918 3907 temeritate
2952 3852 3208 3921 quadam,
3237 3853 3517 3907 conliden-

1955 3943 2029 3997 tia
2087 3951 2143 3997 et
2194 3943 2404 3997 insania
2445 3958 2554 3997 non
2582 3944 2745 3999 modo
2773 3944 3157 4010 desciverant;
3191 3944 3285 3999 sed
3320 3944 3521 3997 litteris

1953 4049 2174 4103 quoque
2191 4048 2364 4089 necse
2384 4035 2460 4088 illi
2494 4034 2987 4104 obtemperaturos,
3026 4052 3125 4090 nec
3160 4037 3521 4106 proimpera-

1956 4133 2071 4177 tore
2090 4123 2373 4191 agnituros
2391 4124 2829 4179 ostenderant.Si
2851 4126 2979 4194 quid
3002 4135 3191 4179 contra
3204 4142 3300 4180 eos
3315 4135 3521 4193 posset,

1954 4230 2021 4267 ne
2042 4214 2340 4268 omitteret.
2358 4215 2537 4279 Quare
2554 4217 2632 4269 ira
2656 4217 2917 4285 percitus,
2934 4233 3029 4285 pro
3047 4217 3324 4271 dementia
3344 4218 3396 4270 in
3427 4231 3523 4270 eos

1954 4302 2265 4355 vindicavit.
2291 4302 2728 4373 Didymoticlium
2745 4320 2918 4373 neque
2934 4308 3235 4359 exercitum
3253 4305 3520 4370 admovit,

1256 4390 1375 4444 οὖσι
1448 4393 1544 4445 καὶ
1620 4391 1847 4450 ἀοίκοις.

1959 4407 2134 4460 neque
2152 4392 2260 4445 ullo
2280 4393 2547 4447 maleficio
2562 4395 2767 4457 nocuit,
2787 4394 2930 4462 quod
2946 4396 3218 4464 juniorem
3235 4396 3526 4465 imperato-

1958 4497 2071 4537 rem
2094 4483 2251 4537 valdc
2275 4484 2545 4550 diligeret.
2564 4485 2698 4538 Nam
2714 4497 2767 4539 et
2783 4487 2926 4540 bello
2941 4496 3047 4541 tam
3066 4488 3375 4559 tnanifesto.
3394 4505 3529 4543 con-

1956 4574 2180 4629 siliariis
2214 4575 2492 4645 praecipue
2528 4577 2743 4645 culpant
2794 4568 3109 4635 tribuebat:
3138 4590 3195 4635 et
3222 4582 3367 4652 quod
3399 4598 3527 4651 age-

1955 4666 2139 4729 batur,
2200 4682 2309 4720 non
2367 4667 2653 4735 probabat.
2696 4669 2771 4724 De
2824 4673 3191 4739 propensione
3234 4688 3364 4727 vero
3395 4689 3524 4742 erga

1956 4750 2217 4826 generum
2288 4772 2355 4812 eo
2409 4774 2581 4828 usque
2617 4761 2752 4815 nihil
2813 4761 3175 4818 diminuebat.
3229 4765 3527 4833 Imperator

1951 4850 2138 4918 junior
2170 4848 2272 4903 sibi
2310 4865 2531 4918 quoque
2554 4867 2663 4905 non
2688 4852 2901 4916 deerat,
2935 4854 3029 4908 sed
3066 4855 3231 4908 urbes
3252 4856 3525 4910 Cantacu-

1956 4941 2078 4993 zeni
2113 4942 2417 5010 premebat,
2439 4951 2495 4996 et
2533 4958 2563 4996 a
2596 4942 2753 4999 Crale
2777 4959 2843 4998 ex
2880 4956 3038 5014 pacto
3071 4946 3332 5000 auxilium
3369 4956 3526 5016 pete-

1959 5030 2090 5084 bat:
2129 5030 2222 5099 qui
2272 5031 2409 5084 nibil
2457 5042 2748 5086 cunctatus
2784 5034 3163 5102 promittebat,
3193 5036 3236 5089 si
3280 5037 3525 5091 obsidem

1957 5120 2062 5173 sibi
2096 5120 2319 5174 fratrem
2351 5121 2529 5173 daret.
2564 5120 2862 5190 Imperator
2890 5104 3189 5179 sine'mora
3218 5127 3523 5182 Manuelem

1958 5211 2243 5280 despotam
2271 5211 2335 5265 ad
2362 5210 2574 5265 Cralem
2601 5229 2699 5280 pro
2723 5213 2913 5269 obside
2938 5217 3210 5284 proﬁcisci
3236 5220 3420 5290 jussit.
3451 5222 3529 5276 Eo

1960 5312 2182 5369 recepto
2246 5316 2443 5370 agmen
2496 5304 2824 5357 instructum
2861 5305 3119 5373 mittitur,
3158 5310 3405 5378 equitum
3437 5327 3526 5366 se-

1959 5404 2105 5462 ptem
2141 5378 2332 5455 millia,
2370 5408 2509 5462 quos
2538 5392 2849 5451 Cosmitzus
2877 5396 3217 5454 Borilobices
3238 5440 3253 5465 ,
3288 5417 3430 5457 unus
3456 5404 3526 5458 de

1960 5483 2321 5537 nobilissimis
2343 5483 2737 5551 Triballorum,
2762 5486 3015 5542 ducebat.
3041 5490 3348 5547 Alexander
3373 5495 3526 5561 item,

1961 5572 2257 5627 Mmsorum
2313 5587 2437 5639 rex,
2492 5584 2715 5643 rogatus
2743 5574 3049 5629 subsidium
3082 5576 3231 5630 misit
3261 5594 3275 5631 :
3312 5593 3529 5648 semper

1962 5662 2110 5717 enim
2154 5661 2204 5718 ei
2251 5673 2542 5734 suspectus
2569 5676 2684 5721 erat
2716 5656 3169 5736 Cantacuzenus,
3215 5670 3371 5741 quasi
3402 5672 3530 5730 Per-
