3964 6210
380 215 488 278 263

1556 199 1885 263 JOANNIS
1917 197 2059 258 CAN
2081 195 2445 257 L'ACUZENI

3508 186 3622 251 264

383 335 588 390 bellum
621 343 851 384 cernens
885 338 1202 396 augescere,
1239 317 1554 374 maestitiam
1595 316 1866 386 capiebat,
1897 325 1953 369 et

2084 330 2229 384 ιρχης
2279 312 2337 365 δὲ
2365 329 2392 365 ο
2423 309 2721 372 Κάὶλστος
2759 307 2930 362 πολλὰ
2986 306 3115 376 περὶ
3141 305 3368 375 εἰρήνης
3409 305 3627 375 βασιλεῖ

381 423 533 494 pacis
577 418 947 480 adversarios,
1001 423 1059 466 ut
1113 407 1376 464 Romanis
1423 406 1491 460 de
1539 407 1750 473 integro
1786 404 1952 472 pluri—

391 529 603 568 marum
626 510 964 565 miseriarum
987 513 1268 561 auctores.
1288 500 1512 554 scclcris
1529 497 1950 554 condemnabat.

2055 405 2134 475 τῷ
2181 404 2285 472 νέῳ
2333 399 2660 470 διαλεχθεὶς,
2685 399 2808 452 ἐπεὶ
2845 397 3010 469 μηδὲν
3035 397 3218 452 ἀνύειν
3245 397 3356 450 τῶν
3395 397 3625 450 δεόντων

2057 492 2200 566 εἶχε,
2231 495 2339 546 τῶν
2369 495 2494 560 περί
2523 492 2746 562 βασιλέα
2785 490 2885 543 οὐκ
2925 489 3159 551 ἐώντων,
3211 487 3325 542 ἀλλ’
3351 486 3614 559 ἐξορμῶν-

381 606 794 660 Verumtann-n,
835 612 928 665 spe
979 595 1129 664 pacis
1161 591 1405 645 nomium
1455 589 1726 658 deposita,
1773 588 1954 640 denuo

2084 605 2168 640 [ων
2195 586 2396 655 μᾶλλον
2423 584 2648 655 βασιλέα
2683 583 2820 651 πρὸς
2862 581 2952 632 τὸν
2983 580 3246 648 πόλεμον,
3299 580 3394 631 καὶ
3455 578 3628 648 μηδὲν

384 693 686 748 Manueleni
719 689 1164 742 Cantacuzenunt
1200 683 1529 754 patruelem,
1561 691 1617 734 et
1644 681 1953 748 Metropha-

387 801 510 837 ncm
565 780 812 834 Alclenici
861 779 1178 847 episcopum
1209 775 1276 829 ad
1318 773 1590 843 juniorem
1643 771 1804 840 legat,
1861 769 1955 823 ad-

385 890 616 928 monens
651 872 728 925 uti
761 870 936 924 rebus
966 869 1122 922 novis
1155 882 1272 934 sup:
1293 863 1519 932 rscdens
1547 877 1578 915 a
1611 861 1756 914 bello
1788 861 1957 914 faccs~

385 978 488 1019 sat.
518 962 862 1018 Cousiliariis
889 969 1072 1014 autem
1095 968 1283 1028 aperte
1302 953 1721 1023 refragantibus,
1743 966 1958 1026 paceni-

387 1073 495 1126 que
550 1053 994 1123 repudiantibus,
1048 1062 1108 1104 ut
1152 1049 1313 1118 legati
1363 1049 1552 1100 inancs
1592 1051 1956 1105 reverterunt,

387 1149 809 1200 Cantacuzcuus
855 1161 964 1198 non
1009 1141 1242 1210 amplius
1284 1147 1599 1196 cunctatus.
1633 1136 1961 1190 descrtrii-cs

387 1240 676 1309 civitates,
705 1236 980 1291 Murrbam
1019 1233 1342 1304 pl‘a‘scrtitn,
1377 1241 1430 1284 et
1456 1230 1588 1284 alias
1617 1223 1962 1292 RliodOpeias

392 1327 658 1381 Romanis
711 1327 986 1395 sul'jectas
1027 1324 1237 1392 (plurcs
1281 1321 1429 1375 enim
1479 1335 1539 1373 se
1565 1317 1772 1388 juniori
1805 1315 1960 1369 dedi-

391 1419 627 1486 derant),
659 1416 924 1470 molestiis
983 1427 1146 1482 atque
1191 1415 1403 1467 damnis
1429 1411 1641 1465 allicere
1678 1422 1964 1480 aggressus

391 1517 496 1561 cst.
530 1509 723 1561 Postea
773 1507 954 1560 missis
983 1505 1304 1559 cohortibus
1331 1502 1679 1557 Cbalcidicen
1713 1501 1963 1554 infestam

2062 679 2294 745 ἀγεννὲς
2319 676 2612 742 ὑπομένειν
2643 671 3054 741 παραινούντων
3075 670 3163 722 διὰ
3191 669 3289 740 τὴν
3339 685 3631 740 κακοπρα-

2060 771 2209 839 τίαν,
2273 767 2391 823 ἀλλ’
2420 766 2640 837 ἔχεσθαι
2693 765 2800 816 τῶν
2861 763 3142 832 προτέρων
3199 761 3494 828 λογισμῶν,
3551 760 3630 820 ὡς

2063 863 2299 929 κρείττω
2336 858 2557 918 πάντως
2603 854 2857 923 ἐσόμενον
2909 853 3019 904 τῶν
3057 851 3354 917 πολεμίων,
3403 850 3496 902 καί⁵
3529 851 3632 918 τὴν

2062 949 2237 1020 ἀρχὴν
2271 946 2710 1013 ἀνασωσόμενον,
2743 944 3074 1012 ἀνέστρεφεν
3105 942 3182 1003 εἰς
3205 939 3304 1009 τὴν
3348 938 3632 1006 Ἁδριανοῦ

2067 1044 2201 1113 πρὸς
2237 1039 2485 1110 βασιλέα,
2519 1037 2745 1092 καὶτῶν
2779 1035 2990 1105 ἀνδρῶν
3018 1033 3326 1104 ἀπήγγελλε
3356 1032 3454 1101 τὴν
3496 1049 3635 1098 μοχ-

2067 1132 2512 1203 Θτ,ρέαν,ὅτιτῆς
2548 1129 2684 1192 ἰδίας
2746 1128 3019 1196 ὡφελείας
3075 1127 3262 1189 ἕνεκα,
3311 1124 3387 1186 ὡς
3440 1123 3632 1194 (oo-ito,

2068 1223 2423 1296 προύδίδοσαν
2460 1221 2528 1274 τὰ
2561 1224 2719 1290 κοινῇ
2742 1218 3145 1296 λυσιτελοῦντα,
3204 1215 3299 1269 καὶ
3333 1215 3420 1268 τὸν
3475 1213 3638 1266 ειτόλε⁸

2070 1286 2172 1387 μον
2225 1313 2568 1383 παρώξυνον.
2651 1286 2936 1374 Βασιλεὺς.
2953 1310 3014 1362 δὲ
3074 1311 3102 1362 6
3161 1307 3632 1376 Καντακουζηνδς,

2069 1409 2259 1479 ἠνιᾶτο
2302 1406 2400 1475 μὲν
2452 1401 2842 1473 αὐξανόμενον,
2892 1399 3036 1471 ἐρῶν
3086 1400 3180 1453 τὸν
3243 1400 3500 1468 πόλεμον,
3538 1400 3636 1453 καὶ

2070 1502 2197 1563 τοὺς
2244 1495 2552 1557 κωλύοντας
2601 1495 2700 1563 τὴν
2750 1495 2976 1564 εἰρήνην
3035 1494 3092 1546 ἐν
3125 1492 3328 1554 αἰτίαις
3376 1490 3637 1552 ἐποιεῖτο,

395 1594 599 1647 habere
644 1593 841 1663 jussit;
894 1610 1000 1645 non
1059 1592 1207 1660 iprOS
1246 1590 1471 1660 quidem
1529 1588 1736 1642 incolas
1770 1587 1964 1642 laedere

2084 1593 2147 1654 ii;
2185 1590 2393 1645 πολλῶν
2419 1587 2574 1650 αὖθις
2595 1584 3024 1654 δυστυχημάτων
3095 1585 3290 1650 πεῖραν
3330 1582 3641 1649 ἐπάγοντας

393 1685 634 1752 cupiens
669 1683 836 1746 (haud
873 1683 1022 1736 enim
1053 1683 1261 1752 justum
1301 1678 1551 1748 putabat,
1577 1693 1715 1746 quos
1750 1677 1864 1745 ipse
1883 1676 1968 1745 ju-

2087 1681 2398 1750 Ῥωμαίοις.
2431 1680 2615 1746 Μήπω
2660 1675 2717 1730 δὲ
2759 1676 2897 1745 πρὸς
2927 1673 3026 1744 τὴν
3055 1674 3281 1743 εἰρήνην
3325 1673 3642 1742 ἀπηγορευ-

395 1774 541 1827 niori
588 1775 774 1828 volens
811 1774 1145 1835 tradidisset,
1183 1772 1250 1826 iis
1283 1771 1438 1841 quasi
1485 1771 1846 1825 oll‘endissent
1879 1767 1968 1822 in-

2084 1773 2203 1838 ιιὼς,
2243 1773 2336 1825 τόν
2379 1787 2438 1822 τε
2469 1767 2692 1838 ἀνεψιὸν
2724 1762 2881 1829 αὖθις
2912 1764 3173 1834 Μανουήλ
3202 1764 3294 1816 τὸν
3321 1763 3644 1815 Καντακου-

397 1865 792 1929 commodare),
815 1864 907 1917 sed
935 1863 1059 1931 quia
1091 1862 1454 1926 Mori-lienses,
1482 1861 1573 1929 qui
1615 1860 1809 1928 partim
1845 1872 1970 1927 pro-

402 1963 522 2022 pter
570 1953 908 2006 vicinitatem
945 1953 1094 2015 belli,
1140 1953 1338 2021 partiin
1387 1950 1532 2018 quod
1583 1951 1732 2019 regio
1765 1948 1854 2002 illa
1888 1947 1970 2000 hi-

402 2042 575 2096 berno
628 2052 875 2111 tempore
931 2053 1156 2110 prOpter
1229 2040 1625 2108 apricationem
1681 2046 1736 2091 et
1781 2035 1965 2106 pabuli

401 2132 709 2186 ubertatem
740 2132 1198 2200 suppeditandam
1227 2129 1408 2199 pecori
1435 2129 1614 2197 aptior
1635 2135 1800 2192 esset,
1829 2141 1976 2196 mag-

401 2237 526 2274 nam
562 2222 668 2274 \im
721 2236 789 2274 eo
837 2232 1083 2290 egerant,
1140 2221 1213 2273 ita
1250 2220 1430 2274 facere
1461 2227 1740 2287 cogerent.
1783 2216 1975 2270 lncur-

399 2319 590 2364 santes
625 2310 791 2378 igitur
819 2324 880 2363 ea
913 2311 1030 2364 loca
1061 2309 1286 2370 milites,
1337 2315 1536 2377 pra-ter
1564 2305 1860 2360 MOH'lla’OS
1895 2305 1978 2358 in—

406 2401 636 2469 digenas
665 2416 882 2470 quoque
917 2401 1198 2470 (quoniam
1231 2399 1332 2452 etsi
1368 2397 1603 2452 maxime
1631 2397 1852 2459 vellent,
1881 2409 1979 2450 eos

404 2491 804 2554 internoscere,
853 2507 916 2544 ac
949 2491 1266 2545 discernere
1297 2503 1405 2542 non
1445 2485 1715 2556 poterant)
1743 2487 1980 2542 avariter

405 2579 702 2647 depraedati
729 2589 879 2634 sunt.
921 2578 1300 2648 Didynioticlio
1332 2585 1556 2646 propter
1590 2590 1853 2644 generum
1880 2591 1981 2629 no-

404 2667 517 2720 ceri
543 2668 738 2722 vetuit.
779 2668 1036 2722 Μοντιιωί
1072 2668 1257 2736 itaque
1290 2666 1460 2720 armis
1483 2665 1837 2720 vehementer
1863 2666 1980 2736 agi-

409 2761 536 2822 tati,
597 2761 917 2831 vexatique,
965 2761 1031 2814 ad
1085 2760 1245 2814 ﬁdem
1279 2767 1336 2814 et
1368 2758 1752 2813 auctoritatem
1780 2756 1981 2813 Canta-

410 2851 602 2903 cuzcni
636 2851 944 2904 redierunt.
971 2847 1153 2902 Gener
1180 2847 1629 2902 animadvertetis
1649 2849 1836 2917 copias
1855 2861 1982 2903 suas

407 2942 670 3010 paulatim
707 2941 974 3006 dillluere,
1013 2951 1071 2994 et
1097 2955 1185 2995 res
1220 2952 1368 2994 retro
1407 2940 1646 3005 sublabi,
1689 2955 1877 3010 pacem
1910 2939 1982 2994 ab

411 3042 608 3082 socero
644 3046 740 3099 per
772 3031 978 3100 legatos
1027 3029 1188 3098 petit,
1237 3044 1365 3083 cum
1395 3043 1485 3095 eo,
1537 3038 1596 3083 ut
1636 3030 1856 3098 utrique
1887 3043 1984 3083 sua

409 3129 695 3175 maneant.
732 3119 1046 3188 Respondet
1079 3120 1190 3184 ille,
1221 3133 1410 3188 pacem
1442 3132 1500 3172 se
1531 3116 1802 3172 aestimare
1826 3116 1985 3187 longe

411 3211 657 3282 plurimi,
714 3226 891 3280 neque
926 3211 1072 3265 aliud
1125 3210 1422 3280 quidquam
1469 3209 1770 3278 acceptius,
1803 3222 1985 3277 neque

411 3303 708 3372 optabilius
731 3303 838 3356 sibi
854 3317 994 3366 esse,
1016 3312 1071 3355 et
1097 3303 1397 3371 prmscrtim
1422 3315 1609 3370 pacein
1634 3315 1758 3354 cum
1782 3299 1989 3354 charis-

411 3395 593 3449 simis.
634 3394 843 3447 Debere
888 3393 1058 3457 enim,
1091 3393 1426 3462 experientia
1475 3391 1717 3452 doctum,
1758 3399 1814 3445 et
1859 3389 1988 3460 quia

413 3494 574 3555 pater
615 3485 709 3548 sit,
759 3485 1071 3554 providere,
1114 3500 1181 3538 ne
1225 3484 1369 3538 ﬁlius
1399 3483 1646 3553 pristinis
1679 3483 1989 3537 involvatur

414 3577 593 3641 malis,
643 3591 943 3645 causasque
985 3571 1285 3630 factionum
1333 3589 1396 3629 ac
1445 3574 1707 3629 novitatis
1767 3575 1979 3629 t‘ollerc.

415 3666 605 3735 neque
639 3668 786 3720 enim
829 3667 874 3718 si
908 3667 1032 3734 quis
1088 3665 1255 3719 lilium
1293 3663 1347 3717 in
1393 3665 1628 3733 poculis,
1661 3673 1716 3717 et
1751 3665 1888 3729 alca,
1925 3672 1982 3718 ct

421 3756 738 3825 bujusmodi
774 3754 1029 3828 pessimis
1061 3755 1228 3808 rebus
1260 3763 1476 3822 tempus
1507 3763 1902 3813 conterentem,
1931 3761 1988 3806 et

417 3862 547 3901 cum
577 3846 812 3900 ebriosis
842 3861 905 3899 ac
932 3845 1147 3897 vitiosis
1175 3853 1649 3908 consuescentem,
1680 3853 1776 3897 aut
1825 3858 1992 3897 vena-

421 3941 665 3995 tionibus
706 3939 1135 4016 deditissimum;
1184 3945 1241 3992 et
1283 3946 1567 4008 argentum
1615 3953 1778 3992 omne
1827 3937 1991 4007 liujus

419 4033 587 4086 unius
640 4035 716 4084 rei
753 4030 924 4100 gratia
974 4029 1350 4100 prodigentem
1387 4036 1672 4093 'cerneri-t,
1728 4037 1787 4082 ut
1829 4041 1992 4082 canes

425 4124 498 4178 ad
551 4123 865 4178 venandum
912 4123 1048 4192 (57),
1100 4131 1156 4177 et
1193 4135 1368 4190 equos
1397 4125 1760 4188 compararet,
1812 4117 1994 4171 adhuc

419 4231 549 4271 eum
594 4213 864 4268 literedein
900 4214 1172 4267 bonorum
1209 4226 1434 4266 suorum
1468 4210 1764 4273 scriberet,
1817 4205 1982 4278 847

2073 1864 2258 1934 ζηνδν,
2295 1862 2389 1914 καὶ
2418 1859 2788 1930 Μητροφάνην
2841 1856 2934 1909 τὸν
2973 1856 3278 1909 ἐπίσκοπον
3331 1852 3632 1906 Μελενίκου
3681 1850 3687 1859 ’

2073 1952 2207 2021 πρὸς
2237 1950 2461 2021 βασιλέα
2500 1949 2590 2002 τὸν
2637 1948 2757 2000 νέον
2801 1945 3058 2017 πρέσϐεις
3108 1945 3348 2012 ἐπεμπε,
3403 1946 3500 1998 καὶ
3541 1943 3635 1996 τὸν

2075 2045 2311 2113 πόλεμον
2343 2041 2576 2111 παρῄνει
2630 2038 2945 2104 καταλύειν,
2998 2036 3095 2090 τοῦ
3127 2036 3473 2108 νεωτερίζειν
3500 2038 3640 2091 ἀπο-

2077 2137 2300 2191 στάντα.
2333 2133 2457 2187 Τῶν
2500 2134 2771 2188 συνόντων
2799 2131 2857 2185 δέ
2913 2129 3162 2201 φανερῶς
3189 2131 3644 2192 ἐναντιωθέντων,

2076 2227 2172 2279 καὶ
2230 2223 2627 2292 ἀπειπαμένων
2670 2221 2768 2292 τὴν
2799 2221 3045 2292 εἰρήνην,
3105 2222 3228 2273 ἐπεὶ
3279 2221 3332 2274 οι
3385 2219 3649 2287 πρέσϐεις

2077 2311 2348 2379 ἐπανῆκον
2379 2309 2674 2379 ἄπρακτοι,
2707 2307 2802 2361 καὶ
2847 2307 3100 2377 βασιλεὺς
3134 2309 3162 2360 6
3190 2307 3649 2378 Καντακουζηνδς

2077 2403 2262 2455 οὐκέτι
2289 2401 2534 2472 ἔμελλεν,
2576 2399 2711 2453 ἀλλὰ
2744 2403 2847 2463 τὰς
2875 2398 3188 2463 ἀποστάσας
3204 2398 3409 2452 ἐκάκου
3439 2399 3645 2462 πόλεις,

2083 2493 2316 2563 μάλιστα
2345 2493 2401 2544 δέ
2430 2491 2656 2561 Μόρῤαν
2685 2490 2780 2543 καὶ
2825 2491 2921 2553 τὰς
2971 2490 3139 2553 ἄλλας
3192 2490 3293 2554 τὰς
3351 2488 3495 2543 κατὰ
3542 2491 3648 2560 τὴν

2091 2583 2354 2650 Ῥοδόπην
2392 2581 2688 2650 Ῥωμαίοις
2725 2580 3023 2650 ὑπηκόους·
3062 2582 3126 2655 ,αἰ
3160 2579 3379 2642 πλείους
3406 2581 3514 2650 γὰρ
3562 2579 3649 2650 τῷ

2081 2674 2186 2743 νέῳ
2225 2672 2606 2743 προσεχώρουν
2663 2671 2894 2741 βασιλεῖ.
2947 2672 3179 2726 Ἔπειτα
3227 2672 3324 2725 καί⁵
3373 2672 3509 2741 πρὸς
3547 2672 3650 2742 τὴν

2081 2763 2411 2832 Χαλκιδικὴν
2453 2764 2674 2832 πέμψας
2720 2761 3006 2832 στρατιὰν,
3030 2763 3246 2816 ἐκέλευε
3269 2763 3646 2834 κατατρέχεινσ
3687 2796 3702 2805 -

2082 2852 2282 2918 αὐτοὺς
2308 2853 2407 2922 μὲν
2462 2853 2523 2906 ού
2579 2853 2900 2922 βουλόμενος
2941 2853 3171 2918 κακοῦν,
3232 2855 3295 2906 ού
3326 2855 3439 2925 γὰρ
3491 2854 3650 2923 ῂξίου

2083 2945 2208 3008 τοὺς
2243 2945 2336 2998 ὑπ’
2363 2945 2529 2998 αὑτοῦ
2555 2947 2692 3014 πρ¹ς
2723 2945 2944 3014 βασιλέα
2993 2945 3085 2998 τὸν
3109 2948 3228 2999 νέον
3279 2964 3347 2998 πα
3361 2945 3656 3015 ραδεδομὲ⁸

2086 3053 2208 3098 νους
2235 3036 2413 3088 ἐκοντί⁵
2449 3035 2830 3106 κατατρίϐειν,
2879 3036 2955 3099 ὼς
3009 3039 3493 3107 ήγνωμονηκότας,
3534 3037 3653 3089 ἀλλ’

2085 3130 2136 3182 οἰ
2191 3131 2250 3183 ἐν
2291 3129 2487 3199 Μόρῤᾳ
2547 3128 2705 3182 τοῦτο
2735 3128 2836 3198 μὲν
2881 3129 2970 3183 διὰ
2999 3129 3088 3183 τὸν
3165 3129 3404 3200 πόλεμον
3451 3130 3655 3201 ὅμορον

2091 3221 2280 3284 αὐτοῖς
2311 3221 2464 3285 ὅντα,
2489 3219 2648 3272 τοῦτο
2697 3220 2741 3272 δ’
2770 3221 2852 3273 ὃτι
2890 3220 2987 3274 καλ⁸
3018 3221 3051 3288 ή
3107 3219 3420 3274 Χαλκιδέων
3451 3221 3657 3289 βοσκή-
3694 3248 3701 3255 -

2091 3327 2226 3383 μασι
2250 3309 2624 3380 διαχειμάζειν
2653 3311 2856 3380 μᾶλλον
2891 3309 3324 3380 ἐπιτηδειοτέρα,
3362 3309 3450 3362 διά
3469 3327 3529 3363 τε
3552 3311 3657 3381 τὴν

2088 3401 2274 3464 ἀλέαν,
2320 3401 2416 3455 καὶ
2442 3402 2502 3454 τὸ
2539 3403 2743 3469 τροφὴν
2768 3401 3028 3470 παρέχειν
3057 3398 3305 3467 ἄφθονον,
3327 3396 3657 3468 βοσκήματα

2089 3495 2206 3544 ἐκεῖ
2237 3493 2407 3544 πολλὰ
2441 3491 2868 3560 καταγαγόντες,
2897 3490 3215 3559 ἠνάγκασαν
3260 3488 3485 3552 ς.ασ.λέα
3509 3489 3657 3557 πέμ.-

2090 3599 2211 3634 τειν
2249 3580 2335 3632 ἐπ’
2377 3581 2620 3642 ἐκείνους
2644 3580 2926 3650 στρατιὰν,
2961 3578 3010 3631 οἳ
3040 3578 3136 3632 καὶ
3184 3578 3654 3648 καταδραμόντες,

2090 3675 2226 3744 πρὸς
2261 3675 2376 3734 τοῖς
2429 3673 2624 3739 ξένοις,
2688 3674 2979 3725 ἐκάκωσαν
3030 3671 3128 3723 καὶ
3183 3669 3308 3732 τοὺς
3360 3669 3659 3740 ἐγχωρίους

2090 3768 2192 3818 οὐκ
2218 3765 2402 3834 ὀλίγα.
2435 3765 2740 3832 Διακρίνειν
2767 3764 2874 3833 γὰρ
2901 3763 3022 3817 οὐδὲ
3046 3761 3390 3832 βουλομένοις
3422 3762 3510 3831 μάδ
3531 3776 3662 3815 tota

2091 3858 2242 3928 ἐξῆν,
2278 3856 2660 3926 Διδυμότειχον
2686 3857 2743 3909 δὲ
2791 3853 2996 3908 κακοῦν
3030 3855 3130 3908 ούκ
3188 3843 3276 3907 εῒα
3307 3852 3396 3906 διὰ
3430 3852 3662 3922 βασιλέα

2091 3949 2181 4000 τὸν
2217 3947 2492 4017 γαμσρόν.
2539 3947 2603 3999 Οἰ
2661 3946 2764 4010 μὲν
2823 3940 2916 3998 οὖν
2959 3945 3101 3998 κατὰ
3137 3944 3364 4014 Μύρραν
3428 3944 3665 3997 πλεῖστα

2095 4038 2438 4099 κακωθέντες
2473 4037 2566 4090 καὶ
2615 4035 2929 4100 πιεσθέντες
2959 4035 3063 4088 ύπδ
3089 4032 3183 4087 τοῦ
3206 4033 3465 4098 πολέμου,
3505 4032 3665 4094 αὖθις

2095 4129 2484 4199 προσεχώρουν
2510 4127 2723 4197 βασιλεῖ
2752 4127 2829 4197 τῷ
2887 4125 3346 4195 Καντακουζηνῷ·
3409 4125 3670 4196 βασιλεὺς

2094 4220 2152 4274 δέ
2185 4222 2213 4272 6
2233 4219 2371 4285 νέος,
2401 4220 2543 4286 ὀρῶν
2571 4219 2952 4290 ύποῤῥέουσαν
2985 4217 3135 4288 αύτῷ
3159 4216 3257 4286 τὴν
3288 4215 3539 4285 δύναμιν,
3573 4215 3669 4267 καὶ

421 4308 724 4363 secundum
745 4306 1013 4361 rationem
1033 4320 1192 4376 agere
1212 4305 1508 4359 videretur.
1527 4300 1788 4368 Quocirca
1806 4315 1864 4355 se
1886 4301 1978 4355 illi:

2098 4313 2166 4367 τὰ
2195 4313 2500 4383 πράγματα
2530 4314 2858 4382 χωρήσαντα
2889 4310 3088 4377 ὀπίσω,
3122 4309 3342 4380 πέμψας
3371 4310 3507 4380 πρὸς
3564 4309 3670 4378 βαε-

423 4399 657 4453 urbibus
707 4408 835 4452 ante
888 4397 1120 4460 collatis,
1171 4406 1338 4466 atque
1389 4396 1552 4450 etiam
1609 4393 1995 4466 Didymoticho

422 4492 658 4547 cedere:
709 4491 988 4546 Romanos
1037 4502 1220 4546 autem
1273 4505 1552 4560 proceres,
1587 4491 1678 4560 qui
1709 4490 1760 4544 ei
1792 4489 1996 4554 adsint,

423 4601 563 4653 quos
594 4583 710 4653 ipse
740 4593 937 4652 suopte
979 4592 1114 4636 nutu
1148 4583 1199 4637 ei
1233 4597 1340 4636 non
1373 4581 1868 4650 adjunxcrit,‘sive
1904 4580 1995 4634 Di-

423 4675 750 4745 dymoticlii,
801 4675 916 4728 sive
963 4673 1094 4728 alibi
1135 4673 1415 4728 domicilia
1445 4673 1703 4738 habeant,
1754 4672 1892 4727 velle
1925 4671 1998 4726 ab

419 4768 519 4827 illo
548 4767 864 4830 distractos,
898 4765 1004 4820 sibi
1052 4774 1112 4819 ut
1155 4772 1317 4818 antea
1349 4764 1595 4826 subesse,
1635 4772 1692 4817 ut
1740 4777 1807 4816 ne
1844 4764 1996 4817 illum

324 4879 328 4882 ·
424 4860 623 4915 itcrum
673 4858 740 4912 ad
791 4858 994 4912 bellum
1045 4870 1111 4910 ac
1157 4870 1248 4910 res
1297 4871 1467 4910 novas
1515 4855 1816 4924 impellant.
1884 4855 1997 4910 Nec

429 4951 838 5004 lormidaudum
891 4948 1025 5018 ipsis
1059 4961 1127 5002 ne
1171 4946 1313 5002 banc
1347 4947 1714 5002 defectionem
1756 4947 2003 5017 graviore

2099 4402 2250 4455 σιλέα
2301 4403 2394 4454 τὸν
2447 4403 2716 4472 κηδεστὴν
2765 4401 3038 4468 διελέγετο
3085 4402 3215 4470 περὶ
3263 4401 3508 4470 εἰρήνης,
3571 4401 3670 4453 καὶ

2097 4493 2268 4545 ἐδεῖτο
2319 4493 2411 4546 τὸν
2443 4494 2680 4563 πόλεμον
2725 4494 3068 4569 καταῦἐοοακ
3104 4492 3348 4562 ἔχοντας,
3387 4491 3422 4545 ἂ
3454 4494 3670 4561 ἔχουσιν

2095 4585 2454 4655 ἐκάτερον.⁹0
2479 4585 2557 4648 δέ,
2584 4588 2684 4654 τὴν
2711 4587 2810 4655 μὲν
2825 4584 3054 4655 ἐίρήνην
3084 4588 3208 4656 περὶ
3229 4584 3482 4636 πλεὲοτου
3508 4585 3675 4653 μάλι-

2098 4692 2202 4729 στα
2235 4677 2388 4743 ἔλεγε
2416 4677 2713 4738 ποιεῖσθαι,
2758 4678 2924 4746 μηδὲν
2955 4673 3095 4728 εἶναι
3158 4681 3293 4746 μήτε
3353 4677 3504 4744 φίλον
3533 4676 3673 4745 μᾶλ-

2098 4767 2211 4830 λον,
2272 4770 2410 4838 μήτε
2476 4769 2922 4838 σπουδαιότερον,
2965 4770 3062 4821 καὶ
3086 4767 3266 4822 *ταῦτα
3331 4769 3427 4840 οέιχ
3477 4768 3670 4831 ἁπλῶς

2104 4860 2238 4928 πρὸς
2265 4859 2572 4928 όμοξύλους
2599 4860 2884 4930 ἐσομένης,
2921 4859 3057 4913 ἀλλὰ
3102 4859 3241 4930 πρὸς
3303 4861 3430 4922 τοὺς
3481 4858 3671 4928 φιλτά-

2107 4966 2253 5014 τους·
2289 4952 2406 5004 δέον
2427 4953 2524 5024 μέν
2580 4969 2660 5006 τοι
2715 4955 2811 5007 καὶ
2870 4953 2959 5007 διὰ.
2987 4954 3086 5022 τὴν
3117 4953 3409 5023 ἐμπειρίαν
3459 4952 3557 5021 τὴν
3610 4951 3672 5002 ἐν

1702 5069 1920 5131 Jacobi
1960 5071 2230 5135 Pontani
2267 5083 2454 5136 notua.

425 5192 826 5294 ἓ..(Ξῖξηδιιιιίὶιι
855 5190 1140 5264 juvenilia,
1175 5192 1362 5248 venari
1393 5199 1450 5246 et
1475 5192 1751 5262 equitare.
1792 5191 1988 5277 lloorat.

425 5267 438 5278 ⁵
539 5269 554 5294 Ι
691 5278 704 5292 ο

424 5263 914 5403 λῗιιύὲνείξίεθριιυεηὶε
943 5333 1174 5393 tandem,
1204 5332 1418 5386 custode
1445 5343 1662 5403 remoto,

424 5405 628 5460 Gaudet
667 5402 830 5472 equis,
871 5407 1212 5473 canibusque,
1244 5413 1291 5455 et
1325 5402 1492 5469 aprici
1532 5403 1772 5472 gramine
1800 5403 1995 5473 campi.

427 5494 649 5548 Terent.
679 5496 886 5548 Andria
910 5511 929 5548 :

432 5583 580 5652 Quod
605 5585 840 5656 plerique
869 5601 1047 5642 omnes
1081 5585 1284 5656 faciunt
1313 5583 1711 5648 adolescentuli,

2100 5195 2166 5250 Ut
2194 5199 2428 5251 animum
2459 5200 2530 5251 ad
2554 5199 2770 5268 aliquod
2791 5197 3024 5251 studium
3048 5197 3372 5267 adjungant,
3397 5207 3490 5249 aut
3512 5213 3676 5268 equos

2099 5268 2276 5332 Alere,
2310 5278 2402 5320 aut
2433 5284 2593 5322 canes
2625 5269 2693 5322 ad
2731 5275 3049 5323 uitandum.
3129 5299 3144 5306 —

2171 5364 2783 5448 Adrianusimperator,
2806 5394 2865 5436 ut
2885 5393 3075 5435 auctor
3090 5392 3174 5435 est
3193 5384 3244 5435 in
3262 5380 3502 5452 ejusVita
3515 5379 3680 5450 Spar-

2104 5451 2510 5532 tianus,cquos
2543 5469 2600 5507 et
2630 5470 2803 5508 canes
2827 5455 2906 5507 sic
2935 5455 3162 5516 atnavit,
3217 5463 3276 5505 ut
3296 5451 3391 5506 eis
3420 5451 3678 5521 sepulcra

2103 5531 2483 5576 constitueret.
