3964 6210
259 329 362 391 2ῡ9

1409 320 1770 384 HISTORIA
1783 318 1948 380 RUM
1996 317 2059 378 Ll
2075 319 2219 378 BER
2264 319 2355 379 lV.
3376 337 3478 398 270

258 441 417 508 τάχος
461 435 549 488 ἐπ’
584 436 792 488 ἐκεῖνον
825 435 932 505 ᾔει,
971 433 1065 488 καὶ
1090 434 1251 497 αὐτὸς
1297 434 1558 505 στρατιὰν
1582 450 1640 486 τε
1665 431 1812 499 ἄγων

1924 428 2038 484 dem
2086 431 2300 499 imperii
2353 431 2577 485 Romani
2619 433 2895 490 declarare
2941 443 3214 510 statuerit,
3245 461 3342 502 cur
3375 469 3480 507 non

255 532 355 582 οὐκ
387 527 594 594 ὀλίγην,
632 525 729 578 καὶ
766 525 1044 578 Ματθαῖον
1095 526 1464 595 συνεπόμενον
1521 525 1662 592 ἔχων
1723 523 1816 575 τὸν

258 618 391 670 υίὸν.
425 615 656 668 Βασιλέα
697 615 797 681 μὲν
845 609 937 666 οὖν
987 615 1084 684 οὐχ
1134 607 1262 685 εὗρε
1283 615 1375 668 τὸν
1422 612 1692 683 γαμϐρὸν,
1739 613 1816 672 είς

257 709 480 762 Τένεδον
506 707 649 758 κατὰ
698 707 862 774 τάχος
893 706 1183 775 ἁπηρκότα
1217 709 1310 758 καὶ
1331 705 1514 769 αὑτὸν,
1551 703 1817 770 σύγχυσιν

259 799 307 852 δὲ
374 802 468 851 καὶ
508 797 752 867 ταραχὴν
785 799 885 850 οὐκ
924 797 1110 864 ὀλίγην
1155 801 1213 849 ὲν
1242 792 1352 859 τοῖς
1376 795 1818 864 ἐπιφανεστέρας

263 891 499 960 μάλιστα
515 891 916 960 ἐγηγερμένην.
953 891 1045 952 El;
1073 889 1262 960 τρίτην
1293 889 1399 958 γὰρ
1425 888 1636 958 ἡμέραν
1682 887 1820 956 μετὰ

257 985 358 1053 τὴν
387 982 683 1052 ἐπιδημίαν
728 983 928 1042 πάντες
963 983 1027 1034 ὲκ
1058 981 1220 1043 συνθῆ
1236 995 1402 1048 ματος
1449 981 1732 1048 γενόμενοι
1761 981 1819 1030 ὲν

259 1074 575 1144 βασιλείοις,
621 1075 836 1140 ἀγνοεῖν
891 1073 1099 1140 ἔφασαν
1165 1072 1300 1141 πρὸς
1358 1071 1601 1140 βασιλέα,
1673 1072 1701 1122 ὅ
1766 1087 1819 1120 τι

256 1166 498 1236 βούλοιτο
534 1165 682 1234 αὐτῷ
723 1167 755 1234 ἡ
803 1167 933 1235 προς
958 1165 1208 1217 τοσοῦτον
1256 1165 1341 1232 ἐφ’
1366 1165 1600 1234 ἑκάτερα
1653 1163 1817 1233 ῥοπὴ,

253 1261 388 1312 ὦττε
425 1259 551 1328 μηδ’
583 1258 780 1319 αὐτοὺς
803 1259 1003 1324 εἰδέναι
1033 1259 1178 1326 ἔχειν
1204 1257 1454 1325 ὁποτέρῳ
1473 1255 1816 1326 πρόσθοιντο.

255 1353 306 1404 ΕΞ
333 1351 441 1418 μὲν
487 1350 595 1418 γὰρ
651 1351 716 1401 ἐκ
746 1351 950 1418 τρόπου
1011 1352 1212 1412 παντῖς
1269 1349 1493 1418 βασιλέα
1549 1348 1639 1399 τὸν
1703 1346 1820 1400 νέον

265 1442 516 1510 Ἰωάννην
549 1440 756 1508 ἔγνωκε
786 1439 1123 1508 κληρονόμον
1153 1438 1527 1492 ἀποδεικνύειν
1553 1437 1651 1505 τῆς
1687 1436 1823 1488 Ῥω-

259 1531 428 1599 μαίων
479 1528 802 1598 ἡγεμονίας,
863 1529 915 1580 τί
973 1531 1046 1598 μὴ
1110 1531 1206 1583 καὶ
1274 1531 1456 1591 αὐτοῖς
1522 1525 1822 1596 κατάδηλον

257 1622 413 1681 Ιιιοιεῖ,
456 1618 599 1670 ὥστε
654 1619 792 1688 μήτε
831 1618 1104 1686 πολεμεῖν,
1151 1618 1285 1668 ἀλλὰ
1341 1619 1434 1670 καὶ
1488 1615 1818 1681 θεραπεύειν

261 1712 546 1777 μέλλοντας
563 1709 730 1778 ὀλίγῳ
753 1709 977 1778 ὕστερον
1007 1705 1145 1760 εἷναι
1173 1707 1264 1760 ὑπ’
1294 1708 1499 1760 ἐκεῖνον
1522 1723 1538 1772 ;
1572 1705 1822 1774 Ἀνόητον

1921 524 2024 574 hoc
2066 521 2197 590 ipsis
2233 522 2475 586 aperiat?
2516 539 2626 593 quo
2668 541 2774 580 non
2810 530 2969 583 modo
3016 537 3181 591 armis
3213 553 3338 593 eum
3375 558 3481 598 non

1920 622 2336 684 persequantur,
2379 614 2472 668 sed
2519 616 2681 669 etiam
2743 619 2951 688 (utpote
2995 639 3100 679 non
3144 629 3316 683 multo
3361 643 3485 700 post

1921 708 1975 759 in
2040 706 2156 774 ejus
2207 714 2476 773 potestate
2520 706 2723 776 futuri)
2769 713 3046 782 obsequiis
3089 718 3288 775 colant.
3339 723 3485 778 Stul-

1921 803 2034 848 tum
2057 795 2224 859 enim,
2242 803 2294 850 et
2321 795 2800 854 insolentissimum
2823 819 2964 870 esse,
2990 819 3177 862 contra
3199 810 3478 867 dominum

1921 887 2272 954 insolescere,
2315 898 2370 943 et
2412 889 2530 958 ejus
2564 889 2748 947 hostes
2778 895 2985 955 videri;
3021 909 3306 970 propterea
3337 906 3481 973 quod

1921 978 2039 1047 ipso
2078 994 2204 1033 enm
2243 980 2553 1047 adjuvante,
2598 991 2653 1036 et
2697 983 2926 1054 imperio
2957 989 3102 1043 ultro
3135 995 3362 1050 cedente
3389 1011 3486 1048 no-

1920 1083 2048 1122 cere
2082 1068 2132 1122 ei
2164 1084 2270 1122 non
2316 1079 2593 1138 poterunt,
2630 1073 2729 1126 sibi
2777 1075 2908 1143 ipsis
2947 1089 3150 1138 autem.
3192 1082 3401 1147 liberis,
3433 1097 3488 1140 et

1923 1158 2247 1229 propinquis
2285 1161 2580 1223 nocebunt,
2627 1165 2859 1220 maxime
2909 1169 3090 1224 hostes
3125 1171 3271 1226 illius
3308 1177 3486 1228 mani-

1919 1251 2150 1312 festarii.
2185 1251 2273 1306 cui
2311 1251 2476 1304 velint
2513 1253 2689 1307 nolint
2729 1256 2954 1312 subesse
2992 1259 3215 1316 debent.
3257 1263 3409 1329 Quod
3439 1268 3485 1320 si

1920 1359 2045 1398 eum
2095 1344 2375 1397 inimicum
2423 1341 2616 1406 ducat,
2665 1346 2918 1415 ipsosque
2964 1349 3225 1420 impigros
3279 1354 3488 1411 militiae

1923 1435 2103 1488 socios
2141 1433 2338 1488 habere
2384 1433 2675 1499 desideret,
2708 1450 2844 1504 opus
2863 1452 2982 1493 esse
3015 1449 3074 1494 ut
3095 1457 3243 1511 spem
3277 1445 3486 1501 ﬁrmam

1924 1524 1978 1576 in
2023 1532 2300 1592 posterum
2331 1521 2514 1586 faciat,
2548 1539 2654 1592 qua
2687 1525 2795 1579 nixi
2825 1526 2978 1581 illum
3030 1529 3259 1587 ﬁdenter
3295 1549 3488 1605 aggre-

1923 1612 2161 1666 diantur.
2200 1611 2348 1665 lianc
2393 1613 2529 1677 fore,
2566 1613 2610 1666 si
2648 1613 2957 1670 Matthzeum
2988 1618 3158 1674 ﬁlium
3193 1623 3490 1693 imperato-

1926 1719 2039 1757 rem
2067 1702 2316 1772 designet
2349 1703 2482 1773 (59).
2513 1704 2603 1758 Sic
2642 1706 2789 1758 enim
2835 1707 3230 1768 dubitationem
3271 1729 3488 1772 omnem

256 1804 352 1871 γάρ
383 1803 452 1854 ἂν
487 1793 598 1867 εἴη’,
629 1801 723 1852 καὶ
753 1799 862 1852 τῶν
886 1798 1268 1861 ἀτοπωτάτων,
1299 1797 1634 1865 ἀγνωμονεῖν
1683 1794 1819 1866 πρὸς

1924 1793 2307 1862 deposituros,
2351 1804 2408 1848 et
2468 1794 2724 1850 alacriter
2768 1782 3042 1866 juniore
3104 1803 3488 1874 imperatorem

258 1893 338 1944 τὸν
386 1893 687 1960 δεσπότην,
748 1892 842 1944 καὶ⁵
894 1890 1189 1960 πολεμίους
1263 1888 1572 1957 φαίνεσθαι,
1623 1887 1684 1952 ἐξ
1742 1881 1817 1940 ὧν

261 1985 456 2036 ἐκεῖνον
500 1983 606 2050 μὲν
647 1980 710 2032 οὐ
739 1980 1058 2050 δυνήσονται
1087 1977 1396 2047 διαφθερεῖν
1420 1975 1582 2029 αὑτοῦ
1631 1993 1820 2029 συναι-

267 2075 508 2143 ρομένου,
570 2071 665 2125 καὶ
717 2071 816 2141 τῆς
867 2070 1044 2141 ἀρχῆς
1099 2067 1561 2140 παραχωροῦντος
1615 2066 1816 2130 ἑκοντὶ,

270 2165 394 2229 σφᾶς
420 2164 477 2216 δὲ
505 2163 704 2216 αὐτοὺς
730 2164 824 2216 καὶ
845 2164 1031 2222 τέκνα,
1067 2161 1162 2213 καὶ
1185 2161 1420 2222 οἰκείους
1457 2159 1716 2228 βλάψουσι
1749 2160 1819 2210 τα

276 2252 506 2319 μέγιστα,
538 2249 788 2319 πολέμιοι
833 2248 1221 2316 ἀναφανέντες,
1255 2242 1298 2315 ᾧ
1351 2243 1625 2300 δουλεῦειν
1660 2245 1814 2310 ἓξουυ

287 2359 360 2394 σιν
405 2344 659 2411 ἀνάγκην.
720 2343 782 2394 Εἰ
839 2341 1071 2402 δἀὑτός
1123 2357 1182 2392 τε
1255 2338 1512 2410 πολέμιον
1574 2339 1816 2407 ἡγεῖται,

286 2433 541 2493 κάκείνους
596 2431 892 2501 προθύμως
931 2430 1178 2499 βούλεται
1218 2429 1588 2498 συμπολεμεῖν
1643 2425 1814 2494 αὐτῷ,

279 2525 447 2575 ἐλπίδα
485 2522 608 2574 τινὰ
644 2522 868 2590 βεὸαίαν
900 2521 1017 2574 δέον
1075 2518 1209 2585 πρὸς
1272 2517 1341 2570 τὰ
1381 2517 1641 2586 μέλλοντα
1679 2531 1820 2583 παρ-

273 2608 537 2682 έχεσθαιῇ
588 2613 901 2670 πεισῡέντες
954 2609 1149 2677 ἐκείνῳ
1186 2607 1559 2676 πολεμήσουσι
1609 2604 1816 2676 προθύ·

267 2719 394 2770 μως.
421 2702 570 2770 Αὕτη
625 2702 668 2753 δ’
707 2701 771 2753 ἂν
804 2701 888 2768 εἴη
941 2698 1001 2750 τὸ
1062 2698 1340 2750 Ματοαῖον
1385 2697 1476 2747 τὸν
1529 2695 1644 2748 υἱὸν
1687 2694 1823 2747 ἀπο-

262 2792 521 2843 δεικνύειν
588 2789 836 2859 βασιλέα,
904 2785 980 2850 ὼς
1034 2785 1178 2839 οὕτω
1233 2787 1411 2838 πᾶσαν
1486 2783 1819 2852 ἀμφιϐολίαν

260 2882 701 2952 ἀποϐησομένων,
739 2881 831 2934 καὶ
857 2879 1153 2949 προθύμως
1199 2875 1276 2945 τῷ
1330 2875 1434 2944 νέῳ
1467 2874 1674 2944 βασιλεῖ
1717 2889 1821 2926 πο·

258 2976 629 3044 λεμησόντων,
678 2973 866 3025 ἐλπίδα
900 2970 1126 3039 βεϐαίαν
1185 2969 1297 3039 ἥδη¹
1327 2967 1701 3035 κεκτημένων,
1741 2966 1817 3028 ὡς

258 3066 692 3137 ἦκρατήσαντες
749 3063 859 3116 τῶν
913 3061 1186 3130 πολεμίων
1238 3060 1324 3112 διὰ
1377 3059 1501 3128 ,βίου
1567 3059 1817 3128 βασιλέας

258 3158 415 3208 αὐτὸν
441 3157 630 3221 ἕξουσι
660 3153 750 3206 καὶ
780 3155 870 3204 τὸν
897 3154 1031 3205 υἱόνο
1060 3151 1092 3220 ἦ
1128 3151 1221 3203 καὶ
1249 3150 1402 3202 αὐτοὶ
1431 3151 1818 3218 κρατηθέντων

257 3246 819 3314 συνδιαφθαρήσονται
882 3242 1080 3298 αὐτῶν.
1135 3243 1197 3294 Οἱ
1265 3241 1361 3311 μὲν
1395 3258 1485 3293 ουν
1560 3241 1617 3292 ὲν
1674 3239 1819 3293 τέλει

249 3339 473 3390 τοιαῦτα
502 3333 680 3389 εἷπον.
722 3336 983 3394 Βασιλεὺς
1021 3333 1098 3399 δὲ,
1131 3333 1241 3403 Τὴν
1272 3333 1370 3402 μὲν
1399 3332 1622 3397 ἀξίωσιν
1647 3332 1820 3401 ὑμῶν,

249 3432 316 3491 ὼς
356 3430 554 3482 δικαία
572 3446 656 3495 τε,
694 3425 842 3491 εἷπε,
876 3427 972 3481 καὶ
997 3428 1120 3478 νοῦν
1151 3413 1370 3494 ἔχουσα,
1407 3425 1500 3477 καὶ
1529 3426 1822 3490 ἀναγκαῖον

249 3522 450 3577 εἰδέναι
491 3521 601 3592 ὅτῳ
633 3518 1036 3590 προσθεμένους
1085 3515 1196 3588 χρὴ
1221 3516 1392 3588 ἑτέρῳ
1415 3515 1690 3582 πολεμεῖν,
1723 3514 1823 3567 οὐκ

249 3615 308 3665 ἂν
325 3613 637 3683 ἀρνηθείην
657 3613 761 3664 οὐδ’
794 3611 975 3673 αὑτός.
999 3611 1100 3661 Τὸν
1126 3611 1242 3679 ,μὲν
1272 3610 1379 3678 γὰρ
1420 3609 1575 3661 ἄλλον
1606 3605 1824 3661 ἅπαντα

247 3705 464 3772 χρόνον,
515 3703 677 3764 εὐθὺς
707 3703 844 3770 μετὰ
871 3704 933 3753 τὸ
982 3702 1129 3768 ἡμᾶς
1185 3700 1294 3751 τῶν
1343 3698 1623 3768 πολεμίων
1663 3712 1818 3764 περι-

250 3795 613 3865 γεγενῆσθαι,
649 3792 1076 3847 καταλελυκέναι
1110 3808 1165 3844 τε
1199 3790 1288 3844 τὸν
1333 3791 1570 3858 πόλεμον
1611 3787 1822 3857 συμϐἁο

247 3904 347 3949 est;
381 3885 664 3953 θεμένους
696 3880 838 3953 πρὸς
889 3884 1091 3936 Ἀνναν
1119 3883 1218 3949 τὴν
1249 3880 1517 3950 βασιλίδα,
1546 3878 1642 3932 καὶ
1674 3879 1824 3946 βασι-

243 3977 334 4027 λέα
367 3979 469 4028 τὸν
505 3975 636 4042 ἐμὸν
665 3974 936 4042 γαμὸρὸν,
999 3973 1158 4034 αὐτὸς
1204 3970 1512 4041 ἠνάγκαζον
1557 3970 1700 4037 ὑμᾶς
1743 3968 1826 4022 δε-

245 4069 460 4138 σπότην
490 4067 723 4126 ἐκεῖνον,
755 4067 844 4116 καὶ
879 4064 1101 4132 βασιλέα
1134 4064 1223 4115 καὶ
1261 4063 1482 4125 εἰδέναι,
1535 4061 1630 4114 καὶ
1664 4062 1818 4130 νομί·

239 4154 373 4218 ζεινο
402 4148 648 4208 καὶόὐκ
685 4155 742 4206 ὲν
773 4156 1070 4225 ἀπορρήτῳ
1125 4153 1305 4222 μόνον,
1385 4152 1522 4204 ἀλλὰ
1569 4152 1666 4204 καὶ
1727 4152 1824 4203 ἐπὶ

236 4246 460 4300 πολλῶν
514 4244 777 4307 πολλάκις
804 4245 894 4295 τὸν
940 4245 1058 4297 νέον
1118 4243 1344 4312 βασιλέα
1386 4245 1481 4296 καὶ
1515 4241 1817 4310 περιόντος,

233 4341 324 4388 καὶ
362 4337 524 4406 μετὰ
567 4335 666 4405 τὴν
720 4334 979 4404 τελευτὴν
1035 4335 1170 4402 ἐμοῦ
1221 4336 1319 4404 τῆς
1379 4333 1669 4402 Ῥωμαίων
1703 4332 1820 4384 διά-

1921 1896 2371 1955 0ppngnaturos;
2411 1900 2506 1954 spe
2530 1887 2642 1956 jam
2687 1899 2834 1943 certa
2878 1892 3159 1960 subnixos,
3202 1907 3297 1951 aut
3331 1898 3491 1955 victis

1921 1977 2173 2032 hostibus
2219 1978 2397 2046 ipsum
2431 1993 2553 2031 cum
2581 1979 2712 2042 ﬁlio,
2738 1983 2916 2050 quoad
2961 1985 3219 2049 vixerint,
3253 1989 3491 2060 impera-

1920 2077 2070 2124 tores
2107 2069 2433 2123 habituros:
2465 2078 2558 2154 aut
2601 2070 2646 2124 si
2694 2064 2792 2141 ipsi
2847 2073 3154 2142 vincantur,
3183 2093 3306 2133 cum
3357 2082 3490 2151 ipsis

1920 2163 2082 2218 simul
2133 2161 2450 2216 metituros.
2503 2161 2779 2219 Hactenus
2819 2165 3097 2223 nobilitas.
3132 2167 3267 2226 Tum
3320 2171 3492 2243 impc-

1920 2261 2071 2307 rator
2096 2253 2175 2306 sic
2200 2262 2389 2306 contra
2422 2253 2564 2306 fatus
2593 2266 2676 2307 est
2708 2271 2722 2308 :
2749 2255 3073 2311 Pctitionem
3110 2271 3342 2315 vestram
3367 2279 3488 2318 esse

1914 2343 2142 2412 justam,
2167 2347 2223 2394 et
2253 2355 2376 2394 cum
2403 2342 2614 2395 ratione
2645 2344 3106 2409 consentientem,
3137 2361 3201 2400 ac
3227 2364 3323 2402 vos
3349 2352 3488 2406 scire

1919 2441 2196 2502 oportere,
2234 2433 2341 2486 utri
2378 2431 2622 2486 faventes
2673 2433 2728 2487 in
2771 2435 3002 2489 alterum
3051 2453 3200 2494 arma
3238 2445 3486 2506 vertatis,

1919 2540 2022 2579 nec
2067 2538 2167 2594 ego
2213 2523 2426 2578 inﬁcias
2475 2523 2686 2578 iverim.
2732 2524 2866 2578 Nam
2897 2525 3060 2581 simul
3091 2543 3155 2582 ac
3203 2530 3490 2587 debellatis

1921 2616 2176 2670 hostibus
2225 2615 2424 2669 bellum
2477 2615 2781 2682 posuimus,
2821 2625 2876 2670 et
2924 2615 3104 2673 fmdus
3155 2635 3279 2676 cum
3333 2627 3486 2681 Anna

1922 2707 2293 2777 imperatrice,
2342 2721 2648 2776 generoque
2692 2722 2812 2760 meo
2865 2707 3192 2777 imperatore
3239 2713 3486 2781 fecimus,

1920 2799 2039 2867 ipse
2073 2796 2331 2867 cogebant
2362 2811 2458 2849 vos
2500 2795 2785 2850 dominum
2830 2795 3007 2862 illum,
3047 2799 3212 2870 85o
3243 2804 3490 2874 ριίιηρρ-

1924 2898 2160 2942 ratorcm
2204 2887 2364 2945 scire.
2406 2895 2570 2955 atque
2618 2900 2912 2954 agnoscere
2951 2905 2964 2940 :
3013 2904 3112 2944 nec
3165 2891 3220 2945 in
3274 2908 3489 2950 secreto

1923 2977 2122 3041 solum,
2155 2975 2250 3030 sed
2303 2976 2489 3028 multis
2523 2990 2666 3043 Stepe
2708 2974 3080 3042 audientibus,
3129 2977 3486 3053 PalmOIOgum

1922 3071 2215 3138 superstite
2258 3083 2364 3130 me,
2407 3077 2461 3120 et
2515 3076 2636 3134 post
2678 3065 2890 3119 obitum
2922 3081 3098 3121 meum
3148 3070 3201 3123 in
3245 3072 3488 3130 Romam)

1928 3160 2156 3229 imperio
2201 3170 2570 3212 successorem
2613 3156 2930 3225 proﬁtebar.
2958 3155 3112 3214 Nunc
3146 3160 3260 3228 ipsa
3305 3179 3484 3219 rerum

1930 3248 2172 3303 conditio
2206 3257 2260 3301 et
2289 3263 2376 3300 me
2413 3247 2575 3300 aliter
2611 3245 2789 3300 facere
2825 3249 3108 3316 compulit,
3141 3267 3302 3321 quam
3342 3255 3486 3308 vulc-

1929 3339 2072 3401 bam,
2131 3347 2185 3390 et
2236 3352 2334 3390 vos
2392 3345 2818 3392 consentaneum
2869 3349 2972 3402 est,
3021 3339 3147 3393 inde
3193 3342 3484 3398 admodum

1926 3425 2214 3495 perplexos
2249 3424 2386 3476 ﬁeri.
2419 3424 2472 3476 Si
2512 3423 2678 3489 igitur
2702 3423 2768 3476 de
2796 3423 2917 3476 lana
2956 3427 3175 3494 caprina
3207 3442 3484 3498 ageretur,

1928 3532 2036 3570 non
2084 3525 2229 3569 esset
2277 3515 2493 3567 ditlicile
2545 3515 2598 3566 in
2651 3530 2886 3582 pra-sena
2934 3516 3205 3585 proloqui,
3247 3523 3390 3588 quod
3435 3525 3487 3577 in

1929 3616 2164 3662 mentem
2211 3604 2462 3660 veniret:
2498 3603 2592 3670 qui
2641 3618 2746 3655 non
2795 3618 3046 3674 magnum
3100 3607 3488 3666 detrimentum

1928 3707 2250 3768 sequeretur
2283 3712 2349 3750 ex
2381 3710 2446 3749 co
2477 3695 2621 3764 quod
2661 3695 2970 3749 inconsulto
3003 3706 3057 3750 et
3088 3697 3489 3757 inconsiderate

1929 3805 2050 3859 quae
2084 3789 2138 3841 in
2174 3787 2398 3840 buccam
2431 3784 2731 3848 venissent,
2764 3784 3141 3840 eﬁ‘ulivissem.
3183 3787 3319 3853 Quia
3363 3808 3493 3846 vero

1929 3881 1997 3936 de
2043 3880 2112 3934 iis
2165 3879 2397 3948 agimus,
2449 3892 2572 3944 quae
2615 3876 2758 3944 apud
2808 3891 2908 3930 nos
2959 3878 3178 3932 maximi
3235 3887 3490 3937 momenti

1930 3983 2058 4028 sunt
2100 3971 2265 4042 (quid
2312 3971 2459 4025 enim
2511 3969 2738 4037 imperio
2785 3969 2958 4040 majus
3001 3970 3182 4040 (40)?)
3234 3988 3292 4026 re
3345 3975 3492 4042 prius

1931 4065 2162 4125 multum
2205 4077 2268 4115 ac
2313 4075 2458 4128 saepe
2504 4059 2821 4128 ponderata,
2867 4060 2946 4113 sic
2976 4060 3192 4114 demum
3223 4067 3365 4132 apud
3396 4081 3495 4120 Vos

1930 4171 2051 4224 quae
2080 4152 2468 4216 conducibilia,
2491 4162 2546 4206 et
2567 4151 2709 4221 justa
2749 4151 3143 4218 existimemus,
3181 4153 3494 4211 disserenda

1930 4255 2079 4301 sunt.
2104 4245 2306 4313 'Neque
2339 4245 2443 4297 huc
2488 4252 2721 4304 tantum,
2767 4241 2860 4296 sed
2912 4253 2966 4295 ct
3000 4243 3124 4312 ipsi,
3159 4254 3270 4298 tum
3308 4262 3407 4315 per
3436 4265 3496 4302 se

1931 4331 2330 4400 unusquisque,
2361 4339 2474 4382 tum
2519 4344 2710 4382 omnes
2739 4331 3103 4384 communiter
3147 4348 3206 4387 re
3238 4347 3496 4390 accurate

229 4426 389 4496 ὃοχον
436 4425 724 4497 βασιλείας
753 4425 968 4478 ἔσεσθαι
1020 4425 1448 4494 ἀπεφθεγγόμην
1472 4439 1484 4451 ”
1509 4423 1628 4475 νυνὶ
1655 4421 1697 4474 δ’
1728 4422 1819 4474 αὐ-

1930 4420 2179 4485 excussa,
2212 4436 2275 4474 ac
2305 4435 2567 4490 perpensa
2598 4421 2674 4474 sic
2711 4423 3010 4489 comparati
3042 4431 3238 4489 estote,
3277 4434 3335 4478 ut
3372 4443 3497 4481 sen-

227 4523 294 4569 τα
322 4520 398 4570 τὰ
439 4520 750 4586 πράγματα
801 4516 900 4586 ὲμέ
934 4534 990 4568 τε
1017 4519 1333 4585 ἠνάγκασαν
1388 4517 1588 4584 ἑτέρως
1651 4514 1824 4582 πρατ-

223 4628 363 4672 τειν,
397 4613 438 4680 ἣ
488 4611 565 4669 ὡς
601 4611 932 4679 ἠϐουλόμην,
961 4614 1052 4661 καὶ
1103 4611 1228 4676 ὑμῖν
1259 4609 1406 4670 εἰκὸς
1441 4605 1680 4676 μεγάλας
1724 4608 1822 4667 τὰς

228 4702 484 4768 ἀπορίας
534 4699 809 4765 εμποιείν.
867 4697 1054 4764 Είμὲν
1086 4693 1176 4747 οὖν
1226 4697 1350 4764 περί
1394 4713 1552 4747 τινων
1592 4697 1822 4749 οἰιδένων

222 4795 317 4842 καὶ
379 4789 897 4858 εὐκαταφρονήτων
952 4787 1158 4853 ολογος
1195 4783 1282 4854 ἦν,
1341 4787 1492 4840 οὐδὲν
1534 4783 1602 4856 ἦν
1661 4788 1821 4854 ἔργον

1933 4512 2158 4566 tentiam
2191 4511 2447 4578 quisque,
2489 4526 2652 4578 quam
2707 4510 2872 4563 rebus
2917 4511 3175 4567 Romanis
3223 4515 3491 4579 universe,

1928 4609 1986 4656 et
2041 4598 2199 4653 vobis
2254 4599 2455 4668 cuique
2505 4615 2750 4653 seorsum
2800 4601 3138 4666 profuturam
3201 4608 3494 4672 putaverit,

1929 4692 2265 4762 pronuntiet.
2299 4691 2376 4760 Ita
2405 4705 2722 4758 reSponsum
2747 4692 2812 4744 ad
2843 4694 3162 4759 petitionem
3193 4696 3494 4750 nobilitatis

1929 4786 2177 4848 dilatum,
2207 4793 2262 4838 et
2286 4792 2589 4838 conventus
2626 4783 2884 4836 dimissus
2915 4797 3018 4857 est.

221 4881 584 4948 φθέγγεσθαι
639 4880 732 4930 νυν
786 4880 845 4939 τὸ
898 4881 1204 4946 παραστὰν,
1254 4880 1328 4944 ὡς
1378 4880 1562 4949 ὀλίγης
1612 4880 1811 4949 βλάὸης
1849 4879 2114 4949 ἐσομένης
2180 4879 2246 4930 ὲκ
2297 4877 2388 4929 τοῦ
2443 4877 2518 4946 μὴ
2573 4878 2690 4945 μετ’
2742 4877 3064 4941 εὐϐουλίας,
3131 4879 3245 4930 ἀλλ’
3305 4879 3496 4946 ἀπερι-

222 4983 507 5035 σκέπτως
545 4973 883 5040 φθέγξασθαι
944 4974 1006 5024 τὸ
1071 4977 1374 5044 προστυχόν
1415 4991 1430 5007 ο
1489 4977 1610 5027 ἐπεὶ
1640 4974 1694 5027 δὲ
1735 4975 1864 5044 περὶ
1894 4975 2003 5026 τῶν
2054 4974 2184 5040 παρ’
2215 4973 2348 5041 ἡμῖν
2382 4972 2674 5039 μεγίστων,
2703 4971 2754 5020 τί
2783 4971 2890 5038 γὰρ
2916 4969 2980 5022 ἂν
3007 4969 3091 5037 εἴη
3121 4969 3302 5037 μεῖζον
3333 4987 3345 5032 ;
3377 4970 3494 5020 δέον

223 5074 525 5141 πρότερον
558 5069 725 5120 πολλα
790 5067 1050 5129 πολλάκις
1100 5068 1493 5136 σκεψαμένους,
1548 5067 1693 5122 οὕτω
1751 5069 1888 5136 πρὸς
1923 5067 2066 5134 ὑμᾶς
2134 5065 2271 5117 ἆττα
2330 5064 2397 5116 ἂν
2455 5060 2727 5128 λυσιτελῇ,
2793 5060 2887 5111 καὶ
2950 5060 3129 5113 δίκαια
3188 5061 3495 5130 νομίζωμεν

213 5165 533 5231 διεξιέναι.
563 5160 638 5211 Οὐ
682 5162 790 5228 μὴν
841 5159 980 5211 ἀλλὰ
1038 5161 1133 5211 καὶ
1203 5161 1359 5227 ὑμεῖς
1433 5159 1610 5223 αὐτοὶ,
1661 5161 1759 5213 καὶ
1796 5158 1902 5228 ἰδία
1942 5158 2192 5221 ἕκαστος,
2224 5154 2325 5206 καὶ
2369 5154 2568 5213 πάντες
2631 5152 2782 5217 κοινῇ
2844 5150 2971 5217 περὶ
3024 5151 3118 5201 τοῦ
3174 5153 3494 5221 πράγματος

215 5259 440 5327 πολλὴν
468 5252 742 5317 ἐξέτασιν,
771 5252 862 5303 καὶ
929 5249 1162 5319 βάσανον
1213 5241 1569 5320 ποιούμενοι,
1629 5249 1772 5302 οὕτω
1837 5235 2357 5321 παρασκευάσασθε,
2425 5244 2498 5305 ὼς
2579 5243 2804 5312 γνώμην
2857 5243 3087 5306 ἕκαστος
3139 5245 3386 5297 εἰσοίσων
3426 5245 3494 5327 fit

1514 5383 1726 5443 Jacobi
1765 5382 2031 5444 Pontani
2067 5388 2253 5441 notas.

285 5499 418 5568 (39)
461 5495 616 5547 Idem
652 5506 816 5560 supra
841 5490 1142 5568 petebatur
1172 5489 1272 5543 hoc
1303 5487 1465 5544 libro.
1496 5499 1542 5539 et
1574 5487 1819 5565 negabat.

1939 5486 2109 5537 πίνων
2163 5483 2504 5552 πραγμάτων
2544 5480 2836 5568 Ιμέγιιιτόν
2892 5480 3047 5539 ἐστι,
3103 5478 3197 5528 καὶ
3251 5475 3496 5538 πλείονος

214 5551 539 5624 Ηιὲιιίὶυει·
567 5551 768 5622 sentit;
805 5551 936 5613 nihil
971 5569 1174 5620 tamen,
1205 5568 1266 5609 ut
1293 5574 1346 5610 ιιι
1383 5573 1441 5609 re
1470 5551 1689 5610 maxiuii
1717 5572 1829 5608 mo-
1940 5551 2474 5624 πρλινίαςὸεόμενον
2499 5573 2510 5602 ;
2538 5551 2771 5619 Regnum
2806 5559 2876 5624 est
2908 5565 3167 5624 summum
3199 5563 3371 5624 rerum
3398 5551 3496 5600 ίιειτ

229 5618 455 5695 ιιέέηῖὶ,
499 5642 704 5684 temere
734 5618 1085 5682 statuendum
1125 5618 1350 5686 censet...
1938 5618 2242 5686 "thumum,
2279 5618 2636 5690 niajoremquc
2672 5620 3054 5688 proridentium
3089 5618 3342 5686 postulat.

291 5709 425 5776 μυ)
467 5702 552 5755 Ad
579 5699 855 5755 Nicoclem
888 5698 1179 5760 lsocrates,
1206 5697 1452 5764 simam
1482 5696 1589 5750 τῶν
1617 5695 1827 5763 ἀνθρω-
