  <div class='ocr_page' id='page_1' title='image "/cluster/home/n/w/nwhite01/storage/ocr_20150623/154/hvd.32044073505299/142.png"; bbox 0 0 3964 6210; ppageno 0'>
   <div class='ocr_carea' id='block_1_1' title="bbox 264 295 375 355">
    <p class='ocr_par' dir='ltr' id='par_1_1' title="bbox 264 295 375 355">
     <span class='ocr_line' id='line_1_1' title="bbox 264 295 375 355; baseline 0 0"><span class='ocrx_word' id='word_1_1' title='bbox 264 295 375 355; x_wconf 78' lang='grc'><strong>2’3</strong></span> 
     </span>
    </p>
   </div>
   <div class='ocr_carea' id='block_1_2' title="bbox 1443 304 2388 370">
    <p class='ocr_par' dir='ltr' id='par_1_2' title="bbox 1443 304 2388 370">
     <span class='ocr_line' id='line_1_2' title="bbox 1443 304 2388 370; baseline 0.01 -9"><span class='ocrx_word' id='word_1_2' title='bbox 1443 304 1979 366; x_wconf 77' lang='lat' dir='ltr'><strong>HISTORIARUM</strong></span> <span class='ocrx_word' id='word_1_3' title='bbox 2019 308 2246 368; x_wconf 83' lang='lat' dir='ltr'><strong>LIBER</strong></span> <span class='ocrx_word' id='word_1_4' title='bbox 2294 311 2388 370; x_wconf 85' lang='grc' dir='ltr'>ιν.</span> 
     </span>
    </p>
   </div>
   <div class='ocr_carea' id='block_1_3' title="bbox 3414 314 3517 375">
    <p class='ocr_par' dir='ltr' id='par_1_3' title="bbox 3414 314 3517 375">
     <span class='ocr_line' id='line_1_3' title="bbox 3414 314 3517 375; baseline -0.019 0"><span class='ocrx_word' id='word_1_5' title='bbox 3414 314 3517 375; x_wconf 62' lang='grc'><strong>274</strong></span> 
     </span>
    </p>
   </div>
   <div class='ocr_carea' id='block_1_4' title="bbox 268 408 1857 492">
    <p class='ocr_par' dir='ltr' id='par_1_4' title="bbox 268 408 1848 485">
     <span class='ocr_line' id='line_1_4' title="bbox 268 408 1848 485; baseline 0.009 -30"><span class='ocrx_word' id='word_1_6' title='bbox 268 408 431 457; x_wconf 61' lang='grc' dir='ltr'>(λαῖον</span> <span class='ocrx_word' id='word_1_7' title='bbox 468 409 559 461; x_wconf 74' lang='grc' dir='ltr'><strong>τὸν</strong></span> <span class='ocrx_word' id='word_1_8' title='bbox 596 410 709 463; x_wconf 66' lang='grc' dir='ltr'>υἱὸν</span> <span class='ocrx_word' id='word_1_9' title='bbox 758 412 1139 467; x_wconf 76' lang='grc' dir='ltr'><strong>ἀποδεικνύειν</strong></span> <span class='ocrx_word' id='word_1_10' title='bbox 1198 416 1441 485; x_wconf 79' lang='grc' dir='ltr'>βασιλέα.</span> <span class='ocrx_word' id='word_1_11' title='bbox 1485 418 1751 479; x_wconf 76' lang='grc' dir='ltr'>Βασιλεὺς</span> <span class='ocrx_word' id='word_1_12' title='bbox 1803 416 1848 470; x_wconf 76' lang='grc' dir='ltr'>δ’</span> 
     </span>
    </p>
   </div>
   <div class='ocr_carea' id='block_1_5' title="bbox 1961 408 3514 492">
    <p class='ocr_par' dir='ltr' id='par_1_5' title="bbox 1961 419 3514 492">
     <span class='ocr_line' id='line_1_5' title="bbox 1961 419 3514 492; baseline 0.004 -21"><span class='ocrx_word' id='word_1_13' title='bbox 1961 419 2129 472; x_wconf 86' lang='lat' dir='ltr'><strong>solum</strong></span> <span class='ocrx_word' id='word_1_14' title='bbox 2156 435 2409 475; x_wconf 89' lang='lat' dir='ltr'><strong>sermone</strong></span> <span class='ocrx_word' id='word_1_15' title='bbox 2442 420 2508 475; x_wconf 90' lang='lat' dir='ltr'><strong>de</strong></span> <span class='ocrx_word' id='word_1_16' title='bbox 2544 420 2736 475; x_wconf 85' lang='lat' dir='ltr'><strong>iisdem</strong></span> <span class='ocrx_word' id='word_1_17' title='bbox 2777 422 2923 475; x_wconf 82' lang='lat' dir='ltr'><strong>docti</strong></span> <span class='ocrx_word' id='word_1_18' title='bbox 2963 438 3105 492; x_wconf 64' lang='lat' dir='ltr'><strong>saepe</strong></span> <span class='ocrx_word' id='word_1_19' title='bbox 3156 423 3381 484; x_wconf 81' lang='lat' dir='ltr'><strong>fuerint,</strong></span> <span class='ocrx_word' id='word_1_20' title='bbox 3423 426 3514 477; x_wconf 84' lang='lat' dir='ltr'><strong>sed</strong></span> 
     </span>
    </p>
   </div>
   <div class='ocr_carea' id='block_1_6' title="bbox 264 502 1844 578">
    <p class='ocr_par' dir='ltr' id='par_1_6' title="bbox 264 502 1844 578">
     <span class='ocr_line' id='line_1_6' title="bbox 264 502 1844 578; baseline 0.006 -26"><span class='ocrx_word' id='word_1_21' title='bbox 264 503 397 552; x_wconf 75' lang='grc' dir='ltr'>ἐπεὶ</span> <span class='ocrx_word' id='word_1_22' title='bbox 426 502 502 570; x_wconf 76' lang='grc' dir='ltr'>μὴ</span> <span class='ocrx_word' id='word_1_23' title='bbox 528 502 625 571; x_wconf 79' lang='grc' dir='ltr'>τὴν</span> <span class='ocrx_word' id='word_1_24' title='bbox 660 504 946 573; x_wconf 74' lang='grc' dir='ltr'><strong>διάσκεψιν</strong></span> <span class='ocrx_word' id='word_1_25' title='bbox 978 502 1125 577; x_wconf 80' lang='grc' dir='ltr'>εἶχεν</span> <span class='ocrx_word' id='word_1_26' title='bbox 1162 507 1240 559; x_wconf 81' lang='grc' dir='ltr'>ἔτι</span> <span class='ocrx_word' id='word_1_27' title='bbox 1299 509 1698 563; x_wconf 75' lang='grc' dir='ltr'>ἀναϐάλλεσθαι</span> <span class='ocrx_word' id='word_1_28' title='bbox 1731 509 1844 578; x_wconf 74' lang='grc' dir='ltr'><strong>(ἑξ-</strong></span> 
     </span>
    </p>
   </div>
   <div class='ocr_carea' id='block_1_7' title="bbox 264 594 1848 671">
    <p class='ocr_par' dir='ltr' id='par_1_7' title="bbox 264 594 1848 671">
     <span class='ocr_line' id='line_1_7' title="bbox 264 594 1848 671; baseline 0.008 -28"><span class='ocrx_word' id='word_1_29' title='bbox 264 595 433 661; x_wconf 76' lang='grc' dir='ltr'>ἡρκει</span> <span class='ocrx_word' id='word_1_30' title='bbox 476 594 583 663; x_wconf 75' lang='grc' dir='ltr'><strong>γὰρ</strong></span> <span class='ocrx_word' id='word_1_31' title='bbox 608 598 634 647; x_wconf 83' lang='grc' dir='ltr'>ὁ</span> <span class='ocrx_word' id='word_1_32' title='bbox 674 598 863 665; x_wconf 81' lang='grc' dir='ltr'><strong>χρόνος</strong></span> <span class='ocrx_word' id='word_1_33' title='bbox 887 600 981 665; x_wconf 82' lang='grc' dir='ltr'>τῆς</span> <span class='ocrx_word' id='word_1_34' title='bbox 1020 600 1338 669; x_wconf 72' lang='grc' dir='ltr'>ἀναϐολῆς),</span> <span class='ocrx_word' id='word_1_35' title='bbox 1366 603 1460 655; x_wconf 72' lang='grc' dir='ltr'>καὶ</span> <span class='ocrx_word' id='word_1_36' title='bbox 1510 604 1610 671; x_wconf 78' lang='grc' dir='ltr'>τὴν</span> <span class='ocrx_word' id='word_1_37' title='bbox 1660 602 1848 656; x_wconf 82' lang='grc' dir='ltr'><strong>στάσιν</strong></span> 
     </span>
    </p>
   </div>
   <div class='ocr_carea' id='block_1_8' title="bbox 265 684 1863 760">
    <p class='ocr_par' dir='ltr' id='par_1_8' title="bbox 265 684 1863 760">
     <span class='ocr_line' id='line_1_8' title="bbox 265 684 1863 760; baseline 0.009 -25"><span class='ocrx_word' id='word_1_38' title='bbox 265 684 680 754; x_wconf 68' lang='grc' dir='ltr'><strong>αὐξανομένην,</strong></span> <span class='ocrx_word' id='word_1_39' title='bbox 745 689 838 739; x_wconf 76' lang='grc' dir='ltr'>καὶ</span> <span class='ocrx_word' id='word_1_40' title='bbox 890 690 1211 759; x_wconf 77' lang='grc' dir='ltr'><strong>προσθήκην</strong></span> <span class='ocrx_word' id='word_1_41' title='bbox 1277 693 1363 744; x_wconf 76' lang='grc' dir='ltr'>ἀεὶ</span> <span class='ocrx_word' id='word_1_42' title='bbox 1459 688 1863 760; x_wconf 63' lang='grc' dir='ltr'>λαμϐάνουσαν</span> 
     </span>
    </p>
   </div>
   <div class='ocr_carea' id='block_1_9' title="bbox 268 775 1867 857">
    <p class='ocr_par' dir='ltr' id='par_1_9' title="bbox 268 775 1867 857">
     <span class='ocr_line' id='line_1_9' title="bbox 268 775 1867 857; baseline 0.009 -31"><span class='ocrx_word' id='word_1_43' title='bbox 268 775 445 845; x_wconf 81' lang='grc' dir='ltr'>ἑώρα,</span> <span class='ocrx_word' id='word_1_44' title='bbox 484 781 760 841; x_wconf 82' lang='grc' dir='ltr'>καταστάς</span> <span class='ocrx_word' id='word_1_45' title='bbox 800 780 879 842; x_wconf 90' lang='grc' dir='ltr'><strong>είς</strong></span> <span class='ocrx_word' id='word_1_46' title='bbox 908 780 1126 848; x_wconf 83' lang='grc' dir='ltr'>μέσους,</span> <span class='ocrx_word' id='word_1_47' title='bbox 1152 784 1299 849; x_wconf 78' lang='grc' dir='ltr'>ἔλεξε</span> <span class='ocrx_word' id='word_1_48' title='bbox 1353 785 1552 839; x_wconf 87' lang='grc' dir='ltr'>τοιάδε.</span> <span class='ocrx_word' id='word_1_49' title='bbox 1613 785 1684 837; x_wconf 81' lang='grc' dir='ltr'>Τὸ</span> <span class='ocrx_word' id='word_1_50' title='bbox 1719 790 1867 857; x_wconf 56' lang='grc' dir='ltr'>περί</span> 
     </span>
    </p>
   </div>
   <div class='ocr_carea' id='block_1_10' title="bbox 265 866 1853 937">
    <p class='ocr_par' dir='ltr' id='par_1_10' title="bbox 265 866 1853 937">
     <span class='ocr_line' id='line_1_10' title="bbox 265 866 1853 937; baseline 0.008 -21"><span class='ocrx_word' id='word_1_51' title='bbox 265 866 381 937; x_wconf 75' lang='grc' dir='ltr'>τῶν</span> <span class='ocrx_word' id='word_1_52' title='bbox 410 867 593 918; x_wconf 73' lang='grc' dir='ltr'>αὐτῶν</span> <span class='ocrx_word' id='word_1_53' title='bbox 624 869 712 921; x_wconf 77' lang='grc' dir='ltr'>ἀεὶ</span> <span class='ocrx_word' id='word_1_54' title='bbox 738 869 1015 934; x_wconf 79' lang='grc' dir='ltr'>διεξιέναι,</span> <span class='ocrx_word' id='word_1_55' title='bbox 1046 874 1140 924; x_wconf 80' lang='grc' dir='ltr'><strong>καὶ</strong></span> <span class='ocrx_word' id='word_1_56' title='bbox 1162 873 1485 927; x_wconf 74' lang='grc' dir='ltr'>ἀποκναίειν</span> <span class='ocrx_word' id='word_1_57' title='bbox 1520 876 1645 937; x_wconf 83' lang='grc' dir='ltr'>τοὺς</span> <span class='ocrx_word' id='word_1_58' title='bbox 1688 876 1853 929; x_wconf 87' lang='grc' dir='ltr'>ἀκού-</span> 
     </span>
    </p>
   </div>
   <div class='ocr_carea' id='block_1_11' title="bbox 264 960 1846 1033">
    <p class='ocr_par' dir='ltr' id='par_1_11' title="bbox 264 960 1846 1033">
     <span class='ocr_line' id='line_1_11' title="bbox 264 960 1846 1033; baseline 0.009 -26"><span class='ocrx_word' id='word_1_59' title='bbox 264 974 435 1019; x_wconf 86' lang='grc' dir='ltr'>οντας</span> <span class='ocrx_word' id='word_1_60' title='bbox 500 960 578 1028; x_wconf 80' lang='grc' dir='ltr'>τῷ</span> <span class='ocrx_word' id='word_1_61' title='bbox 642 960 978 1028; x_wconf 80' lang='grc' dir='ltr'>καινολογεῖν</span> <span class='ocrx_word' id='word_1_62' title='bbox 1042 964 1395 1017; x_wconf 77' lang='grc' dir='ltr'>παντάπασιν</span> <span class='ocrx_word' id='word_1_63' title='bbox 1445 968 1684 1020; x_wconf 79' lang='grc' dir='ltr'>ἐναντίον</span> <span class='ocrx_word' id='word_1_64' title='bbox 1766 968 1846 1033; x_wconf 80' lang='grc' dir='ltr'><strong>δν,</strong></span> 
     </span>
    </p>
   </div>
   <div class='ocr_carea' id='block_1_12' title="bbox 264 1047 1848 1119">
    <p class='ocr_par' dir='ltr' id='par_1_12' title="bbox 264 1047 1848 1119">
     <span class='ocr_line' id='line_1_12' title="bbox 264 1047 1848 1119; baseline 0.009 -23"><span class='ocrx_word' id='word_1_65' title='bbox 264 1047 473 1113; x_wconf 75' lang='grc' dir='ltr'>ὁμοίως</span> <span class='ocrx_word' id='word_1_66' title='bbox 514 1048 626 1118; x_wconf 78' lang='grc' dir='ltr'>ἔχει</span> <span class='ocrx_word' id='word_1_67' title='bbox 659 1050 899 1119; x_wconf 72' lang='grc' dir='ltr'>μέμψιν,</span> <span class='ocrx_word' id='word_1_68' title='bbox 930 1053 1105 1114; x_wconf 81' lang='grc' dir='ltr'>ἄλλως</span> <span class='ocrx_word' id='word_1_69' title='bbox 1128 1053 1173 1105; x_wconf 86' lang='grc' dir='ltr'><strong>θ’</strong></span> <span class='ocrx_word' id='word_1_70' title='bbox 1198 1056 1325 1107; x_wconf 81' lang='grc' dir='ltr'>ὅταν</span> <span class='ocrx_word' id='word_1_71' title='bbox 1365 1057 1413 1106; x_wconf 78' lang='grc' dir='ltr'>οἱ</span> <span class='ocrx_word' id='word_1_72' title='bbox 1451 1056 1745 1119; x_wconf 79' lang='grc' dir='ltr'>ἀκούοντες</span> <span class='ocrx_word' id='word_1_73' title='bbox 1786 1060 1848 1111; x_wconf 84' lang='grc' dir='ltr'><strong>ού</strong></span> 
     </span>
    </p>
   </div>
   <div class='ocr_carea' id='block_1_13' title="bbox 265 1134 1845 1213">
    <p class='ocr_par' dir='ltr' id='par_1_13' title="bbox 265 1134 1845 1213">
     <span class='ocr_line' id='line_1_13' title="bbox 265 1134 1845 1213; baseline 0.009 -26"><span class='ocrx_word' id='word_1_74' title='bbox 265 1139 455 1205; x_wconf 73' lang='grc' dir='ltr'>λόγοις</span> <span class='ocrx_word' id='word_1_75' title='bbox 491 1134 594 1192; x_wconf 81' lang='grc' dir='ltr'>ὦσι</span> <span class='ocrx_word' id='word_1_76' title='bbox 630 1142 792 1210; x_wconf 84' lang='grc' dir='ltr'>μόνον</span> <span class='ocrx_word' id='word_1_77' title='bbox 822 1144 1083 1206; x_wconf 79' lang='grc' dir='ltr'><strong>πολλάκις</strong></span> <span class='ocrx_word' id='word_1_78' title='bbox 1126 1147 1257 1213; x_wconf 74' lang='grc' dir='ltr'>περὶ</span> <span class='ocrx_word' id='word_1_79' title='bbox 1306 1146 1415 1198; x_wconf 83' lang='grc' dir='ltr'><strong>τῶν</strong></span> <span class='ocrx_word' id='word_1_80' title='bbox 1471 1148 1655 1201; x_wconf 85' lang='grc' dir='ltr'>αὐτῶν</span> <span class='ocrx_word' id='word_1_81' title='bbox 1703 1150 1845 1202; x_wconf 65' lang='grc' dir='ltr'>δεδιὲ</span> 
     </span>
    </p>
   </div>
   <div class='ocr_carea' id='block_1_14' title="bbox 262 1230 1849 1310">
    <p class='ocr_par' dir='ltr' id='par_1_14' title="bbox 262 1230 1849 1310">
     <span class='ocr_line' id='line_1_14' title="bbox 262 1230 1849 1310; baseline 0.008 -29"><span class='ocrx_word' id='word_1_82' title='bbox 262 1230 552 1297; x_wconf 82' lang='grc' dir='ltr'>δαγμένοι,</span> <span class='ocrx_word' id='word_1_83' title='bbox 586 1231 720 1283; x_wconf 75' lang='grc' dir='ltr'>ἀλλὰ</span> <span class='ocrx_word' id='word_1_84' title='bbox 752 1234 843 1284; x_wconf 77' lang='grc' dir='ltr'><strong>καὶ</strong></span> <span class='ocrx_word' id='word_1_85' title='bbox 870 1235 980 1295; x_wconf 82' lang='grc' dir='ltr'>τοῖς</span> <span class='ocrx_word' id='word_1_86' title='bbox 1010 1235 1333 1304; x_wconf 71' lang='grc' dir='ltr'>πράγμασιν</span> <span class='ocrx_word' id='word_1_87' title='bbox 1366 1236 1550 1299; x_wconf 82' lang='grc' dir='ltr'>αὐτοῖς</span> <span class='ocrx_word' id='word_1_88' title='bbox 1604 1255 1849 1310; x_wconf 81' lang='grc' dir='ltr'>παρηκο-</span> 
     </span>
    </p>
   </div>
   <div class='ocr_carea' id='block_1_15' title="bbox 263 1318 1848 1401">
    <p class='ocr_par' dir='ltr' id='par_1_15' title="bbox 263 1318 1848 1401">
     <span class='ocr_line' id='line_1_15' title="bbox 263 1318 1848 1401; baseline 0.008 -29"><span class='ocrx_word' id='word_1_89' title='bbox 263 1321 604 1390; x_wconf 76' lang='grc' dir='ltr'>λουθηκότες</span> <span class='ocrx_word' id='word_1_90' title='bbox 636 1324 694 1386; x_wconf 83' lang='grc' dir='ltr'>ἐξ</span> <span class='ocrx_word' id='word_1_91' title='bbox 724 1318 800 1376; x_wconf 81' lang='grc' dir='ltr'>ὦν</span> <span class='ocrx_word' id='word_1_92' title='bbox 839 1326 1108 1394; x_wconf 68' lang='grc' dir='ltr'>ἐσχήκασι</span> <span class='ocrx_word' id='word_1_93' title='bbox 1137 1326 1285 1395; x_wconf 75' lang='grc' dir='ltr'>σαφῆ</span> <span class='ocrx_word' id='word_1_94' title='bbox 1322 1329 1412 1379; x_wconf 78' lang='grc' dir='ltr'><strong>καὶ</strong></span> <span class='ocrx_word' id='word_1_95' title='bbox 1466 1330 1707 1398; x_wconf 76' lang='grc' dir='ltr'>φανερὰν</span> <span class='ocrx_word' id='word_1_96' title='bbox 1751 1332 1848 1401; x_wconf 76' lang='grc' dir='ltr'>τὴν</span> 
     </span>
    </p>
   </div>
   <div class='ocr_carea' id='block_1_16' title="bbox 268 1407 1841 1478">
    <p class='ocr_par' dir='ltr' id='par_1_16' title="bbox 268 1407 1841 1478">
     <span class='ocr_line' id='line_1_16' title="bbox 268 1407 1841 1478; baseline 0.007 -22"><span class='ocrx_word' id='word_1_97' title='bbox 268 1407 554 1470; x_wconf 75' lang='grc' dir='ltr'>ἀπόδειξιν</span> <span class='ocrx_word' id='word_1_98' title='bbox 585 1408 690 1459; x_wconf 85' lang='grc' dir='ltr'><strong>τῶν</strong></span> <span class='ocrx_word' id='word_1_99' title='bbox 721 1409 1053 1477; x_wconf 76' lang='grc' dir='ltr'>λεγομένων.</span> <span class='ocrx_word' id='word_1_100' title='bbox 1088 1411 1179 1471; x_wconf 75' lang='grc' dir='ltr'>Ὠς</span> <span class='ocrx_word' id='word_1_101' title='bbox 1202 1410 1301 1478; x_wconf 84' lang='grc' dir='ltr'>μὲν</span> <span class='ocrx_word' id='word_1_102' title='bbox 1318 1409 1410 1463; x_wconf 77' lang='grc' dir='ltr'>οὖν</span> <span class='ocrx_word' id='word_1_103' title='bbox 1442 1412 1642 1475; x_wconf 80' lang='grc' dir='ltr'><strong>ἀδίκως</strong></span> <span class='ocrx_word' id='word_1_104' title='bbox 1671 1433 1841 1467; x_wconf 78' lang='grc' dir='ltr'>πεπο-</span> 
     </span>
    </p>
   </div>
   <div class='ocr_carea' id='block_1_17' title="bbox 268 1500 1837 1576">
    <p class='ocr_par' dir='ltr' id='par_1_17' title="bbox 268 1500 1837 1576">
     <span class='ocr_line' id='line_1_17' title="bbox 268 1500 1837 1576; baseline 0.007 -28"><span class='ocrx_word' id='word_1_105' title='bbox 268 1500 527 1568; x_wconf 45' lang='grc' dir='ltr'>ὶςέμημαι</span> <span class='ocrx_word' id='word_1_106' title='bbox 558 1500 697 1569; x_wconf 81' lang='grc' dir='ltr'>μετὰ</span> <span class='ocrx_word' id='word_1_107' title='bbox 726 1501 825 1569; x_wconf 78' lang='grc' dir='ltr'>τὴν</span> <span class='ocrx_word' id='word_1_108' title='bbox 853 1502 1115 1569; x_wconf 75' lang='grc' dir='ltr'>βασιλέως</span> <span class='ocrx_word' id='word_1_109' title='bbox 1139 1502 1431 1572; x_wconf 49' lang='grc' dir='ltr'>ιτελευτὴν,</span> <span class='ocrx_word' id='word_1_110' title='bbox 1464 1506 1582 1570; x_wconf 72' lang='grc' dir='ltr'>ζκαὶ</span> <span class='ocrx_word' id='word_1_111' title='bbox 1618 1506 1837 1576; x_wconf 65' lang='grc' dir='ltr'>πολλὰς,</span> 
     </span>
    </p>
   </div>
   <div class='ocr_carea' id='block_1_18' title="bbox 273 1592 1848 1664">
    <p class='ocr_par' dir='ltr' id='par_1_18' title="bbox 273 1592 1848 1664">
     <span class='ocr_line' id='line_1_18' title="bbox 273 1592 1848 1664; baseline 0.004 -21"><span class='ocrx_word' id='word_1_112' title='bbox 273 1592 372 1643; x_wconf 77' lang='grc' dir='ltr'>καὶ</span> <span class='ocrx_word' id='word_1_113' title='bbox 412 1592 765 1655; x_wconf 69' lang='grc' dir='ltr'>παντοδαπάς</span> <span class='ocrx_word' id='word_1_114' title='bbox 809 1594 1078 1662; x_wconf 77' lang='grc' dir='ltr'>ὑπέμεινα</span> <span class='ocrx_word' id='word_1_115' title='bbox 1128 1593 1229 1655; x_wconf 85' lang='grc' dir='ltr'><strong>τὰς</strong></span> <span class='ocrx_word' id='word_1_116' title='bbox 1257 1593 1596 1664; x_wconf 67' lang='grc' dir='ltr'><strong>δυσχερείας,</strong></span> <span class='ocrx_word' id='word_1_117' title='bbox 1632 1596 1722 1649; x_wconf 75' lang='grc' dir='ltr'><strong>καὶ</strong></span> <span class='ocrx_word' id='word_1_118' title='bbox 1752 1598 1848 1660; x_wconf 73' lang='grc' dir='ltr'>τὰς</span> 
     </span>
    </p>
   </div>
   <div class='ocr_carea' id='block_1_19' title="bbox 274 1685 1847 1757">
    <p class='ocr_par' dir='ltr' id='par_1_19' title="bbox 274 1685 1847 1757">
     <span class='ocr_line' id='line_1_19' title="bbox 274 1685 1847 1757; baseline 0.003 -20"><span class='ocrx_word' id='word_1_119' title='bbox 274 1685 595 1749; x_wconf 70' lang='grc' dir='ltr'>ἐπιϐουλάς,</span> <span class='ocrx_word' id='word_1_120' title='bbox 635 1686 730 1739; x_wconf 59' lang='grc' dir='ltr'><strong>καὶ⁸</strong></span> <span class='ocrx_word' id='word_1_121' title='bbox 756 1688 882 1749; x_wconf 73' lang='grc' dir='ltr'>τοὺς</span> <span class='ocrx_word' id='word_1_122' title='bbox 910 1688 1212 1751; x_wconf 70' lang='grc' dir='ltr'>κινδύνους,</span> <span class='ocrx_word' id='word_1_123' title='bbox 1236 1689 1330 1740; x_wconf 79' lang='grc' dir='ltr'>καὶ</span> <span class='ocrx_word' id='word_1_124' title='bbox 1356 1690 1428 1749; x_wconf 81' lang='grc' dir='ltr'>ὡς</span> <span class='ocrx_word' id='word_1_125' title='bbox 1447 1688 1583 1757; x_wconf 81' lang='grc' dir='ltr'>μετὰ</span> <span class='ocrx_word' id='word_1_126' title='bbox 1616 1689 1709 1757; x_wconf 85' lang='grc' dir='ltr'>τὴν</span> <span class='ocrx_word' id='word_1_127' title='bbox 1728 1707 1847 1742; x_wconf 85' lang='grc' dir='ltr'>τοσ-</span> 
     </span>
    </p>
   </div>
   <div class='ocr_carea' id='block_1_20' title="bbox 273 1777 1847 1849">
    <p class='ocr_par' dir='ltr' id='par_1_20' title="bbox 273 1777 1847 1849">
     <span class='ocr_line' id='line_1_20' title="bbox 273 1777 1847 1849; baseline 0.005 -21"><span class='ocrx_word' id='word_1_128' title='bbox 273 1777 446 1843; x_wconf 82' lang='grc' dir='ltr'>αύτην</span> <span class='ocrx_word' id='word_1_129' title='bbox 496 1778 613 1830; x_wconf 83' lang='grc' dir='ltr'>τῶν</span> <span class='ocrx_word' id='word_1_130' title='bbox 658 1778 850 1831; x_wconf 81' lang='grc' dir='ltr'>δεινῶν</span> <span class='ocrx_word' id='word_1_131' title='bbox 904 1780 1192 1847; x_wconf 69' lang='grc' dir='ltr'>ἐπιφορὰν,</span> <span class='ocrx_word' id='word_1_132' title='bbox 1234 1787 1329 1837; x_wconf 73' lang='grc' dir='ltr'><strong>καὶ</strong></span> <span class='ocrx_word' id='word_1_133' title='bbox 1396 1780 1491 1833; x_wconf 80' lang='grc' dir='ltr'>τοῦ</span> <span class='ocrx_word' id='word_1_134' title='bbox 1539 1783 1847 1849; x_wconf 79' lang='grc' dir='ltr'>κρείττονος</span> 
     </span>
    </p>
   </div>
   <div class='ocr_carea' id='block_1_21' title="bbox 278 1872 1848 1943">
    <p class='ocr_par' dir='ltr' id='par_1_21' title="bbox 278 1872 1848 1943">
     <span class='ocr_line' id='line_1_21' title="bbox 278 1872 1848 1943; baseline 0.003 -20"><span class='ocrx_word' id='word_1_135' title='bbox 278 1874 693 1941; x_wconf 81' lang='grc' dir='ltr'>συναιρομένου,</span> <span class='ocrx_word' id='word_1_136' title='bbox 723 1873 847 1934; x_wconf 69' lang='grc' dir='ltr'>τοὺς</span> <span class='ocrx_word' id='word_1_137' title='bbox 871 1872 1355 1942; x_wconf 60' lang='grc' dir='ltr'>ἀντιτεταγμένους</span> <span class='ocrx_word' id='word_1_138' title='bbox 1391 1873 1715 1943; x_wconf 75' lang='grc' dir='ltr'>σύμπαντας</span> <span class='ocrx_word' id='word_1_139' title='bbox 1753 1893 1848 1929; x_wconf 88' lang='grc' dir='ltr'>κε-</span> 
     </span>
    </p>
   </div>
   <div class='ocr_carea' id='block_1_22' title="bbox 279 1964 1851 2035">
    <p class='ocr_par' dir='ltr' id='par_1_22' title="bbox 279 1964 1851 2035">
     <span class='ocr_line' id='line_1_22' title="bbox 279 1964 1851 2035; baseline 0.003 -19"><span class='ocrx_word' id='word_1_140' title='bbox 279 1965 591 2034; x_wconf 73' lang='grc' dir='ltr'>κρατηκὼς,</span> <span class='ocrx_word' id='word_1_141' title='bbox 620 1964 679 2016; x_wconf 76' lang='grc' dir='ltr'><strong>ού</strong></span> <span class='ocrx_word' id='word_1_142' title='bbox 696 1967 811 2025; x_wconf 85' lang='grc' dir='ltr'>τοῖς</span> <span class='ocrx_word' id='word_1_143' title='bbox 823 1964 957 2025; x_wconf 75' lang='grc' dir='ltr'>ἴσοις</span> <span class='ocrx_word' id='word_1_144' title='bbox 980 1964 1324 2032; x_wconf 72' lang='grc' dir='ltr'>ἠμειψάμην,</span> <span class='ocrx_word' id='word_1_145' title='bbox 1340 1964 1455 2017; x_wconf 79' lang='grc' dir='ltr'>ἀλλ’</span> <span class='ocrx_word' id='word_1_146' title='bbox 1473 1964 1851 2035; x_wconf 75' lang='grc' dir='ltr'>ἑφιλονείκησα</span> 
     </span>
    </p>
   </div>
   <div class='ocr_carea' id='block_1_23' title="bbox 284 2056 1851 2126">
    <p class='ocr_par' dir='ltr' id='par_1_23' title="bbox 284 2056 1851 2126">
     <span class='ocr_line' id='line_1_23' title="bbox 284 2056 1851 2126; baseline 0.002 -18"><span class='ocrx_word' id='word_1_147' title='bbox 284 2059 457 2109; x_wconf 71' lang='grc' dir='ltr'>πᾶσαν</span> <span class='ocrx_word' id='word_1_148' title='bbox 483 2056 796 2125; x_wconf 71' lang='grc' dir='ltr'>ὑπερϐολὴν</span> <span class='ocrx_word' id='word_1_149' title='bbox 834 2056 1144 2122; x_wconf 80' lang='grc' dir='ltr'>προσθεῖναι</span> <span class='ocrx_word' id='word_1_150' title='bbox 1195 2060 1260 2126; x_wconf 78' lang='grc' dir='ltr'>τῇ</span> <span class='ocrx_word' id='word_1_151' title='bbox 1300 2058 1696 2125; x_wconf 58' lang='grc' dir='ltr'>μεγαλοψυχία,</span> <span class='ocrx_word' id='word_1_152' title='bbox 1757 2062 1851 2112; x_wconf 67' lang='grc' dir='ltr'><strong>κοιλ¹</strong></span> 
     </span>
    </p>
   </div>
   <div class='ocr_carea' id='block_1_24' title="bbox 284 2148 1848 2219">
    <p class='ocr_par' dir='ltr' id='par_1_24' title="bbox 284 2148 1848 2219">
     <span class='ocr_line' id='line_1_24' title="bbox 284 2148 1848 2219; baseline 0.001 -20"><span class='ocrx_word' id='word_1_153' title='bbox 284 2152 349 2212; x_wconf 82' lang='grc' dir='ltr'>ὡς</span> <span class='ocrx_word' id='word_1_154' title='bbox 422 2151 485 2201; x_wconf 78' lang='grc' dir='ltr'>οὐ</span> <span class='ocrx_word' id='word_1_155' title='bbox 571 2149 751 2201; x_wconf 83' lang='grc' dir='ltr'>πάντα</span> <span class='ocrx_word' id='word_1_156' title='bbox 814 2148 980 2201; x_wconf 66' lang='grc' dir='ltr'>τᾶλλα</span> <span class='ocrx_word' id='word_1_157' title='bbox 1046 2150 1309 2215; x_wconf 76' lang='grc' dir='ltr'>προεὶμαι</span> <span class='ocrx_word' id='word_1_158' title='bbox 1366 2150 1524 2216; x_wconf 82' lang='grc' dir='ltr'>μόνον</span> <span class='ocrx_word' id='word_1_159' title='bbox 1588 2150 1848 2219; x_wconf 73' lang='grc' dir='ltr'>εὐχερῶς,</span> 
     </span>
    </p>
   </div>
   <div class='ocr_carea' id='block_1_25' title="bbox 296 2233 1851 2307">
    <p class='ocr_par' dir='ltr' id='par_1_25' title="bbox 296 2233 1851 2307">
     <span class='ocr_line' id='line_1_25' title="bbox 296 2233 1851 2307; baseline -0.002 -15"><span class='ocrx_word' id='word_1_160' title='bbox 296 2241 421 2292; x_wconf 66' lang='grc' dir='ltr'><strong>δὶιῗιὰ</strong></span> <span class='ocrx_word' id='word_1_161' title='bbox 458 2240 551 2291; x_wconf 72' lang='grc' dir='ltr'>καὶ</span> <span class='ocrx_word' id='word_1_162' title='bbox 588 2238 784 2305; x_wconf 70' lang='grc' dir='ltr'>αὐτὴν,</span> <span class='ocrx_word' id='word_1_163' title='bbox 812 2237 951 2305; x_wconf 74' lang='grc' dir='ltr'>ὑπὲρ</span> <span class='ocrx_word' id='word_1_164' title='bbox 980 2233 1045 2307; x_wconf 77' lang='grc' dir='ltr'>ἧς</span> <span class='ocrx_word' id='word_1_165' title='bbox 1078 2237 1295 2289; x_wconf 77' lang='grc' dir='ltr'>ἐδόκουν</span> <span class='ocrx_word' id='word_1_166' title='bbox 1354 2237 1421 2288; x_wconf 79' lang='grc' dir='ltr'><strong>τά</strong></span> <span class='ocrx_word' id='word_1_167' title='bbox 1452 2238 1603 2289; x_wconf 85' lang='grc' dir='ltr'>δεινά</span> <span class='ocrx_word' id='word_1_168' title='bbox 1642 2238 1851 2306; x_wconf 80' lang='grc' dir='ltr'>ὑπομε-</span> 
     </span>
    </p>
   </div>
   <div class='ocr_carea' id='block_1_26' title="bbox 311 2328 1851 2400">
    <p class='ocr_par' dir='ltr' id='par_1_26' title="bbox 311 2328 1851 2400">
     <span class='ocr_line' id='line_1_26' title="bbox 311 2328 1851 2400; baseline -0.001 -19"><span class='ocrx_word' id='word_1_169' title='bbox 311 2330 889 2400; x_wconf 63' lang='grc' dir='ltr'>μῖκηκέναιβςσιλείαν</span> <span class='ocrx_word' id='word_1_170' title='bbox 943 2329 1079 2399; x_wconf 79' lang='grc' dir='ltr'>(ἴστε</span> <span class='ocrx_word' id='word_1_171' title='bbox 1114 2329 1223 2397; x_wconf 79' lang='grc' dir='ltr'><strong>γὰρ</strong></span> <span class='ocrx_word' id='word_1_172' title='bbox 1286 2330 1456 2398; x_wconf 80' lang='grc' dir='ltr'>δήπου</span> <span class='ocrx_word' id='word_1_173' title='bbox 1514 2328 1851 2397; x_wconf 81' lang='grc' dir='ltr'>σύμπαντες,</span> 
     </span>
    </p>
   </div>
   <div class='ocr_carea' id='block_1_27' title="bbox 308 2420 1852 2491">
    <p class='ocr_par' dir='ltr' id='par_1_27' title="bbox 308 2420 1852 2491">
     <span class='ocr_line' id='line_1_27' title="bbox 308 2420 1852 2491; baseline -0.001 -18"><span class='ocrx_word' id='word_1_174' title='bbox 308 2423 375 2485; x_wconf 83' lang='grc' dir='ltr'>ὡς</span> <span class='ocrx_word' id='word_1_175' title='bbox 398 2426 491 2491; x_wconf 75' lang='grc' dir='ltr'>τήν</span> <span class='ocrx_word' id='word_1_176' title='bbox 519 2439 567 2474; x_wconf 85' lang='grc' dir='ltr'><strong>τε</strong></span> <span class='ocrx_word' id='word_1_177' title='bbox 598 2423 766 2475; x_wconf 86' lang='grc' dir='ltr'>παῖδα</span> <span class='ocrx_word' id='word_1_178' title='bbox 799 2422 895 2490; x_wconf 79' lang='grc' dir='ltr'>τὴν</span> <span class='ocrx_word' id='word_1_179' title='bbox 942 2421 1079 2489; x_wconf 71' lang='grc' dir='ltr'>ἐμὴν</span> <span class='ocrx_word' id='word_1_180' title='bbox 1122 2420 1393 2489; x_wconf 82' lang='grc' dir='ltr'>συνῴκισα</span> <span class='ocrx_word' id='word_1_181' title='bbox 1444 2420 1520 2491; x_wconf 82' lang='grc' dir='ltr'>τῷ</span> <span class='ocrx_word' id='word_1_182' title='bbox 1561 2423 1664 2488; x_wconf 69' lang='grc' dir='ltr'><strong>νέτρ</strong></span> <span class='ocrx_word' id='word_1_183' title='bbox 1696 2423 1852 2489; x_wconf 83' lang='grc' dir='ltr'>βασι-</span> 
     </span>
    </p>
   </div>
   <div class='ocr_carea' id='block_1_28' title="bbox 302 2513 1853 2585">
    <p class='ocr_par' dir='ltr' id='par_1_28' title="bbox 302 2513 1853 2585">
     <span class='ocr_line' id='line_1_28' title="bbox 302 2513 1853 2585; baseline -0.001 -18"><span class='ocrx_word' id='word_1_184' title='bbox 302 2517 391 2578; x_wconf 77' lang='grc' dir='ltr'>λεῖ,</span> <span class='ocrx_word' id='word_1_185' title='bbox 445 2516 536 2569; x_wconf 81' lang='grc' dir='ltr'>καὶ</span> <span class='ocrx_word' id='word_1_186' title='bbox 562 2520 663 2585; x_wconf 70' lang='grc' dir='ltr'>τῆς</span> <span class='ocrx_word' id='word_1_187' title='bbox 691 2513 868 2583; x_wconf 76' lang='grc' dir='ltr'>ἀρχῆς</span> <span class='ocrx_word' id='word_1_188' title='bbox 924 2513 1201 2582; x_wconf 84' lang='grc' dir='ltr'>μετέδωκα</span> <span class='ocrx_word' id='word_1_189' title='bbox 1258 2513 1441 2575; x_wconf 76' lang='grc' dir='ltr'>εὐθὺς,</span> <span class='ocrx_word' id='word_1_190' title='bbox 1475 2514 1566 2566; x_wconf 80' lang='grc' dir='ltr'>καὶ</span> <span class='ocrx_word' id='word_1_191' title='bbox 1602 2513 1853 2581; x_wconf 76' lang='grc' dir='ltr'>βασιλίδα</span> 
     </span>
    </p>
   </div>
   <div class='ocr_carea' id='block_1_29' title="bbox 294 2600 1856 2678">
    <p class='ocr_par' dir='ltr' id='par_1_29' title="bbox 294 2600 1856 2678">
     <span class='ocr_line' id='line_1_29' title="bbox 294 2600 1856 2678; baseline 0 -19"><span class='ocrx_word' id='word_1_192' title='bbox 294 2612 386 2677; x_wconf 76' lang='grc' dir='ltr'>τὴν</span> <span class='ocrx_word' id='word_1_193' title='bbox 423 2609 641 2678; x_wconf 71' lang='grc' dir='ltr'>μητέρα</span> <span class='ocrx_word' id='word_1_194' title='bbox 669 2612 767 2676; x_wconf 75' lang='grc' dir='ltr'>τῆς</span> <span class='ocrx_word' id='word_1_195' title='bbox 804 2607 1075 2676; x_wconf 80' lang='grc' dir='ltr'>προτέρας</span> <span class='ocrx_word' id='word_1_196' title='bbox 1105 2606 1285 2673; x_wconf 63' lang='grc' dir='ltr'>δῆξης,</span> <span class='ocrx_word' id='word_1_197' title='bbox 1325 2607 1418 2656; x_wconf 76' lang='grc' dir='ltr'>καὶ</span> <span class='ocrx_word' id='word_1_198' title='bbox 1449 2605 1543 2657; x_wconf 83' lang='grc' dir='ltr'>τοῦ</span> <span class='ocrx_word' id='word_1_199' title='bbox 1567 2600 1707 2658; x_wconf 77' lang='grc' dir='ltr'>εἶναι</span> <span class='ocrx_word' id='word_1_200' title='bbox 1760 2608 1856 2659; x_wconf 72' lang='grc' dir='ltr'>καὶ</span> 
     </span>
    </p>
   </div>
   <div class='ocr_carea' id='block_1_30' title="bbox 290 2696 1853 2766">
    <p class='ocr_par' dir='ltr' id='par_1_30' title="bbox 290 2696 1853 2766">
     <span class='ocr_line' id='line_1_30' title="bbox 290 2696 1853 2766; baseline -0.003 -14"><span class='ocrx_word' id='word_1_201' title='bbox 290 2701 650 2765; x_wconf 70' lang='grc' dir='ltr'>ὀνομάζεσθαι</span> <span class='ocrx_word' id='word_1_202' title='bbox 682 2698 968 2766; x_wconf 77' lang='grc' dir='ltr'>Ῥωμαίων</span> <span class='ocrx_word' id='word_1_203' title='bbox 1000 2697 1250 2749; x_wconf 81' lang='grc' dir='ltr'>δεσπότιν</span> <span class='ocrx_word' id='word_1_204' title='bbox 1282 2696 1630 2765; x_wconf 79' lang='grc' dir='ltr'>ἀπεστέρησα</span> <span class='ocrx_word' id='word_1_205' title='bbox 1654 2696 1853 2763; x_wconf 82' lang='grc' dir='ltr'>οὐδὲν),</span> 
     </span>
    </p>
   </div>
   <div class='ocr_carea' id='block_1_31' title="bbox 290 2785 1857 2857">
    <p class='ocr_par' dir='ltr' id='par_1_31' title="bbox 290 2785 1857 2857">
     <span class='ocr_line' id='line_1_31' title="bbox 290 2785 1857 2857; baseline 0 -19"><span class='ocrx_word' id='word_1_206' title='bbox 290 2790 561 2857; x_wconf 71' lang='grc' dir='ltr'>παρήσειν</span> <span class='ocrx_word' id='word_1_207' title='bbox 597 2804 687 2856; x_wconf 85' lang='grc' dir='ltr'><strong>μοι</strong></span> <span class='ocrx_word' id='word_1_208' title='bbox 710 2786 871 2847; x_wconf 80' lang='grc' dir='ltr'>δοκῶ,</span> <span class='ocrx_word' id='word_1_209' title='bbox 912 2786 1132 2839; x_wconf 90' lang='grc' dir='ltr'>πάντων</span> <span class='ocrx_word' id='word_1_210' title='bbox 1189 2786 1216 2837; x_wconf 85' lang='grc' dir='ltr'>ὑ</span> <span class='ocrx_word' id='word_1_211' title='bbox 1229 2785 1345 2853; x_wconf 85' lang='grc' dir='ltr'>μῶν</span> <span class='ocrx_word' id='word_1_212' title='bbox 1374 2785 1686 2853; x_wconf 80' lang='grc' dir='ltr'>σαφέστατα</span> <span class='ocrx_word' id='word_1_213' title='bbox 1718 2788 1857 2838; x_wconf 83' lang='grc' dir='ltr'>είδό·</span> 
     </span>
    </p>
   </div>
   <div class='ocr_carea' id='block_1_32' title="bbox 284 2876 1858 2945">
    <p class='ocr_par' dir='ltr' id='par_1_32' title="bbox 284 2876 1858 2945">
     <span class='ocr_line' id='line_1_32' title="bbox 284 2876 1858 2945; baseline -0.004 -14"><span class='ocrx_word' id='word_1_214' title='bbox 284 2897 410 2938; x_wconf 77' lang='grc' dir='ltr'>των,</span> <span class='ocrx_word' id='word_1_215' title='bbox 455 2880 551 2931; x_wconf 79' lang='grc' dir='ltr'>καὶ</span> <span class='ocrx_word' id='word_1_216' title='bbox 600 2878 855 2945; x_wconf 75' lang='grc' dir='ltr'>οὐδεμιᾶς</span> <span class='ocrx_word' id='word_1_217' title='bbox 900 2876 1169 2945; x_wconf 85' lang='grc' dir='ltr'>δεομένων</span> <span class='ocrx_word' id='word_1_218' title='bbox 1229 2877 1355 2945; x_wconf 78' lang='grc' dir='ltr'>περὶ</span> <span class='ocrx_word' id='word_1_219' title='bbox 1405 2877 1575 2928; x_wconf 83' lang='grc' dir='ltr'>ταῦτα</span> <span class='ocrx_word' id='word_1_220' title='bbox 1634 2878 1858 2929; x_wconf 80' lang='grc' dir='ltr'>ἀποδεί.</span> 
     </span>
    </p>
   </div>
   <div class='ocr_carea' id='block_1_33' title="bbox 285 2968 1854 3037">
    <p class='ocr_par' dir='ltr' id='par_1_33' title="bbox 285 2968 1854 3037">
     <span class='ocr_line' id='line_1_33' title="bbox 285 2968 1854 3037; baseline -0.001 -16"><span class='ocrx_word' id='word_1_221' title='bbox 285 2973 418 3035; x_wconf 79' lang='grc' dir='ltr'>ξεως</span> <span class='ocrx_word' id='word_1_222' title='bbox 451 2984 469 3000; x_wconf 85' lang='grc'><em>’</em></span> <span class='ocrx_word' id='word_1_223' title='bbox 506 2971 589 3022; x_wconf 80' lang='grc' dir='ltr'>ὅτι</span> <span class='ocrx_word' id='word_1_224' title='bbox 620 2969 676 3021; x_wconf 84' lang='grc' dir='ltr'>δὲ</span> <span class='ocrx_word' id='word_1_225' title='bbox 712 2970 847 3037; x_wconf 67' lang='grc' dir='ltr'>μετὰ</span> <span class='ocrx_word' id='word_1_226' title='bbox 877 2968 1001 3029; x_wconf 79' lang='grc' dir='ltr'>τοὺς</span> <span class='ocrx_word' id='word_1_227' title='bbox 1030 2970 1246 3037; x_wconf 76' lang='grc' dir='ltr'>ὅρκους,</span> <span class='ocrx_word' id='word_1_228' title='bbox 1294 2968 1389 3019; x_wconf 77' lang='grc' dir='ltr'>καὶ</span> <span class='ocrx_word' id='word_1_229' title='bbox 1422 2969 1521 3030; x_wconf 86' lang='grc' dir='ltr'><strong>τὰς</strong></span> <span class='ocrx_word' id='word_1_230' title='bbox 1550 2968 1854 3035; x_wconf 81' lang='grc' dir='ltr'>συμϐάσεις</span> 
     </span>
    </p>
   </div>
   <div class='ocr_carea' id='block_1_34' title="bbox 1948 509 3516 582">
    <p class='ocr_par' dir='ltr' id='par_1_34' title="bbox 1948 509 3516 582">
     <span class='ocr_line' id='line_1_34' title="bbox 1948 509 3516 582; baseline 0.002 -20"><span class='ocrx_word' id='word_1_231' title='bbox 1948 509 2114 563; x_wconf 87' lang='lat' dir='ltr'><strong>rebus</strong></span> <span class='ocrx_word' id='word_1_232' title='bbox 2168 511 2299 578; x_wconf 81' lang='lat' dir='ltr'><strong>ipsis</strong></span> <span class='ocrx_word' id='word_1_233' title='bbox 2331 526 2551 580; x_wconf 88' lang='lat' dir='ltr'><strong>quoque</strong></span> <span class='ocrx_word' id='word_1_234' title='bbox 2605 528 2669 566; x_wconf 82' lang='lat' dir='ltr'><strong>ea</strong></span> <span class='ocrx_word' id='word_1_235' title='bbox 2710 514 3104 582; x_wconf 83' lang='lat' dir='ltr'><strong>compererint,</strong></span> <span class='ocrx_word' id='word_1_236' title='bbox 3144 530 3263 582; x_wconf 72' lang='lat' dir='ltr'><strong>qum</strong></span> <span class='ocrx_word' id='word_1_237' title='bbox 3313 526 3516 568; x_wconf 81' lang='lat' dir='ltr'><strong>certam</strong></span> 
     </span>
    </p>
   </div>
   <div class='ocr_carea' id='block_1_35' title="bbox 1949 601 3514 673">
    <p class='ocr_par' dir='ltr' id='par_1_35' title="bbox 1949 601 3514 673">
     <span class='ocr_line' id='line_1_35' title="bbox 1949 601 3514 673; baseline 0.003 -21"><span class='ocrx_word' id='word_1_238' title='bbox 1949 615 2012 653; x_wconf 90' lang='lat' dir='ltr'><strong>ac</strong></span> <span class='ocrx_word' id='word_1_239' title='bbox 2043 601 2385 655; x_wconf 79' lang='lat' dir='ltr'><strong>manifestam</strong></span> <span class='ocrx_word' id='word_1_240' title='bbox 2425 603 2579 657; x_wconf 87' lang='lat' dir='ltr'><strong>urbis</strong></span> <span class='ocrx_word' id='word_1_241' title='bbox 2611 603 3175 657; x_wconf 83' lang='lat' dir='ltr'><strong>ﬁdemconciliarunt.</strong></span> <span class='ocrx_word' id='word_1_242' title='bbox 3218 604 3297 658; x_wconf 80' lang='lat' dir='ltr'><strong>Mc</strong></span> <span class='ocrx_word' id='word_1_243' title='bbox 3329 604 3514 673; x_wconf 76' lang='lat' dir='ltr'><strong>igitur,</strong></span> 
     </span>
    </p>
   </div>
   <div class='ocr_carea' id='block_1_36' title="bbox 1953 692 3515 763">
    <p class='ocr_par' dir='ltr' id='par_1_36' title="bbox 1953 692 3515 763">
     <span class='ocr_line' id='line_1_36' title="bbox 1953 692 3515 763; baseline 0.003 -20"><span class='ocrx_word' id='word_1_244' title='bbox 1953 693 2282 760; x_wconf 87' lang='lat' dir='ltr'><strong>imperatore</strong></span> <span class='ocrx_word' id='word_1_245' title='bbox 2326 692 2643 746; x_wconf 82' lang='lat' dir='ltr'><strong>Andronico</strong></span> <span class='ocrx_word' id='word_1_246' title='bbox 2673 704 2893 747; x_wconf 91' lang='lat' dir='ltr'><strong>mortuo</strong></span> <span class='ocrx_word' id='word_1_247' title='bbox 2920 694 3135 763; x_wconf 85' lang='lat' dir='ltr'><strong>injuste,</strong></span> <span class='ocrx_word' id='word_1_248' title='bbox 3180 704 3238 746; x_wconf 90' lang='lat' dir='ltr'><strong>ut</strong></span> <span class='ocrx_word' id='word_1_249' title='bbox 3284 694 3515 758; x_wconf 85' lang='lat' dir='ltr'><strong>hostem,</strong></span> 
     </span>
    </p>
   </div>
   <div class='ocr_carea' id='block_1_37' title="bbox 1950 784 3515 853">
    <p class='ocr_par' dir='ltr' id='par_1_37' title="bbox 1950 784 3515 853">
     <span class='ocr_line' id='line_1_37' title="bbox 1950 784 3515 853; baseline 0.001 -19"><span class='ocrx_word' id='word_1_250' title='bbox 1950 794 2342 851; x_wconf 82' lang='lat' dir='ltr'><strong>oppugnatum,</strong></span> <span class='ocrx_word' id='word_1_251' title='bbox 2382 785 2719 853; x_wconf 87' lang='lat' dir='ltr'><strong>multosque,</strong></span> <span class='ocrx_word' id='word_1_252' title='bbox 2757 795 2813 837; x_wconf 93' lang='lat' dir='ltr'><strong>et</strong></span> <span class='ocrx_word' id='word_1_253' title='bbox 2842 785 3023 837; x_wconf 85' lang='lat' dir='ltr'><strong>varios</strong></span> <span class='ocrx_word' id='word_1_254' title='bbox 3052 800 3232 848; x_wconf 83' lang='lat' dir='ltr'><strong>casus,</strong></span> <span class='ocrx_word' id='word_1_255' title='bbox 3267 784 3515 846; x_wconf 84' lang='lat' dir='ltr'><strong>insidias,</strong></span> 
     </span>
    </p>
   </div>
   <div class='ocr_carea' id='block_1_38' title="bbox 1952 872 3515 942">
    <p class='ocr_par' dir='ltr' id='par_1_38' title="bbox 1952 872 3515 942">
     <span class='ocr_line' id='line_1_38' title="bbox 1952 872 3515 942; baseline 0.003 -18"><span class='ocrx_word' id='word_1_256' title='bbox 1952 872 2196 941; x_wconf 87' lang='lat' dir='ltr'><strong>pericula</strong></span> <span class='ocrx_word' id='word_1_257' title='bbox 2232 873 2492 937; x_wconf 85' lang='lat' dir='ltr'><strong>subiisse,</strong></span> <span class='ocrx_word' id='word_1_258' title='bbox 2515 884 2571 927; x_wconf 92' lang='lat' dir='ltr'><strong>et</strong></span> <span class='ocrx_word' id='word_1_259' title='bbox 2597 883 2717 942; x_wconf 89' lang='lat' dir='ltr'><strong>post</strong></span> <span class='ocrx_word' id='word_1_260' title='bbox 2750 884 2929 929; x_wconf 81' lang='lat' dir='ltr'><strong>tantos</strong></span> <span class='ocrx_word' id='word_1_261' title='bbox 2951 875 3218 927; x_wconf 89' lang='lat' dir='ltr'><strong>malorum</strong></span> <span class='ocrx_word' id='word_1_262' title='bbox 3245 876 3515 935; x_wconf 88' lang='lat' dir='ltr'><strong>turbines,</strong></span> 
     </span>
    </p>
   </div>
   <div class='ocr_carea' id='block_1_39' title="bbox 1952 962 3519 1033">
    <p class='ocr_par' dir='ltr' id='par_1_39' title="bbox 1952 962 3519 1033">
     <span class='ocr_line' id='line_1_39' title="bbox 1952 962 3519 1033; baseline 0.003 -19"><span class='ocrx_word' id='word_1_263' title='bbox 1952 962 2171 1015; x_wconf 88' lang='lat' dir='ltr'><strong>nemine</strong></span> <span class='ocrx_word' id='word_1_264' title='bbox 2192 963 2520 1031; x_wconf 86' lang='lat' dir='ltr'><strong>opitulante,</strong></span> <span class='ocrx_word' id='word_1_265' title='bbox 2565 964 2917 1018; x_wconf 83' lang='lat' dir='ltr'><strong>adversarios</strong></span> <span class='ocrx_word' id='word_1_266' title='bbox 2952 964 3177 1024; x_wconf 84' lang='lat' dir='ltr'><strong>vicisse,</strong></span> <span class='ocrx_word' id='word_1_267' title='bbox 3233 980 3332 1019; x_wconf 90' lang='lat' dir='ltr'><strong>nec</strong></span> <span class='ocrx_word' id='word_1_268' title='bbox 3370 968 3519 1033; x_wconf 83' lang='lat' dir='ltr'><strong>paria</strong></span> 
     </span>
    </p>
   </div>
   <div class='ocr_carea' id='block_1_40' title="bbox 1951 1052 3515 1123">
    <p class='ocr_par' dir='ltr' id='par_1_40' title="bbox 1951 1052 3515 1123">
     <span class='ocr_line' id='line_1_40' title="bbox 1951 1052 3515 1123; baseline 0.004 -20"><span class='ocrx_word' id='word_1_269' title='bbox 1951 1052 2206 1105; x_wconf 87' lang='lat' dir='ltr'><strong>retulisse</strong></span> <span class='ocrx_word' id='word_1_270' title='bbox 2240 1070 2262 1105; x_wconf 79' lang='lat'><strong><em>:</em></strong></span> <span class='ocrx_word' id='word_1_271' title='bbox 2287 1053 2382 1106; x_wconf 89' lang='lat' dir='ltr'><strong>sed</strong></span> <span class='ocrx_word' id='word_1_272' title='bbox 2436 1054 2587 1106; x_wconf 90' lang='lat' dir='ltr'><strong>omni</strong></span> <span class='ocrx_word' id='word_1_273' title='bbox 2646 1055 2856 1109; x_wconf 91' lang='lat' dir='ltr'><strong>ratione</strong></span> <span class='ocrx_word' id='word_1_274' title='bbox 2890 1056 3319 1123; x_wconf 75' lang='lat' dir='ltr'><strong>magnitudinem</strong></span> <span class='ocrx_word' id='word_1_275' title='bbox 3348 1057 3515 1109; x_wconf 84' lang='lat' dir='ltr'><strong>animi</strong></span> 
     </span>
    </p>
   </div>
   <div class='ocr_carea' id='block_1_41' title="bbox 1951 1144 3515 1211">
    <p class='ocr_par' dir='ltr' id='par_1_41' title="bbox 1951 1144 3515 1211">
     <span class='ocr_line' id='line_1_41' title="bbox 1951 1144 3515 1211; baseline 0.003 -16"><span class='ocrx_word' id='word_1_276' title='bbox 1951 1157 2279 1211; x_wconf 69' lang='lat' dir='ltr'><strong>exaggerare</strong></span> <span class='ocrx_word' id='word_1_277' title='bbox 2318 1144 2615 1210; x_wconf 89' lang='lat' dir='ltr'><strong>studuisse,</strong></span> <span class='ocrx_word' id='word_1_278' title='bbox 2650 1154 2705 1199; x_wconf 89' lang='lat' dir='ltr'><strong>et</strong></span> <span class='ocrx_word' id='word_1_279' title='bbox 2732 1162 2841 1200; x_wconf 88' lang='lat' dir='ltr'><strong>non</strong></span> <span class='ocrx_word' id='word_1_280' title='bbox 2869 1147 3046 1200; x_wconf 87' lang='lat' dir='ltr'><strong>solum</strong></span> <span class='ocrx_word' id='word_1_281' title='bbox 3082 1156 3278 1200; x_wconf 64' lang='lat' dir='ltr'><strong>caetera</strong></span> <span class='ocrx_word' id='word_1_282' title='bbox 3311 1149 3515 1211; x_wconf 82' lang='lat' dir='ltr'><strong>omnia,</strong></span> 
     </span>
    </p>
   </div>
   <div class='ocr_carea' id='block_1_42' title="bbox 1952 1226 3593 1308">
    <p class='ocr_par' dir='ltr' id='par_1_42' title="bbox 1952 1226 3593 1308">
     <span class='ocr_line' id='line_1_42' title="bbox 1952 1226 3593 1308; baseline 0.009 -21"><span class='ocrx_word' id='word_1_283' title='bbox 1952 1235 2046 1287; x_wconf 85' lang='lat' dir='ltr'><strong>sed</strong></span> <span class='ocrx_word' id='word_1_284' title='bbox 2077 1245 2132 1288; x_wconf 89' lang='lat' dir='ltr'><strong>et</strong></span> <span class='ocrx_word' id='word_1_285' title='bbox 2169 1237 2371 1303; x_wconf 89' lang='lat' dir='ltr'><strong>ipsum,</strong></span> <span class='ocrx_word' id='word_1_286' title='bbox 2407 1253 2503 1306; x_wconf 91' lang='lat' dir='ltr'><strong>pro</strong></span> <span class='ocrx_word' id='word_1_287' title='bbox 2536 1254 2646 1307; x_wconf 89' lang='lat' dir='ltr'><strong>quo</strong></span> <span class='ocrx_word' id='word_1_288' title='bbox 2678 1239 2896 1293; x_wconf 80' lang='lat' dir='ltr'><strong>infanda</strong></span> <span class='ocrx_word' id='word_1_289' title='bbox 2942 1255 3237 1308; x_wconf 83' lang='lat' dir='ltr'><strong>perpessus</strong></span> <span class='ocrx_word' id='word_1_290' title='bbox 3271 1240 3514 1305; x_wconf 68' lang='lat' dir='ltr'><strong>Videbar.</strong></span> 
     </span>
    </p>
   </div>
   <div class='ocr_carea' id='block_1_43' title="bbox 1956 1324 3593 1395">
    <p class='ocr_par' dir='ltr' id='par_1_43' title="bbox 1956 1324 3593 1395">
     <span class='ocr_line' id='line_1_43' title="bbox 1956 1324 3593 1395; baseline 0.006 -20"><span class='ocrx_word' id='word_1_291' title='bbox 1956 1324 2246 1390; x_wconf 87' lang='lat' dir='ltr'><strong>imperium</strong></span> <span class='ocrx_word' id='word_1_292' title='bbox 2279 1326 2573 1393; x_wconf 76' lang='lat' dir='ltr'><strong>reliquisse</strong></span> <span class='ocrx_word' id='word_1_293' title='bbox 2603 1327 2792 1395; x_wconf 87' lang='lat' dir='ltr'><strong>(scitis</strong></span> <span class='ocrx_word' id='word_1_294' title='bbox 2820 1328 2967 1381; x_wconf 85' lang='lat' dir='ltr'><strong>enim</strong></span> <span class='ocrx_word' id='word_1_295' title='bbox 3003 1330 3266 1383; x_wconf 87' lang='lat' dir='ltr'><strong>nimirum</strong></span> <span class='ocrx_word' id='word_1_296' title='bbox 3302 1346 3515 1389; x_wconf 85' lang='lat' dir='ltr'><strong>omnes.</strong></span> 
     </span>
    </p>
   </div>
   <div class='ocr_carea' id='block_1_44' title="bbox 1949 1408 3589 1489">
    <p class='ocr_par' dir='ltr' id='par_1_44' title="bbox 1949 1408 3589 1489">
     <span class='ocr_line' id='line_1_44' title="bbox 1949 1408 3589 1489; baseline 0.007 -24"><span class='ocrx_word' id='word_1_297' title='bbox 1949 1413 2113 1483; x_wconf 73' lang='lat'><strong>852</strong></span> <span class='ocrx_word' id='word_1_298' title='bbox 2150 1417 2424 1484; x_wconf 91' lang='lat' dir='ltr'><strong>quomodo</strong></span> <span class='ocrx_word' id='word_1_299' title='bbox 2454 1428 2509 1471; x_wconf 92' lang='lat' dir='ltr'><strong>et</strong></span> <span class='ocrx_word' id='word_1_300' title='bbox 2538 1419 2643 1471; x_wconf 83' lang='lat' dir='ltr'><strong>lilia</strong></span> <span class='ocrx_word' id='word_1_301' title='bbox 2681 1433 2798 1472; x_wconf 89' lang='lat' dir='ltr'><strong>mea</strong></span> <span class='ocrx_word' id='word_1_302' title='bbox 2819 1421 3027 1487; x_wconf 88' lang='lat' dir='ltr'><strong>juniori</strong></span> <span class='ocrx_word' id='word_1_303' title='bbox 3056 1419 3371 1489; x_wconf 77' lang='lat' dir='ltr'><strong>imperatori</strong></span> <span class='ocrx_word' id='word_1_304' title='bbox 3404 1423 3521 1475; x_wconf 89' lang='lat' dir='ltr'><strong>col-</strong></span> <span class='ocrx_word' id='word_1_305' title='bbox 3577 1408 3589 1417; x_wconf 68' lang='grc'><strong>’</strong></span> 
     </span>
    </p>
   </div>
   <div class='ocr_carea' id='block_1_45' title="bbox 1950 1504 3522 1580">
    <p class='ocr_par' dir='ltr' id='par_1_45' title="bbox 1950 1504 3522 1580">
     <span class='ocr_line' id='line_1_45' title="bbox 1950 1504 3522 1580; baseline 0.006 -24"><span class='ocrx_word' id='word_1_306' title='bbox 1950 1504 2148 1570; x_wconf 87' lang='lat' dir='ltr'><strong>locata,</strong></span> <span class='ocrx_word' id='word_1_307' title='bbox 2183 1506 2447 1574; x_wconf 83' lang='lat' dir='ltr'><strong>collegam</strong></span> <span class='ocrx_word' id='word_1_308' title='bbox 2482 1524 2664 1561; x_wconf 90' lang='lat' dir='ltr'><strong>meum</strong></span> <span class='ocrx_word' id='word_1_309' title='bbox 2694 1511 2880 1562; x_wconf 83' lang='lat' dir='ltr'><strong>statim</strong></span> <span class='ocrx_word' id='word_1_310' title='bbox 2917 1510 3069 1564; x_wconf 93' lang='lat' dir='ltr'><strong>illum</strong></span> <span class='ocrx_word' id='word_1_311' title='bbox 3098 1512 3424 1580; x_wconf 78' lang='lat' dir='ltr'><strong>coaptarim.</strong></span> <span class='ocrx_word' id='word_1_312' title='bbox 3468 1524 3522 1565; x_wconf 90' lang='lat' dir='ltr'><strong>et</strong></span> 
     </span>
    </p>
   </div>
   <div class='ocr_carea' id='block_1_46' title="bbox 1949 1595 3523 1671">
    <p class='ocr_par' dir='ltr' id='par_1_46' title="bbox 1949 1595 3523 1671">
     <span class='ocr_line' id='line_1_46' title="bbox 1949 1595 3523 1671; baseline 0.005 -23"><span class='ocrx_word' id='word_1_313' title='bbox 1949 1595 2246 1664; x_wconf 76' lang='lat' dir='ltr'><strong>Augustam</strong></span> <span class='ocrx_word' id='word_1_314' title='bbox 2272 1599 2392 1666; x_wconf 86' lang='lat' dir='ltr'><strong>ejus</strong></span> <span class='ocrx_word' id='word_1_315' title='bbox 2415 1610 2646 1653; x_wconf 92' lang='lat' dir='ltr'><strong>matrem</strong></span> <span class='ocrx_word' id='word_1_316' title='bbox 2676 1601 2846 1669; x_wconf 87' lang='lat' dir='ltr'><strong>priori</strong></span> <span class='ocrx_word' id='word_1_317' title='bbox 2869 1603 3254 1671; x_wconf 85' lang='lat' dir='ltr'><strong>appellatione,</strong></span> <span class='ocrx_word' id='word_1_318' title='bbox 3295 1613 3353 1657; x_wconf 92' lang='lat' dir='ltr'><strong>ut</strong></span> <span class='ocrx_word' id='word_1_319' title='bbox 3375 1614 3523 1658; x_wconf 84' lang='lat' dir='ltr'><strong>esset</strong></span> 
     </span>
    </p>
   </div>
   <div class='ocr_carea' id='block_1_47' title="bbox 1954 1687 3524 1763">
    <p class='ocr_par' dir='ltr' id='par_1_47' title="bbox 1954 1687 3524 1763">
     <span class='ocr_line' id='line_1_47' title="bbox 1954 1687 3524 1763; baseline 0.006 -24"><span class='ocrx_word' id='word_1_320' title='bbox 1954 1687 2233 1752; x_wconf 87' lang='lat' dir='ltr'><strong>videlicet,</strong></span> <span class='ocrx_word' id='word_1_321' title='bbox 2258 1690 2608 1745; x_wconf 88' lang='lat' dir='ltr'><strong>etdiceretur</strong></span> <span class='ocrx_word' id='word_1_322' title='bbox 2635 1692 3006 1751; x_wconf 80' lang='lat' dir='ltr'><strong>Romanorum</strong></span> <span class='ocrx_word' id='word_1_323' title='bbox 3030 1693 3272 1757; x_wconf 87' lang='lat' dir='ltr'><strong>domina,</strong></span> <span class='ocrx_word' id='word_1_324' title='bbox 3300 1696 3524 1763; x_wconf 87' lang='lat' dir='ltr'><strong>penitus</strong></span> 
     </span>
    </p>
   </div>
   <div class='ocr_carea' id='block_1_48' title="bbox 1957 1782 3524 1853">
    <p class='ocr_par' dir='ltr' id='par_1_48' title="bbox 1957 1782 3524 1853">
     <span class='ocr_line' id='line_1_48' title="bbox 1957 1782 3524 1853; baseline 0.003 -20"><span class='ocrx_word' id='word_1_325' title='bbox 1957 1796 2062 1835; x_wconf 91' lang='lat' dir='ltr'><strong>non</strong></span> <span class='ocrx_word' id='word_1_326' title='bbox 2094 1782 2480 1851; x_wconf 89' lang='lat' dir='ltr'><strong>privaverim);</strong></span> <span class='ocrx_word' id='word_1_327' title='bbox 2522 1783 2658 1846; x_wconf 67' lang='lat' dir='ltr'><strong>haec,</strong></span> <span class='ocrx_word' id='word_1_328' title='bbox 2707 1783 2950 1853; x_wconf 90' lang='lat' dir='ltr'><strong>inquam,</strong></span> <span class='ocrx_word' id='word_1_329' title='bbox 2991 1786 3209 1839; x_wconf 90' lang='lat' dir='ltr'><strong>silentio</strong></span> <span class='ocrx_word' id='word_1_330' title='bbox 3243 1787 3524 1852; x_wconf 67' lang='lat' dir='ltr'><strong>prmterire</strong></span> 
     </span>
    </p>
   </div>
   <div class='ocr_carea' id='block_1_49' title="bbox 1950 1871 3520 1942">
    <p class='ocr_par' dir='ltr' id='par_1_49' title="bbox 1950 1871 3520 1942">
     <span class='ocr_line' id='line_1_49' title="bbox 1950 1871 3520 1942; baseline 0.004 -19"><span class='ocrx_word' id='word_1_331' title='bbox 1950 1871 2085 1925; x_wconf 90' lang='lat' dir='ltr'><strong>mihi</strong></span> <span class='ocrx_word' id='word_1_332' title='bbox 2116 1882 2325 1926; x_wconf 91' lang='lat' dir='ltr'><strong>certum</strong></span> <span class='ocrx_word' id='word_1_333' title='bbox 2354 1880 2458 1938; x_wconf 89' lang='lat' dir='ltr'><strong>est,</strong></span> <span class='ocrx_word' id='word_1_334' title='bbox 2509 1873 2729 1942; x_wconf 83' lang='lat' dir='ltr'><strong>quando</strong></span> <span class='ocrx_word' id='word_1_335' title='bbox 2763 1890 2921 1928; x_wconf 88' lang='lat' dir='ltr'><strong>nemo</strong></span> <span class='ocrx_word' id='word_1_336' title='bbox 2948 1885 3188 1929; x_wconf 89' lang='lat' dir='ltr'><strong>vestrum</strong></span> <span class='ocrx_word' id='word_1_337' title='bbox 3226 1878 3401 1941; x_wconf 86' lang='lat' dir='ltr'><strong>adest,</strong></span> <span class='ocrx_word' id='word_1_338' title='bbox 3434 1877 3520 1929; x_wconf 84' lang='lat' dir='ltr'><strong>cui</strong></span> 
     </span>
    </p>
   </div>
   <div class='ocr_carea' id='block_1_50' title="bbox 1949 1964 3522 2033">
    <p class='ocr_par' dir='ltr' id='par_1_50' title="bbox 1949 1964 3522 2033">
     <span class='ocr_line' id='line_1_50' title="bbox 1949 1964 3522 2033; baseline 0.003 -18"><span class='ocrx_word' id='word_1_339' title='bbox 1949 1978 2012 2016; x_wconf 87' lang='lat' dir='ltr'><strong>ea</strong></span> <span class='ocrx_word' id='word_1_340' title='bbox 2058 1978 2167 2016; x_wconf 91' lang='lat' dir='ltr'><strong>non</strong></span> <span class='ocrx_word' id='word_1_341' title='bbox 2220 1964 2330 2017; x_wconf 92' lang='lat' dir='ltr'><strong>sint</strong></span> <span class='ocrx_word' id='word_1_342' title='bbox 2381 1964 2687 2025; x_wconf 79' lang='lat' dir='ltr'><strong>nmissima.</strong></span> <span class='ocrx_word' id='word_1_343' title='bbox 2743 1974 2801 2017; x_wconf 92' lang='lat' dir='ltr'><strong>ut</strong></span> <span class='ocrx_word' id='word_1_344' title='bbox 2832 1966 3060 2033; x_wconf 81' lang='lat' dir='ltr'><strong>proinde</strong></span> <span class='ocrx_word' id='word_1_345' title='bbox 3104 1981 3132 2018; x_wconf 88' lang='lat' dir='ltr'><strong>a</strong></span> <span class='ocrx_word' id='word_1_346' title='bbox 3182 1982 3268 2019; x_wconf 91' lang='lat' dir='ltr'><strong>me</strong></span> <span class='ocrx_word' id='word_1_347' title='bbox 3316 1967 3522 2019; x_wconf 86' lang='lat' dir='ltr'><strong>nullam</strong></span> 
     </span>
    </p>
   </div>
   <div class='ocr_carea' id='block_1_51' title="bbox 1952 2052 3522 2127">
    <p class='ocr_par' dir='ltr' id='par_1_51' title="bbox 1952 2052 3522 2127">
     <span class='ocr_line' id='line_1_51' title="bbox 1952 2052 3522 2127; baseline 0.005 -24"><span class='ocrx_word' id='word_1_348' title='bbox 1952 2052 2329 2121; x_wconf 85' lang='lat' dir='ltr'><strong>probationem</strong></span> <span class='ocrx_word' id='word_1_349' title='bbox 2362 2057 2668 2123; x_wconf 88' lang='lat' dir='ltr'><strong>requirant.</strong></span> <span class='ocrx_word' id='word_1_350' title='bbox 2697 2057 2854 2120; x_wconf 86' lang='lat' dir='ltr'><strong>Quod</strong></span> <span class='ocrx_word' id='word_1_351' title='bbox 2886 2069 3069 2111; x_wconf 88' lang='lat' dir='ltr'><strong>autem</strong></span> <span class='ocrx_word' id='word_1_352' title='bbox 3106 2068 3225 2127; x_wconf 88' lang='lat' dir='ltr'><strong>post</strong></span> <span class='ocrx_word' id='word_1_353' title='bbox 3252 2061 3522 2112; x_wconf 88' lang='lat' dir='ltr'><strong>sancitum</strong></span> 
     </span>
    </p>
   </div>
   <div class='ocr_carea' id='block_1_52' title="bbox 1953 2143 3527 2214">
    <p class='ocr_par' dir='ltr' id='par_1_52' title="bbox 1953 2143 3527 2214">
     <span class='ocr_line' id='line_1_52' title="bbox 1953 2143 3527 2214; baseline 0.003 -18"><span class='ocrx_word' id='word_1_354' title='bbox 1953 2143 2130 2198; x_wconf 62' lang='lat' dir='ltr'><strong>foedus</strong></span> <span class='ocrx_word' id='word_1_355' title='bbox 2162 2159 2354 2197; x_wconf 89' lang='lat' dir='ltr'><strong>eorum</strong></span> <span class='ocrx_word' id='word_1_356' title='bbox 2393 2146 2711 2214; x_wconf 67' lang='lat' dir='ltr'><strong>dignitatem</strong></span> <span class='ocrx_word' id='word_1_357' title='bbox 2737 2149 2887 2202; x_wconf 91' lang='lat' dir='ltr'><strong>cordi</strong></span> <span class='ocrx_word' id='word_1_358' title='bbox 2915 2148 3224 2209; x_wconf 85' lang='lat' dir='ltr'><strong>habuerim.</strong></span> <span class='ocrx_word' id='word_1_359' title='bbox 3255 2158 3311 2201; x_wconf 92' lang='lat' dir='ltr'><strong>et</strong></span> <span class='ocrx_word' id='word_1_360' title='bbox 3340 2150 3527 2201; x_wconf 72' lang='lat' dir='ltr'><strong>oninia</strong></span> 
     </span>
    </p>
   </div>
   <div class='ocr_carea' id='block_1_53' title="bbox 1953 2236 3524 2306">
    <p class='ocr_par' dir='ltr' id='par_1_53' title="bbox 1953 2236 3524 2306">
     <span class='ocr_line' id='line_1_53' title="bbox 1953 2236 3524 2306; baseline 0.001 -18"><span class='ocrx_word' id='word_1_361' title='bbox 1953 2236 2006 2289; x_wconf 91' lang='lat' dir='ltr'><strong>in</strong></span> <span class='ocrx_word' id='word_1_362' title='bbox 2040 2252 2135 2290; x_wconf 90' lang='lat' dir='ltr'><strong>eos</strong></span> <span class='ocrx_word' id='word_1_363' title='bbox 2165 2236 2367 2299; x_wconf 81' lang='lat' dir='ltr'><strong>ofﬁcia,</strong></span> <span class='ocrx_word' id='word_1_364' title='bbox 2411 2253 2685 2306; x_wconf 88' lang='lat' dir='ltr'><strong>omneque</strong></span> <span class='ocrx_word' id='word_1_365' title='bbox 2725 2240 3123 2293; x_wconf 76' lang='lat' dir='ltr'><strong>benevolentire</strong></span> <span class='ocrx_word' id='word_1_366' title='bbox 3155 2255 3354 2292; x_wconf 91' lang='lat' dir='ltr'><strong>munus</strong></span> <span class='ocrx_word' id='word_1_367' title='bbox 3394 2254 3524 2291; x_wconf 89' lang='lat' dir='ltr'><strong>con-</strong></span> 
     </span>
    </p>
   </div>
   <div class='ocr_carea' id='block_1_54' title="bbox 1955 2327 3599 2397">
    <p class='ocr_par' dir='ltr' id='par_1_54' title="bbox 1955 2327 3599 2397">
     <span class='ocr_line' id='line_1_54' title="bbox 1955 2327 3599 2397; baseline -0.001 -15"><span class='ocrx_word' id='word_1_368' title='bbox 1955 2327 2195 2392; x_wconf 80' lang='lat' dir='ltr'><strong>tulerim,</strong></span> <span class='ocrx_word' id='word_1_369' title='bbox 2228 2343 2327 2381; x_wconf 89' lang='lat' dir='ltr'><strong>nec</strong></span> <span class='ocrx_word' id='word_1_370' title='bbox 2351 2328 2514 2382; x_wconf 89' lang='lat' dir='ltr'><strong>ullam</strong></span> <span class='ocrx_word' id='word_1_371' title='bbox 2546 2344 2785 2397; x_wconf 85' lang='lat' dir='ltr'><strong>unquam</strong></span> <span class='ocrx_word' id='word_1_372' title='bbox 2811 2331 2863 2382; x_wconf 92' lang='lat' dir='ltr'><strong>in</strong></span> <span class='ocrx_word' id='word_1_373' title='bbox 2884 2330 2997 2382; x_wconf 87' lang='lat' dir='ltr'><strong>ullo</strong></span> <span class='ocrx_word' id='word_1_374' title='bbox 3026 2330 3148 2382; x_wconf 83' lang='lat' dir='ltr'><strong>belli</strong></span> <span class='ocrx_word' id='word_1_375' title='bbox 3179 2329 3522 2383; x_wconf 79' lang='lat' dir='ltr'><strong>occasionem</strong></span> <span class='ocrx_word' id='word_1_376' title='bbox 3596 2360 3599 2363; x_wconf 64' lang='grc'>‹</span> 
     </span>
    </p>
   </div>
   <div class='ocr_carea' id='block_1_55' title="bbox 1954 2418 3523 2486">
    <p class='ocr_par' dir='ltr' id='par_1_55' title="bbox 1954 2418 3523 2486">
     <span class='ocr_line' id='line_1_55' title="bbox 1954 2418 3523 2486; baseline -0.001 -15"><span class='ocrx_word' id='word_1_377' title='bbox 1954 2418 2375 2486; x_wconf 87' lang='lat' dir='ltr'><strong>suppeditarim,</strong></span> <span class='ocrx_word' id='word_1_378' title='bbox 2394 2433 2542 2472; x_wconf 91' lang='lat' dir='ltr'><strong>nunc</strong></span> <span class='ocrx_word' id='word_1_379' title='bbox 2560 2419 2846 2473; x_wconf 83' lang='lat' dir='ltr'><strong>evidenter</strong></span> <span class='ocrx_word' id='word_1_380' title='bbox 2863 2418 3105 2472; x_wconf 82' lang='lat' dir='ltr'><strong>conabor</strong></span> <span class='ocrx_word' id='word_1_381' title='bbox 3121 2419 3523 2473; x_wconf 86' lang='lat' dir='ltr'><strong>demonstrare.</strong></span> 
     </span>
    </p>
   </div>
   <div class='ocr_carea' id='block_1_56' title="bbox 1954 2508 3524 2577">
    <p class='ocr_par' dir='ltr' id='par_1_56' title="bbox 1954 2508 3524 2577">
     <span class='ocr_line' id='line_1_56' title="bbox 1954 2508 3524 2577; baseline 0 -16"><span class='ocrx_word' id='word_1_382' title='bbox 1954 2508 2216 2561; x_wconf 88' lang='lat' dir='ltr'><strong>Protinus</strong></span> <span class='ocrx_word' id='word_1_383' title='bbox 2240 2508 2411 2569; x_wconf 89' lang='lat' dir='ltr'><strong>enim,</strong></span> <span class='ocrx_word' id='word_1_384' title='bbox 2448 2518 2508 2561; x_wconf 92' lang='lat' dir='ltr'><strong>ut</strong></span> <span class='ocrx_word' id='word_1_385' title='bbox 2539 2509 2743 2561; x_wconf 91' lang='lat' dir='ltr'><strong>bellum</strong></span> <span class='ocrx_word' id='word_1_386' title='bbox 2773 2509 3119 2577; x_wconf 84' lang='lat' dir='ltr'><strong>con5npitum</strong></span> <span class='ocrx_word' id='word_1_387' title='bbox 3149 2517 3253 2573; x_wconf 71' lang='lat' dir='ltr'><strong>est,</strong></span> <span class='ocrx_word' id='word_1_388' title='bbox 3291 2510 3524 2576; x_wconf 85' lang='lat' dir='ltr'><strong>quibus-</strong></span> 
     </span>
    </p>
   </div>
   <div class='ocr_carea' id='block_1_57' title="bbox 1956 2599 3527 2668">
    <p class='ocr_par' dir='ltr' id='par_1_57' title="bbox 1956 2599 3527 2668">
     <span class='ocr_line' id='line_1_57' title="bbox 1956 2599 3527 2668; baseline 0.001 -17"><span class='ocrx_word' id='word_1_389' title='bbox 1956 2599 2080 2651; x_wconf 86' lang='lat' dir='ltr'><strong>dam</strong></span> <span class='ocrx_word' id='word_1_390' title='bbox 2118 2600 2264 2653; x_wconf 90' lang='lat' dir='ltr'><strong>inter</strong></span> <span class='ocrx_word' id='word_1_391' title='bbox 2294 2615 2393 2654; x_wconf 90' lang='lat' dir='ltr'><strong>vos</strong></span> <span class='ocrx_word' id='word_1_392' title='bbox 2421 2600 2812 2654; x_wconf 90' lang='lat' dir='ltr'><strong>illustrissimis</strong></span> <span class='ocrx_word' id='word_1_393' title='bbox 2852 2600 2903 2652; x_wconf 92' lang='lat' dir='ltr'><strong>id</strong></span> <span class='ocrx_word' id='word_1_394' title='bbox 2934 2617 3077 2668; x_wconf 61' lang='lat' dir='ltr'><strong>(egre</strong></span> <span class='ocrx_word' id='word_1_395' title='bbox 3114 2601 3438 2661; x_wconf 79' lang='lat' dir='ltr'><strong>ferentibus.</strong></span> <span class='ocrx_word' id='word_1_396' title='bbox 3470 2610 3527 2653; x_wconf 89' lang='lat' dir='ltr'><strong>et</strong></span> 
     </span>
    </p>
   </div>
   <div class='ocr_carea' id='block_1_58' title="bbox 1950 2690 3522 2760">
    <p class='ocr_par' dir='ltr' id='par_1_58' title="bbox 1950 2690 3522 2760">
     <span class='ocr_line' id='line_1_58' title="bbox 1950 2690 3522 2760; baseline 0.001 -18"><span class='ocrx_word' id='word_1_397' title='bbox 1950 2690 2156 2760; x_wconf 88' lang='lat' dir='ltr'><strong>juniori</strong></span> <span class='ocrx_word' id='word_1_398' title='bbox 2190 2691 2512 2757; x_wconf 86' lang='lat' dir='ltr'><strong>imperatori</strong></span> <span class='ocrx_word' id='word_1_399' title='bbox 2546 2690 2921 2745; x_wconf 83' lang='lat' dir='ltr'><strong>obedientiam</strong></span> <span class='ocrx_word' id='word_1_400' title='bbox 2968 2692 3156 2760; x_wconf 82' lang='lat' dir='ltr'><strong>jurare</strong></span> <span class='ocrx_word' id='word_1_401' title='bbox 3209 2693 3522 2745; x_wconf 85' lang='lat' dir='ltr'><strong>detrectan-</strong></span> 
     </span>
    </p>
   </div>
   <div class='ocr_carea' id='block_1_59' title="bbox 1957 2781 3529 2851">
    <p class='ocr_par' dir='ltr' id='par_1_59' title="bbox 1957 2781 3529 2851">
     <span class='ocr_line' id='line_1_59' title="bbox 1957 2781 3529 2851; baseline 0.003 -19"><span class='ocrx_word' id='word_1_402' title='bbox 1957 2781 2126 2847; x_wconf 87' lang='lat' dir='ltr'><strong>tibus,</strong></span> <span class='ocrx_word' id='word_1_403' title='bbox 2156 2796 2425 2851; x_wconf 79' lang='lat' dir='ltr'><strong>grachue</strong></span> <span class='ocrx_word' id='word_1_404' title='bbox 2450 2790 2505 2835; x_wconf 93' lang='lat' dir='ltr'><strong>et</strong></span> <span class='ocrx_word' id='word_1_405' title='bbox 2550 2796 2846 2835; x_wconf 88' lang='lat' dir='ltr'><strong>onerosum</strong></span> <span class='ocrx_word' id='word_1_406' title='bbox 2892 2782 3010 2837; x_wconf 77' lang='lat' dir='ltr'><strong>fore</strong></span> <span class='ocrx_word' id='word_1_407' title='bbox 3042 2783 3529 2847; x_wconf 84' lang='lat' dir='ltr'><strong>ratiocinantibus,</strong></span> 
     </span>
    </p>
   </div>
   <div class='ocr_carea' id='block_1_60' title="bbox 1957 2874 3525 2944">
    <p class='ocr_par' dir='ltr' id='par_1_60' title="bbox 1957 2874 3525 2944">
     <span class='ocr_line' id='line_1_60' title="bbox 1957 2874 3525 2944; baseline 0.001 -19"><span class='ocrx_word' id='word_1_408' title='bbox 1957 2874 2050 2942; x_wconf 91' lang='lat' dir='ltr'><strong>qui</strong></span> <span class='ocrx_word' id='word_1_409' title='bbox 2083 2890 2207 2927; x_wconf 90' lang='lat' dir='ltr'><strong>cum</strong></span> <span class='ocrx_word' id='word_1_410' title='bbox 2242 2874 2372 2927; x_wconf 89' lang='lat' dir='ltr'><strong>totis</strong></span> <span class='ocrx_word' id='word_1_411' title='bbox 2406 2874 2618 2928; x_wconf 89' lang='lat' dir='ltr'><strong>viribus</strong></span> <span class='ocrx_word' id='word_1_412' title='bbox 2650 2874 2718 2927; x_wconf 90' lang='lat' dir='ltr'><strong>ad</strong></span> <span class='ocrx_word' id='word_1_413' title='bbox 2756 2889 2883 2929; x_wconf 90' lang='lat' dir='ltr'><strong>eum</strong></span> <span class='ocrx_word' id='word_1_414' title='bbox 2912 2874 3060 2928; x_wconf 90' lang='lat' dir='ltr'><strong>diem</strong></span> <span class='ocrx_word' id='word_1_415' title='bbox 3096 2875 3525 2944; x_wconf 82' lang='lat' dir='ltr'><strong>belligerasseut,</strong></span> 
     </span>
    </p>
   </div>
   <div class='ocr_carea' id='block_1_61' title="bbox 1958 2965 3528 3034">
    <p class='ocr_par' dir='ltr' id='par_1_61' title="bbox 1958 2965 3528 3034">
     <span class='ocr_line' id='line_1_61' title="bbox 1958 2965 3528 3034; baseline 0.003 -17"><span class='ocrx_word' id='word_1_416' title='bbox 1958 2965 2007 3017; x_wconf 93' lang='lat' dir='ltr'><strong>ei</strong></span> <span class='ocrx_word' id='word_1_417' title='bbox 2037 2966 2149 3034; x_wconf 90' lang='lat' dir='ltr'><strong>jam</strong></span> <span class='ocrx_word' id='word_1_418' title='bbox 2178 2966 2349 3028; x_wconf 89' lang='lat' dir='ltr'><strong>vieto,</strong></span> <span class='ocrx_word' id='word_1_419' title='bbox 2387 2974 2446 3019; x_wconf 90' lang='lat' dir='ltr'><strong>ut</strong></span> <span class='ocrx_word' id='word_1_420' title='bbox 2481 2974 2794 3033; x_wconf 82' lang='lat' dir='ltr'><strong>appareret,</strong></span> <span class='ocrx_word' id='word_1_421' title='bbox 2830 2981 3048 3019; x_wconf 81' lang='lat' dir='ltr'><strong>rursum</strong></span> <span class='ocrx_word' id='word_1_422' title='bbox 3080 2981 3138 3020; x_wconf 91' lang='lat' dir='ltr'><strong>se</strong></span> <span class='ocrx_word' id='word_1_423' title='bbox 3167 2966 3428 3031; x_wconf 87' lang='lat' dir='ltr'><strong>subdere,</strong></span> <span class='ocrx_word' id='word_1_424' title='bbox 3464 2982 3528 3021; x_wconf 89' lang='lat' dir='ltr'><strong>ac</strong></span> 
     </span>
    </p>
   </div>
   <div class='ocr_carea' id='block_1_62' title="bbox 282 3052 1857 3151">
    <p class='ocr_par' dir='ltr' id='par_1_62' title="bbox 282 3052 1857 3127">
     <span class='ocr_line' id='line_1_62' title="bbox 282 3052 1857 3127; baseline 0.001 -17"><span class='ocrx_word' id='word_1_425' title='bbox 282 3059 501 3120; x_wconf 72' lang='grc' dir='ltr'>οὐδενος</span> <span class='ocrx_word' id='word_1_426' title='bbox 520 3058 774 3127; x_wconf 72' lang='grc' dir='ltr'>ἠμέλησα</span> <span class='ocrx_word' id='word_1_427' title='bbox 797 3057 904 3108; x_wconf 85' lang='grc' dir='ltr'>τῶν</span> <span class='ocrx_word' id='word_1_428' title='bbox 922 3052 1275 3125; x_wconf 75' lang='grc' dir='ltr'>καθηκόντων</span> <span class='ocrx_word' id='word_1_429' title='bbox 1307 3055 1443 3127; x_wconf 78' lang='grc' dir='ltr'>πρὸς</span> <span class='ocrx_word' id='word_1_430' title='bbox 1466 3058 1684 3118; x_wconf 74' lang='grc' dir='ltr'>αὐτοὺς,</span> <span class='ocrx_word' id='word_1_431' title='bbox 1722 3057 1857 3111; x_wconf 83' lang='grc' dir='ltr'>ἀλλὰ</span> 
     </span>
    </p>
   </div>
   <div class='ocr_carea' id='block_1_63' title="bbox 1961 3052 3527 3151">
    <p class='ocr_par' dir='ltr' id='par_1_63' title="bbox 1964 3052 3527 3121">
     <span class='ocr_line' id='line_1_63' title="bbox 1964 3052 3527 3121; baseline 0.004 -16"><span class='ocrx_word' id='word_1_432' title='bbox 1964 3052 2255 3121; x_wconf 86' lang='lat' dir='ltr'><strong>subjicere,</strong></span> <span class='ocrx_word' id='word_1_433' title='bbox 2316 3062 2373 3107; x_wconf 89' lang='lat' dir='ltr'><strong>et</strong></span> <span class='ocrx_word' id='word_1_434' title='bbox 2421 3053 2740 3117; x_wconf 85' lang='lat' dir='ltr'><strong>orantibus,</strong></span> <span class='ocrx_word' id='word_1_435' title='bbox 2792 3069 2859 3108; x_wconf 89' lang='lat' dir='ltr'><strong>ne</strong></span> <span class='ocrx_word' id='word_1_436' title='bbox 2910 3054 3002 3108; x_wconf 84' lang='lat' dir='ltr'><strong>tali</strong></span> <span class='ocrx_word' id='word_1_437' title='bbox 3051 3070 3147 3109; x_wconf 85' lang='lat' dir='ltr'><strong>eos</strong></span> <span class='ocrx_word' id='word_1_438' title='bbox 3198 3058 3527 3111; x_wconf 84' lang='lat' dir='ltr'><strong>necessitate</strong></span> 
     </span>
    </p>
   </div>
   <div class='ocr_carea' id='block_1_64' title="bbox 288 3147 1855 3217">
    <p class='ocr_par' dir='ltr' id='par_1_64' title="bbox 288 3147 1855 3217">
     <span class='ocr_line' id='line_1_64' title="bbox 288 3147 1855 3217; baseline 0.001 -16"><span class='ocrx_word' id='word_1_439' title='bbox 288 3153 472 3204; x_wconf 75' lang='grc' dir='ltr'>πᾶσαν</span> <span class='ocrx_word' id='word_1_440' title='bbox 503 3148 871 3216; x_wconf 79' lang='grc' dir='ltr'>ἐπεδειξάμην</span> <span class='ocrx_word' id='word_1_441' title='bbox 925 3148 1019 3200; x_wconf 80' lang='grc' dir='ltr'>καὶ</span> <span class='ocrx_word' id='word_1_442' title='bbox 1082 3147 1319 3217; x_wconf 82' lang='grc' dir='ltr'>σπουδὴν</span> <span class='ocrx_word' id='word_1_443' title='bbox 1342 3150 1436 3201; x_wconf 81' lang='grc' dir='ltr'>καὶ</span> <span class='ocrx_word' id='word_1_444' title='bbox 1486 3147 1722 3210; x_wconf 76' lang='grc' dir='ltr'>εὗνοιαν,</span> <span class='ocrx_word' id='word_1_445' title='bbox 1759 3154 1855 3202; x_wconf 76' lang='grc' dir='ltr'>καὶ</span> 
     </span>
    </p>
   </div>
   <div class='ocr_carea' id='block_1_65' title="bbox 281 3239 1859 3310">
    <p class='ocr_par' dir='ltr' id='par_1_65' title="bbox 281 3239 1859 3310">
     <span class='ocr_line' id='line_1_65' title="bbox 281 3239 1859 3310; baseline 0 -18"><span class='ocrx_word' id='word_1_446' title='bbox 281 3242 552 3309; x_wconf 63' lang='grc' dir='ltr'>οὐδεμίαν</span> <span class='ocrx_word' id='word_1_447' title='bbox 575 3240 750 3292; x_wconf 85' lang='grc' dir='ltr'>ούδενί</span> <span class='ocrx_word' id='word_1_448' title='bbox 783 3256 913 3292; x_wconf 88' lang='grc' dir='ltr'>ποτε</span> <span class='ocrx_word' id='word_1_449' title='bbox 939 3240 1211 3308; x_wconf 73' lang='grc' dir='ltr'>πρόφασιν</span> <span class='ocrx_word' id='word_1_450' title='bbox 1241 3239 1423 3299; x_wconf 80' lang='grc' dir='ltr'>αὐτοῖς</span> <span class='ocrx_word' id='word_1_451' title='bbox 1446 3239 1685 3308; x_wconf 75' lang='grc' dir='ltr'>πολέμου</span> <span class='ocrx_word' id='word_1_452' title='bbox 1715 3258 1859 3310; x_wconf 84' lang='grc' dir='ltr'>παρ-</span> 
     </span>
    </p>
   </div>
   <div class='ocr_carea' id='block_1_66' title="bbox 279 3331 1860 3405">
    <p class='ocr_par' dir='ltr' id='par_1_66' title="bbox 279 3331 1860 3405">
     <span class='ocr_line' id='line_1_66' title="bbox 279 3331 1860 3405; baseline -0.001 -19"><span class='ocrx_word' id='word_1_453' title='bbox 279 3337 559 3405; x_wconf 74' lang='grc' dir='ltr'>εσχόμην,</span> <span class='ocrx_word' id='word_1_454' title='bbox 581 3332 675 3386; x_wconf 75' lang='grc' dir='ltr'>νῦν</span> <span class='ocrx_word' id='word_1_455' title='bbox 707 3334 909 3400; x_wconf 80' lang='grc' dir='ltr'>ἐναργῆ</span> <span class='ocrx_word' id='word_1_456' title='bbox 945 3331 1267 3401; x_wconf 82' lang='grc' dir='ltr'>πειράσομαι</span> <span class='ocrx_word' id='word_1_457' title='bbox 1306 3331 1405 3401; x_wconf 82' lang='grc' dir='ltr'>τὴν</span> <span class='ocrx_word' id='word_1_458' title='bbox 1438 3331 1715 3396; x_wconf 74' lang='grc' dir='ltr'>ἀπόδειξιν</span> <span class='ocrx_word' id='word_1_459' title='bbox 1762 3333 1860 3401; x_wconf 84' lang='grc' dir='ltr'>τὴν</span> 
     </span>
    </p>
   </div>
   <div class='ocr_carea' id='block_1_67' title="bbox 277 3414 1860 3494">
    <p class='ocr_par' dir='ltr' id='par_1_67' title="bbox 277 3414 1860 3494">
     <span class='ocr_line' id='line_1_67' title="bbox 277 3414 1860 3494; baseline -0.001 -14"><span class='ocrx_word' id='word_1_460' title='bbox 277 3431 340 3480; x_wconf 77' lang='grc' dir='ltr'>ἐκ</span> <span class='ocrx_word' id='word_1_461' title='bbox 364 3428 485 3479; x_wconf 77' lang='grc' dir='ltr'>τῶν</span> <span class='ocrx_word' id='word_1_462' title='bbox 522 3426 697 3491; x_wconf 81' lang='grc' dir='ltr'>λόγων</span> <span class='ocrx_word' id='word_1_463' title='bbox 727 3414 1139 3494; x_wconf 75' lang='grc' dir='ltr'>παρασχέσθαι.</span> <span class='ocrx_word' id='word_1_464' title='bbox 1175 3423 1348 3486; x_wconf 80' lang='grc' dir='ltr'>Εὑθύς</span> <span class='ocrx_word' id='word_1_465' title='bbox 1375 3441 1434 3477; x_wconf 86' lang='grc' dir='ltr'><strong>τε</strong></span> <span class='ocrx_word' id='word_1_466' title='bbox 1458 3425 1566 3494; x_wconf 86' lang='grc' dir='ltr'>γὰρ</span> <span class='ocrx_word' id='word_1_467' title='bbox 1603 3428 1737 3493; x_wconf 85' lang='grc' dir='ltr'><strong>μετά</strong></span> <span class='ocrx_word' id='word_1_468' title='bbox 1767 3425 1860 3478; x_wconf 85' lang='grc' dir='ltr'>τοῦ</span> 
     </span>
    </p>
   </div>
   <div class='ocr_carea' id='block_1_68' title="bbox 276 3515 1859 3587">
    <p class='ocr_par' dir='ltr' id='par_1_68' title="bbox 276 3515 1859 3587">
     <span class='ocr_line' id='line_1_68' title="bbox 276 3515 1859 3587; baseline -0.001 -16"><span class='ocrx_word' id='word_1_469' title='bbox 276 3521 530 3587; x_wconf 60' lang='grc' dir='ltr'>πολέμου</span> <span class='ocrx_word' id='word_1_470' title='bbox 563 3518 661 3587; x_wconf 82' lang='grc' dir='ltr'>τὴν</span> <span class='ocrx_word' id='word_1_471' title='bbox 683 3516 976 3569; x_wconf 83' lang='grc' dir='ltr'>κατάλυσιν</span> <span class='ocrx_word' id='word_1_472' title='bbox 997 3515 1158 3568; x_wconf 83' lang='grc' dir='ltr'>τινῶν</span> <span class='ocrx_word' id='word_1_473' title='bbox 1184 3516 1294 3568; x_wconf 82' lang='grc' dir='ltr'>τῶν</span> <span class='ocrx_word' id='word_1_474' title='bbox 1344 3515 1475 3586; x_wconf 89' lang='grc' dir='ltr'>παρ’</span> <span class='ocrx_word' id='word_1_475' title='bbox 1508 3518 1636 3585; x_wconf 87' lang='grc' dir='ltr'>ύμῖν</span> <span class='ocrx_word' id='word_1_476' title='bbox 1700 3518 1859 3585; x_wconf 80' lang='grc' dir='ltr'>μάλι-</span> 
     </span>
    </p>
   </div>
   <div class='ocr_carea' id='block_1_69' title="bbox 280 3606 1857 3680">
    <p class='ocr_par' dir='ltr' id='par_1_69' title="bbox 280 3606 1857 3680">
     <span class='ocr_line' id='line_1_69' title="bbox 280 3606 1857 3680; baseline -0.001 -15"><span class='ocrx_word' id='word_1_477' title='bbox 280 3632 381 3667; x_wconf 84' lang='grc' dir='ltr'><strong>στα</strong></span> <span class='ocrx_word' id='word_1_478' title='bbox 418 3610 709 3680; x_wconf 60' lang='lat' dir='ltr'><strong>smnpm?»</strong></span> <span class='ocrx_word' id='word_1_479' title='bbox 734 3606 1300 3675; x_wconf 87' lang='grc' dir='ltr'>δυσανασχετούντων.</span> <span class='ocrx_word' id='word_1_480' title='bbox 1366 3610 1458 3662; x_wconf 73' lang='grc' dir='ltr'>καὶ</span> <span class='ocrx_word' id='word_1_481' title='bbox 1486 3610 1857 3679; x_wconf 61' lang='grc' dir='ltr'>ἀναινομένων</span> 
     </span>
    </p>
   </div>
   <div class='ocr_carea' id='block_1_70' title="bbox 275 3700 1859 3778">
    <p class='ocr_par' dir='ltr' id='par_1_70' title="bbox 275 3700 1859 3778">
     <span class='ocr_line' id='line_1_70' title="bbox 275 3700 1859 3778; baseline -0.006 -16"><span class='ocrx_word' id='word_1_482' title='bbox 275 3713 487 3778; x_wconf 77' lang='grc' dir='ltr'>ὅρκους</span> <span class='ocrx_word' id='word_1_483' title='bbox 513 3706 606 3757; x_wconf 69' lang='grc' dir='ltr'><strong>ἐπὶ</strong></span> <span class='ocrx_word' id='word_1_484' title='bbox 634 3703 846 3773; x_wconf 70' lang='grc' dir='ltr'>δουλείᾳ</span> <span class='ocrx_word' id='word_1_485' title='bbox 873 3700 1209 3771; x_wconf 78' lang='grc' dir='ltr'>παρέχεσθαι</span> <span class='ocrx_word' id='word_1_486' title='bbox 1244 3700 1322 3770; x_wconf 85' lang='grc' dir='ltr'>τῷ</span> <span class='ocrx_word' id='word_1_487' title='bbox 1353 3703 1459 3771; x_wconf 84' lang='grc' dir='ltr'>νέῳ</span> <span class='ocrx_word' id='word_1_488' title='bbox 1495 3700 1727 3771; x_wconf 72' lang='grc' dir='ltr'>βασιλεῖ,</span> <span class='ocrx_word' id='word_1_489' title='bbox 1765 3701 1859 3754; x_wconf 76' lang='grc' dir='ltr'>καὶ</span> 
     </span>
    </p>
   </div>
   <div class='ocr_carea' id='block_1_71' title="bbox 278 3790 1861 3871">
    <p class='ocr_par' dir='ltr' id='par_1_71' title="bbox 278 3790 1861 3871">
     <span class='ocr_line' id='line_1_71' title="bbox 278 3790 1861 3871; baseline -0.004 -18"><span class='ocrx_word' id='word_1_490' title='bbox 278 3803 423 3871; x_wconf 77' lang='grc' dir='ltr'>βαρῦ</span> <span class='ocrx_word' id='word_1_491' title='bbox 459 3802 560 3853; x_wconf 74' lang='grc' dir='ltr'>καὶ</span> <span class='ocrx_word' id='word_1_492' title='bbox 617 3799 851 3867; x_wconf 76' lang='grc' dir='ltr'>ἐπαχθὲς</span> <span class='ocrx_word' id='word_1_493' title='bbox 908 3797 1295 3867; x_wconf 78' lang='grc' dir='ltr'>λογιζομένων,</span> <span class='ocrx_word' id='word_1_494' title='bbox 1346 3790 1390 3864; x_wconf 82' lang='grc' dir='ltr'><strong>ᾧ</strong></span> <span class='ocrx_word' id='word_1_495' title='bbox 1442 3795 1589 3865; x_wconf 80' lang='grc' dir='ltr'>πάσῃ</span> <span class='ocrx_word' id='word_1_496' title='bbox 1634 3795 1861 3863; x_wconf 79' lang='grc' dir='ltr'>δυνάμει</span> 
     </span>
    </p>
   </div>
   <div class='ocr_carea' id='block_1_72' title="bbox 276 3886 1859 3960">
    <p class='ocr_par' dir='ltr' id='par_1_72' title="bbox 276 3886 1859 3960">
     <span class='ocr_line' id='line_1_72' title="bbox 276 3886 1859 3960; baseline -0.006 -13"><span class='ocrx_word' id='word_1_497' title='bbox 276 3892 743 3960; x_wconf 72' lang='grc' dir='ltr'>πεπολεμήκασιν</span> <span class='ocrx_word' id='word_1_498' title='bbox 778 3892 907 3959; x_wconf 82' lang='grc' dir='ltr'>ἄχρι</span> <span class='ocrx_word' id='word_1_499' title='bbox 940 3891 1082 3949; x_wconf 68' lang='grc' dir='ltr'>τότε,</span> <span class='ocrx_word' id='word_1_500' title='bbox 1134 3887 1312 3955; x_wconf 85' lang='grc' dir='ltr'>τούτῳ</span> <span class='ocrx_word' id='word_1_501' title='bbox 1364 3886 1506 3957; x_wconf 83' lang='grc' dir='ltr'><strong>μετά</strong></span> <span class='ocrx_word' id='word_1_502' title='bbox 1562 3887 1624 3938; x_wconf 83' lang='grc' dir='ltr'>τὸ</span> <span class='ocrx_word' id='word_1_503' title='bbox 1680 3886 1859 3938; x_wconf 86' lang='grc' dir='ltr'>δοκεῖν</span> 
     </span>
    </p>
   </div>
   <div class='ocr_carea' id='block_1_73' title="bbox 279 3978 1859 4056">
    <p class='ocr_par' dir='ltr' id='par_1_73' title="bbox 279 3978 1859 4056">
     <span class='ocr_line' id='line_1_73' title="bbox 279 3978 1859 4056; baseline -0.005 -18"><span class='ocrx_word' id='word_1_504' title='bbox 279 3984 701 4056; x_wconf 72' lang='grc' dir='ltr'>κεκρατηκέναι</span> <span class='ocrx_word' id='word_1_505' title='bbox 730 3980 891 4045; x_wconf 72' lang='grc' dir='ltr'>αὖθις</span> <span class='ocrx_word' id='word_1_506' title='bbox 921 3982 1149 4043; x_wconf 75' lang='grc' dir='ltr'>ἑαυτοὺς</span> <span class='ocrx_word' id='word_1_507' title='bbox 1180 3981 1432 4047; x_wconf 79' lang='grc' dir='ltr'>ὑπάγειν,</span> <span class='ocrx_word' id='word_1_508' title='bbox 1466 3979 1559 4031; x_wconf 75' lang='grc' dir='ltr'>καὶ</span> <span class='ocrx_word' id='word_1_509' title='bbox 1590 3978 1859 4033; x_wconf 84' lang='grc' dir='ltr'>καταδου-</span> 
     </span>
    </p>
   </div>
   <div class='ocr_carea' id='block_1_74' title="bbox 274 4071 1859 4143">
    <p class='ocr_par' dir='ltr' id='par_1_74' title="bbox 274 4071 1859 4143">
     <span class='ocr_line' id='line_1_74' title="bbox 274 4071 1859 4143; baseline -0.005 -14"><span class='ocrx_word' id='word_1_510' title='bbox 274 4078 428 4139; x_wconf 75' lang='grc' dir='ltr'>λοῦν,</span> <span class='ocrx_word' id='word_1_511' title='bbox 469 4076 566 4125; x_wconf 68' lang='grc' dir='ltr'>καὶ</span> <span class='ocrx_word' id='word_1_512' title='bbox 600 4073 672 4143; x_wconf 75' lang='grc' dir='ltr'>μὴ</span> <span class='ocrx_word' id='word_1_513' title='bbox 691 4073 892 4142; x_wconf 81' lang='grc' dir='ltr'>ταύτην</span> <span class='ocrx_word' id='word_1_514' title='bbox 918 4072 1215 4125; x_wconf 74' lang='grc' dir='ltr'>ἐπιτιθέναι</span> <span class='ocrx_word' id='word_1_515' title='bbox 1268 4071 1364 4139; x_wconf 83' lang='grc' dir='ltr'>τὴν</span> <span class='ocrx_word' id='word_1_516' title='bbox 1426 4071 1694 4141; x_wconf 81' lang='grc' dir='ltr'>ἀνάγκην,</span> <span class='ocrx_word' id='word_1_517' title='bbox 1744 4071 1859 4124; x_wconf 74' lang='grc' dir='ltr'>ἀλλ’</span> 
     </span>
    </p>
   </div>
   <div class='ocr_carea' id='block_1_75' title="bbox 274 4162 1879 4238">
    <p class='ocr_par' dir='ltr' id='par_1_75' title="bbox 274 4162 1879 4238">
     <span class='ocr_line' id='line_1_75' title="bbox 274 4162 1879 4238; baseline -0.002 -17"><span class='ocrx_word' id='word_1_518' title='bbox 274 4173 403 4238; x_wconf 70' lang='grc' dir='ltr'>ἐμοὶ</span> <span class='ocrx_word' id='word_1_519' title='bbox 463 4168 614 4238; x_wconf 74' lang='grc' dir='ltr'>μόνῳ</span> <span class='ocrx_word' id='word_1_520' title='bbox 674 4166 773 4235; x_wconf 80' lang='grc' dir='ltr'>τὴν</span> <span class='ocrx_word' id='word_1_521' title='bbox 823 4164 1064 4218; x_wconf 81' lang='grc' dir='ltr'>δουλείαν</span> <span class='ocrx_word' id='word_1_522' title='bbox 1112 4163 1352 4232; x_wconf 72' lang='grc' dir='ltr'>ὀφείλειν</span> <span class='ocrx_word' id='word_1_523' title='bbox 1406 4163 1699 4233; x_wconf 82' lang='grc' dir='ltr'>δεομένων,</span> <span class='ocrx_word' id='word_1_524' title='bbox 1762 4162 1879 4218; x_wconf 79' lang='grc' dir='ltr'><strong>οὐχ’</strong></span> 
     </span>
    </p>
   </div>
   <div class='ocr_carea' id='block_1_76' title="bbox 279 4255 1862 4331">
    <p class='ocr_par' dir='ltr' id='par_1_76' title="bbox 279 4255 1862 4331">
     <span class='ocr_line' id='line_1_76' title="bbox 279 4255 1862 4331; baseline -0.003 -18"><span class='ocrx_word' id='word_1_525' title='bbox 279 4264 533 4331; x_wconf 48' lang='grc' dir='ltr'>ίιθέλησα</span> <span class='ocrx_word' id='word_1_526' title='bbox 568 4258 752 4322; x_wconf 73' lang='grc' dir='ltr'>αὐτὸς,</span> <span class='ocrx_word' id='word_1_527' title='bbox 788 4257 899 4309; x_wconf 83' lang='grc' dir='ltr'>ἀλλ’</span> <span class='ocrx_word' id='word_1_528' title='bbox 931 4256 1093 4310; x_wconf 70' lang='grc' dir='ltr'>αὑτοῦ</span> <span class='ocrx_word' id='word_1_529' title='bbox 1124 4274 1183 4308; x_wconf 86' lang='grc' dir='ltr'><strong>τε</strong></span> <span class='ocrx_word' id='word_1_530' title='bbox 1212 4255 1377 4308; x_wconf 71' lang='grc' dir='ltr'>ἕνεκα</span> <span class='ocrx_word' id='word_1_531' title='bbox 1409 4255 1517 4309; x_wconf 77' lang='grc' dir='ltr'>τοῦ,</span> <span class='ocrx_word' id='word_1_532' title='bbox 1552 4256 1742 4319; x_wconf 85' lang='grc' dir='ltr'>καλοῦ,</span> <span class='ocrx_word' id='word_1_533' title='bbox 1770 4258 1862 4309; x_wconf 69' lang='grc' dir='ltr'><strong>καὶ</strong></span> 
     </span>
    </p>
   </div>
   <div class='ocr_carea' id='block_1_77' title="bbox 281 4346 1862 4417">
    <p class='ocr_par' dir='ltr' id='par_1_77' title="bbox 281 4346 1862 4417">
     <span class='ocr_line' id='line_1_77' title="bbox 281 4346 1862 4417; baseline -0.004 -11"><span class='ocrx_word' id='word_1_534' title='bbox 281 4354 369 4406; x_wconf 70' lang='grc' dir='ltr'><strong>τοῦ</strong></span> <span class='ocrx_word' id='word_1_535' title='bbox 412 4351 637 4405; x_wconf 81' lang='grc' dir='ltr'>δικαίου</span> <span class='ocrx_word' id='word_1_536' title='bbox 699 4349 792 4400; x_wconf 68' lang='grc' dir='ltr'>καὶ</span> <span class='ocrx_word' id='word_1_537' title='bbox 825 4348 925 4417; x_wconf 65' lang='grc' dir='ltr'>τῆς</span> <span class='ocrx_word' id='word_1_538' title='bbox 961 4350 1039 4409; x_wconf 75' lang='grc' dir='ltr'><strong>εἰς</strong></span> <span class='ocrx_word' id='word_1_539' title='bbox 1093 4346 1316 4417; x_wconf 82' lang='grc' dir='ltr'>βασιλέα</span> <span class='ocrx_word' id='word_1_540' title='bbox 1338 4346 1430 4399; x_wconf 69' lang='grc' dir='ltr'><strong>τὸν</strong></span> <span class='ocrx_word' id='word_1_541' title='bbox 1480 4347 1724 4417; x_wconf 75' lang='grc' dir='ltr'>γαμϐρὸν</span> <span class='ocrx_word' id='word_1_542' title='bbox 1768 4349 1862 4399; x_wconf 88' lang='grc' dir='ltr'>εύ-</span> 
     </span>
    </p>
   </div>
   <div class='ocr_carea' id='block_1_78' title="bbox 1965 3145 3527 3215">
    <p class='ocr_par' dir='ltr' id='par_1_78' title="bbox 1965 3145 3527 3215">
     <span class='ocr_line' id='line_1_78' title="bbox 1965 3145 3527 3215; baseline 0.003 -17"><span class='ocrx_word' id='word_1_543' title='bbox 1965 3146 2425 3215; x_wconf 80' lang='lat' dir='ltr'><strong>caustringerem,</strong></span> <span class='ocrx_word' id='word_1_544' title='bbox 2471 3145 2566 3199; x_wconf 88' lang='lat' dir='ltr'><strong>sed</strong></span> <span class='ocrx_word' id='word_1_545' title='bbox 2599 3145 2734 3199; x_wconf 88' lang='lat' dir='ltr'><strong>mibi</strong></span> <span class='ocrx_word' id='word_1_546' title='bbox 2762 3146 2864 3199; x_wconf 85' lang='lat' dir='ltr'><strong>soli</strong></span> <span class='ocrx_word' id='word_1_547' title='bbox 2898 3146 3294 3211; x_wconf 75' lang='lat' dir='ltr'><strong>subiectionem</strong></span> <span class='ocrx_word' id='word_1_548' title='bbox 3324 3146 3527 3202; x_wconf 89' lang='lat' dir='ltr'><strong>debere</strong></span> 
     </span>
    </p>
   </div>
   <div class='ocr_carea' id='block_1_79' title="bbox 1963 3236 3528 3307">
    <p class='ocr_par' dir='ltr' id='par_1_79' title="bbox 1963 3236 3528 3307">
     <span class='ocr_line' id='line_1_79' title="bbox 1963 3236 3528 3307; baseline 0.002 -18"><span class='ocrx_word' id='word_1_549' title='bbox 1963 3236 2225 3299; x_wconf 87' lang='lat' dir='ltr'><strong>sinerem,</strong></span> <span class='ocrx_word' id='word_1_550' title='bbox 2282 3251 2383 3305; x_wconf 77' lang='lat' dir='ltr'><strong>ego</strong></span> <span class='ocrx_word' id='word_1_551' title='bbox 2430 3236 2605 3299; x_wconf 91' lang='lat' dir='ltr'><strong>nolui,</strong></span> <span class='ocrx_word' id='word_1_552' title='bbox 2658 3246 2714 3291; x_wconf 93' lang='lat' dir='ltr'><strong>et</strong></span> <span class='ocrx_word' id='word_1_553' title='bbox 2767 3252 2956 3292; x_wconf 83' lang='lat' dir='ltr'><strong>amore</strong></span> <span class='ocrx_word' id='word_1_554' title='bbox 3009 3238 3314 3292; x_wconf 88' lang='lat' dir='ltr'><strong>honestatis</strong></span> <span class='ocrx_word' id='word_1_555' title='bbox 3362 3248 3528 3307; x_wconf 86' lang='lat' dir='ltr'><strong>atque</strong></span> 
     </span>
    </p>
   </div>
   <div class='ocr_carea' id='block_1_80' title="bbox 1958 3327 3530 3397">
    <p class='ocr_par' dir='ltr' id='par_1_80' title="bbox 1958 3327 3530 3397">
     <span class='ocr_line' id='line_1_80' title="bbox 1958 3327 3530 3397; baseline 0.003 -19"><span class='ocrx_word' id='word_1_556' title='bbox 1958 3327 2208 3396; x_wconf 77' lang='lat' dir='ltr'><strong>justiti-.e,</strong></span> <span class='ocrx_word' id='word_1_557' title='bbox 2235 3337 2291 3381; x_wconf 87' lang='lat' dir='ltr'><strong>et</strong></span> <span class='ocrx_word' id='word_1_558' title='bbox 2315 3327 2488 3395; x_wconf 86' lang='lat' dir='ltr'><strong>ipsius</strong></span> <span class='ocrx_word' id='word_1_559' title='bbox 2511 3328 2859 3397; x_wconf 86' lang='lat' dir='ltr'><strong>imperatoris</strong></span> <span class='ocrx_word' id='word_1_560' title='bbox 2878 3329 3065 3397; x_wconf 81' lang='lat' dir='ltr'><strong>generi</strong></span> <span class='ocrx_word' id='word_1_561' title='bbox 3090 3330 3195 3382; x_wconf 88' lang='lat' dir='ltr'><strong>mei</strong></span> <span class='ocrx_word' id='word_1_562' title='bbox 3223 3330 3530 3383; x_wconf 77' lang='lat' dir='ltr'><strong>exantlatos</strong></span> 
     </span>
    </p>
   </div>
   <div class='ocr_carea' id='block_1_81' title="bbox 1963 3416 3529 3480">
    <p class='ocr_par' dir='ltr' id='par_1_81' title="bbox 1963 3416 3529 3480">
     <span class='ocr_line' id='line_1_81' title="bbox 1963 3416 3529 3480; baseline -0.002 -12"><span class='ocrx_word' id='word_1_563' title='bbox 1963 3417 2031 3468; x_wconf 89' lang='lat' dir='ltr'><strong>ab</strong></span> <span class='ocrx_word' id='word_1_564' title='bbox 2059 3416 2127 3469; x_wconf 91' lang='lat' dir='ltr'><strong>iis</strong></span> <span class='ocrx_word' id='word_1_565' title='bbox 2160 3430 2277 3468; x_wconf 88' lang='lat' dir='ltr'><strong>mea</strong></span> <span class='ocrx_word' id='word_1_566' title='bbox 2311 3431 2477 3469; x_wconf 88' lang='lat' dir='ltr'><strong>causa</strong></span> <span class='ocrx_word' id='word_1_567' title='bbox 2504 3416 2745 3479; x_wconf 86' lang='lat' dir='ltr'><strong>labores,</strong></span> <span class='ocrx_word' id='word_1_568' title='bbox 2780 3416 2925 3470; x_wconf 88' lang='lat' dir='ltr'><strong>adita</strong></span> <span class='ocrx_word' id='word_1_569' title='bbox 2956 3417 3298 3480; x_wconf 87' lang='lat' dir='ltr'><strong>discrimina,</strong></span> <span class='ocrx_word' id='word_1_570' title='bbox 3321 3426 3377 3470; x_wconf 91' lang='lat' dir='ltr'><strong>et</strong></span> <span class='ocrx_word' id='word_1_571' title='bbox 3407 3418 3529 3470; x_wconf 74' lang='lat' dir='ltr'><strong>diu-</strong></span> 
     </span>
    </p>
   </div>
   <div class='ocr_carea' id='block_1_82' title="bbox 1966 3506 3532 3576">
    <p class='ocr_par' dir='ltr' id='par_1_82' title="bbox 1966 3506 3532 3576">
     <span class='ocr_line' id='line_1_82' title="bbox 1966 3506 3532 3576; baseline -0.001 -17"><span class='ocrx_word' id='word_1_572' title='bbox 1966 3517 2182 3560; x_wconf 86' lang='lat' dir='ltr'><strong>turnam</strong></span> <span class='ocrx_word' id='word_1_573' title='bbox 2206 3523 2423 3571; x_wconf 91' lang='lat' dir='ltr'><strong>eorum,</strong></span> <span class='ocrx_word' id='word_1_574' title='bbox 2448 3506 2938 3575; x_wconf 85' lang='lat' dir='ltr'><strong>incredibilemque</strong></span> <span class='ocrx_word' id='word_1_575' title='bbox 2959 3508 3324 3561; x_wconf 87' lang='lat' dir='ltr'><strong>calamitatem</strong></span> <span class='ocrx_word' id='word_1_576' title='bbox 3351 3509 3532 3576; x_wconf 86' lang='lat' dir='ltr'><strong>parvi-</strong></span> 
     </span>
    </p>
   </div>
   <div class='ocr_carea' id='block_1_83' title="bbox 1963 3597 3526 3668">
    <p class='ocr_par' dir='ltr' id='par_1_83' title="bbox 1963 3597 3526 3668">
     <span class='ocr_line' id='line_1_83' title="bbox 1963 3597 3526 3668; baseline -0.001 -17"><span class='ocrx_word' id='word_1_577' title='bbox 1963 3598 2229 3668; x_wconf 89' lang='lat' dir='ltr'><strong>peudens,</strong></span> <span class='ocrx_word' id='word_1_578' title='bbox 2283 3598 2457 3652; x_wconf 89' lang='lat' dir='ltr'><strong>libere</strong></span> <span class='ocrx_word' id='word_1_579' title='bbox 2520 3597 2784 3667; x_wconf 79' lang='lat' dir='ltr'><strong>deuegavi</strong></span> <span class='ocrx_word' id='word_1_580' title='bbox 2836 3616 2850 3650; x_wconf 90' lang='lat'><strong>:</strong></span> <span class='ocrx_word' id='word_1_581' title='bbox 2901 3608 2957 3651; x_wconf 91' lang='lat' dir='ltr'><strong>et</strong></span> <span class='ocrx_word' id='word_1_582' title='bbox 2998 3598 3175 3652; x_wconf 91' lang='lat' dir='ltr'><strong>solum</strong></span> <span class='ocrx_word' id='word_1_583' title='bbox 3218 3599 3526 3651; x_wconf 80' lang='lat' dir='ltr'><strong>Romanum</strong></span> 
     </span>
    </p>
   </div>
   <div class='ocr_carea' id='block_1_84' title="bbox 1965 3689 3532 3762">
    <p class='ocr_par' dir='ltr' id='par_1_84' title="bbox 1965 3689 3532 3762">
     <span class='ocr_line' id='line_1_84' title="bbox 1965 3689 3532 3762; baseline -0.004 -17"><span class='ocrx_word' id='word_1_584' title='bbox 1965 3702 2177 3746; x_wconf 81' lang='lat' dir='ltr'><strong>vertere</strong></span> <span class='ocrx_word' id='word_1_585' title='bbox 2203 3693 2360 3762; x_wconf 83' lang='lat' dir='ltr'><strong>jussi,</strong></span> <span class='ocrx_word' id='word_1_586' title='bbox 2412 3692 2519 3747; x_wconf 83' lang='lat' dir='ltr'><strong>nisi</strong></span> <span class='ocrx_word' id='word_1_587' title='bbox 2550 3691 2714 3747; x_wconf 82' lang='lat' dir='ltr'><strong>etiam</strong></span> <span class='ocrx_word' id='word_1_588' title='bbox 2750 3691 2859 3746; x_wconf 89' lang='lat' dir='ltr'><strong>illis</strong></span> <span class='ocrx_word' id='word_1_589' title='bbox 2892 3700 3296 3744; x_wconf 88' lang='lat' dir='ltr'><strong>sacramentum</strong></span> <span class='ocrx_word' id='word_1_590' title='bbox 3328 3689 3532 3741; x_wconf 83' lang='lat' dir='ltr'><strong>vellent</strong></span> 
     </span>
    </p>
   </div>
   <div class='ocr_carea' id='block_1_85' title="bbox 1964 3778 3530 3853">
    <p class='ocr_par' dir='ltr' id='par_1_85' title="bbox 1964 3778 3530 3853">
     <span class='ocr_line' id='line_1_85' title="bbox 1964 3778 3530 3853; baseline -0.006 -12"><span class='ocrx_word' id='word_1_591' title='bbox 1964 3784 2165 3851; x_wconf 85' lang='lat' dir='ltr'><strong>dicere,</strong></span> <span class='ocrx_word' id='word_1_592' title='bbox 2194 3793 2249 3839; x_wconf 91' lang='lat' dir='ltr'><strong>et</strong></span> <span class='ocrx_word' id='word_1_593' title='bbox 2278 3785 2503 3840; x_wconf 90' lang='lat' dir='ltr'><strong>subesse</strong></span> <span class='ocrx_word' id='word_1_594' title='bbox 2534 3785 2793 3853; x_wconf 81' lang='lat' dir='ltr'><strong>perfecte,</strong></span> <span class='ocrx_word' id='word_1_595' title='bbox 2827 3779 3289 3851; x_wconf 84' lang='lat' dir='ltr'><strong>quemadmodum</strong></span> <span class='ocrx_word' id='word_1_596' title='bbox 3312 3786 3375 3830; x_wconf 89' lang='lat' dir='ltr'><strong>ut</strong></span> <span class='ocrx_word' id='word_1_597' title='bbox 3398 3778 3530 3831; x_wconf 91' lang='lat' dir='ltr'><strong>mibi</strong></span> 
     </span>
    </p>
   </div>
   <div class='ocr_carea' id='block_1_86' title="bbox 1964 3871 3535 3941">
    <p class='ocr_par' dir='ltr' id='par_1_86' title="bbox 1964 3871 3535 3941">
     <span class='ocr_line' id='line_1_86' title="bbox 1964 3871 3535 3941; baseline -0.006 -9"><span class='ocrx_word' id='word_1_598' title='bbox 1964 3878 2277 3941; x_wconf 85' lang='lat' dir='ltr'><strong>subesseut,</strong></span> <span class='ocrx_word' id='word_1_599' title='bbox 2310 3875 2961 3931; x_wconf 79' lang='lat' dir='ltr'><strong>decere-arbitrarentur.</strong></span> <span class='ocrx_word' id='word_1_600' title='bbox 2994 3872 3108 3925; x_wconf 88' lang='lat' dir='ltr'><strong>lmo</strong></span> <span class='ocrx_word' id='word_1_601' title='bbox 3134 3886 3263 3925; x_wconf 81' lang='lat' dir='ltr'><strong>vero</strong></span> <span class='ocrx_word' id='word_1_602' title='bbox 3289 3871 3381 3924; x_wconf 88' lang='lat' dir='ltr'><strong>illo</strong></span> <span class='ocrx_word' id='word_1_603' title='bbox 3411 3886 3535 3937; x_wconf 86' lang='lat' dir='ltr'><strong>per-</strong></span> 
     </span>
    </p>
   </div>
   <div class='ocr_carea' id='block_1_87' title="bbox 1965 3960 3536 4035">
    <p class='ocr_par' dir='ltr' id='par_1_87' title="bbox 1965 3960 3536 4035">
     <span class='ocr_line' id='line_1_87' title="bbox 1965 3960 3536 4035; baseline -0.009 -10"><span class='ocrx_word' id='word_1_604' title='bbox 1965 3971 2184 4034; x_wconf 81' lang='lat' dir='ltr'><strong>fectius,</strong></span> <span class='ocrx_word' id='word_1_605' title='bbox 2235 3970 2380 4035; x_wconf 85' lang='lat' dir='ltr'><strong>quod</strong></span> <span class='ocrx_word' id='word_1_606' title='bbox 2437 3968 2569 4022; x_wconf 87' lang='lat' dir='ltr'><strong>mibi</strong></span> <span class='ocrx_word' id='word_1_607' title='bbox 2621 3982 2730 4021; x_wconf 90' lang='lat' dir='ltr'><strong>non</strong></span> <span class='ocrx_word' id='word_1_608' title='bbox 2778 3974 2905 4028; x_wconf 83' lang='lat' dir='ltr'><strong>stat,</strong></span> <span class='ocrx_word' id='word_1_609' title='bbox 2960 3963 3251 4033; x_wconf 89' lang='lat' dir='ltr'><strong>imperium</strong></span> <span class='ocrx_word' id='word_1_610' title='bbox 3300 3961 3352 4014; x_wconf 91' lang='lat' dir='ltr'><strong>in</strong></span> <span class='ocrx_word' id='word_1_611' title='bbox 3396 3960 3536 4013; x_wconf 86' lang='lat' dir='ltr'><strong>tilios</strong></span> 
     </span>
    </p>
   </div>
   <div class='ocr_carea' id='block_1_88' title="bbox 1969 4052 3532 4121">
    <p class='ocr_par' dir='ltr' id='par_1_88' title="bbox 1969 4052 3532 4121">
     <span class='ocr_line' id='line_1_88' title="bbox 1969 4052 3532 4121; baseline -0.008 -4"><span class='ocrx_word' id='word_1_612' title='bbox 1969 4062 2340 4117; x_wconf 86' lang='lat' dir='ltr'><strong>transmittere</strong></span> <span class='ocrx_word' id='word_1_613' title='bbox 2374 4060 2509 4115; x_wconf 82' lang='lat' dir='ltr'><strong>:sed</strong></span> <span class='ocrx_word' id='word_1_614' title='bbox 2546 4060 2698 4113; x_wconf 90' lang='lat' dir='ltr'><strong>illum</strong></span> <span class='ocrx_word' id='word_1_615' title='bbox 2734 4057 3006 4112; x_wconf 72' lang='lat' dir='ltr'><strong>lueredem</strong></span> <span class='ocrx_word' id='word_1_616' title='bbox 3058 4054 3403 4121; x_wconf 85' lang='lat' dir='ltr'><strong>relinquere,’</strong></span> <span class='ocrx_word' id='word_1_617' title='bbox 3439 4052 3532 4120; x_wconf 90' lang='lat' dir='ltr'><strong>qui</strong></span> 
     </span>
    </p>
   </div>
   <div class='ocr_carea' id='block_1_89' title="bbox 1968 4122 3538 4220">
    <p class='ocr_par' dir='ltr' id='par_1_89' title="bbox 1968 4122 3538 4220">
     <span class='ocr_line' id='line_1_89' title="bbox 1968 4122 3538 4220; baseline -0.007 -12"><span class='ocrx_word' id='word_1_618' title='bbox 1968 4155 2021 4208; x_wconf 91' lang='lat' dir='ltr'><strong>id</strong></span> <span class='ocrx_word' id='word_1_619' title='bbox 2070 4154 2135 4209; x_wconf 89' lang='lat' dir='ltr'><strong>ad</strong></span> <span class='ocrx_word' id='word_1_620' title='bbox 2189 4164 2349 4208; x_wconf 86' lang='lat' dir='ltr'><strong>natos</strong></span> <span class='ocrx_word' id='word_1_621' title='bbox 2398 4169 2463 4207; x_wconf 90' lang='lat' dir='ltr'><strong>ac</strong></span> <span class='ocrx_word' id='word_1_622' title='bbox 2512 4160 2741 4220; x_wconf 90' lang='lat' dir='ltr'><strong>nepotes</strong></span> <span class='ocrx_word' id='word_1_623' title='bbox 2766 4122 3126 4203; x_wconf 43' lang='lat' dir='ltr'><strong>transmittet.</strong></span> <span class='ocrx_word' id='word_1_624' title='bbox 3180 4144 3317 4198; x_wconf 89' lang='lat' dir='ltr'><strong>lluie</strong></span> <span class='ocrx_word' id='word_1_625' title='bbox 3349 4154 3538 4213; x_wconf 86' lang='lat' dir='ltr'><strong>postu-</strong></span> 
     </span>
    </p>
   </div>
   <div class='ocr_carea' id='block_1_90' title="bbox 1969 4235 3538 4310">
    <p class='ocr_par' dir='ltr' id='par_1_90' title="bbox 1969 4235 3538 4310">
     <span class='ocr_line' id='line_1_90' title="bbox 1969 4235 3538 4310; baseline -0.004 -16"><span class='ocrx_word' id='word_1_626' title='bbox 1969 4242 2155 4295; x_wconf 78' lang='lat' dir='ltr'><strong>lationi</strong></span> <span class='ocrx_word' id='word_1_627' title='bbox 2195 4258 2355 4302; x_wconf 69' lang='lat' dir='ltr'><strong>mete,</strong></span> <span class='ocrx_word' id='word_1_628' title='bbox 2403 4256 2715 4310; x_wconf 84' lang='lat' dir='ltr'><strong>quanquam</strong></span> <span class='ocrx_word' id='word_1_629' title='bbox 2767 4238 2947 4300; x_wconf 83' lang='lat' dir='ltr'><strong>inviti,</strong></span> <span class='ocrx_word' id='word_1_630' title='bbox 2986 4238 3355 4304; x_wconf 85' lang='lat' dir='ltr'><strong>obsequentes</strong></span> <span class='ocrx_word' id='word_1_631' title='bbox 3390 4235 3538 4303; x_wconf 89' lang='lat' dir='ltr'><strong>jura-</strong></span> 
     </span>
    </p>
   </div>
   <div class='ocr_carea' id='block_1_91' title="bbox 1971 4323 3537 4397">
    <p class='ocr_par' dir='ltr' id='par_1_91' title="bbox 1971 4323 3537 4397">
     <span class='ocr_line' id='line_1_91' title="bbox 1971 4323 3537 4397; baseline -0.006 -16"><span class='ocrx_word' id='word_1_632' title='bbox 1971 4340 2191 4384; x_wconf 89' lang='lat' dir='ltr'><strong>verunt.</strong></span> <span class='ocrx_word' id='word_1_633' title='bbox 2215 4332 2451 4391; x_wconf 82' lang='lat' dir='ltr'><strong>Rursus,</strong></span> <span class='ocrx_word' id='word_1_634' title='bbox 2501 4344 2624 4383; x_wconf 90' lang='lat' dir='ltr'><strong>cum</strong></span> <span class='ocrx_word' id='word_1_635' title='bbox 2658 4329 2883 4397; x_wconf 88' lang='lat' dir='ltr'><strong>quidam</strong></span> <span class='ocrx_word' id='word_1_636' title='bbox 2913 4325 2979 4380; x_wconf 86' lang='lat' dir='ltr'><strong>de</strong></span> <span class='ocrx_word' id='word_1_637' title='bbox 3011 4324 3275 4379; x_wconf 82' lang='lat' dir='ltr'><strong>studiosis</strong></span> <span class='ocrx_word' id='word_1_638' title='bbox 3302 4323 3537 4391; x_wconf 84' lang='lat' dir='ltr'><strong>impera-</strong></span> 
     </span>
    </p>
   </div>
   <div class='ocr_carea' id='block_1_92' title="bbox 282 4415 1857 4517">
    <p class='ocr_par' dir='ltr' id='par_1_92' title="bbox 282 4436 1857 4506">
     <span class='ocr_line' id='line_1_92' title="bbox 282 4436 1857 4506; baseline -0.004 -11"><span class='ocrx_word' id='word_1_639' title='bbox 282 4444 465 4506; x_wconf 67' lang='grc' dir='ltr'>θοίις,</span> <span class='ocrx_word' id='word_1_640' title='bbox 499 4441 627 4501; x_wconf 66' lang='grc' dir='ltr'>τοὺς</span> <span class='ocrx_word' id='word_1_641' title='bbox 653 4438 878 4500; x_wconf 75' lang='grc' dir='ltr'>πολλοὺς</span> <span class='ocrx_word' id='word_1_642' title='bbox 925 4437 1064 4505; x_wconf 82' lang='grc' dir='ltr'>ὑπὲρ</span> <span class='ocrx_word' id='word_1_643' title='bbox 1103 4436 1238 4506; x_wconf 73' lang='grc' dir='ltr'>ἐμοῦ</span> <span class='ocrx_word' id='word_1_644' title='bbox 1256 4438 1451 4498; x_wconf 75' lang='grc' dir='ltr'>πόνους</span> <span class='ocrx_word' id='word_1_645' title='bbox 1477 4437 1569 4488; x_wconf 74' lang='grc' dir='ltr'>καὶ</span> <span class='ocrx_word' id='word_1_646' title='bbox 1589 4437 1857 4499; x_wconf 79' lang='grc' dir='ltr'>κινδύνους</span> 
     </span>
    </p>
   </div>
   <div class='ocr_carea' id='block_1_93' title="bbox 1961 4415 3534 4517">
    <p class='ocr_par' dir='ltr' id='par_1_93' title="bbox 1975 4415 3534 4487">
     <span class='ocr_line' id='line_1_93' title="bbox 1975 4415 3534 4487; baseline -0.005 -14"><span class='ocrx_word' id='word_1_647' title='bbox 1975 4422 2126 4475; x_wconf 89' lang='lat' dir='ltr'><strong>tricis</strong></span> <span class='ocrx_word' id='word_1_648' title='bbox 2153 4436 2334 4474; x_wconf 87' lang='lat' dir='ltr'><strong>rerum</strong></span> <span class='ocrx_word' id='word_1_649' title='bbox 2370 4435 2635 4473; x_wconf 87' lang='lat' dir='ltr'><strong>novarum</strong></span> <span class='ocrx_word' id='word_1_650' title='bbox 2662 4418 2846 4487; x_wconf 89' lang='lat' dir='ltr'><strong>cupidi</strong></span> <span class='ocrx_word' id='word_1_651' title='bbox 2882 4417 3028 4470; x_wconf 89' lang='lat' dir='ltr'><strong>inter</strong></span> <span class='ocrx_word' id='word_1_652' title='bbox 3058 4431 3115 4469; x_wconf 91' lang='lat' dir='ltr'><strong>se</strong></span> <span class='ocrx_word' id='word_1_653' title='bbox 3155 4415 3299 4485; x_wconf 89' lang='lat' dir='ltr'><strong>pacti</strong></span> <span class='ocrx_word' id='word_1_654' title='bbox 3323 4424 3534 4473; x_wconf 80' lang='lat' dir='ltr'><strong>essent,</strong></span> 
     </span>
    </p>
   </div>
   <div class='ocr_carea' id='block_1_94' title="bbox 277 4527 1863 4602">
    <p class='ocr_par' dir='ltr' id='par_1_94' title="bbox 277 4527 1863 4602">
     <span class='ocr_line' id='line_1_94' title="bbox 277 4527 1863 4602; baseline -0.005 -15"><span class='ocrx_word' id='word_1_655' title='bbox 277 4537 521 4587; x_wconf 72' lang='grc' dir='ltr'>ἔκείνων</span> <span class='ocrx_word' id='word_1_656' title='bbox 572 4530 866 4602; x_wconf 74' lang='grc' dir='ltr'>ὑπεριδὼν,</span> <span class='ocrx_word' id='word_1_657' title='bbox 919 4531 1014 4583; x_wconf 77' lang='grc' dir='ltr'>καὶ</span> <span class='ocrx_word' id='word_1_658' title='bbox 1059 4532 1157 4598; x_wconf 87' lang='grc' dir='ltr'>τῆς</span> <span class='ocrx_word' id='word_1_659' title='bbox 1212 4530 1306 4583; x_wconf 66' lang='grc' dir='ltr'><strong>ἐπὶ</strong></span> <span class='ocrx_word' id='word_1_660' title='bbox 1367 4527 1620 4581; x_wconf 81' lang='grc' dir='ltr'>τοσοῦτον</span> <span class='ocrx_word' id='word_1_661' title='bbox 1674 4529 1863 4597; x_wconf 68' lang='grc' dir='ltr'>χρόνον</span> 
     </span>
    </p>
   </div>
   <div class='ocr_carea' id='block_1_95' title="bbox 278 4620 1865 4695">
    <p class='ocr_par' dir='ltr' id='par_1_95' title="bbox 278 4620 1865 4695">
     <span class='ocr_line' id='line_1_95' title="bbox 278 4620 1865 4695; baseline 0.009 -25"><span class='ocrx_word' id='word_1_662' title='bbox 278 4625 584 4695; x_wconf 68' lang='grc' dir='ltr'>ἀμυθήτου</span> <span class='ocrx_word' id='word_1_663' title='bbox 608 4621 1010 4689; x_wconf 78' lang='grc' dir='ltr'>κακοπραγίας,</span> <span class='ocrx_word' id='word_1_664' title='bbox 1068 4622 1392 4689; x_wconf 82' lang='grc' dir='ltr'>ἀπειπάμην</span> <span class='ocrx_word' id='word_1_665' title='bbox 1449 4620 1716 4687; x_wconf 71' lang='grc' dir='ltr'>φανερῶς»</span> <span class='ocrx_word' id='word_1_666' title='bbox 1772 4620 1865 4671; x_wconf 55' lang='grc' dir='ltr'><strong>καὶ</strong></span> 
     </span>
    </p>
   </div>
   <div class='ocr_carea' id='block_1_96' title="bbox 276 4709 1865 4787">
    <p class='ocr_par' dir='ltr' id='par_1_96' title="bbox 276 4709 1865 4787">
     <span class='ocr_line' id='line_1_96' title="bbox 276 4709 1865 4787; baseline -0.004 -20"><span class='ocrx_word' id='word_1_667' title='bbox 276 4721 379 4787; x_wconf 76' lang='grc' dir='ltr'>τῆς</span> <span class='ocrx_word' id='word_1_668' title='bbox 429 4714 726 4783; x_wconf 81' lang='grc' dir='ltr'>Ῥωμαίων</span> <span class='ocrx_word' id='word_1_669' title='bbox 766 4712 940 4781; x_wconf 70' lang='grc' dir='ltr'>ἀρχῆς</span> <span class='ocrx_word' id='word_1_670' title='bbox 980 4712 1226 4764; x_wconf 76' lang='grc' dir='ltr'>ἐκέλευον</span> <span class='ocrx_word' id='word_1_671' title='bbox 1287 4712 1620 4779; x_wconf 80' lang='grc' dir='ltr'>ἀναχωρεῖν,</span> <span class='ocrx_word' id='word_1_672' title='bbox 1678 4711 1732 4762; x_wconf 89' lang='grc' dir='ltr'><strong>εί</strong></span> <span class='ocrx_word' id='word_1_673' title='bbox 1789 4709 1865 4778; x_wconf 80' lang='grc' dir='ltr'>μὴ</span> 
     </span>
    </p>
   </div>
   <div class='ocr_carea' id='block_1_97' title="bbox 280 4798 1868 4873">
    <p class='ocr_par' dir='ltr' id='par_1_97' title="bbox 280 4798 1868 4873">
     <span class='ocr_line' id='line_1_97' title="bbox 280 4798 1868 4873; baseline -0.003 -19"><span class='ocrx_word' id='word_1_674' title='bbox 280 4804 578 4873; x_wconf 69' lang='grc' dir='ltr'>ξιούλοιντο</span> <span class='ocrx_word' id='word_1_675' title='bbox 610 4802 701 4851; x_wconf 66' lang='grc' dir='ltr'>καὶ</span> <span class='ocrx_word' id='word_1_676' title='bbox 728 4799 937 4868; x_wconf 80' lang='grc' dir='ltr'>βασιλεῖ</span> <span class='ocrx_word' id='word_1_677' title='bbox 962 4798 1035 4867; x_wconf 79' lang='grc' dir='ltr'>τῷ</span> <span class='ocrx_word' id='word_1_678' title='bbox 1064 4798 1171 4867; x_wconf 83' lang='grc' dir='ltr'><strong>νέῳ</strong></span> <span class='ocrx_word' id='word_1_679' title='bbox 1227 4798 1561 4869; x_wconf 73' lang='grc' dir='ltr'>παρέχεσθαι</span> <span class='ocrx_word' id='word_1_680' title='bbox 1596 4799 1720 4861; x_wconf 84' lang='grc' dir='ltr'>τοὺς</span> <span class='ocrx_word' id='word_1_681' title='bbox 1775 4799 1868 4867; x_wconf 83' lang='grc' dir='ltr'><strong>ὄρ-</strong></span> 
     </span>
    </p>
   </div>
   <div class='ocr_carea' id='block_1_98' title="bbox 280 4888 1871 4958">
    <p class='ocr_par' dir='ltr' id='par_1_98' title="bbox 280 4888 1871 4958">
     <span class='ocr_line' id='line_1_98' title="bbox 280 4888 1871 4958; baseline -0.005 -11"><span class='ocrx_word' id='word_1_682' title='bbox 280 4912 446 4955; x_wconf 86' lang='grc' dir='ltr'>κους,</span> <span class='ocrx_word' id='word_1_683' title='bbox 498 4892 594 4943; x_wconf 65' lang='grc' dir='ltr'><strong>καὶ</strong></span> <span class='ocrx_word' id='word_1_684' title='bbox 622 4889 892 4942; x_wconf 83' lang='grc' dir='ltr'>δουλεύειν</span> <span class='ocrx_word' id='word_1_685' title='bbox 931 4888 1194 4958; x_wconf 77' lang='grc' dir='ltr'>ἀκριϐῶς,</span> <span class='ocrx_word' id='word_1_686' title='bbox 1226 4888 1415 4958; x_wconf 81' lang='grc' dir='ltr'>ὥσπερ</span> <span class='ocrx_word' id='word_1_687' title='bbox 1460 4889 1663 4941; x_wconf 69' lang='grc' dir='ltr'>οἴονται</span> <span class='ocrx_word' id='word_1_688' title='bbox 1698 4890 1871 4957; x_wconf 69' lang='grc' dir='ltr'>κάμοὶ</span> 
     </span>
    </p>
   </div>
   <div class='ocr_carea' id='block_1_99' title="bbox 280 4980 1871 5055">
    <p class='ocr_par' dir='ltr' id='par_1_99' title="bbox 280 4980 1871 5055">
     <span class='ocr_line' id='line_1_99' title="bbox 280 4980 1871 5055; baseline -0.004 -20"><span class='ocrx_word' id='word_1_689' title='bbox 280 4984 627 5055; x_wconf 75' lang='grc' dir='ltr'>προσήκειν·</span> <span class='ocrx_word' id='word_1_690' title='bbox 666 4981 857 5044; x_wconf 79' lang='grc' dir='ltr'>ἐκείνῳ</span> <span class='ocrx_word' id='word_1_691' title='bbox 910 4980 966 5032; x_wconf 69' lang='grc' dir='ltr'>δὲ</span> <span class='ocrx_word' id='word_1_692' title='bbox 1016 4980 1109 5032; x_wconf 69' lang='grc' dir='ltr'>καὶ</span> <span class='ocrx_word' id='word_1_693' title='bbox 1149 4980 1370 5049; x_wconf 76' lang='grc' dir='ltr'>μᾶλλον,</span> <span class='ocrx_word' id='word_1_694' title='bbox 1417 4980 1539 5031; x_wconf 82' lang='grc' dir='ltr'>ὅσον</span> <span class='ocrx_word' id='word_1_695' title='bbox 1593 4981 1717 5049; x_wconf 75' lang='grc' dir='ltr'>ἐμοὶ</span> <span class='ocrx_word' id='word_1_696' title='bbox 1774 4980 1871 5048; x_wconf 80' lang='grc' dir='ltr'>μὲν</span> 
     </span>
    </p>
   </div>
   <div class='ocr_carea' id='block_1_100' title="bbox 280 5067 1854 5136">
    <p class='ocr_par' dir='ltr' id='par_1_100' title="bbox 280 5067 1854 5136">
     <span class='ocr_line' id='line_1_100' title="bbox 280 5067 1854 5136; baseline -0.004 -11"><span class='ocrx_word' id='word_1_697' title='bbox 280 5075 390 5125; x_wconf 70' lang='grc' dir='ltr'>οὐκ</span> <span class='ocrx_word' id='word_1_698' title='bbox 429 5073 517 5130; x_wconf 70' lang='grc' dir='ltr'>εἰς</span> <span class='ocrx_word' id='word_1_699' title='bbox 566 5072 692 5130; x_wconf 67' lang='grc' dir='ltr'>τοὺς</span> <span class='ocrx_word' id='word_1_700' title='bbox 720 5070 913 5128; x_wconf 76' lang='grc' dir='ltr'>παῖδας</span> <span class='ocrx_word' id='word_1_701' title='bbox 940 5067 1214 5135; x_wconf 74' lang='grc' dir='ltr'>ἔγνωσται</span> <span class='ocrx_word' id='word_1_702' title='bbox 1249 5068 1594 5128; x_wconf 68' lang='grc' dir='ltr'>διαϐιϐάζειν</span> <span class='ocrx_word' id='word_1_703' title='bbox 1626 5068 1723 5136; x_wconf 81' lang='grc' dir='ltr'>τὴν</span> <span class='ocrx_word' id='word_1_704' title='bbox 1753 5069 1854 5134; x_wconf 81' lang='grc' dir='ltr'>ἀρ-</span> 
     </span>
    </p>
   </div>
   <div class='ocr_carea' id='block_1_101' title="bbox 283 5156 1870 5233">
    <p class='ocr_par' dir='ltr' id='par_1_101' title="bbox 283 5156 1870 5233">
     <span class='ocr_line' id='line_1_101' title="bbox 283 5156 1870 5233; baseline -0.003 -19"><span class='ocrx_word' id='word_1_705' title='bbox 283 5170 420 5233; x_wconf 73' lang='grc' dir='ltr'>χὴν,</span> <span class='ocrx_word' id='word_1_706' title='bbox 454 5161 572 5214; x_wconf 78' lang='grc' dir='ltr'>ἀλλ’</span> <span class='ocrx_word' id='word_1_707' title='bbox 608 5162 815 5211; x_wconf 80' lang='grc' dir='ltr'>ἐκεῖνον</span> <span class='ocrx_word' id='word_1_708' title='bbox 869 5159 1223 5211; x_wconf 82' lang='grc' dir='ltr'>καταλείπειν</span> <span class='ocrx_word' id='word_1_709' title='bbox 1275 5158 1635 5229; x_wconf 78' lang='grc' dir='ltr'>κληρονόμον,</span> <span class='ocrx_word' id='word_1_710' title='bbox 1676 5156 1870 5222; x_wconf 82' lang='grc' dir='ltr'>ἐκείνῳ</span> 
     </span>
    </p>
   </div>
   <div class='ocr_carea' id='block_1_102' title="bbox 283 5247 1873 5317">
    <p class='ocr_par' dir='ltr' id='par_1_102' title="bbox 283 5247 1873 5317">
     <span class='ocr_line' id='line_1_102' title="bbox 283 5247 1873 5317; baseline -0.005 -11"><span class='ocrx_word' id='word_1_711' title='bbox 283 5254 346 5306; x_wconf 66' lang='grc' dir='ltr'><strong>ει</strong></span> <span class='ocrx_word' id='word_1_712' title='bbox 373 5256 463 5313; x_wconf 77' lang='grc' dir='ltr'>εἰς</span> <span class='ocrx_word' id='word_1_713' title='bbox 487 5251 707 5314; x_wconf 71' lang='grc' dir='ltr'>παῖδας,</span> <span class='ocrx_word' id='word_1_714' title='bbox 738 5250 831 5302; x_wconf 73' lang='grc' dir='ltr'>καὶ</span> <span class='ocrx_word' id='word_1_715' title='bbox 877 5250 1070 5310; x_wconf 80' lang='grc' dir='ltr'>παῖδας</span> <span class='ocrx_word' id='word_1_716' title='bbox 1106 5248 1310 5302; x_wconf 81' lang='grc' dir='ltr'>παίδων</span> <span class='ocrx_word' id='word_1_717' title='bbox 1337 5248 1683 5317; x_wconf 77' lang='grc' dir='ltr'>διαϐήσεται,</span> <span class='ocrx_word' id='word_1_718' title='bbox 1719 5248 1754 5300; x_wconf 87' lang='grc' dir='ltr'><strong>δι</strong></span> <span class='ocrx_word' id='word_1_719' title='bbox 1780 5247 1873 5299; x_wconf 68' lang='grc' dir='ltr'><strong>καὶ</strong></span> 
     </span>
    </p>
   </div>
   <div class='ocr_carea' id='block_1_103' title="bbox 288 5335 1875 5411">
    <p class='ocr_par' dir='ltr' id='par_1_103' title="bbox 288 5335 1875 5411">
     <span class='ocr_line' id='line_1_103' title="bbox 288 5335 1875 5411; baseline -0.004 -16"><span class='ocrx_word' id='word_1_720' title='bbox 288 5346 578 5410; x_wconf 69' lang='grc' dir='ltr'>ἔπραττον</span> <span class='ocrx_word' id='word_1_721' title='bbox 708 5340 960 5393; x_wconf 77' lang='grc' dir='ltr'>ἐκέλευον</span> <span class='ocrx_word' id='word_1_722' title='bbox 1000 5339 1185 5403; x_wconf 67' lang='grc' dir='ltr'>αὐτὸς,</span> <span class='ocrx_word' id='word_1_723' title='bbox 1237 5339 1333 5391; x_wconf 74' lang='grc' dir='ltr'>καὶ</span> <span class='ocrx_word' id='word_1_724' title='bbox 1382 5339 1704 5408; x_wconf 85' lang='grc' dir='ltr'>παρείχοντο</span> <span class='ocrx_word' id='word_1_725' title='bbox 1750 5338 1875 5399; x_wconf 76' lang='grc' dir='ltr'>τοὺς</span> 
     </span>
    </p>
   </div>
   <div class='ocr_carea' id='block_1_104' title="bbox 285 5416 1874 5500">
    <p class='ocr_par' dir='ltr' id='par_1_104' title="bbox 285 5416 1874 5500">
     <span class='ocr_line' id='line_1_104' title="bbox 285 5416 1874 5500; baseline -0.002 -18"><span class='ocrx_word' id='word_1_726' title='bbox 285 5435 500 5500; x_wconf 78' lang='grc' dir='ltr'>ὅρκους</span> <span class='ocrx_word' id='word_1_727' title='bbox 525 5430 617 5482; x_wconf 77' lang='grc' dir='ltr'><strong>ὑπ’</strong></span> <span class='ocrx_word' id='word_1_728' title='bbox 653 5429 922 5498; x_wconf 81' lang='grc' dir='ltr'>ἀνάγκης.</span> <span class='ocrx_word' id='word_1_729' title='bbox 956 5416 1121 5490; x_wconf 73' lang='grc' dir='ltr'>Αὖθις</span> <span class='ocrx_word' id='word_1_730' title='bbox 1144 5429 1199 5482; x_wconf 81' lang='grc' dir='ltr'>δὲ</span> <span class='ocrx_word' id='word_1_731' title='bbox 1229 5430 1336 5481; x_wconf 84' lang='grc' dir='ltr'><strong>τῶν</strong></span> <span class='ocrx_word' id='word_1_732' title='bbox 1392 5428 1622 5498; x_wconf 85' lang='grc' dir='ltr'>βασιλίδι</span> <span class='ocrx_word' id='word_1_733' title='bbox 1671 5446 1874 5497; x_wconf 82' lang='grc' dir='ltr'>προσε-</span> 
     </span>
    </p>
   </div>
   <div class='ocr_carea' id='block_1_105' title="bbox 290 5519 1878 5592">
    <p class='ocr_par' dir='ltr' id='par_1_105' title="bbox 290 5519 1878 5592">
     <span class='ocr_line' id='line_1_105' title="bbox 290 5519 1878 5592; baseline -0.003 -17"><span class='ocrx_word' id='word_1_734' title='bbox 290 5525 511 5592; x_wconf 63' lang='grc' dir='ltr'>χόντων</span> <span class='ocrx_word' id='word_1_735' title='bbox 556 5521 924 5591; x_wconf 65' lang='grc' dir='ltr'>τραπομένων</span> <span class='ocrx_word' id='word_1_736' title='bbox 974 5520 1141 5572; x_wconf 83' lang='grc' dir='ltr'>τινῶν</span> <span class='ocrx_word' id='word_1_737' title='bbox 1174 5522 1252 5583; x_wconf 84' lang='grc' dir='ltr'><strong>είς</strong></span> <span class='ocrx_word' id='word_1_738' title='bbox 1313 5521 1733 5589; x_wconf 77' lang='grc' dir='ltr'>νεωτερισμοὺς,</span> <span class='ocrx_word' id='word_1_739' title='bbox 1783 5519 1878 5571; x_wconf 73' lang='grc' dir='ltr'>καὶ</span> 
     </span>
    </p>
   </div>
   <div class='ocr_carea' id='block_1_106' title="bbox 295 5610 1879 5682">
    <p class='ocr_par' dir='ltr' id='par_1_106' title="bbox 295 5610 1879 5682">
     <span class='ocr_line' id='line_1_106' title="bbox 295 5610 1879 5682; baseline -0.004 -15"><span class='ocrx_word' id='word_1_740' title='bbox 295 5613 655 5682; x_wconf 74' lang='grc' dir='ltr'>συνθεμένων</span> <span class='ocrx_word' id='word_1_741' title='bbox 687 5613 872 5682; x_wconf 79' lang='grc' dir='ltr'>ἀπάτῃ</span> <span class='ocrx_word' id='word_1_742' title='bbox 907 5614 1371 5682; x_wconf 84' lang='grc' dir='ltr'>συναρπάσαντας</span> <span class='ocrx_word' id='word_1_743' title='bbox 1420 5611 1510 5664; x_wconf 78' lang='grc' dir='ltr'><strong>τὸν</strong></span> <span class='ocrx_word' id='word_1_744' title='bbox 1544 5610 1664 5662; x_wconf 92' lang='grc' dir='ltr'>νέον</span> <span class='ocrx_word' id='word_1_745' title='bbox 1724 5610 1879 5678; x_wconf 79' lang='grc' dir='ltr'>βασι-</span> 
     </span>
    </p>
   </div>
   <div class='ocr_carea' id='block_1_107' title="bbox 294 5701 1877 5770">
    <p class='ocr_par' dir='ltr' id='par_1_107' title="bbox 294 5701 1877 5770">
     <span class='ocr_line' id='line_1_107' title="bbox 294 5701 1877 5770; baseline -0.004 -12"><span class='ocrx_word' id='word_1_746' title='bbox 294 5708 423 5770; x_wconf 76' lang='grc' dir='ltr'>λέα,</span> <span class='ocrx_word' id='word_1_747' title='bbox 451 5704 749 5758; x_wconf 75' lang='grc' dir='ltr'>διαϐαίνειν</span> <span class='ocrx_word' id='word_1_748' title='bbox 780 5706 871 5756; x_wconf 78' lang='grc' dir='ltr'><strong>ἐπὶ</strong></span> <span class='ocrx_word' id='word_1_749' title='bbox 910 5703 1178 5769; x_wconf 75' lang='grc' dir='ltr'>Γαλατᾶν,</span> <span class='ocrx_word' id='word_1_750' title='bbox 1213 5702 1305 5755; x_wconf 75' lang='grc' dir='ltr'>καὶ</span> <span class='ocrx_word' id='word_1_751' title='bbox 1344 5702 1581 5769; x_wconf 86' lang='grc' dir='ltr'>πόλεμον</span> <span class='ocrx_word' id='word_1_752' title='bbox 1641 5701 1877 5770; x_wconf 82' lang='grc' dir='ltr'>ἐγείρειν</span> 
     </span>
    </p>
   </div>
   <div class='ocr_carea' id='block_1_108' title="bbox 1972 4508 3537 4582">
    <p class='ocr_par' dir='ltr' id='par_1_108' title="bbox 1972 4508 3537 4582">
     <span class='ocr_line' id='line_1_108' title="bbox 1972 4508 3537 4582; baseline -0.006 -17"><span class='ocrx_word' id='word_1_753' title='bbox 1972 4528 2068 4582; x_wconf 90' lang='lat' dir='ltr'><strong>per</strong></span> <span class='ocrx_word' id='word_1_754' title='bbox 2119 4512 2365 4565; x_wconf 78' lang='lat' dir='ltr'><strong>fraudem</strong></span> <span class='ocrx_word' id='word_1_755' title='bbox 2422 4511 2650 4580; x_wconf 85' lang='lat' dir='ltr'><strong>adrepto</strong></span> <span class='ocrx_word' id='word_1_756' title='bbox 2709 4522 2895 4564; x_wconf 88' lang='lat' dir='ltr'><strong>secum</strong></span> <span class='ocrx_word' id='word_1_757' title='bbox 2937 4509 3158 4579; x_wconf 87' lang='lat' dir='ltr'><strong>juniore</strong></span> <span class='ocrx_word' id='word_1_758' title='bbox 3204 4508 3537 4575; x_wconf 88' lang='lat' dir='ltr'><strong>imperatore</strong></span> 
     </span>
    </p>
   </div>
   <div class='ocr_carea' id='block_1_109' title="bbox 1968 4596 3531 4671">
    <p class='ocr_par' dir='ltr' id='par_1_109' title="bbox 1968 4596 3531 4671">
     <span class='ocr_line' id='line_1_109' title="bbox 1968 4596 3531 4671; baseline -0.006 -14"><span class='ocrx_word' id='word_1_759' title='bbox 1968 4603 2208 4657; x_wconf 81' lang='lat' dir='ltr'><strong>Galatam</strong></span> <span class='ocrx_word' id='word_1_760' title='bbox 2245 4611 2450 4671; x_wconf 86' lang='lat' dir='ltr'><strong>petere,</strong></span> <span class='ocrx_word' id='word_1_761' title='bbox 2500 4612 2554 4655; x_wconf 92' lang='lat' dir='ltr'><strong>et</strong></span> <span class='ocrx_word' id='word_1_762' title='bbox 2602 4602 2744 4655; x_wconf 86' lang='lat' dir='ltr'><strong>unde</strong></span> <span class='ocrx_word' id='word_1_763' title='bbox 2796 4600 2939 4655; x_wconf 89' lang='lat' dir='ltr'><strong>unde</strong></span> <span class='ocrx_word' id='word_1_764' title='bbox 2969 4609 3254 4655; x_wconf 79' lang='lat' dir='ltr'><strong>contracto</strong></span> <span class='ocrx_word' id='word_1_765' title='bbox 3285 4596 3531 4652; x_wconf 83' lang='lat' dir='ltr'><strong>exercitu</strong></span> 
     </span>
    </p>
   </div>
   <div class='ocr_carea' id='block_1_110' title="bbox 1970 4690 3540 4758">
    <p class='ocr_par' dir='ltr' id='par_1_110' title="bbox 1970 4690 3540 4758">
     <span class='ocr_line' id='line_1_110' title="bbox 1970 4690 3540 4758; baseline -0.005 -11"><span class='ocrx_word' id='word_1_766' title='bbox 1970 4694 2175 4748; x_wconf 83' lang='lat' dir='ltr'><strong>bellum</strong></span> <span class='ocrx_word' id='word_1_767' title='bbox 2217 4704 2407 4747; x_wconf 83' lang='lat' dir='ltr'><strong>contra</strong></span> <span class='ocrx_word' id='word_1_768' title='bbox 2462 4708 2545 4745; x_wconf 86' lang='lat' dir='ltr'><strong>me</strong></span> <span class='ocrx_word' id='word_1_769' title='bbox 2595 4693 2903 4753; x_wconf 88' lang='lat' dir='ltr'><strong>concitare,</strong></span> <span class='ocrx_word' id='word_1_770' title='bbox 2960 4691 3035 4744; x_wconf 86' lang='lat' dir='ltr'><strong>illi</strong></span> <span class='ocrx_word' id='word_1_771' title='bbox 3088 4690 3311 4758; x_wconf 87' lang='lat' dir='ltr'><strong>quidem</strong></span> <span class='ocrx_word' id='word_1_772' title='bbox 3342 4692 3540 4756; x_wconf 87' lang='lat' dir='ltr'><strong>depre-</strong></span> 
     </span>
    </p>
   </div>
   <div class='ocr_carea' id='block_1_111' title="bbox 1972 4778 3536 4851">
    <p class='ocr_par' dir='ltr' id='par_1_111' title="bbox 1972 4778 3536 4851">
     <span class='ocr_line' id='line_1_111' title="bbox 1972 4778 3536 4851; baseline -0.007 -11"><span class='ocrx_word' id='word_1_773' title='bbox 1972 4787 2154 4849; x_wconf 85' lang='lat' dir='ltr'><strong>hensi,</strong></span> <span class='ocrx_word' id='word_1_774' title='bbox 2186 4785 2520 4851; x_wconf 38' lang='lat' dir='ltr'><strong>,mereedcm</strong></span> <span class='ocrx_word' id='word_1_775' title='bbox 2574 4784 2797 4839; x_wconf 83' lang='lat' dir='ltr'><strong>sceleris</strong></span> <span class='ocrx_word' id='word_1_776' title='bbox 2864 4784 2946 4836; x_wconf 90' lang='lat' dir='ltr'><strong>sui</strong></span> <span class='ocrx_word' id='word_1_777' title='bbox 2993 4787 3377 4848; x_wconf 87' lang='lat' dir='ltr'><strong>susceperunt.</strong></span> <span class='ocrx_word' id='word_1_778' title='bbox 3434 4778 3536 4841; x_wconf 81' lang='lat' dir='ltr'><strong>Qui</strong></span> 
     </span>
    </p>
   </div>
   <div class='ocr_carea' id='block_1_112' title="bbox 1976 4867 3535 4945">
    <p class='ocr_par' dir='ltr' id='par_1_112' title="bbox 1976 4867 3535 4945">
     <span class='ocr_line' id='line_1_112' title="bbox 1976 4867 3535 4945; baseline -0.01 -13"><span class='ocrx_word' id='word_1_779' title='bbox 1976 4894 2106 4932; x_wconf 90' lang='lat' dir='ltr'><strong>vero</strong></span> <span class='ocrx_word' id='word_1_780' title='bbox 2151 4879 2353 4930; x_wconf 87' lang='lat' dir='ltr'><strong>animis</strong></span> <span class='ocrx_word' id='word_1_781' title='bbox 2403 4890 2603 4945; x_wconf 88' lang='lat' dir='ltr'><strong>parum</strong></span> <span class='ocrx_word' id='word_1_782' title='bbox 2657 4874 2832 4942; x_wconf 69' lang='lat' dir='ltr'><strong>aequis</strong></span> <span class='ocrx_word' id='word_1_783' title='bbox 2879 4871 3198 4940; x_wconf 89' lang='lat' dir='ltr'><strong>imperatori</strong></span> <span class='ocrx_word' id='word_1_784' title='bbox 3254 4867 3535 4925; x_wconf 89' lang='lat' dir='ltr'><strong>suberant,</strong></span> 
     </span>
    </p>
   </div>
   <div class='ocr_carea' id='block_1_113' title="bbox 1981 4954 3537 5025">
    <p class='ocr_par' dir='ltr' id='par_1_113' title="bbox 1981 4954 3537 5025">
     <span class='ocr_line' id='line_1_113' title="bbox 1981 4954 3537 5025; baseline -0.01 -4"><span class='ocrx_word' id='word_1_785' title='bbox 1981 4968 2133 5021; x_wconf 84' lang='lat' dir='ltr'><strong>velut</strong></span> <span class='ocrx_word' id='word_1_786' title='bbox 2182 4966 2432 5019; x_wconf 87' lang='lat' dir='ltr'><strong>idoneam</strong></span> <span class='ocrx_word' id='word_1_787' title='bbox 2477 4978 2696 5015; x_wconf 85' lang='lat' dir='ltr'><strong>causam</strong></span> <span class='ocrx_word' id='word_1_788' title='bbox 2746 4963 2911 5023; x_wconf 87' lang='lat' dir='ltr'><strong>nacti,</strong></span> <span class='ocrx_word' id='word_1_789' title='bbox 2963 4962 3145 5013; x_wconf 91' lang='lat' dir='ltr'><strong>denuo</strong></span> <span class='ocrx_word' id='word_1_790' title='bbox 3180 4954 3537 5025; x_wconf 83' lang='lat' dir='ltr'><strong>jurisjurandi</strong></span> 
     </span>
    </p>
   </div>
   <div class='ocr_carea' id='block_1_114' title="bbox 1976 5046 3539 5127">
    <p class='ocr_par' dir='ltr' id='par_1_114' title="bbox 1976 5046 3539 5127">
     <span class='ocr_line' id='line_1_114' title="bbox 1976 5046 3539 5127; baseline -0.01 -15"><span class='ocrx_word' id='word_1_791' title='bbox 1976 5059 2245 5127; x_wconf 78' lang='lat' dir='ltr'><strong>religione</strong></span> <span class='ocrx_word' id='word_1_792' title='bbox 2262 5054 2471 5109; x_wconf 88' lang='lat' dir='ltr'><strong>absolvi</strong></span> <span class='ocrx_word' id='word_1_793' title='bbox 2494 5054 2861 5122; x_wconf 83' lang='lat' dir='ltr'><strong>postularunt,</strong></span> <span class='ocrx_word' id='word_1_794' title='bbox 2889 5061 2943 5105; x_wconf 92' lang='lat' dir='ltr'><strong>et</strong></span> <span class='ocrx_word' id='word_1_795' title='bbox 2971 5050 3150 5103; x_wconf 78' lang='lat' dir='ltr'><strong>facere</strong></span> <span class='ocrx_word' id='word_1_796' title='bbox 3180 5061 3357 5115; x_wconf 90' lang='lat' dir='ltr'><strong>posse,</strong></span> <span class='ocrx_word' id='word_1_797' title='bbox 3391 5046 3539 5113; x_wconf 80' lang='lat' dir='ltr'><strong>quod</strong></span> 
     </span>
    </p>
   </div>
   <div class='ocr_carea' id='block_1_115' title="bbox 1975 5136 3543 5214">
    <p class='ocr_par' dir='ltr' id='par_1_115' title="bbox 1975 5136 3543 5214">
     <span class='ocr_line' id='line_1_115' title="bbox 1975 5136 3543 5214; baseline -0.012 -9"><span class='ocrx_word' id='word_1_798' title='bbox 1975 5168 2041 5206; x_wconf 83' lang='lat' dir='ltr'><strong>ex</strong></span> <span class='ocrx_word' id='word_1_799' title='bbox 2077 5165 2132 5203; x_wconf 88' lang='lat' dir='ltr'><strong>re</strong></span> <span class='ocrx_word' id='word_1_800' title='bbox 2159 5164 2257 5203; x_wconf 88' lang='lat' dir='ltr'><strong>sna</strong></span> <span class='ocrx_word' id='word_1_801' title='bbox 2281 5148 2583 5202; x_wconf 87' lang='lat' dir='ltr'><strong>videretur.</strong></span> <span class='ocrx_word' id='word_1_802' title='bbox 2619 5146 2732 5214; x_wconf 79' lang='lat' dir='ltr'><strong>Ego</strong></span> <span class='ocrx_word' id='word_1_803' title='bbox 2782 5158 2911 5196; x_wconf 91' lang='lat' dir='ltr'><strong>vero</strong></span> <span class='ocrx_word' id='word_1_804' title='bbox 2948 5142 3018 5195; x_wconf 90' lang='lat' dir='ltr'><strong>ad</strong></span> <span class='ocrx_word' id='word_1_805' title='bbox 3059 5142 3175 5194; x_wconf 66' lang='lat' dir='ltr'><strong>bmc</strong></span> <span class='ocrx_word' id='word_1_806' title='bbox 3207 5136 3409 5193; x_wconf 88' lang='lat' dir='ltr'><strong>surdus</strong></span> <span class='ocrx_word' id='word_1_807' title='bbox 3441 5136 3543 5189; x_wconf 87' lang='lat' dir='ltr'><strong>im-</strong></span> 
     </span>
    </p>
   </div>
   <div class='ocr_carea' id='block_1_116' title="bbox 1980 5228 3541 5311">
    <p class='ocr_par' dir='ltr' id='par_1_116' title="bbox 1980 5228 3541 5311">
     <span class='ocr_line' id='line_1_116' title="bbox 1980 5228 3541 5311; baseline -0.01 -15"><span class='ocrx_word' id='word_1_808' title='bbox 1980 5252 2283 5311; x_wconf 86' lang='lat' dir='ltr'><strong>peratorem</strong></span> <span class='ocrx_word' id='word_1_809' title='bbox 2310 5250 2365 5293; x_wconf 91' lang='lat' dir='ltr'><strong>et</strong></span> <span class='ocrx_word' id='word_1_810' title='bbox 2393 5248 2648 5301; x_wconf 89' lang='lat' dir='ltr'><strong>matrem,</strong></span> <span class='ocrx_word' id='word_1_811' title='bbox 2702 5244 2962 5303; x_wconf 87' lang='lat' dir='ltr'><strong>tanquam</strong></span> <span class='ocrx_word' id='word_1_812' title='bbox 3016 5232 3252 5295; x_wconf 90' lang='lat' dir='ltr'><strong>nescios,</strong></span> <span class='ocrx_word' id='word_1_813' title='bbox 3304 5245 3424 5299; x_wconf 63' lang='lat' dir='ltr'><strong>quae</strong></span> <span class='ocrx_word' id='word_1_814' title='bbox 3466 5228 3541 5281; x_wconf 86' lang='lat' dir='ltr'><strong>illi</strong></span> 
     </span>
    </p>
   </div>
   <div class='ocr_carea' id='block_1_117' title="bbox 1980 5320 3541 5397">
    <p class='ocr_par' dir='ltr' id='par_1_117' title="bbox 1980 5320 3541 5397">
     <span class='ocr_line' id='line_1_117' title="bbox 1980 5320 3541 5397; baseline -0.01 -10"><span class='ocrx_word' id='word_1_815' title='bbox 1980 5332 2239 5387; x_wconf 89' lang='lat' dir='ltr'><strong>novitatis</strong></span> <span class='ocrx_word' id='word_1_816' title='bbox 2276 5330 2505 5384; x_wconf 88' lang='lat' dir='ltr'><strong>consilia</strong></span> <span class='ocrx_word' id='word_1_817' title='bbox 2532 5335 2858 5397; x_wconf 88' lang='lat' dir='ltr'><strong>eoquerent,</strong></span> <span class='ocrx_word' id='word_1_818' title='bbox 2913 5324 3064 5379; x_wconf 87' lang='lat' dir='ltr'><strong>omni</strong></span> <span class='ocrx_word' id='word_1_819' title='bbox 3099 5325 3257 5392; x_wconf 84' lang='lat' dir='ltr'><strong>culpa</strong></span> <span class='ocrx_word' id='word_1_820' title='bbox 3289 5320 3541 5382; x_wconf 89' lang='lat' dir='ltr'><strong>liberavi,</strong></span> 
     </span>
    </p>
   </div>
   <div class='ocr_carea' id='block_1_118' title="bbox 1979 5402 3545 5493">
    <p class='ocr_par' dir='ltr' id='par_1_118' title="bbox 1979 5402 3545 5493">
     <span class='ocr_line' id='line_1_118' title="bbox 1979 5402 3545 5493; baseline -0.011 -14"><span class='ocrx_word' id='word_1_821' title='bbox 1979 5434 2035 5481; x_wconf 89' lang='lat' dir='ltr'><strong>et</strong></span> <span class='ocrx_word' id='word_1_822' title='bbox 2062 5420 2498 5493; x_wconf 89' lang='lat' dir='ltr'><strong>postulatoribus</strong></span> <span class='ocrx_word' id='word_1_823' title='bbox 2542 5402 2901 5490; x_wconf 31' lang='lat' dir='ltr'><strong>praeeepifut</strong></span> <span class='ocrx_word' id='word_1_824' title='bbox 2942 5432 3001 5472; x_wconf 91' lang='lat' dir='ltr'><strong>se</strong></span> <span class='ocrx_word' id='word_1_825' title='bbox 3032 5415 3403 5475; x_wconf 88' lang='lat' dir='ltr'><strong>continerent,</strong></span> <span class='ocrx_word' id='word_1_826' title='bbox 3444 5426 3545 5465; x_wconf 80' lang='lat' dir='ltr'><strong>nec</strong></span> 
     </span>
    </p>
   </div>
   <div class='ocr_carea' id='block_1_119' title="bbox 1982 5503 3547 5579">
    <p class='ocr_par' dir='ltr' id='par_1_119' title="bbox 1982 5503 3547 5579">
     <span class='ocr_line' id='line_1_119' title="bbox 1982 5503 3547 5579; baseline -0.01 -9"><span class='ocrx_word' id='word_1_827' title='bbox 1982 5517 2290 5570; x_wconf 78' lang='lat' dir='ltr'><strong>Romanum</strong></span> <span class='ocrx_word' id='word_1_828' title='bbox 2337 5511 2630 5579; x_wconf 86' lang='lat' dir='ltr'><strong>imperium</strong></span> <span class='ocrx_word' id='word_1_829' title='bbox 2684 5509 2753 5564; x_wconf 89' lang='lat' dir='ltr'><strong>de</strong></span> <span class='ocrx_word' id='word_1_830' title='bbox 2788 5512 3003 5578; x_wconf 79' lang='lat' dir='ltr'><strong>integro</strong></span> <span class='ocrx_word' id='word_1_831' title='bbox 3051 5503 3312 5560; x_wconf 62' lang='lat' dir='ltr'><strong>aerumnis</strong></span> <span class='ocrx_word' id='word_1_832' title='bbox 3352 5518 3547 5557; x_wconf 86' lang='lat' dir='ltr'><strong>eumu-</strong></span> 
     </span>
    </p>
   </div>
   <div class='ocr_carea' id='block_1_120' title="bbox 1983 5594 3545 5673">
    <p class='ocr_par' dir='ltr' id='par_1_120' title="bbox 1983 5594 3545 5673">
     <span class='ocr_line' id='line_1_120' title="bbox 1983 5594 3545 5673; baseline -0.009 -13"><span class='ocrx_word' id='word_1_833' title='bbox 1983 5606 2132 5661; x_wconf 89' lang='lat' dir='ltr'><strong>landi</strong></span> <span class='ocrx_word' id='word_1_834' title='bbox 2163 5600 2484 5673; x_wconf 57' lang='lat' dir='ltr'><strong>praztex&#39;tum</strong></span> <span class='ocrx_word' id='word_1_835' title='bbox 2511 5611 2843 5670; x_wconf 72' lang='lat' dir='ltr'><strong>quzererent.</strong></span> <span class='ocrx_word' id='word_1_836' title='bbox 2889 5602 3025 5655; x_wconf 89' lang='lat' dir='ltr'><strong>Cum</strong></span> <span class='ocrx_word' id='word_1_837' title='bbox 3056 5614 3155 5652; x_wconf 83' lang='lat' dir='ltr'><strong>nec</strong></span> <span class='ocrx_word' id='word_1_838' title='bbox 3201 5597 3280 5651; x_wconf 90' lang='lat' dir='ltr'><strong>sic</strong></span> <span class='ocrx_word' id='word_1_839' title='bbox 3320 5594 3545 5664; x_wconf 83' lang='lat' dir='ltr'><strong>quidem</strong></span> 
     </span>
    </p>
   </div>
   <div class='ocr_carea' id='block_1_121' title="bbox 1984 5691 3548 5759">
    <p class='ocr_par' dir='ltr' id='par_1_121' title="bbox 1984 5691 3548 5759">
     <span class='ocr_line' id='line_1_121' title="bbox 1984 5691 3548 5759; baseline -0.008 -7"><span class='ocrx_word' id='word_1_840' title='bbox 1984 5695 2323 5759; x_wconf 88' lang='lat' dir='ltr'><strong>desinerent,</strong></span> <span class='ocrx_word' id='word_1_841' title='bbox 2361 5694 2455 5748; x_wconf 87' lang='lat' dir='ltr'><strong>sed</strong></span> <span class='ocrx_word' id='word_1_842' title='bbox 2496 5693 2747 5748; x_wconf 64' lang='lat' dir='ltr'><strong>Matthaao</strong></span> <span class='ocrx_word' id='word_1_843' title='bbox 2772 5692 2882 5747; x_wconf 82' lang='lat' dir='ltr'><strong>lilio</strong></span> <span class='ocrx_word' id='word_1_844' title='bbox 2910 5707 3034 5747; x_wconf 86' lang='lat' dir='ltr'><strong>meo</strong></span> <span class='ocrx_word' id='word_1_845' title='bbox 3064 5691 3291 5759; x_wconf 80' lang='lat' dir='ltr'><strong>decepto</strong></span> <span class='ocrx_word' id='word_1_846' title='bbox 3322 5700 3548 5757; x_wconf 77' lang='lat' dir='ltr'><strong>persua-</strong></span> 
     </span>
    </p>
   </div>
  </div>
