3964 6210
379 319 485 385 275

1540 325 1859 386 JOANNIS
1898 321 2418 384 CANTACUZENI

3391 383 3400 390 ,
3477 293 3594 375 ἐτδ

380 438 602 503 sissent,
635 435 691 494 ut
720 438 881 510 853
915 439 1197 507 occupatis
1231 437 1558 508 quibusdam
1589 439 1840 501 urbibus,
1885 450 1939 492 et

2051 436 2254 506 ἐπ’ἐμέ
2289 437 2516 506 δύναμιν
2560 439 3089 510 συμποριζομένους,
3133 434 3253 489 ὅθεν
3288 435 3353 488 ἂν
3381 433 3500 500 ἐξῆ,
3544 434 3596 485 οἱ

383 536 539 595 parte
567 531 799 597 quadam
834 530 902 584 de
933 538 1048 582 toto
1084 527 1316 598 imperio
1362 528 1574 595 avulsa,
1611 543 1770 583 suum
1831 526 1938 582 sibi

383 615 747 684 principatum
801 616 1155 670 institueret:
1183 631 1284 670 nec
1326 617 1500 670 amori
1539 627 1766 686 paterno
1811 630 1939 670 suc-

382 708 570 771 cubui,
597 722 695 761 nee
723 705 990 761 dissolute
1043 716 1099 762 et
1123 710 1425 764 oscitanter
1460 710 1512 762 in
1562 709 1664 763 hoc
1695 708 1938 778 negotio,

382 799 537 867 quasi
565 799 796 864 minuto,
823 814 923 853 nec
949 800 1215 869 singulari
1270 815 1401 854 cura
1454 801 1619 870 digno
1656 815 1740 854 me
1768 798 1937 870 gessi,

380 889 476 943 sed
505 891 836 944 omnimodis
877 891 1175 958 elaboravi,
1235 903 1295 947 ut
1326 893 1494 947 filium
1547 907 1576 944 a
1613 893 1805 961 coeptis
1833 891 1941 944 illi-

381 981 504 1035 citis
535 981 886 1043 abducerem,
915 992 972 1037 et
1005 984 1169 1038 missa
1204 986 1427 1054 insuper
1479 985 1601 1054 ejus
1647 995 1843 1047 matre,
1880 990 1941 1036 ut

383 1069 540 1124 novis
565 1070 732 1126 rebus
766 1073 1153 1142 supersedens,
1183 1075 1338 1138 mihi,
1394 1083 1451 1128 et
1476 1088 1676 1143 genero
1705 1073 1941 1142 impera-

381 1161 487 1213 tori
518 1174 577 1214 se
609 1169 727 1216 tuto
761 1161 1081 1232 subjiceret,
1140 1164 1362 1234 perfeci.
1419 1166 1596 1234 Atque
1630 1164 1938 1218 istiusmodi

380 1251 662 1319 complura
694 1266 781 1306 me
813 1267 1032 1321 semper
1061 1254 1398 1322 praestitisse,
1450 1254 1545 1322 qui
1574 1253 1938 1322 indagaverit,

383 1342 645 1397 Inveniet.
675 1342 751 1396 Ex
777 1343 976 1411 quibus
996 1345 1298 1399 clarissime
1325 1345 1516 1414 liquet,
1545 1359 1628 1398 me
1650 1360 1752 1399 nec
1776 1343 1938 1406 facto,

383 1446 487 1487 nec
539 1432 871 1503 cogitatione
917 1450 1147 1500 ausum,
1207 1437 1352 1490 unde
1397 1438 1666 1506 quispiam
1723 1436 1936 1504 epinari

383 1532 570 1589 queat,
613 1540 699 1577 me
733 1525 884 1578 illum
913 1526 1143 1594 imperio
1174 1528 1412 1596 Spoliare
1440 1529 1598 1588 velle,
1646 1527 1777 1596 quin
1807 1541 1939 1580 con-

2048 527 2167 598 μέν,
2221 527 2583 599 φωραθέντες,
2621 529 2808 582 ἔδοσαν
2864 530 2966 599 τῆς
3027 526 3366 594 κακουργίας
3425 524 3603 592 δίκην·

2043 621 2240 674 ἐκεῖνοι
2295 621 2352 673 δὲ
2405 621 2456 672 οἱ
2508 621 2718 690 βαρέως
2775 621 3033 690 φέροντες
3075 608 3176 688 τὴν
3238 616 3345 670 ὑπὸ
3399 615 3611 684 βασιλεῖ

2043 708 2302 773 δουλείαν,
2355 709 2540 779 ὥσπερ
2571 710 2792 777 εὐλόγου
2826 709 3150 778 προφάσεως
3181 706 3605 774 εὐπορήσαντες,

2043 799 2196 865 αὖθις
2230 802 2414 872 ἠξίουν
2454 803 2527 872 μὴ
2558 802 2844 873 ἐνέχεσθαι
2877 804 2990 864 τοῖς
3051 800 3256 870 ὅρκοις.
3316 797 3432 850 ἀλλ’
3462 799 3602 851 ἀπο-

2042 893 2292 946 λελύσθαι
2323 892 2424 961 τῆς
2447 891 2715 962 ἀνάγκης,
2750 892 2844 944 καὶ
2898 890 3178 956 πράττειν,
3209 889 3236 940 ὅ
3270 904 3322 939 τι
3355 887 3420 940 ἂν
3473 886 3607 956 δοκῇ

2045 986 2344 1054 συμφέρειν
2392 983 2595 1052 σφίσιν.
2651 981 2795 1050 Ἐγὼ
2852 983 2910 1034 δὲ
2971 981 3078 1033 οὐδ’
3103 981 3293 1048 ἄκροις
3361 978 3472 1030 ὠσὶ
3514 978 3608 1030 τδν

2040 1079 2199 1145 λόγον
2222 1079 2549 1148 ἠνεσχόμην,
2587 1075 2720 1130 ἀλλὰ
2756 1074 2974 1144 βασιλέα
3018 1073 3113 1143 μὲν
3137 1075 3230 1126 καὶ
3268 1071 3368 1141 τὴν
3398 1069 3610 1141 μητέρα

2042 1170 2225 1239 ἠξίουν
2261 1169 2540 1238 ἐνέχεσθαι
2593 1168 2834 1237 μηδεμιᾷ
2883 1167 3090 1235 γραφῇ,
3153 1165 3249 1218 ᾇτε
3306 1162 3610 1222 συνειδότας

2043 1264 2156 1325 τοῖς
2237 1259 2589 1326 νεωτερίσασι
2664 1257 2850 1326 μηδὲν,
2933 1254 3173 1318 ἐκείνους
3242 1253 3299 1307 δέ
3355 1252 3609 1306 ἐκέλευον

2045 1353 2292 1420 ἠρεμεῖν,
2323 1351 2416 1402 καὶ
2480 1349 2554 1418 μὴ
2619 1346 2917 1418 πρόφασιν
2970 1345 3193 1414 ζητεῖν-
3231 1345 3288 1410 ἐξ
3333 1339 3400 1415 ἧς
3448 1343 3606 1405 αὖθις

2043 1442 2140 1511 τὴν
2246 1439 2531 1508 Ῥωμαίων
2619 1439 2954 1508 ἐμπλήσουσι
3065 1435 3276 1489 πολλῶν
3372 1434 3556 1486 κακῶν
3587 1469 3606 1488 .

2057 1533 2309 1585 Ἐκείνων
2387 1530 2445 1584 δὲ
2507 1529 2642 1583 ὀὐδ’
2717 1528 2857 1582 οὕτω
2955 1526 3373 1594 πεπεισμένων,
3461 1524 3600 1577 ἀλλὰ

383 1615 614 1669 trarium
649 1617 854 1684 potius,
882 1633 1079 1686 nempe
1113 1634 1196 1672 me
1250 1620 1300 1672 id
1355 1635 1537 1687 agere,
1595 1629 1652 1672 ιιι
1700 1617 1940 1686 idipsum

2051 1620 2320 1675 Ματθαῖον
2385 1619 2807 1689 ἐξηπατηκότων
2868 1618 2960 1670 τὸν
2997 1617 3128 1685 ἐμὸν
3180 1617 3318 1678 υἱὸν,
3376 1598 3471 1667 καὶ
3505 1631 3607 1666 πε-

385 1702 467 1756 illi
499 1703 638 1776 bene
674 1720 952 1771 securum,
999 1722 1062 1761 ac
1103 1708 1298 1762 stabile
1335 1714 1672 1776 permaneat.
1727 1709 1797 1761 At
1850 1708 1940 1761 ille

2051 1712 2312 1766 πεικότων
2367 1711 2502 1763 ίδίαν
2561 1707 2931 1779 συστήσασθαι
2978 1707 3154 1778 ἀρχὴν
3201 1705 3384 1767 πόλεις
3441 1720 3613 1757 κατα-

384 1810 729 1864 nequaquam
778 1813 963 1867 parem
1019 1798 1152 1852 mihi
1212 1800 1453 1853 animum
1502 1814 1788 1854 remensus
1837 1809 1939 1852 est.

2051 1785 2242 1874 σχόντα
2293 1802 2465 1866 τινὰς,
2506 1802 2599 1854 καὶ
2657 1771 2843 1870 χώραν
2887 1771 3296 1868 ἀποτεῗμδμενον
3333 1799 3430 1865 τῆς
3479 1795 3610 1864 ὅλης

384 1888 519 1942 Nam
553 1888 957 1944 Thessalonicae.
988 1907 1017 1945 a
1051 1907 1135 1944 me
1168 1892 1414 1953 relictus.
1467 1901 1524 1946 ut
1556 1893 1673 1961 ejus
1703 1891 1944 1945 civitatis

383 1989 589 2047 custos,
612 1980 787 2035 donec
815 1991 1035 2051 paratus
1055 1991 1109 2036 et
1133 1983 1432 2037 instructus
1455 1984 1711 2045 redirem,
1744 1983 1943 2035 malum

385 2071 668 2124 custodem
698 2072 829 2141 egit.
869 2072 1148 2141 Siquidem
1192 2073 1509 2127 hominibus
1556 2071 1839 2140 improbis,
1883 2085 1946 2125 ac

385 2159 645 2226 nefariis,
687 2171 742 2215 et
788 2161 969 2216 lucelli
1025 2163 1197 2232 gratia
1245 2179 1352 2216 non
1397 2163 1573 2216 solum
1627 2161 1944 2221 universum

386 2249 693 2303 Romanum
723 2251 1036 2318 imperium,
1099 2251 1195 2306 sed
1257 2252 1432 2320 ipsum
1482 2266 1720 2321 quoque,
1769 2251 1854 2304 cui
1891 2251 1944 2304 in

312 2376 321 2384 α
388 2343 488 2396 hoc
545 2341 828 2397 retinendo
873 2342 1094 2398 Studere
1165 2342 1496 2397 videbantur
1553 2343 1939 2411 prodentibus,

387 2434 723 2499 auscultans,
752 2435 883 2488 mihi
915 2451 1024 2488 non
1049 2435 1459 2490 dissimulanter
1482 2437 1684 2490 bellum
1706 2436 1943 2495 intulit:

387 2524 482 2589 qui
517 2524 652 2577 nihil
687 2538 796 2577 non
829 2525 1114 2589 faciebam,
1169 2540 1278 2594 quo
1303 2527 1593 2593 imperium
1630 2526 1677 2578 ei
1711 2525 1942 2585 beatius,

387 2623 551 2682 atque
585 2613 749 2668 latius
774 2613 1080 2678 redderem,
1127 2626 1397 2682 ruptoque
1423 2615 1567 2682 quod
1611 2629 1824 2667 mecum
1862 2615 1949 2667 in-

389 2705 706 2760 tercedebat
742 2703 950 2759 findere
973 2745 988 2770 ,
1047 2719 1170 2758 cum
1221 2705 1377 2759 Crale
1419 2706 1734 2760 societatem
1759 2716 1950 2773 pactus

386 2806 491 2859 est,
541 2805 748 2851 tantum
795 2805 853 2849 ut
899 2811 984 2850 me
1038 2797 1120 2850 sui
1163 2797 1599 2851 amantissimum
1650 2797 1944 2852 cruciaret.

388 2891 466 2945 lbi
502 2901 612 2944 tum
637 2904 736 2958 ego
769 2904 876 2942 non
911 2888 1092 2942 statim
1123 2887 1188 2941 ad
1234 2888 1610 2942 ulciscendum
1648 2887 1944 2951 insurrexi,

386 2998 566 3053 neque
599 2997 778 3037 meum
809 2995 938 3051 erga
985 2980 1139 3033 illum
1174 2995 1414 3061 amorem
1449 2980 1698 3034 funditus
1724 2979 1898 3049 abjeci
1931 2995 1944 3031 :

2045 1893 2360 1965 ἡγεμονίας,
2394 1891 2505 1944 οὔτ’
2535 1891 2773 1944 ἐνέδωκα
2806 1891 2894 1944 διὰ
2923 1890 2984 1942 τὺ
3012 1890 3146 1960 πρὸς
3177 1890 3270 1943 τὸν
3300 1888 3462 1941 παῖδα
3494 1887 3613 1957 φίλ-

2046 2003 2209 2056 τρον,
2257 1984 2395 2051 οῦτί
2421 1982 2636 2054 ἀμελῶς
2695 1984 2787 2036 καὶ
2846 1980 3104 2052 ῥᾳθύμως
3161 1977 3305 2049 εἰχον
3355 1979 3483 2047 περὶ
3541 1978 3609 2031 τὰ

2047 2076 2294 2138 τοιαῦτα,
2321 2075 2398 2137 ὡς
2430 2076 2632 2145 μικρᾶς
2675 2074 2769 2126 καὶ
2796 2074 2895 2141 τῆς
2925 2072 3196 2141 τυχούσης
3233 2071 3354 2134 ἄξια
3391 2068 3612 2138 φροντί-

2047 2170 2155 2232 δοςο
2202 2167 2340 2220 ἀλλά
2376 2167 2556 2220 πᾶσαν
2588 2167 2844 2235 πρόνοιαν
2894 2164 3190 2232 ἐποιούμην
3231 2163 3462 2230 ἀπάγειν
3501 2161 3610 2213 τῶν

2047 2259 2266 2314 ἀτόπων
2311 2257 2402 2309 τὶν
2433 2256 2569 2318 υἱὸν,
2613 2255 2706 2308 καὶ
2755 2253 2975 2323 πέμψας
3018 2251 3263 2323 βασιλίδα
3315 2251 3413 2321 τὴν
3446 2250 3611 2302 αὑτοῦ

2052 2351 2285 2421 μητέρα,
2315 2348 2389 2417 μὴ
2414 2345 2638 2400 τοιαῦτα
2667 2345 2881 2398 ἔπειθον
2904 2344 3266 2413 νεωτερίζειν,
3299 2341 3416 2396 ἀλλ’
3439 2342 3614 2406 ἀσφα-

2048 2443 2153 2503 λῶς
2183 2441 2304 2510 ἐμοί
2340 2455 2420 2504 τε,
2453 2439 2547 2490 καὶ
2575 2437 2784 2507 βασιλεί
2810 2437 3078 2488 δουλεύειν
3111 2435 3187 2504 τῷ
3212 2432 3465 2504 γαμϐρῷ.
3501 2434 3612 2485 Καὶ

2048 2534 2219 2588 πολλὰ
2259 2531 2479 2585 τοιαῦτα
2509 2527 2729 2599 ἄν’τις,
2769 2527 3038 2594 ἐξετάζων
3068 2527 3217 2597 εὖροι
3269 2526 3357 2599 διὰ
3410 2525 3612 2586 παντὸς

2049 2626 2174 2696 ἐμοὶ
2201 2623 2296 2678 τοῦ
2322 2623 2517 2693 χρόνου
2549 2621 2936 2690 πεπραγμένα.
2978 2618 3068 2683 Ἐξ
3100 2615 3173 2672 ὧν
3215 2616 3338 2669 ἐστι
3378 2615 3610 2686 μάλιστα

2050 2715 2452 2784 ἐναργεστάτην
2481 2711 2756 2775 ἀπόδειξιν
2785 2711 2971 2764 λαϐεῖν
3007 2707 3102 2762 τοῦ
3150 2707 3313 2777 μηδὲν
3343 2706 3441 2776 ἐμὲ
3473 2707 3612 2773 μήτε

2051 2807 2415 2877 πεπραχέναι,
2451 2806 2586 2873 μήτε
2633 2800 3030 2869 διανενοῆσθαι,
3068 2798 3128 2862 ἐξ
3172 2792 3246 2850 ὧν
3277 2797 3343 2850 ἂν
3386 2811 3468 2848 τις
3495 2795 3613 2859 air,-

2052 2899 2171 2967 θείη
2225 2897 2324 2966 τὴν
2369 2893 2656 2963 Ῥωμαίων
2707 2891 3000 2962 ἡγεμονίαν
3048 2890 3256 2942 ἐκεῖνον
3327 2883 3612 2956 βούλεσθαι

2053 2989 2397 3056 ἀποστερεῖν,
2446 2986 2747 3040 τούναντίον
2784 2983 2880 3052 μὲν
2910 2981 3002 3036 οῦν
3027 2983 3172 3036 ἆπαν
3214 2981 3394 3034 πάντα
3434 2979 3614 3046 πράτ-

387 3077 481 3130 sed
514 3075 726 3144 culpam
759 3090 975 3130 omnem
1022 3076 1074 3130 in
1120 3073 1448 3142 impulsores
1481 3071 1694 3139 conieci
1727 3087 1740 3122 :
1771 3072 1820 3124 ei
1851 3085 1946 3124 au-

2052 3099 2186 3147 τειν,
2229 3081 2288 3144 ἐξ
2335 3073 2409 3132 ὧν
2465 3076 2695 3147 βεϐαίως
2753 3074 2897 3145 ἔχειν
2951 3072 3260 3144 περιέσταιε
3324 3068 3462 3121 Ἀλλ’
3513 3066 3614 3135 οὐχ

387 3177 499 3222 tem
557 3183 665 3221 non
727 3167 800 3221 ob
860 3176 1074 3222 aetatem
1135 3163 1326 3227 modo,
1379 3164 1662 3218 hominum
1715 3177 1946 3232 nequam

391 3257 654 3328 strophis,
687 3267 742 3312 et
775 3257 1060 3311 fraudibus
1098 3257 1254 3310 valde
1288 3267 1675 3325 Opportuuam,
1723 3254 1838 3316 sed,
1891 3263 1951 3307 ut

389 3359 579 3398 verum
606 3343 808 3408 dicam,
839 3344 1107 3399 eharitate
1140 3344 1339 3409 victus,
1389 3344 1630 3398 omnino'
1664 3346 1952 3410 ignoscen~

391 3435 520 3490 dum
543 3434 729 3504 putavi
765 3451 778 3489 :
808 3434 1092 3504 legataque
1133 3435 1254 3505 ejus
1293 3443 1470 3488 matre
1505 3434 1707 3488 tentavi
1743 3433 1948 3496 omnia,

387 3541 498 3595 quo
521 3526 674 3580 illum
719 3541 750 3579 a
785 3525 1074 3580 conatibus
1120 3540 1310 3594 parum
1361 3525 1730 3580 laudabilibus
1770 3536 1950 3580 retra-

390 3620 596 3682 herem,
645 3625 702 3671 et
762 3617 816 3671 in
848 3617 1089 3686 priorem
1120 3632 1207 3672 me
1253 3616 1550 3672 amicitiam
1602 3616 1949 3672 reducerem.

387 3708 543 3775 Quod
572 3707 790 3779 quidem
825 3708 944 3775 illa,
993 3719 1055 3764 ut
1084 3709 1294 3775 decuit,
1341 3719 1397 3764 et
1431 3724 1540 3779 quo
1573 3709 1768 3778 spiritu
1804 3709 1950 3762 illam

387 3803 591 3867 decuit,
638 3801 893 3857 effectum
945 3802 1114 3856 dedit.
1175 3801 1280 3856 Ubi
1325 3813 1510 3871 postea
1557 3803 1790 3872 rogavit.
1844 3800 1952 3855 sibi

389 3893 558 3948 urbes
596 3893 850 3962 privatim
882 3892 1242 3960 possidendas
1300 3891 1526 3945 attribui
1580 3901 1716 3960 quot
1764 3890 1950 3949 vellet.

264 3961 280 4003 ’⁷
390 3961 624 4053 quarum
655 3982 1076 4053 gubernationis
1126 3981 1332 4036 nullam
1369 3997 1400 4035 a
1431 3997 1516 4035 me
1543 3983 1809 4037 rationem
1855 3997 1954 4050 po-

391 4081 660 4136 sceretur,
691 4071 990 4126 arbitratus
1015 4085 1137 4125 sum
1178 4087 1345 4141 parva
1376 4073 1528 4126 illum
1565 4073 1952 4142 magnifacere,

393 4179 496 4218 nec
528 4163 579 4216 id
609 4179 673 4216 cx
702 4162 968 4232 dignitate
991 4177 1108 4226 sua,
1146 4162 1276 4216 dum
1305 4162 1450 4216 haud
1480 4163 1640 4232 longo
1668 4172 1784 4231 post
1821 4170 1954 4217 tem-

396 4269 528 4323 pore
563 4254 946 4308 universorum
1015 4253 1274 4307 dominus
1318 4254 1556 4313 futurus,
1599 4253 1785 4321 paucis
1830 4261 1954 4308 ante

397 4355 613 4415 tempus
641 4345 957 4416 imperitare
988 4347 1436 4414 concupisceret.
1498 4345 1701 4399 Tamen
1738 4344 1956 4415 cupidi-

2051 3175 2250 3244 ὁμοίως
2283 3171 2442 3240 ὤφθη
2476 3170 2724 3228 κάκεῖνος
2763 3166 2888 3235 ἐμοὶ
2936 3165 3035 3234 τὴν
3085 3165 3204 3234 ἴσην
3235 3161 3449 3214 εῦνοιαν
3497 3160 3613 3212 διαο

2054 3266 2262 3331 σώζων.
2307 3262 2448 3316 Ἀλλ’
2478 3262 2570 3313 ἐπὶ
2613 3257 3010 3326 Θεσσαλονίκην
3060 3255 3151 3309 ὑπ’
3184 3253 3318 3324 ἐμοῦ
3365 3251 3620 3306 καταλει-

2053 3360 2229 3428 φθεὶς,
2265 3357 2340 3419 ὡς
2401 3355 2468 3408 τά
2501 3356 2676 3407 ἐκεῖσε
2729 3350 3029 3421 πράγματα
3071 3346 3411 3415 διαφυλάξων
3451 3344 3616 3413 ἄχρις

2052 3448 2306 3520 ἐπανήξω
2356 3443 2942 3516 παρασκευασάμενος,
2973 3440 3074 3494 οὐκ
3111 3437 3376 3508 ἐφύλαξεν
3425 3437 3617 3505 ὥσπερ

2053 3545 2181 3599 ἔδει.
2217 3540 2542 3610 Πειθόμενος
2595 3538 2702 3609 γὰρ
2735 3534 3046 3605 ἀνθρώποις
3081 3532 3312 3600 φαύλοις
3346 3530 3442 3583 καὶ
3465 3530 3619 3597 διεφ-

2054 3635 2257 3704 θορόσι,
2291 3631 2381 3685 καὶ
2411 3628 2632 3698 κέρδους
2665 3627 2828 3682 ἕνεκα
2862 3622 3058 3696 μικροῦ
3087 3623 3149 3677 ού
3186 3623 3477 3691 σύμπασαν
3512 3621 3615 3686 μό-

2053 3744 2143 3782 νον
2171 3725 2269 3795 τὴν
2311 3721 2597 3791 Ῥωμαίων
2626 3715 2942 3788 ἠγεμονίαν,
2987 3714 3124 3767 ἀλλά
3153 3715 3247 3785 καὶ
3276 3711 3438 3766 αὑτὸν
3473 3711 3615 3780 ὑπὲρ

2053 3811 2114 3872 οὗ
2155 3816 2324 3869 ταῦτα
2373 3813 2634 3884 πράττειν
2677 3811 2894 3863 ἐδόκουν
2940 3807 3301 3878 προϊεμένων,
3352 3804 3474 3873 ἐμοὶ
3511 3802 3612 3871 μὲν

2055 3910 2288 3976 πόλεμον
2331 3907 2501 3976 ἦρατο
2533 3901 2802 3974 φανερῶς,
2847 3901 2906 3963 ὃς
2935 3901 3113 3955 πάντα
3171 3899 3438 3964 ἔπραττον
3466 3893 3614 3954 ὅπως

2055 3997 2205 4067 αύτῷ
2255 3995 2448 4065 βελτίω
2489 3994 2581 4046 καὶ
2641 3991 2812 4060 μείζω
2861 3991 3073 4060 ποιήσω
3124 3990 3220 4060 τὴν
3252 3986 3444 4056 ἀρχὴν,
3479 3981 3616 4052 πρὸς

2056 4086 2278 4157 Κράλην
2310 4084 2364 4136 δέ
2399 4081 2606 4135 ἐτίθετο
2639 4079 2888 4144 σπονδὰς,
2908 4077 3002 4130 καὶ
3021 4074 3354 4146 συμμαχίαν,
3387 4069 3481 4124 καλ.
3507 4068 3619 4121 τῶν

2055 4180 2223 4232 ὄντων
2274 4176 2657 4244 ἀφιστάμενος,
2706 4173 2847 4227 ὥστε
2900 4171 3058 4239 μόνον
3105 4165 3346 4236 λυπηρὸς
3379 4163 3500 4232 ἐμοὶ
3537 4159 3620 4228 τῷ

2057 4272 2196 4324 πάνυ
2227 4267 2457 4338 μάλιστα
2488 4263 2729 4334 φιλοῦντι
2767 4260 3076 4331 φαίνεσθαι.
3115 4257 3261 4325 Ἐγὼ
3286 4255 3340 4308 δὲ
3385 4253 3485 4306 ούκ
3528 4250 3622 4302 εύ-

2057 4361 2152 4415 θὺς
2197 4358 2333 4429 πρὸς
2378 4357 2588 4426 ἄμυναν
2618 4354 2946 4423 ἐτρεπόμην.
2984 4350 3103 4403 ούδέ
3135 4348 3228 4403 τοῦ
3278 4347 3407 4416 περὶ
3457 4342 3620 4398 αὐτὸν

397 4438 492 4490 tati
515 4436 734 4507 juvenis
760 4436 1173 4506 gratiticandum
1203 4435 1431 4498 ducens,
1490 4437 1613 4490 dedi
1646 4437 1863 4502 lubens,
1897 4443 1946 4489 et

2059 4450 2284 4518 φίλτρου
2313 4447 2374 4499 τὸ
2409 4444 2672 4515 παράπαν
2695 4443 2846 4496 ούδέν
2877 4439 3138 4512 ὑφῄρουν·
3167 4436 3304 4492 ἀλλά
3339 4435 3467 4499 τοὺς
3517 4435 3617 4504 μὲν

399 4527 626 4582 honoris
651 4541 814 4582 causa
841 4527 1279 4598 Didymotichum
1327 4528 1524 4598 adjeci,
1554 4529 1743 4582 urbem
1784 4527 1955 4594 tequi-

397 4615 694 4687 paraudam
751 4617 912 4682 aliis,
971 4633 1109 4687 quas
1160 4619 1400 4687 petebat,
1458 4619 1619 4673 simul
1673 4619 1952 4680 omnibus,

394 4708 858 4779 quemadmodum
894 4708 994 4777 ipsi
1015 4709 1186 4780 probe
1209 4711 1400 4764 nostis.
1435 4710 1602 4780 854.
1635 4710 1952 4780 Byzantium

394 4817 518 4856 cum
554 4802 813 4866 venisset,
843 4815 1187 4870 quascunque
1260 4816 1326 4856 ex
1375 4802 1495 4872 ejus
1540 4801 1717 4856 ofﬁcio
1747 4812 1953 4868 essent,

390 4887 680 4956 admonui,
709 4893 972 4963 suasique
1000 4901 1059 4946 ut
1088 4893 1220 4946 mihi
1245 4908 1354 4962 quo
1376 4893 1692 4970 amiciorem
1727 4893 1956 4949 haberet

393 4987 698 5052 nemiuem,
730 4985 1078 5055 eonjunetus,
1101 4983 1388 5053 capitalem
1445 4984 1726 5038 inimicum
1763 4999 1954 5039 nume-

391 5086 562 5142 raret,
614 5077 706 5146 qui
738 5091 899 5132 secus
928 5092 1012 5131 me
1053 5075 1304 5130 allectum
1339 5075 1415 5128 illi
1449 5075 1777 5144 persuadere
1819 5076 1957 5130 nite-

393 5177 548 5222 retur
578 5153 593 5222 ξ
630 5170 848 5239 quando
888 5169 1057 5223 animi
1083 5168 1190 5222 mei
1232 5167 1593 5223 sincerissimi
1630 5178 1952 5238 argumenta

390 5276 459 5314 ex
510 5259 669 5315 factis
737 5260 876 5330 ipsis
932 5261 1126 5330 quavis
1187 5260 1434 5315 oratione
1489 5261 1553 5314 ad
1609 5261 1951 5330 probandum

391 5349 731 5406 firmioribus
767 5359 1091 5430 exstarents
1122 5353 1202 5404 lta
1227 5351 1469 5420 gaudens
1511 5350 1953 5430 gaudentem_ad

389 5443 731 5512 provinciam
783 5459 938 5499 suam
984 5444 1164 5510 emisi,
1219 5453 1276 5498 et
1307 5459 1532 5498 uxorem
1589 5459 1764 5498 meam
1799 5443 1951 5513 sequi

387 5537 562 5605 jussi;
593 5552 771 5607 usque
801 5537 938 5592 adeo
969 5537 1111 5591 nihil
1145 5537 1214 5591 ab
1239 5537 1333 5591 illo
1363 5538 1669 5592 metuebam
1709 5537 1854 5591 mali.
1888 5537 1955 5592 Et

391 5625 524 5694 quia
588 5629 828 5683 sciebam
892 5644 1017 5683 eum
1077 5631 1144 5684 de
1190 5629 1358 5683 fratre
1384 5630 1568 5683 uxoris
1590 5643 1700 5682 suae
1731 5629 1950 5682 sinistra

395 5715 625 5784 sentire,
672 5727 976 5788 ροισι-σηοω
1029 5720 1180 5773 illum
1207 5721 1422 5792 peculio
1452 5735 1550 5776 suo
1588 5719 1858 5786 insidiari,
1890 5728 1946 5774 et

2057 4541 2354 4606 ἐνάγοντας
2378 4535 2515 4604 πρὸς
2543 4534 2613 4587 τὰ
2637 4532 2860 4586 τοιαῦτα
2889 4531 3130 4601 μάλιστα
3141 4525 3284 4598 εῐχον
3311 4529 3368 4580 ἐν
3387 4525 3616 4587 αἰτίαις,

2056 4632 2251 4699 ἐκείνῳ
2280 4629 2335 4681 δὲ
2366 4627 2568 4696 πολλὴν
2609 4623 2798 4696 ᾠόμην
2828 4624 2938 4677 δεῖν
2984 4620 3318 4690 παρέχεσθαι
3363 4614 3608 4685 συγγνώ-

2061 4737 2188 4790 μην,
2219 4719 2280 4772 οὐ
2323 4718 2412 4772 διὰ
2438 4717 2534 4786 τὴν
2585 4715 2800 4786 ἠλικίαν
2851 4714 3011 4783 μόνον
3066 4711 3254 4784 ῥᾳδίαν
3289 4705 3456 4762 οὖσαν
3513 4707 3619 4760 ὑπὸ

2056 4809 2308 4879 πονηρῶν
2339 4808 2684 4877 παράγεσθαι
2728 4805 3052 4874 ἀνθρώπιον,
3096 4801 3213 4856 ἀλλ’
3241 4805 3290 4855 εί
3321 4802 3401 4854 δεῖ
3436 4817 3488 4852 τι
3523 4799 3619 4851 καὶ

2056 4902 2281 4971 τάληθὲς
2311 4901 2506 4963 εἰπεῖν,
2541 4898 2834 4965 νικώμενος
2859 4886 2966 4948 ὑπδ
2991 4893 3085 4948 τοῦ
3117 4893 3358 4963 φίλτρου,
3399 4891 3494 4944 καὶ
3522 4890 3619 4960 βα-

2059 4992 2232 5046 σιλίδα
2261 4992 2359 5059 τὴν
2391 4989 2604 5060 μητέρα
2650 4987 2894 5056 πέμψας,
2936 4987 3113 5040 πάντα
3146 4981 3511 5053 ἑπραττονέξ
3542 4974 3618 5033 ὧν

2058 5078 2308 5150 ἐνόμιζον
2336 5079 2669 5147 ἀποστήσειν
2703 5075 2810 5128 τῶν
2843 5074 2901 5126 ού
2950 5072 3127 5127 καλῶν
3154 5072 3378 5125 ἐκείνων
3408 5071 3616 5138 ἐπιχειο

2059 5173 2293 5242 ρήσεων,
2339 5168 2433 5222 καὶ
2466 5168 2602 5235 πρὸς
2633 5165 2732 5236 τὴν
2765 5165 3039 5236 προτέραν
3084 5161 3373 5232 ἐπανήξειν
3401 5158 3617 5213 εῦνοιαν

2057 5261 2199 5330 spot.
2259 5262 2326 5312 Ἃ
2357 5257 2536 5320 καλῶς
2585 5255 2816 5310 ποιοῦσα
2862 5255 3040 5308 πάντα
3087 5253 3354 5323 ἔπραττεν
3391 5249 3571 5320 ἐκείνη
3596 5288 3614 5314 ,

2057 5353 2151 5404 καὶ
2185 5349 2323 5420 μετὰ
2361 5349 2454 5402 τοῦ
2482 5347 2847 5417 προσήκοντος
2881 5345 3018 5414 αὐτῇ
3063 5341 3429 5415 φρονήματος.
3479 5341 3619 5409 Δεη-

2058 5443 2236 5502 θέντος
2267 5440 2324 5492 δέ
2372 5440 2553 5502 πόλεις
2601 5437 2748 5506 αύτῷ
2798 5435 3172 5507 παρασχέσθαι
3225 5435 3354 5495 ὅσας
3402 5430 3614 5502 ἤθελεν,

2056 5534 2197 5586 ὥστε
2223 5532 2410 5602 ἄρχειν
2439 5530 2602 5584 αὑτὸν
2644 5529 2772 5598 ἰδίᾳ,
2807 5528 2899 5580 καὶ
2922 5523 3096 5596 μηδὲν
3137 5521 3454 5578 εὐθύνεσθαι
3484 5519 3616 5588 παρ’

2057 5625 2191 5695 ἐμοῦ
2226 5625 2356 5692 πρὸς
2385 5623 2483 5691 τὴν
2513 5621 2705 5691 ἀρχὴν,
2747 5620 3087 5690 μικρελογεῖν
3119 5617 3215 5686 μὲν
3244 5616 3375 5668 αὐτὸ
3404 5613 3615 5684 ᾠόμην,

2059 5719 2152 5771 καὶ
2204 5717 2278 5787 μὴ
2323 5715 2501 5785 ἐαυτῷ
2551 5714 2896 5785 προσήκοντα
2949 5713 3122 5764 ποιεῖν
3156 5708 3419 5779 μέλλοντα
3450 5704 3619 5772 ὀλίγῳ
