3964 6210
262 311 372 373 277

1417 321 1955 380 ΙΗὸΤιΠῖίΑἱὶυΜ
1998 321 2228 382 LIBER
2269 322 2361 381 ιν.

3407 317 3515 380 278

263 431 501 498 ὕστερον
525 426 1025 496 σνμπάντωψεῖναι
1058 433 1268 501 κύριον,
1295 431 1492 500 ὀλίγων
1520 433 1708 502 ἄρχειν
1737 434 1846 486 63i-

1964 433 2085 486 illud
2122 434 2358 502 quodam
2392 433 2556 488 modo
2607 433 2672 488 ad
2727 449 2785 488 se
2837 429 3127 487 transferre
3172 433 3383 496 conari,
3441 439 3508 490 ad

264 522 398 573 σθαι
449 520 556 588 πρὸ
605 521 820 592 καιροῦ,
860 523 1152 592 προθύμως
1190 524 1245 576 δὲ
1291 525 1438 594 ὅμως
1488 528 1842 597 παρεσχόμην

264 612 388 665 δεῖν
411 612 735 681 χαρίζεσθαι
768 613 999 678 νομίζων
1030 615 1125 666 τοῦ
1173 617 1293 668 νέου
1337 620 1401 686 τῇ
1430 617 1715 687 ἐπιθυμίᾳ,
1749 621 1845 671 καὶ

269 705 662 772 Διδυμότειχον
720 699 1202 772 προσετίθουνιείς
1251 708 1560 777 φιλοτιμίαν
1591 711 1843 780 ἀντίρρο-

263 813 372 850 cev
394 794 567 850 οὖσαν
594 796 746 850 πόλιν
770 797 878 850 τῶν
917 798 1114 861 ἄλλων,
1143 794 1218 853 ὧν
1247 801 1406 863 αὐτὸς
1447 803 1629 872 ᾐτεῖτο
1655 802 1844 872 ὥσπερ

265 890 328 956 δή
364 905 470 941 που
505 888 600 940 xui.
631 888 786 940 αὐτοὶ
809 889 1102 942 ἐπίστασθε
1149 893 1357 956 σαφῶς.
1390 893 1669 963 Γενομένῳ
1701 894 1756 946 δὲ
1788 895 1846 956 δν

269 981 580 1050 Βυζαντίῳ,
613 981 792 1034 πάντα
821 982 890 1035 τὰ
921 981 1107 1034 δέοντα
1141 983 1440 1054 παρῄνουν,
1473 987 1562 1038 καὶ
1593 985 1848 1039 συνεϐού-

267 1075 428 1125 λευον
467 1072 752 1141 ἐξέχεσθαι
785 1073 921 1143 ἐμοῦ
954 1074 1152 1137 παντὸς
1184 1077 1384 1144 μᾶλλον
1416 1077 1716 1144 φιλοῦντος,
1753 1081 1847 1133 καὶ

268 1165 541 1232 Ιιυολέμιον
588 1163 839 1233 ἡγεῖσθαι
875 1165 1397 1232 φανεριῖις·ἐκείνον,
1437 1167 1495 1231 ὃς
1540 1168 1606 1222 ἂν
1636 1172 1846 1240 ἐπιχειο

273 1254 394 1322 ροίη
422 1252 656 1318 πείθειν,
689 1254 763 1316 ὼς
792 1255 960 1317 κακὸς
998 1254 1110 1320 ἐγὼ
1141 1257 1268 1327 περὶ
1300 1257 1485 1323 αὑτὸν,
1509 1258 1606 1327 τὴν
1649 1262 1712 1312 ὲκ
1741 1261 1848 1313 τῶν

269 1345 452 1412 ἔργων
506 1342 682 1410 ῐχοντι
718 1344 989 1408 ἀπόδειξιν
1009 1344 1165 1413 λόγου
1217 1350 1418 1411 παντὸς
1466 1350 1842 1421 ἰσχυροτέραν.

277 1435 519 1488 Ἔπειτα
543 1434 853 1507 ἐξέπεμπον
876 1439 1133 1507 χαίροντα
1174 1443 1380 1512 χαίρων
1411 1446 1501 1496 ἐπὶ
1529 1446 1626 1514 τὴν
1653 1447 1846 1516 ἀρχὴν,

273 1529 366 1579 καὶ
398 1526 657 1595 βασιλίδα
681 1529 782 1598 τὴν
808 1533 1044 1597 γυναῖκα
1069 1533 1396 1586 συνέπεσθαι
1427 1536 1707 1597 κελεύσας.
1744 1537 1849 1589 Οὖ-

273 1635 379 1679 τως
422 1620 584 1673 οὐδὲν
628 1621 954 1674 ὑπώπτευον
984 1624 1155 1676 δεινὸν
1183 1628 1312 1692 περὶ
1358 1627 1544 1681 αὑτοῦ.
1593 1628 1759 1691 Εἰδὼς
1791 1629 1848 1682 δὲ

277 1709 441 1762 αὐτὸν
489 1711 552 1763 οὐ
605 1712 778 1774 καλάς
812 1715 942 1784 περὶ
971 1716 1062 1769 τὸν
1095 1718 1350 1784 γυναικὸς
1386 1719 1610 1787 ἀδελφὺν
1656 1722 1848 1790 ἔχοντα

278 1802 512 1866 ἐννοίας.
564 1805 682 1857 ἀλλ’
735 1807 980 1876 οίόμενον
1028 1809 1340 1879 ἐφεδρεύειν
1391 1812 1540 1881 αὐτῷ
1595 1813 1728 1881 πρὸς
1759 1815 1856 1883 τὴν

281 1894 483 1962 ἀρχὴν,
519 1897 617 1948 καὶ
647 1897 835 1967 τρόπῳ
865 1898 928 1967 δή
961 1916 1065 1951 τινι
1100 1901 1359 1969 μετάγειν
1407 1903 1492 1969 ἐφ’
1521 1903 1714 1956 ἐαυτὸν
1744 1921 1857 1956 πει-

288 1984 505 2050 ρᾶσθαι,
539 1987 842 2053 ἀναγκαῖον
891 1989 989 2057 μὲν
1028 1991 1276 2058 ἐκόμιζον
1330 1993 1466 2062 πρὸς
1513 1994 1738 2064 Θρᾴκην
1764 1996 1857 2046 καὶ

288 2075 447 2136 αὐτὸς
479 2074 652 2129 ἐλθὼν
680 2077 922 2147 διαλύειν
957 2080 1056 2150 τὴν
1086 2081 1478 2152 μικροψυχίαν,
1527 2085 1620 2136 καὶ
1647 2085 1857 2137 πείθειν

291 2164 537 2235 ἀλλήλοις
592 2167 837 2221 εὐνοεῖν·
895 2171 1264 2241 κατεχόμενος
1316 2173 1372 2225 δέ
1426 2175 1530 2228 ὑπὸ
1578 2176 1670 2228 τοῦ
1722 2177 1858 2246 πρὸς

303 2255 552 2318 Antaeo;
597 2258 836 2328 πολέμου
871 2260 1016 2324 τότε,
1052 2265 1146 2314 καὶ
1176 2261 1473 2326 Βυζαντίου
1500 2267 1592 2335 εμὴ
1623 2267 1859 2336 δυνάμε-

310 2361 388 2406 νος
430 2347 779 2413 ἀφίστασθαι,
835 2351 1084 2420 ἔπεμπον
1132 2353 1230 2424 τὴν
1271 2354 1513 2422 βασιλίδα
1552 2356 1625 2418 ὡς
1681 2357 1858 2410 πάντα

311 2436 622 2502 πράξουσαν,
661 2443 987 2510 ὃσαπερ’ἂν
1037 2447 1167 2511 ἐγὼ,
1200 2449 1292 2498 καὶ
1325 2447 1714 2511 διαλλάξουσαν
1762 2450 1858 2501 ἀλ-

302 2524 473 2592 λήλοις
499 2528 626 2591 τοὺς
655 2531 824 2594 υίούς.
864 2532 936 2583 Τὸ
973 2532 1017 2584 δ’
1048 2535 1307 2596 ἐναντίως
1353 2536 1670 2602 ἀπέϐαινεν,
1701 2538 1732 2606 ἢ
1764 2539 1860 2590 αύ-

295 2614 379 2675 tb;
398 2615 608 2686 ᾠόμην.
639 2612 713 2672 σύ
743 2621 903 2688 μόνον
929 2623 1038 2692 γὰρ
1065 2623 1218 2676 οὐδὲν
1242 2624 1478 2696 ἔπραττε
1503 2627 1610 2679 τῶν
1629 2627 1858 2682 δεόντων

292 2706 319 2755 ὁ
343 2706 459 2768 νέος
494 2707 763 2776 βασιλεὺς,
795 2711 932 2764 ἀλλά
960 2715 1054 2767 καὶ
1090 2715 1228 2784 μετά
1253 2720 1312 2768 τὸ
1340 2717 1587 2786 βασιλίδα
1633 2720 1730 2796 τὴν
1764 2738 1861 2787 γυ-

199 2807 202 2810 ’
291 2798 477 2860 ναικὸς
507 2801 721 2871 μητέρα
751 2804 1032 2874 ἄπρακτον
1066 2808 1411 2877 ἀποπέμψαι,
1445 2812 1579 2880 πρ¹ς
1623 2812 1860 2881 πόλεμον

291 2889 572 2959 ἐχώρησεν
601 2894 784 2958 εὐθὺς,
835 2897 928 2948 καὶ
971 2897 1138 2961 ἄλλας
1177 2917 1233 2951 τε
1284 2901 1473 2964 πόλεις
1521 2903 1858 2973 ὑπηγάγετο,

287 2980 352 3040 ἃς
379 2982 546 3046 αὐτὸς
573 2985 633 3036 οὐ
667 2989 1046 3056 παρεσχόμην,
1082 2993 1173 3044 καὶ
1199 2993 1278 3063 τῷ
1307 2997 1565 3062 γυναικὸς
1595 2999 1864 3068 ἐπεστρά-

289 3083 487 3120 τευσεν
518 3071 756 3142 ἀδελφῷ,
790 3075 944 3128 οὐδὲν
969 3078 1251 3148 ἠδικηκότι
1301 3083 1584 3153 πρότερον,
1634 3087 1727 3138 καὶ
1765 3105 1861 3139 κα-

289 3161 588 3226 τακλείσας
629 3161 906 3237 πρδςτὴν
942 3170 1118 3240 ἄκραν
1185 3173 1462 3243 ’Δδριανοῦ
1509 3178 1607 3245 τῆς
1656 3180 1864 3246 πόλεως

289 3253 630 3321 ἐπολιόρκει,
680 3259 741 3310 οῦ
799 3259 1098 3329 Ῥωμαίους
1154 3265 1315 3333 μόνον
1365 3268 1534 3335 ἄγων,
1585 3270 1722 3322 ἀλλὰ
1771 3273 1864 3324 καὶ

290 3343 613 3416 βαρϐάρους
653 3351 794 3404 κατά
852 3357 1190 3423 συμμαχίαν.
1234 3357 1372 3424 Ἐγὼ
1413 3359 1460 3412 δ’
1492 3362 1612 3413 ἐπεὶ.
1650 3363 1864 3431 μέλλειν

287 3437 388 3488 οὶκ
427 3438 582 3507 ἐνῆν,
681 3442 908 3510 τάχιστα
947 3441 1090 3515 εἶχον
1121 3448 1179 3499 ἐν
1227 3449 1509 3519 ’Δδριανοῦ
1547 3454 1860 3522 γενόμενος,

286 3533 381 3580 τον
415 3531 524 3597 μὲν
555 3534 669 3584 υίδν
695 3535 1041 3605 ἀπήλλαττον
1083 3538 1177 3591 τοῦ
1225 3542 1498 3609 κινδύνου,
1549 3545 1770 3613 βασιλέα
1808 3547 1865 3600 δὲ

285 3617 379 3669 τὴν
411 3619 482 3670 νέ-
507 3636 540 3673 ν
575 3622 723 3675 οὐδὲν
763 3625 1036 3694 ἠνώχλουν
1062 3630 1335 3701 πρότερον
1365 3634 1444 3694 είς
1485 3634 1866 3706 Διδυμότειχον

285 3712 591 3780 ἀπηρκότα
643 3716 776 3768 ἀλλὰ
803 3719 899 3771 καὶ
941 3720 1199 3789 πρέσὸεις
1236 3724 1477 3793 πέμψας,
1519 3726 1744 3797 ἐδεόμην
1771 3746 1869 3781 κα-

285 3800 615 3855 τατίθεσθαι
646 3805 736 3856 τὸν
768 3807 1026 3875 πόλεμον.
1075 3811 1132 3861 Ὀ
1166 3809 1210 3863 δ’
1241 3812 1343 3864 ὑπὸ
1363 3813 1470 3866 τῶν
1496 3815 1739 3882 ἀγόντων
1767 3834 1866 3870 πε-

289 3895 617 3961 πεισμένος,
656 3899 744 3966 καὶ
793 3897 891 3968 τὴν
925 3901 1068 3968 ἐμὴν
1119 3904 1446 3972 παραίνεσιν
1495 3908 1551 3961 ἐν
1582 3907 1747 3978 ὀλίγῳ
1777 3910 1868 3962 θέ-

291 4003 484 4051 μενος,
519 3987 670 4040 οὐδὲν
695 3985 855 4058 ἦττον
883 3992 914 4060 ἢ
948 3995 1215 4064 πρότερον
1258 3997 1536 4066 έπὸλέμει,
1587 4002 1680 4055 καὶ
1731 4002 1866 4055 ἄλλα

289 4094 344 4128 τε
376 4079 653 4147 ἔπραττεν
681 4082 782 4134 ὅσα
831 4084 1089 4154 πολέμιον
1123 4087 1290 4150 εἰκὸς,
1319 4089 1412 4141 καὶ
1453 4092 1769 4161 συμμαχίαν
1805 4095 1868 4146 ἐκ

290 4169 589 4236 Τριϐαλῶν
625 4175 716 4225 καὶ
745 4177 947 4228 Μυσῶν
977 4179 1345 4246 μετεκαλείτο.
1386 4181 1536 4235 Ἐπεὶ
1561 4183 1605 4234 δ’
1632 4184 1737 4237 ὑπὸ
1759 4186 1868 4237 τῶν

291 4260 598 4331 βαρϐάρων
622 4265 822 4318 ἐκεῖνοι
850 4267 1238 4336 διεφθάρησαν,
1272 4270 1363 4331 οὓς
1393 4272 1554 4332 αὐτὸς
1588 4290 1868 4344 μετεπεμο

286 4351 492 4420 ᾠόμην
537 4352 596 4417 ἐξ
659 4354 863 4420 Ἀσιας,
901 4359 1200 4427 πρεσϐείαν
1227 4363 1321 4412 καὶ
1373 4362 1532 4425 αὐτὸς
1569 4365 1708 4433 πρὸς
1740 4366 1870 4419 Σου-

1952 522 2284 578 medendum
2328 524 2458 578 huic
2479 524 2792 578 eli'eminato
2823 525 3028 589 timori,
3060 535 3116 580 et
3144 526 3210 580 ad
3228 541 3324 580 eos
3347 527 3514 582 bene-

1951 615 2192 668 volentia
2223 624 2413 669 mutua
2460 616 2800 685 c0pu|andos
2842 616 2944 670 iter
2978 616 3033 668 in
3073 617 3360 672 Thraciam
3412 633 3511 672 ne-

1952 705 2196 758 cessario
2229 705 2362 758 mihi
2391 707 2798 774 suscipiendum
2846 707 3059 760 censui.
3122 706 3511 760 Verumtamen

1954 793 2148 848 Latino
2182 795 2322 848 bello
2343 795 2615 859 obstante,
2674 811 2770 864 per
2821 797 2966 864 quod
3008 796 3269 866 Byzantio
3321 797 3513 851 abesse

1955 903 2064 943 non
2103 887 2324 951 licebat,
2351 889 2476 942 misi
2499 888 2565 942 ad
2599 889 2886 958 eonjugem
2925 905 3124 953 meam,
3159 905 3280 958 quae
3315 903 3517 945 munus

1955 995 2138 1035 meum
2165 978 2508 1050 fungeretur,
2540 981 2789 1050 filiosque
2822 982 3118 1036 concordia
3161 982 3310 1036 inter
3329 997 3388 1036 se
3418 981 3515 1034 de-

1955 1074 2210 1127 vinciret.
2269 1073 2376 1127 Sed
2406 1074 2565 1128 aliter
2595 1073 2819 1138 cecidit,
2866 1089 3029 1143 quam
3058 1073 3366 1142 sperabam.
3425 1073 3519 1126 Et-

1955 1167 2101 1222 enim
2132 1167 2472 1236 Palwologus
2502 1168 2820 1235 imperator,
2859 1182 2968 1219 non
3003 1169 3164 1219 modo
3213 1164 3393 1220 officio
3417 1181 3517 1219 suo

1958 1274 2186 1327 prorsus
2209 1258 2403 1323 defuit,
2437 1259 2529 1312 sed
2559 1259 2725 1312 etiam
2749 1258 2950 1311 frustra
2975 1259 3200 1311 dimissa
3221 1258 3518 1324 imperator

1957 1367 2117 1405 socru
2145 1367 2267 1412 sua,
2299 1338 2423 1403 moi
2452 1351 2517 1404 ad
2545 1367 2695 1402 arma
2721 1351 2903 1414 venit;
2936 1357 2991 1403 ct
3016 1365 3140 1403 eum
3174 1349 3277 1402 alia
3315 1347 3518 1417 Oppida

1957 1459 1986 1496 a
2023 1458 2106 1496 me
2142 1456 2249 1495 non
2283 1441 2408 1496 data
2440 1442 2675 1509 subegit,
2714 1450 2826 1494 tum
2856 1440 2911 1495 in
2965 1440 3186 1493 fratrem
3219 1439 3426 1501 uxoris,
3479 1457 3509 1491 a

1958 1551 2068 1603 qtto
2105 1535 2254 1588 nulla
2304 1543 2422 1586 erat
2475 1533 2766 1587 lacessitus
2803 1531 3024 1601 injuria,
3083 1547 3206 1584 cum
3267 1530 3523 1583 Romanis

1960 1623 2228 1677 Barbaros
2259 1637 2477 1693 quoque
2512 1623 2687 1686 duxit,
2733 1637 2968 1690 eumque
3005 1620 3058 1673 in
3097 1634 3223 1673 arce
3253 1619 3525 1672 Adriano-

1960 1716 2200 1784 politana
2252 1715 2571 1770 conclusum
2622 1713 2858 1767 obsedit.
2919 1712 3052 1781 Ego,
3100 1709 3358 1780 quoniam
3405 1725 3526 1778 pro.

1960 1805 2335 1861 crastinationi
2369 1805 2527 1859 locus
2575 1804 2717 1859 haud
2750 1803 3006 1866 dabatur,
3054 1816 3216 1870 quam
3257 1800 3524 1854 citissime

1962 1896 2140 1965 potui,
2176 1896 2584 1964 Adrianopolim
2613 1895 2914 1965 profectus,
2964 1901 3020 1947 et
3057 1893 3227 1945 lilium
3276 1891 3525 1959 periculo

1959 1969 2136 2052 εχειιῆ
2167 2001 2182 2041 ι
2213 1994 2270 2039 et
2309 1985 2612 2054 Palaeologo
2667 1982 3007 2052 imperatori,
3066 1983 3160 2051 qui
3202 1981 3361 2049 paulo
3397 1989 3526 2033 ante

1959 2076 2396 2146 Didymotichum
2472 2085 2856 2140 concesserat,
2937 2072 3314 2127 molestiarum
3386 2071 3524 2124 nihil

1960 2168 2164 2227 ereavi,
2224 2183 2387 2236 quem
2449 2184 2546 2236 per
2605 2168 2808 2236 legatos
2859 2166 2938 2220 uti
2989 2165 3132 2220 bello
3169 2173 3524 2232 temperaret.

1963 2257 2174 2312 monui.
2201 2258 2400 2311 Verum
2436 2259 2525 2311 ille
2551 2273 2582 2311 a
2623 2258 3072 2312 sollicitatoribus
3102 2256 3214 2310 suis
3243 2255 3524 2318 inductus,

1960 2358 2142 2418 spreta
2176 2349 2488 2403 hortatione
2525 2364 2667 2412 mea,
2696 2349 2837 2402 haud
2864 2353 3023 2404 'secus
3043 2361 3105 2400 ac
3138 2346 3290 2414 prius
3321 2345 3524 2397 bellum

1966 2455 2166 2507 urgere
2196 2440 2458 2508 perrexit,
2507 2449 2561 2494 et
2609 2455 2732 2494 cum
2775 2439 2902 2502 alia,
2947 2454 3066 2506 qua:
3099 2437 3276 2490 solent
3316 2436 3524 2498 hostes,

1961 2531 2313 2599 perpetravit,
2367 2540 2480 2584 tum
2530 2532 2791 2584 auxilium
2817 2547 2882 2584 ex
2927 2530 3182 2583 Triballis
3214 2528 3524 2581 advocavit.

1960 2622 2111 2686 Quos
2148 2631 2434 2692 postquam
2459 2622 2684 2676 Barbari
2719 2637 2747 2674 a
2782 2637 2866 2674 me
2893 2637 2956 2674 ex
2979 2621 3101 2674 Asia
3121 2619 3368 2675 accersiti
3394 2635 3528 2674 con-

1963 2714 2254 2778 triverunt,
2296 2714 2362 2768 ad
2393 2713 2724 2768 sulimanum
2749 2713 3092 2767 Persicarum
3121 2713 3401 2782 copiarum
3427 2711 3530 2766 du-

1961 2819 2099 2866 cem,
2137 2806 2292 2874 cujus
2318 2805 2613 2859 amicitiam
2661 2805 2764 2860 sibi
2817 2803 3286 2858 commodaturum
3334 2803 3529 2858 crede-

1964 2895 2076 2957 bat,
2112 2879 2319 2966 legatos
2345 2912 2468 2951 cum
2504 2897 2898 2960 litteris'misit,
2929 2898 2981 2949 in
3012 2897 3216 2966 quibus
3237 2898 3338 2951 mei
3371 2913 3526 2951 men-

1965 2989 2166 3042 tionem
2201 2989 2425 3054 faciens,
2456 3005 2563 3042 non
2588 2990 2994 3058 imperatorem,
3026 2992 3116 3043 sed
3148 2989 3529 3044 tantummodo

1963 3079 2408 3134 Cantacuzenum
2443 3081 2736 3150 appellavit
2771 3098 2783 3133 :
2813 3081 2863 3134 id
2914 3081 3076 3150 quod
3111 3097 3196 3136 me
3233 3082 3529 3135 momordit

1969 3173 2340 3239 vehementer,
2392 3174 2843 3242 interpretantem
2899 3175 2951 3228 id
3004 3157 3227 3243 signum
3267 3173 3532 3227 manifes-

1925 3264 2263 3329 Jissimum,
2321 3266 2646 3330 obdurasse,
2702 3276 2760 3319 ut
2805 3266 2983 3334 quoad
3048 3275 3254 3336 posset,
3319 3267 3526 3322 bellum

1966 3366 2154 3410 contra
2209 3371 2295 3410 ιηθ
2349 3358 2716 3412 continuaret.
2775 3359 2891 3413 Jam
2936 3375 3067 3413 vero
3112 3359 3178 3413 ad
3223 3371 3528 3414 ρκῐτοιιιιιηι

1966 3464 2134 3512 nunc,
2186 3449 2310 3516 quia
2361 3449 2415 3502 in
2466 3449 2714 3504 Thraciae
2765 3449 2998 3504 urbibus
3047 3465 3402 3518 perseverare
3437 3467 3533 3504 ne-

1967 3541 2137 3609 quivit
2173 3541 2442 3608 (amplius
2471 3541 2679 3594 scilicet
2706 3557 2813 3594 non
2847 3542 3032 3596 valens
3058 3542 3385 3607 resistere),
3419 3541 3530 3596 Te-

1966 3633 2165 3687 nedum
2242 3631 2551 3701 navigavit,
2617 3633 3037 3700 conquisitaque
3100 3647 3262 3685 manu
3351 3632 3528 3686 navali

1966 3725 2184 3792 exigua,
2258 3733 2424 3792 caput
2482 3737 2663 3776 rerum
2725 3722 2988 3777 insidiose
3056 3737 3349 3793 aggressus
3419 3733 3528 3778 est.

1965 3815 2128 3884 855
2159 3814 2270 3868 Nec
2297 3815 2442 3869 enim
2479 3814 2702 3869 forsitan
2745 3814 2970 3883 perinde
2999 3824 3122 3880 est,
3159 3814 3324 3868 urbes
3353 3823 3408 3868 et
3445 3815 3534 3868 in-

1967 3907 2116 3960 sulas
2136 3905 2362 3960 ditionis
2394 3922 2529 3960 mea:
2574 3907 2888 3976 subj‘ugare,
2915 3917 2970 3961 et
3009 3905 3157 3975 ipsos
3189 3906 3403 3975 itupcrii
3435 3923 3533 3976 pe-

1968 4007 2123 4051 nates
2143 3997 2426 4066 inopinato
2447 3997 2670 4051 adoriri.
2691 3997 2826 4052 Cum
2848 4007 3026 4052 autem
3047 3997 3151 4052 hoc
3175 3998 3246 4051 ita
3260 4013 3422 4067 grave
3440 3998 3534 4061 sit,

1969 4085 2116 4139 aliud
2149 4086 2310 4156 longe
2335 4086 2572 4156 gravius,
2595 4087 2906 4141 etodiosius
2923 4101 3090 4141 ausus
3108 4085 3539 4154 est.Remigibus

1969 4178 2137 4243 enim,
2169 4187 2236 4239 et,
2268 4193 2380 4233 sua:
2419 4178 2721 4247 praesertim
2767 4178 3028 4242 triremis,
3073 4177 3330 4232 convitits
3361 4178 3416 4235 in
3450 4193 3538 4232 me

1970 4260 2299 4323 debacchari
2360 4269 2582 4339 impune
2637 4269 2885 4337 permisit
2943 4284 2958 4320 :
3012 4267 3158 4338 quod
3219 4269 3535 4338 neutiquam

1974 4375 2139 4414 ausus
2170 4360 2381 4424 fuisset,
2413 4367 2473 4412 ut
2505 4359 2780 4421 existimo,
2807 4357 2909 4413 nisi
2945 4357 3110 4412 ﬁxum
3138 4358 3360 4427 penitus
3390 4359 3537 4428 apud

287 4441 468 4511 λιμάν
527 4444 618 4495 τὸν
676 4447 774 4514 τῆς
829 4449 1106 4518 Περσικῆς
1175 4451 1478 4520 ἡγούμενον
1547 4456 1861 4525 ποιούμενος

1975 4453 2216 4505 animum
2261 4451 2524 4515 haberet,
2573 4449 2876 4503 immortale
2931 4447 3194 4504 adversus
3224 4464 3311 4504 me
3335 4450 3537 4505 bellum

291 4535 585 4601 στρατιᾶς,
624 4534 797 4588 ἐδόκει
834 4538 939 4606 γὰρ
964 4540 1111 4606 αὐτῴ
1146 4539 1445 4594 λυσιτελεῖν
1489 4543 1697 4597 πείθειν
1729 4547 1870 4598 ἐκεῖ·

292 4639 388 4672 νον
429 4622 564 4677 εἶναι
593 4626 666 4695 μὴ
699 4627 954 4696 πολέμιον
985 4629 1154 4699 αὐτῷ,
1181 4632 1392 4700 ἔπεμπε
1426 4636 1528 4696 καὶ,
1550 4635 1871 4706 γράμματα,

291 4719 354 4768 ἐν
388 4710 473 4776 οἷς
503 4718 865 4786 ἐπιμνησθεὶς
905 4721 1062 4790 ἐμοῦ,
1100 4722 1160 4773 οὐ
1195 4721 1420 4790 βασιλέα
1441 4727 1872 4796 προσηγόρευεν,

294 4809 444 4860 ἀλλὰ
482 4809 936 4880 Καντακουζηνδν
969 4813 1156 4877 ἁπλῶς
1180 4832 1195 4846 ·
1239 4816 1268 4867 ὃ
1321 4817 1550 4886 μέγιστα
1581 4820 1871 4891 ἐλύπησεν,

294 4899 578 4963 ἀπόδειξιν
610 4902 1014 4974 ἐναργεστάτην
1040 4907 1294 4976 οίηθέντα
1329 4910 1424 4962 τοῦ
1457 4912 1618 4980 μέχρι
1657 4915 1750 4967 καὶ
1779 4915 1874 4967 τοῦ

295 4991 557 5056 δυνατοῦ,
599 4993 690 5045 τὸν
722 4995 959 5063 πόλεμον
986 4998 1078 5048 τὸν
1129 4999 1264 5067 πρὸς
1299 4999 1398 5067 ἐμὲ
1447 5004 1635 5070 τηρεῖν
1671 5003 1876 5058 ἀκατά-

299 5084 510 5134 λυπτον
544 5085 860 5138 πεπεῖσθαι.
884 5087 1022 5156 Ἤδη
1052 5088 1106 5140 δὲ
1137 5088 1205 5142 τὰ
1235 5090 1517 5143 τελευταῖα
1547 5093 1720 5147 ταῦτα
1756 5098 1874 5163 νῦν,

301 5177 430 5225 ἐπεὶ
462 5176 537 5246 μὴ
581 5179 762 5245 μένειν
804 5179 938 5245 πρὸς
980 5178 1077 5241 τὰς
1121 5179 1223 5248 τῆς
1281 5182 1500 5254 Θρᾴκης
1531 5185 1714 5248 πόλεις
1745 5178 1876 5252 ἡδυ-

301 5265 469 5334 νήθη,
497 5268 596 5334 οὐχ
623 5262 733 5330 οἷός
761 5285 820 5320 τε
853 5268 928 5321 ὣν
955 5271 1203 5342 ἀντέχειν
1226 5275 1304 5324 ἔτι
1330 5276 1462 5343 πρὸς
1491 5276 1582 5327 τὸν
1617 5277 1872 5348 πόλεμον,

300 5359 438 5425 πρὸ.
477 5359 705 5428 Τένεδον
750 5361 1084 5432 ἐπεραιώθη,
1134 5366 1226 5417 καὶ
1268 5367 1750 5438 συμπορισάμενος
1788 5371 1878 5424 δύ-

301 5449 471 5514 ναμίν
520 5467 644 5502 τινα
689 5450 878 5523 ὀλίγην
925 5455 1208 5525 ναυτικὴν,
1243 5457 1300 5508 ἐν
1329 5458 1442 5519 τοίς
1489 5462 1877 5526 καιριωτάτοις

305 5538 726 5593 ἐπεϐούλευσεν
755 5544 814 5594 οὐ
866 5544 972 5612 γὰρ
1001 5547 1116 5598 ίσον
1169 5546 1374 5608 πόλεις,
1429 5549 1522 5598 καὶ
1553 5549 1748 5618 νήσους
1781 5552 1878 5613 τὰς

313 5636 406 5686 ὑπ’
448 5639 572 5704 ἐμοὶ
620 5639 883 5702 τελούσας
933 5642 1062 5703 ἴσως
1103 5642 1582 5703 καταδουλοῦσθαι,
1615 5644 1709 5695 καὶ
1742 5645 1875 5715 αὐτῇ

310 5728 467 5808 ἑστίᾳ
496 5739 759 5794 ἐπελθεῖν.
789 5740 992 5793 Τούτου
1021 5739 1075 5790 δὲ
1110 5740 1259 5800 bno;
1287 5735 1428 5788 οὕτω
1459 5734 1652 5800 δεινοῦ,
1691 5736 1876 5808 ἕτερον

1975 4558 2184 4612 gerere.
2215 4541 2370 4608 Quod
2415 4543 2580 4612 igitur
2611 4558 2641 4596 a
2697 4541 2971 4610 principio
3005 4541 3074 4594 ad
3125 4540 3287 4596 finem
3323 4557 3540 4610 semper

1975 4638 2030 4688 ln
2085 4634 2342 4689 omnibus
2384 4633 2826 4699 eumdem.me,
2898 4634 3114 4702 meique
3175 4632 3410 4688 similem
3462 4631 3539 4685 illi

1977 4724 2347 4794 prastiterim,
2385 4741 2484 4780 nec
2515 4740 2665 4778 arma
2701 4725 2819 4795 ejus
2863 4723 3161 4792 aliquando
3209 4737 3539 4791 provocave-

1976 4818 2100 4881 rim,
2129 4834 2194 4871 ex
2224 4817 2312 4882 iis,
2335 4833 2455 4887 qua:
2484 4817 2617 4882 dixi,
2647 4816 2873 4870 cuilibet
2907 4815 3067 4890 fidem
3092 4814 3289 4868 factam
3321 4812 3537 4881 opinor.

1965 4909 2242 4974 ,Quoaiam
2279 4917 2459 4962 autem
2489 4909 2603 4977 ipse
2625 4923 2817 4962 eorum
2846 4906 3027 4971 nullo,
3064 4919 3185 4974 qua:
3222 4903 3350 4956 n-ihi
3383 4918 3540 4956 acer-

1975 5002 2039 5055 ba
2077 5009 2290 5069 putaret
2319 5001 2432 5053 fore
2454 5041 2469 5065 ,
2512 4999 2810 5061 abstinuit,
2857 4997 3022 5051 credo
3055 4994 3308 5064 equidem
3345 5009 3374 5046 e
3407 5009 3506 5062 pru
3530 5020 3542 5033 -

1976 5091 2232 5145 dentibus
2261 5092 2374 5144 fore
2401 5091 2629 5149 nullum,
2669 5089 2762 5157 qui
2787 5088 2911 5156 jure
2945 5103 3028 5140 mc
3069 5085 3451 5154 reprehendat,
3489 5085 3534 5137 si

1978 5199 2121 5237 nunc
2155 5191 2360 5235 mutata
2415 5181 2686 5236 sententia
2745 5180 2860 5250 ipse
2910 5179 3128 5233 decreta
3185 5193 3302 5231 mea
3357 5178 3538 5246 priora

1979 5274 2348 5344 posthabuero
2376 5292 2388 5327 :
2424 5271 2644 5342 quando
2672 5287 2781 5326 non
2827 5271 3050 5326 levitate
3075 5270 3282 5338 aliqua,
3330 5283 3432 5338 nec
3459 5277 3541 5321 te-

1980 5382 2126 5420 more
2173 5367 2344 5430 illum,
2381 5377 2438 5421 et
2487 5367 2604 5419 sine
2645 5381 2807 5420 causa
2843 5363 3153 5420 contristari
3195 5361 3404 5420 volens,
3442 5360 3538 5413 sed

1978 5457 2046 5511 ab
2073 5473 2140 5511 eo
2169 5465 2390 5511 coactus
2437 5456 2542 5508 huc
2568 5455 2832 5508 adducor.
2868 5453 3037 5520 Quale
3066 5451 3213 5505 enim
3255 5459 3358 5511 est,
3387 5449 3541 5501 illum

1981 5549 2287 5618 petulanter
2310 5548 2362 5600 in
2389 5562 2473 5600 me
2507 5545 2788 5612 insultare,
2813 5557 2868 5600 et
2891 5544 3024 5598 eniti
3057 5543 3232 5597 modis
3262 5541 3541 5603 ettmibus,

1983 5651 2040 5694 ut
2092 5655 2283 5693 omnes
2335 5639 2662 5708 intelligant,
2687 5653 2812 5691 eutn
2857 5650 3044 5705 pacem
3095 5632 3408 5702 aspernari:
3461 5644 3546 5682 me

1983 5745 2164 5789 autem
2199 5733 2348 5788 ‘velut
2399 5749 2562 5788 sensu
2592 5731 2840 5786 orbatum
2888 5738 3050 5799 atque
3098 5737 3372 5787 truncum,
3399 5721 3548 5773 nullo
