3964 6210
320 290 430 351 293
519 254 525 260 ’

1485 289 2022 352 HISTOltlABUM
2067 291 2297 351 LIBER
2334 291 2429 351 IV.

3461 286 3570 352 294

321 413 469 480 ἔχων
517 413 611 464 καὶ
637 410 915 464 Ματθαίον
945 410 1168 481 βασιλέα
1189 411 1279 464 τὸν
1307 410 1420 462 υἱδν
1446 410 1504 462 ἐν
1530 412 1651 472 ταῖς
1676 409 1897 480 τριήρε-

2005 409 2334 472 motichum,
2367 418 2422 463 et
2448 405 2858 476 Adrianopolitn
2882 405 3085 461 abituri
3115 425 3127 460 :
3167 406 3282 476 ipse
3312 407 3378 462 ad
3407 423 3574 478 gene-

324 519 416 554 σιν
450 503 566 572 ἅμα
603 503 832 572 βασιλίδι
866 507 930 574 τῇ
967 504 1187 573 συζύγιρ
1225 504 1302 568 ὡς
1338 503 1405 557 ἂν
1453 503 1654 556 ἐκεῖνοι
1693 502 1792 571 μὲν
1845 503 1902 554 ἐν

323 596 475 665 Αἴνῳ
509 596 808 659 ἀποϐαῖεν,
842 596 916 659 ὡς
951 597 1161 650 ἐκεῖθεν
1195 599 1273 659 είς
1305 595 1684 665 Διδυμότειχον
1715 594 1903 662 ἀφιξόο

325 703 503 752 μενοι,
533 689 626 738 καὶ
656 687 756 756 τὴν
784 687 1090 757 Ἀδριανοῦ,
1117 689 1277 751 αὐτὸς
1305 687 1362 740 δέ
1389 688 1482 739 ἐπὶ
1507 688 1606 757 τὴν
1633 687 1728 739 τοῦ
1761 703 1902 754 γαμ·

323 776 463 847 ϐροῦ
488 781 752 846 τράποιτο
777 778 1036 832 διάλυσιν.
1065 773 1167 830 Οἷα
1194 778 1250 830 δὲ
1280 778 1382 831 οὐκ
1413 780 1504 832 ἐπὶ
1534 779 1712 848 μάχην
1738 794 1906 831 κατα-

325 868 532 930 πλέων,
584 867 700 919 ἀλλ’
731 868 950 936 εἰρήνης
1003 868 1203 937 μᾶλλον
1249 869 1436 935 ἓνεκα,
1488 871 1548 921 οὐ
1601 869 1904 939 προσέσχεν

322 959 422 1009 ἐπὶ
468 957 690 1011 Τένεδον
735 958 957 1026 αὐτίκα,
1001 959 1116 1011 ἀλλ’
1142 959 1236 1012 ἐπί
1273 977 1326 1013 τι
1370 961 1606 1029 νησίδιον
1650 960 1904 1029 ἀοίκητον

324 1050 502 1116 ἐγγὺς
536 1049 762 1101 Τενέδου
799 1049 1017 1119 Μαυρία
1051 1052 1624 1121 προσαγορευόμενον,
1661 1053 1756 1104 καὶ
1788 1054 1906 1122 διή-

323 1155 503 1205 γαγεν
532 1141 649 1192 ἐκεῖ
676 1141 735 1191 τὸ
765 1141 952 1192 λεῖπον
981 1143 1077 1208 τῆς
1110 1143 1357 1211 ἡμέρας,
1390 1144 1485 1195 καὶ
1513 1143 1610 1212 τὴν
1642 1144 1903 1196 ἐπιοῦσαν

323 1231 524 1282 νύκτα.
559 1231 650 1292 Ei;
681 1233 781 1300 τὴν
821 1232 1114 1301 ὑστεραίαν
1147 1233 1202 1286 δὲ
1237 1235 1376 1304 ἄρας
1409 1236 1640 1296 ἐκεῖθεν,
1680 1238 1765 1304 ἐφ’
1793 1239 1908 1289 ἓτε-

293 1369 308 1378 ,
328 1337 428 1388 ρον
451 1319 727 1389 ὡρμίξετο
754 1322 1012 1391 νησίδιον,
1040 1325 1194 1386 ἆγιον
1225 1325 1476 1394 Ἀνδρέαν
1504 1329 1905 1396 προσαγορευό-

328 1428 519 1479 μενον,
551 1411 784 1474 ἐλπίζων
813 1413 1100 1482 ἀφίξεσθαι
1130 1416 1428 1484 πρεσϐείαν
1461 1417 1610 1486 παρὰ
1645 1418 1904 1486 βασιλέως

323 1502 425 1552 τοῦ
453 1498 706 1572 γαμϐροῦ
737 1505 867 1572 περὶ
893 1504 1139 1573 εἰρήνης.
1173 1505 1261 1567 Ὠς
1286 1506 1341 1558 δὲ
1367 1506 1522 1558 οὐδὲν
1545 1508 1759 1575 ἀπήντα
1787 1509 1906 1560 κατ’

325 1593 553 1655 ἐλπίδας
601 1593 732 1662 (τῶν
779 1594 888 1663 γὰρ
933 1595 1200 1648 συνόντων
1240 1596 1390 1666 αὐτῷ
1431 1613 1575 1660 τινες
1619 1599 1905 1666 ναυάρχων

323 1679 538 1740 δύσνως
571 1679 786 1747 ἔχοντες
806 1717 821 1742 ,
854 1680 1172 1748 πέμψαντες
1208 1682 1341 1751 πρὸς
1378 1681 1601 1750 βασιλέα
1629 1685 1721 1736 τὸν
1750 1686 1902 1750 νέον,

325 1770 614 1841 παρῄνουν
651 1771 726 1841 μὴ
769 1770 1022 1840 δέχεσθαι
1055 1772 1153 1842 τὴν
1187 1774 1412 1843 εἰρήνην
1435 1813 1451 1838 ,
1489 1773 1604 1827 ἀλλ’
1631 1776 1904 1845 αἱρεῖσθαι

325 1861 423 1912 τὸν
454 1859 695 1929 πόλεμον
728 1862 952 1930 μᾶλλον,
984 1863 1058 1925 ὼς
1089 1863 1270 1917 αὐτῶν
1301 1867 1905 1936 συγκατεργασομένων

326 1951 548 2014 πάντα,
587 1951 697 2005 οὐδ’
723 1951 866 2006 οὕτω
915 1952 1014 2022 μὲν
1047 1953 1139 2006 ἐπὶ
1173 1954 1272 2024 τὴν
1306 1956 1462 2009 πόλιν
1494 1952 1596 2026 ἧκε
1631 1957 1731 2028 τήν
1762 1961 1905 2013 κατὰ

324 2044 429 2111 τὴν
467 2041 675 2112 νῆσον).
710 2037 743 2116 ᾖ
782 2042 1052 2113 διέτριϐεν
1084 2043 1112 2096 6
1152 2042 1437 2113 βασιλεὺς,
1477 2045 1590 2099 ἀλλ’
1613 2048 1905 2119 ἐφ’ἐτερον

329 2133 503 2202 μέρος
530 2132 664 2202 πρὸς
687 2136 780 2185 τὸν
805 2133 995 2204 Βόριον
1023 2135 1412 2206 ὠνομασμένον
1435 2139 1714 2208 ἐγχωρίως
1742 2159 1906 2196 ποτα-

329 2223 453 2290 μὸν,
481 2223 558 2286 ὡς
587 2223 996 2293 ὕδρευσομένων
1022 2227 1185 2296 δῆθεν
1209 2227 1319 2280 τῶν
1345 2230 1642 2299 τριηριτῶν
1667 2231 1901 2284 ἐκεῖθεν.

330 2315 393 2365 ut
421 2315 505 2383 τῷ
530 2315 635 2382 νέῳ
663 2316 719 2368 δὲ
752 2315 961 2384 βασιλεῖ
993 2319 1243 2382 συνόντες
1272 2320 1523 2386 ὁπλῖται,
1558 2324 1650 2374 καὶ
1684 2323 1900 2386 ἱππεῖς,

332 2403 440 2457 τῶν
471 2405 743 2474 τριήρεων
774 2410 1187 2478 καταγομένων,
1218 2409 1468 2472 ἐλθόντες
1499 2412 1591 2464 ἐπὶ
1620 2413 1712 2464 τὸν
1743 2429 1905 2465 ποτα-

332 2495 467 2562 μὸν,
503 2495 726 2550 ἔϐαλλον
758 2498 869 2551 ἀπὸ
903 2501 999 2568 τῆς
1035 2501 1174 2569 γῆς,
1211 2503 1308 2554 καὶ
1346 2503 1574 2556 κωλύειν
1609 2505 1904 2575 ἐπειρῶντο

326 2581 428 2648 τὴν
483 2583 768 2636 ἀπόϐασιν.
801 2585 988 2645 Οξδὲ,
1046 2586 1391 2657 βιασάμενοι,
1446 2591 1754 2661 ἀπέϐησαν,
1809 2596 1903 2644 καὶ

327 2670 664 2739 ὑδρεύσαντο
695 2673 925 2726 ἐκεῖθεν.
946 2675 1120 2745 Ὀρῶν
1151 2677 1207 2729 δὲ
1237 2680 1264 2730 6
1299 2678 1549 2747 βασιλεὺς
1583 2683 1720 2750 πρὸς
1752 2681 1902 2736 οὐδὲν

324 2760 636 2828 ὁνήσουσαν
663 2763 760 2832 τὴν
790 2765 1090 2834 καρτερίαν
1119 2765 1264 2836 (οὔτε
1294 2771 1398 2838 γὰρ
1429 2769 1686 2838 πολεμεῖν
1717 2763 1903 2843 ᾑρεῖτο

323 2851 405 2919 τῷ
434 2853 694 2924 γαμϐρῷ,
719 2858 811 2907 καὶ
839 2857 1044 2911 κακοῦν
1068 2857 1166 2928 τὴν
1191 2861 1376 2928 νῆσον,
1402 2861 1525 2913 οὕτε
1553 2865 1681 2931 περὶ
1705 2867 1803 2933 τῆς
1829 2867 1904 2918 si-

329 2945 506 3012 ρήνης
543 2945 769 3015 οὐδεμία
807 2946 886 3001 ἔτι
924 2949 1246 3004 ὑπελείπετο
1279 2951 1472 3014 ἐλπὶς,
1509 2953 1772 3022 βασιλέως
1806 2957 1900 3009 τοῦ

324 3036 548 3092 νέου,οὐ
587 3038 742 3106 μόνον
775 3041 835 3091 οὐ
873 3041 1380 3113 πρεσϐευσαμένου,
1419 3045 1609 3116 ὥσπερ
1647 3048 1896 3117 ήλπιςεν,
1929 3073 1967 3125 C

325 3127 470 3182 ἀλλὰ
499 3129 594 3180 καὶ
641 3133 886 3201 φανερῶς
931 3134 1260 3202 ὲξαγομένου
1313 3137 1448 3204 πρὸς
1489 3139 1548 3189 τὸ
1598 3141 1900 3208 πολεμεῖν),

326 3219 566 3285 τάχιστα
597 3218 808 3270 ἐκεῖθεν
839 3220 1118 3290 ἀπεχώρει
1151 3223 1231 3284 είς
1258 3223 1356 3292 τὴν
1387 3221 1566 3288 Αἶνον,
1599 3225 1726 3276 ἔνθα
1753 3228 1903 3278 Ματ-

330 3306 486 3370 θαῖος
515 3307 809 3361 ἀπέϐαινεν
835 3311 864 3360 6
893 3311 1008 3372 νέος
1042 3313 1294 3380 βασιλεὺς
1328 3315 1467 3382 μετὰ
1495 3316 1593 3382 της
1622 3318 1901 3382 γυναικὸς,

333 3399 591 3452 κάκεῖθεν
616 3402 893 3471 ἀπεχώρει
921 3403 1015 3454 ἐπὶ
1044 3403 1423 3474 Διδυμὸτειχον
1449 3408 1541 3458 καὶ
1565 3408 1663 3473 τὴν
1694 3408 1904 3478 Ἀδριαο

328 3490 447 3543 νοῦ.
481 3490 928 3560 Καντακουζηνδς
955 3492 1010 3544 δὲ
1039 3496 1065 3546 6
1095 3494 1366 3564 βασιλεὺς,
1395 3498 1662 3567 τέτταρας
1691 3501 1904 3567 ἡμέρας

328 3581 470 3650 πρὸς
503 3584 570 3650 τῇ
604 3583 748 3652 Λίνῳ
779 3583 1087 3653 διατρίψας,
1134 3587 1213 3648 είς
1243 3586 1538 3649 ’Βυζάντιον
1573 3590 1901 3658 ἀνέστρεφε,

327 3673 700 3741 Παλαιολόγος
737 3675 794 3726 δὲ
827 3678 855 3727 6
891 3676 1144 3745 βασιλεὺς
1184 3674 1341 3740 αὖθις
1385 3679 1710 3733 ὑπελείπετο
1745 3684 1803 3732 ἐν
1838 3684 1900 3751 τῇ

326 3766 568 3834 Τενέἰῳ,
616 3768 852 3820 καὶ-ὃσα
898 3769 1162 3837 πράττειν
1209 3770 1348 3838 ὑπὲρ
1391 3770 1486 3838 τῆς
1515 3772 1704 3840 ,ἀρχῆς
1753 3772 1902 3841 ἑξῆν,

328 3856 531 3924 ἡμέλει
573 3856 786 3918 οὐδενός
811 3873 825 3887 ο
862 3857 1067 3925 ἔφασκε
1101 3843 1156 3911 δέ
1192 3859 1416 3929 ὕστερον
1452 3863 1509 3914 ἐν
1542 3863 1641 3930 τῆς
1682 3865 1903 3934 εἰρήνης

327 3949 442 4007 τοῖς
476 3949 708 4014 καιροῖς,
735 3947 808 4008 ὡς
839 3947 1183 4010 ἐπιπλέοντος
1213 3951 1359 4017 αὑτῲ
1391 3950 1652 4018 βασιλέως
1683 3951 1771 4003 τοῦ
1802 3970 1901 4021 κη-

330 4034 522 4086 δεστοῦ
545 4075 560 4099 ,
594 4035 926 4104 διαλεχθείεν
963 4037 1062 4103 μὲν
1096 4041 1283 4108 κρύφα
1317 4043 1410 4091 καὶ
1444 4042 1490 4092 οὶ
1526 4041 1785 4109 ναύαρχοι
1828 4045 1902 4111 μὴ

331 4126 592 4196 δέχεσθαι
615 4129 712 4194 τὴν
739 4130 980 4198 εἰρήνην,
1007 4129 1140 4198 μηδὲ
1170 4130 1462 4199 πρεσϐείαν
1480 4132 1604 4184 τινὰ
1629 4133 1902 4186 ποιεῖσθαι

332 4221 472 4286 πρὸς
507 4218 672 4272 αὐτόν
695 4234 710 4248 °
746 4221 952 4272 ἐκεῖνον
987 4222 1198 4289 μέντοι
1231 4220 1308 4290 μὴ
1339 4223 1526 4275 τούτου
1570 4223 1732 4276 ἕνεκα
1765 4226 1899 4278 ἁπο-

333 4310 566 4379 σχέσθαι
609 4310 708 4378 τῆς
753 4312 974 4381 εἰρήνης
1001 4326 1014 4340 ⁸
1057 4310 1256 4364 ειδέναι
1299 4316 1405 4382 γὰρ
1449 4314 1690 4376 ἐκείνους
1730 4319 1792 4372 οὺ
1836 4320 1903 4368 τὰ

2006 516 2130 554 rum
2162 500 2556 568 paciﬁcandum
2591 513 2754 566 porro
2782 499 3078 568 navigaret.
3107 499 3340 554 Perinde
3364 512 3570 566 autem,

2005 601 2172 660 atque
2205 592 2250 646 si
2286 607 2395 646 non
2423 592 2568 654 belli,
2601 591 2696 646 sed
2728 590 2881 658 pacis
2922 605 3084 645 causa
3105 603 3398 660 susceptus
3426 601 3573 646 esset

2005 684 2096 738 hic
2128 699 2346 747 cursus,
2381 699 2486 736 non
2537 683 2718 736 statim
2762 682 2827 735 ad
2864 681 3162 740 Tenedum.
3207 681 3300 735 sed
3333 681 3399 734 ad
3448 698 3571 750 par-

2007 792 2128 828 vam
2181 776 2413 828 insulam
2443 774 2740 828 desertam
2774 775 2926 842 juxta
2959 773 3269 836 Tenedum,
3307 774 3568 828 Mauriam

2004 866 2356 935 appellatam,
2407 865 2637 938 appulit,
2684 879 2748 918 ac
2799 865 3067 932 reliquum
3113 863 3240 927 diei,
3273 874 3321 918 et
3353 877 3567 920 noctem

2006 955 2391 1024 insequentem
2439 955 2513 1008 ibi
2546 954 2768 1007 mansit.
2812 954 3079 1008 Postridie
3120 954 3186 1008 ad
3229 956 3453 1008 alteram
3487 956 3569 1007 in-

2004 1047 2199 1110 sulam,
2233 1046 2490 1101 similiter
2534 1061 2782 1114 parvam,
2814 1045 2996 1099 Sancti
3036 1046 3264 1100 Andreae
3301 1057 3566 1112 vocatam,

2005 1136 2241 1199 delatus,
2277 1151 2306 1189 a
2338 1151 2540 1205 genero
2565 1135 2771 1205 legatos
2803 1137 2872 1190 de
2921 1151 3050 1203 pace
3087 1145 3348 1190 venturos
3377 1152 3570 1205 exspe-

2003 1229 2208 1282 ctabat.
2234 1227 2336 1282 Ubi
2377 1215 2647 1296 nihil$ro
2677 1243 2770 1295 spe
2797 1228 3000 1281 accidit
3027 1228 3252 1295 (etenim
3281 1243 3345 1280 ex
3373 1243 3571 1280 navar-

2005 1319 2125 1372 chis
2176 1317 2398 1387 maligni
2447 1317 2671 1387 quidam
2721 1317 2788 1368 ad
2853 1316 3214 1384 Palaeologutn
3269 1316 3568 1381 mittentes,

2004 1425 2240 1477 eumque
2277 1426 2305 1462 a
2335 1425 2464 1478 pace
2504 1409 2866 1468 deterrentes,
2887 1409 2951 1461 ad
2986 1409 3186 1462 bellum
3222 1409 3571 1476 instigabant,

2005 1511 2169 1569 atque
2214 1501 2266 1554 in
2309 1501 2360 1554 id
2403 1516 2562 1569 opem
2595 1517 2747 1554 suam
2784 1515 2973 1552 omnes
3000 1499 3364 1567 spondebant)
3395 1517 3462 1554 ne
3493 1501 3573 1556 sic

2007 1593 2226 1660 quidem
2258 1593 2311 1646 in
2337 1592 2526 1646 insube
2561 1592 2778 1653 urbem,
2822 1591 2873 1644 in
2905 1607 3012 1659 qua
3050 1591 3346 1659 imperator
3387 1593 3573 1661 junior

2008 1687 2348 1748 morabatur,
2386 1683 2480 1736 sed
2529 1683 2581 1736 in
2625 1694 2830 1751 partem
2865 1684 3092 1754 alteram
3125 1683 3347 1736 Boriutn
3393 1683 3572 1736 nemi-

2009 1783 2216 1837 natatu,
2246 1772 2312 1827 ad
2345 1774 2695 1841 aquationem
2750 1773 2862 1827 illic
2912 1788 2942 1827 e
2994 1771 3218 1828 numine
3266 1773 3570 1828 faciendam

2005 1864 2270 1934 perrexit.
2308 1863 2654 1918 Triremihus
2676 1879 2744 1918 eo
2775 1864 3068 1932 provectis,
3103 1864 3316 1932 pedites
3341 1874 3396 1918 et
3419 1865 3576 1933 equi-

2006 1961 2088 2008 tes
2134 1953 2420 2023 Palteologi
2460 1953 2527 2007 ad
2570 1953 2776 2007 ﬂumen
2829 1954 3209 2022 procedentes,
3243 1963 3298 2008 et
3349 1969 3380 2008 e
3427 1963 3573 2009 terra

1999 2043 2328 2114 jaculantes,
2352 2043 2617 2097 descensu
2635 2043 2874 2098 advenas
2900 2044 3196 2113 prohibere
3211 2046 3572 2100 conabantur.

2004 2134 2087 2188 Illi
2137 2134 2190 2187 vi
2231 2145 2422 2189 contra
2472 2134 2713 2190 nitentes
2757 2135 3121 2201 descendunt,
3171 2147 3228 2192 et
3273 2148 3570 2206 aquantur.

2004 2225 2207 2280 Videns
2248 2241 2410 2294 porro
2442 2226 2885 2291 Cantacuzcnus,
2928 2226 3178 2281 inutilem
3215 2227 3331 2282 fore
3363 2229 3573 2296 patien-

2005 2318 2134 2371 tiam
2168 2317 2368 2387 (ueque
2398 2319 2541 2370 enim
2576 2331 2816 2386 pugnare
2844 2318 2896 2370 in
2933 2334 3218 2388 generum,
3247 2328 3304 2373 et
3335 2320 3570 2374 insulam

2005 2406 2308 2476 deprtedari
2351 2406 2589 2468 volebat,
2619 2423 2797 2477 neque
2825 2409 2976 2478 pacis
3007 2409 3114 2462 ulla
3147 2423 3274 2478 spes
3314 2409 3571 2474 dabatur,

2004 2497 2306 2566 Palteologo
2369 2513 2479 2551 non
2533 2498 2695 2551 modo
2740 2498 2978 2568 legatum
3029 2499 3240 2553 nullum
3301 2501 3577 2562 mittente,

2003 2600 2194 2644 contra
2234 2605 2397 2658 quam
2445 2589 2793 2657 sperabatur,
2827 2590 2922 2644 sed
2969 2600 3220 2658 apertum
3253 2592 3418 2645 etiam
3465 2592 3580 2646 bel-

2004 2681 2114 2734 lum
2145 2680 2510 2749 parturiente)
2541 2696 2708 2749 quam
2748 2679 2984 2748 primum
3020 2681 3145 2734 imle
3172 2681 3373 2734 1Enum
3402 2698 3579 2737 reces—

2005 2775 2095 2837 sit,
2130 2773 2220 2826 ubi
2274 2772 2560 2825 Matthmus
2609 2787 2783 2826 novus
2831 2772 3149 2841 imperator,
3194 2783 3248 2828 rt
3297 2790 3434 2828 uxor
3476 2775 3576 2828 de-

2005 2863 2331 2918 scendentes
2386 2861 2510 2916 inde
2559 2863 2995 2931 Didymotichum
3049 2874 3105 2916 et
3162 2864 3572 2934 Adrianopolm

2003 2956 2271 3010 abierant.
2315 2955 2735 3010 Cantacuzenus
2777 2956 3133 3024 quatriduum
3185 2956 3307 3009 Λειιί
3363 2958 3566 3010 subsis-

2003 3054 2143 3108 tens,
2182 3044 2492 3114 Byzantium
2527 3044 2707 3106 rediit,
2735 3043 3032 3111 Palteologo
3063 3044 3114 3096 iu
3145 3044 3320 3096 insula
3355 3042 3576 3095 Tenedo

2009 3145 2298 3196 manente,
2329 3143 2384 3188 ct
2427 3151 2550 3203 quae
2586 3149 2686 3202 pro
2725 3133 2958 3202 imperio
3004 3133 3300 3187 asserendo
3337 3141 3572 3202 poterat,

2006 3241 2198 3280 eorum
2236 3224 2373 3278 nihil
2408 3225 2721 3279 omittente.
2753 3224 3054 3279 Confessus
3084 3234 3166 3278 est
3192 3233 3403 3292 postea,
3442 3239 3574 3292 pace

2006 3318 2172 3382 facta,
2209 3316 2274 3369 ad
2316 3330 2375 3369 se
2411 3316 2698 3384 navigante
2741 3330 2953 3377 socero,
2988 3330 3172 3369 secum
3223 3315 3359 3368 clam
3397 3316 3574 3384 egisse

2006 3405 2314 3459 navurchos
2347 3406 2486 3474 ejus,
2518 3421 2584 3458 ne
2621 3396 2808 3474 pacem
2842 3406 3068 3465 faceret,
3091 3421 3227 3458 neve
3263 3407 3572 3473 quempiam

2005 3500 2242 3566 legatum
2280 3499 2546 3551 mitteret.
2573 3498 2776 3550 Tamen
2809 3513 2916 3548 non
2943 3511 3000 3550 se
3027 3496 3229 3549 idcirco
3258 3510 3443 3564 pacem
3472 3511 3574 3548 no—

2004 3591 2214 3644 luisse:
2251 3589 2452 3642 vidisse
2487 3589 2632 3641 enitn
2668 3588 2790 3640 illos
2820 3603 2930 3638 non
2965 3587 3211 3650 melzora,
3251 3594 3308 3637 et
3340 3587 3394 3638 in
3423 3601 3573 3638 com-

2005 3689 2171 3736 mun‘e
2219 3680 2372 3732 utilia
2421 3679 2695 3732 suadere:
2745 3676 2836 3730 sed
2887 3677 3014 3744 quia
3059 3675 3219 3728 simul
3263 3674 3573 3732 advenisset

2004 3771 2288 3825 Matthaeus
2323 3769 2486 3830 ﬁlius,
2515 3768 2565 3821 id
2603 3767 2957 3820 vehementer
2985 3767 3384 3826 succensuisse,
3406 3779 3574 3832 regre-

2004 3880 2110 3934 que
2147 3866 2358 3926 tulisse,
2389 3863 2532 3932 quod
2568 3863 2682 3930 ipse
2715 3865 2835 3929 ejus
2860 3859 3125 3928 indigere,
3155 3874 3218 3912 ac
3247 3859 3395 3912 velut
3427 3857 3573 3911 bello

2005 3961 2331 4027 tleSperalo,
2387 3967 2443 4011 et
2490 3956 2761 4008 sententia
2817 3954 2992 4006 victu.»
3039 3953 3106 4005 ad
3167 3951 3571 4018 suscipiendum

2007 4049 2221 4115 imperii
2271 4047 2537 4115 collegam
2588 4045 2873 4114 perfugere
2923 4043 3222 4096 videretur.
3265 4040 3378 4094 Sub
3427 4041 3571 4094 idem

2007 4151 2225 4207 tempus
2257 4139 2576 4192 Sulimanus
2617 4135 2884 4190 Oreltanis
2918 4135 3058 4188 [ilius
3097 4137 3147 4187 in
3175 4133 3478 4188 Galathteos
3518 4134 3572 4185 in

2005 4229 2229 4299 Scythia
2277 4229 2530 4282 orientali
2566 4243 2788 4296 magnas
2843 4229 3027 4296 copias
3072 4242 3258 4294 agens,
3288 4242 3383 4294 per
3411 4236 3572 4280 aesta-

2008 4329 2114 4374 tem
2144 4320 2290 4373 illam
2317 4320 2455 4373 duas
2484 4334 2676 4373 eorum
2708 4319 2872 4372 urbes
2901 4318 3248 4387 insigniores,
3277 4318 3570 4388 Ancyram,

334 4401 534 4468 βελτίω
558 4401 654 4452 καὶ
679 4401 831 4469 κοινῇ
861 4398 1242 4451 λυσιτελοῦντα
1267 4401 1730 4470 συμϐουλεύοντας
1749 4419 1761 4432 ·
1787 4404 1900 4458 ἀλλ’

2006 4420 2059 4465 et
2098 4411 2351 4465 Cratcatn
2383 4411 2736 4480 expugnavit.
2771 4409 2934 4479 865
2961 4409 3092 4463 lude
3132 4411 3308 4463 victor
3347 4412 3570 4464 ineunte

333 4493 415 4544 ὅτι
444 4493 726 4554 Ματθαίος
753 4494 781 4543 ὁ
811 4491 925 4554 υίὸς
957 4491 1124 4560 συνῆν
1147 4492 1350 4562 σφόδρα
1368 4493 1650 4563 ἄχθεσθαι,
1677 4497 1770 4548 καὶ
1785 4496 1904 4548 δυσ-

334 4583 694 4649 ανασχετεῖν,
750 4581 799 4631 εί
834 4580 1034 4644 δόξειεν
1065 4581 1226 4642 αὐτὸς
1263 4581 1470 4632 ἐκείνου
1503 4581 1744 4645 δεῖσθαι,
1807 4584 1902 4634 καὶ

335 4673 660 4742 αὐτομολεῖν
689 4673 784 4724 ἐπὶ
811 4671 887 4741 τῷ
915 4672 1166 4741 δέχεσθαι
1189 4672 1286 4740 τῆς
1319 4672 1596 4741 βασιλείας
1626 4674 1899 4737 κοινωνὸν,

335 4767 486 4817 ὥσπε
499 4783 527 4833 ρ
544 4766 1001 4834 ἀπαγορεύσαντα
1022 4767 1153 4833 πρὸς
1169 4764 1259 4816 τὸν
1278 4764 1535 4833 πόλεμον,
1551 4768 1642 4816 καὶ
1657 4764 1754 4834 τὴν
1774 4764 1902 4832 γνώ-

337 4875 448 4926 μην
464 4856 785 4925 ἡττημένον.
805 4855 820 4871 ⁹
831 4855 940 4908 ι’πὸ
954 4855 1109 4908 δέτδν
1124 4855 1284 4907 αὐτὸν
1296 4857 1506 4925 χρόνον,
1522 4855 1614 4907 καὶ
1632 4857 1903 4925 Σουλιμὰν

334 4953 362 5002 ὁ
379 4951 472 5003 τοῦ
491 4952 549 5001 Ὀ
559 4967 586 5018 ρ
592 4949 723 5018 λάνη
742 4950 1140 5016 ἐπεστράτευσε
1161 4948 1428 5010 Γαλάταις
1447 4948 1666 5018 μεγάλῳ
1686 4965 1906 5016 στρατο-

335 5044 484 5113 πέδῳ
519 5043 626 5095 ὑπὸ
656 5045 762 5095 τῶν
795 5040 944 5110 ἑῴων
974 5040 1195 5093 Σκυθῶν
1227 5039 1633 5110 κατεχομένοις,
1668 5041 1762 5091 καὶ
1796 5041 1904 5103 ἐξε-

335 5121 670 5206 πολιόρκησε
699 5137 843 5187 κατὰ
867 5136 926 5186 τὸ
952 5133 1108 5202 Θέρος
1135 5135 1311 5185 ἐκεῖνο
1335 5133 1429 5184 δύο
1454 5132 1638 5193 πόλεις
1663 5136 1762 5194 τὰς
1789 5135 1904 5183 ἐπι-

337 5227 680 5295 ςρανεστέρας
719 5222 848 5291 παρ’
876 5223 1054 5282 αὐτοῖς
1074 5260 1088 5285 ,
1119 5221 1401 5289 Ἀγκυραν
1422 5259 1438 5283 ,
1473 5223 1568 5272 καὶ
1606 5220 1901 5289 Κράτειαν.

340 5317 591 5371 Ἐκεῖθεν
611 5316 670 5369 δὲ
691 5313 1034 5384 ὑποστρέψας
1054 5312 1287 5382 νικητής
1302 5312 1641 5381 φθινοπώρου
1665 5311 1904 5380 ἀρχομέ-

337 5391 454 5474 νου,
495 5408 790 5478 πρεσϐείαν
817 5406 1063 5475 ἐπεμψεν
1089 5405 1250 5468 αὐτός
1278 5421 1338 5457 τε
1379 5406 1472 5458 καὶ
1501 5407 1528 5457 ὀ
1559 5405 1903 5474 πατήριπρὸς

337 5500 794 5570 Καντακουζηνδν
815 5500 907 5551 τὸν
937 5499 1183 5568 βασιλέα,
1212 5499 1511 5564 φάσκοντες
1529 5497 1732 5549 ἐθέλειν
1755 5495 1902 5565 αὑτῴ

338 5595 816 5666 παραδιδὸιαιτὰς
873 5593 1013 5644 κατὰ
1054 5594 1150 5658 τήν
1178 5590 1398 5660 Θρᾴκην
1457 5591 1656 5654 πόλεις,
1714 5591 1903 5656 ὥσπερ

340 5688 766 5758 ἐπηγγείλαντον
825 5683 910 5736 ἐπ’
967 5683 1135 5752 α’)τῷλ
1178 5681 1233 5732 δὲ
1275 5677 1410 5732 εἶναι
1461 5680 1820 5748 παραλαμϐἀν
1857 5699 1901 5731 ιν

2005 4511 2270 4556 autumno
2324 4517 2574 4556 reversus
2594 4543 2610 4566 ,
2643 4502 2759 4570 ipse
2787 4510 2842 4554 et
2872 4509 3023 4570 pater
3053 4509 3296 4555 oratores
3325 4502 3391 4554 ad
3423 4500 3569 4556 Can-

2008 4603 2330 4649 tacuzenum
2380 4595 2646 4654 mittunt,
2689 4593 2938 4647 Thracia:
2991 4593 3176 4656 urbes,
3208 4593 3349 4647 sicut
3388 4602 3570 4646 essent

2005 4687 2267 4755 polliciti,
2312 4685 2450 4740 velle
2511 4686 2832 4738 restituere;
2888 4685 3098 4756 arbitrii
3151 4699 3300 4745 esse,
3351 4685 3568 4753 quando

2006 4776 2262 4840 libuerit,
2321 4791 2415 4829 eas
2483 4777 2754 4843 accipere.
2803 4775 3106 4842 Imperator
3175 4773 3569 4825 humanitatem

2005 4869 2166 4922 istaut
2202 4869 2416 4922 liberali
2449 4868 2746 4937 gratiarum
2783 4867 3036 4927 actione,
3071 4872 3122 4915 et
3160 4864 3366 4931 legatos
3413 4863 3571 4914 donis

2006 4958 2310 5026 magniﬁcis
2352 4967 2708 5025 prosecutus,
2753 4955 2897 5006 diem
2943 4950 3245 5020 pr.rli::ivit.
3289 4964 3398 5016 quo
3431 4963 3568 5016 Ipse,

2004 5057 2060 5108 α
2105 5047 2196 5115 qui
2249 5062 2440 5099 eerutn
2491 5045 2716 5098 nomine
2771 5045 2932 5094 urbes
2981 5039 3230 5093 tradituri
3277 5050 3478 5102 essent,
3510 5038 3566 5090 in

2006 5137 2241 5190 Thracia
2291 5144 2708 5203 comparerent,
2746 5145 2804 5185 ut
2862 5131 3113 5184 Barbaris
3157 5126 3400 5189 exactis,
3453 5129 3566 5196 ipse

2008 5226 2260 5296 praesidia
2307 5241 2403 5280 sua
2439 5225 2765 5284 induceret,
2802 5233 2855 5276 et
2897 5235 3059 5290 quam
3101 5220 3304 5288 optime
3345 5219 3566 5282 liceret,

2005 5318 2113 5370 illis
2148 5317 2526 5386 prospiceret:
2564 5313 2787 5384 jamque
2831 5311 2899 5366 ad
2953 5311 3056 5365 hoc
3105 5325 3164 5364 se
3229 5309 3565 5377 aceingebat.

2005 5407 2220 5461 Interea
2269 5406 2602 5475 l’alteologus
2647 5420 2790 5468 una,
2836 5418 3000 5472 quam
3053 5401 3312 5466 habebat,
3358 5398 3565 5452 triretni

2006 5499 2296 5561 instructa,
2326 5507 2380 5551 et
2405 5497 2616 5566 aliquot
2645 5496 2994 5564 conquisitis,
3021 5493 3242 5547 Tenedo
3272 5493 3568 5561 derepente

2007 5592 2208 5658 ignaris
2241 5589 2516 5653 omnibus,
2561 5587 2878 5658 Byzantium
2911 5601 3103 5639 versus
3144 5600 3367 5639 cursum
3410 5583 3570 5636 insti-

2007 5683 2130 5744 tuit,
2169 5689 2221 5734 et
2259 5691 2422 5734 noctu
2453 5682 2505 5732 'tn
2550 5678 2740 5732 navale
2770 5674 3076 5744 lleptascali
3109 5674 3376 5744 pervenit.
3409 5672 3572 5725 Fatua
