3964 6210
363 349 472 409 303

1536 322 1863 385 ‘JOANNIS
1905 320 2427 381 CANTACUZEN‘I

3498 311 3601 372 τινι

368 460 489 515 Ιιυιιί
544 464 793 527 possunt.
823 453 929 507 llas
991 451 1285 525 imperator
1322 442 1736 495 Cantacuzenus
1780 436 1939 491 simul

2055 440 2167 499 λους
2219 434 2358 508 ἦσαν
2387 437 2823 507 ᾠκοδομημένοι·
2871 434 2985 486 ἀλλ’
3022 432 3176 493 εὐθὺς
3218 431 3296 482 ἐπ’
3345 431 3605 497 μήκιστον

367 572 431 611 ac
473 551 691 622 imperii
725 557 917 618 potens
963 542 1153 602 evasit,
1193 546 1461 592 vetustate
1522 533 1814 602 neglectas,
1856 528 1924 582 de

370 645 584 712 integro
629 647 891 709 quantum
937 643 1162 685 necesse
1199 626 1303 681 fuit
1343 624 1557 688 refecit,
1586 630 1932 692 perpetuam-

368 708 866 805 que'custodiam,
911 722 1063 777 velut
1084 719 1196 773 arci
1243 716 1459 772 cuidam
1515 711 1796 782 imposuit.
1840 708 1937 762 His

365 802 695 897 iuramentis
747 818 816 872 ab
858 818 1192 883 imperatore
1230 816 1476 875 utroque
1519 806 1704 867 editis,
1735 802 1937 857 seditio

370 916 552 971 Statim
598 920 910 977 compressa
962 913 1067 965 est,
1113 908 1169 993 eat
1215 898 1402 970 junior
1444 893 1590 948 omni
1628 890 1939 960 suspicione

373 1004 623 1075 deposita
702 1000 769 1054 ad
821 1005 1070 1053 socerum
1125 981 1181 1046 in
1235 990 1495 1059 palatium
1554 984 1823 1047 accessit,
1872 981 1940 1036 ab

372 1111 549 1167 eoque
613 1093 762 1149 omni
824 1102 961 1143 cum
1022 1083 1405 1147 humanitate,
1467 1087 1522 1132 et
1586 1072 1939 1129 hilaritudine

375 1165 652 1257 acceptus,
713 1178 956 1249 longiore
1015 1173 1275 1241 deinceps
1321 1183 1484 1237 super
1528 1165 1691 1219 rebus
1747 1174 1941 1215 neces-

375 1250 535 1331 sariis
590 1271 778 1325 habito
838 1262 1136 1332 colloquio,
1178 1257 1245 1311 ad
1304 1257 1458 1326 prius
1502 1250 1839 1307 domicilium
1882 1262 1942 1302 se

374 1366 607 1435 recepit.
638 1365 760 1418 Post
790 1353 1319 1433 pacta-Andronicus
1358 1347 1566 1403 Asanes
1599 1344 1943 1398 sebastocra-

376 1473 466 1514 tor
496 1424 659 1527 iiyzia
704 1424 824 1508 cum
868 1448 1040 1517 copiis
1069 1424 1313 1514 Byiantii
1361 1436 1538 1501 aﬂ'uit,
1562 1434 1944 1489 Cantacuzeno

375 1558 769 1605 succursurus.
806 1540 979 1606 Quem
1020 1534 1206 1593 triduo
1248 1532 1300 1585 in
1336 1529 1536 1600 palatio
1576 1539 1701 1580 eum
1729 1522 1943 1592 agmine

382 1656 483 1695 suo
511 1646 811 1693 retentum,
859 1630 1039 1698 deque
1077 1624 1245 1680 alacri
1298 1622 1603 1682 voluntate,
1638 1630 1706 1670 ac
1760 1611 1945 1666 studio

380 1747 509 1801 erga
563 1744 623 1784 se
656 1725 935 1781 laudatum
984 1719 1239 1774 remisit:
1273 1713 1418 1783 quod
1469 1712 1696 1772 diceret,
1720 1722 1780 1763 se
1833 1707 1942 1776 jam

2044 528 2212 597 won:
2252 528 2485 598 ἐξαρχῆς
2517 528 2829 598 μαρμάροις
2876 526 3131 594 μεγάλοις
3176 522 3279 574 ὑπὸ
3307 519 3608 588 λιθουργὼν

2043 623 2121 681 εἰς
2155 618 2312 671 τοῦτο
2336 616 2865 687 κατεσκευασμένοις
2900 612 3042 685 ἦσαν
3083 610 3486 678 συντεθειμένοι
3515 608 3609 661 ὑπ’

2045 713 2220 780 ἄκρας
2276 710 2552 779 συμφυΐας
2608 710 2742 778 πρὶις
2792 706 3053 768 ἀλλήλους
3109 704 3365 772 οὐδεμιᾶς
3418 701 3611 768 ἑτέρας

2044 801 2285 871 δεόμενοι
2310 799 2439 869 ὖλης
2460 799 2783 867 συνδεούσης
2804 812 2819 828 ⁸
2844 796 2958 849 ἀλλ’
2975 796 3122 864 ἣλοις
3150 795 3327 854 μόνοις
3351 791 3558 861 σιδηροῖ
3574 811 3609 853 ·,

2045 893 2120 955 ὡς
2162 892 2403 959 λέγεται,
2443 890 2580 943 καθὸ
2623 889 2867 958 ἀλλήλων
2913 887 3241 955 ἐπιψαύουσι
3281 886 3612 953 κεχρημένοι

2046 986 2182 1056 πρὸς
2219 984 2531 1058 συνάφειαν,
2574 982 2712 1035 ὥστε
2745 980 2943 1047 ἔξωθεν
2975 980 3154 1032 δοκεῖν
3182 979 3283 1030 οὐκ
3326 979 3388 1029 ὲκ
3430 976 3613 1045 μερῶν

2050 1075 2519 1144 συντεθειμένους,
2549 1071 2661 1125 ἀλλ’
2690 1070 3057 1132 αὐτολιθίνους
3085 1071 3162 1131 εἰς
3189 1068 3346 1120 τοῦτο
3406 1066 3605 1128 ἀπεξε-

2051 1167 2284 1235 σμένους
2309 1160 2466 1217 εἶναι.
2487 1163 2650 1217 Ὅθεν
2679 1160 2799 1214 οὐδὲ
2823 1160 3164 1230 ἐπιχείρησιν
3189 1156 3437 1210 δοκοῦσιν
3463 1156 3616 1208 οῦδε-

2052 1257 2178 1327 μίαν
2209 1259 2371 1326 ἔχειν,
2402 1255 2538 1325 μήτε
2568 1252 2917 1324 διορυχθῆναι
2939 1252 3090 1311 ὄντες
3120 1249 3356 1311 δυνατοὶ,
3385 1249 3521 1316 μήτε
3551 1249 3614 1297 ἐκ

2053 1348 2299 1419 μηχανῆς
2321 1363 2485 1407 τινος,
2509 1345 2542 1416 ἢ
2572 1344 2769 1413 τέχνης
2800 1343 2990 1413 ἑτέραν
3017 1341 3289 1411 μηδεμίαν
3316 1339 3618 1405 ὑποστῆναι

2052 1439 2272 1508 βλάϐην.
2307 1435 2410 1499 Οὓς
2443 1437 2557 1504 ἅμα
2590 1433 2843 1505 βασιλεὺς
2871 1434 2899 1485 ὁ
2932 1431 3382 1500 Καντακουζηνδς
3407 1429 3485 1499 τῷ
3517 1429 3614 1495 τῆς

2064 1529 2352 1599 Ῥωμαίων
2399 1525 2576 1597 ἀρχῆς
2619 1524 2893 1594 ἐγκρατὴς
2946 1522 3197 1591 γενέσθαι
3248 1521 3454 1576 ἄνωθεν
3495 1522 3618 1570 ἑπι-

2052 1622 2324 1681 σκευάσας
2358 1619 2459 1672 ὅσα
2486 1617 2592 1670 εδει
2638 1614 3011 1684 ἀτημελήτους
3048 1614 3153 1666 ῠπδ
3203 1614 3395 1684 χρόνου
3434 1613 3615 1671 ὄνταλ,

2054 1710 2133 1773 εἰς
2174 1708 2235 1760 τὸ
2277 1705 2523 1775 διηνεκὲς
2550 1705 2764 1775 φρουρᾷ
2793 1704 3067 1772 κατεῖχεν,
3102 1701 3290 1770 ὥσπερ
3325 1700 3618 1770 ἀκρόπολίν

384 1823 592 1879 fmdere
638 1831 761 1872 cum
816 1828 1017 1885 genero
1063 1810 1225 1871 facto,
1269 1806 1415 1860 illius
1464 1817 1629 1873 opera
1660 1815 1769 1854 non
1802 1796 1948 1851 indi-

2055 1816 2195 1854 τινα.
2228 1797 2445 1850 Τούτων
2477 1796 2542 1866 δὴ
2579 1796 2686 1848 τῶν
2738 1794 2912 1863 ὅρκων
2959 1793 3048 1860 ὑφ’
3079 1793 3360 1863 ἑκατέρων
3392 1792 3619 1860 ὀμωμο-

354 1929 534 1985 .gere.
580 1911 808 1978 insuper
865 1906 997 1969 ﬁlio,
1030 1912 1084 1957 et
1114 1898 1424 1968 Nicephoro
1450 1895 1691 1962 despota:
1724 1903 1947 1961 genere,

386 2006 707 2073 «ueterisque
741 1997 955 2053 duobus
999 1992 1255 2062 scripsit,
1302 1989 1383 2043 uti
1444 1986 1707 2048 redirent,
1758 1993 1947 2048 pacem

386 2095 533 2151 enim
565 2089 912 2147 conciliatam
944 2099 1085 2139 esse.
1110 2080 1313 2157 Eadem
1347 2076 1596 2131 Barbaris
1630 2074 1685 2127 in
1714 2068 1948 2125 Thracia

387 2184 647 2254 scripsit;
700 2194 826 2234 nam
889 2186 946 2231 et
991 2175 1069 2228 illi
1113 2162 1458 2242 Byzantium,
1494 2166 1561 2220 ab
1598 2162 1948 2233 imperatore,

384 2286 450 2331 ιιι
475 2251 734 2336 diximus,
783 2266 1060 2329 accersiti,
1112 2263 1431 2333 pergebant,
1457 2258 1548 2325 qui
1582 2271 1613 2310 e
1657 2252 1839 2307 medio
1866 2251 1953 2306 iti-

383 2384 518 2422 nere
580 2364 884 2418 redierunt.
930 2358 1006 2411 Ex
1045 2355 1211 2409 Hiero
1268 2364 1451 2404 autem
1484 2342 1836 2414 Propontidis
1884 2340 1951 2393 ad

377 2461 681 2517 .orientem,
735 2454 839 2507 alia
877 2449 1241 2505 Barbarorum
1292 2456 1403 2497 non
1453 2453 1618 2508 parva
1658 2435 1952 2492 multitudo

380 2550 457 2604 ad
482 2547 747 2619 palatium
781 2542 1106 2599 adveniens,
1147 2534 1291 2604 quod
1330 2534 1771 2588 Cantacuzenum
1804 2527 1955 2579 auf-

380 2642 466 2695 lio
492 2618 638 2706 opus
680 2634 883 2686 habere
931 2635 1172 2698 putaret,
1216 2623 1422 2686 orabat,
1476 2629 1536 2673 ut
1588 2618 1952 2684 acciperetur,

391 2742 447 2786 et
500 2731 556 2782 in
605 2727 816 2780 hostem
854 2718 1269 2774 immitteretur.
1300 2714 1600 2780 Imperator
1630 2723 1729 2777 pro
1770 2707 1955 2760 animo

396 2975 621 3068 patriam
671 2996 1004 3060 repeterent,
1030 2999 1090 3040 se
1145 2982 1201 3035 in
1249 2977 1536 3049 praesentia
1584 2975 1827 3047 ipsorum
1854 2986 1955 3041 ope

396 3061 502 3140 non
535 3095 783 3136 usurum.
813 3077 988 3144 Atque
1036 3073 1154 3127 haec
1183 3083 1289 3124 non
1313 3068 1489 3123 solum
1519 3063 1626 3118 illis
1656 3078 1753 3133 per
1784 3061 1955 3116 inter-

397 3175 642 3238 nuntios,
664 3170 757 3225 sed
786 3177 837 3224 et
871 3181 964 3235 per
1006 3177 1067 3218 se
1092 3161 1271 3230 ipsum
1305 3155 1659 3227 signiﬁcavit,
1690 3169 1720 3208 e
1749 3153 1953 3221 palatio

380 3275 547 3318 .rextra
584 3272 772 3314 muros
818 3258 1218 3323 exspectantes,
1248 3248 1318 3302 ad
1371 3248 1717 3302 lucernarum
1768 3242 1955 3296 lumen

378 3352 690 3411 allocutus,
739 3358 805 3399 eo
856 3341 999 3401 loco,
1049 3335 1141 3391 ubi
1183 3333 1403 3397 videri,
1435 3339 1491 3386 et
1536 3329 1715 3385 audiri
1748 3336 1952 3398 posset.

398 3444 656 3512 Egressus
679 3443 859 3491 autem
890 3440 945 3485 et
971 3431 1089 3500 ipse
1120 3442 1151 3483 e
1182 3425 1410 3497 palatio,
1442 3422 1510 3477 ad
1543 3421 1708 3486 aedes,
1744 3420 1799 3474 in
1832 3420 1956 3486 quis

324 3563 341 3577 ο
388 3508 499 3588 hiis
550 3544 717 3600 gener
764 3522 1075 3587 habitabat,
1117 3534 1176 3574 se
1225 3514 1479 3581 contulit,
1524 3521 1579 3569 et
1617 3526 1742 3568 cum
1788 3525 1855 3565 eo
1890 3508 1958 3563 de

386 3619 676 3691 republica
717 3613 1178 3671 deliberationem
1225 3607 1433 3663 habuit.
1461 3605 1729 3660 Caeterum
1751 3617 1875 3657 cum
1903 3609 1958 3656 et

393 3687 473 3765 dei
491 3704 747 3762 Barbaris
774 3703 828 3757 in
849 3700 1081 3754 Thracia
1109 3695 1410 3751 deliberare
1432 3700 1735 3762 oporteret,
1757 3687 1954 3756 ecquid

389 3796 564 3851 armis
610 3787 951 3861 appetendi,
1030 3797 1237 3847 necne,
1306 3780 1363 3835 in
1425 3778 1605 3849 magni
1668 3776 1959 3846 logotheta

394 3892 700 3951 Metocbitze
751 3889 913 3942 domo
973 3900 1095 3939 cum
1156 3880 1471 3951 proceribus
1527 3860 1839 3941 universis,
1901 3882 1957 3930 et

394 3980 684 4038 nobilitate
724 3971 1044 4043 congregati
1082 3969 1439 4038 imperatores
1470 3966 1638 4019 verba
1677 3963 1953 4018 fecerunt.

394 4070 556 4140 871
600 4069 674 4121 Ac
713 4061 937 4132 reliquis
969 4058 1188 4127 quidem
1238 4055 1563 4111 immodeste
1616 4053 1957 4107 tumultuan-

400 4158 565 4220 tibus,
601 4164 657 4209 et
688 4162 1017 4220 unoquoque
1042 4153 1279 4201 conante
1309 4143 1652 4198 utilissimam
1670 4140 1782 4212 ἰιι-ο
1818 4152 1956 4196 tem-

398 4262 532 4318 pore
548 4243 801 4316 proferre
842 4237 1196 4303 sententiam,
1244 4235 1432 4306 junior
1477 4234 1797 4303 imperator,
1834 4241 1889 4287 et
1920 4231 1956 4286 ii

394 4349 631 4407 quorum
660 4333 713 4387 in
746 4331 864 4401 ejus
892 4329 1152 4384 comitatu
1181 4326 1456 4396 praecipua
1488 4334 1606 4381 erat
1634 4326 1953 4390 auctoritas,

395 4431 463 4485 ad
489 4427 935 4483 Cantacuzenum
966 4420 1322 4482 inclinabant,
1365 4418 1433 4473 ad
1466 4419 1586 4489 ejus
1631 4419 1954 4473 sententiam

398 4518 591 4573 intenti
621 4531 717 4572 ora
764 4521 1033 4576 tenentes,
1066 4511 1223 4581 cujus
1273 4510 1387 4564 haec
1439 4510 1544 4563 fuit
1571 4510 1766 4564 oratio.
1797 4508 1961 4564 Vobis

398 4609 567 4680 magis
587 4609 657 4662 ad
683 4605 882 4660 bellum
913 4612 1104 4658 contra
1136 4600 1404 4655 Barbaros
1431 4599 1691 4664 incitatis,
1722 4610 1777 4653 et
1804 4599 1960 4653 facil-

396 4700 580 4754 limam
612 4694 961 4765 sperantibus
982 4691 1292 4755 victoriam,
1347 4689 1509 4743 velim
1548 4689 1801 4757 equidem
1832 4701 1963 4741 con-

394 4792 516 4848 silia
544 4796 723 4843 vestra
778 4786 920 4840 Deus
963 4783 1227 4845 fortunet,
1263 4788 1317 4836 et
1349 4779 1435 4833 ad
1468 4778 1629 4833 linem
1677 4777 1959 4847 perducat.

392 4881 525 4946 Quae
556 4887 741 4932 autem
769 4885 826 4930 et
861 4875 979 4943 ipse
1014 4873 1119 4926 hoc
1147 4880 1391 4938 tempore
1425 4869 1585 4924 nobis
1621 4869 1960 4925 conductura

395 4971 595 5032 sentio,
628 4984 737 5022 non
771 4967 979 5021 tacebo.
1014 4964 1278 5033 Equidem
1303 4962 1436 5016 mihi
1463 4976 1560 5015 nec
1586 4961 1959 5029 prudentium,

397 5077 498 5117 nec
531 5061 717 5128 aliquo
770 5074 870 5112 usu
914 5059 1212 5127 peritorum
1250 5054 1531 5107 hominum
1566 5051 1801 5117 videtur,
1854 5066 1961 5106 non

394 5160 521 5209 ante
546 5153 679 5214 suis,
712 5137 1063 5215 hostiumque
1101 5143 1341 5198 viribus
1366 5143 1695 5212 ponderatis,
1725 5143 1818 5197 sed
1847 5143 1959 5197 for-

396 5257 541 5300 tunae
598 5242 899 5297 mobilitate
949 5240 1205 5300 conlisos,
1268 5237 1468 5290 bellum
1528 5250 1850 5304 capessere,
1906 5245 1963 5290 et

393 5339 567 5385 semet
597 5330 649 5384 in
681 5328 974 5385 discrimen
1008 5326 1369 5395 praecipitare.
1403 5323 1534 5377 Nam
1567 5323 1636 5376 ab
1686 5325 1878 5389 armis,
1905 5332 1959 5377 et

396 5421 649 5492 pecunia,
679 5427 734 5473 et
765 5417 1028 5471 militibus
1058 5418 1191 5469 bene
1232 5414 1562 5468 instructum
1596 5429 1737 5480 esse,
1770 5415 1958 5483 explo-

393 5519 563 5564 ratam
594 5509 756 5563 habet
786 5506 978 5561 salutis
1009 5504 1262 5559 fiduciam
1298 5521 1312 5558 :
1341 5504 1559 5559 fortuna
1618 5505 1825 5558 lubrica
1854 5512 1956 5566 est,

393 5601 593 5667 sepius
643 5599 801 5652 fallit.
844 5595 1068 5651 Barbari
1125 5604 1330 5658 autem,
1383 5603 1571 5649 contra
1623 5609 1760 5663 quos
1812 5607 1960 5647 nunc

394 5690 597 5746 bellum
630 5689 979 5755 meditamur,
1010 5702 1120 5743 non
1169 5701 1253 5743 est
1308 5688 1575 5755 ignotum,
1617 5695 1956 5755 quantopere

2051 1889 2266 1960 σμένων
2293 1888 2578 1958 βασιλέων,
2608 1887 2635 1940 ὅ
2658 1903 2716 1938 τε
2744 1885 3374 1955 στασιασμδς-διελέλυτο
3394 1883 3616 1949 αὐτίκα,

2050 1985 2144 2035 καὶ¹
2169 1980 2420 2052 βασιλεὺς
2444 1981 2471 2033 ὁ
2488 1980 2604 2041 νέος
2626 1980 2806 2031 πᾶσαν
2831 1976 3065 2046 ὑποψίαν
3089 1976 3453 2045 ἀποθέμενος,
3484 1971 3619 2051 ἧκεν

2051 2073 2131 2136 εἰς
2180 2070 2430 2141 βασίλεια
2460 2070 2595 2140 πρὸς
2636 2068 2860 2139 βασιλέα
2901 2069 2992 2121 τὸν
3029 2068 3319 2138 κηδεστήν.
3354 2068 3622 2129 Κάκεῖνςς

2053 2165 2348 2232 ὑπεδέχετο
2377 2161 2549 2231 ἡδέως
2580 2161 2636 2224 ὲς
2671 2159 2741 2212 τὰ
2776 2159 3033 2229 μάλιστα,
3067 2158 3162 2212 καὶ
3191 2158 3391 2229 πολλὴν
3414 2159 3622 2211 ἐπεδεί-

2053 2271 2215 2308 κνυτο
2239 2250 2663 2322 φιλοφροσύνην.
2705 2251 3131 2319 Συγγενομένων
3158 2250 3214 2303 δὲ
3248 2250 3494 2320 ἀλλήλοις
3521 2252 3620 2316 ἔφ-

2056 2346 2260 2407 ικανὸν,
2288 2344 2381 2395 καὶ
2423 2343 2555 2412 περί
2582 2342 2722 2397 ὅσων
2745 2342 2953 2395 ἐδέοντο
2971 2340 3381 2411 διαλεχθέντων,
3408 2336 3565 2403 αὖθις
3593 2344 3623 2394 ὁ

2054 2435 2171 2497 νέος
2199 2432 2453 2505 βασιλεὺς
2479 2432 2587 2485 τῶν
2620 2431 2909 2501 βασιλείων
2935 2431 3166 2496 ἐξελθὼν
3196 2434 3252 2484 ἐν
3353 2434 3446 2485 καὶ
3482 2435 3619 2500 πρό-

2054 2542 2210 2594 τερον
2226 2523 2475 2593 ηὐλίζετο
2495 2522 2643 2595 οἰκίᾳ
2669 2518 2756 2592 ἧνῑ
2780 2523 2934 2577 Μετὰ
2960 2522 3057 2587 τὰς
3081 2523 3383 2593 συμϐάσεις
3405 2524 3460 2576 δὲ
3484 2520 3620 2596 ἧκεν

2055 2617 2119 2669 ἐκ
2160 2615 2359 2684 Βιζύης
2417 2613 2757 2684 Ἀνδρόνικος
2811 2614 3040 2683 Ἀσάνης
3087 2615 3115 2667 ὁ
3168 2615 3622 2684 σεϐαστοκράτωρ

2058 2707 2197 2774 μετὰ
2233 2705 2487 2775 στρατιᾶς
2519 2704 2903 2773 ἐπικουρήσων
2934 2703 3150 2772 βασιλεῖ
3178 2705 3255 2772 τῷ
3303 2707 3621 2759 Καντακου-

2059 2792 2226 2861 ζηνῷ.
2258 2793 2355 2844 Ὃν
2387 2791 2481 2844 ἐπὶ
2518 2792 2695 2861 τρισὶν
2754 2791 2988 2862 ἡμέραις
3017 2790 3162 2845 ἔνδον
3189 2791 3473 2860 βασιλείων
3504 2796 3621 2847 δια-

2057 2882 2323 2954 τρίψαντα
2370 2883 2506 2951 μετὰ
2549 2882 2649 2951 τῆς
2697 2883 2977 2951 στρατιᾶς,
3038 2877 3191 2945 αὖθις
3238 2884 3542 2955 ἐξέπεμπεν
3594 2887 3625 2937 δ

2059 2972 2312 3044 βασιλεὺς
2347 2973 2425 3034 εἰς
2455 2972 2556 3043 τὴν
2582 2970 2807 3037 οἰκείαν,
2842 2972 2941 3041 τῆς
2975 2973 3071 3043 μὲν
3104 2974 3409 3043 προθυμίας
3438 2976 3621 3039 ἕνεκα,

2059 3066 2153 3118 καὶ
2175 3063 2274 3131 τῆς
2305 3061 2516 3125 εὐνοίας
2548 3062 2842 3125 ἐπαινέσας
2869 3062 2968 3132 τῆς
2999 3066 3076 3128 εἰς
3106 3064 3291 3130 αὑτὸν,
3320 3067 3393 3134 μὴ
3415 3066 3623 3119 δεῖσθαι

2057 3156 2112 3209 δὲ
2148 3155 2312 3228 αθτοῦ
2346 3153 2644 3224 συμϐάσεις
2678 3152 2901 3221 θέμενος
2932 3154 3067 3224 πρὸς
3101 3155 3323 3225 βασιλέα
3352 3158 3443 3209 τὸν
3475 3175 3625 3226 γαμ-

2056 3248 2187 3320 ϐρζν
2218 3245 2406 3300 εἰπών.
2444 3246 2689 3314 Ἐγραφε
2713 3244 2769 3297 δὲ
2800 3246 2892 3298 καὶ
2925 3246 3001 3316 τῷ
3034 3246 3153 3316 υἱῷ,
3191 3248 3285 3301 καὶ
3321 3248 3626 3319 Νικηφόρῳ

2060 3339 2296 3409 δεσπότῃ
2324 3338 2401 3406 τῷ
2433 3336 2684 3407 γαμϐρῷ,
2716 3338 2808 3389 καὶ
2835 3338 2948 3398 τοῖς
2975 3336 3156 3401 ἄλλοις
3191 3340 3459 3408 ἡγεμόσιν
3487 3343 3625 3394 ἀνα-

2060 3433 2336 3503 στρέφειν,
2361 3430 2456 3483 τοῦ
2486 3430 2723 3500 πολέμου
2746 3431 2848 3500 ήδη
2875 3432 3333 3502 καταλελυμένον,
3357 3437 3449 3490 καὶ
3474 3438 3629 3506 εἰρή-

2058 3542 2155 3595 νης
2185 3525 2242 3575 ὲν
2283 3524 2393 3585 τοῖς
2433 3521 2724 3590 πράγμασι
2768 3523 3161 3591 γεγενημένης.
3197 3524 3279 3578 Τὰ
3315 3526 3405 3579 ἶσα
3435 3526 3491 3579 δὲ
3529 3529 3628 3579 καὶ

2057 3614 2506 3685 τοῖς’βαρϐάροις
2541 3613 2747 3683 ἔγραφε
2790 3616 2903 3675 τοῖς
2938 3617 3081 3668 κατὰ
3114 3615 3334 3686 Θρᾴκην
3355 3634 3367 3647 ·
3394 3618 3487 3671 καὶ
3514 3622 3623 3688 γὰρ

2058 3708 2298 3769 κάκεῖνοι
2339 3704 2505 3774 ᾔεσαν
2541 3706 2633 3756 ἐπὶ
2671 3704 2960 3767 Βυζάντιον
3012 3708 3480 3778 μετακεκλημένοι
3520 3710 3623 3761 ὑπὸ

2060 3797 2349 3869 βασιλέως,
2388 3795 2577 3866 ὥσπερ
2614 3794 2843 3864 ἔφημεν,
2887 3796 2977 3849 καὶ
3008 3797 3334 3868 ἀνέστρεφον
3354 3801 3417 3852 ὲκ
3450 3801 3624 3869 μέσης

2058 3886 2159 3953 τῆς
2187 3884 2330 3939 ὁδοῦ.
2376 3884 2553 3940 Ἐκδὲ
2580 3883 2670 3936 τοῦ
2700 3884 2839 3937 κατὰ
2867 3884 2965 3955 τὴν
2994 3873 3328 3955 Προποντίδα
3354 3889 3488 3961 πρὸς
3522 3890 3624 3959 τὴν

2058 3976 2133 4028 ἕω
2170 3973 2339 4044 Ἰεροῦ
2370 3973 2547 4045 ἕτεροι
2584 3973 2847 4045 βάρϐαροι
2881 3976 3203 4046 αὐτόκλητοι
3228 3974 3362 4050 ἧκον
3385 3982 3484 4033 οὐκ
3515 3982 3628 4034 ὀλί-

2048 4078 2142 4133 γοι
2173 4067 2362 4128 νυκτὸς
2393 4068 2520 4137 ἄχρι
2567 4065 2853 4136 βασιλείων
2882 4067 3116 4136 οἰόμενοι
3157 4070 3307 4137 σφῶν
3341 4071 3630 4142 δεήσεσθαι

2059 4155 2510 4226 Καντακουζηνῦν
2530 4158 2621 4209 τὸν
2644 4156 2889 4224 βασιλέα,
2924 4159 3017 4209 καὶ
3042 4158 3497 4229 ἑδέοντσὲπάγειν
3516 4167 3629 4231 τοῖς,

2059 4247 2339 4317 πολεμίοις
2383 4246 2784 4315 εἰσδεξάμενον.
2844 4248 3104 4311 Βασιλεὺς
3132 4249 3188 4302 δὲ
3220 4251 3322 4318 τῆς
3361 4253 3462 4321 μὲν
3492 4272 3632 4325 προ-

2059 4339 2262 4408 θυμίας
2279 4337 2463 4401 ἕνεκα,
2489 4339 2583 4389 καὶ
2614 4337 2713 4405 τῆς
2736 4338 2947 4401 εὐνοίας
2976 4340 3075 4409 τῆς
3094 4341 3173 4405 εἰς
3196 4342 3377 4408 αὐτὸν,
3396 4344 3631 4417 χάριτας

1990 4449 2039 4507 ο
2064 4427 2333 4498 ὡμολόγει
2356 4428 2454 4479 οὐκ
2480 4428 2702 4494 ὀλίγας·
2730 4429 3029 4498 συμϐάσεις
3056 4431 3237 4500 μέντοι
3262 4432 3467 4502 ἔφασκε
3496 4440 3635 4507 πρὶς

2063 4519 2284 4590 βασιλέα
2316 4518 2406 4570 τὸν
2439 4518 2689 4588 γαμϐρὸν
2718 4522 2813 4572 καὶ
2840 4520 3031 4588 ὅρκους
3056 4522 3301 4592 θέμενος,
3334 4527 3515 4579 αὐτῶν
3551 4530 3629 4599 μὴ

2060 4606 2289 4669 δείσὶαι,
2322 4606 2417 4657 καί⁵
2448 4607 2698 4659 ἐκέλευεν
2734 4609 3039 4678 ἀναχωρεῖν
3084 4612 3222 4680 πρὸς
3262 4613 3361 4683 τὴν
3398 4618 3630 4674 οἰκείαν.

2063 4696 2249 4750 Ταῦτα
2278 4697 2331 4749 δὲ
2359 4696 2419 4750 οὐ
2449 4698 2537 4750 διὰ
2565 4697 2847 4766 πρέσϐεων
2873 4701 3030 4770 μόνον
3055 4701 3242 4772 ἐδήλου
3273 4707 3386 4768 τοῖς
3413 4704 3626 4776 βαρϐἀ.

2063 4806 2200 4859 ροις,
2241 4788 2377 4842 ἀλλὰ
2423 4790 2515 4841 καὶ
2552 4788 2619 4841 δι’
2658 4788 2853 4841 ἑαυτοῦ
2900 4791 3063 4855 αὐτὸς
3101 4795 3166 4846 ὲκ
3200 4794 3488 4863 βασιλείων
3520 4798 3627 4863 ἔξω

2060 4879 2258 4949 τειχῶν
2297 4880 2447 4932 οὖσιν
2484 4881 2688 4940 ἐκεῖνος
2731 4879 3094 4949 διειλεγμένος
3130 4884 3319 4948 νυκτὸς
3352 4886 3627 4957 ὑπαλαμ-

2063 4966 2232 5029 πάσι,
2274 4965 2431 5018 τοῦτο
2474 4966 2802 5035 παρέχοντος
2831 4967 2988 5020 τοῦτό
3032 4985 3157 5036 που,
3188 4969 3327 5024 ὥστε
3368 4973 3629 5029 δύνασθαι

2060 5058 2154 5109 καὶ
2201 5054 2429 5125 ὁρᾶσθαι
2478 5055 2571 5107 καί
2611 5054 2902 5109 ἀκούεσθαι
2957 5057 3366 5129 διαλεγόμενον.
3438 5064 3628 5128 Ἐξιὼν

2065 5148 2246 5216 μέντοι
2271 5148 2362 5199 καὶ
2378 5147 2542 5209 αὐτὸς
2568 5146 2675 5199 τῶν
2696 5147 3004 5216 βασιλείων,
3026 5150 3162 5218 πρὸς
3186 5153 3286 5223 τὴν
3307 5156 3485 5208 οἰκίαν
3512 5158 3567 5209 ὲν

2064 5238 2317 5307 βασιλεὺς
2349 5241 2374 5291 δ
2402 5237 2650 5307 γαμϐρὸς
2688 5238 2956 5309 διέτριϐεν
2989 5216 3175 5311 ἀπῄει,
3213 5216 3305 5297 κ-αὶ
3368 5248 3494 5318 περὶ
3530 5216 3633 5317 τῆς

2060 5329 2385 5396 διοικήσεως
2403 5328 2510 5381 τῶν
2535 5328 2729 5382 κοινῶν
2756 5330 3207 5386 συνδιεσκέπτετο
3225 5337 3391 5404 αὐτῷ.
3415 5298 3629 5407 δεῆσαν

2059 5414 2125 5466 δὲ.
2146 5418 2238 5467 καί
2269 5417 2397 5483 περὶ
2428 5416 2538 5469 τῶν
2566 5419 2624 5469 ὲν
2656 5417 2847 5488 Θρᾴκῃ
2885 5419 3274 5501 βουλεύσασθαι
3310 5425 3627 5495 βαρϐάρων,

2060 5505 2109 5556 εἰ
2148 5505 2454 5575 πολεμητέα
2495 5507 2579 5576 εἴη
2611 5508 2749 5569 πρὸς
2780 5511 2979 5574 αὐτοὺς
3013 5511 3046 5580 ἢ
3079 5512 3176 5583 μὴ,
3210 5517 3267 5567 tv
3294 5519 3358 5584 τῇ
3393 5517 3629 5585 μεγάλου

2060 5598 2347 5664 λογοθέτου
2389 5598 2540 5668 οἰκίᾳ
2581 5599 2676 5651 τοῦ
2722 5601 3023 5671 Μετοχίτου
3072 5606 3211 5674 μετὰ
3260 5607 3476 5661 πάντων
3517 5610 3628 5663 τῶν

2064 5688 2463 5755 συγκλητικῶν,
2498 5690 2589 5758 καὶ
2622 5690 2729 5750 τῶν
2759 5693 2847 5744 ἐπ’
2876 5695 3125 5766 εὐγεηείᾳ
3159 5697 3628 5770 λαμπρυνομένων
