3964 6210
327 397 433 455 3θὸ

1419 405 1951 466 HISTORIARUM
1991 405 2219 464 LIBER
2270 404 2370 464 Ν.

3461 396 3571 455 3P6

327 507 613 577 γενόμενοι
659 508 707 560 oi
761 508 1022 577 βασιλεῖς,
1076 515 1418 583 κατέστησαν
1465 518 1546 577 εἰς
1587 516 1800 586 λόγους.
1840 515 1903 568 Oi

2010 530 2037 565 a
2094 514 2253 568 nobis
2282 512 2612 580 discrepent.
2673 506 3076 565 Exercitatione
3133 505 3279 560 enim
3343 506 3567 558 militari

329 597 433 665 μὲν
477 590 569 650 οὖν
617 598 799 664 ἄλλοι,
851 601 1099 663 ἀτάκτως
1153 603 1481 674 ἐθορύϐουν,
1534 610 1627 661 καὶ
1676 608 1903 677 γνώμην

325 688 559 752 ἕκαστος
583 690 862 759 είσρέρειν
892 693 1229 764 ἐπεχείρουν,
1282 698 1314 768 ἢ
1341 698 1576 764 μάλιστα
1605 698 1670 751 ἂν
1694 698 1904 752 λυσιτε-

324 780 441 832 λεῖν
468 780 648 850 δοκοίη
677 782 752 844 ὼς
792 784 849 835 ἑν
882 785 992 845 τοῖς
1024 786 1286 855 παροῦσι·
1319 787 1572 857 βασιλεὺς
1602 789 1658 840 δὲ
1685 788 1713 839 ὀ
1747 789 1864 849 νέος
1884 825 1900 851 ,

324 872 424 924 καὶ
466 873 574 924 τῶν
602 874 870 926 συνόντων
910 877 957 925 oi
996 878 1231 943 μάλιστα
1276 881 1333 931 ἐν
1377 880 1545 947 λόγῳ,
1582 881 1898 933 Καντακου-

324 961 477 1031 ζηνῷ
504 963 580 1032 τῷ
616 962 826 1032 βασιλεῖ
869 970 1178 1035 προσεῖχον,
1212 970 1305 1020 καὶ
1332 971 1680 1023 ἀπεσκόπουν
1708 971 1900 1025 ὁποίαν

320 1053 454 1105 τινὰ
478 1053 604 1124 περὶ
628 1055 737 1107 τῶν
767 1058 1146 1126 προκειμένων
1174 1060 1400 1129 γνώμην
1425 1062 1744 1128 εἰσενέγκοι.
1783 1064 1900 1117 Κα-

320 1146 533 1208 ταστὰς
570 1146 625 1198 δὲ
668 1147 762 1199 καὶ
806 1148 965 1210 αὐτὸς
1007 1151 1086 1211 εἰς
1129 1149 1340 1218 λόγους,
1376 1149 1498 1204 εἷπε
1536 1155 1735 1208 τοιάδε·
1786 1156 1899 1225 Τὴν

324 1239 432 1304 μὲν
467 1237 689 1308 γνώμην
718 1238 873 1306 ὑμῶν
898 1239 973 1303 ὡς
1007 1242 1208 1309 μᾶλλον
1237 1241 1330 1296 ἐπὶ
1359 1246 1419 1297 τὸ
1446 1246 1700 1314 πολεμεῖν
1728 1247 1900 1315 ὲπῆρο

318 1344 411 1379 ται
449 1329 555 1387 τοῖ,
584 1327 906 1396 βαρϐάροις,
937 1332 1197 1399 οίομένων
1228 1334 1401 1403 ῥᾷστα
1436 1336 1784 1403 περιέσεσθαι
1806 1338 1899 1391 at).

318 1414 461 1479 τῶν,
479 1422 573 1469 καὶ
594 1418 647 1469 ἐν
664 1417 828 1486 ὀλίγῳ
841 1419 1039 1489 χρόνῳ,
1059 1422 1121 1473 ἐκ
1142 1422 1353 1475 πολλῶν
1376 1421 1492 1475 ἔστι
1516 1424 1894 1493 στοχάζεσθαι.

320 1508 517 1561 Ταῦτα
566 1508 662 1573 μὲν
711 1508 804 1562 οὖν
856 1512 947 1562 ἐπί
1002 1528 1054 1563 τι
1101 1512 1253 1576 τέλος
1294 1514 1496 1582 ἀγάγοι
1540 1517 1603 1567 τὸ
1650 1519 1898 1586 κρεῖττον

319 1598 522 1663 δεξιον,
558 1600 748 1669 ῶσπερ
782 1602 1037 1671 βούλεσθε
1067 1605 1254 1658 αὐτοί·
1287 1605 1321 1660 ἂ
1359 1608 1415 1660 δὲ
1444 1609 1630 1676 οίομαι
1666 1610 1759 1661 καὶ
1797 1609 1897 1662 αύ-

321 1692 412 1751 τος
450 1694 507 1742 ἐν
539 1692 615 1762 τῷ
647 1695 877 1763 παρόντι
915 1696 1215 1750 λυσιτελεῖν
1249 1700 1401 1767 ⁴ἡμῖν,
1438 1699 1610 1775 ταῦτα
1647 1700 1893 1771 σημανῶ.

324 1784 399 1833 ΟΞ,
443 1785 736 1854 σωφρόνων
775 1786 959 1855 οἴομαι
989 1789 1292 1857 ἀνθρώπων
1312 1831 1325 1850 .
1355 1791 1465 1844 οὐδ’
1500 1792 1672 1854 ἄλλως
1702 1792 1897 1859 ἐμπεί-

327 1891 437 1942 ρων
477 1869 641 1937 εἶναι,
690 1877 1051 1946 ὡρμημένους
1093 1882 1185 1934 ἐπὶ
1231 1882 1465 1952 πόλεμον
1513 1882 1589 1954 μὴ
1632 1884 1895 1955 πρότερον

329 1965 430 2032 τήν
479 1982 536 2017 τε
585 1967 791 2019 ἑαυτῶν
830 1969 923 2023 καὶ
963 1970 1061 2038 τὴν
1113 1970 1387 2041 πολεμίων
1424 1974 1896 2043 ὲπισκεψαμένους

330 2056 580 2125 δύναμιν,
620 2057 789 2127 ning
832 2060 1166 2132 Θαρῤοὖντας
1209 2063 1457 2134 ἀπιστία,
1496 2065 1725 2128 ἑαυτοὺς
1759 2065 1894 2132 πρὸς

334 2151 449 2210 τοὺς
480 2149 764 2214 κινδύνους
794 2151 1062 2209 είσωθεῖν.
1093 2155 1165 2207 Τὸ
1192 2155 1293 2223 μὶν
1312 2156 1421 2224 γάρ
1445 2156 1539 2209 καὶ
1564 2157 1770 2220 ὅπλοις,
1804 2157 1897 2210 καὶ

339 2243 599 2307 γηρῆμασι,
662 2244 754 2294 καὶ
827 2244 1021 2314 πλήθει
1067 2248 1325 2315 στρατιᾶς
1367 2249 1711 2319 ὲρῤωμένους
1756 2244 1896 2303 εἶναι

351 2326 544 2393 ξιξὸαιον
581 2330 720 2397 πρὸς
763 2332 1037 2399 σωτηρίαν
1060 2347 1074 2361 ⁸
1111 2332 1245 2401 τύχη
1278 2335 1335 2387 δὲ
1363 2335 1430 2386 τὰ
1458 2334 1625 2386 πλείω
1666 2336 1895 2403 σφάλλει

350 2435 445 2470 ται.
483 2421 616 2488 Πρὸς
640 2420 734 2482 οὓς
755 2421 811 2474 δὲ
838 2423 966 2490 ἡμῖν
988 2425 1015 2475 ό
1038 2423 1271 2493 πόλεμός
1305 2426 1419 2477 ἐστι
1450 2424 1758 2494 βαρόἀρους
1781 2426 1894 2491 νῦν,

345 2512 429 2581 οὐχ
456 2514 577 2565 ὅσον
606 2515 919 2580 ἀγνοεῖσθαι
946 2515 1311 2586 διαφέρουσιν.
1354 2517 1650 2589 Ἐμπειρίᾳ
1690 2517 1799 2586 γὰρ
1828 2520 1893 2587 τῇ

342 2605 461 2672 προς
488 2604 590 2666 τὰς
619 2606 796 2673 μάχας
824 2607 1081 2676 οὐδαμῶς
1112 2608 1533 2677 ἀπολειπόμενοι
1559 2609 1737 2679 ἡμῶν,
1771 2608 1900 2660 πολ·

337 2695 661 2759 ὶαπλασίους
685 2699 791 2748 είσὶ
819 2697 894 2765 τῷ
926 2697 1145 2769 πλήρει,
1164 2699 1256 2752 καὶ
1282 2702 1345 2768 τῇ
1372 2702 1694 2769 παρασκευῇ
1725 2701 1897 2769 ερρω-

335 2787 692 2856 μενέστεροι,
740 2789 834 2840 καὶ
873 2789 1008 2860 πρὸς
1057 2789 1153 2852 τὰς
1200 2790 1487 2861 στρατείας
1524 2791 1895 2861 ἑτοιμότεροι,

332 2876 531 2941 ἀμισθὶ
562 2878 653 2927 καὶ
680 2879 879 2944 προῖκα
908 2877 1329 2948 στρατευόμενοι
1355 2878 1433 2947 τῷ
1460 2878 1609 2947 σφῶν
1638 2879 1895 2949 δυνάστῃ.

332 2970 473 3036 "pic
523 2968 582 3019 δὲ
622 2967 854 3032 τούτοις,
897 2970 1002 3037 γῆν
1050 2968 1267 3038 ἔχοντες
1302 2970 1525 3039 πολλὴν,
1579 2969 1674 3024 καὶ
1716 2971 1898 3035 πόλεις

328 3061 376 3128 ἡ,
406 3060 610 3128 ετὲρας
650 3062 709 3113 ού
750 3061 893 3114 κατά
923 3062 1021 3131 τὴν
1062 3062 1249 3115 Ἀσίαν
1285 3062 1465 3130 μόνον,
1500 3060 1634 3116 ἀλλά
1673 3064 1765 3117 καὶ
1800 3062 1898 3133 τὴν

2006 617 2351 671 nequaquam
2401 601 2658 669 impares,
2707 613 2937 652 numero
2967 598 3147 666 .longe
3203 604 3483 667 superant.
3520 604 3574 647 et

2003 704 2266 765 apparatu
2317 692 2772 755 conlirmatiores,
2833 700 2999 760 atque
3044 690 3109 743 ad
3165 688 3573 757 expeditionem

2003 787 2388 854 promptiores,
2445 784 2591 836 nulla
2646 781 2941 847 mercede,
3012 788 3069 834 et
3128 780 3354 833 omnino
3404 779 3573 848 gratis

2004 877 2226 931 domino
2258 891 2359 930 suo
2386 874 2643 928 militant.
2673 873 2751 925 Ad
2790 873 2903 926 haec
2933 886 3058 925 cum
3089 871 3253 925 latam
3296 871 3572 937 regionem

2003 974 2059 1022 et
2090 967 2255 1021 urbes
2280 973 2496 1021 nostras
2542 979 2648 1018 non
2704 964 2755 1016 in
2785 963 2912 1017 Asia
2957 962 3140 1026 modo.
3181 964 3275 1015 sed
3318 962 3480 1015 etiam
3516 962 3570 1014 in

2002 1058 2216 1127 Eumpa
2247 1056 2589 1125 occuparint,
2643 1069 2786 1108 nunc
2841 1054 2982 1107 bona
3038 1067 3155 1119 spe,
3210 1060 3267 1106 et
3313 1054 3571 1120 praeteriti

2000 1163 2291 1205 successus
2317 1149 2588 1215 exemplo.
2621 1161 2721 1214 pro
2766 1144 3007 1213 caeteris!
3030 1143 3347 1212 subigendis
3390 1160 3573 1212 prom-

2001 1250 2092 1309 ptc
2149 1237 2566 1307 depugnabunt.
2626 1236 2793 1291 Nobis
2830 1249 2994 1304 porro
3048 1233 3325 1297 quondam
3382 1246 3568 1287 contra

2003 1336 2174 1389 multo
2207 1335 2372 1388 etiam
2421 1334 2604 1400 plures
2658 1330 2899 1398 potentia
2952 1344 3060 1383 non
3112 1329 3307 1391 defuit,
3369 1336 3425 1379 ut
3462 1344 3567 1379 non

2000 1427 2179 1480 solum
2223 1433 2404 1479 nostra
2432 1438 2528 1478 eos
2556 1421 2839 1492 provincia
2869 1420 3164 1489 erpellere,
3189 1420 3284 1473 sed
3331 1420 3569 1487 ipsorum

2001 1532 2219 1587 quoque
2274 1524 2453 1570 terras
2509 1514 2768 1569 invadere
2820 1526 3126 1582 possemus.
3193 1511 3388 1565 Verum
3445 1510 3574 1562 iusi-

2000 1608 2227 1677 pientia,
2256 1616 2314 1660 et
2350 1604 2648 1668 temeritas,
2680 1619 2783 1659 nec
2837 1602 3233 1663 communium,
3270 1600 3362 1655 sed
3393 1602 3572 1669 priva-

2002 1707 2178 1753 tarum
2246 1698 2509 1767 cujusque
2565 1709 2773 1759 rerum.
2830 1708 2990 1764 quam
3044 1692 3449 1763 consultissime
3490 1691 3572 1744 in-

2002 1789 2401 1847 stituendarum
2441 1785 2745 1856 diligentia,
2779 1800 2847 1840 eo
2892 1786 3002 1855 jam
3052 1783 3442 1838 imbecillitatis
3474 1796 3573 1835 nos

2002 1882 2324 1951 adegerunt,
2351 1888 2411 1934 ut
2442 1877 2573 1932 boni
2602 1875 2973 1939 consulamus,
3007 1876 3051 1929 si
3083 1890 3191 1928 non
3228 1874 3393 1927 etiam
3424 1870 3569 1941 quod

2002 1981 2293 2040 superest,
2353 1968 2689 2024 amittamus.
2745 1965 2879 2021 Nam
2943 1976 2996 2020 et
3056 1965 3331 2021 exercitus
3385 1973 3572 2017 noster

2002 2062 2322 2133 splendidus
2357 2070 2539 2123 antea,
2562 2069 2619 2115 et
2663 2059 3015 2129 conspicuus,
3046 2057 3113 2111 ad
3164 2057 3489 2125 paucitatem
3516 2065 3572 2109 et

2005 2161 2377 2224 paupertatem
2433 2148 2779 2205 devenit:ct
2822 2148 3192 2204 communium
3244 2146 3569 2215 pensionum

2002 2242 2327 2299 collationes
2351 2239 2569 2310 penitus
2599 2246 2943 2295 evanuerunt
2968 2254 2984 2296 :
3014 2253 3077 2293 ac
3097 2238 3282 2308 plures
3301 2245 3567 2297 vestrum,

2004 2341 2097 2384 aut
2130 2345 2320 2385 omnes
2352 2329 2545 2393 ferme,
2585 2328 2691 2382 nisi
2740 2327 2965 2383 aliunde
2994 2329 3221 2397 pecunia
3260 2326 3313 2380 in
3365 2325 3568 2379 bellum

2006 2423 2377 2491 impendatur,
2408 2436 2515 2475 non
2554 2421 2749 2490 opinor
2785 2419 3091 2475 diutissime
3124 2420 3192 2475 de
3230 2434 3331 2474 suo
3363 2419 3571 2491 itupene

2005 2514 2218 2575 dentes,
2250 2512 2488 2567 hostium
2518 2511 2626 2565 vim
2661 2511 3006 2565 toleraturos.
3049 2510 3179 2577 Qua:
3219 2526 3413 2565 omnes
3444 2525 3568 2565 cam

2004 2604 2200 2658 animis
2256 2603 2546 2672 reputare},
2596 2618 2699 2657 nec
2758 2610 2967 2657 tantum
3045 2602 3148 2655 hoc
3225 2600 3570 2656 considerare

2006 2696 2232 2759 debent,
2261 2696 2538 2765 quomodo
2566 2711 2633 2750 ex
2664 2710 2801 2765 pace
2825 2694 2893 2750 ad
2931 2695 3132 2750 bellum
3166 2694 3569 2765 aggrediantur,

2006 2789 2100 2844 sed
2160 2797 2420 2858 praeterea
2480 2786 2756 2858 quomodo
2815 2787 3002 2842 hostes
3056 2785 3426 2843 debellennts:
3478 2794 3573 2838 aut

2005 2893 2155 2936 certe
2185 2880 2332 2934 nulla
2364 2893 2489 2935 cum
2521 2878 2675 2934 clade
2709 2877 2837 2932 inde
2864 2876 3231 2932 discedamus.
3262 2875 3427 2944 872
3463 2874 3571 2943 Ego

2005 2984 2265 3035 νει-ολ]οο
2294 2968 2365 3023 ob
2402 2968 2673 3038 ignaviam
2731 2982 2905 3022 meam
2951 2966 3094 3021 bello
3145 2965 3408 3020 adversus
3442 2965 3571 3019 Bar-

2007 3061 2167 3116 baros
2195 3058 2352 3113 vobis
2390 3056 2772 3112 abstinendum
2823 3054 3027 3110 suadeo
3062 3072 3075 3109 :
3110 3068 3288 3122 neque
3337 3051 3465 3106 odio
3517 3052 3568 3104 in

332 3146 608 3216 Εὐρώπην
640 3146 754 3211 νῦν,
788 3147 1083 3217 προθύμως
1115 3148 1257 3217 ὑπὲρ
1294 3148 1401 3201 τῶν
1428 3149 1628 3202 λοιπῶν
1660 3149 1898 3219 μαχοῦν·

2010 3152 2130 3207 illos
2164 3166 2193 3205 a
2256 3166 2530 3220 quoquam
2590 3159 2830 3205 vestrum
2877 3146 3021 3209 vinci
3065 3161 3151 3201 me
3188 3145 3385 3214 patior,
3438 3142 3570 3213 quin

328 3255 433 3301 ται,
463 3239 748 3299 εὐέλπιδες
780 3240 929 3302 ὄντες
964 3238 1153 3309 ὥσπερ
1195 3240 1260 3292 ἐκ
1296 3242 1755 3309 παραδειγμάτων
1806 3244 1899 3295 καὶ

329 3331 461 3398 πρὸ;
494 3329 589 3381 τὰν
610 3330 793 3386 λοιπά.
836 3330 994 3398 Ἡμῖν
1024 3330 1079 3382 δὲ
1108 3326 1177 3402 ἦν
1207 3332 1305 3402 μέν
1342 3350 1473 3385 ποτε
1504 3333 1732 3403 δύναμις
1757 3334 1905 3399 ἀξιό-

326 3439 509 3489 χρεως
553 3421 615 3472 ού
650 3422 785 3488 πρὸς
846 3422 1136 3485 τοσούτους
1176 3424 1359 3491 μόνον,
1396 3424 1533 3477 ἀλλὰ
1568 3428 1661 3479 καὶ
1702 3427 1904 3481 πολλαο

328 3511 629 3577 πλαείους,
676 3513 773 3582 οὐχ
818 3511 959 3566 ὥστε
1007 3515 1071 3566 ὲκ
1118 3514 1217 3583 τῆς
1264 3516 1535 3586 ἡμετέρας
1577 3514 1904 3584 ἐξελαύνειν,

326 3599 466 3650 ἀλλά
500 3599 600 3650 καὶ
643 3599 889 3669 περὶτῆς
922 3601 1131 3662 οἰκείας
1162 3602 1220 3652 ὲν
1248 3602 1477 3672 κινδύνῳ
1508 3605 1793 3676 καθιστᾷν.
1840 3606 1903 3661 ἸΙ

322 3689 379 3742 δὲ
415 3689 690 3755 ἀξυνεσία
715 3691 806 3741 καὶ
838 3690 1097 3757 ἀδουλία’,
1133 3693 1227 3745 καὶ
1249 3692 1310 3744 τὸ
1342 3693 1416 3763 μὴ
1456 3696 1583 3762 περὶ
1612 3696 1719 3747 τῶν
1751 3698 1904 3765 κοινῇ

323 3777 768 3831 λυσιτελούντων
800 3778 999 3850 ἄριστα
1029 3779 1405 3849 βουλεύεσθαι,
1428 3783 1542 3834 ἀλλ’
1578 3784 1809 3837 ἕκαστον
1839 3786 1909 3839 τὰ

326 3870 437 3923 ἴδια
486 3868 557 3922 εὖ
603 3869 847 3924 τίθεσθαι
894 3874 1144 3935 σκοπεῖν,
1200 3874 1279 3936 είς
1318 3873 1476 3926 τοῦτο
1512 3875 1715 3945 ἤγαγεν
1760 3878 1910 3945 ἡμᾶς

329 3962 651 4033 ἀξυναμίας
694 3962 805 4025 νύν,
842 3963 971 4017 ὥστ’
1001 3964 1285 4033 ἀγαπητὸν
1315 3964 1380 4018 ἂν
1421 3964 1496 4036 μὴ
1544 3967 1637 4018 καὶ
1677 3966 1744 4019 τά
1780 3966 1911 4021 ὄντα

325 4056 703 4123 ἀπολέσωμεν
728 4055 1000 4122 ἡγεῖσθαι.
1027 4055 1099 4107 ’Ὶι
1115 4072 1173 4108 τε
1200 4057 1309 4125 γὰρ
1338 4054 1567 4124 στρατιὰ
1590 4056 1910 4127 διέφθαρται

326 4151 488 4218 ημῖν,
524 4150 590 4199 ἐκ
609 4147 873 4217 λαμπρᾶς
899 4148 993 4200 καὶ
1022 4149 1352 4216 περιςανοῦς
1398 4150 1554 4219 ὀλίγη
1583 4150 1675 4201 καὶ
1707 4149 1909 4215 ἄπορος

321 4241 749 4308 καθεστηκυῖα·
780 4240 871 4292 καὶ
896 4239 1004 4292 τῶν
1036 4240 1229 4293 κοινῶν
1254 4241 1532 4311 προσόδιον
1551 4245 1603 4295 αἱ
1633 4244 1911 4309 συντάξεις

323 4330 695 4382 ἐκλελοίπασι
754 4330 1101 4383 παντάπασι·
1160 4334 1253 4385 καὶ
1308 4334 1461 4402 ὑμῶν
1515 4337 1639 4397 τοὺς
1693 4337 1912 4399 πλείους

322 4422 356 4489 ἥ
400 4421 741 4491 σύμπαντας
782 4421 986 4489 σχεδον,
1019 4423 1065 4473 εί
1102 4424 1176 4493 μή
1222 4442 1303 4487 τις
1343 4425 1603 4495 χρήματα
1638 4426 1912 4497 παράσχοι

322 4516 470 4582 πρὸς
489 4512 588 4563 τὸν
612 4511 865 4580 πόλεμον,
891 4512 990 4563 ούκ
1007 4510 1071 4565 ἂν
1094 4513 1278 4582 οἴομαι
1304 4517 1649 4586 ἀντισχήσειν
1666 4519 1913 4571 ἐπιπλεῖ-

326 4624 461 4658 στον
490 4602 832 4665 ἀναλοῦντας
861 4603 1046 4655 ἐκτῶν
1067 4605 1253 4659 ὄντων.
1285 4607 1464 4676 ’Λπερ
1492 4607 1736 4672 ἅπαντας
1766 4610 1915 4663 ἐνθυ-

325 4716 436 4764 μου
447 4696 676 4765 μένους,
706 4695 765 4747 ού
790 4696 949 4748 τοῦτο
980 4697 1138 4765 μόνον
1163 4697 1269 4767 χρὴ
1298 4701 1521 4751 σκοπεῖν
1546 4700 1693 4763 ὅπως
1725 4701 1787 4753 ὲκ
1817 4703 1915 4770 τῆς

323 4791 574 4859 εἰρήνης
622 4787 986 4856 καταστῶμεν
1032 4790 1168 4856 πρὸς
1202 4789 1262 4841 τὸ
1303 4790 1579 4858 πολεμεῖν,
1611 4793 1727 4845 ἀλλ’
1769 4794 1916 4855 ὅπως

323 4882 424 4934 καὶ
463 4878 841 4949 περιεσόμεθα
881 4880 988 4933 τῶν
1029 4880 1384 4953 πολεμέων,ἧ
1424 4884 1591 4953 μηδὲν
1624 4886 1689 4938 ὲκ
1723 4884 1914 4938 τούτου

322 4972 602 5041 δυσχερὲς
641 4970 1040 5041 ὑπομενοῦμεν.
1093 4974 1232 5039 Ἐγὼ
1270 4973 1327 5025 δὲ
1371 4972 1499 5027 οὔτε
1544 4974 1779 5045 ἀτολμίᾳ
1821 4974 1914 5028 τοῦ

324 5066 475 5134 πρὸς
496 5066 627 5137 ,τοὺς
657 5063 959 5137 βαρδάρους
983 5066 1124 5133 ὑμᾶς
1154 5066 1392 5135 πολέμου
1418 5067 1753 5138 ἀποσχέσθαι
1780 5084 1917 5137 συμ-

325 5158 611 5219 ϐουλεύω,
636 5154 757 5207 οὔτε
784 5157 919 5225 πρὸς
945 5157 1242 5227 ἀπέχθειαν
1268 5159 1447 5210 αὑτῶν
1469 5159 1683 5221 οὐδενὸς
1702 5158 1918 5212 ἀπολεί-

326 5266 522 5317 πομαι
556 5246 709 5315 ὑμῶν
730 5264 744 5276 ·
782 5246 897 5299 ἀλλ’
923 5248 1087 5310 αὑτός
1110 5265 1170 5301 τε
1203 5249 1269 5301 ἂν
1296 5249 1558 5319 ὲξέτριψα
1583 5251 1750 5319 ἡδέως
1779 5250 1916 5320 ὁμοῦ

324 5358 415 5393 τοι
468 5338 797 5407 σύμπαντας
847 5339 1176 5408 βαρϐάρους,
1224 5341 1379 5409 εῐπερ
1414 5337 1525 5394 οἷόν
1566 5359 1645 5407 τε,
1679 5344 1773 5396 καὶ
1819 5360 1916 5412 με-

326 5430 547 5496 γίστην
588 5424 862 5486 εὔκλειαν,
896 5426 1265 5491 καὶιεὺδοξίαν
1296 5429 1385 5481 τὸν
1428 5430 1651 5483 ἐκείνων
1697 5430 1919 5502 ὄλεθρον

329 5519 538 5587 φέρειν
574 5516 641 5568 ἂν
668 5516 895 5586 ἐνόμισα
926 5517 1080 5586 ἐμοί’
1112 5521 1205 5571 καὶ
1236 5520 1365 5590 παρ’
1391 5520 1581 5590 ἐτέρου
1611 5522 1919 5591 πάσχοντας

328 5609 491 5670 τινὸς
536 5608 603 5659 τά
633 5610 725 5661 ῖσα
748 5604 909 5661 εἶδον.
944 5610 1018 5661 Οὐ
1056 5600 1307 5679 μὴνάλϊ
1360 5613 1409 5664 εί
1448 5613 1545 5681 μὲν
1575 5614 1729 5666 οὐδὲν
1756 5613 1915 5681 ἐξῆν,

331 5701 449 5752 ἔδει
490 5698 553 5750 δὲ
582 5698 679 5766 ἐμὲ
715 5701 845 5770 παρ’
877 5701 1099 5755 ὁτουοῦν
1130 5704 1536 5771 ἀποσφαγέντα,
1571 5705 1718 5773 αύτῷ
1746 5704 1919 5772 τούτῳ

334 5792 420 5861 τῷ
485 5790 779 5845 ἀποθανεῖν
830 5792 1047 5856 ἐξώλεις
1101 5784 1523 5862 γενέαῦαιττοξίς
1577 5795 1916 5865 βαρεάρους,

2003 3244 2120 3311 ipse
2153 3256 2258 3296 una
2284 3256 2498 3305 omnes,
2523 3240 2566 3296 si
2598 3239 2714 3293 fieri
2751 3239 3040 3307 potuisset,
3087 3235 3487 3297 contrivissem.
3518 3240 3573 3286 et

2004 3338 2055 3392 id
2090 3338 2222 3391 mibi
2251 3336 2320 3391 ad
2343 3336 2527 3405 gloria:
2552 3334 2927 3390 celebritatem
2980 3330 3408 3386 illustrissimum
3458 3326 3572 3380 fore

2002 3428 2358 3499 putavissem.
2384 3426 2575 3495 Neque
2609 3426 2749 3479 istuc
2791 3424 2993 3485 solum,
3027 3420 3123 3476 sed
3173 3419 3217 3473 si
3250 3420 3353 3473 hoc
3384 3418 3458 3471 ita
3504 3417 3573 3470 li-

2004 3520 2226 3580 cuisset,
2270 3528 2330 3571 ut
2359 3532 2445 3571 me
2471 3531 2501 3571 a
2537 3530 2867 3585 quocunque
2905 3512 3159 3583 iugulari,
3186 3520 3242 3565 et
3295 3510 3410 3577 ipsa
3439 3522 3571 3561 nece

2005 3626 2124 3665 mea
2168 3609 2484 3680 perniciem,
2528 3615 2693 3675 atque
2738 3605 2965 3659 exitium
3032 3602 3205 3656 creari
3257 3600 3364 3655 illis
3412 3613 3574 3666 opor-

2008 3703 2243 3766 tuisset,
2302 3698 2709 3760 libentissime,
2766 3711 2829 3751 ac
2889 3692 3293 3766 promptissime
3356 3690 3569 3744 dulcem

2005 3794 2248 3863 alioquin
2285 3792 2451 3845 vitam
2479 3789 2821 3860 abiecissem,
2868 3800 3039 3854 usque
3069 3783 3205 3838 adeo
3242 3781 3376 3836 milii
3405 3795 3570 3848 supc-

2008 3891 2090 3934 rat
2123 3894 2313 3933 eorum
2350 3877 2573 3942 odium;
2603 3885 2714 3929 tum
2741 3873 2864 3942 quia
2903 3868 3275 3940 religionibus,
3304 3883 3365 3921 ac
3403 3882 3572 3921 crure-

2009 3972 2208 4029 moniis
2238 3969 2595 4026 diversissimi
2623 3976 2786 4030 sunt;
2821 3975 2933 4020 tum
2964 3964 3087 4031 quia
3115 3963 3225 4032 jam
3258 3959 3490 4030 pridem,
3519 3967 3575 4011 et

2009 4064 2198 4119 multis
2224 4062 2385 4117 annis
2414 4062 2691 4115 Romanos
2721 4056 2957 4113 infandis
2992 4052 3337 4109 detrimentis
3379 4064 3579 4105 eumn;

2009 4154 2212 4219 larunt,
2241 4169 2342 4208 nec
2375 4152 2469 4208 ulli
2506 4152 2678 4206 ferme
2711 4163 2815 4202 non
2865 4157 3207 4209 nocuerunt,
3262 4157 3360 4198 nec
3404 4155 3576 4210 usque

2010 4247 2076 4300 ad
2107 4246 2252 4300 hunc
2280 4244 2423 4299 diem
2453 4243 2663 4313 injuria:
2695 4240 2958 4296 facienda:
2995 4253 3090 4293 eos
3115 4236 3260 4306 cepit
3311 4234 3574 4295 satietas;

2010 4339 2106 4394 sed
2133 4340 2186 4394 in
2220 4338 2507 4393 Thraciam
2541 4353 2759 4407 quoque
2805 4336 2996 4401 infusi,
3055 4334 3219 4390 urbes
3265 4331 3577 4401 complures

2012 4439 2322 4499 occupant,
2375 4428 2889 4498 depopulanturque
2935 4436 3122 4483 nostra
3182 4424 3386 4480 omnia.
3437 4421 3575 4487 Quid

1942 4532 1986 4584 ι)
2017 4524 2183 4593 igitur
2231 4531 2335 4585 est,
2387 4530 2592 4590 qureret
2624 4521 2847 4590 aliquis,
2880 4535 3003 4575 cum
3046 4520 3126 4574 sic
3178 4533 3275 4573 eos
3316 4517 3577 4576 detester.

2016 4614 2162 4685 quod
2193 4628 2290 4667 nec
2330 4614 2483 4682 prius
2503 4627 2818 4682 oppugnare
2850 4627 2946 4665 eos
2974 4610 3369 4679 eoncupierim,
3396 4617 3450 4662 ct
3486 4623 3580 4660 vos

2015 4719 2159 4758 nunc
2210 4704 2277 4758 ad
2323 4703 2378 4757 id
2404 4712 2511 4757 tam
2548 4714 2765 4758 erectos
2802 4701 3180 4757 absterream?
3216 4699 3398 4766 Quid?
3431 4696 3577 4766 quod

2014 4802 2311 4863 praesentes
2360 4794 2506 4848 vires
2544 4802 2763 4850 nostras
2806 4791 3144 4862 expendens,
3178 4803 3279 4843 nec
3318 4788 3580 4840 hactenus

2013 4882 2204 4946 fuisse,
2247 4898 2349 4938 nec
2382 4881 2542 4937 modo
2566 4897 2687 4937 esse
2722 4896 2878 4951 pares
2906 4881 3017 4935 illis
3041 4877 3279 4933 invenio.
3328 4876 3471 4943 Ergo
3500 4883 3578 4934 tu,

2014 4983 2272 5029 occurret
2299 4973 2596 5043 quispiam,
2629 4987 2741 5041 prae
2788 4971 2997 5041 pudore
3047 4969 3297 5024 obvelata
3335 4966 3495 5025 facie.
3525 4977 3582 5020 et

2016 5061 2211 5120 salute'
2248 5079 2475 5133 prorsus
2527 5066 2839 5133 desperata,
2871 5060 3091 5116 silentio
3130 5058 3290 5113 nobis
3331 5057 3582 5111 ferendas

2016 5159 2219 5229 plagas.
2250 5167 2302 5209 et
2329 5157 2382 5209 in
2415 5156 2693 5217 omnibus,
2735 5165 2989 5223 tanquam
3043 5151 3189 5206 heris
3220 5148 3584 5220 praecipienti-

2018 5250 2158 5309 bus.
2211 5247 2579 5301 obediendum
2637 5244 2886 5299 Barbaris
2956 5243 3299 5299 exsistimas?
3361 5240 3583 5299 Minime

2017 5340 2259 5411 gentium
2298 5356 2310 5391 :
2354 5337 2449 5393 sed
2483 5336 2910 5407 belligerandum
2944 5335 3147 5405 potius,
3174 5344 3226 5389 et
3275 5334 3327 5387 in
3359 5333 3464 5387 hoc
3502 5332 3584 5385 in-

2019 5430 2407 5493 eumzteuzlnm,
2460 5428 2505 5483 si
2563 5429 2619 5482 in
2659 5427 2953 5498 quidquam
3004 5427 3172 5481 aliud.
3226 5426 3340 5479 Non
3401 5436 3579 5480 tamen

2017 5521 2151 5573 aalro
2180 5520 2431 5588 imperite
2459 5529 2513 5573 ct
2540 5518 2895 5592 confidenter,
2928 5530 2985 5572 ut
3015 5518 3081 5572 ad
3122 5517 3255 5571 nihil
3280 5516 3425 5570 aliud
3460 5512 3584 5585 pru-

2023 5614 2201 5667 lutura
2243 5614 2314 5666 sit
2342 5612 2587 5674 audacia,
2637 5611 2739 5664 nisi
2783 5619 2841 5663 ut
2892 5620 3089 5679 praater
3132 5626 3218 5673 ea,
3266 5627 3387 5679 quae
3431 5610 3587 5664 nobis

2022 5713 2227 5771 erepta.
2281 5702 2519 5755 nondum
2570 5702 3031 5768 rcruperavimus,
3084 5702 3246 5754 etiam
3308 5702 3415 5764 illa,
3471 5716 3585 5767 qua:

2025 5805 2248 5860 restant,
2286 5798 2619 5849 amittamus.
2654 5793 2785 5859 Qua:
2816 5805 2897 5850 est
2932 5794 3093 5865 igitur
3125 5810 3244 5848 nica
3289 5791 3516 5847 sentcnt'
