3964 6210
355 319 451 383 ?il
1510 337 1827 397 JOANNIS
1867 340 2388 405 CANTACUZENI

3483 303 3592 406 διε

349 438 628 502 jumorem
717 433 1098 504 imperatorem
1171 437 1294 492 inde
1377 439 1635 510 Byzantio
1725 446 1920 512 expelli

2024 449 2193 513 δίναι,
2243 452 2468 519 ἠνιῶντό
2509 469 2565 502 τε
2610 452 2703 504 καὶ
2750 448 3128 519 ἐδυσχέραινον
3178 446 3278 501 οὐκ
3318 448 3582 513 ἀνεκτῶς,

352 535 536 590 posse.
583 522 635 574 In
680 523 871 590 primis
904 532 1084 576 autem
1126 524 1364 581 Joannes
1415 528 1628 585 Peralta
1684 535 1920 602 prmsidii

353 613 644 679 prmfcctus
677 621 730 667 et
762 613 877 682 ipse
927 615 1117 669 Orabat
1146 629 1201 671 et
1235 619 1371 674 alios
1406 621 1473 675 ad
1514 625 1783 678 orandum
1813 629 1924 680 sol—

352 694 711 762 licitabat,'ut
769 701 861 770 qui
919 703 1112 771 perdiu
1145 720 1269 760 cum
1303 707 1636 778 imperatore
1674 723 1923 768 versatus

353 789 543 846 inultis
570 807 626 846 se
659 793 921 862 periculis
971 795 1088 864 ejus
1116 811 1280 851 causa
1309 799 1621 870 objecissct.
1655 802 1920 858 Militare-

351 891 437 937 rat
469 881 615 936 enim
653 882 755 947 illi,
793 884 1013 951 quando
1044 885 1099 939 in
1130 885 1384 944 Triballis
1414 905 1512 960 per
1563 891 1766 947 bellum
1805 908 1924 948 mo-

350 973 597 1039 rabatur,
631 983 683 1029 et
740 975 934 1030 crebra
982 992 1093 1033 sum
1126 979 1180 1034 in
1210 993 1337 1034 eum
1395 982 1695 1039 voluntatis
1721 984 1920 1039 indicia

349 1066 768 1132 dederat,.nihil
823 1081 952 1125 tunc
998 1070 1337 1132 immutatus.
1369 1074 1590 1143 quando
1625 1077 1788 1130 etiam
1822 1065 1920 1146 qui

347 1159 685 1214 videbantur
727 1161 1070 1228 amicissimi,
1113 1179 1235 1218 cum
1271 1165 1454 1226 rebus,
1488 1176 1543 1221 et
1587 1169 1922 1236 temporibus

349 1251 512 1305 fidem
545 1260 790 1307 mutasse
823 1253 1156 1322 deprehensi
1210 1269 1356 1312 sunt.
1387 1257 1551 1328 875
1588 1259 1922 1330 imperatore

347 1343 740 1411 respondente,
785 1359 974 1399 eorum
1009 1345 1328 1415 petitionem
1356 1349 1563 1418 expleri
1589 1367 1696 1405 non
1719 1367 1878 1419 posse
1905 1368 1918 1404 :

315 1450 460 1496 _non
521 1435 668 1488 enim
705 1451 864 1489 suum
920 1452 1062 1500 esse,
1117 1439 1286 1492 semel
1345 1439 1563 1493 decreta
1603 1450 1919 1506 retractare,

348 1528 697 1595 instantiaque
756 1540 810 1581 ut
849 1527 1024 1581 locum
1067 1529 1369 1594 traderent,
1418 1539 1633 1600 tempus
1671 1530 1737 1585 ad
1785 1531 1923 1586 deli-

351 1621 656 1674 beramlum
691 1621 1026 1689 pctivcruut,
1047 1622 1179 1692 quid
1215 1624 1560 1692 potissimum
1595 1625 1918 1693 inciperent,

351 1722 410 1767 ut
438 1712 544 1765 sibi
575 1728 737 1780 quam
793 1713 996 1780 optime
1054 1713 1399 1766 consuluisse
1437 1713 1777 1768 viderentur.
1802 1715 1921 1780 Quo

2024 544 2114 593 καὶ
2147 543 2390 595 ἱκέτευον
2433 542 2861 612 προσκυνοῦντες
2899 545 2974 614 μὴ
3016 539 3242 595 τοιαῦτα
3284 541 3546 614 πράττειν
3570 557 3587 571 °

2024 628 2098 690 ὡς
2129 631 2317 700 ῥᾴδιον
2353 629 2415 684 δν
2445 607 2652 683 ἐκεῖθεν
2701 607 2918 682 ἐπειδὰν
2962 607 3225 697 *ἀφίκοιτο
3255 629 3287 697 ἡ
3327 607 3588 696 νστρατῖἀ,

2026 720 2251 788 βασιλέα
2279 723 2370 776 τὸν
2399 723 2543 787 νέον,
2578 722 2873 786 Βυζαντίου
2906 719 3235 786 ἐξελαύνειν.
3254 718 3501 772 Μάλιστα
3533 718 3590 770 δὲ

2026 813 2299 878 Ντξιουὰν
2322 814 2574 882 Περάλτα
2596 815 2624 866 ό
2645 813 2851 867 τούτων
2873 810 3119 882 ἡγεμὼν,
3147 810 3308 873 αὐτός
3333 825 3394 863 τε
3422 811 3592 863 ἐδεῖτο

2028 904 2316 973 βασιλέως,
2362 905 2614 968 καὶτοὺς
2641 904 2834 968 ἄλλους
2877 902 3118 964 ἔπειθεν,
3162 897 3251 954 οἷα
3294 900 3358 968 δὴ
3400 901 3591 969 χρόνον

2024 997 2145 1049 τινὰ
2200 997 2395 1066 συχνὸν
2433 997 2554 1068 ἢδη
2622 994 3016 1065 συγγενόμενος
3071 992 3148 1062 τῷ
3206 990 3438 1062 βασιλεῖ,
3497 993 3592 1044 καὶ

2026 1088 2255 1152 πολλοὺς
2305 1089 2444 1158 ὑπὲρ
2491 1087 2658 1142 αὐτοῦ
2694 1086 2969 1150 κινδύνους
3005 1086 3262 1145 ὑποστάς.
3312 1078 3432 1137 Τῶν
3480 1084 3591 1151 γάρ

2024 1181 2221 1252 ἐκείνῳ
2252 1181 2765 1252 συστρατευομένων
2791 1175 2860 1251 ἦν
2890 1177 3052 1248 ήνίκα
3085 1177 3351 1247 διέτριϐεν
3378 1177 3437 1229 ὲν
3462 1176 3591 1243 Τρι-

2025 1274 2208 1337 ϐαλοῖς
2241 1273 2383 1327 κατά
2416 1274 2508 1326 τὸν
2541 1270 2636 1326 τοῦ
2670 1271 2910 1339 πολέμου
2939 1269 3155 1340 χρόνον,
3192 1267 3285 1320 καὶ
3308 1267 3588 1325 .πλείστας

2025 1366 2328 1430 ἀποδείξεις
2355 1365 2658 1434 παρέσχετο
2681 1364 2776 1425 τῆς
2798 1363 2876 1422 είς
2899 1359 3059 1413 αὐτὸν
3080 1358 3315 1421 εὐνοίας,
3333 1358 3590 1425 οὐδεμίαν

2026 1453 2150 1508 κατ’
2172 1457 2346 1507 ἐκεῖνο
2379 1454 2571 1524 χρόνου
2597 1452 2834 1504 ὑποστάς
2868 1449 3194 1519 μεταϐολὴν,
3223 1448 3391 1515 ἡνίκα
3419 1448 3512 1499 καὶ
3536 1447 3587 1498 οἱ

2028 1547 2264 1616 μάλιστα
2307 1546 2589 1608 δοκοῦντες
2625 1541 2770 1597 εὖνοι
2804 1537 2944 1597 εἶναι
2989 1541 3344 1610 ἐξηλέγχοντο
3389 1539 3590 1607 μεθαρ-

2029 1639 2284 1708 μόζοντες
2337 1639 2563 1699 ἑαυτοὺς
2610 1637 2719 1696 τοῖς
2767 1635 3055 1704 πράγμασι
3090 1633 3324 1694 καὶτοῖς
3351 1629 3583 1695 καιροῖς.

2025 1731 2300 1791 Βασιλέως
2327 1730 2381 1782 δὲ
2407 1727 2645 1782 ἀδύνατα
2678 1725 3096 1798 ἰσχυριζομένου
3135 1722 3323 1788 ἀξιοῦν
3353 1720 3550 1782 αὐτοὺς
3569 1762 3583 1781 ,

350 1817 634 1866 concesso,
665 1818 731 1856 eo
767 1804 817 1858 iu
855 1805 995 1858 atrio
1023 1803 1216 1859 relicto
1249 1805 1350 1873 ipsi
1396 1805 1538 1859 intra
1571 1821 1757 1860 arcem
1788 1821 1921 1859 con-

2025 1778 2688 1890 ἔξτά
2721 1778 3069 1887 ὲὶτξφῖσμένα
3108 1778 3461 1883 ἀνατρέπειν,
3493 1814 3587 1864 καὶ

350 1904 624 1948 venerunt
664 1911 678 1948 :
725 1895 816 1948 ubi
865 1895 974 1949 dux
1040 1908 1233 1950 auctor
1277 1896 1402 1958 fuit,
1429 1898 1798 1967 juramentum
1855 1900 1924 1953 ab

351 1981 677 2050 imperatore
713 1994 1024 2052 poscerent.
1057 1982 1358 2055 Palaeologo
1393 2001 1512 2040 eam
1555 2003 1662 2040 non
1691 1989 1921 2042 traditu-

350 2079 573 2129 rum,ct
619 2079 678 2124 ut
734 2071 814 2124 vel
853 2087 976 2126 cum
1015 2072 1149 2142 ipsis
1175 2083 1444 2138 maneret,
1474 2075 1560 2130 vel
1605 2075 1648 2130 si
1683 2076 1921 2133 obsideri

351 2161 542 2225 nollet,
576 2161 630 2214 in
668 2162 928 2230 palatium
971 2178 1272 2234 regressus,
1299 2153 1503 2219 faceret
1529 2165 1674 2235 quod
1702 2167 1920 2232 liberet,

351 2270 408 2308 se
439 2254 824 2325 Byzantiorum
872 2255 980 2310 vim
1027 2271 1126 2326 pro
1165 2271 1231 2310 eo
1280 2256 1439 2311 facile
1485 2259 1832 2314 toleraturos.
1865 2261 1920 2315 Si

350 2354 606 2398 neutrum
641 2343 920 2413 probaret.
970 2354 1025 2398 et
1055 2359 1237 2415 opera:
1263 2347 1500 2415 pretium
1531 2347 1760 2404 duceret
1792 2365 1922 2418 pro-

348 2435 716 2506 pugnaculum
775 2435 998 2500 dedere,
1044 2436 1368 2493 dimissuros
1416 2437 1470 2493 id
1519 2454 1771 2510 quoque,
1816 2443 1920 2496 fide

351 2526 507 2592 prius
538 2541 662 2578 cum
694 2535 1040 2580 sacramento
1071 2537 1317 2594 accepta,
1345 2542 1453 2582 non
1486 2529 1725 2600 ignavia,
1745 2547 1921 2601 neque

352 2615 500 2685 quod
556 2614 876 2682 deficerent,
921 2616 976 2670 id
1035 2615 1256 2682 fecisse,
1301 2618 1395 2672 sed
1450 2629 1509 2673 ut
1558 2621 1607 2674 ei
1659 2623 1919 2690 primum,

350 2706 552 2761 deinde
586 2707 808 2762 sibimet
838 2722 1000 2777 quam
1033 2709 1239 2777 Optime
1277 2709 1677 2779 prospicerent.
1705 2713 1920 2767 Reban-

353 2808 444 2853 tur
475 2800 650 2863 enim,
678 2799 771 2853 ubi
813 2801 864 2854 id
906 2802 1234 2857 necessitate
1269 2819 1471 2874 genere
1521 2804 1919 2871 transdidisset,

353 2896 540 2958 postea
573 2888 678 2942 sibi
709 2883 938 2958 gratiam
982 2891 1208 2946 multam
1247 2894 1588 2960 habiturum,
1623 2896 1920 2966 multisque

354 2979 566 3034 meritis
622 2991 1131 3049 compcnsaturum,
1183 2985 1328 3053 quod
1381 2985 1760 3042 benevolentia
1793 3004 1920 3059 erga

2028 1913 2339 1975 κελεύοντος
2381 1912 2442 1963 τὸ
2476 1909 2736 1981 φρούριον
2769 1906 3146 1977 παραδιδόναι·
3189 1905 3376 1973 καιρὸν
3425 1905 3586 1974 ᾔτουν

2030 1984 2166 2071 πρὸς
2191 2002 2472 2072 διάσκεψιν
2520 2002 2658 2055 ὥστε
2685 1999 3077 2070 βουλεύσασθαι
3105 1998 3188 2066 ἐφ’
3211 1997 3457 2057 ἑαυτοὺς,
3483 1996 3512 2048 ὅ
3535 2012 3588 2047 τι

2028 2094 2335 2165 πράξαντες
2380 2094 2448 2145 τὰ
2487 2091 2723 2162 μάλιστα
2765 2087 3151 2141 λυσιτελοῦντα
3185 2087 3336 2154 σφίσι
3365 2085 3588 2149 δόξωσιν

2025 2181 2283 2252 ᾑρῆσθαι.
2322 2177 2782 2246 Ἐπιτετραφότος
2803 2177 2859 2228 δὲ
2885 2176 2977 2229 τοῦ
3003 2174 3287 2246 βασιλέως,
3319 2175 3376 2225 ὲν
3398 2174 3473 2242 τῷ
3493 2173 3588 2226 τοῦ

2027 2271 2291 2342 φρουρίου
2328 2268 2598 2338 περισόλῳ
2630 2266 3049 2329 καταλιπόντες,
3086 2263 3210 2318 ἐπεὶ
3244 2262 3391 2316 ἔνδον
3434 2263 3589 2314 αὐτοὶ

2023 2361 2118 2414 τοῦ
2155 2359 2366 2430 πύργου
2419 2355 2582 2429 ἦσαν,
2636 2356 3020 2410 συνεϐούλευεν
3069 2356 3256 2416 αὐτοῖς
3298 2357 3326 2406 ό
3364 2355 3589 2422 ἡγεμὼν

2023 2455 2218 2524 ὅρκους
2275 2451 2499 2521 βασιλέα
2551 2450 2801 2502 ἀπαιτεῖν
2855 2448 2929 2516 μὴ
2986 2445 3318 2517 βασιλεῖτῷ
3362 2448 3467 2514 νέῳ
3527 2445 3586 2496 τὸ

2025 2546 2287 2615 φρούριον
2321 2543 2674 2614 παραδιδόναι
2699 2557 2713 2571 ο
2745 2540 2860 2593 ἀλλ’
2887 2541 2918 2609 ἢ
2944 2539 3176 2609 μένοντα
3205 2538 3456 2606 κατέχειν
3488 2535 3588 2587 σὺν

2025 2639 2230 2700 αὐτοῖς,
2264 2637 2296 2705 ἦ
2331 2637 2387 2700 ει.
2410 2638 2484 2706 μὴ
2521 2635 2765 2705 βούλοιτο
2795 2633 2962 2694 αὐτὸς
2997 2629 3426 2699 πολιορκεῖσθαι,
3454 2630 3586 2680 ἀνα-

2025 2728 2223 2796 χωρεῖν
2270 2714 2328 2777 ἒν
2382 2722 2695 2792 βασιλείοις.
2728 2722 2820 2772 καὶ
2867 2719 3130 2789 πράττειν
3174 2719 3201 2771 ὃ
3230 2734 3286 2769 τι
3337 2718 3404 2770 ἂν
3431 2717 3586 2785 δοκῇ,

2024 2799 2223 2876 αὖτοὺς
2243 2814 2298 2867 δὲ
2331 2816 2424 2883 ὲᾷν
2456 2813 2546 2864 τὶν
2573 2812 2710 2884 πρὸς
2743 2811 3070 2876 Βυζαντίους
3103 2809 3339 2878 πόλεμον
3363 2809 3588 2863 διοίσον-

2023 2925 2123 2970 τας
2168 2907 2384 2978 ῥᾳδίως.
2419 2906 2481 2958 Et
2537 2907 2592 2959 δὲ
2655 2905 3016 2976 μηδοπότερον
3059 2903 3233 2956 ἕλοιτο
3288 2901 3396 2954 τῶν
3439 2904 3590 2972 είρη-

2028 3001 2226 3068 μένων,
2259 2997 2396 3052 ἀλλὰ
2431 2995 2706 3067 προῦργου
2758 2995 2958 3059 παντὸς
3006 2996 3196 3066 ἠγεῖτο
3226 2995 3298 3047 τὸ·
3325 2995 3587 3064 φρούριον

354 3087 438 3134 sc,
460 3072 714 3140 quarm-is
747 3071 927 3131 inviti.
957 3084 1016 3126 ut
1051 3077 1416 3144 apparuisset,
1447 3078 1548 3133 sibi
1582 3079 1919 3150 maxinmpe-

2025 3089 2406 3160 παραδιδόναι,
2435 3088 2864 3162 ἀποπέμπεσθαι
2897 3088 2991 3139 καὶ
3020 3086 3204 3152 αὐτὸν,
3233 3087 3418 3156 ὅρκοις
3453 3086 3585 3152 πρόο

351 3177 416 3216 re
442 3161 800 3232 profuissent.
853 3161 992 3218 Iluic
1022 3165 1254 3219 consilio
1299 3167 1555 3236 protinus
1596 3169 1688 3223 alii
1728 3173 1924 3224 suffra-

349 3253 458 3322 gati
495 3262 657 3318 sunt;
682 3261 879 3308 norant
909 3253 1056 3308 enim
1093 3255 1405 3327 ministrum
1430 3255 1774 3326 imperatoris
1803 3275 1922 3314 esse

350 3342 750 3409 fidelissimum,
796 3345 1044 3414 nihilque
1097 3357 1289 3401 contra
1347 3357 1580 3404 mentem
1620 3351 1739 3422 ejus
1771 3367 1921 3406 com-

348 3438 666 3492 missurum.
720 3437 860 3492 Tum
937 3446 1125 3510 portas
1204 3441 1414 3497 castelli
1473 3441 1622 3498 intus
1677 3443 1924 3500 vectibus

351 3530 686 3594 munientes,
728 3546 757 3584 a
790 3529 1100 3600 pinnaculis
1136 3532 1268 3599 quid
1300 3534 1670 3600 convenisset,
1712 3536 1921 3606 signiﬁ-

348 3635 513 3680 cant:
550 3626 752 3695 quibus
788 3626 1087 3696 impcrator
1125 3629 1366 3695 graviter
1405 3645 1549 3691 mox,
1579 3639 1646 3710 ut.
1675 3628 1924 3685 deserto-

348 3720 502 3774 ribus
527 3734 880 3782 succensens,
909 3735 1009 3789 pro
1033 3719 1230 3774 merito
1259 3730 1436 3776 tamen
1463 3737 1560 3778 eos
1582 3723 1777 3792 punire
1813 3739 1920 3779 non

351 3820 585 3880 poterat.
621 3811 758 3866 Cum
794 3826 955 3880 agere
990 3825 1088 3879 pro
1130 3826 1190 3866 re
1211 3812 1349 3865 nihil
1384 3823 1589 3883 posset;
1617 3824 1676 3868 ct
1707 3830 1920 3870 summa

349 3903 565 3960 consilii
619 3902 803 3972 inopia
858 3901 1297 3964 conflictaretur.
1340 3904 1501 3974 jussit
1544 3920 1738 3960 omnes
1794 3921 1921 3962 cum

350 3998 490 4052 duce
554 4010 722 4050 unum
759 3994 812 4048 in
866 3995 1045 4049 locum
1096 4010 1153 4050 se
1189 3995 1460 4051 conferre.
1516 4000 1594 4052 Ac
1650 3999 1921 4070 principio

351 4088 576 4156 quidem
613 4087 798 4157 lingua
830 4084 1039 4150 Italica,
1067 4086 1121 4138 in
1150 4101 1258 4156 qua
1288 4094 1408 4140 erat
1449 4103 1557 4142 non
1605 4090 1745 4144 male
1764 4106 1920 4146 excr-

351 4180 578 4238 citatus,
601 4193 694 4232 eos
721 4184 1114 4248 percunctatus
1152 4186 1258 4238 est,
1294 4177 1491 4248 ecquid
1542 4178 1717 4249 ipsum
1750 4197 1921 4252 agno-

350 4278 590 4326 sccrcnt.
621 4266 1128 4339 Respondentibus,
1157 4267 1345 4334 etiam,
1379 4284 1500 4324 esse
1533 4269 1918 4341 imperatorem

347 4377 413 4415 ac
460 4360 744 4415 dominum
802 4373 1000 4426 suum,
1039 4358 1232 4430 lgitur,
1277 4359 1556 4430 subjecit.
1608 4361 1650 4415 si
1706 4363 1922 4419 tradere

350 4451 756 4521 propugnacula
829 4451 1137 4516 nolueritis,
1191 4452 1286 4508 sed
1354 4453 1523 4508 semel
1590 4463 1747 4524 rupta
1815 4455 1919 4509 fide
1953 4449 1995 4503 ι)

351 4543 624 4597 hostiliter
651 4541 784 4596 mihi
834 4540 1114 4596 adversari
1149 4542 1438 4608 statuistis,
1463 4559 1572 4613 quo
1598 4555 1760 4614 pacto
1799 4562 1920 4601 sce-

348 4637 434 4690 ius
466 4644 713 4688 vestrum
737 4634 984 4703 pnniam,
1005 4642 1191 4702 postea
1210 4635 1555 4689 commodius
1579 4636 1918 4712 deliberabo.

345 4728 502 4782 Nunc
531 4726 744 4779 litteras
798 4723 980 4777 statim
1012 4723 1076 4778 ad
1107 4724 1353 4793 regulum
1407 4725 1638 4789 telluris,
1674 4743 1796 4796 quae
1825 4743 1922 4781 vos

348 4821 493 4879 tulit,
527 4818 760 4881 mittam;
798 4815 999 4886 quibus
1027 4815 1272 4883 doceam,
1340 4831 1439 4870 vos
1466 4826 1520 4870 et
1558 4834 1920 4888 unumquem-

345 4929 452 4980 que
475 4910 818 4971 nominatim,
848 4906 1260 4976 perfidissimos,
1285 4908 1785 4978 depravatissimos.
1821 4925 1921 4964 nec

344 5005 545 5058 vitiosa
583 5017 724 5057 nuce
753 5001 949 5072 dignos
979 5015 1143 5056 esse:
1179 5002 1305 5070 quia
1341 5018 1464 5056 eum
1499 5018 1599 5072 ego
1631 5003 1917 5057 castellum

346 5083 710 5156 tradidissem.
735 5108 1066 5162 magnosque
1087 5103 1340 5162 sumptus
1375 5093 1430 5147 in
1450 5095 1718 5163 stipendia
1741 5106 1918 5151 vestra

343 5188 626 5248 fecissem,
663 5195 719 5241 et
744 5187 881 5239 nihil
918 5201 1156 5255 unquam
1199 5200 1297 5240 vos
1319 5184 1826 5256 oﬂ‘endissem,ipsi
1852 5204 1918 5242 eo
1979 5240 1986 5247 ,

347 5295 435 5334 me
468 5280 520 5333 iu
575 5292 788 5332 summa
820 5277 1148 5331 necessitate
1192 5291 1312 5330 mea
1344 5292 1440 5346 per
1484 5277 1592 5331 vim
1624 5288 1682 5334 et
1714 5279 1918 5348 iniqui-

345 5381 514 5426 tatem
569 5369 920 5428 concurditec
971 5366 1380 5432 fraudaveritis,
1431 5377 1490 5422 ut
1539 5368 1683 5422 inter
1727 5386 1918 5426 omnes

343 5463 610 5517 mortales
673 5458 906 5513 infames
973 5457 1124 5520 sitis,
1179 5472 1343 5511 nemo
1401 5456 1559 5512 vobis
1616 5459 1914 5528 quidquam

342 5553 555 5617 credat,
650 5568 842 5607 omnes
913 5567 942 5603 a
1009 5559 1344 5618 conspectu,
1397 5558 1452 5604 et
1529 5535 1915 5606 con'imuniono

341 5658 524 5702 vestra
555 5644 849 5709 refugiant.
875 5642 1045 5712 876
1078 5640 1202 5695 llaec
1242 5641 1308 5695 ad
1343 5641 1567 5696 Latinos
1594 5645 1911 5711 imperator,

345 5738 440 5808 qui
479 5737 534 5790 in
568 5726 803 5787 maximo
837 5743 1170 5787 uocumeuto
1201 5741 1492 5800 ponentes,
1531 5733 1751 5789 sibimet
1786 5749 1914 5804 per-

2027 3200 2182 3252 τερον
2215 3182 2689 3250 πιστωσαμένους,
2724 3179 2800 3242 ώς
2842 3179 2902 3231 οὐ
2939 3179 3026 3232 διὰ
3054 3178 3254 3230 κακίαν
3293 3176 3404 3229 οὐδ’
3451 3177 3588 3228 ἀπο-

2027 3275 2255 3331 στασίαν
2317 3276 2669 3344 ἑννοήσαντες
2713 3270 2878 3325 αὑτοῦ
2926 3269 3153 3324 τοιαῦτα
3203 3269 3433 3332 εἵλοντο,
3471 3266 3589 3320 ἀλλ’

2025 3363 2176 3435 αὐτῷ
2220 3380 2280 3416 τε
2329 3361 2566 3432 πρῶτον,
2620 3359 2811 3412 ἔπειτα
2859 3359 2952 3411 καὶ
2982 3359 3202 3419 ἑαυτοῖς
3229 3359 3296 3408 τὰ
3322 3355 3589 3424 κράτιστα

1984 3524 1990 3532 ι
2027 3455 2480 3527 βεϐουλευμένοι.’
2517 3449 2711 3523 ᾬοντο
2759 3449 2866 3520 γὰρ
2914 3449 3078 3503 αὗτον
3131 3449 3341 3518 ἀνάγκῃ
3386 3448 3448 3499 τὸ
3493 3447 3591 3500 νῐν

2024 3551 2149 3621 ἔχον
2180 3547 2542 3618 παραδιδόντα
2567 3545 2644 3615 τῷ
2672 3543 2907 3614 γαμερῷ
2929 3541 3158 3611 ὕστερον
3183 3541 3365 3602 αὐτοῖς
3385 3539 3588 3608 πολλὴν

2024 3641 2262 3712 εἰδήσειν
2292 3638 2478 3710 χάριν,
2504 3637 2598 3690 καὶ
2625 3635 2952 3706 ἀμείψεσθαι
2976 3635 3198 3696 πολλαῖς
3225 3633 3585 3701 εὐεργεσίαις,

2023 3734 2106 3786 ὅτι
2137 3734 2236 3800 τῆς
2285 3731 2364 3794 είς
2423 3729 2584 3783 αὐτὸν
2629 3727 2794 3780 ἕνεκα
2846 3726 3078 3790 εὐνοίας,
3133 3727 3225 3778 καὶ
3277 3724 3499 3785 ἄκοντος
3525 3723 3582 3775 τὸ

2023 3824 2200 3878 δοκεῖν
2231 3821 2301 3875 τά
2353 3818 2589 3890 μάλιστα
2629 3815 3018 3870 λυσιτελοῦντα
3069 3814 3334 3885 ἔπραξαν.
3375 3815 3436 3866 '0
3483 3813 3581 3882 μὲν

2021 3908 2117 3967 οὖν
2145 3910 2376 3965 τοιαῦτα
2408 3907 2810 3962 συνεσούλευεν.
2846 3907 3053 3958 Αὐτίκα
3100 3905 3157 3958 δὲ
3211 3903 3486 3957 ἐπείθοντο
3533 3904 3584 3955 οἱ

2022 4003 2214 4059 ἁλλοιο
2269 4003 2468 4073 ᾔδεσαν
2517 4001 2628 4068 γὰρ
2679 3999 2845 4052 αὑτὸν
2889 3999 2998 4050 τῶν
3057 3997 3398 4049 πιστοτάτων
3455 3994 3587 4047 ὂντα

2024 4093 2251 4146 οἰκετῶν
2277 4091 2355 4164 τῷ
2395 4090 2628 4161 βασιλεῖ,
2663 4091 2756 4141 καὶ
2790 4087 2891 4140 οὐκ
2935 4087 3000 4140 ἄν
3046 4103 3098 4138 τι
3152 4085 3259 4138 τῶν
3315 4084 3387 4154 μὴ
3445 4083 3588 4135 κατά

2023 4181 2250 4253 γνώμην
2274 4182 2546 4250 πράξοντα
2569 4176 2778 4246 ἐκείνῳ.
2806 4177 2916 4229 Καὶ
2936 4175 3032 4238 τὰς
3055 4172 3147 4226 τοῦ
3173 4175 3383 4242 πύργου
3410 4174 3589 4234 πύλας

2023 4273 2236 4329 ἔνδοθεν
2271 4271 2671 4340 ἀσφαλίσαντες
2695 4267 2932 4336 μοχλοῖς,
2957 4266 3176 4336 ἐδήλουν
3196 4265 3264 4318 τά
3289 4265 3588 4334 δεδογμένα

2023 4366 2132 4418 ἀπὸ
2158 4364 2266 4418 τῶν
2286 4361 2588 4428 ἐπάλξεων,
2613 4359 2877 4424 Βασιλεὺς
2901 4357 2958 4414 δὲ
2980 4359 3245 4430 ἐξήπτετο
3267 4357 3364 4424 μὲν
3390 4357 3587 4409 αὐτίκα

2025 4458 2100 4528 τῷ
2127 4455 2303 4528 θυμῷ,
2334 4455 2428 4508 καὶ
2458 4453 2526 4507 δι’
2549 4455 2718 4524 ὀργῆς
2747 4451 2942 4514 αὐτοὺς
2971 4444 3083 4528 εἶχε
3117 4452 3215 4520 τῆς
3247 4449 3589 4512 ἀποστασίας

2023 4549 2222 4603 ἕνεκα·
2284 4546 2546 4616 πράττειν
2597 4544 2656 4597 δὲ
2704 4542 2856 4597 οὐδὲν
2908 4541 3127 4594 ἐδύνατο
3175 4541 3282 4593 τῶν
3337 4541 3585 4595 δεόντων.

2024 4637 2296 4692 Πάντοθεν
2347 4635 2403 4688 δὲ
2454 4633 2738 4704 ἀμηχανίᾳ
2799 4619 3170 4702 περισχεθεῗς,
3218 4631 3482 4693 κελεύσας
3530 4633 3590 4683 ἑν

2022 4730 2203 4797 ταυτῴ
2249 4726 2506 4796 γενέσθαι
2541 4726 2749 4787 πάντας
2797 4724 2914 4794 ἅμα
2952 4725 3202 4794 ἡγεμόνι,
3250 4724 3444 4794 πρῶτα
3491 4724 3591 4792 μὲν

2023 4819 2212 4891 ἠρώτα
2246 4821 2312 4888 τῇ
2356 4817 2606 4872 Λατίνων
2639 4816 2928 4886 διαλέκτῳ,
2962 4814 3232 4885 ἐξήσκητο
3272 4813 3380 4882 γὰρ
3419 4815 3590 4884 αὐτὴν

2024 4912 2225 4976 καλῶς,
2285 4911 2333 4964 εί
2383 4908 2543 4963 αὐτὸν
2585 4907 3022 4975 ὲπιγινώσκοιεν.
3065 4907 3188 4958 Τῶν
3224 4907 3280 4958 δὲ
3330 4908 3590 4975 φαμένων

2021 5005 2238 5056 πάντων
2273 4997 2412 5054 εἶναι
2449 4999 2695 5069 βασιλέα,
2732 5000 2823 5051 καὶ
2839 4998 3104 5067 δεσπότην
3141 4996 3308 5064 σφῶν,
3349 4996 3581 5062 Οὐκοῦν,

2021 5095 2148 5164 ἔφη,
2188 5093 2236 5146 εί
2273 5092 2348 5162 μὴ
2383 5091 2442 5143 τὸ
2490 5090 2748 5162 φρούριον
2788 5088 3006 5158 ἐθέλητε
3044 5087 3417 5157 παραδιδόναι,
3452 5087 3588 5140 ἀλλά

2021 5185 2276 5250 καθάπαξ
2325 5185 2683 5245 ἀποστάντες,
2730 5181 2930 5248 ἔγνωτε
2981 5179 3120 5248 πρδς
3171 5165 3407 5249 πόλεμον
3463 5180 3592 5248 ἐμοὶ

2021 5281 2237 5351 χωρεῖν,
2275 5277 2335 5330 τὸ
2375 5276 2476 5345 μὲν
2508 5275 2654 5336 ὅπως
2689 5273 2795 5342 χρὴ
2823 5273 2917 5342 τῆς
2950 5272 3167 5333 ἀδικίας
3201 5271 3585 5342 τιμωρεῖσθαι,

2022 5371 2246 5440 ’ὕστερον
2281 5367 2441 5430 αὐτὸς
2477 5365 2840 5437 βουλεύσομαι
2883 5364 3063 5426 καλῶς
3093 5381 3108 5397 ο
3143 5363 3204 5416 τὺ
3235 5364 3292 5416 δὲ
3337 5364 3432 5416 νῦν
3465 5363 3617 5434 ἕχον’

2019 5462 2320 5532 γράμματα
2352 5460 2551 5513 αὐτίκα
2577 5457 2779 5527 πέμψω
2798 5457 2933 5526 πρὸς
2965 5456 3056 5508 τὸν
3071 5455 3218 5528 ρῆγα
3242 5455 3342 5522 τῆς
3373 5458 3590 5522 ἐξενεγ-

2021 5553 2220 5619 κούσης
2251 5553 2353 5618 γῆς
2399 5550 2564 5617 ὑμᾶς,
2606 5547 3004 5606 ἀπιστοτὰτους
3037 5545 3410 5614 ἀποφαίνοντα
3442 5547 3589 5615 ὑμᾶς

2023 5643 2259 5696 ἕκαστον
2291 5642 2574 5710 όνομαστ),
2609 5640 2702 5692 καὶ
2745 5639 2840 5699 τάς
2874 5637 3098 5706 γνώμας
3132 5629 3583 5708 διεφθαρμένους,

2021 5734 2114 5785 καὶ
2145 5731 2325 5796 ἀξίους
2356 5707 2589 5799 ούδενδς,
2623 5731 2708 5784 ὄτι
2736 5731 2796 5782 τὸ
2823 5728 3088 5801 φρούριον
3111 5727 3246 5800 ἐμοῦ
3275 5707 3589 5800 παραδεδω-
