3964 6210
331 363 432 426 313

1477 363 2007 428 lliSTORlAliUM
2054 367 2280 428 LIBER
2329 367 2430 428 ιν.

3446 364 3554 428 314

246 555 248 558 ν
332 478 504 539 κότος,
553 478 645 528 καὶ
697 475 867 528 πολλὰ
905 476 1250 541 ἀναλωκότος
1302 479 1564 558 χρήματα
1617 480 1752 548 πρὸς
1797 481 1891 549 τὴν

2001 480 2138 535 lldia:
2192 481 2508 548 opinionem
2577 491 2802 546 parere,
2851 476 3054 546 egressi
3108 477 3176 532 de
3232 479 3558 547 munitione,

334 567 668 638 μισθοφορὰν
701 568 876 636 ὑμῶν,
944 569 1039 622 καὶ
1071 569 1224 621 οὐδὲν
1260 549 1514 622 οὐδέποτε
1549 571 1892 641 ἠδικηκότος,

330 657 486 708 ἄδικα
537 658 628 707 καὶ
693 655 844 725 βίαια
901 657 1180 720 ποιοῦντες
1233 657 1408 721 αὐτοὶ,
1475 658 1889 727 ἀπεστερήσατε

329 747 821 815 όμηφρονήσαντες,
871 747 957 798 ὅτε
999 748 1270 816 κατέστην
1315 747 1550 816 μάλιστα
1599 749 1656 800 ἓν
1712 747 1891 817 χρείᾳ,

332 835 392 887 ἶν’
437 837 583 902 εἴητε
624 837 682 887 ὲν
715 837 882 888 πᾶσιν
911 836 1220 905 ἀνθρώποις
1249 837 1432 906 ἄτιμοι
1492 838 1588 888 καὶ
1649 837 1891 899 ἄπιστοι,

331 927 417 978 καὶ
459 925 646 994 μηδεὶς
680 927 809 995 ὑμῖν
847 925 928 978 ἔτι
973 927 1223 997 προσέχῃ
1252 927 1344 980 τοῦ
1374 927 1595 993 λοιποῦ,
1644 927 1758 982 ἀλλ’
1788 928 1893 981 ὑπὸ

327 1015 544 1067 πάντων
571 1014 980 1085 άπελαύνησθε.
1013 1015 1249 1068 Τοιαῦτα
1280 1015 1379 1085 μὲν
1412 1018 1440 1068 ὁ
1474 1015 1726 1084 βασιλεὺς
1749 1011 1892 1085 ¹ειτρ“ς

327 1107 451 1166 τοὶς
483 1105 744 1166 Λατίνους
781 1104 1052 1174 διελέχθη.
1121 1104 1353 1157 Ἐκεῖνοι
1381 1104 1438 1157 δὲ
1481 1105 1543 1157 τὸ
1570 1103 1730 1168 δόξαν
1758 1107 1889 1158 άπιο

328 1195 485 1256 στίας
529 1195 744 1257 ἑαυτοῖς
789 1195 1219 1264 προστρίϐεσθαι
1260 1196 1524 1263 μεγίστην
1559 1196 1890 1264 ἡγησάμενοι

326 1287 550 1354 ζημίαν,
583 1288 675 1338 καὶ⁵
699 1286 870 1338 πολλά
894 1286 990 1355 τῆς
1015 1286 1217 1354 τόλμης
1241 1286 1404 1338 ἕνεκα
1439 1287 1576 1354 σφᾶς
1593 1302 1649 1336 τε
1669 1286 1890 1348 αὐτοὺς,

327 1375 416 1428 καὶ
448 1379 539 1428 τὸν
570 1376 808 1444 ἄρχοντα
847 1377 1363 1445 καταμεμψάμενοι,
1397 1377 1595 1430 αὐτίκα
1624 1377 1718 1428 τοῦ
1753 1377 1891 1445 πύρ-

326 1483 417 1534 γου
479 1466 808 1528 ἐξελθόντες,
866 1465 1131 1533 βασιλέως
1177 1466 1383 1518 ἐδέοντο
1421 1465 1750 1536 συγγνώμην
1798 1464 1890 1516 τοῦ

325 1552 674 1620 τολμήματος
707 1551 994 1619 παρέχειν,
1030 1551 1101 1613 ὡς
1133 1552 1193 1603 οὐ
1226 1552 1313 1604 διὰ
1348 1551 1569 1611 κακίαν,
1606 1550 1719 1604 ἀλλ’
1750 1551 1892 1617 ὑπὲρ

327 1643 489 1696 αὑτοῦ
521 1643 809 1712 νομίσασιν
840 1639 980 1694 εἶναι
1018 1643 1217 1711 μᾶλλον
1248 1642 1651 1711 πεπραγμένων
1678 1657 1691 1670 ·
1727 1658 1893 1709 παρε-

327 1735 497 1786 δίδουν
528 1751 589 1802 τε
617 1733 694 1802 τῷ
746 1735 959 1802 βασιλεῖ
991 1734 1050 1786 τὸ
1075 1735 1356 1804 φρούριον.
1403 1733 1609 1785 Αὐτίκα
1644 1731 1698 1783 δὲ
1731 1748 1894 1799 μετα-

1995 571 2148 624 illum
2207 570 2450 624 audacia!
2476 584 2589 623 sua:
2638 579 2698 622 ut
2764 569 3034 638 ignoscat.
3066 569 3326 639 majorem
3360 569 3412 622 in
3441 585 3560 623 mo-

2000 663 2130 714 dum
2181 670 2478 729 precantur
2511 675 2677 728 τίμιαι
2715 659 2971 722 fecerim,
3011 675 3118 714 non
3160 661 3426 728 pravitate
3459 662 3563 716 ali.-

1993 765 2100 818 qua
2157 750 2373 809 fecisse,
2400 748 2495 803 sed
2549 749 2677 818 quia
2710 749 2764 802 in
2792 750 2912 818 ejus
2939 763 3052 803 rem
3085 749 3199 802 fore
3227 751 3556 818 putaverint.

1993 839 2071 894 Ita
2103 839 2440 895 deditionem
2489 839 2539 893 ei
2591 837 2816 898 faciunt,
2873 837 3165 908 subitoque
3216 855 3416 909 genero
3465 856 3558 894 ae-

1990 932 2214 993 cersito.
2273 931 2480 992 Latinis
2533 931 2716 986 claves
2758 930 3135 991 offerentibus.
3173 945 3266 986 eas
3307 932 3381 985 illi
3428 948 3558 1002 por-

1993 1021 2166 1091 rigit:
2217 1023 2308 1091 qui
2359 1021 2566 1076 Latinis
2597 1022 2924 1080 amandatis.
2980 1022 3156 1077 altero
3188 1021 3276 1076 die
3326 1023 3394 1077 de
3441 1026 3556 1078 suis

1990 1110 2308 1180 praesidium
2336 1109 2408 1162 ibi
2445 1110 2717 1175 collocat;
2753 1125 2853 1164 nec
2877 1108 2972 1164 diu
3005 1119 3150 1178 post,
3174 1112 3320 1179 quod
3352 1111 3560 1166 instau-

1991 1209 2169 1254 ratum
2221 1208 2372 1262 erat,
2427 1199 2626 1254 evertit
2691 1201 2942 1267 penitus,
2992 1200 3279 1269 locumque
3329 1201 3554 1256 deserit.

1990 1287 2293 1358 Imperator
2343 1289 2511 1358 igitur
2582 1289 3008 1342 Cantacuzenus
3057 1288 3113 1342 in
3177 1290 3375 1358 palatio
3431 1307 3555 1344 cum

1991 1394 2285 1434 numeroso
2311 1378 2580 1433 famulitio
2637 1379 2867 1448 degebat
2898 1396 2914 1433 :
2940 1378 3274 1448 Palwologus
3297 1389 3474 1433 autem
3502 1381 3554 1433 in

1993 1471 2158 1526 domo
2192 1470 2425 1539 quadam
2477 1469 2700 1538 insigni,
2749 1485 2870 1538 qute
2905 1469 3099 1537 Aquila
3149 1470 3455 1524 dicebatur.
3493 1471 3558 1524 At

1993 1564 2228 1633 populus
2283 1562 2598 1631 Byzantius.
2648 1562 2762 1614 sive
2803 1577 2856 1622 ,a
2904 1562 3180 1614 nonnullis
3211 1562 3556 1618 sollicitatus.

1992 1655 2128 1716 sive,
2157 1664 2216 1708 ut
2249 1652 2549 1707 multitudo
2586 1653 2747 1716 solet,
2793 1651 3029 1705 stultitia
3071 1663 3125 1706 et
3155 1667 3294 1706 caeca
3325 1654 3558 1721 quadam

1995 1743 2224 1799 audacia
2281 1744 2552 1814 agitatus,
2594 1758 2659 1796 ac
2717 1742 2981 1795 novitatis
3040 1741 3277 1796 absurde
3330 1742 3562 1810 cupidus

329 1822 686 1891 πεμψάμενος
734 1827 826 1874 καὶ
850 1821 1078 1888 βασιλέα
1106 1821 1193 1873 τὸν
1215 1823 1484 1890 γαμϐρὸν,
1511 1819 1618 1871 τῶν
1646 1818 1888 1871 Λατίνων

1998 1836 2186 1890 turbas
2213 1811 2415 1897 ciebat,
2447 1833 2922 1902 permiscebatque
2963 1830 3168 1896 omnia,
3202 1841 3258 1886 et
3299 1832 3364 1884 ad
3399 1848 3562 1886 omne

330 1912 418 1973 τὰς
457 1913 608 1974 κλεῖς
645 1915 1100 1980 παρεσχημένων,
1144 1912 1307 1972 αὐτὸς
1337 1913 1640 1980 παρέσχετο
1677 1908 1753 1976 τῷ
1788 1911 1892 1977 νέῳ

334 2004 559 2072 βασιλεῖ.
627 1993 702 2055 ’0
738 2003 794 2054 δὲ
840 2002 1106 2072 εἰσήγαγε
1151 2003 1392 2072 φρουρὰν
1446 2003 1509 2053 ὲκ
1554 2000 1663 2050 τῶν
1723 1999 1885 2063 ἰδίων,

337 2097 476 2170 μετὰ¹
513 2096 647 2164 μίαν
686 2095 897 2163 ἡμέραν
940 2095 1066 2156 τοὺς
1123 2093 1386 2155 Λατίνους
1437 2091 1736 2156 ἐξελάσαςο
1796 2091 1892 2142 καὶ

344 2189 462 2256 μετά
490 2187 692 2257 μικρὸν
723 2180 1062 2255 κατέστρεψε
1085 2186 1266 2238 πᾶσαν
1287 2185 1384 2255 τὴν
1413 2185 1730 2253 ἐπισκευὴν,
1759 2200 1892 2234 παν-

347 2279 526 2330 τάπασι
559 2278 620 2328 τὸ
654 2279 911 2346 φρουρεῖν
941 2275 1275 2329 καταλιπών.
1306 2273 1568 2335 Βασιλεὺς
1606 2292 1644 2342 μ
1676 2292 1705 2325 ν
1749 2270 1841 2326 οὗν
1863 2277 1890 2326 6

360 2367 775 2434 Καντακουζηνὸς
823 2366 1092 2436 διέτριϐεν
1123 2367 1180 2417 ὲν
1213 2364 1504 2435 βασιλείοις
1570 2365 1685 2435 ἅμα
1737 2365 1890 2435 βασι-

360 2456 444 2508 λίδι
491 2460 552 2524 τῇ
600 2457 829 2526 Εἰρήνῃ,
870 2457 964 2508 καὶ
1009 2457 1122 2518 τοῖς
1172 2458 1300 2520 περὶ
1352 2454 1538 2516 αὑτὸν,
1583 2452 1734 2506 οὖσιν
1791 2454 1891 2507 οὐκ

349 2549 555 2614 ὀλίγοις
591 2547 843 2614 βασιλεὺς
877 2548 932 2599 δὲ
959 2547 986 2598 6
1021 2549 1136 2609 νέος
1190 2549 1244 2598 ὲν
1278 2545 1426 2616 οἰκίᾳ
1458 2546 1562 2597 τινὶ
1593 2545 1760 2615 ἑτέρᾳ¹
1782 2544 1889 2596 τῶν

342 2640 641 2708 περιφανῶν
699 2639 869 2690 Δετὸν
897 2639 1441 2708 προσαγορευομένῃ.
1487 2635 1546 2687 '0
1582 2635 1754 2702 δῆμος
1779 2635 1833 2686 δὲ
1864 2637 1891 2685 6

334 2727 632 2791 Βυζαντίων
663 2769 678 2792 ,
715 2731 822 2780 είτε
863 2731 958 2780 καὶ
1003 2727 1107 2780 ὑπό
1149 2745 1308 2780 τινων
1351 2727 1680 2796 ἐναγόμενος
1709 2765 1724 2789 ,
1779 2727 1883 2777 ε.0’

329 2820 508 2890 ὥσπερ
542 2821 690 2888 φιλεῖ
717 2822 774 2872 τὸ
803 2821 1032 2888 πλῆθος,
1072 2820 1163 2872 ὑπ’
1197 2821 1488 2881 ἀσυνεσίας
1534 2821 1629 2871 καὶ
1663 2819 1886 2886 εὐλόγου

325 2914 623 2982 φερόμενος
654 2911 853 2983 ὁρμῆς,
883 2912 1097 2976 ἀτόπως
1146 2913 1252 2982 ἦρα
1282 2911 1382 2980 τῆς
1431 2910 1760 2979 μεταϐολῆς,
1795 2910 1890 2962 καὶ

325 3003 621 3072 ἐθορύϐουν
671 3005 1052 3067 ἀτακτοῦντες,
1100 3003 1196 3057 καὶ
1248 3003 1424 3055 πάντα
1482 2998 1620 3070 ἦσαν
1680 3000 1888 3069 ἕτοιμοι

1993 1928 2209 1982 facinus
2259 1936 2482 1996 paratus
2513 1937 2650 1979 erat.
2694 1925 2760 1978 Et
2800 1925 3100 1984 ferebatur.
3154 1923 3419 1992 quosdam
3467 1939 3562 1978 au-

1991 2016 2162 2075 licos,
2221 2013 2313 2082 qui
2374 2024 2549 2080 nuper
2617 2012 2948 2065 videbantur
2986 2010 3559 2088 Obenevolenlissimi,

1989 2103 2341 2156 commutatis
2389 2100 2768 2155 voluntatibus
2827 2099 3052 2152 insidias
3109 2097 3310 2158 moliri,
3342 2105 3398 2150 et
3435 2112 3560 2150 cum

1987 2193 2526 2263 jnnior'imperator
2585 2189 2903 2260 Byzantium
2959 2185 3560 2247 inveberetur,Canta-

1991 2282 2183 2338 cuzeni
2213 2297 2418 2351 eqnum
2447 2281 2501 2333 in
2542 2279 2656 2348 ipsa
2693 2293 2873 2346 pugna
2898 2275 3214 2330 decrevisse
3237 2272 3554 2332 confodere;

1989 2373 2354 2442 Opinabantur
2373 2371 2543 2430 enim,
2569 2385 2690 2422 mox
2725 2369 2778 2421 in
2808 2365 3167 2436 Pulseolognm
3210 2365 3550 2426 invasurum,

1989 2475 2042 2518 et
2099 2471 2387 2532 postquam
2443 2475 2623 2530 pugna
2681 2458 2924 2523 amissa,
2970 2466 3188 2525 pactum
3246 2454 3558 2518 inivernul,

1991 2558 2309 2627 ignorantes
2335 2553 2778 2609 Cantaeuzenum
2811 2549 2962 2603 brevi
2997 2546 3229 2618 imperio
3261 2546 3558 2607 abiturum,

1988 2648 2308 2718 priusquam
2362 2643 2623 2697 accersita
2674 2640 2930 2694 venirent
2979 2637 3204 2700 auxilia,
3239 2651 3363 2689 eum
3409 2635 3560 2688 festi-

1989 2748 2119 2793 nato
2169 2736 2422 2791 occidere
2473 2733 2738 2786 voluisse.
2779 2729 3093 2784 Credebant
3127 2741 3384 2794 namque,
3421 2725 3464 2778 si
3495 2741 3558 2778 ea

1988 2830 2364 2890 advenissent.
2389 2840 2514 2882 eum
2540 2839 2636 2894 pro
2661 2831 2816 2877 certo
2847 2835 3038 2874 rursus
3069 2827 3242 2872 totum
3268 2819 3557 2886 imperium

1989 2922 2096 2978 sibi
2155 2927 2570 2990 usurpaturum,
2605 2914 2932 2978 illorumqne
2964 2911 3019 2964 in
3047 2924 3106 2964 se
3149 2908 3369 2963 facinus
3403 2906 3562 2976 puni-

1991 3022 2198 3066 tnrum.
2245 3011 2312 3064 At
2361 3007 2508 3062 enim
2561 3003 3004 3064 Cantacnzenus,
3038 3008 3098 3052 ut
3141 3015 3246 3051 non
3285 2999 3446 3066 longo
3477 2997 3558 3049 in-

318 3093 542 3163 τολμᾷν.
587 3093 832 3161 Ἐλέγετο
861 3096 914 3146 δὲ
948 3094 1021 3157 ὡς
1063 3096 1156 3147 καὶ
1181 3093 1289 3146 τῶν
1319 3095 1587 3146 συνόντων
1640 3095 1697 3146 ὲν
1733 3093 1884 3162 βασι-

1993 3103 2222 3161 tcrvallo
2250 3117 2279 3155 a
2309 3099 2474 3154 rebus
2516 3096 2678 3150 ﬂuxis
2721 3110 2778 3148 se
2809 3092 3174 3153 abducturus,
3201 3089 3558 3155 Palmoloynn

319 3183 473 3248 λείοις
520 3188 578 3238 oi
614 3187 850 3254 μάλιστα
880 3188 1146 3256 πρότερον
1193 3187 1473 3249 δοκοῦντες
1532 3185 1703 3248 εὔνως
1742 3185 1886 3255 ἔχειν

316 3272 726 3325 ἐπιϐουλεύοιεν
753 3273 1146 3342 μεταϐαλόντες
1169 3289 1183 3301 ·
1223 3275 1316 3325 καὶ
1345 3271 1611 3343 πρότερόν
1637 3289 1696 3324 τε
1726 3274 1888 3343 ἡνίκα

317 3363 578 3431 βασιλεὺς
620 3367 647 3417 6
679 3366 796 3427 νέος
827 3366 1080 3434 είσήλασε
1129 3364 1440 3429 Βυζάντιοκ,
1489 3365 1578 3416 τὸν
1625 3364 1890 3433 βασιλέως

315 3454 474 3506 ἵππον
537 3453 934 3524 βεϐουλεῦσθαι
1004 3455 1351 3509 ἀποκτείνειν
1413 3455 1501 3507 ἐπ’
1558 3455 1729 3524 αὐτῆς
1788 3455 1890 3523 τῆς

313 3553 495 3617 μάχης
527 3564 546 3579 ο
591 3546 760 3616 ᾤοντο
802 3551 909 3618 γὰρ
943 3550 1106 3602 αὑτὸν
1136 3549 1341 3603 αὐτίκα
1371 3551 1647 3620 χωρήσειν
1678 3550 1770 3601 ἐπὶ
1799 3549 1889 3601 τὸν

310 3643 425 3693 νέον
463 3639 745 3710 βασιλέα·
799 3659 833 3692 κ
871 3642 892 3692 ὶ
931 3641 1121 3710 ἐπειδὴ
1159 3641 1259 3692 οὐκ
1307 3643 1600 3710 ἐγεγένητο
1638 3641 1670 3708 ἡ
1717 3638 1889 3708 μάχη,

309 3733 423 3785 ἀλλ’
437 3733 744 3802 ἐχώρησαν
769 3732 861 3783 ἐπὶ
880 3731 1199 3800 συμϐάσεις,
1223 3733 1537 3796 ἀγνοοῦντες
1556 3733 1634 3784 ὅτι
1653 3729 1892 3801 βούλοιτο

309 3826 448 3891 μετὰ
486 3824 699 3894 μικρὸν
733 3823 992 3892 βασιλεὺς
1023 3825 1051 3875 ὀ
1087 3811 1541 3893 Καντακουζηνδς
1575 3821 1892 3874 ἀπολείπειν

306 3915 398 3983 τὴν
427 3915 646 3982 ἀρχὴν,
683 3921 811 3981 πρὶν
853 3914 952 3982 τὴν
1010 3913 1496 3981 μεταπεμφθεῖσαν
1548 3912 1702 3983 ἥκειν
1731 3925 1894 3979 στρα·

305 4006 448 4067 τιάν,
482 4002 819 4070 ἐπείγεσθαι
849 4004 1189 4056 ἀποκτείνειν
1217 4002 1665 4073 βαςιλέα.¹’ῼοντο
1689 4003 1816 4072 γὰρ,
1843 4001 1894 4052 εί

305 4095 694 4165 παραγένοιτο
728 4094 757 4162 ἡ
794 4092 1046 4162 στρατιὰ,
1086 4087 1242 4154 αὖθις
1292 4088 1620 4155 ἀνθέξεσθαι
1658 4092 1894 4162 βεϐαίως

305 4183 410 4232 τῶν
442 4181 829 4252 πραγμάτων,
870 4182 964 4230 καὶ
1005 4180 1105 4248 τῆς
1159 4182 1238 4243 εἰς
1289 4180 1453 4232 αὐτὸν
1499 4182 1894 4252 ἀγνωμοσύνης

304 4273 673 4342 ἀμυνεῖσθαι.
706 4270 1043 4348 Βασιλεὺςδὲ
1068 4271 1095 4323 6
1118 4271 1589 4338 Καντακουζηνὺς,
1624 4265 1712 4324 οἷα
1742 4271 1804 4340 δὴ
1833 4289 1896 4324 εκ

301 4367 412 4416 τῶν
449 4365 820 4434 πραγμάτων
875 4363 1010 4431 μετά
1045 4362 1240 4430 μικρὸν
1271 4363 1574 4430 ἀναχωρεῖν
1610 4361 1898 4431 βεϐουλευ-

1997 3197 2049 3250 in
2098 3193 2360 3265 palatium
2415 3190 2766 3244 introducere
2817 3186 3003 3256 jussit,
3063 3181 3438 3249 translatoque
3504 3181 3592 3235 in‘

1961 3287 2146 3352 illum
2199 3285 2452 3354 imperio,
2504 3281 2762 3336 secedere
2812 3276 3090 3347 cogitavit.
3128 3272 3286 3340 Quod
3343 3287 3467 3328 cum
3501 3281 3560 3344 et

1993 3376 2164 3430 lrena
2215 3372 2430 3443 conjngi
2491 3367 3105 3442 placuisset,gradiens
3157 3365 3210 3418 in
3265 3361 3411 3417 sedes
3465 3361 3558 3416 ubi

1992 3463 2390 3526 diversabatur,
2441 3462 2506 3512 ad
2557 3457 2817 3528 palatium
2880 3452 3232 3508 habitandum
3289 3466 3418 3506 eum
3477 3451 3562 3503 in-

1992 3555 2128 3610 vitat
2186 3571 2199 3606 :
2258 3549 2558 3606 absurdum
2618 3562 2741 3602 che
2810 3546 3020 3609 dicens,
3069 3542 3204 3598 foris
3254 3547 3559 3595 mutantem

1994 3643 2273 3701 domicilia
2323 3641 2529 3709 vagari,
2568 3646 2627 3691 ut
2683 3635 2918 3706 populus
2950 3634 3092 3688 inter
3130 3647 3227 3687 eos
3270 3629 3560 3686 dissidimn

1991 3751 2113 3792 esse
2163 3729 2580 3804 judicetyNon
2643 3730 2790 3782 enim
2870 3725 2976 3780 dici
3043 3738 3230 3794 posse,
3297 3721 3558 3793 palatium

1954 3837 2360 3894 utrorumque
2421 3819 2751 3876 habitationi
2811 3833 2920 3871 non
2975 3814 3260 3878 sullicere';
3315 3829 3441 3868 nam
3501 3821 3563 3867 ut

1997 3933 2146 3972 nunc
2175 3924 2283 3979 est,
2319 3929 2422 3970 non
2469 3911 2657 3981 paucis
2705 3909 2861 3962 annis
2894 3905 3196 3960 suﬂecisse.
3229 3904 3437 3957 Annuit
3467 3903 3564 3973 juc-

1997 4007 2118 4063 nior
2155 4006 2472 4073 imperator,
2515 4011 2572 4054 et
2602 3999 2754 4053 brevi
2784 4005 3076 4051 venturum
3124 4009 3183 4048 se
3244 3991 3560 4062 spopondit,

1997 4097 2285 4165 oravitque
2339 4101 2401 4148 ut
2452 4092 2506 4145 in
2566 4089 2757 4145 eadem
2810 4087 2972 4142 domo
3029 4083 3097 4138 ad
3148 4083 3338 4152 epulas
3375 4097 3560 4137 secum

1997 4188 2370 4245 accumberet.
2402 4180 2939 4252 Comprandcntibus
2979 4175 3406 4247 imperatoribus
3430 4173 3565 4228 foris

1999 4280 2265 4348 Strepitus
2318 4290 2519 4338 novus,
2574 4275 2878 4332 tumultus.
2927 4279 2982 4323 et
3039 4266 3290 4322 confusio
3329 4265 3563 4327 exsistit.

1999 4369 2163 4440 877
2217 4367 2351 4422 Nam
2388 4365 2537 4434 plebs
2571 4363 2638 4416 ad
2670 4361 2816 4416 aedes
2865 4357 3209 4428 conglobata,
3246 4355 3566 4410 existimans

302 4461 494 4526 μένος,
561 4456 836 4523 ἐσκέψατο
885 4455 1109 4524 βασιλέα
1169 4455 1260 4506 τὸν
1313 4459 1431 4507 νέον
1485 4457 1544 4506 ἐν
1599 4454 1891 4522 βασιλείοις

1999 4476 2058 4515 se
2084 4458 2384 4528 Palwologo
2420 4461 2633 4524 gratum
2679 4451 2884 4513 facere,
2917 4449 2970 4501 in
3019 4446 3385 4502 Cantacuzeni
3430 4445 3567 4500 ami-

297 4553 485 4618 ἄγειν,
530 4548 640 4603 καὶ
689 4548 963 4616 παραδοὺς
1014 4545 1112 4615 τὴν
1150 4547 1323 4615 ἀρχὴν
1375 4543 1524 4613 αὐτῷ
1563 4547 1892 4614 ἀποχωρεῖν.

310 4644 477 4696 Ἐπεὶ
517 4643 586 4694 δὲ
623 4639 802 4692 ταῦτα
837 4639 929 4691 καὶ
967 4637 1196 4707 βασιλίδι
1232 4640 1298 4705 τῇ
1348 4638 1552 4707 Εἰρήνῃ
1591 4639 1893 4701 συνεδόκει,

301 4738 620 4806 γενόμενος
681 4735 737 4786 ὲν
870 4729 1137 4799 διέτριϐεν
1181 4729 1208 4780 ό
1255 4730 1378 4790 νέος
1420 4728 1675 4797 βασιλεὺς
1726 4727 1894 4797 οἰκίᾳ,

300 4831 500 4881 ἐκάλει
566 4828 663 4878 ἐπὶ
701 4825 771 4876 τὰ
825 4822 1108 4891 βασίλεια·
1158 4821 1357 4873 ἄτοπον
1408 4815 1548 4872 εἶναι
1595 4818 1769 4886 λέγων
1818 4819 1896 4886 μὴ

298 4921 456 4989 αὐτῷ
488 4922 560 4972 ὲν
593 4915 889 4986 βασιλείοις
919 4912 1340 4981 συνδιατρίϐειν,
1363 4909 1475 4963 ἀλλ’
1506 4910 1612 4975 ἐξω
1632 4909 1898 4980 περιπλα-

298 5016 544 5074 viatici,
591 5009 891 5078 ἀμείϐοντα
945 5006 1119 5058 οίκίαν
1150 5006 1209 5069 ἐξ
1237 5007 1434 5069 οἰκίας,
1467 5003 1608 5056 ὥστε
1641 5005 1735 5056 καὶ
1785 5003 1896 5064 τοῖς

297 5107 492 5168 ἄλλοις
522 5103 711 5156 δοκεῖν
742 5101 937 5161 αὐτοὺς
985 5097 1234 5166 ἀλλήλοις
1266 5098 1539 5149 άπιστεῖν.
1574 5096 1646 5149 Οὐ
1697 5095 1806 5164 γάρ
1833 5094 1899 5163 δὴ

2002 4567 2118 4617 cos,
2150 4564 2292 4620 quos
2350 4546 2598 4617 putabat,
2647 4541 2926 4598 involabat
2969 4558 2982 4595 :
3029 4548 3085 4593 et
3128 4537 3476 4608 quibusdam,
3510 4535 3565 4586 in

2003 4657 2142 4712 quos
2171 4639 2459 4702 inciderat,
2482 4636 2551 4690 de
2577 4634 2740 4704 equis
2767 4629 3307 4700 descenderejussis,
3334 4625 3437 4695 ipsi
3469 4637 3566 4677 eos

2003 4711 2340 4798 abripientes
2408 4723 2802 4779 ascendebant.
2870 4721 3021 4774 Alios
3082 4718 3204 4773 sine
3258 4711 3567 4771 sessoribus

2004 4823 2362 4890 reperientes,
2414 4815 2668 4872 similiter
2717 4811 3058 4866 anierebant.
3091 4808 3450 4876 Imperatores
3482 4811 3567 4854 tu—

2004 4913 2209 4967 multus
2237 4923 2401 4965 causa
2448 4905 2749 4964 intellecta.
2782 4901 3052 4956 ministris
3087 4895 3412 4967 quibusdam
3449 4900 3569 4944 tur-

1998 5007 2096 5061 bas
2147 5000 2398 5064 sedandi,
2450 5005 2505 5053 et
2551 5011 2726 5065 equos
2780 4990 3062 5063 repetendi
3098 4987 3374 5067 negqtium
3412 4983 3561 5034 dant.

1996 5095 2078 5148 llli
2110 5093 2375 5159 imperata
2427 5091 2832 5154 exsequuntur,
2864 5090 2916 5134 et
2967 5091 3140 5146 equos
3166 5074 3233 5129 ad
3272 5087 3440 5125 unum
3472 5085 3562 5121 rc-

293 5201 467 5252 τοῦτο
506 5196 587 5251 ἄν
614 5210 701 5254 τις
743 5191 899 5261 φαίη,
931 5191 1004 5252 ὡς
1033 5191 1132 5242 οὐκ
1165 5187 1490 5258 ὲξαρκοῦσιν
1517 5188 1797 5257 ἑκατέροις
1830 5186 1891 5238 τὰ

1997 5192 2205 5252 CCptos,
2231 5177 2470 5232 dominis
2503 5175 2834 5230 restituunt,
2865 5185 2927 5224 ac
2958 5168 3170 5238 plebem
3204 5163 3407 5228 verbis,
3433 5163 3565 5231 quin

297 5291 581 5360 βασίλεια
631 5252 768 5353 πρὸς
801 5252 1032 5352 οἴκησιν.
1079 5282 1159 5334 Τὰ
1326 5252 1463 5332 ὄντα
1497 5278 1592 5332 νῦν
1619 5252 1711 5332 καὶ
1767 5278 1891 5348 πρό-

1999 5285 2054 5329 ct
2081 5270 2266 5326 multis
2299 5267 2623 5322 verberibus
2651 5267 2966 5332 castigatam
3004 5252 3250 5329 abigunt.

295 5346 464 5454 lupo-1
496 5381 618 5433 οὐκ
635 5346 837 5445 ὀλίγοις
874 5346 1050 5428 ἐτεσιν
1080 5346 1372 5445 ἐξήρκουν.
1414 5371 1691 5426 Ἐπείθετό
1754 5346 1824 5422 τε-
1883 5369 1975 5423 καὶ
2011 5369 2038 5421 ὁ
2075 5366 2190 5428 νέος
2243 5361 2519 5433 βασιλεὺς.
2565 5361 2659 5411 καὶ
2707 5357 2959 5409 συνέθετο
2996 5354 3150 5424 ἥξειν
3203 5347 3318 5420 μετ’
3367 5346 3570 5414 ὀλίγον’

295 5447 439 5553 Τέῖε
509 5478 580 5531 δὲ
617 5477 784 5528 ἐδεῖτο
824 5474 881 5525 ἐν
922 5472 1057 5543 αὐτῇ
1102 5474 1166 5546 τῇ
1204 5471 1353 5540 οἰκία
1401 5470 1621 5540 ἄριστον
1666 5466 1904 5519 ἑλέσθαι.
1939 5463 2154 5526 Μεταξὺ
2206 5461 2262 5512 δὲ
2331 5457 2579 5527 ἀλλήλοις
2644 5451 3066 5523 τῶντβασιλέων
3103 5447 3571 5517 συνεστιωμὲνων,

300 5578 567 5647 Bagoae;
609 5570 836 5638 ἠκούετο
875 5568 1074 5633 ἔξωθεν
1113 5567 1303 5629 πολὺς,
1341 5567 1432 5618 καὶ
1478 5564 1741 5633 σύγχυσις
1783 5561 1930 5630 δεινὴ
1970 5561 2065 5612 καὶ
2092 5556 2308 5620 ἀταξία.
2349 5554 2408 5608 Ὀ
2449 5554 2558 5623 γὰρ
2588 5551 2757 5619 δῆμος
2788 5550 2917 5619 περὶ
2949 5547 3048 5618 τὴν
3085 5544 3265 5597 οἰκίαν
3300 5542 3576 5609 συνειλεγο

298 5674 475 5742 μένος
534 5669 606 5718 ἐν
637 5658 952 5734 ᾖδιέτριϐεν
978 5661 1004 5711 6
1047 5658 1325 5727 βασιλεὺς,
1357 5659 1451 5712 καὶ
1484 5657 1833 5726 νομίσαντεςς
1868 5653 1941 5715 ὡς
1980 5649 2348 5721 κεχαρισμένα
2416 5644 2708 5715 πράττοιεν
2745 5643 2822 5711 τῷ
2857 5645 2964 5710 νέῳ
3003 5639 3233 5711 βασιλεῖ,
3276 5637 3573 5707 ἐτράποντο

2471 5737 2495 5742 _
2583 5739 2602 5742 ._
2821 5739 2828 5742 .
2926 5736 2949 5742 ρ
2985 5735 3007 5742 -
3028 5736 3038 5742 .
3056 5736 3080 5742 μ
3187 5732 3198 5742 .
3493 5717 3570 5742 κγ-

300 5771 402 5820 ἐπὶ
435 5764 585 5822 τοὺς
622 5757 909 5818 δοκοῦντας
932 5756 1121 5818 εὔνους
1160 5751 1300 5808 εἶναι
1367 5751 1577 5822 βασιλεῖ
1637 5752 1713 5819 τῷ
1749 5744 2206 5816 Καντακουζηνῷ,
2275 5743 2366 5794 κοιλ⁸
2431 5737 2536 5794 τῶν
2582 5739 2764 5790 ἵππων
2809 5735 3229 5800 ἀποϐιϐἀζοντὲς

3178 5732 3229 5794 ές
3276 5746 3448 5794 τινας,
3485 5717 3570 5778 οἷς
