3964 6210
476 337 585 404 319

1652 343 1975 403 JOANNIS
2013 340 2533 403 CANTACCZENI

3572 346 3699 410 320'

480 454 843 508 Barbarorum
878 452 1214 523 irruptiones
1246 469 1274 506 a
1311 453 1640 523 quibusdam
1676 455 1929 524 agiieolis
1955 453 2051 506 ha-

2173 471 2335 516 ιενυς,
2366 454 2617 522 τριήρεις
2656 453 2973 521 ὲφοπλίσας,
3013 456 3363 525 ἐστράτευσεν
3388 457 3466 509 ἐπ’
3490 461 3665 515 ἐκεῖνον

480 546 734 605 bitatmn,
758 545 1017 614 oppidum
1055 560 1281 612 parvum
1315 555 1558 600 evaserat
1599 565 1612 601 :
1652 548 1776 608 hoc,
1804 547 2048 615 inquam,

482 638 732 707 priesidio
767 639 1035 700 tradente,
1059 638 1125 692 ad
1157 638 1316 693 fidem
1349 657 1502 696 suam
1527 643 1771 696 adduxit.
1805 644 1885 697 Ex
1907 642 2051 696 {Eoo

479 745 646 800 porro
693 729 1060 797 Nicephorum
1126 734 1335 787 militia:
1380 737 1593 789 socium
1657 738 1905 797 habens.
1954 752 2053 805 per

480 821 851 874 continentem
922 823 1328 883 Perithcorinm
1392 829 1594 887 movit.
1648 844 1882 897 cumque
1936 830 2053 897 ejus

476 911 741 977 prmfccto
790 913 1004 967 occulte
1056 929 1153 982 per
1206 915 1604 972 internuntium
1654 919 1722 973 de
1780 922 1914 973 urbe
1953 921 2050 971 de.-

481 1002 658 1055 deuda
713 1004 1057 1068 collocutus,
1110 1008 1506 1076 promissorum
1574 1011 1949 1080 magnitudine
1985 1028 2051 1065 eo

481 1094 715 1162 impulit.
782 1095 948 1165 880
990 1097 1276 1152 Matthazus
1330 1100 1625 1169 imperator
1688 1102 1919 1164 timens,
1985 1117 2054 1155 ne

483 1185 613 1251 quid
647 1184 874 1249 fraudis,
900 1196 954 1239 et
987 1189 1245 1256 nequitia:
1284 1190 1428 1243 circa
1458 1192 1649 1245 urbem
1680 1194 2052 1246 committere-

488 1283 600 1338 tur,
636 1278 891 1343 quamvis
946 1280 1115 1332 armis
1162 1281 1371 1335 sciebat
1400 1298 1522 1336 esse
1554 1283 2053 1353 inexpugnabilem,

487 1362 565 1413 illi
625 1363 998 1417 custodienda:
1041 1380 1235 1433 agmen
1292 1370 1545 1434 militare,
1609 1380 1873 1440 quantum
1925 1373 2058 1425 satis

487 1462 654 1517 esset,
708 1455 893 1509 mittit.
949 1458 1244 1513 Prtcfectus
1292 1461 1567 1515 militibus
1623 1463 2059 1531 comprehensis,

489 1560 640 1597 arma
692 1560 905 1611 eorum,
937 1561 992 1601 et
1052 1566 1225 1618 equos
1280 1550 1385 1605 sibi
1441 1553 1690 1617 retinuit,
1744 1554 2059 1622 imperatori

493 1637 796 1707 l‘al:eologo
831 1640 1023 1694 urbem
1057 1658 1181 1695 cum
1216 1643 1349 1713 ipsis
1392 1645 1634 1699 tradidit.
1668 1646 1743 1700 Ea
1775 1653 2060 1714 occupata,

491 1728 714 1782 aliunde
749 1731 994 1787 collectis
1038 1736 1344 1802 equitibus,
1368 1737 1709 1791 Cumutzcna
1738 1737 2059 1806 Oppidulum

492 1823 827 1876 continentis
855 1823 1085 1880 adortus
1140 1838 1225 1882 est
1260 1849 1272 1881 ε
1307 1844 1468 1898 quem
1519 1829 1756 1882 libenter
1776 1830 1934 1895 ,cives
1969 1828 2064 1881 ad-

495 1914 799 1980 mittentes,
832 1916 967 1970 nihil
1024 1920 1267 1987 solliciti,
1298 1922 1347 1975 ei
1403 1935 1462 1975 se
1513 1924 1904 1991 permiserunt.
1934 1922 2064 1975 lude

494 2007 755 2072 quoniam
793 2006 1220 2078 Gratianopolis,
1268 2010 1359 2065 ubi
1411 2025 1469 2065 se
1515 2011 1736 2065 tenebat
1759 2012 2065 2077 Matth-anis,

498 2112 606 2148 non
637 2096 932 2150 admodum
960 2100 1152 2168 procul
1193 2101 1456 2165 distabat,
1490 2117 1587 2171 per
1609 2103 1817 2173 legatos
1845 2102 2066 2159 eum'ad

498 2186 678 2239 foedus
730 2188 945 2252 invitat,
980 2191 1067 2243 cui
1099 2191 1264 2244 etiam
1296 2192 1396 2260 ipsi
1457 2207 1557 2263 pax
1590 2207 1700 2246 non
1722 2194 2065 2263 displicebat.

495 2277 764 2332 Admovet
795 2280 912 2334 urbi
953 2284 1294 2349 exercitum;
1333 2283 1615 2339 Matthieus
1647 2287 1759 2340 exit
1809 2285 1977 2352 foras,
2000 2285 2068 2339 de

498 2368 645 2423 bello
693 2372 1104 2441 colloquuntur,
1164 2375 1435 2429 ambobus
1467 2391 1533 2430 eo
1571 2376 1949 2433 desistendum
1996 2376 2073 2430 vi-

498 2459 681 2525 detur,
721 2464 804 2517 his
843 2464 1277 2527 conditionibus,
1304 2476 1363 2520 ut
1385 2467 1458 2521 sit
1488 2477 1718 2536 uterque
1753 2468 2068 2537 imperator,

500 2553 723 2615 quando
752 2555 915 2607 ambo
950 2557 1340 2611 communibus
1388 2559 1759 2612 Romanorum
1797 2560 2073 2629 suffragiis

502 2647 662 2700 electi
697 2646 828 2709 sint,
855 2648 1001 2701 etab
1037 2648 1277 2703 Ecclesia
1309 2649 1603 2719 Byzantina
1641 2651 1908 2705 coronati.
1937 2653 2074 2717 Quia

501 2749 633 2787 vero
688 2734 854 2788 urbes
909 2733 1163 2790 Romana:
1199 2737 1420 2805 reliqua:
1472 2739 1781 2820 pauciores,
1815 2748 1869 2793 et
1905 2739 2076 2809 impe-

501 2831 645 2885 vium
684 2829 867 2884 minus
901 2831 972 2884 sit
994 2846 1157 2899 quam
1188 2841 1248 2886 ut
1284 2832 1475 2887 ambos
1518 2832 1881 2901 imperatores
1911 2835 2076 2889 susti-

504 2929 650 2978 neat.
684 2918 971 2975 Mattha-us
1005 2920 1256 2976 Thracia:
1278 2922 1515 2991 oppidis,
1540 2939 1661 2992 qua:
1686 2924 1871 2991 habet,
1895 2926 2071 2992 cedat,

414 3042 417 3043 ν
506 3014 558 3066 in
594 3013 1028 3080 Peloponnesum
1060 3014 1276 3083 migret,
1301 3015 1391 3069 ubi
1425 3015 1797 3073 Romanorum
1846 3020 2076 3076 urbibus

2152 543 2268 611 ἅμα
2300 540 2416 613 ἦρι,
2446 544 2581 612 πρὸς
2610 547 2676 614 τῇ
2707 544 3005 613 Γρατιανοῦ
3066 549 3375 618 πανοικεσίᾳ
3402 549 3665 620 διατρίϐον-

2149 652 2253 697 τα,
2307 634 2500 703 ἔχοντα
2546 634 2605 687 δὲ
2673 639 2768 689 καὶ
2815 636 2914 698 τὰς
2971 636 3136 700 ἄλλας
3224 642 3320 708 τῆς
3378 641 3668 712 Χαλκιδικῆς

2153 727 2373 789 ἁπάσας
2404 726 2609 789 πόλεις’
2664 727 2798 796 πρδς
2844 727 3087 788 ἐκείναις
3140 727 3195 780 δὲ
3230 727 3321 780 καὶ
3356 729 3446 798 τὴν
3487 731 3670 801 Ἀδρια-

2153 817 2268 883 νοῦ,
2323 819 2418 870 καὶ
2468 820 2566 880 τὰς
2614 818 2743 887 περὶ
2775 818 2949 888 αὐτὴν
2978 819 3258 887 πολίχνας,
3296 817 3379 883 αἷς
3408 822 3673 889 ἐπέστησεν

2154 911 2392 980 ἄρχοντα
2431 910 2913 980 σεϐαστοκράτορα
2953 911 3044 963 τὸν
3077 912 3526 983 Καντακουζηνδν,
3555 916 3675 969 θεῖον

2154 1003 2283 1055 ὄντα
2315 1004 2450 1072 πρὸς
2483 1004 2711 1071 πατρός.
2763 1004 3045 1072 Δεσπότης
3080 1004 3135 1056 δὲ
3182 1004 3533 1073 Νικηφόροςό
3560 1026 3677 1076 γαμ-

2157 1096 2287 1163 ϐρὸς
2324 1096 2421 1164 τὴν
2456 1089 2612 1146 Αἶνον
2648 1089 2782 1163 εἶχε,
2827 1096 3090 1163 βασιλέως
3141 1095 3238 1146 τοῦ
3280 1096 3523 1163 κηδεστοῦ
3564 1115 3676 1166 περ.

2157 1172 2487 1254 εσχῆμένου.
2521 1186 2729 1237 Ἐδόκει
2757 1203 2814 1237 τε
2841 1186 3109 1253 Ματθαίῳ
3139 1186 3347 1255 βασιλεῖ
3367 1187 3439 1255 τῷ
3460 1192 3679 1253 γυναικὸς

2159 1277 2374 1346 ἀδελφῷ
2422 1278 2808 1346 προσκεῖσθαι·
2862 1278 2953 1329 καὶ
3014 1276 3383 1343 ἐπηγγέλλετο
3426 1278 3680 1347 προθύμως

2163 1371 2303 1439 ὑπὲρ
2358 1369 2523 1422 αὐτοῦ
2581 1371 2872 1439 μαχεῖσθαι
2911 1370 3072 1421 παντὶ
3124 1370 3202 1439 τῷ
3235 1370 3456 1422 ἐπιόντι.
3493 1371 3610 1422 Τότε
3637 1372 3681 1424 δὲ

2164 1460 2427 1530 βασιλέως
2472 1461 2720 1514 Ἰωάννου
2751 1461 2842 1512 τοῦ
2878 1461 3000 1513 νέου
3048 1465 3170 1523 ταῖς
3198 1463 3352 1512 ναυσὶ
3388 1462 3681 1529 κατάραντος

2165 1552 2299 1610 ἐκεῖ,
2345 1552 2507 1613 αὐτός
2547 1567 2609 1601 τε
2635 1552 3061 1621 προσεχώρησεν
3090 1552 3311 1621 ἀθρόον,
3331 1552 3419 1604 τοῦ
3442 1551 3685 1605 Ματθαῐου

2168 1644 2430 1719 βασιλέως
2460 1645 2722 1707 ἀποστὰς,
2750 1645 2842 1697 καὶ
2886 1628 2981 1713 τὴν
3010 1646 3168 1697 πόλιν
3203 1645 3499 1713 παρεδίδου.
3540 1645 3688 1696 Ἐκεῖ·

2167 1737 2257 1789 Θεν
2282 1737 2337 1788 δὲ
2372 1734 2624 1804 βασιλεὺς
2676 1737 2704 1787 ὁ
2743 1737 2885 1797 νέος,
2918 1736 3167 1805 πέμψας,
3205 1737 3298 1788 καὶ
3342 1736 3515 1803 Βῆραν
3548 1752 3688 1803 προσ-

2167 1830 2406 1897 ηγάγετο
2445 1827 2701 1897 φρούριόν
2735 1843 2786 1879 τι
2815 1829 3235 1896 καρτερώτατον
3266 1830 3411 1896 παρα
3435 1826 3689 1895 τδνἝῆρον

2168 1922 2578 1992 κατῳκισμένον
2606 1958 2620 1982 ,
2672 1917 2700 1970 ὃ
2750 1921 3013 1988 πρότερον
3048 1919 3149 1989 μὲν
3183 1919 3579 1987 φροντιστήριον
3609 1919 3687 1968 ἀν-

2167 2013 2309 2083 δρῶν
2344 2014 2683 2082 μοναζόντων
2735 2010 2837 2084 ἦν,
2894 2014 3015 2065 τότε
3080 2012 3138 2064 δὲ
3201 2012 3303 2064 ὑπὸ
3354 2012 3457 2063 τῶν
3488 2009 3692 2077 συνεχῶν

2173 2105 2445 2174 πολέμων,
2478 2107 2573 2159 καὶ
2614 2106 2721 2158 τῶν
2758 2106 2960 2174 ἐφόδων
3003 2105 3113 2157 τῶν
3148 2103 3491 2173 βαρϐαρικῶν
3513 2144 3526 2169 ,
3554 2103 3694 2171 ἀγρο-

2169 2196 2278 2248 τῶν
2303 2212 2468 2248 τινων
2504 2196 2942 2265 κατῳκισμένον,
2977 2195 3220 2261 πόλισμα
3245 2196 3342 2265 ἤδη
3381 2190 3465 2263 ἦν,
3502 2194 3527 2245 δ
3555 2209 3697 2262 προσ⁶

2171 2288 2410 2354 ηγαγετο
2436 2288 2463 2338 ὁ
2497 2289 2616 2350 νέος
2647 2288 2904 2358 βασιλεὺς
2942 2286 3301 2356 παραδόντων
3331 2285 3435 2339 τῶν
3456 2285 3697 2355 φρουρῶν.
3730 2332 3731 2335 η

2184 2380 2280 2432 Ἐκ
2331 2379 2431 2448 τῆς
2486 2374 2644 2432 Ᾱῖνου
2700 2380 2752 2432 δὲ
2800 2378 2895 2431 καὶ
2953 2379 3275 2448 Νικηφόρον
3326 2378 3415 2430 τὸν
3467 2377 3701 2443 δεσπότην

2175 2470 2310 2539 ἔχων
2359 2471 2868 2540 συστρατευόμενον
2912 2471 2976 2523 ὲκ
3025 2474 3126 2540 τῆς
3182 2471 3437 2541 ἠπείρου,
3467 2468 3700 2540 προσέσχε

2175 2561 2545 2632 Περιθεωρίῳ,
2589 2562 2683 2614 καὶ
2716 2562 2933 2631 πέμψας
2979 2561 3195 2632 κρύφα,
3225 2564 3353 2632 περὶ
3384 2559 3698 2630 παραδόσεως

2171 2654 2442 2722 διελέγετο
2493 2653 2573 2724 τῷ
2620 2653 2845 2724 ἄρχοντι
2900 2657 3001 2723 τῆς
3055 2652 3309 2715 πόλεως·
3376 2654 3467 2704 καὶ
3514 2651 3704 2703 ἔπεισεν

2175 2736 2652 2812 ἐπαγγειλάμενος
2712 2742 2945 2812 μεγάλα.
2994 2742 3280 2806 Ματθαῖος
3313 2743 3368 2796 δὲ
3417 2745 3443 2796 ό
3486 2739 3703 2811 βασιλεὺς

2173 2836 2356 2899 δείσας
2386 2837 2459 2905 μή
2502 2852 2554 2888 τι
2581 2834 2938 2905 κακουργηθῇ
2967 2834 3099 2905 περὶ
3130 2834 3236 2905 τὴν
3277 2835 3451 2896 πόλιν,
3484 2832 3588 2903 ᾔδει
3614 2830 3706 2899 γὰρ

2176 2924 2453 2978 ἀνάλωτον
2480 2923 2809 2994 τειχομαχεᾳ
2839 2923 3130 2992 ἐσομένην,
3168 2922 3501 2993 στρατιώτας
3524 2918 3704 2987 έπεμψε

2178 3018 2440 3085 φρουρεῖν
2477 3016 2636 3076 ὅσους
2664 3013 2800 3083 ᾣετο
2844 3014 3096 3084 ἀρκέσειν
3125 3027 3141 3043 ο
3198 3013 3292 3076 οὒς
3333 3016 3359 3067 ὁ
3409 3012 3502 3079 τῆς
3535 3011 3710 3070 πόλεως

507 3102 827 3172 imp‘eritet.
877 3103 957 3159 sie
1007 3114 1188 3159 tamen
1241 3114 1300 3159 ut
1353 3106 1687 3176 Palazologus
1719 3110 1951 3167 Manueli
1985 3115 2071 3167 de-

2184 3109 2368 3179 ἄρχων
2401 3107 2703 3175 συλλαϐὼν,
2749 3108 2888 3159 ὅπλα
2934 3107 3031 3177 μὲν
3065 3106 3233 3170 αὐτὸς
3261 3108 3354 3160 καὶ
3382 3108 3571 3167 ἵππους
3593 3099 3707 3172 εἶχε·

505 3203 676 3261 spotie
718 3204 909 3249 auctor
945 3195 1038 3249 fiat
1067 3196 1121 3248 in
1168 3196 1390 3251 fratrem
1426 3201 1815 3257 transferenda:
1854 3206 2078 3273 provin-

505 3285 623 3347 ciae,
660 3284 848 3352 illique
893 3300 990 3354 pro
1036 3302 1096 3339 ea
1132 3285 1396 3341 Lemnum
1437 3289 1691 3358 insulam,
1716 3294 1895 3363 quoad
1934 3295 2080 3351 vixe-

509 3377 601 3440 rit,
630 3390 753 3428 cmn
784 3377 994 3430 ratione
1036 3378 1317 3434 reddunda
1348 3380 1843 3439 administrandam
1867 3388 2076 3453 credat,

508 3469 577 3522 de
612 3469 850 3537 publicis
876 3470 1120 3540 Byzantii
1166 3473 1526 3542 vectigalibus
1560 3476 1792 3546 topicam
1830 3480 2080 3535 nomina-

508 3568 621 3613 tam
659 3561 794 3629 (42),
832 3562 994 3629 paulo
1021 3564 1145 3632 plus
1170 3562 1309 3617 dena
1337 3580 1631 3621 aureorum
1697 3569 1866 3627 millia
1898 3571 1950 3625 in
1983 3550 2080 3626 an-

506 3665 637 3703 num
701 3651 965 3705 ferentem
1019 3654 1306 3709 attribuat.
1364 3655 1548 3713 Donec
1608 3669 1789 3715 autem
1854 3661 2080 3732 despota

508 3743 892 3812 Peloponneso
925 3744 1174 3809 decedat,
1202 3746 1486 3802 Matthazus
1506 3749 1793 3823 Palmologi
1816 3768 2079 3809 concessu

512 3835 779 3888 Lemnum
823 3836 1175 3901 transmittat,
1229 3838 1416 3908 ibique
1470 3841 1773 3907 consideat,
1813 3853 1868 3897 et
1909 3844 2083 3901 nihilo

513 3927 697 3981 minus
728 3928 976 3993 prmsidia
1012 3928 1064 3981 in
1103 3930 1337 3983 urbibus
1359 3930 1575 3985 habeat.
1603 3931 1703 3987 Ubi
1738 3933 1792 3986 in
1816 3934 2080 3989 Lemnum

511 4034 542 4072 c
594 4018 971 4086 Pelolionneso
1033 4006 1259 4087 despota
1312 4021 1483 4074 frater
1532 4023 1765 4087 venerit,
1821 4023 2082 4080 Thracias

517 4108 683 4161 urbes
731 4108 927 4162 Joanni
981 4109 1296 4179 imperatori
1328 4121 1382 4165 et
1414 4111 1562 4165 fratri
1613 4114 1847 4168 insulam
1880 4117 2077 4185 tradat,

515 4202 632 4269 ipse
674 4202 727 4255 in
785 4203 1220 4271 Peloponnesum
1256 4204 1500 4274 naviget.
1534 4204 1625 4259 llis
1677 4207 2083 4264 conditionibus

516 4292 694 4346 fmdns
738 4303 1186 4360 composuerunt,
1235 4294 1525 4364 visumque
1585 4296 2085 4367 bellumcouquie-

514 4385 659 4439 visse
690 4403 702 4435 :
735 4394 793 4438 et
842 4385 1017 4438 salute
1074 4385 1300 4440 alternis
1332 4384 1499 4449 dicta,
1539 4387 1825 4442 Matthteus
1873 4388 2081 4444 Gratia-

516 4477 754 4545 nopolim
778 4476 1109 4545 regreditur.
1132 4477 1371 4532 Joannes
1405 4477 1806 4533 Peritheorium
1836 4480 2077 4546 veniens,

514 4584 639 4619 cum
675 4568 958 4625 Matthaus
994 4568 1260 4629 mitteret,
1305 4568 1399 4637 qui
1443 4569 1633 4623 Lemni
1676 4574 2078 4639 possessionem

516 4676 618 4714 suo
654 4660 875 4713 nomine
908 4660 1147 4724 adirent,
1194 4668 1251 4714 et
1302 4659 1535 4714 insulam
1578 4662 1938 4727 custodirent,
1973 4680 2080 4719 una

512 4763 570 4807 et
606 4753 937 4820 Palmologus
964 4751 1133 4815 misit,
1159 4752 1251 4818 qui
1305 4750 1654 4816 addicerent;
1689 4755 1993 4822 mansitque
2025 4756 2078 4810 in

517 4850 675 4905 urbe,
739 4841 918 4912 quoad
969 4841 1077 4895 illis
1127 4842 1385 4903 H‘ACI‘SiS,
1417 4841 1703 4896 Matthazus
1735 4842 1786 4895 in
1814 4840 2082 4899 Lemnum

513 4936 841 5005 trajecisset.
871 4935 1007 4987 Dum
1037 4933 1199 5003 881
1226 4932 1344 4986 huic
1374 4943 1631 5002 aguntur,
1664 4949 1731 4986 ex
1760 4933 2085 4991 domesticis

515 5026 800 5095 l’almologi
858 5025 1079 5095 quidam
1138 5024 1467 5078 clanclulum
1508 5025 1812 5078 monitores
1854 5025 1919 5077 ad
1954 5025 2089 5079 Mat-

515 5122 717 5174 t‘aaanm
766 5107 1118 5181 submittunt,
1174 5133 1241 5173 ne
1295 5116 1468 5186 pactis
1501 5115 1657 5171 valde
1693 5117 1952 5179 confidat,
1986 5118 2081 5172 sed

514 5212 616 5265 sibi
650 5212 815 5265 etiam
845 5221 1011 5281 atque
1042 5212 1211 5266 etiam
1255 5224 1445 5268 caveat
1478 5228 1492 5267 :
1523 5228 1591 5267 ne
1620 5228 1809 5283 parum
1852 5213 2081 5282 provide

2181 3199 2395 3271 βασιλεῖ
2449 3199 2506 3252 δὲ
2561 3199 2641 3269 τῷ
2686 3200 2791 3267 νέρ
2838 3200 2940 3268 τήν
2987 3216 3045 3250 τε
3106 3199 3270 3252 πόλιν
3324 3198 3593 3266 παρεδίδου
3637 3194 3713 3247 καὶ

2178 3292 2305 3349 τοὺς
2338 3289 2698 3358 στρατιώτας.
2753 3284 2910 3343 Ἐπεὶ
2969 3290 3024 3341 δὲ
3080 3289 3261 3359 εἴχετο
3306 3291 3338 3359 ἠ
3375 3290 3535 3351 πόλις,
3564 3285 3714 3339 ἄλλων

2180 3380 2404 3434 ἄλλοθεν
2479 3381 2693 3433 ἱππέων
2765 3380 3203 3447 συνειλεγμένων
3255 3422 3270 3444 ,
3350 3377 3716 3446 ἐπεστράτευσε

2160 3471 2630 3542 Κουμουτζηνοῖς
2651 3471 2976 3541 ἢπειρὼτιδι
3010 3471 3264 3543 πολίχνῃ·
3292 3475 3387 3526 καὶ
3420 3469 3718 3533 ὑπεδέξαντο

2132 3594 2147 3611 .
2182 3561 2484 3633 προθύμως
2531 3563 2579 3614 οἱ
2628 3562 2730 3631 τὴν
2767 3562 2925 3614 πόλιν
2956 3563 3371 3626 κατοικοῦντες,
3398 3559 3720 3629 ἁπολυπραγο

2185 3653 2363 3723 μόνως
2399 3656 2918 3725 προσχωρήσαντες.
2968 3653 3219 3708 Ἐκεῖθεν
3266 3657 3323 3709 δὲ
3354 3654 3474 3706 ἐπεὶ
3509 3654 3563 3706 οὐ
3600 3651 3715 3703 πάνυ

2185 3744 2375 3814 πόρῤω
2402 3745 2436 3814 ἡ
2471 3744 2774 3815 Γρατιανοῦ
2806 3744 3145 3814 κατιξικιστο,
3248 3746 3523 3807 Ματθαῖος
3550 3741 3723 3810 διέτρι.

2185 3834 2278 3887 ϐεν
2309 3838 2335 3888 ὁ
2384 3836 2688 3907 βασιλ.εὺς,ξ
2721 3837 3029 3908 πρεσϐείαν
3069 3839 3210 3908 πρὸς
3262 3841 3467 3892 ἐκεῖνον
3504 3834 3719 3902 πέμψας.

2184 3928 2279 3980 ἐπὶ
2340 3927 2646 3997 συμϐάσεις
2707 3929 3098 3998 προύκαλεῖτο.
3163 3928 3381 3983 Ἐδόκει
3421 3928 3484 3997 δὴ
3515 3924 3724 3988 κάκείνῳ

2183 4020 2406 4089 αἱρετέα
2462 4019 2664 4087 μᾶλλον
2708 4016 2852 4073 εῖναι
2890 4020 2923 4090 ἠ
2973 4021 3167 4091 εἰρήνη
3197 4061 3213 4085 ,
3253 4022 3351 4073 καὶ
3386 4016 3647 4087 γενομένῳ
3676 4014 3725 4064 ἐν

2184 4110 2224 4161 Γ
2229 4109 2491 4181 ρατιανοῦ
2531 4109 2651 4179 μεθ’
2698 4103 2766 4179 ἦς
2811 4105 2925 4180 εἶχε
2983 4112 3271 4181 στρατιᾶς,
3319 4110 3623 4177 συνεγένετο
3662 4104 3729 4173 τῷ

2186 4203 2292 4271 νέῳ
2347 4202 2561 4271 βασιλεῖ
2599 4202 2697 4270 τῆς
2732 4202 2941 4264 πόλεως
2991 4201 3245 4267 ἐξελθών·
3281 4203 3531 4273 ἀλλήλοις
3556 4216 3611 4250 τε
3635 4197 3727 4248 δια-

2189 4292 2473 4361 λεχθέντες
2528 4293 2659 4361 περλ
2687 4291 2798 4344 τῶν
2842 4292 2982 4345 κατὰ
3012 4293 3104 4345 τὸν
3131 4294 3397 4365 πόλεμον,
3430 4293 3548 4347 ἐπεὶ
3581 4290 3729 4343 ἐδόκει

2188 4385 2521 4456 ἀμφοτέροις
2552 4383 2867 4453 καταλύειν,
2891 4386 3201 4454 συνέϐησαν
3232 4388 3328 4438 ἐπὶ
3357 4386 3586 4445 τούτοις.
3609 4383 3728 4435 ὥστε

2187 4476 2529 4545 ἀμφοτέρους
2586 4474 2846 4545 βασιλέας
2904 4472 3045 4529 εἶναι
3104 4480 3258 4548 κοινῇ
3305 4478 3410 4530 ὑπὸ
3472 4474 3774 4543 Ῥωμαίων.

2187 4565 2456 4636 ἑκατέρου
2498 4568 2805 4636 ᾑρημένου,
2845 4565 2947 4618 καῖ
2995 4566 3321 4634 στεφθέντος
3356 4568 3459 4621 ὑπὸ
3487 4569 3583 4634 τῆς
3613 4562 3733 4617 κατά

2188 4661 2484 4723 Βυζάντιον
2522 4657 2874 4727 Ἐκκλησίας.
2894 4659 3012 4710 Τῶν
3044 4658 3523 4730 ὑπολελειμμένων
3542 4658 3594 4711 δὲ
3619 4656 3736 4709 Ῥωσ

2191 4752 2375 4821 μαίοις
2422 4749 2653 4816 πόλεων,
2703 4748 2928 4818 καὶτῆς
2976 4748 3159 4819 χώρας
3189 4749 3361 4819 οὔσης
3393 4750 3661 4809 ἐλάττονος
3706 4745 3734 4812 ἦ

2189 4841 2329 4895 ὥστε
2371 4841 2717 4912 ἀμφοτέρους
2756 4839 3017 4910 βασιλέας
3071 4840 3237 4911 ἔχειν,
3293 4841 3407 4895 τῶν
3465 4840 3562 4910 μὲν
3612 4838 3738 4892 κατὰ

2186 4936 2285 5004 τὴν
2315 4935 2541 5004 Θρᾴκην
2575 4932 2785 4987 πόλεων
2822 4926 2900 4987 ὧν
2955 4933 3070 5003 ἔχει
3111 4933 3397 4988 Ματθαῖον
3428 4931 3735 5000 ἀφίστασθαι

2186 5029 2276 5081 τὸν
2317 5026 2561 5095 βασιλέα·
2592 5028 2795 5095 χωρεῖν
2826 5024 2881 5076 δὲ
2926 5024 3019 5076 ἐπὶ
3051 5024 3151 5093 τὴν
3186 5022 3613 5091 Πελοπόννησον,
3656 5020 3738 5071 καὶ

2187 5118 2299 5172 τῶν
2328 5119 2588 5188 ὑπηκόων
2630 5115 2922 5185 Ῥωμαίοις
2967 5117 3147 5168 ἐκεῖσε
3177 5115 3391 5167 πόλεων
3424 5111 3733 5183 βασιλεύειν·

2186 5210 2444 5279 Μανουὴλ
2477 5209 2745 5279 δεσπότην
2773 5206 2864 5260 τὸν
2897 5206 3131 5275 ἀδελφὸν
3161 5206 3454 5268 πείσαντος
3492 5203 3737 5272 πρότερον

1779 5348 1992 5409 Jacobi
2036 5349 2297 5409 Pontani
2341 5352 2526 5406 notua.

587 5470 699 5539 (42)
714 5469 1077 5526 Probabiliter
1090 5479 1244 5540 putat
1260 5469 1548 5524 Gretserus
1571 5481 1759 5524 noster
1777 5473 1854 5523 sic
1870 5470 2079 5523 dictum

515 5540 624 5595 hoc
668 5558 841 5608 genus
876 5541 1156 5609 vectigalis
1194 5543 1349 5610 napi:
1394 5544 1454 5593 τὸ
1502 5544 1721 5593 τοπείον
1767 5556 1863 5594 seu
1898 5542 2081 5610 τοπξον

517 5628 612 5662 seu
645 5616 889 5679 τοπήῐον,
926 5610 1077 5679 quod
1101 5620 1185 5662 est
1225 5609 1390 5672 funis,
1441 5610 1661 5672 rudens,
1696 5624 1745 5663 et
1782 5623 1837 5662 ut
1869 5612 1944 5663 ait
1978 5609 2080 5662 lle-

518 5678 779 5743 sychius,
814 5678 1154 5747 hinc/380;,
1213 5680 1439 5747 σχοινία,
1497 5681 1670 5737 κάλοι,
1732 5697 1791 5735 ex
1847 5694 2079 5747 quorum

523 5747 863 5811 venditione,
890 5755 949 5799 ut
967 5746 1021 5800 in
1039 5746 1581 5815 civitatemaritiuta,
1608 5749 1835 5819 vectigal
1864 5746 2081 5821 Captum

2187 5483 2330 5530 esse,
2364 5483 2392 5520 a
2425 5465 2906 5521 verisimilitudine
2939 5482 3049 5521 non
3085 5467 3375 5521 abhorret.
3410 5464 3523 5520 Nisi
3558 5461 3736 5530 fortca

2190 5527 2359 5605 topio,
2383 5553 2476 5589 seu
2507 5536 2742 5606 topiario
2766 5553 2935 5606 opere
2959 5538 3039 5592 sic
3066 5537 3297 5599 dictum,
3316 5536 3428 5598 ‘ita,
3466 5531 3639 5606 utqui
3663 5527 3735 5579 vel

2192 5602 2483 5676 topiarium
2520 5602 2848 5670 factitarent,
2891 5608 2973 5660 vel
3011 5607 3240 5676 topiaria
3292 5620 3458 5676 Opera
3488 5602 3587 5655 sibi
3621 5614 3740 5654 cou-

2192 5673 2276 5731 fic'i
2311 5677 2847 5789 curarentqcctigal
2878 5678 3009 5732 illud
3046 5673 3278 5730 τοπικὴν
3309 5673 3626 5777 ρρηάετειὲι.
