  <div class='ocr_page' id='page_1' title='image "/cluster/home/n/w/nwhite01/storage/ocr_20150623/154/hvd.32044073505299/175.png"; bbox 0 0 3964 6210; ppageno 0'>
   <div class='ocr_carea' id='block_1_1' title="bbox 441 365 548 430">
    <p class='ocr_par' dir='ltr' id='par_1_1' title="bbox 441 365 548 430">
     <span class='ocr_line' id='line_1_1' title="bbox 441 365 548 430; baseline 0 -1"><span class='ocrx_word' id='word_1_1' title='bbox 441 365 548 430; x_wconf 82' lang='grc'><strong>339</strong></span> 
     </span>
    </p>
   </div>
   <div class='ocr_carea' id='block_1_2' title="bbox 1605 347 2499 436">
    <p class='ocr_par' dir='ltr' id='par_1_2' title="bbox 1605 347 2499 436">
     <span class='ocr_line' id='line_1_2' title="bbox 1605 347 2499 436; baseline 0.004 -5"><span class='ocrx_word' id='word_1_2' title='bbox 1605 347 1938 432; x_wconf 66' lang='grc' dir='ltr'><strong>ιοΑΝΝιε</strong></span> <span class='ocrx_word' id='word_1_3' title='bbox 1971 370 2499 436; x_wconf 75' lang='lat' dir='ltr'><strong>CANTACUZENI</strong></span> 
     </span>
    </p>
   </div>
   <div class='ocr_carea' id='block_1_3' title="bbox 3571 381 3676 455">
    <p class='ocr_par' dir='ltr' id='par_1_3' title="bbox 3571 381 3676 455">
     <span class='ocr_line' id='line_1_3' title="bbox 3571 381 3676 455; baseline 0.076 -11"><span class='ocrx_word' id='word_1_4' title='bbox 3571 381 3676 455; x_wconf 66' lang='lat'><strong>340</strong></span> 
     </span>
    </p>
   </div>
   <div class='ocr_carea' id='block_1_4' title="bbox 441 477 2015 564">
    <p class='ocr_par' dir='ltr' id='par_1_4' title="bbox 441 477 2006 564">
     <span class='ocr_line' id='line_1_4' title="bbox 441 477 2006 564; baseline 0 -26"><span class='ocrx_word' id='word_1_5' title='bbox 441 477 574 538; x_wconf 86' lang='lat' dir='ltr'><strong>Urbi</strong></span> <span class='ocrx_word' id='word_1_6' title='bbox 625 481 884 564; x_wconf 61' lang='lat' dir='ltr'><strong>praefecto</strong></span> <span class='ocrx_word' id='word_1_7' title='bbox 918 481 1230 551; x_wconf 81' lang='lat' dir='ltr'><strong>designato,</strong></span> <span class='ocrx_word' id='word_1_8' title='bbox 1274 487 1327 536; x_wconf 89' lang='lat' dir='ltr'><strong>et</strong></span> <span class='ocrx_word' id='word_1_9' title='bbox 1355 481 1580 542; x_wconf 75' lang='lat' dir='ltr'><strong>reliquis</strong></span> <span class='ocrx_word' id='word_1_10' title='bbox 1615 483 1757 546; x_wconf 83' lang='lat' dir='ltr'><strong>bene</strong></span> <span class='ocrx_word' id='word_1_11' title='bbox 1783 497 2006 553; x_wconf 77' lang='lat' dir='ltr'><strong>compo—</strong></span> 
     </span>
    </p>
   </div>
   <div class='ocr_carea' id='block_1_5' title="bbox 2120 477 3672 564">
    <p class='ocr_par' dir='ltr' id='par_1_5' title="bbox 2120 483 3672 562">
     <span class='ocr_line' id='line_1_5' title="bbox 2120 483 3672 562; baseline 0.005 -24"><span class='ocrx_word' id='word_1_12' title='bbox 2120 485 2340 554; x_wconf 73' lang='grc' dir='ltr'>τάχους,</span> <span class='ocrx_word' id='word_1_13' title='bbox 2375 483 2512 558; x_wconf 83' lang='grc' dir='ltr'><strong>ἧκεν</strong></span> <span class='ocrx_word' id='word_1_14' title='bbox 2559 486 2638 552; x_wconf 77' lang='grc' dir='ltr'><strong>είς</strong></span> <span class='ocrx_word' id='word_1_15' title='bbox 2682 486 3068 562; x_wconf 83' lang='grc' dir='ltr'>Περιθεώριον,</span> <span class='ocrx_word' id='word_1_16' title='bbox 3100 489 3354 544; x_wconf 80' lang='grc' dir='ltr'>κάκεῖθεν</span> <span class='ocrx_word' id='word_1_17' title='bbox 3411 491 3492 555; x_wconf 80' lang='grc' dir='ltr'><strong>είς</strong></span> <span class='ocrx_word' id='word_1_18' title='bbox 3539 491 3672 546; x_wconf 79' lang='grc' dir='ltr'><strong>Κου-</strong></span> 
     </span>
    </p>
   </div>
   <div class='ocr_carea' id='block_1_6' title="bbox 441 571 2009 644">
    <p class='ocr_par' dir='ltr' id='par_1_6' title="bbox 441 571 2009 644">
     <span class='ocr_line' id='line_1_6' title="bbox 441 571 2009 644; baseline 0.003 -18"><span class='ocrx_word' id='word_1_19' title='bbox 441 571 588 640; x_wconf 86' lang='lat' dir='ltr'><strong>sitis,</strong></span> <span class='ocrx_word' id='word_1_20' title='bbox 619 573 1023 628; x_wconf 82' lang='lat' dir='ltr'><strong>Peritbeoriutn</strong></span> <span class='ocrx_word' id='word_1_21' title='bbox 1051 588 1329 640; x_wconf 76' lang='lat' dir='ltr'><strong>reversus,</strong></span> <span class='ocrx_word' id='word_1_22' title='bbox 1363 575 1689 644; x_wconf 81' lang='lat' dir='ltr'><strong>legationem</strong></span> <span class='ocrx_word' id='word_1_23' title='bbox 1722 577 1786 632; x_wconf 90' lang='lat' dir='ltr'><strong>ad</strong></span> <span class='ocrx_word' id='word_1_24' title='bbox 1816 577 2009 631; x_wconf 86' lang='lat' dir='ltr'><strong>Boich-</strong></span> 
     </span>
    </p>
   </div>
   <div class='ocr_carea' id='block_1_7' title="bbox 442 663 2010 736">
    <p class='ocr_par' dir='ltr' id='par_1_7' title="bbox 442 663 2010 736">
     <span class='ocr_line' id='line_1_7' title="bbox 442 663 2010 736; baseline 0.004 -19"><span class='ocrx_word' id='word_1_25' title='bbox 442 680 570 720; x_wconf 88' lang='lat' dir='ltr'><strong>nam</strong></span> <span class='ocrx_word' id='word_1_26' title='bbox 597 666 709 736; x_wconf 89' lang='lat' dir='ltr'><strong>jam</strong></span> <span class='ocrx_word' id='word_1_27' title='bbox 763 664 954 719; x_wconf 83' lang='lat' dir='ltr'><strong>Pheris</strong></span> <span class='ocrx_word' id='word_1_28' title='bbox 988 663 1310 722; x_wconf 75' lang='lat' dir='ltr'><strong>redeuntem</strong></span> <span class='ocrx_word' id='word_1_29' title='bbox 1358 682 1481 722; x_wconf 91' lang='lat' dir='ltr'><strong>cum</strong></span> <span class='ocrx_word' id='word_1_30' title='bbox 1514 668 1772 724; x_wconf 75' lang='lat' dir='ltr'><strong>facultate</strong></span> <span class='ocrx_word' id='word_1_31' title='bbox 1804 670 1855 723; x_wconf 91' lang='lat' dir='ltr'><strong>in</strong></span> <span class='ocrx_word' id='word_1_32' title='bbox 1885 670 2010 723; x_wconf 84' lang='lat' dir='ltr'><strong>Mat-</strong></span> 
     </span>
    </p>
   </div>
   <div class='ocr_carea' id='block_1_8' title="bbox 443 756 2008 831">
    <p class='ocr_par' dir='ltr' id='par_1_8' title="bbox 443 756 2008 831">
     <span class='ocr_line' id='line_1_8' title="bbox 443 756 2008 831; baseline 0.004 -21"><span class='ocrx_word' id='word_1_33' title='bbox 443 759 645 810; x_wconf 76' lang='lat' dir='ltr'><strong>thaeum</strong></span> <span class='ocrx_word' id='word_1_34' title='bbox 681 765 738 809; x_wconf 92' lang='lat' dir='ltr'><strong>ut</strong></span> <span class='ocrx_word' id='word_1_35' title='bbox 783 756 980 812; x_wconf 82' lang='lat' dir='ltr'><strong>liberet</strong></span> <span class='ocrx_word' id='word_1_36' title='bbox 1015 758 1234 828; x_wconf 88' lang='lat' dir='ltr'><strong>agendi,</strong></span> <span class='ocrx_word' id='word_1_37' title='bbox 1278 759 1460 824; x_wconf 88' lang='lat' dir='ltr'><strong>misit;</strong></span> <span class='ocrx_word' id='word_1_38' title='bbox 1517 759 1702 815; x_wconf 90' lang='lat' dir='ltr'><strong>addita</strong></span> <span class='ocrx_word' id='word_1_39' title='bbox 1739 761 2008 831; x_wconf 87' lang='lat' dir='ltr'><strong>pollicita-</strong></span> 
     </span>
    </p>
   </div>
   <div class='ocr_carea' id='block_1_9' title="bbox 441 843 2010 915">
    <p class='ocr_par' dir='ltr' id='par_1_9' title="bbox 441 843 2010 915">
     <span class='ocr_line' id='line_1_9' title="bbox 441 843 2010 915; baseline 0.006 -21"><span class='ocrx_word' id='word_1_40' title='bbox 441 843 589 897; x_wconf 86' lang='lat' dir='ltr'><strong>tione</strong></span> <span class='ocrx_word' id='word_1_41' title='bbox 612 843 920 899; x_wconf 65' lang='lat' dir='ltr'><strong>immodicae</strong></span> <span class='ocrx_word' id='word_1_42' title='bbox 946 846 1217 915; x_wconf 65' lang='lat' dir='ltr'><strong>pecunia},</strong></span> <span class='ocrx_word' id='word_1_43' title='bbox 1248 847 1292 902; x_wconf 90' lang='lat' dir='ltr'><strong>si</strong></span> <span class='ocrx_word' id='word_1_44' title='bbox 1321 849 1470 902; x_wconf 90' lang='lat' dir='ltr'><strong>illum</strong></span> <span class='ocrx_word' id='word_1_45' title='bbox 1499 850 1603 906; x_wconf 88' lang='lat' dir='ltr'><strong>sibi</strong></span> <span class='ocrx_word' id='word_1_46' title='bbox 1635 850 1874 906; x_wconf 90' lang='lat' dir='ltr'><strong>vinctum</strong></span> <span class='ocrx_word' id='word_1_47' title='bbox 1903 859 2010 904; x_wconf 84' lang='lat' dir='ltr'><strong>tra-</strong></span> 
     </span>
    </p>
   </div>
   <div class='ocr_carea' id='block_1_10' title="bbox 441 931 2012 1010">
    <p class='ocr_par' dir='ltr' id='par_1_10' title="bbox 441 931 2012 1010">
     <span class='ocr_line' id='line_1_10' title="bbox 441 931 2012 1010; baseline 0.004 -21"><span class='ocrx_word' id='word_1_48' title='bbox 441 935 617 990; x_wconf 87' lang='lat' dir='ltr'><strong>deret.</strong></span> <span class='ocrx_word' id='word_1_49' title='bbox 641 931 913 991; x_wconf 83' lang='lat' dir='ltr'><strong>Boichnas</strong></span> <span class='ocrx_word' id='word_1_50' title='bbox 933 937 1044 1008; x_wconf 82' lang='lat' dir='ltr'><strong>jam</strong></span> <span class='ocrx_word' id='word_1_51' title='bbox 1070 949 1198 994; x_wconf 86' lang='lat' dir='ltr'><strong>ante</strong></span> <span class='ocrx_word' id='word_1_52' title='bbox 1225 941 1526 1010; x_wconf 88' lang='lat' dir='ltr'><strong>cupiverat,</strong></span> <span class='ocrx_word' id='word_1_53' title='bbox 1553 941 1696 1010; x_wconf 89' lang='lat' dir='ltr'><strong>quod</strong></span> <span class='ocrx_word' id='word_1_54' title='bbox 1720 957 1843 995; x_wconf 90' lang='lat' dir='ltr'><strong>cum</strong></span> <span class='ocrx_word' id='word_1_55' title='bbox 1863 943 2012 1010; x_wconf 88' lang='lat' dir='ltr'><strong>jura-</strong></span> 
     </span>
    </p>
   </div>
   <div class='ocr_carea' id='block_1_11' title="bbox 442 1029 2008 1093">
    <p class='ocr_par' dir='ltr' id='par_1_11' title="bbox 442 1029 2008 1093">
     <span class='ocr_line' id='line_1_11' title="bbox 442 1029 2008 1093; baseline 0.003 -14"><span class='ocrx_word' id='word_1_56' title='bbox 442 1035 630 1080; x_wconf 88' lang='lat' dir='ltr'><strong>mento</strong></span> <span class='ocrx_word' id='word_1_57' title='bbox 686 1029 1054 1093; x_wconf 80' lang='lat' dir='ltr'><strong>asseverabat,</strong></span> <span class='ocrx_word' id='word_1_58' title='bbox 1095 1029 1407 1084; x_wconf 74' lang='lat' dir='ltr'><strong>Matthzeum</strong></span> <span class='ocrx_word' id='word_1_59' title='bbox 1444 1030 1668 1084; x_wconf 86' lang='lat' dir='ltr'><strong>domum</strong></span> <span class='ocrx_word' id='word_1_60' title='bbox 1709 1031 2008 1092; x_wconf 90' lang='lat' dir='ltr'><strong>remittere,</strong></span> 
     </span>
    </p>
   </div>
   <div class='ocr_carea' id='block_1_12' title="bbox 2115 578 3670 657">
    <p class='ocr_par' dir='ltr' id='par_1_12' title="bbox 2115 578 3670 657">
     <span class='ocr_line' id='line_1_12' title="bbox 2115 578 3670 657; baseline 0.005 -25"><span class='ocrx_word' id='word_1_61' title='bbox 2115 578 2391 652; x_wconf 76' lang='grc' dir='ltr'>μουτζηνά</span> <span class='ocrx_word' id='word_1_62' title='bbox 2423 584 2892 655; x_wconf 85' lang='grc' dir='ltr'>προσχωρήσαντα</span> <span class='ocrx_word' id='word_1_63' title='bbox 2920 586 3174 655; x_wconf 77' lang='grc' dir='ltr'><strong>ἑτοίμως.</strong></span> <span class='ocrx_word' id='word_1_64' title='bbox 3209 584 3441 639; x_wconf 80' lang='grc' dir='ltr'><strong>Ἔπειτα</strong></span> <span class='ocrx_word' id='word_1_65' title='bbox 3469 588 3562 640; x_wconf 74' lang='grc' dir='ltr'><strong>καὶ</strong></span> <span class='ocrx_word' id='word_1_66' title='bbox 3581 587 3670 657; x_wconf 75' lang='grc' dir='ltr'>τὴν</span> 
     </span>
    </p>
   </div>
   <div class='ocr_carea' id='block_1_13' title="bbox 2114 670 3668 747">
    <p class='ocr_par' dir='ltr' id='par_1_13' title="bbox 2114 670 3668 747">
     <span class='ocr_line' id='line_1_13' title="bbox 2114 670 3668 747; baseline 0.005 -23"><span class='ocrx_word' id='word_1_67' title='bbox 2114 673 2412 742; x_wconf 77' lang='grc' dir='ltr'>Γρατιανοῦ</span> <span class='ocrx_word' id='word_1_68' title='bbox 2443 676 2596 730; x_wconf 77' lang='grc' dir='ltr'>πόλιν</span> <span class='ocrx_word' id='word_1_69' title='bbox 2624 670 2767 730; x_wconf 76' lang='grc' dir='ltr'>εἷλεν</span> <span class='ocrx_word' id='word_1_70' title='bbox 2802 676 2992 742; x_wconf 79' lang='grc' dir='ltr'>ἐλθὼν,</span> <span class='ocrx_word' id='word_1_71' title='bbox 3023 677 3234 741; x_wconf 75' lang='grc' dir='ltr'>οὐδενὸς</span> <span class='ocrx_word' id='word_1_72' title='bbox 3260 677 3668 747; x_wconf 78' lang='grc' dir='ltr'>ἀνθισταμένουο</span> 
     </span>
    </p>
   </div>
   <div class='ocr_carea' id='block_1_14' title="bbox 2115 771 3668 842">
    <p class='ocr_par' dir='ltr' id='par_1_14' title="bbox 2115 771 3668 842">
     <span class='ocr_line' id='line_1_14' title="bbox 2115 771 3668 842; baseline 0.001 -18"><span class='ocrx_word' id='word_1_73' title='bbox 2115 772 2318 834; x_wconf 78' lang='grc' dir='ltr'>πάντες</span> <span class='ocrx_word' id='word_1_74' title='bbox 2382 771 2485 842; x_wconf 80' lang='grc' dir='ltr'>γὰρ</span> <span class='ocrx_word' id='word_1_75' title='bbox 2539 771 2783 841; x_wconf 76' lang='grc' dir='ltr'>ἐδέχοντο</span> <span class='ocrx_word' id='word_1_76' title='bbox 2834 771 3133 840; x_wconf 80' lang='grc' dir='ltr'><strong>προθύμως</strong></span> <span class='ocrx_word' id='word_1_77' title='bbox 3186 773 3250 823; x_wconf 81' lang='grc' dir='ltr'><strong>ὲκ</strong></span> <span class='ocrx_word' id='word_1_78' title='bbox 3310 773 3668 841; x_wconf 81' lang='grc' dir='ltr'><strong>συνθήματος,</strong></span> 
     </span>
    </p>
   </div>
   <div class='ocr_carea' id='block_1_15' title="bbox 2118 863 3672 933">
    <p class='ocr_par' dir='ltr' id='par_1_15' title="bbox 2118 863 3672 933">
     <span class='ocr_line' id='line_1_15' title="bbox 2118 863 3672 933; baseline 0 -16"><span class='ocrx_word' id='word_1_79' title='bbox 2118 864 2374 933; x_wconf 76' lang='grc' dir='ltr'><strong>οὐδεμιᾶς</strong></span> <span class='ocrx_word' id='word_1_80' title='bbox 2411 863 2624 926; x_wconf 81' lang='grc' dir='ltr'><strong>ἐλπίδος</strong></span> <span class='ocrx_word' id='word_1_81' title='bbox 2655 863 2735 916; x_wconf 70' lang='grc' dir='ltr'><strong>ἔτι</strong></span> <span class='ocrx_word' id='word_1_82' title='bbox 2789 863 3225 933; x_wconf 80' lang='grc' dir='ltr'><strong>ὑπολειπομένης</strong></span> <span class='ocrx_word' id='word_1_83' title='bbox 3273 864 3338 916; x_wconf 73' lang='grc' dir='ltr'><strong>ὲκ</strong></span> <span class='ocrx_word' id='word_1_84' title='bbox 3396 863 3672 917; x_wconf 77' lang='grc' dir='ltr'>Ματθαίου</span> 
     </span>
    </p>
   </div>
   <div class='ocr_carea' id='block_1_16' title="bbox 2117 948 3674 1026">
    <p class='ocr_par' dir='ltr' id='par_1_16' title="bbox 2117 948 3674 1026">
     <span class='ocr_line' id='line_1_16' title="bbox 2117 948 3674 1026; baseline 0.001 -18"><span class='ocrx_word' id='word_1_85' title='bbox 2117 955 2402 1026; x_wconf 82' lang='grc' dir='ltr'>βασιλέως·</span> <span class='ocrx_word' id='word_1_86' title='bbox 2435 953 2493 1006; x_wconf 75' lang='grc' dir='ltr'><strong>ὲν</strong></span> <span class='ocrx_word' id='word_1_87' title='bbox 2527 948 2682 1026; x_wconf 76' lang='grc' dir='ltr'>ᾖκαὶ</span> <span class='ocrx_word' id='word_1_88' title='bbox 2745 953 3015 1025; x_wconf 80' lang='grc' dir='ltr'><strong>βασιλίδος</strong></span> <span class='ocrx_word' id='word_1_89' title='bbox 3067 954 3304 1023; x_wconf 75' lang='grc' dir='ltr'><strong>Εἰρήνης</strong></span> <span class='ocrx_word' id='word_1_90' title='bbox 3358 953 3474 1023; x_wconf 75' lang='grc' dir='ltr'>ἅμα</span> <span class='ocrx_word' id='word_1_91' title='bbox 3529 954 3674 1009; x_wconf 75' lang='grc' dir='ltr'>δυσὶν</span> 
     </span>
    </p>
   </div>
   <div class='ocr_carea' id='block_1_17' title="bbox 2114 1043 3671 1114">
    <p class='ocr_par' dir='ltr' id='par_1_17' title="bbox 2114 1043 3671 1114">
     <span class='ocr_line' id='line_1_17' title="bbox 2114 1043 3671 1114; baseline -0.003 -16"><span class='ocrx_word' id='word_1_92' title='bbox 2114 1046 2280 1111; x_wconf 82' lang='grc' dir='ltr'><strong>υἱέσι,</strong></span> <span class='ocrx_word' id='word_1_93' title='bbox 2312 1049 2409 1099; x_wconf 76' lang='grc' dir='ltr'><strong>καὶ</strong></span> <span class='ocrx_word' id='word_1_94' title='bbox 2441 1044 2733 1104; x_wconf 80' lang='grc' dir='ltr'><strong>τοσαύταις</strong></span> <span class='ocrx_word' id='word_1_95' title='bbox 2785 1043 3092 1113; x_wconf 80' lang='grc' dir='ltr'><strong>θυγατράσι</strong></span> <span class='ocrx_word' id='word_1_96' title='bbox 3143 1044 3330 1114; x_wconf 78' lang='grc' dir='ltr'>κύριος</span> <span class='ocrx_word' id='word_1_97' title='bbox 3368 1045 3671 1114; x_wconf 85' lang='grc' dir='ltr'>γενόμενος,</span> 
     </span>
    </p>
   </div>
   <div class='ocr_carea' id='block_1_18' title="bbox 438 1119 2015 1205">
    <p class='ocr_par' dir='ltr' id='par_1_18' title="bbox 438 1119 2012 1194">
     <span class='ocr_line' id='line_1_18' title="bbox 438 1119 2012 1194; baseline 0.001 -20"><span class='ocrx_word' id='word_1_98' title='bbox 438 1129 644 1175; x_wconf 83' lang='lat' dir='ltr'><strong>etcum</strong></span> <span class='ocrx_word' id='word_1_99' title='bbox 682 1119 1017 1192; x_wconf 67' lang='lat' dir='ltr'><strong>Palzeologus</strong></span> <span class='ocrx_word' id='word_1_100' title='bbox 1048 1139 1172 1178; x_wconf 90' lang='lat' dir='ltr'><strong>eum</strong></span> <span class='ocrx_word' id='word_1_101' title='bbox 1206 1124 1309 1178; x_wconf 86' lang='lat' dir='ltr'><strong>sibi</strong></span> <span class='ocrx_word' id='word_1_102' title='bbox 1347 1124 1500 1194; x_wconf 84' lang='lat' dir='ltr'><strong>prodi</strong></span> <span class='ocrx_word' id='word_1_103' title='bbox 1539 1136 1786 1194; x_wconf 87' lang='lat' dir='ltr'><strong>cuperet,</strong></span> <span class='ocrx_word' id='word_1_104' title='bbox 1821 1124 2012 1179; x_wconf 76' lang='lat' dir='ltr'><strong>audire.</strong></span> 
     </span>
    </p>
   </div>
   <div class='ocr_carea' id='block_1_19' title="bbox 2120 1119 3670 1205">
    <p class='ocr_par' dir='ltr' id='par_1_19' title="bbox 2120 1132 3670 1205">
     <span class='ocr_line' id='line_1_19' title="bbox 2120 1132 3670 1205; baseline 0 -17"><span class='ocrx_word' id='word_1_105' title='bbox 2120 1133 2368 1204; x_wconf 78' lang='grc' dir='ltr'>Βεοδώρα</span> <span class='ocrx_word' id='word_1_106' title='bbox 2417 1133 2522 1202; x_wconf 85' lang='grc' dir='ltr'><strong>γὰρ</strong></span> <span class='ocrx_word' id='word_1_107' title='bbox 2557 1135 2590 1204; x_wconf 80' lang='grc' dir='ltr'><strong>ἡ</strong></span> <span class='ocrx_word' id='word_1_108' title='bbox 2629 1133 2975 1205; x_wconf 85' lang='grc' dir='ltr'>πρεσϐυτέρα</span> <span class='ocrx_word' id='word_1_109' title='bbox 3003 1133 3110 1186; x_wconf 86' lang='grc' dir='ltr'>τῶν</span> <span class='ocrx_word' id='word_1_110' title='bbox 3139 1133 3421 1187; x_wconf 83' lang='grc' dir='ltr'>Ματθαίου</span> <span class='ocrx_word' id='word_1_111' title='bbox 3452 1133 3545 1186; x_wconf 82' lang='grc' dir='ltr'><strong>τοῦ</strong></span> <span class='ocrx_word' id='word_1_112' title='bbox 3589 1132 3670 1202; x_wconf 82' lang='grc' dir='ltr'>βα·</span> 
     </span>
    </p>
   </div>
   <div class='ocr_carea' id='block_1_20' title="bbox 439 1212 2015 1300">
    <p class='ocr_par' dir='ltr' id='par_1_20' title="bbox 439 1212 2010 1284">
     <span class='ocr_line' id='line_1_20' title="bbox 439 1212 2010 1284; baseline 0.004 -20"><span class='ocrx_word' id='word_1_113' title='bbox 439 1212 774 1284; x_wconf 84' lang='lat' dir='ltr'><strong>legationem</strong></span> <span class='ocrx_word' id='word_1_114' title='bbox 808 1229 919 1267; x_wconf 92' lang='lat' dir='ltr'><strong>non</strong></span> <span class='ocrx_word' id='word_1_115' title='bbox 953 1216 1239 1271; x_wconf 87' lang='lat' dir='ltr'><strong>sustinuit.</strong></span> <span class='ocrx_word' id='word_1_116' title='bbox 1282 1215 1387 1272; x_wconf 85' lang='lat' dir='ltr'><strong>Sed</strong></span> <span class='ocrx_word' id='word_1_117' title='bbox 1427 1225 1484 1270; x_wconf 91' lang='lat' dir='ltr'><strong>ut</strong></span> <span class='ocrx_word' id='word_1_118' title='bbox 1519 1215 1714 1272; x_wconf 84' lang='lat' dir='ltr'><strong>didicit</strong></span> <span class='ocrx_word' id='word_1_119' title='bbox 1740 1224 1795 1270; x_wconf 91' lang='lat' dir='ltr'><strong>et</strong></span> <span class='ocrx_word' id='word_1_120' title='bbox 1825 1216 2010 1280; x_wconf 89' lang='lat' dir='ltr'><strong>nrbes,</strong></span> 
     </span>
    </p>
   </div>
   <div class='ocr_carea' id='block_1_21' title="bbox 2120 1212 3671 1300">
    <p class='ocr_par' dir='ltr' id='par_1_21' title="bbox 2120 1223 3671 1300">
     <span class='ocr_line' id='line_1_21' title="bbox 2120 1223 3671 1300; baseline 0 -22"><span class='ocrx_word' id='word_1_121' title='bbox 2120 1227 2306 1288; x_wconf 85' lang='grc' dir='ltr'>σιλέως</span> <span class='ocrx_word' id='word_1_122' title='bbox 2368 1223 2705 1294; x_wconf 82' lang='grc' dir='ltr'>θυγατέρων,</span> <span class='ocrx_word' id='word_1_123' title='bbox 2769 1225 2920 1290; x_wconf 81' lang='grc' dir='ltr'>παρὰ</span> <span class='ocrx_word' id='word_1_124' title='bbox 2973 1227 3037 1295; x_wconf 81' lang='grc' dir='ltr'>τῇ</span> <span class='ocrx_word' id='word_1_125' title='bbox 3087 1224 3289 1295; x_wconf 80' lang='grc' dir='ltr'><strong>μάμμῃ</strong></span> <span class='ocrx_word' id='word_1_126' title='bbox 3343 1225 3578 1300; x_wconf 67' lang='grc' dir='ltr'><strong>Εὑγενία</strong></span> <span class='ocrx_word' id='word_1_127' title='bbox 3615 1229 3671 1296; x_wconf 81' lang='grc' dir='ltr'>τῇ</span> 
     </span>
    </p>
   </div>
   <div class='ocr_carea' id='block_1_22' title="bbox 445 1304 2015 1388">
    <p class='ocr_par' dir='ltr' id='par_1_22' title="bbox 445 1304 2010 1376">
     <span class='ocr_line' id='line_1_22' title="bbox 445 1304 2010 1376; baseline 0.001 -18"><span class='ocrx_word' id='word_1_128' title='bbox 445 1315 501 1359; x_wconf 87' lang='lat' dir='ltr'><strong>et</strong></span> <span class='ocrx_word' id='word_1_129' title='bbox 535 1304 740 1360; x_wconf 89' lang='lat' dir='ltr'><strong>liberos</strong></span> <span class='ocrx_word' id='word_1_130' title='bbox 778 1306 898 1376; x_wconf 90' lang='lat' dir='ltr'><strong>ejus</strong></span> <span class='ocrx_word' id='word_1_131' title='bbox 947 1314 1000 1358; x_wconf 92' lang='lat' dir='ltr'><strong>et</strong></span> <span class='ocrx_word' id='word_1_132' title='bbox 1031 1321 1255 1360; x_wconf 82' lang='lat' dir='ltr'><strong>uxorem</strong></span> <span class='ocrx_word' id='word_1_133' title='bbox 1289 1316 1476 1375; x_wconf 85' lang='lat' dir='ltr'><strong>captos</strong></span> <span class='ocrx_word' id='word_1_134' title='bbox 1523 1321 1667 1371; x_wconf 82' lang='lat' dir='ltr'><strong>esse,</strong></span> <span class='ocrx_word' id='word_1_135' title='bbox 1696 1306 2010 1375; x_wconf 78' lang='lat' dir='ltr'><strong>nullamque</strong></span> 
     </span>
    </p>
   </div>
   <div class='ocr_carea' id='block_1_23' title="bbox 2120 1304 3674 1388">
    <p class='ocr_par' dir='ltr' id='par_1_23' title="bbox 2120 1314 3674 1388">
     <span class='ocr_line' id='line_1_23' title="bbox 2120 1314 3674 1388; baseline -0.001 -18"><span class='ocrx_word' id='word_1_136' title='bbox 2120 1316 2348 1388; x_wconf 76' lang='grc' dir='ltr'><strong>βασιλίδι</strong></span> <span class='ocrx_word' id='word_1_137' title='bbox 2412 1317 2673 1386; x_wconf 67' lang='grc' dir='ltr'>ἐτρέφετο</span> <span class='ocrx_word' id='word_1_138' title='bbox 2727 1316 2785 1368; x_wconf 80' lang='grc' dir='ltr'><strong>ὲν</strong></span> <span class='ocrx_word' id='word_1_139' title='bbox 2842 1314 3144 1385; x_wconf 76' lang='grc' dir='ltr'><strong>Βυζαντίῳ,</strong></span> <span class='ocrx_word' id='word_1_140' title='bbox 3187 1318 3280 1371; x_wconf 74' lang='grc' dir='ltr'><strong>καὶ</strong></span> <span class='ocrx_word' id='word_1_141' title='bbox 3335 1316 3674 1385; x_wconf 71' lang='grc' dir='ltr'>χρησάμενος</span> 
     </span>
    </p>
   </div>
   <div class='ocr_carea' id='block_1_24' title="bbox 444 1397 2015 1478">
    <p class='ocr_par' dir='ltr' id='par_1_24' title="bbox 444 1397 2012 1466">
     <span class='ocr_line' id='line_1_24' title="bbox 444 1397 2012 1466; baseline 0.001 -17"><span class='ocrx_word' id='word_1_142' title='bbox 444 1410 597 1464; x_wconf 82' lang='lat' dir='ltr'><strong>spem</strong></span> <span class='ocrx_word' id='word_1_143' title='bbox 636 1405 843 1450; x_wconf 88' lang='lat' dir='ltr'><strong>restare</strong></span> <span class='ocrx_word' id='word_1_144' title='bbox 879 1397 1212 1466; x_wconf 81' lang='lat' dir='ltr'><strong>accipiendae</strong></span> <span class='ocrx_word' id='word_1_145' title='bbox 1242 1398 1308 1452; x_wconf 90' lang='lat' dir='ltr'><strong>ab</strong></span> <span class='ocrx_word' id='word_1_146' title='bbox 1343 1397 1533 1452; x_wconf 88' lang='lat' dir='ltr'><strong>eodem</strong></span> <span class='ocrx_word' id='word_1_147' title='bbox 1566 1397 1818 1453; x_wconf 72' lang='lat' dir='ltr'><strong>Mattbazo</strong></span> <span class='ocrx_word' id='word_1_148' title='bbox 1849 1411 2012 1466; x_wconf 89' lang='lat' dir='ltr'><strong>pecu-</strong></span> 
     </span>
    </p>
   </div>
   <div class='ocr_carea' id='block_1_25' title="bbox 2120 1397 3674 1478">
    <p class='ocr_par' dir='ltr' id='par_1_25' title="bbox 2120 1407 3674 1478">
     <span class='ocr_line' id='line_1_25' title="bbox 2120 1407 3674 1478; baseline 0 -18"><span class='ocrx_word' id='word_1_149' title='bbox 2120 1407 2536 1478; x_wconf 72' lang='grc' dir='ltr'>φιλανθρώπως.</span> <span class='ocrx_word' id='word_1_150' title='bbox 2574 1407 2744 1462; x_wconf 80' lang='grc' dir='ltr'>Οὐδὲν</span> <span class='ocrx_word' id='word_1_151' title='bbox 2771 1407 2881 1478; x_wconf 77' lang='grc' dir='ltr'>γὰρ</span> <span class='ocrx_word' id='word_1_152' title='bbox 2921 1407 3204 1478; x_wconf 70' lang='grc' dir='ltr'>ἠδίκησεν,</span> <span class='ocrx_word' id='word_1_153' title='bbox 3253 1408 3376 1461; x_wconf 65' lang='grc' dir='ltr'>οὐδὲ</span> <span class='ocrx_word' id='word_1_154' title='bbox 3434 1408 3674 1476; x_wconf 80' lang='grc' dir='ltr'>ἀφείλετο</span> 
     </span>
    </p>
   </div>
   <div class='ocr_carea' id='block_1_26' title="bbox 445 1487 2015 1567">
    <p class='ocr_par' dir='ltr' id='par_1_26' title="bbox 445 1487 2013 1558">
     <span class='ocr_line' id='line_1_26' title="bbox 445 1487 2013 1558; baseline 0.001 -18"><span class='ocrx_word' id='word_1_155' title='bbox 445 1487 572 1551; x_wconf 64' lang='lat' dir='ltr'><strong>lilii),</strong></span> <span class='ocrx_word' id='word_1_156' title='bbox 604 1498 700 1540; x_wconf 90' lang='lat' dir='ltr'><strong>aut</strong></span> <span class='ocrx_word' id='word_1_157' title='bbox 723 1487 1200 1544; x_wconf 87' lang='lat' dir='ltr'><strong>commodaturum</strong></span> <span class='ocrx_word' id='word_1_158' title='bbox 1229 1489 1295 1544; x_wconf 89' lang='lat' dir='ltr'><strong>ad</strong></span> <span class='ocrx_word' id='word_1_159' title='bbox 1330 1489 1588 1544; x_wconf 85' lang='lat' dir='ltr'><strong>meditata</strong></span> <span class='ocrx_word' id='word_1_160' title='bbox 1622 1489 1687 1545; x_wconf 87' lang='lat' dir='ltr'><strong>ab</strong></span> <span class='ocrx_word' id='word_1_161' title='bbox 1725 1487 1856 1557; x_wconf 83' lang='lat' dir='ltr'><strong>ipsis</strong></span> <span class='ocrx_word' id='word_1_162' title='bbox 1887 1503 2013 1558; x_wconf 88' lang='lat' dir='ltr'><strong>per-</strong></span> 
     </span>
    </p>
   </div>
   <div class='ocr_carea' id='block_1_27' title="bbox 2120 1487 3672 1567">
    <p class='ocr_par' dir='ltr' id='par_1_27' title="bbox 2120 1495 3672 1567">
     <span class='ocr_line' id='line_1_27' title="bbox 2120 1495 3672 1567; baseline -0.003 -15"><span class='ocrx_word' id='word_1_163' title='bbox 2120 1499 2266 1552; x_wconf 77' lang='grc' dir='ltr'>υὺδὲν</span> <span class='ocrx_word' id='word_1_164' title='bbox 2296 1499 2403 1553; x_wconf 78' lang='grc' dir='ltr'>τῶν</span> <span class='ocrx_word' id='word_1_165' title='bbox 2443 1499 2613 1551; x_wconf 76' lang='grc' dir='ltr'>ὄντων</span> <span class='ocrx_word' id='word_1_166' title='bbox 2642 1496 2758 1550; x_wconf 75' lang='grc' dir='ltr'>οὒτ’</span> <span class='ocrx_word' id='word_1_167' title='bbox 2794 1497 3034 1567; x_wconf 81' lang='grc' dir='ltr'><strong>ἐκείνην,</strong></span> <span class='ocrx_word' id='word_1_168' title='bbox 3061 1495 3183 1550; x_wconf 76' lang='grc' dir='ltr'>οὔτε</span> <span class='ocrx_word' id='word_1_169' title='bbox 3218 1496 3348 1559; x_wconf 77' lang='grc' dir='ltr'>τοὺς</span> <span class='ocrx_word' id='word_1_170' title='bbox 3392 1498 3522 1566; x_wconf 73' lang='grc' dir='ltr'>περὶ</span> <span class='ocrx_word' id='word_1_171' title='bbox 3583 1496 3672 1549; x_wconf 77' lang='grc' dir='ltr'>αὑ·-</span> 
     </span>
    </p>
   </div>
   <div class='ocr_carea' id='block_1_28' title="bbox 444 1577 2015 1663">
    <p class='ocr_par' dir='ltr' id='par_1_28' title="bbox 444 1577 2008 1663">
     <span class='ocr_line' id='line_1_28' title="bbox 444 1577 2008 1663; baseline 0.001 -33"><span class='ocrx_word' id='word_1_172' title='bbox 444 1577 705 1643; x_wconf 80' lang='lat' dir='ltr'><strong>ilciunda,</strong></span> <span class='ocrx_word' id='word_1_173' title='bbox 756 1580 850 1649; x_wconf 84' lang='lat' dir='ltr'><strong>qui</strong></span> <span class='ocrx_word' id='word_1_174' title='bbox 894 1581 1008 1649; x_wconf 88' lang='lat' dir='ltr'><strong>jam</strong></span> <span class='ocrx_word' id='word_1_175' title='bbox 1039 1580 1162 1636; x_wconf 88' lang='lat' dir='ltr'><strong>sine</strong></span> <span class='ocrx_word' id='word_1_176' title='bbox 1209 1582 1348 1638; x_wconf 89' lang='lat' dir='ltr'><strong>urbe</strong></span> <span class='ocrx_word' id='word_1_177' title='bbox 1410 1591 1458 1636; x_wconf 91' lang='lat' dir='ltr'><strong>et</strong></span> <span class='ocrx_word' id='word_1_178' title='bbox 1509 1581 1749 1654; x_wconf 81' lang='lat' dir='ltr'><strong>focosit,</strong></span> <span class='ocrx_word' id='word_1_179' title='bbox 1801 1587 2008 1663; x_wconf 82' lang='lat' dir='ltr'><strong>mutata</strong></span> 
     </span>
    </p>
   </div>
   <div class='ocr_carea' id='block_1_29' title="bbox 2120 1577 3671 1663">
    <p class='ocr_par' dir='ltr' id='par_1_29' title="bbox 2120 1587 3671 1660">
     <span class='ocr_line' id='line_1_29' title="bbox 2120 1587 3671 1660; baseline -0.002 -17"><span class='ocrx_word' id='word_1_180' title='bbox 2120 1592 2233 1660; x_wconf 79' lang='grc' dir='ltr'>τὴν,</span> <span class='ocrx_word' id='word_1_181' title='bbox 2265 1591 2342 1654; x_wconf 79' lang='grc' dir='ltr'><strong>εἰς</strong></span> <span class='ocrx_word' id='word_1_182' title='bbox 2375 1589 2603 1643; x_wconf 80' lang='grc' dir='ltr'>Τένεδον</span> <span class='ocrx_word' id='word_1_183' title='bbox 2636 1589 2913 1659; x_wconf 73' lang='grc' dir='ltr'><strong>ἐξέπεμψε</strong></span> <span class='ocrx_word' id='word_1_184' title='bbox 2963 1589 3061 1660; x_wconf 86' lang='grc' dir='ltr'><strong>τὴν</strong></span> <span class='ocrx_word' id='word_1_185' title='bbox 3087 1589 3273 1656; x_wconf 74' lang='grc' dir='ltr'><strong>νῆσον.</strong></span> <span class='ocrx_word' id='word_1_186' title='bbox 3303 1589 3472 1652; x_wconf 66' lang='grc' dir='ltr'>Αὐτδς</span> <span class='ocrx_word' id='word_1_187' title='bbox 3515 1587 3569 1643; x_wconf 84' lang='grc' dir='ltr'>δὲ</span> <span class='ocrx_word' id='word_1_188' title='bbox 3610 1590 3671 1657; x_wconf 83' lang='grc' dir='ltr'>τῇ</span> 
     </span>
    </p>
   </div>
   <div class='ocr_carea' id='block_1_30' title="bbox 440 1671 2015 1752">
    <p class='ocr_par' dir='ltr' id='par_1_30' title="bbox 440 1671 2007 1743">
     <span class='ocr_line' id='line_1_30' title="bbox 440 1671 2007 1743; baseline 0.001 -19"><span class='ocrx_word' id='word_1_189' title='bbox 440 1671 710 1724; x_wconf 84' lang='lat' dir='ltr'><strong>sententia</strong></span> <span class='ocrx_word' id='word_1_190' title='bbox 745 1686 775 1726; x_wconf 90' lang='lat' dir='ltr'><strong>a</strong></span> <span class='ocrx_word' id='word_1_191' title='bbox 806 1671 1109 1743; x_wconf 75' lang='lat' dir='ltr'><strong>Palaeologo</strong></span> <span class='ocrx_word' id='word_1_192' title='bbox 1138 1674 1431 1743; x_wconf 75' lang='lat' dir='ltr'><strong>pecuniam</strong></span> <span class='ocrx_word' id='word_1_193' title='bbox 1473 1689 1570 1742; x_wconf 91' lang='lat' dir='ltr'><strong>pro</strong></span> <span class='ocrx_word' id='word_1_194' title='bbox 1597 1689 1662 1727; x_wconf 91' lang='lat' dir='ltr'><strong>eo</strong></span> <span class='ocrx_word' id='word_1_195' title='bbox 1691 1672 2007 1743; x_wconf 81' lang='lat' dir='ltr'><strong>paciscitur.</strong></span> 
     </span>
    </p>
   </div>
   <div class='ocr_carea' id='block_1_31' title="bbox 2120 1671 3676 1752">
    <p class='ocr_par' dir='ltr' id='par_1_31' title="bbox 2120 1676 3676 1752">
     <span class='ocr_line' id='line_1_31' title="bbox 2120 1676 3676 1752; baseline -0.003 -15"><span class='ocrx_word' id='word_1_196' title='bbox 2120 1682 2271 1737; x_wconf 76' lang='grc' dir='ltr'>πόλει</span> <span class='ocrx_word' id='word_1_197' title='bbox 2312 1681 2613 1752; x_wconf 80' lang='grc' dir='ltr'>ἐπιστήσας</span> <span class='ocrx_word' id='word_1_198' title='bbox 2645 1681 2906 1751; x_wconf 80' lang='grc' dir='ltr'>ἄρχοντα,</span> <span class='ocrx_word' id='word_1_199' title='bbox 2943 1680 3039 1734; x_wconf 76' lang='grc' dir='ltr'><strong>καὶ</strong></span> <span class='ocrx_word' id='word_1_200' title='bbox 3080 1681 3247 1736; x_wconf 84' lang='grc' dir='ltr'>τᾶλλα</span> <span class='ocrx_word' id='word_1_201' title='bbox 3289 1676 3347 1734; x_wconf 80' lang='grc' dir='ltr'>εὖ</span> <span class='ocrx_word' id='word_1_202' title='bbox 3404 1680 3676 1748; x_wconf 82' lang='grc' dir='ltr'>διοικησά-</span> 
     </span>
    </p>
   </div>
   <div class='ocr_carea' id='block_1_32' title="bbox 442 1761 2015 1840">
    <p class='ocr_par' dir='ltr' id='par_1_32' title="bbox 442 1761 2010 1836">
     <span class='ocr_line' id='line_1_32' title="bbox 442 1761 2010 1836; baseline 0.003 -21"><span class='ocrx_word' id='word_1_203' title='bbox 442 1761 559 1829; x_wconf 87' lang='lat' dir='ltr'><strong>Qua</strong></span> <span class='ocrx_word' id='word_1_204' title='bbox 596 1763 719 1818; x_wconf 88' lang='lat' dir='ltr'><strong>data</strong></span> <span class='ocrx_word' id='word_1_205' title='bbox 750 1765 960 1820; x_wconf 87' lang='lat' dir='ltr'><strong>veritus</strong></span> <span class='ocrx_word' id='word_1_206' title='bbox 990 1781 1058 1820; x_wconf 92' lang='lat' dir='ltr'><strong>ne</strong></span> <span class='ocrx_word' id='word_1_207' title='bbox 1095 1767 1324 1821; x_wconf 86' lang='lat' dir='ltr'><strong>Joannis</strong></span> <span class='ocrx_word' id='word_1_208' title='bbox 1356 1766 1581 1836; x_wconf 81' lang='lat' dir='ltr'><strong>gratiam</strong></span> <span class='ocrx_word' id='word_1_209' title='bbox 1612 1775 1919 1830; x_wconf 75' lang='lat' dir='ltr'><strong>assecutus,</strong></span> <span class='ocrx_word' id='word_1_210' title='bbox 1951 1780 2010 1819; x_wconf 90' lang='lat' dir='ltr'><strong>se</strong></span> 
     </span>
    </p>
   </div>
   <div class='ocr_carea' id='block_1_33' title="bbox 2120 1761 3674 1840">
    <p class='ocr_par' dir='ltr' id='par_1_33' title="bbox 2120 1769 3674 1840">
     <span class='ocr_line' id='line_1_33' title="bbox 2120 1769 3674 1840; baseline -0.001 -18"><span class='ocrx_word' id='word_1_211' title='bbox 2120 1785 2300 1840; x_wconf 88' lang='grc' dir='ltr'>μενος,</span> <span class='ocrx_word' id='word_1_212' title='bbox 2337 1771 2418 1832; x_wconf 77' lang='grc' dir='ltr'><strong>εἰς</strong></span> <span class='ocrx_word' id='word_1_213' title='bbox 2451 1769 2822 1840; x_wconf 81' lang='grc' dir='ltr'>Περιθεώριον</span> <span class='ocrx_word' id='word_1_214' title='bbox 2857 1770 3188 1836; x_wconf 83' lang='grc' dir='ltr'>ἐπανελθὼν,</span> <span class='ocrx_word' id='word_1_215' title='bbox 3221 1770 3519 1840; x_wconf 83' lang='grc' dir='ltr'>πρεσϐείαν</span> <span class='ocrx_word' id='word_1_216' title='bbox 3546 1770 3674 1837; x_wconf 66' lang='grc' dir='ltr'>πρδς</span> 
     </span>
    </p>
   </div>
   <div class='ocr_carea' id='block_1_34' title="bbox 442 1829 2015 1934">
    <p class='ocr_par' dir='ltr' id='par_1_34' title="bbox 442 1846 2006 1926">
     <span class='ocr_line' id='line_1_34' title="bbox 442 1846 2006 1926; baseline 0.002 -18"><span class='ocrx_word' id='word_1_217' title='bbox 442 1856 788 1924; x_wconf 88' lang='lat' dir='ltr'><strong>postmodum</strong></span> <span class='ocrx_word' id='word_1_218' title='bbox 818 1846 1041 1926; x_wconf 84' lang='lat' dir='ltr'><strong>propter</strong></span> <span class='ocrx_word' id='word_1_219' title='bbox 1065 1857 1430 1926; x_wconf 87' lang='lat' dir='ltr'><strong>proditionem</strong></span> <span class='ocrx_word' id='word_1_220' title='bbox 1458 1858 1785 1921; x_wconf 78' lang='lat' dir='ltr'><strong>vindicaret,</strong></span> <span class='ocrx_word' id='word_1_221' title='bbox 1819 1857 2006 1912; x_wconf 83' lang='lat' dir='ltr'><strong>oculos</strong></span> 
     </span>
    </p>
   </div>
   <div class='ocr_carea' id='block_1_35' title="bbox 2120 1829 3670 1934">
    <p class='ocr_par' dir='ltr' id='par_1_35' title="bbox 2120 1829 3670 1934">
     <span class='ocr_line' id='line_1_35' title="bbox 2120 1829 3670 1934; baseline -0.003 -18"><span class='ocrx_word' id='word_1_222' title='bbox 2120 1829 2342 1933; x_wconf 61' lang='grc' dir='ltr'>βοϊχναν</span> <span class='ocrx_word' id='word_1_223' title='bbox 2375 1829 2614 1915; x_wconf 52' lang='lat' dir='ltr'><strong>estetsi-to</strong></span> <span class='ocrx_word' id='word_1_224' title='bbox 2639 1829 2794 1926; x_wconf 76' lang='grc' dir='ltr'>αὖθις</span> <span class='ocrx_word' id='word_1_225' title='bbox 2824 1829 3300 1934; x_wconf 30' lang='grc' dir='ltr'><strong>ἐπανήκονταγῆδιι</strong></span> <span class='ocrx_word' id='word_1_226' title='bbox 3354 1863 3419 1916; x_wconf 85' lang='grc' dir='ltr'><strong>ὲκ</strong></span> <span class='ocrx_word' id='word_1_227' title='bbox 3470 1829 3670 1932; x_wconf 62' lang='grc' dir='ltr'>Φεριῦν,</span> 
     </span>
    </p>
   </div>
   <div class='ocr_carea' id='block_1_36' title="bbox 443 1947 2015 2026">
    <p class='ocr_par' dir='ltr' id='par_1_36' title="bbox 443 1947 2013 2022">
     <span class='ocr_line' id='line_1_36' title="bbox 443 1947 2013 2022; baseline 0.001 -20"><span class='ocrx_word' id='word_1_228' title='bbox 443 1947 493 2002; x_wconf 91' lang='lat' dir='ltr'><strong>ei</strong></span> <span class='ocrx_word' id='word_1_229' title='bbox 517 1963 713 2003; x_wconf 85' lang='lat' dir='ltr'><strong>eruere</strong></span> <span class='ocrx_word' id='word_1_230' title='bbox 738 1949 1018 2018; x_wconf 78' lang='lat' dir='ltr'><strong>cogitavit.</strong></span> <span class='ocrx_word' id='word_1_231' title='bbox 1040 1964 1265 2019; x_wconf 83' lang='lat' dir='ltr'><strong>sperans</strong></span> <span class='ocrx_word' id='word_1_232' title='bbox 1283 1950 1335 2005; x_wconf 88' lang='lat' dir='ltr'><strong>id</strong></span> <span class='ocrx_word' id='word_1_233' title='bbox 1361 1951 1525 2006; x_wconf 88' lang='lat' dir='ltr'><strong>etiam</strong></span> <span class='ocrx_word' id='word_1_234' title='bbox 1549 1950 1746 2006; x_wconf 81' lang='lat' dir='ltr'><strong>Joanni</strong></span> <span class='ocrx_word' id='word_1_235' title='bbox 1778 1951 2013 2022; x_wconf 78' lang='lat' dir='ltr'><strong>impera-</strong></span> 
     </span>
    </p>
   </div>
   <div class='ocr_carea' id='block_1_37' title="bbox 2120 1947 3676 2026">
    <p class='ocr_par' dir='ltr' id='par_1_37' title="bbox 2120 1953 3676 2026">
     <span class='ocr_line' id='line_1_37' title="bbox 2120 1953 3676 2026; baseline -0.002 -17"><span class='ocrx_word' id='word_1_236' title='bbox 2120 1955 2206 2009; x_wconf 73' lang='grc' dir='ltr'><strong>καὶ</strong></span> <span class='ocrx_word' id='word_1_237' title='bbox 2237 1953 2421 2017; x_wconf 72' lang='grc' dir='ltr'>ἁδείας</span> <span class='ocrx_word' id='word_1_238' title='bbox 2465 1954 2700 2024; x_wconf 77' lang='grc' dir='ltr'><strong>τυχόντα</strong></span> <span class='ocrx_word' id='word_1_239' title='bbox 2726 1954 2865 2008; x_wconf 82' lang='grc' dir='ltr'>ὥστε</span> <span class='ocrx_word' id='word_1_240' title='bbox 2897 1956 3133 2026; x_wconf 82' lang='grc' dir='ltr'>χρῆσθαι</span> <span class='ocrx_word' id='word_1_241' title='bbox 3169 1956 3287 2020; x_wconf 75' lang='grc' dir='ltr'><strong>ὅτι</strong></span> <span class='ocrx_word' id='word_1_242' title='bbox 3327 1953 3572 2024; x_wconf 80' lang='grc' dir='ltr'>βούλοιτο</span> <span class='ocrx_word' id='word_1_243' title='bbox 3601 1953 3676 2021; x_wconf 82' lang='grc' dir='ltr'>τῷ</span> 
     </span>
    </p>
   </div>
   <div class='ocr_carea' id='block_1_38' title="bbox 445 2037 2015 2116">
    <p class='ocr_par' dir='ltr' id='par_1_38' title="bbox 445 2037 2010 2111">
     <span class='ocr_line' id='line_1_38' title="bbox 445 2037 2010 2111; baseline 0.004 -21"><span class='ocrx_word' id='word_1_244' title='bbox 445 2037 549 2090; x_wconf 88' lang='lat' dir='ltr'><strong>tori</strong></span> <span class='ocrx_word' id='word_1_245' title='bbox 582 2051 796 2107; x_wconf 80' lang='lat' dir='ltr'><strong>gratum</strong></span> <span class='ocrx_word' id='word_1_246' title='bbox 829 2038 966 2103; x_wconf 82' lang='lat' dir='ltr'><strong>fore,</strong></span> <span class='ocrx_word' id='word_1_247' title='bbox 998 2040 1043 2094; x_wconf 90' lang='lat' dir='ltr'><strong>si</strong></span> <span class='ocrx_word' id='word_1_248' title='bbox 1072 2040 1138 2096; x_wconf 90' lang='lat' dir='ltr'><strong>ab</strong></span> <span class='ocrx_word' id='word_1_249' title='bbox 1169 2039 1310 2106; x_wconf 88' lang='lat' dir='ltr'><strong>aliis,</strong></span> <span class='ocrx_word' id='word_1_250' title='bbox 1343 2056 1450 2094; x_wconf 91' lang='lat' dir='ltr'><strong>non</strong></span> <span class='ocrx_word' id='word_1_251' title='bbox 1472 2041 1542 2096; x_wconf 87' lang='lat' dir='ltr'><strong>ab</strong></span> <span class='ocrx_word' id='word_1_252' title='bbox 1563 2041 1683 2111; x_wconf 89' lang='lat' dir='ltr'><strong>ipso</strong></span> <span class='ocrx_word' id='word_1_253' title='bbox 1704 2043 2010 2097; x_wconf 84' lang='lat' dir='ltr'><strong>luminibus</strong></span> 
     </span>
    </p>
   </div>
   <div class='ocr_carea' id='block_1_39' title="bbox 2120 2037 3678 2116">
    <p class='ocr_par' dir='ltr' id='par_1_39' title="bbox 2120 2043 3678 2116">
     <span class='ocr_line' id='line_1_39' title="bbox 2120 2043 3678 2116; baseline -0.001 -17"><span class='ocrx_word' id='word_1_254' title='bbox 2120 2044 2324 2115; x_wconf 80' lang='grc' dir='ltr'>βασιλεῖ</span> <span class='ocrx_word' id='word_1_255' title='bbox 2361 2043 2651 2115; x_wconf 82' lang='grc' dir='ltr'>Ματθαίῳ.</span> <span class='ocrx_word' id='word_1_256' title='bbox 2703 2045 2982 2116; x_wconf 82' lang='grc' dir='ltr'><strong>Χρήματά</strong></span> <span class='ocrx_word' id='word_1_257' title='bbox 3006 2061 3066 2098; x_wconf 68' lang='grc' dir='ltr'>τι</span> <span class='ocrx_word' id='word_1_258' title='bbox 3095 2044 3462 2114; x_wconf 72' lang='grc' dir='ltr'><strong>ἐπηγγέλλετο</strong></span> <span class='ocrx_word' id='word_1_259' title='bbox 3513 2043 3678 2097; x_wconf 78' lang='grc' dir='ltr'>πολλὰ</span> 
     </span>
    </p>
   </div>
   <div class='ocr_carea' id='block_1_40' title="bbox 443 2127 2015 2205">
    <p class='ocr_par' dir='ltr' id='par_1_40' title="bbox 443 2127 2009 2202">
     <span class='ocr_line' id='line_1_40' title="bbox 443 2127 2009 2202; baseline 0.006 -22"><span class='ocrx_word' id='word_1_260' title='bbox 443 2127 755 2192; x_wconf 88' lang='lat' dir='ltr'><strong>orbaretur,</strong></span> <span class='ocrx_word' id='word_1_261' title='bbox 793 2131 1120 2200; x_wconf 87' lang='lat' dir='ltr'><strong>mittensque</strong></span> <span class='ocrx_word' id='word_1_262' title='bbox 1157 2132 1402 2202; x_wconf 79' lang='lat' dir='ltr'><strong>rogabat,</strong></span> <span class='ocrx_word' id='word_1_263' title='bbox 1439 2143 1499 2186; x_wconf 91' lang='lat' dir='ltr'><strong>ut</strong></span> <span class='ocrx_word' id='word_1_264' title='bbox 1531 2133 1676 2201; x_wconf 88' lang='lat' dir='ltr'><strong>quod</strong></span> <span class='ocrx_word' id='word_1_265' title='bbox 1706 2133 2009 2189; x_wconf 49' lang='lat' dir='ltr'><strong>deliberas.</strong></span> 
     </span>
    </p>
   </div>
   <div class='ocr_carea' id='block_1_41' title="bbox 2120 2127 3679 2205">
    <p class='ocr_par' dir='ltr' id='par_1_41' title="bbox 2120 2134 3679 2205">
     <span class='ocr_line' id='line_1_41' title="bbox 2120 2134 3679 2205; baseline -0.001 -17"><span class='ocrx_word' id='word_1_266' title='bbox 2120 2135 2400 2205; x_wconf 72' lang='grc' dir='ltr'>παρέξειν,</span> <span class='ocrx_word' id='word_1_267' title='bbox 2429 2135 2478 2187; x_wconf 76' lang='grc' dir='ltr'>εἰ</span> <span class='ocrx_word' id='word_1_268' title='bbox 2502 2135 2592 2188; x_wconf 81' lang='grc' dir='ltr'><strong>τὸν</strong></span> <span class='ocrx_word' id='word_1_269' title='bbox 2618 2134 2877 2203; x_wconf 73' lang='grc' dir='ltr'>γυναικὸς</span> <span class='ocrx_word' id='word_1_270' title='bbox 2905 2135 3132 2204; x_wconf 78' lang='grc' dir='ltr'>ἀδελφὸν</span> <span class='ocrx_word' id='word_1_271' title='bbox 3167 2134 3450 2204; x_wconf 85' lang='grc' dir='ltr'>δεδεμένον</span> <span class='ocrx_word' id='word_1_272' title='bbox 3503 2152 3679 2205; x_wconf 83' lang='grc' dir='ltr'>παρα-</span> 
     </span>
    </p>
   </div>
   <div class='ocr_carea' id='block_1_42' title="bbox 442 2221 2015 2297">
    <p class='ocr_par' dir='ltr' id='par_1_42' title="bbox 442 2221 2011 2290">
     <span class='ocr_line' id='line_1_42' title="bbox 442 2221 2011 2290; baseline 0.006 -18"><span class='ocrx_word' id='word_1_273' title='bbox 442 2228 548 2283; x_wconf 92' lang='lat' dir='ltr'><strong>set,</strong></span> <span class='ocrx_word' id='word_1_274' title='bbox 586 2221 808 2289; x_wconf 76' lang='lat' dir='ltr'><strong>exsequi</strong></span> <span class='ocrx_word' id='word_1_275' title='bbox 850 2221 1062 2276; x_wconf 85' lang='lat' dir='ltr'><strong>liceret.</strong></span> <span class='ocrx_word' id='word_1_276' title='bbox 1111 2221 1413 2290; x_wconf 85' lang='lat' dir='ltr'><strong>Imperator</strong></span> <span class='ocrx_word' id='word_1_277' title='bbox 1445 2223 1549 2280; x_wconf 93' lang='lat' dir='ltr'><strong>hoc</strong></span> <span class='ocrx_word' id='word_1_278' title='bbox 1591 2225 1816 2280; x_wconf 82' lang='lat' dir='ltr'><strong>verbum</strong></span> <span class='ocrx_word' id='word_1_279' title='bbox 1850 2241 2011 2281; x_wconf 82' lang='lat' dir='ltr'><strong>aver-</strong></span> 
     </span>
    </p>
   </div>
   <div class='ocr_carea' id='block_1_43' title="bbox 2120 2221 3670 2297">
    <p class='ocr_par' dir='ltr' id='par_1_43' title="bbox 2120 2225 3670 2297">
     <span class='ocr_line' id='line_1_43' title="bbox 2120 2225 3670 2297; baseline -0.001 -17"><span class='ocrx_word' id='word_1_280' title='bbox 2120 2225 2249 2294; x_wconf 75' lang='grc' dir='ltr'>δοίη.</span> <span class='ocrx_word' id='word_1_281' title='bbox 2281 2225 2509 2295; x_wconf 76' lang='grc' dir='ltr'>Βυῖχνας</span> <span class='ocrx_word' id='word_1_282' title='bbox 2563 2225 2619 2278; x_wconf 85' lang='grc' dir='ltr'>δὲ</span> <span class='ocrx_word' id='word_1_283' title='bbox 2670 2227 2932 2297; x_wconf 84' lang='grc' dir='ltr'>πρότερον</span> <span class='ocrx_word' id='word_1_284' title='bbox 2977 2226 3075 2296; x_wconf 82' lang='grc' dir='ltr'><strong>μὲν</strong></span> <span class='ocrx_word' id='word_1_285' title='bbox 3125 2226 3288 2289; x_wconf 83' lang='grc' dir='ltr'>αὑτός</span> <span class='ocrx_word' id='word_1_286' title='bbox 3320 2243 3380 2278; x_wconf 90' lang='grc' dir='ltr'>τε</span> <span class='ocrx_word' id='word_1_287' title='bbox 3434 2225 3670 2296; x_wconf 82' lang='grc' dir='ltr'><strong>ὥρμητο,</strong></span> 
     </span>
    </p>
   </div>
   <div class='ocr_carea' id='block_1_44' title="bbox 443 2310 2015 2389">
    <p class='ocr_par' dir='ltr' id='par_1_44' title="bbox 443 2310 2008 2382">
     <span class='ocr_line' id='line_1_44' title="bbox 443 2310 2008 2382; baseline 0.004 -18"><span class='ocrx_word' id='word_1_288' title='bbox 443 2319 613 2375; x_wconf 83' lang='lat' dir='ltr'><strong>satus,</strong></span> <span class='ocrx_word' id='word_1_289' title='bbox 643 2310 744 2364; x_wconf 89' lang='lat' dir='ltr'><strong>nisi</strong></span> <span class='ocrx_word' id='word_1_290' title='bbox 769 2311 988 2379; x_wconf 86' lang='lat' dir='ltr'><strong>penitus</strong></span> <span class='ocrx_word' id='word_1_291' title='bbox 1012 2313 1283 2382; x_wconf 84' lang='lat' dir='ltr'><strong>integrum</strong></span> <span class='ocrx_word' id='word_1_292' title='bbox 1314 2314 1713 2382; x_wconf 82' lang='lat' dir='ltr'><strong>etincolumem</strong></span> <span class='ocrx_word' id='word_1_293' title='bbox 1737 2315 2008 2382; x_wconf 86' lang='lat' dir='ltr'><strong>redderet,</strong></span> 
     </span>
    </p>
   </div>
   <div class='ocr_carea' id='block_1_45' title="bbox 2120 2310 3677 2389">
    <p class='ocr_par' dir='ltr' id='par_1_45' title="bbox 2120 2317 3677 2389">
     <span class='ocr_line' id='line_1_45' title="bbox 2120 2317 3677 2389; baseline -0.004 -16"><span class='ocrx_word' id='word_1_294' title='bbox 2120 2319 2304 2388; x_wconf 72' lang='grc' dir='ltr'>ὥσπερ</span> <span class='ocrx_word' id='word_1_295' title='bbox 2327 2319 2512 2389; x_wconf 82' lang='grc' dir='ltr'>ὅρκοις</span> <span class='ocrx_word' id='word_1_296' title='bbox 2536 2317 2930 2384; x_wconf 83' lang='grc' dir='ltr'>διεϐεϐαιοῦτο,</span> <span class='ocrx_word' id='word_1_297' title='bbox 2991 2321 3084 2383; x_wconf 80' lang='grc' dir='ltr'><strong>τὸν</strong></span> <span class='ocrx_word' id='word_1_298' title='bbox 3119 2317 3345 2387; x_wconf 80' lang='grc' dir='ltr'>βασιλέα</span> <span class='ocrx_word' id='word_1_299' title='bbox 3400 2317 3677 2370; x_wconf 61' lang='grc' dir='ltr'>Ἀὶατθαίον</span> 
     </span>
    </p>
   </div>
   <div class='ocr_carea' id='block_1_46' title="bbox 443 2403 2015 2480">
    <p class='ocr_par' dir='ltr' id='par_1_46' title="bbox 443 2403 2011 2475">
     <span class='ocr_line' id='line_1_46' title="bbox 443 2403 2011 2475; baseline 0.007 -26"><span class='ocrx_word' id='word_1_300' title='bbox 443 2411 793 2466; x_wconf 86' lang='lat' dir='ltr'><strong>recepturum</strong></span> <span class='ocrx_word' id='word_1_301' title='bbox 847 2403 1086 2470; x_wconf 78' lang='lat' dir='ltr'><strong>negavit,</strong></span> <span class='ocrx_word' id='word_1_302' title='bbox 1125 2411 1180 2456; x_wconf 90' lang='lat' dir='ltr'><strong>et</strong></span> <span class='ocrx_word' id='word_1_303' title='bbox 1227 2403 1374 2457; x_wconf 91' lang='lat' dir='ltr'><strong>omni</strong></span> <span class='ocrx_word' id='word_1_304' title='bbox 1429 2419 1532 2475; x_wconf 87' lang='lat' dir='ltr'><strong>ope</strong></span> <span class='ocrx_word' id='word_1_305' title='bbox 1582 2406 1914 2466; x_wconf 82' lang='lat' dir='ltr'><strong>enitebatur.</strong></span> <span class='ocrx_word' id='word_1_306' title='bbox 1950 2415 2011 2462; x_wconf 89' lang='lat' dir='ltr'><strong>ut</strong></span> 
     </span>
    </p>
   </div>
   <div class='ocr_carea' id='block_1_47' title="bbox 2120 2403 3681 2480">
    <p class='ocr_par' dir='ltr' id='par_1_47' title="bbox 2120 2408 3681 2480">
     <span class='ocr_line' id='line_1_47' title="bbox 2120 2408 3681 2480; baseline -0.001 -18"><span class='ocrx_word' id='word_1_307' title='bbox 2120 2411 2422 2479; x_wconf 65' lang='grc' dir='ltr'>ἐκπέμπειν</span> <span class='ocrx_word' id='word_1_308' title='bbox 2454 2413 2533 2474; x_wconf 78' lang='grc' dir='ltr'><strong>είς</strong></span> <span class='ocrx_word' id='word_1_309' title='bbox 2556 2409 2653 2480; x_wconf 82' lang='grc' dir='ltr'>τὴν</span> <span class='ocrx_word' id='word_1_310' title='bbox 2687 2411 2898 2468; x_wconf 73' lang='grc' dir='ltr'><strong>οἰκίαν·</strong></span> <span class='ocrx_word' id='word_1_311' title='bbox 2932 2413 3026 2464; x_wconf 71' lang='grc' dir='ltr'><strong>καὶ</strong></span> <span class='ocrx_word' id='word_1_312' title='bbox 3044 2408 3420 2479; x_wconf 83' lang='grc' dir='ltr'>βασιλέωςτοῦ</span> <span class='ocrx_word' id='word_1_313' title='bbox 3453 2409 3681 2462; x_wconf 81' lang='grc' dir='ltr'>Παλαισ-</span> 
     </span>
    </p>
   </div>
   <div class='ocr_carea' id='block_1_48' title="bbox 443 2485 2015 2572">
    <p class='ocr_par' dir='ltr' id='par_1_48' title="bbox 443 2485 2009 2564">
     <span class='ocr_line' id='line_1_48' title="bbox 443 2485 2009 2564; baseline 0.008 -24"><span class='ocrx_word' id='word_1_314' title='bbox 443 2485 688 2543; x_wconf 86' lang='lat' dir='ltr'><strong>Triballo</strong></span> <span class='ocrx_word' id='word_1_315' title='bbox 713 2491 1148 2558; x_wconf 89' lang='lat' dir='ltr'><strong>persuaderetne</strong></span> <span class='ocrx_word' id='word_1_316' title='bbox 1173 2494 1302 2562; x_wconf 90' lang='lat' dir='ltr'><strong>quid</strong></span> <span class='ocrx_word' id='word_1_317' title='bbox 1330 2511 1453 2548; x_wconf 89' lang='lat' dir='ltr'><strong>eum</strong></span> <span class='ocrx_word' id='word_1_318' title='bbox 1481 2496 2009 2564; x_wconf 58' lang='lat' dir='ltr'><strong>lmderetﬂuamob-</strong></span> 
     </span>
    </p>
   </div>
   <div class='ocr_carea' id='block_1_49' title="bbox 2120 2485 3682 2572">
    <p class='ocr_par' dir='ltr' id='par_1_49' title="bbox 2120 2501 3682 2572">
     <span class='ocr_line' id='line_1_49' title="bbox 2120 2501 3682 2572; baseline -0.001 -19"><span class='ocrx_word' id='word_1_319' title='bbox 2120 2501 2272 2568; x_wconf 81' lang='grc' dir='ltr'>λόγου</span> <span class='ocrx_word' id='word_1_320' title='bbox 2307 2501 2791 2571; x_wconf 80' lang='grc' dir='ltr'>πρεσϐευσαμένου</span> <span class='ocrx_word' id='word_1_321' title='bbox 2830 2501 2966 2572; x_wconf 67' lang='grc' dir='ltr'>πρὸς</span> <span class='ocrx_word' id='word_1_322' title='bbox 3011 2502 3174 2554; x_wconf 83' lang='grc' dir='ltr'>αὑτὸν</span> <span class='ocrx_word' id='word_1_323' title='bbox 3225 2503 3320 2555; x_wconf 74' lang='grc' dir='ltr'><strong>ἐπὶ</strong></span> <span class='ocrx_word' id='word_1_324' title='bbox 3352 2501 3431 2570; x_wconf 81' lang='grc' dir='ltr'>τῷ</span> <span class='ocrx_word' id='word_1_325' title='bbox 3491 2501 3682 2570; x_wconf 79' lang='grc' dir='ltr'>προδι-</span> 
     </span>
    </p>
   </div>
   <div class='ocr_carea' id='block_1_50' title="bbox 443 2582 2015 2663">
    <p class='ocr_par' dir='ltr' id='par_1_50' title="bbox 443 2583 2010 2660">
     <span class='ocr_line' id='line_1_50' title="bbox 443 2583 2010 2660; baseline 0.006 -28"><span class='ocrx_word' id='word_1_326' title='bbox 443 2595 559 2633; x_wconf 81' lang='lat' dir='ltr'><strong>rmn</strong></span> <span class='ocrx_word' id='word_1_327' title='bbox 620 2595 850 2660; x_wconf 81' lang='lat' dir='ltr'><strong>corpore</strong></span> <span class='ocrx_word' id='word_1_328' title='bbox 896 2583 1034 2638; x_wconf 88' lang='lat' dir='ltr'><strong>nihil</strong></span> <span class='ocrx_word' id='word_1_329' title='bbox 1077 2586 1330 2642; x_wconf 85' lang='lat' dir='ltr'><strong>mutilato</strong></span> <span class='ocrx_word' id='word_1_330' title='bbox 1377 2587 1443 2640; x_wconf 90' lang='lat' dir='ltr'><strong>ad</strong></span> <span class='ocrx_word' id='word_1_331' title='bbox 1473 2587 1628 2644; x_wconf 86' lang='lat' dir='ltr'><strong>illum</strong></span> <span class='ocrx_word' id='word_1_332' title='bbox 1679 2588 1875 2643; x_wconf 88' lang='lat' dir='ltr'><strong>missus</strong></span> <span class='ocrx_word' id='word_1_333' title='bbox 1906 2598 2010 2644; x_wconf 89' lang='lat' dir='ltr'><strong>est.</strong></span> 
     </span>
    </p>
   </div>
   <div class='ocr_carea' id='block_1_51' title="bbox 2120 2582 3679 2663">
    <p class='ocr_par' dir='ltr' id='par_1_51' title="bbox 2120 2582 3679 2663">
     <span class='ocr_line' id='line_1_51' title="bbox 2120 2582 3679 2663; baseline -0.002 -19"><span class='ocrx_word' id='word_1_334' title='bbox 2120 2591 2282 2656; x_wconf 80' lang='grc' dir='ltr'>δόναι,</span> <span class='ocrx_word' id='word_1_335' title='bbox 2311 2591 2420 2646; x_wconf 82' lang='grc' dir='ltr'>οὐδ’</span> <span class='ocrx_word' id='word_1_336' title='bbox 2457 2592 2650 2663; x_wconf 81' lang='grc' dir='ltr'><strong>ἄκροις</strong></span> <span class='ocrx_word' id='word_1_337' title='bbox 2699 2591 2836 2645; x_wconf 75' lang='grc' dir='ltr'>ὠσὶν</span> <span class='ocrx_word' id='word_1_338' title='bbox 2862 2593 3122 2663; x_wconf 69' lang='grc' dir='ltr'>ἠνέσχετο</span> <span class='ocrx_word' id='word_1_339' title='bbox 3169 2582 3280 2644; x_wconf 80' lang='grc' dir='ltr'>τῶν</span> <span class='ocrx_word' id='word_1_340' title='bbox 3329 2591 3520 2659; x_wconf 84' lang='grc' dir='ltr'>λόγων·</span> <span class='ocrx_word' id='word_1_341' title='bbox 3553 2590 3679 2642; x_wconf 81' lang='grc' dir='ltr'>τότε</span> 
     </span>
    </p>
   </div>
   <div class='ocr_carea' id='block_1_52' title="bbox 441 2670 2015 2754">
    <p class='ocr_par' dir='ltr' id='par_1_52' title="bbox 441 2670 2012 2746">
     <span class='ocr_line' id='line_1_52' title="bbox 441 2670 2012 2746; baseline 0.005 -20"><span class='ocrx_word' id='word_1_342' title='bbox 441 2670 512 2726; x_wconf 88' lang='lat' dir='ltr'><strong>Ut</strong></span> <span class='ocrx_word' id='word_1_343' title='bbox 560 2673 614 2726; x_wconf 93' lang='lat' dir='ltr'><strong>in</strong></span> <span class='ocrx_word' id='word_1_344' title='bbox 651 2673 970 2729; x_wconf 83' lang='lat' dir='ltr'><strong>triremibus</strong></span> <span class='ocrx_word' id='word_1_345' title='bbox 1007 2676 1383 2746; x_wconf 83' lang='lat' dir='ltr'><strong>imperatoriis</strong></span> <span class='ocrx_word' id='word_1_346' title='bbox 1432 2678 1556 2743; x_wconf 79' lang='lat' dir='ltr'><strong>fuit,</strong></span> <span class='ocrx_word' id='word_1_347' title='bbox 1601 2680 1853 2734; x_wconf 87' lang='lat' dir='ltr'><strong>certatim</strong></span> <span class='ocrx_word' id='word_1_348' title='bbox 1901 2679 2012 2734; x_wconf 79' lang='lat' dir='ltr'><strong>Ro-</strong></span> 
     </span>
    </p>
   </div>
   <div class='ocr_carea' id='block_1_53' title="bbox 2120 2670 3682 2754">
    <p class='ocr_par' dir='ltr' id='par_1_53' title="bbox 2120 2681 3682 2754">
     <span class='ocr_line' id='line_1_53' title="bbox 2120 2681 3682 2754; baseline -0.004 -17"><span class='ocrx_word' id='word_1_349' title='bbox 2120 2683 2168 2738; x_wconf 81' lang='grc' dir='ltr'><strong>5ὲ</strong></span> <span class='ocrx_word' id='word_1_350' title='bbox 2193 2685 2291 2754; x_wconf 72' lang='grc' dir='ltr'><strong>ἤδη</strong></span> <span class='ocrx_word' id='word_1_351' title='bbox 2322 2684 2669 2752; x_wconf 79' lang='grc' dir='ltr'><strong>πεπυσμένος</strong></span> <span class='ocrx_word' id='word_1_352' title='bbox 2698 2684 2774 2744; x_wconf 82' lang='grc' dir='ltr'>ὡς</span> <span class='ocrx_word' id='word_1_353' title='bbox 2803 2684 2990 2746; x_wconf 81' lang='grc' dir='ltr'>πόλεις</span> <span class='ocrx_word' id='word_1_354' title='bbox 3023 2701 3081 2736; x_wconf 89' lang='grc' dir='ltr'>τε</span> <span class='ocrx_word' id='word_1_355' title='bbox 3117 2684 3171 2736; x_wconf 79' lang='grc' dir='ltr'>αἱ</span> <span class='ocrx_word' id='word_1_356' title='bbox 3198 2683 3290 2736; x_wconf 77' lang='grc' dir='ltr'>ὑπ’</span> <span class='ocrx_word' id='word_1_357' title='bbox 3334 2683 3541 2736; x_wconf 78' lang='grc' dir='ltr'>ἐκεῖνον</span> <span class='ocrx_word' id='word_1_358' title='bbox 3585 2681 3682 2734; x_wconf 76' lang='grc' dir='ltr'><strong>καὶ</strong></span> 
     </span>
    </p>
   </div>
   <div class='ocr_carea' id='block_1_54' title="bbox 443 2754 2015 2842">
    <p class='ocr_par' dir='ltr' id='par_1_54' title="bbox 443 2766 2012 2838">
     <span class='ocr_line' id='line_1_54' title="bbox 443 2766 2012 2838; baseline 0.005 -20"><span class='ocrx_word' id='word_1_359' title='bbox 443 2766 591 2819; x_wconf 88' lang='lat' dir='ltr'><strong>mani</strong></span> <span class='ocrx_word' id='word_1_360' title='bbox 645 2767 1034 2838; x_wconf 84' lang='lat' dir='ltr'><strong>imperatorem</strong></span> <span class='ocrx_word' id='word_1_361' title='bbox 1083 2769 1284 2826; x_wconf 90' lang='lat' dir='ltr'><strong>hortati</strong></span> <span class='ocrx_word' id='word_1_362' title='bbox 1341 2779 1491 2838; x_wconf 89' lang='lat' dir='ltr'><strong>sunt,</strong></span> <span class='ocrx_word' id='word_1_363' title='bbox 1528 2780 1588 2827; x_wconf 92' lang='lat' dir='ltr'><strong>ut</strong></span> <span class='ocrx_word' id='word_1_364' title='bbox 1636 2773 1789 2826; x_wconf 79' lang='lat' dir='ltr'><strong>fratri</strong></span> <span class='ocrx_word' id='word_1_365' title='bbox 1827 2771 2012 2826; x_wconf 82' lang='lat' dir='ltr'><strong>uxoris</strong></span> 
     </span>
    </p>
   </div>
   <div class='ocr_carea' id='block_1_55' title="bbox 2120 2754 3682 2842">
    <p class='ocr_par' dir='ltr' id='par_1_55' title="bbox 2120 2769 3682 2842">
     <span class='ocr_line' id='line_1_55' title="bbox 2120 2769 3682 2842; baseline -0.003 -16"><span class='ocrx_word' id='word_1_366' title='bbox 2120 2775 2304 2838; x_wconf 84' lang='grc' dir='ltr'>παῖδες</span> <span class='ocrx_word' id='word_1_367' title='bbox 2335 2775 2431 2828; x_wconf 70' lang='grc' dir='ltr'><strong>καὶ</strong></span> <span class='ocrx_word' id='word_1_368' title='bbox 2489 2774 2626 2842; x_wconf 82' lang='grc' dir='ltr'>γυνὴ</span> <span class='ocrx_word' id='word_1_369' title='bbox 2689 2774 2956 2836; x_wconf 78' lang='grc' dir='ltr'>ἑάλωσαν,</span> <span class='ocrx_word' id='word_1_370' title='bbox 3017 2773 3172 2836; x_wconf 80' lang='grc' dir='ltr'>ἐλπίς</span> <span class='ocrx_word' id='word_1_371' title='bbox 3209 2790 3267 2825; x_wconf 87' lang='grc' dir='ltr'>τε</span> <span class='ocrx_word' id='word_1_372' title='bbox 3329 2771 3553 2841; x_wconf 68' lang='grc' dir='ltr'>οἰδεμία</span> <span class='ocrx_word' id='word_1_373' title='bbox 3601 2769 3682 2822; x_wconf 78' lang='grc' dir='ltr'><strong>ἔτι</strong></span> 
     </span>
    </p>
   </div>
   <div class='ocr_carea' id='block_1_56' title="bbox 443 2857 2015 2933">
    <p class='ocr_par' dir='ltr' id='par_1_56' title="bbox 443 2857 2015 2933">
     <span class='ocr_line' id='line_1_56' title="bbox 443 2857 2015 2933; baseline 0.006 -25"><span class='ocrx_word' id='word_1_374' title='bbox 443 2859 632 2910; x_wconf 80' lang='lat' dir='ltr'><strong>oculos</strong></span> <span class='ocrx_word' id='word_1_375' title='bbox 677 2857 841 2914; x_wconf 67' lang='lat' dir='ltr'><strong>ell‘udi</strong></span> <span class='ocrx_word' id='word_1_376' title='bbox 891 2860 1074 2925; x_wconf 71' lang='lat' dir='ltr'><strong>vellet,</strong></span> <span class='ocrx_word' id='word_1_377' title='bbox 1118 2861 1282 2933; x_wconf 73' lang='lat'><strong>893</strong></span> <span class='ocrx_word' id='word_1_378' title='bbox 1314 2878 1423 2933; x_wconf 87' lang='lat' dir='ltr'><strong>quo</strong></span> <span class='ocrx_word' id='word_1_379' title='bbox 1472 2864 1554 2918; x_wconf 89' lang='lat' dir='ltr'><strong>sic</strong></span> <span class='ocrx_word' id='word_1_380' title='bbox 1587 2863 1773 2933; x_wconf 85' lang='lat' dir='ltr'><strong>multis</strong></span> <span class='ocrx_word' id='word_1_381' title='bbox 1819 2863 2015 2918; x_wconf 79' lang='lat' dir='ltr'><strong>defun-</strong></span> 
     </span>
    </p>
   </div>
   <div class='ocr_carea' id='block_1_57' title="bbox 2120 2857 3682 2933">
    <p class='ocr_par' dir='ltr' id='par_1_57' title="bbox 2120 2859 3682 2932">
     <span class='ocr_line' id='line_1_57' title="bbox 2120 2859 3682 2932; baseline -0.003 -15"><span class='ocrx_word' id='word_1_382' title='bbox 2120 2863 2465 2928; x_wconf 76' lang='grc' dir='ltr'>ὑπελείπετο,</span> <span class='ocrx_word' id='word_1_383' title='bbox 2524 2862 2662 2915; x_wconf 82' lang='grc' dir='ltr'>ὥστε</span> <span class='ocrx_word' id='word_1_384' title='bbox 2712 2861 2846 2930; x_wconf 86' lang='grc' dir='ltr'>παρ’</span> <span class='ocrx_word' id='word_1_385' title='bbox 2890 2863 3100 2916; x_wconf 77' lang='grc' dir='ltr'>ἐκείνου</span> <span class='ocrx_word' id='word_1_386' title='bbox 3152 2863 3410 2932; x_wconf 82' lang='grc' dir='ltr'>χρήματα</span> <span class='ocrx_word' id='word_1_387' title='bbox 3475 2859 3682 2922; x_wconf 82' lang='grc' dir='ltr'>λαϐεῖν,</span> 
     </span>
    </p>
   </div>
   <div class='ocr_carea' id='block_1_58' title="bbox 443 2951 2015 3027">
    <p class='ocr_par' dir='ltr' id='par_1_58' title="bbox 443 2951 2013 3024">
     <span class='ocr_line' id='line_1_58' title="bbox 443 2951 2013 3024; baseline 0.004 -23"><span class='ocrx_word' id='word_1_388' title='bbox 443 2957 664 3018; x_wconf 87' lang='lat' dir='ltr'><strong>geretur</strong></span> <span class='ocrx_word' id='word_1_389' title='bbox 693 2951 983 3016; x_wconf 81' lang='lat' dir='ltr'><strong>molestiis,</strong></span> <span class='ocrx_word' id='word_1_390' title='bbox 1029 2963 1086 3008; x_wconf 89' lang='lat' dir='ltr'><strong>et</strong></span> <span class='ocrx_word' id='word_1_391' title='bbox 1115 2969 1186 3008; x_wconf 88' lang='lat' dir='ltr'><strong>ne</strong></span> <span class='ocrx_word' id='word_1_392' title='bbox 1222 2970 1417 3010; x_wconf 87' lang='lat' dir='ltr'><strong>rursus</strong></span> <span class='ocrx_word' id='word_1_393' title='bbox 1448 2956 1809 3010; x_wconf 83' lang='lat' dir='ltr'><strong>certaminum</strong></span> <span class='ocrx_word' id='word_1_394' title='bbox 1863 2955 2013 3024; x_wconf 89' lang='lat' dir='ltr'><strong>peri-</strong></span> 
     </span>
    </p>
   </div>
   <div class='ocr_carea' id='block_1_59' title="bbox 2120 2951 3683 3027">
    <p class='ocr_par' dir='ltr' id='par_1_59' title="bbox 2120 2953 3683 3027">
     <span class='ocr_line' id='line_1_59' title="bbox 2120 2953 3683 3027; baseline -0.003 -18"><span class='ocrx_word' id='word_1_395' title='bbox 2120 2957 2148 3027; x_wconf 78' lang='grc' dir='ltr'>ἦ</span> <span class='ocrx_word' id='word_1_396' title='bbox 2183 2956 2318 3027; x_wconf 72' lang='grc' dir='ltr'>πρὸς</span> <span class='ocrx_word' id='word_1_397' title='bbox 2340 2956 2438 3026; x_wconf 76' lang='grc' dir='ltr'>τὴν</span> <span class='ocrx_word' id='word_1_398' title='bbox 2461 2955 2568 3008; x_wconf 82' lang='grc' dir='ltr'><strong>τῶν</strong></span> <span class='ocrx_word' id='word_1_399' title='bbox 2605 2954 2998 3026; x_wconf 78' lang='grc' dir='ltr'><strong>μελετωμένων</strong></span> <span class='ocrx_word' id='word_1_400' title='bbox 3043 2953 3387 3024; x_wconf 77' lang='grc' dir='ltr'><strong>ἐπιχείρησιν</strong></span> <span class='ocrx_word' id='word_1_401' title='bbox 3413 2954 3683 3023; x_wconf 78' lang='grc' dir='ltr'>χρήσιμος</span> 
     </span>
    </p>
   </div>
   <div class='ocr_carea' id='block_1_60' title="bbox 442 3040 2015 3118">
    <p class='ocr_par' dir='ltr' id='par_1_60' title="bbox 442 3040 2015 3112">
     <span class='ocr_line' id='line_1_60' title="bbox 442 3040 2015 3112; baseline 0.004 -20"><span class='ocrx_word' id='word_1_402' title='bbox 442 3040 803 3112; x_wconf 84' lang='lat' dir='ltr'><strong>colorumque</strong></span> <span class='ocrx_word' id='word_1_403' title='bbox 835 3042 960 3108; x_wconf 90' lang='lat' dir='ltr'><strong>sibi,</strong></span> <span class='ocrx_word' id='word_1_404' title='bbox 1007 3044 1222 3099; x_wconf 64' lang='lat' dir='ltr'><strong>caeteris</strong></span> <span class='ocrx_word' id='word_1_405' title='bbox 1255 3044 1515 3100; x_wconf 76' lang='lat' dir='ltr'><strong>Romanis</strong></span> <span class='ocrx_word' id='word_1_406' title='bbox 1553 3045 1810 3100; x_wconf 81' lang='lat' dir='ltr'><strong>omnibus</strong></span> <span class='ocrx_word' id='word_1_407' title='bbox 1837 3044 2015 3100; x_wconf 85' lang='lat' dir='ltr'><strong>civilis</strong></span> 
     </span>
    </p>
   </div>
   <div class='ocr_carea' id='block_1_61' title="bbox 2120 3040 3688 3118">
    <p class='ocr_par' dir='ltr' id='par_1_61' title="bbox 2120 3046 3688 3118">
     <span class='ocr_line' id='line_1_61' title="bbox 2120 3046 3688 3118; baseline -0.004 -12"><span class='ocrx_word' id='word_1_408' title='bbox 2120 3053 2339 3109; x_wconf 76' lang='grc' dir='ltr'>ἔσεσθαι</span> <span class='ocrx_word' id='word_1_409' title='bbox 2366 3051 2570 3114; x_wconf 81' lang='grc' dir='ltr'>αὐτοῖς,</span> <span class='ocrx_word' id='word_1_410' title='bbox 2607 3049 2797 3111; x_wconf 79' lang='grc' dir='ltr'>ἄπολις</span> <span class='ocrx_word' id='word_1_411' title='bbox 2823 3049 2912 3101; x_wconf 71' lang='grc' dir='ltr'>τὸν</span> <span class='ocrx_word' id='word_1_412' title='bbox 2938 3048 3040 3118; x_wconf 67' lang='grc' dir='ltr'><strong>ἤδη</strong></span> <span class='ocrx_word' id='word_1_413' title='bbox 3069 3047 3166 3101; x_wconf 79' lang='grc' dir='ltr'><strong>καὶ</strong></span> <span class='ocrx_word' id='word_1_414' title='bbox 3214 3046 3480 3112; x_wconf 80' lang='grc' dir='ltr'>ἀνέστιος,</span> <span class='ocrx_word' id='word_1_415' title='bbox 3519 3063 3688 3115; x_wconf 79' lang='grc' dir='ltr'>μετα-</span> 
     </span>
    </p>
   </div>
   <div class='ocr_carea' id='block_1_62' title="bbox 443 3123 2015 3224">
    <p class='ocr_par' dir='ltr' id='par_1_62' title="bbox 443 3130 2014 3204">
     <span class='ocr_line' id='line_1_62' title="bbox 443 3130 2014 3204; baseline 0.004 -20"><span class='ocrx_word' id='word_1_416' title='bbox 443 3130 570 3185; x_wconf 81' lang='lat' dir='ltr'><strong>bclli</strong></span> <span class='ocrx_word' id='word_1_417' title='bbox 601 3133 948 3188; x_wconf 89' lang='lat' dir='ltr'><strong>occasionem</strong></span> <span class='ocrx_word' id='word_1_418' title='bbox 1006 3135 1366 3204; x_wconf 86' lang='lat' dir='ltr'><strong>relinqueret.</strong></span> <span class='ocrx_word' id='word_1_419' title='bbox 1398 3137 1510 3192; x_wconf 83' lang='lat' dir='ltr'><strong>Nec</strong></span> <span class='ocrx_word' id='word_1_420' title='bbox 1543 3145 1720 3191; x_wconf 84' lang='lat' dir='ltr'><strong>tamen</strong></span> <span class='ocrx_word' id='word_1_421' title='bbox 1746 3151 1870 3192; x_wconf 84' lang='lat' dir='ltr'><strong>cum</strong></span> <span class='ocrx_word' id='word_1_422' title='bbox 1898 3151 2014 3190; x_wconf 88' lang='lat' dir='ltr'><strong>om-</strong></span> 
     </span>
    </p>
   </div>
   <div class='ocr_carea' id='block_1_63' title="bbox 2120 3123 3688 3224">
    <p class='ocr_par' dir='ltr' id='par_1_63' title="bbox 2120 3123 3688 3211">
     <span class='ocr_line' id='line_1_63' title="bbox 2120 3123 3688 3211; baseline -0.003 -16"><span class='ocrx_word' id='word_1_423' title='bbox 2120 3142 2296 3197; x_wconf 85' lang='grc' dir='ltr'>ϐαλὼν</span> <span class='ocrx_word' id='word_1_424' title='bbox 2331 3141 2606 3211; x_wconf 79' lang='grc' dir='ltr'><strong>ἐτράπετο</strong></span> <span class='ocrx_word' id='word_1_425' title='bbox 2639 3142 2728 3193; x_wconf 74' lang='grc' dir='ltr'><strong>ἐπὶ</strong></span> <span class='ocrx_word' id='word_1_426' title='bbox 2768 3140 3074 3210; x_wconf 77' lang='grc' dir='ltr'>σημϐἀσεις</span> <span class='ocrx_word' id='word_1_427' title='bbox 3131 3123 3268 3209; x_wconf 59' lang='grc' dir='ltr'>πρὸς</span> <span class='ocrx_word' id='word_1_428' title='bbox 3319 3139 3688 3205; x_wconf 77' lang='grc' dir='ltr'>Παλαιολόγον</span> 
     </span>
    </p>
   </div>
   <div class='ocr_carea' id='block_1_64' title="bbox 444 3219 2012 3294">
    <p class='ocr_par' dir='ltr' id='par_1_64' title="bbox 444 3219 2012 3294">
     <span class='ocr_line' id='line_1_64' title="bbox 444 3219 2012 3294; baseline 0.001 -15"><span class='ocrx_word' id='word_1_429' title='bbox 444 3241 544 3279; x_wconf 88' lang='lat' dir='ltr'><strong>nes</strong></span> <span class='ocrx_word' id='word_1_430' title='bbox 577 3226 718 3282; x_wconf 91' lang='lat' dir='ltr'><strong>idem</strong></span> <span class='ocrx_word' id='word_1_431' title='bbox 753 3227 1023 3294; x_wconf 91' lang='lat' dir='ltr'><strong>dicerent,</strong></span> <span class='ocrx_word' id='word_1_432' title='bbox 1062 3243 1251 3284; x_wconf 87' lang='lat' dir='ltr'><strong>omnes</strong></span> <span class='ocrx_word' id='word_1_433' title='bbox 1284 3229 1479 3284; x_wconf 89' lang='lat' dir='ltr'><strong>eadem</strong></span> <span class='ocrx_word' id='word_1_434' title='bbox 1514 3238 1698 3285; x_wconf 89' lang='lat' dir='ltr'><strong>mente</strong></span> <span class='ocrx_word' id='word_1_435' title='bbox 1733 3219 2012 3293; x_wconf 74' lang='lat' dir='ltr'><strong>dicebant,</strong></span> 
     </span>
    </p>
   </div>
   <div class='ocr_carea' id='block_1_65' title="bbox 442 3315 2014 3391">
    <p class='ocr_par' dir='ltr' id='par_1_65' title="bbox 442 3315 2014 3391">
     <span class='ocr_line' id='line_1_65' title="bbox 442 3315 2014 3391; baseline -0.001 -16"><span class='ocrx_word' id='word_1_436' title='bbox 442 3317 538 3375; x_wconf 86' lang='lat' dir='ltr'><strong>sed</strong></span> <span class='ocrx_word' id='word_1_437' title='bbox 573 3319 628 3374; x_wconf 93' lang='lat' dir='ltr'><strong>bi</strong></span> <span class='ocrx_word' id='word_1_438' title='bbox 661 3319 886 3390; x_wconf 88' lang='lat' dir='ltr'><strong>quidem</strong></span> <span class='ocrx_word' id='word_1_439' title='bbox 920 3320 1180 3376; x_wconf 87' lang='lat' dir='ltr'><strong>ardentes</strong></span> <span class='ocrx_word' id='word_1_440' title='bbox 1216 3321 1336 3391; x_wconf 85' lang='lat' dir='ltr'><strong>ejus</strong></span> <span class='ocrx_word' id='word_1_441' title='bbox 1358 3315 1485 3380; x_wconf 74' lang='lat' dir='ltr'><strong>odio</strong></span> <span class='ocrx_word' id='word_1_442' title='bbox 1519 3322 1648 3376; x_wconf 85' lang='lat' dir='ltr'><strong>talia</strong></span> <span class='ocrx_word' id='word_1_443' title='bbox 1685 3321 2014 3390; x_wconf 87' lang='lat' dir='ltr'><strong>suadebant,</strong></span> 
     </span>
    </p>
   </div>
   <div class='ocr_carea' id='block_1_66' title="bbox 445 3409 2017 3484">
    <p class='ocr_par' dir='ltr' id='par_1_66' title="bbox 445 3409 2017 3484">
     <span class='ocr_line' id='line_1_66' title="bbox 445 3409 2017 3484; baseline 0.003 -21"><span class='ocrx_word' id='word_1_444' title='bbox 445 3426 556 3466; x_wconf 86' lang='lat' dir='ltr'><strong>non</strong></span> <span class='ocrx_word' id='word_1_445' title='bbox 604 3409 893 3466; x_wconf 81' lang='lat' dir='ltr'><strong>ferendum</strong></span> <span class='ocrx_word' id='word_1_446' title='bbox 925 3411 1263 3482; x_wconf 87' lang='lat' dir='ltr'><strong>judicantes,</strong></span> <span class='ocrx_word' id='word_1_447' title='bbox 1311 3412 1415 3467; x_wconf 90' lang='lat' dir='ltr'><strong>nisi</strong></span> <span class='ocrx_word' id='word_1_448' title='bbox 1459 3414 1627 3467; x_wconf 85' lang='lat' dir='ltr'><strong>etiam</strong></span> <span class='ocrx_word' id='word_1_449' title='bbox 1675 3428 1841 3482; x_wconf 85' lang='lat' dir='ltr'><strong>supra</strong></span> <span class='ocrx_word' id='word_1_450' title='bbox 1881 3413 2017 3484; x_wconf 86' lang='lat' dir='ltr'><strong>alias</strong></span> 
     </span>
    </p>
   </div>
   <div class='ocr_carea' id='block_1_67' title="bbox 443 3503 2014 3574">
    <p class='ocr_par' dir='ltr' id='par_1_67' title="bbox 443 3503 2014 3574">
     <span class='ocr_line' id='line_1_67' title="bbox 443 3503 2014 3574; baseline 0 -17"><span class='ocrx_word' id='word_1_451' title='bbox 443 3516 718 3557; x_wconf 65' lang='lat' dir='ltr'><strong>aerumnas</strong></span> <span class='ocrx_word' id='word_1_452' title='bbox 755 3505 947 3559; x_wconf 90' lang='lat' dir='ltr'><strong>oculos</strong></span> <span class='ocrx_word' id='word_1_453' title='bbox 976 3504 1270 3574; x_wconf 87' lang='lat' dir='ltr'><strong>perderet:</strong></span> <span class='ocrx_word' id='word_1_454' title='bbox 1302 3513 1363 3559; x_wconf 94' lang='lat' dir='ltr'><strong>ut</strong></span> <span class='ocrx_word' id='word_1_455' title='bbox 1395 3503 1558 3560; x_wconf 87' lang='lat' dir='ltr'><strong>simul</strong></span> <span class='ocrx_word' id='word_1_456' title='bbox 1592 3504 1823 3558; x_wconf 89' lang='lat' dir='ltr'><strong>meliora</strong></span> <span class='ocrx_word' id='word_1_457' title='bbox 1853 3519 2014 3574; x_wconf 91' lang='lat' dir='ltr'><strong>pror-</strong></span> 
     </span>
    </p>
   </div>
   <div class='ocr_carea' id='block_1_68' title="bbox 441 3597 2016 3669">
    <p class='ocr_par' dir='ltr' id='par_1_68' title="bbox 441 3597 2016 3669">
     <span class='ocr_line' id='line_1_68' title="bbox 441 3597 2016 3669; baseline 0.001 -17"><span class='ocrx_word' id='word_1_458' title='bbox 441 3612 537 3652; x_wconf 85' lang='lat' dir='ltr'><strong>sus</strong></span> <span class='ocrx_word' id='word_1_459' title='bbox 580 3597 918 3667; x_wconf 83' lang='lat' dir='ltr'><strong>desperaret,</strong></span> <span class='ocrx_word' id='word_1_460' title='bbox 942 3607 1000 3654; x_wconf 90' lang='lat' dir='ltr'><strong>et</strong></span> <span class='ocrx_word' id='word_1_461' title='bbox 1050 3597 1308 3669; x_wconf 66' lang='lat' dir='ltr'><strong>praesenti</strong></span> <span class='ocrx_word' id='word_1_462' title='bbox 1339 3597 1647 3653; x_wconf 83' lang='lat' dir='ltr'><strong>calamitate</strong></span> <span class='ocrx_word' id='word_1_463' title='bbox 1676 3598 1846 3654; x_wconf 85' lang='lat' dir='ltr'><strong>multo</strong></span> <span class='ocrx_word' id='word_1_464' title='bbox 1878 3612 2016 3653; x_wconf 66' lang='lat' dir='ltr'><strong>maz-</strong></span> 
     </span>
    </p>
   </div>
   <div class='ocr_carea' id='block_1_69' title="bbox 442 3687 2016 3762">
    <p class='ocr_par' dir='ltr' id='par_1_69' title="bbox 442 3687 2016 3762">
     <span class='ocr_line' id='line_1_69' title="bbox 442 3687 2016 3762; baseline 0.003 -21"><span class='ocrx_word' id='word_1_465' title='bbox 442 3702 568 3742; x_wconf 87' lang='lat' dir='ltr'><strong>rore</strong></span> <span class='ocrx_word' id='word_1_466' title='bbox 633 3687 1038 3756; x_wconf 77' lang='lat' dir='ltr'><strong>conficeretur;</strong></span> <span class='ocrx_word' id='word_1_467' title='bbox 1074 3691 1166 3745; x_wconf 88' lang='lat' dir='ltr'><strong>alii</strong></span> <span class='ocrx_word' id='word_1_468' title='bbox 1229 3690 1367 3744; x_wconf 87' lang='lat' dir='ltr'><strong>nihil</strong></span> <span class='ocrx_word' id='word_1_469' title='bbox 1420 3705 1614 3746; x_wconf 87' lang='lat' dir='ltr'><strong>eorum</strong></span> <span class='ocrx_word' id='word_1_470' title='bbox 1675 3690 2016 3762; x_wconf 81' lang='lat' dir='ltr'><strong>cogitantes,</strong></span> 
     </span>
    </p>
   </div>
   <div class='ocr_carea' id='block_1_70' title="bbox 441 3780 2018 3851">
    <p class='ocr_par' dir='ltr' id='par_1_70' title="bbox 441 3780 2018 3851">
     <span class='ocr_line' id='line_1_70' title="bbox 441 3780 2018 3851; baseline -0.001 -15"><span class='ocrx_word' id='word_1_471' title='bbox 441 3780 769 3850; x_wconf 83' lang='lat' dir='ltr'><strong>simpliciter</strong></span> <span class='ocrx_word' id='word_1_472' title='bbox 793 3782 919 3837; x_wconf 88' lang='lat' dir='ltr'><strong>aliis</strong></span> <span class='ocrx_word' id='word_1_473' title='bbox 948 3783 1431 3848; x_wconf 79' lang='lat' dir='ltr'><strong>assentiebantur;</strong></span> <span class='ocrx_word' id='word_1_474' title='bbox 1464 3797 1568 3836; x_wconf 86' lang='lat' dir='ltr'><strong>nec</strong></span> <span class='ocrx_word' id='word_1_475' title='bbox 1601 3784 1739 3851; x_wconf 79' lang='lat' dir='ltr'><strong>parti</strong></span> <span class='ocrx_word' id='word_1_476' title='bbox 1769 3781 2018 3851; x_wconf 90' lang='lat' dir='ltr'><strong>corporis</strong></span> 
     </span>
    </p>
   </div>
   <div class='ocr_carea' id='block_1_71' title="bbox 442 3873 2016 3942">
    <p class='ocr_par' dir='ltr' id='par_1_71' title="bbox 442 3873 2016 3942">
     <span class='ocr_line' id='line_1_71' title="bbox 442 3873 2016 3942; baseline 0.001 -15"><span class='ocrx_word' id='word_1_477' title='bbox 442 3874 680 3927; x_wconf 77' lang='lat' dir='ltr'><strong>maxime</strong></span> <span class='ocrx_word' id='word_1_478' title='bbox 705 3873 1028 3930; x_wconf 82' lang='lat' dir='ltr'><strong>necessariae</strong></span> <span class='ocrx_word' id='word_1_479' title='bbox 1053 3882 1364 3942; x_wconf 88' lang='lat' dir='ltr'><strong>parcentes,</strong></span> <span class='ocrx_word' id='word_1_480' title='bbox 1384 3882 1438 3928; x_wconf 87' lang='lat' dir='ltr'><strong>et</strong></span> <span class='ocrx_word' id='word_1_481' title='bbox 1461 3873 1614 3928; x_wconf 90' lang='lat' dir='ltr'><strong>illum</strong></span> <span class='ocrx_word' id='word_1_482' title='bbox 1637 3874 2016 3929; x_wconf 81' lang='lat' dir='ltr'><strong>exoculatione</strong></span> 
     </span>
    </p>
   </div>
   <div class='ocr_carea' id='block_1_72' title="bbox 442 3965 2018 4036">
    <p class='ocr_par' dir='ltr' id='par_1_72' title="bbox 442 3965 2018 4036">
     <span class='ocr_line' id='line_1_72' title="bbox 442 3965 2018 4036; baseline 0.003 -16"><span class='ocrx_word' id='word_1_483' title='bbox 442 3965 790 4031; x_wconf 88' lang='lat' dir='ltr'><strong>damnantes,</strong></span> <span class='ocrx_word' id='word_1_484' title='bbox 844 3967 992 4036; x_wconf 88' lang='lat' dir='ltr'><strong>quod</strong></span> <span class='ocrx_word' id='word_1_485' title='bbox 1037 3966 1400 4034; x_wconf 77' lang='lat' dir='ltr'><strong>conﬁderent,</strong></span> <span class='ocrx_word' id='word_1_486' title='bbox 1449 3983 1508 4023; x_wconf 86' lang='lat' dir='ltr'><strong>se</strong></span> <span class='ocrx_word' id='word_1_487' title='bbox 1555 3968 1627 4025; x_wconf 82' lang='lat' dir='ltr'><strong>ob</strong></span> <span class='ocrx_word' id='word_1_488' title='bbox 1658 3968 1764 4024; x_wconf 87' lang='lat' dir='ltr'><strong>hoc</strong></span> <span class='ocrx_word' id='word_1_489' title='bbox 1809 3969 2018 4025; x_wconf 85' lang='lat' dir='ltr'><strong>amicos</strong></span> 
     </span>
    </p>
   </div>
   <div class='ocr_carea' id='block_1_73' title="bbox 441 4057 2016 4128">
    <p class='ocr_par' dir='ltr' id='par_1_73' title="bbox 441 4057 2016 4128">
     <span class='ocr_line' id='line_1_73' title="bbox 441 4057 2016 4128; baseline 0.003 -15"><span class='ocrx_word' id='word_1_490' title='bbox 441 4057 694 4113; x_wconf 86' lang='lat' dir='ltr'><strong>habitum</strong></span> <span class='ocrx_word' id='word_1_491' title='bbox 721 4058 792 4111; x_wconf 87' lang='lat' dir='ltr'><strong>iri</strong></span> <span class='ocrx_word' id='word_1_492' title='bbox 819 4058 1142 4128; x_wconf 64' lang='lat' dir='ltr'><strong>Palwologo,</strong></span> <span class='ocrx_word' id='word_1_493' title='bbox 1171 4067 1226 4112; x_wconf 84' lang='lat' dir='ltr'><strong>et</strong></span> <span class='ocrx_word' id='word_1_494' title='bbox 1257 4059 1418 4128; x_wconf 87' lang='lat' dir='ltr'><strong>hujus</strong></span> <span class='ocrx_word' id='word_1_495' title='bbox 1452 4059 1847 4118; x_wconf 62' lang='lat' dir='ltr'><strong>benevolentia</strong></span> <span class='ocrx_word' id='word_1_496' title='bbox 1898 4062 2016 4118; x_wconf 81' lang='lat' dir='ltr'><strong>fru-</strong></span> 
     </span>
    </p>
   </div>
   <div class='ocr_carea' id='block_1_74' title="bbox 423 4151 2017 4223">
    <p class='ocr_par' dir='ltr' id='par_1_74' title="bbox 423 4151 2017 4223">
     <span class='ocr_line' id='line_1_74' title="bbox 423 4151 2017 4223; baseline 0.004 -20"><span class='ocrx_word' id='word_1_497' title='bbox 423 4158 592 4206; x_wconf 84' lang='lat' dir='ltr'><strong>ctum</strong></span> <span class='ocrx_word' id='word_1_498' title='bbox 639 4164 997 4220; x_wconf 85' lang='lat' dir='ltr'><strong>pertnagnum</strong></span> <span class='ocrx_word' id='word_1_499' title='bbox 1030 4151 1404 4220; x_wconf 75' lang='lat' dir='ltr'><strong>eximiamque</strong></span> <span class='ocrx_word' id='word_1_500' title='bbox 1449 4163 1830 4223; x_wconf 86' lang='lat' dir='ltr'><strong>percepturos.</strong></span> <span class='ocrx_word' id='word_1_501' title='bbox 1883 4155 2017 4220; x_wconf 72' lang='lat' dir='ltr'><strong>Qui-</strong></span> 
     </span>
    </p>
   </div>
   <div class='ocr_carea' id='block_1_75' title="bbox 442 4239 2017 4320">
    <p class='ocr_par' dir='ltr' id='par_1_75' title="bbox 442 4239 2017 4320">
     <span class='ocr_line' id='line_1_75' title="bbox 442 4239 2017 4320; baseline 0.004 -24"><span class='ocrx_word' id='word_1_502' title='bbox 442 4242 570 4296; x_wconf 88' lang='lat' dir='ltr'><strong>dam</strong></span> <span class='ocrx_word' id='word_1_503' title='bbox 619 4240 726 4296; x_wconf 86' lang='lat' dir='ltr'><strong>etsi</strong></span> <span class='ocrx_word' id='word_1_504' title='bbox 776 4241 926 4297; x_wconf 88' lang='lat' dir='ltr'><strong>illius</strong></span> <span class='ocrx_word' id='word_1_505' title='bbox 973 4241 1217 4297; x_wconf 89' lang='lat' dir='ltr'><strong>miseriis</strong></span> <span class='ocrx_word' id='word_1_506' title='bbox 1251 4239 1528 4307; x_wconf 78' lang='lat' dir='ltr'><strong>dolerent,</strong></span> <span class='ocrx_word' id='word_1_507' title='bbox 1573 4254 2017 4320; x_wconf 68' lang='lat' dir='ltr'><strong>angerenturqu</strong></span> 
     </span>
    </p>
   </div>
   <div class='ocr_carea' id='block_1_76' title="bbox 442 4335 2017 4409">
    <p class='ocr_par' dir='ltr' id='par_1_76' title="bbox 442 4335 2017 4409">
     <span class='ocr_line' id='line_1_76' title="bbox 442 4335 2017 4409; baseline 0.003 -20"><span class='ocrx_word' id='word_1_508' title='bbox 442 4335 822 4400; x_wconf 85' lang='lat' dir='ltr'><strong>vehementer,</strong></span> <span class='ocrx_word' id='word_1_509' title='bbox 843 4345 900 4392; x_wconf 86' lang='lat' dir='ltr'><strong>et</strong></span> <span class='ocrx_word' id='word_1_510' title='bbox 922 4335 988 4391; x_wconf 78' lang='lat' dir='ltr'><strong>ad</strong></span> <span class='ocrx_word' id='word_1_511' title='bbox 1017 4336 1192 4392; x_wconf 89' lang='lat' dir='ltr'><strong>solam</strong></span> <span class='ocrx_word' id='word_1_512' title='bbox 1213 4336 1734 4409; x_wconf 79' lang='lat' dir='ltr'><strong>audi-tionemhujus</strong></span> <span class='ocrx_word' id='word_1_513' title='bbox 1759 4338 2017 4398; x_wconf 75' lang='lat' dir='ltr'><strong>immani-</strong></span> 
     </span>
    </p>
   </div>
   <div class='ocr_carea' id='block_1_77' title="bbox 445 4428 2014 4500">
    <p class='ocr_par' dir='ltr' id='par_1_77' title="bbox 445 4428 2014 4500">
     <span class='ocr_line' id='line_1_77' title="bbox 445 4428 2014 4500; baseline 0.001 -18"><span class='ocrx_word' id='word_1_514' title='bbox 445 4428 574 4482; x_wconf 88' lang='lat' dir='ltr'><strong>tatis</strong></span> <span class='ocrx_word' id='word_1_515' title='bbox 605 4428 980 4492; x_wconf 84' lang='lat' dir='ltr'><strong>tristarentur,</strong></span> <span class='ocrx_word' id='word_1_516' title='bbox 1013 4436 1071 4484; x_wconf 82' lang='lat' dir='ltr'><strong>et</strong></span> <span class='ocrx_word' id='word_1_517' title='bbox 1097 4429 1482 4488; x_wconf 76' lang='lat' dir='ltr'><strong>cruciarentur</strong></span> <span class='ocrx_word' id='word_1_518' title='bbox 1512 4430 1738 4498; x_wconf 83' lang='lat' dir='ltr'><strong>perinde</strong></span> <span class='ocrx_word' id='word_1_519' title='bbox 1768 4439 1932 4500; x_wconf 87' lang='lat' dir='ltr'><strong>atque</strong></span> <span class='ocrx_word' id='word_1_520' title='bbox 1958 4430 2014 4486; x_wconf 84' lang='lat' dir='ltr'><strong>in</strong></span> 
     </span>
    </p>
   </div>
   <div class='ocr_carea' id='block_1_78' title="bbox 2117 3229 3690 3306">
    <p class='ocr_par' dir='ltr' id='par_1_78' title="bbox 2117 3229 3690 3306">
     <span class='ocr_line' id='line_1_78' title="bbox 2117 3229 3690 3306; baseline -0.003 -19"><span class='ocrx_word' id='word_1_521' title='bbox 2117 3233 2366 3306; x_wconf 85' lang='grc' dir='ltr'>βασιλέα,</span> <span class='ocrx_word' id='word_1_522' title='bbox 2408 3232 2548 3286; x_wconf 83' lang='grc' dir='ltr'>ὥστε</span> <span class='ocrx_word' id='word_1_523' title='bbox 2584 3231 2919 3304; x_wconf 66' lang='grc' dir='ltr'>παραδοῦναι</span> <span class='ocrx_word' id='word_1_524' title='bbox 2948 3232 3042 3285; x_wconf 71' lang='grc' dir='ltr'><strong>ἐπὶ</strong></span> <span class='ocrx_word' id='word_1_525' title='bbox 3099 3233 3400 3302; x_wconf 75' lang='grc' dir='ltr'>χρήμασιν.</span> <span class='ocrx_word' id='word_1_526' title='bbox 3447 3230 3600 3283; x_wconf 72' lang='grc' dir='ltr'>Ἐπεὶ</span> <span class='ocrx_word' id='word_1_527' title='bbox 3630 3229 3690 3282; x_wconf 78' lang='grc' dir='ltr'>δὲ</span> 
     </span>
    </p>
   </div>
   <div class='ocr_carea' id='block_1_79' title="bbox 2115 3317 3689 3394">
    <p class='ocr_par' dir='ltr' id='par_1_79' title="bbox 2115 3317 3689 3394">
     <span class='ocr_line' id='line_1_79' title="bbox 2115 3317 3689 3394; baseline -0.004 -15"><span class='ocrx_word' id='word_1_528' title='bbox 2115 3326 2267 3387; x_wconf 85' lang='grc' dir='ltr'>τέλος</span> <span class='ocrx_word' id='word_1_529' title='bbox 2296 3320 2440 3394; x_wconf 76' lang='grc' dir='ltr'>εἶχον</span> <span class='ocrx_word' id='word_1_530' title='bbox 2469 3323 2792 3392; x_wconf 77' lang='grc' dir='ltr'>συμϐάσεις,</span> <span class='ocrx_word' id='word_1_531' title='bbox 2864 3322 2960 3376; x_wconf 72' lang='grc' dir='ltr'>καὶ</span> <span class='ocrx_word' id='word_1_532' title='bbox 3012 3322 3080 3376; x_wconf 83' lang='grc' dir='ltr'><strong>τὰ</strong></span> <span class='ocrx_word' id='word_1_533' title='bbox 3127 3323 3389 3393; x_wconf 79' lang='grc' dir='ltr'>χρήματα</span> <span class='ocrx_word' id='word_1_534' title='bbox 3446 3317 3689 3390; x_wconf 77' lang='grc' dir='ltr'>ἐδέχετο,</span> 
     </span>
    </p>
   </div>
   <div class='ocr_carea' id='block_1_80' title="bbox 2117 3413 3687 3486">
    <p class='ocr_par' dir='ltr' id='par_1_80' title="bbox 2117 3413 3687 3486">
     <span class='ocr_line' id='line_1_80' title="bbox 2117 3413 3687 3486; baseline -0.006 -13"><span class='ocrx_word' id='word_1_535' title='bbox 2117 3418 2465 3479; x_wconf 79' lang='grc' dir='ltr'>ὑποπτεύσας</span> <span class='ocrx_word' id='word_1_536' title='bbox 2518 3417 2594 3485; x_wconf 81' lang='grc' dir='ltr'><strong>μὴ</strong></span> <span class='ocrx_word' id='word_1_537' title='bbox 2631 3413 2810 3485; x_wconf 84' lang='grc' dir='ltr'>τυχών</span> <span class='ocrx_word' id='word_1_538' title='bbox 2863 3431 3008 3477; x_wconf 88' lang='grc' dir='ltr'>τινος</span> <span class='ocrx_word' id='word_1_539' title='bbox 3068 3413 3478 3486; x_wconf 77' lang='grc' dir='ltr'>φιλανθρωπίας</span> <span class='ocrx_word' id='word_1_540' title='bbox 3533 3415 3687 3481; x_wconf 71' lang='lat' dir='ltr'><strong>rupi</strong></span> 
     </span>
    </p>
   </div>
   <div class='ocr_carea' id='block_1_81' title="bbox 2121 3506 3690 3583">
    <p class='ocr_par' dir='ltr' id='par_1_81' title="bbox 2121 3506 3690 3583">
     <span class='ocr_line' id='line_1_81' title="bbox 2121 3506 3690 3583; baseline -0.004 -19"><span class='ocrx_word' id='word_1_541' title='bbox 2121 3510 2385 3583; x_wconf 82' lang='grc' dir='ltr'>βασιλέως</span> <span class='ocrx_word' id='word_1_542' title='bbox 2427 3511 2676 3564; x_wconf 83' lang='grc' dir='ltr'><strong>Ἰωάννου</strong></span> <span class='ocrx_word' id='word_1_543' title='bbox 2699 3506 2968 3576; x_wconf 72' lang='grc' dir='ltr'><strong>ἀμύναιτο</strong></span> <span class='ocrx_word' id='word_1_544' title='bbox 3007 3525 3133 3561; x_wconf 87' lang='grc' dir='ltr'>ποτε</span> <span class='ocrx_word' id='word_1_545' title='bbox 3164 3506 3386 3576; x_wconf 75' lang='grc' dir='ltr'>ὕστερον</span> <span class='ocrx_word' id='word_1_546' title='bbox 3404 3506 3690 3568; x_wconf 81' lang='grc' dir='ltr'>Ματθαῖος</span> 
     </span>
    </p>
   </div>
   <div class='ocr_carea' id='block_1_82' title="bbox 2117 3598 3695 3674">
    <p class='ocr_par' dir='ltr' id='par_1_82' title="bbox 2117 3598 3695 3674">
     <span class='ocr_line' id='line_1_82' title="bbox 2117 3598 3695 3674; baseline -0.015 -3"><span class='ocrx_word' id='word_1_547' title='bbox 2117 3604 2144 3657; x_wconf 69' lang='grc' dir='ltr'><strong>ὁ</strong></span> <span class='ocrx_word' id='word_1_548' title='bbox 2183 3602 2440 3674; x_wconf 76' lang='grc' dir='ltr'>βασιλεὺς</span> <span class='ocrx_word' id='word_1_549' title='bbox 2461 3599 2560 3671; x_wconf 80' lang='grc' dir='ltr'>τῆς</span> <span class='ocrx_word' id='word_1_550' title='bbox 2600 3600 2890 3670; x_wconf 80' lang='grc' dir='ltr'>προδοσίας</span> <span class='ocrx_word' id='word_1_551' title='bbox 2945 3599 3125 3664; x_wconf 57' lang='grc' dir='ltr'>ἕνεκα,</span> <span class='ocrx_word' id='word_1_552' title='bbox 3165 3601 3349 3664; x_wconf 61' lang='grc' dir='ltr'>αὗτδν,</span> <span class='ocrx_word' id='word_1_553' title='bbox 3409 3598 3695 3667; x_wconf 66' lang='grc' dir='ltr'>ἐσκέψατο</span> 
     </span>
    </p>
   </div>
   <div class='ocr_carea' id='block_1_83' title="bbox 2116 3691 3696 3764">
    <p class='ocr_par' dir='ltr' id='par_1_83' title="bbox 2116 3691 3696 3764">
     <span class='ocr_line' id='line_1_83' title="bbox 2116 3691 3696 3764; baseline -0.005 -15"><span class='ocrx_word' id='word_1_554' title='bbox 2116 3695 2442 3764; x_wconf 78' lang='grc' dir='ltr'>ἀποστερεῖν</span> <span class='ocrx_word' id='word_1_555' title='bbox 2471 3693 2579 3746; x_wconf 81' lang='grc' dir='ltr'>τῶν</span> <span class='ocrx_word' id='word_1_556' title='bbox 2609 3691 2808 3761; x_wconf 75' lang='grc' dir='ltr'>ὄψεων,</span> <span class='ocrx_word' id='word_1_557' title='bbox 2843 3691 2962 3761; x_wconf 77' lang='grc' dir='ltr'><strong>ἅμα</strong></span> <span class='ocrx_word' id='word_1_558' title='bbox 3017 3693 3264 3761; x_wconf 76' lang='grc' dir='ltr'>οἰόμενος</span> <span class='ocrx_word' id='word_1_559' title='bbox 3320 3691 3540 3743; x_wconf 74' lang='grc' dir='ltr'>ἔσεσθαι</span> <span class='ocrx_word' id='word_1_560' title='bbox 3595 3692 3696 3742; x_wconf 72' lang='grc' dir='ltr'><strong>καὶ</strong></span> 
     </span>
    </p>
   </div>
   <div class='ocr_carea' id='block_1_84' title="bbox 2120 3782 3695 3858">
    <p class='ocr_par' dir='ltr' id='par_1_84' title="bbox 2120 3782 3695 3858">
     <span class='ocr_line' id='line_1_84' title="bbox 2120 3782 3695 3858; baseline -0.006 -17"><span class='ocrx_word' id='word_1_561' title='bbox 2120 3787 2336 3858; x_wconf 86' lang='grc' dir='ltr'>βασιλεῖ</span> <span class='ocrx_word' id='word_1_562' title='bbox 2365 3785 2442 3855; x_wconf 83' lang='grc' dir='ltr'><strong>τῷ</strong></span> <span class='ocrx_word' id='word_1_563' title='bbox 2495 3785 2718 3857; x_wconf 83' lang='grc' dir='ltr'><strong>Ἰωάννῃ</strong></span> <span class='ocrx_word' id='word_1_564' title='bbox 2756 3785 2898 3837; x_wconf 76' lang='grc' dir='ltr'>κατὰ</span> <span class='ocrx_word' id='word_1_565' title='bbox 2956 3784 3207 3854; x_wconf 82' lang='grc' dir='ltr'><strong>γνώμην,</strong></span> <span class='ocrx_word' id='word_1_566' title='bbox 3247 3783 3296 3836; x_wconf 78' lang='grc' dir='ltr'>εἰ</span> <span class='ocrx_word' id='word_1_567' title='bbox 3336 3782 3426 3851; x_wconf 74' lang='grc' dir='ltr'><strong>ὑφ’</strong></span> <span class='ocrx_word' id='word_1_568' title='bbox 3458 3783 3695 3848; x_wconf 81' lang='grc' dir='ltr'>ἑτέρων,</span> 
     </span>
    </p>
   </div>
   <div class='ocr_carea' id='block_1_85' title="bbox 2117 3874 3695 3950">
    <p class='ocr_par' dir='ltr' id='par_1_85' title="bbox 2117 3874 3695 3950">
     <span class='ocr_line' id='line_1_85' title="bbox 2117 3874 3695 3950; baseline -0.006 -16"><span class='ocrx_word' id='word_1_569' title='bbox 2117 3879 2253 3934; x_wconf 78' lang='grc' dir='ltr'><strong>ἀλλὰ</strong></span> <span class='ocrx_word' id='word_1_570' title='bbox 2287 3877 2362 3950; x_wconf 78' lang='grc' dir='ltr'><strong>μὴ</strong></span> <span class='ocrx_word' id='word_1_571' title='bbox 2391 3876 2554 3932; x_wconf 73' lang='grc' dir='ltr'>αὑτοῦ</span> <span class='ocrx_word' id='word_1_572' title='bbox 2605 3877 2646 3929; x_wconf 68' lang='grc' dir='ltr'>δ’</span> <span class='ocrx_word' id='word_1_573' title='bbox 2675 3874 2932 3946; x_wconf 81' lang='grc' dir='ltr'>πολέμιος</span> <span class='ocrx_word' id='word_1_574' title='bbox 2965 3875 3360 3946; x_wconf 75' lang='grc' dir='ltr'>έκτυφλωθείη.</span> <span class='ocrx_word' id='word_1_575' title='bbox 3395 3875 3499 3927; x_wconf 74' lang='grc' dir='ltr'><strong>Καὶ</strong></span> <span class='ocrx_word' id='word_1_576' title='bbox 3531 3874 3695 3942; x_wconf 82' lang='grc' dir='ltr'>πέμ-</span> 
     </span>
    </p>
   </div>
   <div class='ocr_carea' id='block_1_86' title="bbox 2115 3964 3696 4041">
    <p class='ocr_par' dir='ltr' id='par_1_86' title="bbox 2115 3964 3696 4041">
     <span class='ocr_line' id='line_1_86' title="bbox 2115 3964 3696 4041; baseline -0.003 -18"><span class='ocrx_word' id='word_1_577' title='bbox 2115 3971 2225 4041; x_wconf 75' lang='grc' dir='ltr'><strong>ψας</strong></span> <span class='ocrx_word' id='word_1_578' title='bbox 2257 3971 2394 4041; x_wconf 70' lang='grc' dir='ltr'>πρὸς</span> <span class='ocrx_word' id='word_1_579' title='bbox 2419 3967 2667 4039; x_wconf 69' lang='grc' dir='ltr'>βασιλέα,</span> <span class='ocrx_word' id='word_1_580' title='bbox 2702 3967 2858 4038; x_wconf 71' lang='grc' dir='ltr'>ἠξίου</span> <span class='ocrx_word' id='word_1_581' title='bbox 2915 3968 3179 4039; x_wconf 81' lang='grc' dir='ltr'><strong>πράττειν</strong></span> <span class='ocrx_word' id='word_1_582' title='bbox 3219 3965 3257 4020; x_wconf 76' lang='grc' dir='ltr'><strong>ἃ</strong></span> <span class='ocrx_word' id='word_1_583' title='bbox 3294 3967 3583 4036; x_wconf 68' lang='grc' dir='ltr'>ἐσκέψατο.</span> <span class='ocrx_word' id='word_1_584' title='bbox 3625 3964 3696 4019; x_wconf 83' lang='grc' dir='ltr'>ὐ</span> 
     </span>
    </p>
   </div>
   <div class='ocr_carea' id='block_1_87' title="bbox 2116 4055 3701 4131">
    <p class='ocr_par' dir='ltr' id='par_1_87' title="bbox 2116 4055 3701 4131">
     <span class='ocr_line' id='line_1_87' title="bbox 2116 4055 3701 4131; baseline -0.005 -14"><span class='ocrx_word' id='word_1_585' title='bbox 2116 4062 2160 4117; x_wconf 78' lang='grc' dir='ltr'>δ’</span> <span class='ocrx_word' id='word_1_586' title='bbox 2180 4062 2280 4116; x_wconf 77' lang='grc' dir='ltr'>οὐκ</span> <span class='ocrx_word' id='word_1_587' title='bbox 2303 4059 2564 4131; x_wconf 66' lang='grc' dir='ltr'><strong>ἠνέσχετο</strong></span> <span class='ocrx_word' id='word_1_588' title='bbox 2591 4058 2700 4111; x_wconf 82' lang='grc' dir='ltr'>τῶν</span> <span class='ocrx_word' id='word_1_589' title='bbox 2728 4057 2927 4127; x_wconf 83' lang='grc' dir='ltr'>λόγων,</span> <span class='ocrx_word' id='word_1_590' title='bbox 2964 4057 3080 4111; x_wconf 77' lang='grc' dir='ltr'>ἀλλ’</span> <span class='ocrx_word' id='word_1_591' title='bbox 3109 4057 3159 4108; x_wconf 80' lang='grc' dir='ltr'>εἰ</span> <span class='ocrx_word' id='word_1_592' title='bbox 3189 4057 3262 4128; x_wconf 87' lang='grc' dir='ltr'><strong>μὴ</strong></span> <span class='ocrx_word' id='word_1_593' title='bbox 3309 4056 3446 4108; x_wconf 84' lang='grc' dir='ltr'>σῶον</span> <span class='ocrx_word' id='word_1_594' title='bbox 3484 4055 3701 4109; x_wconf 76' lang='grc' dir='ltr'>παντὰ·</span> 
     </span>
    </p>
   </div>
   <div class='ocr_carea' id='block_1_88' title="bbox 2118 4149 3699 4226">
    <p class='ocr_par' dir='ltr' id='par_1_88' title="bbox 2118 4149 3699 4226">
     <span class='ocr_line' id='line_1_88' title="bbox 2118 4149 3699 4226; baseline -0.004 -20"><span class='ocrx_word' id='word_1_595' title='bbox 2118 4169 2285 4206; x_wconf 89' lang='grc' dir='ltr'>πασιν</span> <span class='ocrx_word' id='word_1_596' title='bbox 2313 4151 2570 4222; x_wconf 79' lang='grc' dir='ltr'>ἀποδοίη,</span> <span class='ocrx_word' id='word_1_597' title='bbox 2592 4150 2746 4219; x_wconf 74' lang='grc' dir='ltr'>ἠξίου</span> <span class='ocrx_word' id='word_1_598' title='bbox 2779 4151 2854 4226; x_wconf 82' lang='grc' dir='ltr'><strong>μὴ</strong></span> <span class='ocrx_word' id='word_1_599' title='bbox 2887 4149 3300 4218; x_wconf 71' lang='grc' dir='ltr'>ἀπολαμϐάνειν</span> <span class='ocrx_word' id='word_1_600' title='bbox 3327 4164 3343 4180; x_wconf 77' lang='grc'><strong><em>⁸</em></strong></span> <span class='ocrx_word' id='word_1_601' title='bbox 3383 4149 3478 4200; x_wconf 72' lang='grc' dir='ltr'><strong>καὶ</strong></span> <span class='ocrx_word' id='word_1_602' title='bbox 3505 4151 3699 4200; x_wconf 77' lang='grc' dir='ltr'>πᾶσαν</span> 
     </span>
    </p>
   </div>
   <div class='ocr_carea' id='block_1_89' title="bbox 2119 4233 3704 4309">
    <p class='ocr_par' dir='ltr' id='par_1_89' title="bbox 2119 4233 3704 4309">
     <span class='ocr_line' id='line_1_89' title="bbox 2119 4233 3704 4309; baseline -0.007 -11"><span class='ocrx_word' id='word_1_603' title='bbox 2119 4242 2434 4308; x_wconf 68' lang='grc' dir='ltr'>ἐπεδείξατο</span> <span class='ocrx_word' id='word_1_604' title='bbox 2494 4237 2732 4309; x_wconf 83' lang='grc' dir='ltr'>σπουδὴν</span> <span class='ocrx_word' id='word_1_605' title='bbox 2799 4237 2943 4291; x_wconf 81' lang='grc' dir='ltr'>ὥστε</span> <span class='ocrx_word' id='word_1_606' title='bbox 3021 4237 3228 4289; x_wconf 79' lang='grc' dir='ltr'>πείθειν</span> <span class='ocrx_word' id='word_1_607' title='bbox 3275 4235 3366 4288; x_wconf 74' lang='grc' dir='ltr'>τὸν</span> <span class='ocrx_word' id='word_1_608' title='bbox 3420 4233 3704 4305; x_wconf 70' lang='grc' dir='ltr'>Τριϐαλδν</span> 
     </span>
    </p>
   </div>
   <div class='ocr_carea' id='block_1_90' title="bbox 2119 4325 3706 4403">
    <p class='ocr_par' dir='ltr' id='par_1_90' title="bbox 2119 4325 3706 4403">
     <span class='ocr_line' id='line_1_90' title="bbox 2119 4325 3706 4403; baseline -0.006 -18"><span class='ocrx_word' id='word_1_609' title='bbox 2119 4331 2289 4403; x_wconf 72' lang='grc' dir='ltr'>μηδὲν</span> <span class='ocrx_word' id='word_1_610' title='bbox 2345 4332 2552 4384; x_wconf 75' lang='grc' dir='ltr'>ἐκεῖνον</span> <span class='ocrx_word' id='word_1_611' title='bbox 2621 4328 2860 4391; x_wconf 70' lang='grc' dir='ltr'>ἀδικεῖν,</span> <span class='ocrx_word' id='word_1_612' title='bbox 2898 4325 3177 4396; x_wconf 80' lang='grc' dir='ltr'>έπέμπετό</span> <span class='ocrx_word' id='word_1_613' title='bbox 3229 4343 3285 4378; x_wconf 86' lang='grc' dir='ltr'>τε</span> <span class='ocrx_word' id='word_1_614' title='bbox 3341 4326 3476 4395; x_wconf 73' lang='grc' dir='ltr'>πρὸς</span> <span class='ocrx_word' id='word_1_615' title='bbox 3530 4325 3706 4377; x_wconf 67' lang='grc' dir='ltr'>αὐτον</span> 
     </span>
    </p>
   </div>
   <div class='ocr_carea' id='block_1_91' title="bbox 2122 4413 3713 4494">
    <p class='ocr_par' dir='ltr' id='par_1_91' title="bbox 2122 4413 3713 4494">
     <span class='ocr_line' id='line_1_91' title="bbox 2122 4413 3713 4494; baseline -0.008 -16"><span class='ocrx_word' id='word_1_616' title='bbox 2122 4424 2288 4494; x_wconf 72' lang='grc' dir='ltr'>μηδὲν</span> <span class='ocrx_word' id='word_1_617' title='bbox 2321 4423 2382 4475; x_wconf 76' lang='grc' dir='ltr'>Ἰδ</span> <span class='ocrx_word' id='word_1_618' title='bbox 2413 4421 2572 4489; x_wconf 84' lang='grc' dir='ltr'>σῶμα</span> <span class='ocrx_word' id='word_1_619' title='bbox 2601 4418 2980 4488; x_wconf 70' lang='grc' dir='ltr'>διαλωϐηθείς,</span> <span class='ocrx_word' id='word_1_620' title='bbox 3028 4419 3182 4472; x_wconf 75' lang='grc' dir='ltr'>Ἐπεὶ</span> <span class='ocrx_word' id='word_1_621' title='bbox 3231 4415 3288 4469; x_wconf 84' lang='grc' dir='ltr'>δὲ</span> <span class='ocrx_word' id='word_1_622' title='bbox 3347 4413 3416 4488; x_wconf 79' lang='grc' dir='ltr'><strong>ἦν</strong></span> <span class='ocrx_word' id='word_1_623' title='bbox 3465 4418 3524 4470; x_wconf 83' lang='grc' dir='ltr'>ὲν</span> <span class='ocrx_word' id='word_1_624' title='bbox 3578 4418 3713 4479; x_wconf 83' lang='grc' dir='ltr'>ταῖς</span> 
     </span>
    </p>
   </div>
   <div class='ocr_carea' id='block_1_92' title="bbox 445 4505 2015 4592">
    <p class='ocr_par' dir='ltr' id='par_1_92' title="bbox 445 4518 2012 4592">
     <span class='ocr_line' id='line_1_92' title="bbox 445 4518 2012 4592; baseline 0.002 -19"><span class='ocrx_word' id='word_1_625' title='bbox 445 4534 506 4574; x_wconf 89' lang='lat' dir='ltr'><strong>se</strong></span> <span class='ocrx_word' id='word_1_626' title='bbox 537 4521 648 4574; x_wconf 68' lang='lat' dir='ltr'><strong>hac</strong></span> <span class='ocrx_word' id='word_1_627' title='bbox 683 4519 808 4574; x_wconf 75' lang='lat' dir='ltr'><strong>faba</strong></span> <span class='ocrx_word' id='word_1_628' title='bbox 843 4518 1166 4584; x_wconf 75' lang='lat' dir='ltr'><strong>cuder‘etur,</strong></span> <span class='ocrx_word' id='word_1_629' title='bbox 1201 4529 1382 4577; x_wconf 86' lang='lat' dir='ltr'><strong>tamen</strong></span> <span class='ocrx_word' id='word_1_630' title='bbox 1419 4535 1487 4576; x_wconf 87' lang='lat' dir='ltr'><strong>ne</strong></span> <span class='ocrx_word' id='word_1_631' title='bbox 1526 4521 1581 4578; x_wconf 87' lang='lat' dir='ltr'><strong>in</strong></span> <span class='ocrx_word' id='word_1_632' title='bbox 1624 4522 2012 4592; x_wconf 86' lang='lat' dir='ltr'><strong>imperatorem</strong></span> 
     </span>
    </p>
   </div>
   <div class='ocr_carea' id='block_1_93' title="bbox 2120 4505 3709 4592">
    <p class='ocr_par' dir='ltr' id='par_1_93' title="bbox 2125 4509 3709 4587">
     <span class='ocr_line' id='line_1_93' title="bbox 2125 4509 3709 4587; baseline -0.006 -18"><span class='ocrx_word' id='word_1_633' title='bbox 2125 4514 2437 4587; x_wconf 83' lang='grc' dir='ltr'>βασιλικαῖς</span> <span class='ocrx_word' id='word_1_634' title='bbox 2463 4513 2773 4587; x_wconf 74' lang='grc' dir='ltr'>τριήρεσιν,</span> <span class='ocrx_word' id='word_1_635' title='bbox 2803 4511 3006 4580; x_wconf 83' lang='grc' dir='ltr'>ᾶμιλλα</span> <span class='ocrx_word' id='word_1_636' title='bbox 3037 4511 3207 4581; x_wconf 71' lang='grc' dir='ltr'>πολλὴ</span> <span class='ocrx_word' id='word_1_637' title='bbox 3249 4509 3541 4580; x_wconf 76' lang='grc' dir='ltr'>Ῥωμαίων</span> <span class='ocrx_word' id='word_1_638' title='bbox 3565 4509 3709 4576; x_wconf 67' lang='grc' dir='ltr'>πρδς</span> 
     </span>
    </p>
   </div>
   <div class='ocr_carea' id='block_1_94' title="bbox 444 4609 2016 4682">
    <p class='ocr_par' dir='ltr' id='par_1_94' title="bbox 444 4609 2016 4682">
     <span class='ocr_line' id='line_1_94' title="bbox 444 4609 2016 4682; baseline 0.002 -18"><span class='ocrx_word' id='word_1_639' title='bbox 444 4609 700 4665; x_wconf 82' lang='lat' dir='ltr'><strong>malevoli</strong></span> <span class='ocrx_word' id='word_1_640' title='bbox 723 4611 1067 4675; x_wconf 86' lang='lat' dir='ltr'><strong>viderentur,</strong></span> <span class='ocrx_word' id='word_1_641' title='bbox 1092 4611 1138 4665; x_wconf 88' lang='lat' dir='ltr'><strong>si</strong></span> <span class='ocrx_word' id='word_1_642' title='bbox 1167 4611 1445 4666; x_wconf 87' lang='lat' dir='ltr'><strong>diversum</strong></span> <span class='ocrx_word' id='word_1_643' title='bbox 1479 4613 1775 4668; x_wconf 81' lang='lat' dir='ltr'><strong>suaderent</strong></span> <span class='ocrx_word' id='word_1_644' title='bbox 1802 4612 1872 4668; x_wconf 90' lang='lat' dir='ltr'><strong>ab</strong></span> <span class='ocrx_word' id='word_1_645' title='bbox 1897 4613 2016 4682; x_wconf 86' lang='lat' dir='ltr'><strong>ejus</strong></span> 
     </span>
    </p>
   </div>
   <div class='ocr_carea' id='block_1_95' title="bbox 445 4702 2012 4772">
    <p class='ocr_par' dir='ltr' id='par_1_95' title="bbox 445 4702 2012 4772">
     <span class='ocr_line' id='line_1_95' title="bbox 445 4702 2012 4772; baseline -0.001 -15"><span class='ocrx_word' id='word_1_646' title='bbox 445 4702 1010 4768; x_wconf 86' lang='lat' dir='ltr'><strong>benevolentissimis,</strong></span> <span class='ocrx_word' id='word_1_647' title='bbox 1051 4703 1134 4758; x_wconf 79' lang='lat' dir='ltr'><strong>&#39;ad</strong></span> <span class='ocrx_word' id='word_1_648' title='bbox 1186 4703 1332 4758; x_wconf 85' lang='lat' dir='ltr'><strong>idem</strong></span> <span class='ocrx_word' id='word_1_649' title='bbox 1389 4713 1449 4758; x_wconf 87' lang='lat' dir='ltr'><strong>et</strong></span> <span class='ocrx_word' id='word_1_650' title='bbox 1485 4702 1588 4772; x_wconf 85' lang='lat' dir='ltr'><strong>ipsi</strong></span> <span class='ocrx_word' id='word_1_651' title='bbox 1635 4703 2012 4760; x_wconf 84' lang='lat' dir='ltr'><strong>hortabantur.</strong></span> 
     </span>
    </p>
   </div>
   <div class='ocr_carea' id='block_1_96' title="bbox 442 4792 2016 4863">
    <p class='ocr_par' dir='ltr' id='par_1_96' title="bbox 442 4792 2016 4863">
     <span class='ocr_line' id='line_1_96' title="bbox 442 4792 2016 4863; baseline 0.002 -16"><span class='ocrx_word' id='word_1_652' title='bbox 442 4792 557 4849; x_wconf 88' lang='lat' dir='ltr'><strong>llac</strong></span> <span class='ocrx_word' id='word_1_653' title='bbox 605 4793 660 4849; x_wconf 86' lang='lat' dir='ltr'><strong>in</strong></span> <span class='ocrx_word' id='word_1_654' title='bbox 706 4805 862 4863; x_wconf 83' lang='lat' dir='ltr'><strong>parte</strong></span> <span class='ocrx_word' id='word_1_655' title='bbox 892 4793 1230 4863; x_wconf 70' lang='lat' dir='ltr'><strong>Palmologus</strong></span> <span class='ocrx_word' id='word_1_656' title='bbox 1275 4794 1577 4862; x_wconf 88' lang='lat' dir='ltr'><strong>imperator</strong></span> <span class='ocrx_word' id='word_1_657' title='bbox 1620 4809 1730 4850; x_wconf 85' lang='lat' dir='ltr'><strong>non</strong></span> <span class='ocrx_word' id='word_1_658' title='bbox 1755 4793 2016 4852; x_wconf 79' lang='lat' dir='ltr'><strong>humani-</strong></span> 
     </span>
    </p>
   </div>
   <div class='ocr_carea' id='block_1_97' title="bbox 440 4885 2018 4958">
    <p class='ocr_par' dir='ltr' id='par_1_97' title="bbox 440 4885 2018 4958">
     <span class='ocr_line' id='line_1_97' title="bbox 440 4885 2018 4958; baseline 0.001 -19"><span class='ocrx_word' id='word_1_659' title='bbox 440 4886 571 4942; x_wconf 85' lang='lat' dir='ltr'><strong>tatis</strong></span> <span class='ocrx_word' id='word_1_660' title='bbox 583 4887 762 4943; x_wconf 79' lang='lat' dir='ltr'><strong>solum</strong></span> <span class='ocrx_word' id='word_1_661' title='bbox 779 4895 836 4941; x_wconf 86' lang='lat' dir='ltr'><strong>et</strong></span> <span class='ocrx_word' id='word_1_662' title='bbox 853 4885 1157 4944; x_wconf 68' lang='lat' dir='ltr'><strong>clementia</strong></span> <span class='ocrx_word' id='word_1_663' title='bbox 1178 4895 1524 4956; x_wconf 77' lang='lat' dir='ltr'><strong>argumenta,</strong></span> <span class='ocrx_word' id='word_1_664' title='bbox 1548 4885 1645 4942; x_wconf 84' lang='lat' dir='ltr'><strong>sed</strong></span> <span class='ocrx_word' id='word_1_665' title='bbox 1663 4897 1718 4941; x_wconf 90' lang='lat' dir='ltr'><strong>et</strong></span> <span class='ocrx_word' id='word_1_666' title='bbox 1735 4887 2018 4958; x_wconf 83' lang='lat' dir='ltr'><strong>magnani-</strong></span> 
     </span>
    </p>
   </div>
   <div class='ocr_carea' id='block_1_98' title="bbox 443 4978 2018 5048">
    <p class='ocr_par' dir='ltr' id='par_1_98' title="bbox 443 4978 2018 5048">
     <span class='ocr_line' id='line_1_98' title="bbox 443 4978 2018 5048; baseline 0 -15"><span class='ocrx_word' id='word_1_667' title='bbox 443 4978 676 5042; x_wconf 79' lang='lat' dir='ltr'><strong>mitatis.</strong></span> <span class='ocrx_word' id='word_1_668' title='bbox 721 4994 789 5036; x_wconf 80' lang='lat' dir='ltr'><strong>ac</strong></span> <span class='ocrx_word' id='word_1_669' title='bbox 815 4980 1182 5043; x_wconf 77' lang='lat' dir='ltr'><strong>fortitudinis.</strong></span> <span class='ocrx_word' id='word_1_670' title='bbox 1215 4988 1270 5034; x_wconf 88' lang='lat' dir='ltr'><strong>et</strong></span> <span class='ocrx_word' id='word_1_671' title='bbox 1299 4978 1603 5048; x_wconf 66' lang='lat' dir='ltr'><strong>prudentiae</strong></span> <span class='ocrx_word' id='word_1_672' title='bbox 1636 4978 1838 5034; x_wconf 84' lang='lat' dir='ltr'><strong>indicia</strong></span> <span class='ocrx_word' id='word_1_673' title='bbox 1867 4978 2018 5036; x_wconf 87' lang='lat' dir='ltr'><strong>dedit</strong></span> 
     </span>
    </p>
   </div>
   <div class='ocr_carea' id='block_1_99' title="bbox 445 5071 2019 5142">
    <p class='ocr_par' dir='ltr' id='par_1_99' title="bbox 445 5071 2019 5142">
     <span class='ocr_line' id='line_1_99' title="bbox 445 5071 2019 5142; baseline 0 -16"><span class='ocrx_word' id='word_1_674' title='bbox 445 5071 920 5128; x_wconf 64' lang='lat' dir='ltr'><strong>manifestissima.</strong></span> <span class='ocrx_word' id='word_1_675' title='bbox 966 5072 1186 5128; x_wconf 80' lang='lat' dir='ltr'><strong>Etenim</strong></span> <span class='ocrx_word' id='word_1_676' title='bbox 1236 5087 1362 5127; x_wconf 85' lang='lat' dir='ltr'><strong>cum</strong></span> <span class='ocrx_word' id='word_1_677' title='bbox 1396 5073 1544 5128; x_wconf 86' lang='lat' dir='ltr'><strong>bello</strong></span> <span class='ocrx_word' id='word_1_678' title='bbox 1585 5087 1652 5128; x_wconf 88' lang='lat' dir='ltr'><strong>eo</strong></span> <span class='ocrx_word' id='word_1_679' title='bbox 1685 5087 1857 5142; x_wconf 84' lang='lat' dir='ltr'><strong>usque</strong></span> <span class='ocrx_word' id='word_1_680' title='bbox 1895 5087 2019 5142; x_wconf 91' lang='lat' dir='ltr'><strong>pro-</strong></span> 
     </span>
    </p>
   </div>
   <div class='ocr_carea' id='block_1_100' title="bbox 443 5163 2018 5234">
    <p class='ocr_par' dir='ltr' id='par_1_100' title="bbox 443 5163 2018 5234">
     <span class='ocr_line' id='line_1_100' title="bbox 443 5163 2018 5234; baseline -0.002 -14"><span class='ocrx_word' id='word_1_681' title='bbox 443 5175 658 5220; x_wconf 70' lang='lat' dir='ltr'><strong>cessum</strong></span> <span class='ocrx_word' id='word_1_682' title='bbox 691 5172 866 5230; x_wconf 80' lang='lat' dir='ltr'><strong>esset,</strong></span> <span class='ocrx_word' id='word_1_683' title='bbox 898 5171 1170 5234; x_wconf 54' lang='lat' dir='ltr'><strong>tardaque</strong></span> <span class='ocrx_word' id='word_1_684' title='bbox 1199 5164 1344 5220; x_wconf 88' lang='lat' dir='ltr'><strong>inter</strong></span> <span class='ocrx_word' id='word_1_685' title='bbox 1371 5180 1468 5220; x_wconf 91' lang='lat' dir='ltr'><strong>eos</strong></span> <span class='ocrx_word' id='word_1_686' title='bbox 1501 5163 1804 5219; x_wconf 73' lang='lat' dir='ltr'><strong>inimicitia:</strong></span> <span class='ocrx_word' id='word_1_687' title='bbox 1845 5163 2018 5218; x_wconf 77' lang='lat' dir='ltr'><strong>exsti-</strong></span> 
     </span>
    </p>
   </div>
   <div class='ocr_carea' id='block_1_101' title="bbox 443 5254 2016 5326">
    <p class='ocr_par' dir='ltr' id='par_1_101' title="bbox 443 5254 2016 5326">
     <span class='ocr_line' id='line_1_101' title="bbox 443 5254 2016 5326; baseline 0 -18"><span class='ocrx_word' id='word_1_688' title='bbox 443 5254 662 5320; x_wconf 71' lang='lat' dir='ltr'><strong>tissent,</strong></span> <span class='ocrx_word' id='word_1_689' title='bbox 721 5265 782 5311; x_wconf 82' lang='lat' dir='ltr'><strong>ut</strong></span> <span class='ocrx_word' id='word_1_690' title='bbox 832 5265 1017 5312; x_wconf 86' lang='lat' dir='ltr'><strong>essent</strong></span> <span class='ocrx_word' id='word_1_691' title='bbox 1066 5255 1478 5326; x_wconf 77' lang='lat' dir='ltr'><strong>implacabiles,</strong></span> <span class='ocrx_word' id='word_1_692' title='bbox 1505 5265 1561 5311; x_wconf 85' lang='lat' dir='ltr'><strong>et</strong></span> <span class='ocrx_word' id='word_1_693' title='bbox 1607 5257 1746 5313; x_wconf 78' lang='lat' dir='ltr'><strong>alter</strong></span> <span class='ocrx_word' id='word_1_694' title='bbox 1780 5256 2016 5311; x_wconf 80' lang='lat' dir='ltr'><strong>alterum</strong></span> 
     </span>
    </p>
   </div>
   <div class='ocr_carea' id='block_1_102' title="bbox 445 5347 2018 5418">
    <p class='ocr_par' dir='ltr' id='par_1_102' title="bbox 445 5347 2018 5418">
     <span class='ocr_line' id='line_1_102' title="bbox 445 5347 2018 5418; baseline -0.001 -14"><span class='ocrx_word' id='word_1_695' title='bbox 445 5361 560 5404; x_wconf 78' lang='lat' dir='ltr'><strong>non</strong></span> <span class='ocrx_word' id='word_1_696' title='bbox 608 5347 846 5418; x_wconf 77' lang='lat' dir='ltr'><strong>imperio</strong></span> <span class='ocrx_word' id='word_1_697' title='bbox 892 5347 1078 5416; x_wconf 83' lang='lat' dir='ltr'><strong>modo,</strong></span> <span class='ocrx_word' id='word_1_698' title='bbox 1130 5348 1225 5405; x_wconf 87' lang='lat' dir='ltr'><strong>sed</strong></span> <span class='ocrx_word' id='word_1_699' title='bbox 1269 5348 1314 5403; x_wconf 88' lang='lat' dir='ltr'><strong>si</strong></span> <span class='ocrx_word' id='word_1_700' title='bbox 1358 5348 1647 5418; x_wconf 85' lang='lat' dir='ltr'><strong>potuisset,</strong></span> <span class='ocrx_word' id='word_1_701' title='bbox 1698 5348 1864 5402; x_wconf 85' lang='lat' dir='ltr'><strong>etiam</strong></span> <span class='ocrx_word' id='word_1_702' title='bbox 1906 5348 2018 5402; x_wconf 78' lang='lat' dir='ltr'><strong>vita</strong></span> 
     </span>
    </p>
   </div>
   <div class='ocr_carea' id='block_1_103' title="bbox 445 5440 2017 5512">
    <p class='ocr_par' dir='ltr' id='par_1_103' title="bbox 445 5440 2017 5512">
     <span class='ocr_line' id='line_1_103' title="bbox 445 5440 2017 5512; baseline -0.001 -16"><span class='ocrx_word' id='word_1_703' title='bbox 445 5451 676 5496; x_wconf 74' lang='lat' dir='ltr'><strong>exutum</strong></span> <span class='ocrx_word' id='word_1_704' title='bbox 710 5441 1037 5511; x_wconf 70' lang='lat' dir='ltr'><strong>cupivisset,</strong></span> <span class='ocrx_word' id='word_1_705' title='bbox 1091 5454 1398 5512; x_wconf 83' lang='lat' dir='ltr'><strong>omnesque</strong></span> <span class='ocrx_word' id='word_1_706' title='bbox 1445 5455 1645 5496; x_wconf 82' lang='lat' dir='ltr'><strong>nervos</strong></span> <span class='ocrx_word' id='word_1_707' title='bbox 1675 5440 1742 5494; x_wconf 88' lang='lat' dir='ltr'><strong>ad</strong></span> <span class='ocrx_word' id='word_1_708' title='bbox 1790 5440 2017 5494; x_wconf 80' lang='lat' dir='ltr'><strong>exitium</strong></span> 
     </span>
    </p>
   </div>
   <div class='ocr_carea' id='block_1_104' title="bbox 447 5533 2021 5602">
    <p class='ocr_par' dir='ltr' id='par_1_104' title="bbox 447 5533 2021 5602">
     <span class='ocr_line' id='line_1_104' title="bbox 447 5533 2021 5602; baseline 0 -16"><span class='ocrx_word' id='word_1_709' title='bbox 447 5533 756 5589; x_wconf 69' lang='lat' dir='ltr'><strong>adversarii</strong></span> <span class='ocrx_word' id='word_1_710' title='bbox 786 5533 1132 5598; x_wconf 83' lang='lat' dir='ltr'><strong>contulisset,</strong></span> <span class='ocrx_word' id='word_1_711' title='bbox 1161 5543 1349 5602; x_wconf 82' lang='lat' dir='ltr'><strong>postea</strong></span> <span class='ocrx_word' id='word_1_712' title='bbox 1375 5534 1662 5599; x_wconf 82' lang='lat' dir='ltr'><strong>victorem,</strong></span> <span class='ocrx_word' id='word_1_713' title='bbox 1695 5534 1898 5598; x_wconf 75' lang='lat' dir='ltr'><strong>victum</strong></span> <span class='ocrx_word' id='word_1_714' title='bbox 1929 5533 2021 5586; x_wconf 86' lang='lat' dir='ltr'><strong>ba-</strong></span> 
     </span>
    </p>
   </div>
   <div class='ocr_carea' id='block_1_105' title="bbox 447 5623 2017 5696">
    <p class='ocr_par' dir='ltr' id='par_1_105' title="bbox 447 5623 2017 5696">
     <span class='ocr_line' id='line_1_105' title="bbox 447 5623 2017 5696; baseline 0.001 -17"><span class='ocrx_word' id='word_1_715' title='bbox 447 5623 674 5679; x_wconf 74' lang='lat' dir='ltr'><strong>bentem</strong></span> <span class='ocrx_word' id='word_1_716' title='bbox 709 5625 766 5679; x_wconf 90' lang='lat' dir='ltr'><strong>in</strong></span> <span class='ocrx_word' id='word_1_717' title='bbox 815 5639 1005 5691; x_wconf 74' lang='lat' dir='ltr'><strong>manu,</strong></span> <span class='ocrx_word' id='word_1_718' title='bbox 1056 5625 1124 5682; x_wconf 83' lang='lat' dir='ltr'><strong>ad</strong></span> <span class='ocrx_word' id='word_1_719' title='bbox 1176 5633 1493 5696; x_wconf 76' lang='lat' dir='ltr'><strong>antegressa</strong></span> <span class='ocrx_word' id='word_1_720' title='bbox 1523 5639 1637 5681; x_wconf 77' lang='lat' dir='ltr'><strong>non</strong></span> <span class='ocrx_word' id='word_1_721' title='bbox 1692 5625 2017 5695; x_wconf 78' lang='lat' dir='ltr'><strong>respexisse,</strong></span> 
     </span>
    </p>
   </div>
   <div class='ocr_carea' id='block_1_106' title="bbox 449 5710 2018 5787">
    <p class='ocr_par' dir='ltr' id='par_1_106' title="bbox 449 5710 2018 5787">
     <span class='ocr_line' id='line_1_106' title="bbox 449 5710 2018 5787; baseline 0.001 -20"><span class='ocrx_word' id='word_1_722' title='bbox 449 5729 554 5768; x_wconf 88' lang='lat' dir='ltr'><strong>nec</strong></span> <span class='ocrx_word' id='word_1_723' title='bbox 585 5715 919 5783; x_wconf 76' lang='lat' dir='ltr'><strong>anquisisse,</strong></span> <span class='ocrx_word' id='word_1_724' title='bbox 949 5717 1227 5784; x_wconf 80' lang='lat' dir='ltr'><strong>quomodo</strong></span> <span class='ocrx_word' id='word_1_725' title='bbox 1260 5719 1505 5786; x_wconf 77' lang='lat' dir='ltr'><strong>puniret,</strong></span> <span class='ocrx_word' id='word_1_726' title='bbox 1532 5733 1562 5772; x_wconf 87' lang='lat' dir='ltr'><strong>a</strong></span> <span class='ocrx_word' id='word_1_727' title='bbox 1593 5710 1704 5787; x_wconf 77' lang='lat' dir='ltr'><strong>quo</strong></span> <span class='ocrx_word' id='word_1_728' title='bbox 1736 5718 1899 5772; x_wconf 73' lang='lat' dir='ltr'><strong>laesus</strong></span> <span class='ocrx_word' id='word_1_729' title='bbox 1934 5718 2018 5770; x_wconf 86' lang='lat' dir='ltr'><strong>vi-</strong></span> 
     </span>
    </p>
   </div>
   <div class='ocr_carea' id='block_1_107' title="bbox 450 5801 2017 5880">
    <p class='ocr_par' dir='ltr' id='par_1_107' title="bbox 450 5801 2017 5880">
     <span class='ocr_line' id='line_1_107' title="bbox 450 5801 2017 5880; baseline 0.003 -22"><span class='ocrx_word' id='word_1_730' title='bbox 450 5801 728 5861; x_wconf 70' lang='lat' dir='ltr'><strong>debatur:</strong></span> <span class='ocrx_word' id='word_1_731' title='bbox 757 5805 852 5860; x_wconf 80' lang='lat' dir='ltr'><strong>sed</strong></span> <span class='ocrx_word' id='word_1_732' title='bbox 888 5806 994 5859; x_wconf 81' lang='lat' dir='ltr'><strong>hoc</strong></span> <span class='ocrx_word' id='word_1_733' title='bbox 1024 5803 1289 5861; x_wconf 76' lang='lat' dir='ltr'><strong>Barbaris</strong></span> <span class='ocrx_word' id='word_1_734' title='bbox 1316 5808 1672 5880; x_wconf 77' lang='lat' dir='ltr'><strong>quibusdam,</strong></span> <span class='ocrx_word' id='word_1_735' title='bbox 1708 5809 1880 5864; x_wconf 73' lang='lat' dir='ltr'><strong>nihilo</strong></span> <span class='ocrx_word' id='word_1_736' title='bbox 1913 5807 2017 5862; x_wconf 84' lang='lat' dir='ltr'><strong>nti-</strong></span> 
     </span>
    </p>
   </div>
   <div class='ocr_carea' id='block_1_108' title="bbox 2123 4599 3712 4679">
    <p class='ocr_par' dir='ltr' id='par_1_108' title="bbox 2123 4599 3712 4679">
     <span class='ocr_line' id='line_1_108' title="bbox 2123 4599 3712 4679; baseline -0.008 -17"><span class='ocrx_word' id='word_1_737' title='bbox 2123 4609 2388 4679; x_wconf 82' lang='grc' dir='ltr'>ἁλλήλους</span> <span class='ocrx_word' id='word_1_738' title='bbox 2438 4607 2728 4674; x_wconf 81' lang='grc' dir='ltr'>ἀνεφύετο,</span> <span class='ocrx_word' id='word_1_739' title='bbox 2778 4605 2996 4657; x_wconf 78' lang='grc' dir='ltr'>πάντων</span> <span class='ocrx_word' id='word_1_740' title='bbox 3032 4599 3447 4672; x_wconf 71' lang='grc' dir='ltr'>παραινοῦντων</span> <span class='ocrx_word' id='word_1_741' title='bbox 3488 4600 3712 4670; x_wconf 84' lang='grc' dir='ltr'>βασιλεῖ</span> 
     </span>
    </p>
   </div>
   <div class='ocr_carea' id='block_1_109' title="bbox 2121 4691 3710 4769">
    <p class='ocr_par' dir='ltr' id='par_1_109' title="bbox 2121 4691 3710 4769">
     <span class='ocr_line' id='line_1_109' title="bbox 2121 4691 3710 4769; baseline -0.007 -15"><span class='ocrx_word' id='word_1_742' title='bbox 2121 4701 2214 4756; x_wconf 75' lang='grc' dir='ltr'>τὸν</span> <span class='ocrx_word' id='word_1_743' title='bbox 2255 4700 2516 4769; x_wconf 72' lang='grc' dir='ltr'>γυναικὸς</span> <span class='ocrx_word' id='word_1_744' title='bbox 2573 4695 2802 4766; x_wconf 65' lang='grc' dir='ltr'>ἀδελφὸν</span> <span class='ocrx_word' id='word_1_745' title='bbox 2857 4695 2964 4748; x_wconf 83' lang='grc' dir='ltr'>τῶν</span> <span class='ocrx_word' id='word_1_746' title='bbox 2997 4693 3171 4763; x_wconf 60' lang='grc' dir='ltr'>ὄψεων</span> <span class='ocrx_word' id='word_1_747' title='bbox 3217 4695 3565 4762; x_wconf 80' lang='grc' dir='ltr'>ἀποστερεῖν,</span> <span class='ocrx_word' id='word_1_748' title='bbox 3629 4691 3710 4754; x_wconf 71' lang='grc' dir='ltr'>ὃς</span> 
     </span>
    </p>
   </div>
   <div class='ocr_carea' id='block_1_110' title="bbox 2123 4784 3716 4859">
    <p class='ocr_par' dir='ltr' id='par_1_110' title="bbox 2123 4784 3716 4859">
     <span class='ocr_line' id='line_1_110' title="bbox 2123 4784 3716 4859; baseline -0.009 -11"><span class='ocrx_word' id='word_1_749' title='bbox 2123 4793 2267 4848; x_wconf 81' lang='grc' dir='ltr'>οὕτω</span> <span class='ocrx_word' id='word_1_750' title='bbox 2325 4789 2536 4847; x_wconf 72' lang='grc' dir='ltr'>πολλῶν</span> <span class='ocrx_word' id='word_1_751' title='bbox 2577 4786 2920 4859; x_wconf 68' lang='grc' dir='ltr'>πραγμάτιον</span> <span class='ocrx_word' id='word_1_752' title='bbox 2963 4785 3416 4855; x_wconf 79' lang='grc' dir='ltr'>ἀπαλλαξομένῳ,</span> <span class='ocrx_word' id='word_1_753' title='bbox 3469 4785 3566 4837; x_wconf 68' lang='grc' dir='ltr'><strong>καὶ</strong></span> <span class='ocrx_word' id='word_1_754' title='bbox 3627 4784 3716 4854; x_wconf 78' lang='grc' dir='ltr'><strong>μὴ</strong></span> 
     </span>
    </p>
   </div>
   <div class='ocr_carea' id='block_1_111' title="bbox 2123 4878 3718 4952">
    <p class='ocr_par' dir='ltr' id='par_1_111' title="bbox 2123 4878 3718 4952">
     <span class='ocr_line' id='line_1_111' title="bbox 2123 4878 3718 4952; baseline -0.007 -12"><span class='ocrx_word' id='word_1_755' title='bbox 2123 4886 2284 4948; x_wconf 77' lang='grc' dir='ltr'>αὖθις</span> <span class='ocrx_word' id='word_1_756' title='bbox 2313 4882 2496 4952; x_wconf 80' lang='grc' dir='ltr'>ἑαυτῷ</span> <span class='ocrx_word' id='word_1_757' title='bbox 2534 4881 2638 4951; x_wconf 77' lang='grc' dir='ltr'><strong>μὴν</strong></span> <span class='ocrx_word' id='word_1_758' title='bbox 2669 4879 2897 4948; x_wconf 82' lang='grc' dir='ltr'>ἀγώνων</span> <span class='ocrx_word' id='word_1_759' title='bbox 2938 4880 3033 4932; x_wconf 70' lang='grc' dir='ltr'><strong>καὶ</strong></span> <span class='ocrx_word' id='word_1_760' title='bbox 3071 4878 3357 4943; x_wconf 85' lang='grc' dir='ltr'>κινδύνων,</span> <span class='ocrx_word' id='word_1_761' title='bbox 3397 4881 3508 4941; x_wconf 83' lang='grc' dir='ltr'>τοῖς</span> <span class='ocrx_word' id='word_1_762' title='bbox 3533 4878 3583 4932; x_wconf 82' lang='grc' dir='ltr'>δ⁴</span> <span class='ocrx_word' id='word_1_763' title='bbox 3611 4879 3718 4930; x_wconf 68' lang='grc' dir='ltr'><strong>ἄλο</strong></span> 
     </span>
    </p>
   </div>
   <div class='ocr_carea' id='block_1_112' title="bbox 2124 4969 3720 5043">
    <p class='ocr_par' dir='ltr' id='par_1_112' title="bbox 2124 4969 3720 5043">
     <span class='ocr_line' id='line_1_112' title="bbox 2124 4969 3720 5043; baseline -0.007 -10"><span class='ocrx_word' id='word_1_764' title='bbox 2124 4979 2239 5042; x_wconf 90' lang='grc' dir='ltr'>λοις</span> <span class='ocrx_word' id='word_1_765' title='bbox 2266 4978 2400 5030; x_wconf 83' lang='grc' dir='ltr'>πᾶσι</span> <span class='ocrx_word' id='word_1_766' title='bbox 2455 4974 2748 5042; x_wconf 82' lang='grc' dir='ltr'><strong>Ῥωμαίοις</strong></span> <span class='ocrx_word' id='word_1_767' title='bbox 2801 4972 3076 5043; x_wconf 77' lang='grc' dir='ltr'>πρόφασιν</span> <span class='ocrx_word' id='word_1_768' title='bbox 3153 4970 3391 5040; x_wconf 81' lang='grc' dir='ltr'>πολέμου</span> <span class='ocrx_word' id='word_1_769' title='bbox 3431 4969 3720 5041; x_wconf 73' lang='grc' dir='ltr'>ἐμφυλίου</span> 
     </span>
    </p>
   </div>
   <div class='ocr_carea' id='block_1_113' title="bbox 2127 5062 3720 5136">
    <p class='ocr_par' dir='ltr' id='par_1_113' title="bbox 2127 5062 3720 5136">
     <span class='ocr_line' id='line_1_113' title="bbox 2127 5062 3720 5136; baseline -0.007 -11"><span class='ocrx_word' id='word_1_770' title='bbox 2127 5069 2506 5124; x_wconf 80' lang='grc' dir='ltr'>καταλείπειν.</span> <span class='ocrx_word' id='word_1_771' title='bbox 2545 5064 2705 5136; x_wconf 79' lang='grc' dir='ltr'>Εἶχον</span> <span class='ocrx_word' id='word_1_772' title='bbox 2734 5066 2795 5118; x_wconf 74' lang='grc' dir='ltr'>δὲ</span> <span class='ocrx_word' id='word_1_773' title='bbox 2822 5065 2883 5118; x_wconf 81' lang='grc' dir='ltr'><strong>οὐ</strong></span> <span class='ocrx_word' id='word_1_774' title='bbox 2925 5065 3130 5127; x_wconf 76' lang='grc' dir='ltr'>πάντες</span> <span class='ocrx_word' id='word_1_775' title='bbox 3167 5063 3263 5132; x_wconf 84' lang='grc' dir='ltr'>τὴν</span> <span class='ocrx_word' id='word_1_776' title='bbox 3299 5064 3422 5133; x_wconf 71' lang='grc' dir='ltr'><strong>ἴσην</strong></span> <span class='ocrx_word' id='word_1_777' title='bbox 3468 5062 3720 5132; x_wconf 77' lang='grc' dir='ltr'><strong>γνώμην</strong></span> 
     </span>
    </p>
   </div>
   <div class='ocr_carea' id='block_1_114' title="bbox 2125 5155 3728 5230">
    <p class='ocr_par' dir='ltr' id='par_1_114' title="bbox 2125 5155 3728 5230">
     <span class='ocr_line' id='line_1_114' title="bbox 2125 5155 3728 5230; baseline -0.006 -13"><span class='ocrx_word' id='word_1_778' title='bbox 2125 5165 2189 5219; x_wconf 79' lang='grc' dir='ltr'><strong>ὲν,</strong></span> <span class='ocrx_word' id='word_1_779' title='bbox 2214 5163 2326 5224; x_wconf 84' lang='grc' dir='ltr'>τοῖς</span> <span class='ocrx_word' id='word_1_780' title='bbox 2357 5158 2682 5230; x_wconf 80' lang='grc' dir='ltr'>λεγομένοις</span> <span class='ocrx_word' id='word_1_781' title='bbox 2704 5174 2718 5188; x_wconf 84' lang='grc'>⁶</span> <span class='ocrx_word' id='word_1_782' title='bbox 2753 5157 2870 5211; x_wconf 74' lang='grc' dir='ltr'><strong>ἀλλ’</strong></span> <span class='ocrx_word' id='word_1_783' title='bbox 2901 5158 2949 5210; x_wconf 83' lang='lat' dir='ltr'><strong>oi</strong></span> <span class='ocrx_word' id='word_1_784' title='bbox 2985 5156 3086 5224; x_wconf 73' lang='grc' dir='ltr'><strong>μὲν</strong></span> <span class='ocrx_word' id='word_1_785' title='bbox 3110 5155 3217 5209; x_wconf 76' lang='grc' dir='ltr'><strong>ὑπὸ</strong></span> <span class='ocrx_word' id='word_1_786' title='bbox 3243 5159 3344 5230; x_wconf 78' lang='grc' dir='ltr'><strong>τῆς</strong></span> <span class='ocrx_word' id='word_1_787' title='bbox 3363 5157 3536 5226; x_wconf 79' lang='grc' dir='ltr'>ἄκρας</span> <span class='ocrx_word' id='word_1_788' title='bbox 3569 5156 3728 5210; x_wconf 75' lang='grc' dir='ltr'>ἀπε-</span> 
     </span>
    </p>
   </div>
   <div class='ocr_carea' id='block_1_115' title="bbox 2127 5245 3724 5326">
    <p class='ocr_par' dir='ltr' id='par_1_115' title="bbox 2127 5245 3724 5326">
     <span class='ocr_line' id='line_1_115' title="bbox 2127 5245 3724 5326; baseline -0.004 -18"><span class='ocrx_word' id='word_1_789' title='bbox 2127 5253 2312 5326; x_wconf 81' lang='grc' dir='ltr'>χθείας</span> <span class='ocrx_word' id='word_1_790' title='bbox 2341 5255 2422 5316; x_wconf 81' lang='grc' dir='ltr'><strong>είς</strong></span> <span class='ocrx_word' id='word_1_791' title='bbox 2443 5254 2654 5305; x_wconf 75' lang='grc' dir='ltr'>ἐκεῖνον</span> <span class='ocrx_word' id='word_1_792' title='bbox 2681 5251 2905 5304; x_wconf 79' lang='grc' dir='ltr'>τοιαῦτα</span> <span class='ocrx_word' id='word_1_793' title='bbox 2947 5247 3357 5310; x_wconf 78' lang='grc' dir='ltr'>συνεϐούλευον,</span> <span class='ocrx_word' id='word_1_794' title='bbox 3402 5245 3724 5324; x_wconf 53' lang='grc' dir='ltr'>ἡγούμενοι</span> 
     </span>
    </p>
   </div>
   <div class='ocr_carea' id='block_1_116' title="bbox 2125 5336 3727 5410">
    <p class='ocr_par' dir='ltr' id='par_1_116' title="bbox 2125 5336 3727 5410">
     <span class='ocr_line' id='line_1_116' title="bbox 2125 5336 3727 5410; baseline -0.009 -10"><span class='ocrx_word' id='word_1_795' title='bbox 2125 5346 2226 5400; x_wconf 83' lang='grc' dir='ltr'>οὐκ</span> <span class='ocrx_word' id='word_1_796' title='bbox 2246 5342 2498 5409; x_wconf 77' lang='grc' dir='ltr'>ἀνεκτὸν,</span> <span class='ocrx_word' id='word_1_797' title='bbox 2537 5341 2590 5393; x_wconf 80' lang='grc' dir='ltr'><strong>εἰ</strong></span> <span class='ocrx_word' id='word_1_798' title='bbox 2607 5339 2681 5410; x_wconf 73' lang='grc' dir='ltr'><strong>μὴ</strong></span> <span class='ocrx_word' id='word_1_799' title='bbox 2711 5339 2846 5410; x_wconf 79' lang='grc' dir='ltr'>πρὸς</span> <span class='ocrx_word' id='word_1_800' title='bbox 2871 5340 2992 5401; x_wconf 75' lang='grc' dir='ltr'>ταῖς</span> <span class='ocrx_word' id='word_1_801' title='bbox 3043 5336 3234 5399; x_wconf 79' lang='grc' dir='ltr'>ἄλλαις</span> <span class='ocrx_word' id='word_1_802' title='bbox 3294 5336 3727 5407; x_wconf 77' lang='grc' dir='ltr'>κακοπραγίαις</span> 
     </span>
    </p>
   </div>
   <div class='ocr_carea' id='block_1_117' title="bbox 2127 5428 3730 5503">
    <p class='ocr_par' dir='ltr' id='par_1_117' title="bbox 2127 5428 3730 5503">
     <span class='ocr_line' id='line_1_117' title="bbox 2127 5428 3730 5503; baseline -0.006 -13"><span class='ocrx_word' id='word_1_803' title='bbox 2127 5435 2223 5490; x_wconf 76' lang='grc' dir='ltr'><strong>καὶ</strong></span> <span class='ocrx_word' id='word_1_804' title='bbox 2247 5435 2308 5488; x_wconf 85' lang='grc' dir='ltr'><strong>τδ</strong></span> <span class='ocrx_word' id='word_1_805' title='bbox 2349 5433 2568 5503; x_wconf 83' lang='grc' dir='ltr'>βλέπειν</span> <span class='ocrx_word' id='word_1_806' title='bbox 2593 5432 2904 5503; x_wconf 74' lang='grc' dir='ltr'>ἀφαιροῖτο,</span> <span class='ocrx_word' id='word_1_807' title='bbox 2937 5429 3013 5493; x_wconf 83' lang='grc' dir='ltr'>ὡς</span> <span class='ocrx_word' id='word_1_808' title='bbox 3049 5428 3167 5501; x_wconf 75' lang='grc' dir='ltr'><strong>ἅμα</strong></span> <span class='ocrx_word' id='word_1_809' title='bbox 3187 5446 3245 5482; x_wconf 92' lang='grc' dir='ltr'>τε</span> <span class='ocrx_word' id='word_1_810' title='bbox 3277 5429 3470 5484; x_wconf 63' lang='grc' dir='ltr'>ἐλπίδα</span> <span class='ocrx_word' id='word_1_811' title='bbox 3492 5429 3730 5500; x_wconf 68' lang='grc' dir='ltr'>εὐπρα-</span> 
     </span>
    </p>
   </div>
   <div class='ocr_carea' id='block_1_118' title="bbox 2127 5522 3733 5595">
    <p class='ocr_par' dir='ltr' id='par_1_118' title="bbox 2127 5522 3733 5595">
     <span class='ocr_line' id='line_1_118' title="bbox 2127 5522 3733 5595; baseline -0.002 -18"><span class='ocrx_word' id='word_1_812' title='bbox 2127 5527 2256 5595; x_wconf 79' lang='grc' dir='ltr'>γίας</span> <span class='ocrx_word' id='word_1_813' title='bbox 2292 5524 2568 5595; x_wconf 81' lang='grc' dir='ltr'><strong>μηδεμίαν</strong></span> <span class='ocrx_word' id='word_1_814' title='bbox 2602 5523 2750 5594; x_wconf 73' lang='grc' dir='ltr'><strong>ἔχοι,⁴</strong></span> <span class='ocrx_word' id='word_1_815' title='bbox 2775 5525 2870 5578; x_wconf 78' lang='grc' dir='ltr'><strong>καὶ</strong></span> <span class='ocrx_word' id='word_1_816' title='bbox 2907 5522 3110 5592; x_wconf 78' lang='grc' dir='ltr'>πολλὴν</span> <span class='ocrx_word' id='word_1_817' title='bbox 3145 5522 3251 5594; x_wconf 74' lang='grc' dir='ltr'>τὴν.</span> <span class='ocrx_word' id='word_1_818' title='bbox 3287 5525 3353 5578; x_wconf 78' lang='grc' dir='ltr'><strong>ἐκ</strong></span> <span class='ocrx_word' id='word_1_819' title='bbox 3400 5522 3509 5576; x_wconf 85' lang='grc' dir='ltr'>τῶν</span> <span class='ocrx_word' id='word_1_820' title='bbox 3550 5540 3733 5592; x_wconf 77' lang='grc' dir='ltr'>περι-</span> 
     </span>
    </p>
   </div>
   <div class='ocr_carea' id='block_1_119' title="bbox 2129 5616 3732 5689">
    <p class='ocr_par' dir='ltr' id='par_1_119' title="bbox 2129 5616 3732 5689">
     <span class='ocr_line' id='line_1_119' title="bbox 2129 5616 3732 5689; baseline -0.003 -17"><span class='ocrx_word' id='word_1_821' title='bbox 2129 5618 2368 5689; x_wconf 82' lang='grc' dir='ltr'>σχόντων</span> <span class='ocrx_word' id='word_1_822' title='bbox 2385 5616 2674 5688; x_wconf 72' lang='grc' dir='ltr'>δυσχερῶν</span> <span class='ocrx_word' id='word_1_823' title='bbox 2692 5616 2852 5673; x_wconf 71' lang='grc' dir='ltr'>ἀνίαν</span> <span class='ocrx_word' id='word_1_824' title='bbox 2882 5617 3145 5687; x_wconf 80' lang='grc' dir='ltr'>ὑπομένοι</span> <span class='ocrx_word' id='word_1_825' title='bbox 3168 5633 3183 5648; x_wconf 89' lang='grc'>·</span> <span class='ocrx_word' id='word_1_826' title='bbox 3209 5618 3260 5670; x_wconf 75' lang='grc' dir='ltr'><strong>οἱ</strong></span> <span class='ocrx_word' id='word_1_827' title='bbox 3288 5617 3335 5671; x_wconf 82' lang='grc' dir='ltr'>δ’</span> <span class='ocrx_word' id='word_1_828' title='bbox 3357 5616 3512 5670; x_wconf 68' lang='grc' dir='ltr'>οὐδὲν</span> <span class='ocrx_word' id='word_1_829' title='bbox 3535 5617 3732 5669; x_wconf 59' lang='lat' dir='ltr'><strong>eam?»</strong></span> 
     </span>
    </p>
   </div>
   <div class='ocr_carea' id='block_1_120' title="bbox 2126 5708 3730 5786">
    <p class='ocr_par' dir='ltr' id='par_1_120' title="bbox 2126 5708 3730 5786">
     <span class='ocr_line' id='line_1_120' title="bbox 2126 5708 3730 5786; baseline -0.004 -20"><span class='ocrx_word' id='word_1_830' title='bbox 2126 5729 2221 5766; x_wconf 79' lang='grc' dir='ltr'><strong>⁴ιιον</strong></span> <span class='ocrx_word' id='word_1_831' title='bbox 2255 5710 2519 5765; x_wconf 68' lang='grc' dir='ltr'>ἔνενὸουν·</span> <span class='ocrx_word' id='word_1_832' title='bbox 2543 5708 2662 5764; x_wconf 54' lang='grc' dir='ltr'>ἀλλ’</span> <span class='ocrx_word' id='word_1_833' title='bbox 2702 5709 2891 5772; x_wconf 73' lang='grc' dir='ltr'>ἁπλῶς</span> <span class='ocrx_word' id='word_1_834' title='bbox 2939 5710 3082 5786; x_wconf 56' lang='grc' dir='ltr'><strong>(ἤτω</strong></span> <span class='ocrx_word' id='word_1_835' title='bbox 3117 5712 3252 5776; x_wconf 71' lang='grc' dir='ltr'><strong>τοϊς¹</strong></span> <span class='ocrx_word' id='word_1_836' title='bbox 3273 5710 3464 5776; x_wconf 71' lang='grc' dir='ltr'>ἄλλοις</span> <span class='ocrx_word' id='word_1_837' title='bbox 3491 5723 3730 5777; x_wconf 70' lang='grc' dir='ltr'>συμφε-</span> 
     </span>
    </p>
   </div>
   <div class='ocr_carea' id='block_1_121' title="bbox 2134 5801 3731 5877">
    <p class='ocr_par' dir='ltr' id='par_1_121' title="bbox 2134 5801 3731 5877">
     <span class='ocr_line' id='line_1_121' title="bbox 2134 5801 3731 5877; baseline -0.004 -19"><span class='ocrx_word' id='word_1_838' title='bbox 2134 5805 2374 5877; x_wconf 84' lang='grc' dir='ltr'>ρόμενοι,</span> <span class='ocrx_word' id='word_1_839' title='bbox 2404 5802 2666 5874; x_wconf 71' lang='grc' dir='ltr'>ἠφείδουν</span> <span class='ocrx_word' id='word_1_840' title='bbox 2691 5805 2783 5860; x_wconf 71' lang='grc' dir='ltr'><strong>καὶ</strong></span> <span class='ocrx_word' id='word_1_841' title='bbox 2814 5803 2924 5864; x_wconf 69' lang='grc' dir='ltr'><strong>τῶν</strong></span> <span class='ocrx_word' id='word_1_842' title='bbox 2953 5803 3424 5872; x_wconf 66' lang='grc' dir='ltr'>ἀναγκαιοτάτων,</span> <span class='ocrx_word' id='word_1_843' title='bbox 3481 5803 3580 5856; x_wconf 76' lang='grc' dir='ltr'><strong>καὶ</strong></span> <span class='ocrx_word' id='word_1_844' title='bbox 3613 5801 3731 5855; x_wconf 65' lang='grc' dir='ltr'><strong>τῦ-</strong></span> 
     </span>
    </p>
   </div>
  </div>
