3964 6210
484 297 592 361 343
1684 304 2011 368 JOANNIS
2049 308 2579 376 CANTACUZENI
3641 324 3745 392 3ι4

500 416 769 489 χρῆσθαι,
812 417 907 472 καὶ
941 416 1138 488 μικρῖιν
1203 415 1427 488 ὕστερον
1456 417 1717 473 ἀπολύειν
1774 420 1884 475 τῶν
1913 423 2151 493 δεσμῶν.
2201 426 2418 497 ’Λφῆκα
2440 430 2484 483 δ’
2522 431 2590 484 ἂν
2616 433 2712 488 καὶ
2738 432 2854 498 νῦν,
2906 435 2955 489 εί
3003 435 3078 509 μή
3122 435 3223 507 τήν
3266 438 3360 492 in}.
3404 438 3464 493 τὸ
3508 442 3742 513 χρῆσθαι

480 512 596 574 τοῖς
631 513 955 582 πράγμασιν
999 510 1428 579 ἀπερισκέπτως
1475 512 1628 583 παρά
1682 513 1794 568 τῶν
1852 516 2066 569 πολλῶν
2107 518 2436 576 ὑπώπτευον
2503 527 2748 596 γραφήν.
2786 527 3001 598 Μικρὸν
3061 530 3119 583 δὲ
3152 531 3377 600 ὕστερον
3404 530 3479 596 ὡς
3510 510 3575 587 ἂν
3602 510 3741 605 μετ’

482 603 770 668 εὐϐουλίας
800 605 895 657 καὶ
929 603 1212 673 φροντίδος
1238 604 1385 657 δοκῶ
1450 606 1552 676 μὲν
1588 608 1769 661 πάντα
1832 608 2347 684 πράττειν,¹ἀνήσω
2371 616 2480 670 τῶν
2508 618 2745 688 δεσμῶν.
2780 614 3017 674 Τοιαῦτα
3046 622 3147 692 μὲν
3182 623 3548 690 Παλαιολόγος
3591 603 3744 697 ὁ-βα·

483 694 665 758 σιλεὺς
691 696 826 766 πρὸς
858 695 1085 765 βασιλέα
1112 695 1206 749 τὸν
1234 696 1504 768 κηδεστὴν
1562 697 1935 769 ἐπηγγείλατο
1962 703 2054 755 ἐπὶ
2092 704 2152 756 τὸ
2179 704 2443 761 ἀπολύειν
2478 710 2571 764 τὸν
2605 712 2744 768 υίὸν.

1890 794 2115 853 CAPUT
2154 798 2339 856 XLVI.

474 879 885 960 Cautzrcuzenus
912 881 975 960 de
1003 880 1115 960 ﬁlio
1167 898 1272 936 non
1330 884 1608 960 exoculalo
1638 888 1840 960 gratias
1900 891 2032 958 agit.
2072 890 2287 956 Quanta
2338 897 2393 948 in
2450 896 2810 955 sollicitudine
2864 919 2928 956 ac
2976 919 3199 957 maerore
3255 904 3529 957 amborum
3583 921 3738 960 causa

548 945 1315 1045 {tentiafisltﬁtd‘it'.‘9uautum
1354 956 1557 1009 sibimet
1593 945 1905 1027 profuturus
1931 945 2021 1025 iu,
2076 945 2123 1015 ’ἕξ
2178 945 2408 1019 vinetum
2468 945 2926 1026 dimiseriti'Tol'av
2967 945 3295 1043 ﬁiXéVérauo
3328 990 3386 1027 eo
3411 945 3645 1045 spectat:
3686 984 3736 1029 ιιι

550 1020 789 1071 custodia
829 1019 1111 1075 Matthazus
1142 1023 1398 1077 solvatur.

545 1112 968 1167 Cantacuzeuus
998 1113 1085 1168 his
1123 1116 1410 1185 promissis
1441 1118 1784 1182 latissimus,
1809 1118 2051 1174 Primum

2238 1126 2700 1198 Καντακουξηνὸς
2742 1130 2798 1184 δὲ
2841 1131 2869 1183 ὁ
2916 1130 3194 1200 βασιλεὺς,
3241 1134 3436 1204 ἥδιστα
3467 1135 3739 1199 διατεθεὶς

476 1204 700 1268 quidem
741 1205 966 1276 (inquit
1000 1208 1064 1261 ad
1106 1213 1417 1281 generum)
1461 1214 1673 1283 amplas
1732 1214 1829 1269 tibi
1862 1216 2064 1285 gratias

477 1312 599 1367 ago,
634 1296 793 1366 .quod
839 1314 1156 1368 quanquam
1212 1304 1402 1359 multis
1464 1307 1829 1363 suadentibus
1871 1319 1927 1363 ct
1964 1309 2065 1363 im-

426 1390 431 1465 _‘
479 1390 838 1458 pellentibus,
884 1402 943 1445 ut
982 1392 1155 1447 ﬁlium
1188 1409 1372 1449 meum
1407 1400 1584 1452 oculis
1624 1401 1873 1465 orbares,
1905 1409 1962 1455 et
2005 1401 2061 1455 in

479 1481 533 1535 id
580 1484 923 1551 argumentis
959 1485 1026 1539 ad
1066 1489 1514 1555 persuadendum
1551 1494 1724 1548 lirmis
1754 1495 2060 1559 utentibus,

474 1574 640 1643 895
670 1582 723 1627 tu
757 1576 1025 1644 sapientia
1068 1589 1124 1632 et
1156 1579 1402 1636 bonitate
1456 1592 1545 1637 tua
1580 1585 1728 1639 velut
1761 1601 1862 1655 pro
1883 1588 2062 1641 amico

476 1664 734 1731 plurimis
765 1669 884 1735 ejus
919 1667 1254 1724 adversariis
1294 1682 1346 1725 te
1389 1687 1699 1742 opponens,
1732 1677 1943 1731 salvum
1976 1679 2061 1733 in-

477 1757 862 1829 columemque
909 1763 1275 1817 conservaris.
1310 1765 1517 1820 Deinde
1554 1778 1608 1821 et
1642 1769 1787 1824 Deus
1822 1770 1890 1825 de
1919 1772 2061 1827 casio

477 1846 548 1900 ob
584 1847 725 1902 hanc
758 1851 1068 1919 aequitatem
1113 1862 1169 1907 et
1225 1859 1708 1913 mansuetudinem
1742 1876 1844 1931 pro
1893 1877 1961 1918 eo
1997 1879 2062 1918 ac

480 1941 712 1995 mereris
758 1952 808 1995 te
861 1945 1331 2011 remunerabitur,
1377 1958 1434 2003 et
1481 1951 1616 2003 mihi
1667 1952 1791 2007 imis
1841 1968 2061 2023 semper

477 2033 732 2087 medullis
787 2036 1012 2089 infixum
1063 2037 1172 2091 erit
1220 2038 1325 2093 hoc
1376 2039 1726 2096 beneﬁcium.
1789 2044 2059 2113 Equidem

476 2124 621 2178 bello
663 2126 806 2179 inter
838 2143 935 2181 vos
983 2128 1251 2197 gliscente
1287 2131 1472 2185 multis
1508 2134 1756 2201 jactabar
1791 2136 2052 2191 sollicitu-

474 2215 700 2270 dinibus
744 2218 1016 2286 quotidie,
1067 2228 1123 2274 et
1163 2221 1216 2275 in
1256 2221 1607 2279 incommoda
1640 2228 1903 2296 fquaadam
1940 2246 2062 2299 gra-

471 2309 699 2363 vissima
758 2312 1076 2366 necessario
1141 2313 1548 2372 devolvendum
1614 2334 1700 2373 me
1771 2321 2056 2377 timebam.

475 2401 610 2457 Nam
642 2405 693 2457 in
724 2406 937 2459 caeteris
965 2406 1224 2461 omnibus
1258 2409 1626 2487 utriscunque
1667 2412 1813 2466 inter
1854 2428 1913 2468 se
1960 2429 2061 2483 pu-

477 2498 763 2565 gnantium
826 2499 1130 2563 adhmreas,
1181 2511 1275 2554 aut
1321 2503 1585 2571 gratulari
1631 2503 1839 2583 datur,
1868 2506 1910 2560 si
1978 2506 2059 2560 vi-

478 2587 696 2653 cerint,
746 2599 842 2642 aut
889 2589 1180 2645 infortunii
1234 2607 1356 2647 esse
1414 2596 1758 2663 participem,
1823 2598 1866 2652 si
1927 2598 2056 2654 victi

478 2678 701 2733 fuerint.
739 2682 809 2734 At
839 2696 970 2734 vero
1003 2683 1164 2754 patri,
1199 2683 1326 2737 filiis
1360 2684 1506 2739 inter
1531 2701 1589 2740 se
1617 2687 2054 2754 decertantihus,

474 2770 698 2824 unicum
742 2772 873 2826 illud
934 2775 1190 2828 solatium
1245 2776 1607 2845 relinquitur,
1660 2778 1704 2833 si
1749 2782 1916 2834 armis
1965 2782 2059 2836 ab-

468 2863 654 2931 jectis,
689 2865 754 2917 ad
783 2880 971 2934 pacem
1008 2882 1067 2921 se.
1099 2867 1252 2931 dent,
1284 2878 1340 2922 et
1367 2870 1507 2923 alter
1536 2870 1695 2926 alteri
1726 2873 1864 2927 bene
1901 2876 2058 2929 velit.

473 2954 571 3007 Sin
620 2971 717 3011 eos
765 2958 948 3013 redire
985 2975 1173 3013 secum
1209 2961 1263 3015 iu
1298 2962 1529 3029 gratiam
1576 2965 1716 3020 nolle
1757 2966 1958 3029 videat.
2000 2978 2055 3022 et

472 3049 620 3104 ferro
672 3054 863 3121 inagis,
910 3070 1077 3124 quam
1128 3056 1315 3110 verbis
1370 3058 1561 3111 conari
1621 3058 1781 3114 linire
1829 3073 2051 3115 contro-

471 3145 703 3207 versias,
770 3145 908 3200 nihil
953 3156 1036 3201 est
1085 3149 1234 3217 quod
1287 3148 1531 3203 dolorem
1583 3161 1637 3204 et
1685 3151 2052 3208 calamitatem

470 3236 591 3304 ejus
617 3236 869 3307 mitigare
929 3253 993 3292 ac
1036 3239 1220 3294 levare
1261 3251 1447 3310 queat.
1484 3242 1698 3297 Utervis
1733 3244 1879 3297 enim
1918 3244 2055 3299 lilio-

472 3344 593 3381 rmn
629 3330 847 3395 vicerit,
900 3346 1007 3384 non
1064 3340 1275 3385 tantum
1325 3333 1617 3395 recreabit,
1661 3336 1751 3403 qui
1803 3347 2054 3391 servatus

472 3421 662 3484 fuerit,
693 3432 961 3490 quantum
1015 3424 1309 3486 crueiabit,
1351 3424 1445 3493 qui
1502 3425 1725 3480 fratrem
1765 3428 2048 3497 jugularit.

468 3512 625 3577 Quod
653 3514 696 3567 si
728 3513 1022 3584 contigerit
1054 3515 1218 3570 etiam
1259 3516 1451 3570 ambos
1489 3518 1693 3572 mutuis
1727 3520 2052 3576 vulneribus

454 3621 730 3680 eppetere
806 3610 989 3683 (quod
1066 3621 1121 3667 et
1181 3613 1309 3667 olim
1376 3613 1707 3682 quibusdam
1777 3616 2047 3672 accidisse

465 3703 723 3773 legimus)
753 3704 899 3775 (55),
932 3716 1045 3760 tum
1072 3722 1202 3761 vero
1234 3715 1418 3761 tantus
1444 3706 1695 3760 hauritur
1722 3724 1949 3773 mceror,
1995 3720 2051 3765 et

2170 1217 2308 1285 πρὸς
2338 1218 2439 1281 τὰς
2470 1221 2826 1288 ἐπαγγελίας,
2872 1222 3071 1291 Πρῶτα
3104 1223 3224 1293 μὲν,
3267 1219 3386 1276 εῖτιε
3419 1226 3557 1295 πρὸς
3587 1226 3743 1295 βασι-

2167 1305 2263 1359 λέα
2292 1307 2384 1360 τὸν
2401 1309 2673 1379 γαμϐρὸν,
2695 1312 2897 1375 πολλὰς
2924 1314 3088 1377 αὑτός
3117 1330 3197 1367 σοι
3224 1316 3457 1384 χάριτας
3475 1318 3741 1387 ὁμολογῶ,

2166 1396 2249 1451 ὅτι
2301 1400 2479 1452 καίτοι
2516 1401 2730 1455 πολλῶν
2770 1402 3161 1474 ἐπικειμένων,
3202 1408 3297 1460 καὶ
3330 1409 3745 1478 παραινούντων

2166 1487 2570 1556 ἐκτυφλὼττειν
2615 1476 2706 1543 τὸν
2739 1493 2874 1559 υἱὸν,
2925 1495 3018 1548 καὶ
3068 1495 3275 1566 πολλήν
3319 1514 3443 1551 τινα
3485 1499 3746 1570 ἐχούσαις

2164 1577 2264 1648 τὴν
2295 1578 2469 1631 πειθὼ
2518 1581 2824 1651 χρωμένων
2869 1585 3237 1651 ἀποδείξεσιν,
3288 1581 3374 1649 αῖς
3417 1590 3513 1640 καὶ
3563 1588 3744 1641 πάντα

2164 1668 2408 1746 ὁντινοῦν
2440 1669 2507 1725 ἂν
2537 1671 2761 1727 ἔπεισαν
2787 1678 2909 1739 ταῖς
2945 1679 3339 1747 παραινέσεσιν
3371 1678 3551 1733 αὐτῶν
3576 1697 3747 1750 προσ-

2164 1762 2333 1834 ἐχειν,
2384 1764 2549 1828 αύτδς
2600 1766 2880 1839 ἐπιεικείᾳ
2928 1770 3097 1841 πολλῇ
3144 1772 3493 1841 χρησάμενος
3522 1774 3617 1826 καὶ
3649 1774 3745 1826 εύ-

2164 1855 2356 1929 6ουλίᾳ
2405 1858 2501 1911 καὶ
2549 1858 2789 1924 συνέσει,
2861 1860 3001 1915 σῶον
3043 1863 3387 1933 διετήρησας,
3439 1866 3628 1934 ὥσπερ
3676 1866 3743 1919 ἂν

2166 1948 2307 2018 ὑπὲρ
2332 1948 2487 2018 φίλου
2522 1950 2660 2021 πρὸς
2693 1951 2983 2016 πλείστους
3011 1955 3137 2017 τοὺς
3174 1956 3742 2025 ἀντικαθισταμένους

2163 2042 2579 2113 ἀγωνισάμενος
2638 2044 2779 2114 ὑπὲρ
2833 2045 3081 2098 ικείνουο
3134 2046 3327 2100 ἔπειτα
3382 2046 3440 2100 δὲ
3501 2051 3595 2103 καὶ
3642 2050 3740 2117 τῆς

2162 2136 2467 2199 ἐπιεικείας
2494 2135 2715 2207 ταύτης,
2746 2138 2840 2190 καὶ
2868 2139 2966 2208 τῆς
2993 2140 3330 2211 ἡμερότητος
3353 2140 3485 2204 Θεὸς
3514 2158 3573 2193 τε
3604 2141 3737 2194 dum.

2162 2226 2255 2279 θεν
2288 2228 2586 2297 ἀμείψεται
2636 2230 2818 2296 ἀξίαις
2864 2230 3113 2301 δωρεαῖς,
3164 2232 3258 2285 καὶ
3299 2233 3429 2302 παρ’
3471 2234 3597 2302 ἐμοὶ
3638 2233 3729 2302 τήν

2162 2321 2324 2391 χάριν
2357 2307 2897 2392 ἓξεις’ἀνάγραπτον
2946 2323 3001 2385 ἐς
3045 2323 3151 2379 ἀεί.
3202 2323 3343 2391 Ἐγὼ
3378 2324 3435 2377 δὲ
3474 2326 3737 2394 πρότερον

2166 2411 2269 2481 μὲν
2299 2400 2464 2481 ήνίκα
2498 2412 2628 2481 ὑμῖν
2654 2414 2683 2466 ὁ
2713 2413 2851 2482 πρὸς
2882 2413 3147 2483 ἀλλήλους
3180 2415 3415 2483 πόλεμος
3444 2415 3739 2484 ἀνήπτιτο,

2168 2503 2391 2565 πολλαῖς
2413 2504 2722 2574 ἐϐαλλόμην
2748 2506 3019 2575 ὁσημέραι
3047 2510 3168 2569 ταῖς
3204 2507 3471 2577 φροντίσι,
3502 2508 3596 2560 καὶ
3628 2507 3741 2559 δει-

2168 2600 2277 2660 νοῖς
2344 2614 2486 2650 τισιν
2546 2597 2870 2667 ἀνηκέστοις
2941 2598 3263 2653 ὑπώπτευον
3323 2599 3743 2669 περιπεσεῖσθαι

2166 2688 2485 2755 ἀναγκαίως
2508 2703 2523 2719 ο
2551 2688 2645 2740 ἐπὶ
2674 2690 2782 2759 γὰρ
2809 2690 2919 2744 τῶν
2947 2690 3122 2744 ἄλλων
3148 2690 3427 2755 ἀπάντων,
3457 2690 3743 2760 ὁποτέροις

2164 2774 2231 2827 ἂν
2260 2762 2604 2844 πρόσθώνται
2630 2776 2739 2828 τῶν
2787 2777 2925 2847 πρὸς
2966 2779 3233 2851 ἀλλήλους
3269 2781 3668 2851 πολεμούντων,
3703 2781 3737 2852 ἢ

2166 2865 2491 2934 συνήδεσθαι
2539 2866 2863 2935 συμϐαίνει.
2915 2868 2981 2922 ἂν
3028 2871 3281 2934 νικῶσιν,
3327 2871 3360 2942 ἦ
3405 2870 3740 2933 τούναντίον,

2165 2961 2534 3030 συμμετέχειν
2577 2960 2675 3026 τῆς
2707 2964 3111 3032 κακοπραγίας,
3155 2958 3222 3015 ἂν
3272 2963 3546 3033 ἡττῶνται
3576 2979 3589 2995 ⁶
3630 2980 3741 3015 πα-

2161 3055 2250 3123 τρὶ
2272 3053 2351 3117 δὲ,
2383 3044 2765 3123 πολεμούντων
2811 3054 2947 3124 πρὸς
2992 3054 3259 3125 ἀλλήλους
3293 3054 3403 3106 τῶν
3440 3054 3592 3120 υἱῶν,
3639 3054 3742 3124 μία

2166 3144 2303 3213 μόνη
2350 3145 2699 3215 παραμυθία,
2743 3146 2801 3199 τὸ
2847 3144 3284 3237 καταλύσαντας,
3329 3147 3599 3211 λείπεται,
3643 3146 3740 3199 τὸν

2163 3237 2422 3305 πόλεμον,
2467 3239 2695 3309 εἰρήνην
2737 3238 2913 3308 ἄγειν,
2952 3241 3047 3293 καὶ
3096 3241 3349 3311 ἀλλήλοις
3379 3241 3603 3292 εὐνοεῖν.
3637 3239 3741 3290 Ἀν

2159 3328 2204 3380 δ’
2239 3328 2567 3398 ἀσυμϐάτως
2612 3329 2835 3401 ἔχοντας
2878 3332 3047 3405 ὁρώῃ,
3107 3334 3202 3388 καὶ
3245 3333 3422 3402 ξίφεσι
3469 3331 3669 3401 μᾶλλον
3704 3330 3737 3400 ἢ

2160 3422 2338 3491 λόγοις
2384 3423 2760 3493 πειρωμένους
2814 3424 3053 3478 διαλύειν
3102 3426 3202 3487 τὰς
3249 3423 3533 3491 διαφορὰς,
3583 3421 3733 3475 οὐδέν

2161 3517 2276 3569 ἐστι
2299 3517 2326 3570 ὃ
2355 3516 2452 3586 τὴν
2486 3516 2663 3588 λύπην
2690 3517 2929 3573 διαλύειν
2957 3518 3161 3573 δύναιτ’
3190 3518 3256 3573 ἂν
3289 3520 3484 3588 ἐκείνῳ
3514 3510 3608 3569 καὶ
3640 3515 3735 3586 τὴν

2162 3610 2475 3679 συμφοράν.
2524 3610 2817 3680 Ὀπὸτερος
2862 3610 2971 3683 γὰρ
3018 3610 3084 3664 ἂν
3132 3610 3304 3682 νικῴη
3340 3610 3449 3663 τῶν
3490 3610 3645 3670 υἱῶν,
3672 3608 3739 3659 ού

2158 3701 2416 3755 τοσοῦτον
2464 3702 2731 3773 εὐφρανεῖ
2780 3703 3144 3773 περισωθεὶς,
3197 3705 3321 3757 ὅσον
3374 3703 3587 3755 ἀνιάσει
3640 3699 3741 3752 τὶν

466 3786 619 3849 tanta
673 3808 881 3866 patrem
934 3797 1119 3851 obruit
1164 3799 1467 3861 calamitas,
1535 3808 1592 3852 ut
1641 3798 1707 3851 ad
1763 3799 2047 3855 immensic

2158 3794 2383 3863 ἀδελφὸν
2413 3794 2749 3857 ἀπεκτονώς.
2780 3796 2878 3848 Ἂν
2906 3796 2963 3849 δέ
2997 3813 3125 3849 ποτε
3166 3786 3406 3865 συμϐαίη
3435 3794 3525 3847 καὶ
3548 3796 3740 3862 ἀμφο-

465 3896 630 3942 tatem
660 3889 780 3957 ejus
816 3888 1079 3943 accedere
1106 3889 1243 3942 nihil
1284 3890 1477 3958 possit.
1508 3890 1640 3953 Quae
1670 3890 1884 3961 singula
1916 3891 2045 3946 dum

463 3984 893 4051 contemplarer,
956 3980 1166 4036 turbari
1208 3982 1425 4036 animus
1485 3998 1641 4037 meus
1709 3989 1764 4036 et
1825 3985 2047 4039 tristitia

461 4073 706 4130 sulfundi
747 4074 913 4144 coepit
937 4090 952 4139 ;
980 4089 1043 4130 ac
1077 4075 1227 4129 velut
1250 4075 1498 4145 jacentes
1528 4085 1583 4129 et
1634 4077 2047 4148 exanimcsjam

464 4167 608 4221 ﬁlios
661 4166 874 4231 ambos,
931 4174 1048 4231 aut,
1102 4166 1253 4236 quod
1315 4168 1498 4221 minus
1551 4168 1776 4223 crudele
1826 4178 1931 4233 est,
1966 4172 2048 4225 al-

385 4308 393 4314 .
462 4270 643 4315 terum
672 4270 844 4323 certe,
881 4260 1046 4313 etiam
1085 4268 1379 4330 antequam
1412 4261 1477 4313 ad
1516 4278 1712 4316 manus
1741 4263 2045 4327 veniretur,

461 4351 752 4407 deﬂebam.
788 4352 899 4406 Hoc
925 4355 1071 4407 enim
1124 4352 1351 4406 credere
1390 4369 1475 4407 me
1509 4354 1758 4424 cogehat,
1800 4355 1946 4425 quod
1979 4355 2047 4410 de

462 4462 596 4516 pace
650 4447 793 4500 inter
843 4461 937 4501 vos
988 4445 1307 4515 neutiquam
1358 4447 1653 4500 convenire
1699 4462 1860 4516 posse
1921 4462 2047 4501 cer-

461 4538 705 4602 nebam;
755 4546 809 4591 et
857 4536 1003 4607 quod
1047 4536 1326 4591 obstinate
1368 4537 1447 4590 ira
1496 4546 1688 4591 mutua
1731 4537 2044 4604 ferveretis,

460 4630 789 4700 velletisque
835 4630 985 4683 ferro
1035 4630 1447 4684 contentionem
1510 4630 1579 4683 de
1628 4630 1860 4699 imperio
1907 4631 2046 4685 diri-

460 4735 635 4775 mere.
677 4720 835 4774 Nuuc
864 4719 994 4789 quia
1034 4720 1116 4774 sic
1160 4719 1270 4774 Deo
1295 4719 1496 4779 visum,
1539 4728 1593 4773 et
1634 4720 1784 4774 illum
1822 4720 2044 4790 quidem

460 4826 641 4883 pugna
670 4821 861 4867 contra
899 4810 1169 4867 Triballos
1202 4819 1444 4879 captum.
1471 4820 1635 4880 atque
1666 4826 1695 4865 a
1742 4811 2047 4867 victoribus

460 4904 559 4958 tibi
610 4902 869 4957 traditum
919 4901 1152 4972 benigne
1210 4902 1631 4969 humaniterque
1692 4901 2042 4970 tractavisti,

459 5004 520 5050 et
566 4996 704 5050 nihil
742 5011 845 5066 pro
874 4995 1108 5064 pristino
1141 4996 1194 5049 iu
1232 4994 1383 5049 illum
1418 4994 1545 5047 odio
1571 4992 1769 5058 fecisti,
1803 4993 2042 5062 primum

459 5088 684 5157 quidem
730 5089 798 5143 de
845 5088 1133 5156 utriusque
1183 5088 1360 5142 salute
1402 5085 1633 5141 Numini
1674 5086 1881 5157 gratias
1916 5102 2040 5154 agn,

2154 3888 2349 3955 τέρους
2382 3885 2473 3938 ὑπ’
2506 3885 2753 3955 ἀλλήλων
2806 3889 2993 3939 πεσεῖν
3036 3889 3178 3940 κατᾶ
3206 3888 3306 3956 τήν
3342 3886 3539 3956 μάχην,
3569 3885 3600 3937 ὁ
3634 3888 3743 3938 καὶ

2153 3978 2420 4049 πρότερόν
2456 3979 2586 4031 ποτέ
2626 3996 2772 4031 τισιν
2821 3979 3095 4051 ἀκούομεν
3141 3979 3569 4050 συμὸεὸηκέναι.
3622 3978 3742 4030 οὔδ’

2152 4070 2394 4139 ἀθυμίας
2429 4070 2737 4142 ύπερὸολὴν
2781 4070 3041 4135 ἐλλείπει,
3089 4069 3210 4124 οὐδὲ
3260 4069 3545 4139 συμφορᾶς
3577 4068 3738 4121 οῦδε-

2154 4165 2305 4235 μιᾶς.
2342 4164 2409 4216 ’Δ
2439 4166 2614 4217 πάντα
2648 4181 2740 4233 μοι
2794 4166 3058 4235 πρότερον
3111 4162 3377 4217 ἐννοοῦντι
3423 4163 3514 4214 καὶ
3560 4160 3731 4229 αὐτῷ,

2154 4257 2417 4327 σύγχυσις
2446 4256 2594 4323 δεινὴ
2633 4258 2727 4310 καὶ
2764 4254 2973 4324 ἀθυμία
3021 4254 3117 4326 τήν
3148 4255 3323 4325 ψυχὴν
3359 4255 3604 4324 κατεῖχε,
3638 4252 3738 4305 καὶ

2152 4347 2342 4418 ὥσπερ
2385 4348 2675 4417 κειμένους
2728 4347 2997 4419 ἐθρήνουν
3046 4346 3170 4411 τοὺς
3223 4347 3414 4409 υἱοὺς,
3462 4350 3555 4401 καὶ
3600 4347 3739 4416 πρὶν

2153 4442 2332 4494 ἐλθεῖν
2367 4444 2447 4503 είς
2480 4443 2688 4513 χεῖρας,
2720 4441 2751 4512 ἦ
2794 4442 2855 4493 τό
2883 4458 2944 4508 γε
2983 4441 3370 4512 μετριώτερον,
3398 4440 3489 4493 τὸν
3517 4439 3733 4510 ἕτερον.

2152 4533 2309 4587 Οὕτω
2340 4536 2447 4605 γὰρ
2480 4534 2760 4603 ἠνάγκαζε
2792 4533 3004 4586 πείθειν
3034 4536 3093 4586 τό
3122 4551 3179 4586 τε
3214 4532 3550 4601 ἀσυμϐάτως
3581 4533 3737 4603 ἔχονι

2150 4642 2245 4687 τας
2269 4625 2401 4696 ὁρᾷν
2427 4627 2571 4696 ὑμᾶς
2607 4627 2742 4695 πρὶς
2788 4625 2889 4697 τὴν
2944 4627 3190 4699 εἰρήνην,
3232 4629 3323 4679 καὶ
3364 4626 3425 4679 τὸ
3471 4624 3731 4691 καθάπαξ

2148 4713 2286 4785 ὀργῇ
2310 4717 2444 4785 πρὸς
2479 4716 2741 4787 ἀλλήλους
2767 4717 3048 4786 φέρεσθαι,
3081 4718 3171 4770 καὶ
3203 4715 3489 4786 βούλεσθαι
3522 4720 3734 4789 σιδήρῳ

2148 4807 2246 4877 τὴν
2288 4807 2549 4877 περὶτῆς
2606 4808 2782 4877 ἀρχῆς
2832 4809 3164 4876 φιλονεικίαν
3201 4807 3458 4862 διαλύειν.
3499 4810 3642 4865 Νυνὶ
3686 4810 3735 4863 δ’

2148 4899 2292 4952 οὕτω
2323 4899 2608 4969 κρίναντος
2635 4900 2728 4953 τοῦ
2757 4899 2933 4963 Θείου,
2969 4900 3224 4953 κάκείνου
3264 4900 3362 4969 μὲν
3387 4903 3442 4954 ἐν
3483 4904 3555 4973 τῇ
3589 4902 3737 4972 πρὸς

2146 4992 2452 5061 Τρισαλοίις
2479 4992 2701 5055 ἁλόντος
2729 4992 2898 5063 μάχῃ,
2927 4992 3022 5045 καὶ
3049 4992 3482 5063 παραδεδομένου
3512 5011 3594 5047 σοι
3621 4995 3741 5048 ὑπὸ

2145 5085 2255 5136 τῶν
2286 5087 2703 5154 κρατησάντων,
2738 5085 2832 5137 σοῦ
2866 5085 2921 5137 δὲ
2962 5086 3183 5156 ἡμέρως
3222 5088 3576 5157 χρησαμένου
3626 5089 3739 5141 καὶ

459 5195 587 5234 eum
616 5196 705 5234 res
734 5190 951 5234 nostras
991 5180 1132 5234 adeo
1176 5179 1477 5233 clementer
1520 5178 1869 5247 temperavit,
1900 5177 2039 5231 mul-

2158 5177 2562 5248 φιλανθρώπως,
2605 5178 2699 5232 καὶ
2737 5179 2892 5232 οὐδὲν
2935 5182 3031 5249 τῆς
3067 5180 3195 5250 πρὶν
3224 5180 3488 5251 δοκούσης
3517 5181 3740 5251 δυσμε-

460 5280 683 5341 tamque
750 5270 1178 5326 sollicitudinem
1215 5279 1271 5325 et
1334 5285 1616 5339 angorem.
1660 5283 1821 5335 quem
1856 5268 1911 5321 in
1944 5284 2042 5337 pe-

459 5372 614 5418 ctore
645 5378 767 5417 meo
797 5378 923 5432 erga
965 5370 1259 5430 utrumque
1281 5360 1455 5430 pietas
1485 5359 1780 5426 excitabat,
1811 5361 2035 5414 exemit.

458 5454 668 5509 Deinde
712 5455 808 5508 tibi
864 5453 1223 5525 nihilominus
1252 5493 1266 5517 ,
1304 5453 1395 5522 qui
1440 5468 1563 5505 cum
1603 5466 1793 5520 posses
1824 5451 1878 5504 in
1910 5467 2035 5507 eum

461 5543 741 5613 puniendo
772 5544 941 5616 896
969 5558 1110 5615 aegre
1146 5542 1283 5597 mihi
1309 5541 1487 5597 facere
1506 5541 1768 5605 noluisti;
1810 5555 1910 5594 nec
1934 5540 2036 5595 hoc

2148 5270 2295 5329 νείας
2323 5269 2760 5339 ὲπιδεδειγμένου
2785 5269 2952 5335 ἄξιον,
2981 5272 3171 5338 πρῶτα
3195 5271 3292 5341 μὲν
3316 5272 3409 5339 τῆς
3441 5271 3737 5343 ἑκατέρων

2148 5361 2423 5431 σωτηρίας
2437 5379 2514 5431 τῳ
2531 5361 2818 5431 Κρείττο-ιι
2846 5360 3044 5423 πολλὰς
3070 5364 3166 5425 τὰς
3192 5362 3421 5432 χάριτας
3445 5364 3734 5431 ὁμολογῶ,

2144 5449 2287 5501 οὕτω
2318 5449 2386 5501 τὰ
2412 5450 2655 5519 ἡμέτερα
2697 5451 2995 5522 διῳκηκὸτι
3045 5451 3462 5522 φιλανθρώπως,
3496 5456 3593 5505 καὶ
3624 5454 3736 5523 τῆς

2146 5540 2347 5607 πολλῆς
2375 5540 2735 5610 ἀπήλλαγμαι
2775 5543 3054 5613 φροντίδος
3091 5543 3184 5595 καὶ
3238 5542 3474 5612 ἀθυμίας
3500 5542 3607 5613 τῆς
3635 5544 3738 5617 ἐφ’

1700 5633 1917 5694 Jacobi
1951 5634 2215 5695 Pontani
2251 5642 2435 5696 notas.

536 5736 646 5807 (45)
681 5735 948 5808 Polynici,
988 5737 1192 5794 Eteo‘cli
1223 5738 1489 5794 fratribus
1512 5741 1653 5809 apud
1686 5740 2022 5810 Euripidem,
2065 5748 2118 5794 et
2151 5740 2385 5796 Statium
2417 5744 2468 5795 iu
2502 5740 2803 5798 Thebaide.
