3964 6210
225 343 321 409 3ἇῦ

1367 344 1910 407 HISTORIARUM
1953 347 2186 407 LIBER
2230 349 2326 412 iV.

3348 350 3454 414 346

224 457 489 530 ἑκατέροις
517 456 579 510 ἐκ
604 455 712 508 τῶν
739 457 1020 526 λογισμῶν
1047 456 1410 527 ἐγγινομένης
1435 474 1451 488 '
1495 458 1688 514 ἔπειτα
1715 458 1772 511 δὲ

1882 456 2167 522 duntaxat,
2196 460 2294 514 sed
2326 469 2379 514 et
2407 459 2452 514 si
2498 459 2628 531 quid
2666 469 2833 516 restat
2866 461 3270 533 tristitite(non
3301 465 3453 518 enim

226 552 310 606 καὶ
361 550 441 603 eo).
490 548 643 603 οὐδὲν
689 541 874 620 ἦττον,
925 550 1004 602 ὅτι
1065 547 1360 620 δυνάμενος
1394 549 1587 604 λυπεῖν
1613 554 1670 600 ἐν
1701 550 1778 618 τῷ

222 647 411 698 ἐκεῖνον
442 640 822 712 τιμωρεῖσθαι,
858 644 957 696 οὐκ
987 643 1261 712 ἠθέλησας
1281 660 1296 674 ·
1327 645 1389 697 οὐ
1434 645 1539 712 μὴν
1573 642 1689 696 ἀλλ’
1729 644 1782 697 εί

223 754 268 790 τι
289 738 378 790 καὶ
402 734 501 805 τῆς
529 732 685 795 ἀνίας
711 733 1065 787 ὑπολέλειπτο
1107 733 1186 802 (οὐ
1216 734 1323 804 γὰρ
1360 730 1451 788 οὖν
1473 736 1780 804 ἀρνήσομαι

222 828 310 892 ὡς,
351 827 561 880 ἐκείνου
594 826 903 894 δεδεμένου,
933 826 1009 880 ,οὐ
1051 827 1192 878 δοκῶ
1235 826 1441 880 ἐλάττω
1490 827 1780 896 ὑπομένειν

224 921 303 975 διὰ
338 920 432 990 τὴν
466 919 821 990 συμπάθειαν
867 921 964 988 τὴν
1009 919 1148 989 πρὸς
1192 921 1455 983 ἐκεῖνον)ι
1496 920 1780 990 ἀνῄρηκας

221 1010 525 1064 παντάπασι
576 1009 1224 1078 νυνὶ,’ὲπαγγειλάμενος
1268 1010 1492 1078 ἀνήσειν
1539 1010 1645 1062 τών
1694 1010 1781 1062 δε-

222 1103 360 1172 σμῶν
394 1102 537 1172 μετά
577 1101 775 1171 μικρόν
804 1115 818 1130 ’
869 1101 897 1154 ὅ
948 1102 1127 1166 καλῶς
1154 1104 1402 1171 ποιήσεις
1458 1103 1658 1172 ἀληθὲς
1689 1102 1781 1155 ἐπὶ

220 1194 317 1247 τῶν
344 1192 524 1260 ἔργων
548 1193 834 1256 ἀποδείξας
859 1205 874 1221 ⁸
903 1194 960 1246 οὐ
994 1193 1102 1262 γὰρ
1137 1193 1272 1264 πρὸς
1313 1191 1557 1257 εὐδοξίαν
1595 1193 1775 1262 μόνον,

221 1285 342 1338 ἀλλά
380 1285 473 1337 καὶ
511 1283 646 1355 πρὸς
691 1283 990 1351 ἀσφάλειαν
1032 1285 1228 1354 ἄριστα
1273 1286 1455 1354 σαυτῷ
1488 1285 1772 1358 βουλεύσῃ.

225 1373 312 1426 ’Δν
341 1373 436 1442 μὲν
467 1373 578 1440 γὰρ
627 1372 715 1426 ste
755 1371 872 1443 βίου
925 1375 1175 1442 κατέχειν
1210 1375 1267 1426 ὲν
1311 1373 1530 1442 δεσμοῖς
1561 1373 1649 1424 τὸν
1680 1388 1776 1438 γυ-

221 1460 385 1524 ναικὸς
413 1458 651 1526 ἀδελφὺν
682 1459 964 1530 διανοήσῃ,
994 1460 1187 1528 ἄδηλον
1228 1459 1325 1528 μὲν
1365 1461 1413 1512 εί
1456 1461 1532 1529 μὴ
1560 1460 1780 1529 διαδρᾶ-

224 1571 297 1606 ναι
327 1551 575 1616 δυνηθεὶς
624 1551 783 1614 αὖθις
829 1551 1168 1623 πολεμήσει“
1219 1551 1538 1622 ἀδηλότερον
1587 1551 1642 1604 δὲ
1680 1553 1778 1620 οὐχ

224 1645 420 1713 ἣκιστα,
452 1646 505 1698 εί
535 1645 610 1714 μὴ
647 1645 738 1698 καὶ
761 1648 971 1714 νικήσει
997 1643 1419 1714 πεπολεμηκώς.
1452 1646 1643 1698 Πολλοὶ
1672 1645 1778 1712 γὰρ

228 1734 462 1797 πολλάκις
488 1736 556 1786 ἐκ
594 1732 842 1804 μεγάλης
871 1736 1041 1806 ἥττης
1079 1738 1175 1788 καὶ
1223 1737 1606 1804 κακοπραγίας
1650 1737 1777 1789 ἀνα-

233 1825 510 1893 σφήλαντες
543 1827 924 1896 περιεγένοντο
951 1827 1058 1879 τῶν
1088 1827 1384 1896 πολεμίων,
1417 1831 1481 1881 ὲκ
1505 1829 1610 1882 τών
1645 1845 1779 1898 προ-

236 1913 378 1982 τέρων
419 1914 796 1982 ἀτυχημάτων
837 1913 1229 1985 ἐμπειρότερον
1281 1918 1616 1986 χρησάμενοι
1663 1919 1776 1980 τοῖς

237 2006 552 2075 πράγμασιν.
597 2007 660 2058 Εἰ
701 2006 745 2059 δ’
777 2005 884 2075 ἄρα
921 2023 1001 2059 σοι
1034 2008 1128 2058 καὶ
1173 2006 1329 2060 τοῦτο
1378 2009 1682 2078 περιέσται,
1717 2009 1776 2061 τὸ

237 2099 378 2168 πολλῇ
407 2098 638 2169 προνοίᾳ
670 2099 998 2172 χρησαμένῳ
1029 2101 1156 2168 περὶ
1208 2100 1306 2167 τὴν
1355 2101 1563 2153 ἐκείνου
1609 2101 1776 2168 φυλα-

240 2191 346 2257 κὴν,
378 2191 630 2259 κατέχειν
683 2191 742 2242 ὲν
799 2188 1063 2258 ἀφύκτοις
1107 2191 1195 2244 διὰ
1245 2190 1384 2260 βίου,
1421 2193 1636 2259 πρῶτον
1677 2191 1778 2261 μὲν

251 2281 437 2344 πολλαῖς
463 2284 543 2335 ἀεὶ
593 2283 812 2336 συνέσει
869 2282 961 2336 καὶ
1015 2283 1290 2347 ποικίλαις
1347 2287 1465 2348 ταῖς
1502 2286 1774 2354 φροντίσι,

268 2377 343 2426 καὶ
366 2374 574 2446 νύκτωρ,
599 2379 692 2430 καὶ
729 2375 850 2447 μεθ’
886 2378 1104 2449 ἡμέραν
1135 2378 1559 2448 λυμαινομέναις
1583 2381 1668 2430 ἀεὶ
1697 2378 1777 2448 τῷ

269 2467 369 2538 βίῳ,
396 2471 480 2522 καὶ
500 2469 739 2538 οὐδεμίαν
778 2469 1061 2542 συγχωρού
1076 2487 1187 2532 ταις
1221 2469 1484 2538 εὐθυμίας
1523 2470 1778 2540 αἴσθησιν

261 2559 533 2628 λαμόἁνειν.
563 2563 635 2616 Οὐ
668 2565 778 2632 γάρ
818 2561 947 2624 τοὺς
1001 2563 1060 2615 ἑν
1104 2563 1244 2615 τέλει
1283 2561 1574 2630 Ῥωμαίων
1640 2565 1776 2617 ὐπο-

254 2654 436 2707 πτεύειν
468 2657 678 2725 ἀνάγκη
706 2657 867 2725 μόνον
898 2656 1216 2720 ἑπιόούλους
1249 2651 1410 2717 εἶναι,
1435 2659 1499 2713 ἄν
1528 2675 1580 2710 τι
1606 2658 1776 2728 τύχῃς

253 2744 358 2813 τρὸς
397 2746 590 2808 αὐτοὺς
642 2747 1122 2818 προσκεκρουκὼς,
1177 2749 1312 2802 ἀλλᾶ
1364 2752 1460 2802 καὶ
1510 2752 1635 2816 τοὺς
1678 2753 1776 2820 τὴν

241 2836 414 2890 ἐκείνου
441 2837 692 2908 φυλακὴν
719 2839 1200 2909 πεπιστευμένους,
1235 2840 1327 2893 καὶ
1349 2842 1477 2904 τοὺς
1509 2841 1774 2898 οἰκειοτά-

238 2944 337 2990 τους
359 2928 569 2994 αὐτοὺς,
602 2931 650 2980 εί
685 2925 796 2982 οἷόν
825 2947 884 2982 τε
918 2933 1110 2986 είπεῖν.
1144 2932 1286 3002 Πρὸς
1315 2935 1422 3004 γὰρ
1452 2934 1529 3004 τῷ
1561 2937 1777 3008 ρᾳδίους

237 3013 497 3082 εἶναιτοὺς
526 3019 850 3088 ἀνθρώπους
889 3022 1019 3088 προς
1066 3022 1392 3090 μεταϐολάς,
1433 3026 1525 3076 καὶ
1563 3026 1775 3097 χαίρειν

235 3108 302 3160 ἀεὶ
324 3112 425 3172 τοῖς
468 3113 886 3180 νεωτερισμοῖς,
925 3111 993 3164 ἂν
1035 3113 1129 3166 καὶ
1162 3115 1485 3183 προφάσεώς
1516 3133 1659 3180 τινος
1689 3110 1792 3171 εὐο’

242 3203 429 3269 εορῶσι,
457 3205 534 3258 δι’
561 3198 634 3274 ἦς
673 3203 739 3257 ἂν
779 3206 1090 3274 ἀμύνασθαι
1117 3208 1290 3278 ῥᾷστα
1321 3209 1446 3271 τοὺς
1472 3208 1774 3281 λελυπηκὸ-

233 3311 308 3358 ea;
340 3296 676 3368 δυνήσεσθαι
723 3299 1023 3368 οἰήσονται,
1074 3299 1276 3368 μᾶλλον
1321 3302 1426 3371 χρὴ
1467 3303 1774 3375 προσδοκᾷν

228 3389 602 3455 εὐμεταϐόλους
644 3387 862 3441 ἔσεσθαι
906 3391 1000 3441 καὶ
1046 3389 1260 3460 ρᾳδίους
1304 3390 1438 3460 πρὸς
1484 3393 1774 3458 ὲπιῦουλὶς

222 3477 418 3548 έχοντας
466 3480 648 3549 ἐγγὺς
683 3480 778 3534 τὸν
821 3480 855 3540 ἢ
904 3481 1011 3533 τῶν
1058 3481 1344 3551 παρόντων
1395 3485 1772 3551 ἀπαλλάξοντα

223 3573 399 3641 κακῶν,
425 3573 460 3643 ἢ
517 3572 730 3626 πολλῶν
760 3572 1108 3643 ὲμπλήσοντα
1147 3573 1358 3646 δώρων,
1395 3577 1488 3630 καὶ
1515 3581 1767 3648 μεγάλων

232 3661 504 3725 ἀξιώσοντα
552 3664 662 3715 τῶν
716 3663 1066 3731 εὐεργεσιῶν.
1104 3663 1338 3719 Ἔπειτα
1372 3667 1429 3720 δὲ
1463 3669 1514 3721 et!
1563 3686 1643 3721 σοι
1677 3671 1772 3723 καὶ

233 3755 340 3808 κατὰ
363 3757 466 3828 τὴν
507 3755 728 3824 ἠλικίαν
755 3755 913 3822 τήνδε
949 3755 1032 3826 (οὐ
1053 3756 1160 3826 γάρ
1191 3757 1474 3823 ἀδύνατον,
1504 3761 1774 3833 ἀνθρώπῳ

196 3888 205 3896 .
229 3863 272 3913 γε
295 3848 421 3918 ὄντι)
459 3851 560 3915 ἐφ’
582 3847 724 3900 οὕτω
752 3846 965 3917 νηπίοις
999 3849 1239 3916 συμϐαίη
1266 3855 1379 3914 τοίς
1413 3853 1622 3917 τέκνοις
1645 3856 1779 3908 ἀπο-

234 3941 474 4007 ινῇσγειν,
512 3939 668 3998 ἐλπὶς
700 3939 930 4000 ἐκείνοις
955 3939 1183 4008 οὐδεμία
1212 3943 1518 4010 εὐπραγίας
1550 3945 1774 3999 ἀπολεί-

224 4049 374 4088 πεται.
417 4034 501 4087 Τὸ
535 4031 635 4102 μὲν
686 4032 794 4100 γὰρ
825 4033 924 4100 τὴν
955 4032 1130 4104 ἀρχὴν
1166 4034 1366 4097 αὐτοὺς
1403 4035 1602 4089 ἰθύνειν
1636 4041 1774 4107 μετά

223 4121 297 4188 ιῆς
336 4121 559 4191 μητρὸς
589 4121 673 4186 ἐφ’
712 4117 855 4171 οὕτω
903 4121 1164 4189 χαλεποῖς
1196 4123 1427 4190 καιροῖς,
1457 4119 1551 4175 καὶ
1579 4124 1638 4177 δυ
1651 4127 1774 4178 τῖκὸ-

219 4217 325 4274 ἰοις,
363 4214 462 4265 καὶ
509 4211 830 4264 ⁸παντάπασι
858 4210 1275 4283 διεφθαρμένοις
1307 4215 1627 4283 πράγμασιν
1652 4218 1778 4269 ἁδύ-

224 4323 371 4360 ιατον.
388 4308 666 4363 ,λείπεται
697 4306 753 4359 δὲ
774 4306 807 4376 ἢ
831 4305 924 4358 τὸν
947 4305 1354 4376 φρουρούμενον
1375 4309 1581 4360 ἐκεῖνον
1606 4328 1775 4381 προσ-

224 4396 614 4466 ιιύεσαμένους
663 4397 866 4458 πάντας
905 4397 968 4448 ὲκ
1013 4397 1356 4465 συνθήματος
1384 4398 1656 4467 αἱρεῖσθαι
1689 4400 1778 4469 βα-

1879 552 2114 619 negabo,
2138 567 2203 606 eo
2227 552 2442 615 'vincto,
2471 553 2642 608 videri
2673 555 2802 608 mihi
2831 564 3055 624 propter
3083 565 3288 609 natura:
3316 572 3452 610 con-

1880 658 2099 698 sensum
2142 642 2332 697 eadem
2373 645 2607 713 perpeti,
2641 661 2762 714 qua:
2795 645 2885 700 ille
2919 647 3274 714 perpetitur),
3303 654 3358 698 tu
3396 663 3451 700 tn

1881 733 2167 801 praesentia
2193 731 2437 786 funditus
2457 735 2974 803 sustulisti,quando
2999 738 3185 804 paucis
3205 736 3398 790 diebus
3420 752 3451 790 e

1880 823 2116 877 vinculis
2159 824 2514 878 dimissurum
2567 825 2857 894 recepisti;
2925 828 3069 896 quod
3126 827 3172 881 si
3229 844 3285 881 re
3337 827 3452 896 ipsa

1879 916 2222 984 prmstiteris,
2259 925 2406 971 recte
2449 916 2666 971 feceris.
2696 917 2914 986 Etenim
2960 935 3067 972 non
3109 919 3174 972 ad
3209 920 3450 973 celebri-

1883 1015 2046 1060 tatem
2084 1007 2322 1062 nominis
2361 1017 2596 1072 tantum,
2634 1009 2727 1064 sed
2775 1011 2939 1066 etiam
2983 1011 3048 1065 ad
3093 1015 3450 1068 securitatem

1885 1101 1975 1154 tibi
2012 1101 2214 1170 optime
2245 1103 2517 1157 consules.
2551 1102 2682 1157 Nam
2717 1105 2760 1157 si
2786 1107 2963 1174 quoad
2993 1107 3230 1175 spirabit
3263 1110 3452 1163 uxoris

1882 1201 1988 1247 tua:
2029 1193 2251 1247 fratrem
2304 1194 2554 1248 custodia
2597 1195 2958 1251 detinentium
3010 1201 3294 1259 statueris.
3340 1201 3451 1254 t‘or-

1881 1283 2047 1345 sitan,
2091 1285 2136 1338 si
2195 1285 2438 1356 etl‘ugere
2489 1287 2728 1351 licuerit,
2776 1288 2978 1342 bellqu
3034 1289 3451 1361 redintegrabit.

1880 1375 2016 1430 Illud
2065 1385 2246 1430 autem
2287 1378 2443 1446 longe
2475 1378 2926 1447 incertissimnm,
2977 1398 3046 1436 an
3095 1399 3203 1436 non
3249 1385 3443 1448 etiam,

1882 1469 1976 1522 ubi
2028 1467 2351 1538 pugnaverit
2396 1471 2576 1523 victor
2619 1486 2887 1525 evasurus
2935 1474 3028 1527 sit.
3101 1475 3250 1529 Multi
3308 1477 3454 1530 enim

1881 1575 2259 1630 saepenumero
2295 1576 2460 1628 parva
2507 1577 2631 1614 cum
2667 1561 2882 1630 jactura
2924 1580 3020 1619 sua
3063 1565 3216 1628 victi,
3265 1582 3456 1621 rursus

1879 1653 2074 1717 erecti,
2132 1663 2186 1707 et
2251 1654 2525 1722 praeterita
2597 1655 2906 1710 calamitate
2963 1657 3243 1712 cautiores
3303 1659 3454 1720 lacti.

1881 1744 2273 1812 victoresfsuos
2303 1744 2641 1799 devicerunt.
2668 1744 2822 1811 Quod
2857 1747 2897 1802 si
2935 1748 3092 1803 facile
3125 1750 3304 1818 possis
3324 1749 3456 1802 dili-

1881 1835 2030 1906 genti
2079 1836 2429 1902 providentia
2477 1851 2574 1904 per
2607 1852 2824 1890 onmem
2877 1838 3044 1892 vitam
3091 1839 3460 1894 adamantinis

1882 1943 2014 2004 eum
2053 1927 2292 1982 vinculis
2344 1927 2650 1992 custodire,
2697 1928 2935 1996 primum
2977 1930 3198 1999 quidem
3241 1945 3462 1998 semper

1885 2018 2129 2073 molestis
2187 2017 2612 2086 cogitationibus
2657 2017 3011 2082 exerceberc,
3064 2035 3186 2088 qum
3217 2018 3306 2072 diu
3360 2034 3458 2070 no-

1883 2121 2084 2179 ctuque
2120 2110 2284 2163 vitam
2331 2119 2474 2162 tuam
2514 2119 2854 2178 carpant,et
2895 2125 3113 2162 omnem
3161 2109 3462 2163 hilaritatis

1881 2216 2106 2254 sensum
2137 2201 2450 2254 excludant.
2487 2200 2639 2253 Haud
2676 2201 2824 2253 enim
2870 2201 3044 2253 solum
3082 2200 3452 2252 [tertianorum

1881 2303 2174 2358 procerum
2209 2289 2437 2342 insidias
2477 2297 2725 2342 metuere
2767 2289 3062 2356 oportebit,
3101 2289 3147 2342 si
3197 2288 3326 2356 quid
3358 2303 3457 2342 eos

1882 2380 2218 2445 attenderis,
2282 2381 2376 2434 sed
2429 2389 2484 2434 et
2531 2395 2626 2434 eos
2675 2380 2874 2450 quibus
2943 2380 3251 2434 custodiam
3305 2379 3459 2432 illius

1883 2470 2246 2534 commiseris,
2301 2478 2357 2524 et
2408 2471 2574 2539 ipsos,
2628 2472 2670 2524 si
2718 2471 2823 2524 dici
2870 2469 2952 2524 l'as
2990 2477 3092 2531 est,
3140 2468 3456 2524 familiaris-

1881 2564 2071 2619 simos.
2102 2563 2472 2632 Prmterquam
2505 2567 2652 2616 enim
2695 2563 2842 2632 quod
2887 2563 3136 2616 homines
3171 2561 3237 2614 ad
3273 2571 3456 2615 muta-

1882 2656 2145 2710 bilitatem
2194 2655 2350 2723 proni
2405 2663 2552 2716 sunt,
2583 2664 2639 2707 et
2670 2655 2834 2708 rebus
2869 2655 3026 2708 novis
3060 2654 3373 2722 capiuntur,
3405 2653 3452 2708 si

1880 2757 1935 2803 et
1979 2746 2324 2800 occasionem
2373 2745 2698 2814 repererint,
2734 2762 2839 2816 qua
2871 2747 3008 2800 male
3039 2746 3105 2800 de
3148 2761 3205 2798 se
3244 2744 3456 2798 meritis

1880 2837 2135 2894 facillime
2189 2853 2287 2906 par
2343 2839 2680 2906 repositums
2741 2846 2987 2906 sperent,
3043 2837 3215 2906 magis
3261 2852 3455 2890 eorum

1883 2931 2248 2988 inconstantia
2285 2940 2339 2984 et
2373 2930 2531 2985 dolus
2577 2929 2979 3000 exspectandus
3030 2940 3135 2993 est,
3187 2929 3234 2983 si
3283 2943 3455 2999 prope
3509 2917 3521 2928 ’

1882 3025 2119 3079 habeant
2170 3022 2402 3085 scilicet,
2445 3021 2539 3091 qui
2589 3033 2683 3076 aut
2737 3021 2891 3075 malis
2949 3038 3044 3075 eos
3093 3021 3460 3091 praesentibus

1884 3118 2100 3188 eripiat,
2161 3125 2257 3169 aut
2333 3114 2493 3168 donis
2545 3129 2642 3168 eos
2710 3129 2774 3167 ac
2843 3115 3124 3168 beneﬁciis
3187 3115 3454 3168 cumulet.

1887 3209 2157 3264 Przeterca
2206 3207 2249 3261 si
2305 3215 2356 3260 te
2405 3205 2567 3259 hodie
2625 3205 2814 3259 liberis
2864 3205 2971 3260 tuis
3025 3205 3205 3259 adhuc
3266 3205 3450 3274 parvis

1889 3299 2039 3355 mors
2082 3315 2112 3353 e
2157 3297 2340 3352 medio
2372 3299 2525 3351 tollat.
2567 3297 2769 3361 (homo
2810 3299 2955 3351 enim
2999 3308 3160 3351 natus
3200 3313 3324 3350 eum
3353 3297 3453 3361 sis,

1887 3392 2188 3446 humanum
2225 3388 2359 3442 nihil
2396 3405 2423 3442 a
2463 3397 2511 3442 te
2545 3389 2780 3442 alienum
2821 3389 3024 3444 ducere
3063 3389 3289 3455 debes),
3321 3405 3457 3444 con-

1856 3477 2118 3538 clamata
2142 3492 2223 3535 est
2260 3496 2452 3535 eorum
2487 3481 2743 3535 felicitas.
2778 3481 2911 3534 Nam
2950 3481 3097 3549 ipsos
3123 3497 3244 3534 cum
3281 3491 3456 3535 matre

1885 3575 2194 3646 gubernare
2241 3574 2554 3639 imperium,
2610 3571 2951 3639 temporibus
2995 3571 3130 3623 adeo
3175 3571 3325 3623 duris
3393 3585 3456 3623 ac

1885 3665 2218 3728 diﬂicilibus,
2247 3664 2411 3717 rebus
2441 3662 2665 3716 omnino
2711 3663 2940 3725 eversis,
2984 3660 3322 3728 impossibile
3349 3671 3456 3715 est.

1891 3753 2242 3823 Relinquitur
2266 3768 2416 3822 ergo,
2447 3762 2504 3806 ut
2535 3763 2629 3806 aut
2666 3753 2816 3806 illum
2855 3752 2947 3821 qui
2972 3752 3082 3820 jam
3119 3751 3452 3812 custoditur,

1886 3847 2183 3906 advocetis,
2221 3860 2457 3913 eumque
2487 3845 2732 3898 omnium
2772 3859 3038 3898 consensu
3067 3846 3458 3910 imperatorem

1881 3941 2118 4010 eligatis,
2169 3948 2265 3992 aut
2309 3937 2476 3991 aiium
2530 3937 2864 4006 quempiam,
2911 3939 3005 4005 qui
3060 3937 3217 4005 longe
3273 3937 3457 4003 plures

1886 4034 1968 4089 sui
2011 4032 2290 4086 studiosos
2337 4029 2612 4093 habuerit,
2668 4027 3032 4097 solertiorque
3077 4037 3131 4081 et
3177 4029 3240 4080 ad
3292 4029 3459 4096 impe-

1887 4127 2118 4181 randum
2164 4122 2341 4193 aptior
2381 4123 2653 4176 videatur.
2703 4121 2755 4176 Si
2814 4121 2996 4188 itaque
3053 4122 3144 4174 ille
3199 4120 3454 4189 eligatur,

1887 4224 2100 4269 certum
2148 4225 2230 4267 est
2290 4211 2446 4274 mihi,
2499 4213 2859 4265 nihilominus
2931 4211 3365 4271 elaboraturum,
3400 4217 3458 4265 ut

1887 4310 2041 4363 illum
2089 4306 2247 4362 liberi
2285 4307 2361 4360 tui
2416 4307 2842 4360 mansuetiorem
2885 4305 3259 4373 experiantur,
3295 4317 3454 4370 quam

1888 4403 1976 4456 ille
2023 4411 2072 4456 te
2101 4402 2436 4469 experietur,
2476 4400 2517 4452 si
2551 4401 2795 4453 clausum
2830 4401 2884 4450 in
2931 4411 3152 4450 carcere
3184 4409 3355 4458 usque
3389 4392 3456 4446 ad

225 4488 363 4550 ιιῖ·ἑα,
419 4486 456 4554 ἢ
499 4484 616 4537 τῶν
667 4483 844 4537 ἄλλων
889 4483 1007 4546 ἕνα,
1066 4484 1122 4545 ὃς
1164 4483 1240 4558 ἂν
1284 4486 1519 4553 μάλιστα
1559 4486 1778 4549 πλείους

1890 4501 2118 4545 mortem
2153 4489 2468 4552 retinueris,
2503 4498 2562 4541 ut
2602 4489 2825 4558 gravius
2858 4487 2992 4541 nihil
3030 4487 3217 4539 addas.
3257 4483 3351 4538 Sin
3390 4481 3454 4535 ad

217 4580 348 4648 τχοίη
375 4580 523 4640 τοὺς
556 4577 922 4640 σπουδαστὰς,
969 4577 1064 4629 καὶ
1108 4576 1410 4646 δεινότερος
1438 4577 1646 4648 δοκοίη,
1689 4579 1785 4631 καὶ

213 4671 398 4737 μάλλον
427 4673 633 4739 ἄρχειν
659 4668 984 4737 ἐπιτήδειος.
1018 4669 1116 4720 Ἂν
1148 4670 1247 4737 μὲν
1271 4669 1364 4723 οὖν
1395 4671 1602 4729 ἐκεῖνο;
1635 4673 1786 4742 αίρε-

209 4759 337 4831 θείη.
377 4761 539 4815 δοκῶ
569 4777 658 4829 μοι
696 4761 860 4829 μηδὲν
920 4755 1105 4831 ἦττον,
1137 4758 1233 4811 καὶ
1276 4759 1437 4823 αὐτὸς
1469 4761 1781 4830 φιλονεική-

210 4868 311 4904 σειν
353 4851 723 4922 ἡμερώτερος
769 4849 1052 4917 φανεῖσθαι
1082 4851 1193 4911 τοῖς
1236 4851 1394 4902 παισὶ
1440 4853 1550 4913 τοῖς
1585 4851 1780 4920 σοῖς,ἥ

205 4942 354 5004 αὐτὸς
386 4943 597 5009 ἐκείνῳ
627 4940 834 5011 ὤφθης.
868 4939 1040 4992 Τοῦτο
1073 4939 1126 4991 δὲ
1156 4940 1308 4992 οὐδὲν
1345 4940 1533 5010 ἔτερόν
1569 4943 1716 4994 ἐστιν
1748 4941 1780 5013 ἢ

206 5032 258 5082 ἐν
306 5033 684 5102 δεσμωτηρίῳ
719 5032 1156 5085 κατακλείσαντα
1193 5033 1448 5103 κατέχειν
1495 5034 1582 5088 διὰ
1642 5034 1781 5104 βίου,

206 5123 288 5176 καὶ
325 5125 516 5194 μηδέν
568 5141 618 5176 τι
670 5123 973 5192 δεινότερον
1015 5124 1202 5193 ἕτερον
1255 5125 1596 5194 προσθεῖναι.
1642 5125 1703 5178 Ei
1737 5127 1782 5179 δ’

205 5216 282 5282 ἐφ’
315 5215 523 5287 ἕτερόν
546 5233 692 5280 τινα,
721 5217 858 5284 ὅπερ
885 5214 1120 5282 μάλιστα
1145 5216 1480 5286 ἀπεύχομαι,
1510 5217 1785 5287 μεταϐαίη

208 5308 235 5376 ἠ
263 5311 438 5380 ἁρχὴ,
465 5308 614 5361 ὀκνῶ
648 5310 746 5377 μὲν
771 5311 947 5361 εἰπεῖν
975 5310 1069 5362 καὶ
1114 5310 1276 5379 μέχρι
1317 5311 1475 5377 λόγου
1522 5311 1787 5380 δακνόμε-

206 5417 286 5462 νος
311 5406 382 5471 τῇ
416 5401 723 5470 προσδοκία
743 5401 851 5452 τῶν
882 5401 1073 5454 δεινῶν
1094 5416 1107 5430 ·
1140 5400 1294 5464 ἐλπὶς
1323 5401 1375 5454 δὲ
1406 5402 1631 5471 οὐδεμία
1654 5404 1788 5455 ἀπο-

204 5486 457 5542 λείπεται
497 5490 570 5560 μὴ
597 5487 654 5543 οὐ
692 5492 897 5554 πάντας
938 5492 1108 5561 ἄρδην
1143 5491 1464 5544 ἀπολέσθαι.
1499 5493 1559 5545 Εἰ
1583 5492 1627 5544 δ’
1648 5493 1786 5565 ὅπερ

205 5585 361 5645 αὐτὸς
402 5585 590 5635 ἑκοντὶ
629 5585 880 5652 προείλου
913 5585 1008 5637 νῦν
1045 5585 1139 5638 καὶ
1187 5586 1269 5648 είς
1309 5586 1469 5652 ἔργον
1511 5585 1786 5655 ἐθελήσεις

203 5675 460 5740 ἀγαγεῖν,
498 5674 689 5744 ἄριστα
716 5677 812 5747 ἔσῃ
849 5675 1034 5745 σαυτῷ
1060 5694 1118 5728 τε
1154 5677 1388 5744 κάκείνῳ
1419 5675 1785 5745 βεϐουλευμὲι-

121 5822 126 5830 η
202 5779 304 5825 νος.
353 5766 599 5829 Ἐκεῖνός
625 5785 680 5819 τε
709 5770 814 5841 γὰρ
839 5770 946 5820 τών
977 5767 1194 5838 δεσμῶν
1225 5767 1541 5834 ἀπολυθεὶς,
1579 5768 1666 5821 ἀεί
1699 5785 1782 5828 σοι

1884 4582 2050 4634 alium
2106 4582 2396 4649 quemdam
2448 4580 2623 4650 (quod
2674 4579 2814 4632 Deus
2861 4579 3110 4644 avertat)
3167 4574 3455 4645 imperium

1887 4673 2268 4737 transferatur,
2302 4689 2409 4725 non
2451 4671 2628 4725 audeo
2665 4670 2872 4735 dicere,
2902 4669 3033 4739 quid
3079 4668 3326 4721 futurum
3362 4667 3454 4728 sit,

1882 4774 1937 4819 et
1968 4765 2083 4833 ipsa
2124 4766 2389 4818 malorum
2417 4763 2755 4829 exspectatio
2779 4763 2945 4814 etiam
2978 4775 3166 4813 vocem
3201 4758 3333 4812 mihi
3369 4757 3457 4809 in-

1885 4854 2204 4908 tercludit:
2267 4867 2371 4907 nec
2441 4853 2736 4922 quidquam
2798 4853 2913 4920 spei
2976 4857 3249 4918 superest,
3323 4845 3455 4914 quin

1883 4959 2074 5000 omnes
2122 4945 2454 4998 omnimodis
2500 4958 2808 5013 pereamus.
2885 4943 2953 4996 At
3002 4942 3068 5003 si,
3117 4939 3261 5008 quod
3309 4950 3457 4990 nunc

1885 5039 2028 5093 ultro
2055 5040 2218 5108 {apud
2262 5039 2504 5092 animum
2551 5037 2906 5107 preposuisti,
2953 5035 3114 5089 etiam
3145 5048 3306 5100 Opere
3337 5033 3455 5099 ipso

1881 5133 2105 5202 explere
2136 5132 2391 5193 volueris,
2444 5129 2510 5183 dc
2545 5139 2595 5184 te
2630 5131 2747 5198 ipso
2801 5138 2963 5198 atque
2990 5128 3055 5180 de
3086 5125 3176 5179 illo
3201 5124 3455 5193 prmclare

1885 5223 2207 5277 mereberis.
2259 5221 2422 5292 897
2461 5220 2598 5274 Nam
2647 5229 2702 5274 et
2749 5220 2838 5274 ille
2890 5219 3174 5272 absolutus
3221 5215 3458 5269 vinculis

1886 5323 2204 5369 constanter
2250 5329 2314 5367 ac
2359 5322 2624 5382 perpetuo
2661 5312 2752 5365 tibi
2795 5312 2860 5366 de
2917 5311 3182 5365 beneficio
3233 5319 3458 5377 accepto

1884 5407 2087 5476 gratias
2121 5415 2262 5474 aget,
2312 5420 2375 5459 ac
2422 5415 2472 5457 te
2500 5405 2684 5458 vivum
2736 5422 2832 5473 pro
2869 5407 3258 5459 benemcrente
3293 5419 3458 5472 agno-

1885 5504 2021 5558 scet,
2059 5493 2328 5563 factisque
2362 5494 2498 5562 ipsis
2521 5494 2686 5563 digno
2717 5495 2900 5548 datum
2933 5511 3052 5548 esse
3082 5495 3458 5548 demonstrare

1883 5589 2203 5653 annitetur;
2237 5595 2357 5655 post
2393 5585 2605 5640 obitum
2635 5601 2764 5639 vero
2799 5596 2971 5649 tuum,
3005 5591 3050 5642 si
3081 5585 3165 5640 ita
3189 5586 3456 5652 evenerit,

1885 5681 2010 5733 tiliis
2049 5681 2157 5733 tuis
2194 5679 2299 5733 erit
2331 5679 2537 5744 etnnia,
2565 5687 2620 5732 et
2651 5675 2972 5750 quacunque
3003 5681 3212 5734 ratione
3239 5678 3459 5750 poterit,

1884 5778 2074 5824 contra
2116 5768 2369 5823 inimicos
2421 5768 2503 5822 eis
2559 5768 2945 5838 opitulabitur,
2996 5769 3458 5838 conservabitque
