3964 6210
473 354 579 419 347

1639 362 1964 426 IUANNIS
2001 352 2529 426 CANTACUZENI

3614 370 3718 433 348

475 470 612 541 ipsis
658 470 975 541 imperium,
1011 481 1113 541 pro
1152 471 1312 529 amici
1360 476 1609 546 germani
1657 476 1872 543 liberis,
1932 485 2056 532 tan-

2166 477 2320 548 χάριν
2356 479 2563 531 εἴσεται
2619 474 2842 546 βεϐαίαν
2870 478 2969 548 τῆς
2997 475 3369 547 ἐὐεργεσίας”
3408 478 3504 533 καὶ
3557 477 3716 545 ζῶντί

475 579 637 634 quam
677 580 774 632 pro
804 565 1034 619 suismet
1062 562 1353 620 decertans
1381 583 1393 620 :
1429 578 1484 621 et
1517 577 1573 622 tu
1607 567 1882 638 reliquum
1918 569 2044 625 vita:

475 673 597 712 cum
629 658 977 727 iucunditate
1011 659 1220 729 exiges,
1263 673 1372 714 non
1409 662 1586 718 anxiis
1627 669 1836 716 tantum
1893 658 2044 717 curis

393 781 395 783 -
473 750 790 818 exterisque
845 749 1112 805 molestiis
1172 767 1240 806 ex
1304 755 1622 824 suspicione
1694 753 2050 810 nascentibus

473 839 706 904 solutus,
747 840 840 894 sed
877 841 1039 894 etiam
1083 842 1291 897 collatae
1360 846 1415 897 in
1460 845 1638 914 ipsum
1693 844 2050 900 humanitatis

473 944 699 998 magnos
731 931 913 985 statim
947 931 1160 987 fructus
1197 934 1530 1004 percipiens,
1567 936 1786 1006 quando
1825 945 2050 1005 propter

475 1019 616 1075 hanc
646 1021 812 1074 animi
859 1022 1204 1078 altitudinem
1254 1041 1447 1080 omnes
1502 1037 1551 1083 te
1600 1017 1962 1085 admiratione
1996 1041 2051 1085 et

474 1109 868 1177 praedicatione
892 1112 1150 1170 adicient.
1193 1115 1305 1170 lloc
1335 1117 1560 1187 insuper
1590 1134 1951 1189 consequere,
1993 1129 2053 1176 ut

475 1216 666 1256 omnes
699 1203 816 1272 ejus
866 1207 1082 1274 cognati
1125 1208 1430 1278 singulares
1472 1209 1569 1264 tibi
1621 1211 1822 1279 gratias
1868 1221 2049 1283 agant,

473 1300 530 1344 et
611 1293 761 1347 velut
842 1295 1121 1350 insolubili
1201 1299 1455 1372 amicitiae
1532 1299 1679 1355 nodo
1756 1317 1882 1356 eum
1954 1303 2052 1358 tibi

475 1380 763 1449 astringes,
835 1392 895 1436 ut
970 1384 1138 1438 totius
1195 1387 1292 1440 :nvi
1346 1388 1430 1442 sui
1490 1389 1769 1444 curriculo
1831 1405 2054 1444 necesse

477 1468 698 1535 habeat,
751 1472 882 1526 nihil
922 1475 1065 1543 quual
1115 1475 1184 1529 ad
1235 1476 1556 1546 dignitatem
1599 1487 1653 1533 et
1705 1481 2050 1533 commodum

480 1567 630 1612 tuum
679 1563 970 1631 pertineat,
1020 1566 1319 1636 negligere.
1372 1567 1438 1624 Ut
1485 1567 1652 1636 igitur
1682 1568 1900 1623 eximiis
1927 1567 2053 1637 qui-

477 1651 707 1705 busdam
755 1653 915 1709 bonis
953 1657 1387 1726 magnitudinem
1430 1660 1598 1715 animi
1648 1660 2048 1724 declaraturus,

479 1757 548 1796 ne
579 1743 762 1798 verbis
794 1749 1174 1803 tantummodo
1200 1752 1360 1811 velis.
1398 1751 1491 1806 scd
1530 1751 1669 1806 bene
1703 1741 1950 1806 consulta
1980 1749 2046 1804 ad

477 1849 616 1903 opus
654 1838 904 1894 conferre
937 1856 1003 1895 ne
1037 1845 1398 1909 procra‘stina.

2149 586 2206 623 τε
2242 569 2562 639 πειράσεται
2586 569 2973 636 εὐγνωμονεῖν,
2997 570 3092 622 καὶ
3127 568 3312 640 ἔργοις
3342 569 3526 634 αὐτοῖς
3554 574 3718 625 ποιεῖν

2148 661 2483 732 καταφανὲς,
2515 662 2592 724 ὡς
2651 661 2731 724 εἰς
2783 657 2932 726 ἄξιον
2962 653 3193 714 κατέθου
3231 661 3329 724 τὰς
3376 662 3715 732 εὐεργεσίας,

2147 752 2244 805 καλ⁸
2280 753 2418 821 μετὰ
2445 752 2723 820 τελευτὴν,
2763 754 2812 804 εί
2862 742 3020 806 τοῦτο
3055 752 3321 823 συμϐαίη,
3349 753 3528 806 πάντα
3575 753 3720 806 ἔσται

2147 847 2260 908 τοῖς
2288 845 2444 898 παισὶ
2475 847 2588 909 τοῖς
2619 847 2754 910 σοῖς,
2784 846 2876 898 καὶ
2897 849 3032 900 πᾶσι
3059 839 3139 909 οἷς
3179 845 3315 916 ἔχει,
3349 845 3413 899 ἄν
3441 861 3589 907 τινες
3611 845 3720 897 ἀδι-

2151 935 2267 987 κεῖν
2292 932 2570 998 ἐθέλωσιν,
2609 933 2993 1003 ἐπικουρήσει,
3028 934 3122 987 καὶ
3180 933 3597 1003 συνδιατηρήσει
3627 930 3715 1000 τήν

2152 1026 2324 1096 ἀρχὴν
2359 1026 2568 1088 αὐτοῖς,
2607 1025 2685 1087 ὡς
2711 1027 2778 1078 ἂν
2810 1025 2950 1095 ὑπὲρ
2983 1025 3220 1092 οἰκείων,
3267 1026 3362 1078 καὶ
3417 1025 3598 1094 φίλου,
3629 1023 3719 1076 καὶ

2151 1116 2374 1186 γνησίου
2401 1117 2606 1169 παίδων
2639 1117 3060 1185 ἀγωνιζόμενος.
3088 1113 3200 1170 Καῖ
3231 1116 3294 1170 σύ
3319 1115 3412 1169 τδν
3443 1115 3720 1193 ἐπίλοιπον

2152 1206 2346 1276 ἥδιστα
2384 1203 2603 1273 βιώσεις
2632 1202 2768 1274 βίον,
2799 1205 2859 1256 οὐ
2891 1203 3002 1256 τῶν
3031 1203 3328 1273 φροντίδων
3363 1204 3522 1273 μόνον
3547 1201 3722 1272 ἀπηλ-

2152 1295 2445 1364 λαγμένος,
2485 1295 2579 1348 καὶ
2607 1295 2715 1348 τῶν
2744 1294 2920 1349 ἄλλων
2944 1294 3244 1364 δυσχερῶν,
3273 1293 3310 1347 ἃ.
3334 1294 3630 1361 ὑπομενεῖς
3657 1293 3727 1345 ἐκ.

2153 1388 2262 1441 τῶν
2293 1387 2580 1453 ὑπονοιῶν,
2614 1387 2750 1440 ἀλλά
2787 1386 2879 1439 καὶ
2911 1387 3008 1455 τῆς
3043 1388 3124 1450 είς
3163 1387 3368 1438 ἐκεῖνον
3399 1383 3722 1454 εὐεργεσίας

2158 1477 2400 1548 μεγάλας
2423 1478 2585 1539 εὐθὺς
2615 1477 2997 1546 καρπούμενος
3035 1477 3133 1539 τὰς
3161 1475 3418 1545 ἀμοιϐὰς,
3447 1474 3724 1543 εὐφημού-

2159 1586 2318 1637 μενος
2351 1568 2456 1621 ὐπδ
2496 1569 2736 1626 πάντων.
2771 1568 2865 1620 καὶ
2912 1569 3010 1636 τῆς
3053 1565 3463 1637 μεγαλοψυχίας
3513 1566 3728 1631 θαυμα-

2155 1659 2400 1729 ζόμενος.
2457 1659 2604 1726 Πρὸς
2657 1657 2868 1720 τούτοις
2926 1657 2982 1712 δέ
3031 1657 3286 1721 καὶτοὺς
3347 1657 3728 1726 προσήκοντας

2156 1751 2349 1820 ἐκείνῳ
2405 1750 2611 1813 πάντας
2671 1750 2872 1813 πολλάς
2916 1765 2998 1802 σοι
3047 1751 3279 1819 χάριτας
3320 1747 3513 1818 ειδέναι
3553 1763 3732 1814 παρα-

2082 1839 2122 1894 Β
2155 1842 2466 1907 σκευάσεις,
2493 1843 2587 1894 καὶ
2613 1840 2806 1909 ῶσπερ
2828 1839 2941 1892 οιιισλ⁸
2961 1837 3494 1911 δεσμοῖςάῥρήκτοις
3517 1836 3732 1896 εὐνοίας

478 1925 660 1995 δήσεις
683 1943 698 1957 ⁶
730 1929 820 1998 ὑφ’
849 1925 923 1984 ὧν
952 1933 1460 2006 ἀναγκασθήσονται
1515 1938 1601 1990 διὰ
1661 1937 1776 2007 βίου
1820 1937 1927 1991 τῶν
1977 1938 2056 2001 είς
2092 1935 2335 2000 εὐδοξίαν
2393 1936 2488 1988 καὶ
2549 1933 2822 2002 ὠφέλειαν
2848 1934 2948 2003 τὴν
2975 1934 3072 2002 σήν
3096 1932 3343 1999 ἡκόντων
3383 1929 3609 2000 μηδενὸς
3634 1945 3734 1980 κα-

839 2027 926 2092 Ὠς
1001 2025 1096 2083 οὖν
1170 2032 1262 2084 ἐπὶ
1315 2033 1576 2102 μεγάλοις
1617 2035 1844 2101 ἀγαθοῖς
1893 2033 2298 2102 ἐπιδειξόμενος
2346 2030 2446 2100 τὴν
2507 2027 2939 2100 μεγαλοψυχίαν,
2985 2027 3058 2098 μὴ
3115 2028 3276 2098 μέχρι
3326 2026 3501 2094 λόγων
3573 2023 3734 2094 μόνον

481 2114 685 2186 στήσῃς
721 2117 819 2186 τὴν
868 2121 1044 2192 ὁρμήν
1067 2139 1080 2152 ·
1113 2123 1249 2178 ἀλλὰ
1300 2125 1367 2178 τὰ
1418 2125 1598 2189 καλῶς
1645 2117 2291 2197 βεϐουλευμέναταχέως
2319 2123 2574 2194 φανῆναι,
2615 2122 2705 2175 καὶ
2740 2125 2819 2186 εἰς
2858 2121 3020 2191 ἔργον
3053 2119 3304 2188 ἀγαγών.

1872 2265 2098 2321 CAPUT
2138 2260 2350 2318 XLVII.

479 2345 798 2430 Obtrectatio
825 2354 983 2412 Zimti
1001 2359 1065 2412 .in
1095 2359 1388 2430 Eugenium
1412 2360 1529 2430 jam
1559 2360 1870 2414 monacham
1903 2359 2071 2430 intraui
2099 2357 2410 2430 imperatori
2438 2371 2582 2430 cum__
2597 2352 2744 2430 aliis.
2769 2349 2980 2430 pararit
3003 2349 3240 2430 insidias
3273 2363 3294 2402 :-
3326 2348 3596 2430 quodjlle
3630 2368 3730 2406 non

552 2423 737 2496 credit,
780 2442 872 2478 nec
899 2431 1040 2482 credi
1073 2419 1206 2486 vult:
1243 2419 1714 2485 Ziuui'oertium‘ia
1747 2432 1800 2483 in
1830 2419 2497 2496 afﬁrmando.'lmperator
2537 2419 2834 2496 Eugenium
2868 2419 2969 2471 sibi
2998 2419 3537 2496 insidiqtttm‘fredit,
3575 2430 3734 2496 atque

556 2489 868 2568 Matt/tuum
902 2497 1031 2568 uelle
1059 2499 1280 2568 liberare
1329 2501 1535 2552 desinit.
1564 2498 1794 2552 Zinnnut
1828 2487 2082 2550 mendacii
2130 2487 2388 2568 pwnitet:
2427 2487 2642 2548 (natatur
2686 2493 3001 2562 imperator.
3046 2489 3190 2553 Quid
3237 2505 3270 2543 a
3311 2487 3566 2543 Mamaea
3599 2487 3738 2543 libe-

557 2562 724 2614 randa
754 2566 1056 2632 postularit.
1093 2567 1222 2638 Ejus
1254 2581 1562 2638 responsum
1592 2571 1950 2622 ontbitiosum.

558 2675 680 2734 "rec
727 2681 1138 2741 Cantacuzenus
1162 2687 1226 2740 ad
1266 2687 1622 2758 Ρειιιοοιοςιιτιι
1662 2703 1758 2756 pro
1794 2687 2046 2740 Matthceo

485 2784 514 2822 c
541 2785 759 2826 carcere
787 2774 1095 2829 eximendo.
1125 2777 1226 2842 Qui
1259 2788 1314 2832 et
1346 2788 1472 2832 ante
1523 2795 1617 2847 per
1666 2795 1724 2832 se
1776 2777 2054 2843 incitatus,

438 2871 544 2916 -ct
595 2863 908 2931 Itujusmodi
967 2869 1220 2922 oratione
1278 2871 1448 2938 magis
1501 2869 1875 2935 conﬁrmatus,
1911 2868 2056 2940 quod

485 2954 800 3009 decreverat
830 2972 885 3010 re
917 2961 1175 3025 perlicere
1219 2960 1610 3014 melitabatur.
1636 2959 1857 3013 Interim
1898 2959 2060 3030 quid-

486 3045 611 3099 dam
652 3047 919 3116 ejusmodi
962 3050 1188 3114 accidit,
1223 3056 1366 3114 quod
1393 3051 1576 3121 priora
1603 3051 1830 3105 con~ilia
1858 3067 2057 3121 prope-

2235 2682 2474 2738 Τοιαῦτα
2509 2683 2608 2752 μὲν
2639 2682 2891 2754 βασιλεὺς
2916 2685 2943 2737 δ
2972 2681 3427 2752 Καντακουζηνδς
3460 2681 3598 2752 πρδς
3636 2682 3730 2734 τον

2166 2757 2528 2843 Παλαιολὸίγον
2559 2773 2783 2845 βασιλέα
2805 2775 3080 2846 διειλέχθη
3115 2776 3209 2828 ἐπὶ
3237 2758 3314 2842 τῷ
3338 2773 3616 2828 Ματθαῖον
3641 2773 3742 2843 βα-

2165 2868 2316 2920 σιλέα
2368 2868 2462 2930 τὸν
2492 2865 2753 2935 γυναικὸς
2786 2867 3014 2935 ἀδελφὸν
3059 2865 3317 2919 ἀπολύειν
3364 2865 3474 2916 τῶν
3519 2861 3740 2933 δεσμῶν

2164 2961 2522 3032 παρακαλῶν.
2562 2960 2624 3013 ⁸0
2649 2960 2704 3012 δέ
2730 2957 2823 3012 καὶ
2851 2961 3115 3030 πρᾶτερον
3144 2959 3475 3029 ὡρμημένος
3499 2957 3737 3023 οἴκοθεν,

2163 3051 2242 3106 ἔτι
2279 3055 2483 3122 μᾶλλον
2517 3054 2866 3126 ἐπερρώσθη,
2900 3054 2994 3105 καὶ
3026 3052 3322 3105 ἐσκέπτετο
3361 3052 3440 3114 εἰς
3469 3049 3630 3120 ἔργον
3665 3054 3737 3105 τὰ

487 3138 709 3190 modum
738 3141 1049 3194 evertisset.
1095 3144 1298 3195 Zianus
1325 3143 1472 3196 enim
1510 3143 1756 3212 quidam,
1788 3143 2049 3198 Cantacu‘

2166 3147 2565 3218 βεϐουλευμένα
2596 3149 2844 3215 ἀγαγεῖν.
2878 3144 3097 3209 Μεταξὺ
3127 3145 3182 3198 δέ
3222 3163 3274 3197 τι
3322 3143 3536 3214 συμϐὰν
3564 3142 3743 3197 τοιοῦ-

487 3231 604 3283 zeni
647 3229 902 3293 famu'us,
946 3233 1013 3286 ad
1063 3233 1361 3302 Eugeniam
1399 3235 1801 3302 imperatricem
1845 3235 2056 3302 adiens,

487 3337 603 3374 eam
629 3321 968 3389 hortabatur,
998 3341 1064 3378 ne
1091 3325 1158 3378 ad
1191 3326 1495 3380 libertatem
1529 3325 1640 3380 tilio
1660 3325 2058 3402 conciliandam

489 3401 868 3482 pigritaretnr,
923 3433 1060 3471 neve
1113 3417 1461 3487 imperatoris
1511 3419 1696 3489 generi
1766 3401 1927 3472 verba
1993 3417 2058 3469 ad

487 3501 732 3558 fraudem
788 3516 844 3560 ct
879 3507 1303 3563 ludiﬁcationem
1331 3508 1631 3578 composita
1652 3517 1870 3562 curaret
1904 3527 1915 3562 :
1945 3507 2059 3578 ipsa

488 3597 790 3663 periculum
841 3598 1060 3662 faceret,
1097 3609 1161 3672 et
1184 3600 1390 3654 amicos
1430 3599 1622 3654 eodem
1657 3598 1971 3670 instigaret;
2003 3615 2061 3653 se

487 3687 802 3744 enixissime
840 3690 1178 3761 adjuturum,
1227 3702 1283 3746 ct
1330 3692 1496 3758 idem,
1535 3701 1593 3745 ut
1622 3693 1841 3768 faciant,
1869 3691 2062 3748 amicis

491 3794 902 3848 persuasurum.
936 3784 979 3836 si
1025 3785 1327 3852 pauxillum
1389 3785 1632 3852 pecuniae
1689 3784 1791 3837 sibi
1827 3784 2058 3838 dedi-rit.

490 3871 561 3927 Se
611 3873 758 3926 enim
806 3875 848 3928 si
897 3876 1131 3944 cogitata
1185 3877 1238 3928 in
1283 3875 1538 3930 effectum
1571 3875 1842 3930 deducere
1877 3876 2058 3941 liccat,

491 3979 600 4016 non
660 3965 896 4018 vinculis
957 3966 1117 4018 modo
1164 3967 1314 4019 illum
1378 3977 1784 4036 exempturum,
1837 3967 1933 4022 sed
1993 3967 2058 4021 ad

492 4056 774 4124 pristinam
835 4074 1054 4127 quoque
1098 4059 1412 4113 felicitatem
1465 4063 1839 4115 reducturum.
1895 4063 2063 4132 898

444 4139 451 4148 ’
493 4144 736 4216 Eugcnia
759 4151 1080 4220 imperatrix
1111 4153 1464 4207 vehementer
1491 4155 1794 4224 improbata
1824 4155 2062 4209 hominis

493 4246 753 4309 amentia,
811 4247 902 4316 qui
966 4248 1169 4316 majora
1227 4264 1390 4318 quam
1439 4259 1646 4318 posset,
1689 4249 2061 4318 polliceretur,

491 4352 617 4392 eum
653 4327 720 4393 ne
756 4353 1018 4408 responso
1041 4341 1260 4409 quidem
1291 4341 1508 4410 dignata
1537 4341 1766 4404 dimisit,
1793 4352 1846 4396 et
1874 4341 2064 4397 admo-

495 4428 633 4502 nuit,
661 4437 719 4482 ut
752 4431 1091 4499 quiesceret;
1125 4430 1260 4483 nihil
1296 4431 1440 4484 enim
1471 4431 1572 4486 hac
1601 4431 1827 4486 audacia
1865 4442 2064 4502 praeter

2165 3257 2277 3304 τον,
2312 3237 2494 3304 ὀλίγου
2549 3237 2660 3292 δεῖν
2698 3237 3002 3304 παρέπεισε
3053 3235 3162 3288 τῶν
3193 3234 3480 3305 προτέρων
3504 3233 3744 3304 ἀποσχέ-

2167 3331 2288 3384 σθαι
2323 3328 2728 3400 βουλευμάτων.
2763 3329 2981 3390 Ζειανδς
3014 3327 3122 3396 γάρ
3151 3344 3233 3388 τις
3266 3327 3374 3378 τῶν
3425 3327 3744 3379 Κινντακου⁴

2167 3423 2330 3494 ςηνοῦ
2382 3421 2475 3476 τοῦ
2527 3419 2790 3492 βασιλέως
2824 3420 3070 3482 οἰκετῶν,
3110 3418 3345 3488 Εὖγενία
3394 3419 3459 3486 τῇ
3504 3416 3735 3486 βασιλίδι

2167 3513 2480 3584 προσελθὼν
2531 3513 2764 3584 παρῄνει
2813 3513 2948 3583 πρὶς
2980 3509 3427 3580 τὴνέλευθερίαν
3477 3506 3573 3560 τοῦ
3629 3505 3739 3560 υἱοῦ

2169 3604 2244 3676 μὴ
2299 3604 2621 3659 κατοκνεῖν.
2666 3602 2803 3674 μηδέ
2858 3603 2968 3664 τοῖς
3032 3600 3298 3668 βασιλέως
3346 3597 3436 3651 τοῦ
3487 3593 3746 3664 γαμϐροῦ

2166 3697 2454 3767 προσέχειν
2502 3695 2682 3761 λύγοις
2746 3693 2885 3764 πρὸς
2946 3692 3163 3761 ἀπάτην
3218 3690 3750 3756 συνεσκευασμένως

2166 3791 2260 3842 καὶ
2295 3788 2653 3856 φενακισμον,
2703 3785 2820 3838 ἀλλ’
2856 3786 3023 3854 αὐτὴν
3052 3803 3110 3837 τε
3160 3781 3604 3843 διακινδυνεύειν,
3644 3779 3752 3832 καὶ

2166 3883 2290 3942 τοῖς
2315 3879 2498 3946 φίλους
2534 3878 2846 3948 παρορμᾷν.
2880 3876 3051 3928 Αὐςδν
3087 3874 3144 3926 δὲ
3169 3874 3235 3926 τὰ
3271 3873 3496 3941 μέγιστα
3526 3884 3750 3936 συγκαο

2166 3970 2552 4040 τεργάσεσθαι,
2609 3971 2674 4024 ἂν
2730 3968 2992 4040 χρήματά
3043 3983 3102 4020 τε
3161 3965 3360 4035 μέτρια
3403 3964 3749 4034 παράσχοιτο

2168 4065 2306 4133 αὐτή
2339 4080 2481 4128 τινα,
2510 4063 2602 4115 καὶ
2631 4062 2755 4122 τοὺς
2784 4061 2972 4130 φίλους
3001 4058 3206 4111 πείσειε
3247 4055 3619 4123 συναίρεσθαι.
3645 4056 3751 4107 Au.

2168 4154 2427 4224 νήσεσθαι
2483 4153 2591 4223 γὰρ
2621 4151 2784 4204 αὐτὸν
2820 4151 2880 4205 οὐ
2930 4152 3045 4219 τῶν.
3080 4150 3296 4218 δεσμῶν
3330 4149 3540 4200 ἐκεῖνον
3583 4147 3754 4214 μόνον

2168 4245 2558 4310 ἀπαλλάττειν,
2592 4243 2728 4299 ἀλλὰ
2767 4245 2860 4298 καὶ
2896 4243 3032 4315 πρὸς
3057 4243 3156 4313 τὴν
3187 4241 3421 4310 ἀρχαίαν
3443 4239 3750 4308 εὐετηρίαν

2170 4332 2487 4404 ἐπανάγειν,
2522 4336 2571 4387 εί
2604 4336 2670 4387 τὰ
2725 4332 3131 4404 βεϐουλευμένα
3155 4333 3236 4393 είς
3280 4330 3440 4399 ἔργον
3485 4328 3752 4397 δυνηθείη

2171 4429 2420 4496 ἀγαγεῖν.
2453 4426 2684 4494 Εὐγενία
2717 4425 2773 4478 δὲ
2823 4426 2855 4493 ή
2897 4424 3130 4496 βασιλὶς,
3165 4422 3366 4492 πολλὴν
3398 4421 3610 4473 ἐκείνου
3642 4437 3760 4472 κα-

494 4520 767 4575 cruciatus
807 4521 911 4574 sibi
941 4519 1359 4590 acquisiturum.
1392 4523 1462 4577 At
1523 4523 2061 4577 illevccordissimus

2172 4519 2444 4587 ταγνοῦσα
2473 4519 2679 4581 ἄνοιαν,
2711 4517 2786 4580 ὡς
2845 4514 3015 4586 μείζω
3050 4516 3082 4585 ἦ
3117 4515 3258 4568 κατὰ
3297 4512 3395 4584 τὴν
3430 4515 3756 4582 προσοῦσαν

436 4663 439 4666 .
494 4619 550 4663 et
594 4612 708 4680 ipse
751 4611 816 4667 ad
871 4596 1148 4683 negotium
1200 4615 1430 4668 stultum
1493 4615 1767 4684 prosiluit,
1823 4624 1880 4670 et
1929 4616 2066 4671 alios

493 4703 653 4773 longe
702 4718 760 4758 se
810 4704 1065 4760 meliores
1122 4705 1318 4760 eodem
1370 4707 1611 4776 pellexit,
1657 4717 1716 4761 ut
1771 4707 1825 4761 in
1873 4722 2065 4778 magna

493 4797 638 4867 apud
691 4797 1005 4854 Matthzcum
1043 4798 1372 4853 auctoritate
1401 4798 1636 4863 futuros,
1679 4798 1722 4852 si
1756 4799 1874 4869 eius
1903 4814 2067 4863 causa

493 4889 800 4960 suscepisse
832 4889 956 4944 talia
988 4890 1323 4944 viderentur.
1351 4888 1618 4945 Convenit
1651 4889 1818 4960 igitur
1845 4930 1859 4953 ,
1887 4899 1949 4959 ut
1977 4906 2069 4943 ca-

493 4991 646 5052 ptato
669 4991 933 5052 tempore,
964 4998 1071 5052 quo
1102 4993 1253 5038 extra
1278 4982 1596 5054 Byzantium
1634 4983 1928 5050 imperator
1953 4997 2072 5037 ver-
2108 4987 2111 4995 '

494 5081 734 5137 saretur,
784 5073 887 5142 ipsi
916 5076 1088 5144 parati
1129 5076 1183 5128 in
1236 5075 1489 5129 custodes
1542 5073 1726 5142 palatii
1777 5073 2070 5144 derepente

495 5163 775 5220 irruerent
806 5183 819 5219 :
851 5166 1056 5236 quibus
1109 5175 1165 5219 ct
1193 5165 1315 5219 aliis
1338 5165 1593 5220 omnibus
1634 5164 2072 5234 expulsis,a:que

495 5257 752 5313 custodes
784 5268 1030 5328 agerent,
1071 5259 1537 5330 adversantesque
1583 5259 1936 5330 repellerent,
1971 5259 2073 5312 im-

497 5348 770 5420 peratoris
795 5359 1004 5404 tantum
1037 5349 1177 5405 ﬁlios
1210 5361 1264 5407 et
1295 5363 1518 5406 uxorem
1546 5353 1696 5405 intus
1751 5352 2069 5405 retinentes.

497 5439 554 5497 Si
581 5441 874 5512 imperator
919 5455 1014 5497 eos
1067 5442 1476 5512 aggrederetur,
1507 5452 1563 5498 et
1611 5442 1947 5499 deditionem
1983 5458 2077 5512 po-

496 5534 758 5598 stularet,
790 5543 904 5589 tum
933 5533 1308 5601 juramentum
1355 5534 1422 5588 ab
1453 5549 1519 5590 eo
1559 5544 1828 5604 peterent,
1870 5533 2078 5588 facino-

499 5626 578 5681 ris
604 5625 768 5696 bujus
796 5641 985 5696 pmnas
1031 5641 1136 5680 non
1173 5635 1496 5680 exacturum
1523 5665 1539 5691 ,
1582 5635 1637 5680 et
1680 5625 1964 5696 pecuniam
1997 5624 2079 5678 in—

500 5728 666 5782 super
713 5723 1154 5777 muneraturum,
1217 5712 1672 5782 Matthteumque,
1727 5710 1910 5764 uxoris
1966 5725 2078 5763 suze

502 5820 822 5876 germanqu
872 5819 1091 5860 carcere
1145 5805 1489 5883 levaturum,
1562 5813 1618 5860 et
1673 5803 2076 5874 Adrianopolis,

2169 4610 2641 4680 ἐπαγγελλομένου
2682 4609 2935 4678 δύναμιν,
2981 4607 3280 4677 ἁπέπεμπέ
3315 4624 3370 4659 τε
3425 4605 3552 4658 οὐδέ
3583 4606 3750 4670 λόγου

2169 4701 2470 4765 ἀξιώσςισα,
2505 4700 2598 4752 καὶ
2659 4699 2894 4768 παρῄνει
2922 4699 3155 4768 ἠρεμεῖν
3209 4696 3284 4760 ὡς
3333 4695 3490 4748 οὐδὲν
3521 4697 3684 4748 πλέον
3713 4693 3752 4764 ἢ

2173 4792 2383 4848 πολλῶν
2415 4792 2591 4860 ἐαυτῷ
2629 4789 2876 4860 βασάνων
2920 4789 3092 4841 αἰτίου
3125 4787 3384 4857 ἐσομένου
3415 4785 3511 4839 τοῦ
3545 4787 3761 4857 τολμή-

2173 4903 2364 4964 ματος.
2401 4884 2459 4938 ’0
2497 4884 2551 4936 δὲ
2591 4883 2696 4936 ὐπὸ
2744 4880 2947 4950 πολλῆς
3011 4877 3401 4948 παραπλτοξίας
3459 4876 3623 4938 αὐτός
3694 4892 3764 4928 τε

2171 4976 2396 5046 ὥρμητο
2430 4974 2524 5026 ἐπὶ
2557 4973 2779 5043 πράξεις
2803 4973 3082 5040 ἀνοήτους,
3118 4970 3210 5022 καὶ
3240 4968 3434 5030 ἄλλους
3467 4968 3766 5037 ἐπεχείρει

2173 5066 2380 5120 πείθειν
2410 5064 2590 5134 πολλῷ
2626 5063 2868 5134 βελτίους
2899 5061 2994 5114 ἐαυ
3007 5060 3093 5114 τοῦ
3122 5101 3136 5123 ,
3163 5059 3236 5122 ὡς
3274 5057 3485 5128 μεγαλα
3516 5057 3770 5124 δυνησο-

2177 5157 2370 5226 μένους
2395 5155 2544 5223 παρὰ
2566 5151 2833 5224 Ματθαίῳ
2858 5150 3090 5222 βασιλεῖ,
3116 5151 3164 5202 εί
3192 5149 3416 5202 τοιαῦτα
3438 5146 3581 5216 ὑπὲρ
3607 5147 3773 5199 ἐκεί-

2173 5266 2267 5302 νου
2318 5248 2652 5320 πράττοντες
2683 5245 2919 5316 ὀφθεῖεν.
2957 5244 3190 5314 Γνώμην
3239 5242 3296 5296 δέ
3337 5242 3500 5302 αὐτὸς
3525 5241 3769 5309 εἰσῆγεν

2173 5339 2248 5402 ὼς
2279 5339 2472 5410 καιρὸν
2508 5339 2949 5410 ἐπιτηρήσαντας
3005 5335 3167 5404 ήνίκα
3216 5331 3282 5386 ἂν
3313 5332 3416 5398 ἔξω
3453 5328 3772 5395 Βυζαντίου

2174 5431 2444 5502 διατρίϐοι
2478 5430 2749 5501 βασιλεὺς,
2779 5429 2978 5491 αὐτοὺς
3011 5425 3611 5496 παρασκευασαμένους
3640 5425 3778 5486 τοῖς

2177 5526 2234 5578 ἐν
2271 5523 2560 5594 βασιλείοις
2592 5518 2932 5594 ἐπιτίθεσθαι
2969 5521 3230 5590 φρουροῖς
3267 5517 3398 5586 πρὶν
3425 5514 3732 5568 αἰσθέσθαι
3758 5529 3777 5544 ο

2179 5613 2540 5680 ἐξελάσαντας
2575 5612 2632 5665 δὲ
2663 5610 2861 5672 αὐτούς
2885 5627 2968 5675 τε,
2996 5609 3090 5662 καὶ
3119 5610 3245 5671 τοὺς
3280 5607 3473 5668 ἄλλους
3503 5608 3782 5670 ἅπαντας

2179 5707 2400 5776 ὁμοίως,
2426 5705 2620 5768 αὐτοὺς
2645 5703 2705 5756 τὸ
2729 5701 2992 5774 φρούριον
3013 5700 3288 5768 κατέχειν,
3319 5699 3412 5751 καὶ
3441 5696 3781 5766 ἀμύνεσθαι

2183 5797 2306 5863 τοὺς
2368 5795 2638 5862 ἐπιόντας,
2675 5794 2798 5859 τοὺς
2848 5793 3042 5858 παῖδας
3100 5791 3369 5861 βασιλέως
3403 5789 3566 5860 μόνον
3600 5787 3781 5842 ἔνδον
