3964 6210
219 312 316 377 3ἵ9

1334 311 1383 370 II
1399 301 1875 370 ISTORIARUM
1923 311 2098 370 LIBE
2113 313 2156 370 R
2203 311 2296 370 IV.

3338 308 3446 378 330'

216 425 299 476 καὶ
326 422 543 491 ἐρείπια
581 421 748 474 πολλᾶ
795 421 890 492 τῆς
921 419 1112 492 πρώην
1169 420 1447 484 συνοικίας
1466 421 1635 491 ’ἄγειν
1673 421 1773 473 οὐκ

1884 423 2182 476 ternuntios
2214 420 2281 475 de
2325 433 2456 487 [ace
2487 426 2730 486 agentes,
2774 417 2941 488 886
2974 430 3098 472 cum
3141 415 3275 472 nihil
3313 431 3448 474 con-

216 513 522 581 ἑδοκίμαζον
586 512 683 578 τὴν
755 511 1016 582 στρατιὰν
1083 511 1429 582 εὖρυχωρίας
1500 513 1768 582 δεομένην

219 603 457 673 μάλιστα.
511 601 651 656 Δι“ἃ
708 602 964 672 ἑκάτερος
1022 603 1122 673 τὴν
1180 602 1409 672 δύναμιν
1439 603 1774 674 συνέχοντες,

213 695 475 764 ἡσύχαζον
497 695 590 746 ἐπὶ
636 693 745 747 τῶν
798 695 1163 764 σρατοπὲδων.
1197 697 1502 765 Πρεσόείας
1531 697 1586 749 δὲ
1636 696 1774 766 πρὸς

213 785 460 854 ἀλλήλους
486 786 817 854 πέμποντες,
857 786 1161 854 διελέγοντο
1213 788 1338 855 περὶ
1395 787 1643 856 εἰρήνης.
1685 786 1774 850 Ὠς

214 875 264 927 δὲ
289 874 610 928 συνέόαινον
639 873 913 942 ἀλλήλοις,
942 878 970 927 6
1005 876 1104 944 μὲν
1132 875 1214 938 είς
1248 875 1450 946 Βιζύην
1477 877 1775 946 ἀνέστρεφε

215 971 340 1035 μετὰ
365 966 470 1031 τῆς
526 967 808 1034 στρατιᾶς,
839 966 1207 1032 Παλαιολόγος
1261 967 1317 1018 δὲ
1353 968 1380 1018 6
1413 966 1664 1035 βασιλεὺς
1695 967 1776 1032 είς

213 1061 266 1112 τὸ
294 1058 588 1121 Βυζάντιον
610 1073 626 1088 °
647 1063 740 1110 καὶ
761 1059 1088 1111 ἐσκέπτοντο
1102 1060 1208 1130 ὅτῳ
1228 1058 1414 1129 τρόπῳ
1431 1059 1776 1114 κακώσουσιν

215 1149 488 1218 ἀλλήλους.
534 1149 623 1202 Ἐν
643 1149 818 1217 τούτῳ
861 1148 917 1202 δὲ
948 1149 1026 1218 τῷ
1057 1151 1234 1219 χρόνῳ
1278 1150 1341 1202 ἐκ
1373 1150 1625 1212 Φωκαίας
1678 1151 1777 1220 τῆς
1804 1142 1822 1155 ⁸

221 1243 468 1306 παλαιᾶς,
494 1236 560 1309 ἧς
627 1241 936 1304 Καλόθετος
989 1237 1150 1312 ἦρχε,
1209 1243 1448 1312 μονήρης
1506 1243 1776 1315 λῃστρικὴ

216 1335 292 1388 ἐπὶ
312 1333 406 1386 τὸν
447 1332 782 1398 Ἀστακηνδν
813 1331 1042 1386 ἐλθοῦσα
1067 1334 1263 1386 κόλπον
1289 1332 1540 1404 λῃστείας
1593 1335 1774 1400 ἕνεκα,

215 1426 337 1480 ,οὕτω
369 1424 614 1494 συμϐὰν,
643 1423 883 1495 Χαλίλην
915 1424 1004 1477 τὸν
1033 1425 1271 1495 Ὀρχάνη
1305 1426 1596 1478 συνέλαϐεν
1635 1425 1774 1490 υίδν,

215 1517 414 1586 ἀκατίῳ
446 1518 555 1568 τινὶ
576 1517 670 1568 τὸν
712 1518 892 1568 ἐκεῖσε
926 1515 1324 1586 περαιούμενον
1372 1513 1620 1588 πορθμόν
1642 1535 1656 1549 ν
1679 1518 1776 1571 καὶ

211 1610 385 1664 αὐτίκα
417 1606 688 1676 ἀνεχώρει
708 1607 788 1670 είς
807 1608 904 1676 τὴν
932 1606 1203 1662 Φώκαιαν.
1247 1608 1513 1678 Ὀρχάνης
1564 1608 1620 1661 δὲ
1651 1609 1773 1662 ἐπεὶ

212 1701 416 1755 ἐπύθετο
452 1699 949 1769 ἁνδραποδισθέντα
976 1699 1068 1752 τὸν
1090 1699 1228 1763 υῐδν,
1259 1699 1352 1753 καὶ
1391 1701 1470 1762 είς
1517 1698 1772 1754 Φώκαιαν

214 1793 535 1862 ἀπαχθέντα,
563 1792 886 1863 στρατεύειν
943 1793 1041 1862 μὲν
1095 1793 1188 1845 ἐπὶ
1226 1794 1579 1856 Φωκαιανοῦς
1634 1789 1780 1864 εἶχεν

221 1885 469 1946 ἀδυνάτως
489 1897 508 1913 ⁶
535 1882 816 1951 δυνάμεώς
844 1901 901 1936 τε
935 1882 1048 1954 γὰρ
1081 1884 1182 1937 οὒκ
1208 1883 1435 1953 εὐπόρει
1491 1884 1780 1954 ναυτικῆς,

220 1976 507 2045 ἦκακώσει
543 1974 874 2039 ἐπελθοῦσα,
908 1977 1004 2029 καὶ
1029 1979 1116 2029 ὲκ*
1144 1975 1244 2045 τῆς
1298 1975 1529 2046 ἠπείρου
1564 1975 1784 2045 εῐσὸολὴ

217 2067 301 2118 οὐκ
317 2065 401 2136 ἢν,
423 2066 514 2136 ἐφ’
535 2066 730 2136 ἐτέρου
751 2068 1011 2138 κειμένης
1033 2065 1374 2138 σατραπείαν
1392 2067 1489 2135 τῆς
1508 2066 1781 2130 Φωκαίας,

215 2158 337 2227 προς
363 2159 419 2211 δν
449 2159 557 2211 ἔδει
591 2136 853 2227 πολεμεῖν
895 2136 1128 2228 δύναμιν
1183 2158 1381 2228 ἔχοντα
1433 2157 1782 2228 ἀντίρροπον,

227 2251 275 2302 εἰ
312 2251 393 2303 διὰ
413 2252 512 2319 τῆς
565 2250 780 2304 ἐκείνου
845 2252 1123 2321 ἐπεχείρει
1183 2251 1276 2303 ἐπὶ
1315 2249 1570 2303 Φώκαιαν
1623 2249 1783 2305 ἰέναι.

244 2343 453 2413 ’Λπορῐα
469 2343 524 2394 δὲ
544 2343 801 2398 πάντοθεν
830 2361 1055 2413 συνισχη
1065 2342 1242 2411 μένος,
1271 2343 1362 2395 ἐπὶ
1383 2342 1480 2413 τὴν
1499 2341 1786 2396 Παλαιολὸ-

242 2446 330 2497 γου
345 2432 427 2483 τοῦ
450 2433 697 2502 βασιλέως
721 2430 861 2487 εἶδεν
884 2433 1201 2506 ἐπικουρίαν
1221 2434 1295 2498 ὡς
1313 2433 1477 2487 αὐτοῦ
1495 2434 1789 2505 δυνησομέ-

237 2540 318 2576 νου
363 2525 518 2593 μόνου
553 2526 643 2579 τὺν
692 2525 809 2580 υίδν
842 2526 1207 2580 ἀπαλλάττειν
1232 2527 1340 2580 τῶν
1399 2526 1635 2598 δεσμῶνο
1691 2524 1788 2579 καὶ

224 2615 422 2686 πέμψας
451 2618 770 2688 πρεσϐείαν,
809 2618 978 2670 ἐδεῖτο
1027 2621 1153 2689 περὶ
1179 2618 1271 2671 τοῦ
1291 2619 1499 2681 παιδός.
1524 2618 1787 2681 Βασιλεὺς

213 2705 262 2758 δὲ
275 2706 540 2777 ὑπέσχετο
558 2707 856 2780 προθύμως
876 2709 1054 2761 πάντα
1079 2708 1328 2778 πράξειν,
1361 2709 1452 2761 καὶ
1496 2707 1786 2762 ἀποδοῦναι

215 2800 298 2850 τὸν
345 2801 475 2865 υἱὸν,
529 2799 598 2854 ἂν
654 2803 750 2854 καὶ
803 2799 965 2864 αὐτὸς
1022 2800 1317 2871 ἀπόσχοιτο
1348 2799 1615 2870 Ματθαίῳ
1659 2798 1784 2854 κατ’

210 2891 357 2947 οὗτοῦ
414 2894 498 2963 τῷ
534 2893 750 2964 βασιλεί
791 2894 1058 2964 παρέχειν
1116 2893 1467 2963 συμμαχίαν
1510 2892 1782 2964 Ὀρχάνης

209 2984 316 3051 γὰρ,
348 2986 442 3037 καὶ
487 2985 634 3054 μετὰ
663 2983 760 3056 τὴν
789 2977 1246 3056 Καντακουζηνοῦ
1285 2984 1378 3038 τοῦ
1423 2985 1685 3056 βασιλέως
1713 2985 1778 3038 ἐκ

177 3077 296 3130 ’τῶν
331 3078 688 3149 πραγμάτων
744 3077 1111 3148 ἀναχώρησιν,
1167 3077 1369 3148 πολλὴν
1424 3078 1842 3152 ὲπεδείκνυτος

202 3169 285 3238 τὴν
314 3171 539 3224 εὔνοιαν
563 3171 699 3242 πρὸς
726 3170 908 3237 αὑτὸν,
945 3170 1042 3224 καὶ
1089 3169 1178 3225 διὰ
1210 3169 1417 3242 ταύτην
1447 3170 1546 3242 τὴν
1593 3171 1774 3226 αἰτίαν

199 3261 276 3314 καὶ
303 3261 530 3333 βασιλεῖ
579 3261 656 3333 τῷ
709 3262 810 3331 υἱῷ
863 3261 1066 3331 πολλὴν
1131 3262 1426 3335 παρείχετο
1473 3261 1775 3331 ὠφέλειαν·

195 3357 299 3417 ut;
318 3373 374 3409 τε
405 3356 663 3419 πόλεσιν,
699 3354 822 3407 ὅσαι
856 3349 997 3425 ἦσαν
1041 3353 1136 3407 ὑπ’
1161 3355 1392 3416 ἐκεῖνον,
1435 3354 1588 3413 οὐδὲν
1639 3371 1783 3423 παρ-

189 3447 426 3517 ενοχλῶν,
468 3447 574 3499 καὶ
596 3445 832 3515 πέμπων
869 3445 1128 3516 στρατιὰν
1176 3445 1339 3518 ὁπότε
1394 3444 1638 3515 δεηθείη.
1666 3447 1732 3498 Ἀ
1754 3446 1783 3497 ὀ

193 3539 565 3609 Παλαιολόγος
591 3539 649 3590 ὲν
680 3539 838 3610 δεινῷ
863 3538 1144 3611 τιθέμενος
1167 3537 1446 3608 βασιλεὺς,
1472 3539 1654 3602 καλῶς
1684 3537 1778 3591 τοῦ

205 3634 528 3703 πράγματος
552 3631 948 3700 παρασχόντος,
991 3631 1353 3702 ἔπεχείρησεν
1393 3631 1664 3704 Ὀρχὰνην
1681 3631 1780 3701 τῆς

210 3725 312 3792 πρὸς
343 3725 600 3798 βασιλέα
637 3723 916 3778 Ματθαῖον
964 3723 1150 3793 φιλίας
1183 3722 1438 3795 ἀφιστᾷν.
1485 3722 1782 3794 ’Υπέσχετό

197 3817 348 3869 τεκαὶ
375 3819 406 3870 6
439 3813 742 3887 βάρϐαρος
788 3813 969 3868 πάντα
1011 3812 1263 3882 πράξειν,
1303 3812 1368 3882 ἦν
1401 3815 1559 3885 μόνον
1592 3813 1620 3864 ὁ
1667 3812 1781 3876 υἱὸς

191 3908 318 3976 αὖτῷ
368 3907 610 3976 λυθείη,
662 3907 758 3959 καὶ
808 3905 1076 3960 διετέλεσέ
1106 3923 1170 3975 γε
1197 3905 1326 3977 παρ’
1369 3907 1492 3960 ὅσον
1536 3905 1780 3984 χρόνονρ

186 4001 282 4064 uti;
313 4002 478 4072 αὐτῷ
518 3997 756 4064 ἐδέδετο,
785 3997 909 4050 οὔτε
933 3999 1198 4068 Ματθαίῳ
1229 3997 1442 4069 βασιλεῖ
1495 4014 1779 4068 παρεσχη-

185 4093 329 4158 μένος
411 4091 757 4160 συμμαχίαν
814 4089 908 4143 ἐπὶ
975 4088 1067 4141 τὸν
1120 4089 1483 4158 Παλαιολόγον
1537 4088 1779 4158 βασιλέα,

177 4183 286 4236 οὔτε
319 4182 635 4251 Βυζαντίῳ
698 4183 794 4235 καὶ
826 4183 945 4245 ταῖς
979 4181 1170 4244 ἄλλαις
1227 4181 1448 4233 πόλεσιν
1497 4183 1618 4236 ὅσαι
1673 4180 1782 4234 ὑπὸ

177 4277 352 4331 τοῦτον
376 4275 545 4349 ἦσαν
568 4274 719 4328 οὐδὲν
741 4274 1171 4345 παρενοχλήσας.
1199 4271 1452 4334 Βασιλεὺς
1473 4273 1526 4325 δὲ
1547 4271 1780 4326 Καλὸοε-

177 4385 252 4422 τον
279 4371 546 4441 νομίσας
568 4365 808 4434 εὐχερῶς
839 4365 930 4418 τὸν
965 4365 1080 4418 υἱὸν
1112 4365 1350 4436 Ὀρχὰνη
1376 4364 1780 4434 παρασχέσθαι,

1879 509 2115 574 veniret,
2147 507 2434 561 Mattltmus
2477 499 2724 575 Bizyam,
2755 505 3087 574 Palu-elogiis
3128 503 3449 575 Byzantium

1880 598 2066 660 rediit,
2102 596 2613 666 circumspicientes
2657 611 2766 664 quo
2799 604 2956 664 pacto
2991 603 3240 649 mutuum
3285 571 3522 668 noce-:5

1881 697 2021 742 rent.
2065 689 2169 743 Per
2207 688 2351 741 idem
2391 696 2609 754 tempus
2651 702 2713 740 ex
2776 687 2999 740 Phocma
3052 686 3243 748 veteri,
3286 702 3448 756 quam

1875 781 2196 837 Calotbctus
2226 781 2592 853 gubernabat,
2626 779 2952 850 praedatoria
2985 781 3138 835 navis
3179 781 3232 834 in
3267 782 3449 834 sinum

1877 879 2207 930 Astacenum
2245 875 2488 944 piratica:
2524 873 2790 929 faciundae
2825 874 3064 935 devenit,
3110 883 3165 928 et
3203 871 3450 927 Chaliten

1880 966 2154 1022 Orchanis
2189 967 2358 1019 [ilium
2389 981 2516 1042 casu
2553 965 2608 1020 in
2649 974 2870 1035 portum
2923 965 3033 1019 illic
3090 965 3450 1030 trajicientem

1880 1061 2047 1126 cepit,
2090 1057 2383 1127 statimque
2429 1057 2712 1111 Phocaeam
2757 1057 3011 1111 recurrit.
3068 1055 3344 1111 Orchanes
3373 1058 3456 1122 {ut

1879 1149 2050 1204 [ilium
2073 1149 2356 1205 Phoczcam
2381 1149 2652 1218 captivum
2676 1149 2968 1203 abductum
2994 1149 3281 1217 cmnpcrit,
3314 1148 3458 1202 Pho-

1881 1259 2122 1298 caeenses
2159 1243 2350 1298 ulcisci
2386 1259 2494 1297 non
2538 1251 2774 1313 poterat,
2820 1241 2963 1312 quod
2994 1241 3170 1296 navali
3211 1241 3458 1311 potentia

1881 1349 1990 1388 non
2024 1335 2254 1396 valeret.
2280 1349 2386 1403 qua
2419 1348 2512 1389 eos
2543 1332 2808 1403 afﬂigeret
2835 1351 2850 1388 :
2883 1349 2985 1389 nec
3021 1343 3163 1388 terra
3195 1349 3289 1387 eos
3325 1331 3460 1386 ado-

1879 1425 1998 1491 riri,
2028 1424 2474 1495 quandoquidem
2506 1440 2572 1479 ea
2621 1424 2753 1479 urbs
2788 1426 3018 1480 alterius
3059 1423 3295 1494 satrapia
3330 1439 3464 1478 con-

1876 1518 2173 1585 tinebatur,
2218 1515 2440 1587 quicum
2494 1516 2716 1586 paribus
2769 1516 3050 1572 decertare
3093 1516 3268 1585 c0piis
3302 1530 3465 1584 Opor—

1881 1609 2049 1675 tebat,
2077 1610 2120 1663 si
2156 1625 2250 1679 per
2272 1609 2391 1678 ejus
2415 1606 2750 1678 provinciam
2774 1608 3058 1662 Phocaeam
3085 1617 3270 1677 petere
3301 1622 3466 1661 cona-

1883 1712 2056 1757 retur.
2112 1703 2168 1755 ln
2221 1716 2438 1755 onmem
2490 1699 2658 1770 igitur
2724 1714 2783 1754 se
2846 1710 3056 1770 partem
3111 1713 3360 1762 versans,
3393 1698 3466 1751 'et

1885 1793 2082 1848 anxius
2117 1791 2311 1857 animi,
2368 1790 2585 1845 tandem
2647 1791 2713 1846 ad
2767 1789 3057 1861 Palmologi
3116 1788 3466 1859 imperatoris

1885 1886 2150 1940 auxilium
2189 1884 2434 1954 respicit,
2469 1893 2529 1938 ut
2558 1883 2650 1954 qui
2677 1883 2828 1938 solus
2870 1883 3040 1936 lilium
3067 1880 3298 1936 vinculis
3328 1880 3470 1934 libe-

1889 1993 2012 2032 rare
2029 1985 2236 2065 ﬂuent,
2272 1975 2438 2046 idque
2472 1984 2532 2029 ut
2558 1979 2831 2047 fprastarc
2864 1991 2931 2028 ne
2966 1984 3245 2045 gravetur,
3283 1973 3468 2028 missis

1888 2069 2204 2125 oratoribus
2244 2079 2418 2138 rogat.
2456 2067 2764 2138 Imperator
2797 2067 2980 2121 statim
3032 2066 3266 2138 spondet
3292 2066 3471 2120 factu-

1888 2174 2010 2212 rum
2049 2159 2255 2223 omnia,
2305 2166 2362 2213 et
2413 2158 2584 2213 [ilium
2632 2158 3042 2225 restituturum,
3094 2159 3137 2213 si
3177 2165 3232 2212 et
3272 2155 3387 2227 ipse
3436 2171 3470 2212 ιι

1889 2251 2142 2306 Matthmo
2173 2261 2364 2306 contra
2411 2267 2470 2308 se
2513 2251 2821 2323 adjuvando
2865 2243 3146 2306 cessaret:
3185 2249 3469 2308 Orchanes

1888 2344 2091 2413 quippe
2123 2343 2288 2398 etiam
2311 2353 2434 2414 post
2461 2342 2826 2398 Cantacuzeni
2862 2342 3222 2397 anachoresin
3259 2343 3378 2412 ejus
3411 2355 3472 2396 se

1889 2435 2311 2506 cupidissimum
2345 2435 2784 2500 demonstrabat,
2831 2445 2999 2504 atque
3036 2435 3240 2490 idcirco
3271 2444 3327 2489 et
3357 2434 3474 2489 lilio

1891 2527 2070 2598 ipsius
2127 2527 2363 2582 multum
2421 2527 2842 2594 commodabat,
2895 2537 2951 2582 et
3002 2526 3232 2582 urbibus
3289 2525 3469 2580 eidem

1889 2619 2156 2691 subjectis
2209 2620 2350 2675 nihil
2389 2621 2764 2675 molestiarum
2808 2619 3125 2683 exhibebat,
3162 2628 3217 2674 et
3254 2618 3472 2688 quoties

1889 2713 2100 2778 orabat,
2137 2713 2402 2767 auxilium
2441 2713 2822 2782 submittebat.
2861 2713 2991 2779 Quae
3017 2728 3142 2768 cum
3169 2713 3471 2785 Palaeologo

1889 2799 2160 2865 dolerent,
2193 2799 2481 2870 pulchram
2510 2808 2704 2854 nactus
2748 2801 3117 2866 occasionem,
3161 2799 3470 2855 Orchanem

1889 2907 1921 2946 a
1943 2890 2180 2946 Matthmi
2206 2891 2448 2946 amicitia
2473 2890 2786 2962 disjungere
2819 2891 3070 2954 tentavit,
3105 2892 3474 2963 promisitque

1888 2984 2159 3040 barbarus
2187 2983 2394 3050 omnia,
2418 2984 2580 3039 modo
2613 2984 2785 3039 ﬁlium
2808 2984 3076 3054 reciperet
3107 3002 3120 3039 :
3148 2988 3471 3064 etquanuiu

1887 3087 2138 3156 captivus
2166 3086 2258 3141 ille
2295 3085 2608 3151 tenebatur,
2647 3101 2750 3140 nec
2789 3085 3044 3142 Matthtco
3073 3086 3336 3142 adversus
3367 3086 3473 3141 Pa-

1883 3185 2172 3260 lagologum
2207 3182 2486 3249 subsidio,
2530 3197 2632 3238 nec
2664 3183 2944 3253 Byzantio,
2976 3184 3207 3254 aliisque
3237 3182 3472 3237 urbibus

1883 3278 2060 3333 eidem
2102 3277 2428 3347 parentibus
2472 3276 2738 3332 molestiae
2787 3276 2911 3334 fuit.
2949 3276 3250 3346 Imperator
3283 3275 3473 3332 existi-

1883 3386 2042 3427 mans
2064 3371 2414 3427 Calothetum
2447 3370 2691 3426 Orchani
2728 3371 2900 3426 lilium
2930 3370 3073 3425 baud
3105 3378 3326 3440 gravate
3351 3368 3472 3422 red-

1884 3464 2163 3530 diturum,
2197 3468 2240 3520 si
2280 3474 2490 3540 tantum
2517 3473 2817 3532 peteretur,
2845 3462 3075 3532 petitum
3101 3463 3271 3523 misit,
3298 3460 3472 3514 hono-

1884 3572 1973 3612 res
1996 3565 2052 3612 et
2079 3557 2183 3610 alia
2214 3557 2480 3612 nonnulla
2508 3556 2796 3612 “commoda
2828 3555 3124 3626 pollicitus.
3151 3552 3471 3608 Calothclus

1883 3646 1971 3702 his
1998 3663 2188 3716 parum
2215 3648 2450 3713 moveri,
2480 3647 2742 3717 grandem
2783 3646 3028 3716 pecunia:
3063 3657 3332 3700 summam
3365 3657 3468 3711 po-

1883 3740 2113 3805 stulare,
2175 3755 2340 3810 quam
2389 3755 2686 3794 numerare
2748 3739 3050 3808 imperator
3095 3739 3184 3792 vix
3233 3743 3465 3807 poterat.

1881 3831 2130 3902 Cumque
2159 3831 2210 3887 ei
2244 3831 2532 3886 horribilia
2557 3832 2882 3896 minaretur,
2905 3831 2996 3886 ille
3019 3831 3378 3887 nihilominus
3411 3831 3466 3885 in

1882 3922 2225 3994 impudentia
2255 3923 2608 3993 persistebat.
2633 3922 2904 3990 Quocirca
2934 3924 3103 3980 armis
3133 3924 3188 3978 in
3215 3939 3341 3980 eum
3385 3922 3468 3980 ire

1882 4015 2193 4078 constituit,
2225 4024 2282 4071 et
2312 4015 2632 4072 triremibus
2669 4018 2816 4082 bono
2846 4034 3078 4075 numero
3116 4019 3466 4088 comparatis,

1884 4118 2029 4162 terra
2057 4109 2307 4179 marique
2331 4125 2459 4164 eum
2493 4110 2816 4165 lacessebat.
2849 4112 3124 4178 Quoniam
3173 4127 3302 4168 vero
3356 4113 3470 4168 Ire-

1883 4197 2101 4266 quenti.
2136 4206 2193 4252 et
2234 4198 2415 4253 valida
2461 4199 2878 4268 oppugnatione
2926 4201 3150 4256 tentatis
3193 4203 3470 4258 moenibus

1887 4287 2080 4342 urbem
2121 4289 2174 4342 vi
2207 4289 2330 4356 capi
2358 4304 2468 4343 non
2497 4303 2659 4358 posse
2689 4290 3181 4358 animadvertebat,
3213 4295 3431 4363 persqu
3452 4321 3468 4334 -

1886 4377 1956 4432 tis
1991 4377 2284 4434 Calotheto
2310 4394 2607 4434 aureorum
2647 4390 2872 4436 centum
2909 4384 3173 4450 millibus,
3209 4386 3376 4456 887
3411 4397 3468 4440 et

179 4465 214 4512 εἱ
262 4464 442 4532 μόνον
521 4457 801 4528 αἰτηθείη,
859 4457 1081 4528 πέμψας
1136 4458 1272 4528 πρὸς
1338 4457 1520 4522 αὑτὸν,
1569 4458 1774 4527 ἐζήτει,

1888 4470 2387 4541 Panhypersebasti
2423 4456 2689 4542 dignitate
2724 4473 2934 4540 addita,
2983 4443 3170 4530 ﬁlium.
3195 4443 3467 4532 ($3.3m

172 4555 329 4622 τιμὰς
365 4548 870 4617 ἐπαγγελλόμενος
921 4549 1015 4599 καὶ
1059 4545 1228 4609 ἄλλας
1265 4543 1415 4608 τινὰς
1437 4543 1778 4613 εὐεργεσίας.

168 4645 503 4706 Καλόοιιτος
549 4641 606 4693 δὲ
673 4639 878 4692 τούτων
925 4639 1025 4708 μὲν
1081 4637 1262 4707 ὀλίγον
1315 4637 1477 4706 λόγον
1521 4638 1778 4701 ἐποιεῖτο,

164 4742 498 4810 χρημάτων
572 4732 630 4785 δὲ
682 4733 866 4804 ῂτεῖτο
905 4731 1130 4798 πλῆθος,
1183 4730 1220 4784 ἃ
1265 4731 1498 4785 ἐκτίνειν
1549 4729 1782 4800 σχεδὸνὸ

164 4832 433 4899 βασιλεὺς
496 4823 780 4886 ἀδυνάτως
824 4820 959 4894 εἶχε.
991 4821 1268 4885 Βασιλέως
1316 4821 1372 4875 δὲ
1426 4819 1782 4884 ἀπειλοῦντος

159 4925 222 4977 τὰ
247 4924 493 4992 ἔσχατα
541 4915 843 4985 διαθήσειν,
902 4915 950 4966 εί
986 4914 1061 4984 μὴ
1118 4915 1382 4980 πείθοιτο,
1412 4912 1565 4966 οὐδὲν
1619 4907 1782 4984 ἦττον

164 5019 376 5078 ἐκεῖνος
411 5008 785 5080 ἀνῃσχύντει.
816 5007 893 5060 Δι’
921 5006 957 5061 ὃ.
988 5007 1160 5059 ἐδόκει
1191 5007 1299 5059 δεῖν
1329 5005 1478 5076 αὐτῷ
1524 5007 1783 5074 ἐπιστρα-

163 5110 372 5162 τεύειν·
447 5106 559 5157 καὶ
625 5101 1211 5170 παρασκευασάμενος,
1249 5097 1582 5151 ἐπέπλευσεν
1633 5095 1784 5168 αὐτῷ

161 5207 479 5273 τριήρεσιν
507 5195 612 5248 οὐκ
636 5194 870 5261 ὀλίγαις,
905 5193 996 5246 καὶ
1024 5190 1331 5263 ἐπολιόρκει
1356 5191 1419 5244 ἐκ
1449 5193 1551 5260 γῆς
1579 5190 1783 5260 ὁμοίως

161 5297 251 5347 καὶ
284 5291 627 5356 θαλάσσης.
670 5285 760 5338 Ἐν
801 5283 1020 5347 πολλαῖς
1049 5285 1103 5338 δὲ
1135 5287 1228 5336 καὶ
1284 5285 1575 5354 καρτεραῖς
1607 5299 1786 5352 τειχο-

163 5387 407 5455 μαχίαις
479 5377 863 5448 ἀποπειράσας
916 5376 1023 5430 τῶν
1075 5376 1292 5446 τειχῶν,
1345 5376 1472 5430 ἐπεὶ
1522 5374 1783 5430 ἀδύνατον

159 5477 252 5546 τὴν
271 5472 662 5543 ἐπιχείρησιν
692 5466 864 5539 ἑώρα,
893 5468 1023 5522 δέκα
1069 5467 1337 5538 μυριάδας
1365 5467 1785 5538 παρασχόμενος

157 5569 436 5637 χρυσίου,
484 5562 580 5612 καὶ
608 5565 674 5631 τῇ
718 5561 1242 5631 πανυπερσεὸἁστου
1275 5557 1404 5629 ἀξίᾳ
1445 5557 1781 5637 τετιμηκὼς,

154 5636 316 5715 ἔλυσε
341 5655 472 5724 τῆς
512 5652 880 5721 αἰχμαλωσίας
908 5653 999 5704 τὸν
1025 5651 1141 5704 υἱὸν
1193 5649 1451 5721 Ὀρχάνη.
1478 5651 1574 5704 καὶ
1597 5636 1783 5705 ἆπεδίσ

151 5752 242 5804 εσυ
298 5749 395 5814 τῷ
477 5743 670 5812 πατρί.
713 5742 802 5794 Ἐν
833 5735 876 5810 ᾧ
930 5742 986 5794 δὲ
1045 5741 1220 5796 ταῦτα
1272 5743 1525 5809 ἐτελεῖτο,
1586 5744 1780 5813 χρόνον

437 5841 719 5900 Ρλτιιοι..
753 5839 869 5899 (in.
917 5829 1124 5896 CLIV.

1887 4562 2108 4629 liberat,
2143 4570 2201 4618 et
2232 4563 2300 4618 ad
2331 4571 2546 4644 patrem
2587 4565 2842 4623 remittit.
2899 4566 3069 4622 Multo
3109 4577 3358 4641 tempore
3408 4571 3463 4624 in

1886 4652 1972 4708 his
2004 4653 2240 4725 negotiis
2263 4667 2608 4726 consumpto,
2630 4657 2850 4713 urbium
2872 4659 3173 4732 Mygdonia:
3201 4662 3462 4732 praefecti.

1887 4743 2251 4801 Triballorutn
2307 4747 2661 4813 nobilissimi,
2705 4749 3019 4806 Matthzeum
3075 4753 3461 4821 imperatorem

1888 4845 2100 4894 secreto
2129 4847 2383 4903 evocant,
2427 4850 2619 4909 utpote
2661 4841 2738 4894 illi
2781 4857 2840 4895 se
2884 4857 3007 4896 cum
3043 4842 3272 4896 urbibus
3306 4843 3461 4896 dedi-

1889 4928 1996 4980 turi
2024 4943 2040 4992 ;
2073 4942 2180 4994 qua
2206 4927 2273 4982 de
2307 4943 2366 4982 re
2397 4938 2455 4983 et
2487 4939 2648 4982 antea
2683 4921 2929 4998 cgeraitt.
2969 4931 3045 4984 Ex
3082 4947 3191 4997 quo
3222 4947 3461 5000 namque

1885 5016 2300 5073 Cantacuzenus
2330 5020 2521 5088 pulsus
2547 5021 2866 5089 allomauis
2891 5021 3035 5090 apud
3070 5022 3340 5076 Triballos
3370 5027 3461 5078 di-

1884 5117 2135 5162 versatus
2158 5107 2359 5172 fuerat,
2392 5109 2529 5163 mira
2554 5111 2723 5166 animi
2759 5110 3114 5166 inclinatione
3149 5116 3464 5182 potentissi-

1886 5215 2010 5254 mus
2045 5199 2279 5269 quisque
2320 5201 2666 5269 potissimum
2697 5203 2952 5258 eumdem
2985 5206 3220 5262 colebat.
3271 5208 3462 5278 Itaque

1885 5290 2050 5344 etiam
2084 5289 2244 5345 Crale
2272 5291 2596 5360 superstite,
2625 5292 2868 5347 libenter
2899 5294 3166 5364 vidissent
3194 5297 3372 5368 ipsum
3406 5301 3460 5354 in

1887 5380 2162 5436 Triballos
2194 5389 2410 5450 gentem
2437 5397 2592 5437 suam
2617 5383 3031 5454 expeditionem
3069 5389 3369 5458 suscipere,
3406 5400 3461 5447 et

1888 5469 1943 5522 in
1971 5465 2034 5522 id‘
2055 5485 2279 5539 operam
2308 5469 2555 5539 impense
2583 5471 2805 5535 dabant,
2845 5475 3115 5544 siquidem
3147 5478 3265 5548 ejus
3297 5489 3460 5548 quam

1887 5560 2064 5616 Cralis
2102 5562 2394 5631 imperium
2435 5563 2736 5629 malebant,
2771 5573 2934 5634 atque
2981 5567 3083 5624 hac
3116 5571 3184 5625 de
3227 5587 3284 5627 re
3323 5573 3461 5630 clam

1886 5652 2091 5721 saepius
2132 5669 2255 5708 cum
2294 5668 2364 5708 eo
2403 5670 2711 5710 sermonem
2777 5656 3067 5714 habebant.
3109 5664 3305 5716 Verum
3372 5666 3454 5718 uti

1887 5743 2188 5815 imperator
2216 5745 2630 5802 Cantacuzcnus
2655 5747 2923 5805 institutis
2953 5764 3012 5806 se
3034 5753 3349 5815 monastmis
3371 5754 3437 5808 ad

3074 5839 3138 5929 υ
