3964 6210
480 332 580 397 331

1643 318 1968 380 JOANNIS
2006 314 2531 377 CANTACUZENI

3604 309 3712 370 332

477 448 637 503 dixit.
693 455 994 508 eorumque
1050 437 1302 507 princeps
1363 435 1475 490 fato
1529 448 1630 489 suo
1680 434 1901 488 ltitictus
1933 441 2036 493 est,

2152 429 2337 499 συχνοῦ
2356 444 2497 488 τινος
2515 424 2808 496 τριϐέντος,
2828 425 2911 477 κα“·
2935 424 2982 476 οἱ
2998 423 3104 476 τῶν
3125 420 3267 475 κατὰ
3290 420 3388 490 τὴν
3405 420 3711 489 Μυγδονίαν

478 547 705 609 prepter
745 541 979 585 mutatas
1012 528 1225 582 vivendi
1281 527 1544 591 rationes,
1592 523 1738 594 quod
1786 537 2045 593 sperave-

479 641 624 694 rant,
685 626 903 696 penitus
952 623 1331 690 desperarunt.
1362 619 1440 673 Ad
1498 617 1810 671 Matthazum
1861 624 2043 669 autem

480 723 649 776 filium
704 717 1006 777 mittentes,
1062 711 1241 766 studia
1290 725 1418 780 erga
1466 719 1743 778 parentem
1784 706 1956 776 ipsius
1988 706 2044 759 in

480 808 795 865 memoriam
850 805 923 858 illi
964 803 1309 871 redegerunt,
1354 810 1407 855 et
1438 801 1557 869 ejus
1596 798 1879 867 aequaliter
1924 810 2046 851 esse

479 902 777 960 studiosos,
828 895 1277 956 ei,adh:esuros,
1338 905 1701 960 magnumque
1756 890 2045 957 imperium

478 990 867 1045 CUltClllalurOS
922 993 1327 1040 asseverarnnt.
1383 983 1520 1036 Tum
1580 995 1712 1034 vero
1776 978 2046 1033 Boichnas

476 1082 658 1136 Caesar
686 1078 911 1132 nuntios
946 1077 1119 1139 misit,
1164 1084 1346 1144 parata
1389 1089 1507 1128 esse
1538 1082 1659 1142 qlia:
1696 1073 2046 1139 requireren-

479 1183 568 1227 tur
601 1169 807 1234 omnia,
830 1176 884 1221 et
918 1184 975 1222 se
1003 1168 1165 1221 etiam
1198 1167 1497 1220 Pherarum
1528 1164 1845 1233 praefectum
1872 1164 1936 1218 ad
1965 1164 2048 1233 ip-

478 1275 665 1312 sorum
702 1258 1017 1311 societatem
1057 1255 1403 1324 pertraxisse,
1448 1254 1539 1323 qui
1581 1262 1801 1322 paratus
1844 1254 1915 1306 sit
1954 1269 2047 1306 ur-

477 1348 604 1402 bem
634 1362 755 1400 cum
792 1346 905 1415 ipsa
934 1344 1197 1409 Cralaana,
1238 1344 1532 1412 multisque
1563 1358 1854 1397 aureorum
1879 1342 2047 1397 milli-

483 1440 588 1493 bus
618 1437 865 1500 tradere;
905 1437 1274 1505 rogabantque
1318 1434 1384 1488 ad
1436 1449 1532 1489 eos
1573 1433 1861 1490 accederet
1886 1447 2046 1502 quam

484 1530 829 1593 maturrime,
853 1528 931 1582 sic
958 1526 1017 1583 nt
1039 1527 1181 1580 diem
1210 1524 1476 1580 adventus
1502 1526 1585 1580 sui
1607 1525 1922 1595 praefinirct.
1953 1525 2050 1580 liis

482 1621 691 1675 nuntiis
721 1620 1001 1673 Matthzeus
1032 1618 1358 1672 mirabiliter
1392 1618 1625 1681 laetatus,
1656 1618 1796 1671 hanc
1826 1632 1955 1686 erga
1991 1631 2055 1671 se

481 1714 698 1767 illorum
738 1722 845 1766 tam
884 1711 1139 1766 eximiam
1168 1710 1504 1764 voluntatem
1548 1708 1831 1779 magnifice
1866 1723 2049 1761 remu-

480 1816 799 1859 neraturum
857 1802 1130 1872 promisit,
1184 1809 1239 1855 et
1288 1809 1504 1870 tempus
1557 1801 1779 1868 triginta
1833 1799 2047 1853 dierum

484 1894 796 1960 praestituit,
831 1892 1032 1962 quibus
1066 1889 1355 1945 adveniret
1385 1905 1399 1942 :
1432 1889 1655 1943 totidem
1681 1903 1913 1957 namque
1935 1887 2053 1942 dies

485 1984 551 2037 ad
579 1983 940 2052 colligendum
966 1996 1125 2049 quem
1151 1980 1381 2033 habebat
1406 1978 1709 2031 Romanum
1732 1978 2050 2042 exercitum,

481 2082 536 2126 et
571 2072 636 2125 ad
680 2071 971 2124 auxiliares
1003 2085 1070 2124 ex
1121 2068 1332 2123 oriente
1377 2068 1445 2121 ab
1489 2067 1644 2123 amne
1702 2083 1801 2121 suo
1848 2068 2053 2122 Orcha—

481 2178 550 2217 ne
601 2161 959 2216 accersendos
1009 2159 1262 2215 credebat
1330 2158 1598 2213 suflieere.
1644 2158 1780 2213 Cum
1847 2157 2055 2213 Tribal-

478 2252 548 2309 lis
578 2256 744 2324 igitur
766 2270 822 2309 se
853 2253 1248 2327 advocantihus
1280 2255 1350 2305 ita
1384 2251 1586 2320 pepigit
1614 2268 1625 2303 :
1652 2251 2052 2320 confestimque

481 2345 648 2398 missa
683 2344 949 2414 legatione
991 2343 1056 2396 ad
1089 2341 1394 2398 Orchanem
1444 2339 1669 2393 militem
1699 2339 1966 2409 poposcit,
1999 2348 2055 2392 et

484 2435 762 2489 Romanos
793 2449 891 2503 per
921 2433 1137 2486 litteras
1176 2428 1374 2498 coegit.
1409 2425 1567 2480 Forte
1596 2426 1814 2479 fortuna
1841 2425 2052 2479 Orcha-

480 2544 606 2583 ncm
644 2526 783 2596 apud
807 2524 1055 2595 Abydum
1084 2521 1204 2574 aliis
1242 2518 1569 2588 quibusdam
1593 2518 1659 2572 de
1704 2518 1883 2572 causis
1904 2532 2053 2571 com-

483 2627 783 2673 morantetn
810 2614 969 2685 legati
1012 2612 1366 2673 conveniunt,
1396 2609 1722 2677 legationem
1747 2614 2051 2674 exponunt.

481 2710 762 2765 Orehanes
804 2707 951 2759 illico
993 2719 1056 2758 ex
1095 2703 1217 2755 aliis
1258 2699 1512 2767 satrapiis
1553 2699 1772 2753 circiter
1811 2698 2054 2766 quinque

483 2802 716 2855 millium
756 2797 1117 2850 Barbarorum
1152 2799 1537 2862 congregatum
1581 2789 1903 2853 exercitum,
1942 2799 2051 2843 tra-

479 2896 686 2964 jcetum
714 2892 765 2967 in
795 2889 1081 2943 Thraciam
1119 2888 1442 2955 petentium,
1480 2890 1540 2936 ut
1580 2883 1633 2935 in
1678 2880 1921 2937 Mmsiam
1959 2898 2056 2950 po—

482 2986 729 3055 pulatum
778 2983 1077 3043 irruerent,
1117 2977 1326 3044 aliquot
1363 2974 1429 3027 de
1464 2973 1580 3028 suis
1606 2973 1873 3035 admistis,
1911 2972 2049 3027 duce

483 3090 703 3147 quoque
734 3074 903 3143 388
928 3071 993 3125 de
1026 3069 1139 3125 suis
1166 3068 1397 3122 ducibus
1423 3067 1700 3137 praefecto,
1733 3068 1937 3137 legatos
1958 3083 2047 3121 as-
2076 3104 2119 3164 ο

483 3182 725 3229 sumere.
756 3177 809 3219 et
844 3162 1213 3216 transmittere
1246 3159 1429 3231 jussit,
1471 3173 1649 3212 causae
1686 3159 2049 3226 expeditionis

481 3260 728 3317 nescius.
752 3269 805 3312 et
835 3255 1163 3324 simpliciter
1195 3252 1517 3313 arbitratus,
1541 3266 1666 3304 eum
1700 3250 1763 3302 ad
1787 3250 2051 3306 Barbaros

483 3347 880 3419 depraedandos
905 3343 1103 3398 auxilia
1127 3353 1330 3411 petere.
1363 3341 1648 3394 Mattlueus
1688 3350 1793 3393 tam
1829 3350 2052 3409 repente

482 3439 771 3496 advenisse
822 3438 1115 3491 Persarum
1144 3433 1329 3501 copias
1366 3446 1616 3497 cernens,
1664 3442 1716 3485 et
1752 3433 2049 3497 intellecto,

481 3546 547 3584 ex
595 3526 831 3581 diversis
882 3523 1137 3591 satrapiis
1193 3520 1539 3583 continuisse,
1602 3520 2048 3588 perturbabatur,

482 3621 889 3689 angebaturque
914 3627 1261 3683 magnopere,
1289 3610 1449 3665 simul
1476 3610 1617 3680 quod
1641 3611 1905 3665 Barbaros
1932 3610 2053 3665 illos

484 3711 622 3765 nihil
657 3722 844 3763 eorum
871 3719 992 3774 quae
1034 3706 1146 3772 ipse
1185 3704 1368 3765 vellet,
1408 3701 1648 3755 facturos
1682 3702 2053 3769 suspicaretur

484 3803 762 3874 (vacantes
796 3806 941 3851 metu
974 3794 1206 3856 scilicet,
1239 3807 1336 3861 per
1365 3806 1525 3860 quem
1555 3792 1729 3852 fieret,
1758 3801 1817 3845 ut
1838 3791 2051 3861 agmine

482 3897 784 3961 composito
804 3900 859 3943 et
880 3887 1128 3941 ordinato
1150 3884 1555 3953 sequerentur),
1577 3885 1739 3938 simul
1761 3885 1906 3952 quod
1939 3884 2053 3938 Ro-

484 3999 657 4038 manae
688 3981 859 4048 copia;
888 3986 993 4030 tam
1021 3976 1127 4029 cito
1156 3974 1467 4043 congregari
1498 3988 1604 4026 non
1639 3982 1925 4042 poterant;
1958 3975 2057 4028 tri-

485 4074 633 4143 ginta
650 4070 796 4124 enim
826 4066 1021 4120 diebus
1048 4080 1105 4118 se
1133 4064 1275 4132 apud
1307 4063 1424 4115 illos
1452 4061 1691 4117 futurum
1716 4064 2050 4120 condixerat.

486 4165 623 4219 Cum
653 4162 921 4215 niteretur
943 4164 1124 4211 autem
1155 4154 1422 4208 Barbaros
1450 4153 1594 4223 apud
1624 4169 1681 4207 se
1712 4155 1969 4216 retinere,
1999 4165 2055 4211 et

488 4266 701 4323 tempus
728 4261 923 4313 terere,
948 4248 1023 4302 illi
1053 4247 1171 4318 ejus
1208 4242 1484 4316 regionem
1530 4244 1841 4315 direpturos
1888 4246 2053 4300 mini-

488 4347 768 4407 tabantur,
802 4343 910 4397 nisi
935 4356 1060 4395 cum
1095 4339 1232 4408 ipsis
1268 4337 1444 4407 primo
1465 4352 1682 4407 quoque
1720 4348 1961 4408 tempore
1999 4340 2053 4392 in

2150 521 2357 573 πόλεων
2386 518 2645 587 ἄρχοντες
2679 514 3097 583 ἐπιφανέστατοι
3113 512 3220 564 τῶν
3247 511 3554 579 Τριϐαλῶν,
3576 513 3713 581 πρὸς

2150 608 2426 663 Ματθαῖον
2460 606 2644 676 κρύφα
2674 605 3007 673 πέμψαντες,
3047 604 3138 656 τὸν
3200 602 3424 672 βασιλέα
3481 619 3704 671 μετεκα.

2145 700 2351 762 λοῦντο,
2378 699 2454 761 ὼς
2486 700 2624 766 σφᾶς
2649 715 2708 750 τε
2737 698 2935 759 αὐτοὺς
2964 695 3181 757 καὶτὰς
3241 695 3426 760 πόλεις
3455 696 3709 764 παραδώ-

2149 808 2330 855 σοντες
2369 785 2443 845 ὧν
2493 791 2771 862 ἄρχουσιν.
2795 785 2973 842 Ἦσαν
3000 790 3057 842 δὲ
3122 789 3216 841 καὶ
3269 788 3534 857 πρότερον
3586 789 3715 855 περὶ

2145 881 2254 937 τῶν
2280 880 2407 935 ίσων
2431 880 2804 949 διειλεγμένοι.
2840 880 2972 932 ’Δπδ
3000 880 3102 949 γάρ
3129 877 3235 931 τῶν
3254 881 3457 948 χρόνων
3485 878 3714 931 ἐκείνων

2149 972 2313 1042 ἡνίκα
2375 972 2627 1042 βασιλεὺς
2684 976 2711 1024 δ
2761 970 3216 1040 Καντακουζηνὸς
3260 969 3365 1022 ὑπὸ
3429 969 3712 1038 Ῥωμαίων

2148 1062 2443 1125 ἀπελαθεὶς
2472 1062 2733 1133 διέτριϐεν
2785 1064 2843 1114 ἐν
2875 1062 3185 1131 Τριϐαλοίς,
3215 1061 3418 1130 πολλήν
3468 1077 3586 1114 τινα
3617 1063 3715 1129 τὴν

2148 1154 2206 1208 εὖ
2216 1172 2359 1207 νοιαν
2378 1154 2532 1224 ἐσχον
2553 1155 2689 1223 πρὸς
2709 1154 2932 1206 ἐκεῖνον’
2951 1152 3189 1222 μάλιστα
3209 1152 3263 1203 δέ
3287 1154 3335 1205 οἱ
3353 1152 3717 1206 δυνατώτατοι

2148 1244 2274 1299 δι’δ.
2324 1246 2416 1298 καὶ
2454 1244 2645 1314 Κράλη
2700 1243 2979 1313 περιόντος
3032 1243 3134 1306 ἐτι,
3186 1242 3358 1313 ἡδέως
3389 1244 3455 1295 ἂν
3506 1246 3717 1297 ἐκεῖνον

2148 1333 2285 1390 εἶδον
2320 1335 2821 1406 ἐπιστρατεύσαντα
2848 1336 3061 1398 αὐτοῖς’
3090 1335 3185 1389 καὶ
3211 1338 3719 1405 συγκατειργάσαν-

2148 1447 2209 1483 το
2227 1431 2294 1484 τὰ
2334 1433 2563 1500 μέγιστα
2583 1448 2596 1462 ·
2629 1432 2828 1501 μᾶλλον
2852 1431 2959 1500 γὰρ
2985 1429 3077 1484 ὑπ’
3097 1431 3307 1484 ἐκείνου
3342 1431 3720 1502 βασιλεύεσθαι

2149 1521 2426 1575 ἐϐούλοντο
2454 1522 2485 1592 ἦ
2521 1523 2729 1593 Κράλη,
2759 1523 2852 1576 καὶ
2877 1522 3136 1585 πολλάκις
3162 1523 3345 1593 κρύφα
3370 1526 3496 1590 περὶ
3525 1526 3720 1576 τούτω

2149 1612 2438 1681 διειλέχθη.
2481 1612 2634 1666 Ἐπεὶ
2670 1612 2726 1666 δέ
2760 1613 3013 1683 βασιλεύς
3041 1629 3101 1667 τε
3154 1610 3461 1681 ἀπήλλαξεν
3491 1602 3559 1664 ἐκ
3606 1613 3722 1665 τῶν

2152 1704 2514 1774 πραγμάτων,
2548 1703 2640 1757 καὶ
2694 1706 2721 1757 ὁ
2754 1704 2902 1771 σφῶν
2962 1704 3232 1773 δυνάστης
3286 1705 3583 1773 ἐτεθνήκει,
3618 1708 3726 1767 τὰς

2160 1795 2258 1864 μὲν
2293 1795 2564 1866 προτέρας
2596 1796 2941 1862 παντάπασιν
2971 1795 3190 1857 ἐλπίδας
3225 1795 3599 1863 ἀπεγίνωσκον
3630 1797 3727 1850 διὰ

2160 1884 2259 1955 τὴν
2311 1885 2571 1954 βασιλέως
2622 1885 2920 1956 μεταϐολὴν
2967 1886 3110 1940 κατὰ
3141 1887 3229 1940 τὸν
3290 1887 3437 1955 βίονο
3483 1886 3615 1954 πρὸς
3663 1884 3728 1939 δὲ

2156 1978 2433 2032 Ματθαῖςν
2493 1977 2799 2046 πέμποντες
2857 1977 3081 2046 βασιλέα
3106 1977 3198 2032 τδν
3220 1979 3332 2031 υίὺν
3360 1977 3459 2047 τήν
3491 1995 3550 2031 τε
3581 1978 3728 2045 πρὸς

2158 2069 2385 2139 βασιλέα
2413 2068 2503 2121 τὸν
2544 2069 2757 2139 πατέρα
2816 2068 3027 2122 εὖνοιαν
3085 2069 3503 2140 ὑπεμίμνησκον
3538 2071 3723 2131 αὑτδιν,

2156 2162 2250 2215 καὶ
2291 2160 2389 2229 τὴν
2430 2160 2550 2230 ἴσην
2601 2161 2693 2215 καὶ
2741 2160 2930 2229 ὁμοίαν
2978 2160 3141 2230 ἔχειν,
3191 2161 3285 2213 καὶ
3332 2161 3467 2229 πρὸς
3514 2163 3720 2215 ἐκεῖνον

2153 2253 2488 2316 διετείνοντο,
2521 2253 2615 2305 καὶ
2669 2252 3065 2321 ἐπηγγέλλοντο
3095 2252 3246 2320 αὑτῷ
3291 2253 3716 2324 προσθήσεσθαι,

2152 2341 2246 2392 καὶ
2281 2339 2522 2409 μεγάλην
2570 2339 2743 2410 ἀρχὴν
2780 2340 3153 2409 ὑποποιήσειν.
3189 2341 3323 2392 Τότε
3380 2340 3435 2393 δὲ
3494 2341 3724 2409 Βοῖχνας

2153 2430 2180 2482 δ
2210 2430 2423 2498 Καῖσαρ
2457 2429 2696 2499 πέμψας,
2730 2430 2810 2483 ὅτι
2838 2447 2891 2481 τε
2923 2430 3099 2483 πάντα
3126 2431 3535 2501 παρεσκεύαστο
3578 2432 3727 2485 ὅσων

2155 2520 2361 2574 ἐδέοντο
2399 2521 2706 2590 ἀπήγγελλε
2729 2537 2742 2553 ο
2782 2521 2877 2579 καὶ
2907 2521 2982 2583 ὼς
3010 2522 3213 2576 πείσειε
3245 2524 3342 2585 καὶ
3371 2522 3462 2574 τὸν
3530 2523 3730 2590 Φερῶν

2155 2611 2387 2680 ἄρχοντα
2408 2611 2589 2674 αὐτοῖς
2611 2611 2916 2676 συνθέσθαι,
2941 2613 3035 2667 καὶ
3063 2612 3160 2681 τὴν
3182 2613 3335 2666 πόλιν
3366 2614 3730 2682 παραδιδόναι

2124 2699 2294 2782 ,εἶναι
2360 2706 2877 2773 παρεσκευασμένον
2912 2702 3025 2775 [γρ.
3063 2702 3182 2775 σὺν]
3224 2704 3361 2774 αὐτῇ
3414 2705 3728 2778 Κραλαίνῃ,

2159 2792 2252 2844 καί
2282 2794 2524 2863 χρήμασι
2564 2796 2798 2862 μυρίοις·
2833 2793 3039 2847 ἐδέοντό
3066 2811 3122 2849 τε
3155 2795 3384 2864 τάχιστα
3431 2796 3733 2862 ἀφικέσθαι

2155 2885 2285 2953 παρ’
2305 2884 2499 2945 αὐτοὺς
2516 2885 2777 2956 πρότερον
2798 2885 2952 2939 δόντα
2979 2885 3314 2957 προθεσμίαν
3332 2887 3429 2955 τῆς
3455 2886 3728 2955 ἀφίξεως.

2157 2973 2417 3038 Βασιλεὺς
2439 2976 2493 3028 δὲ
2524 2977 2724 3044 σφόδρα
2752 2977 2883 3046 πρὸς
2927 2980 3026 3046 τὴν
3060 2962 3320 3046 ἀγγελίαν
3368 2978 3731 3049 ὑπερησθεὶς,

2157 3064 2250 3115 καὶ
2285 3064 2492 3135 μεγάλα
2527 3066 2991 3136 ἐπαγγειλάμενος
3039 3067 3221 3129 αὐτοῖς
3256 3056 3353 3138 τῆς
3386 3071 3513 3137 περ)⁸
3555 3069 3730 3126 αὑτὸν

2153 3154 2365 3217 εὐνοίας
2423 3156 2516 3209 καὶ
2573 3152 2839 3228 σπουδῆς,
2887 3158 3179 3228 παρείχετο
3231 3162 3326 3214 καὶ
3361 3161 3729 3231 προθεσμίαν,

2153 3246 2225 3307 ὡς
2253 3248 2308 3299 ἐν
2340 3247 2633 3317 τριάκοντα
2667 3250 2899 3319 ἡμέραις
2932 3250 3254 3319 ἀφιξόμενος
3277 3267 3291 3281 ·
3317 3252 3583 3315 τοσαύτας
3612 3253 3730 3324 γὰρ

2153 3336 2284 3407 ᾤετο
2302 3340 2549 3407 ἀρκέσειν
2569 3342 2699 3410 πρός
2716 3358 2772 3392 τε
2790 3340 2848 3392 τὸ
2864 3339 2929 3410 τὴ
2946 3361 2959 3387 ι
2976 3336 3136 3394 οὖσαν
3154 3341 3400 3412 ἀθροῖσαι
3432 3344 3731 3413 Ῥωμαίων

2156 3431 2434 3497 στρατιὰν,
2473 3433 2564 3484 καὶ
2601 3433 2661 3482 ἐκ
2688 3434 2785 3501 τῆς
2811 3431 2884 3483 ’ἑω
2920 3433 3230 3502 συμμαχίδα
3258 3434 3723 3504 μεταπέμψασθαι

2154 3521 2305 3590 παρὰ
2369 3522 2604 3592 Ὀρχάνη
2655 3522 2746 3576 τοῦ
2797 3522 3070 3595 γαμϐροῦ.
3143 3525 3425 3596 Τριϐαλοίς
3484 3528 3584 3596 μὲν
3628 3525 3727 3581 οὖν

2153 3616 2268 3677 τοῖς
2320 3616 2832 3684 μεταπεμπομένοις
2896 3615 3133 3667 τοιοῦτον
3199 3614 3463 3686 σύνθημα
3502 3617 3676 3671 ἐδίδου
3713 3634 3730 3649 ο

2154 3705 2460 3775 πρεσϐείαν
2493 3705 2547 3757 δὲ
2580 3705 2716 3776 πρὸς
2762 3705 3025 3777 Ὅρχάνην
3086 3707 3283 3759 αὐτίκα
3348 3708 3571 3776 πέμψας
3626 3709 3729 3762 τὸν

2154 3793 2426 3862 γαμϐρὸν,
2483 3795 2697 3864 ᾐτεῖτσ
2731 3793 3010 3865 στρατιάν,
3071 3795 3165 3845 καὶ
3225 3794 3350 3857 τοὺς
3410 3795 3729 3863 Ῥωμαίους

2153 3886 2440 3954 γράμμασι
2474 3884 2837 3953 μετεκαλεῖτο.
2867 3884 3086 3955 Συμϐαν
3108 3885 3159 3938 δέ
3184 3885 3325 3938 οὕτω
3379 3888 3501 3955 περὶ
3546 3887 3733 3941 ’Δϐυε

2154 3976 2241 4028 δον
2282 3976 2366 4044 ἐφ’
2390 3976 2603 4046 ἐτέραις
2641 3976 2705 4046 δή
2755 3994 2895 4029 τισιν
2934 3976 3134 4039 αἰτίαις
3157 3977 3206 4030 οἱ
3241 3976 3494 4046 πρέσϐεις
3524 3994 3733 4034 συντυ-

2155 4066 2340 4136 χόντες
2395 4068 2474 4137 τῷ
2533 4068 2766 4139 Ὁρχάνῃ
2818 4067 3169 4138 διατρίϐοντι,
3229 4069 3567 4140 ἀπήγγελλον
3620 4073 3731 4145 τὴν

2158 4158 2469 4225 πρεσϐείαν.
2518 4158 2787 4228 Ὀρχάνης
2836 4158 2889 4211 δὲ
2956 4160 3173 4225 αὐτίκα,
3208 4161 3300 4214 καὶ
3360 4162 3467 4231 γάρ
3529 4164 3727 4233 ἔτυχεν

2156 4249 2249 4319 ἀφ’
2278 4250 2478 4321 ἐτέρων
2510 4251 2856 4321 σατραπειῶν
2876 4250 3212 4322 ἠθροισμένη
3246 4236 3469 4323 στρατιὰ
3504 4255 3730 4322 Βαρϐά-

2160 4358 2265 4412 ρων
2306 4344 2435 4409 περὶ
2466 4342 2956 4412 πεντακισχιλίους,
2980 4345 3070 4394 καὶ
3099 4344 3320 4416 δεομένη
3347 4347 3729 4415 περαιωθῆναι

486 4440 670 4490 hostes
696 4433 1037 4504 graderctur.
1092 4431 1262 4483 Tanta
1305 4429 1544 4514 undique
1591 4428 1903 4483 diﬁeultate
1937 4430 2050 4483 cin-

2157 4434 2290 4502 πρὸς
2347 4436 2441 4502 τὴν
2498 4433 2739 4503 Θράκην,
2800 4434 2875 4495 ὡς
2925 4435 3002 4496 είς
3052 4436 3263 4489 Μυσίαν
3317 4437 3406 4489 ἐπὶ
3459 4436 3728 4514 λεηλασία

486 4539 629 4589 ctus,
659 4535 715 4580 et
734 4526 852 4578 sine
881 4522 1114 4591 propriis
1142 4520 1312 4589 copiis
1337 4504 1601 4588 proficisci
1622 4534 1835 4588 parum
1868 4528 2045 4577 tutum

486 4618 840 4676 existimabat
869 4616 1114 4684 (etenim,
1143 4623 1202 4669 ut
1242 4612 1296 4665 in
1332 4621 1537 4691 aestqte,
1573 4625 1764 4667 omnes
1797 4626 1891 4680 per
1921 4627 2047 4665 rura

488 4711 722 4781 dispersi
745 4724 883 4782 opus
911 4706 1230 4772 faciebant),
1253 4713 1308 4758 et
1341 4720 1501 4773 quam
1528 4704 1839 4757 comminati
1871 4713 2047 4769 erant,

492 4803 851 4857 Barbarornm
900 4798 1306 4852 infestissimam
1354 4794 1722 4849 incursionem
1752 4795 2045 4849 metuebat.

486 4891 743 4947 Decrevit
777 4888 940 4957 igitur
974 4887 1155 4957 potius
1197 4900 1317 4939 cum
1347 4885 1663 4938 domesticis
1697 4886 2050 4953 praesentibus

485 4984 657 5047 exire,
686 4996 848 5051 quam
881 4980 1018 5033 alios
1052 4978 1261 5031 diutius
1292 4977 1593 5045 prmstolari
1627 4994 1641 5030 :
1674 4977 2049 5030 communica-

488 5084 653 5141 toque
684 5087 805 5125 cum
851 5071 1215 5124 Barbarorum
1252 5068 1487 5121 ducibus
1510 5067 1578 5121 de
1616 5067 1962 5134 expeditione
1993 5070 2047 5122 in

485 5164 755 5218 Triballos
804 5162 1087 5233 mysterio,
1143 5160 1488 5230 precabatur,
1535 5175 1603 5214 ne
1629 5162 1791 5215 urbes
1827 5175 1947 5230 quae
1991 5176 2050 5215 se

485 5255 767 5317 dederent,
798 5265 853 5308 et
897 5254 1175 5324 regionem
1222 5252 1562 5317 infestarent,
1597 5252 1689 5307 sed
1725 5267 1787 5304 ea
1826 5254 2048 5315 intacta,

488 5344 555 5397 ad
587 5359 715 5399 vere
743 5343 1019 5415 hostilem,
1052 5358 1160 5409 quo
1218 5342 1325 5395 illis
1367 5343 1531 5395 duces
1562 5342 1847 5409 praeberet.
1882 5341 2051 5409 depo-

485 5433 781 5502 pulandum
837 5446 895 5487 se
948 5431 1161 5493 darent.
1208 5430 1336 5484 huic
1379 5430 1620 5497 :equitati
1663 5432 1907 5498 pecunia:
1938 5432 2045 5484 vim

484 5525 772 5578 maximam
805 5524 1147 5593 promittens.
1173 5520 1391 5574 Barbari
1410 5522 1662 5590 quaeejus
1693 5520 1875 5573 animo
1900 5511 2048 5575 coin-

482 5615 836 5682 placuissent,
871 5623 1064 5668 cuneta
1097 5628 1155 5665 se
1186 5612 1522 5680 pmstituros
1548 5611 2045 5681 perfectissitncqne

486 5704 849 5762 obsecuturos
874 5704 1307 5774 spoponderunt.
1343 5705 1459 5758 Mox
1496 5720 1597 5758 una
1628 5721 1749 5759 cum
1793 5704 1900 5761 illis
1946 5707 2045 5759 iter

2158 4522 2488 4592 ἐμϐαλοῦσα,
2540 4525 2634 4576 καὶ
2659 4524 2736 4594 τῷ
2785 4524 3003 4577 οἰκείων
3067 4525 3218 4586 τινας
3280 4527 3579 4595 συμμίξας,
3626 4538 3726 4584 καί

2155 4612 2456 4681 στρατηγὸν
2490 4613 2583 4663 ἕνα
2624 4613 2922 4680 ἐπιστήσας
2958 4614 3140 4676 αὐτοῖς
3171 4614 3232 4665 ἐκ
3254 4615 3359 4666 τῶν
3390 4617 3581 4679 αὖτιῦ,
3609 4622 3723 4681 τοῖς

2154 4703 2417 4772 βασιλέως
2445 4705 2735 4773 πρέσϐεσιν
2766 4705 2980 4756 ἐκέλευε
3014 4705 3421 4772 παραλαϐὕντας
3458 4708 3723 4778 περαιοῦ-

2156 4798 2298 4857 σθαι,
2349 4795 2447 4863 τὴν
2509 4796 2607 4865 μὲν
2661 4797 2841 4848 αἰτίαν
2892 4797 3104 4862 ἀγνοῶν
3149 4796 3247 4865 τῆς
3303 4796 3566 4867 βασιλέως
3630 4803 3729 4854 ἐπὶ

2152 4886 2453 4954 Τριϐαλοὺς
2486 4887 2790 4957 στρατείας,
2823 4888 3055 4956 νομίζων
3096 4887 3152 4940 δὲ
3207 4888 3389 4951 ἁπλῶς
3435 4890 3599 4943 αὖτδν
3629 4892 3731 4946 ἐτὶ

2150 4979 2408 5049 λεηλασία
2455 4978 2562 5031 τῶν
2614 4980 2931 5049 Βαρϐάρων.
2982 4980 3241 5036 Βασιλεὺς
3296 4981 3351 5031 δὲ
3405 4980 3528 5033 tam
3574 4984 3729 5038 οζτω

2151 5068 2377 5144 τάχιστα
2407 5068 2503 5136 τὴν
2533 5068 2831 5137 Βαρϐάρων
2873 5068 3183 5138 ἀφιγμένην
3221 5071 3499 5140 στρατιάν,
3525 5072 3728 5139 μαθὼν

2152 5159 2207 5211 δέ
2241 5160 2333 5211 καὶ
2395 5158 2470 5219 ὡς
2516 5159 2725 5210 πολλῶν
2750 5160 2839 5229 εἴη
2903 5160 3242 5230 σατραπειῶν
3304 5161 3727 5233 συνειλεγμένη,

2152 5249 2383 5319 θορύϐου
2437 5251 2532 5303 καὶ
2571 5249 2808 5320 ἀθυμίας
2854 5247 2925 5320 ἦν
2977 5252 3198 5321 μεστδςν
3244 5230 3399 5306 retire
3435 5254 3535 5320 μὲν
3590 5230 3730 5318 τίτας

2152 5343 2466 5413 Βαρϐἀρους
2530 5344 2853 5397 ὑποπτεύων
2903 5345 2977 5407 ὠς
3026 5344 3177 5399 οὐδὲν
3242 5347 3388 5415 αὑτῷ
3422 5347 3529 5400 τῶν
3575 5351 3733 5404 κατὰ.

2149 5433 2340 5503 γνώμη
2357 5454 2371 5479 ι
2390 5434 2651 5502 πράξουσι
2669 5435 2819 5496 δέους
2839 5434 3264 5505 ἀπηλλαγμένοι,
3285 5438 3373 5506 ὑφ’
3392 5433 3453 5493 οὗ
3479 5439 3731 5507 μετρίως

2150 5525 2215 5576 ἂν
2251 5526 2523 5577 ἐπείθοντο
2548 5525 2823 5587 εὐτάκτως
2871 5526 3094 5579 ἔπεσθαι
3152 5533 3245 5581 καὶ
3290 5528 3423 5597 μετὰ
3471 5531 3677 5598 κόσμου
3704 5548 3737 5569 ἰ

2149 5612 2303 5665 τοῦτο
2331 5614 2377 5665 δ’
2399 5616 2477 5668 ὅτι
2509 5615 2603 5667 καὶ
2634 5616 2665 5686 ἡ
2703 5614 2988 5685 Ῥωμαίων
3014 5621 3237 5689 στρατιὰ
3267 5620 3541 5682 ἀδυνάτως
3567 5617 3728 5687 εἷλεν

2150 5705 2543 5778 ἀθροισθῆναι·
2606 5709 2662 5759 ἐν
2722 5710 3014 5778 τριάκοντα
3074 5712 3179 5782 γὰρ
3234 5713 3468 5781 ἡμέραις
3531 5713 3734 5780 εῐρητο
