3964 6210
425 370 532 434 339

1588 349 1920 433 ῙοΑΝΝιε
1955 371 2482 436 CANTACUZENI

3557 378 3667 443 340

424 481 558 542 Urbi
609 484 868 554 praefecto
902 483 1214 554 designato,
1257 490 1310 539 et
1338 483 1564 544 reliquis
1599 484 1741 540 bene
1767 497 1990 554 compo»

2107 486 2324 554 τάχους,
2359 482 2495 558 ἧκεν
2542 485 2622 552 εἰς
2665 484 3053 560 Περιθεώριον,
3084 486 3339 542 κάκεῖθεν
3395 488 3477 552 είς
3524 489 3670 544 Κου-

425 576 573 644 sitis,
603 565 1007 632 Peritheorium
1034 591 1312 642 reversus,
1347 577 1673 646 legationem
1705 578 1769 633 ad
1799 578 1993 632 Boich-

427 684 554 723 nam
581 670 694 739 jam
747 668 938 722 Pheris
972 666 1294 726 redeuntem
1342 684 1465 724 cum
1499 670 1756 725 facultate
1788 671 1839 724 in
1868 671 1994 724 Mat-

429 764 630 814 tbaeum
666 769 722 813 ut
768 759 964 815 liberet
999 761 1217 830 agendi,
1261 761 1444 826 misit;
1501 761 1686 816 addita
1723 761 1993 832 pollicita-

425 848 574 901 tione
597 846 906 902 immodicaa
931 848 1200 917 pecunize,
1232 849 1275 904 si
1305 850 1455 904 illum
1484 851 1587 906 sibi
1619 851 1858 905 vinctum
1887 860 1994 905 tra-

425 940 602 994 deret.
625 935 898 995 Boichnas
917 939 1029 1012 jam
1054 951 1182 996 ante
1209 942 1511 1012 cupiverat,
1538 942 1682 1012 quod
1705 958 1827 996 cum
1849 943 1996 1011 jura-

426 1039 616 1084 ntento
671 1031 1039 1096 asseverabat,
1080 1031 1391 1086 Matthzeum
1429 1031 1653 1086 domum
1694 1033 1993 1092 remittere,

423 1133 479 1178 et
505 1138 630 1179 eum
667 1123 1002 1195 Palaeologus
1033 1142 1156 1180 eum
1191 1126 1293 1180 sibi
1331 1126 1485 1196 prodi
1524 1137 1772 1195 cuperet,
1806 1125 1998 1180 audire

425 1215 759 1286 legationem
794 1233 904 1271 non
937 1218 1223 1272 sustinuit.
1266 1217 1371 1274 Sed
1411 1227 1469 1271 ut
1504 1217 1699 1271 didicit
1725 1224 1780 1271 et
1811 1217 1995 1280 urbes,

430 1319 486 1363 et
521 1307 726 1363 liberos
764 1309 883 1379 ejus
932 1317 986 1361 et
1016 1324 1239 1362 uxorem
1273 1318 1462 1377 captos
1508 1323 1652 1372 esse,
1682 1307 1996 1376 nullamque

430 1413 583 1468 Spem
622 1408 829 1454 restare
864 1399 1197 1468 accipienda:
1227 1399 1294 1454 ab
1329 1399 1518 1454 eodem
1551 1398 1804 1454 Matthteo
1835 1412 1997 1468 pecu-

430 1490 558 1555 niae,
590 1501 685 1543 aut
709 1491 1185 1548 commodaturum
1214 1491 1280 1546 ad
1315 1491 1574 1546 meditata
1607 1491 1674 1546 ab
1711 1489 1842 1558 ipsis
1873 1504 1999 1559 per-

430 1581 692 1646 ticiunda,
742 1583 836 1652 qui
879 1584 993 1652 jam
1025 1583 1147 1638 sine
1195 1584 1334 1640 urbe
1396 1593 1445 1638 et
1495 1582 1736 1656 focosit,
1788 1588 1994 1635 mutata

427 1674 696 1728 sententia
731 1689 761 1728 a
793 1674 1094 1744 Palmologo
1123 1675 1418 1745 pecuniam
1460 1690 1556 1744 pro
1583 1690 1649 1728 eo
1677 1658 1994 1744 paciscitur.

429 1764 546 1833 Qua
582 1765 706 1822 data
737 1767 946 1823 veritus
976 1784 1043 1822 ne
1081 1768 1310 1824 Joannis
1342 1767 1568 1838 gratiam
1598 1775 1905 1830 assecutus,
1938 1781 1996 1820 se

429 1859 774 1928 postmodum
804 1868 1027 1929 propter
1051 1859 1417 1928 proditionem
1445 1859 1772 1922 vindicaret,
1806 1858 1992 1913 oculos

430 1950 480 2006 ei
504 1966 700 2005 eruere
724 1952 1004 2020 cogitavit.
1027 1967 1252 2022 sperans
1270 1952 1323 2007 id
1348 1954 1512 2010 etiam
1536 1951 1732 2008 Joanni
1765 1951 2000 2022 impera-

431 2041 536 2093 tori
569 2053 783 2110 gratum
815 2041 954 2105 fore,
985 2043 1030 2096 si
1059 2042 1125 2099 ab
1157 2041 1296 2108 aliis,
1331 2057 1438 2096 non
1459 2042 1529 2096 ab
1551 2043 1670 2112 ipso
1692 2043 1997 2097 luminibus

429 2130 742 2194 orbaretur,
779 2133 1107 2202 mittensquc
1144 2135 1390 2204 rogabat.
1427 2144 1486 2188 ut
1519 2135 1663 2203 quod
1693 2134 1997 2190 deliberas-

430 2231 536 2286 set,
573 2223 796 2292 exsequi
840 2224 1050 2278 liceret.
1098 2224 1401 2293 Imperator
1431 2225 1537 2280 hoc
1579 2226 1803 2280 verbum
1838 2242 1999 2282 aver-

430 2323 600 2377 satus,
631 2313 732 2367 nisi
758 2313 975 2382 penitus
1001 2315 1271 2383 integrum
1303 2315 1702 2374 etineolumem
1725 2315 1997 2381 redderet,

431 2413 781 2469 recepturum
835 2405 1075 2473 negavit,
1112 2413 1168 2458 et
1216 2404 1362 2459 omni
1417 2421 1520 2476 ope
1570 2407 1902 2466 enitebatur.
1938 2415 2000 2464 ut

430 2489 676 2546 Triballo
701 2494 1135 2561 persuaderetne
1161 2496 1290 2564 Quid
1318 2513 1441 2550 eum
1468 2497 1997 2566 lmderetﬂuamob-

431 2598 547 2636 rem
609 2598 838 2662 corpore
884 2585 1022 2641 nihil
1065 2588 1318 2645 mutilato
1365 2588 1431 2642 ad
1462 2588 1616 2644 illum
1667 2589 1863 2644 missus
1895 2599 1998 2644 est.

429 2673 500 2728 Ut
547 2676 603 2728 in
639 2675 959 2731 triremibus
995 2677 1370 2747 imperatoriis
1421 2679 1544 2744 fuit,
1589 2681 1841 2735 certatim
1889 2679 2001 2734 lio-

431 2769 580 2822 mani
633 2769 1022 2840 imperatorem
1072 2771 1272 2827 hortati
1329 2780 1479 2839 sunt,
1516 2780 1576 2828 ut
1625 2773 1778 2827 fratri
1815 2771 2001 2827 uxoris

431 2861 620 2912 oculos
666 2859 830 2914 ell‘odi
880 2862 1064 2927 vellet,
1107 2863 1270 2933 893
1302 2879 1411 2934 quo
1461 2864 1542 2919 sic
1576 2864 1762 2919 multis
1808 2863 2004 2918 defun—

431 2960 653 3021 geretur
682 2953 972 3018 molestiis,
1019 2964 1075 3010 et
1105 2971 1176 3009 ne
1211 2971 1406 3010 rursus
1437 2957 1798 3010 certaminum
1853 2955 2002 3025 peri-

431 3043 792 3114 culorumque
824 3044 950 3110 sibi,
997 3045 1211 3100 caeteris
1244 3045 1504 3101 Romanis
1543 3045 1799 3100 omnibus
1827 3044 2004 3100 civilis

2099 579 2374 652 μουτζηνὰ
2407 583 2876 654 προσχωρήσαντα
2904 583 3158 652 ἑτοίμως.
3193 582 3426 637 Ἔπειτα
3454 585 3548 638 καὶ
3569 583 3668 655 τὴν

2098 674 2396 743 Γρατιανοῦ
2428 676 2580 729 πόλιν
2608 669 2752 730 εἷλεν
2786 675 2977 740 ἐλθὼν,
3007 675 3219 739 οὐδενὸς
3245 675 3665 744 ἀνθισταμένουο

2100 772 2302 834 πάντες
2366 771 2468 842 γὰρ
2524 770 2768 840 ἐδέχοντο
2818 768 3118 839 προθύμως
3171 771 3234 821 ἐκ
3295 771 3666 839 συνθήματος,

2103 864 2359 933 οὐδεμιᾶς
2395 862 2608 926 ἐλπίδος
2639 862 2719 915 ἔτι
2773 861 3210 931 ὑπολειπομένης
3257 862 3322 914 ὲκ
3381 861 3665 915 Ματθαιου

2101 954 2388 1026 βασιλέως
2420 948 2666 1026 ὲνῇκαλ¹
2729 951 3000 1024 βασιλίδος
3053 952 3288 1021 Εἰρήνης
3343 952 3460 1021 ἅμα
3515 951 3668 1007 δυσὶν

2099 1046 2265 1111 υἱέσι,
2297 1050 2394 1098 καὶ
2426 1043 2718 1102 τοσαύταις
2771 1043 3078 1112 Θυγατράσι
3129 1043 3316 1113 κύριος
3354 1043 3666 1112 γενόμενος,

2097 1133 2352 1204 Θεοδώρα
2402 1133 2508 1202 γὰρ
2541 1134 2574 1204 ἡ
2614 1131 2960 1204 πρεσϐυτέρα
2988 1131 3096 1184 τῶν
3124 1131 3408 1185 Ματθαίου
3438 1131 3531 1184 τοῦ
3575 1130 3666 1200 βα-

2099 1226 2291 1289 σιλέως
2353 1223 2690 1294 Θυγατέρων,
2754 1224 2905 1289 παρὰ
2957 1225 3022 1294 τῇ
3073 1223 3275 1293 μάμμῃ
3329 1223 3563 1297 Εύγενία
3603 1226 3666 1294 τῇ

2099 1316 2333 1388 βασιλίδι
2397 1317 2658 1386 ἐτρέφετο
2713 1315 2771 1367 ἐν
2827 1313 3130 1383 Βυζαντίῳ,
3173 1316 3267 1368 καλ⁹
3321 1313 3670 1382 χρησάμενος

2100 1407 2522 1478 φιλανθρώπως.
2559 1406 2730 1462 Οὐδὲν
2756 1407 2866 1477 γὰρ
2906 1406 3191 1477 ἠδίκησεν,
3241 1405 3361 1459 οὐδὲ
3419 1405 3670 1474 ἀφείλετο

2099 1499 2252 1553 οὐδὲν
2281 1499 2389 1552 τῶν
2429 1499 2599 1552 ὄντων
2628 1495 2744 1550 οὔτ’
2781 1495 3020 1566 ἐκείνην,
3047 1493 3170 1549 οὔτε
3205 1494 3334 1557 τοὺς
3378 1495 3508 1564 περὶ
3570 1493 3667 1546 αύ-

2098 1592 2220 1660 τὴν,
2251 1591 2328 1653 είς
2361 1589 2589 1642 Τένεδον
2621 1588 2898 1658 ἐξέπεμψε
2949 1588 3047 1658 τὴν
3073 1587 3260 1655 νῆσον.
3290 1587 3458 1649 Anth;
3501 1585 3556 1640 δὲ
3599 1587 3666 1654 τῇ

2101 1683 2257 1736 πόλει
2299 1681 2599 1752 ἐπιστήσας
2631 1680 2893 1750 ἄρχοντα,
2929 1679 3026 1732 καὶ
3067 1679 3234 1732 τᾶλλα
3275 1673 3334 1732 εὖ
3391 1677 3670 1745 διοικησά-

2107 1785 2286 1842 μενος,
2323 1771 2404 1832 είς
2437 1768 2808 1839 Περιθεώριυν
2843 1767 3176 1834 ἐπανελθὼν,
3207 1768 3505 1838 πρεσϐείαν
3533 1767 3668 1834 πρὸς

2100 1863 2329 1933 Βοϊχναν
2362 1862 2601 1914 ἐποιεῖτο
2625 1861 2781 1925 αὖθις
2811 1863 3151 1932 ἐπανήκοντα
3186 1861 3286 1932 ἤδη
3341 1860 3406 1914 ἐκ
3457 1857 3665 1929 Φερῶν,

2099 1955 2193 2009 καὶΙ
2223 1953 2408 2017 ἀδείας
2453 1953 2688 2022 τυχόντα
2713 1953 2852 2006 ὥστε
2884 1955 3120 2024 χρῆσθαι
3155 1954 3184 2006 ὅ
3220 1969 3275 2006 τι
3315 1951 3558 2021 βούλοιτο
3589 1950 3670 2018 τῷ

2102 2044 2312 2115 βασιλεῖ
2347 2043 2638 2114 Ματοαίῳ.
2690 2043 2970 2114 Χρήματά
2992 2060 3053 2096 τι
3082 2041 3449 2112 ἐπηγγέλλετο
3500 2040 3672 2094 πολλὰ

2101 2134 2388 2205 παρέξειν,
2417 2135 2465 2186 εἰ
2490 2134 2580 2187 τὸν
2605 2133 2864 2202 γυναικὸς
2892 2133 3120 2202 ἀδελφὸν
3154 2132 3436 2202 δεδεμένον
3491 2149 3673 2202 παρα-

2098 2225 2236 2294 δοίη.
2269 2225 2497 2295 Βοῖχνας
2551 2224 2606 2278 δὲ
2657 2225 2919 2296 πρότερον
2964 2225 3063 2295 μὲν
3112 2224 3276 2287 αὐτός
3307 2241 3368 2276 τε
3422 2223 3664 2294 ὥρμητο,

2100 2319 2292 2388 ὥσπερ
2315 2319 2500 2388 ὅρκοις
2523 2316 2918 2382 διεϐεϐαιοῦτο,
2979 2319 3072 2380 τὸν
3107 2315 3332 2385 βασιλέα
3388 2314 3670 2367 Ματθαῖον

2101 2411 2424 2479 ἐκπέμπειν.
2442 2412 2521 2472 είς
2544 2408 2641 2479 τὴν
2673 2410 2851 2464 οἰκίαν
2870 2426 2886 2441 ο
2920 2411 3013 2462 καὶ
3033 2407 3295 2477 βασιλέως
3313 2406 3407 2460 τοῦ
3440 2406 3674 2459 Παλαιο-

2100 2501 2260 2569 λόγου
2295 2501 2778 2571 πρεσϐευσαμένου
2818 2499 2955 2570 πρδς
3000 2500 3162 2552 αὑτὸν
3214 2500 3308 2552 ἐπὶ
3340 2497 3419 2567 τῷ
3479 2498 3674 2567 προδιο

2100 2592 2270 2656 δόναι,
2299 2591 2408 2646 οὐδ’
2445 2591 2638 2662 ἄκροις
2687 2590 2824 2644 ὠσὶν
2851 2591 3110 2661 ἠνέσχετο
3157 2589 3267 2642 τῶν
3317 2589 3508 2657 λόγων
3541 2587 3670 2639 τότε

2101 2684 2158 2738 δὲ
2182 2684 2280 2754 ἤδη
2311 2683 2658 2751 πεπυσμένος
2687 2683 2763 2743 ώς
2792 2682 2978 2744 πόλεις
3011 2699 3069 2754 τε
3106 2683 3159 2734 αἱ
3186 2681 3277 2734 ὑπ’
3323 2681 3529 2734 ἐκεῖνον
3575 2679 3673 2731 καὶ

2105 2775 2292 2838 παῖδες
2324 2775 2418 2827 καὶ
2477 2773 2614 2842 γυνὴ
2677 2773 2944 2834 ἑάλωσαν,
3006 2771 3160 2834 ἐλπίς
3198 2788 3256 2823 τε
3317 2769 3540 2838 οἰδεμία
3589 2768 3672 2819 ἔτι

2106 2863 2453 2928 ὑπελείπετο,
2513 2861 2650 2914 ὥστε
2701 2860 2834 2928 παρ’
2879 2861 3090 2914 ἐκείνου
3141 2861 3399 2930 χρήματα
3463 2857 3672 2920 λαϐεῖν,

2106 2957 2138 3027 ἢ
2173 2956 2307 3026 πρὸς
2329 2955 2426 3026 τὴν
2450 2955 2556 3008 τῶν
2595 2953 2986 3024 μελετωμένων
3032 2952 3376 3023 ἐπιχείρησιν
3402 2951 3674 3021 χρήσιμος

2106 3051 2329 3108 ἔσεσθαι
2356 3050 2558 3113 αὐτοῖς,
2597 3048 2786 3110 ἄπολις
2812 3048 2900 3099 τὸν
2927 3047 3030 3116 ήδη
3058 3045 3155 3099 καὶ
3203 3044 3468 3110 ἀνέστιος,
3508 3061 3677 3112 μετα-

432 3133 559 3187 belli
591 3135 937 3190 occasionem
995 3137 1356 3206 relinqueret.
1388 3137 1500 3192 Nec
1532 3145 1709 3192 tamen
1735 3151 1860 3192 cum
1887 3150 2002 3190 om-

2108 3142 2285 3197 ϐαλὼν
2321 3141 2595 3210 ἐτράπετο
2628 3141 2718 3192 ἐπὶ
2757 3139 3063 3209 σημϐάσεις
3119 3122 3258 3207 πρὸς
3309 3135 3676 3201 Παλαιολὸγον

433 3243 534 3282 nes
566 3228 708 3285 idem
743 3229 1013 3295 dicerent,
1052 3244 1240 3284 omnes
1273 3230 1468 3285 eadem
1503 3238 1687 3285 mente
1723 3219 2002 3292 dicebant,

432 3319 528 3376 sed
563 3321 616 3376 hi
651 3321 876 3391 quidem
910 3322 1170 3377 ardentes
1206 3322 1326 3392 ejus
1347 3315 1476 3380 odio
1509 3323 1637 3376 talia
1675 3322 2004 3389 suadebant,

434 3427 547 3469 non
595 3411 883 3468 ferendum
915 3412 1253 3484 judicautes,
1300 3413 1405 3468 nisi
1448 3414 1617 3467 etiam
1665 3427 1832 3482 Supra
1871 3413 2007 3468 alias

432 3518 709 3561 aerumnas
745 3506 937 3560 oculos
967 3505 1260 3576 perderet:
1292 3513 1353 3560 ut
1385 3503 1549 3562 simul
1583 3505 1813 3559 meliora
1843 3519 2004 3574 pror-

431 3615 528 3655 sus
571 3599 909 3668 desperaret,
935 3608 991 3656 et
1041 3599 1298 3670 praesenti
1329 3598 1637 3654 calamitate
1667 3598 1837 3654 multo
1869 3612 2006 3652 mm-

431 3705 560 3746 rore
624 3689 1028 3756 conﬁceretur;
1065 3692 1156 3746 alii
1219 3691 1358 3745 nihil
1411 3706 1604 3748 eorum
1666 3691 2007 3762 cogitantes,

431 3782 760 3852 simpliciter
785 3785 910 3838 aliis
939 3785 1422 3848 assentiebantur;
1455 3798 1558 3838 nec.
1591 3785 1730 3852 parti
1760 3782 2009 3852 corporis

433 3877 671 3930 maxime
696 3874 1019 3932 necessariae
1044 3884 1355 3944 parcentes,
1375 3883 1428 3929 et
1452 3875 1605 3928 illum
1628 3875 2007 3930 exoculatione

433 3968 781 4034 damnantes,
835 3969 983 4038 quod
1029 3967 1391 4036 conﬁderent,
1440 3983 1500 4024 se
1547 3969 1619 4025 ob
1650 3969 1754 4025 hoc
1801 3969 2009 4026 amicos

432 4060 686 4115 habitum
713 4060 780 4114 iri
810 4059 1134 4130 Pala‘ologo,
1162 4069 1218 4114 et
1249 4060 1410 4130 hujus
1445 4061 1838 4118 benevolentia;
1889 4063 2007 4118 fru-

432 4160 583 4207 ctum
630 4167 988 4222 permagnum
1021 4138 1395 4221 eximiumque
1441 4163 1821 4223 perceptu-ros.
1874 4155 2008 4220 Qui-

433 4245 561 4299 dam
611 4242 717 4298 etsi
768 4242 918 4298 illius
964 4242 1210 4298 miseriis
1243 4241 1520 4307 dolerent,
1565 4254 2008 4317 anqerenturque

434 4337 814 4402 vehementer,
835 4346 892 4394 et
914 4337 980 4392 ad
1010 4337 1183 4394 solam
1205 4337 1728 4409 auditionemhujus.
1750 4338 2009 4395 immani-

437 4430 566 4484 tatis
598 4429 973 4494 tristarentur,
1005 4437 1063 4486 et
1090 4431 1474 4486 cruciarentur
1503 4430 1730 4499 perinde
1759 4439 1925 4500 atque
1950 4430 2006 4486 in

2107 3233 2356 3306 βασιλέα,
2397 3231 2537 3286 ὥστε
2573 3230 2909 3303 παραδοῦναι
2938 3231 3031 3284 ἐπὶ
3089 3231 3389 3300 χρήμασιν.
3436 3227 3589 3280 Ἐπεὶ
3619 3226 3677 3280 δὲ

2105 3326 2257 3386 τέλος
2286 3320 2430 3394 εἶχον
2459 3321 2782 3392 συμϐάσεις,
2854 3321 2950 3374 καὶ
3002 3321 3069 3374 τὰ
3117 3321 3378 3391 χρήματα
3436 3313 3676 3387 ἐδέχετο,

2107 3418 2455 3479 ὑποπτεύσας
2509 3416 2584 3484 μὴ
2621 3412 2800 3484 τυχών
2853 3430 2998 3475 τινος
3058 3411 3467 3484 φιλανθρωπίας
3523 3413 3672 3477 napi

2111 3510 2375 3582 βασιλέως
2417 3510 2667 3564 Ἰωάννου
2690 3506 2958 3575 ἀμύναιτο
2997 3522 3122 3559 ποτε
3154 3504 3275 3558 ὖστε
3289 3523 3377 3574 ρον
3395 3503 3677 3564 Ματοαῖος

2108 3604 2136 3658 ὁ
2174 3602 2430 3674 βασιλεὺς
2452 3600 2551 3670 τῆς
2591 3599 2880 3669 προδοσίας
2934 3597 3115 3664 ἕνεκα,
3155 3599 3340 3662 αὑτὸν,
3400 3595 3680 3665 ἐσκέψατο

2107 3695 2433 3765 ἀποστερεῖν
2462 3692 2570 3746 τῶν
2600 3690 2800 3760 ὄψεων,
2833 3690 2952 3760 ἅμα
3007 3692 3256 3760 οἰόμενος
3311 3689 3530 3741 ἔσεσθαι
3583 3689 3681 3739 καὶ

2111 3787 2326 3858 βασιλεῖ
2355 3785 2432 3854 τῷ
2485 3784 2709 3856 Ἰωάννῃ
2747 3784 2888 3837 κατὰ
2946 3783 3198 3852 γνώμην,
3238 3782 3286 3834 εἰ
3327 3781 3416 3850 ὑφ’
3448 3780 3680 3846 ἑτέρων,

2108 3879 2244 3934 ἀλλὰ
2279 3877 2352 3950 μὴ
2381 3875 2545 3931 αὐτοῦ
2596 3877 2638 3929 δι
2666 3874 2922 3945 πολέμιος
2955 3874 3351 3944 ὲκτυφωθεὶψ
3386 3872 3488 3924 Καὶ
3521 3871 3678 3938 πέμ-

2107 3971 2216 4041 ψας
2249 3971 2385 4041 πρὸς
2411 3967 2658 4038 βασιλέα,
2693 3966 2848 4038 ἠξίου
2905 3967 3170 4038 πράττειν
3210 3964 3247 4018 δ.
3283 3965 3572 4033 ἐσκέψατο.
3613 3961 3680 4015 ὐ

2108 4062 2152 4117 δ’
2171 4061 2272 4116 οὐκ
2294 4059 2556 4130 ἠνέσχετο
2582 4057 2690 4110 τῶν
2719 4057 2918 4126 λόγων,
2955 4055 3070 4108 ἀλλ’
3100 4055 3148 4107 εἰ
3180 4056 3253 4126 μὴ
3299 4053 3436 4106 σῶον
3473 4052 3684 4105 παντά-

2109 4169 2277 4206 πασιν
2304 4151 2560 4221 ἀποδοίη,
2583 4149 2736 4219 ἠξίου
2770 4150 2845 4222 μὴ
2879 4147 3290 4216 ἀπολαμϐάνειν
3318 4163 3334 4178 ·
3373 4147 3468 4198 καὶ
3495 4148 3681 4197 πᾶσαν

2110 4241 2426 4307 ἐπεδείξατο
2486 4237 2723 4308 σπουδὴν
2790 4235 2934 4290 ὥστε
3012 4236 3219 4288 πείθειν
3266 4234 3358 4286 τὸν
3413 4232 3685 4303 Τριϐαλὸν

2111 4331 2281 4402 μηδὲν
2337 4331 2544 4382 ἐκεῖνον
2612 4327 2846 4390 ἀδικεῖν,
2891 4323 3168 4395 ἐπέμπετό
3219 4341 3275 4377 τε
3333 4324 3466 4394 πρὸς
3520 4323 3688 4374 αὑτὸν

2114 4423 2280 4493 μηδὲν
2313 4422 2374 4474 τὸ
2405 4420 2564 4488 σῶμα
2593 4417 2971 4486 διαλωϐηθείς.
3019 4417 3173 4470 Ἐπεὶ
3223 4411 3280 4467 δὲ
3339 4411 3408 4486 ἦν
3455 4415 3515 4468 ἐν
3565 4415 3692 4476 ταῖς

437 4536 497 4576 se
529 4523 640 4576 hac
674 4521 800 4576 faba
836 4520 1158 4584 cuderetur,
1193 4530 1374 4576 tamen
1412 4536 1479 4576 ne
1519 4521 1572 4576 in
1617 4522 2002 4592 imperatorem

2117 4513 2429 4587 βασιλικαῖς
2456 4511 2765 4584 τριήρεσιν,
2796 4509 2999 4579 ᾶμιλλα
3029 4508 3198 4578 πολλὴ
3241 4507 3530 4577 Ῥωμαίων
3552 4506 3690 4575 προς

436 4611 693 4667 malevoli
716 4612 1059 4676 viderentur,
1084 4611 1131 4666 si
1159 4611 1437 4666 diversum
1471 4613 1767 4667 suaderent
1793 4612 1864 4668 ab
1890 4613 2008 4681 ejus

438 4703 1002 4768 benevolentissimis,
1045 4703 1127 4758 'ad
1179 4703 1326 4758 idem
1380 4713 1441 4759 et
1478 4703 1580 4772 ipsi
1627 4703 2005 4760 hortabantur.

437 4794 550 4851 "ac
597 4795 654 4852 in
698 4805 854 4865 parte
884 4793 1223 4863 Palmologus
1269 4794 1568 4862 imperator
1612 4809 1722 4848 non
1747 4793 2009 4852 humani-

433 4888 564 4943 tatis
576 4888 754 4944 solum
771 4896 828 4942 et
845 4886 1150 4944 clementia:
1171 4895 1516 4957 argumenta,
1541 4885 1637 4942 sed
1655 4896 1709 4941 et
1727 4886 2011 4957 magnani-

437 4980 668 5044 mitatis.
715 4995 782 5037 ac
807 4980 1174 5043 fortitudinis,
1208 4987 1264 5034 et
1292 4978 1596 5048 prudentiae
1628 4978 1830 5034 indicia
1859 4977 2010 5034 dedit

439 5073 912 5130 maniliestissima.
959 5073 1179 5129 Etenim
1229 5087 1355 5127 cum
1389 5072 1536 5127 bello
1577 5087 1645 5127 eo
1677 5087 1849 5142 usque
1887 5087 2012 5141 pro-

437 5177 652 5233 cessum
685 5174 858 5232 esset,
891 5172 1164 5235 tantaeque
1192 5164 1338 5219 inter
1364 5179 1461 5220 eos
1494 5163 1797 5219 inimicitiae
1837 5163 2011 5218 exstio

436 5256 655 5322 tissent,
714 5267 776 5312 ut
825 5265 1010 5312 essent
1058 5255 1470 5326 implacabiles,
1499 5265 1554 5311 et
1600 5257 1739 5312 alter
1772 5240 2008 5311 alterum

439 5354 554 5405 non
601 5348 840 5419 imperio
885 5348 1072 5417 modo,
1123 5348 1218 5405 sed
1263 5349 1308 5404 si
1351 5349 1640 5418 potuisset,
1691 5347 1857 5402 etiam
1899 5347 2011 5402 vita

438 5452 670 5499 exutum
704 5441 1031 5512 eupiv‘isset,
1085 5454 1392 5512 omnesque
1439 5455 1639 5496 nervos
1669 5440 1736 5494 ad
1783 5440 2010 5494 exitium

441 5535 750 5591 adversarii
779 5533 1126 5599 contulisset,
1155 5543 1343 5603 postea
1369 5534 1655 5598 victorem,
1689 5533 1892 5600 victum
1921 5533 2015 5586 ha-

440 5625 667 5682 bente
702 5627 759 5680 in
808 5641 998 5693 manu,
1049 5625 1118 5682 ad
1169 5634 1487 5696 antegressa
1521 5638 1630 5681 non
1685 5625 2010 5694 respexisse,

441 5731 548 5771 nec
578 5717 913 5784 anquisisse,
942 5717 1221 5786 quomodo
1255 5719 1498 5786 puniret,
1526 5733 1556 5771 a
1587 5709 1698 5786 quo
1730 5717 1892 5771 laesus
1927 5718 2012 5769 vi-

443 5804 720 5864 debatur:
751 5807 846 5862 sed
881 5807 987 5860 hoc
1017 5805 1277 5862 Barbaris
1310 5808 1666 5879 quibusdam,
1702 5809 1874 5864 nihil-0
1906 5807 2011 5862 nti-

2115 4607 2380 4678 ἀλλήλους
2431 4605 2721 4673 ἀνεφύετο,
2771 4604 2988 4655 πάντων
3024 4597 3438 4670 παραινούντων
3479 4597 3692 4671 βασιλεῖ

2115 4701 2206 4754 τὸν
2247 4698 2508 4768 γυναικὸς
2565 4694 2794 4766 ἀδελφὺν
2849 4692 2957 4746 τῶν
2989 4692 3163 4762 δψεων
3209 4693 3554 4760 ἀποστερεῖν,
3615 4689 3691 4751 ἇς

2116 4792 2260 4846 οὕτω
2317 4788 2528 4844 πολλῶν
2569 4785 2914 4858 πραγμάτων
2956 4783 3409 4853 ἀπαλλαξομένῳ,
3461 4782 3555 4834 καὶ
3615 4781 3695 4852 μὴ

2117 4885 2276 4948 αὖθις
2306 4881 2488 4950 ἐαυτῷ
2527 4879 2631 4950 μὴν
2662 4878 2890 4947 ἀγώνων
2931 4878 3026 4930 καὶ
3063 4875 3349 4941 κινδύνων,
3388 4878 3501 4938 τοῖς
3525 4875 3571 4929 δ’
3598 4875 3696 4928 ἄλ·

2117 4978 2232 5040 λοις
2259 4977 2393 5029 πᾶσι
2448 4973 2741 5042 Ῥωμαίοις
2793 4970 3069 5041 πρόφασιν
3145 4968 3384 5038 πολέμου
3423 4966 3697 5038 ἐμφυλίου

2121 5067 2499 5124 καταλείπειν.
2537 5062 2698 5135 Εἶχον
2727 5064 2788 5129 δὲ
2815 5063 2876 5116 ού
2918 5063 3123 5124 πάντες
3159 5061 3256 5130 τὴν
3292 5060 3414 5130 ἴσην
3460 5059 3696 5129 γνώμην

2119 5164 2183 5218 ἐν.
2208 5163 2319 5223 τοῖς
2350 5157 2674 5228 λεγομένοις
2697 5173 2712 5187 °
2746 5155 2864 5210 ἀλλ’
2894 5156 2942 5208 oi
2979 5153 3079 5222 μὲν
3105 5153 3210 5207 ὑπὸ
3237 5156 3337 5228 τῆς
3355 5154 3527 5223 ἄκρας
3559 5153 3703 5206 ἀπε-ν

2120 5252 2306 5325 χθείας
2335 5253 2415 5314 είς
2437 5253 2648 5304 ἐκεῖνον
2674 5249 2898 5303 τοιαῦτα
2941 5245 3350 5308 συνεϐούλευον,
3395 5242 3699 5320 ἡγούμενοι

2118 5344 2220 5398 οὐκ
2240 5341 2491 5408 ἀνεκτὸν,
2530 5340 2586 5392 εἰ
2600 5337 2674 5408 μὴ
2705 5337 2839 5408 πρὸς
2865 5339 2986 5399 ταῖς
3037 5334 3227 5397 ἄλλαις
3288 5333 3701 5404 κακοπραγίαις

2121 5434 2216 5490 καὶ
2241 5433 2302 5486 τὸ
2343 5431 2562 5502 βλέπειν
2587 5431 2898 5501 ἀφαιροῖτο,
2932 5428 3006 5491 ὡς
3042 5426 3161 5499 ἃμα
3181 5443 3238 5480 τε
3270 5426 3463 5480 ἐλπίδα
3487 5426 3703 5502 simpu-

2120 5525 2250 5595 γίας
2286 5523 2562 5595 μηδεμίαν
2596 5522 2746 5592 ἔχοι,
2769 5507 2864 5576 καὶ
2901 5520 3103 5590 πολλὴν
3139 5520 3246 5592 τὴν.
3281 5524 3346 5574 ἐκ
3394 5519 3503 5574 τῶν
3541 5536 3704 5589 περι-

2123 5617 2362 5688 σχόντων
2379 5615 2668 5687 δυσχερῶν
2686 5615 2846 5671 ἀνίαν
2877 5616 3140 5685 ὑπομένοι
3163 5631 3176 5646 ·
3203 5615 3254 5668 οἱ
3282 5614 3328 5668 δ’
3351 5613 3506 5666 οὐδὲν
3527 5613 3702 5666 noto-Ti-

2120 5728 2215 5766 ⁴τον
2249 5709 2513 5764 ἐνενόουν
2537 5706 2656 5762 ἀλλ’
2697 5707 2886 5770 ἁπλῶς
2933 5707 3078 5771 οὕτω
3111 5709 3246 5774 τοϊς,
3266 5707 3461 5774 ἄλλοις
3485 5720 3702 5774 συμφε-

2129 5805 2368 5876 ρόμενοι,
2397 5801 2664 5873 ἠφείδουν
2685 5803 2778 5858 καὶ
2808 5801 2919 5869 τῶν
2947 5801 3419 5870 ἀναγκαιοτάτων,
3475 5801 3571 5854 καὶ
3602 5798 3702 5852 τύ·
