3964 6210
221 347 313 413 365

1358 346 1900 409 HISTORIARUM
1943 349 2177 409 LIBER
2221 350 2316 413 iV.

3339 351 3444 414 346

221 461 478 534 ἑκατέροις
507 461 569 513 ἐκ
593 459 702 512 τῶν
729 459 1010 529 λογισμῶν
1037 459 1400 530 ἐγγινομένης
1426 476 1441 491 ο
1486 460 1678 516 ἔπειτα
1705 459 1762 513 δὲ

1875 458 2157 523 duntaxat,
2187 461 2284 515 sed
2317 470 2370 515 et
2398 461 2442 516 si
2487 460 2618 532 quid
2657 469 2823 517 restat
2856 462 3093 518 tristitia:
3117 462 3134 534 (
3155 478 3261 517 non
3291 467 3443 518 enim

223 555 304 610 καὶ
351 554 430 607 σοὶ
479 552 632 607 οὐδὲν
679 544 864 623 ἦττον,
914 553 994 606 ὅτι
1055 550 1350 623 δυνάμενος
1385 552 1577 606 λυπεῖν
1604 555 1661 603 ἐν
1691 552 1768 620 τῷ

220 650 401 702 ἐκεῖνον
432 643 812 716 τιμωρεῖσθαι,
848 648 947 700 οὐκ
977 646 1286 715 ἠθέλησαςο
1318 647 1379 700 οὐ
1424 647 1530 714 μὴν
1564 644 1679 698 ἀλλ’
1720 645 1772 699 εί

221 759 264 794 τι
285 741 369 794 καὶ
393 737 491 808 τῆς
519 735 674 799 ἀνίας
700 736 1054 790 ὑπολέλειπτο
1096 736 1176 804 (ού
1207 737 1313 806 γάρ
1350 732 1441 790 οὖν
1463 738 1770 807 ἀρνήσομαι

220 832 304 895 ὠς,
345 831 550 883 ἐκείνου
584 829 893 897 δεδεμένου,
923 829 999 884 ,οὐ
1040 829 1182 881 δοκῶ
1224 829 1430 883 ἐλάττω
1480 829 1770 898 ὑπομένειν

222 925 298 979 διὰ
331 924 424 993 τὴν
457 922 811 993 συμπάθειαν
857 923 954 991 τὴν
999 922 1138 992 πρὸς
1182 923 1445 985 ἐκεῖνον),
1486 922 1770 992 ἀνῄρηκας

220 1013 515 1068 παντάπασι
566 1012 1214 1080 νυνὶ,¹ὲπαγγειλάμενος
1258 1012 1482 1080 ἀνήσειν
1529 1012 1636 1064 τῶν
1685 1011 1772 1064 δε-

221 1107 353 1176 σμῶν
387 1105 527 1174 μετά
567 1105 765 1174 μικρόν
795 1118 809 1133 ⁶
859 1104 887 1156 ὃ
938 1105 1117 1168 καλῶς
1144 1106 1392 1174 ποιήσεις
1449 1105 1648 1174 ἀληθὲς
1680 1104 1772 1157 ἐπὶ

220 1198 312 1251 τῶν
338 1196 514 1263 ἔργων
537 1195 824 1258 ἀποδείξας
849 1208 865 1223 ⁶
893 1196 951 1248 οὐ
984 1195 1092 1264 γάρ
1127 1196 1263 1266 πρὸς
1303 1193 1548 1259 εὐδοξίαν
1585 1195 1766 1264 μόνον,

220 1288 337 1342 ἀλλά
373 1289 464 1340 καὶ
501 1286 637 1358 πρὸς
681 1286 981 1353 ἀσφάλειαν
1023 1287 1220 1357 ἄριστα
1263 1288 1446 1356 σαυτῷ
1478 1287 1764 1360 βουλεύσῃ.

225 1377 308 1429 ’Δν
336 1376 428 1445 μὲν
459 1376 569 1442 γὰρ
617 1375 706 1428 διὰ
745 1373 862 1446 βίου
915 1377 1165 1444 κατέχειν
1201 1377 1258 1428 ὲν
1303 1375 1521 1443 δεσμοῖς
1551 1376 1640 1426 τὸν
1671 1391 1768 1440 γν-

220 1463 378 1524 ναικὸς
405 1461 642 1530 ἀδελφὸν
673 1461 954 1533 διανοήσῃ,
985 1462 1178 1531 ἄδηλον
1219 1462 1316 1530 μὲν
1357 1464 1404 1514 εί
1447 1463 1522 1532 μὴ
1551 1462 1770 1530 διαδρᾶ-

223 1575 294 1610 ναι
323 1554 566 1620 δννηθεὶς
615 1554 774 1616 αὖθις
820 1554 1158 1626 πολεμήσειο
1210 1553 1529 1624 ἀδηλότερον
1577 1554 1633 1607 δὲ
1671 1555 1769 1622 οὐχ

224 1649 413 1717 ἥκιστα.
444 1650 497 1701 εἰ
526 1649 601 1718 μὴ
637 1649 729 1700 καὶ
751 1651 962 1717 νικήσει
988 1646 1411 1717 πεπολεμηκώς.
1444 1649 1634 1700 Πολλοὶ
1663 1647 1769 1714 γὰρ

229 1737 454 1800 πολλάκις
479 1739 548 1788 ἐκ
585 1736 832 1807 μεγάλης
862 1739 1032 1810 ἣττης
1070 1741 1166 1792 καὶ
1215 1739 1598 1814 κακοπραγίας
1641 1739 1769 1791 ἀνα-

232 1829 502 1897 σφήλαντες
534 1829 914 1898 περιεγένοντο
943 1831 1050 1882 τῶν
1080 1830 1375 1898 πολεμίων,
1409 1833 1473 1883 ὲκ
1497 1831 1602 1884 τῶν
1637 1847 1770 1900 προ-

236 1917 372 1986 τέρων
412 1917 787 1985 ἀτυχημάτων
829 1917 1221 1988 ἐμπειρότερον
1273 1920 1608 1988 χρησάμενοι
1655 1921 1768 1983 τοῖς

237 2009 544 2078 πράγμασιν.
588 2009 650 2060 Ei
693 2009 737 2062 δ’
769 2008 876 2078 ἄρα
912 2026 993 2062 σοι
1027 2011 1119 2062 καὶ
1164 2009 1320 2062 τοῦτο
1370 2011 1674 2080 περιέσται,
1708 2011 1768 2064 τὸ

237 2102 373 2170 πολλῇ
400 2101 630 2172 προνοίᾳ
663 2102 990 2176 χρησαμένῳ
1021 2104 1148 2170 περὶ
1200 2102 1298 2170 τὴν
1347 2102 1556 2154 ἐκείνου
1601 2102 1768 2170 φυλα-

239 2193 342 2260 κὴν,
373 2193 622 2262 κατέχειν
676 2194 735 2244 ἐν
791 2191 1054 2261 ἀφύκτοις
1099 2193 1186 2247 διά
1237 2193 1376 2262 βίου,
1413 2194 1628 2261 πρῶτον
1669 2193 1769 2263 μὲν

251 2284 431 2347 πολλαῖς
455 2287 536 2338 ἀεὶ
585 2286 805 2338 συνέσει
861 2285 954 2339 καὶ
1007 2286 1282 2350 ποικίλαις
1339 2290 1457 2349 ταῖς
1494 2287 1767 2356 φροντίσι,

267 2379 341 2430 ιν).
363 2377 566 2448 νύκτωρ,
591 2382 685 2433 καὶ
721 2378 842 2449 μεθ’
877 2380 1095 2451 ἡμέραν
1126 2380 1551 2450 λυμαινομέναις
1576 2383 1660 2433 ἀεὶ
1689 2380 1769 2450 τῷ

269 2470 366 2540 βίῳ,
392 2473 472 2526 καὶ
495 2472 732 2540 οὐδεμίαν
770 2471 1179 2545 συγχωρούςαις
1214 2472 1476 2541 εὐθυμίας
1515 2473 1770 2543 αἴσθησιν

261 2562 527 2631 λαμϐάνειν.
558 2566 629 2618 Οὐ
661 2567 770 2634 γάρ
811 2563 940 2626 τοὺς
995 2565 1052 2616 ἐν
1097 2565 1237 2617 τέλει
1276 2564 1566 2632 Ῥωμαίων
1633 2567 1769 2619 ὐπο-

254 2657 430 2710 κτεύειν
460 2660 672 2727 ἀνάγκη
699 2660 860 2728 μόνον
891 2658 1208 2722 ἐπιϐούλους
1242 2653 1404 2720 εἶναι,
1428 2661 1492 2715 ἄν
1521 2677 1572 2712 τι
1599 2660 1768 2730 τύχῃς

253 2746 355 2816 τρὸε
393 2749 583 2811 αὐτοὺς
635 2749 1115 2820 προσκεκρουκὼς,
1170 2750 1306 2804 ἀλλὰ
1357 2754 1452 2804 καὶ
1503 2754 1628 2817 τοὺς
1671 2756 1769 2822 τὴν

241 2839 409 2892 ἐκείνου
436 2840 685 2911 φυλακὴν
712 2842 1193 2911 πεπιστευμένους,
1228 2842 1320 2896 καὶ
1342 2844 1470 2906 τοὺς
1502 2843 1767 2899 οἰκειοτά-

238 2947 334 2994 τους
355 2932 562 2997 αὐτοὺς,
594 2934 643 2984 εί
678 2928 790 2986 οἷόν
819 2951 876 2986 τε
911 2935 1102 2988 εἰπεῖν.
1137 2935 1278 3004 Πρὸς
1308 2937 1416 3006 γὰρ
1446 2935 1523 3006 τῷ
1554 2939 1769 3010 ρᾳδίους

237 3017 485 3085 εἶναιτοὺς
518 3021 843 3091 ἀνθρώπους
881 3025 1012 3091 πρύς
1058 3024 1385 3093 μεταϐολὰς,
1425 3028 1519 3079 καὶ
1557 3027 1768 3099 χαίρειν

234 3111 299 3163 ἀεί
321 3116 418 3175 τοῖς
458 3117 879 3183 νεωτερισμοῖς,
919 3113 986 3168 ἂν
1027 3115 1122 3169 καὶ
1154 3117 1478 3186 προφάσεώς
1510 3135 1652 3182 τινος
1682 3122 1770 3173 εὐ-

241 3206 422 3272 πορῶσι,
449 3209 526 3262 δι’
554 3201 628 3278 ἦς
665 3206 732 3260 ἂν
773 3209 1083 3277 ἀμύνασθαι
1110 3211 1284 3280 ῥᾷστα
1314 3211 1440 3274 τοὺς
1465 3210 1768 3283 λελυπηκό-

232 3315 305 3361 τσς
336 3299 670 3372 δυνήσεσθαι
716 3302 1016 3371 οἰήσονται,
1067 3301 1268 3371 μᾶλλον
1315 3305 1419 3374 χρὴ
1460 3305 1768 3376 προσδοκᾷν

229 3392 592 3458 εὐμεταϐόλους
639 3390 855 3444 ἔσεσθαι
899 3393 994 3445 καὶ
1039 3392 1253 3463 ῥᾳδίους
1298 3393 1432 3463 πρὸς
1477 3395 1768 3459 ὲπιῦουλὰς

223 3479 413 3551 έχοντας
458 3483 642 3553 ἐγγὺς
678 3483 772 3536 τὸν
815 3483 849 3543 ἢ
898 3483 1004 3536 τῶν
1051 3485 1338 3554 παρόντων
1389 3487 1766 3553 ἀπαλλάξοντα

224 3577 395 3644 κακῶν,
420 3576 454 3646 ἢ
499 3575 724 3630 πολλῶν
754 3575 1101 3646 ὲμπλήσοντα
1140 3576 1351 3648 δώρων.
1389 3580 1481 3632 καὶ
1511 3583 1761 3650 μεγάλων

233 3665 488 3728 ἀξιώσοντα
536 3667 656 3720 τῶν
711 3667 1060 3734 εὐεργεσιῶν.
1097 3666 1331 3722 Ἔπειτα
1366 3669 1422 3722 δὲ
1456 3671 1508 3724 εί
1557 3688 1636 3722 σοι
1671 3673 1766 3724 καὶ

235 3758 337 3811 κατὰ
359 3761 459 3831 τὴν
491 3760 552 3830 ﬂ?
572 3758 723 3810 ικίαν
749 3758 908 3825 τήνδε
944 3759 1025 3828 (οὐ
1047 3760 1154 3830 γάρ
1185 3759 1468 3825 ἀδύνατον,
1498 3763 1768 3835 ἀνθρώπῳ

198 3891 206 3898 .
231 3867 270 3916 τε
294 3852 415 3922 ὄντι)
452 3855 546 3920 ἐφ’
570 3850 720 3904 οὕτω
747 3850 959 3920 νηπίοις
993 3853 1233 3918 συμϐαίη
1259 3857 1372 3917 τοῖς
1407 3855 1616 3920 τέκνοις
1639 3858 1772 3910 ἀπο-

234 3944 464 4010 ενήσγειν,
494 3943 662 4002 ἐλπὶς
695 3942 924 4003 ἐκείνοις
950 3942 1176 4011 οὐδεμία
1205 3945 1512 4013 εὐπραγίας
1543 3946 1767 4001 ἀπολεί-

225 4051 369 4092 πεται.
410 4037 486 4090 Τὸ
516 4036 630 4106 μὲν
681 4035 790 4102 γὰρ
819 4035 918 4102 τὴν
950 4035 1123 4107 ἀρχὴν
1159 4037 1360 4100 αὐτοὺς
1397 4038 1596 4091 ίθύνειν
1631 4043 1769 4110 μετά

223 4123 296 4191 ιῆς
333 4125 544 4194 μητρὸς
579 4123 668 4189 ἐφ’
707 4120 850 4174 οὕτω
898 4124 1158 4192 χαλεποῖς
1190 4127 1420 4193 καιροῖς,
1451 4121 1545 4177 καὶ
1573 4126 1769 4180 δυσκό-

219 4219 322 4277 leg,
359 4217 452 4268 καὶ
492 4214 824 4267 παντάπασι
852 4213 1270 4286 διεφθαρμένοις
1302 4218 1621 4285 πράγμασιν
1646 4220 1772 4271 ἁδύ-

223 4325 366 4364 νατον.
382 4313 662 4366 Λείπεται
693 4309 748 4362 δὲ
769 4309 802 4379 ἢ
825 4308 918 4360 τὸν
942 4307 1348 4378 φρουρούμενον
1370 4312 1575 4363 ἐκεῖνον
1600 4330 1770 4383 προσ-

223 4399 607 4470 ιαλεσαμένους
657 4400 861 4461 πάντας
900 4400 963 4450 ἐκ
1008 4400 1351 4468 συνθήματος
1378 4401 1649 4470 αἱρεῖσθαι
1683 4402 1772 4470 βα-

1870 554 2105 622 negabo,
2128 569 2194 608 co
2217 553 2432 617 'viiicto,
2461 554 2632 610 videri
2663 555 2791 608 mihi
2821 566 3045 625 propter
3073 566 3279 610 natura:
3306 573 3442 611 eon-

1870 659 2090 700 sensum
2133 644 2322 698 eadem
2363 646 2598 714 perpeti,
2631 662 2752 715 qua:
2785 647 2875 700 ille
2909 647 3264 715 perpetitur),
3294 655 3348 698 tu
3386 663 3441 700 in

1871 735 2158 802 prresentia
2183 733 2428 787 funditus
2448 736 2965 804 sustulisti,quando
2989 739 3176 804 paucis
3195 737 3388 790 diebus
3411 753 3441 790 e

1871 824 2106 878 vinculis
2150 825 2504 880 dimissurum
2557 827 2846 895 recepisti;
2915 829 3060 896 quod
3116 828 3162 882 si
3220 845 3276 881 re
3326 827 3442 897 ipsa

1870 917 2212 986 prmstiteris,
2250 925 2397 972 recte
2439 917 2656 972 feceris.
2687 918 2904 972 Etenim
2951 936 3058 972 non
3099 920 3164 972 ad
3199 920 3440 973 celebri-

1874 1017 2037 1062 tatem
2075 1009 2313 1063 nominis
2351 1019 2587 1073 tantum,
2625 1011 2717 1065 sed
2766 1011 2930 1066 etiam
2974 1012 3039 1065 ad
3083 1015 3441 1068 securitatem

1875 1102 1966 1156 tibi
2003 1103 2205 1171 optime
2237 1103 2508 1158 consules.
2542 1103 2674 1158 Nam
2708 1105 2750 1158 si
2777 1107 2954 1175 quoad
2983 1107 3220 1175 spirabit
3254 1110 3443 1163 uxoris

1873 1203 1979 1249 tua:
2020 1194 2242 1249 fratrem
2295 1195 2544 1250 custodia
2587 1196 2948 1252 detinendam
3001 1201 3285 1259 statueris.
3331 1202 3442 1254 for-

1871 1285 2038 1347 sitan,
2081 1286 2127 1340 si
2187 1287 2429 1357 eﬂ'ugere
2480 1288 2720 1351 licuerit,
2767 1289 2969 1342 lzclluin
3026 1290 3442 1362 redintegrabit.

1871 1377 2007 1432 Illud
2057 1387 2238 1431 autem
2278 1379 2434 1448 longe
2466 1379 2918 1446 incertissimiiin,
2969 1398 3037 1437 an
3086 1399 3194 1437 non
3240 1385 3435 1448 etiam,

1873 1471 1968 1524 ubi
2020 1469 2342 1540 pugnaverit
2388 1472 2567 1525 victor
2611 1487 2878 1526 evasurus
2927 1475 3019 1528 sit.
3091 1475 3240 1530 Multi
3299 1477 3446 1530 enim

1872 1578 2250 1631 saepenumero
2287 1577 2451 1629 parva
2498 1577 2622 1616 cum
2658 1562 2874 1630 jactura
2915 1580 3012 1620 sua
3054 1566 3206 1628 victi,
3257 1582 3448 1622 rursus

1872 1655 2066 1719 erecti,
2124 1665 2177 1709 et
2243 1655 2517 1723 praiterita
2589 1655 2898 1712 calamitate
2955 1658 3234 1712 cautiores
3294 1659 3446 1720 lacti,

1873 1746 2264 1801 victores’suos
2294 1745 2632 1800 devicerunt.
2659 1745 2814 1812 Quod
2848 1749 2889 1802 si
2927 1749 3084 1803 facile
3117 1749 3448 1818 possisdili-

1873 1837 2022 1908 genti
2071 1837 2420 1904 providentia
2469 1853 2566 1906 per
2598 1853 2816 1891 onmem
2869 1839 3036 1892 vitain
3082 1839 3452 1894 adamantinis

1873 1945 2006 2004 eum.
2045 1929 2284 1983 vinculis
2335 1928 2642 1994 custodire,
2689 1929 2926 1998 primum
2969 1930 3190 1999 quidem
3232 1945 3454 1999 semper

1876 2019 2121 2075 molestis
2179 2017 2604 2088 cogitationibus
2649 2018 3004 2083 exercebere,
3056 2035 3178 2088 qua:
3208 2019 3298 2072 diu
3351 2034 3450 2070 no-

1875 2123 2076 2180 ctuque
2111 2112 2276 2164 vitam
2323 2121 2466 2164 tuam
2506 2120 2846 2178 earpant,et
2888 2125 3104 2163 omnem
3153 2110 3454 2164 hilaritatis

1873 2217 2098 2255 sensum
2128 2203 2441 2256 excludant.
2480 2201 2631 2254 llaud
2668 2201 2816 2254 enim
2862 2201 3036 2253 solum
3073 2200 3444 2253 Romanorum

1873 2305 2166 2360 procerum
2201 2291 2429 2344 insidias
2470 2299 2716 2344 metuere
2759 2289 3055 2358 oportebit,
3093 2289 3139 2342 si
3189 2289 3318 2356 quid
3349 2303 3449 2342 eos

1875 2382 2211 2446 odenderis,
2274 2383 2369 2436 sed
2421 2391 2477 2436 et
2523 2397 2619 2435 eos
2667 2381 2866 2450 quibus
2936 2380 3243 2434 custodiam
3297 2379 3450 2433 illius

1875 2471 2238 2535 commiseris,
2294 2480 2349 2525 et
2400 2472 2566 2540 ipsos,
2620 2473 2662 2525 si
2710 2471 2816 2524 dici
2862 2469 2945 2524 fas
2982 2478 3084 2532 est,
3132 2468 3448 2524 familiaris-

1873 2567 2064 2620 simos.
2095 2565 2464 2632 Praiierquam
2497 2569 2644 2618 enim
2688 2563 2835 2632 quod
2880 2563 3129 2617 homines
3163 2561 3230 2615 ad
3265 2571 3448 2616 muta-

1875 2657 2138 2712 bilitatem
2187 2656 2342 2724 proni
2397 2664 2544 2716 sunt,
2575 2665 2631 2708 et
2663 2655 2826 2709 rebus
2861 2655 3018 2708 novis
3053 2655 3365 2722 capiuntur,
3397 2653 3444 2708 si

1872 2759 1928 2805 et
1972 2748 2316 2802 occasionem
2364 2746 2691 2816 repererint,
2727 2763 2832 2817 qua
2865 2747 3000 2800 male
3031 2746 3098 2800 de
3141 2762 3198 2799 se
3237 2744 3449 2799 meritis

1872 2839 2128 2896 facillime
2182 2855 2280 2908 par
2335 2840 2672 2909 reposituros
2734 2847 2979 2906 sperent,
3035 2837 3208 2906 inagis
3254 2852 3448 2890 eorum

1876 2933 2240 2990 inconstantia
2278 2941 2332 2985 et
2366 2932 2524 2986 doliis
2569 2931 2972 3000 exspectandus
3023 2940 3128 2993 est,
3180 2929 3227 2983 si
3277 2943 3447 2999 prope
3501 2917 3514 2928 ’

1874 3026 2112 3080 habeant
2163 3024 2395 3086 scilicet,
2438 3021 2530 3093 qui
2581 3033 2676 3076 aut
2730 3023 2884 3076 malis
2941 3038 3036 3076 eos
3086 3022 3452 3092 praesentibus

1825 3120 2094 3190 .eripiat,
2154 3126 2250 3170 aut
2326 3115 2486 3170 donis
2539 3131 2634 3169 eos
2703 3129 2766 3168 ac
2836 3115 3117 3169 beneﬁciis
3180 3115 3447 3168 cumulet.

1880 3211 2150 3266 Praeterea
2199 3209 2242 3262 si
2298 3217 2349 3261 te
2398 3206 2560 3260 hodie
2619 3206 2807 3260 liberis
2857 3205 2964 3260 tuis
3018 3206 3198 3259 adhuc
3259 3206 3442 3274 parvis

1882 3318 2034 3356 mors
2075 3317 2106 3355 e
2150 3299 2333 3353 medio
2365 3300 2518 3352 tollat
2560 3297 2762 3362 (homo
2803 3299 2948 3351 enim
2992 3309 3154 3351 natus
3193 3313 3316 3351 cum
3346 3297 3447 3360 sis,

1879 3393 2181 3447 humanum
2218 3389 2353 3443 nihil
2389 3406 2416 3443 a
2455 3398 2504 3443 te
2538 3390 2774 3443 alienum
2814 3389 3017 3443 ducere
3056 3389 3282 3454 debes),
3314 3405 3450 3443 con-

1879 3486 2112 3540 clamata
2135 3493 2214 3536 est
2253 3497 2445 3536 eorum
2479 3482 2736 3536 felicitas.
2771 3481 2904 3534 Nam
2943 3483 3090 3549 ipsos
3116 3497 3237 3534 cum
3275 3490 3449 3534 matre

1879 3577 2188 3648 gubernare
2236 3576 2546 3640 imperium,
2603 3571 2944 3640 temporibus
2989 3571 3123 3623 adeo
3168 3571 3318 3623 duris
3385 3585 3450 3622 ac

1879 3666 2212 3729 diliicilibus,
2240 3665 2405 3718 rebus
2435 3663 2658 3716 omnino
2703 3663 2933 3725 eversis,
2977 3661 3314 3729 impossibile
3343 3671 3450 3714 est.

1884 3755 2236 3824 Relinquitur
2259 3769 2410 3824 ergo.
2441 3762 2498 3806 ut
2529 3763 2622 3806 aut
2659 3753 2810 3806 illiilli
2849 3752 2941 3822 qui
2965 3753 3076 3820 jam
3112 3750 3447 3812 custoditur,

1880 3848 2177 3908 advocetis,
2215 3861 2451 3914 eumque
2481 3845 2725 3898 omnium
2765 3859 3032 3898 consensu
3061 3846 3451 3910 imperatore-In

1875 3943 2112 4011 eligatis,
2163 3949 2259 3994 aut
2303 3938 2470 3992 alium
2525 3937 2858 4006 quempiam,
2905 3939 2999 4005 qui
3054 3937 3210 4005 longe
3267 3937 3452 4004 plures

1880 4035 1963 4090 sui
2005 4033 2284 4088 studiosos
2330 4030 2606 4093 habuerit,
2661 4028 3026 4098 solertiorque
3071 4038 3124 4081 et
3171 4029 3234 4081 ad
3286 4029 3453 4096 impe-

1881 4128 2112 4182 randum
2158 4124 2335 4194 aptior
2375 4124 2647 4177 videatur.
2697 4122 2749 4175 Si
2809 4123 2991 4188 itaque
3048 4122 3138 4174 ille
3193 4119 3448 4190 eligatur,

1881 4226 2094 4270 eertum
2142 4227 2225 4268 est
2284 4212 2440 4276 mihi,
2493 4213 2853 4266 nihilominus
2925 4211 3359 4270 elaboraturuin,
3395 4215 3453 4263 ut

1881 4311 2035 4365 illum
2083 4307 2242 4363 liberi
2280 4308 2355 4361 tui
2411 4307 2836 4360 mansuetiorem
2879 4304 3253 4373 experiantur,
3289 4317 3448 4370 quani

1882 4405 1971 4458 ille
2017 4412 2066 4457 te
2095 4403 2430 4470 experietur,
2471 4401 2512 4453 si
2546 4401 2789 4454 clausum
2825 4401 2879 4450 in
2925 4411 3146 4450 carcere
3179 4409 3349 4459 iisiue
3384 4391 3450 4446 ad

225 4491 359 4553 ἰζ-ἑά,
411 4490 446 4558 ἢ
484 4489 609 4542 τῶν
662 4487 839 4540 ἄλλων
885 4485 1002 4548 ἕνα,
1061 4486 1117 4548 ὃς
1159 4486 1236 4561 ἂν,
1279 4488 1514 4556 μάλιστα
1554 4489 1771 4551 πλείους

1885 4502 2113 4546 mortem
2147 4490 2462 4552 retinueris,
2498 4499 2556 4542 ut
2596 4489 2819 4559 gravius
2852 4487 2987 4540 nihil
3024 4486 3212 4538 addas.
3251 4483 3345 4538 Sin
3384 4481 3448 4535 ad

217 4583 343 4651 τχοίη
368 4583 503 4645 τοὺς
542 4579 918 4642 σπουδαστάς,
964 4580 1060 4631 καὶ
1103 4579 1405 4649 δεινότερος
1433 4579 1640 4649 δοκοίη,
1683 4581 1780 4633 καὶ

214 4674 391 4738 μᾶλλον
419 4677 628 4743 ἄρχειν
653 4671 980 4739 ἐπιτήδειος.
1013 4672 1110 4722 Ἂν
1143 4673 1241 4740 μὲν
1266 4671 1358 4724 οὖν
1389 4673 1596 4731 ἐκεῖνος
1629 4675 1781 4744 αἱρε-

210 4761 332 4832 Θείη.
370 4765 524 4819 δοκῶ
559 4780 652 4833 μοι
689 4763 856 4832 μηδὲν
915 4757 1100 4833 ἧττον,
1133 4761 1228 4814 καὶ
1271 4761 1432 4825 αὐτὸς
1463 4762 1776 4831 φιλονεική-

211 4870 307 4906 σειν
347 4856 718 4924 ἡμερώτερος
763 4851 1048 4920 φανεῖσθάι
1077 4855 1189 4914 τοῖς
1231 4854 1388 4904 παισὶ
1434 4855 1544 4915 τοῖς
1580 4856 1710 4915 σοῖς,
1743 4853 1775 4922 ἦ

207 4944 348 5006 αὐτὸς
378 4947 590 5012 ἐκείνῳ
621 4942 830 5013 ὤφθης.
863 4941 1035 4995 Τοῦτο
1068 4942 1122 4993 δὲ
1151 4942 1304 4994 οὐδὲν
1339 4942 1528 5012 ἕτερόν
1563 4945 1711 4995 ἐστιν
1743 4943 1775 5014 ἦ

208 5035 257 5083 ὲν
302 5035 678 5104 δεσμωτηρίῳ
714 5035 1152 5087 κατακλείσαντα
1188 5036 1442 5104 κατέχειν
1490 5035 1578 5089 διὰ
1637 5035 1776 5105 βίου,

208 5125 284 5178 καὶ
319 5128 498 5196 μηδέν
559 5144 613 5178 τι
665 5126 970 5194 δεινότερον
1011 5126 1197 5195 ἕτερον
1249 5127 1591 5196 προσθεῖναι.
1637 5127 1698 5180 Εἰ
1732 5128 1777 5180 δ’

205 5218 278 5283 ἔφ’
310 5219 508 5289 ἕτερόν
536 5236 687 5282 τινα,
717 5220 854 5286 ὅπερ
880 5217 1116 5284 μάλιστα
1141 5218 1476 5288 ἀπεύχομαι,
1505 5219 1780 5288 μεταϐαίη

207 5309 424 5382 ἡάρχὴ,
450 5310 611 5364 ὀκνῶ
645 5312 743 5378 μὲν
767 5313 944 5363 εἰπεῖν
971 5313 1065 5364 καὶ
1109 5313 1271 5380 μέχρι
1311 5313 1470 5380 λόγου
1518 5312 1782 5382 δακνόμε-

205 5418 281 5463 νος
305 5408 372 5472 τῇ
403 5403 719 5474 προσδοκία
740 5403 848 5454 τῶν
879 5403 1068 5456 δεινῶν
1090 5419 1103 5432 ·
1135 5403 1289 5466 ἐλπὶς
1317 5403 1370 5456 δὲ
1401 5403 1626 5472 οὐδεμία
1649 5405 1782 5456 ἀπο-

203 5487 442 5546 λείπεται
479 5492 566 5562 μὴ
597 5488 653 5544 οὐ
689 5495 894 5556 πάντας
934 5494 1104 5563 ἄρδην
1138 5493 1460 5546 ἀπολέσθαι.
1496 5494 1556 5547 Εἰ
1578 5493 1622 5546 δ’
1644 5494 1782 5566 ὅπερ

204 5587 352 5647 αὐτὸς
391 5588 590 5638 ἑκοντὶ
630 5587 876 5654 προείλου
910 5587 1005 5639 νῦν
1042 5587 1134 5640 καὶ
1182 5588 1264 5650 είς
1304 5587 1465 5654 ἔργον
1507 5587 1782 5657 ἐθελήσεις

203 5678 445 5743 ἀγαγεῖν,
479 5677 687 5747 ἄριστα
712 5678 808 5749 ἔσῃ
845 5677 1030 5747 σαυτῷ
1057 5695 1114 5730 τε
1150 5679 1384 5746 κάκείνῳ
1415 5677 1780 5747 βεϐουλευμέ-

125 5825 130 5828 _
202 5781 298 5828 νος.
345 5769 604 5830 Ἐκεῖνός
629 5785 679 5820 τε
704 5774 811 5843 γάρ
836 5771 943 5822 τῶν
974 5769 1190 5839 δεσμῶν
1221 5768 1536 5835 ἀπολυθεὶς,
1575 5770 1662 5822 ἀεί
1694 5785 1778 5828 σοι

1879 4583 2045 4636 alium
2101 4583 2392 4650 quemdam
2442 4581 2617 4650 (quod
2669 4579 2809 4632 Deus
2855 4579 3105 4643 avertat)
3161 4575 3450 4644 imperium

1882 4675 2262 4737 transferatur,
2297 4689 2404 4726 non
2446 4672 2623 4725 audeo
2658 4669 2866 4734 dicere,
2897 4669 3028 4740 quid
3075 4670 3322 4721 futurum
3357 4667 3449 4727 sit,

1877 4776 1932 4820 et
1963 4767 2078 4834 ipsa
2119 4767 2384 4819 malorum
2412 4762 2750 4829 exspectatio
2775 4763 2940 4814 etiam
2973 4775 3162 4813 vocem
3197 4757 3328 4811 milii
3364 4757 3452 4808 iii-

1879 4856 2199 4910 tercludit:
2263 4865 2366 4908 nec
2435 4853 2732 4922 quidquam
2793 4853 2908 4920 spei
2971 4856 3244 4918 superest,
3317 4845 3450 4913 quin

1878 4961 2069 5001 omnes
2117 4946 2449 5000 omnimodis
2495 4959 2803 5014 pereamus.
2880 4943 2948 4996 At
2997 4943 3064 5003 si,
3111 4938 3256 5008 quod
3304 4949 3452 4990 nunc

1880 5041 2024 5094 ultro
2050 5041 2213 5110 gapin
2257 5041 2499 5094 animum
2546 5038 2901 5108 preposuisti,
2948 5036 3110 5089 etiam
3140 5048 3301 5101 Opere
3331 5033 3450 5098 ipso

1876 5133 2100 5202 explere
2130 5133 2386 5194 volueris,
2439 5130 2505 5184 de
2541 5140 2590 5185 te
2625 5132 2742 5200 ipso
2795 5139 2958 5198 atque
2985 5129 3050 5180 de
3082 5127 3171 5179 illo
3195 5125 3450 5193 pra-clare

1881 5224 2203 5278 mereberis.
2255 5223 2417 5292 897
2457 5221 2593 5275 Nam
2642 5229 2696 5274 et
2744 5221 2834 5274 ille
2885 5219 3168 5272 absolutus
3215 5216 3453 5269 vinculis

1881 5324 2200 5370 constanter
2245 5330 2310 5368 ae
2355 5324 2620 5382 perpetuo
2657 5312 2747 5366 tibi
2791 5313 2856 5366 de
2913 5311 3178 5365 beneﬁcio
3228 5319 3454 5378 accepto

1879 5408 2083 5477 gratias
2118 5415 2258 5476 aget,
2307 5421 2371 5460 ac
2417 5415 2468 5459 te
2496 5406 2680 5458 vivum
2731 5423 2827 5474 pro
2865 5407 3254 5458 heiienicrente
3288 5419 3454 5471 agno-

1880 5505 2017 5559 scet,
2055 5495 2323 5564 factisque
2358 5495 2494 5563 ipsis
2517 5495 2681 5565 digno
2712 5496 2896 5548 datiiin
2928 5511 3048 5548 esse
3077 5496 3454 5548 demonstrare

1879 5589 2199 5654 annitetiir;
2233 5597 2353 5656 post
2389 5587 2600 5640 obitum
2630 5603 2759 5640 vero
2795 5596 2967 5649 tuum,
3002 5591 3046 5641 si
3089 5587 3160 5640 ita
3185 5586 3452 5650 evenerit,

1880 5681 2007 5734 tiliis
2045 5682 2153 5735 tuis
2190 5681 2296 5734 erit
2328 5681 2533 5744 omnia,
2561 5688 2616 5733 et
2646 5695 2968 5750 quacunque
2999 5681 3208 5734 ratione
3235 5679 3454 5750 poterit,

1879 5779 2070 5825 contra
2112 5769 2365 5824 inimicos
2418 5770 2500 5824 eis
2554 5769 2940 5840 opitulabitur,
2992 5770 3454 5837 conservat-itque
