3964 6210
417 348 523 412 347

1505 393 1508 396 ι
1582 357 1907 420 JUANNIS
1945 345 2472 421 CANTACUZENI

3559 364 3672 428 348

419 464 556 534 ipsis
601 464 918 534 imperium,
953 481 1056 535 pro
1095 465 1256 523 amici
1303 469 1552 540 germani
1600 470 1815 538 liberis,
1876 480 1999 527 tan-

2107 473 2263 543 χάριν
2299 473 2506 525 εἴσεται
2562 469 2785 541 βεϐαίαν
2813 473 2913 543 τῆς
2941 470 3312 542 εὐεργεσίας·
3351 472 3448 527 καὶ
3500 471 3671 540 ζῶντί

418 573 581 628 quam
621 574 717 626 pro
747 559 977 612 suismet
1005 556 1296 614 decertans
1324 577 1337 614 :
1372 572 1427 615 et
1461 571 1516 617 tu
1549 562 1826 632 reliquum
1861 563 1987 619 vitae

418 667 541 706 cum
572 652 920 721 jucunditate
954 653 1163 723 exiges,
1205 668 1315 709 non
1352 657 1530 712 anxiis
1570 664 1779 710 tantutn
1835 655 1988 712 euris

335 773 338 777 -
417 743 734 812 ea‘terisque
788 743 1055 798 molestiis
1115 762 1182 799 ex
1247 749 1566 818 suspicione
1637 748 1992 804 nascentibus

417 833 649 897 solutus,
690 833 784 888 sed
820 834 982 888 etiam
1026 836 1234 892 collata:
1304 840 1358 891 in
1403 839 1581 908 ipsum
1635 839 1992 895 humanitatis

415 938 642 992 magnos
674 925 856 978 statim
891 925 1103 981 fructus
1141 928 1472 998 percipiens,
1510 930 1730 1000 quando
1768 941 1993 1000 propter

418 1013 558 1068 hanc
589 1015 756 1068 animi
802 1016 1147 1072 altitudinem
1197 1036 1390 1074 omnes
1445 1031 1494 1076 te
1543 1022 1905 1080 admiratione
1938 1035 1993 1080 et

418 1103 811 1171 przedicatione
835 1107 1094 1164 atﬁcient.
1137 1110 1248 1165 lloc
1279 1111 1503 1182 insuper
1533 1128 1894 1184 consequere,
1935 1123 1996 1170 ut

419 1211 610 1250 omnes
642 1197 760 1266 ejus
809 1201 1024 1268 cognati
1069 1201 1372 1272 singulares
1416 1204 1512 1258 tibi
1563 1206 1766 1272 gratias
1811 1216 1992 1277 agant,

417 1294 473 1337 et
554 1287 705 1341 velut
785 1289 1063 1344 insolubili
1143 1293 1398 1365 amicitiae
1474 1293 1622 1348 nodo
1699 1312 1825 1350 eum
1897 1298 1994 1353 tibi

419 1374 706 1442 astringes,
778 1386 838 1430 ut
913 1379 1080 1433 totius
1138 1381 1234 1434 αξινὶ
1289 1382 1372 1436 sui
1432 1384 1712 1438 curriculo
1773 1400 1996 1439 necesse

419 1462 640 1528 habeat,
693 1465 825 1520 nihil
865 1469 1008 1537 quod
1058 1469 1128 1523 ad
1178 1470 1499 1541 dignitatem
1542 1482 1596 1527 et
1647 1475 1993 1527 commodum

422 1561 573 1606 tuum
623 1556 913 1624 pertineat,
963 1560 1262 1630 negligere.
1314 1562 1380 1618 Ut
1428 1561 1594 1631 igitur
1625 1563 1843 1617 eximiis
1870 1561 1996 1632 qui-

420 1644 650 1699 busdam
699 1647 858 1703 bonis
897 1651 1329 1720 magnitudinem
1373 1655 1541 1709 animi
1591 1654 1990 1718 declaraturus,

423 1750 491 1790 ne
522 1737 704 1792 verbis
737 1743 1116 1796 tantummodo
1144 1746 1302 1805 velis.
1340 1745 1433 1800 sccl
1473 1745 1611 1800 bene
1646 1736 1892 1800 consulta
1923 1743 1989 1798 ad

420 1842 559 1896 opus
597 1831 846 1888 conferre
879 1850 945 1888 ne
979 1839 1340 1903 procrastina.

2091 581 2150 618 τε
2185 563 2506 634 πειράσεται
2529 563 2917 632 εὐγνωμονεῖν,
2941 564 3035 617 καὶ
3071 563 3256 634 ἔργοις
3285 564 3468 628 αὐτοῖς
3498 568 3674 619 ποιεῖν

2091 656 2426 726 καταφανὲς,
2458 657 2535 718 ὡς
2595 656 2674 719 εἰς
2727 653 2876 720 ἄξιον
2905 651 3136 709 κατέθου
3173 657 3273 719 τάς
3319 657 3670 727 εὐεργεσίας,

2091 747 2187 799 καὶ
2223 747 2361 816 μετὰ
2387 747 2666 814 τελευτὴν,
2707 749 2756 800 εί
2805 736 2963 801 τοῦτο
2997 747 3264 818 συμϐαίη,
3292 747 3470 801 πάντα
3518 746 3674 801 ἔσται

2090 842 2203 902 τοῖς
2230 839 2386 893 παισὶ
2417 841 2530 904 τοῖς
2563 842 2697 904 σοῖς,
2726 841 2818 892 καὶ
2840 843 2976 894 πᾶσι
3001 833 3082 903 οἷς
3121 839 3258 910 ἔχει,
3291 841 3357 894 ἄν
3384 855 3534 902 τινες
3557 839 3670 892 ἀδι-

2093 930 2210 981 κεῖν
2235 927 2513 994 ἐθέλωσιν,
2553 928 2936 998 ἐπικουρήσει,
2971 929 3065 982 καὶ
3123 928 3542 998 συνδιατηρήσει
3573 925 3667 996 τὴν

2095 1021 2266 1090 ἀρχὴν
2302 1021 2506 1082 αὐτοῖς,
2551 1019 2628 1082 ὼς
2655 1022 2720 1073 ἂν
2752 1019 2893 1090 ὑπὲρ
2925 1019 3163 1087 οἰκείων,
3210 1021 3305 1073 καὶ
3359 1020 3542 1088 φίλου,
3574 1017 3673 1071 καὶ

2094 1111 2317 1181 γνησίου
2344 1112 2549 1164 παίδων
2582 1111 3002 1180 ἀγωνιζόμενος.
3031 1109 3142 1165 Καί
3173 1111 3236 1164 σύ
3261 1111 3354 1164 τδν
3386 1110 3674 1188 ἐπίλοιπον

2094 1201 2289 1270 ἥδιστα
2327 1197 2546 1268 βιώσεις
2575 1198 2711 1268 βίον,
2742 1201 2802 1251 οὐ
2833 1198 2944 1252 τῶν
2973 1199 3270 1268 φροντίδων
3305 1199 3465 1268 μόνον
3491 1196 3675 1266 ἀπηλ-

2095 1289 2388 1359 λαγμένος,
2428 1290 2522 1343 καὶ
2549 1289 2658 1343 τῶν
2687 1289 2862 1343 ἄλλων
2887 1289 3187 1359 δυσχερῶν,
3216 1288 3252 1342 ἃ.
3277 1289 3575 1356 ὑπομενεῖς
3604 1289 3681 1339 ἐκ.

2095 1381 2206 1436 τῶν
2236 1381 2522 1448 ὑπονοιῶν,
2557 1381 2693 1434 ἀλλά
2729 1382 2822 1434 καὶ
2854 1381 2950 1450 τῆς
2986 1383 3067 1446 εἰς
3105 1383 3310 1433 ἐκεῖνον
3343 1378 3674 1448 εὐεργεσίας

2101 1472 2343 1543 μεγάλας
2365 1473 2528 1534 εὐθὺς
2557 1472 2940 1541 καρπούμενος
2978 1472 3076 1534 τὰς
3103 1471 3360 1540 ἀμοιϐὰς,
3389 1468 3677 1538 εὐφημού-

2101 1581 2260 1632 μενος
2293 1563 2399 1616 ύπδ
2439 1564 2678 1620 πάντων.
2714 1563 2808 1614 καὶ
2854 1564 2953 1631 τῆς
2996 1559 3406 1632 μεγαλοψυχίας
3455 1561 3680 1626 θαυμαο

2098 1654 2343 1724 ξάμενος.
2401 1654 2547 1721 Πρὸς
2599 1653 2811 1715 τούτοις
2869 1653 2925 1707 δὲ
2973 1652 3228 1716 καὶτοὺς
3288 1652 3680 1722 προσήκοντας

2098 1746 2291 1815 ἐκείνῳ
2347 1745 2552 1808 πάντας
2613 1745 2814 1807 πολλάς
2858 1760 2939 1797 σοι
2990 1747 3222 1814 χάριτας
3262 1742 3456 1795 εἰδέναι
3496 1757 3682 1808 παρα-

2025 1833 2064 1888 Β
2097 1836 2408 1902 σκευάσεις,
2435 1838 2530 1888 καὶ
2555 1834 2748 1904 ὥσπερ
2770 1835 2883 1887 τισι
2903 1835 3124 1902 δεσμοῖς
3136 1833 3436 1906 ἀρρήκτοις
3460 1831 3682 1890 εὐνοίας

421 1918 603 1988 δήσεις
625 1937 641 1951 ·
673 1923 764 1992 ὐφ’
792 1919 866 1978 ὧν
894 1927 1402 2000 ἀναγκασθήσονται
1457 1931 1544 1985 διὰ
1603 1930 1719 2001 βίου
1762 1931 1870 1985 τῶν
1919 1933 1998 1995 είς
2035 1929 2278 1994 εὐδοξίαν
2335 1931 2430 1983 καὶ
2491 1928 2764 1997 ὠφέλειαν
2791 1929 2889 1998 τὴν
2917 1929 3015 1996 σὴν
3038 1927 3285 1994 ἡκόντων
3324 1923 3553 1994 μηδενὸς
3579 1939 3684 1975 και·

422 2017 701 2084 ταμελείν.

782 2021 868 2085 Ὠς
943 2019 1038 2077 οὐν
1112 2026 1204 2078 ἐπὶ
1257 2027 1517 2096 μεγάλοις
1559 2029 1786 2095 ἀγαθοῖς
1835 2027 2240 2096 ἐπιδειξόμενος
2288 2025 2388 2095 τὴν
2449 2023 2880 2094 μεγαλοψυχίαν,
2927 2021 3000 2093 μὴ
3057 2023 3218 2092 μέχρι
3268 2021 3443 2089 λόγων
3516 2017 3682 2088 μόνον

424 2108 627 2180 στήπῃς
664 2111 762 2180 τὴν
811 2114 986 2186 ὁρμήν
1010 2133 1022 2147 ο
1056 2117 1191 2171 ἀλλὰ
1242 2118 1310 2172 τὰ
1359 2119 1540 2183 καλῶς
1587 2112 2233 2191 βεϐουλευμέναταχέως
2261 2118 2516 2188 φανῆναι,
2556 2117 2647 2170 καὶ
2682 2119 2761 2180 εἰς
2801 2114 2962 2186 ἔργον
2995 2114 3246 2183 ἀγαγών.

1815 2259 2040 2315 CAPUT
2080 2254 2292 2312 XLVII.

421 2338 740 2423 Obtrectatio
767 2347 925 2405 Ziani
954 2353 1008 2405 in
1038 2352 1330 2423 Eugenium
1354 2355 1471 2423 jam
1501 2355 1812 2408 monacham
1860 2353 2014 2416 quasi
2041 2351 2352 2423 imperatori
2381 2365 2525 2423 cum‘
2539 2347 2684 2423 aliis
2711 2344 2922 2423 pararit
2945 2344 3182 2423 insidias
3215 2357 3235 2397 ε
3269 2343 3539 2423 quodid:
3573 2363 3676 2401 non

495 2416 680 2491 (redit,
722 2435 814 2471 nec
841 2425 982 2476 credi
1015 2413 1148 2479 vult:
1185 2413 1656 2478 Ziani'ucrtinacid
1689 2425 1742 2477 in
1772 2413 2439 2491 a/ﬁt‘mrmdo.'lmperator
2478 2413 2776 2491 Eugenium
2809 2414 2911 2466 sibi
2940 2413 3479 2491 insidiatam‘ncredit,
3517 2425 3681 2491 atque

498 2483 811 2561 Matt/mum
844 2491 973 2561 uelle
1001 2492 1222 2546 liberare
1271 2494 1477 2545 desinit.
1507 2492 1737 2546 Zianum
1770 2481 2024 2545 incudm-ii
2073 2481 2330 2561 pwnitet:
2369 2481 2584 2542 lwtatuf
2628 2487 2944 2556 imperator.
2988 2484 3132 2548 Quid
3180 2501 3212 2538 a
3252 2481 3508 2538 Mettium
3542 2481 3682 2537 libe-

499 2555 666 2607 randa
696 2559 998 2625 postularit.
1035 2560 1164 2631 Ejus
1196 2575 1504 2631 responsum
1534 2564 1891 2615 ambitiosum.

500 2668 622 2727 "me
669 2674 1080 2734 Cantacuzenus
1104 2680 1168 2732 ad
1208 2681 1563 2752 Paheolngum
1604 2698 1700 2749 pro
1737 2681 2008 2754 Matthmo‘

427 2777 457 2815 e
483 2778 701 2818 carcere
729 2768 1038 2822 eximendo.
1067 2769 1168 2836 Qui
1202 2781 1256 2826 et
1287 2782 1414 2826 ante
1465 2788 1559 2840 per
1608 2789 1665 2826 se
1718 2772 1996 2837 incitatus,

380 2865 486 2909 -et
537 2856 850 2924 bujusmodi
909 2862 1161 2916 oratione
1219 2864 1390 2932 magis
1442 2863 1816 2928 conﬁrmatus,
1853 2862 1997 2933 quod

427 2947 742 3003 decreverat
771 2965 827 3002 re
859 2954 1116 3018 perﬁcere
1161 2954 1551 3008 metitabatur.
1578 2953 1799 3007 Interim
1840 2953 2001 3024 quid-

428 3039 553 3092 dam
594 3040 860 3110 ejusmodi
904 3043 1130 3108 accidit,
1165 3049 1308 3108 quod
1335 3045 1518 3114 priora
1545 3045 1771 3098 consilia
1799 3061 1998 3115 prope-

2177 2676 2415 2732 Τοιαῦτα
2451 2677 2550 2746 μὲν
2581 2677 2833 2748 βασιλεὺς
2858 2680 2884 2731 ὁ
2915 2675 3368 2748 Καντακουζηνδς
3403 2676 3540 2747 πρὸς
3578 2677 3676 2729 τδν

2108 2770 2469 2838 Παλαιολόγον
2501 2768 2724 2840 βασιλέα
2747 2769 3022 2840 δίειλέχθη
3057 2770 3150 2822 ἐπὶ
3178 2769 3256 2836 τῷ
3279 2768 3558 2822 Ματθαῖον
3582 2768 3687 2837 βα-

2106 2854 2258 2914 σιλέα
2310 2863 2404 2914 τὸν
2434 2861 2694 2929 γυναικὸς
2727 2861 2956 2930 ἀδελφὸν
3001 2859 3258 2914 ἀπολύειν
3306 2859 3416 2912 τῶν
3461 2859 3685 2928 δεσμῶν

2106 2955 2464 3026 παρακαλῶν.
2505 2955 2566 3007 ’0
2590 2954 2646 3006 δέ
2672 2951 2764 3006 καὶ
2793 2955 2955 3024 πριῖτε
2967 2971 3057 3024 ρον
3086 2953 3418 3022 ὡρμημένος
3440 2951 3681 3018 οἴκοθεν,

2105 3045 2184 3101 ἔτι
2221 3049 2424 3116 μᾶλλον
2459 3048 2808 3120 ἐπερρώσθη,
2842 3048 2936 3099 καὶ
2968 3047 3263 3100 ἐσκέπτετο
3303 3046 3382 3108 εἰς
3412 3044 3570 3113 ἔργον
3607 3049 3680 3098 τὰ

429 3131 650 3184 modum
680 3134 991 3187 evertisset.
1036 3137 1240 3188 Zianus
1267 3137 1415 3190 enim
1452 3136 1699 3205 quidam,
1730 3136 1970 3191 Cantacu

2107 3141 2507 3212 βεϐουλευμένα
2538 3143 2786 3209 ἀγαγεῖν.
2819 3138 3039 3204 Μεταξὺ
3069 3139 3123 3192 δέ
3163 3157 3215 3192 τι
3265 3137 3478 3208 συμϐὰν
3505 3137 3686 3192 τοιοῦ-

429 3223 546 3276 zeni
587 3223 844 3286 ,l'amu'us,
888 3226 955 3279 ad
1005 3227 1302 3294 Eugeniam
1341 3228 1742 3296 imperati-iectu
1787 3229 1997 3295 adiens,

428 3330 545 3394 eam
572 3314 910 3382 hortabatur,
941 3334 1006 3372 ne
1033 3318 1099 3370 ad
1133 3319 1436 3372 libertatem
1471 3319 1581 3373 ﬁlio
1602 3319 1999 3374 conciliandam

431 3405 810 3474 pigritarctur,
865 3426 1001 3464 neve
1055 3410 1403 3480 imperatoris
1452 3413 1637 3481 generi
1707 3411 1868 3465 verba
1935 3411 2000 3463 ad

429 3493 674 3551 fraudem
730 3509 786 3553 et
821 3500 1245 3556 ludiﬁcationem
1273 3501 1573 3572 composita
1594 3511 1812 3556 curaret
1845 3521 1857 3555 ;
1886 3501 2000 3572 ipsa

431 3589 732 3656 periculum
783 3591 1002 3655 faevret,
1039 3602 1093 3646 et
1125 3594 1332 3647 amicos
1372 3593 1564 3647 eodem
1598 3591 1912 3663 instigaret;
1945 3609 2002 3647 se

429 3675 743 3736 enixissime
781 3683 1120 3754 adjuturutn,
1169 3695 1225 3740 et
1273 3685 1438 3751 idem,
1477 3694 1535 3739 ut
1563 3686 1782 3762 faciant,
1810 3685 2003 3741 amicis

432 3787 844 3840 persuasurum.
878 3777 921 3829 si
967 3777 1269 3845 pauxillum
1331 3779 1573 3845 pecunize
1630 3777 1732 3831 sibi
1769 3777 1999 3831 dederit.

432 3863 502 3920 Se
553 3865 700 3920 enim
748 3867 790 3920 si
839 3868 1073 3936 cogitata
1127 3870 1180 3921 in
1225 3868 1479 3923 rﬁ‘ectum
1513 3869 1783 3924 deducere
1817 3871 2000 3935 liccat,

431 3964 542 4010 non
603 3957 838 4011 vinculis
898 3959 1058 4011 modo
1106 3959 1255 4012 illum
1319 3971 1725 4030 exempturum,
1779 3961 1874 4015 sed
1933 3961 2000 4015 ad

434 4048 716 4116 pristinam
777 4066 995 4120 quoque
1039 4052 1353 4106 felicitatem
1407 4057 1780 4109 reducturum.
1837 4057 2005 4126 898

386 4130 393 4140 ’
434 4136 676 4208 Eugenia
701 4144 1021 4212 imperatrix
1052 4145 1405 4201 Vehementer
1432 4148 1736 4216 improbata
1766 4149 2004 4202 hominis

434 4238 695 4301 amentia,
753 4240 844 4308 qui
907 4241 1111 4309 majora
1167 4257 1331 4311 quam
1380 4252 1587 4312 posset,
1630 4242 2002 4312 polliceretur,

433 4344 559 4384 eum
594 4319 662 4385 ne
697 4346 958 4401 responso
982 4334 1201 4402 quidem
1232 4335 1450 4404 dignata
1479 4335 1707 4399 dimisit,
1734 4344 1787 4390 et
1816 4335 2006 4390 admo-

436 4419 575 4494 nuit,
602 4429 660 4475 ut
693 4423 1033 4492 quiesceret;
1067 4423 1201 4476 nihil
1237 4425 1381 4478 enim
1413 4424 1514 4478 hac
1543 4424 1768 4479 audacia
1807 4435 2006 4495 praeter

2107 3251 2218 3298 τον,
2254 3232 2436 3299 ὀλίγου
2490 3232 2601 3286 δεῖν
2639 3231 2944 3299 παρέπεισε
2993 3230 3102 3282 τῶν
3135 3229 3422 3299 προτέρων
3445 3227 3688 3297 ἀποσχέ-

2109 3325 2230 3378 σθαι
2265 3323 2670 3393 βουλευμάτων.
2705 3323 2923 3384 Ζειανὺς
2955 3321 3063 3390 γάρ
3092 3338 3174 3383 τις
3207 3321 3315 3372 τῶν
3366 3321 3686 3373 Κοντακουι

2109 3417 2271 3487 ζηνοῦ
2323 3415 2417 3471 τοῦ
2468 3412 2732 3487 βασιλέως
2765 3415 3012 3476 οἰκετῶν,
3051 3413 3287 3483 Εὐγενία
3335 3413 3401 3480 τῇ
3445 3410 3675 3480 βασιλίδι

2108 3507 2422 3578 προσελθὼν
2473 3507 2706 3578 παρῄνει
2755 3507 2890 3577 πρδς
2921 3503 3368 3574 τῆν’ἐλευθερίαν
3418 3501 3515 3555 τοῦ
3569 3499 3679 3553 utet:

2111 3598 2186 3670 μὴ
2239 3599 2563 3653 κατοκνεῖν.
2608 3596 2744 3668 μηδέ
2799 3597 2909 3658 τοῖς
2973 3594 3238 3663 βασιλέως
3287 3591 3378 3645 τοῦ
3427 3587 3686 3659 γαμϐροῦ

2108 3691 2395 3762 προσέχειν
2443 3690 2625 3755 λόγοις
2689 3687 2826 3758 πρὸς
2888 3687 3104 3756 ἀπάτην
3159 3683 3690 3750 συνεσκευασμένους

2107 3784 2201 3836 καὶ
2236 3783 2594 3850 φενακισμὸν,
2645 3779 2762 3832 ἀλλ’
2798 3779 2965 3847 αὐτήν
2994 3796 3052 3831 τε
3101 3776 3546 3837 διακινδυνεύειν,
3585 3773 3690 3826 καὶ

2108 3877 2232 3936 τοὶς
2256 3873 2439 3940 φίλους
2474 3872 2787 3943 παρορμᾷν.
2820 3870 2992 3923 Αὐῖδν
3029 3867 3084 3920 δὲ
3110 3868 3176 3920 τὰ
3211 3868 3438 3935 μέγιστα
3467 3879 3687 3931 συγκαα

2108 3964 2493 4034 τεργάσεσθαι,
2550 3965 2616 4018 ἂν
2671 3962 2933 4033 χρήματά
2983 3976 3043 4014 τε
3101 3959 3301 4029 μέτρια
3345 3957 3686 4028 παράσχοιτο

2110 4059 2247 4126 αὐτή
2281 4074 2422 4120 τινα,
2451 4057 2542 4109 καὶ
2572 4056 2697 4116 τοὺς
2725 4055 2914 4123 φίλους
2942 4052 3147 4104 πείσειε
3188 4049 3560 4118 συναίρεσθαι.
3586 4051 3687 4102 Au-

2109 4149 2368 4218 νήσεσθαι
2424 4147 2532 4217 γὰρ
2563 4145 2726 4198 αὐτὸν
2761 4145 2821 4199 ού
2871 4146 2987 4213 τῶν
3021 4144 3236 4212 δεσμῶν
3272 4143 3480 4194 ἐκεῖνον
3524 4141 3690 4208 μόνον

2109 4229 2500 4304 ἀπαλλάττειν,
2534 4239 2670 4293 ἀλλὰ
2709 4239 2801 4292 καὶ
2837 4237 2972 4309 πρὸς
2998 4237 3096 4306 τὴν
3128 4235 3362 4304 ἀρχαίαν
3385 4233 3686 4303 εὐετηρίαν

2111 4326 2428 4397 ἐπανάγειν,
2463 4330 2512 4380 εί
2544 4330 2612 4380 τὰ
2666 4325 3072 4398 βεϐουλευμένα
3097 4326 3176 4387 είς
3221 4325 3383 4393 ἔργον
3427 4321 3685 4392 δυνηθείη

2112 4423 2361 4490 ἀγαγεῖν.
2395 4420 2625 4488 Εὐγενία
2659 4419 2714 4471 δὲ
2764 4420 2796 4487 ἡ
2839 4417 3070 4488 βασιλὶς,
3106 4417 3307 4485 πολλὴν
3339 4415 3552 4467 ἐκείνου
3583 4431 3693 4466 κα-

435 4512 709 4568 eruciatus
748 4513 852 4566 sibi
883 4513 1300 4583 acquisiturum.
1334 4517 1403 4570 At
1464 4516 2003 4570 ille-vecordissimus

2113 4513 2385 4580 ταγνούσα
2414 4513 2620 4576 ἄνοιαν,
2653 4511 2727 4574 ὡς
2785 4508 2956 4579 μείζω
2991 4509 3023 4579 ἦ
3058 4509 3199 4562 κατά
3237 4505 3337 4577 τὴν
3372 4509 3688 4576 προσοῦσαν

435 4611 491 4656 et
535 4605 650 4673 ipse
692 4604 757 4659 ad
812 4589 1090 4675 negotium
1141 4609 1372 4661 stultum
1435 4609 1708 4677 prosiluit,
1765 4618 1821 4663 et
1871 4609 2007 4664 alios

434 4695 595 4765 longe
643 4710 702 4751 se
751 4697 1006 4752 meliores
1064 4699 1260 4753 eodem
1312 4699 1552 4768 pellexit,
1599 4709 1658 4753 ut
1712 4700 1765 4754 in
1814 4715 2006 4770 magna

435 4789 581 4860 apud
632 4790 946 4846 Mattha'um
985 4791 1313 4845 auctoritate
1343 4790 1578 4855 futuros,
1620 4791 1664 4845 si
1697 4793 1815 4862 ejus
1844 4807 2008 4846 causa

435 4882 742 4954 suscepisse
773 4882 898 4937 talia
930 4882 1264 4936 viderentur.
1292 4881 1560 4938 Convenit
1593 4883 1760 4952 igitur
1787 4923 1800 4946 ,
1829 4892 1890 4937 ut
1918 4899 2010 4937 ca-

435 4983 587 5044 ptato
611 4984 874 5045 tempore,
905 4991 1012 5044 quo
1043 4985 1194 5030 extra
1219 4975 1538 5047 Byzantium
1575 4975 1870 5044 imperator
1894 4991 2014 5030 ver-
2049 4979 2052 4988 ‘

436 5074 676 5130 saretur,
726 5066 828 5136 ipsi
858 5068 1028 5136 parati
1069 5069 1124 5121 in
1177 5067 1430 5122 custodes
1483 5067 1667 5136 palatii
1717 5067 2012 5136 derepente

437 5155 716 5212 irruerent
747 5175 760 5212 :
792 5159 996 5228 quibus
1050 5169 1106 5212 et
1134 5159 1256 5213 aliis
1279 5159 1534 5214 omnibus
1575 5158 2012 5228 expulsis,aeque

436 5249 692 5306 custodes
725 5261 970 5321 agerent,
1011 5253 1477 5324 adversantesque
1524 5251 1877 5323 repellerent.
1912 5253 2014 5306 im-

440 5342 710 5412 peratoris
736 5351 945 5397 tantum
978 5343 1118 5398 ﬁlios
1151 5354 1204 5400 et
1237 5357 1458 5398 uxorem
1487 5346 1636 5398 intus
1692 5345 2010 5400 retinentes.

439 5431 495 5488 Si
523 5433 815 5503 imperator
859 5448 955 5490 eos
1008 5436 1417 5505 aggrederetur,
1447 5445 1504 5492 et
1551 5436 1888 5492 deditionem
1924 5451 2018 5506 po-

439 5526 700 5590 stularet,
732 5535 845 5580 tum
873 5526 1250 5594 jurameutum
1295 5527 1363 5581 ab
1393 5543 1460 5582 eo
1499 5537 1769 5597 peterent,
1811 5526 2018 5580 facino-

442 5617 520 5673 ris
546 5617 710 5687 hujus
737 5633 926 5686 pmnas
971 5633 1078 5672 non
1114 5627 1436 5672 exacturum
1464 5658 1479 5684 ,
1522 5628 1578 5673 et
1620 5618 1904 5688 pecuniam
1937 5617 2019 5671 in-

441 5719 609 5773 super
655 5714 1095 5770 tmmeraturtun,
1158 5705 1612 5776 Mattlueumque,
1667 5703 1851 5756 uxoris
1907 5718 2018 5756 sua:

443 5811 763 5866 germanum
814 5810 1032 5852 carcere
1086 5797 1430 5872 levaturum,
1503 5807 1559 5853 et
1613 5795 2016 5867 Adrimiopolis,

2110 4603 2582 4673 ἐπαγγελλομένου
2623 4602 2876 4672 δύναμιν,
2921 4601 3220 4671 ἀπέπεμπέ
3255 4618 3313 4653 τε
3367 4599 3494 4652 οὐδὲ
3525 4599 3680 4664 λόγου

2110 4695 2410 4758 ἀξιώστίσα,
2447 4694 2539 4746 καὶ
2600 4693 2834 4762 παρῄνει
2863 4693 3096 4762 ἠρεμεῖν
3149 4689 3225 4754 ὡς
3274 4689 3432 4742 οὐδὲν
3463 4687 3682 4759 πλέονῆ

2045 4785 2050 4854 ξ
2114 4786 2324 4842 πολλῶν
2357 4785 2532 4854 ἐαυτῷ
2571 4783 2817 4854 βασάνων
2861 4783 3033 4835 αἰτίου
3067 4781 3326 4850 ἐσομένου
3356 4779 3453 4833 τοῦ
3487 4782 3690 4850 τολμή-

2045 4831 2052 4968 ξ
2115 4831 2305 4958 ματος.
2341 4877 2400 4932 Ὀ
2437 4831 2636 4930 agilia
2685 4873 2888 4944 πολλῆς
2952 4831 3342 4942 παραπλῃξίας
3401 4831 3692 4932 αὐτός”ἐε

2112 4969 2338 5039 ὥρμητ)
2371 4968 2464 5020 ἐπὶ
2497 4967 2720 5036 πράξεις
2743 4966 3023 5034 ἀνοήτους,
3059 4964 3150 5016 καὶ
3181 4963 3376 5024 ἄλλους
3409 4962 3694 5030 ἐπεχείρει

2114 5060 2320 5114 πείθειν
2351 5058 2531 5127 πολλῷ
2566 5057 2809 5128 βελτίους
2839 5053 3034 5107 ἑαυτοῦ
3063 5095 3076 5117 ,
3103 5053 3178 5116 ὡς
3215 5051 3426 5121 μεγάλα
3458 5051 3696 5118 δυνησο-

2117 5150 2311 5220 μένους
2336 5148 2485 5217 παρὰ
2507 5145 2772 5217 Ματθαίῳ
2798 5144 3030 5216 βασιλεῖ,
3057 5145 3104 5195 εί
3133 5142 3357 5196 τοιαῦτα
3379 5141 3522 5210 ὑπὲρ
3547 5141 3697 5194 ἐκεί-

2115 5259 2208 5295 νου
2259 5241 2593 5313 πράττοντες
2624 5239 2859 5309 ὀφθεῖεν.
2897 5237 3130 5307 Γνώμην
3179 5235 3236 5289 δέ
3277 5235 3441 5296 αὐτὸς
3465 5235 3693 5303 εἰσῆγεν

2114 5333 2189 5396 ὡς
2219 5333 2413 5403 καιρὸν
2449 5333 2889 5402 ἐπιτηρήσαντας
2945 5328 3108 5398 ἡνίκα
3156 5325 3222 5379 ἂν
3253 5325 3357 5391 ἔξω
3393 5323 3693 5389 Βυζαντίου

2115 5423 2384 5494 διατρίϐοι
2419 5423 2690 5494 βασιλεὺς,
2719 5423 2917 5484 αὐτοὺς
2951 5419 3552 5490 παρασκευασαμένους
3578 5419 3696 5480 τοῐς

2117 5519 2175 5570 ἐν
2211 5515 2500 5586 βασιλείοις
2533 5511 2872 5568 ἐπιτίθεσθαι
2908 5513 3170 5582 φρουροῖς
3207 5511 3339 5578 πρὶν
3366 5507 3657 5561 αἰσθέσθαι
3679 5523 3694 5538 ’

2119 5605 2480 5673 ἐξελάσαντας
2515 5605 2572 5658 δὲ
2603 5603 2801 5665 αὐτούς
2826 5621 2908 5668 τε,
2935 5603 3030 5656 καὶ
3059 5603 3185 5665 τοὺς
3220 5601 3414 5661 ἄλλους
3444 5601 3700 5664 ἅπαντας

2119 5699 2340 5768 ὁμοίιος,
2367 5698 2560 5761 αὐτοὺς
2585 5695 2645 5749 τδ
2669 5693 2931 5767 φρούριον
2952 5693 3228 5760 κατέχειν,
3259 5692 3353 5745 καὶ
3382 5689 3696 5760 ἀμύνεσθαι

2124 5790 2246 5854 τοὺς
2308 5788 2578 5854 ἐπιόντας,
2615 5787 2738 5852 τοὺς
2788 5785 2982 5850 παῖδας
3039 5783 3310 5854 βασιλέως
3343 5782 3506 5854 μόνον
3539 5781 3696 5835 ἔνδον
3789 5815 3799 5825 -
