3964 6210
235 306 352 372 357

1393 299 1928 362 HISTORIARUM
1970 299 2201 360 LIBER
2245 302 2349 363 IV.

3379 308 3510 377 558

233 418 334 470 καὶ
372 417 439 468 σὲ
480 413 756 484 αἱρεῖσθαι
815 411 1065 481 βασιλέα,
1119 411 1220 466 οὐκ
1267 411 1536 480 ἠθέλησα.
1568 411 1705 464 ἀλλά
1739 408 1825 462 καὶ

1941 423 2180 478 unquam
2228 412 2540 478 annuerim,
2589 422 2650 467 ut
2693 429 2818 468 cum
2861 414 2973 485 jam
3023 431 3207 472 rerum
3258 419 3516 477 dominus

237 507 392 578 μετὰ
432 507 494 560 τὸ
526 509 710 560 πᾶσαν
743 505 1074 574 ποιήσασθαι
1102 504 1194 557 ὐπ’
1221 504 1458 573 ἐμαυτόν
1483 519 1496 532 ·
1529 502 1830 572 δεηθέντων

227 599 350 670 γὰρ
395 597 638 660 πσλλῶν,
691 598 788 651 καὶ
821 597 1056 666 μάλιστα
1113 584 1222 648 τῶν
1278 593 1731 662 ἐπιφανεστάτων
1763 593 1832 646 τὰ

233 691 335 743 (sa.
363 687 532 752 αὖθις
555 690 686 759 περὶ
719 684 832 752 σοῦ,
867 687 1120 741 τοσοῦτον
1154 687 1246 738 τοῦ
1277 684 1672 755 πεισθήσεσθαί
1697 702 1830 738 ποτε

231 783 498 850 ἀπέσχον
519 774 600 844 οἷς
630 781 786 834 αὐτοὶ
809 779 1014 849 ἠξίουν,
1038 778 1170 831 ὥσθ’
1196 779 1311 846 ἆμα
1340 777 1418 847 τῷ
1452 778 1632 830 πᾶσαν
1664 775 1830 846 ἔχειν,

227 874 328 926 καὶ
369 875 480 941 τῆς
522 871 833 942 μοχθηρίας
876 871 984 923 τῶν
1026 869 1387 938 συκοφαντῶν
1427 867 1830 938 ἐναργεστάτας

235 958 646 1028 παρασχέσθαι
679 954 1005 1018 ἀποδείξεις,
1042 958 1225 1009 πᾶσαν
1268 951 1525 1009 ἐπενόουν
1557 955 1828 1025 μηχανὴν,

229 1051 330 1103 καὶ
371 1050 567 1102 στάντα
602 1047 898 1117 ἔπραττον,
932 1047 1075 1100 ὥστε
1103 1048 1213 1100 τῶν
1246 1049 1311 1100 ὲκ
1336 1049 1439 1114 τῆς
1466 1048 1642 1118 ἀρχῆς
1676 1046 1832 1115 θορύ-

229 1140 348 1192 ϐων
372 1138 726 1202 ἀπαλλάξας,
753 1138 1149 1209 ἀπραγμοσύνη
1175 1139 1264 1193 τὸν
1283 1138 1563 1192 ἐπίλοιπον
1587 1141 1828 1192 συνεῖναι

229 1232 374 1302 βίον,
441 1234 533 1284 καὶ
579 1231 717 1302 πρὸς
748 1233 846 1302 τὴν
887 1232 1082 1285 ἄλυτον
1124 1232 1344 1301 ἐκείνην
1387 1234 1481 1284 καὶ
1538 1232 1611 1304 μὴ
1672 1231 1850 1303 ciae--

231 1327 484 1396 ῥέουσαν
509 1326 656 1394 ζωὴν
684 1326 866 1378 πᾶσαν
911 1324 1244 1394 μεταθέσθαι
1279 1325 1369 1377 καὶ
1419 1326 1675 1395 φροντίδα
1733 1323 1828 1379 καὶ

232 1417 513 1487 σπουδήν.
545 1416 621 1469 Οὐ
655 1416 764 1486 μὴν
799 1414 914 1467 ἀλλ’
946 1417 994 1467 εί
1027 1415 1123 1468 καὶ
1165 1416 1405 1486 μάλιστα
1435 1434 1516 1479 τις
1555 1422 1688 1487 φαίη
1726 1417 1828 1486 τῆς

227 1508 399 1576 δόξης
431 1508 623 1570 ἕνεκα,
657 1509 752 1558 καὶ
806 1507 904 1574 τῆς
936 1507 1174 1576 τρυφῆς,
1217 1507 1312 1560 καὶ
1345 1507 1453 1561 τῶν
1509 1507 1684 1562 ἄλλων
1717 1507 1827 1562 τῶν

228 1599 548 1652 δοκούντων
598 1601 665 1651 ἐκ
712 1598 808 1664 τῆς
869 1597 1147 1667 βασιλείας
1180 1598 1403 1667 ἀγαθῶν
1448 1602 1573 1662 τοὺς
1626 1601 1828 1663 πόνους

230 1693 330 1757 ἐμὲ
407 1691 506 1744 καὶ
535 1691 666 1752 τοὺς
715 1689 990 1753 κινδύνους
1017 1690 1142 1752 τούς
1183 1693 1467 1753 τοσούτους
1499 1691 1822 1763 ὑποστῆναι,

234 1784 483 1852 μάλιστα
521 1781 587 1836 ἂν
616 1779 792 1851 ἔγωγε
853 1781 1024 1851 φαίην
1062 1781 1365 1854 ἀξιόχρεως
1395 1783 1493 1838 καὶ
1543 1783 1629 1837 διά
1664 1783 1823 1838 τοῦτο

234 1879 342 1940 τοῖς
368 1877 556 1938 ἄλλοις
593 1871 734 1928 εἶναι
765 1876 1082 1947 παιδευτὴς.
1121 1877 1444 1946 Σαφέστατα
1475 1880 1584 1949 γὰρ
1617 1881 1680 1933 ὲκ
1713 1879 1822 1932 τῶν

237 1968 590 2038 πραγμάτων
644 1967 876 2020 συνιδὼν
910 1967 984 2031 ῶς
1019 1969 1078 2020 τὸ
1106 1968 1446 2040 τηλικαύτην
1481 1968 1656 2040 ἀρχὴν
1711 1969 1823 2022 διέ-

240 2075 364 2111 πειν
396 2058 582 2121 καλῶς
617 2058 710 2110 καὶ
736 2058 1145 2128 προσηκόντως,
1179 2060 1273 2111 καὶ
1300 2060 1441 2113 κατὰ
1470 2061 1705 2129 μίμησιν
1728 2061 1821 2114 τοῦ

185 2211 190 2214 Ι
243 2149 460 2202 πάντων
494 2147 878 2218 βασιλεύοντος
931 2146 1066 2199 Θεοῦ
1097 2147 1199 2200 οὐκ
1244 2148 1310 2200 ἂν
1360 2148 1445 2216 εἴη
1488 2148 1688 2210 παντὸς
1729 2147 1821 2200 τοῦ

252 2241 593 2310 βουλομένου,
636 2238 752 2294 ἀλλ’
778 2240 894 2292 ὅσοι
914 2239 1192 2310 Πνεύματι
1219 2236 1355 2292 Θεοῦ
1382 2239 1662 2309 ἀγόμενοι,
1685 2241 1824 2292 πάν-

267 2350 332 2385 τα
361 2335 682 2402 πρίττουσιν
713 2335 863 2394 ὅπως
917 2334 982 2386 διν
1016 2333 1092 2404 τῷ
1133 2335 1321 2402 ἄγοντι
1347 2335 1529 2406 δοκοίη
1555 2352 1570 2366 ·
1615 2330 1724 2399 οἷος
1755 2332 1822 2405 ἦν

279 2423 453 2488 Δαυῒδ,
480 2427 569 2476 καὶ
590 2425 991 2488 Κωνσταντίνος
1033 2427 1060 2478 ὁ
1093 2428 1264 2496 μέγας
1296 2427 1354 2480 ὲν
1388 2425 1688 2496 βασιλεῦσι,
1729 2428 1824 2480 καὶ

274 2516 377 2568 ὅσοι
426 2515 542 2569 κατ’
587 2517 831 2579 ἐκείνους
890 2517 987 2587 τὴν
1047 2519 1275 2589 ἀρετὴν,
1334 2517 1704 2587 ἀσφαλέστατ’
1753 2518 1822 2572 ἂν

266 2609 728 2678 συμσουλεύσαιμι
766 2611 878 2671 τοῖς
914 2609 987 2680 μὴ
1022 2609 1310 2673 τοιούτοις,
1352 2616 1447 2662 καὶ
1476 2610 1573 2679 τῆς
1599 2610 1823 2682 πρώτης

257 2701 446 2770 πείρας
478 2701 839 2769 ἀποσχέσθαι,
884 2700 1175 2769 μέλλουσιν
1204 2703 1304 2754 οὐκ
1348 2701 1558 2756 ἐλάττω
1591 2700 1824 2772 βλάπτε-

251 2788 364 2840 σθαι
407 2789 475 2840 ἐκ
506 2789 606 2857 τῆς
659 2789 857 2859 ἀρχῆς,
897 2789 930 2859 ἢ
965 2790 1065 2842 ὅσα
1119 2790 1434 2859 νομίζουσιν
1468 2788 1819 2857 ὠφελεῖσθαι,

251 2881 385 2950 σφᾶς
418 2880 623 2942 αὐτοὺς
648 2881 1048 2946 ἐξαπατῶντες,
1083 2881 1180 2951 τὴν
1207 2883 1420 2953 τρυφὴν
1453 2871 1546 2936 καὶ
1574 2884 1671 2953 τὴν
1697 2883 1824 2954 βλα-

248 2969 418 3032 κείαν,
452 2969 552 3020 καὶ
585 2968 681 3032 τὴν
711 2967 879 3036 ἀλλην
914 2968 1050 3038 πρὸς
1082 2968 1174 3022 τὸν
1201 2969 1316 3038 βίον
1369 2969 1643 3040 ρᾳθυμίαν
1668 2972 1822 3041 νομί-

245 3061 426 3125 ζοντες
459 3059 574 3112 τῶν
625 3059 868 3127 ἀγαθῶν.
907 3057 1096 3112 Ταῦτα
1150 3060 1251 3130 μὲν
1284 3055 1378 3115 οὗν
1429 3062 1494 3117 ἄν
1532 3081 1613 3127 τις
1663 3063 1821 3134 φαίη,

244 3157 332 3207 καὶ
357 3153 538 3206 πλείω
567 3154 775 3206 τούτων
804 3153 1189 3224 παραπλήσια,
1217 3154 1564 3225 πειρώμενος
1591 3157 1828 3227 ἀποτρέ-

241 3264 366 3299 πειν
404 3246 506 3298 τοῦ
543 3245 619 3316 μὴ
648 3246 854 3314 σφόδρα
881 3246 1171 3316 κεχηνέναι
1205 3247 1342 3316 πρὸς
1367 3247 1472 3316 τὴν
1506 3248 1667 3315 δόξαν
1694 3249 1824 3302 ταύο

239 3355 338 3408 την
369 3335 474 3406 τὴν
512 3336 661 3389 κάτω
688 3337 783 3389 καὶ
817 3337 1195 3407 πατουμένην,
1246 3340 1310 3408 ἢν
1341 3339 1435 3392 καὶ
1482 3340 1675 3409 χρόνος
1706 3341 1824 3395 δια-

236 3428 392 3482 λύειν
440 3427 651 3481 δύναιτ’
697 3427 785 3490 ἂν,
832 3431 931 3482 καὶ
985 3429 1261 3501 μεταὸολὴ
1323 3433 1686 3502 πραγμάτων,
1731 3435 1828 3488 καὶ

238 3520 530 3591 μοχθηρία
591 3520 850 3589 πονηρῶν
910 3519 1222 3592 ἀνθρώπων
1249 3561 1264 3586 ,
1298 3524 1393 3578 καὶ
1457 3523 1630 3592 μυρία
1663 3524 1827 3594 ἓτερά

235 3631 384 3667 τινα.
438 3612 544 3665 Ἂν
601 3611 785 3682 μέντοι
841 3613 980 3683 πρὸς
1027 3613 1237 3677 τούτοις
1297 3614 1392 3667 καὶ
1447 3613 1580 3680 Θεὸς
1621 3615 1827 3670 ἄνωθεν

243 3703 698 3773 ἐπιψηφίζηται,
745 3703 839 3754 καὶ
911 3703 1110 3775 κελεύῃ
1192 3707 1444 3778 φανερῶς
1510 3708 1828 3776 ἐξίστασθαι

243 3798 336 3867 τῆς
389 3795 608 3865 ἀρχῆς,
656 3797 715 3849 οὐ
758 3798 940 3851 πάντα
995 3798 1277 3870 πράξομεν
1315 3800 1384 3854 τὰ
1439 3801 1558 3871 Θεῷ
1611 3803 1829 3857 δοκούν-

236 3908 306 3945 τα
361 3891 488 3959 μετ’
525 3889 972 3961 εὐγνωμοσύνης,
1023 3892 1162 3945 ἀλλά
1191 3893 1651 3966 φιλονεικήσομεν
1681 3896 1714 3966 ἢ
1739 3896 1827 3949 διὰ

237 3982 366 4051 βίου
400 3981 731 4051 βασιλεύειν,
766 3982 798 4052 ἢ
835 3985 884 4034 ει
913 3983 987 4053 μὴ
1018 3984 1222 4054 παρείη
1248 3985 1384 4054 μηδὲ
1417 3986 1538 4057 ζῇν,
1573 3987 1712 4056 μηδὲ
1736 3987 1827 4041 τὸν

233 4074 401 4143 ἥλιον
429 4073 564 4143 δρᾷν
593 4074 830 4136 τουτονὶ,
863 4072 982 4125 ἀλλ’
1008 4074 1112 4126 ὑπὸ
1142 4073 1308 4143 ζόφον
1330 4075 1482 4146 βιοῦν
1505 4076 1782 4147 αἱρεῖσθαι
1807 4093 1823 4144 ;

235 4165 450 4217 Καίτοι
504 4165 549 4216 sl
583 4163 681 4232 μὲν
710 4164 772 4216 ἔκ
803 4182 966 4217 τινων
994 4164 1275 4234 λογισμῶν
1307 4167 1694 4236 ἀναμφιϐόλων
1725 4184 1825 4222 σα-

235 4255 500 4323 ᾳέστατα
525 4253 649 4322 ἐξῆν
673 4254 873 4308 εἰδέναι
904 4256 984 4308 ὅτι
1011 4257 1138 4316 τοὺς
1160 4255 1475 4326 ἁπανταχοῦ
1505 4255 1826 4326 Βκρὸἀρους

232 4346 352 4414 γῆς
389 4344 718 4415 διαφθερεῖς,
749 4346 842 4398 καὶ
872 4349 1110 4416 τρόπαια
1134 4346 1364 4416 λαμπρά
1390 4366 1513 4400 τινα
1545 4347 1640 4400 καὶ
1670 4365 1829 4419 περι-

1935 515 2136 566 essem,
2184 518 2512 573 possemque
2565 505 2930 575 syc0phantas
2981 507 3350 578 improbitatis
3398 514 3517 567 evi-

1935 591 2254 648 dentissime
2326 597 2676 658 convincere,
2745 613 2936 652 omnes
3003 599 3121 654 vias
3177 601 3380 670 quaesie
3419 615 3514 668 nn,

1935 684 2140 755 egerim
2163 694 2260 775 [et
2308 687 2532 741 molitus
2555 689 2657 742 sim
2699 689 2902 755 omnia,
2938 700 3000 744 ut
3034 693 3225 761 procul
3280 695 3512 764 strepitu

1935 789 1998 828 ac
2069 777 2309 830 tumultu
2381 778 2621 847 imperii,
2675 781 2818 850 quod
2875 795 3194 852 superesset
3253 785 3398 853 νίιειι,
3459 787 3516 840 in

1936 867 2229 934 tranquilla
2287 870 2634 938 negotiorum
2685 873 2958 929 vacuitate
3009 890 3412 944 consumerem,
3459 889 3518 933 et

1933 954 2000 1010 ad
2076 956 2224 1010 illam
2287 974 2569 1036 nunquam
2642 962 3162 1030 praeterlabentem,
3231 964 3514 1020 immorta-

1930 1047 2148 1117 lemque
2177 1049 2375 1113 vitam,
2416 1068 2633 1107 omnem
2667 1055 3095 1112 sollicitudinem
3158 1058 3513 1130 studiumque

1933 1133 2316 1197 transferrem.
2372 1141 2569 1196 Verum
2604 1146 2886 1199 enimvero
2935 1147 2981 1202 si
3029 1149 3156 1218 quis
3208 1151 3374 1204 etiam
3427 1152 3513 1206 di-

1931 1230 2096 1292 xerit,
2132 1245 2218 1284 me
2257 1231 2498 1284 nominis
2529 1235 2887 1304 propagandi,
2913 1245 2971 1290 et
2995 1237 3338 1304 deliciarum,
3374 1240 3512 1294 alio-

1933 1335 2168 1389 rumque
2224 1323 2636 1378 couunodorum
2698 1327 2903 1396 gratia,
2967 1344 3090 1398 quae
3149 1345 3215 1385 ex
3279 1330 3511 1400 imperio

1933 1421 2199 1478 putantur
2229 1413 2542 1480 provenire,
2572 1414 2784 1468 latores
2815 1425 2868 1468 et
2895 1416 3136 1486 pericula
3172 1426 3320 1490 tanta
3350 1419 3515 1474 susti-

1940 1501 2154 1566 nuisse,
2193 1505 2263 1558 cb
2297 1505 2348 1558 id
2379 1505 2557 1574 ipsum
2584 1522 2683 1576 ego
2712 1521 2799 1560 me
2829 1507 2951 1563 aliis
2989 1508 3043 1562 in
3067 1508 3260 1577 primis
3293 1524 3513 1564 accomo

1931 1592 2207 1648 modatum
2257 1594 2374 1649 fore
2425 1597 2744 1666 magistrum
2777 1608 2832 1652 et
2863 1598 3234 1654 institutorem
3300 1615 3510 1657 assero.

1929 1680 2064 1746 Quia
2093 1683 2241 1736 enim
2278 1683 2346 1738 ab
2385 1685 2500 1754 ipsa
2545 1687 2881 1754 experientia
2910 1689 3164 1745 eruditus
3203 1691 3511 1746 clarissime

1927 1775 2203 1843 perSpexi,
2245 1783 2455 1830 tantum
2496 1779 2790 1848 imperium
2831 1781 2968 1836 bene
2994 1789 3050 1835 et
3084 1782 3506 1848 convenienter,

1929 1879 2054 1918 cum
2106 1867 2350 1921 omnium
2399 1867 2747 1938 imperatoris
2791 1869 2887 1925 Dei
2943 1871 3248 1930 imitatione
3302 1890 3500 1944 procu-

1927 1972 2071 2023 rare,
2108 1974 2214 2013 non
2251 1976 2369 2016 esse
2417 1963 2470 2014 in
2519 1963 2783 2033 cujusque
2818 1966 3053 2022 volentis
3098 1982 3263 2022 manu
3311 1970 3503 2034 situm,

1926 2048 2021 2103 sed
2057 2066 2248 2106 eorum
2297 2054 2390 2122 qui
2440 2053 2645 2123 Spiritu
2681 2058 2770 2112 Dei
2809 2059 2940 2121 acti,
2969 2058 3151 2114 omnia
3192 2075 3259 2113 ex
3299 2061 3509 2130 placito

1925 2143 2138 2212 agentis
2187 2156 2352 2212 agunt
2392 2147 2624 2216 (quales
2670 2157 2831 2203 erant
2880 2150 3074 2216 David,
3131 2160 3186 2206 et
3237 2151 3512 2206 Constan-

1927 2236 2074 2290 tinus
2129 2236 2218 2290 ille
2285 2253 2515 2307 magnus
2565 2239 2886 2309 imperator.
2945 2253 3002 2297 et
3065 2243 3386 2313 quicunque
3432 2245 3505 2300 ad

1927 2324 2145 2378 illorum
2186 2329 2556 2395 praestantiam
2592 2331 2838 2398 proxime
2883 2336 3302 2402 accesserunt),
3349 2337 3510 2389 tutis-

1925 2415 2122 2468 simum
2167 2417 2459 2470 consilium
2511 2419 2759 2474 dederim
2792 2420 2858 2474 iis
2898 2420 2993 2490 qui
3041 2423 3180 2477 tales
3210 2439 3322 2478 non
3357 2433 3508 2491 sunt,

1927 2514 1986 2558 ut
2012 2507 2179 2560 etiam
2211 2508 2393 2576 primo
2427 2520 2625 2568 conatu
2663 2510 3019 2566 abstineant:
3058 2513 3507 2584 quandoquidem

1925 2613 2034 2651 non
2098 2599 2281 2654 minus
2347 2600 2662 2655 nocumenti
2715 2616 2745 2656 e
2799 2603 3106 2672 principatu
3181 2607 3510 2676 rcportaturi

1923 2698 2097 2755 sunt,
2163 2706 2329 2760 quam
2384 2706 2443 2746 se
2493 2693 2850 2746 emolumenti
2910 2703 3291 2765 reportaturus
3339 2699 3513 2753 conti-

1925 2779 2162 2846 debant,
2205 2784 2534 2852 semetipsos
2582 2784 2962 2850 ludiﬁcantes,
3011 2792 3228 2853 damna,
3285 2787 3514 2850 delicias

1925 2881 1981 2926 et
2032 2874 2200 2928 vitam
2260 2873 2594 2929 desidiosam
2645 2876 2720 2951 in
2757 2875 2917 2932 bonis
2957 2885 3334 2934 numerantes.
3384 2878 3512 2934 llaec

1927 2963 2136 3034 itaque,
2201 2974 2258 3020 et
2302 2966 2460 3036 plura
2515 2966 2679 3038 hujus
2734 2969 2974 3038 generis,
3028 2967 3072 3022 si
3123 2970 3397 3040 quispiam
3449 2971 3510 3026 in

1932 3055 2173 3111 medium
2225 3057 2482 3124 adducat,
2528 3059 2759 3116 studens
2791 3060 2961 3114 alium
3009 3077 3274 3117 revocare
3317 3063 3386 3117 ab
3416 3078 3510 3117 ar-

1927 3147 2075 3222 denti
2123 3150 2460 3218 appetitione
2508 3151 2675 3222 hujus
2721 3161 2954 3208 tcrrente
3021 3162 3076 3208 et
3125 3153 3512 3210 conculcandte

1927 3239 2134 3309 gloriae,
2165 3255 2330 3310 quam
2363 3249 2418 3296 et
2465 3248 2701 3312 tempus,
2752 3252 2807 3298 et
2843 3259 3026 3300 rerum
3061 3245 3406 3310 vicissitudo,
3452 3253 3511 3300 et

1927 3347 2317 3402 perversorum
2357 3333 2643 3389 hominum
2684 3337 2949 3406 nequitia,
2983 3347 3041 3393 et
3091 3338 3198 3392 alia
3248 3338 3510 3395 innume-

1928 3422 2124 3476 rabilia
2174 3423 2404 3494 [possint
2477 3425 2840 3483 dissolvere:
2911 3425 2958 3481 si
3028 3436 3294 3495 prmterea
3363 3427 3508 3482 Deus

1929 3509 2169 3580 desuper
2199 3511 2478 3575 decernat,
2525 3524 2580 3568 et
2627 3514 2916 3569 manifeste
2957 3516 3148 3584 jubeat
3176 3530 3236 3570 se
3276 3515 3508 3586 imperio

1927 3601 2361 3667 abdicare,.non
2401 3604 2584 3658 omnia
2634 3605 2746 3659 Deo
2792 3605 3065 3674 placentia
3105 3620 3227 3658 cum
3266 3605 3509 3674 aequani-

1929 3695 2117 3748 mitate
2160 3693 2443 3756 faciemus.
2474 3695 2567 3750 sed
2600 3695 2782 3774 adhuc
2813 3699 3233 3762 contendemus,
3261 3705 3358 3752 aut
3396 3705 3508 3752 tota

1927 3785 2038 3842 vita
2073 3786 2364 3856 imperare,
2406 3785 2568 3857 904
2610 3795 2704 3840 aut
2751 3787 2795 3842 si
2845 3787 2899 3841 id
2934 3805 3044 3841 non
3096 3788 3279 3854 detur,
3327 3803 3507 3858 neque

1928 3871 2076 3932 hunc
2107 3878 2227 3932 caali
2257 3878 2509 3948 spiritum
2553 3878 2777 3933 haurire
2819 3880 3078 3949 amplius,
3124 3895 3302 3948 neque
3333 3882 3504 3935 solent

1928 3971 2078 4025 hunc
2126 3971 2362 4031 intueri,
2410 3979 2465 4025 et
2517 3970 2682 4024 vitam
2730 3981 2972 4044 nostram
3027 3971 3270 4027 tenebris
3309 3973 3505 4043 caligi-

1929 4064 2097 4133 nique
2147 4062 2570 4117 mandabimus?
2608 4063 2902 4116 Enimvero
2951 4064 2994 4117 si
3047 4064 3274 4119 minime
3327 4065 3511 4121 dubiis

1930 4155 2449 4209 ratiocinationibus
2491 4155 2795 4208 certissime
2833 4154 2976 4208 scire
3019 4155 3234 4221 liceret,
3286 4164 3361 4220 te,
3412 4157 3510 4226 qui

1931 4246 2136 4317 ubique
2171 4258 2441 4301 terrarum
2492 4253 2640 4308 sunt,
2691 4245 2965 4299 Barbaros
2999 4245 3330 4308 deleturum.
3382 4248 3510 4301 illu-

1929 4338 2172 4406 atriaque
2213 4345 2268 4390 et
2309 4335 2601 4403 conspicua
2632 4340 2831 4401 trepaea
2872 4334 2936 4387 de
2969 4336 3226 4389 omnibus
3257 4337 3512 4392 hostibus

235 4435 405 4505 ιρι-ι·ιῆ
437 4437 652 4505 στήσεις
685 4439 791 4490 ἀπὸ
835 4437 1058 4492 πάντων
1101 4439 1397 4508 πολεμίων,
1449 4440 1544 4493 καὶ
1583 4439 1682 4510 τὴν
1723 4441 1825 4510 ἀρ-

1933 4439 2274 4493 erecturum,
2313 4434 2366 4479 et
2403 4426 2682 4493 antiquam
2719 4425 2863 4478 illam
2898 4425 3152 4480 Romanae
3187 4428 3509 4497 reipublicae

235 4529 420 4596 χαίαν
453 4527 799 4597 εὐδαιμονίαν
833 4532 948 4592 τοῖς
1003 4530 1295 4600 Ῥωμαίων
1341 4529 1651 4594 ἀνασώσεις
1680 4532 1823 4602 πρά-

237 4634 454 4688 γμασι,
483 4618 576 4671 καὶ
621 4621 848 4690 κυρίους
876 4622 1000 4692 γῆς,
1036 4624 1127 4675 καὶ
1177 4621 1454 4690 θαλάσσης
1494 4621 1822 4688 ἀποδείξεις,

240 4711 446 4779 ὥσπερ
470 4705 607 4780 ἦσαν
635 4714 691 4765 ἐν
709 4716 820 4775 τοῖς
851 4714 963 4766 ἄνω
985 4715 1218 4785 χρόνοις,
1243 4717 1330 4768 ὅτε
1360 4715 1613 4786 ἢκμαζεν
1642 4716 1825 4771 αὐτῶν

236 4804 278 4870 ἡ
312 4800 566 4872 δύναμις,
602 4803 763 4872 λόγον
793 4806 858 4858 ἄν
887 4821 1010 4862 τινα
1050 4808 1225 4860 ἐδόκει
1278 4809 1422 4878 ἔχειν
1469 4809 1504 4878 ἡ
1558 4808 1687 4876 πρὸς
1725 4807 1824 4879 τὴν

245 4892 592 4962 παραίτησιν
623 4899 722 4966 τῆς
776 4895 1064 4965 βασιλείας
1111 4898 1363 4960 ἔνστασις
1390 4914 1404 4929 ο
1438 4900 1486 4950 εἰ
1527 4899 1585 4950 δὲ
1616 4899 1683 4952 τὰ
1709 4916 1823 4951 τοι-

243 4985 408 5040 αὔτα
439 4984 788 5056 εὐτυχήματα
819 4989 1184 5057 ὀνειρώττειν,
1214 4989 1246 5060 ἦ
1289 4991 1382 5044 καὶ
1409 4991 1648 5059 νήφοντα
1696 4992 1828 5043 ἁνα-

243 5074 572 5142 λογίζεσθαι
618 5079 926 5148 διενήνοχεν
971 5080 1149 5144 οὐδὲν,
1185 5079 1237 5131 τί
1289 5079 1373 5132 δεῖ
1398 5079 1638 5133 τοσαῦτα
1687 5080 1826 5148 ὑπὲρ

243 5171 371 5222 τὶν
397 5169 662 5238 ἐσομένων
697 5172 987 5242 μηδέποτε,
1005 5172 1387 5250 ίριλονεικεῖη
1436 5169 1578 5238 Ἐγὼ
1607 5171 1664 5224 δὲ
1691 5171 1827 5224 ἀποο

248 5261 339 5330 ρῶ
372 5264 712 5316 παντάπασιν
736 5264 944 5328 ὁποίοις
977 5265 1042 5322 ἄν
1064 5280 1172 5316 τισι
1199 5263 1550 5334 χρησάμενος
1581 5262 1826 5333 σώφροσι

243 5353 561 5424 λογισμοῖς,
602 5356 806 5426 μᾶλλον
840 5357 1050 5428 αἱρήσῃ
1073 5355 1162 5408 διὰ
1200 5355 1320 5426 βίου
1350 5355 1724 5428 δεσμωτήριον
1745 5355 1825 5408 οἰ-

244 5447 397 5511 κεῖν,
429 5447 463 5516 ἢ
489 5449 586 5518 τὴν
611 5447 900 5519 βασιλικὴν
932 5447 1091 5512 ἀξίαν
1122 5446 1450 5502 ἀποθέσθαι.
1490 5444 1554 5498 Εἰ
1597 5447 1704 5516 γὰρ
1749 5447 1825 5516 μὴ

245 5539 356 5591 νῦν
386 5539 629 5593 ὑπείκειν
657 5541 934 5611 ἐθελήσεις
961 5540 1098 5612 πρὸς
1140 5541 1239 5611 τὴν
1269 5540 1538 5610 βασιλέως
1565 5537 1658 5591 τοῦ
1682 5554 1826 5608 γαμι

247 5631 390 5701 εροῦ
421 5632 664 5698 ἀξίωσιν,
699 5633 846 5686 δυοῖν
875 5634 1105 5704 θάτερον
1127 5634 1365 5704 ἀνάγκη,
1401 5631 1436 5701 ἢ
1463 5632 1682 5701 δεσμοῖς
1703 5633 1826 5683 ἐνα-

249 5721 615 5793 ποθνήσκειν,
655 5724 686 5795 ἢ
727 5725 1026 5798 πειρᾶσθαι
1069 5724 1256 5795 τρόπῳ
1286 5723 1352 5794 δή
1386 5740 1491 5778 τινι
1525 5721 1585 5776 τὸ
1611 5721 1821 5792 δεσμω·

1932 4521 2248 4576 felicitatem
2306 4518 2710 4582 restituturum,
2765 4528 2820 4571 et
2881 4517 3133 4572 dominos
3189 4526 3348 4574 terrae
3390 4537 3510 4575 ma-

1933 4590 2142 4678 risque,
2171 4618 2229 4664 ut
2273 4620 2428 4664 erant
2475 4607 2854 4675 superioribus
2903 4609 3178 4676 aetatibus,
3234 4625 3358 4665 cum
3410 4610 3507 4666 llo-

1933 4713 2081 4758 rcret
2113 4717 2300 4756 eorum
2335 4700 2599 4771 potentia,
2643 4700 2993 4764 eﬂ‘ecturum,
3044 4717 3152 4754 non
3201 4717 3424 4772 prorsus
3473 4719 3504 4757 a

1933 4793 2145 4847 ratione
2175 4793 2414 4846 alienum
2453 4793 2758 4853 videretur,
2805 4802 3002 4861 negato
3040 4793 3273 4860 imperio
3299 4793 3507 4848 instare

1933 4884 2295 4938 obﬁrmatius.
2340 4883 2395 4937 Si
2451 4893 2633 4936 autem
2706 4882 2842 4935 nihil
2880 4885 3128 4944 interest,
3166 4893 3344 4935 utrum
3386 4882 3509 4936 fcli-

1934 4977 2128 5032 citatos
2185 4973 2495 5043 lmjusmodi
2546 4973 2774 5042 vigilans
2828 4973 3072 5042 cogites,
3107 4987 3175 5025 an
3223 4971 3508 5027 dormiens

1934 5068 2197 5130 somnies,
2236 5065 2391 5133 quid,
2435 5081 2639 5134 quaeso,
2695 5063 2888 5117 attinet
2931 5078 3028 5130 pro
3078 5065 3143 5117 iis
3192 5079 3312 5132 qua:
3363 5080 3505 5118 nun-

1933 5172 2096 5226 quam
2125 5163 2307 5217 erunt,
2334 5163 2540 5207 tantum
2566 5152 2848 5222 defatigari
2871 5153 2892 5203 ?
2930 5151 3101 5204 Porro
3133 5153 3291 5220 plane
3319 5153 3508 5208 nescio

1935 5248 2027 5302 ubi
2076 5262 2230 5301 mens
2263 5255 2353 5299 tua
2401 5244 2587 5308 fuerit,
2638 5258 2762 5296 cum
2807 5243 2977 5312 magis
3024 5253 3347 5312 perpetuum
3390 5261 3508 5299 car-

1937 5339 2141 5403 cercm,
2175 5352 2338 5406 quam
2377 5336 2741 5404 imperatoria:
2772 5334 3055 5405 dignitatis
3101 5336 3505 5391 abdicationem

1935 5429 2168 5498 elegisti.
2199 5427 2254 5482 Si
2280 5427 2422 5482 enim
2453 5425 2807 5497 postulationi
2836 5425 3014 5481 aﬂinis
3043 5427 3119 5481 tui
3153 5427 3508 5497 imperatoris

1933 5521 2129 5574 cedere
2156 5518 2266 5589 jam
2297 5518 2710 5578 detrectaveris.
2745 5518 2976 5572 alterum
3006 5533 3036 5572 e
3067 5518 3284 5572 duobus
3316 5535 3508 5573 neces-

1933 5610 2138 5665 sarium
2174 5607 2298 5671 erit,
2354 5617 2412 5662 ut
2457 5607 2540 5661 vel
2596 5607 2648 5660 in
2690 5607 2927 5662 vinculis
2977 5610 3234 5674 moriare,
3283 5609 3391 5676 vel,
3445 5619 3509 5665 ut

1933 5717 2056 5761 cum
2133 5701 2330 5757 teehna
2398 5699 2577 5770 aliqua
2658 5703 2932 5771 evaseris,
3003 5703 3220 5774 imperii
3287 5693 3536 5761 labores.
