3970 6212
392 298 499 360 359

1515 347 1534 364 ,
1568 292 1890 354 JOANNIS
1931 296 2452 362 CANTACUZENI

3525 312 3630 374 360

393 408 664 478 recipere.
713 405 919 460 llnrum
995 403 1315 486 alterutrius
1379 418 1446 457 ne
1495 416 1815 474 potesmtem
1870 422 1962 459 na-

2067 412 2247 480 τήρίον
2277 416 2611 487 ἀποδράντα,
2635 418 2730 491 τὴν
2757 420 2931 492 ἀρχὴν
2955 420 3367 475 ἀνακαλεῖσθαι.
3408 423 3634 477 Τούτων

401 511 591 555 cturus
632 500 730 562 sis,
776 496 985 551 dubito.
1033 479 1188 560 Quod
1230 495 1502 555 autem,si
1550 495 1748 549 bellum
1782 496 1962 549 denuo

396 593 651 654 suscites,
685 589 840 642 multi
888 598 936 640 te
966 586 1187 640 labores
1230 601 1292 640 ac
1331 585 1652 639 discrimina
1683 596 1960 649 maneant,

398 687 678 751 multoque
709 677 1168 748 hmnophylorum
1213 677 1477 745 sanguine
1506 677 1742 730 animam
1783 676 1960 746 pollu-

399 785 576 835 turus,
627 781 682 827 et
727 768 1150 824 innumerabilia
1195 769 1359 832 mala,
1404 768 1807 837 servitutesque
1853 768 1963 821 Ro-

398 864 1020 931 man-ls/importaturus
1068 859 1164 920 sis,
1215 859 1342 913 inde
1391 859 1734 927 potissimum
1769 857 1960 927 liquet,

397 973 573 1026 neque
623 956 704 1008 vel
761 954 947 1022 paucis
998 951 1180 1004 verbis
1237 950 1618 1004 demonstrare
1667 965 1806 1020 opus
1855 959 1959 1005 est.

397 1051 532 1103 Nam
563 1048 707 1101 cum
755 1044 847 1097 illc
879 1042 949 1095 sit
977 1055 1160 1094 rerum
1207 1040 1449 1094 onmium
1491 1041 1765 1109 princeps,
1797 1056 1962 1095 ausus

398 1141 642 1211 ejusdem
691 1136 758 1189 ab
803 1133 1032 1202 imperio
1085 1129 1392 1200 depellendi
1437 1131 1540 1183 alia
1591 1133 1800 1185 ratione
1853 1145 1961 1185 non

411 1231 695 1301 procedet,
741 1239 901 1295 quam
942 1225 986 1277 si
1035 1222 1310 1277 discordia
1346 1226 1488 1277 lntcr
1521 1223 1749 1291 papulos
1777 1222 1962 1276 conci-

400 1333 530 1382 tata,
582 1321 785 1372 bellum
833 1315 993 1369 civile
1050 1325 1375 1370 moveatur:
1433 1324 1526 1369 aut
1571 1313 1822 1369 alicunde
1862 1330 1966 1369 seu

399 1414 748 1470 (ir-.ecornm,
811 1423 906 1461 seu
965 1407 1322 1460 Barbarorum
1371 1406 1541 1475 copia:
1597 1405 1962 1470 inducantur,

399 1515 521 1569 qua:
551 1503 713 1554 urbes
745 1500 1057 1554 resistentes
1095 1498 1252 1552 facile
1276 1507 1609 1566 expugnent.
1639 1505 1693 1550 et
1724 1496 1966 1564 captivo-

399 1609 520 1645 rnm
565 1592 702 1644 alios
755 1589 1023 1656 occidant,
1055 1591 1193 1642 alios
1225 1590 1497 1656 subigent,
1527 1596 1582 1641 et
1620 1587 1685 1640 ad
1719 1587 1820 1640 sibi
1865 1585 1966 1639 ob-

403 1684 815 1752 temperantium
862 1683 1212 1751 compellant,
1255 1696 1484 1750 quorum
1529 1690 1823 1748 utrumque
1870 1679 1964 1733 de-

400 1789 617 1838 decore,
681 1786 736 1830 et
794 1775 1088 1844 ignominia
1151 1773 1527 1842 plenissimum
1581 1780 1684 1824 est.
1731 1771 1963 1836 Quando

401 1871 565 1938 igitur
600 1869 753 1922 famae
784 1877 888 1921 ιιιιυ
919 1866 1228 1929 celebritas,
1271 1866 1312 1918 si
1347 1863 1567 1934 quando
1610 1863 1864 1916 videlicet
1899 1877 1965 1916 ex

399 1968 666 2017 sententia
713 1977 799 2014 res
819 1962 994 2023 irent,
1031 1959 1325 2013 admodum
1365 1957 1572 2010 incerta
1603 1965 1704 2015 est.
1747 1955 1965 2008 infamia

399 2064 602 2115 autem,
656 2061 711 2106 et
753 2049 1193 2120 improbissimus
1235 2057 1466 2102 conatus
1512 2052 1696 2100 statim
1749 2061 1778 2098 a
1809 2046 1964 2114 prin-

398 2143 544 2211 cipio
602 2150 808 2210 patent,
870 2154 1052 2193 nonne
1109 2139 1175 2192 ad
1231 2138 1598 2192 indubitatum
1655 2137 1859 2200 decus,
1909 2146 1964 2190 et

397 2231 624 2300 gloriari:
695 2229 866 2297 magis
935 2227 1288 2296 provehcntia
1349 2226 1570 2280 incertis
1631 2225 1967 2294 antepones?

404 2322 510 2375 Sed
537 2323 638 2374 etsi
685 2322 979 2389 imperator
1010 2319 1136 2388 ;ipse
1168 2333 1230 2371 ex
1278 2318 1445 2372 multa
1492 2319 1883 2375 moderatione,
1911 2324 1967 2369 et

400 2417 566 2468 animi
612 2415 844 2484 quadam
881 2416 1252 2483 magnitudine
1282 2413 1542 2466 honorem
1590 2413 1810 2481 quidem
1860 2411 1964 2464 im-

402 2508 761 2576 peratorium,
798 2522 904 2576 qua
928 2516 1147 2571 ornatu,
1179 2521 1287 2575 qua
1307 2504 1672 2573 appellatione
1707 2501 1802 2556 tibi
1835 2517 1966 2556 con-

402 2597 643 2660 (ederet,
677 2612 781 2649 non
833 2606 1013 2650 tamen
1059 2597 1223 2649 etiam
1268 2597 1322 2648 in
1365 2595 1580 2663 imperii
1627 2594 1964 2648 consortium

401 2686 740 2748 adniittrret,
778 2697 972 2753 1neqne
1021 2685 1237 2752 aliquas
1277 2697 1497 2737 suarum
1543 2677 1824 2737 civitatum
1864 2682 1964 2737 tibi

401 2776 680 2830 addiceret
725 2775 901 2844 (quod
928 2774 1147 2845 quidem
1177 2773 1282 2828 nisi
1316 2783 1508 2841 sponte
1541 2773 1764 2837 faceret,
1800 2787 1963 2830 nemo

401 2883 527 2923 eum
565 2872 830 2934 cogeret),
863 2874 1174 2934 superesset
1197 2865 1343 2919 aliud
1368 2864 1525 2930 nihil,
1559 2879 1720 2935 quam
1749 2875 1807 2919 ut
1832 2865 1965 2921 alias

403 2960 674 3028 regiones,
720 2967 776 3012 et
825 2957 988 3012 urbes
1027 2971 1322 3027 qurereres,
1367 2958 1566 3026 quibus
1612 2959 1960 3027 imperares:

2067 509 2167 576 μὲν
2197 508 2285 560 οὖν
2321 510 2580 578 ἑκάτερον
2608 511 2661 562 εἴ
2688 529 2816 571 ποτε
2849 512 3084 578 ἐξέσται,
3119 515 3177 566 ἐν
3208 513 3388 584 ἀδήλῳ
3410 517 3631 570 κείταιτ

2062 601 2143 651 ὅτι
2173 597 2251 664 δὲ,
2291 602 2338 652 εἰ
2373 603 2708 673 κατασταίης
2745 602 2899 670 αὖθις
2934 605 3068 674 πρὶς
3099 605 3188 657 τὸν
3220 606 3477 674 πόλεμον,
3500 608 3635 658 πολε

2064 689 2172 744 λῶν
2207 693 2386 762 δεήσῃ
2427 693 2626 756 πόνων,
2668 697 2763 768 κα).
2813 696 3102 762 κινδύνων,
3149 695 3243 749 καὶ
3276 698 3491 760 πολλοῖς
3521 697 3634 751 τῶν

2062 781 2350 851 ὁμοφύλων
2389 783 2584 850 αἵμασι
2623 784 2721 852 τὴν
2751 781 2928 854 ψυχὴν
2965 788 3350 854 καταχρανείς,
3391 776 3484 837 καὶ
3527 802 3636 853 μυ-

2066 869 2196 941 ρίων
2248 872 2431 924 κακῶν
2463 874 2558 925 καὶ
2594 875 3051 948 ἁνδραποδισμρν
3089 875 3391 943 Ῥωμαῖοις
3453 876 3636 938 αἴτιος

2063 963 2298 1034 ὀφθὴσῃ,
2338 963 2496 1034 δῆλον
2545 966 2781 1034 μάλιστα
2821 967 3065 1032 αὐτόθεν,
3121 969 3215 1020 καὶ
3279 969 3397 1021 οὐδὲ
3441 969 3632 1036 ὀλίγου

2062 1055 2222 1123 λόγον
2254 1057 2389 1127 πρδς
2417 1057 2690 1123 ἀπόδειξιν
2721 1058 2997 1126 δεόμενον.
3033 1059 3105 1110 Τὸ
3129 1060 3237 1128 γὰρ
3263 1059 3467 1111 ἐκεῖνον
3493 1077 3639 1129 συμ-

2064 1149 2283 1202 πάντων
2317 1148 2444 1202 ὄντα
2481 1149 2829 1220 πραγμάτων
2877 1151 3066 1219 κύριον
3111 1152 3404 1220 πειρᾶσθαι
3446 1169 3634 1222 παραυ

2065 1239 2215 1293 λύειν
2270 1239 2368 1309 τῆς
2409 1240 2610 1312 ἀρχῆς,
2672 1242 2922 1311 οὐδαμῶς
2973 1260 3055 1305 τις
3099 1244 3302 1312 ἑτέρως
3333 1244 3399 1296 ἂν
3428 1245 3635 1310 ἐξεῖναι

2064 1331 2296 1403 οἰηθείη.
2331 1332 2363 1402 ἢ
2397 1333 2762 1404 διαστήσαντα
2790 1336 2918 1396 τοὺς
2949 1335 3239 1403 ὑπηκόους,
3271 1337 3366 1388 καὶ
3394 1336 3635 1404 πόλεμον

2065 1424 2331 1492 ἐμφύλιον
2357 1425 2712 1494 κεκινηκότα,
2740 1426 2771 1496 ἢ
2795 1425 3025 1494 δύναμίν
3055 1428 3224 1480 ποθεν
3257 1427 3632 1496 ἐπαγαγόντα,

2066 1517 2098 1586 ἦ
2143 1516 2466 1586 Ἑλλήνωνῆ
2502 1517 2824 1587 Βαρϐάρων,
2852 1519 2901 1570 οἳ
2933 1519 3029 1578 τὰς
3060 1518 3242 1581 πόλεις
3277 1521 3638 1590 ἐκπολιορκή-

2068 1626 2249 1662 σουσιν
2273 1608 2688 1679 ἀνθισταμένας,
2717 1597 2953 1672 καὶτοὺς
2981 1610 3102 1680 μὲν,
3134 1611 3495 1665 ἀποκτενοῦσι
3522 1611 3637 1666 τῶν

2037 1697 2466 1768 .ἀλισκομένων,
2498 1701 2622 1764 τοὺς
2653 1700 2706 1753 δὲ
2743 1701 3243 1756 καταδουλώσονται
3273 1701 3366 1754 καὶ
3388 1703 3640 1768 ἀναγκάὲ

2070 1809 2222 1844 σουσι
2255 1790 2392 1861 πρὶς
2415 1790 2535 1860 βίαν
2571 1793 2653 1843 σοὶ
2676 1792 2963 1861 προσέχειν
2988 1808 2997 1816 ·
3034 1785 3108 1844 ὧν
3135 1792 3397 1861 ἑκάτερον
3419 1793 3640 1858 οὐδενὸς

2066 1883 2175 1935 τῶν
2201 1883 2566 1937 ἀτοπωτάτων
2595 1881 2784 1934 ἀποδεῖ
2810 1882 2945 1949 πρὸς
2969 1881 3184 1946 ἀδοξίας
3221 1882 3401 1949 λόγον.
3435 1883 3636 1936 Ὀπότε

2066 1972 2159 2028 οὖν
2195 1976 2256 2027 τὸ
2288 1975 2386 2044 μὲν
2427 1975 2761 2043 εὐδοκιμεῖν,
2792 1973 2999 2027 εἴποτε
3033 1975 3120 2026 καὶ
3146 1975 3287 2027 κατά
3313 1973 3542 2046 γνώμην
3565 1978 3635 2030 τὰ

2066 2068 2420 2135 πραττόμενα
2450 2047 2729 2134 ἀποὸαίη,
2770 2064 2972 2134 πολλὴν
3004 2064 3102 2133 τὴν
3157 2066 3380 2136 ἀδηλίαν
3426 2065 3562 2136 ἔχει,

2067 2157 2253 2222 ἀδοξία
2282 2158 2338 2210 δὲ
2377 2157 2636 2227 ἐξαρχῆς,
2676 2160 2770 2211 καὶ
2808 2159 2918 2210 τῶν
2949 2141 3242 2228 χειρίστων
3271 2161 3630 2229 ἀναφαίνεται

2068 2249 2100 2315 ἡ
2131 2249 2495 2317 ἐπιχείρησις,
2531 2251 2590 2300 ού
2625 2249 2692 2302 τὰ
2743 2250 2877 2318 πρὸς
2911 2250 3157 2314 εὐδοξίαν
3191 2251 3393 2319 μᾶλλον
3429 2254 3638 2319 ἄγοντα

2067 2343 2160 2392 καῖ
2195 2339 2406 2408 βέϐαια,
2449 2339 2558 2392 τῶν
2587 2339 2799 2410 ἀδήλων
2832 2341 3183 2412 ἀνθαιρήσης
3225 2342 3301 2395 Οὐ
3342 2343 3471 2412 μὴν,
3516 2345 3640 2396 ἀλλ’

2069 2433 2116 2482 εἰ
2146 2431 2240 2483 καὶ
2274 2428 2529 2498 βασιλεὺς
2557 2430 2718 2492 αὐτὸς
2757 2430 2924 2502 πολλῇ
2966 2431 3310 2502 χρησάμενος
3357 2435 3640 2506 ἐπιεικείᾳ

2067 2521 2164 2574 καὶ
2229 2520 2621 2592 μεγαλοψυχίᾳ,
2677 2520 2771 2594 τὴν
2803 2523 2904 2592 μὲν
2939 2524 3106 2594 τιμήν
3141 2540 3223 2575 σοι
3284 2527 3638 2596 συγχωρήσει

2066 2615 2164 2682 τὴν
2195 2613 2502 2683 βασιλικὴν,
2531 2616 2662 2684 ὅσην
2692 2617 2750 2668 ὲν
2786 2614 3046 2682 ἐνδύμασι
3077 2616 3168 2669 καὶ
3200 2617 3404 2684 λόγοις,
3449 2617 3638 2674 οὐκέτι

2067 2705 2124 2758 δὲ
2155 2707 2491 2775 προσήσεται
2525 2706 2780 2758 κοινωνὸν
2808 2707 2922 2764 ,καὶ
2952 2708 3051 2776 τῆς
3084 2707 3280 2778 ἀρχῆς,
3309 2708 3432 2762 οὐδέ
3482 2726 3639 2775 τινας

2069 2798 2365 2864 παρέξεται
2388 2797 2496 2850 τῶν
2523 2798 2780 2869 ὑπηκόων
2807 2798 3038 2864 πόλεων,
3065 2799 3148 2867 ἐφ’
3176 2796 3264 2863 αἷς
3291 2799 3640 2870 βασιλεύσεις

2067 2888 2163 2941 καὶ
2194 2889 2354 2952 αὐτὸς
2406 2889 2605 2957 (οὐδεὶς
2658 2887 2767 2960 γὰρ
2801 2890 2866 2942 ἂν
2905 2888 3153 2958 βιάσαιτο
3186 2892 3322 2960 πρὸς
3363 2891 3555 2954 ταῦτα,
3585 2893 3638 2946 τί

2072 2981 2146 3053 μὴ
2167 2980 2406 3050 βούλοιτο
2434 2980 2621 3046 ἑκὼν),
2652 2982 2806 3036 οὐδὲν
2835 2983 2962 3038 ἄλλο
2983 2983 3231 3039 λείπεται
3263 2986 3295 3058 ἢ
3323 2990 3426 3055 γῆν
3448 2987 3638 3058 ζητεῖν

400 3048 562 3119 905
579 3047 723 3116 quod
741 3047 822 3100 vel
839 3048 1072 3117 cogitare
1089 3048 1329 3112 horreat,
1347 3049 1656 3118 cuicunque
1671 3065 1822 3104 mens
1837 3065 1965 3108 sana

2069 3047 2283 3140 ἑτέραν,
2326 3072 2422 3123 καὶ
2460 3067 2646 3134 πόλεις
2678 3064 2751 3123 ὧν
2788 3073 3072 3145 προστήσῃ
3094 3089 3108 3104 ο
3141 3067 3202 3127 οὗ
3231 3047 3636 3145 κάὶῑμόνονὶν-

400 3153 512 3196 est:
534 3150 627 3194 aut
647 3141 735 3193 hic
757 3156 999 3202 manens,
1020 3155 1218 3194 nomen
1241 3141 1358 3194 sine
1380 3157 1460 3206 re,
1484 3153 1539 3198 et
1560 3142 1820 3198 honorem
1843 3159 1965 3197 um-

403 3232 651 3287 bratilem
697 3233 980 3286 materiam
1005 3232 1289 3287 dedecoris
1329 3233 1795 3301 possideres.Non
1818 3235 1964 3288 enim

402 3325 678 3395 quomodo
697 3325 970 3387 factorum,
984 3323 1171 3394 gloria,
1189 3325 1360 3379 beatis
1384 3327 1535 3394 juxta
1556 3336 1607 3381 et
1636 3327 1967 3383 calamitosis

404 3429 588 3472 manet
619 3418 722 3486 (est
748 3417 891 3470 enim
922 3417 990 3470 ab
1017 3417 1197 3471 anima
1234 3419 1526 3474 virtutibus
1543 3430 1850 3488 exornata),
1885 3422 1966 3478 sic

403 3510 495 3578 qui
529 3523 878 3564 excenswsu
905 3509 1186 3562 hominum
1223 3510 1677 3578 del'erturhonor,
1711 3522 1966 3568 constans

401 3611 507 3664 est,
554 3603 802 3668 quamvis
858 3601 908 3655 ei
959 3615 1090 3670 opes
1133 3591 1492 3670 Opitulentur,
1541 3606 1632 3657 sed
1678 3621 1783 3673 qua
1837 3621 1966 3658 con-

403 3693 702 3760 spiratione
732 3693 966 3761 cuipiam
1017 3693 1084 3746 ab
1116 3694 1270 3747 initio
1307 3697 1636 3748 constitutus
1652 3705 1755 3757 est,
1780 3699 1967 3752 cadent

347 3819 352 3822 -
402 3781 634 3849 eripitur
665 3799 680 3833 :
710 3783 795 3835 Cui
826 3783 1048 3834 minime
1073 3783 1423 3846 studendum,
1449 3783 1663 3838 etiamsi
1690 3787 1816 3855 quis
1843 3787 1966 3840 dia-

404 3877 557 3927 dema
587 3881 782 3941 gestet,
807 3888 927 3924 cum
952 3873 1086 3924 nihil
1113 3874 1314 3940 lapillis
1333 3874 1572 3938 diil'erat,
1591 3891 1822 3943 quorum
1843 3891 1966 3930 cum

404 3965 625 4034 quidam
654 3963 1030 4032 pretiosissimi
1060 3979 1188 4032 repn
1205 3973 1408 4026 tentur,
1433 3975 1627 4021 natura
1653 3978 1833 4022 tamen
1858 3985 1966 4024 non

403 4064 486 4108 est
518 4055 656 4106 alius
687 4055 794 4107 alio
820 4055 1106 4122 pretiosior
1124 4055 1256 4123 (46).
1283 4054 1574 4110 Fortitudo
1607 4068 1814 4124 autem,
1846 4075 1973 4130 pru-

405 4147 614 4212 dentia,
643 4146 1027 4214 temperantia,
1069 4148 1279 4217 justitia
1311 4163 1418 4201 non
1453 4149 1626 4203 solum
1663 4150 1910 4206 homines
1938 4168 1969 4208 a

406 4240 585 4292 brutis
619 4239 1009 4298 animantibus,
1042 4239 1134 4292 sed
1175 4248 1231 4292 et
1285 4242 1428 4310 ipsos
1462 4241 1604 4295 inter
1653 4258 1713 4297 se
1766 4244 1969 4298 distare

403 4333 721 4395 ostendunt,
777 4341 832 4384 ct
891 4339 1099 4384 tantum
1156 4332 1298 4384 inter
1357 4341 1619 4402 utrosque
1672 4334 1967 4390 discrimen

2066 3161 2260 3230 νοῆσαι
2296 3163 2404 3225 πᾶς
2433 3179 2515 3226 τις
2544 3162 2608 3214 ἂν
2640 3162 2952 3232 ἀπόσχοιτο,
2984 3164 3030 3215 εί
3080 3165 3387 3236 σωφρονοίη
3410 3183 3424 3196 ·
3459 3166 3495 3236 ἢ
3537 3166 3640 3237 με·

2066 3270 2223 3306 νοντα
2251 3252 2502 3315 ὲνταῦθα,
2529 3253 2697 3322 ὄνομα
2715 3253 3016 3323 κεκτῆσθαι
3041 3255 3200 3324 μόνον
3251 3257 3460 3326 ἔρημον
3495 3275 3641 3327 πρα-

2069 3347 2316 3415 γμάτων,
2337 3346 2426 3397 καὶ
2454 3343 2551 3414 τὴν
2587 3343 3029 3416 δοκοῦσαντιμὴν
3056 3347 3266 3411 ἀδοξίας
3294 3350 3441 3418 ἔχειν
3467 3350 3639 3417 ἀφορ-

2072 3437 2198 3504 μήν.
2231 3435 2304 3486 Ob
2337 3433 2446 3504 γὰρ
2476 3433 2666 3502 ὥσπερ
2693 3437 2725 3505 ἡ
2757 3435 2864 3486 ἀπὸ
2902 3435 3010 3486 τῶν
3041 3435 3220 3505 ἔργων
3250 3438 3464 3503 εὐδοξία
3491 3439 3553 3491 εὖ
3580 3456 3637 3492 τε

2069 3527 2392 3595 φερομένοις
2439 3525 2535 3577 καὶ
2562 3525 2939 3596 δυσπραγοῦσι
2975 3531 3085 3591 τοῖς
3118 3529 3430 3596 ἀνθρώποις
3468 3547 3643 3598 περι-

2071 3616 2302 3680 σώζεται
2331 3617 2529 3686 (ψυχῆς
2561 3617 2670 3688 γάρ
2707 3617 2852 3669 ἐστιν
2901 3618 3124 3686 ἀρεταῖς
3165 3620 3637 3691 κεκοσμημένης),

2068 3709 2210 3762 οὕτω
2234 3709 2294 3778 δὴ
2323 3712 2413 3762 καὶ
2445 3711 2475 3782 η
2505 3709 2608 3762 ἀπὸ
2634 3710 2972 3779 συνθήματος
2998 3711 3255 3780 γινομένη
3288 3712 3394 3764 τῶν
3424 3713 3642 3784 ἀνθρώ-

2071 3820 2187 3856 πων
2223 3803 2443 3872 βέϐαιον
2472 3801 2585 3870 ἔχει
2609 3820 2681 3856 τι.
2719 3801 2793 3873 μὴ
2824 3803 2917 3856 καὶ
2943 3803 3052 3855 τῶν
3080 3805 3418 3872 πραγμάτων
3449 3821 3643 3858 συναι-

2071 3892 2316 3963 ρομένων
2339 3909 2351 3922 ο
2393 3891 2509 3944 ἀλλ’
2536 3890 2724 3962 ὥσπερ
2759 3890 2985 3960 συνέστη
3030 3892 3129 3962 τὴν
3170 3893 3365 3964 ἀρχὴν,
3397 3893 3542 3948 οὕτω
3575 3895 3642 3966 δὴ

2071 3984 2163 4036 καὶ
2193 3982 2468 4034 διαλύεται
2502 3982 2608 4034 ἀπὸ
2637 3982 2981 4052 συνθήματος
3005 3996 3020 4013 ·
3055 3984 3182 4050 περὶ
3213 3986 3280 4055 ἢν
3309 3985 3368 4037 ού
3400 3985 3644 4056 μάλιστα

2071 4072 2398 4138 σπουδάζειν
2432 4075 2560 4144 χρὴ,
2595 4073 2704 4126 οὐδ’
2742 4075 2806 4126 ἂν
2831 4074 2891 4125 τὸ
2919 4074 3155 4145 διάδημά
3178 4094 3257 4139 τις
3286 4079 3404 4148 ἔχῃ,
3430 4077 3462 4146 ἢ
3487 4079 3644 4132 οὐδὲν

2069 4166 2262 4219 διοίσει
2299 4166 2484 4230 λίθων,
2517 4159 2590 4218 ὧν
2635 4167 2759 4229 τοὺς
2799 4167 2897 4236 μὲν
2934 4163 2990 4219 ὲν
3026 4171 3138 4231 τοῖς
3182 4170 3535 4238 τιμιωτάτοις
3573 4171 3638 4225 ἂι

2069 4273 2164 4326 γου
2177 4274 2254 4309 σιν
2278 4258 2326 4310 οἱ
2352 4256 2654 4327 ἄνθρωποι,
2687 4259 2809 4320 τοὺς
2833 4257 2887 4310 δὲ
2915 4259 2971 4310 ἐν
2995 4262 3106 4322 τοῖς
3129 4261 3475 4330 ἀτιμοτάτοις
3495 4262 3645 4317 οὕτω

2070 4350 2227 4414 δόξαν
2249 4365 2263 4380 ⁸
2305 4350 2460 4404 αὐτοὶ
2498 4349 2552 4402 δὲ
2589 4351 2729 4404 κατὰ
2764 4352 2860 4421 τὴν
2893 4351 3056 4421 φύσιν
3104 4353 3257 4406 οὐδὲν
3287 4357 3492 4423 μᾶλλον
3521 4359 3646 4413 ἓτε-

404 4422 598 4482 clarct,
633 4429 691 4473 ut
732 4420 808 4473 illi
864 4421 1134 4473 interdum
1164 4421 1296 4490 ipsis
1321 4437 1550 4490 quoque
1584 4423 1833 4479 hostibus
1867 4425 1965 4480 ad-

2074 4412 2164 4512 ρός
2200 4444 2348 4495 ἐστιν
2401 4441 2587 4512 ἐτέρου
2617 4412 2937 4514 τιμιώτερος
2961 4462 2975 4475 ·
3025 4444 3240 4517 ’Δνδρία
3268 4412 3323 4501 δὲ
3366 4450 3461 4501 καὶ
3501 4452 3644 4519 φρό-

413 4512 692 4566 n'iiratiuni
722 4513 861 4576 sint;
893 4511 947 4564 hi
974 4526 1103 4566 vero
1134 4513 1273 4582 apud
1300 4529 1489 4567 omnes
1510 4531 1662 4584 mque
1690 4517 1972 4586 negligan-

405 4612 513 4669 tur,
542 4618 604 4657 ac
631 4604 1021 4672 despiciantur,
1069 4619 1368 4673 parumque
1401 4621 1428 4657 a
1463 4606 1768 4662 belluarum
1803 4620 1967 4663 natu-

406 4713 464 4764 ra
493 4699 805 4766 discrepare
827 4698 1228 4752 existimentur.
1251 4697 1309 4753 lu
1333 4714 1441 4769 quo
1465 4701 1690 4766 honore,
1723 4703 1966 4774 inquam,

401 4795 793 4852 conscelando.
825 4789 1314 4860 arbitror,justum
1346 4807 1467 4846 esse
1503 4803 1557 4848 et
1597 4805 1666 4858 te,
1702 4805 1756 4850 et
1781 4813 1970 4867 quem-

403 4884 536 4939 libet
570 4867 733 4938 vinei.
763 4883 978 4938 Etenim
1003 4897 1124 4936 cum
1159 4885 1372 4952 turpius
1397 4883 1467 4938 sit
1510 4899 1616 4938 non
1655 4886 1822 4952 vinci,
1855 4906 1964 4944 non

403 4975 572 5050 magis
590 4981 827 5044 vincere,
848 4995 1008 5049 quam
1038 4993 1138 5032 nos
1168 4976 1222 5031 in
1256 4979 1508 5034 omnibus
1536 4982 1791 5050 turpibus
1821 4986 1966 5041 vinci

401 5071 581 5125 sinere
603 5073 907 5140 persuadet.
925 5069 1079 5135 Quod
1099 5069 1141 5124 si
1161 5072 1282 5140 quis
1301 5073 1579 5139 majorem,
1596 5085 1649 5127 et
1672 5075 1970 5132 admirabi-

405 5163 620 5225 liorem,
647 5172 702 5217 et
736 5163 952 5216 homine
979 5162 1355 5231 dignissimum
1378 5165 1636 5218 honorem
1670 5166 1967 5235 desiderat,

403 5249 497 5322 qui
530 5262 584 5306 et
619 5263 738 5322 post
765 5253 952 5307 funera
997 5261 1326 5330 perseveret,
1363 5263 1417 5307 et
1447 5255 1668 5308 multam
1697 5273 1760 5313 ac
1786 5259 1971 5329 singu-

401 5345 572 5399 larem
601 5360 660 5399 se
684 5344 993 5399 {ruentibus
1017 5345 1300 5399 utilitatem
1321 5347 1650 5416 suppeditet,
1675 5348 1825 5402 illum
1848 5366 1969 5405 esse

2071 4548 2249 4602 νησις,
2286 4532 2380 4584 καὶ
2411 4531 2758 4601 σωφροσύνη,
2794 4534 2887 4584 καὶ
2917 4533 3256 4606 δικαιοσύνη,
3287 4539 3348 4591 ού
3381 4539 3493 4593 τῶν
3518 4540 3642 4594 ἀλόο

2071 4639 2186 4692 γων
2237 4622 2412 4692 μόνων
2457 4623 2584 4686 τοὺς
2621 4623 2940 4692 ἀνθρώπους
2985 4625 3274 4696 ὑπερέχειν
3305 4630 3640 4700 ἀποφαίνου-

2075 4732 2182 4778 σιν,
2215 4713 2352 4767 ἀλλά
2383 4715 2476 4766 καὶ
2509 4713 2703 4777 αὐτοὺς
2732 4715 2995 4787 ἀλλήλων,
3030 4720 3125 4772 καὶ
3157 4719 3408 4774 τοσοῦτον
3434 4722 3644 4777 τούτων

2071 4805 2348 4874 ἑκατέρων
2386 4805 2764 4857 ἀποδείκνυται
2792 4807 2853 4858 τὸ
2887 4807 3073 4876 μέσον,
3112 4808 3189 4871 ὡς
3227 4809 3352 4871 τοὺς
3381 4811 3480 4880 μὲν
3512 4812 3648 4865 θαυ.

2076 4895 2344 4966 μάζεσθαι
2362 4895 2408 4947 εἰ
2428 4894 2579 4964 τύχοι
2599 4897 2690 4947 καὶ
2711 4895 2840 4966 παρ’
2858 4898 3035 4950 αὐτῶν
3057 4899 3165 4952 τῶν
3191 4900 3642 4971 πολεμιωτάτων,

2070 4987 2194 5050 τοὺς
2225 4986 2448 5056 ἑτέρους
2484 4987 2539 5039 δὲ
2583 4987 2785 5055 ὁμοίως
2823 4990 2975 5059 παρὰ
3025 4993 3242 5045 πάντων
3271 4995 3643 5064 ἀτιμάζεσθαι

2077 5081 2167 5131 καὶ
2224 5078 2702 5148 καταφρονεῖσθαι,
2742 5081 2834 5133 καὶ
2859 5081 3013 5148 ὀλίγα
3048 5082 3082 5153 ἦ
3124 5065 3641 5155 οὐδὲννομίςεσθαι

2071 5171 2281 5237 ἀλόγων
2306 5169 2604 5240 διαφέρειν.
2637 5171 2768 5240 Περὶ
2798 5172 2866 5242 ἢν
2895 5174 3077 5242 οἴομαι
3107 5167 3316 5229 δίκαιον
3339 5179 3432 5231 καὶ
3460 5178 3518 5231 σὲ
3543 5183 3643 5234 καὶ

2073 5263 2249 5316 πάντα
2280 5261 2522 5316 ὁντινοῦν
2555 5263 2842 5332 ἡττᾶσθαι.
2879 5263 2952 5317 Τὸ
2983 5266 3091 5335 γὰρ
3129 5269 3203 5337 μὴ
3236 5270 3502 5338 ἡττᾶσθαι
3542 5273 3641 5326 τοῦ

2069 5353 2337 5424 ἡττᾶσθαι
2376 5353 2588 5425 αἴσχιον
2617 5353 2700 5421 δν,
2733 5356 2793 5409 ού
2825 5357 3027 5427 μᾶλλον
3071 5362 3250 5432 νικᾷν,
3277 5361 3310 5431 ἦ
3341 5363 3399 5414 ὲν
3431 5364 3645 5420 ἅπασιν

1633 5460 1848 5522 Jacobi
1879 5464 2138 5528 Pontani
2171 5475 2358 5530 notua.

473 5561 584 5630 (λθ)
619 5559 941 5627 Quomodo?
974 5559 1161 5616 solane
1200 5560 1386 5631 Opinio
1426 5561 1554 5614 facit
1606 5562 1812 5631 lapides
1847 5584 1966 5629 pre-

405 5632 675 5686 tinsmra-s.
702 5642 793 5682 aut
823 5631 1284 5700 pretiosissimas?
1307 5630 1678 5700 Nequaquam.
1705 5635 1960 5692 Estenim

404 5710 455 5754 et
485 5702 546 5753 ad
576 5709 878 5767 aspectum,
925 5711 979 5754 et
1013 5702 1078 5754 ad
1128 5699 1383 5755 cﬂ'ectvm
1408 5699 1554 5755 alius
1585 5702 1690 5754 alio
1745 5709 1958 5762 melior.

2071 5573 2164 5652 Sic
2190 5573 2354 5654 etiam
2379 5589 2575 5626 aurum
2605 5584 2855 5654 argento,
2885 5584 2946 5654 et
2973 5588 3261 5647 argentum
3291 5591 3400 5631 aere
3428 5575 3643 5654 pretio-

2069 5642 2187 5697 sius
2224 5653 2308 5695 est
2361 5655 2578 5715 natura,
2614 5659 2723 5700 non
2750 5647 3009 5715 opinione
3039 5642 3108 5703 ἐι
3151 5642 3640 5705 οοηεεηειιίιοιιιὶ-

2071 5727 2197 5765 num
2233 5713 2632 5768 tantummodo.
