3970 6212
353 312 460 377 363

1518 306 1843 374 JOANNIS
1885 308 2413 376 CANTACUZENI

3494 308 3603 378 36’;

363 428 701 498 Palaeologus
767 434 947 480 autem
999 424 1298 494 imperator
1334 427 1752 496 ,complusculis
1810 430 1928 482 die-

2042 429 2167 493 λέως
2200 430 2416 499 ὤμνυεν
2473 429 2585 492 υίὸς
2614 424 2739 492 τοὺς
2786 426 3005 498 ὅρκους,
3058 427 3325 501 συνούσης
3364 444 3457 497 και
3496 432 3601 502 τῆς

352 519 457 574 bus
500 516 920 573 familiarissime
965 530 1098 583 cum
1139 514 1391 570 Matthreo
1444 528 1712 581 versatus,
1756 518 1919 588 907

354 625 411 668 et
454 613 637 668 multis
673 610 1022 666 sermonibus
1057 625 1180 665 eum
1216 611 1529 667 consolatus
1555 610 1662 678 est,
1717 615 1922 681 quibus

355 710 688 772 declarabat,
722 723 788 762 ex
824 706 1138 761 adversaria
1190 714 1246 760 et
1310 705 1464 761 hoste
1511 707 1614 761 sibi
1668 707 1922 762 intimum

354 803 613 858 evasisse.
649 799 982 853 llortabatur
1025 798 1177 859 item,
1229 813 1298 851 ne
1330 798 1397 852 de
1435 798 1809 867 imperatoriis
1844 798 1927 851 in-

356 893 607 960 signibus
631 890 895 958 depositis
944 889 1382 952 contriStaretur,
1432 903 1488 942 se
1514 904 1638 943 cum
1663 898 1928 957 opportu-

356 998 484 1036 num
514 980 818 1043 videretur,
870 995 1059 1033 eorum
1114 978 1565 1032 resumendorum
1603 986 1923 1048 potestatem

355 1073 677 1143 largiturum
701 1087 716 1136 ;
743 1085 913 1141 penes
939 1086 993 1124 se
1016 1070 1161 1124 enim
1187 1085 1308 1123 esse
1335 1070 1630 1140 juramenti
1663 1070 1928 1139 religione

357 1167 593 1227 solvere,
626 1172 722 1217 aut.
745 1162 1067 1217 obstrictum
1108 1171 1318 1215 tenere.
1354 1161 1433 1213 Ad
1460 1162 1596 1227 hare,
1630 1163 1820 1231 quales
1849 1160 1927 1215 illi

357 1256 679 1325 placerent,
729 1254 1023 1322 purpureis
1055 1254 1319 1321 exceptis,
1349 1252 1600 1320 crepidas
1628 1252 1845 1313 conﬁci,
1876 1264 1931 1306 ct

359 1346 427 1399 ab
478 1359 545 1399 eo
596 1343 745 1397 indui
789 1343 1063 1412 permisit,
1117 1344 1370 1412 dictaque
1402 1344 1578 1398 salute
1613 1343 1929 1413 Byzantium

360 1449 419 1487 se
471 1432 699 1500 recepit,
754 1440 802 1485 et
838 1432 1102 1486 Joannem
1161 1447 1224 1487 ac
1270 1432 1604 1486 Demetrium
1639 1434 1755 1503 ejus
1793 1431 1931 1486 ﬁlios

360 1522 667 1577 honoribus
700 1522 841 1591 apud
876 1522 1151 1575 Romanos
1184 1522 1572 1577 illustrissimis
1623 1532 1706 1576 est
1745 1522 1933 1590 digna-

360 1617 473 1675 tus,
505 1625 628 1664 cum
658 1609 920 1664 Joannem
952 1610 1171 1679 quidem
1220 1610 1526 1679 deSpotam,
1591 1610 1928 1665 Demetrium

362 1703 853 1757 sebastocraturem
917 1701 1251 1771 designaret,
1288 1712 1341 1756 et
1376 1701 1442 1755 ad
1507 1717 1746 1755 mensam
1778 1716 1930 1757 suam

363 1795 555 1849 ambos
585 1794 889 1848 adhiberet.
921 1794 1068 1858 Post,
1101 1808 1195 1847 eos
1218 1794 1283 1847 ad
1309 1803 1515 1863 patrem
1539 1795 1736 1849 multas
1754 1794 1932 1849 eidem

367 1888 565 1957 gratias
595 1899 813 1941 acturos
850 1888 1015 1941 misit.
1042 1887 1326 1941 Matthreus
1380 1903 1508 1940 vero
1541 1888 1684 1941 ciria
1728 1887 1936 1940 cultum

367 1976 724 2047 novarezniliil
753 1977 947 2042 voluit,
976 1976 1068 2030 sed
1095 1976 1232 2030 albis
1248 1976 1505 2045 crepidis,
1531 1987 1591 2029 ut
1614 1977 1665 2030 in
1697 1990 1934 2042 carcere,

367 2084 500 2124 usus
528 2079 631 2123 est.
656 2067 1069 2122 Cantacuzenus
1094 2083 1258 2136 porro
1277 2068 1447 2121 ﬁlium
1475 2083 1597 2122 cum
1632 2076 1743 2121 tota
1772 2067 1937 2121 domo

365 2160 662 2228 accipiens,
710 2158 883 2229 longis
930 2158 1246 2213 triremibus
1298 2160 1351 2213 in
1380 2159 1824 2229 Peloponnesum
1869 2156 1937 2212 ad

367 2250 672 2304 Manuelem
731 2249 1012 2319 despotatn
1064 2249 1300 2303 ﬁliorum
1355 2250 1585 2304 alterum
1643 2249 1935 2319 navigavit.

368 2341 577 2397 Necibi
626 2340 877 2395 homines
903 2340 1137 2409 improbi
1166 2339 1473 2394 machinam
1505 2339 1739 2408 aliquam
1778 2339 1940 2394 fabri-

368 2446 495 2485 care
535 2431 796 2495 cunctati,
853 2431 995 2485 unde
1040 2446 1165 2485 eum
1202 2430 1562 2485 vehementer
1611 2429 1935 2499 aﬂligerent,

367 2524 684 2593 priusquam
727 2520 784 2575 in
821 2522 1055 2576 insulam
1100 2523 1339 2586 veniret,
1366 2521 1566 2576 litteris
1593 2522 1733 2590 apud
1765 2520 1935 2575 ﬁlium

367 2614 681 2669 calumniati
714 2624 862 2676 sunt,
904 2612 1060 2681 quasi
1105 2626 1229 2666 eum
1255 2613 1445 2666 insula:
1478 2612 1796 2681 praefectura
1829 2614 1936 2682 pri-

366 2721 515 2768 vare,
545 2715 601 2759 et
636 2703 946 2759 Matthaeum
983 2703 1205 2757 fratrem
1245 2703 1560 2773 prmfeetum
1592 2704 1756 2759 vellet
1786 2703 1940 2758 insti-

370 2805 549 2861 tuere,
573 2794 738 2862 idque
792 2809 903 2847 non
928 2807 1071 2847 unus
1096 2805 1152 2847 et
1182 2792 1339 2857 alter,
1378 2793 1473 2847 sed
1513 2792 1693 2856 multi,
1719 2804 1772 2847 et
1798 2806 1941 2862 saepe

369 2882 721 2945 scribebant;
776 2881 920 2951 quod
974 2882 1220 2936 animum
1275 2881 1517 2951 despota:
1574 2883 1940 2951 maximopere

369 2974 686 3029 exulcerare
714 2973 909 3041 potuit.
934 2970 1070 3027 Cum
1097 2972 1245 3028 enim
1269 2973 1335 3026 ad
1368 2972 1693 3037 bonitatem,
1719 2973 1941 3041 sapien-

372 3068 524 3127 tiam,
557 3063 904 3135 prudentiam
940 3065 1134 3134 patris,
1184 3073 1238 3118 et
1291 3079 1533 3120 amorem
1585 3065 1936 3134 singularem,

371 3173 480 3227 quo
505 3156 855 3226 isesseterga
884 3156 1109 3221 liberos,
1150 3156 1493 3225 respiciebat,
1527 3157 1708 3210 omnia
1738 3157 1943 3209 calum-

371 3248 493 3301 nias
526 3247 1020 3319 interpretabatur.
1088 3247 1224 3302 Cum
1260 3263 1390 3303 vero
1428 3248 1493 3301 ad
1531 3247 1937 3302 multitudinem

361 3322 763 3403 scribentium,
820 3339 1374 3409 probabilitatemqne
1441 3339 1753 3401 dictorum,
1801 3353 1940 3407 quo-

375 3431 538 3485 modo
566 3429 749 3483 omnia
774 3442 997 3498 prorsus
1016 3443 1113 3497 pro
1142 3426 1529 3482 commentitiis
1563 3427 1810 3490 duceret,
1833 3443 1942 3480 non

376 3522 615 3577 videbat.
655 3521 834 3587 Quare
863 3527 918 3574 et
958 3530 1080 3589 post
1103 3520 1396 3573 adventum
1423 3519 1591 3587 patris
1626 3519 1942 3573 intestinum

374 3613 616 3668 dolorem
643 3628 801 3667 suum
833 3611 1023 3665 habitu
1056 3612 1305 3680 corporis
1327 3611 1410 3664 sui
1441 3610 1736 3665 indicabat.
1767 3610 1946 3679 lmpe—

373 3713 523 3758 rator
560 3718 757 3772 parens
788 3702 1071 3756 turbatum
1108 3716 1227 3756 esse
1260 3718 1367 3755 non
1404 3702 1683 3770 ignorans,
1715 3703 1781 3756 de
1812 3718 1946 3757 cau-

374 3796 451 3851 sis
482 3792 958 3864 percunctabatur.
985 3793 1073 3846 llle
1102 3793 1305 3853 statim,
1330 3793 1473 3861 quod
1499 3793 1722 3859 latebat,
1751 3794 1942 3861 aperit.

374 3885 789 3963 Cantacuzenus
811 3883 1179 3951 sycophantas
1203 3897 1407 3951 magna:
1430 3882 1717 3936 dementiae
1739 3900 1801 3937 ac
1827 3898 1949 3952 pra-

375 3973 563 4028 vitatis
587 3971 789 4041 arguit,
826 3970 1110 4041 ﬁliumque
1140 3982 1350 4038 monet,
1380 3988 1449 4027 ne
1475 3973 1631 4028 facile
1661 3990 1824 4028 aures
1853 3990 1944 4028 ca-

376 4064 622 4128 lumniis,
640 4062 875 4116 maxime
902 4072 1092 4117 contra
1113 4063 1483 4128 charissimos,
1501 4073 1707 4133 patrem
1740 4066 1948 4120 scilicet

379 4166 434 4209 et
468 4155 696 4209 fratrem
730 4155 957 4208 structis
979 4154 1295 4210 commodet
1329 4172 1342 4209 :
1373 4170 1431 4211 se
1462 4172 1569 4210 non
1598 4167 1657 4210 ut
1687 4157 1785 4225 ipsi
1806 4172 1947 4226 pra:-

380 4250 646 4301 fecturam
675 4246 951 4317 auferret,
971 4247 1065 4302 sed
1095 4256 1153 4301 ut
1178 4249 1335 4319 longe
1365 4249 1642 4304 meliorem
1683 4265 1747 4306 ac
1787 4252 1949 4307 tutio-

380 4356 492 4393 rem
551 4339 830 4405 efﬁceret,
880 4356 947 4396 eo
1005 4339 1225 4394 fratrem
1262 4339 1574 4393 Matthaaum
1631 4339 1948 4395 adduxisse.

1962 1763 2010 1821 B

2031 520 2308 589 γυναικὸς,
2354 516 2388 590 ἦ
2444 520 2550 591 μὴν
2600 521 2857 589 τηρήσειν
2910 520 3159 589 βεϐαίους
3202 521 3288 574 διὰ
3334 521 3476 588 βίου,
3505 524 3602 575 καὶ

2031 612 2301 682 μηδέποτε
2340 612 2545 681 μηδένα
2575 611 2989 680 παραϐήσεσθαι
3036 610 3230 664 ἑκόντα
3262 608 3421 665 εἶναι.
3478 613 3603 665 Ἐπὶ

2032 703 2241 767 τούτοις
2293 704 2351 756 δὲ
2412 703 2507 755 καὶ
2562 702 2864 765 Κάλλιστος
2898 705 2924 754 6
2974 704 3324 773 πατριάρχης
3373 706 3604 756 ἐπεῖπεν

2028 796 2362 866 ἀφορισμὸν,
2393 797 2441 848 εἰ
2480 795 2553 863 μὴ
2599 798 2713 858 τοῖς
2763 794 3182 864 ὀμωμοσμένοις
3235 796 3478 862 ἀκριϐῶς
3509 799 3608 866 ἐμ-

2033 890 2234 959 μείνειε
2266 904 2279 918 °
2319 887 2561 961 διελύετό
2590 904 2649 939 τε
2686 887 2795 939 τῶν
2834 886 3137 955 ἀρχιερέων
3165 886 3193 937 6
3223 886 3478 953 σύλλογος
3509 889 3604 939 αὑ.

2028 981 2178 1035 τίκα.
2215 979 2576 1048 Παλαιολόγος
2616 978 2673 1031 δὲ
2698 979 2726 1030 6
2767 976 3019 1048 βασιλεὺς
3044 977 3143 1029 οὐκ
3173 976 3355 1043 ὀλίγας
3390 976 3605 1045 ἡμέρας

2029 1073 2293 1142 Ματθαίῳ
2342 1072 2420 1142 τῷ
2478 1070 2739 1140 γυναικὸς
2777 1069 2989 1139 ἀδελφῷ
3047 1067 3455 1137 συνδιατρίψας,
3508 1069 3606 1120 καὶ

2032 1164 2235 1235 πολλὴν
2270 1163 2683 1234 ἐπιδειξάμενος
2737 1160 3146 1230 φιλοφροσύνην
3176 1160 3355 1226 λόγοις
3383 1176 3442 1211 τε
3475 1159 3606 1212 πολ‹

2030 1251 2144 1313 λοῖς
2172 1249 2559 1319 παρακαλέσας
2588 1251 2647 1303 ἐν
2680 1246 2760 1312 οἷς
2791 1248 3133 1302 ἐπεδείκνυεν
3182 1249 3346 1302 αὐτὸν
3380 1250 3443 1301 ἐκ
3486 1249 3605 1300 δια-

2033 1344 2199 1412 φόρου
2231 1344 2498 1413 πρότερον
2533 1342 2627 1395 καί⁵
2674 1342 2933 1412 πολεμίου
2968 1339 3121 1411 φίλον
3161 1343 3217 1405 ἐς
3262 1340 3330 1394 τά
3370 1341 3605 1411 μάλιστα

2031 1434 2402 1503 γεγενημένον
2436 1434 2552 1499 νῦν,
2587 1432 2684 1486 καὶ
2724 1434 2853 1502 περὶ
2896 1431 2996 1501 τῆς
3054 1431 3343 1500 βασιλικῆς
3399 1430 3607 1497 σκευῆς

2032 1526 2114 1579 ὅτι
2144 1526 2462 1590 άποδέδυτο,
2513 1526 2589 1596 μη
2637 1525 2776 1578 πάνυ
2820 1525 3160 1593 παραινέσας
3191 1522 3450 1593 ἄχθεσθαι
3477 1539 3491 1552 ·
3529 1523 3606 1581 ὡς

2035 1618 2199 1687 ἡνίκα
2229 1617 2293 1671 ἂν
2329 1618 2479 1687 αὐτῷ
2505 1616 2687 1685 δοκοίη
2741 1616 3019 1687 προσῆκον
3054 1608 3193 1669 εἶναι
3224 1615 3479 1685 χρῆσθαι,
3508 1610 3609 1666 αὖ-

2040 1709 2125 1772 θις
2165 1708 2596 1779 ἐπιτρέψαντοςο
2649 1708 2779 1777 παρ’
2814 1707 2964 1777 αὗτῷ
3015 1708 3125 1777 γάρ
3175 1704 3318 1760 εἶναι
3367 1706 3514 1757 λύειν
3548 1723 3605 1757 τε

2038 1800 2161 1861 τοὺς
2192 1800 2408 1869 ὅρκους,
2447 1798 2541 1853 καὶ
2590 1801 2781 1870 τηρεῖν
2831 1798 3082 1862 ἀλύτους,
3115 1800 3164 1851 εί
3212 1797 3284 1867 μὴ
3335 1796 3603 1866 βούλοιτο,

2037 1891 2231 1943 ἔπειτα
2266 1890 2326 1941 τὸ
2361 1890 2456 1943 νῦν
2507 1888 2651 1959 ἔχον,
2699 1888 2839 1959 πλὴν
2869 1890 2977 1943 τῶν
3014 1888 3282 1958 ἐρυθρῶν,
3313 1889 3503 1950 ὁποίας
3538 1888 3606 1940 ἂν

2040 1981 2187 2050 αὐτῷ
2241 1979 2423 2049 δοκοίη
2481 1979 2945 2049 καινουργῆσαντι
2984 1979 3254 2046 κρηπῖδας
3306 1978 3611 2047 ἐπιτρέψας

2039 2072 2391 2136 ὑποδύεσθαι,
2436 2069 2839 2141 συνταξάμενος
2868 2070 2946 2133 είς
2978 2067 3272 2132 Βυζάντιον
3320 2069 3564 2137 ἐπανῆκε
3590 2084 3609 2098 ’

2038 2166 2150 2218 καὶ·
2168 2163 2422 2233 Ἰωάννην
2441 2165 2530 2217 καί
2549 2163 2860 2234 Δημήτριον
2876 2164 3000 2225 τοὺς
3027 2163 3174 2224 υἱοὺς
3200 2161 3479 2214 Ματθαίου
3513 2162 3609 2213 to?

2038 2259 2135 2326 τῆς
2162 2257 2422 2326 γυναικὸς
2446 2254 2702 2325 ἀδελφοῦ,
2736 2254 2909 2325 τιμῶν
2960 2254 3162 2322 ἠξίωκε
3203 2254 3310 2305 τῶν
3346 2256 3611 2320 ἐπιφανε-

2041 2350 2249 2403 στάτων
2274 2349 2426 2419 παρὰ
2454 2347 2774 2418 Ῥωμαίοις,
2795 2345 3064 2416 δεσπότην
3094 2344 3193 2415 μὲν
3224 2345 3314 2398 τὸν
3353 2344 3609 2413 Ἰωάννην

2040 2438 2350 2504 ἀποδείξας,
2380 2438 2474 2492 τὸν
2517 2439 2576 2491 δὲ
2621 2437 2933 2508 Δημήτριον
2987 2436 3482 2506 σεϐαστοκράτορα,
3515 2439 3609 2489 κιὶ

2040 2530 2379 2599 κοινωνήσας
2410 2528 2593 2591 αὐτοῖς
2619 2525 2918 2597 τραπέζης,
2945 2520 3141 2579 ἐπειτσιΔ
3168 2525 3442 2593 ἐξέπεμπε
3468 2526 3607 2593 πρὸς

2040 2622 2130 2675 τὸν
2169 2620 2399 2691 πατέρα,
2456 2618 2657 2681 πολλὰς
2695 2617 3093 2688 ὁμολογοῦντας
3141 2618 3240 2685 τῆς
3287 2617 3609 2686 εὐεργεσίας
3704 2629 3710 2632 ’

2040 2714 2289 2784 χάριτας.
2321 2712 2599 2773 Ματθαῖος
2630 2711 2685 2763 δὲ
2715 2709 2868 2763 οὐδὲν
2915 2708 3089 2762 είλετο
3121 2710 3246 2778 περὶ
3276 2709 3374 2778 τὴν
3403 2709 3608 2776 σκευὴν

2044 2806 2381 2874 καινοτομεῖν
2407 2820 2422 2835 ·
2465 2802 2603 2856 ἀλλά
2642 2802 2864 2865 λευκαῖς
2900 2803 3183 2873 κρηπῖσιν,
3214 2801 3404 2869 ὥσπερ
3442 2800 3608 2870 ἡνίκα

2039 2892 2108 2965 ἦν
2141 2897 2197 2947 ἐν
2232 2894 2310 2965 τῷ
2345 2893 2705 2966 δεσμωτηρίῳ
2737 2894 2971 2964 χρῆσθαι
2999 2894 3192 2948 είλετο.
3222 2894 3610 2961 Καντακουξη-

2042 2985 2131 3046 νὸς
2164 2984 2221 3036 δὲ
2247 2986 2274 3036 6
2305 2982 2583 3052 βασιλεὺς,
2622 2985 2949 3053 πανοικεσίᾳ
2972 2985 3063 3036 τὸν
3096 2985 3210 3043 υἱὸν
3254 2984 3606 3053 παραλαϐὼν,

2047 3071 2386 3125 ἀπέπλευσεν
2410 3072 2490 3134 είς
2516 3070 2920 3140 Πελοπόννησον
2940 3073 3192 3141 τριήρεσι
3214 3074 3451 3141 μακραῖς
3473 3074 3565 3141 πρ⁵
3582 3088 3612 3133 ς

2044 3163 2303 3234 Μανουὴλ
2360 3163 2632 3230 δεσπότην
2666 3163 2775 3215 τῶν
2822 3162 2953 3215 υίῶν
2999 3162 3088 3214 τὸν
3125 3161 3332 3232 ἕτερον.
3385 3163 3456 3214 Οὐ
3503 3162 3611 3232 μὴν

2042 3254 2163 3307 οὺδέ
2217 3256 2334 3307 ἐκεῖ
2389 3253 2628 3324 ἠμέλουν
2676 3254 2726 3306 οί
2774 3254 3002 3323 πονηροὶ
3052 3254 3146 3306 καὶ
3196 3252 3455 3323 μοχθηροὶ
3482 3258 3611 3316 τοὺς

2042 3344 2280 3415 τρόπους
2316 3346 2566 3415 μηχανήν
2594 3360 2714 3396 τινα
2760 3342 3117 3414 ἐξευρίσκειν,
3149 3343 3207 3405 ἐξ
3338 3342 3614 3411 λυπήσουο

2046 3449 2128 3483 σιν
2150 3432 2224 3493 ὡς
2253 3433 2513 3502 μάλιστα,
2533 3432 2670 3485 ἀλλὰ
2694 3433 2822 3501 πρὶν
2840 3431 3094 3499 γενέσθαι
3114 3432 3171 3482 ἐν
3194 3432 3611 3501 Πελοποννήσῳ,

2045 3522 2337 3591 γράμμασι
2369 3521 2503 3590 πρὸς
2542 3521 2811 3589 δεσπότην
2845 3518 3191 3571 διαϐάλλουσι
3249 3519 3341 3572 τὸν
3374 3520 3511 3585 υἱον,
3535 3518 3615 3580 ὡς

2048 3613 2289 3680 βούλοιτο
2316 3616 2413 3682 τῆς
2446 3612 2544 3681 μὲν
2583 3611 2758 3681 ἀρχῆς
2798 3611 2962 3663 αὐτὸν
2993 3611 3337 3679 ἀποστερεῖν,
3369 3612 3615 3680 ἄρχοντα

2045 3702 2100 3754 δὲ
2133 3702 2539 3773 Πελοποννήσου
2573 3702 2856 3754 Ματθαῖον
2891 3699 3278 3770 άντικαθιστᾷν
3317 3701 3406 3753 τὸν
3453 3702 3614 3754 ἁδελ-

2049 3794 2146 3861 φόν
2178 3809 2189 3823 ·
2230 3792 2324 3845 καὶ
2352 3791 2535 3855 τοῦτο,
2563 3792 2659 3859 οὐχ
2701 3784 2779 3853 εἷς
2819 3778 2911 3844 καὶ
2944 3791 3057 3854 δύο,
3091 3792 3225 3845 ἀλλὰ
3250 3794 3339 3846 καὶ
3370 3794 3615 3863 πλείους⁹

2049 3888 2140 3938 καὶ
2172 3885 2428 3944 πολλάκις
2456 3883 2857 3937 ἐπεστάλκασιν
2881 3898 2895 3912 °
2941 3883 2969 3935 6
2999 3885 3095 3953 οὐχ
3142 3885 3343 3953 ἡκιστα
3369 3888 3493 3947 τοὺς
3523 3888 3619 3939 λε)-

2047 3978 2278 4046 γισμοὺς
2306 3975 2561 4027 δεσπότου
2585 3975 2906 4027 κατασείσαι
2931 3975 3191 4044 ἠδυνήθη.
3221 3975 3347 4028 Ὅτε
3375 3977 3474 4046 μὲν
3505 3980 3616 4049 γάρ

2049 4068 2182 4136 πρδς
2212 4066 2311 4134 τὴν
2339 4065 2643 4118 ἐπιείκειαν
2670 4067 2764 4119 καὶ
2784 4065 3022 4131 σύνεσιν,
3048 4067 3144 4119 καὶ
3172 4066 3452 4119 εὐϐουλίαν
3481 4070 3617 4122 ἀπί-

2048 4158 2128 4209 δοι
2160 4158 2252 4210 τοῦ
2289 4159 2515 4225 πατρὸς,
2551 4157 2645 4208 καὶ
2681 4155 2781 4225 τὴν
2821 4156 2901 4218 είς
2930 4156 3057 4218 τοὺς
3092 4156 3291 4219 παῖδας
3328 4156 3619 4227 φιλοστορ-

2048 4250 2197 4316 γίαν,
2231 4249 2408 4302 πάντα
2437 4248 2729 4316 πλάσματα
2759 4248 2948 4316 ἡγεῖτο
2992 4248 3084 4299 καὶ
3110 4245 3364 4309 διαϐολάς
3393 4264 3405 4277 ⁸
3434 4249 3523 4301 ὅτε
3558 4249 3619 4302 δὲ

2050 4343 2127 4403 εἰς
2161 4340 2220 4393 τὸ
2267 4339 2472 4405 πλῆθος
2513 4343 2606 4392 καὶ
2634 4341 2732 4409 τὴν
2783 4338 3119 4410 πιθανότητα
3153 4340 3261 4391 τῶν
3291 4343 3619 4410 γεγραμμέ-

384 4430 528 4495 Quid
584 4433 729 4485 enim
767 4431 833 4484 ad
855 4430 1252 4499 jucunditatem
1296 4439 1351 4484 et
1381 4430 1726 4485 seeuritatem
1756 4430 1939 4484 melius

2051 4443 2177 4491 νων,
2212 4428 2309 4480 οὐκ
2337 4423 2482 4495 εἶχεν
2514 4426 2661 4488 ὅπως
2696 4426 2866 4479 ἅπασι
2898 4426 3155 4492 καθάπαξ
3190 4428 3465 4492 ἀπιστεῖν,
3493 4427 3618 4479 ὅθεν

379 4535 546 4587 quam
584 4537 690 4573 una
716 4536 836 4574 esse
858 4519 1076 4584 fratres,
1103 4530 1163 4573 ut
1189 4529 1406 4581 natura,
1439 4519 1519 4573 sic
1546 4519 1742 4573 animis
1758 4534 1951 4574 conso-

375 4610 727 4665 ciatissimos?
746 4608 911 4677 908
934 4608 1083 4674 Quod
1102 4616 1284 4661 autem
1314 4608 1368 4660 in
1394 4608 1826 4676 Peloponnesum
1855 4623 1950 4676 po-

378 4702 648 4756 tissimum
712 4700 1033 4763 deduxerit,
1080 4699 1251 4752 solam
1308 4713 1429 4753 esse
1452 4713 1672 4753 causam
1702 4699 1951 4753 homines

375 4791 846 4861 perversissimos,
878 4805 1112 4859 quorum
1142 4805 1286 4843 nunc
1306 4789 1468 4843 liceat
1491 4803 1721 4843 messem
1747 4799 1950 4844 metere

378 4884 691 4947 maximam,
754 4882 849 4950 qui
914 4881 1197 4935 veritatem
1223 4880 1562 4950 etjustitiam
1604 4894 1706 4933 nec
1747 4879 1839 4933 hili
1871 4879 1950 4933 fa-

375 4976 545 5039 ciant,
579 4985 634 5028 et
659 4972 842 5027 lucelli
877 4972 1047 5042 gratia
1072 4970 1350 5026 teterrima
1375 4975 1631 5035 audeant,
1663 4985 1837 5039 neque
1867 4980 1948 5024 ta-

377 5084 496 5119 men
556 5066 642 5119 hic
693 5078 798 5118 tam
868 5073 1081 5132 turpem
1136 5072 1192 5116 et
1244 5060 1562 5114 illiberalem
1605 5060 1948 5114 occasionem

376 5142 688 5217 habuerint,
725 5152 821 5207 sed
848 5152 1002 5221 quasi
1033 5150 1100 5204 ad
1136 5149 1445 5219 perdendos
1474 5152 1651 5202 bonos
1696 5148 1751 5201 in
1784 5148 1949 5201 vitam

376 5246 709 5306 introierint,
744 5244 980 5312 gratuito
1040 5242 1292 5296 scelerati
1348 5242 1483 5315 sint.
1523 5241 1765 5305 Quorum
1800 5240 1951 5294 inso-

376 5337 600 5393 lentiam
655 5345 709 5389 et
748 5334 1049 5401 nequitiam
1098 5331 1416 5395 formidans,
1449 5346 1516 5385 ne
1541 5330 1816 5385 ementitis
1838 5330 1950 5386 cri-

379 5428 621 5480 minibus
645 5427 1034 5493 imperatorem
1078 5423 1459 5490 Palmologum,
1493 5430 1549 5475 et
1574 5420 1797 5475 fratrem
1829 5437 1949 5474 mu-

384 5520 492 5569 tuis
520 5515 664 5570 odiis
696 5512 1074 5574 incenderent,
1109 5526 1175 5564 eo
1206 5512 1356 5565 illum
1383 5510 1653 5565 adducere
1686 5509 1945 5575 voluisse,

376 5615 726 5671 putasscque,
749 5602 897 5670 quod
921 5616 1008 5656 res
1027 5608 1129 5665 est,
1150 5615 1338 5654 revera
1356 5616 1465 5654 non
1490 5600 1947 5668 Pe10ponnesum,

375 5694 505 5748 licet
538 5702 646 5747 tam
684 5694 940 5761 amplam,
987 5692 1083 5747 sed
1120 5707 1288 5745 unum
1329 5692 1581 5761 idemque
1606 5691 1943 5749 domicilium

2054 4522 2148 4571 καὶ
2181 4520 2318 4585 μετὰ
2352 4519 2450 4589 τὴν
2487 4518 2751 4587 βασιλέως
2796 4516 2888 4570 τοῦ
2936 4517 3142 4586 πατρὸς
3181 4517 3476 4587 ἐπιδημίαν
3518 4520 3620 4587 τὴν

2053 4608 2197 4662 ἔνδον
2229 4609 2473 4679 ταραχὴν
2503 4610 2566 4661 ὲν
2589 4611 2701 4670 τοῖς
2735 4606 2923 4679 ἡθεσιν
2958 4610 3243 4676 ὑπέφαινε.
3274 4609 3530 4673 Βασιλεύς
3551 4629 3612 4663 τε

2051 4697 2078 4746 6
2129 4694 2311 4763 πατὴρ
2359 4694 2459 4746 τὸν
2507 4693 2737 4764 θόρυϐον
2785 4695 2887 4747 οὐκ
2941 4697 3236 4765 ἀγνοήσας,
3288 4700 3619 4753 ἐπυνθάνετο

2051 4786 2152 4848 τὰς
2178 4786 2354 4849 αίτίας
2384 4786 2507 4840 ὅθεν
2534 4781 2667 4842 εἷεν.
2704 4789 2765 4840 '0
2792 4789 2851 4841 δέ
2880 4789 2989 4842 πᾶν
3019 4788 3387 4852 ἐξεκάλυπτεν
3416 4794 3622 4844 αὐτίκα

2051 4879 2111 4929 τὸ
2144 4877 2476 4947 ἀπόρρητον.
2513 4878 2778 4940 Βασιλεὺς
2809 4878 2865 4931 δὲ
2894 4880 2922 4931 6
2956 4881 3137 4947 πατὴρ
3161 4880 3270 4931 τῶν
3316 4883 3411 4949 μὲν
3459 4898 3626 4935 συκο-

2054 4968 2271 5036 φαντῶν
2322 4967 2525 5036 πολλὴν
2578 4967 2952 5034 κατεγίνωσκε
2991 4970 3291 5039 σκαιότητα
3326 4969 3419 5022 καὶ
3447 4987 3621 5039 πονη-

2053 5056 2175 5126 ρίαν
2210 5056 2447 5126 τρόπων,
2484 5057 2572 5110 τὸν
2597 5057 2651 5109 δὲ
2711 5057 2826 5111 υίδν
2887 5057 3117 5126 παρῄνει
3150 5059 3227 5127 μὴ
3270 5060 3446 5128 ῥᾴδιον
3471 5055 3621 5112 εἶναι

2052 5147 2471 5215 προσέχεινταῖς
2489 5146 2782 5215 διαϐολαῖς,
2808 5147 2900 5200 καὶ
2936 5148 3173 5217 μάλιστα
3190 5151 3327 5201 κατὰ
3344 5149 3621 5216 φιλτάτων

2052 5237 2623 5306 συνεσκευασμέναιςδ,
2647 5236 2856 5307 πατρὸς
2911 5237 3006 5289 καὶ
3065 5237 3314 5306 ἀδελφοῦ,
3344 5239 3503 5293 αὑτὸν
3531 5240 3618 5305 δὲ,

2050 5329 2147 5397 οὐχ
2194 5329 2339 5389 ὅπως
2364 5329 2528 5380 αὐτὸν
2553 5328 2807 5397 ἀφέλοιτο
2850 5327 2950 5397 τὴν
3005 5328 3180 5397 ἀρχὴν
3235 5331 3325 5381 τὸν
3385 5330 3619 5396 ἀδελφὸν

2050 5420 2229 5470 ἐκεῖσε
2250 5420 2502 5486 ἀγαγεῖν,
2524 5418 2636 5471 ἀλλ’
2660 5419 2728 5469 ἵν’
2750 5420 2824 5480 ὡς
2838 5420 3080 5487 μάλιστα
3103 5419 3294 5489 βελτίω
3317 5422 3408 5472 καὶ
3431 5424 3619 5489 ἀσφα-

2050 5505 2312 5581 λεστέραν
2362 5510 2766 5579 ἀπεργάσηται.
2793 5510 2861 5561 Τί
2889 5511 2995 5580 γὰρ
3038 5511 3103 5565 ἂν
3153 5512 3249 5563 καὶ
3276 5512 3363 5579 εῖη
3406 5510 3618 5577 βέλτιον

2050 5603 2128 5663 είς
2159 5602 2314 5669 λόγον
2343 5601 2536 5670 ἡδονῆς
2571 5603 2666 5653 καὶ
2696 5600 2998 5668 ἀσφαλείας
3028 5603 3061 5670 ἢ
3093 5600 3154 5654 τὸ
3184 5604 3424 5653 συνεῖναι
3454 5588 3615 5652 ἁδελ-

2051 5695 2182 5761 φοὺς
2212 5692 2494 5762 ἀλλήλους,
2529 5690 2733 5760 ὁμοίως
2759 5692 2826 5761 τῇ
2855 5692 2996 5745 κατὰ
3026 5690 3191 5760 φύσιν
3221 5690 3489 5760 συναφείφ
3512 5691 3615 5744 καὶ
