3970 6212
332 276 443 345 365

1535 268 2077 350 lIlSTORIARUM
2118 272 2347 350 LIBER
2393 270 2483 350 t‘v.

3495 291 3599 357 366

332 406 435 463 τὰς
462 399 642 470 ψυχὰς
668 403 1148 473 συγκεκραμένους
1174 422 1189 470 ;
1219 404 1326 457 Τοῦ
1362 404 1418 457 δὲ
1469 406 1547 468 εἰς
1584 406 1921 475 Πελοπόννησ-

2029 422 2120 475 per
2147 422 2338 461 omnes
2368 421 2561 470 annos,
2598 406 2742 459 nulla
2776 405 3149 461 intercedente
3194 407 3497 463 oﬂcnsioue
3528 413 3599 465 si-

338 511 435 547 σον
470 496 677 547 ἐκεῖνον
709 497 940 561 ἀγαγεῖν
981 496 1169 549 αἰτίαν
1205 496 1467 565 οὐδεμίαν
1496 498 1666 567 ἄλλην
1701 493 1843 552 εἶναι

337 585 440 647 τὰς
468 584 580 637 τῶν
602 584 824 652 φαύλων
846 590 939 639 not
976 588 1362 656 πονηροτάτων
1386 587 1563 657 ψυχὰς
1594 588 1921 656 ἀνθρώπων,

2030 498 2142 551 mul
2174 498 2523 552 habitaturus
2554 536 2568 556 .
2601 513 2701 551 nec
2741 498 2903 551 ullam
2938 498 3070 551 satis
3100 498 3353 552 idoneam
3392 499 3605 554 dissen-

2026 588 2202 643 sionis
2254 587 2598 642 occasionem
2620 587 3011 653 suboritnram,
3048 602 3170 656 quae
3222 588 3438 642 illorum
3471 604 3603 643 con-

336 676 389 729 οἶ
428 676 667 746 μάλιστα
693 678 881 731 πολλοὶ
906 681 1022 731 νυνὶ
1052 676 1127 747 τῷ
1160 678 1258 748 βίῳ
1295 678 1632 747 ἀνεφύησαν,
1667 679 1925 745 ἀληθείας

2029 680 2363 751 iunctionem
2414 680 2717 734 dirimeret.
2779 680 2889 735 Nec
2915 679 3249 745 mirandum,
3285 680 3329 734 si
3369 682 3493 734 talia
3534 683 3601 733 de

342 772 449 838 μὲν
483 769 672 826 οὐδένα
701 772 794 823 καὶ
831 770 1181 841 δικαιοσύνης
1211 771 1369 837 λόγον
1420 774 1806 842 πεποιημένοι,
1839 790 1926 840 μι-

337 867 479 938 κροῦ
514 867 572 920 δὲ
608 864 835 935 κερδους
868 863 1031 916 ἕνεκα
1064 864 1249 917 καὶτὰ
1280 864 1563 917 δεινότατα
1596 865 1922 933 τολμῶντες,

338 957 533 1011 ἔστιδ’
565 957 654 1009 ὅτε
689 955 827 1025 μηδὲ
879 953 1083 1023 ταύτης
1132 953 1495 1023 εὔποροδντες
1549 954 1649 1025 τῆς
1694 957 1927 1025 αἰσχρᾶς

339 1052 439 1103 καί
496 1039 759 1117 ἀγεννοῦς
820 1044 1171 1115 προφάσεως,
1218 1044 1332 1097 ἀλλ’
1380 1039 1568 1116 ὥσπερ
1636 1049 1713 1109 εἰς
1768 1046 1927 1099 τοῦτο

339 1140 709 1210 παρελθόντες
758 1138 839 1199 είς
884 1137 975 1189 τὸν
1021 1136 1135 1206 βίον
1183 1136 1276 1188 ἐπὶ
1310 1136 1386 1205 τῷ
1420 1137 1759 1206 διαφθείρειν
1799 1137 1922 1200 τοὺς

340 1232 609 1299 ἀγαθοὺς,
647 1230 742 1282 καὶ
783 1230 987 1298 προῖκα
1026 1228 1124 1297 τὴν
1170 1227 1477 1296 μοχθηρίαν
1523 1228 1920 1298 προῃρημένοι.

338 1318 443 1375 Ὧν
476 1321 575 1391 τὴν
601 1320 834 1374 ἀτοπίαν
865 1319 1049 1380 δείσας
1096 1319 1192 1370 καὶ
1243 1317 1341 1383 τὴν
1400 1320 1689 1388 πονηρίαν,
1720 1319 1796 1388 μὴ
1828 1328 1924 1368 au-

338 1413 646 1481 κοφαντίας
681 1412 777 1465 καὶ
804 1410 1057 1472 διαϐολὰς
1090 1400 1453 1479 πλασάμενοι,
1486 1409 1709 1479 βασιλέα
1745 1426 1803 1461 τε
1830 1407 1925 1460 καὶ

339 1504 575 1573 ἀδελφὸν
624 1502 715 1555 τὸν
762 1502 853 1554 σὺν
890 1500 1373 1570 ἐκπολεμώσουσιν
1426 1500 1695 1571 ἀλλήλοις,
1737 1500 1925 1553 ἐνθάδε

333 1598 595 1666 ἀγαγεῖν,
642 1595 871 1664 νομίσας
926 1594 1063 1662 ὅπερ
1113 1593 1263 1645 ἐστὶν
1294 1591 1366 1655 ὡς
1400 1591 1622 1663 ἀληθὲς,
1652 1592 1714 1645 οὐ
1761 1593 1926 1645 [Isla-

336 1689 614 1754 πόννησον
668 1684 950 1753 τοσαύτηνΔ
990 1678 1177 1744 οὖσαν,
1222 1681 1362 1734 ἀλλὰ
1395 1680 1494 1751 τὴν
1534 1680 1705 1751 αὐτὴν
1749 1675 1925 1734 οἰκίαν

333 1744 1152 1847 ὑμᾶς’συνοικήσειίάλύπως
1189 1774 1278 1827 διὰ
1329 1744 1468 1845 βίους
1501 1774 1595 1826 κα)⁵
1647 1744 1919 1844 μηδεμίαν
1952 1744 1999 1805 Β

335 1869 564 1923 ἔσεσθαι
624 1869 902 1937 πρόφασιν
964 1868 1190 1936 ἰσχυρὰν
1230 1867 1518 1937 διαφορᾶς,
1557 1868 1592 1937 ἢ
1635 1868 1919 1937 διαστῆσαι

332 1963 638 2031 δυνήσεται
671 1960 818 2029 ὑμᾶς
854 1959 1119 2030 ἀλλήλων.
1157 1959 1231 2012 Οὐ
1285 1959 1390 2033 χρὴ
1427 1949 1486 2013 δὲ
1526 1960 1833 2031 θαυμάζειν
1870 1960 1919 2014 εί

332 2055 572 2109 τοιαῦτα
602 2052 969 2122 πεπεισμένος
998 2052 1129 2121 περὶ
1162 2052 1272 2105 τῶν
1312 2053 1685 2121 συκοφαντῶν,
1735 2052 1924 2107 ἐνθάδε

338 2146 554 2216 ήγαγον
584 2144 677 2196 τὸν
715 2142 964 2210 ἀδελφόν.
1001 2142 1176 2195 Ὅπου
1214 2143 1321 2213 γὰρ
1354 2143 1449 2195 καλ⁵
1489 2144 1573 2196 σοὶ
1603 2143 1703 2212 ἐμέ
1718 2161 1786 2197 τε
1826 2144 1926 2197 κά-

2025 766 2376 845 sycopitautis
2400 770 2647 832 credens,
2669 771 2774 825 huc
2794 771 3015 825 lratrem
3038 772 3349 825 adduxerit.
3370 772 3600 836 Quando

2027 866 2172 921 enim
2206 865 2283 918 illi
2322 862 2499 934 ipsum
2530 879 2611 927 se,
2636 864 2970 933 fratremque
3004 865 3297 918 calumniis
3323 865 3437 919 suis
3472 880 3600 918 exo-

2029 972 2150 1010 sum
2187 952 2501 1010 reddituros
2532 956 2893 1024 speraverint,
2928 954 3019 1007 vix
3039 957 3106 1007 ah
3138 955 3468 1025 imperatore
3495 956 3603 1009 cir-

2028 1046 2433 1102 cumveniendo
2464 1054 2869 1113 temperaturos
2919 1046 3108 1109 fuisse,
3140 1062 3264 1099 cum
3293 1052 3357 1100 ex
3392 1049 3599 1101 reCenti

2027 1140 2255 1195 dissidio
2290 1147 2493 1192 tantam
2524 1139 2644 1207 ejus
2694 1137 2772 1190 rei
2833 1137 3147 1191 facultatem
3187 1138 3487 1191 haberent.
3522 1140 3599 1191 llli

2030 1231 2217 1301 igitur,
2243 1220 2442 1290 aiebat,
2474 1230 2613 1282 male
2638 1227 2762 1281 mali
2790 1243 2912 1281 cum
2943 1227 3060 1282 suis
3078 1228 3451 1298 sycophantiis
3476 1246 3600 1297 per-

2029 1320 2285 1376 eant.Tu
2346 1327 2526 1374 autem
2580 1319 2787 1387 abjecta
2824 1319 2971 1372 omni
3027 1317 3328 1373 difﬁdentia
3382 1320 3601 1373 fratrem

2028 1412 2396 1483 platidissime
2436 1421 2489 1465 et
2539 1408 2924 1464 candidissime
2960 1419 3140 1465 tecum
3181 1411 3453 1464 victurum
3488 1427 3606 1465 sus-

1992 1518 1993 1521 ‘
2026 1506 2170 1574 cipe.
2205 1504 2301 1557 llis
2324 1502 2505 1556 verbis
2526 1493 2943 1556 Cantacuzenus
2964 1498 3132 1555 lilium
3151 1502 3428 1570 despotam
3450 1518 3605 1556 com-

2027 1597 2275 1665 pellavit.
2315 1593 2418 1661 Qui
2456 1608 2580 1647 mox
2617 1594 2755 1663 patri
2789 1586 3073 1654 obediens,
3110 1593 3331 1649 fratrem
3356 1592 3606 1649 hilariter

2028 1682 2261 1757 accepit,
2313 1696 2369 1740 et
2402 1682 2635 1741 multum
2685 1686 2738 1740 in
2785 1686 3451 1741 obtrectatoresinvectus
3476 1703 3607 1741 con-

2028 1779 2286 1855 ﬁrmavit,
2350 1779 2393 1832 si
2452 1778 2758 1832 consultius
2815 1779 3209 1843 arbitraretur,
3272 1790 3333 1834 ut
3382 1779 3606 1833 omnino

2031 1876 2143 1921 tota
2170 1866 2529 1935 Peloponnesi
2556 1866 2879 1935 praefectura
2906 1867 3056 1921 fratri
3088 1870 3328 1931 cederet,
3357 1884 3414 1923 se
3463 1869 3514 1922 id
3542 1870 3608 1924 li-

2030 1958 2221 2013 benter
2247 1957 2545 2022 facturum,
2577 1958 3029 2029 prazcipientique
3066 1963 3479 2032 promptissime
3508 1979 3607 2015 au-

2029 2050 2415 2105 scultaturum.
2433 2049 2848 2105 Cantacuzenus
2864 2066 2986 2105 cum
3010 2051 3135 2106 ﬁliis
3152 2055 3205 2106 in
3231 2052 3607 2124 Peloponneso

2028 2143 2154 2212 plus
2200 2158 2400 2197 annum
2442 2152 2839 2203 commoratus.
2871 2144 3129 2199 omnibus
3169 2160 3403 2214 quorum
3431 2147 3603 2215 gratia

342 2238 524 2287 κεῖνον
554 2234 794 2305 ἦλπισαν
825 2235 946 2295 ταῖς
994 2232 1270 2296 διαϐολαῖς
1306 2234 1738 2304 ἐκπολεμώσειν,
1761 2235 1923 2305 σχολῇ

2033 2244 2255 2288 venerat
2325 2244 2390 2286 ex
2455 2236 2726 2288 sententia
2794 2232 3062 2288 absolutis
3128 2235 3444 2305 Byzantium
3483 2239 3609 2291 red~

350 2326 404 2391 1‘
434 2326 497 2378 ἂν
528 2324 823 2394 ἀπέσχοντο
856 2322 1123 2392 βασιλέως
1179 2323 1510 2391 προφάσεων
1558 2310 1809 2389 μετ’ἇλων
1841 2324 1929 2375 εὖ·
2039 2321 2121 2376 iit.

358 2416 645 2486 ποροῦντες
678 2417 740 2467 ἐκ
791 2415 901 2467 τῶν
951 2416 1079 2484 πρὶν
1108 2412 1400 2483 διαφορῶν.
1438 2413 1668 2465 Ἐκεῖνοι
1715 2412 1815 2480 μὲν
1845 2407 1959 2474 οὗν,
2002 2409 2178 2477 εἶπεν,
2229 2411 2616 2465 ἀπολέσθωσαν
2661 2413 2819 2466 κακοὶ
2864 2415 3051 2478 κακῶς
3098 2416 3287 2477 αὑταῖς
3336 2435 3607 2486 συκοφαν·

355 2513 500 2576 τίαις
530 2528 545 2543 ο
580 2513 641 2564 σὺ
668 2512 723 2565 δὲ
764 2513 945 2564 πᾶσαν
969 2494 1307 2579 ἀποθέμενος
1369 2508 1756 2580 μικροψυχίαν,
1819 2509 1991 2577 ἡδέως
2028 2509 2186 2579 δέχου
2227 2508 2316 2561 τὸν
2349 2508 2576 2576 ἀδελφὺν
2627 2510 2746 2578 μετ’
2799 2511 3102 2575 ἐπιεικείας
3142 2511 3365 2580 ἁπάσης
3394 2515 3491 2568 καὶ
3517 2517 3607 2568 εὑ-

348 2604 705 2673 τνωμοσὺνης
753 2601 1127 2667 συνδιάξοντα.
1217 2601 1460 2655 Τοιαῦτα
1535 2601 1633 2670 μὲν
1702 2599 2156 2670 Καντακουζηνὺς
2202 2604 2231 2653 ό
2281 2598 2536 2670 βασιλεὺς
2591 2603 2727 2672 πρὸς
2778 2603 3045 2674 δεσπότην
3137 2599 3259 2657 εἶπε
3319 2606 3413 2659 τὸν
3466 2609 3604 2664 υίόν.

356 2686 597 2763 Ἐκεῖνός
649 2715 709 2751 τε
760 2699 958 2753 αὐτίκα
1029 2698 1107 2767 τῷ
1147 2699 1316 2768 πατρὶ
1370 2696 1694 2767 πειθόμενος
1743 2697 1956 2765 ἐδέχετο
1992 2696 2085 2750 τὸν
2115 2697 2343 2765 ἀδελφὸν
2378 2696 2569 2765 ἡδέως,
2601 2698 2773 2752 πολλά
2812 2700 3314 2770 καταμεμφόμενος
3346 2704 3473 2771 τοὺς
3516 2721 3609 2756 συ-

337 2794 645 2861 κοφάντας,
680 2792 773 2845 καὶ
812 2792 946 2862 πρὸς
984 2791 1206 2861 βασιλέα
1234 2793 1327 2845 τὸν
1345 2790 1561 2860 πατέρα
1591 2790 1915 2861 ἰσχυρίζετο,
1955 2790 2030 2852 ὡς
2059 2792 2108 2843 εἰ
2147 2790 2355 2859 βέλτιον
2390 2791 2542 2860 αὐτῷ
2568 2791 2753 2863 δοκοίη
2813 2794 2911 2846 καὶ
2978 2794 3425 2866 λυσιτελέστερον
3468 2800 3608 2851 ἀπο-

344 2887 550 2939 στάντα
625 2884 972 2939 παντάπασιν
1034 2885 1199 2938 αὑτὸν
1247 2883 1660 2952 Πελοποννήσου
1736 2885 1919 2937 πᾶσαν
1960 2883 2107 2953 ἐχειν
2165 2882 2265 2954 τὴν
2330 2885 2507 2955 ἀρχὴν
2532 2882 2624 2936 τὸν
2655 2885 2882 2953 ἀδελφὺν
2922 2886 3077 2939 οὐδὲν
3109 2888 3270 2941 αὐτὸν
3299 2889 3609 2959 φιλονεική-

344 2995 483 3040 σειν,
547 2978 688 3031 ἀλλὰ
716 2977 927 3030 ’πάντα
989 2975 1216 3045 πράξειν
1257 2976 1604 3044 ἐτοιμότατα,
1669 2975 1735 3029 ἂν
1766 2975 1928 3039 αὐτὸς
1964 2975 2195 3029 κελεύοι.
2251 2976 2515 3040 Βασιλεὺς
2532 2976 2588 3029 δὲ
2625 2977 2683 3029 ἐν
2720 2977 3115 3049 Πελοποννήσῳ
3164 2980 3303 3051 ὑπὲρ
3363 2982 3607 3035 ἐνιαυτὸν

346 3070 738 3140 συνδιατρίψας
772 3072 885 3131 τοῖς
916 3070 1075 3132 υἱέσι,
1104 3069 1197 3121 καὶ
1233 3062 1308 3121 ὧν
1339 3069 1502 3122 ἕνεκα
1533 3069 1729 3137 ἀφῖκτο
1752 3067 1925 3132 δεξιὸν
1963 3068 2114 3132 τέλος
2147 3069 2377 3136 ἐπιθεὶς,
2408 3072 2488 3133 είς
2522 3070 2817 3135 Βυζάντιον
2845 3070 3140 3139 ἐπανῆκεν.

1807 3204 2035 3261 CAPUT
2077 3205 2139 3260 L.

348 3292 609 3365 Callistus
636 3293 837 3362 legatus
869 3296 937 3348 ad
967 3286 1269 3349 Crala'nam
1302 3313 1398 3365 pro
1440 3298 1686 3351 societate
1731 3288 1915 3350 contra
1961 3296 2228 3350 Barbaros
2284 3296 2337 3351 in
2394 3296 2634 3351 Thracia.
2686 3284 2831 3352 Idem
2862 3315 2979 3351 cum
3031 3296 3305 3352 comitibus
3356 3299 3605 3356 moritur.

420 3362 613 3436 [falsus
649 3380 833 3416 rumor
872 3372 937 3417 de
968 3381 1162 3418 veneno
1199 3362 1312 3418 illis
1358 3369 1571 3436 prwbito
1597 3384 1629 3419 a
1664 3366 1927 3420 Triballis.
1964 3367 2287 3421 Patriarchw
2333 3368 2510 3434 fatuus.
2562 3367 2810 3421 Cralwna
2867 3370 3133 3422 monac/tis
3157 3384 3221 3420 ex
3254 3369 3386 3421 Atlio
3433 3382 3608 3422 monte

420 3432 538 3498 ejus
566 3449 757 3505 corpus
794 3444 968 3505 negat.
994 3437 1271 3503 Expeditio
1299 3432 1632 3505 iniperatoris
1656 3448 1839 3489 contra
1867 3437 2016 3489 urbes
2053 3432 2425 3489 Moesorum'ad
2452 3436 2700 3489 Pontum.
2728 3436 3049 3491 Mesembria:
3072 3438 3288 3490 obsidio.
3320 3436 3435 3489 Pax
3468 3454 3608 3492 com-

420 3506 659 3570 ponitur.
690 3502 992 3557 Pltilotlteus
1024 3502 1446 3574 patriarcltatum
1481 3507 1693 3576 recipit;
1728 3508 1840 3576 ejus
1868 3507 2263 3559 roumtcndatio.
2297 3505 2541 3558 Historia:
2568 3506 2818 3575 epilogus.

429 3618 572 3670 Ὑπὸ
599 3618 656 3669 δὲ
680 3617 804 3680 τοὺς
835 3616 1033 3680 αὐτοὺς
1050 3619 1279 3689 χρόνους
1306 3620 1401 3671 καὶ
1432 3618 1733 3682 Κάλλιστος
1762 3621 1790 3672 ό
1814 3636 1918 3671 πα-

2070 3618 2332 3673 Peridem
2354 3630 2568 3688 tempus
2595 3628 2651 3673 et
2678 3618 2936 3675 Callistus
2956 3621 3285 3690 patriarcha,
3304 3620 3515 3690 legatus
3541 3630 3610 3678 ab

347 3713 627 3780 τριαρχης
683 3709 833 3779 παρὰ
874 3710 1141 3780 βασιλέως
1186 3709 1442 3780 ἐπέμφθη
1493 3711 1735 3781 πρέσϐυς
1784 3714 1924 3781 πρὸς

2029 3712 2358 3780 imperatore
2375 3712 2440 3765 ad
2457 3712 2823 3766 Elisabetltam
2838 3712 3303 3782 Cralisconjugem
3317 3715 3456 3783 (47),
3473 3717 3610 3771 Phe-

362 3800 655 3853 Ἐλισαϐετ
682 3799 784 3870 τήν
813 3798 1003 3869 Κράλη
1031 3799 1301 3868 γαμετὴν,
1334 3799 1532 3870 Φέραις
1563 3800 1927 3869 ἐνδιατρίϐου-

2037 3802 2113 3855 ris
2147 3812 2269 3871 post
2298 3802 2443 3856 illius
2481 3802 2688 3855 obitum
2723 3802 3058 3858 habitantem
3077 3798 3279 3859 missus
3296 3815 3399 3865 est.
3428 3808 3610 3861 adhuc

352 3904 454 3945 σαν
491 3892 637 3962 μετὰ
660 3892 759 3961 τὴν
786 3891 992 3944 ἐκείνου
1019 3891 1306 3961 τελευτὴν,
1338 3892 1800 3961 ἐκπεπολέμωντο
1820 3893 1927 3961 γὰρ

2030 3891 2180 3945 enim
2202 3905 2270 3944 eo
2321 3891 2620 3957 superstite
2663 3890 2830 3961 909
2900 3892 3218 3947 inimicitias
3256 3894 3605 3950 exercebant.

351 3984 606 4055 ἀλλήλοις
646 3984 738 4036 καὶ
778 3982 859 4034 ἔτι
892 3982 1082 4051 Κράλη
1115 3982 1416 4051 περιόντος.
1461 3984 1526 4037 Ἦ
1569 3983 1834 4052 πρεσϐεία
1872 3985 1927 4037 δὲ

2032 3982 2251 4036 Summa
2269 3981 2550 4051 legationis
2566 3992 2767 4046 erat,ut
2784 3985 2985 4038 omisso
3000 3985 3143 4038 bello
3158 3984 3300 4038 inter
3316 3999 3394 4047 se,
3412 3986 3611 4041 Barba-

351 4069 446 4143 ἦν,
474 4072 617 4124 ὥστε
642 4072 734 4124 τὸν
768 4072 907 4141 πρὸς
938 4072 1205 4143 ἀλλήλους
1254 4072 1491 4143 πόλεμον
1519 4074 1927 4143 καταθεμένους

2033 4086 2123 4126 rus
2139 4073 2230 4140 qui
2250 4083 2435 4127 essent
2455 4073 2508 4125 in
2529 4073 2784 4137 Thracia,
2805 4075 3202 4137 Romanorum,
3219 4076 3582 4132 Triballorum
3600 4107 3613 4119 -

355 4165 451 4214 aut
482 4162 996 4231 συμφρονήσαντας,
1025 4164 1140 4225 τοῖς
1180 4164 1237 4214 ἐν
1263 4162 1452 4234 Θρᾴκῃ
1487 4163 1791 4235 Βαρϐάροις
1814 4166 1927 4217 ἐπιέ

2035 4178 2142 4231 que
2174 4165 2483 4233 provincias
2517 4165 2934 4229 infestantes,et
2955 4167 3173 4223 assidue
3195 4167 3610 4237 depOpulautes,

356 4257 573 4319 θέσθαι,
630 4255 815 4317 κακῶς
870 4255 967 4307 καὶ
1002 4254 1102 4324 τὴν
1138 4255 1451 4326 Ῥωμαίων,
1509 4258 1602 4310 καὶ
1650 4256 1927 4327 Τριϐαλῶν

2036 4257 2346 4326 conjunctis
2376 4259 2547 4326 copiis
2570 4258 2906 4313 invaderent.
2932 4258 3461 4325 Cralaena,etomnes
3487 4278 3615 4329 pro-

356 4347 599 4410 ποιοῦσι,
651 4347 744 4399 καὶ
804 4345 1149 4416 ληϊζομένοις
1202 4346 1497 4416 ὁσημέραι.
1561 4346 1627 4400 Ἥ
1683 4347 1785 4417 μὲν
1842 4348 1936 4401 οὖν

356 4439 562 4509 Κρὶιλη
580 4438 796 4508 γαμετὴ
824 4438 1247 4507 τῆν’πρεσϐείαν
1271 4438 1488 4502 ἐδέξατο
1518 4439 1815 4509 προθύμως
1833 4455 1848 4470 ’
1874 4440 1935 4491 οὐ

360 4533 472 4601 μὴν
506 4530 642 4581 ἀλλὰ
663 4530 757 4581 καὶ
777 4530 825 4581 οἱ
859 4530 915 4581 ἐν
948 4529 1090 4580 τέλει
1122 4528 1322 4590 πάντες
1360 4523 1796 4596 Τριϐαλῶν,“καὶ
1826 4531 1935 4583 πᾶ-

358 4639 449 4673 σιν
474 4621 652 4684 ἔδοξεν
683 4621 885 4690 ὁμοίως
916 4621 1228 4689 πολεμητέα
1254 4617 1392 4674 εἶναι
1420 4621 1556 4691 πρὸς
1581 4622 1707 4683 τοὺς
1733 4621 1939 4689 Βαρϐά-

363 4727 525 4780 ρους,
554 4712 646 4762 καὶ
670 4711 763 4762 τὸν
794 4710 1143 4779 πατριάρχην
1177 4704 1310 4780 ἦγον
1334 4709 1403 4762 δι’
1426 4711 1703 4778 εὐφημίας
1731 4712 1823 4762 καὶ⁵
1852 4711 1943 4761 al-

357 4801 489 4863 δοῦς
518 4802 742 4870 πολλῆς,
789 4799 1076 4854 Ἐλισάϐετ
1112 4799 1169 4851 δὲ
1208 4799 1442 4869 μάλιστα
1493 4801 1694 4871 πολλὴν
1737 4800 1940 4853 ἐπεδείο

2037 4362 2192 4401 ceres
2247 4346 2474 4401 Triballi
2540 4347 2868 4414 legationem
2920 4347 3136 4416 placide
3192 4349 3507 4415 audierunt,
3556 4360 3615 4404 et

2039 4454 2192 4509 atque
2214 4439 2390 4491 visum
2426 4437 2595 4491 armis
2647 4438 2987 4507 appetendos
3030 4453 3153 4494 esse
3190 4438 3482 4502 Barbaros,
3518 4456 3614 4509 pa-

2041 4531 2447 4598 triarchamque
2482 4529 2741 4583 laudibus
2794 4544 2855 4584 ac
2915 4532 3273 4585 veneratione
3302 4548 3408 4584 non
3447 4547 3615 4600 parva

2042 4619 2370 4683 aﬂiciebant,
2407 4628 2463 4674 et
2485 4619 2797 4676 Elisabetlta
2820 4623 3089 4690 pracipue
3122 4623 3259 4675 mira
3280 4624 3432 4677 illum
3450 4625 3621 4678 bene~

2042 4711 2280 4765 volentia
2310 4710 2600 4776 tractabat,
2636 4726 2867 4779 seseque
2909 4712 3074 4764 deum
3105 4714 3397 4780 quemdam
3428 4713 3615 4780 hospi-

2045 4800 2122 4853 tio
2147 4794 2421 4868 accepisse
2455 4800 2703 4868 putabat.
2741 4800 2940 4854 Evenit
2963 4809 3167 4866 autem,
3206 4811 3266 4854 ut
3291 4811 3347 4855 et
3378 4801 3491 4869 ipse
3517 4816 3617 4869 pa-

355 4909 527 4947 ινυτο
558 4892 977 4963 φιλοφροσύνην.
1029 4893 1121 4945 καὶ
1147 4893 1254 4945 τῶν
1285 4894 1609 4961 κρειττόνων
1637 4894 1772 4964 ᾤετό
1819 4911 1927 4946 τινα

2047 4890 2304 4954 triarcha,
2336 4899 2392 4944 et
2424 4892 2654 4945 comites
2683 4891 2803 4960 ejus
2851 4901 3049 4959 pratter
3070 4906 3276 4959 paucos
3301 4907 3443 4945 εαξγο
3491 4906 3616 4945 cor-

358 4982 717 5051 ὑποδεδέχθαι
750 4981 1066 5046 ξενισθέντα
1094 4981 1225 5051 παρ’
1248 4981 1409 5051 αὐτῇ.
1439 4980 1593 5033 Uitta)
1622 4981 1677 5033 δὲ
1701 4981 1927 5051 συμϐὰν1

2049 4982 2187 5050 repti
2216 4982 2407 5034 morbo
2428 4995 2619 5034 omnes
2646 4981 2958 5036 interirent.
2988 4981 3230 5035 Ducebat
3264 4982 3310 5034 is
3336 4996 3521 5035 secum
3546 4983 3615 5037 de

355 5058 529 5135 αὑτός
556 5090 617 5125 τε
662 5076 691 5126 ό
733 5074 1081 5142 πατριάρχης
1124 5071 1497 5125 ἐνεπεπτώκει
1525 5073 1663 5142 νόσῳ
1706 5073 1927 5143 χαλεπῇ1

2047 5073 2194 5127 clero
2239 5072 2497 5127 Ecclesiae
2526 5072 2856 5140 primarios:
2903 5071 3050 5125 unde
3096 5071 3237 5124 fama
3282 5087 3380 5140 per
3414 5073 3617 5127 multos

358 5165 457 5232 ὑφ’
487 5160 555 5235 ἧς
577 5165 671 5217 καὶ
699 5164 1039 5233 ἐτελεύτησε,
1072 5164 1170 5218 καὶ
1199 5166 1247 5217 σί
1278 5164 1424 5217 ἄλλοι
1450 5165 1499 5216 οί
1527 5167 1774 5232 συνόντες
1803 5164 1927 5230 πλὴι

2047 5164 2307 5232 dissipata
2365 5173 2471 5226 est,
2522 5177 2735 5216 veneno
2786 5162 3091 5217 sublatosa
3136 5163 3393 5217 Triballis
3424 5180 3441 5215 ι
3479 5180 3613 5220 sane

358 5255 585 5323 ὀλίγων.
611 5250 721 5306 Ἦν
750 5253 809 5306 δέ
847 5254 995 5320 ἄγων
1030 5255 1156 5316 τοὺς
1186 5253 1423 5323 μάλιστα
1457 5255 1515 5306 ἐν
1553 5254 1696 5322 λόγῳ
1735 5253 1842 5306 τῶν
1880 5255 1927 5305 ἐι

2048 5255 2339 5309 manifesto
2397 5251 2683 5307 mendacio
2730 5262 2896 5319 atque
2957 5252 3251 5307 calumnia.
3292 5254 3410 5307 Non
3462 5255 3615 5308 enim

355 5347 443 5418 τῷ
477 5347 668 5427 κλήριρ
700 5346 798 5416 τῆς
829 5346 1157 5417 Ἑκκλησίας
1186 5346 1629 5415 κατειλεγμένων
1648 5362 1662 5376 ·
1696 5346 1818 5399 ὃθεν
1845 5347 1927 5399 καῖ

2048 5346 2223 5399 solum
2255 5343 2512 5401 Cranen-ae
2558 5342 2788 5411 aequitas
2825 5352 2881 5397 et
2934 5343 3278 5410 reverentia,
3317 5344 3495 5399 honor
3553 5358 3619 5399 ac

1609 5486 1825 5549 Jacobi
1868 5485 2130 5546 Poutani
2161 5491 2346 5545 noue.

409 5586 555 5684 tu)
589 5615 778 5688 Cralis
814 5615 1001 5686 utique
1052 5601 1187 5684 lilii;
1236 5632 1360 5670 nam
1413 5618 1584 5688 patris
1654 5632 1812 5681 uxor,
1890 5617 2151 5685 Stephani
2201 5615 2397 5682 Cralis,
2458 5616 2720 5685 inquam,
2764 5615 2909 5671 dicta
2961 5623 3046 5670 est
3107 5613 3342 5678 Helena;
3394 5613 3497 5670 nisi
3546 5610 3619 5675 sit

369 5708 408 5759 μ
418 5706 483 5756 νη
496 5686 724 5755 μονικδν
756 5686 871 5756 ἁμά
880 5703 975 5757 ρτη
986 5704 1057 5756 μα
1069 5727 1081 5741 .
1414 5686 1423 5688 ⁷
3218 5687 3223 5693 ’
