3970 6212
356 350 464 416 367
561 385 568 396 κ

1552 344 1871 407 JOANNIS
1909 342 2434 403 CANTACUZENl

3495 338 3602 403 388

357 464 597 521 studium
623 477 752 532 erga
780 460 1150 532 patriarcham
1186 459 1369 512 vivum
1411 467 1573 527 atque
1612 464 1923 517 mortuum,

2036 454 2185 524 φήμη
2243 453 2451 521 διεδόθη
2507 453 2656 522 παρὰ
2686 454 2795 516 τοῖς
2841 452 3053 516 πολλοῖς
3092 454 3366 524 φαρμάκῳ
3404 455 3605 520 αὐτοὺς

358 557 452 612 sed
481 567 537 612 et
566 555 742 610 morbi
775 567 967 623 genus,
999 565 1107 620 quo
1148 551 1382 620 quisque
1440 547 1722 603 confecms
1762 545 1920 610 obiit,

360 650 518 703 talem
555 647 623 701 de
653 660 717 700 ea
747 643 1118 713 suspicionem
1174 642 1392 710 penitus
1423 632 1790 710 prohibebat.
1833 637 1924 690 Di-

362 738 534 794 versis
586 749 825 803 namque
872 732 1100 795 morbis,
1138 742 1192 788 et
1227 747 1327 786 nec
1369 731 1478 785 duo
1509 731 1698 783 saltem
1730 728 1922 808 eodem

357 827 616 884 exstincti
659 833 804 880 sunt.
836 823 1166 878 Patriarcltac
1213 821 1468 877 defuncto
1526 821 1579 874 in
1630 818 1921 888 metropoli

357 920 656 973 Pherarum
691 923 1074 984 sumptuosum
1111 924 1166 967 et
1230 911 1594 966 honorificum
1631 909 1796 964 funus
1854 908 1923 962 ab

357 1024 421 1063 ea
445 1008 670 1072 factum,
700 1005 767 1059 ad
810 1019 969 1074 quam
1003 1019 1125 1057 cum
1180 991 1245 1056 ei
1283 1001 1630 1057 monasteriis
1669 1001 1721 1054 in
1758 999 1921 1063 Atlio,

356 1098 701 1168 potissimum
740 1109 872 1150 vero
905 1109 935 1147 e
971 1109 1125 1148 sacra
1157 1093 1360 1158 Laura,
1426 1091 1768 1162 probatiores
1802 1105 1926 1144 san-

355 1187 670 1254 ctiorcsque
702 1184 952 1238 monachi
974 1183 1246 1248 venirent,
1269 1198 1577 1251 corpusque
1603 1181 1926 1251 patriarclttc

358 1280 411 1332 in
439 1278 580 1331 Atho
601 1274 1102 1344 transportandum,
1135 1285 1185 1327 et
1207 1273 1348 1342 apud
1374 1274 1521 1342 ipsos
1551 1272 1922 1342 sepeliendum

357 1377 634 1437 rogarent,
695 1367 784 1421 illa
826 1365 1120 1428 recusavit,
1161 1365 1305 1434 quod
1357 1366 1584 1427 diceret,
1649 1363 1751 1418 sibi
1793 1364 1923 1416 illud

357 1458 727 1520 retinendum,
757 1457 930 1525 magis
958 1456 1104 1510 enim
1133 1455 1250 1525 ejus
1279 1455 1379 1508 viri
1410 1453 1712 1524 patrocinio
1742 1468 1921 1522 egere.

357 1549 492 1600 Dum
529 1547 645 1600 haec
694 1546 907 1610 ﬁerent,
945 1547 1245 1614 imperator
1281 1547 1334 1598 in
1385 1545 1548 1598 urbes
1587 1542 1655 1597 ad
1694 1544 1923 1598 Pontum

357 1639 538 1693 Mmsis
572 1639 845 1708 subiectas
873 1639 1032 1691 duxit
1067 1656 1079 1691 :
1119 1637 1219 1690 fuit
1263 1637 1410 1691 enim
1437 1637 1512 1690 illi
1539 1652 1661 1691 cum
1695 1636 1926 1692 Alexan-

355 1731 456 1783 dro
485 1730 776 1784 Mmsorum
807 1730 1034 1800 rcgclis.
1064 1729 1127 1784 Et
1156 1730 1477 1784 Anchialum
1511 1729 1731 1800 quidem
1749 1731 1924 1798 primo

2031 543 2326 596 ἀποθανεῖν
2379 543 2860 608 ἐπιϐουλευθέντας
2915 543 3020 596 ὑπὸ
3076 545 3394 615 Τριϐαλῶν·
3427 541 3496 618 ἦν
3545 547 3605 599 δὶ

2031 634 2138 704 ἄρα
2163 634 2354 703 ψεῦδος
2385 634 2478 687 καὶ
2507 634 2843 703 συκοφαντία
2877 635 3144 703 ἐναργῶς.
3177 634 3250 686 Οὐ
3279 634 3386 705 γὰρ
3414 637 3474 688 τδ
3505 638 3605 706 τῆς

2031 726 2224 794 Κράλη
2249 707 2502 796 ’γαμετῆς
2527 726 2773 788 ἐπιεικὲς
2806 727 2988 797 μόνον,
3027 727 3121 778 καὶ
3149 727 3180 793 ή
3211 727 3345 796 πρὶς
3382 727 3474 780 τὸν
3501 745 3608 779 πα-

2029 815 2300 886 τριάρχην
2359 800 2543 881 αίδὼς,
2579 817 2676 868 καὶ
2728 817 3036 885 φιλοτιμία,
3088 816 3181 869 καὶ
3233 817 3462 887 σπουδὴ,
3511 821 3607 870 καὶ

2034 911 2318 981 περιόντος
2353 911 2442 964 καὶ
2481 910 2622 980 μετὰ
2651 909 2929 981 τελευτὴν,
2962 910 3101 964 ἀλλά
3130 911 3226 964 καὶ
3255 912 3288 980 ή
3321 899 3475 974 νόσος
3510 911 3604 980 ὑφ’

2029 999 2096 1076 ἧς
2127 1004 2357 1066 ἕκαστος
2397 1002 2719 1072 ἐτελεύτησε
2762 1002 3185 1072 κατεργασθεὶς,
3217 1001 3470 1070 οὐδαμῶς
3497 1019 3609 1055 τοι·

2032 1095 2171 1148 αὕτα
2211 1093 2427 1147 δίδωσιν
2460 1096 2709 1147 ὑπονοεῖν
2760 1096 2887 1162 περὶ⁸
2933 1093 3140 1163 αύτῆςιο
3176 1094 3452 1165 διαφόροις
3496 1093 3607 1161 γὰρ

2031 1181 2220 1251 ἔτυχον
2254 1185 2527 1250 νοσήμασι
2560 1181 3012 1251 κατασχεθέντες,
3045 1182 3138 1232 καὶ
3167 1181 3288 1234 οὐδὲ
3348 1179 3440 1233 δύο
3483 1182 3608 1232 τοῦ-

2032 1267 2283 1338 λάχιστον
2310 1271 2420 1330 τοῖς
2459 1268 2616 1330 ἴσοις.
2661 1268 3027 1321 Ἀποθανόντα
3048 1267 3106 1319 δὲ
3141 1267 3232 1320 τὸν
3256 1261 3607 1336 πατριάρχην

2032 1358 2198 1426 ἔθαψέ
2230 1375 2285 1410 τε
2334 1357 2769 1427 μεγαλοπρεπῶς
2808 1358 2842 1427 ἡ
2883 1356 3164 1410 Ἐλισόιόετ
3203 1358 3258 1409 ἐν
3289 1361 3353 1427 τῇ
3393 1374 3604 1427 μητρο-

2032 1450 2183 1503 πόλει
2202 1449 2405 1518 Φερῶν,
2427 1452 2523 1504 καὶ
2552 1451 2777 1520 ἐτίμησε
2806 1449 3190 1518 διαφερόντως.
3230 1447 3605 1518 Ἀφικομένων

2030 1542 2085 1595 δὲ
2115 1542 2432 1613 παράύτὴν
2459 1545 2550 1594 καὶ
2576 1543 2638 1593 ἐκ
2661 1543 2766 1593 τῶν
2796 1541 3011 1610 ὲνἈθῳ
3039 1541 3464 1610 φροντιστηρίων
3492 1541 3606 1592 τῶν

2034 1628 2488 1705 σπουδαιοτέρων,
2507 1633 2601 1686 καὶ
2625 1632 3089 1701 ἀντιποιουμένων
3111 1630 3331 1701 ἀρετῆς,
3368 1630 3605 1701 μάλιστα

2032 1727 2323 1794 δέΛα-ἇρας
2353 1727 2452 1800 τῆς
2497 1728 2669 1796 ἱερᾶς,
2692 1725 2784 1778 καὶ
2799 1724 3101 1796 δεηθέντων
3134 1727 3340 1792 ἐφεῖναι
3370 1726 3458 1778 τὸν
3496 1741 3607 1776 παι

356 1823 558 1890 impetu
613 1823 760 1892 cepit
798 1841 810 1876 :
848 1823 1224 1878 Mesembriam
1299 1838 1430 1878 vero
1490 1823 1543 1876 in
1609 1824 1924 1878 continente

2036 1819 2294 1888 τριάρχου
2347 1819 2541 1888 νεκρὸν
2586 1822 2641 1870 ἐν
2677 1817 2826 1888 Ἀθῳ
2890 1819 3243 1886 μεταγαγεῖν,
3292 1802 3386 1871 καὶ
3433 1818 3606 1886 θάψαι

353 1916 616 1970 auliiieata
653 1916 787 1970 turri
811 1917 877 1970 ad
909 1916 1186 1986 angustias
1217 1933 1316 1986 per
1337 1933 1472 1986 quas
1504 1916 1840 1981 crataditus,
1870 1927 1926 1972 et

355 2022 419 2061 ex
454 2008 589 2060 mari
626 2007 860 2060 navibus
895 2009 1262 2077 oppugnabat,
1300 2008 1689 2078 premebalque
1722 1993 1931 2063 incolas

356 2115 462 2153 non
489 2113 890 2168 parum,aqu:c
939 2099 1238 2167 prmsertim
1287 2098 1554 2167 penuria;
1608 2113 1715 2152 non
1779 2100 1924 2154 cnim

357 2189 545 2258 procul
589 2190 658 2242 ah
708 2189 916 2258 oppido
973 2203 1036 2241 ex
1096 2189 1244 2242 fonte
1280 2187 1515 2257 quodam
1559 2189 1925 2258 aquabantur.

355 2280 505 2335 Tunc
541 2287 721 2334 autem
756 2279 823 2333 ab
871 2279 1118 2333 exercitu
1149 2279 1419 2348 impediti,
1452 2279 1743 2348 Oppidanis
1773 2282 1929 2349 aquis

354 2382 410 2426 et
443 2371 695 2435 modicis,
725 2379 779 2424 et
804 2371 1010 2439 putidis
1040 2371 1361 2424 utebantur.
1405 2370 1715 2423 Alexander
1747 2371 1930 2424 multis

357 2461 663 2514 rationibus
690 2460 1080 2527 imperatorem
1115 2459 1182 2512 ab
1236 2460 1644 2528 oppugnatione
1704 2461 1929 2529 ri-jicere

358 2557 587 2603 conatus
611 2557 711 2609 est.
740 2549 870 2600 Nam
923 2557 976 2600 ct
1009 2547 1075 2600 de
1110 2547 1228 2600 suis
1254 2548 1447 2614 copiis,
1489 2557 1545 2600 et
1579 2547 1645 2601 de
1681 2547 1930 2600 Barbaris

359 2640 412 2693 in
449 2638 702 2699 Thracia,
739 2637 968 2705 pecunia
1024 2636 1288 2689 demulsis
1329 2636 1449 2688 urbi
1483 2636 1737 2689 submisit
1779 2637 1933 2690 auxi-

357 2729 517 2782 lium.
553 2726 672 2791 Quo
693 2725 842 2778 nullo
886 2725 1081 2778 cil‘cctu
1114 2723 1422 2788 recedente,
1445 2725 1591 2793 quod
1617 2724 1930 2794 imperator,

357 2829 415 2875 et
465 2820 557 2888 qui
592 2820 737 2871 intus
766 2825 942 2877 erant,
977 2816 1172 2870 acriter
1207 2826 1571 2884 oppugnaret,
1601 2816 1767 2884 etqui
1800 2817 1933 2871 foris

284 2906 293 2915 ’
359 2908 774 2969 succurrebant,
799 2907 1007 2960 leniter
1025 2905 1189 2975 910
1209 2906 1513 2974 repelleret,
1533 2906 1657 2960 belli
1682 2919 1930 2962 successu

359 3005 587 3071 prorsus
621 2999 931 3067 desperato,
960 2997 1143 3050 missis
1186 2997 1377 3066 legatis
1402 3013 1524 3050 eum
1561 2999 1844 3067 promissis
1876 3014 1932 3053 sc

360 3094 629 3146 facturum
654 3090 832 3144 omnia
857 3104 978 3157 qua:
1009 3089 1303 3157 imperator
1333 3089 1652 3156 postularet.
1689 3105 1922 3142 commo.

359 3183 579 3236 vitcum
616 3180 695 3233 uti
726 3194 915 3248 pacem
948 3180 1115 3231 armis
1146 3181 1466 3242 anteferret,
1501 3189 1556 3231 ct
1584 3189 1835 3247 sumptus
1869 3185 1933 3232 ah

359 3287 426 3326 eo
450 3271 620 3326 iactos
650 3270 862 3334 refecit,
911 3277 964 3322 et
986 3268 1269 3338 pecuniam
1297 3268 1522 3338 insuper
1548 3282 1654 3322 non
1683 3269 1934 3338 exiguam

359 3363 888 3435 adjecitJmperator
911 3360 1050 3414 turri
1081 3373 1274 3415 eversa
1303 3359 1623 3428 Byzantium
1645 3373 1702 3414 sc
1727 3361 1933 3413 retulit.

359 3455 601 3510 Audiens
625 3461 806 3507 autem
855 3450 1215 3521 patriarcliam
1245 3449 1299 3503 in
1328 3449 1599 3519 legatione
1632 3460 1934 3514 mortuum,

359 3544 831 3613 circumspiciebat
856 3557 1019 3612 quem
1057 3540 1111 3594 in
1170 3540 1302 3595 sede
1328 3541 1687 3611 patriareliica
1713 3542 1934 3605 locaret,

357 3635 492 3690 dans
513 3635 788 3704 negotium
827 3633 1098 3703 episcopis
1146 3639 1205 3686 ut
1259 3630 1326 3686 de
1374 3647 1525 3686 more
1597 3641 1932 3686 conventum

368 3735 596 3796 agentes
623 3735 678 3778 et
699 3723 952 3779 Ecclesiae
981 3731 1251 3777 rectorem
1277 3721 1643 3787 designantes,
1677 3736 1842 3790 super
1871 3737 1937 3775 eo

367 3818 662 3872 certiorem
684 3831 744 3871 se
767 3801 1030 3869 facerent.
1053 3814 1154 3869 Ubi
1173 3815 1389 3867 cunctis
1411 3814 1620 3882 placuit
1655 3814 1939 3868 Philothc-

360 3923 451 3963 um
519 3908 718 3961 merito
749 3905 1145 3967 reducendum,
1191 3917 1246 3958 et
1284 3905 1582 3973 imperator
1615 3905 1938 3974 approbavit

359 3999 589 4070 (sciebat
615 3999 764 4052 enim
793 3998 882 4050 ille
906 4011 1014 4049 non
1045 4011 1145 4050 suo
1177 3995 1408 4049 crimine
1432 3996 1614 4064 aliquo
1635 3997 1812 4050 locum
1844 3999 1936 4051 dc-

355 4089 623 4153 seruisse,
652 4087 748 4140 sed
773 4087 1231 4155 sponteceessisse
1268 4099 1335 4139 ne
1367 4085 1626 4139 videlicet
1661 4085 1732 4139 ob
1758 4101 1934 4140 temu-

359 4181 622 4235 lationem
658 4178 900 4233 Ecclesia
937 4177 1112 4232 turbis
1158 4191 1213 4230 et
1258 4177 1530 4230 seditione
1578 4179 1882 4247 repleretnr
1920 4195 1932 4230 :

359 4283 530 4339 quare
566 4280 620 4324 et
666 4268 883 4323 amabat
915 4282 1039 4321 eum
1071 4261 1127 4322 et
1155 4269 1372 4336 quoties
1415 4268 1468 4321 in
1497 4269 1757 4337 palatium
1786 4269 1938 4323 veni-

360 4369 464 4424 ret,
503 4348 740 4414 iucunde
778 4375 903 4415 cum
947 4359 1041 4413 illo
1070 4359 1487 4428 eolloquebatur
1521 4377 1536 4412 :
1579 4360 1932 4430 vicissimque

2028 1910 2179 1977 παρὰ
2209 1907 2411 1976 σφίσιν,
2454 1911 2553 1962 οὐκ
2605 1909 2870 1962 ἐνέδωκεν
2909 1908 3071 1978 αὑτὴ,
3107 1908 3343 1978 μάλιστα
3373 1911 3605 1962 εἰποῦσα

2027 2003 2239 2056 δεῖσθαι
2275 2001 2374 2070 τῆς
2397 2003 2606 2054 ἐκείνου
2633 2001 2990 2069 προστασίας,
3021 2001 3115 2054 καὶ
3149 2001 3260 2054 δεῖν
3291 1995 3430 2053 εἶναι
3467 2019 3605 2054 κατ-

2029 2096 2173 2164 έχειν
2214 2093 2344 2162 παρ’
2389 2095 2576 2162 ἑαυτῇ.
2627 2091 2717 2145 Ἐν
2825 2092 2880 2144 δὲ
2914 2094 3094 2162 χρόνῳ
3127 2091 3300 2144 ταῦτα
3345 2092 3604 2157 ἐτελεῖτο,

2030 2187 2124 2237 καὶ
2158 2187 2185 2237 ό
2218 2185 2470 2254 βασιλεὺς
2505 2183 2906 2252 ἐπεστράτευσε
2956 2185 3078 2246 ταῖς
3111 2183 3252 2237 κατά
3279 2183 3368 2237 τὸν
3401 2183 3608 2237 Πόντον

2031 2276 2294 2346 ὑπηκόοις
2326 2276 2513 2327 πόλεσι
2545 2276 2754 2337 Μυσοῖς
2777 2289 2793 2304 ·
2828 2276 3040 2340 ἐγένετο
3067 2275 3175 2344 γάρ
3209 2293 3291 2338 τις
3319 2275 3467 2345 αὖτῷ
3492 2276 3608 2328 δια-

2032 2365 2172 2434 φορᾶ
2223 2364 2359 2431 πρὸς
2403 2363 2752 2433 Ἀλέξανδρον
2791 2365 2883 2417 τὸν
2931 2363 3138 2421 Μυσῶν
3197 2362 3439 2433 βασιλέα.
3493 2367 3606 2418 Καὶ

2043 2453 2326 2522 ’Λγχῐαλον
2351 2452 2447 2520 μὲν
2475 2446 2618 2505 εἶλεν
2647 2453 2708 2518 ἐξ
2748 2453 2936 2520 ἐφόδου
2970 2455 3117 2526 μάχῃ
3149 2457 3450 2527 κρατήσας·
3486 2457 3606 2509 Με-

2033 2545 2305 2617 σημϐρίαν
2327 2545 2402 2606 δέ,
2433 2545 2495 2597 ἔκ
2529 2563 2584 2597 τε
2609 2546 2700 2612 τῆς
2729 2545 2958 2616 ἠπείρου
3000 2547 3211 2615 πύργον
3245 2549 3607 2619 οἰκοδομήσας

2032 2637 2172 2687 κατά
2202 2637 2261 2688 τὸ
2291 2637 2476 2688 στενὸν
2506 2639 2561 2688 ἐν
2584 2630 2628 2704 ᾧ
2657 2638 2688 2706 ἡ
2721 2637 2962 2706 εἰσϐολὴ,
2998 2639 3092 2691 ml.
3117 2641 3177 2691 ἐκ
3201 2640 3299 2707 τῆς
3330 2640 3606 2711 Θαλάσσης

2032 2731 2150 2790 ταῖς
2183 2729 2373 2781 ναυσὶν
2413 2729 2746 2797 ἐπολιόρκει,
2783 2730 2880 2782 καὶ
2912 2730 3099 2782 ἐπίεσε
3132 2732 3261 2794 τοὺς
3289 2735 3607 2787 κατοικοῦνο

2033 2836 2128 2879 τας
2162 2820 2260 2872 οὐκ
2289 2818 2467 2884 ὀλίγα,
2514 2818 2705 2883 ὓδατος
2747 2820 2953 2890 ἀπορία
3003 2821 3276 2890 μάλιστα⁶
3317 2825 3607 2894 ὑδρεύοντο

2034 2911 2140 2981 γὰρ
2189 2912 2248 2963 ού
2293 2911 2428 2962 πολὺ
2474 2911 2677 2963 ἄποθεν
2709 2915 2808 2981 τῆς
2839 2912 3048 2970 πόλεως
3097 2913 3158 2966 ἐκ
3206 2933 3350 2978 τινος
3399 2919 3602 2984 πηγῆς.

2035 3004 2168 3056 Τότε
2201 3004 2257 3056 δὲ
2290 3003 2600 3072 εἰργόμενοι
2641 3003 2747 3056 ὑπὸ
2777 3003 2876 3073 τῆς
2909 3007 3194 3072 στρατιᾶς,
3229 3009 3340 3070 τοῖς
3368 3008 3515 3061 ἔνδον
3543 3007 3605 3062 ὗ.

2037 3094 2193 3146 δασιν
2229 3093 2490 3162 ἐχρῶντο,
2525 3092 2725 3161 ὀλίγοις
2759 3110 2818 3146 τε
2854 3094 2948 3147 καὶ
2981 3096 3205 3165 φαύλοις
3235 3094 3406 3151 οὖσιν.
3451 3099 3604 3154 Ἀλέ-

2041 3184 2264 3255 ξανδρος
2320 3185 2379 3238 δὲ
2429 3188 2456 3237 ὁ
2513 3185 2622 3237 τῶν
2663 3186 2865 3238 Μυσῶν
2917 3186 3170 3256 βασιλεὺς
3227 3189 3448 3252 πολλαῖς
3505 3192 3608 3259 μὲν

2039 3279 2314 3348 ἐχρήσατο
2364 3275 2612 3345 μεθόδοις
2645 3278 2950 3347 ἀναστῆσαι
3002 3277 3230 3347 βασιλέα
3262 3279 3361 3349 τῆς
3396 3281 3611 3352 πολιορ-

2039 3370 2162 3430 κίας
2187 3385 2201 3401 ο
2228 3367 2292 3420 ἐκ
2326 3385 2384 3420 τε
2421 3367 2529 3438 γὰρ
2562 3368 2663 3437 τῆς
2703 3367 2913 3431 οἰκείας
2947 3370 3208 3438 στρατιᾶς
3256 3373 3318 3439 τῇ
3359 3374 3442 3423 πό
3464 3389 3510 3425 ει
3552 3373 3608 3423 ἕ-

2039 3477 2104 3511 πε
2115 3459 2219 3528 μψε
2242 3461 2588 3530 συμμάχους,
2608 3459 2705 3513 καὶ
2722 3459 2874 3528 παρά
2893 3460 3001 3514 τῶν
3027 3463 3081 3514 ἐν
3103 3463 3291 3533 Θρᾴκῃ
3310 3463 3608 3534 Βαρϐάρων

2041 3553 2236 3616 πείσας
2270 3555 2546 3622 χρήμασιν
2573 3568 2587 3583 ·
2621 3554 2921 3623 ἀπράκτων
2966 3555 3023 3608 δὲ
3055 3556 3478 3619 ἐπανελθόντων,
3514 3559 3610 3627 βας

2042 3641 2232 3704 σιλέως
2287 3639 2413 3702 τούς
2461 3657 2518 3693 τε
2551 3641 2701 3694 ἔνδον
2755 3643 2996 3712 ἰσχυρῶς
3050 3644 3484 3712 πολιορκοῦντος,
3514 3649 3610 3699 καὶ

2040 3729 2174 3796 πρὸς
2213 3729 2338 3791 τοὺς
2371 3727 2476 3792 ἔξω
2507 3729 2820 3798 μαχομένου
2887 3733 3190 3800 καρτερῶς,
3240 3735 3358 3784 ἐπεὶ
3402 3743 3608 3790 παντᾷ-

2041 3834 2173 3868 πασι
2207 3817 2344 3886 πρὸς
2375 3817 2464 3870 τὸν
2493 3819 2730 3888 πόλεμον
2763 3821 3162 3890 ἀπηγορεύκει,
3193 3822 3444 3888 πρέσὸεις
3465 3828 3610 3892 πέμ-

2036 3908 2165 3975 ψας,
2209 3911 2305 3961 καὶ
2340 3910 2813 3980 ἐπαγγειλάμενος
2857 3913 3017 3966 πάνθ’
3067 3914 3167 3965 ὅσα
3214 3915 3354 3967 κατά
3381 3915 3610 3982 γνώμην

2041 3995 2255 4065 βασιλεῖ
2293 3999 2562 4066 ποιήσειν,
2618 3999 2838 4053 ἔπεισεν
2872 4002 3194 4056 ἀνθελέσθαι
3224 4005 3321 4073 τὴν
3360 4009 3604 4074 εἰρήνην,

2037 4090 2133 4142 καὶ
2161 4089 2229 4142 τά
2254 4105 2310 4140 τε
2341 4090 2599 4158 χρήματα
2633 4089 2894 4153 ἐξέτισεν,
2925 4093 3026 4145 ὅσα
3062 4094 3195 4162 πρὸς
3236 4097 3326 4147 τον
3373 4097 3611 4166 πόλεμον

2037 4177 2300 4243 ἀνάλωτο,
2337 4180 2430 4231 καὶ
2451 4179 2611 4249 ἕτερα
2640 4180 2738 4234 οὐκ
2761 4182 2938 4249 ὀλίγα.
2970 4183 3231 4247 Βασιλεύς
3267 4203 3318 4237 τε
3349 4187 3438 4238 τιν
3473 4189 3614 4256 πύρ-

2037 4285 2135 4336 γον
2191 4269 2738 4341 καταστρεψάμενος,
2796 4273 3100 4343 ἐπανῆλθεν
3157 4279 3237 4339 εἰς
3293 4279 3606 4338 Βυζάντιον.

2038 4355 2350 4424 Πυθόμενος
2375 4353 2432 4407 δὲ
2462 4359 2588 4426 περὶ
2635 4359 2976 4429 πατριάρχου
3007 4362 3088 4412 ὅτι
3123 4362 3346 4432 τελευτή
3359 4381 3437 4417 σοι
3467 4367 3608 4417 κατὰ

359 4468 484 4508 cum
519 4451 636 4521 ipse
666 4453 721 4505 in
774 4451 1169 4505 monasterium
1200 4451 1416 4505 veniret
1449 4449 1541 4504 ubi
1565 4451 1652 4506 ille
1680 4452 1929 4520 degebat,

2036 4445 2134 4514 τὴν
2167 4444 2486 4514 πρεσϐείαν,
2517 4447 2680 4510 αὐτός
2706 4464 2764 4500 τε
2798 4446 3112 4516 ἐσκέπτετο,
3146 4452 3325 4507 ὅντινα
3372 4453 3453 4506 δεῖ
3497 4460 3611 4516 tot;

359 4551 575 4598 nor-tem
601 4558 725 4596 cum
748 4555 814 4596 eo
840 4541 1186 4596 sermonibus
1209 4541 1588 4614 transigebat),
1614 4543 1793 4597 missis
1809 4543 1958 4602 ﬁliis,

363 4631 678 4687 Andronico
705 4632 1036 4699 imperatore
1069 4638 1125 4684 et
1158 4629 1404 4686 Manuele
1455 4629 1683 4700 despOta
1717 4632 1935 4687 multis-

359 4737 468 4790 quc
527 4711 848 4791 proceribus
905 4719 961 4772 in
992 4719 1276 4774 ecclesiam
1309 4734 1436 4774 eum
1487 4719 1726 4787 reduxit,
1769 4734 1824 4778 et
1877 4725 1930 4778 in

359 4811 498 4865 solio
532 4808 855 4880 patriarchae
912 4806 1198 4862 constituit
1231 4804 1343 4875 (48)
1389 4825 1404 4861 :
1452 4809 1676 4878 jamque
1712 4827 1811 4865 ceu
1848 4813 1934 4865 lu-

359 4913 522 4953 cerna
577 4913 744 4968 super
771 4897 1162 4952 candelabrum
1203 4897 1380 4967 posita
1417 4899 1484 4951 ad
1516 4912 1709 4952 verum
1747 4901 1933 4955 lumen

358 4992 707 5045 commissam
779 4989 881 5044 sibi
938 4989 1236 5044 Ecclesiam
1331 4991 1615 5059 perducit,
1683 4995 1938 5047 salutari-

362 5080 467 5134 bus
505 5081 778 5151 dogmatis
828 5080 1049 5149 pietatis
1103 5095 1222 5134 eam
1279 5083 1598 5147 enutriens‘,
1664 5099 1729 5138 ac
1787 5086 1938 5139 velut

367 5172 510 5227 bona
578 5174 826 5242 corporis
889 5172 1216 5227 habitudine
1259 5174 1593 5229 conﬁrmans
1641 5185 1697 5230 et
1755 5191 1936 5231 mores

361 5278 700 5335 componens
731 5273 789 5320 et
838 5263 1020 5334 quoad
1051 5265 1170 5334 ejus
1199 5264 1316 5320 ﬁeri
1340 5275 1541 5337 potest,
1573 5281 1639 5320 ex
1666 5268 1774 5321 vita
1811 5283 1937 5336 pro-

2041 4539 2466 4607 πατριαρχικοῖς
2498 4537 2712 4605 θρόνοις
2767 4540 3166 4613 ἐγκαθιδρύειν,
3211 4547 3305 4595 καὶ
3347 4548 3458 4609 τοῖς
3510 4548 3610 4614 ἀρ-

2041 4629 2316 4698 χιερεῦσιν
2371 4629 2637 4699 ἐπέτρεπε
2691 4631 3007 4685 συνελθοῦσι
3045 4634 3184 4685 κατά
3219 4635 3278 4686 τὸ
3332 4635 3471 4698 ἔθος,
3515 4638 3610 4688 καὶ

2039 4719 2498 4788 διασκεψαμένοις
2551 4720 2642 4773 τὸν
2710 4723 3151 4792 προστησόμενον
3195 4725 3344 4794 σύτῷ
3393 4727 3607 4796 δηλοῦν.

2041 4809 2207 4874 Δόξαν
2236 4810 2292 4862 δέ
2330 4812 2465 4863 πᾶσι
2494 4811 2586 4864 τὸν
2633 4813 2984 4883 πατριάρχην
3021 4815 3268 4868 meum;
3297 4819 3610 4884 λέπαιάγειν

2046 4899 2182 4953 εἶναι
2236 4905 2462 4967 δίκαιον,
2513 4905 2635 4954 ἐπεὶ
2667 4905 2761 4955 καὶ
2812 4905 3023 4973 βασιλεῖ
3063 4908 3129 4960 τὰ
3176 4909 3266 4960 ίσα
3313 4910 3608 4962 συνεδόκειο

2048 4994 2264 5063 συνῄδει
2295 4993 2403 5062 γὰρ
2433 4993 2580 5063 αὐτῷ
2610 4993 2684 5064 μὴ
2718 4995 2804 5047 διὰ
2841 4998 3038 5048 κακίαν
3061 4998 3358 5051 ἀποστάντι
3395 5001 3488 5069 τῆς
3519 5005 3612 5070 ἀρ-

2045 5085 2169 5154 χῆς,
2203 5084 2319 5137 ἀλλ’
2357 5086 2537 5137 ἑκοντὶ
2570 5087 3013 5154 παραχωροῦντι,
3045 5087 3132 5139 ἵνα
3165 5089 3241 5157 μὴ
3263 5089 3350 5140 διΞι
3379 5089 3614 5156 φιλονει-

2043 5178 2164 5230 κίαν
2214 5177 2459 5245 ταραχῆς
2491 5173 2691 5245 πολλῆς
2725 5179 2818 5228 καὶ
2856 5177 3204 5246 διχοστασίας
3242 5179 3529 5249 ἐμπλησθῇ
3575 5182 3611 5250 ἡ

2054 5267 2369 5337 Ἐκκλησία,
2406 5267 2472 5320 δι’
2505 5266 2541 5321 ἆ
2567 5267 2631 5337 δὴ
2663 5268 2756 5320 καὶ
2787 5269 2978 5336 φιλίως
3003 5266 3114 5338 εἶχε
3141 5271 3277 5333 πρὸς
3307 5271 3489 5337 αὑτὸν,
3515 5273 3611 5324 καὶ

1590 5403 1809 5463 Jacobi
1843 5407 2100 5467 [’ontoni
2143 5413 2329 5465 nota).

431 5520 545 5590 (l8)
578 5519 856 5574 Laudatus
893 5529 978 5575 est
1005 5536 1169 5589 supra
1203 5521 1291 5575 hic
1326 5519 1666 5580 Philotimus.
1697 5537 1815 5590 cap.
1858 5526 1921 5579 16

359 5599 416 5646 et
443 5589 551 5653 29;
602 5589 745 5642 inter
777 5591 1118 5658 patriarchas
1147 5589 1784 5657 ConstantinOpolitanos
1823 5611 1925 5646 nu-

361 5667 606 5728 meratur
625 5665 776 5728 cui.
813 5659 976 5712 Multa
1007 5661 1248 5727 scripsit,
1281 5660 1347 5712 de
1377 5659 1578 5728 quibus
1605 5675 1710 5711 non
1749 5676 1924 5728 pauca

366 5727 429 5785 in
450 5727 704 5781 Bavarica
728 5727 1056 5781 bibliotheca
1080 5730 1353 5781 habentur
1378 5746 1391 5784 :
1427 5742 1547 5796 qua:
1569 5727 1803 5783 eruditis
1819 5734 1930 5802 jam

2028 5525 2295 5601 patefacta
2342 5533 2444 5601 est,
2481 5527 2676 5601 insigni
2741 5527 3008 5601 benetieio
3052 5531 3249 5584 nobilis
3289 5539 3344 5584 et
3398 5533 3609 5601 magni~

2035 5599 2132 5667 tieir
2152 5596 2356 5667 domini
2386 5595 2614 5667 Joannis
2639 5596 2862 5667 Georgii
2899 5599 3187 5662 licruarli,
3216 5603 3455 5654 an'arite
3477 5595 3610 5655 cau-

2039 5663 2270 5784 rellafii,
2315 5666 2424 5742 'viri
2472 5668 2719 5719 omnium
2757 5663 3025 5721 bonarum
3071 5671 3269 5722 artium
3302 5671 3613 5738 tllaClplllllS

2044 5749 2180 5786 cxcu
2213 5741 2430 5786 ttssunt.

2044 5747 2430 5786 CXCIIHISSIIIH.
