3970 6212
408 269 516 328 3ου
1578 278 2116 340 HISTORIARUM
2156 285 2384 344 LIBER
2430 287 2522 347 IV.

3573 287 3678 350 370

405 394 680 449 γινομένῳ
709 398 770 434 τε
818 384 876 435 ἐν
905 384 1216 452 βασιλείοις,
1248 387 1416 456 ἡδέως
1457 389 1620 458 συνῆν
1653 391 1749 443 καὶ
1793 408 1961 444 συνω·
1991 431 1997 449 ι

2100 407 2191 444 ana
2212 394 2404 448 crebro
2443 393 2689 449 docendo
2725 404 2780 449 et
2809 394 3080 449 monendo
3111 394 3179 448 ad
3221 394 3496 449 caelestem
3525 395 3676 451 illam

409 473 592 539 μίλει’
635 474 731 526 καὶ
755 476 918 539 αὐτὸς
950 480 1006 530 ἐν
1102 481 1340 550 κατῴκει
1373 485 1504 550 μονῇ
1541 485 1824 551 γινὸμενος
1852 505 1979 540 συν-

405 564 817 636 διενυκτέρευεν
852 569 1018 640 αὐτῷ·
1044 569 1399 640 πέμψας-τοὺς
1434 573 1603 639 υἱοὺς,
1645 575 1981 647 Ἀνδρόνικόν

408 673 468 707 τε
482 656 834 724 τὸνβασιλέα,
853 660 1042 714 καὶτὸν
1058 661 1111 713 δε
1121 665 1320 733 σπίτην
1340 664 1613 730 Μανουὴλ,
1630 668 1839 720 καὶτῶν
1858 687 1985 736 συγ-

411 749 686 816 κλητικῶν
706 753 1304 834 πολ).οὒς,ἐπανήγειγεν
1322 758 1397 818 εἰς
1413 757 1512 825 τὴν
1529 756 1874 826 Ἐκκλησίαν,
1893 756 1987 812 καὶ

408 844 524 904 τοῖς
541 844 952 911 πατριαρχικοῖς
976 843 1218 913 ἐνίδρυσε
1243 845 1474 912 Θρόνοιςο
1491 842 1782 902 καὶνῦνοῖα
1801 850 1990 920 λύχνος

412 932 508 984 ἐπὶ
523 931 850 1002 τὴνλυχνίαν
883 934 1084 999 τεθεὶς,
1119 935 1215 987 ἐπὶ
1263 937 1322 988 τὸ
1347 937 1602 1006 ἀληθινὸν
1647 938 1760 1007 φῶς
1781 937 1876 1010 τὴν
1906 959 1992 993 πι-

419 1024 738 1076 πευθεῖσαν
775 1024 1100 1095 Ἐκκλησίαν
1127 1030 1481 1095 χειραγωγεῖ,
1498 1032 1610 1090 τοῖς
1627 1047 1683 1081 τε
1703 1031 1880 1096 ὑγιέσι
1899 1032 1994 1099 τῆς

415 1113 698 1176 εὐσεϐείας
723 1114 993 1184 δόγμασιν
1024 1116 1329 1185 ὲκτρέιρων,
1363 1117 1458 1169 καὶ
1496 1119 1743 1171 σύεκτεῖν
1774 1119 1850 1182 ῶς
1887 1121 1992 1189 μάο

414 1201 576 1254 λιστα
618 1201 807 1264 ποιῶν,
837 1203 932 1255 καὶ
962 1204 1029 1256 τὰ
1063 1204 1168 1273 ἥϐη
1214 1205 1520 1273 ῥυθμίζων,
1553 1208 1645 1260 καὶ
1686 1207 1760 1270 ῶς
1791 1203 1903 1261 οἷόν
1938 1225 1995 1260 τε

412 1291 518 1359 τῆς
558 1290 778 1360 ἀνιέρου
813 1290 959 1360 ζωῆς
992 1294 1287 1360 ἐπανάγων
1324 1297 1444 1357 ταῖς
1492 1299 1715 1366 συχναῖς
1739 1297 1998 1354 διδασκα-

415 1382 562 1445 λίαις
585 1385 678 1435 καὶ
715 1384 1128 1453 παραινέσεσιν.
1162 1387 1230 1437 Ἀ
1265 1387 1364 1454 μὲν
1396 1386 1488 1440 οὖν
1526 1388 1851 1456 συμϐέϐηκε
1869 1391 2002 1442 Ῥω-

422 1475 608 1542 μαίοις
643 1476 729 1543 ἐφ’
758 1476 917 1545 ἡμῶν
944 1475 1001 1528 ἐν
1051 1496 1108 1530 τε
1137 1480 1250 1540 τοῖς
1281 1479 1392 1532 ἄνω
1418 1480 1631 1549 χρόνοις
1683 1481 1846 1548 ἡνίκα
1893 1482 2001 1534 τῶν

425 1565 700 1634 βασιλέων
742 1567 1096 1637 Ἀνδρονίκων
1125 1570 1154 1622 ό
1188 1570 1324 1640 πρὸς
1350 1571 1614 1640 ἀλλήλους
1637 1574 1861 1643 ἐκινήθη
1897 1575 1998 1626 πό-

417 1658 610 1724 λεμος,
649 1658 745 1710 καὶ
777 1657 1005 1728 ὕστερον
1033 1663 1060 1713 ὁ
1099 1661 1304 1730 μεταξὺ
1335 1662 1435 1730 τῆς
1468 1663 1744 1731 βασιλίδος
1765 1666 1991 1733 Ἀννης,

420 1754 520 1805 καὶ
553 1753 1014 1823 Καντακουζηνοῠ
1047 1754 1141 1806 τοῦ
1179 1756 1444 1824 βασιλέως
1482 1759 1869 1828 ἀνερῤιπίσθη,
1901 1763 1992 1814 καὶ

422 1844 494 1898 τὰ
515 1845 805 1923 τελευταῖα
833 1846 896 1913 δὴ
928 1851 1126 1911 ταῦτα,
1167 1848 1266 1900 ὅσα
1297 1847 1550 1916 βασιλεὺς
1585 1851 1613 1902 ὀ
1660 1851 1777 1915 νέος
1815 1854 1994 1906 Ἰωάν-

425 1952 529 2004 νης
565 1937 702 2002 πρός
730 1953 788 1988 τε
820 1936 911 1988 τὸν
943 1938 1200 2004 γυναικὸς
1234 1939 1464 2008 ἀδελφὸν
1509 1942 1790 1996 Ματθαῖον
1821 1944 1993 2012 διηνέ-

425 2027 557 2096 χθη,
591 2029 686 2080 καὶ
717 2026 944 2096 βασιλέα
990 2028 1082 2082 τὸν
1124 2031 1414 2102 κηδεστὴν,
1445 2033 1673 2088 τοιαῦτα
1715 2035 1852 2089 ἐστι.
1888 2037 1996 2089 Καὶ

427 2118 568 2186 πρὸς
621 2116 775 2169 οὐδὲν
807 2117 915 2170 τῶν
963 2119 1270 2188 είρημένων
1321 2119 1444 2173 οὕτε
1481 2121 1616 2190 πρὸς
1668 2123 1830 2192 χάριν
1871 2121 1996 2177 οὔτε

430 2209 572 2279 πρὸς
598 2208 897 2277 ἀπέχθειαν
945 2209 1211 2278 ἐξέϐημεν
1241 2211 1342 2280 τῆς
1371 2211 1628 2280 ἀληθείας
1651 2230 1663 2242 ·
1701 2213 1816 2266 ἀλλ’
1861 2215 1997 2268 αὐτὰ

437 2302 506 2354 τὰ
529 2301 653 2354 ὄντα
688 2301 1059 2372 ἱστορήκαμεν
1085 2303 1352 2372 ἀκριϐῶς,
1387 2306 1501 2368 τοῖς
1538 2305 1636 2373 μὲν
1669 2306 1824 2358 αὐτοὶ
1857 2322 1996 2375 παρ-

449 2394 592 2454 όντες
641 2393 800 2461 ήνίκα
851 2396 1358 2465 ἐπραγματεύοντο,
1399 2399 1494 2450 καὶ
1535 2397 1854 2468 μετέχοντες
1891 2399 1999 2452 τῶν

449 2485 808 2553 γιγνομένωνο
851 2484 960 2537 τῶν
1016 2487 1060 2538 δ’
1095 2486 1353 2556 αὐτήκοοι
1387 2487 1742 2556 γεγενημένοι
1792 2489 1887 2541 ἀπ’
1909 2490 2003 2542 αὒ-

443 2575 549 2628 τῶν
586 2577 692 2629 τῶν
722 2578 1124 2648 εἰργασμένων.
1166 2579 1228 2631 El
1257 2578 1315 2631 δέ
1343 2595 1466 2632 τινα
1509 2580 1618 2632 τῶν
1647 2581 1706 2632 ἐν
1755 2581 2004 2651 ἀπορρήο

437 2685 552 2731 τοις
603 2667 1041 2737 βεϐουλευμένων
1076 2669 1314 2738 μάλιστα
1359 2669 1469 2722 τῶν
1507 2671 1643 2739 πρὸς
1686 2671 2002 2724 Καντακου-

436 2753 600 2822 ζηνδν
617 2755 705 2806 τὸν
735 2755 957 2824 βασιλέα
974 2757 1063 2809 τὸν
1085 2757 1322 2825 πόλεμον
1341 2760 1714 2826 κεκινηκότων
1739 2760 1772 2829 ἡ
1793 2759 2004 2830 ἱστορία

437 2846 707 2916 περιέχει,
741 2847 1057 2916 Θαυμαστὸν
1097 2848 1274 2903 οὐδέν.
1305 2850 1368 2903 Οἱ
1398 2849 1618 2913 πλείους
1641 2850 1749 2919 γὰρ
1779 2853 2005 2904 ἐκείνων

436 2938 536 2988 καὶ
571 2936 710 3006 μετὰ
735 2937 794 2988 τὸ
821 2937 920 3006 τῆς
955 2938 1128 3008 ἀρχῆς
1156 2939 1376 3009 ἁπάσης
1415 2941 1621 2992 ἐκεῖνον
1653 2941 1894 3010 ἐγκρατῆ
1918 2957 2008 3008 γε-

2085 484 2406 549 provehens.
2430 485 2560 550 Quae
2584 485 2744 555 igitur
2759 502 2786 538 a
2805 485 3064 540 Romanis
3090 493 3280 538 nostro
3301 498 3418 538 aevo
3437 493 3494 540 et
3514 499 3679 552 supe-

2085 573 2232 628 riore
2259 583 2406 643 gesta
2425 585 2571 642 sunt,
2590 576 2966 646 quandointer
2985 575 3331 630 Andronicos
3366 576 3568 630 bellum
3599 578 3678 629 vi-

2087 666 2224 733 guit,
2238 675 2286 718 et
2305 675 2488 734 postea
2509 667 2652 721 inter
2681 666 3084 735 imperatricem
3104 668 3314 719 Annam
3337 674 3390 718 et
3405 664 3680 720 Cantacu-

2090 770 2282 809 zenum
2307 771 2594 811 accensum
2623 765 2707 810 est
2741 773 2752 808 :
2785 765 2840 810 et
2875 766 3153 828 postremo
3178 771 3300 824 qum
3320 755 3546 826 juniore
3577 755 3678 808 im-

2091 857 2344 916 peratore
2392 849 2602 916 Joanne
2646 850 2714 904 ab
2745 849 2930 906 uxoris
2979 849 3148 904 fratre
3197 857 3255 902 et
3280 861 3472 901 socero
3511 847 3673 900 dissi-

2094 939 2259 994 dente
2296 940 2668 1010 contigerunt,
2720 941 2837 996 haec
2863 950 3012 995 sunt.
3060 940 3173 994 Nec
3205 954 3306 992 nos
3338 940 3550 1007 uspiam
3584 938 3670 990 vel

2104 1031 2168 1083 ad
2202 1030 2457 1099 gratiam,
2492 1033 2575 1084 vel
2604 1030 2672 1084 ad
2701 1031 2888 1086 odium
2920 1031 3125 1086 limites
3139 1030 3388 1085 veritatis
3415 1029 3677 1084 transivi-

2103 1138 2250 1187 mus,
2293 1122 2388 1177 sed
2439 1139 2554 1176 rem
2600 1123 2770 1192 ipsam
2824 1128 3079 1178 acc'urate
3110 1122 3476 1184 narravimus,
3512 1137 3674 1190 quam

2077 1205 2295 1285 'partim
2320 1225 2618 1284 przcsentes
2640 1215 2898 1278 vidimus,
2927 1225 2984 1269 et
3046 1223 3106 1269 ut
3138 1225 3358 1272 actores
3380 1215 3673 1275 sensimus;

2101 1308 2296 1378 partim
2325 1309 2392 1363 ab
2418 1309 2555 1377 ipsis
2585 1308 2680 1377 qui
2717 1308 2975 1365 fecerunt
2993 1310 3336 1379 accepimus.
3375 1306 3526 1372 Quia.
3545 1321 3676 1362 vero

2103 1400 2352 1470 quaedam
2385 1399 2440 1454 in
2473 1409 2686 1454 secreto
2718 1399 3042 1463 deliberata,
3073 1399 3310 1454 maxime
3355 1396 3423 1454 ab
3466 1397 3532 1450 iis
3580 1393 3676 1464 qui

2105 1492 2307 1546 bellum
2340 1492 2602 1548 adversus
2629 1493 3072 1548 Cantacuzenum
3098 1496 3414 1553 texuerunt,
3449 1488 3676 1541 historia

2105 1582 2512 1651 compleCtitur,
2567 1583 2738 1636 nolim
2805 1582 2858 1635 id
2915 1583 3173 1651 cuiquam
3209 1581 3409 1634 mirum
3462 1578 3676 1643 videri;

2107 1672 2291 1740 plures
2313 1671 2460 1724 enim
2492 1671 2558 1725 de
2589 1672 2716 1735 illis,
2743 1672 2904 1725 etiam
2940 1680 3231 1741 postquam
3268 1671 3314 1723 is
3343 1679 3515 1723 totum
3549 1668 3681 1722 sub-

2096 1763 2307 1832 jugavit
2342 1762 2656 1830 imperium,
2689 1761 2871 1815 adhuc
2896 1761 3223 1830 superstites
3253 1769 3308 1814 et
3337 1761 3456 1829 ejus
3489 1767 3678 1828 postea

2102 1848 2389 1904 beneﬁciis
2437 1848 2517 1903 usi
2566 1849 2750 1903 omnia
2817 1849 3053 1903 ﬁdeliter
3103 1848 3462 1903 retulerunt:
3498 1847 3677 1914 ipsum

2096 1939 2319 2008 quidem
2351 1939 2420 1993 de
2447 1941 2663 1995 excelso
2683 1941 2890 2004 animo,
2926 1950 2978 1994 et
3014 1939 3308 1994 tolerantia
3338 1939 3402 1993 in‘
3430 1939 3681 1994 adversis

2097 2030 2261 2084 rebus
2281 2030 2662 2100 suspicientes,
2685 2041 2859 2086 semet
2879 2042 3060 2087 autem
3082 2033 3427 2093 miserantes,
3448 2032 3540 2099 qui
3570 2047 3678 2084 non

2097 2121 2272 2176 solum
2293 2130 2564 2174 tantarum
2586 2137 2952 2178 aerumnarum
2973 2130 3223 2176 auctores
3236 2121 3394 2192 911
3421 2120 3681 2174 Romanis

2099 2211 2348 2274 fuissent,
2388 2211 2483 2266 sed
2511 2220 2565 2266 et
2603 2211 2760 2278 cujus
2803 2213 2970 2265 multa
2994 2221 3104 2266 tum
3130 2213 3303 2278 prius,
3344 2223 3455 2263 tum
3488 2221 3677 2278 postea

2099 2303 2424 2372 egregiaque
2445 2302 2499 2355 in
2531 2317 2589 2356 se
2617 2302 2818 2356 merita
2847 2301 3246 2362 constitissent,
3269 2301 3340 2366 ei,
3375 2304 3552 2370 magni
3575 2300 3680 2352 du-

2101 2393 2180 2446 cis
2205 2392 2557 2462 (Apocauchi)
2584 2393 2959 2448 molitionibus
2997 2401 3053 2446 et
3089 2392 3300 2446 vairitie
3326 2391 3564 2459 decepti,
3601 2401 3682 2446 tot

2107 2483 2452 2538 incommoda
2479 2491 2534 2538 et
2559 2484 2779 2538 labores
2813 2499 2910 2553 per
2931 2493 3236 2538 extremam
3263 2482 3670 2552 improbitatem

2104 2574 2474 2643 peperissent.
2502 2573 2815 2629 Clarissime
2837 2583 3018 2628 autem
3053 2589 3162 2628 non
3196 2587 3369 2642 pauca
3398 2571 3557 2625 nobis
3584 2587 3684 2624 ex-

2104 2672 2410 2734 posuerunt
2443 2664 2682 2720 Joannes
2701 2674 2757 2719 et
2787 2663 3129 2733 Nicephorus
3155 2662 3336 2732 magni
3363 2662 3522 2716 ducis
3556 2661 3674 2723 lilii,

2105 2766 2292 2827 utpote
2315 2773 2425 2826 prae
2442 2757 2563 2812 aliis
2589 2771 2915 2811 arcanorum
2949 2757 3184 2825 amplius
3208 2756 3436 2810 conscii.
3468 2755 3682 2808 Praece-
3709 2763 3716 2766 '

2108 2859 2259 2919 ptum
2285 2850 2469 2918 itaque
2500 2857 2673 2914 tuum,
2695 2848 2766 2901 mi
2796 2848 2932 2913 Nile,
2956 2863 3055 2916 pro
3077 2855 3263 2900 nostra
3291 2845 3548 2899 facultate
3583 2846 3686 2896 im-
3725 2896 3732 2903 ,

2107 2941 2391 3010 plevimus.
2427 2939 2549 2993 Tibi
2575 2939 2787 2992 licitum
2818 2947 2902 2992 est
2952 2938 3154 3006 scripta
3206 2934 3487 3003 relegenti,
3513 2935 3684 2986 vitas-

437 3027 628 3079 νέσθαι
649 3027 728 3079 ἔτι
755 3029 1054 3097 περιόντες,
1081 3029 1172 3081 καὶ
1203 3029 1401 3097 πολλῆς
1428 3030 1682 3098 προνοίας
1707 3029 1997 3082 ἀπολελαυ-

2110 3045 2216 3100 que
2239 3039 2294 3084 et
2317 3030 2558 3086 actiones
2585 3038 2640 3085 et
2666 3030 2919 3085 universe
2951 3043 3131 3082 mores
3165 3028 3447 3082 hominum
3483 3041 3687 3094 expen-

441 3117 598 3177 κότες
648 3117 782 3186 παρ’
816 3116 967 3186 αὐτῷ
1019 3119 1193 3172 πάντα
1224 3117 1469 3188 ἀκριϐῶς
1525 3117 1766 3182 ἐξεῖπον,
1803 3117 2008 3172 ἐκεῖνον

2111 3122 2258 3175 denti
2294 3123 2490 3175 horum
2549 3121 2770 3191 quidem
2823 3120 3344 3190 magnanimitatem,
3396 3127 3451 3171 et
3480 3118 3533 3170 in
3563 3133 3687 3170 om-

445 3209 547 3275 μὲν
576 3209 675 3277 τῆς
703 3207 1111 3278 μεγαλοψυχίας
1144 3209 1540 3279 θαυμάζοντες,
1566 3208 1662 3261 καὶ
1693 3209 1794 3277 τῆς
1817 3225 1997 3278 καρτεε

2111 3213 2278 3267 nibus
2301 3221 2391 3266 aut
2411 3211 2665 3281 plurimis
2689 3210 2847 3264 factis
2873 3211 3260 3281 praestantibus
3276 3209 3518 3268 studium
3535 3224 3690 3263 com-

444 3299 569 3367 ρίας
593 3299 692 3369 τῆς
722 3299 859 3370 πρὸς
889 3300 956 3351 τ’ἑι
983 3298 1150 3366 δεινὰ,
1179 3300 1404 3363 ἑαυτοὺς
1435 3299 1491 3353 δὲ
1518 3298 1900 3368 οἰκτείροντες,
1929 3301 2011 3354 ὅτι

447 3393 524 3462 μὴ
560 3393 720 3460 μόνον
755 3391 1021 3444 τοσούτων
1051 3390 1214 3444 αίτιοι
1244 3392 1502 3459 γεγόνασι
1552 3391 1844 3459 Ῥωμαίοις
1869 3408 2007 3460 συμ-

448 3483 662 3552 φορῶν,
699 3483 832 3536 ἀλλὰ
855 3484 948 3536 καὶ
969 3476 1029 3534 οὗ
1061 3483 1271 3538 πολλῶν
1297 3489 1390 3537 καὶ
1421 3483 1708 3552 πρότερον,
1734 3483 1830 3534 καὶ
1857 3482 2010 3535 ὓστε-

2117 3303 2381 3358 mendare
2415 3319 2428 3356 :
2467 3303 2690 3355 illorum
2750 3302 3105 3358 veteratorias
3137 3311 3304 3366 artes,
3337 3300 3541 3369 quibus
3577 3313 3689 3352 non

2108 3395 2232 3449 aliis
2269 3393 2662 3458 tantummodo,
2696 3393 2792 3447 sed
2812 3394 2978 3449 etiam
3000 3393 3368 3462 sibimetipsis
3387 3391 3689 3446 detrimen-

2107 3481 2364 3537 tosissimi
2387 3482 2726 3546 exstiterunt,
2751 3481 2878 3536 odio
2903 3490 2958 3535 et
2976 3482 3374 3551 vituperatione
3404 3478 3683 3547 prosequi.

451 3594 545 3647 ρον
576 3578 669 3628 καὶ
707 3576 980 3645 μεγάλων,
1023 3577 1117 3630 καὶ
1157 3576 1474 3646 Θαυμασίων
1511 3575 1840 3644 εὐεργεσιῶν
1877 3573 2308 3636 ἀπολελαύκασι,
2376 3573 2553 3642 τούτῳ
2621 3573 2741 3634 ταῖς
2815 3573 3053 3642 μεγάλου
3081 3572 3270 3633 δουκὸς
3305 3571 3681 3637 ἁπατηθέντες

452 3671 730 3740 μηχαναῖς
763 3674 856 3722 καὶ
923 3670 1306 3739 πανουργίαις,
1347 3668 1557 3722 πολλῶν
1597 3667 1860 3738 ὣςθησαν
1922 3667 2086 3720 αἴτιοι
2123 3666 2482 3735 γεγενημένοι
2526 3664 2824 3734 δυσχερῶν,
2861 3667 2956 3717 xal
3008 3664 3076 3716 τὰ
3128 3663 3327 3733 ἔσχατα
3371 3664 3693 3732 ἠγνωμονή-

452 3778 606 3815 κασι.
642 3761 890 3814 Μάλιστα
929 3761 983 3814 δὲ
1019 3760 1361 3829 ἀπήγγειλαν
1391 3759 1706 3826 σαφέστατα
1764 3759 2020 3827 Ἰωάννης
2053 3758 2152 3810 καὶ
2186 3757 2498 3826 Νικηφόρος
2555 3758 2604 3810 οί
2677 3755 2917 3825 μεγάλου
2989 3757 3179 3818 δουκὸς
3213 3756 3456 3824 ἀδελφοὶ,
3499 3749 3587 3807 οἷα
3627 3755 3689 3824 δὴ

452 3852 566 3903 τῶν
591 3851 764 3905 ἄλλων
801 3851 1001 3919 μᾶλλον
1046 3851 1350 3912 συνειδότες
1414 3851 1482 3904 τὰ
1549 3851 1838 3922 ἁπόρῥητα
1877 3849 2088 3918 ἐκείνῳ.
2124 3849 2198 3902 Τὸ
2254 3849 2353 3920 μὲν
2404 3848 2497 3902 οὖν
2535 3849 2818 3918 ἐπίταγμα
2849 3849 2908 3900 τὸ
2945 3849 3065 3913 σὺν,
3097 3842 3141 3902 ὦ
3194 3848 3328 3906 καλὲ
3387 3847 3568 3909 Νεῖλε,
3610 3850 3692 3910 εἰς

451 3944 687 4014 δύναμιν
711 3945 844 4014 ἡμῖν
873 3943 1270 3997 ἐκτετέλεσται.
1333 3945 1423 3996 Σοὶ
1451 3942 1497 3996 δ’
1522 3943 1702 4007 ἔξεστι
1727 3942 1794 3994 τὰ
1855 3943 2220 4013 γεγραμμένα
2258 3942 2610 4011 ἀναλέγοντι,
2661 3945 2760 3997 καὶ
2824 3942 2974 4012 βίους
3013 3940 3357 4007 ἐξετάζοντι,
3408 3942 3502 3994 καὶ
3549 3941 3692 4009 πρά.-

456 4040 590 4105 ξεις,
629 4040 719 4092 καὶ
753 4042 811 4093 τὸ
847 4039 1068 4109 σύμπαν
1106 4037 1237 4111 ἦθος
1279 4041 1386 4092 τῶν
1420 4040 1742 4109 ἀνθρώπων,
1811 4039 1917 4091 τῶν
1955 4041 2052 4107 μὲν
2089 4041 2188 4109 τὴν
2232 4039 2938 4110 μεγαλοψυχίανετιαινεῖν,
2976 4041 3072 4094 καὶ
3101 4038 3199 4111 τὴν
3237 4041 3294 4093 ἐν
3327 4039 3533 4093 ἅπασιν
3567 4039 3598 4108 ἢ
3634 4042 3693 4092 ἐν

457 4136 735 4198 πλείστοις
769 4137 953 4206 ἔργοις
977 4136 1202 4204 ἀγαθοῖς
1228 4134 1564 4204 φιλοτιμίαν,
1600 4136 1708 4188 τῶν
1739 4135 1797 4188 δὲ
1830 4137 2012 4204 μισεῖν
2050 4137 2150 4205 τὴν
2186 4137 2542 4206 πανουργίαν,
2606 4137 2682 4200 ὡς
2746 4139 2809 4191 οὺ
2845 4139 2956 4200 τοῖς
2985 4136 3165 4200 ἄλλοις
3210 4139 3397 4207 μόνον,
3431 4135 3568 4190 ἀλλὰ
3601 4137 3693 4188 καὶ

459 4232 648 4298 σφίσιν
676 4228 859 4292 αὐτοῖς
888 4228 1097 4283 πολλῶν
1135 4229 1322 4284 κακῶν
1350 4228 1532 4282 αἰτίαν
1567 4227 1890 4297 γενομένη-ν.

1171 4409 1456 4486 Explicit
1500 4409 1766 4469 Joannis
1819 4409 2238 4470 Cantacuzeni
2287 4409 2573 4470 Historia
2609 4411 2980 4488 Byzantina.
