3970 6212
446 277 552 340 373

1396 278 1691 340 CONTRA
1737 278 2229 339 ΜΑΙΙΟΜΕΤΕΜ
2268 276 2645 337 APOLOGIA
2684 275 2735 335 Ῑ.

3589 272 3694 333 374

440 390 557 456 μὲν
583 387 696 454 τῆς
730 387 1030 455 ἀληθείας
1056 389 1124 442 τὸ
1157 388 1403 457 ψεῦδος.
1441 392 1540 444 ἐπὶ
1566 392 1636 445 τὰ
1660 392 1913 458 πρότερα
1952 391 2022 443 δὲ

2129 390 2332 457 scriptis
2360 402 2642 458 opponere,
2668 386 2871 438 dicendi
2903 392 3073 437 tamen
3106 382 3355 453 facultate
3396 383 3691 447 destitutus,

443 481 630 533 πάλιν
654 478 985 532 ἐπανιέναι.
1006 480 1059 531 Ὀ
1084 480 1153 531 δὲ
1174 482 1363 535 καίτοι
1388 482 1621 549 σφόδρα
1637 483 2018 547 βουλόμενος

442 568 951 638 ἁντικαταστῆναι
982 570 1105 635 τοῖς
1129 570 1489 639 γράμμασιν,
1522 572 1651 625 ἐπεὶ
1678 574 1763 640 μὴ
1794 573 1889 626 καὶ
1912 574 2020 626 δύο

444 679 620 729 νομις
661 662 766 715 τοῦ
823 661 1026 728 λέγειν
1054 661 1215 727 αὐτῷ
1246 664 1505 730 προσῆν,
1548 663 1899 731 προστρέχει
1940 661 2020 727 τῷ

438 754 713 817 βασιλεῖ,
749 753 843 807 καὶ
878 752 947 806 τὰ
984 753 1290 821 γράμματα
1316 750 1614 817 δείκνυσι,
1650 755 1747 807 zeal
1780 772 2020 824 συμμα-

450 867 478 913 χ
490 849 586 897 σἰιν
629 845 746 910 τὴν
780 846 1139 914 γιγνομένην
1163 846 1403 899 ἀπαιτεῖ
1434 848 1572 914 παρ’
1605 848 1815 901 αὑτοῦ.
1860 849 1922 899 ’0
1952 846 2019 899 δὲ

448 938 552 1002 τῆς
583 934 988 1003 προαιρέσεως
1018 935 1125 987 τὸν
1155 935 1344 1003 ἄνδρα
1374 936 1847 1003 ἀποδεξάμενος.
1881 954 2020 989 κατ-

441 1028 692 1089 εδέξατο
719 1028 826 1080 τὸν
846 1026 1071 1093 ἀγῶνα,
1104 1029 1201 1081 καὶ
1238 1030 1504 1093 Μελετίφ
1532 1031 1629 1081 καὶ
1664 1029 1737 1096 τῇ
1766 1030 2020 1096 ἀληθείᾳ

441 1118 691 1178 δανείζει
729 1119 843 1185 τὴν
869 1117 1161 1187 γλῶτταν.
1200 1120 1267 1172 ’0
1306 1120 1374 1173 δὲ
1397 1123 1577 1189 λόγος
1607 1122 1885 1189 ἀφορμὴν
1914 1126 2021 1175 λαο

441 1211 564 1263 6d»-
597 1211 711 1278 τὴν
746 1210 855 1277 τῆς
883 1210 1211 1277 ἐπιστολῆς
1244 1212 1620 1279 άνασκευὴν,
1659 1212 1838 1280 χωρεῖ
1872 1215 2021 1267 κατὰ

442 1302 556 1370 τῆς
587 1301 701 1355 τῶν
732 1301 1093 1369 Σαρακηνῶν
1113 1302 1418 1371 αἱρέσεως,
1451 1304 1786 1357 ἐπεκδιχῶν
1808 1305 1924 1372 μὲν
1950 1304 2022 1357 τὰ

444 1390 837 1459 Χριστιανῶν,
882 1394 1263 1460 κατατρέχων
1288 1393 1357 1445 δὲ
1388 1393 1494 1459 τῆς
1524 1395 1641 1447 τῶν
1660 1395 2022 1461 Σαρακηνῶν

442 1482 731 1549 αἱρέσεως
769 1482 891 1537 ἀπὸ
928 1483 1148 1552 μέρους
1177 1484 1245 1536 ἐν
1283 1486 1489 1553 λόγοις
1512 1484 1626 1553 ἤδη
1660 1489 2017 1552 τέσσαρσιν,

442 1575 867 1628 ἀνακόλουθον
916 1574 1111 1642 αὐτὴν
1153 1576 1305 1642 πρός
1335 1594 1399 1629 τε
1450 1578 1565 1646 τὴν
1604 1579 1893 1643 ἀλήθειαν
1923 1581 2019 1632 zeal

443 1666 600 1732 πρὸς
629 1666 855 1734 ἑαυτὴν
876 1667 1261 1731 ἀποδεικνὺς,
1286 1668 1366 1734 ὡς
1381 1670 1536 1737 μηδὲ
1558 1668 1741 1737 ἐαυτῇ
1773 1671 2021 1738 συμϐαι-

2123 482 2191 533 ad
2226 483 2598 550 imperatorem
2628 476 2883 545 confugit,
2914 476 2996 528 cui
3038 476 3242 528 litteras
3268 474 3439 542 offert.
3469 482 3515 525 et
3543 475 3697 525 auri-

2124 572 2250 624 lium
2274 572 2325 622 in
2352 570 2645 623 inminenti
2674 568 3065 621 concertatione
3087 568 3148 617 ab
3178 565 3269 617 illo
3301 564 3555 633 postulat.
3588 562 3699 616 lm-

2121 672 2338 731 perator
2379 664 2558 731 itaque
2607 677 2723 713 cum
2784 661 2883 713 viri
2928 660 3228 713 institutum
3282 657 3694 726 approbavisset,

2122 762 2388 805 certamen
2432 751 2742 820 suscipiens,
2792 749 3005 803 Meletio
3047 748 3206 802 simul
3260 757 3307 801 et
3354 749 3564 801 veritati
3596 746 3699 800 lin-

2121 858 2275 913 guam
2312 857 2404 894 ceu
2440 849 2620 894 mutuo
2645 842 2758 893 dat.
2793 838 2977 893 Oratio
3004 849 3202 901 autem,
3232 840 3381 907 cujus
3420 853 3700 906 argumen-

2124 943 2233 986 tum
2262 941 2400 993 erat,
2432 930 2707 1000 epistolam
2755 930 2904 998 cujus
2950 944 3113 996 supra
3159 928 3488 980 meminimus
3528 926 3697 977 revin-

2121 1041 2265 1087 cere,
2326 1032 2509 1076 contra
2582 1022 2973 1077 Saracenorum
3042 1020 3275 1073 haresint
3341 1017 3695 1087 progreditur.

2122 1115 2398 1185 defendens
2423 1114 2629 1184 quidem
2655 1112 3075 1167 Christianorum
3099 1115 3367 1179 dogmata,
3394 1110 3556 1161 obiter
3578 1124 3697 1159 vero

2122 1206 2360 1276 singulas
2389 1205 2718 1260 Saracenicaz
2740 1204 2951 1257 haeresis
2984 1210 3158 1271 partes
3204 1216 3510 1270 percurrens
3542 1216 3559 1252 :
3587 1210 3696 1252 tum

2121 1308 2353 1364 quatuor
2383 1295 2712 1350 sermonibus
2758 1294 3003 1357 ostendit,
3036 1296 3168 1346 hanc
3212 1308 3303 1345 nec
3354 1293 3559 1345 veritati
3606 1308 3697 1343 nec

2121 1392 2219 1443 sibi
2264 1390 2365 1459 ipsi
2416 1406 2525 1443 esse
2578 1398 3009 1449 consentaneum,
3058 1393 3237 1453 utpote
3280 1401 3395 1452 qute
3439 1386 3549 1449 ipsa
3604 1384 3699 1439 sibi

2124 1480 2302 1533 multis
2326 1482 2379 1533 in
2406 1480 2532 1535 locis
2558 1496 2659 1533 non
2684 1482 2813 1533 satis
2839 1478 3133 1531 conveniat.
3167 1475 3317 1537 Quod
3338 1484 3513 1526 autem
3540 1474 3699 1526 Mos's

2122 1570 2302 1633 simul,
2332 1574 2704 1639 prophetarum
2730 1578 2777 1621 et
2801 1566 3075 1637 Evangelii
3105 1565 3416 1619 testimoniis
3440 1563 3699 1617 Christia-
3754 1622 3765 1633 ,

2126 1678 2208 1715 me
2240 1663 2504 1730 religionis
2552 1660 2858 1730 mysterium
2890 1658 3239 1716 demonstrat,
3274 1656 3475 1707 nemini
3510 1656 3698 1708 mirum

443 1770 579 1805 νειν
597 1753 811 1821 ἱκανῶς
828 1758 1113 1824 ἔχουσαν.
1130 1760 1195 1811 El
1211 1758 1277 1809 δὲ
1290 1736 1468 1811 καὶνέκ
1488 1758 1603 1811 τῶν
1619 1736 2020 1826 τοῦνΜωσέως,

2129 1754 2384 1816 videntur,
2432 1770 2553 1807 cum
2592 1765 2642 1808 et
2698 1758 2826 1825 ipsis
2876 1757 3161 1811 Saracenis
3205 1772 3299 1825 pro
3352 1755 3699 1808 sacrosanctis

445 1850 544 1899 καὶ
566 1846 687 1898 τῶν
700 1847 1042 1915 προφητῶν,
1056 1850 1154 1901 zeal
1170 1850 1273 1903 τοῦ
1290 1852 1445 1919 Εὐαγ
1459 1851 1661 1918 γελίου
1676 1853 1735 1903 τὸ
1755 1852 1859 1904 τοῦ
1884 1854 2019 1919 Χρι-

444 1939 814 2007 στιανισμοῦ
844 1940 1179 2007 μυστήριον
1207 1940 1639 2006 ἀποδείκνυσί,
1675 1946 2023 2011 θαυμαστὸν

426 2029 651 2082 ὀἰ-δέν.
696 2038 710 2077 t
740 2031 798 2081 al
840 2032 949 2096 γὰρ
970 2032 1063 2083 zeal
1098 2031 1222 2095 τοῖς
1252 2034 1617 2101 Σαρακηνοῖς
1639 2035 1800 2101 ἱερόν
1839 2051 1891 2086 τι
1921 2035 2020 2087 δο-

444 2118 541 2170 κεῖ
595 2118 695 2170 καὶ
761 2118 922 2171 θεῖον
985 2119 1053 2171 τὰ
1102 2121 1260 2186 παρὰ
1306 2122 1411 2174 τοῦ
1455 2124 1713 2190 Μωσέως
1758 2125 1855 2177 ztal
1906 2125 2023 2178 τῶν

450 2208 771 2276 προφητῶν
791 2211 887 2263 καὶ
916 2212 1019 2263 τοῦ
1046 2214 1419 2282 Εὐαγγελίου
1435 2215 1747 2283 λεγόμενα.
1789 2219 1871 2269 Οὐ
1896 2216 2023 2284 μὴν

458 2300 584 2350 ἀλλ’
620 2300 772 2352 αὐτὰ
817 2302 1003 2355 ταῦτα
1037 2304 1133 2355 καὶ
1180 2305 1329 2357 κατὰ
1392 2305 1698 2359 Ἰουδαίων
1726 2307 1883 2359 εἴποι
1933 2326 2022 2373 τις

464 2386 558 2449 ἂν,
602 2393 687 2443 zzul
715 2394 976 2458 slzcdtwc.
1014 2394 1383 2460 Σαραιιηνοῖς
1420 2398 1527 2464 γὰρ
1575 2398 1670 2450 καὶ
1713 2398 2021 2464 Ἰουδαίοις

459 2481 567 2531 οὐκ
602 2482 774 2548 ὀλίγα
811 2484 1003 2547 κοινὰ,
1032 2485 1329 2551 μοναρχία
1372 2501 1439 2537 τε
1486 2488 1591 2553 γὰρ
1640 2486 1920 2551 ὡσαύτως
1955 2487 2023 2539 ἐν

452 2570 822 2639 ἀμφοτέροις,
859 2572 953 2625 καὶ
1001 2574 1345 2641 πολυγαμία
1390 2575 1455 2626 τὸ
1505 2573 2017 2643 σπουδαζόμενον,

450 2662 723 2727 χοςρείων
754 2679 814 2714 τε
838 2661 1028 2729 χρεῶν
1060 2663 1283 2731 ἀποχὴ,
1315 2665 1411 2717 καὶ
1433 2666 1561 2733 μὴν
1586 2665 1683 2719 zeal
1713 2666 2017 2733 περιτομὴ.

448 2750 548 2802 καὶ
579 2752 823 2813 βιϐλίου
856 2753 924 2805 δὲ
951 2753 1329 2808 ἀποστασίου
1346 2755 1748 2824 ,ϐουλομένοις
1794 2756 2021 2811 διδόναι

446 2842 581 2907 ταῖς
617 2843 847 2897 ἑαυτῶν
884 2847 1162 2915 γυναιξὶν
1200 2848 1442 2916 ἐφεῖται.
1483 2848 1595 2901 Καί
1608 2866 1771 2915 τινος
1796 2851 2022 2907 ἀποθα-

446 2937 669 3001 νόντος
696 2938 815 2991 εἴτε
839 2939 909 2990 ἐν
936 2940 1169 3003 τούτοις
1192 2939 1312 2992 εἴτε
1334 2940 1402 2992 ἐν
1425 2940 1701 3006 ἐκείνοις,
1730 2941 1842 3008 τὴν
1866 2942 2020 2995 ἐκεί-

447 3043 563 3079 νου
588 3028 840 3094 γυναῖκα
871 3033 902 3083 ό
928 3029 1195 3097 ἀδελφὸς
1224 3031 1449 3100 ἄγεται.
1485 3032 1593 3087 Kal
1625 3033 1778 3098 ὅλως
1815 3035 1923 3087 οὐκ
1946 3034 2023 3087 ἄν

448 3134 542 3181 τις
564 3118 833 3187 ἁμάρτοι,
859 3120 1215 3191 ιουδαῖσμὸν
1245 3124 1565 3192 πλημμελῆ
1597 3126 1703 3178 τὸν
1727 3126 1828 3179 τοῦ
1855 3125 2021 3180 Μωά-

443 3214 561 3278 μεθ
610 3213 797 3280 νόμον
843 3216 1205 3281 προσειπών.
1265 3217 1455 3287 Ταύτῃ
1505 3234 1593 3269 τοι
1629 3216 1725 3270 zeal
1780 3220 1811 3270 ὀ
1864 3218 2020 3285 θεῖος

467 3302 753 3371 Ἰωάννης
781 3305 851 3358 ἐν
880 3304 955 3373 τῇ
978 3305 1363 3374 ἀποκαλύψει
1390 3308 1525 3375 ’περὶ
1563 3306 1671 3361 τοῦ
1698 3311 1885 3377 νόμου
1920 3310 2023 3363 zeal

452 3395 562 3447 τοῦ
587 3396 801 3461 ἔθνους
834 3400 1047 3452 τούτου
1088 3402 1569 3470 προσαγορεύων,
1602 3401 1805 3470 ὥσπερ
1835 3406 1944 3455 alr.
1957 3421 2020 3457 τ-

451 3491 704 3556 τόμενος
746 3492 817 3544 τὰ
843 3492 911 3543 ἐν
949 3492 1252 3559 ἑκατέροις
1282 3494 1473 3557 κοινὰ,
1509 3494 1685 3562 φησι.
1726 3494 2023 3562 Λέγουσιν

2124 1844 2436 1910 habeantur,
2481 1865 2597 1916 qua:
2628 1868 2659 1902 a
2701 1848 2860 1911 Mose,
2894 1851 3157 1920 prophetis
3187 1859 3235 1902 et
3270 1846 3544 1916 Evangelii
3571 1850 3701 1898 scri-

2123 1937 2354 2003 ptoribus
2392 1940 2533 1993 dicta
2564 1948 2707 1993 sunt.
2754 1940 3122 1994 Verumtamen
3143 1941 3329 2011 eadem
3372 1942 3479 1993 Ιιιεο
3514 1948 3701 1990 contra

2121 2027 2332 2082 Juda’os
2369 2031 2548 2083 induci
2578 2041 2815 2101 possunt,
2858 2034 3011 2100 idque
3035 2048 3141 2085 non
3179 2032 3291 2085 sine
3326 2032 3559 2093 ratione;
3598 2027 3699 2081 Sa-

2124 2122 2327 2173 racenis
2355 2124 2494 2174 enim
2530 2140 2632 2175 non
2665 2140 2835 2189 pauca
2866 2132 2985 2176 sunt
3014 2140 3131 2176 cum
3154 2122 3355 2175 Judwis
3379 2122 3697 2173 communia.

2123 2210 2323 2265 Eadem
2349 2214 2486 2265 enim
2510 2214 2650 2281 apud
2680 2222 2928 2281 utrosque
2955 2215 3273 2267 manare/tite
3315 2212 3519 2281 politiu.
3565 2212 3698 2264 idem

2123 2302 2437 2372 polygandte
2462 2304 2716 2368 studium,
2749 2304 2927 2355 eadem
2952 2303 3125 2355 suilla:
3150 2304 3326 2355 carnis
3350 2303 3696 2362 abstinentia,

2122 2394 2365 2464 idemque
2396 2397 2803 2449 circumcisionis
2856 2397 3087 2463 signum.
3135 2394 3332 2447 Eodem
3378 2395 3535 2445 etiam
3573 2394 3699 2462 jure

2122 2487 2264 2555 apud
2303 2496 2550 2555 utrosque
2582 2488 2789 2555 repudii
2838 2486 3073 2540 libellum
3126 2473 3354 2553 proprii;
3411 2485 3527 2537 licet
3572 2486 3701 2535 dare

2124 2578 2371 2632 uxoribus
2404 2593 2421 2630 :
2457 2587 2505 2629 et
2535 2579 2711 2649 aliquo
2751 2577 2831 2631 vel
2858 2580 3044 2629 horum
3070 2578 3147 2630 vel
3187 2576 3400 2629 illorum
3434 2574 3698 2643 defuncto,

2123 2670 2394 2739 conjugem
2418 2668 2560 2722 illius
2590 2670 2759 2739 frater
2790 2668 2977 2720 ducere
3015 2664 3170 2719 solet.
3217 2663 3338 2727 Sed,
3374 2672 3428 2715 ut
3462 2678 3701 2715 summa-

2124 2762 2217 2815 tim
2253 2762 2449 2825 dicam,
2501 2777 2602 2814 non
2648 2762 2905 2813 erravisse
2946 2760 3073 2812 mihi
3116 2758 3379 2827 quispiam
3420 2755 3701 2817 videbitur,

2122 2853 2169 2906 si
2214 2850 2529 2905 Mahontetis
2598 2851 2762 2922 legem
2818 2850 3091 2917 confusum
3141 2858 3543 2917 corruptumque
3600 2844 3703 2897 Ju-

2124 2943 2386 2995 daisntum
2426 2943 2638 2995 dixerit.
2672 2940 3006 3009 Quapropter
3051 2948 3099 2993 et
3165 2940 3315 2993 divus
3359 2937 3591 2991 Joannes
3640 2937 3698 2988 in

2124 3033 2441 3104 Apocalypsi
2482 3034 2544 3086 de
2591 3032 2699 3103 lege
2734 3041 2782 3085 et
2818 3040 2969 3100 gente
2997 3032 3093 3083 hac
3123 3030 3399 3092 disserens,
3432 3029 3516 3080 ubi
3550 3030 3701 3096 quasi

2128 3143 2220 3196 per
2266 3126 2550 3196 wnigmata
2595 3126 2901 3196 perstringit
2958 3140 3073 3193 qute
3120 3126 3353 3191 utrisque
3406 3123 3701 3174 communia

2126 3230 2269 3286 sunt,
2305 3221 2472 3289 inquit
2507 3235 2525 3273 :
2558 3219 2750 3273 Dicunt
2787 3233 2842 3271 se
2869 3217 3083 3270 Iudaeos
3116 3231 3245 3277 esse,
3279 3224 3329 3267 et
3363 3230 3468 3267 non
3512 3223 3633 3266 sunt
3660 3213 3700 3264 ί.

2128 3316 2272 3369 Adeo
2318 3320 2373 3365 ut
2415 3312 2628 3365 absurdi
2656 3310 2787 3365 nihil
2830 3311 3006 3379 fuerit,
3051 3309 3098 3360 si
3127 3308 3411 3359 communis
3443 3314 3491 3359 et
3520 3305 3701 3357 eadem

2129 3420 2245 3458 cum
2280 3404 2387 3457 illis
2420 3405 2735 3457 concertatio
2768 3403 2858 3465 sit,
2890 3401 2978 3470 qui
3018 3414 3178 3466 quam
3215 3398 3446 3467 plurima
3481 3398 3619 3450 inter
3649 3411 3702 3448 se

2130 3498 2427 3548 communia
2466 3495 2763 3548 observant.

451 3581 706 3647 ἑαυτοὺς
733 3585 1059 3651 Ἰουδαίους
1082 3583 1254 3651 εἷναι,
1293 3588 1391 3640 καὶ
1451 3589 1560 3641 οὐκ
1611 3588 1793 3643 εἰσιν.
1822 3588 2003 3640 Ὠστε
2062 3588 2242 3642 οὐδὲν
2290 3589 2537 3653 ἄτοπον,
2572 3590 2643 3657 ,ει
2672 3586 2906 3658 ,κοινῶν
2950 3588 3139 3641 ὄντων
3182 3581 3387 3647 αὐτοῖς
3435 3578 3701 3642 πολλῶν,

452 3675 628 3743 κοινή
669 3694 759 3743 τις
792 3678 863 3733 ἐν
895 3679 1059 3747 μέρει
1092 3680 1191 3733 καὶ
1225 3680 1264 3749 ἠ
1292 3680 1442 3748 πρὸς
1476 3681 1702 3746 αὐτοὺς
1732 3680 1920 3749 πάλη.

458 3875 573 3930 Τοῦ
623 3867 1111 3944 Μουσουλμάνου
1163 3874 1517 3944 Σαμψατινῆ
1573 3874 1863 3945 Σφαχανῆ
1917 3876 2022 3930 τοῦ

647 3968 906 4034 Πέρσου,
927 3967 1076 4035 πρὸς
1101 3967 1205 4021 τὸν
1228 3968 1502 4036 μοναχὸν
1523 3966 1830 4021 Μελέτιον.

525 4064 631 4125 Εἰς
678 4060 744 4112 τὸ
782 4059 970 4127 ὄνομα
1023 4059 1130 4113 τοῦ
1193 4059 1342 4113 Θεοῦ
1391 4059 1496 4113 τοῦ
1558 4060 1891 4129 ἐλεήμονος
1926 4061 2026 4114 καὶ

452 4150 795 4218 ἐλεοῦντος.

538 4244 790 4311 Ἀδελφέ
834 4241 1203 4311 ήγαπημένε,
1237 4242 1448 4312 ὑγείαν
1493 4242 1591 4297 καὶ
1636 4245 1886 4297 ἔπαινον
1928 4246 2028 4299 και

454 4334 650 4401 εὐχὴν
683 4333 784 4401 ἀφ’
808 4332 975 4401 ἡμῶν
993 4331 1112 4385 τῶν
1138 4332 1435 4387 ταπεινῶν
1464 4333 1583 4387 τῶν⁸
1608 4332 1886 4401 ἀδελφῶν
1911 4349 2027 4390 σου

460 4426 533 4478 ra
556 4424 824 4488 δέξεσαι.
850 4424 949 4478 καὶ
977 4424 1094 4491 τὴν
1114 4428 1409 4494 εὐθυμίαν
1440 4424 1518 4491 ῆν
1547 4426 1766 4493 ἔχομεν
1786 4426 1934 4493 πρὸς
1954 4426 2029 4481 σὲ

458 4520 533 4571 ra
568 4517 911 4583 καταλάϐῃς
940 4517 1163 4581 ἔξωθεν
1192 4515 1300 4585 τῆς
1329 4515 1576 4587 γραφῆς.
1608 4520 1696 4571 Na
1733 4519 2029 4587 γνωρίσῃς

2263 3876 2317 3930 Μ
2326 3877 2635 3932 usulmanus
2669 3876 2973 3945 Sampsates
3008 3872 3358 3943 lsphachanes
3392 3870 3571 3932 Persa,

2663 3970 2913 4024 monacho
2953 3966 3176 4020 Meletio.

2211 4062 2275 4117 In
2308 4066 2515 4118 nomine
2550 4062 2642 4117 Dei
2670 4060 3021 4116 misericordis
3053 4068 3099 4111 et
3129 4058 3573 4110 commiserantis.

2209 4251 2395 4305 Frater
2428 4250 2634 4313 dilecte,
2690 4248 2915 4302 salutem
2953 4254 3003 4301 et
3048 4244 3262 4298 laudem
3300 4251 3348 4297 et
3380 4244 3705 4296 intercessio-

2137 4364 2251 4400 nem
2301 4365 2332 4399 a
2373 4346 2518 4399 nobis
2560 4344 2811 4414 fratribus
2843 4344 2941 4395 tuis
2966 4340 3271 4394 humillimis
3303 4339 3551 4406 suscipito
3591 4352 3608 4388 :
3653 4346 3708 4389 at

2138 4438 2302 4491 animi
2334 4437 2499 4489 nostri
2532 4434 2962 4495 benevolentiam,
2996 4448 3100 4500 qua
3136 4430 3191 4482 in
3227 4439 3275 4481 te
3306 4430 3474 4499 affecti
3503 4443 3707 4489 sumus,

2136 4530 2295 4582 etiam
2330 4530 2443 4582 sine
2471 4528 2675 4596 scriptis
2719 4524 3091 4597 deprehendes.
3138 4522 3286 4577 Scire
3320 4530 3491 4574 tamen
3542 4531 3589 4573 te
3625 4535 3709 4572 ve~

460 4606 549 4660 ὅτι
583 4607 697 4675 ἐγὼ
748 4609 780 4659 ό
814 4605 1079 4675 ἀδελφός
1110 4622 1225 4662 σου
1259 4610 1292 4661 ό
1332 4608 1611 4671 ταπεινὸς
1643 4607 1739 4660 καὶ
1777 4607 2023 4674 εὐτελὴς

2140 4619 2253 4681 lim,
2297 4619 2433 4689 quod
2481 4632 2572 4687 ego
2610 4616 2777 4686 frater
2826 4625 2943 4669 tuus
2974 4613 3185 4669 humilis
3232 4621 3279 4666 et
3314 4612 3483 4671 exilis.
3520 4625 3710 4679 oppor-

454 4704 488 4757 ὅ
542 4720 576 4755 ὀ
623 4704 834 4771 καιρὸν
878 4702 967 4758 ὅτι
1012 4704 1345 4757 κατέλαϐον
1394 4707 1481 4769 εις
1528 4704 1644 4772 τὴν
1683 4704 1880 4772 χώραν
1922 4706 2029 4760 τοῦ

456 4794 723 4861 μεγάλου
757 4795 977 4863 ἀμηρᾶ,
1020 4798 1052 4848 ό
1088 4795 1229 4861 Θεὸς
1259 4796 1358 4847 ἵνα
1390 4795 1624 4863 αὐξάνῃ
1656 4795 1771 4863 τὴν
1810 4795 2030 4850 δικαιο-

460 4888 663 4952 σύνην
683 4885 812 4938 τοῦ.
835 4886 1169 4951 Γινώσκεις
1194 4884 1372 4950 καλὰ,
1405 4886 1493 4938 ὅτι
1526 4889 1559 4939 ό
1584 4883 1669 4951 εἷς
1698 4888 1802 4939 τὸν
1837 4886 2032 4940 ἄλλον

459 4980 641 5034 οὐδὲν
678 4978 859 5040 εἶδεν,
903 4979 1023 5047 ciui}
1062 4980 1252 5033 πάλιν
1300 4980 1408 5033 τὸν
1452 4980 1704 5034 ἔπαινόν
1746 4996 1885 5041 σου,
1931 4981 2028 5033 καὶ

457 5076 566 5126 τὸν
602 5075 789 5141 λόγον
826 5091 954 5135 του,
986 5074 1086 5126 καὶ
1135 5073 1252 5140 τὴν
1280 5072 1511 5139 γνῶσίν
1548 5090 1685 5134 σου,
1718 5073 1838 5125 ἀπὸ
1889 5072 2029 5138 τοὺς

458 5165 761 5233 ἀδελφοὺς
789 5166 885 5217 zeal
902 5166 1141 5233 φίλους.
1172 5164 1279 5229 οὒς
1303 5166 1460 5233 ἔχεις
1483 5164 1760 5225 ἐνταῦθα,
1790 5165 2027 5225 ἔμαθον.

460 5258 569 5311 Kal
602 5261 796 5323 τόσην
830 5257 1071 5325 ἀγάπην
1098 5258 1284 5324 ἔχουν
1317 5257 1470 5324 πρὸς
1494 5257 1589 5319 σὲ,
1629 5257 1715 5309 ὅτι
1744 5255 2031 5310 οὐδέποτέ

460 5367 532 5417 με
559 5349 860 5414 βλέπουν,
890 5350 990 5401 ἵνα
1036 5348 1217 5401 οὐδέν
1244 5365 1316 5415 με
1364 5348 1756 5415 παρακαλοῦν
1803 5349 1899 5401 διὰ
1938 5349 2033 5414 σὲ,

460 5444 547 5506 εις
575 5441 641 5494 τὸ
678 5440 755 5492 ra
787 5440 1191 5506 παρακαλέσω
1224 5441 1333 5494 τὸν
1381 5440 1617 5509 ἁμηρᾱν
1651 5440 1725 5493 νὰ
1752 5439 1825 5493 σὲ
1858 5458 2035 5494 κατα-

463 5533 688 5601 στήσῃ.
729 5532 978 5586 Βλέπων
1005 5529 1119 5588 οὖν
1154 5534 1401 5589 τούτους
1443 5532 1791 5601 πάσχοντας
1825 5534 2033 5600 οὕτως,

532 5698 553 5727 Α
590 5694 757 5763 Apoc.
792 5710 846 5757 Il,
872 5694 923 5751 9.

2136 4719 2262 4763 tnno
2305 4718 2537 4777 tempore
2564 4710 2618 4761 in
2652 4709 2915 4778 regionem
2944 4708 3123 4776 magni
3160 4706 3358 4757 Amura
3415 4703 3583 4771 (cujus
3618 4702 3710 4768 ju-

2134 4804 2335 4856 stitiam
2367 4809 2421 4853 ut
2458 4799 2596 4853 Deus
2621 4809 2809 4868 augeat
2838 4800 3114 4866 imprecor)
3144 4795 3348 4849 delatus
3384 4810 3519 4852 sum,
3554 4808 3707 4860 quem

2135 4906 2181 4948 et
2208 4897 2315 4963 ipse
2341 4894 2478 4947 nosti
2509 4893 2758 4945 nimirum
2786 4890 2917 4943 nihil
2940 4888 3157 4956 perinde
3187 4895 3343 4954 atque
3380 4884 3562 4937 laudes
3592 4894 3709 4934 tuas

2136 4989 2409 5055 respicere.
2448 4984 2580 5038 Vitta
2616 4998 2731 5036 vero
2767 4989 2869 5033 tua:
2920 4981 3175 5033 rationem
3215 4987 3262 5030 et
3299 4978 3611 5028 sententiam
3644 4976 3706 5027 ub

2140 5079 2321 5132 amicis
2388 5086 2435 5129 et
2487 5075 2738 5145 fratribus
2790 5087 2916 5140 quos
2970 5072 3050 5123 hic
3107 5070 3283 5131 habes,
3337 5068 3571 5135 cognovi,
3622 5067 3709 5133 qui

2141 5177 2287 5221 tanto
2317 5168 2394 5221 tui
2423 5182 2601 5219 amore
2633 5173 2894 5226 tenentur,
2924 5170 2980 5214 ut
3022 5176 3293 5229 nunquam
3344 5176 3433 5211 nos
3461 5158 3707 5221 viderint,

2141 5260 2265 5327 quin
2296 5258 2391 5310 hoc
2422 5274 2451 5308 a
2481 5272 2563 5308 me
2601 5253 2915 5307 contendant
2945 5262 3033 5304 tuo
3074 5251 3304 5311 nomine,
3339 5260 3393 5301 ut
3433 5250 3707 5311 Amuram,

2142 5369 2241 5421 quo
2282 5361 2328 5405 te
2367 5353 2627 5413 restituat,
2675 5348 2881 5417 precari
2910 5345 3083 5400 velim.
3122 5344 3247 5398 lllos
3298 5345 3460 5413 igitur
3508 5343 3583 5394 sic
3631 5332 3735 5407 af-'

2142 5446 2297 5513 fectos
2324 5444 2520 5503 videns,
2564 5443 2723 5494 etiam
2751 5441 2878 5509 ipse,
2912 5438 3026 5491 licet
3059 5438 3183 5490 mihi
3215 5437 3423 5505 ignotus
3452 5435 3542 5495 sis,
3586 5448 3710 5484 con~

2143 5531 2312 5595 doleo,
2352 5532 2613 5597 Deumque
2640 5545 2729 5583 ceu
2774 5537 3011 5598 peccator
3038 5544 3149 5589 oro,
3174 5535 3229 5580 ut
3270 5533 3316 5578 te
3344 5542 3374 5579 a
3411 5524 3633 5577 tenebris
3665 5532 3710 5574 et
