3970 6212
373 228 479 287 375

1566 239 1883 298 ,Ι-ΟΑΝΝΙΞ
1920 241 2202 302 CANTAC
2217 247 2443 306 UZENI

3494 259 3591 320 376

369 344 687 413 perditione,
718 346 769 398 in
800 362 961 416 quam
995 349 1244 413 incidisti,
1289 361 1574 405 convertat.
1606 351 1748 416 Quin
1781 355 1936 406 etiam

2044 359 2349 426 λυποῦμαι
2386 361 2482 413 καὶ
2524 360 2636 429 ἐςὼ
2671 363 2824 416 ὀποῦ
2859 361 3041 416 οὐδέν
3066 377 3140 417 σε
3185 368 3454 435 γινώσκω.
3483 373 3580 427 Kal

371 445 423 488 te
454 434 685 501 obsecro,
719 438 980 506 resipisce,
1025 440 1194 507 plora,
1232 457 1374 510 gente
1421 459 1439 496 :
1481 442 1618 498 Deus
1663 447 1801 499 enim
1846 447 1940 498 mi-

369 529 588 581 sericors
622 539 716 584 est.
757 529 1024 600 Intelligo:
1065 533 1222 585 etiam
1267 543 1315 585 te
1343 551 1446 586 non
1473 536 1643 589 solum
1675 537 1771 589 hoc
1799 537 1939 590 malo

373 620 712 683 laboravisse,
750 638 926 675 verum
959 633 1006 675 et
1039 628 1208 678 sancti
1241 637 1288 679 et
1317 629 1578 697 prapheta:
1606 629 1804 698 aliique
1841 632 1941 684 viii

375 711 552 779 magni
597 721 645 764 et
686 715 910 781 insignes
962 713 1128 768 Deum
1176 717 1497 784 fefellerunt,
1541 721 1725 788 quibus
1766 732 1939 774 tamen

371 809 580 862 peccata
613 802 678 854 ab
715 802 807 856 illo
833 805 1046 857 remissa
1079 818 1218 870 sunt,
1244 810 1679 876 quemadmodum
1720 813 1828 881 ipse
1853 829 1940 866 ore

369 906 464 943 suo
490 901 670 944 sancto
718 903 964 958 testatur,
1009 898 1184 951 dicens
1215 917 1230 953 :
1266 918 1284 951 ι
1322 897 1550 955 Paratus
1581 912 1628 956 et
1667 913 1940 972 promptus

369 998 484 1033 sum
540 991 608 1034 ιιι-
633 985 1014 1051 resipiscentem
1061 991 1372 1059 suscipiam.
1405 1012 1422 1044 ι
1450 992 1586 1058 Quin
1615 1005 1662 1048 et
1687 996 1940 1064 propheta

368 1087 487 1124 eum
526 1072 630 1126 Deo
653 1076 707 1127 in
733 1078 844 1130 hac
869 1079 1023 1132 verba
1053 1084 1306 1136 consentit
1335 1099 1354 1137 :
1393 1103 1411 1135 ι
1445 1082 1503 1138 Si
1524 1088 1641 1155 quis
1671 1089 1938 1158 resipuerit

369 1163 525 1216 abiis
576 1165 763 1234 quibus
806 1167 969 1222 Deum
1014 1170 1220 1240 fefellit,
1263 1190 1356 1241 pro
1411 1175 1614 1229 insonte
1639 1187 1689 1229 et
1718 1179 1938 1233 immuni

368 1272 398 1304 (ι
427 1265 640 1323 peccato
667 1258 958 1314 habebitur.
1003 1281 1018 1311 ι
1060 1261 1210 1327 Quod
1240 1267 1284 1318 si
1314 1267 1475 1334 igitur
1504 1277 1551 1321 et
1585 1278 1638 1322 tu
1665 1286 1757 1322 ceu
1786 1272 1938 1324 homo

369 1345 546 1412 lapsus
601 1363 674 1412 es,
723 1351 842 1405 novi
897 1353 1026 1406 nihil
1077 1356 1301 1420 accidit;
1337 1360 1577 1426 resipisce
1625 1369 1854 1425 tantum,
1889 1371 1938 1414 et

369 1436 490 1490 lava
531 1455 621 1492 cor
647 1450 814 1509 tuum,
848 1454 904 1497 ut
939 1448 1073 1499 Deus
1115 1447 1207 1500 ille
1258 1451 1551 1505 misericors
1599 1462 1647 1505 te
1695 1456 1935 1523 recipiat.

371 1529 427 1582 Si
490 1530 626 1582 enim
683 1549 784 1585 non
843 1546 1075 1602 peccaret
1122 1539 1293 1604 homo,
1357 1558 1582 1609 quonam
1633 1555 1938 1613 argumento

375 1619 536 1674 Deum
573 1624 959 1682 misericordem
1004 1646 1111 1684 esse
1158 1641 1205 1685 et
1250 1635 1393 1687 nobis
1444 1637 1720 1689 condolerc
1757 1640 1941 1709 depre-

368 1711 651 1768 henderes?
683 1716 894 1772 Littera:
935 1731 1095 1785 certe,
1121 1739 1250 1791 quas
1288 1727 1565 1794 scripsisti,
1619 1731 1719 1782 huc
1765 1741 1940 1786 trans-

371 1806 556 1866 misste.
621 1824 956 1879 nequaquam
987 1816 1270 1869 eruditioni
1301 1827 1346 1869 et
1386 1819 1571 1873 honori
1600 1828 1687 1872 tuo
1719 1821 1939 1890 pristino

369 1900 766 1965 respondebant.
815 1904 1175 1960 Verumtamen
1215 1909 1405 1976 affectu
1458 1909 1711 1980 impulsus
1742 1913 1836 1964 hoc
1867 1912 1935 1980 [e-

367 1989 504 2052 i-isti,
561 2000 611 2043 et
657 1996 964 2064 prophetam
1021 2002 1320 2054 accusando
1360 2001 1534 2065 illum,
1567 2013 1623 2055 ut
1664 2006 1819 2069 nosti,
1851 2022 1941 2056 ca—

369 2083 659 2138 lumniatus
701 2102 769 2140 es.
813 2087 997 2142 Nonne
1049 2091 1382 2160 Scripturam
1419 2096 1551 2147 nosti
1588 2110 1703 2161 quin
1756 2112 1785 2146 a
1832 2093 1940 2148 Deo

365 2187 458 2237 per
483 2176 790 2242 prophetam
821 2179 958 2232 dicta
989 2189 1082 2244 est,
1129 2201 1146 2233 ι
1184 2181 1373 2237 Omnia
1404 2192 1616 2254 propter
1659 2195 1708 2238 te
1745 2186 1859 2254 feci,
1891 2201 1939 2242 et

364 2275 415 2315 te
451 2273 665 2333 prapter
697 2283 776 2320 me
798 2269 823 2320 ?
848 2287 865 2318 ›
897 2268 998 2323 Sed
1034 2271 1203 2324 Deum
1230 2290 1341 2338 ora,
1378 2291 1442 2327 ne
1489 2285 1539 2329 te
1570 2295 1708 2331 mors
1752 2296 1941 2350 appre—

363 2356 558 2410 hendat
605 2361 661 2412 in
707 2363 1073 2427 perditionem.
1135 2365 1229 2419 Dic
1260 2375 1458 2434 tamen,
1499 2386 1591 2439 per
1637 2371 1805 2426 Deum
1847 2372 1936 2425 ob-

365 2456 544 2510 testor,
591 2449 841 2517 quidnam
890 2454 1010 2508 boui
1046 2455 1139 2508 tibi
1193 2458 1337 2526 apud
1387 2459 1715 2515 Christianos
1764 2463 1941 2516 videre

366 2538 551 2591 licuit?
599 2539 977 2611 Imaginantur
1033 2548 1173 2600 enim
1218 2549 1316 2601 sibi
1371 2552 1540 2620 specie
1584 2553 1744 2620 falsa,
1801 2555 1938 2622 quod

363 2626 630 2682 Christum
653 2630 821 2698 gloria
846 2636 1120 2700 extollant,
1144 2654 1261 2690 cum
1281 2640 1336 2691 in
1361 2641 1596 2694 eumdem
1611 2643 1712 2695 sint
1729 2644 1937 2711 injurii,

361 2719 591 2773 dicentes
617 2722 752 2775 hunc
779 2734 825 2776 et
858 2724 1019 2780 Deum
1045 2743 1175 2793 esse,
1217 2739 1266 2782 et
1309 2730 1408 2784 Dei
1434 2731 1647 2788 Filium.
1679 2733 1940 2804 Confude—

361 2821 486 2863 ruut
519 2813 658 2866 viam
700 2831 897 2879 veram,
937 2826 982 2870 et
1005 2819 1105 2872 hac
1126 2820 1358 2890 neglecta
1391 2824 1690 2877 ceciderunt
1713 2827 1766 2879 in
1799 2844 1940 2880 mor-

363 2901 482 2956 bum
518 2903 860 2960 incurabilem
913 2908 1029 2961 Non
1071 2920 1245 2965 tamen
1276 2916 1443 2978 decet,
1475 2925 1530 2968 ut
1567 2916 1937 2974 Musulmanus

2043 452 2370 517 παρακαλῶ
2412 452 2516 505 τὸν
2551 452 2717 515 Θεὸν,
2751 454 2830 518 ὡς
2861 457 3228 523 ἁμαρτωλὸς,
3257 460 3352 512 ἵνα
3375 477 3442 514 σε
3471 463 3583 514 ἐπι-

2040 542 2275 610 στρέψῃ
2324 544 2443 596 ἀπὸ
2488 543 2552 595 τὸ
2591 547 2813 609 σκότος
2869 547 2967 599 καὶ
3033 547 3144 614 τὴν
3186 550 3475 605 ἀπώλειαν
3512 553 3584 620 ἣν

2040 635 2353 700 ἐποίησας.
2393 637 2496 690 Kul
2526 637 2852 703 παρακαλῶ
2876 655 2970 702 σε,
2996 643 3392 706 μετανόησον,
3416 645 3586 698 κλαῦ-

2039 741 2174 788 σον,
2213 727 2533 793 στέναξον,
2559 728 2650 781 ὅτι
2677 733 2709 782 ό
2752 731 2895 794 Θεὸς
2921 731 3193 800 ἐλεήμων
3217 733 3364 787 ἐστί.
3387 737 3469 790 Νὰ
3492 739 3588 804 ήε.

2040 818 2242 884 εὐρης.
2285 819 2372 872 ὅτι
2422 820 2489 871 τὸ
2531 821 2720 872 κακὸν
2759 821 2925 884 αὐτὸ,
2957 823 3139 878 οὐδὲν
3164 825 3231 877 τὸ
3253 824 3462 890 ἔπαθες
3484 828 3588 882 ὲσὺ

2034 910 2224 977 μόνος
2243 950 2256 969 ,
2287 911 2446 964 ἀλλὰ
2483 911 2583 966 καὶ
2625 913 2796 979 ἅγιοι,
2831 915 2926 967 καὶ
2957 909 3274 984 προρῆτῖιι,
3307 918 3404 971 καὶ
3430 919 3589 974 ἄλλοι

2035 998 2282 1067 μεγάλοι
2308 1002 2606 1069 ἅνθρωποι
2629 1002 2914 1070 ἔσραλαν
2949 1007 3058 1058 τὸν
3082 1007 3248 1060 Θεόν.
3283 1009 3388 1060 Kal
3420 1009 3590 1062 πάλιν

2039 1092 2471 1160 συνεχώρησεν
2501 1095 2731 1161 αὐτοῖς,
2763 1096 2958 1161 καθὼς
2985 1096 3146 1165 λέγει
3177 1099 3275 1150 καὶ
3308 1102 3342 1153 ό
3372 1102 3499 1164 Θεὸς
3524 1102 3590 1167 μὲ

2038 1179 2106 1232 τὸ
2133 1184 2325 1249 στόμα
2353 1183 2539 1238 αὐτοῦ
2571 1185 2636 1237 τὸ
2666 1184 2860 1252 ἅγιονο
2904 1205 2922 1237 ι
2958 1188 3239 1255 ’Ἑτοιμός
3271 1190 3384 1256 ειμι
3412 1189 3483 1242 νὰ
3508 1189 3591 1243 δέ·

2039 1271 2225 1339 ξωμαι
2253 1273 2358 1326 τὸν
2375 1277 2840 1342 μετανοοῦντα.»
2881 1277 3080 1338 Ἰσιὶζει
3114 1281 3212 1336 καὶ
3246 1283 3279 1334 ὀ
3303 1281 3588 1348 προφήτης

2034 1363 2185 1430 μετὰ
2217 1364 2322 1418 τοῦ
2347 1367 2514 1432 Θεοῦ,
2549 1367 2645 1421 καὶ
2669 1368 2854 1437 λέγει,
2884 1388 2901 1420 ι
2936 1370 3010 1424 El
3032 1387 3124 1436 τις
3145 1370 3497 1440 μετανοήσει
3516 1373 3591 1437 εις

2039 1454 2110 1506 τίι
2156 1454 2388 1524 ἔσφαλε
2437 1458 2541 1514 τὸν
2586 1460 2754 1521 Θεὸν.
2795 1459 2876 1522 ὡς
2909 1461 3326 1529 ἀναμάρτητὸς
3355 1461 3530 1514 ἐστιν.
3569 1478 3586 1510 ι

2053 1547 2190 1599 Ἐὰν
2220 1547 2369 1614 γοῦν
2395 1548 2669 1617 ἔσφαλες
2705 1551 2804 1609 καὶ
2843 1551 2925 1604 σὺ
2951 1551 3030 1617 ὡς
3059 1551 3369 1619 ἅνθρωπος
3388 1592 3401 1615 ,
3433 1551 3596 1605 οὐδὲν

2043 1636 2244 1699 ξένον.
2278 1637 2455 1692 Ἀλλὰ
2475 1639 2664 1693 πάλιν
2685 1643 3088 1708 μετανόησον,
3119 1643 3218 1695 ιιαὲ
3248 1644 3474 1700 πλῦνον
3493 1643 3594 1709 τὴν

2045 1727 2298 1792 καρδίαν
2363 1745 2512 1793 σου,
2587 1729 2746 1795 ὅπως
2811 1731 2901 1784 σὲ»
2949 1732 3199 1799 δέξηται
3256 1735 3288 1786 ὁ
3328 1731 3484 1809 Θεὸς
3525 1732 3594 1796 ὡς

2039 1816 2489 1884 εὕσπλαγχνος.
2527 1817 2667 1873 Ἐὰν
2690 1820 2800 1886 γὰρ
2829 1820 3012 1874 οὐδὲν
3043 1821 3311 1889 ἥμαρτεν
3336 1823 3368 1873 ὁ
3397 1819 3598 1886 ἂνθρω-

2041 1921 2176 1972 “Oc,
2210 1905 2333 1972 πῶς
2359 1907 2658 1976 ἠθέλαμεν
2687 1910 2984 1978 ἡξεύρειν,
3021 1912 3110 1964 ὅτι
3138 1915 3176 1965 ὁ
3210 1911 3351 1976 Θεὸς
3380 1925 3597 1978 omna-

2042 1997 2153 2065 θής
2189 1999 2392 2062 έστινὶ
2439 1998 2716 2065 Ἀλήθεια
2757 1999 2864 2068 τὰς
2910 2002 3142 2070 γραφὰς
3201 1999 3308 2067 τὰς
3353 1999 3599 2068 ἔγραψας

2044 2094 2143 2148 καὶ
2195 2093 2580 2158 ἀπέστειλας,
2617 2094 2799 2148 οὐδὲν
2843 2093 3007 2163 ἦσαν
3044 2096 3201 2163 ,πρὸς
3243 2094 3356 2159 τὴν
3394 2092 3602 2162 γνῶσίν

2042 2198 2180 2248 σου,
2210 2183 2349 2237 ἀλλ’
2378 2183 2520 2238 οὐδὲ
2547 2187 2634 2249 εὶς
2657 2184 2770 2252 τὴν
2793 2185 2973 2254 τιμήν
2988 2201 3128 2239 σου.
3154 2187 3353 2254 Ὅμως
3378 2183 3466 2236 διὰ
3495 2183 3604 2249 ὀρε-

2043 2275 2142 2340 ξιν
2171 2276 2237 2329 τὸ
2272 2275 2587 2343 ἐποίησας,
2623 2280 2721 2330 καὶ
2753 2277 3238 2348 ἐκατηγόρησας,
3259 2277 3365 2330 τὸν
3395 2273 3602 2343 προφή-

2044 2383 2174 2433 την,
2215 2366 2315 2420 καὶ
2360 2366 2633 2434 διέϐαλες
2671 2367 2876 2432 αὑτὸν,
2915 2370 2997 2434 ὠς
3029 2370 3127 2423 καὶ
3164 2369 3252 2423 σὺ
3290 2369 3598 2438 γινώσκεις.

2044 2455 2168 2511 Οὐκ
2198 2457 2366 2524 οἶδας
2409 2458 2525 2526 τὴν
2551 2459 2808 2528 Γραφὴν
2839 2459 2954 2528 τὴν
2982 2459 3296 2529 λέγουσαν
3327 2461 3477 2527 παρὰ
3506 2457 3601 2512 τοῦ

2045 2552 2190 2605 Θεοῦ
2224 2551 2320 2604 διὰ
2347 2551 2455 2605 τὸν
2469 2552 2806 2620 προφήτην,
2835 2554 2923 2606 ὅτι
2959 2571 2979 2604 ι
3009 2552 3220 2606 Πάντα
3235 2553 3485 2620 ἐποίησα
3516 2549 3600 2603 διὰ

2040 2648 2136 2708 σὲ,
2179 2646 2276 2700 καὶ
2305 2645 2380 2698 σε
2412 2645 2488 2699 δι’
2526 2645 2649 2715 ἐμέ.
2684 2665 2702 2696 ι
2733 2646 2995 2714 Εῦχομαι
3021 2643 3100 2709 τῷ
3120 2645 3278 2710 Θεῷ,
3317 2646 3413 2698 ἵνα
3441 2642 3602 2698 οὐδέν

2041 2752 2115 2791 σε
2164 2737 2309 2803 εὕρῃ
2356 2739 2388 2790 ὸ
2435 2736 2689 2802 θάνατος
2740 2739 2828 2802 εὶς
2858 2736 2971 2803 τὴν
2995 2735 3335 2791 ἀπώλειαν.
3364 2734 3460 2788 Διὰ
3508 2734 3604 2786 τὸν

2043 2829 2195 2882 Θεὸν
2222 2829 2353 2881 εἰπέ
2383 2845 2508 2896 μοι,
2535 2829 2592 2881 τι
2621 2828 2849 2898 ἀγαθὸν
2872 2825 3033 2893 εῖᾶος
3063 2832 3149 2894 εις
3189 2829 3326 2895 τοὺς
3355 2829 3602 2895 Χριστια·

2040 2923 2222 2989 reue;
2256 2922 2652 2992 φαντάζονται
2691 2923 2802 2992 γὰρ
2841 2924 2930 2978 ὅτι
2975 2923 3302 2989 δοξάζουσι
3349 2924 3452 2977 τὸν
3481 2924 3600 2989 Χρι-

363 2994 683 3050 οι·ιΙιοάοιτιιι
728 3012 812 3051 eos
837 3000 1103 3067 devoveat,
1132 3004 1222 3056 sed
1246 3015 1301 3057 ut
1336 3008 1507 3075 potius
1537 3019 1648 3061 oret
1679 3027 1772 3078 pro
1805 3011 1933 3075 illis,

2042 3015 2214 3080 στὸν,
2259 3016 2358 3069 καὶ
2409 3017 2581 3070 αὐτοὶ
2637 3011 2914 3083 ὑϐρίζουν
2957 3017 3070 3070 τὸν
3112 3017 3220 3071 καὶ
3261 3016 3476 3085 dero-vr
3523 3012 3600 3067 ἔτι

357 3082 516 3151 juxta
570 3084 668 3138 Dei
713 3096 760 3138 et
800 3091 1064 3158 propheta:
1113 3097 1448 3152 sententiam.
1483 3096 1682 3153 Rursus
1723 3116 1844 3153 vero
1890 3112 1937 3155 te

361 3171 628 3246 interrogo
656 3192 678 3238 ε
709 3177 867 3246 Quid,
908 3199 1101 3249 quaso,
1157 3186 1334 3238 vidisti
1382 3189 1519 3254 quod
1581 3191 1822 3244 seductus
1864 3208 1936 3253 es,

365 3276 412 3318 et
440 3269 490 3320 in
514 3267 726 3322 illorum
746 3271 906 3337 ﬁdem
939 3279 1283 3330 consensisti?
1317 3277 1509 3335 Dicunt
1538 3298 1593 3335 se
1623 3294 1731 3335 tres
1757 3301 1935 3354 perso-

369 3376 466 3411 nas
483 3360 733 3426 adorare,
761 3363 992 3430 Patrem,
1020 3367 1245 3424 Matrem
1269 3381 1318 3423 et
1338 3371 1560 3429 Filium.
1587 3376 1712 3438 Quis
1732 3379 1937 3430 liocun-

363 3468 522 3518 quam
543 3453 710 3507 vidit?
735 3457 850 3524 quis
878 3459 1116 3514 audivit?
1137 3463 1312 3532 qualis
1337 3467 1585 3534 praplteta
1606 3469 1700 3521 hoc
1724 3471 1941 3523 docuit?

363 3551 456 3595 aut
494 3545 578 3597 cui
619 3563 852 3615 unquam
887 3562 1191 3607 sanctorum
1233 3573 1326 3624 per
1367 3559 1612 3613 visionem
1653 3566 1938 3616 rei-elatum

362 3635 478 3686 est?
512 3634 634 3700 Qui,
674 3647 730 3691 ut
760 3642 1076 3705 audivimus,
1112 3645 1165 3696 in
1194 3646 1369 3715 plures
1408 3659 1583 3715 partes
1602 3651 1754 3704 divisi
1789 3663 1964 3716 sunt,-

360 3725 638 3796 dicuntque
683 3729 778 3783 alii
820 3733 1031 3800 quidem
1073 3734 1194 3788 deos
1233 3753 1342 3791 esse
1397 3739 1611 3801 multos,
1664 3743 1760 3794 alii
1819 3760 1938 3796 vero

261 3836 274 3848 ι
361 3819 633 3884 pauciores
670 3837 687 3874 :
727 3823 868 3876 etde
925 3826 1021 3877 hoc
1065 3829 1298 3895 quotidie
1338 3829 1629 3899 disceptare
1665 3833 1833 3887 solent
1889 3848 1936 3890 et

359 3913 694 3965 contendere.
730 3913 810 3965 Aa
843 3915 922 3968 vel
953 3933 1016 3970 ex
1054 3917 1130 3970 his
1169 3935 1254 3972 eos
1284 3937 1553 3989 nunquam
1593 3926 1938 3979 condemnare

363 4003 623 4066 potuisti?
664 4001 749 4056 Vw
789 4007 977 4058 horum
1029 4009 1387 4077 impudentiw,
1434 4030 1510 4068 va:
1543 4015 1731 4068 horum
1763 4020 1940 4071 stulti-

363 4095 468 4146 tia’.
502 4093 718 4146 Deserto
746 4097 882 4148 enim
921 4109 968 4150 et
1013 4100 1191 4152 relicto
1241 4102 1348 4156 Deo
1387 4107 1651 4160 conditore
1678 4111 1931 4175 omnium,

362 4185 483 4238 deos
513 4179 689 4255 plures
723 4187 919 4255 colunt,
955 4190 1322 4264 Christumque
1361 4214 1476 4250 cum
1512 4201 1580 4252 sit
1631 4217 1800 4255 sermo
1843 4203 1936 4256 Dei

362 4275 499 4343 falso
537 4277 843 4340 traducunt,
896 4283 1033 4357 quod
1076 4284 1265 4340 dixerit
1310 4305 1366 4340 se
1414 4287 1612 4344 Filium
1665 4291 1762 4347 Dei
1805 4309 1930 4348 esse.

359 4367 547 4422 Nonne
586 4371 723 4425 hunc
744 4371 917 4426 Judaei
961 4377 1418 4447 interrogaverunt
1463 4382 1710 4447 dicentes,
1763 4403 1782 4435 ι
1833 4385 1934 4439 Tu-

359 4475 428 4513 ne
466 4475 517 4513 es
544 4459 711 4515 Filius
740 4461 870 4516 Dei?
901 4484 918 4514 ι
960 4478 1006 4521 et
1039 4469 1266 4536 negavit,
1287 4472 1518 4540 dixitque
1545 4489 1563 4526 :
1605 4493 1622 4525 ι
1668 4473 1762 4528 Vos
1807 4477 1938 4530 dici-

357 4552 476 4606 tis.)
508 4552 873 4608 Verumtamen
912 4556 976 4610 ab
1021 4559 1186 4611 Adeth
1213 4559 1289 4628 (I)
1342 4577 1503 4630 usque
1533 4564 1584 4615 in
1610 4568 1704 4616 hoc
1733 4573 1934 4634 tempus

356 4644 609 4713 quidnam
654 4645 744 4699 tibi
790 4648 1060 4700 scribam?
1096 4650 1220 4718 quid
1266 4655 1630 4723 redarguam?
1669 4658 1794 4724 quid
1843 4661 1937 4712 do-

355 4738 540 4790 ceam?
576 4736 727 4803 Quod
774 4738 971 4792 scilicet
1007 4758 1141 4795 unus
1172 4745 1237 4796 sit
1284 4745 1442 4807 Deus,
1475 4755 1683 4800 creator
1724 4749 1839 4804 coeli
1882 4758 1930 4804 et

355 4841 512 4882 terra:
545 4846 564 4884 :
603 4833 1048 4900 quemadmodum
1087 4843 1135 4886 et
1185 4838 1294 4905 ipse
1335 4838 1466 4890 dixit
1504 4855 1524 4892 :
1575 4857 1593 4890 ι
1652 4839 1764 4910 Ego
1810 4859 1928 4896 sum

352 4921 515 4985 Deus,
555 4931 603 4974 et
651 4934 940 4978 consortem
984 4926 1277 4981 divinitatis
1321 4944 1426 4983 non
1458 4931 1664 4987 habeo.
1723 4952 1744 4985 ›
1786 4933 1929 4989 Bene

359 5022 536 5065 tamen
565 5013 657 5065 hoc
680 5014 1142 5084 deprehendimus;
1161 5036 1263 5072 non
1284 5024 1440 5088 enim,
1466 5033 1719 5093 quantum
1746 5029 1925 5092 audio,

356 5104 499 5156 rudis
526 5114 574 5156 et
610 5105 850 5161 indoctus
880 5126 954 5170 es,
989 5113 1088 5164 nisi
1131 5115 1269 5183 quod
1313 5118 1545 5184 corporis
1590 5120 1666 5172 tui
1707 5130 1756 5172 te
1806 5123 1928 5176 vicit

353 5195 636 5262 cupiditas.
669 5196 820 5250 Nosti
851 5201 1136 5268 nimirum,
1184 5221 1255 5257 an
1300 5209 1522 5262 mundus
1577 5211 1832 5279 principio
1878 5223 1927 5266 et

353 5283 649 5338 substantia
680 5289 904 5340 careat?
936 5299 983 5342 et
1015 5292 1274 5359 sufficiant
1309 5295 1436 5348 heec.
1477 5297 1802 5353 Prudentem
1845 5302 1928 5355 vel

356 5376 512 5428 unica
548 5379 775 5432 servabit
805 5382 996 5436 oratio.
1043 5381 1110 5435 Et
1142 5385 1251 5439 lucc
1296 5387 1504 5455 quidem
1554 5407 1649 5459 per
1696 5391 1925 5463 litteras,

424 5576 498 5654 (1)
515 5578 693 5636 Locus
709 5582 999 5650 obscurus,
1019 5587 1394 5653 librariorum.
1415 5602 1474 5646 ut
1501 5593 1734 5654 videtur,
1761 5593 1912 5648 incu-

354 5644 441 5704 ria'
465 5647 816 5720 depravatus.
856 5644 1084 5714 Videtur
1108 5668 1288 5714 autem
1313 5644 1802 5733 ρειίἚδῷξᾸιιὸιιι
1827 5644 1918 5718 iii-

2043 3109 2187 3174 Θεός
2214 3108 2366 3173 ἐστι,
2391 3108 2490 3161 καὶ
2529 3109 2662 3173 Υἱὸς
2691 3106 2840 3161 Θεοῦ
2861 3124 2874 3137 ·
2900 3107 3191 3176 ἐχὰωσαν
3211 3107 3326 3176 τὴν
3351 3105 3606 3174 ὀδὸνξτήν

2036 3202 2363 3268 ἀληθινὴν,
2425 3200 2526 3256 καὶ
2578 3199 3019 3268 παραδέρνουν,
3081 3200 3188 3253 καὶ
3246 3199 3468 3254 ἔπεσον
3523 3196 3600 3261 εις

2041 3293 2274 3360 νόσημα
2297 3291 2565 3346 ἀνίατον.
2585 3292 2777 3345 οὐδὲν
2797 3292 3008 3360 πρέπει
3027 3283 3155 3357 οἷος
3187 3293 3280 3351 ἔνι
3304 3292 3602 3348 Μουσουλ-

2035 3382 2228 3451 μάνος
2271 3381 2614 3450 ὀρθόὸοξος,
2657 3383 2757 3435 ἵνα
2801 3383 2942 3448 τοὺς
2980 3382 3334 3451 καταρᾶται,
3383 3379 3498 3450 ciui}
3533 3376 3602 3431 νὰ

1987 3526 1989 3529 .
2039 3475 2182 3540 τοὺς
2230 3474 2490 3542 εὔχεται,
2526 3474 2721 3539 καθὼς
2749 3474 2816 3527 τὸ
2847 3474 3009 3542 λέγει
3041 3477 3074 3529 ό
3115 3475 3266 3541 Θεὸς
3295 3475 3388 3527 καὶ
3420 3476 3451 3526 ὁ
3478 3485 3606 3538 προ-

2038 3565 2259 3634 φήτης.
2288 3566 2477 3618 Πάλιν
2497 3565 2566 3618 δὲ
2587 3565 2741 3635 λέγω
2765 3582 2857 3630 σε,
2875 3567 2931 3619 τί
2949 3563 3122 3631 εἶδες,
3145 3568 3248 3620 καὶ
3272 3563 3602 3629 ἐπλανήθης

2039 3660 2136 3712 καὶ
2161 3656 2570 3724 ἐκοινώνησας
2593 3660 2679 3724 εἰς
2695 3658 3046 3726 pigritia-(tr
3064 3658 3305 3724 αὐτῶν;
3327 3657 3603 3724 Λέγουσιν

2040 3752 2127 3804 ὅτι
2155 3750 2572 3816 προσκυνοῦσι
2597 3753 2726 3817 τρία
2757 3753 3048 3816 πρόσωπα
3068 3793 3080 3815 ,
3112 3751 3346 3818 Πατέρα
3369 3748 3462 3803 καὶ
3488 3751 3596 3812 Mq-

2037 3845 2176 3910 τέρα
2203 3843 2299 3895 καὶ
2334 3842 2489 3895 Υἱόν.
2527 3843 2619 3906 Τίς
2649 3843 2714 3895 τὸ
2753 3843 2934 3906 εἶδεν,
2965 3844 3004 3909 ἢ
3033 3842 3122 3909 τίς
3155 3845 3226 3897 τὸ
3258 3844 3534 3911 ἤκουσεν.
3563 3837 3599 3904 ἦ

2038 3935 2208 3998 ποῖος
2234 3934 2547 4002 προφήτης
2573 3933 2640 3986 τὸ
2679 3933 2976 3998 ἐδίδαξεν,
3004 3936 3036 4000 ἢ
3071 3934 3248 4000 ποῖος
3271 3935 3433 4005 ἅγιος
3452 3932 3512 3985 τὸ
3533 3925 3604 3982 εἴ·

2037 4025 2137 4079 δεν
2169 4028 2254 4090 εὶς
2282 4026 2582 4077 ὀπτασίαν
2599 4041 2619 4088 ;
2652 4026 2851 4091 Καθὼς
2882 4027 2978 4082 καὶ
3004 4015 3335 4096 ἀκούομεν,
3374 4025 3459 4077 ὅτι
3485 4024 3604 4090 ἐμε-

2030 4117 2338 4183 ρίσθησαν
2383 4118 2469 4180 εὶς
2513 4115 2715 4169 πολλὰ
2761 4116 2936 4184 μέρη.
2987 4117 3094 4170 Kal
3138 4116 3367 4187 λέγουν
3415 4117 3467 4168 ol
3497 4109 3606 4182 μὲν

2038 4207 2310 4273 πολλοὺς
2346 4207 2541 4273 θεοὺς,
2570 4211 2626 4268 οἱ
2649 4208 2716 4261 δὲ
2738 4210 3002 4278 ὀλίγους.
3039 4212 3146 4265 Καὶ
3167 4212 3383 4268 ἕνεκεν
3403 4208 3604 4263 τούτου

2039 4301 2168 4354 καθ’
2194 4300 2463 4366 ἑκάστην
2494 4300 2724 4370 ἡμέραν
2752 4301 3133 4371 διαλέγονται
3159 4305 3260 4357 καὶ
3285 4303 3602 4368 κρίνονται.

2043 4391 2168 4446 Κᾶν
2197 4392 2313 4445 ἀπὸ
2343 4393 2562 4446 τούτου
2602 4393 2783 4446 οὐδὲν
2824 4397 2962 4459 τοὺς
2995 4393 3442 4461 κατεγνώσθης.
3470 4385 3603 4442 Οὐαὶ

2035 4483 2150 4549 τὴν
2181 4483 2627 4550 ἀναισχυντίαν,
2648 4500 2786 4548 των,
2814 4485 2947 4538 οὐαὶ
2983 4485 3094 4552 τὴν
3115 4487 3500 4554 μωρίαν.των,
3522 4479 3604 4530 ὅτι

2030 4576 2350 4632 ἀπέλυκαν
2401 4576 2509 4628 τὸν
2551 4577 2702 4631 Θεὸν
2745 4579 2838 4632 τὸν
2895 4579 3158 4647 ποιητὴν
3191 4575 3314 4631 τῶν
3350 4576 3600 4633 πάντων.

2032 4668 2131 4723 καὶ
2169 4669 2532 4735 λατρεύουσι
2569 4669 2766 4736 θεοὺς,
2797 4669 2895 4724 καὶ
2921 4670 3028 4724 τὸν
3057 4671 3318 4738 Χριστὸν
3346 4669 3494 4722 ὅπου
3518 4664 3601 4717 ἔνι

2031 4761 2215 4829 ,λόγος
2249 4758 2394 4812 Θεοῦ
2425 4758 2813 4825 ὃιαϐάλλουν,
2845 4762 2934 4814 ὅτι
2957 4758 3128 4816 εἶπεν
3147 4763 3242 4817 ἕνι
3273 4761 3404 4826 Υἱὸς
3441 4760 3598 4813 Θεοῦ.

2037 4848 2229 4904 Οὐδέν
2250 4866 2355 4902 τον
2376 4849 2697 4918 ἠρώτησαν
2721 4854 2774 4906 ol
2810 4851 3092 4915 Ἰουδαῖοι,
3119 4853 3208 4906 ὅτι
3245 4871 3264 4904 ι
3299 4851 3382 4906 Σὺ
3409 4846 3467 4902 εἷ
3482 4849 3522 4901 Υ
3521 4845 3600 4910 ἰὸς

2036 4941 2219 5006 Θεοῦ;
2259 4960 2278 4992 ι
2335 4942 2448 4996 Kal
2481 4943 2827 5012 ἠρνήσατο,
2869 4947 2965 4998 καὶ
3013 4941 3182 4999 εἶπεν
3219 4944 3309 4998 ὅτι
3355 4962 3373 4994 ι
3417 4937 3600 5008 Ὑμεῖς

2033 5034 2098 5087 τὸ
2124 5031 2345 5103 λέγετε.
2365 5054 2382 5084 ι
2398 5035 2598 5103 ,Ὅμως
2618 5034 2720 5088 ἀπ’
2748 5035 2897 5089 Ἐδῶ
2916 5036 3026 5102 ἕως
3054 5034 3264 5100 αὐτοῦ,
3297 5035 3354 5086 τί
3368 5047 3441 5085 σε
3462 5028 3599 5085 θέλω

2031 5125 2303 5194 τράφειν,
2333 5127 2389 5179 τί
2412 5143 2484 5180 σε
2517 5126 2668 5180 θέλω
2697 5127 3138 5195 παραστήσειν,
3168 5129 3224 5180 τί
3248 5143 3323 5179 σε
3349 5123 3497 5180 θέλω
3523 5120 3598 5172 δι-

2032 5216 2259 5281 δάξειν,
2293 5216 2380 5270 ὅτι
2415 5217 2506 5271 ἔνι
2535 5214 2620 5284 εἷς
2665 5222 2807 5284 Θεὸς
2852 5224 2883 5273 ὁ
2923 5219 3184 5285 ποιήσας
3208 5225 3318 5271 τὸν
3349 5210 3597 5282 οὐρανὸν

2033 5309 2131 5362 καὶ
2163 5306 2278 5370 τὴν
2299 5306 2434 5376 γῆν.
2461 5309 2663 5376 Καθὼς
2681 5306 2870 5374 εἶπεν,
2894 5311 2981 5364 ὅτι
3006 5313 3156 5379 Ἐγώ
3170 5312 3286 5378 εἰμι
3314 5306 3472 5370 Θεὸς.
3503 5299 3594 5355 καὶ

2033 5396 2218 5453 οὐδὲν
2245 5397 2362 5464 ἔχω
2397 5398 2745 5467 σύντροφον
2775 5401 2863 5466 εις
2893 5400 3006 5466 τὴν
3039 5401 3305 5464 θεότητα.
3345 5389 3595 5458 Ἑξεύρο-

2021 5596 2370 5671 telligendns,
2418 5598 2818 5671 Ismaelitarum
2865 5602 3157 5671 propheta,
3184 5597 3270 5655 vel
3295 5593 3464 5663 Huth,
3491 5586 3586 5666 qui

2034 5669 2242 5735 primus
2275 5668 2672 5728 Isnmclimrum
2703 5668 2913 5727 litteras
2941 5668 3179 5746 didicit.)
