3970 6212
358 349 466 412 379

1522 342 1843 403 JOANNIS
1881 343 2409 408 CANTACUZENI
2472 361 2491 379 ⁵

3490 348 3597 410 380

363 479 511 519 rans.
543 460 773 528 Quidam
816 472 942 514 vero
972 472 1002 511 a
1028 456 1183 511 vobis
1210 454 1316 511 huc
1352 455 1735 525 pervenientes
1781 464 1934 510 retu-

2057 461 2327 532 ιπεδέχου,
2384 461 2470 514 ἵνα
2499 461 2571 531 μὴ
2630 461 2995 517 ἀπεστέλλετο
3044 462 3280 517 ἐνταῦθα
3321 463 3355 533 ἡ
3410 463 3599 533 γραφὴ

363 556 544 608 lerunt
588 553 743 615 mihi,
791 549 934 619 quod
976 549 1165 617 cupias
1209 548 1619 617 responsionem
1668 547 1812 602 hanc
1844 546 1932 602 vel

366 642 666 711 apologiam
729 640 837 692 huc
899 653 1005 691 non
1066 638 1347 693 remissam
1414 652 1557 699 esse,
1610 637 1933 707 paenituisse

364 736 511 787 cnim
554 742 605 786 te
646 731 793 785 facti.
846 732 1114 785 Praeterea
1162 740 1215 783 et
1245 730 1350 785 hoc
1385 729 1737 796 addiderunt,
1786 731 1933 799 quod

365 812 536 896 dicas,
571 822 860 887 Quomodo
894 821 1155 891 possibile
1184 831 1267 876 est
1304 822 1415 877 Deo
1439 837 1557 876 esse
1584 822 1778 875 Filium
1818 823 1935 879 sine

365 916 631 969 muliere?
679 915 733 969 Si
778 916 923 968 enim
964 913 1157 968 Filium
1202 914 1386 979 habet,
1423 929 1491 968 en
1543 913 1834 971 dissidium
1882 925 1936 969 et

366 1006 531 1059 factio
564 1007 707 1059 inter
734 1006 881 1075 ipsos
906 1014 1007 1059 est.
1040 1003 1328 1070 Quomodo
1355 1005 1518 1058 etiam
1548 1005 1807 1074 possibile
1831 1014 1934 1071 est,

365 1109 430 1150 ex
470 1097 577 1150 Deo
620 1097 898 1150 hominem
953 1095 1106 1150 ﬁeri?
1173 1098 1328 1158 item,
1393 1096 1506 1160 Qua
1553 1096 1763 1151 ratione
1814 1113 1937 1152 cum

372 1190 513 1241 Deus
556 1187 739 1252 fuerit,
792 1188 959 1241 homo
997 1188 1171 1243 factus
1214 1188 1334 1241 est?
1368 1188 1666 1250 Ptmterea,
1703 1188 1847 1257 quod
1895 1190 1940 1243 si

368 1280 621 1335 Christus
669 1279 810 1333 Deus
837 1288 1038 1333 eratet
1086 1280 1179 1333 Dei
1226 1278 1415 1344 Filius,
1453 1294 1552 1333 cur
1604 1295 1713 1333 non
1766 1279 1941 1333 homi-

372 1387 495 1425 nem
530 1372 612 1425 vel
655 1372 802 1426 nudo
847 1378 941 1424 aut
984 1371 1099 1425 solo
1131 1370 1299 1424 verbo
1325 1371 1583 1435 servavit,
1633 1370 1728 1424 sed
1788 1371 1941 1439 quasi

374 1464 692 1523 impotentia
730 1463 1048 1532 impeditus,
1082 1462 1244 1517 homo
1267 1462 1443 1517 factus
1475 1473 1576 1527 est,
1601 1473 1942 1532 mortemque

374 1554 543 1609 subiit
575 1563 634 1607 ut
658 1555 936 1608 hominem
969 1552 1239 1607 salvaret?
1269 1548 1520 1622 Insuper,
1549 1554 1591 1607 si
1626 1554 1769 1608 Deus
1798 1563 1940 1617 erat,

375 1646 651 1715 quomodo
682 1661 874 1714 passus
904 1646 1026 1699 est?
1060 1645 1201 1698 Deus
1235 1644 1383 1698 enim
1426 1659 1534 1697 non
1579 1644 1799 1713 patitur.
1838 1646 1945 1700 De-

378 1738 542 1804 nique
587 1737 730 1805 quod
768 1752 867 1790 nos
902 1737 994 1805 qui
1039 1736 1317 1792 Christum
1371 1735 1712 1803 profitemur.
1764 1744 1943 1788 trans-

377 1829 690 1897 grediatnur
719 1839 775 1882 et
816 1829 1092 1882 solvamus
1143 1828 1313 1896 legem
1366 1825 1679 1889 Mosaicam,
1725 1827 1943 1878 incuse-

378 1935 503 1975 mus
543 1901 672 1973 vero
701 1929 755 1975 et
786 1921 1110 1973 damnemus
1146 1933 1261 1978 vos,
1305 1927 1364 1971 ut
1393 1916 1486 1985 qui
1530 1916 1692 1985 impie
1727 1922 1781 1977 et
1813 1916 1946 1969 falso

380 2011 630 2066 eamdem
669 2010 996 2064 observetis.
1046 2010 1190 2064 Fieri
1242 2009 1446 2078 itaque,
1500 2018 1559 2061 ut
1596 2023 1697 2062 nos
1729 2008 1820 2076 qui
1853 2023 1945 2061 ac-

382 2101 723 2156 cusationem
780 2116 1177 2165 merueramus,
1230 2116 1329 2155 vos
1380 2101 1527 2168 ipsos
1576 2099 1669 2167 qui
1734 2099 1947 2154 laudem

384 2193 683 2257 meruistis,
732 2175 1185 2248 condemnemus.
1223 2192 1377 2257 item,
1416 2192 1559 2260 quod
1597 2201 1653 2247 et
1700 2190 1951 2247 Christus

382 2279 449 2333 de
490 2278 767 2334 Mahomet
814 2280 1143 2333 vaticinatus
1192 2279 1283 2342 sit,
1336 2280 1625 2349 ipsumque
1672 2296 1952 2336 commen-

384 2369 627 2433 daverit;
668 2369 1154 2438 quodque'nomen
1197 2369 1313 2437 ejus
1345 2380 1399 2423 et
1456 2370 1509 2424 in
1560 2371 1732 2425 veteri
1787 2370 1952 2423 Musis

387 2461 506 2529 lege
540 2470 596 2513 et
638 2460 691 2512 in
727 2460 1023 2528 Evangelio
1081 2459 1417 2529 descriptum
1474 2459 1771 2516 Christiani
1826 2477 1950 2516 cum

390 2552 575 2606 multis
601 2551 723 2605 aliis
758 2551 1040 2619 eiecerint.
1080 2552 1184 2605 Sed
1228 2563 1283 2606 et
1319 2554 1425 2607 hoc
1451 2553 1507 2606 hi
1534 2554 1699 2607 iidem
1724 2554 1955 2609 addide-

391 2651 540 2707 runt,
574 2642 718 2710 quod
747 2643 937 2712 cupias
979 2643 1278 2712 apologiam
1313 2653 1551 2697 nostram
1595 2644 1955 2713 c0piosiorem

390 2742 446 2784 et
469 2732 747 2799 puriorem
776 2732 984 2785 haberi.
1012 2731 1106 2785 llis
1138 2731 1319 2800 itaque
1356 2732 1614 2799 cognitis,
1649 2733 1955 2787 inst'tutum

393 2830 547 2873 tuum
589 2819 965 2888 comprobavi.
998 2820 1325 2891 Quicunque
1371 2822 1518 2873 enim
1569 2821 1846 2875 veritatem
1878 2822 1961 2875 in-

392 2909 701 2978 quisiverit,
732 2910 981 2964 eamdem
1033 2911 1263 2966 invenit.
1318 2911 1647 2965 Musulmani
1697 2912 1842 2965 enim
1881 2912 1963 2966 in-

395 2999 663 3054 terdicere
696 3000 894 3065 solent,
932 3016 999 3055 ne
1022 3002 1242 3070 quidam
1278 3002 1502 3056 illorum
1540 3017 1663 3056 cum
1694 3001 1962 3057 Christia-

2034 556 2129 607 καὶ
2160 554 2426 622 ἀπολογία
2463 555 2668 624 ἐκείνη.
2702 546 3117 627 ¹Μετεμελήθης
3150 557 3279 626 γὰρ,
3340 551 3496 607 εἷπον
3534 554 3590 607 δὲ

2036 647 2130 698 καὶ
2155 644 2311 699 τοῦτο
2336 648 2383 699 οί
2410 646 2588 710 αὑτοῒ,
2618 647 2700 699 ὅτι
2734 640 2934 715 λέγεῖς,
2958 646 3081 711 Πῶς
3106 647 3216 698 ἐστι
3241 645 3490 708 δυνατὸνζ
3507 645 3600 698 τὸν

2034 736 2169 790 Θεὸν
2195 738 2338 807 ἔχειν
2376 738 2492 791 υἱὸν
2545 738 2673 792 ἄνευ
2728 738 3015 807 γυναικός;
3072 738 3119 790 εί
3150 736 3257 806 γὰρ
3287 738 3401 789 υίὸν
3451 732 3600 804 εἶχεν

2034 831 2063 883 6
2091 828 2242 892 Θεὸς,
2278 829 2385 882 ίδοὺ
2414 829 2619 900 σχίσμα
2675 830 2767 882 καὶ
2830 830 3023 892 στάσις
3073 829 3130 881 ὲν
3188 829 3360 897 μέσῳ,
3394 827 3598 879 αὐτῶν.

2036 920 2149 973 Καὶ
2175 919 2294 984 πῶς
2321 922 2438 973 ἐστι
2464 920 2686 974 δυνατὸν
2712 920 2844 973 Θεὸν
2869 918 3123 988 γενέσθαι
3148 919 3467 987 ἀνθρωπονς
3500 915 3600 968 Καὶ

2036 1011 2142 1063 τίνι
2173 1013 2359 1081 τρόπῳ
2406 1010 2537 1070 Θεὸς
2572 1010 2670 1074 ὢν,
2705 1011 2925 1078 γέγονεν
2982 1009 3305 1079 ἄνθρωπος;
3358 1008 3465 1059 Ka‘t
3495 1006 3598 1071 ὅτι,

2038 1103 2086 1154 εί
2114 1090 2182 1172 ἦν
2211 1101 2342 1163 Θεὸς
2370 1103 2397 1153 6
2429 1101 2682 1170 Χριστὸς,
2718 1101 2812 1153 καὶ
2840 1099 2974 1153 Θεοῦ
3008 1099 3276 1163 mmo;
3301 1098 3401 1150 οὐκ
3430 1097 3601 1148 ἔσωσε

2038 1193 2127 1244 τὸν
2190 1191 2477 1261 ἄνθρωπον
2506 1191 2662 1261 ’ψιλῷ
2721 1190 2883 1260 λόγῳ,
2934 1189 3050 1244 ἀλλ’
3080 1189 3268 1258 ὥσπερ
3327 1185 3600 1240 ἀδυνατῶν

2040 1280 2255 1349 ἐγένετο
2302 1280 2630 1351 ἄνθρωπος,
2682 1283 2779 1334 καὶ
2832 1281 3127 1343 ἀπέθανεν,
3184 1281 3270 1332 ἵνα
3306 1279 3454 1349 σώσῃ
3510 1277 3602 1348 τὸν

2039 1372 2362 1440 ἄνθρωπον;
2402 1372 2510 1425 Καὶ
2542 1373 2663 1425 ἐπεὶ
2700 1372 2832 1435 Θεὸς
2870 1368 2960 1443 ἦν,
3002 1372 3119 1434 πῶς
3172 1370 3409 1435 ἔπαθεν;
3463 1368 3602 1423 Οὐδὲ

2041 1464 2149 1532 γάρ
2187 1464 2387 1532 πάσχει
2415 1462 2567 1526 Θεός.
2600 1463 2710 1515 Καὶ
2739 1464 2822 1515 ὅτι
2851 1464 3010 1533 ἡμεῖς
3058 1463 3105 1514 οί
3131 1459 3444 1530 Χριστιανοὶ
3469 1476 3611 1531 παρ-

2044 1554 2294 1624 έόημεν,
2343 1554 2437 1607 καὶ
2495 1554 2871 1620 κατελύσαμεν
2926 1553 3017 1606 τὸν
3069 1551 3358 1606 Μωσαῗκὸν
3420 1554 3607 1620 νόμον,

2044 1644 2455 1715 κατηγοροῦμεν
2481 1644 2539 1697 δὲ
2578 1643 2671 1697 καὶ
2699 1644 3102 1714 κατακρίνομεν
3140 1644 3281 1714 ὑμᾶς
3318 1642 3391 1705 ὡς
3443 1643 3612 1711 δῆθεν

2045 1736 2228 1798 κακῶς
2265 1737 2362 1788 καὶ
2394 1738 2824 1805 πεπλανημένως
2873 1724 3228 1807 κρατοῦντας.
3276 1736 3384 1787 Καὶ
3439 1752 3611 1786 κατα-

2047 1824 2306 1895 κρίνομεν
2332 1824 2509 1893 ἡμεῖς,
2550 1824 2600 1876 οί
2628 1824 2767 1890 ἄξιοι
2791 1821 3143 1892 κατηγορίας,
3179 1823 3320 1892 ὑμᾶς
3347 1821 3471 1882 τοὺς
3500 1820 3618 1883 ἀξί-

2046 1932 2142 1977 ους
2193 1913 2435 1968 ὲπαίνου.
2475 1916 2583 1968 Καί
2622 1915 2703 1968 ὅτι
2750 1917 2777 1967 6
2809 1913 3042 1984 Χριστὸς
3088 1915 3312 1983 προεῖπε
3348 1912 3474 1983 περὶ
3514 1911 3613 1964 τοῦ

2048 2007 2321 2075 Μωάμεθ,
2357 2007 2451 2059 καὶ
2523 2007 2797 2076 ἐπῄνεσεν
2852 2006 3031 2071 αὑτὸν,
3077 2005 3176 2058 καὶ
3223 2005 3618 2075 γεγραμμένον

2050 2096 2332 2166 εὑρίσκετο
2356 2096 2415 2149 τὸ
2433 2098 2602 2166 ὄνομα
2626 2096 2787 2150 αὐτοῦ
2813 2099 2870 2149 ὲν
2891 2096 2967 2163 τῷ
2995 2095 3086 2149 τοῦ
3109 2096 3351 2159 Μωσέως
3376 2096 3619 2163 παλαιῷ,

2051 2189 2145 2241 καὶ
2192 2189 2250 2239 ὲν
2297 2188 2374 2258 τῷ
2410 2188 2764 2258 Εὑαγγελίῳ,
2817 2191 2865 2241 οἱ
2901 2188 2958 2241 δὲ
3009 2188 3324 2257 Χριστιανοὶ
3363 2186 3619 2250 ἐξέϐαλον

2052 2278 2183 2332 αὐτὸ
2216 2281 2354 2349 μετά
2383 2280 2491 2334 τῶν
2518 2280 2709 2335 ἄλλων.
2745 2277 2909 2334 Εἶπον
2940 2280 3034 2335 καὶ
3066 2280 3222 2333 τοῦτο
3272 2281 3319 2332 οί
3353 2278 3619 2341 ἐλθόντες,

2051 2370 2132 2423 ὃτι
2184 2371 2475 2439 ἀπεδέχου,
2511 2372 2597 2425 ἴνα
2641 2373 2673 2442 ἠ
2710 2373 2849 2441 πρὸς
2894 2373 2955 2425 σέ
2993 2389 3093 2441 μου
3143 2370 3433 2439 ἀπολογία,
3472 2369 3621 2439 εὗρίο

2055 2478 2216 2514 σκετο
2234 2460 2628 2530 πλατυκωτέρα
2648 2462 2745 2516 καὶ
2763 2464 3139 2533 καθαρωτέρα.
3157 2461 3327 2515 Τοῦτο
3348 2459 3622 2529 γνωρίσας

2055 2548 2191 2615 ἐγὼ,
2224 2549 2574 2616 ἀπεδεξάμην
2629 2568 2723 2603 σου
2758 2553 2848 2604 τὸν
2883 2555 3104 2623 τρόπον.
3142 2552 3253 2613 Πᾶς
3286 2549 3395 2620 γὰρ
3419 2552 3445 2601 6
3478 2551 3621 2616 μετά

2058 2641 2296 2703 σπουδῆς
2327 2640 2509 2709 ζητῶν
2540 2644 2638 2712 τὴν
2665 2643 2949 2710 ἀλήθειαν,
2983 2644 3232 2714 εὑρίσκει
3257 2643 3443 2711 αὐτὴν,
3483 2643 3533 2693 οί
3565 2641 3623 2693 δὲ

2058 2731 2466 2800 Μουσουλμάνοι
2540 2734 2943 2801 ἐμποδίζουσιν,
3014 2735 3098 2787 ἵνα
3130 2734 3627 2801 διαλέγωνταί.τιο

2061 2839 2149 2885 νες
2186 2823 2243 2888 ἐξ
2305 2823 2480 2875 αὐτῶν
2527 2824 2665 2893 μετὰ
2690 2825 2797 2877 τῶν
2822 2823 3186 2893 Χριστιανῶν,
3226 2824 3301 2886 ὡς
3333 2823 3499 2887 ἔοικε,
3546 2824 3623 2892 μή

2062 2931 2192 2968 ποτε
2220 2914 2597 2983 διαλεγόμενοι
2631 2916 2768 2984 πρὸς
2803 2916 3086 2984 ἀλλήλους,
3147 2916 3335 2985 γνῶσιί
3366 2916 3627 2983 καθαρῶς

2063 3006 2162 3074 τὴν
2184 3005 2461 3075 ἀλήθειαν.
2504 3006 2567 3058 Oi
2599 3006 2654 3058 δὲ
2692 3007 3009 3076 Χριστιανοὶ
3054 3005 3399 3078 θαρροῦντες
3423 3007 3502 3067 εἰς
3526 3007 3627 3073 τὴν

395 3091 481 3143 nis
521 3090 835 3159 disputent;
890 3092 1151 3146 nimirum
1192 3094 1262 3147 ob
1301 3093 1425 3158 hoc,
1472 3105 1736 3162 quantum
1774 3093 1956 3147 videre

2065 3096 2312 3165 καθαρὰν
2357 3096 2538 3149 πίστιν
2600 3096 2804 3160 αὐτῶν,
2842 3098 2934 3151 καὶ
2997 3099 3077 3160 είς
3134 3097 3277 3167 ἅπερ
3335 3095 3628 3165 κρατοῦσιν

399 3189 503 3244 est,
535 3196 601 3235 ne
644 3182 852 3237 mutuis
894 3182 1386 3250 disceptationibus
1429 3184 1733 3250 exercitati,
1768 3199 1956 3252 puram

2064 3188 2199 3259 ὀρθά
2239 3190 2335 3242 καὶ
2388 3189 2566 3258 ἀληθῆ
2622 3188 2889 3259 δόγματα,
2945 3190 3056 3243 οὐδ’
3086 3189 3220 3253 ὅλως
3272 3189 3629 3259 ἐμποδίζουσι

399 3273 681 3326 veritatem
719 3282 1038 3341 agnoscant.
1069 3273 1365 3328 Christiani
1416 3283 1608 3329 contra
1640 3289 1760 3329 cum
1794 3274 1963 3327 animi

398 3358 594 3413 ﬁducia
652 3359 949 3413 innitentes
990 3375 1139 3428 purae
1187 3376 1298 3413 suae
1331 3360 1480 3425 ﬁdei,
1522 3370 1577 3415 et
1613 3361 1797 3423 rectis,
1837 3375 1966 3429 pro.-

398 3450 541 3505 batis
588 3434 863 3520 verisque,
911 3465 1033 3520 quat
1077 3451 1396 3515 observant,
1450 3451 1740 3520 dogmatis,
1789 3451 1967 3505 nullos

395 3544 621 3597 omnino
669 3552 911 3597 suorunr
958 3542 1283 3612 impediunt,
1348 3543 1440 3597 sed
1500 3542 1697 3612 singuli
1750 3542 1963 3595 illorum

398 3634 740 3688 conﬁdenter
777 3642 833 3687 et
858 3633 1031 3688 libere
1063 3649 1185 3688 cum
1232 3634 1516 3699 omnibus,
1547 3633 1967 3703 quibuscunque

398 3722 642 3786 libuerit,
682 3722 956 3791 disputare
1016 3722 1211 3776 solent.
1272 3721 1354 3775 En
1398 3722 1565 3793 igitur
1605 3722 1760 3791 juxta
1799 3720 1967 3774 animi

401 3814 481 3869 tui
524 3815 873 3876 sententiam,
918 3812 1296 3868 defensionem
1338 3827 1511 3865 meam
1563 3811 1740 3881 quoad
1776 3818 1967 3880 potero

402 3906 702 3969 instituam,
730 3919 793 3959 ea
822 3904 1031 3958 scilicet
1062 3903 1390 3965 edisserens,
1425 3903 1492 3957 de
1532 3892 1829 3972 quibus'ad
1868 3915 1967 3955 nos

401 3994 650 4068 scribens
690 3993 1012 4047 dubitavisti
1043 4002 1097 4046 et
1137 3991 1510 4063 interrogasti.
1541 3992 1704 4060 Atqui
1734 3992 1851 4045 hac
1873 3999 1967 4045 tua

403 4093 553 4147 sunt,
585 4100 619 4137 ο
646 4084 787 4137 bone
833 4083 1163 4152 Sampsates,
1196 4083 1382 4138 verba.
1418 4084 1532 4153 Ego
1564 4099 1693 4137 vero
1723 4083 1855 4152 quid
1886 4083 1969 4136 di-

2064 3296 2215 3342 τινας
2268 3278 2327 3343 ἐξ
2374 3279 2573 3343 αὐτῶν,
2601 3280 2733 3332 ἀλλά
2766 3281 2904 3347 μετὰ
2934 3282 3115 3351 πάσης
3140 3282 3320 3344 ἀδείας
3353 3280 3444 3334 καὶ
3480 3280 3633 3346 ἐξου-

2068 3371 2184 3432 σίας
2214 3366 2294 3431 εἷς
2320 3371 2553 3439 ἕκαστος
2592 3372 2770 3423 αὐτῶν
2798 3370 3101 3439 διαλέγεται
3132 3372 3267 3439 μετά
3287 3373 3500 3426 πάντων
3555 3366 3634 3424 ὧν

2068 3461 2345 3530 βούλεται·
2374 3462 2466 3514 καὶ
2497 3460 2772 3531 ὀρέγεται.
2799 3463 2909 3517 Καὶ
2949 3463 3059 3516 ἰδοὺ
3088 3463 3229 3517 κατὰ
3261 3464 3357 3533 τὴν
3419 3464 3519 3533 σὴν
3542 3464 3632 3516 θέ-

2066 3552 2222 3620 λησιν
2276 3553 2454 3620 μέλλω
2481 3553 2917 3623 ἀπολογήσεσθαι
2966 3554 3109 3608 κατά
3139 3561 3152 3621 ἱ
3166 3554 3225 3607 τὸ
3252 3554 3475 3608 δυνατόν
3517 3570 3633 3623 μοι,

2066 3643 2192 3712 περὶ
2220 3639 2293 3696 ῶν
2322 3645 2443 3695 τότε
2473 3643 2740 3713 ἔγραψας,
2788 3647 2883 3698 καὶ
2910 3641 2984 3699 ὧν
3009 3646 3149 3699 κατά
3195 3645 3254 3698 τὸ
3285 3644 3455 3714 παρὸν
3502 3641 3603 3715 ὲζή
3622 3674 3633 3683 -

2064 3751 2237 3804 τησας
2301 3736 2392 3787 καὶ
2438 3736 2750 3806 ἠρώτησας.
2804 3736 2991 3791 Ταῦτά
3046 3753 3141 3790 σου
3194 3736 3263 3790 τὰ
3314 3738 3553 3808 ῥήματα,
3588 3732 3633 3790 ὦ

2065 3824 2198 3877 καλὲ
2250 3824 2544 3894 Σαμψατὴν
2570 3867 2585 3892 ,
2621 3827 2733 3895 ἐγὼ
2759 3827 2816 3882 δὲ
2859 3830 2912 3882 τί
2946 3828 3122 3899 μέλλω
3173 3830 3347 3882 εἰπεῖν
3392 3830 3484 3881 καὶ
3536 3830 3637 3881 λα-

2066 3915 2246 3985 λῆσαι,
2277 3914 2369 3967 καὶ
2402 3916 2569 3969 πόθεν
2611 3916 2901 3987 ἄρξασθαι,
2950 3920 3010 3971 οὐ
3056 3919 3335 3986 γινώσκω,
3370 3917 3637 3987 ἐνθυμού-

2071 4022 2229 4076 μενος
2251 4005 2313 4057 τὸ
2338 4006 2464 4059 ’τῶν
2524 4007 2971 4077 ὀφθαλμιώντων,
3010 4011 3082 4079 μή
3122 4026 3249 4062 ποτε
3308 4009 3402 4061 καὶ
3446 4009 3503 4061 ὲν
3548 4009 3646 4070 σοὶ,

2067 4099 2309 4166 γένηται,
2349 4100 2548 4151 ἐκεῖνοι
2597 4099 2705 4169 γὰρ
2750 4099 2997 4161 ἀσθενεῖς
3064 4100 3288 4169 ἔχοντας
3310 4100 3409 4162 τάς
3461 4099 3635 4168 ὄψεις,

404 4188 530 4228 cere
569 4181 663 4226 aut
707 4172 857 4241 loqui
906 4172 1092 4237 velim,
1142 4181 1197 4227 et
1235 4172 1397 4249 unde.
1436 4173 1702 4226 orationis
1755 4188 1956 4227 sumere

2068 4190 2128 4241 τὸ
2154 4181 2246 4240 τοῦ
2281 4187 2432 4257 ἡλίου
2467 4192 2584 4257 φῶς
2632 4189 3092 4257 ἀποστρέφονται,
3128 4190 3224 4243 καὶ
3255 4190 3313 4241 ὲν
3343 4190 3421 4260 τῷ
3455 4192 3637 4243 σκότει

408 4262 646 4325 initium,
671 4276 780 4316 non
804 4262 963 4315 video
989 4280 1001 4315 :
1027 4262 1251 4327 veritus,
1275 4278 1344 4319 ne
1366 4263 1464 4316 tibi
1488 4263 1665 4316 simile
1687 4262 1956 4331 quiddam.

2073 4275 2268 4345 μᾶλλον
2291 4274 2682 4329 ἀναπαύονται.
2716 4273 2872 4328 Οὕτω
2931 4276 3022 4328 καὶ
3070 4277 3134 4329 σὺ
3185 4277 3343 4339 αὐτὸς
3381 4274 3639 4345 ἀληθείας

406 4354 551 4423 quod
584 4354 668 4406 his
698 4353 785 4417 qui
839 4352 1010 4407 oculis
1042 4355 1319 4419 laborant,
1360 4354 1673 4425 contigerit.
1721 4352 1784 4407 Hi
1824 4355 1956 4408 enim

2071 4366 2307 4426 ἀκούσας
2343 4367 2566 4434 ῥήματα
2607 4368 2697 4419 καὶ
2728 4366 3101 4436 δικαιοσύνης,
3126 4367 3226 4436 τὴν
3258 4367 3356 4436 μὲν
3379 4365 3640 4436 ἀλήθειαν

406 4459 529 4497 cum
576 4443 726 4496 visus
751 4443 860 4497 sint
906 4443 1304 4506 imbecillioris,
1352 4442 1483 4497 solis
1523 4442 1707 4498 radios
1755 4443 1956 4497 lumen-

2076 4459 2487 4528 ἀποστραφῆναι
2548 4456 2782 4527 μέλλεις,
2816 4458 2913 4511 καὶ
2979 4458 3040 4510 τὸ
3090 4457 3205 4526 φῶς
3246 4460 3346 4528 τῆς
3382 4457 3638 4528 ἀληθείας

408 4552 516 4606 que
567 4544 911 4599 aversantur,
964 4544 1020 4589 et
1075 4535 1130 4589 in
1184 4534 1431 4589 tenebris
1487 4535 1674 4604 potius
1721 4533 1956 4588 desidere

2075 4546 2321 4614 μισῆσαι,
2358 4546 2453 4597 καὶ
2508 4545 2599 4597 ἐπὶ
2653 4544 2715 4597 τὸ
2751 4546 2977 4615 μάταιον
3026 4547 3235 4608 σκότος,
3280 4547 3338 4597 ἐν
3383 4539 3427 4613 ᾧ
3490 4547 3639 4617 εὑρίο

409 4628 668 4698 gaudent.
714 4628 791 4681 lta
825 4627 991 4681 etiam
1024 4625 1123 4681 tibi
1159 4627 1403 4681 veritatis
1448 4634 1503 4682 et
1543 4626 1771 4696 iustitiae
1806 4625 1956 4680 verb:

2075 4652 2181 4707 σκῃ
2246 4635 2341 4689 νῦν
2395 4636 2849 4705 ὲπαναπαυθῆναι
2906 4637 3126 4707 μᾶλλον,
3172 4638 3362 4709 ῶσπερ
3421 4640 3634 4700 ὲκεῖνοι,

407 4720 654 4775 audienti
699 4720 985 4789 contingit.
1039 4719 1341 4773 Veritatem
1397 4719 1545 4773 enim
1612 4717 1951 4773 aversaberis

2074 4727 2210 4794 ὅπερ
2256 4726 2593 4796 ἀπεύχομαι.
2645 4726 2836 4795 Ὅμως
2893 4727 3179 4797 θαρρήσας
3217 4728 3295 4791 είς
3354 4729 3453 4797 τὴν
3482 4744 3640 4796 φυσι-

409 4812 647 4880 odioque
696 4809 943 4875 habebis,
984 4810 1156 4862 multo
1190 4808 1371 4877 potius
1426 4807 1655 4877 cupiens
1713 4810 1768 4861 in
1824 4808 1956 4862 vani:

2077 4818 2180 4887 κὴν
2219 4819 2420 4886 γνῶσιν
2459 4819 2525 4889 ἢν
2550 4818 2703 4887 παρά
2734 4819 2815 4870 σοί
2847 4818 2976 4881 Θεὸς
3002 4802 3336 4890 ἐδωρήσατο,
3385 4820 3520 4871 ἀλλά
3578 4819 3645 4889 δὴ

410 4901 517 4963 bis,
548 4898 747 4968 quibus
786 4914 932 4952 nunc
973 4900 1266 4952 immersus
1290 4912 1375 4962 es,
1424 4896 1668 4951 tenebris
1705 4895 1953 4950 desidere

2081 4913 2173 4964 καὶ
2208 4913 2285 4974 εἰς
2325 4921 2424 4982 τὴν
2456 4910 2695 4981 μάθησιν
2736 4912 2832 4963 καὶ
2879 4910 3160 4965 παίδευσιν
3209 4912 3277 4980 ἠν
3338 4910 3645 4981 ἐδιδάχθης,

409 4988 552 5043 sicut
581 4998 638 5041 et
680 4987 753 5040 illi
778 4986 845 5040 de
879 4986 1081 5056 quibus
1113 4988 1274 5041 modo
1304 4986 1563 5040 diximus.
1597 4985 1753 5052 Quod
1798 4995 1956 5041 tamet

2082 4999 2161 5053 ἔτι
2192 5000 2248 5052 δὲ
2282 5001 2374 5052 καὶ
2423 4999 2590 5070 ὀρθὴν
2626 5002 2721 5053 καὶ
2761 5000 2931 5070 καλὴν
3001 5001 3324 5069 συνείδησιν,
3383 5004 3448 5071 ἢν
3494 5002 3650 5069 παρὰ

411 5093 481 5131 ne
511 5076 623 5139 ﬁat,
669 5079 955 5144 deprecor.
1031 5077 1420 5132 Verumtamen
1474 5075 1661 5131 innata
1717 5075 1810 5130 illa
1860 5076 1956 5130 tibi

2083 5089 2292 5143 πολλῶν
2355 5088 2500 5155 ἔχειν
2552 5089 3014 5158 μεμαρτύρησαι,
3070 5090 3230 5142 ἅτινα
3270 5086 3535 5157 ὀδηγῆσαί
3590 5106 3651 5141 σε

414 5194 577 5248 quam
620 5178 761 5231 Deus
790 5176 1381 5247 concessit,judicandi
1427 5176 1763 5247 cognitione,
1814 5175 1984 5231 disci-

416 5278 579 5347 plinis
608 5292 825 5346 quoque
872 5287 926 5330 et
977 5276 1319 5331 institutione
1354 5276 1602 5341 honesta,
1632 5292 1739 5345 qua
1766 5275 1987 5329 institu-

423 5378 510 5421 tus
527 5382 611 5431 es,
645 5367 869 5434 insuper
892 5367 1119 5421 honesta
1150 5376 1207 5421 et
1238 5368 1470 5437 integra,
1500 5382 1662 5435 quam
1702 5368 1795 5422 tibi
1830 5367 1985 5421 multi

422 5458 692 5520 tribuunt,
740 5456 1075 5513 conscientia
1128 5459 1270 5524 (qum
1320 5456 1502 5511 omnia
1552 5467 1601 5510 te
1640 5458 1693 5511 in
1742 5457 1988 5511 veritatis

434 5551 574 5619 viam
626 5547 887 5602 inducere
926 5547 1171 5615 possunt)
1206 5545 1350 5608 freti,
1388 5546 1533 5600 hunc
1577 5546 1817 5600 laborum
1867 5562 1987 5600 sus—

429 5640 693 5708 cepimus.
725 5638 836 5693 Nec
866 5638 1016 5693 enim
1047 5637 1347 5693 multorum
1371 5647 1427 5692 et
1456 5637 1733 5691 variorum
1768 5636 1881 5690 lucc
1908 5647 1991 5691 est

434 5728 689 5798 cognitio.
734 5727 892 5783 Nunc
925 5737 1127 5795 autem,
1174 5736 1232 5785 ut
1262 5730 1376 5800 ipse
1405 5727 1579 5796 vides,
1614 5727 1680 5784 ad
1716 5736 1764 5784 te
1789 5728 1988 5795 scribo,

2084 5176 2220 5247 πρὸς
2247 5176 2338 5231 τὸν
2361 5179 2460 5246 τῆς
2488 5178 2742 5246 ἀληθείας
2770 5177 2884 5229 ὁδὸν
2920 5176 3000 5245 (οὐ
3048 5176 3155 5244 γὰρ
3198 5175 3308 5231 τῶν
3357 5176 3565 5228 πολλῶν
3618 5177 3653 5245 ὴ

2086 5268 2306 5337 γνῶσις)
2337 5270 2439 5340 ἤδη
2466 5271 2538 5331 ὡς
2569 5271 2701 5340 ὁρᾷς
2753 5269 2948 5339 γράφω
2975 5284 3081 5331 σοι,
3130 5268 3226 5320 καὶ
3253 5261 3365 5319 οἷον
3396 5270 3656 5335 ἀμνημο-

2086 5363 2255 5432 νήσας
2313 5361 2374 5413 τὸ
2424 5363 2522 5430 τῆς
2557 5363 2697 5431 ὲμῆς
2748 5361 2984 5420 διανοίας
3044 5358 3251 5423 στενὸν,
3320 5360 3414 5412 καὶ
3458 5360 3516 5410 τὸ
3549 5358 3657 5427 τῆς

2090 5454 2335 5519 ἀμαθίας
2367 5453 2460 5506 καὶ
2492 5452 2779 5520 ἀγροικίας
2811 5450 3062 5514 ἀσθενὲς,
3088 5449 3403 5520 ἡδουλήθην
3450 5447 3658 5501 ἀπολοο

2090 5545 2347 5611 γίσασοαι
2395 5545 2488 5596 καὶ
2530 5544 2702 5609 δεῖξαι
2750 5543 2889 5611 πρὸς
2949 5543 3030 5607 σὲ,
3082 5544 3211 5613 περὶ
3258 5538 3334 5596 ὧν
3379 5540 3660 5608 ἐζήτησας

2098 5637 2189 5689 καὶ
2248 5633 2559 5704 ἠρώτησας,
2623 5633 2716 5701 ἀφ’
2754 5628 2829 5687 ὧν
2862 5632 3073 5703 ἡκουσά
3127 5650 3185 5685 τε
3226 5635 3317 5686 καὶ
3351 5630 3665 5700 ἐδιδάχθην,

2095 5726 2415 5795 ἀνοιγέντων
2454 5725 2561 5779 τῶν
2593 5724 2887 5796 ὀφθαλμῶν
2923 5742 3022 5796 μου
3054 5723 3187 5780 Θεοῦ
3224 5722 3497 5793 συνάρσει,
3536 5721 3666 5779 ἔπι-
