3970 6212
350 356 453 422 381

1314 378 1619 438 CONTRA
1660 381 2155 441 MAHOMETEM
2201 386 2574 445 APOLOGIA
2620 387 2669 446 Ι.

3497 386 3605 453 382

352 473 682 562 στραεέντος
711 477 818 532 ἀπὸ
878 481 976 551 τῆς
1014 488 1246 555 ματαίας
1301 492 1393 545 καὶ
1451 494 1930 561 πατροπαραδότου

2039 505 2094 549 οι
2125 497 2280 564 quasi
2307 498 2512 553 oblitus
2544 499 2745 568 ingenii
2779 498 2910 560 mei,
2958 499 3242 555 tenuitatis
3269 510 3325 555 et
3356 502 3607 571 inscitiae,

350 564 649 659 θρησκείας
684 570 819 638 πρὸς
858 574 958 642 τὴν
990 575 1264 649 ἀκραιφνῆ
1326 584 1420 635 καὶ
1474 582 1776 653 ἀμώμητον
1833 584 1926 637 τοῦ

352 655 589 723 Χριστοῦ
636 659 837 723 πίστιν,
864 666 954 715 καὶ
977 664 1075 736 τὴν
1108 671 1206 738 τῆς
1229 670 1489 741 ἀληθείας
1545 672 1686 728 ὀδόν.
1741 675 1930 744 Παρα-

353 745 501 798 καλῶ
518 748 701 801 τοίνυν
744 752 960 808 ἀκούειν
1006 760 1259 824 συνετῶς.
1297 761 1431 815 Οὐδὲ
1460 763 1567 833 γὰρ
1616 765 1713 818 ἀπ’
1758 766 1930 835 ἐμαυ-

350 835 444 887 τοῦ
500 839 678 906 μέλλω
713 841 964 913 λαλήσειν
996 841 1135 916 πρὸς
1161 851 1240 917 σὲ,
1286 854 1404 906 οὐδὲ
1457 853 1515 917 ἐξ
1550 847 1624 908 ὧν
1675 856 1836 925 ὑμεῖς
1867 855 1927 908 οὐ

350 930 749 998 παραδέχεσθε,
802 935 918 988 ἀλλ’
947 938 1053 991 ἀπὸ
1099 940 1207 993 τῶν
1256 943 1454 1011 βίϐλων
1484 940 1558 999 ὧν
1616 947 1821 1010 πάντες
1879 950 1927 999 oi

349 1017 767 1089 Μουσουλμάνοι
801 1025 1152 1095 ὁμολογοῦσιν
1207 1031 1346 1085 εἶναι
1380 1034 1600 1099 ἀληθεῖς
1644 1038 1736 1088 καὶ
1769 1037 1928 1105 ἁγίας

349 1108 601 1178 Γραφάς.
639 1114 732 1167 καὶ
763 1115 870 1170 ἀπὸ
910 1118 1004 1171 τοῦ
1037 1121 1173 1175 Θεοῦ
1205 1123 1511 1192 δεδομένας.
1562 1127 1770 1197 Σκέψαι
1812 1129 1930 1180 τοί-

349 1218 475 1265 νυν,
510 1205 583 1272 μή
613 1221 747 1258 ποτε
774 1209 953 1281 πάθῃς
983 1212 1284 1281 παρόμοιον
1307 1218 1424 1278 τοῖς
1449 1217 1758 1285 ἱσταμένοις
1790 1219 1926 1271 ἐπά-

350 1313 429 1347 νω
464 1296 793 1367 θησαυρῶν,
815 1300 908 1353 καὶ
944 1302 1018 1373 μὴ
1051 1304 1415 1371 γινώσκουσιν
1469 1308 1601 1361 ἔνθα
1659 1309 1926 1372 ἵστανται,

349 1388 447 1438 καὶ
475 1390 527 1440 τί
579 1390 695 1442 ἐστι
738 1389 962 1461 πλησίον
987 1396 1225 1459 τούτοις.
1274 1399 1383 1451 Καὶ
1416 1401 1527 1470 γὰρ
1573 1403 1769 1455 ἐκεῖνοι
1802 1419 1929 1470 σχε-

346 1477 438 1530 δὸν
469 1480 527 1530 ὲν
554 1484 673 1543 ταῖς
708 1483 917 1537 ἑαυτῶν
944 1488 1132 1556 χερσὶν
1178 1488 1359 1557 έχουσι
1398 1492 1489 1544 τὸν
1532 1491 1709 1561 μέγαν
1768 1491 1931 1545 πλοῦ-

346 1586 464 1634 τον,
490 1571 597 1623 ἀπὸ
625 1572 679 1624 δὲ
706 1574 929 1641 ἀγνοίας
972 1576 1178 1631 τούτων
1208 1582 1397 1643 κεναῖς
1432 1582 1767 1653 ἀπέρχονται
1792 1586 1915 1645 ταῖς

346 1661 530 1729 χερσὶ,
572 1663 665 1714 καὶ
700 1665 814 1726 τοῖς
856 1665 1165 1735 ἱσταμένοις
1203 1670 1368 1738 μέσον
1420 1671 1654 1741 ποτίμου
1684 1673 1775 1725 καὶ
1805 1672 1929 1725 διει-

344 1750 621 1819 δεστάτης
651 1753 927 1823 βρώσεως,
948 1758 1455 1829 καὶάπερχομένοις
1479 1762 1727 1832 διψῶσιν.
1765 1763 1926 1817 Ἀλλά

342 1844 509 1911 γενοῦ
544 1846 732 1913 ὅμοιος
782 1853 893 1911 τοῖς
940 1850 1176 1904 κοπιῶσι
1237 1855 1331 1904 καὶ
1381 1853 1645 1923 ἱδροῦσιν,
1697 1856 1783 1908 ἵνα
1838 1858 1929 1909 τὸν

342 1938 737 2005 κεκρυμμένον
768 1938 864 1991 καὶ
893 1941 1091 2011 ,ἀφανῆ
1166 1942 1441 2014 θησαυρὸν
1511 1946 1787 1999 ἐκϐάλωσι
1833 1948 1928 1999 καὶ

342 2027 688 2097 κερδήσοοσι,
721 2035 815 2083 καὶ
847 2032 969 2084 ἐπεὶ
998 2033 1067 2085 τὰ
1105 2035 1216 2095 τοῖς
1249 2035 1478 2089 ἀσεϐέσι
1525 2039 1621 2090 καὶ
1663 2038 1929 2107 ἀμαθέσιν

344 2120 698 2190 ἀγνοούμενα
728 2122 863 2175 Θεοῦ
891 2124 1050 2191 λόγια
1078 2124 1179 2195 ἢδη
1214 2127 1353 2196 πρὸς
1387 2127 1447 2179 τὸ
1478 2129 1654 2199 παρὸν
1685 2130 1928 2199 ὲγχειρίέ

346 2212 533 2273 ζονταί
602 2228 708 2278 σοι,
757 2213 1021 2283 πρόσεξον
1083 2216 1169 2268 ἵνα
1237 2217 1377 2286 μετά
1435 2219 1925 2288 μεμεριμνημένου

282 2332 290 2337 -
356 2302 553 2355 σκοποῦ
602 2304 697 2355 καὶ
722 2306 983 2374 ἀκριϐοῦς
1021 2305 1320 2369 ἐξετάσεως
1362 2307 1584 2379 διέλθῃς
1634 2309 1793 2369 αὐτὰ,
1830 2311 1926 2362 καὶ

362 2394 637 2463 ἐμπληθῇς
668 2396 819 2459 θείας
844 2396 1098 2464 γνώσεως
1123 2398 1215 2449 καὶ
1246 2398 1525 2466 ἀληθείας.
1563 2400 1792 2469 Μεγάλη
1820 2401 1929 2471 γάρ

364 2485 513 2537 ἐστιν
565 2486 735 2561 ητῶν
766 2488 1109 2557 Χριστιανῶν
1155 2489 1357 2553 πίστις,
1390 2489 1485 2541 καὶ
1526 2489 1668 2559 μέγα
1723 2493 1931 2561 μυστή-

358 2576 477 2642 ριόν
510 2579 624 2629 ἐστι
652 2578 753 2649 τῆς
778 2577 872 2633 τοῦ
916 2579 1048 2632 Υίοῦ
1075 2578 1169 2632 τοῦ
1195 2578 1333 2632 Θεοῦ
1365 2580 1697 2650 σαρκώσεως
1734 2582 1767 2650 ὴ
1789 2574 1926 2634 ὑπὸ·

353 2666 411 2719 θε
422 2685 526 2730 σις.

2034 585 2480 656 rusticitatisque,
2532 604 2640 657 qua
2696 604 2936 658 premor,
3008 590 3274 645 rationein
3333 592 3608 663 Apologia:

2032 682 2235 728 nostra:
2273 676 2503 730 reddere
2550 677 2785 738 institui.
2816 687 2870 732 et
2909 679 3203 733 ostendere
3251 696 3314 734 ea
3366 683 3490 749 tibi,
3541 684 3606 738 de

2030 763 2235 833 quibus
2267 766 2571 822 dubitando
2600 770 3026 838 interrogavisti,
3072 787 3306 840 quorum
3337 774 3606 843 cognitiov

2032 870 2155 908 nem
2200 856 2315 925 ipse
2353 860 2583 914 auribus
2616 863 2835 931 percepi
2868 872 2921 916 ct
2959 864 3141 917 animo
3185 864 3414 919 edoctus
3460 882 3605 931 sum,

2030 946 2127 1001 Dei
2157 949 2361 1002 auxilio
2387 950 2647 1005 nimirum
2687 954 2862 1007 oculis
2900 954 3036 1009 meis
3081 957 3305 1025 apertis,
3338 972 3533 1026 meque
3577 974 3607 1013 a

2033 1051 2193 1101 vana,
2229 1053 2504 1106 perversa,
2537 1057 2565 1094 a
2596 1044 2846 1111 patribus
2883 1046 3078 1099 tradita
3108 1048 3501 1115 superstitione
3536 1046 3606 1101 ad

2031 1125 2301 1182 sinceram
2340 1140 2395 1184 et
2427 1131 2757 1201 inculpatam
2806 1134 3008 1192 Christi
3061 1137 3221 1190 fidem
3258 1148 3313 1191 et
3360 1139 3608 1192 veritatis

2030 1218 2172 1271 viam
2216 1235 2503 1276 converso.
2529 1223 2730 1278 Hortor
2762 1226 2967 1296 itaque,
3015 1236 3076 1281 ut
3115 1236 3358 1281 attentus
3390 1229 3605 1284 audias.

2030 1307 2178 1363 Nihil
2206 1311 2352 1364 enim
2379 1328 2444 1366 ex
2478 1329 2561 1367 me
2586 1315 2835 1370 dicturus
2861 1332 3007 1380 sum,
3048 1332 3228 1387 neque
3271 1334 3338 1370 ex
3374 1319 3457 1371 his
3486 1334 3608 1388 quae

2032 1415 2059 1453 a
2086 1401 2243 1457 vobis
2274 1418 2382 1457 non
2414 1405 2779 1475 recipiuntur,
2813 1408 2908 1463 sed
2952 1424 3141 1462 eorum
3187 1419 3307 1463 utar
3338 1410 3608 1464 librorum

2035 1492 2391 1557 testimoniis,
2442 1511 2581 1564 quos
2630 1512 2821 1552 omnes
2870 1497 3198 1554 Musulmani
3242 1515 3341 1570 pro
3372 1499 3519 1554 veris
3552 1512 3610 1556 et

2030 1585 2396 1639 sacrosanctis
2448 1587 2754 1656 Scripturis
2790 1605 2817 1642 a
2871 1589 2980 1644 Deo
3020 1589 3161 1644 datis
3207 1603 3513 1661 agnoscunt
3556 1600 3611 1645 et

2034 1672 2295 1729 fatentur.
2334 1674 2440 1731 Fac
2479 1677 2665 1747 igitur,
2709 1694 2777 1733 ne
2812 1680 2910 1733 tibi
2951 1681 3095 1734 idem
3127 1682 3430 1750 contingat,
3460 1680 3610 1751 quod

2035 1766 2102 1819 iis
2128 1765 2220 1835 qui
2248 1767 2523 1823 thesauris
2550 1768 2600 1823 in
2627 1778 2826 1824 terram
2861 1771 3094 1827 defossis
3122 1773 3460 1837 insistentes,
3493 1774 3613 1827 cui-

1964 1848 2001 1902 Β
2034 1873 2157 1910 nam
2204 1860 2279 1912 rei
2328 1859 2602 1921 insistant.
2633 1870 2689 1916 et
2718 1862 2978 1931 quidnam
3012 1863 3146 1933 ipsis
3180 1864 3488 1932 proximum
3514 1864 3607 1928 sit,

2030 1963 2137 2001 non
2171 1950 2504 2020 intelligunt.
2542 1952 2604 2007 ﬂi
2637 1953 2781 2007 enim
2816 1955 3063 2025 ingentes
3112 1955 3335 2009 divitias
3395 1963 3604 2009 tantum

2027 2054 2134 2091 non
2175 2038 2227 2092 in
2262 2042 2516 2097 manibus
2560 2044 2845 2108 habentes,
2874 2056 3097 2115 propter
3119 2048 3483 2115 ignorantiam
3513 2048 3609 2100 ha-

2029 2141 2152 2179 rum
2198 2130 2385 2184 vacuis
2419 2131 2710 2186 discedunt
2758 2133 3029 2188 manibus.
3070 2133 3162 2188 Vel
3201 2151 3267 2189 ne
3299 2136 3385 2190 his
3413 2136 3610 2189 similis

2027 2222 2146 2285 fias,
2184 2222 2276 2291 qui
2309 2223 2639 2277 dulcissinue
2672 2233 2858 2293 potatu
2909 2234 2963 2278 et
3001 2225 3398 2294 limpidissiune
3469 2226 3609 2279 assi-

2028 2322 2234 2390 stenles
2252 2313 2591 2382 scaturigini,
2611 2314 2876 2369 sitibundi
2910 2324 3089 2371 tamen
3120 2316 3432 2371 discedunt.
3460 2317 3606 2383 Quin

2026 2402 2211 2469 potius
2242 2402 2544 2456 laboriosos
2578 2403 2699 2457 illos
2733 2413 2789 2458 et
2831 2406 3091 2460 sudantes
3134 2407 3375 2471 imitare,
3421 2406 3515 2475 qui
3550 2406 3606 2459 in

2032 2495 2134 2546 hoc
2169 2503 2320 2556 sunt,
2356 2504 2417 2547 ut
2446 2494 2722 2549 defossum
2760 2497 2910 2551 illum
2943 2506 2997 2552 et
3050 2498 3433 2552 ahsmnditum
3488 2498 3610 2552 the-

2028 2600 2252 2638 saurum
2277 2584 2562 2650 effodiant,
2597 2598 2650 2640 et
2684 2588 2836 2641 luero
2871 2588 3139 2643 ditentur.
3181 2589 3338 2642 Tunc
3376 2589 3605 2653 etenim,

2028 2690 2149 2744 quaa
2179 2675 2360 2743 impiis
2386 2686 2443 2729 et
2481 2676 2719 2731 indoctis
2754 2679 2939 2748 ignota
2968 2688 3115 2741 sunt,
3150 2680 3243 2734 Dei
3289 2680 3513 2734 oracula
3550 2679 3607 2735 in

349 2760 770 2830 prrsentiarum
800 2764 896 2819 tibi
932 2764 1196 2832 revelata,
1228 2781 1329 2822 ceu
1366 2766 1420 2820 in
1468 2781 1661 2821 manus
1708 2767 2015 2821 tradentur.
2047 2766 2281 2820 Attende
2315 2766 2504 2836 igitur,
2560 2777 2617 2822 ut
2686 2784 2854 2838 scopo
2917 2779 2971 2824 et
3037 2772 3319 2840 proposito
3369 2771 3608 2840 diligen-

344 2861 437 2907 ter
483 2854 854 2922 considerato,
916 2866 973 2913 et
1012 2858 1261 2929 diligenti
1304 2860 1466 2915 simul
1514 2858 1934 2928 investigatione
1974 2856 2089 2910 hare
2124 2864 2315 2911 nostra
2359 2858 2524 2928 legas,
2592 2868 2651 2913 ut
2700 2859 2885 2914 divina
2920 2860 3151 2915 scientia
3192 2862 3355 2915 simul
3381 2870 3435 2917 et
3465 2862 3609 2916 reri-

352 2956 463 3005 tate
494 2946 793 3017 implearis.
820 2948 1008 3019 Magna
1031 2958 1115 3005 est
1172 2950 1321 3007 enim
1346 2949 1783 3007 Christianorum
1845 2946 1999 3004 ﬁdes.
2043 2955 2097 3002 et
2125 2962 2381 3017 magnum
2413 2950 2733 3019 mysterium
2775 2960 2861 3005 est
2895 2949 3096 3006 Christi
3128 2952 3251 3006 Filii
3289 2953 3387 3007 Dei
3419 2954 3606 3009 incar-

348 3042 594 3105 nationis
622 3042 923 3109 negotium.

424 3142 499 3190 α’.
530 3132 727 3201 Εῐπας,
762 3134 887 3197 Πῶς
922 3137 1038 3191 ἐστι
1085 3137 1311 3191 δυνατὸν
1338 3136 1431 3191 τὸν
1462 3138 1596 3192 Θεὸν
1620 3136 1765 3205 ἐχειν
1798 3134 1915 3187 υίδν
1945 3135 1989 3194 C

356 3228 491 3282 ἄνευ
536 3226 832 3294 γυναικός
862 3226 994 3293 Καὶ,
1039 3228 1163 3292 Πῶς
1205 3228 1319 3281 ἐστι
1365 3228 1588 3281 δυνατὸν
1619 3226 1748 3278 Θεὸν
1765 3222 1919 3292 γενέ-

350 3322 478 3372 σθαι
524 3318 846 3388 ἀνθρωπον;
893 3320 989 3383 Τίς
1014 3321 1072 3375 δὲ
1097 3322 1205 3374 τῶν
1235 3321 1408 3390 ἀγίων
1440 3320 1652 3386 ἐδίδαξε
1700 3317 1800 3389 τὴν
1832 3333 1920 3369 το·

348 3413 558 3481 σαύτην
583 3409 872 3478 ἀσέϐειαν;
908 3414 979 3467 Ἢ
1013 3415 1168 3476 ποῖος
1201 3413 1311 3467 τῶν
1341 3412 1638 3483 προφητῶν
1666 3412 1723 3463 ἐν
1756 3411 1924 3463 ὀπτα-

349 3504 441 3573 σίᾳ
495 3503 657 3556 τοῦτο
716 3501 980 3559 ἐθεάσατο
1016 3522 1032 3572 ;
1073 3506 1184 3559 Kal.
1237 3506 1303 3560 σὺ
1355 3505 1455 3576 μὲν
1500 3502 1693 3557 ταῦτα*
1758 3502 1921 3571 ἡμεῖς

349 3596 405 3659 δὲ
441 3595 678 3664 λέγομεν
707 3594 901 3659 οὕτως·
940 3597 1060 3650 Ὀτι
1120 3596 1220 3668 μὲν
1257 3597 1386 3661 Θεός
1416 3598 1563 3649 ἐστιν
1611 3595 1639 3648 ὁ
1688 3594 1923 3664 ποιητὴς

351 3685 575 3739 πάντων
614 3685 827 3758 ὁρατῶν
852 3703 911 3743 τε
954 3686 1048 3741 καί
1076 3689 1347 3758 ἀοράτων,
1410 3687 1794 3758 ἐδιδάχθημεν,
1828 3688 1924 3740 καὶ

348 3774 694 3843 ἐγνώκαμεν,
730 3776 827 3829 καὶ
854 3776 1203 3846 πιστεύομεν,
1237 3778 1331 3833 καὶ
1352 3778 1743 3847 δμολογοῦμεψ
1787 3777 1841 3829 τί
1866 3776 1924 3829 δέ

353 3868 469 3919 ἐστι
502 3864 652 3930 Θεὸς,
679 3863 801 3918 οὔτε
832 3866 1208 3941 ἐδιδάχθημεν,
1234 3865 1360 3920 οὔτε
1402 3865 1750 3941 ἐγνώκαμεν,
1809 3865 1924 3919 ἀλλ’

350 3955 481 4011 οὔτε
524 3956 659 4016 ὅλως
713 3954 808 4007 ἐπὶ
834 3955 934 4025 τὴν
972 3954 1199 4024 καρδίαν
1225 3956 1381 4025 ἡμῶν
1410 3955 1576 4024 ἀνέϐη
1609 3956 1704 4009 τοῦ
1732 3953 1928 4017 ίτοιού-

352 4064 453 4101 του
510 4045 857 4115 ἀσεϐήματος
914 4048 952 4116 ἡ
986 4046 1276 4112 ἐξέτασις.⁸
1309 4048 1422 4100 Καὶ
1474 4046 1559 4099 ὅτι
1610 4048 1638 4099 ὁ
1692 4044 1927 4117 Χριστὸς

354 4138 489 4199 Tib;
517 4137 611 4189 καὶ
632 4137 802 4203 Λόγος
822 4135 917 4188 τοῦ
951 4133 1087 4188 Θεοῦ
1136 4136 1276 4201 ἐστι,
1307 4135 1403 4188 καὶ
1438 4134 1571 4197 Θεός
1602 4136 1744 4200 ἐστι,
1769 4135 1928 4188 τοῦτο

355 4228 453 4281 καὶ
480 4224 859 4296 ἐδιδάχθημεν,
889 4213 1009 4278 ’καὶ
1039 4227 1379 4293 ἐγνώκαμεν,
1436 4226 1529 4277 καὶ
1576 4224 1927 4294 πιστεύομεν,

357 4321 452 4374 καὶ
485 4318 871 4388 ὁμολογοῦμεν.
904 4316 1025 4376 Πῶς
1047 4318 1102 4370 δέ
1130 4319 1279 4370 ἐστιν
1340 4318 1373 4387 ἡ
1418 4316 1617 4369 τούτου
1650 4318 1928 4387 γέννησις.

354 4414 521 4481 ἡμεῖς
552 4411 653 4462 ούκ
684 4410 925 4481 οἴδαμεν,
952 4408 1076 4462 οὕτε
1109 4409 1489 4480 ἐδιδάχθημεν,
1516 4408 1629 4462 ἀλλ’
1663 4408 1791 4463 οὕτε
1822 4410 1932 4475 ἐξε-

2094 3132 2145 3186 l.
2177 3130 2482 3197 Quomodo,
2505 3131 2707 3201 inquis,
2740 3133 2999 3202 possibile
3015 3148 3097 3189 est
3123 3135 3235 3191 Deo
3260 3150 3380 3189 esse
3406 3135 3605 3200 Filium

2022 3227 2139 3282 sine
2162 3226 2391 3279 muliere
2415 3226 2436 3277 ?
2460 3224 2743 3290 Quomodo
2759 3226 2887 3280 item
2910 3225 3051 3281 Deus
3067 3226 3229 3281 homo
3245 3227 3360 3281 ﬁeri
3381 3237 3559 3296 potest
3583 3231 3610 3285 ί

2020 3316 2153 3383 Quis
2179 3302 2416 3384 denique
2440 3323 2754 3369 sanctorum
2782 3316 2919 3370 hanc
2942 3316 3129 3371 docuit
3154 3325 3358 3371 tantam
3411 3319 3606 3388 impie-

2024 3418 2189 3463 tatem
2209 3450 2223 3474 ,
2250 3416 2344 3461 aut
2367 3407 2619 3475 quisnam
2646 3408 3036 3477 pr0phctarum
3066 3409 3169 3462 hoc
3198 3425 3295 3477 per
3336 3409 3605 3471 visionem

2024 3499 2349 3569 conSpexit?
2377 3500 2440 3551 Et
2477 3499 2591 3553 hate
2618 3499 2839 3568 quidem
2873 3508 2928 3552 tu
2956 3500 3133 3564 dicis;
3169 3499 3371 3569 quibus
3394 3516 3495 3554 nos
3529 3500 3609 3554 sic

2025 3590 2437 3659 respondemus.
2466 3587 2631 3653 Quod
2646 3589 2790 3644 Deus
2808 3600 3026 3645 creator
3050 3591 3121 3644 sit
3149 3595 3398 3645 omnium
3416 3592 3608 3645 visibi-

2024 3682 2158 3737 lium
2186 3691 2242 3737 et
2262 3682 2649 3745 invisibilium,
2676 3680 2969 3737 didicimus
2992 3682 3158 3736 etiam
3182 3697 3303 3748 nos,
3325 3684 3611 3752 cognosci-

2026 3789 2169 3837 mus,
2187 3772 2464 3827 credimus
2486 3770 2819 3837 etfatemur;
2849 3772 2981 3841 quid
3002 3788 3127 3826 vero
3155 3773 3298 3826 Deus
3318 3774 3407 3831 sit.
3429 3789 3610 3843 neque

2026 3864 2207 3920 edocti
2230 3879 2441 3926 sumus,
2461 3879 2639 3933 neque
2670 3864 3046 3934 intelligimus,
3067 3865 3173 3919 imo
3194 3881 3260 3918 nc
3284 3864 3336 3917 in
3365 3866 3609 3921 animum

2028 3958 2249 4028 quidem
2271 3955 2462 4009 incidit
2488 3957 2650 4026 hujus
2672 3955 2970 4025 impietatis
3010 3956 3315 4025 inquisitio.
3347 3956 3612 4012 Similiter

2027 4046 2302 4102 Christum
2344 4053 2397 4100 et
2425 4043 2623 4098 Filium
2654 4054 2710 4099 et
2734 4043 2969 4098 Verbum
3002 4042 3095 4097 Dei
3124 4058 3276 4107 esse,
3322 4043 3606 4113 Deumque

2030 4142 2231 4211 ipsum,
2264 4139 2579 4202 didicimus,
2604 4138 3008 4208 cognoscimus,
3032 4137 3311 4193 credimus
3353 4145 3408 4190 et
3438 4136 3605 4191 conii-

2031 4236 2248 4284 temur:
2278 4228 2452 4297 qualis
2478 4243 2606 4281 vero
2636 4227 2780 4281 illius
2812 4227 2881 4281 sit
2904 4229 3209 4296 generatio,
3235 4243 3335 4281 nos
3368 4241 3469 4280 nec
3497 4225 3601 4279 sci-

2033 4334 2173 4381 mus,
2195 4332 2295 4372 nec
2315 4316 2492 4375 edocti
2523 4330 2924 4384 sumus,neque
2957 4315 3120 4368 etiam
3145 4315 3198 4368 in
3216 4324 3480 4368 αξιοι-ηοω
3501 4314 3607 4366 hoc

2034 4411 2315 4478 inquirere
2349 4409 2623 4467 volumus,
2643 4422 2741 4460 ceu
2772 4406 3024 4475 impium,
3046 4414 3100 4459 et
3123 4421 3150 4457 a
3170 4404 3480 4458 Christiana
3502 4403 3606 4457 fide

356 4475 548 4565 τάξειν
582 4475 849 4572 μέλλομεν
880 4502 1013 4556 αὐτὸ
1040 4475 1466 4566 εἰςτδν-αίῶῑνα,
1498 4500 1573 4564 ὥς
1600 4501 1792 4564 ἀσεϐὲς
1836 4504 1930 4555 καὶ

2037 4500 2364 4586 et.religione
2380 4515 2539 4568 quam
2558 4497 2789 4551 maxime
2803 4496 3210 4566 alicnum.Quin
3227 4493 3609 4563 aequanimiter

360 4596 673 4665 ἀπόϐλητον
731 4594 833 4663 τῆς
873 4594 983 4647 τῶν
1033 4593 1395 4663 Χριστιανῶν
1430 4592 1669 4655 πίστεώς
1723 4610 1784 4645 τε
1836 4595 1933 4646 καὶ

360 4684 773 4748 καταστάσεως.
825 4683 966 4738 Ἀλλ’
1000 4684 1202 4753 ἐπίσης
1255 4683 1564 4754 φρονοῦμεν
1615 4684 1933 4751 ἀγνοεῖσθαι

361 4780 460 4832 καὶ
486 4778 738 4845 ἀγγέλοις
778 4777 872 4829 καὶ
911 4775 1220 4847 ἀνθρώποις
1244 4777 1305 4830 τὸ
1335 4775 1579 4829 τοιοῦτον
1598 4777 1738 4848 ὑπὲρ
1771 4777 1934 4845 φύσιν

364 4867 689 4937 μυστήριον.
746 4863 907 4917 Οὕτω
930 4865 1025 4917 καὶ
1054 4865 1148 4917 ἐπὶ
1181 4865 1279 4934 τῆς
1318 4866 1791 4935 ἐνανθρωπήσεως
1840 4867 1936 4920 at)-

356 4955 480 5019 τοῦ,
522 4955 607 5008 ὅτι
636 4953 849 5023 ἐγένετο
876 4954 1182 5024 ἅνθρωπος,
1246 4955 1342 5008 καὶ
1397 4954 1784 5025 ἐδιδάχθημεν,
1840 4955 1937 5008 καὶ

362 5044 705 5116 ἐγνώκαμεν,
741 5046 836 5098 καὶ
872 5046 1219 5115 πιστεύομεν
1245 5047 1305 5099 τὸ
1333 5047 1389 5099 δὲ
1417 5046 1588 5112 ὅπως,
1644 5046 1705 5098 ού
1770 5046 1938 5114 γινώ-

364 5153 591 5207 σκομεν,
628 5135 744 5189 ἀλλ’
795 5136 982 5207 ὥσπερ
1019 5137 1321 5206 ἀγνοοῦμεν
1368 5138 1466 5207 τὴν
1518 5139 1583 5190 ἐκ
1632 5137 1771 5190 Θεοῦ
1842 5138 1937 5191 καὶ⁹

368 5225 583 5294 Πατρὸς
616 5224 781 5277 αὑτοῦ
812 5226 1084 5295 γέννησιν,
1114 5224 1288 5289 οὕτως
1336 5226 1643 5297 ἀγνοοῦμεν
1705 5227 1800 5279 καὶ
1837 5226 1938 5297 τὴν

363 5318 427 5368 ἐκ
459 5314 561 5383 τῆς
586 5316 753 5383 ἀγίας
788 5315 952 5368 αὐτοῦ
993 5318 1199 5385 μητρὸς
1226 5317 1447 5386 Μαρίας
1477 5317 1577 5385 τῆς
1632 5317 1936 5385 Παρθένου.

369 5407 562 5475 Ὑμεῖς
578 5408 635 5460 δὲ
657 5408 705 5459 οἱ
719 5406 1074 5474 γινώσκοντες
1097 5409 1159 5460 τὸ
1179 5408 1271 5461 τοῦ
1292 5408 1426 5460 Θεοῦ
1449 5410 1731 5475 ἀδύνατον,
1752 5411 1939 5477 λέγετε

360 5520 381 5564 χ
400 5500 495 5567 ἀρ,
513 5499 593 5550 ὅτι
612 5497 737 5560 Πῶς
760 5500 873 5551 ἐστι
892 5498 1113 5551 δυναττιν
1149 5499 1292 5569 ἔχειν
1319 5500 1446 5552 Υίὸν
1488 5500 1578 5552 τὸν
1599 5501 1731 5553 Θεόν
1757 5516 1772 5565 ;
1807 5504 1941 5554 πάν-

361 5602 469 5643 τως
521 5584 581 5648 ἐξ
620 5579 696 5637 ὧν
753 5586 935 5652 λέγετε
959 5625 975 5651 ,
1018 5585 1307 5652 γινώσκειν
1343 5588 1567 5657 μέλλετε
1612 5591 1709 5643 καὶ
1750 5591 1811 5642 τὸ
1845 5590 1939 5642 τοῦ

361 5675 500 5727 Θεοῦ
570 5675 818 5730 δυνατόν.
900 5676 1011 5729 Καὶ
1072 5678 1317 5743 διδάξατέ
1412 5681 1570 5749 ὑμεῖς
1648 5682 1696 5733 oi
1771 5682 1940 5736 πολλὰ

363 5765 563 5837 ιίδὺτες
628 5766 778 5836 ἡμᾶς
826 5767 950 5840 τοὺς
1010 5768 1239 5839 ἀμαθεῖς
1309 5771 1400 5824 καὶ
1475 5771 1810 5843 ἀγροίκους,
1859 5774 1940 5839 τίς

2035 4584 2300 4645 sentimus
2328 4588 2463 4643 etab
2481 4588 2688 4657 angelis
2707 4596 2762 4641 et
2785 4588 2853 4641 ab
2888 4586 3202 4640 hominibus
3236 4584 3365 4638 illud
3388 4598 3604 4636 omnem

2035 4694 2286 4737 naturam
2319 4682 2591 4737 excedens
2609 4680 2929 4752 mysterium
2946 4678 3203 4748 ignorari.
3217 4677 3392 4745 Atque
3413 4673 3604 4727 eadem

2038 4775 2201 4829 nobis
2258 4775 2325 4829 de
2378 4774 2759 4828 incarnatione
2808 4772 2956 4825 illius
2995 4778 3079 4823 est
3128 4769 3416 4824 sententia.
3450 4764 3604 4829 Quod

2035 4868 2182 4922 enim
2215 4866 2377 4920 homo
2399 4865 2575 4919 factus
2596 4864 2688 4927 sit,
2715 4872 2772 4917 et
2794 4863 2975 4916 edocti
3004 4876 3213 4922 sumus,
3240 4867 3294 4911 et
3325 4856 3608 4925 cognosci-

2038 4975 2161 5013 mus
2183 4966 2236 5011 et
2264 4956 2557 5011 credimus.
2584 4954 2869 5020 Quomodo
2905 4961 3087 5007 autem
3113 4951 3278 5003 homo
3314 4948 3490 5001 factus
3513 4950 3604 5011 sit,

2038 5051 2373 5120 ignoramus.
2397 5048 2503 5102 Sed
2537 5044 2998 5116 quemadmodum
3026 5044 3341 5113 ignoramus
3375 5040 3519 5093 illius
3540 5054 3606 5093 ex

2037 5140 2150 5194 Deo
2179 5145 2233 5191 et
2268 5138 2429 5190 Patre
2466 5136 2898 5205 generationem,
2931 5132 3011 5185 sic
3058 5131 3221 5185 etiam
3253 5145 3374 5183 cam
3406 5145 3511 5198 qua
3539 5144 3608 5183 ex

2038 5237 2214 5283 matre
2257 5244 2356 5282 sua
2397 5234 2582 5280 sancta
2614 5224 2780 5278 Maria
2821 5222 3033 5292 virgine
3067 5230 3231 5274 natus
3279 5231 3404 5281 est,
3445 5219 3607 5272 nobis

2039 5322 2436 5389 incompertam
2473 5332 2592 5371 esse
2616 5315 2873 5368 fatemur.
2906 5314 3013 5367 Vos
3040 5327 3190 5373 vero,
3224 5311 3315 5380 qui
3336 5310 3465 5379 quid
3498 5310 3609 5363 Deo

2040 5409 2376 5478 impossibile
2402 5408 2492 5468 sit,
2532 5403 2835 5474 intelligitis
2875 5402 3080 5470 (dicitis
3123 5400 3293 5461 enim,
3326 5399 3609 5463 Quomodo

2042 5501 2303 5572 possibile
2338 5508 2422 5553 est
2450 5507 2507 5551 ut
2538 5497 2680 5550 Deus
2715 5495 2913 5549 haheat
2944 5493 3203 5561 Filium?)
3239 5491 3430 5545 eadem
3460 5500 3609 5544 certe

2042 5590 2252 5642 ratione
2281 5602 2387 5655 qua
2424 5586 2526 5639 hoc
2564 5584 2775 5646 dicitis,
2814 5583 2944 5652 quid
2989 5584 3154 5639 etiam
3206 5581 3315 5634 Deo
3349 5580 3608 5649 possibile

2042 5676 2489 5747 sitJintelligetis.
2509 5676 2617 5731 Vos
2644 5675 2810 5745 igitur
2842 5673 3135 5750 multarum
3165 5687 3349 5726 rerum
3377 5670 3606 5726 scientia

2044 5770 2276 5853 pra-diti,
2297 5769 2489 5825 docete
2515 5784 2615 5824 nos
2642 5767 2890 5842 indoctos
2910 5776 2967 5823 et
2995 5764 3185 5834 rudes,
3234 5777 3480 5837 quaenam
3500 5758 3593 5815 ονε
