3970 6212
349 309 455 370 383

1516 265 1842 364 JOANNIS
1875 301 2402 364 CANTACUZENI

3487 298 3596 366 384

349 431 544 475 natura
570 427 660 482 Sll,
715 425 772 472 et
805 431 1050 486 quamam
1078 414 1150 468 sit
1177 414 1264 468 illa
1300 413 1633 482 possibilitas
1659 413 1823 468 simul
1854 421 1909 466 et
1937 460 1939 467 .

2045 429 2158 464 στιν
2182 415 2214 482 ἡ
2242 414 2334 466 τοῦ
2365 414 2498 467 Θεοῦ
2521 412 2704 481 φύσις,
2737 413 2832 466 καὶ
2865 411 2917 465 τί
2950 412 3010 465 τδ
3041 411 3295 474 δυνατὸν,
3323 410 3419 464 καὶ
3451 411 3502 464 τί
3532 413 3594 465 τὸ

349 509 789 578 impossibilitas,
830 515 888 560 ut
910 521 1008 560 nos
1033 506 1187 575 juxta
1214 515 1451 559 vestram
1497 505 1824 561 sententiam
1859 506 1913 560 in

348 603 657 671 perditione
693 600 938 652 viventes
976 598 1044 652 ab
1089 597 1316 652 interitu
1360 598 1628 664 eripiatis.
1660 598 1914 653 Edissere

349 693 514 762 igitur
547 691 722 753 nobis,
763 685 894 759 quid
927 689 1070 745 Deus
1103 691 1174 744 sit
1217 704 1272 745 et
1311 691 1405 744 Dei
1446 700 1676 757 natura;
1702 700 1833 748 tunc
1861 701 1916 746 et

347 799 470 851 ego,
513 797 761 851 quamam
797 781 918 834 Filii
961 793 1014 835 et
1042 781 1206 836 Verbi
1249 781 1344 836 Dei
1374 783 1445 836 sit
1476 783 1779 851 generatio,
1817 799 1916 838 ex-

346 889 566 942 ponam.
603 872 669 924 Et
704 874 829 926 lieet
873 874 1105 927 fortasse
1144 873 1417 940 audaculi_
1441 875 1662 943 quidam
1699 884 1755 929 et
1785 893 1915 945 per-

347 966 518 1018 frictte
552 966 746 1018 frontis
776 966 1025 1020 homines
1046 966 1113 1020 de
1139 967 1240 1021 hac
1271 983 1329 1020 re
1360 967 1620 1031 dixerint,
1647 970 1914 1040 quidquid

347 1056 477 1128 ipsis
507 1057 559 1109 in
613 1067 849 1111 mentem
891 1058 1127 1121 venerit,
1174 1057 1387 1112 fatebor
1441 1066 1621 1113 tamen
1662 1061 1776 1129 ipse
1819 1077 1915 1116 no-

350 1156 519 1200 stram
568 1149 623 1200 in
657 1148 762 1201 hoc
817 1149 1038 1218 negotio
1087 1149 1474 1218 ignorantiam.
1527 1151 1916 1209 Verumtamen

344 1237 448 1291 hac
495 1255 601 1300 me,
645 1255 751 1307 qua
802 1240 914 1308 ipse
953 1248 1165 1304 teneor,
1194 1241 1538 1297 dubitatione
1581 1242 1774 1298 libera.
1808 1247 1918 1301 Vos

346 1331 514 1394 enim,
560 1331 651 1399 qui
687 1332 870 1384 dicere
907 1333 1118 1396 soletis,
1148 1331 1265 1397 Qua
1295 1333 1506 1388 ratione
1533 1336 1794 1404 possibile
1834 1348 1918 1392 est

276 1421 284 1428 ’
349 1433 400 1474 ut
433 1423 576 1476 Dens
605 1422 799 1476 Filium
829 1423 1030 1477 habeat
1051 1423 1260 1493 absque
1294 1424 1564 1478 muliere?
1602 1426 1916 1496 intelligere

345 1512 610 1566 videmini
653 1522 749 1569 aut
782 1514 916 1568 tales
942 1529 1085 1579 esse,
1115 1515 1208 1584 qui
1251 1515 1586 1570 intellecturi
1626 1518 1738 1572 sint
1790 1535 1920 1573 exa-

347 1605 626 1667 ctissime,
657 1605 932 1673 quomodo
973 1605 1228 1662 Christus
1255 1622 1322 1661 ex
1374 1607 1605 1662 muliere
1637 1619 1799 1663 natus
1846 1611 1915 1664 sit

348 1696 465 1749 sine
497 1696 636 1748 virili
663 1712 858 1765 opera;
885 1706 940 1751 et
969 1699 1110 1768 quod
1144 1699 1237 1754 illo
1262 1706 1345 1753 est
1383 1698 1746 1767 manifestius,
1778 1718 1918 1772 quo-

351 1786 513 1840 modo
545 1785 716 1840 Adam
760 1788 922 1842 homo
961 1787 1135 1841 factus
1174 1789 1245 1842 sit
1287 1789 1405 1844 sine
1439 1788 1558 1842 viro
1584 1797 1636 1842 et
1681 1788 1922 1845 femina:
1951 1762 2000 1822 Β

352 1893 540 1930 verum
579 1886 637 1930 ut
665 1887 718 1932 et
741 1877 851 1932 Eva
899 1894 966 1933 ex
994 1880 1109 1934 viro
1151 1879 1394 1947 quidem,
1439 1873 1538 1934 sed
1563 1884 1770 1950 absque
1807 1897 1925 1935 mu-

354 1970 487 2024 liere
543 1982 725 2024 creata
773 1973 872 2037 sit,
923 1972 1087 2041 idque
1121 1988 1229 2026 non
1285 1975 1438 2044 juxta
1476 1983 1684 2030 natura:
1750 1975 1924 2046 legem

353 2057 726 2123 constitutam,
770 2074 933 2130 quam
964 2073 1085 2130 post
1125 2063 1610 2132 transgressionem
1643 2079 1673 2119 a
1697 2065 1928 2121 Domino

354 2159 707 2217 acceperunt,
731 2167 924 2206 verum
961 2153 1176 2208 diversa
1197 2155 1431 2224 quadam
1468 2157 1536 2211 ab
1558 2157 1661 2212 hac
1689 2160 1923 2225 ratione,

355 2241 516 2292 nobis
551 2243 641 2310 qui
679 2243 956 2298 Christum
989 2246 1224 2300 fatemur
1247 2263 1476 2315 prorsus
1513 2250 1808 2320 incognita,
1833 2251 1930 2307 sed

357 2331 453 2384 soli
485 2331 595 2384 Deo
638 2345 787 2388 nota.
822 2334 979 2400 Quod
1038 2335 1084 2390 si
1141 2345 1324 2390 autem
1355 2336 1461 2390 hoc
1511 2337 1931 2407 deprehendere

359 2423 506 2475 nulla
535 2424 770 2479 humana
817 2428 955 2481 ratio
1002 2435 1202 2495 potest,
1238 2428 1390 2498 quid,
1423 2447 1628 2501 quasso,
1657 2433 1930 2487 incassum

358 2511 670 2569 laborantes
705 2517 1029 2573 Musulmani
1064 2534 1166 2573 nos
1190 2520 1256 2574 de
1288 2521 1482 2576 iisdem
1519 2535 1934 2593 accusant,quae

362 2618 464 2656 nec
522 2605 622 2673 ipsi
666 2607 980 2678 intelligunt
1021 2625 1122 2663 nec
1156 2623 1448 2676 noverunt,
1498 2614 1593 2668 sed
1653 2624 1862 2668 tantum
1904 2632 1933 2670 a

364 2693 595 2748 veritate
652 2697 909 2753 aberrare
969 2699 1248 2763 videntur,
1309 2712 1574 2772 quantum
1652 2706 1848 2759 coelum
1905 2723 1934 2760 a

365 2796 510 2840 terra
575 2788 778 2843 distat?
827 2791 1025 2845 Verum
1073 2793 1478 2863 Scripturarum
1538 2797 1840 2867 ignorantia
1883 2800 1936 2854 in

366 2880 679 2951 hujusmodi
708 2898 926 2938 errores
966 2884 1301 2950 inciderunt.
1351 2886 1516 2941 illusis
1572 2890 1717 2944 enim
1767 2890 1937 2946 libros

365 2987 423 3025 et
490 2972 709 3028 Davidis
754 2976 1096 3043 psalterium,
1150 2977 1390 3048 insuper__
1431 2988 1490 3033 et
1540 2982 1936 3050 prophetarum

2020 507 2279 560 ἀδύνατον
2311 505 2496 574 αὐτοῦ,
2535 505 2620 558 ἴνα
2648 506 2857 576 σώσητε
2891 506 3059 575 ἡμᾶς,
3090 505 3215 566 τοὺς
3240 506 3296 556 ὲν
3321 502 3598 574 ἀπωλείᾳ,

2021 602 2094 662 ὡς
2115 602 2269 672 ὑμεῖς
2292 600 2478 669 λέγετε
2501 644 2514 665 ,
2536 600 2765 664 ζῶντας.
2789 600 2955 665 Λέξον
2985 617 3073 670 μοι
3108 600 3195 664 σὺ,
3217 599 3268 651 τί
3289 599 3405 650 ἐστι
3437 597 3591 660 Θεὸς,

2021 691 2114 744 καὶ
2132 691 2266 744 Θεοῦ
2289 692 2658 761 φύσις.,Κάγώ
2698 708 2779 745 σοι
2803 691 3082 759 ὲρῶ,πῶ;
3115 691 3148 760 ἡ
3186 689 3276 741 τοῦ
3315 688 3445 742 Υἱοῦ
3501 689 3596 740 καὶ

2020 786 2196 852 Λόγου
2229 784 2324 840 τοῦ
2345 784 2481 838 Θεοῦ
2516 784 2787 853 γέννησις.
2813 785 2873 838 Ei
2902 784 2945 838 δ’
2975 784 3105 845 ἴσως
3136 783 3283 845 τινὲς
3305 781 3595 852 τολμητίαι

2023 877 2118 930 καὶ
2165 877 2422 940 αὐθάδεις
2453 876 2701 940 εἴπωσιν,
2738 877 2876 947 ὅπερ
2907 878 2974 928 ἂν
3005 874 3179 944 ἀναϐῇ
3214 877 3272 928 ἐν
3300 876 3369 944 τῇ
3396 873 3598 943 καρδίᾳ

2023 965 2226 1029 αὐτῶν,
2255 965 2366 1034 ἐγὼ
2404 966 2724 1036 ὁμολογήσω
2768 965 2868 1032 τὴν
2900 963 3028 1034 περὶ
3055 962 3147 1016 τοῦ
3175 962 3417 1016 τοιούτου
3455 965 3596 1032 πρά-

2021 1078 2230 1132 γματος
2261 1060 2536 1130 ἡμετέραν
2558 1060 2780 1125 ἄγνοιαν
2799 1075 2812 1088 ³
2827 1057 2972 1127 ὅμως
2994 1056 3331 1125 θεράπευσον
3367 1073 3470 1124 μου
3495 1056 3594 1120 τὴν

2021 1154 2090 1226 ἣν
2121 1154 2229 1223 ἔχω
2266 1153 2522 1222 ἀπορίαν.
2561 1153 2751 1220 Ὑμεῖς
2781 1152 2889 1220 γὰρ
2921 1152 2969 1202 οἱ
3001 1150 3280 1218 λέγοντες,
3321 1148 3446 1210 Πῶς
3473 1149 3596 1199 ἐστι

2022 1247 2249 1301 δυνατὸν
2298 1246 2443 1317 ἔχειν
2475 1246 2566 1298 τὸν
2596 1245 2727 1297 Θεὸν
2768 1245 2883 1298 υἱον
2915 1244 3044 1302 ἄνευ
3095 1242 3396 1310 γυναικὸςς
3427 1238 3595 1308 γινώ-

2025 1359 2175 1396 σκειν
2206 1341 2429 1410 μέλλετε
2455 1339 2718 1409 ἀκριϐῶς,
2754 1337 2872 1399 πῶς
2904 1336 3166 1406 ἐγεννήθη
3202 1338 3229 1389 6
3269 1335 3503 1406 Χριστὸς
3530 1333 3596 1385 ὲκ

2025 1431 2285 1502 γυναικὸς
2315 1432 2442 1485 ἄνευ
2481 1429 2674 1500 ἀνδρός
2707 1443 2722 1458 ·
2757 1427 2850 1481 καὶ
2895 1427 2977 1478 ἔτι
3007 1423 3198 1477 τούτου
3235 1421 3595 1490 σαφέστερον,

2026 1523 2148 1587 πῶς
2171 1526 2196 1576 6
2242 1523 2414 1592 Ἀδὰμ
2448 1523 2665 1588 ἐγένετο
2696 1520 2983 1588 ἄνθρωπος
3019 1519 3147 1572 ἀνευ
3197 1515 3387 1582 ἀνδρός
3415 1531 3474 1566 τε
3499 1512 3599 1564 καὶ

2025 1613 2304 1682 γυναικός.
2369 1611 2530 1664 Ἀλλά
2561 1612 2654 1664 καὶ
2683 1611 2716 1680 ἡ
2741 1609 2862 1663 ,Εῦα
2902 1609 2960 1674 ἐξ
2985 1605 3182 1677 ἀνδρὸς
3230 1606 3348 1676 μὲν,
3381 1606 3510 1659 ἄνευ
3540 1604 3600 1656 δὲ

2027 1703 2307 1771 γυναικὸς,
2340 1703 2432 1756 καὶ⁴
2464 1702 2528 1754 οὐ
2563 1700 2706 1754 κατὰ
2737 1701 2829 1754 τὸν
2860 1698 3026 1768 νόμον
3057 1699 3153 1752 καὶ
3175 1697 3274 1767 τὴν
3321 1694 3475 1760 τάξιν
3498 1695 3599 1765 τῆς

2029 1794 2244 1864 φύσεως
2276 1795 2340 1864 ἢν
2376 1792 2565 1846 ἔλαϐον
2607 1790 2741 1861 μετά
2767 1790 2865 1860 τὴν
2903 1789 3241 1858 παράϐασιν,
3278 1786 3391 1840 ἀλλ’
3422 1785 3602 1854 ἑτέρῳ

2026 1888 2234 1957 τρόπῳ,
2269 1885 2298 1938 6
2344 1878 2473 1953 παρ’
2527 1884 2658 1953 ἡμῖν
2696 1885 2810 1946 τοῖς
2857 1881 3208 1952 Χριστιανοῖς
3241 1880 3388 1932 ἐστιν
3442 1881 3604 1944 ἀγνο-

2027 1977 2282 2047 ούμενον,
2309 1974 2457 2046 παρά
2493 1974 2549 2028 δὲ
2587 1973 2735 2044 μόνῳ
2779 1970 2854 2042 τῷ
2894 1971 3014 2040 Θεῷ
3059 1969 3488 2040 γινωσκόμενον.
3537 1970 3604 2022 Et

2027 2070 2085 2124 δὲ
2117 2068 2275 2122 τοῦτο
2304 2067 2564 2122 ἀδύνατόν
2596 2067 2714 2118 ἑστι
2747 2063 2895 2134 πάσῃ
2926 2061 3246 2134 ἀνθρωπίνῃ
3289 2059 3512 2128 γνώσει,
3549 2058 3606 2113 τί

2034 2158 2528 2232 ματαιοπονοῦντες
2607 2158 2658 2210 ot
2716 2153 3136 2224 Μουσουλμάνοι
3199 2150 3606 2220 κατηγοροῦσιν

2031 2253 2211 2324 ἡμῶν,
2260 2253 2338 2314 είς
2375 2251 2411 2305 ἀ
2441 2249 2562 2304 οῦτε
2613 2249 2820 2304 οἴδασιν
2881 2245 3006 2299 οὔτε
3054 2243 3437 2313 γινώσκουσιν,
3469 2243 3607 2296 ἀλλά

2035 2342 2256 2414 μακράν
2297 2358 2402 2393 που
2453 2338 2802 2406 εὑρίσκονται
2851 2339 2949 2405 τῆς
2975 2335 3258 2405 ἀληθείας,
3293 2335 3420 2388 ὅσον
3464 2335 3497 2403 ἡ
3534 2334 3607 2402 γῆ

2033 2431 2128 2485 τοῦ
2162 2432 2220 2483 οὐ
2232 2428 2395 2500 ρανοῦ
2420 2445 2437 2493 ς
2463 2429 2570 2481 ἀπὸ
2595 2427 2704 2495 γὰρ
2730 2426 2824 2479 τοῦ
2852 2425 2925 2495 μὴ
2961 2421 3251 2492 γινώσκειν
3282 2422 3480 2483 αὐτοὺς
3506 2421 3608 2483 τὰς

2037 2524 2260 2594 Γραφάς
2284 2521 2540 2576 ἐνέπεσον
2571 2521 2650 2583 είς
2675 2518 2835 2572 αὐτὰ.
2870 2517 2952 2570 Τὰ
2985 2516 3094 2586 γὰρ
3121 2514 3395 2570 Μωσαῖκὰ
3425 2513 3612 2584 βιϐλία

2039 2617 2132 2669 καλ⁵
2167 2616 2226 2668 τὸ
2259 2612 2353 2666 τοῦ
2383 2612 2546 2666 Δαϐὶδ
2584 2611 2884 2680 ψαλτήριον
2910 2647 2925 2673 ,
2955 2609 3037 2660 ἔτι
3060 2607 3117 2660 δὲ
3142 2607 3235 2660 καὶ
3267 2606 3451 2659 αἰτῶν
3475 2623 3613 2674 προ-

2041 2708 2226 2777 φητῶν
2257 2705 2492 2777 Γραφαὶ,
2527 2703 2660 2756 ἀλλὰ
2708 2703 2772 2774 δὴ
2811 2703 2907 2764 καὶ
2943 2701 3003 2754 τὸ
3029 2700 3121 2754 τοῦ
3156 2699 3392 2772 Χριστοῦ
3431 2699 3611 2767 Εὐαγ-

2039 2798 2236 2868 γέλιον,
2269 2797 2337 2849 τὰ
2362 2797 2538 2848 πέιντα
2571 2795 2664 2848 καὶ
2693 2793 2843 2861 am,
2894 2793 2988 2846 καὶ
3026 2791 3232 2855 δίκαια,
3281 2782 3378 2842 κάὶ
3412 2789 3614 2858 ἀληθῆ,

2041 2889 2136 2952 καὶ
2171 2889 2311 2941 καλὰ
2339 2889 2556 2954 λέγουσι
2585 2886 2682 2939 καὶ
2710 2883 3056 2954 ὁμολογοῦσι.
3089 2885 3200 2938 Καὶ
3240 2879 3414 2944 οὕτως
3463 2880 3612 2933 ἐστὶν

2041 2983 2075 3052 ἡ
2103 2981 2349 3050 ἀλήθεια.
2399 2977 2756 3046 Ὀμολογοῦσι
2787 2976 2842 3028 δὲ
2870 2977 3099 3045 στόματι
3134 2973 3306 3044 μόνῳ,
3347 2971 3414 3024 τά
3444 2970 3500 3024 δὲ
3527 2971 3620 3029 λες

369 3063 591 3131 scripta,
627 3064 721 3118 sed
764 3073 819 3118 et
863 3066 1039 3136 ipsum
1079 3067 1287 3122 Christi
1314 3069 1689 3139 Evangelium,
1732 3075 1936 3138 omnia,

2045 3074 2250 3142 γόμενα
2307 3071 2436 3143 παρ’
2475 3070 2656 3124 αὐτῶν
2707 3067 3014 3136 ἀγνοοῦσιν.
3059 3066 3222 3129 ;Ἀλλ’
3276 3063 3466 3136 ὥσπερ
3522 3063 3616 3116 ἴνα

370 3155 614 3224 inquam,
663 3157 777 3211 hunc
830 3171 1036 3222 sancta,
1063 3161 1231 3230 justa,
1268 3177 1396 3215 vera
1427 3172 1484 3216 et
1529 3164 1671 3217 bona
1705 3180 1822 3219 esse
1855 3166 1941 3219 di-

371 3257 500 3298 cunt
557 3254 611 3300 et
646 3249 987 3303 iconfitentdr
1037 3257 1118 3321 (ut
1154 3261 1215 3308 et
1247 3267 1433 3306 revera
1483 3257 1655 3319 sunt),
1705 3256 1944 3310 fatentur

373 3347 554 3396 autem
602 3341 734 3394 solis
789 3343 1009 3410 verbis,
1041 3361 1160 3414 qua:
1205 3357 1388 3400 autem
1442 3348 1492 3400 in
1538 3348 1622 3400 his
1663 3347 1941 3413 diruntur,

374 3441 484 3480 non
536 3429 864 3500 intelligunt.
949 3432 1016 3486 Et
1090 3435 1549 3502 quemadmodum
1591 3438 1738 3496 ,fieri
1785 3440 1944 3504 solet,

371 3532 497 3571 cum
554 3520 757 3575 auditis
798 3524 1021 3592 angelus
1064 3527 1280 3596 egregie
1321 3535 1376 3581 et
1404 3530 1746 3583 suavissimis
1797 3533 1950 3586 sonis

376 3609 542 3664 Deum
577 3613 880 3682 celebrare,
923 3635 987 3671 ea
1028 3619 1255 3687 quidem
1293 3636 1416 3689 qua:
1455 3622 1716 3676 dicuntur
1764 3625 1832 3678 ab
1864 3624 1948 3680 his

372 3719 560 3758 amore
595 3717 650 3760 et
678 3706 932 3764 laudibus
956 3712 1385 3780 prosequimini,
1424 3714 1549 3783 quis
1589 3730 1721 3769 vero
1775 3715 1952 3770 dicto-

376 3813 496 3848 rum
548 3813 740 3853 sensus
793 3801 863 3853 sit
912 3818 1022 3854 non
1075 3803 1402 3874 intelligitis.
1442 3805 1532 3859 Sic
1588 3806 1640 3859 in
1690 3808 1950 3862 omnibus

379 3887 529 3942 hisce
583 3889 740 3942 libris
782 3890 964 3945 facere
991 3894 1204 3958 soletis,
1256 3903 1416 3949 utea
1463 3898 1682 3965 quidem
1735 3914 1855 3967 qure
1896 3900 1951 3952 in

379 3979 467 4033 bis
517 3982 732 4049 scripla-
799 3986 1177 4052 continentur,
1237 3987 1499 4041 laudibus
1539 3989 1790 4066 vehatish
1821 3991 1953 4060 quid

380 4088 511 4125 vero
561 4074 800 4138 dicatur,
849 4075 1132 4145 ignoretis.
1167 4078 1577 4143 Quamobrem?
1625 4065 1959 4147 Quiaqnun-

379 4177 544 4230 quam
574 4162 640 4217 de
697 4163 780 4218 his
823 4167 994 4221 solide
1040 4168 1225 4222 cdocti
1276 4170 1431 4226 estis.
1469 4171 1771 4228 Christiani
1822 4190 1955 4230 vero

384 4257 580 4323 partim
612 4258 664 4312 in
689 4261 941 4316 ecclesiis
976 4265 1312 4336 congregati,
1338 4267 1539 4334 partim
1570 4267 1772 4338 singuli
1808 4266 1957 4321 demi

381 4362 496 4402 sua:
529 4351 775 4418 quotidie
796 4368 980 4408 sacros
1004 4355 1174 4414 libros
1199 4358 1508 4428 perlegunt,
1543 4367 1599 4413 et
1623 4359 1704 4413 sic
1741 4358 1957 4425 tandem

2050 3164 2277 3234 ἠκούετε
2328 3162 2478 3236 πα.ρά
2519 3161 2628 3215 τῶν
2675 3159 2922 3228 ἀγγέλων
2966 3160 3048 3212 ὅτι
3098 3156 3283 3220 καλῶς
3314 3158 3425 3230 ’καὶ
3477 3154 3616 3224 μετά

2051 3253 2289 3326 μεγάλης
2316 3252 2647 3322 γλυκύτητος
2678 3251 2774 3304 καὶ
2819 3250 3010 3321 ἡδονῆς
3059 3248 3272 3303 αἰνοῦσι
3336 3248 3427 3301 τὸν
3453 3246 3638 3310 Θεὸν,’

2049 3344 2142 3397 καὶ
2171 3343 2239 3394 τὰ
2266 3341 2534 3410 λεγόμενα
2581 3341 2711 3408 παρ’
2738 3339 2960 3392 ἐκείνων
3013 3337 3304 3406 ὲστέργετε
3362 3338 3456 3390 καὶ
3486 3339 3622 3408 ἐπῃ-

2048 3439 2208 3498 νεῖτε,
2242 3435 2294 3489 τί
2331 3435 2386 3489 δέ
2419 3435 2565 3487 ἐστιν
2605 3431 2633 3486 ὃ
2661 3431 2916 3501 ¹λέγουσιν
2947 3433 3200 3502 ἠγνοεῖτε
3231 3444 3244 3459 ·
3296 3427 3473 3492 οὕτως
3504 3430 3624 3482 ἐστὶ

2051 3533 2143 3584 καὶ
2186 3529 2276 3581 ἐπὶ
2305 3527 2524 3580 πάντων
2574 3524 2802 3578 τουτωνὶ
2835 3523 2944 3577 τῶν
2997 3522 3242 3592 βιϐλίων,
3285 3521 3368 3574 ὅτι
3391 3519 3457 3572 τά
3489 3517 3626 3588 παρ’

2052 3621 2232 3676 αὐτῶν
2281 3618 2648 3690 γεγραμμένα
2698 3618 2994 3680 ἐπαινεῖτε,
3051 3615 3102 3667 τί
3131 3613 3188 3667 δὲ
3237 3611 3488 3680 λέγουσιν
3523 3609 3630 3663 οὐκ

2053 3716 2248 3779 οῖδατε.
2287 3713 2477 3778 Διατί;
2527 3711 2653 3764 Ὀτι
2695 3709 2812 3762 οὐδὲ
2841 3708 2979 3770 ὅλως
3023 3705 3340 3776 ἐδιδάχθητε
3377 3704 3504 3772 περὶ
3529 3703 3631 3757 αὐ-

2055 3805 2183 3858 τῶν.
2215 3804 2278 3857 Οί
2339 3802 2393 3854 δὲ
2426 3799 2766 3871 Χριστιανοὶ,
2803 3798 2897 3850 ποῖ
2941 3796 3041 3868 μὲν
3069 3795 3152 3858 είς
3191 3793 3292 3857 τάς
3328 3790 3630 3861 ἐκκλησίας

2057 3895 2441 3962 συναγόμενοι,
2479 3893 2572 3944 ποῖ
2631 3891 2686 3944 δὲ
2717 3889 2952 3951 ἕκαστος
3002 3890 3080 3950 είς
3122 3887 3216 3940 τὸν
3257 3881 3402 3938 οἶκον
3459 3883 3634 3938 αὐτοῦ

2058 3985 2378 4056 καθημέραν
2411 3981 2848 4051 ἀναγινώσκουσι
2888 3979 2987 4042 τὰς
3009 3977 3248 4050 βίϐλους,
3276 3975 3368 4031 καὶ
3397 3978 3424 4029 ὁ
3454 3975 3628 4037 πολὺς

2055 4081 2268 4150 χρόνος,
2299 4076 2393 4130 καὶ
2428 4076 2460 4146 ἠ
2495 4072 2725 4142 συνεχὴς
2772 4070 3104 4138 ἀνάγνωσις,
3164 4067 3262 4121 καὶ
3305 4068 3337 4137 ἡ
3391 4066 3634 4136 ἀκριϐὴς

2059 4174 2303 4234 ἐξέτασις
2334 4167 2645 4237 ὲφανέρωσε
2677 4165 2772 4217 καὶ
2799 4163 3040 4227 ἐδίδαξεν
3093 4161 3293 4223 αὐτοὺς
3319 4159 3499 4212 πᾶσαν
3529 4159 3636 4224 τὴν

2061 4262 2341 4334 ἀλήθειαν.
2382 4257 2536 4310 Ἐπεὶ
2567 4252 2659 4308 οὖν
2694 4254 2912 4322 ἀγνοεῖς
2942 4253 3015 4304 τὰ
3059 4251 3190 4322 napi.
3227 4249 3320 4302 τοῦ
3363 4246 3634 4318 Χριστοῦ,

2062 4356 2156 4409 καὶ
2178 4349 2481 4424 λογίζῃϐτι
2531 4347 2705 4407 οὐδεὶς
2758 4344 2864 4398 τῶν
2894 4343 3063 4412 ἁγίων
3095 4340 3324 4411 ἑλάλησε
3374 4339 3502 4409 περὶ
3535 4338 3639 4391 αῦ-

3457 4430 3483 4456 ν

385 4441 648 4509 temporis
670 4442 1023 4508 diuturnitas,
1057 4446 1274 4504 assidua
1305 4447 1492 4510 lectio,
1513 4457 1570 4502 et
1602 4448 1837 4519 diligens
1871 4449 1939 4502 inv

2069 4446 2186 4512 τοῦ,
2226 4443 2340 4502 ἀλλ’
2391 4439 2516 4494 οὒτε
2544 4438 2827 4511 προφήτης
2868 4436 3267 4507 προεφήτευσε,
3306 4430 3399 4486 καὶ
3453 4430 3637 4498 ζητεῖς

385 4533 676 4602 vestigatio
719 4535 976 4604 exposuit
1008 4536 1311 4607 docuitque
1347 4539 1470 4596 illos
1499 4554 1718 4598 omnem
1759 4540 1939 4594 verita-

2062 4536 2238 4592 ταῦτα
2295 4534 2523 4594 ἀκοῦσαι
2561 4530 2692 4598 παρ’
2748 4529 2908 4599 ἡμῶν
2960 4529 3034 4591 ὼς
3072 4525 3232 4596 δῆθεν
3275 4525 3350 4594 μὴ
3399 4523 3635 4592 ἐχόντων

388 4631 518 4676 tem.
542 4623 678 4680 Cum
715 4625 880 4696 igitur
908 4627 1125 4697 ignores
1154 4645 1216 4684 ea
1246 4644 1367 4697 quae
1390 4629 1594 4684 Christi
1621 4641 1770 4695 sunt,
1791 4639 1939 4696 puta:

2066 4627 2386 4696 ἀπολογίαν,
2449 4625 2684 4680 ἄκουσον
2745 4623 2873 4690 περὶ
2921 4613 2996 4676 ὧν
3048 4619 3256 4689 ζητεῖς,
3311 4617 3405 4669 καὶ
3438 4613 3632 4685 σκέψαι

381 4716 570 4779 etiam,
605 4719 750 4787 quod
785 4735 947 4774 nemo
976 4729 1290 4780 sanetorum
1318 4721 1386 4776 de
1451 4722 1543 4776 illo
1569 4721 1788 4776 loeutus
1846 4724 1941 4785 sit,

2067 4720 2310 4792 ἀκριϐῶς
2333 4719 2408 4771 .τά
2447 4718 2737 4786 λεγόμενα.

377 4821 440 4866 et
480 4811 661 4866 nullus
694 4812 1084 4880 prophetarum
1130 4808 1198 4864 de
1241 4811 1344 4866 hoc
1382 4811 1742 4879 vaticinatus;
1785 4825 1957 4880 eaque
1999 4825 2028 4865 a
2064 4811 2246 4875 nobis,
2279 4824 2416 4879 quos
2460 4808 2609 4864 omni
2645 4808 2950 4877 patrocinio
2997 4804 3293 4865 destitutos
3326 4800 3636 4862 arbitraris,

383 4904 579 4958 audire
602 4902 903 4960 desideras.
925 4902 1068 4958 Audi
1120 4902 1286 4974 igitur
1343 4903 1488 4973 quod
1509 4903 2024 4972 quieris,etattente
2054 4918 2177 4973 quas
2207 4903 2469 4968 dicuntur
2499 4899 2808 4958 considera.

459 5020 513 5073 2.
558 5020 785 5088 Magnus
819 5017 911 5072 ille
937 5017 1117 5076 Moses
1140 5017 1196 5072 in
1227 5017 1370 5072 libro
1400 5017 1682 5074 Geneseos
1709 4998 1969 5077 vermic-

390 5128 497 5169 nus
518 5112 599 5168 sic
621 5111 756 5166 dixit
780 5129 793 5166 :
821 5129 840 5162 ι
869 5111 1014 5164 Dixit
1036 5109 1299 5165 Dominus
1328 5127 1340 5163 :
1366 5110 1585 5167 Clamor
1609 5110 1969 5166 Sudomarum

389 5213 450 5258 et
471 5202 792 5258 Gomorrhae
818 5201 1223 5271 multiplicatus
1240 5209 1334 5257 est
1372 5215 1560 5257 coram
1593 5216 1700 5257 me.
1735 5200 1978 5258 Descen-

394 5295 532 5351 dens
578 5294 747 5366 igitur
801 5294 1024 5348 videbo.
1063 5293 1340 5348 Abraham
1396 5309 1530 5349 vero
1566 5294 1745 5349 stabat
1792 5306 1975 5350 coram

395 5387 650 5442 Domino.
680 5386 749 5442 Et
776 5384 1221 5456 appropinquans
1238 5385 1511 5441 Abraham
1540 5385 1680 5440 dixit
1705 5402 1719 5438 :
1746 5382 1978 5439 Numsi-

401 5483 514 5536 niul
546 5484 747 5552 justum
781 5481 980 5552 perdes
1015 5495 1138 5537 cum
1165 5480 1355 5550 impio,
1400 5488 1455 5533 et
1487 5479 1594 5533 erit
1621 5480 1806 5549 justus
1832 5478 1974 5533 sicut

367 5635 383 5643 _
403 5574 642 5643 impius?
661 5574 716 5628 Si
731 5574 944 5630 fuerint
962 5572 1361 5644 quinquaginta
1380 5571 1511 5643 justi
1540 5571 1593 5625 in
1615 5571 1772 5635 urbe,
1790 5584 1975 5624 nonne

405 5669 656 5722 remittes
696 5668 772 5722 illi
805 5677 1029 5736 propter
1074 5666 1473 5737 quinquaginta
1505 5664 1716 5734 justus?
1755 5663 1974 5732 Nequa-

407 5773 570 5826 quam
612 5759 713 5814 hoc
739 5759 927 5826 facies,
949 5757 1042 5828 qui
1074 5757 1292 5830 iudicas
1319 5773 1536 5813 omnem
1567 5765 1794 5811 terram.
1833 5754 1975 5809 Dixit

2142 5018 2206 5088 β’.
2262 5017 2331 5088 ΔὈ
2391 5015 2564 5084 μέγας
2592 5014 2800 5075 ἐκεῖνος
2863 5010 3071 5078 Μωσῆς
3111 5011 3170 5062 ὲν
3205 5009 3270 5078 τῇ
3327 5005 3498 5077 βίϐλῳ
3549 5008 3645 5073 τῆς

2071 5085 2336 5177 vested»;
2374 5107 2577 5162 οὑτωσὶ
2633 5104 2781 5160 κατά
2815 5103 2962 5169 λέξιν
2991 5101 3215 5173 ειρηκεν
3249 5117 3261 5130 -
3300 5117 3320 5150 ι
3363 5097 3500 5154 Eius
3531 5100 3648 5153 K6-

2075 5220 2211 5274 ριος,
2241 5202 2472 5273 Κραυγὴ
2509 5198 2759 5268 Σοδόμων
2796 5197 2894 5250 καὶ
2929 5195 3218 5265 Γομόρρας
3270 5192 3649 5262 πεπλήθυνται

2075 5297 2214 5368 πρός
2263 5311 2354 5363 με,
2389 5291 2633 5356 καταϐὰς
2661 5289 2888 5360 ὄψομαι.
2934 5287 3190 5356 Ἀϐραὰμ
3229 5285 3285 5338 δὲ
3309 5279 3378 5354 ἦν
3402 5282 3652 5353 ἑστηκὼς

2077 5388 2258 5442 ἔναντι
2305 5385 2510 5456 Κυρίου
2553 5427 2567 5449 ,
2633 5383 2729 5437 καὶ
2784 5380 3010 5449 ἐγγίσας
3059 5377 3315 5449 ’Δϐραάμ
3366 5371 3510 5443 εἷπε,
3565 5375 3652 5445 Μὴ

2079 5479 2450 5550 συναπολέσῃς
2479 5477 2686 5530 δίκαιον
2720 5473 2862 5542 μετά
2886 5470 3140 5535 ἀσεϐοῦς,
3189 5470 3285 5522 καὶ
3320 5469 3477 5523 ἔσται
3525 5471 3554 5522 6
3577 5469 3655 5522 δί-

2080 5587 2234 5632 καιος
2261 5570 2336 5630 ib;
2368 5572 2394 5621 6
2446 5567 2693 5636 ἀσεϐήςς
2736 5565 2862 5619 Ἐὰν
2895 5558 2997 5620 ὦσι
3059 5563 3398 5633 πεντήκοντα
3455 5560 3654 5614 δίκαιοι

2084 5666 2140 5717 ὲν
2179 5665 2246 5732 τῇ
2273 5661 2451 5726 πόλει,
2476 5661 2577 5713 οὐκ
2617 5649 2863 5728 ’ἀφήσεις
2889 5656 3059 5727 αὐτὴν
3089 5655 3278 5708 ἕνεκεν
3309 5653 3420 5708 τῶν
3454 5651 3653 5722 πεντή-

2097 5773 2259 5810 κοντα
2290 5754 2556 5820 dualem;
2610 5750 2889 5822 Μηδαμῶς
2956 5749 3189 5820 ποιήσῃς
3245 5743 3424 5807 τοῦτο.
3475 5741 3652 5816 ὀκρί-
