3970 6212
345 318 454 378 385

1308 313 1606 373 CONTRA
1651 311 2137 392 ΜΑΠΟΜΕΤΕΜ
2182 311 2558 372 APOLOGIA
2607 311 2658 373 l.

3487 309 3592 375 3&6

350 445 458 479 νων
498 428 681 479 πᾶσαν
710 422 806 493 τὴν
837 424 966 492 γῆν.
997 419 1130 475 Eia:
1159 421 1216 476 δὲ
1245 422 1473 493 Κύριος·
1520 422 1646 474 Ἐὰν
1679 421 1826 492 ε’ύρω
1861 423 1914 473 ὲν

2021 437 2152 473 vero
2177 421 2438 474 Dominus
2465 439 2479 475 :
2515 423 2570 474 Si
2611 423 2871 474 invenero
2901 421 3293 492 quinquaginta
3316 422 3494 492 justos
3525 428 3580 478 in

348 515 607 584 Σοδόμοις
655 507 994 582 πεντήκοντα
1049 511 1316 575 δικαίους,
1357 512 1560 580 ἀφήσω
1609 512 1785 564 πάντα
1830 511 1922 564 τὸν

346 607 514 660 τόπον
547 605 615 656 δι’
641 602 857 666 αὐτούς.
891 604 999 657 Καὶ
1046 602 1366 672 ἀποκριθεὶς
1415 604 1444 655 6
1472 602 1746 672 ’Δϐραὰμ,
1775 597 1920 669 εἷπε,

348 697 467 750 Νῦν
505 695 762 764 ἠρξάμην
794 694 1025 763 λαλῆσαι
1058 695 1196 763 πρὸς
1224 694 1313 746 τὸν
1363 694 1569 764 Κύριόν
1607 711 1708 764 μου
1743 711 1757 725 ·
1808 695 1922 762 ἐγὼ

348 788 404 839 δέ
439 787 554 853 εἰμι
585 787 655 854 γῆ
691 787 787 840 καὶ
828 785 1042 846 σποδὸς
1079 786 1173 837 καὶ
1225 785 1321 837 ἐὰν
1357 785 1620 856 εύρεθῶσι
1648 788 1923 855 τεσσαρὰ-

349 895 520 932 κοντα
567 879 730 929 πέντε
761 894 775 942 ;
812 876 921 942 καὶ
973 873 1094 928 εἷπε
1126 877 1153 928 6
1205 876 1426 945 Κύριος,
1487 877 1614 930 Ἐὰν
1658 876 1922 944 εὐρεθὼσι

353 971 770 1040 τεσσαράκοντα
803 969 989 1031 πέντε,
1019 968 1106 1020 ἵνα
1157 969 1353 1036 ἀφήσω
1399 967 1496 1037 ⁸δὴν
1545 969 1720 1021 πόλιν.
1759 987 1777 1018 ι
1815 969 1923 1021 Καὶ

348 1062 732 1129 διαλεγόμενος
751 1058 1026 1128 Ἀϐραὰμ,
1054 1058 1286 1127 κατῆλθε
1320 1059 1482 1128 μέχρι
1515 1060 1610 1110 καὶ
1639 1059 1748 1110 τῶν
1767 1058 1919 1112 δέκα.

350 1149 486 1206 Εἶτα
533 1151 680 1217 λέγει
731 1149 958 1216 Μωσῆς,
1004 1150 1097 1200 καὶ
1137 1148 1343 1217 ἀπῆλθε
1374 1149 1595 1218 Κύριος,
1635 1149 1709 1209 ὡς
1752 1149 1920 1200 ἐπαύ-

351 1260 486 1296 σατο
519 1241 691 1293 λαλῶν
727 1241 804 1310 τῷ
845 1240 1116 1310 Ἀϐραάμ.
1158 1259 1174 1290 ι
1219 1242 1445 1303 Βλέπεις
1494 1241 1654 1292 πόθεν
1690 1240 1921 1308 ἧρξαντο

352 1337 700 1405 καταμικρδν
717 1336 1111 1389 ἀναφαίνεσθαι
1141 1335 1207 1406 τὰ
1237 1336 1334 1386 τοῦ
1366 1335 1642 1404 Χριστοῦς
1689 1338 1782 1388 τοῦ
1812 1337 1921 1406 γὰρ

347 1425 562 1477 δικαίου
597 1425 646 1476 οἱ
674 1423 942 1491 ὀφθαλμοὶ
970 1405 1234 1492 ἠδύναντο
1267 1425 1470 1490 γνῶναι
1509 1426 1600 1476 τὸν
1630 1424 1784 1487 Θεὸν,
1817 1405 1921 1477 κᾶν

345 1516 406 1566 ἐν
437 1514 668 1582 δουλικῷ
717 1515 928 1583 ὑπῆρχε
962 1513 1040 1583 τῷ
1098 1517 1360 1583 σχήματι.
1426 1515 1710 1585 Πρόσσχες
1766 1517 1916 1585 γοῦν.

346 1606 467 1666 πῶς
508 1606 537 1656 6
574 1604 706 1666 Θεὸς
765 1607 860 1656 καὶ
906 1607 1093 1675 Πατὴρ
1127 1607 1383 1658 οὐδέποτε
1445 1609 1618 1678 ἐφάνη
1649 1611 1704 1660 ὲν
1731 1609 1917 1678 ὁράσει

347 1697 650 1766 προφητῶν
683 1695 758 1754 ὡς
799 1695 1104 1766 ἄνθρωπος,
1143 1697 1276 1750 διότι
1311 1699 1410 1751 οὐκ
1452 1700 1668 1767 ἐγένετο
1711 1700 1919 1770 ἄνθρω-

344 1805 470 1850 πος.
516 1789 682 1841 ’Λλλὰ
708 1791 840 1841 ποτε
877 1789 975 1858 μὲν
1002 1790 1468 1856 ἐφαίνετοοᾶλλως,
1496 1793 1625 1844 ποτὶ
1647 1793 1690 1844 δ’
1719 1793 1913 1856 ἄλλως.

345 1879 611 1946 Ἄγγελοι
661 1880 716 1931 δὲ
769 1881 908 1933 κατὰ
959 1885 1180 1952 καιροὺς
1222 1885 1505 1950 φαίνονται
1566 1887 1622 1937 ἐν
1674 1887 1916 1954 σχήματι

342 1971 679 2040 ἀνθρώπων.
724 1972 1071 2036 Ἐξεταστέον
1097 1970 1190 2027 οῦν
1218 1977 1346 2042 περὶ
1374 1975 1474 2043 τῆς
1497 1977 1752 2044 τοιαύτης
1783 1979 1920 2030 θεω-

345 2063 490 2131 ρίας,
526 2063 609 2124 τίς
636 2059 704 2131 ἦν
735 2063 764 2114 6
791 2063 978 2132 ὀφθείς
1007 2081 1021 2129 ;
1074 2064 1205 2118 Ἰδοὺ
1239 2069 1266 2118 6
1300 2066 1431 2129 Θεὸς
1469 2069 1561 2120 καὶ
1596 2070 1783 2138 Πατὴρ
1817 2071 1917 2122 οὐκ

344 2147 436 2221 ἦν,
466 2153 592 2205 ἐπεὶ
649 2154 677 2205 6
709 2155 898 2217 φανεὶς
930 2153 1004 2217 ὡς
1055 2155 1340 2225 ἄνθρωπος
1392 2160 1566 2227 ἐφάνη
1606 2161 1913 2228 Ἀγγελοςς

351 2244 463 2297 Καὶ
494 2245 661 2306 ποίας
692 2245 876 2312 ἔχεται
928 2245 1275 2309 ἀκολουθίας,
1319 2248 1451 2300 πότε
1497 2250 1701 2316 Μωσῆς
1732 2251 1763 2320 ῆ
1796 2252 1916 2304 ἔτει-

368 2333 453 2401 ρός
485 2350 560 2395 τις
586 2335 693 2385 τῶν
731 2334 904 2402 ἁγίων
927 2337 1183 2404 μνησθεὶς
1212 2337 1441 2403 ἀγγέλου
1464 2377 1479 2402 ,
1510 2338 1794 2407 ὠνόμασεν
1826 2343 1916 2394 αὺ-

367 2425 454 2476 τὸν
491 2425 686 2494 Κύριον
716 2427 750 2495 ἢ
783 2427 977 2496 κριτήν
1010 2445 1026 2491 ;
1077 2428 1172 2490 Τίς
1209 2429 1316 2498 γάρ
1348 2432 1494 2483 ἐστιν
1521 2433 1549 2483 6
1586 2432 1786 2502 κρίνων
1817 2436 1918 2486 πᾶ-

361 2534 456 2570 σαν
493 2519 588 2587 τὴν
617 2518 746 2587 γῆν,
783 2519 829 2589 ,ἢ
860 2520 1025 2583 Θεός;
1075 2521 1228 2573 Ἐπεὶ
1271 2518 1365 2575 οὖν
1395 2524 1774 2590 ἀναφαίνεται,
1834 2528 1916 2580 ὅτι

350 2610 375 2659 6
398 2607 530 2670 Θεὸς
563 2613 656 2660 καὶ
691 2610 878 2679 Πατὴρ
907 2611 1006 2663 ούκ
1037 2606 1105 2680 ἦν
1158 2615 1344 2678 φανεὶς
1379 2614 1452 2676 ὡς
1482 2615 1920 2687 ἅνθρωποςηᾶγ-

347 2700 501 2766 γελος
533 2701 634 2753 οὔκ
657 2697 724 2772 ἦν
761 2703 829 2755 δι’
861 2702 926 2766 ἃς
960 2703 1186 2774 εἴπομεν
1233 2707 1429 2771 αἰτὶας,
1489 2709 1738 2776 φαίνεται
1784 2712 1918 2764 πάν-

342 2805 451 2854 τως
481 2793 542 2857 ἐξ
565 2793 829 2861 ἀνάγκης,
871 2796 951 2847 ὅτι
986 2796 1148 2859 αὐτὸς
1177 2793 1245 2868 ἦν
1279 2801 1305 2850 6
1335 2799 1462 2862 Υἱὸς
1497 2788 1592 2853 ita}.
1619 2803 1790 2870 Λόγος
1821 2804 1914 2856 τοῦ

341 2879 506 2944 Θεοῦ,
542 2881 601 2943 ὃς
641 2884 754 2933 ἐστι
785 2882 915 2946 Θεὸς
956 2886 1053 2937 καὶ
1090 2887 1398 2957 ἄνθρωπος.
1428 2891 1528 2943 Διὰ
1557 2891 1667 2962 γὰρ
1707 2894 1766 2944 τὸ
1809 2912 1916 2960 φα-

341 2972 501 3037 νῆναι
548 2972 625 3039 τῷ
656 2973 904 3043 Ἀϐραὰμ
930 2975 1004 3038 ὡς
1030 2976 1334 3046 ἄνθρωπον,
1381 2981 1544 3046 ἔδειξε
1572 2983 1670 3051 τὴν
1700 2983 1917 3052 μέλλου-

2028 505 2296 572 Sodomis,
2331 511 2602 564 remittam
2631 510 2777 563 omni
2811 510 2929 564 loco
2976 511 3065 565 isti
3101 521 3328 580 propter
3371 515 3489 568 hos.
3527 517 3595 570 Et

2025 599 2366 667 respondens
2396 601 2667 654 Abraham
2700 600 2834 653 dixit
2868 618 2880 653 :
2929 601 3082 654 Nunc
3115 605 3292 669 incepi
3343 607 3493 674 loqui
3525 610 3591 662 ad

2027 687 2316 742 Dominum
2354 706 2556 752 meum.
2591 705 2691 759 ego
2723 699 3012 743 veroterra
3045 707 3162 744 sum
3195 707 3248 746 et
3273 694 3591 764 einis.Quid

2025 776 2068 829 si
2101 777 2447 832 inveniantur
2497 780 2856 848 quadraginta
2891 781 3177 848 quinque?
3214 783 3281 836 Et
3321 787 3455 840 dixit
3487 791 3593 842 Do—

2026 869 2236 925 minus;
2272 868 2325 921 Si
2359 870 2618 924 invenero
2644 871 3284 942 quadragintaquinque,
3316 880 3588 935 remittam

2025 959 2256 1013 civitati.
2288 979 2304 1010 ›
2338 960 2401 1012 Ει
2438 966 2538 1016 hoc
2591 962 2751 1016 modo
2811 963 3127 1031 colloquens
3188 981 3310 1019 eum
3363 970 3590 1026 Domino

2023 1051 2318 1113 Abraham.
2377 1053 2662 1107 descendit
2713 1071 2884 1124 usque
2939 1059 3005 1111 ad
3061 1061 3276 1114 decem.
3335 1062 3396 1115 lit
3459 1074 3589 1116 tune

2024 1141 2196 1196 Moses
2235 1145 2552 1213 subjungit:
2598 1163 2614 1195 ι
2654 1145 2714 1198 Et
2767 1148 2900 1202 abiit
2957 1151 3257 1214 Dominus,
3295 1164 3585 1222 postquam

2025 1236 2255 1287 cessavit
2306 1236 2453 1301 loqui
2533 1253 2656 1289 cum
2705 1240 2976 1294 Abraham
3005 1243 3043 1295 ¹.
3090 1263 3107 1295 ι
3154 1245 3384 1297 Videsne
3447 1247 3587 1296 unde

2023 1328 2288 1394 emperint
2325 1329 2582 1394 paulatim
2619 1331 2950 1385 manifestari
2980 1373 2996 1398 ,
3025 1351 3145 1404 qum
3179 1336 3245 1388 ad
3308 1337 3585 1389 Christum

2024 1415 2330 1481 pertinent?
2358 1414 2512 1470 Oculi
2546 1419 2690 1470 enim
2717 1420 2953 1475 hominis
2979 1423 3109 1487 justi
3143 1433 3392 1491 poterant
3422 1444 3588 1494 agno—

2021 1520 2172 1558 scere
2219 1507 2410 1571 Deum,
2445 1507 2569 1563 licet
2603 1511 2654 1561 in
2704 1513 2887 1566 servili
2945 1511 3114 1567 forma
3157 1516 3464 1569 exsisteret.
3493 1517 3589 1569 Λι-

2023 1598 2181 1649 tende
2213 1587 2562 1666 igiturfquod
2595 1600 2734 1654 Deus
2762 1603 2928 1656 Pater
2947 1621 3222 1674 nunquam
3249 1609 3496 1675 apparuit
3535 1609 3584 1660 in

2023 1685 2414 1753 prophetarum
2457 1687 2763 1741 visionibus
2804 1690 3039 1742 humana
3073 1691 3252 1758 Specie
3282 1733 3297 1754 ,
3333 1709 3398 1746 eo
3442 1695 3585 1761 quod

2023 1776 2135 1844 ipse
2166 1792 2271 1828 non
2309 1788 2390 1831 est
2432 1779 2595 1830 homo
2632 1779 2809 1833 fat-tus
2838 1799 2849 1833 :
2879 1782 2971 1834 sed
3016 1799 3161 1835 nunc
3203 1784 3422 1853 quidem
3458 1786 3584 1842 alia.

2020 1884 2166 1922 ntmc
2221 1887 2435 1923 rursum
2487 1871 2587 1923 alia
2641 1873 2822 1940 specie
2881 1875 3132 1941 apparuit
3208 1875 3394 1944 Augt-li
3456 1893 3586 1928 vero

2021 1976 2414 2031 nonnunqumu
2473 1963 2709 2016 humana
2745 1966 2924 2033 specie
2977 1977 3268 2034 apparent.
3303 1968 3586 2037 Inquiren—

2019 2053 2146 2106 dum
2173 2054 2336 2121 igitur
2367 2055 2416 2106 in
2454 2055 2553 2108 hac
2584 2056 2793 2108 visione
2836 2056 3290 2124 fuerit,quisnam
3322 2059 3364 2111 is
3397 2061 3465 2112 sit
3492 2059 3583 2126 qui

2023 2154 2149 2198 tunc
2192 2147 2337 2198 visus
2381 2154 2483 2197 est.
2531 2146 2671 2199 Ecce
2710 2161 2858 2205 vero,
2895 2147 3036 2200 Deus
3069 2149 3226 2200 Pater
3266 2166 3370 2201 non
3422 2159 3579 2210 erat;

2019 2237 2144 2304 quia
2213 2237 2447 2289 humana
2497 2237 2668 2289 forma
2727 2237 2872 2290 visus
2921 2249 3023 2291 est.
3096 2239 3198 2291 Sed
3258 2239 3584 2305 angelumne

2019 2326 2186 2379 fuisse
2218 2326 2403 2380 dices?
2438 2326 2541 2381 Sed
2581 2344 2768 2394 quam,
2811 2345 3016 2396 quzt‘so,
3048 2329 3304 2382 decorum
3333 2333 3431 2384 hoc
3456 2330 3581 2393 erit,

2018 2418 2062 2470 si
2121 2417 2292 2472 Moses
2355 2431 2448 2472 aut
2502 2412 2642 2474 alitis
2711 2421 2979 2490 quispiam
3029 2433 3340 2476 sanctorum
3407 2424 3582 2491 angeli

2018 2511 2292 2563 mentione
2349 2510 2485 2565 facta
2537 2513 2712 2582 ipsum
2751 2513 3108 2580 appellaverit
3170 2513 3457 2566 Dominum
3501 2515 3580 2568 vel

2014 2587 2252 2671 judicem
2285 2601 2306 2654 ?
2337 2601 2468 2666 Quis
2494 2612 2576 2655 est
2634 2603 2776 2656 alius
2819 2603 2910 2671 qui
2960 2602 3173 2672 iudicat
3219 2621 3436 2658 omnem
3471 2618 3582 2658 ter-

2019 2707 2155 2755 ram,
2191 2707 2352 2761 quam
2389 2691 2576 2745 Deus?
2609 2692 2743 2746 Cum
2774 2693 2940 2762 igitur
2974 2705 3210 2756 constet,
3244 2695 3386 2761 quod
3425 2697 3468 2748 is
3490 2697 3581 2764 qui

2018 2783 2254 2837 humana
2287 2785 2470 2851 specie
2500 2785 2770 2852 apparuit,
2797 2800 2899 2838 nec
2921 2785 3062 2840 Deus
3080 2787 3236 2840 Pater
3274 2787 3456 2852 t‘urrit,
3482 2805 3584 2843 nec

2016 2877 2260 2944 angelus,
2294 2885 2515 2944 propter
2544 2891 2636 2930 eas
2674 2891 2867 2930 causas
2921 2892 3056 2946 quas
3098 2879 3257 2932 modo
3303 2883 3582 2934 recensui-

2018 2983 2160 3032 mus,
2199 2968 2380 3022 elucet
2430 2968 2678 3030 omnino,
2722 2969 2885 3038 idque
2935 2973 3276 3035 necessario,
3310 2975 3454 3042 quod
3493 2975 3581 3029 ille

344 3077 447 3111 σαν
488 3061 655 3113 αὑτοῦ
690 3063 986 3134 σάρκωσιν.
1025 3069 1124 3120 Διὰ
1153 3067 1209 3121 δὲ
1235 3069 1295 3122 τὸ
1319 3070 1690 3142 ὀνομασθῆναι
1753 3075 1914 3127 αὐτὸν

2021 3059 2134 3128 ipse
2193 3059 2431 3113 Verbum
2469 3069 2522 3112 et
2560 3060 2730 3114 Filius
2761 3061 2852 3116 Dei
2893 3061 3076 3127 luerit,
3099 3065 3191 3132 qui
3241 3077 3293 3118 et
3346 3066 3485 3120 Deus
3529 3079 3583 3120 et

346 3155 576 3224 Κύριον,
602 3158 748 3226 παρὰ
773 3175 831 3210 τε
860 3157 955 3211 τοῦ
983 3159 1253 3229 Ἀϐραὰμ,
1278 3164 1428 3232 παρά
1448 3180 1506 3216 τε
1532 3164 1620 3218 τοῦ
1652 3167 1915 3232 Μωσέως,

344 3249 441 3297 καὶ
481 3247 737 3315 κρίνοντα
777 3248 958 3302 πᾶσαν
992 3249 1089 3320 τὴν
1135 3252 1259 3321 γῆν,
1283 3253 1380 3304 xui.
1411 3254 1670 3310 ἐλεοῦντα
1697 3256 1756 3308 ὃν
1785 3257 1914 3326 βού-

340 3338 524 3402 λεται,
555 3337 648 3389 καὶ
676 3338 1003 3393 παιδεύοντα
1029 3340 1088 3392 ὃν
1134 3341 1383 3409 βούλεται
1417 3345 1722 3411 παιδεῦσαι,
1751 3349 1916 3415 ἔδειξε

340 3429 444 3496 τὴν
477 3427 665 3492 ταὺτοῦ
693 3429 941 3499 θεότητα.
995 3430 1131 3484 Θεοῦ
1163 3434 1270 3502 γάρ
1304 3437 1419 3487 ἐστι
1471 3436 1627 3489 τοῦτο
1676 3438 1828 3505 ἴδιον,
1858 3440 1918 3492 τὸ

338 3521 559 3590 κρίνειν
601 3522 693 3573 καὶ
725 3521 896 3572 ὲλεεῖν
925 3521 1020 3572 καὶ
1073 3521 1414 3590 ὀργίζεσθαι,
1445 3526 1678 3593 ἀγγέλου
1725 3527 1781 3580 δὲ
1819 3530 1913 3581 καὶ

337 3595 638 3678 ἀνθρωπου
665 3609 932 3678 οὐδαμῶς.
971 3611 1044 3662 Οὐ
1074 3612 1183 3679 γάρ
1211 3614 1360 3666 ἔστιν
1389 3614 1484 3684 τῆς
1512 3616 1797 3685 δυνάμεως
1820 3619 1914 3672 καὶ

339 3700 599 3763 ἔξουσίας
629 3701 825 3752 αὐτῶν.
862 3701 934 3754 Τὸ
986 3702 1095 3772 γάρ
1127 3706 1322 3766 εἰπεῖν,
1369 3703 1493 3758 Ἐὰν
1542 3706 1688 3776 εὕρω
1720 3712 1919 3780 πεντή-

339 3807 538 3854 κοντα,
572 3789 603 3858 ἦ
637 3792 731 3844 καὶ
765 3791 1008 3857 ἔλαττον,
1048 3793 1201 3846 ἐάσω
1226 3797 1293 3864 τῇ
1325 3796 1500 3862 πόλει,
1529 3797 1696 3863 ἔδειξε
1729 3799 1790 3851 τὸ
1820 3817 1917 3868 με·

337 3881 566 3947 γαλεῖον
587 3883 682 3948 τῆς
712 3881 961 3944 ἐξουσίας
985 3883 1171 3936 αὐτοῦ.
1201 3884 1272 3936 Σὺ
1297 3885 1355 3938 δὲ
1379 3887 1664 3956 πρόσεξον,
1695 3891 1770 3958 μή
1795 3908 1911 3954 πως

333 3971 588 4034 ἀκούσας
619 3975 712 4024 τοῦ
767 3973 970 4040 Κυρίου
1034 3974 1304 4041 λέγοντος,
1364 3979 1628 4042 Κατασὰς
1683 3980 1908 4051 ὄψομαι,

333 4063 660 4132 φαντασοῇς
686 4065 777 4116 ἐπὶ
800 4063 936 4117 Θεοῦ
963 4066 1217 4120 ταπεινόν
1246 4084 1299 4120 τι
1325 4069 1418 4122 καὶ
1439 4069 1662 4136 ἀνάξιον
1689 4073 1784 4143 τῆς
1811 4074 1911 4125 αύ-

331 4152 438 4206 τοῦ
469 4154 744 4222 (θεότητος.
786 4155 948 4210 Ἀλλὰ
973 4156 1059 4209 διὰ
1087 4157 1184 4227 τὴν
1220 4158 1509 4214 ἀσθένειαν
1559 4162 1670 4214 τῶν
1699 4163 1909 4233 ἀνθρώ-

333 4264 462 4299 tum
494 4247 752 4310 πολλάκις
787 4249 1032 4315 λέγονται
1079 4252 1149 4304 τὰ
1179 4251 1406 4305 τοιαῦτα
1440 4254 1534 4305 ἐπὶ
1561 4253 1719 4308 Θεοῦ.
1762 4253 1905 4307 Ἐλέ-

329 4337 445 4406 χθη
481 4337 540 4389 δὲ
576 4339 670 4390 καὶ
701 4323 790 4392 διὰ
819 4342 918 4409 τὴν
967 4341 1271 4407 μέλλουσαν
1314 4343 1461 4412 αὐτῷ
1496 4344 1634 4415 μετὰ
1660 4344 1770 4398 τῶν
1812 4347 1908 4400 ἀνο

330 4428 363 4480 ο
372 4427 581 4497 ρώπων
611 4445 752 4496 συγκ
763 4431 1040 4484 ιτάσασιν.

389 4762 481 4849 of.
522 4783 638 4836 Ἔτι
697 4783 871 4849 δεῖξας
915 4783 1116 4856 Κύριος
1160 4787 1190 4838 6
1237 4787 1368 4850 Θεὸς
1435 4788 1512 4858 τῷ
1539 4789 1789 4860 ’Δὸραὰμ
1842 4790 1909 4844 τὰ

326 4877 579 4942 τέσσαρα
613 4876 754 4945 μέρη
795 4875 895 4945 τῆς
922 4880 1046 4947 γῆς,
1078 4874 1220 4945 εἷπε,
1262 4897 1280 4930 ι
1313 4879 1403 4932 Σοὶ
1449 4880 1606 4934 δώσω
1662 4883 1760 4950 τὴν
1808 4883 1910 4952 γῆν

328 4965 438 5017 καὶ
486 4964 563 5032 τῷ
601 4967 882 5034 σπέρματί
924 4985 1040 5032 σου,
1103 4971 1195 5021 καὶ
1232 4969 1521 5040 πληθύνων
1560 4973 1816 5043 πληθυνῶ
1853 4974 1911 5025 τὸ

329 5055 565 5124 σπέρμα
597 5073 711 5118 σου,
752 5056 827 5119 ὼς
857 5058 927 5111 τὰ
956 5059 1130 5128 ἄστρα
1152 5059 1242 5111 τοῦ
1269 5061 1520 5131 ούρανοῦ,
1557 5065 1652 5117 καὶ
1695 5065 1770 5128 ὼς
1799 5068 1898 5136 τὴν

329 5146 524 5213 ἄμμον
551 5145 647 5214 τὴν
687 5149 834 5217 παρὰ
865 5149 926 5200 τὸ
956 5151 1131 5218 χεῖλος
1166 5154 1262 5220 τῆς
1295 5152 1588 5222 Θαλάσσης.
1648 5156 1770 5209 Ὅτι
1800 5175 1902 5209 πα-

327 5236 476 5305 τέρα
509 5236 718 5291 πολλῶν
749 5238 914 5292 ἐθνῶν
944 5241 1164 5294 τέθεικὰ
1196 5259 1274 5306 σε,
1320 5244 1414 5298 καὶ
1451 5247 1899 5317 ἐνευλογηοήσιν·

324 5345 427 5380 ται
456 5330 514 5378 ἂν
557 5329 640 5381 σοι
683 5331 865 5384 πάντα
895 5335 962 5386 τὰ
1015 5332 1168 5403 ἔθνη.
1207 5353 1226 5384 ι
1281 5336 1466 5388 Ταῦτα
1509 5337 1577 5389 τὰ
1625 5339 1717 5392 τοῦ
1766 5340 1900 5392 Θεοῦ

331 5417 475 5486 πρὸς
505 5419 593 5471 τὸν
622 5420 872 5490 ’Δϐραᾶμ
929 5425 1168 5493 ῥήματα,
1199 5429 1291 5476 καὶ
1327 5426 1641 5490 ἐξεταστέον
1679 5430 1730 5480 τί
1769 5429 1897 5500 βού-

330 5507 492 5557 λεται
529 5507 721 5562 ταῦτα.
775 5509 902 5563 Ἰδοὺ
955 5513 1029 5575 ὡς
1080 5517 1108 5566 6
1138 5515 1342 5584 Μωσῆς
1379 5515 1548 5583 λέγει,
1598 5518 1680 5570 ὅτι
1713 5521 1740 5570 ὁ
1769 5520 1900 5582 Θεὸς

409 5692 425 5721 ⁸
455 5689 764 5756 Gen.xvm,
809 5694 826 5745 1
866 5709 1016 5762 seqq.
1093 5697 1113 5727 ¹
1144 5694 1282 5750 Gen.
1310 5713 1441 5764 xxu,
1486 5699 1550 5754 16
1587 5715 1740 5770 seqq.

2021 3151 2184 3204 homo
2208 3161 2309 3205 est.
2351 3152 2425 3206 Eo
2448 3153 2592 3206 enim
2619 3154 2781 3217 laeto,
2807 3171 2917 3224 quo
2957 3157 3058 3224 ipsi
3089 3157 3359 3211 Abraham
3396 3159 3584 3213 Imma-

2021 3259 2090 3297 na
2133 3244 2314 3312 specie
2343 3245 2622 3312 apparuit,
2659 3246 2896 3300 ostendit
2940 3248 3178 3303 futuram
3213 3265 3367 3303 suam
3400 3252 3580 3304 incar-

2021 3333 2320 3386 nationem.
2348 3332 2501 3398 Quod
2535 3349 2664 3388 vero
2713 3335 2978 3390 Dominus
3016 3339 3329 3393 nominatur
3360 3341 3428 3394 ab
3464 3342 3582 3410 ipso

2017 3424 2292 3477 Abraham
2335 3435 2390 3478 et
2423 3424 2588 3488 Mosc,
2630 3437 2685 3478 et
2735 3429 3008 3481 universa:
3062 3438 3222 3484 terra:
3266 3431 3454 3499 judex,
3485 3434 3580 3501 qui

2019 3513 2346 3569 misereatur
2371 3513 2526 3582 cujus
2569 3514 2821 3578 voluerit,
2858 3525 2915 3569 et
2958 3517 3195 3587 corrigat
3225 3534 3385 3587 quem
3416 3523 3584 3575 corri-

2016 3618 2142 3673 gere
2167 3602 2334 3657 fuerit
2366 3603 2564 3667 visum,
2590 3620 2743 3658 suam
2777 3606 2829 3658 in
2857 3605 2960 3658 hoc
2990 3605 3332 3661 divinitatem
3357 3611 3582 3662 demou-

2018 3695 2231 3749 Stravit.
2258 3695 2514 3749 Judicare
2545 3695 2714 3760 enim,
2744 3695 3017 3761 misereri,
3057 3706 3113 3751 et
3149 3698 3332 3762 irasci,
3371 3701 3461 3754 Dei
3492 3718 3580 3755 so—

2015 3786 2122 3839 lius
2142 3785 2434 3855 est,angeli
2462 3799 2590 3839 vero
2621 3786 2702 3842 vel
2731 3787 2968 3840 hominis
2998 3803 3371 3857 nequaquam;
3403 3806 3577 3860 neque

2016 3877 2162 3931 enim
2197 3877 2300 3931 hoc
2351 3877 2568 3930 illorum
2622 3878 2841 3934 virtutis
2877 3887 2980 3941 est,
3013 3888 3069 3933 et
3121 3881 3398 3948 potentize.
3441 3881 3575 3936 Cum

2013 3970 2160 4023 cnim
2191 3969 2376 4023 dicit:
2428 3987 2445 4018 (
2495 3971 2550 4023 Si
2593 3969 2852 4024 invenero
2879 3971 3268 4042 quinquaginta
3320 3975 3399 4027 vel
3447 3991 3578 4043 pau-

2016 4059 2192 4114 ciores
2226 4059 2332 4122 his.
2367 4061 2487 4115 urbi
2530 4061 2826 4127 remittam,
2872 4080 2890 4114 ι
2932 4063 3190 4131 potentiae
3230 4079 3340 4118 sua:
3373 4066 3576 4134 magni-

2015 4153 2286 4207 ficentiam
2309 4152 2592 4208 indicavit.
2617 4154 2696 4207 Tu
2721 4170 2851 4209 vero
2877 4169 3068 4209 caveas
3097 4155 3336 4222 interim,
3366 4174 3432 4212 ne
3453 4173 3576 4212 Cum

2011 4244 2258 4301 audieris
2288 4246 2563 4300 dicentem
2607 4245 2896 4302 Dominum
2931 4264 2944 4300 :
2993 4264 3010 4297 ι
3051 4247 3401 4304 Descendens
3427 4251 3579 4304 vide-

2012 4335 2104 4401 bo,
2139 4354 2158 4387 ›
2191 4337 2255 4390 de
2289 4337 2404 4391 Deo
2444 4337 2651 4392 humile
2688 4339 2993 4408 quidpiam,
3027 4351 3081 4396 et
3112 4344 3256 4397 illius
3293 4345 3576 4397 divinitate

2009 4427 2290 4497 indignum
2327 4429 2666 4498 imagiucris.
2695 4430 2832 4484 Nam
2877 4442 3098 4502 pr0ptcr
3126 4433 3378 4488 humana:
3419 4449 3577 4487 natu-

2011 4534 2088 4574 rte
2125 4520 2554 4574 imbecillitatem
2590 4537 2966 4590 smpenumero
2997 4524 3119 4576 talia
3155 4526 3222 4577 de
3255 4525 3365 4578 Deo
3387 4526 3578 4578 dicun-

2012 4621 2121 4666 tur.
2152 4612 2416 4667 Prteterea
2439 4613 2538 4667 hoc
2560 4613 2766 4668 dictum
2787 4624 2890 4678 est,
2916 4624 3142 4684 pmpter
3169 4615 3408 4668 futuram
3431 4615 3576 4667 illius

2011 4721 2135 4762 cum
2164 4707 2481 4761 hominibus
2505 4708 3001 4761 cetn'ersatiom-m.

2086 4799 2139 4851 ὅ.
2184 4798 2452 4852 Praeterea
2499 4813 2622 4850 cum
2655 4799 2924 4852 Dominus
2956 4799 3184 4852 Abraha:
3226 4809 3460 4866 quatuor
3492 4807 3568 4846 to-

2019 4893 2124 4941 lltlS
2185 4888 2336 4941 orbis
2395 4887 2646 4941 cardines
2701 4888 3050 4948 ostendisst't,
3109 4889 3389 4954 illqtliizt
3452 4886 3572 4937 Titi

2013 4975 2156 5028 dabo
2195 4986 2395 5038 tetram
2420 5017 2434 5041 ,
2477 4987 2531 5030 et
2561 4977 2752 5030 semini
2792 4987 2882 5028 tuo
2905 5018 2917 5038 ,
2957 4989 3010 5028 et
3046 4978 3410 5044 multiplicans
3436 4980 3576 5030 nmi—

2015 5065 2274 5134 tiplicabo
2318 5083 2503 5120 semen
2575 5077 2724 5120 tuum
2776 5067 2914 5120 sicut
2957 5078 3098 5120 astra
3157 5069 3302 5132 coeli,
3347 5078 3401 5123 et
3433 5071 3575 5124 sicut

2010 5173 2230 5212 arenam
2269 5159 2539 5227 jacentem
2573 5157 2624 5210 in
2658 5159 2841 5210 littore
2875 5159 3061 5220 maris,
3090 5161 3345 5228 quoniam
3367 5172 3573 5229 patrem

2009 5249 2298 5304 multarum
2332 5248 2574 5317 gentium
2619 5249 2878 5301 constitui
2904 5259 2975 5311 te,
3012 5261 3064 5302 et
3099 5251 3492 5305 benedicentur
3520 5253 3570 5304 in

2007 5347 2058 5392 te
2081 5355 2270 5392 omnes
2288 5340 2569 5408 gentes’a
2598 5339 2719 5392 [Lee
2748 5355 2873 5392 sunt
2896 5342 2986 5394 Dei
3011 5341 3076 5394 ad
3105 5343 3278 5412 ip~um
3302 5346 3572 5398 Abraham

2007 5432 2192 5485 verba.
2222 5432 2376 5486 Nunc
2406 5431 2531 5500 quis
2573 5433 2767 5484 horum
2813 5449 3007 5487 sensus
3037 5435 3140 5497 sit,
3187 5435 3571 5505 inquirendum

2007 5535 2110 5578 est.
2153 5523 2451 5579 Considera
2504 5524 2668 5594 igitur
2702 5533 2761 5578 ut
2800 5523 2976 5580 Moses
3023 5526 3203 5594 dicat,
3237 5529 3382 5598 quod
3435 5527 3578 5584 Deus
