3970 6212
352 236 459 302 387

1520 232 1846 301 JOANNIS
1886 236 2409 303 CANTACUZENI

3474 240 3580 311 383

357 356 460 425 ipsi
495 353 770 408 Abraham
796 364 853 408 et
888 353 1081 409 semini
1131 353 1304 425 ipsius
1336 355 1649 423 promiserit
1674 364 1726 407 et
1758 354 1909 423 polli-

2026 356 2337 425 ὐπεσχέσθη
2393 355 2486 408 καὶ
2532 353 2900 424 ἐπηγγείλατο
2954 353 3137 408 δοῦναι
3201 355 3277 425 τῷ
3334 356 3589 427 Ἀϐρααμ.

352 446 496 499 citus
522 444 592 497 sit
613 459 830 499 omnem
874 454 1071 498 terram
1097 486 1110 507 ,
1147 453 1211 522 et
1243 444 1389 512 quod
1425 461 1613 499 semen
1644 445 1816 516 ipsius
1847 447 1917 499 sit

356 536 824 605 multiplicaturus
857 537 1000 590 sicut
1028 546 1169 590 astra
1211 537 1363 602 coeli,
1395 546 1451 591 ct
1476 552 1698 592 arenam
1736 538 1788 591 in
1823 538 1918 591 iit-

357 638 474 682 tore
531 630 736 681 maris:
777 646 793 677 ι
827 628 894 681 Ει
948 628 1005 680 in
1044 629 1253 683 semine
1283 638 1399 693 tuo,
1449 629 1652 697 inquit,
1688 630 1917 684 benedi-

353 729 545 773 centur
579 736 769 773 omnes
792 731 1037 789 gentes.»
1063 721 1129 775 Et
1157 721 1597 790 quandoquidem
1632 723 1724 775 Dei
1748 723 1916 776 verba

356 827 480 864 vera
512 820 658 871 sunt,
716 826 817 864 nee
848 826 1089 879 unquam
1140 810 1355 873 fallunt,
1391 812 1745 881 inspiciamus
1794 828 1917 881 age-

352 904 502 966 dum,
536 902 757 970 quando
791 910 846 954 et
896 915 1160 969 quonam
1188 903 1349 955 modo
1383 903 1607 973 impleta
1659 904 1772 958 sint
1800 904 1916 959 haec

349 995 441 1046 Dei
500 993 743 1046 oracula.
777 989 1051 1045 Abraham
1099 992 1244 1045 enim
1281 992 1442 1046 binos
1488 992 1682 1048 habuit
1744 993 1907 1058 ﬁlios,

348 1085 577 1137 alterum
612 1084 841 1152 quidem
882 1100 947 1137 cx
990 1072 1183 1137 aneilla
1224 1083 1385 1153 Agar,
1438 1085 1722 1139 lsmaclem
1764 1086 1915 1139 scili-

345 1184 466 1238 cet;
516 1176 750 1228 alterum
787 1190 854 1228 ex
906 1176 1076 1228 libera
1123 1192 1292 1230 uxore
1333 1176 1485 1241 Sara,
1520 1192 1716 1246 nempe
1745 1177 1912 1231 lsaac.

346 1266 484 1318 Num
502 1266 683 1334 itaque
707 1266 1225 1334 propterlsmaelem
1244 1273 1305 1321 et
1322 1268 1518 1321 ancilla
1538 1269 1910 1337 genitum,ceu

346 1358 576 1411 Abrahae
600 1374 812 1421 semen,
844 1359 977 1413 dixit
1000 1360 1290 1423 Dominus,
1315 1362 1458 1429 quod
1482 1361 1535 1414 in
1566 1362 1655 1414 illo
1684 1362 1913 1416 benedi-

344 1450 529 1502 ecnda:
561 1449 667 1501 sint
696 1465 885 1503 omnes
918 1440 1149 1518 gentes?
1183 1450 1284 1504 Sed
1311 1466 1433 1505 cum
1473 1446 1735 1508 Dominus
1765 1453 1915 1507 dice-

346 1546 431 1590 ret
464 1537 564 1606 ipsi
592 1538 861 1591 Abrahae:
894 1559 911 1589 ι
948 1539 1096 1609 Ejice
1134 1541 1384 1594 ancillam
1414 1558 1536 1596 cum
1565 1543 1678 1598 ﬁlio
1718 1545 1909 1613 ipsius,

342 1643 688 1696 nequaquam
720 1629 1108 1696 enim,haeres
1166 1631 1272 1684 erit
1320 1638 1386 1685 ex
1448 1634 1641 1687 ancilla
1693 1635 1913 1704 genitus

342 1734 464 1771 cum
520 1717 628 1770 ﬁlio
685 1717 869 1771 liberm
921 1719 1009 1783 ⁸,»
1051 1719 1353 1773 secundum
1418 1722 1513 1774 Dei
1575 1732 1905 1791 prmeeptum

341 1809 614 1863 Abraham
658 1810 936 1863 lsmaelcm
988 1826 1111 1864 cum
1163 1811 1307 1880 Agar
1357 1821 1529 1865 matre
1578 1829 1675 1866 sua
1723 1814 1907 1884 ejeeit,

341 1902 615 1970 domoque
661 1916 757 1954 sua
813 1902 1039 1969 expulit.
1099 1902 1328 1972 Insuper
1382 1903 1658 1958 Abraham
1705 1907 1907 1975 justus,

339 2005 466 2046 cum
491 2006 555 2045 ex
594 1993 704 2045 Deo
728 1984 992 2045 'audiret:
1036 2011 1054 2042 ι
1092 1994 1308 2046 Patrem
1337 1995 1629 2048 mttltarum
1664 1999 1905 2064 gentium

342 2089 393 2131 te
430 2080 780 2141 constituam,
818 2088 872 2131 et
908 2080 1003 2133 tibi
1040 2080 1183 2134 dabo
1222 2090 1448 2146 terram,
1477 2092 1530 2135 et
1561 2085 1755 2137 sontini
1791 2092 1908 2148 tuo,

338 2181 392 2220 et
441 2168 493 2219 in
548 2170 757 2221 semine
813 2178 907 2221 tuo
969 2170 1369 2224 benedicentur
1417 2185 1607 2226 omnes
1641 2184 1852 2242 gentes,
1885 2193 1903 2225 ι

339 2258 623 2327 respondit
670 2259 750 2313 sie
776 2260 964 2314 dicens
998 2279 1011 2313 :
1060 2279 1077 2311 ι
1115 2260 1253 2327 Quid
1288 2262 1420 2315 mihi
1456 2262 1905 2331 dabis,’Dontine,

341 2370 461 2405 eum
494 2353 607 2422 ipse
656 2352 772 2408 sine
803 2355 993 2409 liberis
1025 2358 1268 2410 moriar?
1308 2377 1325 2408 ι
1359 2348 1526 2415 Unde
1561 2359 1737 2426 vides,
1763 2362 1907 2431 quod

342 2445 655 2512 priusquam
686 2446 1079 2499 admoneretur
1104 2447 1374 2500 Abraham
1408 2457 1466 2501 ut
1495 2449 1778 2515 lsmaclem
1808 2454 1905 2507 do-

345 2547 432 2583 mo
462 2527 712 2598 ejiceret,
753 2533 899 2588 hunc
956 2551 1301 2604 nequaquam
1333 2538 1426 2591 ﬁlii
1476 2539 1597 2594 loco
1634 2543 1812 2597 duxit.
1848 2544 1904 2598 Si

339 2622 485 2673 enim
539 2621 684 2675 hunc
720 2622 888 2675 ﬁlium
915 2638 1119 2679 verum'
1160 2640 1280 2680 csse
1320 2629 1727 2697 aestimavisset,
1761 2651 1907 2688 nun-

339 2727 501 2780 quam
540 2721 689 2767 certe
720 2716 1106 2783 pestulavisset
1136 2718 1307 2771 illium
1342 2722 1598 2775 alterum.
1646 2725 1721 2777 Eo
1758 2726 1904 2780 enim

339 2801 485 2871 quod
516 2803 671 2869 dicit,
739 2822 757 2855 ‹
826 2805 940 2875 Ego
974 2820 1104 2860 vero
1157 2810 1326 2862 orbus
1382 2811 1607 2875 morior,
1674 2832 1691 2864 ι
1736 2814 1906 2868 ﬁlium

339 2894 598 2959 postulat,
636 2908 798 2963 quem
830 2907 886 2950 et
909 2897 1078 2950 ﬁlium
1112 2908 1164 2951 et
1194 2912 1377 2953 semen
1412 2918 1569 2955 suum
1613 2918 1732 2958 esse
1761 2907 1907 2960 aesti-

342 2992 474 3037 met.
500 2984 648 3038 lsaac
667 2986 811 3039 enim
835 2995 948 3043 tum
978 2988 1196 3044 demum
1224 3006 1347 3045 cum
1378 2993 1493 3046 hate
1524 3003 1648 3049 ante
1680 3008 1898 3066 peracta
1934 3021 1978 3083 ε

339 3082 543 3135 essent,
571 3084 732 3128 natus
775 3086 879 3129 est.
914 3079 1044 3131 Post
1089 3079 1204 3134 bzec
1240 3090 1424 3135 autem
1460 3085 1644 3137 omnia
1678 3087 1906 3140 verbum

340 3162 556 3215 Domini
582 3164 807 3218 dicens:
871 3184 888 3217 ι
942 3168 1085 3237 Ejice
1115 3170 1367 3224 ancillam
1412 3188 1535 3226 cum
1579 3175 1688 3230 ﬁlio
1731 3193 1851 3239 suo,
1884 3197 1902 3231 ι

339 3253 627 3308 manifeste
660 3256 922 3322 ostendit,
955 3260 1101 3327 quod
1126 3275 1225 3315 nec
1252 3262 1396 3316 Deus
1426 3264 1706 3321 lsmaclem
1739 3270 1907 3322 ﬁlium

337 3350 397 3396 et
430 3358 619 3399 semen
658 3345 832 3415 ipsius
856 3348 1089 3404 Abrahae
1121 3366 1240 3406 esse
1270 3356 1625 3422 reputat-erit.
1667 3357 1735 3411 Et
1760 3373 1907 3421 ecce.

338 3446 603 3502 quantum
629 3448 853 3506 apparet
908 3440 1099 3495 lsmziel
1124 3444 1276 3512 juxta
1310 3446 1404 3500 Dei
1431 3458 1759 3517 praeceptum
1792 3450 1904 3504 itaav

338 3527 570 3580 reditate
607 3538 830 3595 paterna
863 3530 1099 3586 Abrahae
1131 3534 1361 3588 excidit.
1384 3537 1524 3590 Nunt
1568 3539 1735 3608 igitur
1764 3540 1911 3595 hunc

336 3618 578 3673 lsaacum
620 3632 742 3675 esse
779 3623 1028 3679 dicemus
1054 3626 1076 3677 τ
1102 3625 1264 3691 Quod
1292 3629 1516 3697 quidem
1550 3629 1640 3684 hic
1666 3630 1811 3686 ﬁlius
1839 3632 1912 3687 sit

339 3712 523 3766 uxoris
544 3712 749 3778 liberae,
776 3715 1124 3769 maniiestum
1157 3725 1239 3770 est
1264 3733 1278 3782 ;
1312 3728 1367 3771 et
1395 3718 1754 3774 Hebraeorum
1778 3737 1908 3791 gen-

339 3815 445 3858 tem
494 3806 563 3858 ab
611 3807 715 3859 hoc
748 3808 1098 3863 descendisse
1137 3819 1387 3878 constat;
1440 3812 1684 3880 gentium
1725 3824 1907 3868 autem

338 3895 650 3949 benedictio
691 3897 759 3949 ad
800 3898 947 3952 hunc
994 3899 1218 3954 minime
1279 3901 1477 3955 referri
1532 3912 1732 3972 potest.
1795 3905 1909 3959 Soli

337 3987 482 4039 enim
513 3986 720 4041 Hebraei
748 3997 877 4042 sunt
905 4006 969 4043 ex
998 3991 1146 4044 illius
1177 3993 1406 4057 semine,
1449 4008 1551 4048 ceu
1584 3997 1785 4063 posteri
1817 3997 1907 4050 Ja-

337 4078 484 4143 cobi,
514 4089 568 4132 et
612 4080 901 4135 duodecim
937 4081 1174 4136 ﬁliorum
1209 4084 1349 4152 ejus.
1381 4084 1521 4149 Quin
1562 4088 1616 4139 in
1648 4086 1910 4142 felicitate

336 4173 517 4224 adhuc
569 4180 624 4225 ct
685 4170 817 4226 ﬂore
860 4173 1007 4242 regni
1053 4174 1138 4228 sui
1184 4176 1465 4230 constituti
1505 4177 1666 4246 pauci
1719 4182 1909 4231 admo-

337 4259 467 4313 dum
497 4269 553 4313 et
596 4271 883 4315 numeratu
930 4263 1120 4319 faciles
1165 4266 1540 4334 reperiuntur,
1569 4267 1615 4321 si
1659 4283 1783 4321 cum
1823 4279 1907 4322 to-

1940 1672 1990 1735 B

2021 447 2116 497 καὶ
2146 446 2222 513 τῷ
2261 447 2536 513 σπέρματι
2582 444 2748 497 αὐτοῦ
2779 445 2960 497 πᾶσαν
2986 443 3084 512 τὴν
3122 443 3247 512 γῆν.
3298 447 3409 498 Καὶ
3443 447 3550 515 πλη
3572 481 3588 489 -

2020 535 2344 605 θυνθήσεται
2373 537 2433 588 τὸ
2468 536 2687 605 σπέρμα
2746 534 2932 597 αὐτοῦ,
2965 534 3040 597 ὼς
3084 534 3153 587 τὰ
3181 536 3353 605 ἄστρα
3377 536 3470 589 τοῦ
3499 540 3590 589 οὐ-

2022 628 2204 694 ρκνοῦ,
2236 628 2328 678 καὶ
2364 627 2439 690 ὡς
2486 626 2583 696 τὴν
2614 628 2800 695 ἅμμον
2846 626 2945 694 τὴν
2976 627 3127 695 παρὰ
3177 625 3237 677 τὸ
3263 626 3440 695 χεῖλος
3484 629 3586 696 τῆς

2024 717 2318 785 θαλάσσης
2363 736 2382 768 ι
2425 717 2533 769 Kal.
2583 719 2641 768 ὲν
2687 716 2765 786 τῷ
2800 716 3076 785 σπέρματι
3109 715 3273 768 αὑτοῦ
3301 717 3589 785 ὲνευλογη-

2025 810 2278 879 θήσονται
2305 809 2484 862 πάντα
2512 811 2580 862 τὰ
2611 809 2756 877 ἔθνη.
2776 827 2793 859 ι
2830 810 2938 860 Καὶ
2968 808 3091 860 ἐπεὶ
3126 810 3175 860 οί
3202 807 3295 860 τοῦ
3330 807 3466 860 Θεοῦ
3501 808 3592 859 λό-

2017 918 2103 967 γοι
2136 901 2356 971 ἀληθείς
2408 902 2538 965 εἰσι,
2569 900 2666 952 καὶ
2701 900 2956 952 οὐδέποτε
2993 898 3393 967 διαψεύδονται,
3425 898 3588 967 δεῦρο

2016 989 2081 1057 δὴ
2129 988 2479 1058 σκεψώμεθα,
2543 986 2706 1039 πόθεν
2743 989 2835 1039 καὶ
2868 987 2925 1038 ὲν
2957 985 3094 1053 ποίῳ
3120 986 3304 1053 τρόπῳ
3338 984 3588 1053 ἐπληρώ-

2017 1081 2189 1149 θησαν
2215 1081 2283 1131 τά
2334 1077 2426 1130 τοῦ
2456 1076 2592 1129 Θεοῦ
2617 1076 2793 1143 λόγια.
2832 1075 2891 1127 '0
2927 1075 3036 1144 γὰρ
3073 1073 3327 1143 Ἀϐραὰμ
3382 1075 3476 1126 δύο
3506 1075 3592 1127 υί-

2016 1172 2109 1232 οὒς
2143 1170 2322 1238 ἔσχεν,
2350 1170 2444 1221 ἕνα
2466 1170 2528 1219 ὲκ
2554 1167 2648 1235 τῆς
2673 1166 2963 1235 παιδίσκης
2991 1167 3188 1235 Ἅγαρ,
3207 1165 3297 1217 τὸν
3342 1164 3588 1235 Ἰσμαὴλ,

2017 1262 2108 1311 καὶ
2142 1259 2238 1311 ἕνα
2283 1261 2345 1311 ἐκ
2376 1260 2471 1327 τῆς
2499 1257 2791 1325 ἐλευθέρας
2849 1257 3088 1326 Σάρρας,
3120 1255 3213 1307 τὸν
3255 1255 3461 1308 Ἰσαάκ.
3494 1256 3587 1323 Μή

2018 1367 2144 1402 ποτε
2173 1351 2302 1418 γοῦν
2355 1345 2510 1403 εἶπεν
2541 1354 2568 1403 6
2600 1349 2731 1426 Θεὸς
2760 1347 2848 1401 διὰ
2894 1351 2984 1401 τὸν
3011 1349 3116 1416 πρὸ
3158 1346 3253 1400 τοῦ
3298 1347 3489 1400 Ἰσαὰκ
3525 1350 3589 1400 ὲκ

2014 1445 2112 1510 τῆς
2157 1441 2451 1507 παιδίσκης
2483 1439 2804 1509 γεννηθέντα
2844 1438 3089 1508 Ἰσμαὴλ,
3115 1440 3197 1490 ὅτι
3243 1440 3301 1489 ὲν
3328 1438 3472 1507 αὐτῷ
3499 1440 3589 1489 ὲν·-

2015 1531 2469 1602 ευλογηθήσονται
2521 1532 2701 1584 πάντα
2741 1531 2809 1584 τὰ
2861 1531 3009 1598 ἔθνη,
3040 1530 3116 1592 ὡς
3166 1531 3231 1581 ἐκ
3276 1530 3588 1599 σπέρματος

2016 1624 2145 1677 εντα
2190 1623 2267 1693 τῷ
2296 1623 2570 1692 Ἀϐραὰμ,
2604 1622 2721 1675 ἀλλ’
2753 1623 2872 1676 ἐπεὶ
2901 1621 3035 1685 Θεὸς
3064 1617 3183 1675 εἷπε
3206 1624 3283 1693 τῷ
3316 1624 3585 1690 Ἁϐραάμ,

2017 1718 2097 1769 ὅτι
2131 1714 2402 1767 «Ἔκϐαλε
2438 1714 2536 1784 τὴν
2566 1713 2866 1783 παιδίσκην
2898 1715 3034 1782 μετὰ
3060 1712 3155 1765 τοῦ
3183 1715 3368 1777 παιδὸς
3395 1714 3585 1781 αὐτῆς,

2017 1807 2135 1859 οὐδὲ
2166 1806 2274 1874 γὰρ
2317 1806 2712 1877 κληρονομήσει
2750 1806 2778 1857 6
2818 1804 2931 1866 υίὸς
2958 1803 3057 1871 τῆς
3104 1804 3397 1872 παιδίσκης
3451 1807 3589 1871 μετὰ

2016 1897 2109 1951 τοῦ
2138 1900 2253 1951 υἱοῦ
2284 1899 2378 1966 τῆς
2402 1898 2711 1967 ἐλευθέρας.
2749 1916 2768 1948 ι
2804 1896 2913 1948 Καὶ
2941 1896 3082 1949 κατὰ
3104 1898 3195 1949 τὸν
3218 1896 3310 1948 τοῦ
3341 1895 3473 1948 Θεοῦ
3505 1896 3592 1946 1/5-

2016 2008 2132 2059 γον,
2177 1991 2397 2055 ἐξέϐαλε
2461 1989 2550 2043 τὸν
2604 1988 2822 2057 Ἱσμαὴλ
2859 1988 2996 2058 μετὰ
3043 1988 3143 2056 τῆς
3188 1989 3389 2058 μητρὸς
3417 1987 3586 2041 αὐτοῦ

2015 2083 2116 2152 τῆς
2166 2084 2366 2151 Ἀγαρ,
2438 2081 2532 2133 καὶ
2583 2079 2884 2144 ἀπεδίωξεν
2929 2080 3124 2141 αὐτοὺς
3178 2086 3243 2133 ὲκ
3271 2079 3361 2132 τοῦ
3431 2080 3584 2131 οἴκου

2015 2174 2109 2227 τοῦ
2158 2173 2432 2243 Ἀϐραάμ.
2495 2172 2654 2224 ’Δλλὰ
2688 2173 2780 2223 καὶ
2817 2173 2845 2223 6
2878 2171 3088 2232 δίκαιος
3114 2169 3367 2239 Ἀϐραὰμ
3417 2170 3589 2222 άκούά

2019 2283 2115 2329 σας
2143 2269 2289 2331 παρὰ
2306 2264 2399 2316 τοῦ
2431 2262 2589 2324 Θεοῦ,
2609 2263 2691 2314 ὅτι
2723 2281 2741 2313 ι
2767 2262 2985 2331 Πατέρα
3015 2261 3221 2313 πολλῶν
3250 2260 3470 2312 τέθεικά
3501 2277 3587 2323 σε,

2017 2358 2109 2408 καὶ
2137 2356 2215 2407 ὅτι
2244 2355 2333 2407 Σοὶ
2364 2353 2520 2407 δώσω
2544 2353 2642 2421 τὴν
2680 2353 2802 2421 γῆν,
2828 2354 2921 2404 καὶ
2954 2350 3029 2421 τῷ
3049 2348 3321 2421 σπέρματί
3361 2354 3589 2416 οου,κα“ι

2016 2449 2095 2499 ὅτι
2139 2447 2227 2499 Ἐν
2270 2445 2347 2515 τῷ
2394 2443 2667 2513 σπέρματί
2700 2459 2792 2495 σου
2831 2442 3348 2511 ὲνευλογηθήσονται
3401 2446 3587 2496 πάντα

2013 2538 2078 2590 τὰ
2102 2537 2249 2604 ἔθνη,
2291 2554 2307 2587 ι
2338 2535 2506 2596 οὕτως
2544 2534 2840 2604 ἀπεκρίθη,
2863 2532 3055 2597 εἰπὼν,
3096 2551 3114 2583 ‹
3144 2533 3208 2584 Τί
3241 2550 3331 2600 μνιι
3368 2532 3583 2597 δώσεις,

2016 2628 2207 2699 Κύριε,
2258 2628 2339 2679 ὅτι
2369 2626 2480 2693 ἐγὼ
2506 2625 2811 2693 ἀπόλλυμαι
2856 2625 3128 2691 ἄτεκνος;
3186 2623 3407 2683 Βλέπεις
3463 2625 3584 2684 πῶς

2014 2724 2106 2774 καὶ
2138 2721 2243 2791 πρὸ
2279 2720 2372 2773 τοῦ
2417 2718 2703 2790 ὁρισθῆναι
2760 2718 2853 2770 τὸν
2894 2716 3143 2787 Ἀϐραὰμ
3196 2716 3443 2768 ἐκϐαλεῖν
3479 2715 3587 2768 άπὸ

2013 2813 2105 2865 τοῦ
2133 2813 2283 2864 οἴκου
2335 2804 2500 2865 αὐτοῦ
2541 2810 2631 2861 τὸν
2680 2809 2903 2879 Ἰσμαὴλ
2954 2810 3054 2860 οὐκ
3086 2807 3354 2873 ἐλογίζετο
3396 2807 3585 2860 τοῦτον

2015 2905 2128 2957 υἱὸν
2157 2903 2341 2957 αὐτοῦ.
2373 2904 2437 2955 El
2466 2903 2573 2973 γὰρ
2613 2905 2687 2965 ὡς
2720 2902 2834 2953 υἱὸν
2868 2900 3031 2953 αὐτοῦ
3065 2900 3359 2968 ἐλογίζετο,
3387 2902 3487 2953 οὐκ
3510 2900 3580 2953 ἂν

2015 2996 2194 3066 ἐζήτει
2243 2996 2271 3046 6
2308 2995 2563 3063 Ἀϐραὰμ
2612 2993 2800 3046 τέκνον
2849 2994 3055 3062 ἕτερον.
3104 2991 3177 3044 Τὸ
3220 2992 3325 3060 γὰρ
3383 2993 3582 3053 εἰπεῖν,

2012 3088 2153 3156 Ἐγὼ
2180 3088 2223 3140 δ’
2252 3088 2473 3149 ἄτεκνος
2514 3085 2845 3154 ἀπόλλυμαι,
2877 3085 2989 3137 υἱὸν
3020 3082 3234 3153 ἐζήτει,
3287 3086 3468 3136 ὅντινα
3498 3085 3584 3136 λσ-

2009 3180 2220 3247 γίσεται
2250 3179 2362 3231 υἱὸν
2386 3178 2549 3232 αὐτοῦ
2580 3179 2675 3231 καὶ
2714 3177 2933 3246 σπέρμα
2966 3176 3226 3230 αὐτοῦ.’0
3251 3178 3359 3246 γὰρ
3398 3175 3581 3229 Ἰσαάκ

2010 3273 2232 3340 ὕστερον
2268 3269 2553 3340 ἐγεννήθη.
2591 3270 2744 3323 Μετὰ
2800 3269 2857 3320 δὲ
2894 3268 3070 3322 ταῦτα
3106 3269 3136 3320 6
3170 3269 3266 3321 τοῦ
3317 3270 3451 3323 Θεοῦ
3488 3270 3576 3322 λό-

2008 3381 2124 3432 γος,
2156 3364 2184 3416 6
2238 3361 2430 3426 εἰπὼν,
2490 3361 2726 3415 Ἔκϐαλε
2778 3362 2878 3431 τὴν
2934 3361 3226 3431 παιδίσκην
3295 3362 3432 3431 μετὰ
3483 3362 3579 3413 τοῦ

2008 3457 2126 3510 υἱοῦ
2160 3457 2347 3523 αὐτῆς,
2380 3454 2630 3524 φανερῶς
2676 3452 2966 3522 ἐδήλωσεν,
3016 3453 3096 3505 ὃτι
3136 3453 3235 3505 οὐκ
3292 3452 3582 3520 ἐλογίσατο

2008 3548 2099 3600 τὸν
2149 3546 2376 3616 Ἰσμαὴλ
2402 3547 2591 3597 τέκνον
2618 3534 2713 3598 καὶ
2766 3545 2990 3613 σπέρμα
3038 3542 3132 3596 τοῦ
3161 3542 3431 3613 Ἀϐραάμ.
3472 3544 3584 3596 Καὶ

2012 3638 2120 3691 ίδού
2164 3637 2240 3700 ὡς
2293 3636 2671 3705 ἀναφαίνεται,
2704 3636 2969 3704 ἀμέτοχος
3001 3635 3148 3687 ἐστιν
3194 3638 3222 3688 ὁ
3264 3635 3485 3705 Ἰσμαὴλ
3516 3638 3581 3687 ἐκ

2007 3729 2106 3797 τῆς
2153 3726 2518 3796 κληρονομίας
2559 3724 2651 3777 τοῦ
2699 3722 3208 3794 ’Δϐραὰμγκαθὼς
3235 3718 3263 3776 6
3291 3723 3421 3787 Θεὸς
3464 3726 3580 3775 ξε·

2007 3818 2242 3871 τείλατο.
2275 3816 2363 3885 Μή
2398 3833 2523 3875 ποτε
2553 3816 2683 3883 γοῦν
2737 3816 2884 3868 ἐστιν
2924 3817 2951 3868 6
2993 3816 3199 3878 Ἰσαὰκ,
3231 3817 3325 3868 καὶ
3354 3816 3437 3868 ὅτι
3477 3815 3577 3883 μὲν

2010 3908 2121 3969 υἱός
2172 3909 2318 3960 ἐστιν
2348 3898 2506 3968 οὗτος
2533 3908 2630 3975 τῆς
2685 3905 2975 3973 ἐλευθέρας
3015 3904 3250 3975 Σάρρας,
3289 3905 3575 3974 πρόδηλον.

2014 4002 2122 4056 Καὶ
2152 4000 2213 4053 τὸ
2244 4000 2351 4052 τῶν
2390 3998 2659 4068 Ἐϐραίων
2695 3998 2853 4063 γένος
2902 3998 2962 4061 ἐξ
3000 3996 3211 4049 ἐκείνου
3241 3997 3380 4057 ἐστὶ,
3421 3996 3580 4048 τοῦτο

2008 4091 2457 4162 ὁμολογούμενον.
2501 4089 2638 4143 Ἀλλ’
2670 4090 2703 4158 ἠ
2728 4090 2836 4143 τῶν
2861 4088 3028 4141 ἐθνῶν
3045 4087 3264 4155 εὐλογία
3289 4088 3388 4140 οὐκ
3414 4088 3471 4152 ἐξ
3504 4087 3579 4156 6η

2010 4183 2103 4236 ἐπὶ
2124 4183 2202 4252 τῷ
2240 4181 2443 4235 Ἰσαάκ.
2468 4180 2644 4234 Μόνον
2672 4179 2781 4249 γὰρ
2800 4180 2847 4232 ot
2883 4178 3124 4249 Ἐϐραῖοί
3151 4180 3291 4231 είσιν
3316 4178 3378 4230 ὲκ
3406 4179 3579 4247 σπέρς

2014 4289 2181 4341 ματος
2221 4272 2315 4325 τοῦ
2377 4272 2583 4335 Ἰσαὰκ,
2633 4270 2709 4333 ὼς
2762 4269 3021 4337 ἀπόγονοι
3071 4268 3163 4321 τοῦ
3226 4267 3441 4327 Ἰακὼϐ.
3482 4271 3579 4318 καὶ

337 4353 449 4404 tius
482 4353 635 4405 orbis
675 4353 1082 4410 habitatoribus
1108 4357 1484 4412 conferantur.
1514 4357 1615 4413 Vix
1645 4359 1792 4414 enim
1822 4359 1908 4413 vel

2014 4364 2117 4423 τῶν
2146 4363 2351 4417 δώδεκα
2380 4361 2510 4415 υίῶν
2540 4360 2729 4414 αὐτοῦ.
2757 4361 2865 4413 Καὶ
2896 4358 2978 4412 ἔτι
3007 4360 3064 4411 ἰν
3088 4361 3154 4428 τῇ
3186 4357 3457 4428 εὐημερίᾳ.
3480 4360 3577 4409 καὶ

341 4446 503 4498 unius
533 4454 740 4498 tantum
773 4448 950 4516 gentis
994 4450 1357 4517 quantitatem
1403 4450 1508 4504 sibi
1541 4466 1907 4505 conservave-

341 4547 493 4603 runt,
516 4537 702 4592 divmo
739 4549 919 4594 autem
939 4542 1142 4596 auxilio
1173 4542 1366 4612 adjuti,
1401 4543 1642 4611 insignes
1670 4554 1724 4598 et
1751 4542 1910 4598 ternis

339 4630 476 4685 biles
529 4632 892 4685 habebantur.
930 4634 1199 4702 Populum
1224 4636 1369 4687 enim
1402 4635 1508 4688 sibi
1555 4634 1701 4688 hunc
1745 4650 1911 4705 pecu-

338 4721 528 4775 liarem
568 4724 803 4775 vocabat
848 4723 1131 4789 Dominus,
1176 4734 1232 4778 ct
1280 4724 1403 4778 illos
1443 4725 1818 4779 hazreditatem
1856 4735 1911 4778 et

338 4815 609 4881 peculium
650 4828 807 4867 suum
849 4815 1201 4879 nominabat;
1234 4824 1291 4868 et
1344 4815 1489 4868 illius
1517 4816 1715 4869 virtute
1751 4815 1902 4868 devi-

337 4914 533 4959 cerunt
567 4907 826 4970 simul,et
855 4906 1295 4980 adversariorum
1313 4900 1531 4974 oppidis
1570 4905 1727 4974 potiti
1752 4912 1899 4970 sunt,

336 5012 542 5069 perque
574 4998 665 5050 Dei
702 4998 1000 5065 potentiam
1051 4998 1102 5050 in
1152 4996 1383 5067 [Egypto
1418 4996 1593 5050 Moses
1643 4997 1905 5051 miracula

337 5089 499 5142 edere
530 5090 715 5157 cmpit,
748 5099 805 5143 et
832 5100 955 5158 post
990 5091 1133 5143 hunc
1170 5091 1312 5143 iilius
1335 5090 1478 5154 Non,
1508 5089 1673 5143 .losue
1704 5090 1905 5157 aliique

339 5184 525 5248 plures
583 5197 754 5249 usque
794 5182 860 5235 ad
905 5184 1108 5237 Christi
1159 5182 1590 5251 generationem.
1645 5182 1750 5237 Sed
1784 5192 1905 5250 post

337 5273 744 5336 gen-rationem
775 5273 921 5324 illius
968 5274 1019 5325 in
1063 5275 1361 5342 perniciem
1400 5289 1561 5326 ruere
1590 5274 1760 5327 Judaei
1798 5288 1905 5327 ca:-

338 5373 561 5431 perunt,
611 5370 664 5414 et
696 5363 880 5416 Jacobi
943 5365 1227 5433 prophetia
1277 5368 1493 5433 impleta
1530 5375 1613 5419 est
1669 5368 1900 5420 dicens:

345 5471 365 5504 ι
398 5455 517 5509 Non
548 5454 766 5510 deﬁciet
795 5456 1051 5527 prinCeps
1083 5474 1148 5512 cx
1177 5459 1337 5523 Juda,
1367 5473 1543 5527 neque
1572 5458 1681 5513 dux
1717 5459 1783 5513 de
1821 5460 1903 5512 fe-

410 5620 431 5651 ³
458 5618 590 5673 Gen.
632 5635 768 5683 xxtl,
800 5622 887 5674 10.

2006 4457 2157 4523 ἀκμῇ
2192 4453 2374 4507 αὐτῶν
2429 4453 2769 4522 ὑπάρχοντες
2813 4450 2986 4503 πολλὰ
3042 4449 3357 4517 εὑρίσκοντο
3405 4445 3579 4510 ὀλίγοι

2007 4548 2103 4601 καὶ
2152 4546 2528 4615 εὐαρίθμητοι,
2592 4544 3009 4611 συγκρινόμενοι
3060 4541 3198 4611 πρὸς
3241 4541 3363 4600 τοὺς
3394 4555 3578 4591 κατοι-

2007 4640 2235 4700 κοῦντας
2262 4638 2360 4708 τὴν
2384 4636 2732 4706 οἰκουμένην,
2768 4634 3042 4705 μόλιςγὰρ
3087 4633 3421 4701 περιέσωζον
3458 4633 3577 4689 ὲ.-ὸς

2008 4732 2191 4793 ἔθνους
2250 4729 2542 4796 ποσότητα,
2599 4728 2705 4779 ἀπὸ
2760 4727 2814 4778 δὲ
2845 4726 2943 4794 τῆς
2988 4722 3084 4777 τοῦ
3135 4723 3272 4776 Θεοῦ
3321 4722 3577 4792 βοηθείας

2008 4822 2288 4891 ἐφαίνοντο
2342 4819 2567 4887 μεγάλοι
2600 4818 2696 4869 καὶ
2752 4815 2997 4886 φοϐεροί.
3052 4813 3198 4867 Λαὸν
3249 4816 3356 4882 γὰρ
3413 4813 3579 4873 αὐτὸς

2009 4911 2191 4964 ἐκάλει
2229 4912 2421 4974 αὐτοὺς
2453 4914 2480 4963 6
2527 4911 2679 4974 Θεὸς,
2714 4911 2809 4962 καὶ
2849 4907 3215 4979 κληρονομίαν
3264 4902 3427 4957 αὐτοῦ
3461 4904 3579 4955 ἕλε-

2009 5021 2104 5071 γεν
2134 5002 2354 5067 αὐτοὺς,
2391 5004 2486 5055 καὶ
2516 5004 2572 5054 ὲν
2593 5003 2658 5071 τῇ
2691 4999 2834 5069 ίσχύῖ
2886 4997 3051 5051 αὐτοῦ
3092 4995 3579 5065 κατετροπώσαντο

2006 5094 2102 5147 κοιλ⁵
2135 5094 2433 5164 ἐκέρδησαν
2468 5091 2564 5154 τὰς
2616 5092 2799 5153 πόλεις
2834 5090 2944 5142 τῶν
2990 5089 3322 5142 ὑπεναντίων
3372 5087 3573 5138 αὐτῶν.

2008 5187 2114 5237 Καὶ
2138 5188 2192 5235 ὲν
2222 5189 2285 5254 τῇ
2320 5184 2546 5252 δυνάμει
2587 5182 2679 5234 τοῦ
2722 5182 2857 5234 Θεοῦ
2908 5182 3110 5251 ἤρξατο
3162 5182 3335 5234 ποιεῖν
3388 5180 3416 5229 6
3449 5179 3579 5229 Μω-

2008 5276 2105 5344 σῆς
2137 5278 2192 5327 ὲν
2244 5278 2309 5344 τῇ
2345 5273 2603 5342 Αἰγύπτῳ
2629 5273 2698 5324 τὰ
2728 5271 3033 5343 θαυμάσια,
3076 5274 3171 5327 καὶ
3224 5268 3340 5340 μετ’
3372 5268 3580 5320 ἐκεῖνον

2005 5368 2032 5417 6
2068 5365 2161 5418 τοῦ
2206 5366 2366 5429 Ναυῆ
2396 5364 2603 5432 Ἰησοῦς
2629 5407 2643 5430 ,
2678 5366 2773 5417 καὶ
2806 5365 2856 5416 οἱ
2898 5365 3093 5434 ἕτεροι,
3134 5361 3237 5423 ἕως
3262 5360 3361 5429 τῆς
3390 5359 3583 5425 γεννή-

2009 5475 2143 5521 σεως
2173 5457 2263 5511 τοῦ
2292 5457 2549 5526 Χριστοῦ.
2616 5456 2746 5510 Ἀπὸ
2778 5456 2959 5525 sua;
2988 5453 3085 5508 τοῦ
3110 5450 3348 5525 Χριστοῦ
3381 5449 3583 5517 γεννή-
