3970 6212
337 300 447 363 389

1307 279 1601 363 CONT‘RA
1646 288 2129 363 MAHOMEI‘EM
2172 297 2547 365 APOLOGIA
2592 293 2639 365 ι.

3483 311 3587 378 390

337 433 480 477 σεως
542 416 781 486 ἦρξαντο
845 416 1106 487 πράττειν
1157 414 1207 469 οἱ
1258 414 1503 469 Ἰουδαῖοι
1556 418 1622 468 τὰ
1684 418 1925 488 ὀλέθρια.

2035 432 2185 471 more
2221 418 2387 483 illius,
2416 419 2591 474 donec
2631 419 2852 475 veniant
2875 436 2995 491 qua:
3024 422 3259 491 reposita
3286 424 3336 479 ei
3362 438 3509 490 sunt.
3532 437 3589 485 et

337 508 489 559 Καὶ.
524 502 813 575 ἐπληρώθη
865 507 897 574 ἡ
960 506 1055 558 τοῦ
1122 503 1315 557 Ἰακὼό
1356 505 1694 573 προφητεία,
1745 508 1776 574 ή
1830 507 1915 558 λέ-

339 616 513 665 γουσα
562 598 641 660 τὸ,
708 616 725 650 ι
760 599 874 651 Οὐκ
924 598 1161 663 ἐκλείψει
1206 598 1389 665 ἄρχων
1442 598 1499 663 ἐξ
1542 599 1748 661 Ἰούδα,
1797 599 1916 652 οὐδὲ

337 688 642 757 ἡγούμενος
699 692 764 741 ὲκ
821 689 931 742 τῶν
992 691 1181 760 μηρῶν
1232 692 1419 751 αὑτοῦ,
1468 690 1572 753 ἕως
1618 683 1679 742 οὗ
1720 689 1845 761 ἔλθῃ
1888 690 1917 742 ὃ

342 781 662 843 ἀπόκειται,
749 781 843 833 καὶ
879 780 1035 833 τοῦτό
1086 782 1201 835 ἐστι
1266 782 1560 852 προσδοκία
1644 781 1832 835 ἐθνῶν.
1894 801 1912 833 ι

342 871 507 923 Ἀλλὰ
555 871 616 940 δὴ
658 872 750 924 καὶ
795 871 892 923 τοῦ
932 873 1174 937 Ἡσαΐου,
1220 872 1545 942 ήηλέγουσα,
1598 892 1617 925 ι
1654 875 1843 928 Ἔσται
1884 873 1917 941 ἡ

348 966 477 1034 ῥίζα
510 965 605 1017 τοῦ
638 964 860 1028 Ἰεσσαὶ,
899 965 993 1017 καὶ
1032 965 1061 1017 ὀ
1101 964 1464 1034 ἀνιστάμενος
1503 966 1690 1034 ἀρχειν
1726 964 1916 1029 ἐθνῶν,

350 1056 437 1108 ἐπ’
463 1058 610 1126 αὐτῷ
644 1057 770 1123 ἔθνη
808 1055 1070 1110 ὲλπιοῦσι.
1114 1057 1352 1126 »Μέχρι
1388 1058 1495 1127 γὰρ
1529 1058 1628 1121 τῆς
1659 1058 1751 1111 τοῦ
1790 1059 1921 1127 Χρι-

351 1149 479 1199 στοῦ
518 1148 825 1215 γεννήσεως
862 1143 1007 1216 εῐχον
1040 1147 1089 1200 οί
1123 1149 1364 1201 Ἰουδαῖοι
1396 1142 1499 1202 καὶ⁵
1538 1149 1774 1217 βασιλεῖς
1814 1148 1920 1200 ἀπὸ

344 1238 442 1289 τοῦ
474 1238 660 1303 γένους
686 1236 866 1289 αὐτῶν
894 1238 987 1291 καὶ
1033 1238 1328 1307 ἀρχιερεῖς.
1359 1239 1714 1306 Γεννηθέντος
1742 1239 1797 1291 δὲ
1825 1238 1919 1291 τοῦ

344 1327 605 1397 Χριςτοῦ,
649 1327 868 1394 ἐλειψαν
913 1330 1005 1380 καὶ
1052 1330 1328 1398 ἀρχιερεῖς
1370 1332 1463 1382 καὶ
1506 1330 1765 1398 βασιλεῖς.
1812 1331 1921 1383 Καὶ

343 1416 553 1467 τούτων
585 1415 884 1481 γινομένων
917 1415 1046 1466 ποτὲ
1085 1418 1182 1484 μὲν
1216 1415 1479 1485 ὠργίζετο
1513 1417 1541 1467 ό
1574 1416 1704 1477 Θεὸς
1738 1417 1920 1479 αὐτοῖς

343 1506 431 1558 διὰ
460 1508 561 1567 τὰς
590 1506 863 1575 ἁμαρτίας
892 1507 1095 1571 αὐτῶν,
1121 1508 1414 1577 ἐξαιρέτως
1444 1509 1499 1561 δὲ
1532 1509 1617 1561 διὰ
1644 1508 1739 1570 τάς
1773 1508 1924 1561 εἰδω-

344 1597 667 1666 λολατρείας
699 1598 901 1663 αὐξῶν,
931 1598 995 1659 ἃς
1028 1599 1444 1668 είδωλολάτρουν
1468 1615 1481 1629 ·
1512 1600 1639 1652 ποτὲ
1668 1599 1724 1652 δὲ
1760 1599 1953 1651 πάλιν

345 1688 641 1740 συνεπάοει
674 1688 895 1748 αὐτούς.
929 1688 1046 1755 Ἀφ’
1072 1683 1133 1741 οῦ
1163 1690 1216 1741 δὲ
1248 1691 1553 1759 ἐτόλμησαν
1581 1691 1640 1741 τὸ
1665 1690 1920 1759 τόλμημα

343 1779 518 1830 ἐκεῖνο
542 1779 603 1829 το
636 1778 778 1844 μέγα
807 1778 900 1830 καὶ
930 1777 1181 1847 φοὸερὸν,
1208 1756 1390 1831 ἔκτοτε
1420 1756 1919 1849 ἐγκατελείφθησαν
1954 1756 1993 1812 Β

343 1870 493 1936 παρὰ
532 1867 628 1919 τοῦ
667 1866 835 1932 Θεοῦ,
873 1870 967 1920 καὶ
1002 1867 1380 1937 παρεδόθησαν
1416 1873 1494 1930 εἰς
1528 1869 1922 1938 ἀσυμπάθητον

340 1958 545 2024 ὀργὴν,
598 1958 693 2007 καὶ
741 1957 1115 2027 διεσπάρησαν
1167 1960 1246 2020 είς
1295 1960 1361 2011 τά
1415 1958 1561 2028 ἔθνη.
1616 1962 1808 2013 Καίτοι
1860 1978 1921 2029 γε

312 2047 832 2115 ,προσεκαρτέρησε
868 2047 966 2115 μὲν
993 2050 1018 2099 ὁ
1044 2047 1175 2110 Θεὸς
1207 2048 1367 2117 μέχρι
1396 2050 1588 2119 καιροῦ
1620 2050 1949 2121 φιλάνθρω-’

341 2155 438 2199 πος
479 2136 594 2199 ὢν,
634 2141 731 2204 τὴν
766 2138 989 2188 ἐκείνων
1021 2139 1356 2208 ἐπιστροφήν
1391 2156 1447 2191 τε
1494 2142 1588 2194 καὶ
1635 2142 1923 2210 μετάνοιαν

344 2227 745 2295 ἐκδεχόμενος·
795 2227 909 2278 ἀλλ’
938 2227 1013 2289 ὡς
1062 2226 1254 2281 ἀνίατα
1306 2228 1594 2292 νοσοῦντας
1650 2232 1923 2301 ἀπέκοψεν

354 2317 545 2376 etiam);
574 2314 669 2366 ἀπ’
693 2313 857 2366 αὐτοῦ
883 2355 898 2379 ,
930 2314 1002 2376 ὡς
1030 2317 1076 2367 οἱ
1110 2318 1387 2384 προφῆται
1420 2317 1638 2384 λέγουσι
1672 2327 1798 2390 περὶ
1829 2323 1926 2373 αὐ-

359 2404 487 2456 τῶν.
520 2406 665 2456 Ἐπεὶ
698 2403 830 2473 γοῦν
856 2404 1368 2475 είδωλολατροῦντες
1399 2404 1565 2480 ἦσαν,
1598 2412 1689 2463 καὶ
1721 2428 1926 2481 παρορ-

361 2495 594 2561 γίζοντες
620 2496 711 2548 τὸν
740 2496 907 2557 Θεὸν,
942 2496 1226 2565 παρεδίδου
1258 2498 1358 2565 μὲν
1386 2502 1583 2563 αὐτοὺς
1615 2503 1694 2563 είς
1724 2502 1925 2571 αἰχμαο

354 2587 553 2637 λωσίαν
593 2587 691 2639 καὶ
738 2586 1051 2649 παιδεύσεις
1081 2587 1170 2639 διὰ
1202 2588 1269 2640 τὰ
1300 2590 1447 2642 κακά
1476 2589 1675 2645 αὐτῶν.
1709 2592 1783 2643 Οὐ
1818 2592 1924 2660 μὴν

346 2677 404 2729 δὲ
434 2677 532 2729 καὶ
562 2674 919 2745 ἐγκατέλιπεν
950 2680 1170 2743 αὐτοὺς,
1200 2679 1336 2732 ἀλλά
1368 2680 1531 2750 μέχρι
1566 2680 1754 2752 καιροῦ
1783 2700 1925 2747 τινος

344 2770 727 2840 εὐαριθμήτου
772 2771 1123 2838 παρετείνετο
1164 2772 1197 2839 ὴ
1236 2770 1330 2823 τοῦ
1374 2770 1508 2823 Θεοῦ
1552 2772 1687 2843 πρὸς
1729 2776 1925 2836 αὐτοὺς

345 2862 515 2932 ὀργή.
564 2863 732 2915 Πάλιν
776 2862 831 2915 δὲ
876 2864 1261 2931 ἀπελάμϐανον
1306 2865 1399 2915 καί⁵
1445 2846 1808 2933 συμπάθειαν,
1849 2866 1924 2929 ὡς

348 2956 593 3022 εἴρηται,
636 2954 729 3005 καὶ
774 2955 871 3023 τὴν
912 2940 1179 3024 πρότερον
1222 2954 1582 3023 εὐδαιμονίαν.
1627 2957 1789 3009 Ἀλλὰ
1832 2960 1923 3010 καὶ

346 3046 441 3097 τὸν
471 3045 667 3113 καιρὸν
694 3045 791 3111 τῆς
826 3046 1051 3098 ἐκείνων
1084 3046 1461 3116 αἰχμαλωσίας
1493 3048 1748 3101 οὐδέποτε
1782 3050 1919 3102 ἕλει-

348 3136 460 3205 ψαν
504 3136 603 3189 ἀπ’
633 3136 811 3190 αὐτῶν
859 3137 1136 3205 προφῆτιι
1183 3139 1261 3200 είς
1313 3140 1651 3208 παρηγορίαν
1698 3141 1922 3194 ἐκείνων

349 3228 739 3297 εὑρισκόμενοι
778 3227 873 3282 καὶ
920 3228 1185 3296 ὠφέλειαν
1207 3228 1462 3299 ψυχικήν.
1497 3230 1792 3300 Προέλεγον
1814 3232 1921 3301 γὰρ

351 3323 446 3372 καὶ
488 3321 588 3389 τὴν
634 3320 769 3389 πρὸς
813 3320 1011 3382 αὐτοὺς
1056 3320 1147 3372 τοῦ
1200 3321 1335 3374 Θεοῦ
1387 3322 1689 3392 ἐρχομένην
1730 3323 1920 3394 ὀργὴν,

347 3409 491 3465 ἀλλὰ
516 3411 611 3461 καὶ
634 3411 758 3471 τοὺς
783 3409 1006 3480 χρόνους
1029 3409 1127 3480 τῆς
1148 3410 1336 3481 ὀργῆς,
1362 3412 1458 3464 καὶ
1474 3412 1571 3481 τὴν
1596 3414 1733 3480 μετὰ
1753 3413 1926 3469 ταῦτα

348 3502 728 3569 γενησομένην
762 3499 1128 3569 συμπάθειαν,
1160 3502 1250 3552 καὶ
1282 3502 1381 3570 τὴν
1414 3502 1492 3563 είς
1523 3502 1620 3572 τὴν
1650 3503 1922 3570 Ἰερουσας

349 3593 467 3660 λὴμ
518 3592 799 3645 ἐπάνοδον.
848 3591 1169 3644 Διεδίὸασαν
1220 3592 1327 3660 γὰρ
1379 3595 1458 3654 εἰς
1508 3592 1602 3661 τὴν
1649 3594 1923 3659 Αἴγυπτον

348 3682 580 3752 χρόνους
618 3682 1021 3751 τετρακοσίους,
1064 3681 1381 3733 ἁλλ’ἐκείςε
1422 3682 1786 3752 ἐγεννήθησαν
1828 3684 1922 3736 καὶ

348 3774 761 3842 ἀνετράφησαν.
791 3773 945 3826 Μετὰ
970 3774 1027 3825 δὲ
1054 3773 1115 3825 τὸ
1140 3772 1313 3825 ἐλθεῖν
1337 3773 1530 3835 αὐτοὺς
1558 3774 1637 3836 εις
1664 3774 1731 3827 τά
1760 3773 1921 3845 Ἰερο-

352 3866 590 3933 σόλυμα,
627 3864 721 3914 καὶ
755 3862 937 3917 κτίσαι
969 3863 1058 3916 τὸν
1091 3863 1237 3927 ναὸν,
1272 3863 1695 3933 ᾐχμαλώτευσεν
1728 3865 1925 3929 αὐτοὺς

352 3956 610 4022 βασιλεὺς
648 3953 755 4005 τῶν
796 3953 1150 4007 Βαϐυλωνίων
1188 3954 1658 4022 Ναϐουχοδονόσορ
1698 3956 1925 4024 χρόνους

354 4046 765 4114 ἐϐδομήκοντα·
796 4043 888 4096 καὶ
916 4045 1055 4113 μετά
1078 4043 1248 4097 ταῦτα
1276 4045 1543 4113 Ἀντίοχος
1566 4047 1594 4097 ό
1623 4044 1924 4116 Ἐπιφανὴς

351 4138 583 4206 χρόνους
621 4135 715 4187 δύο
757 4135 849 4187 καὶ
890 4134 1084 4203 ἥμισυ,
1128 4134 1223 4186 καὶ
1264 4134 1422 4187 πλέον
1460 4135 1521 4187 οὐ
1566 4138 1846 4206 παρετάθη
1888 4140 1921 4207 ἡ

353 4229 492 4296 πρὸς
529 4227 725 4286 αὐτοὺς
759 4225 853 4278 τοῦ
886 4225 1022 4279 Θεοῦ
1057 4225 1215 4295 ὀργή.
1250 4227 1441 4280 Καίτοι
1477 4243 1538 4293 γε
1574 4229 1664 4281 ἐπὶ
1702 4229 1801 4298 μὲν
1831 4229 1922 4282 τοῦ

350 4317 598 4380 Μωσέως
634 4316 832 4369 ἔθυσαν
861 4318 952 4369 τὸν
986 4318 1187 4388 μόσχον
1216 4319 1272 4369 ἐν
1301 4320 1366 4387 τῇ
1400 4319 1621 4388 ἐρήμῳ,
1653 4320 1748 4372 καὶ
1786 4321 1927 4390 μετά

348 4410 529 4461 ταῦτα
558 4408 712 4461 ἔθυον
738 4410 848 4468 τοῖς
874 4407 1111 4469 εἰδώλοις
1132 4423 1147 4438 ·
1176 4409 1234 4459 οὐ
1267 4408 1424 4477 μόνον
1448 4408 1505 4461 δὲ
1533 4408 1689 4461 ἔθυον
1714 4410 1930 4480 θύματα

349 4499 513 4563 ζώων
534 4538 549 4560 ,
578 4499 717 4551 ἀλλά
742 4498 839 4551 καὶ
861 4502 932 4552 τά
955 4499 1119 4552 τέκνα
1147 4499 1326 4553 αὐτῶν
1356 4499 1508 4552 ἔθυον
1534 4502 1647 4562 τοῖς
1676 4501 1895 4571 δαίμοσι
1916 4543 1932 4569 ,

351 4597 454 4645 καὶ
480 4592 607 4654 τοὺς
640 4591 927 4661 προφήτας
960 4578 1319 4656 ἀπέκτεινον,
1354 4600 1448 4646 καὶ
1478 4593 1647 4663 ὀργὴν
1678 4594 1936 4664 ἀσυμπά-

352 4684 521 4751 θητον
552 4681 612 4732 οὐ
643 4680 997 4755 πεπόνθασιν.
1034 4678 1165 4732 ’Λπδ
1192 4680 1249 4732 δὲ
1278 4681 1375 4749 τῆς
1405 4681 1499 4733 τοῦ
1532 4683 1736 4751 Κυρίου
1769 4700 1933 4736 σταυο

354 4773 584 4841 ρώσεώς
615 4772 723 4824 είσι
754 4772 935 4840 χρόνοι
964 4771 1124 4840 χίλιοι
1154 4771 1459 4840 τριακόσιοι
1488 4770 1772 4842 ἐξήκοντα.
1804 4773 1937 4826 Καί-

351 4883 442 4917 τοι
472 4882 558 4932 γε,
592 4864 667 4926 ὡς
695 4864 834 4933 τάχα
868 4864 1107 4931 λέγουσι,
1143 4864 1479 4933 φυλάσσουσι
1506 4866 1595 4918 τὸν
1624 4866 1809 4935 νόμον,
1836 4868 1932 4920 καὶ

350 4959 511 5010 οὐδὲν
548 4957 1030 5027 είδωλολάτρησαν,
1069 4957 1203 5009 ἀλλά
1240 4956 1400 5025 μόνον
1438 4958 1523 5011 διά
1557 4958 1653 5027 τὴν
1685 4959 1764 5022 εἰς
1799 4960 1933 5027 Χρι-

352 5056 485 5104 στὸν
536 5052 789 5105 ἀσέϐειαν
836 5052 1015 5105 αὐτῶν
1065 5052 1567 5121 ἐγκατελείφθησαν
1615 5052 1809 5117 οὕτως,
1859 5053 1935 5116 ὡς

350 5146 461 5213 ὁρᾷ
489 5145 517 5194 ὁ
546 5145 749 5212 κόσμος
774 5144 915 5206 ὅλος.
938 5144 1058 5195 ’Ὁτι
1092 5144 1187 5210 μὲν
1213 5146 1321 5213 γὰρ
1350 5144 1437 5195 διὰ
1464 5144 1618 5195 τοῦτο
1643 5143 1936 5213 διεσπάρη-

353 5255 485 5297 σαν,
534 5236 620 5289 ἵνα
665 5237 911 5302 παίγνιον
958 5236 1051 5287 καὶ
1098 5235 1414 5302 κατάγελως
1460 5236 1723 5301 γένωνται
1773 5236 1933 5287 παντὶ

346 5329 437 5395 τῷ
475 5328 661 5395 κόσμῳ
712 5327 876 5377 παντί
910 5343 1011 5378 που
1044 5326 1201 5395 δῆλον
1225 5341 1237 5355 °
1275 5327 1357 5378 ὄτι
1392 5326 1449 5377 δὲ
1490 5325 1609 5377 οὐδὲ
1644 5325 1931 5395 προφήτης

350 5416 514 5471 εἶπεν
551 5418 727 5479 αὐτοῖς
771 5417 927 5482 λόγον
963 5417 1329 5488 παρηγορίας,
1370 5416 1485 5469 ἀλλ’
1512 5416 1629 5467 οὐδὲ
1671 5415 1933 5485 ἐλάλησεν

431 5553 618 5607 ‘Gcn.
650 5569 797 5616 χιιι,
847 5552 934 5606 10.
1011 5551 1157 5605 'lsa.
1208 5567 1281 5617 ιι,
1326 5552 1375 5606 l.

433 5676 505 5742 tl,
538 5673 669 5726 Nota
708 5679 919 5740 tempus
948 5686 1057 5739 quo
1095 5669 1233 5723 liber
1260 5668 1347 5723 hic
1384 5664 1725 5735 conscriptus
1756 5673 1857 5721 est.

2020 506 2138 575 ipse
2175 512 2515 577 exspectatio
2544 511 2789 580 gentium
2816 512 2856 566 ⁸.
2892 532 2909 563 ι
2949 513 3151 567 Verum
3187 524 3243 569 et
3287 516 3437 570 Isaiae
3468 536 3588 572 ora.

2018 598 2202 651 culum
2254 598 2491 655 dicens:
2559 619 2576 651 ι
2640 602 2905 673 Exsurget
2953 604 3106 658 radix
3152 605 3340 669 Jessaz,
3385 618 3438 661 et
3494 611 3588 677 qui

2017 694 2267 754 exsurget
2303 688 2368 739 ad
2400 689 2780 756 imperandum
2823 694 3099 760 gentibus.
3136 694 3188 747 in
3222 695 3374 749 illum
3403 710 3593 765 gentes

2019 777 2321 844 sperabunt
2349 780 2390 829 ⁸.
2433 797 2451 831 ι
2509 780 2644 833 Nam
2676 796 2847 850 usque
2880 782 2945 835 ad
2992 784 3197 838 Christi
3249 788 3588 843 nativitatem

2018 866 2191 920 Judaei
2228 878 2282 921 et
2318 884 2478 938 reges
2515 879 2569 923 et
2620 871 2905 939 pontifices
2947 874 3012 927 de
3043 889 3138 927 sua
3170 882 3335 945 gente
3380 879 3587 933 habue-

2022 968 2184 1012 runt:
2213 960 2317 1013 hoc
2339 970 2519 1015 autem
2551 972 2699 1026 nato,
2724 974 2779 1017 ct
2800 979 2957 1034 reges
2982 972 3036 1018 et
3064 968 3349 1035 pontifices
3381 971 3595 1025 defccc-'

2023 1058 2169 1102 runt.
2204 1050 2412 1105 Interea
2448 1067 2575 1105 vero
2610 1055 2872 1121 temporis
2893 1071 3037 1109 nunc
3067 1058 3288 1126 quidem
3322 1061 3589 1115 l)e::sillis

2021 1139 2363 1219 irascebatur
2404 1154 2630 1211 propter
2671 1155 2893 1212 peccata
2936 1146 3203 1215 ipsorum,
3233 1149 3591 1204 idololatriant

2021 1226 2076 1279 in
2105 1227 2316 1296 primis.
2368 1232 2526 1300 cujus
2576 1233 2969 1287 studiosissimi
3016 1246 3210 1300 erant;
3246 1254 3394 1292 nunc
3457 1256 3588 1293 vero

2021 1320 2338 1373 eorumdem
2395 1320 2763 1376 miserabatur
2823 1324 3005 1379 denuo
3050 1342 3063 1377 :
3123 1336 3411 1395 postquam
3464 1348 3593 1385 vero

2023 1408 2233 1463 facinus
2261 1406 2393 1465 illud
2430 1429 2679 1483 magnum
2712 1424 2765 1467 et
2804 1415 3141 1469 horrendum
3188 1429 3404 1486 patrare
3465 1434 3595 1477 sunt

2022 1502 2163 1566 ausi,
2191 1510 2321 1556 tunc
2348 1516 2376 1555 a
2412 1501 2521 1556 Deo
2577 1503 2779 1557 deserti
2814 1505 2866 1557 in
2907 1500 3041 1558 iram
3081 1506 3593 1567 irrcconciliabilem

2025 1593 2357 1659 inciderunt,
2383 1600 2437 1646 et
2474 1593 2527 1645 in
2560 1604 2752 1663 gentes
2776 1595 3010 1664 dispersi
3046 1608 3192 1652 sum.
3225 1586 3287 1652 Et
3319 1616 3447 1653 sane
3476 1617 3597 1656 sus-

2025 1685 2190 1739 tinuit
2216 1684 2335 1739 illos
2376 1686 2518 1740 Deus
2569 1686 2634 1739 ad
2675 1696 2913 1756 tempus,
2947 1688 3247 1744 humanum
3284 1694 3438 1760 quasi
3486 1696 3593 1746 mi-

2023 1786 2243 1846 temque
2276 1792 2335 1831 se
2398 1778 2504 1832 illis
2561 1779 2850 1841 exhibens,
2900 1796 3024 1835 eum
3075 1783 3334 1836 nimirum
3398 1786 3596 1855 resipi-

2022 1867 2285 1919 scentiam
2330 1866 2546 1919 illorum
2579 1877 2632 1920 et
2670 1868 3047 1937 paruitenliam
3082 1884 3458 1942 exspectaret;
3500 1876 3594 1931 ε‹·ι1

2023 1957 2318 2010 incurabili
2355 1958 2548 2012 morbo
2584 1959 2899 2015 laborantes
2948 1963 3201 2027 abscidit,
3231 1968 3591 2035 quemadmo-

2023 2048 2150 2102 dum
2173 2049 2451 2117 prophetaa
2471 2049 2537 2104 de
2562 2050 2696 2120 ipsis
2730 2054 3009 2107 vaticinati
3032 2054 3417 2112 fuerant.Cum
3448 2060 3595 2113 enim

2024 2138 2184 2191 idolis
2218 2140 2511 2205 servirent,
2545 2150 2600 2195 et
2636 2140 2805 2195 Deum
2840 2144 3143 2206 irritarent.
3184 2146 3329 2213 ipsos
3372 2150 3593 2217 quidem

2024 2229 2078 2283 in
2126 2231 2499 2300 captivitatem
2532 2242 2587 2287 et
2636 2250 2824 2302 ptenas
2858 2245 3086 2304 propter
3133 2240 3342 2293 scelera
3377 2241 3595 2293 illorum

2025 2322 2271 2387 tradidit,
2328 2339 2440 2377 non
2495 2332 2674 2378 tamen
2709 2326 2937 2379 omnino
2986 2327 3338 2397 dereliquit:
3391 2330 3484 2384 sed
3542 2331 3596 2385 in

2025 2422 2241 2481 tempus
2259 2412 2482 2481 aliquod
2508 2429 2615 2467 non
2640 2414 2779 2467 adeo
2805 2414 3155 2481 immensum,
3175 2432 3275 2470 nec
3295 2418 3597 2483 infinitum,

2025 2502 2212 2556 divina
2240 2505 2294 2555 in
2329 2502 2451 2556 illos
2478 2503 2553 2557 ira
2594 2503 3028 2567 extendebatur;
3066 2520 3177 2572 quo
3216 2516 3509 2567 transacto,
3540 2515 3601 2560 ut

2025 2593 2232 2648 dictum
2272 2601 2376 2658 est,
2434 2601 2489 2647 et
2533 2592 2681 2647 illius
2735 2594 3170 2649 misericordiam
3220 2604 3275 2649 et
3314 2597 3599 2665 pristinam

2028 2683 2343 2739 felicitatem
2414 2684 2835 2754 recuperabant.
2902 2683 3290 2740 Verumtamen
3356 2703 3455 2742 nec
3544 2689 3597 2741 in

2029 2786 2272 2844 tempore
2302 2774 2631 2844 captivitatis
2657 2775 2873 2828 illorum
2902 2791 3142 2845 unquam
3174 2777 3471 2831 defuerunt
3495 2778 3601 2831 illis

2028 2866 2331 2935 prophetae,
2366 2860 2431 2920 ad
2475 2866 2904 2921 consolationem
2946 2867 3164 2920 illorum
3197 2878 3253 2921 et
3291 2868 3488 2921 anima:
3519 2884 3604 2922 sa-

2026 2957 2193 3010 lutem
2220 2973 2247 3010 a
2289 2957 2399 3011 Deo
2445 2956 2580 3012 dati.
2610 2956 2991 3011 Praedicebant
3029 2958 3173 3011 enim
3220 2970 3275 3013 et
3319 2970 3600 3013 venturam

2030 3046 2127 3099 Dei
2176 3046 2230 3099 in
2268 3046 2389 3101 illos
2443 3046 2605 3111 iram,
2641 3057 2697 3102 et
2742 3056 2959 3116 tempus
3005 3048 3099 3101 ira:
3146 3047 3454 3110 definitum,
3490 3058 3602 3103 tum

2031 3139 2199 3192 etiam
2238 3138 2333 3191 Dei
2385 3147 2510 3207 post
2552 3138 2655 3191 hoc
2688 3146 3001 3191 secuturam
3038 3139 3599 3204 commiserationem,

2034 3242 2088 3287 et
2129 3232 2373 3285 futurum
2424 3232 2479 3285 in
2517 3230 2952 3301 Hierosolymam
2986 3231 3242 3285 reditum.
3280 3230 3338 3284 In
3365 3230 3602 3301 IEgypto

2034 3324 2182 3378 enim
2251 3332 2635 3393 transcgerunt
2690 3338 2862 3377 annos
2918 3322 3375 3392 quadringentos,
3407 3338 3604 3379 verunt

2036 3413 2239 3467 ibidem
2268 3422 2323 3467 et
2376 3412 2720 3481 multiplicati
2763 3421 2818 3466 et
2851 3412 3078 3466 enutriti
3122 3422 3272 3466 sunt.
3302 3414 3593 3481 Postquam

2034 3517 2167 3556 vero
2219 3501 2588 3555 ascenderunt
2658 3498 3129 3570 Hierosolymam,
3207 3510 3262 3555 et
3333 3504 3596 3569 templum

2032 3598 2461 3651 exstruxerunt,
2494 3589 2549 3642 in
2583 3589 2952 3657 captivitatem
2999 3588 3207 3657 redegit
3242 3603 3336 3640 eos
3369 3587 3593 3657 Babylo»

2036 3686 2250 3738 niorum
2273 3698 2367 3735 rex
2387 3680 2894 3741 Nabuchodonosor
2912 3680 3066 3733 annis
3084 3681 3445 3749 septuaginta.
3472 3680 3599 3734 Post

2036 3775 2151 3829 hiec
2167 3776 2323 3830 annis
2341 3772 2555 3827 duobus
2573 3780 2625 3826 et
2645 3771 2811 3826 semis
2828 3770 3128 3824 Antiochus
3149 3770 3237 3823 ille
3264 3785 3596 3839 cognomen-

2039 3876 2093 3922 to
2110 3866 2367 3930 lllustris,
2396 3881 2495 3919 nec
2526 3864 2668 3918 ultra
2694 3862 2909 3931 longius
2934 3861 3114 3915 divina
3142 3862 3194 3913 in
3227 3860 3347 3914 illos
3370 3862 3445 3914 ira
3479 3878 3601 3930 por-

2038 3968 2185 4013 recta
2219 3966 2323 4011 est.
2351 3957 2463 4010 lmo
2492 3970 2616 4008 eum
2656 3966 2899 4021 tempore
2926 3950 3089 4005 Musis
3120 3951 3173 4004 in
3209 3952 3426 4004 deserto
3453 3951 3596 4003 exsi-

2035 4060 2244 4107 stentes
2257 4050 2429 4104 vitulo
2441 4047 2886 4107 sacrificarent,et
2904 4055 3027 4115 post
3046 4044 3158 4098 haec
3173 4044 3332 4097 idolis
3344 4043 3534 4096 oﬂcrrc
3547 4050 3603 4095 nt

2037 4141 2311 4203 victimas,
2354 4154 2457 4193 nec
2506 4134 2905 4191 tantummodo
2935 4132 3252 4188 animalium
3311 4134 3604 4197 sacrificia,

2040 4232 2134 4286 sed
2166 4230 2416 4301 proprios
2455 4229 2661 4283 liberos
2701 4242 2917 4296 quoque
2966 4224 3307 4278 daemonibus
3354 4224 3606 4277 immolaa

2037 4331 2179 4381 rent.
2224 4330 2279 4375 et
2315 4320 2707 4390 prOphetarum
2762 4316 3005 4371 caedibus
3065 4314 3603 4375 contaminarentur,

2036 4427 2375 4483 nequaquam
2408 4421 2587 4465 tamen
2620 4407 2801 4461 adhuc
2846 4408 2940 4460 Dei
2978 4407 3116 4460 iram
3166 4405 3609 4458 irreconciliabi-

2034 4503 2138 4558 lem
2190 4501 2403 4569 experti
2453 4508 2600 4554 sunt.
2640 4497 2683 4552 Α
2735 4497 2946 4550 Domini
3002 4510 3133 4549 vero
3182 4495 3437 4564 passione
3476 4494 3607 4548 anni

2029 4594 2139 4663 jam
2170 4593 2318 4646 mille
2362 4590 2590 4645 trecenti
2628 4597 2681 4643 et
2717 4589 3003 4659 sexaginta
3039 4587 3116 4657 (l)
3156 4588 3325 4656 elapsi
3366 4595 3516 4651 sunt,
3544 4594 3602 4639 et

2040 4697 2223 4742 tamen
2279 4686 2361 4753 (ut
2405 4684 2663 4738 nimirum
2713 4682 2817 4751 ipsi
2867 4680 3161 4750 aﬂirmant)
3196 4680 3371 4745 legem
3413 4687 3637 4733 enato:-

2035 4779 2215 4839 dittnt,
2240 4785 2295 4831 et
2338 4776 2407 4829 ab
2447 4775 2593 4828 omni
2634 4773 2937 4826 idololatria
2982 4770 3297 4832 abstinent;
3349 4768 3442 4821 sed
3470 4782 3602 4835 pro-

2036 4880 2159 4939 pter
2185 4885 2351 4921 unum
2379 4868 2505 4929 hoc,
2539 4865 2683 4935 quod
2718 4866 2773 4919 in
2807 4862 3085 4917 Christum
3113 4868 3481 4914 exercuerunt
3505 4858 3605 4909 im-

2041 4960 2344 5026 piissimum
2369 4957 2603 5020 facinus,
2635 4954 2836 5007 deserti
2878 4962 2933 5005 et
2987 4953 3155 5003 totius
3195 4948 3381 5001 mundi
3415 4961 3601 5000 exem-

2039 5051 2191 5118 plum
2221 5048 2346 5101 facti
2377 5055 2526 5100 sunt.
2562 5044 2718 5109 Quod
2746 5043 2890 5095 enim
2921 5042 3021 5093 hac
3062 5039 3129 5092 de
3172 5053 3333 5091 causa
3368 5036 3602 5105 dispersi

2038 5145 2171 5204 sint,
2201 5150 2259 5194 ut
2293 5138 2461 5192 totius
2509 5136 2701 5189 mundi
2731 5132 2974 5187 ludibrio
3022 5141 3077 5185 et
3109 5131 3240 5183 risui
3267 5144 3607 5199 exponeren-

2038 5244 2151 5300 tur,
2188 5230 2491 5286 clarissime
2516 5229 2601 5281 vel
2629 5243 2690 5279 ex
2720 5226 2823 5279 hoc
2858 5232 3023 5293 patet,
3060 5222 3207 5293 quod
3233 5235 3263 5273 ιι
3285 5222 3439 5275 nullo
3468 5236 3600 5289 pro-

2036 5326 2323 5396 phetarum
2363 5325 2569 5377 interea
2604 5319 2868 5390 temporis
2915 5316 3347 5372 consolationem
3376 5328 3604 5381 accepe—

2040 5426 2191 5483 runt,
2242 5431 2344 5470 nec
2372 5414 2573 5483 aliquis
2626 5413 3019 5481 prophetarum
3054 5409 3197 5463 inter
3231 5407 3353 5463 illos
3386 5404 3605 5461 locutus
