3970 6212
332 291 436 352 393

1289 293 1584 354 CONTRA
1627 297 2114 363 ΜΛΗΟΜΕΤΕΜ
2156 306 2533 367 APOLOGIA
2580 306 2628 365 Ι.

3496 311 3601 378 3ἱὶι4

333 417 430 454 ται
466 397 790 466 λογίσασθαι
825 400 851 452 6
884 398 1013 462 Θεὸς
1051 402 1198 463 υἱοὺς
1236 403 1486 475 Ἀϐραὰμ
1510 445 1523 470 ,
1564 409 1657 460 καὶ
1696 410 1910 477 σπέρμα

2027 414 2096 466 ab
2137 416 2316 481 initio,
2353 428 2405 470 et
2447 419 2499 470 in
2534 418 2764 474 veritate
2795 433 2902 474 non
2933 421 3102 488 stetit,
3137 425 3395 492 quoniam
3448 444 3604 484 men-

351 487 577 553 Ἰσαάκ;
611 487 709 550 Τίς
742 488 850 557 γὰρ
887 491 1088 560 μετοχὴ
1121 490 1348 562 διαϐόλῳ
1383 496 1474 547 καὶ
1504 499 1618 558 τοῖς
1649 497 1740 550 τοῦ
1777 499 1912 550 Θεοῦ

336 579 570 642 δούλοις,
604 576 876 650 Ἀϐραὰμ,
909 581 1092 635 Ἰσαὰκ
1138 585 1232 637 καὶ
1265 586 1487 651 Ίακώ6;
1517 588 1730 642 Μᾶλλον
1754 589 1806 642 δὲ
1834 591 1916 654 τίς

335 671 594 724 κοινωνία
623 670 740 741 Θεῷ
769 672 863 724 καὶ
889 672 1156 743 δια6ό>.ῳ;

413 931 475 987 δ’.
503 933 615 986 Καὶ
646 931 752 985 ἰδοῦ
783 932 921 985 κατά
948 931 1046 999 τὴν
1071 928 1250 1003 κρίσιν
1278 935 1370 987 καὶ
1397 931 1493 1005 τὴν
1522 935 1702 988 πίστιν
1729 936 1834 989 τῶν
1859 953 1916 988 τε

349 1023 624 1078 Ἰουδαίων
657 1024 766 1075 τῶν
801 1038 859 1076 τε
897 1024 1337 1088 Μουσουλμὰνων
1373 1027 1728 1096 ὲναπέμεινεν
1762 1030 1789 1080 6
1823 1027 1917 1080 τοῦ

331 1115 473 1168 Θ-οῦ
502 1114 655 1183 λόγος
683 1114 912 1183 μάταιος
937 1114 1032 1167 καὶ
1056 1113 1274 1182 ψευδής.
1295 1116 1427 1168 Ἀπὸ
1452 1116 1559 1186 γὰρ
1585 1117 1676 1169 τοῦ
1695 1115 1919 1188 Ἰσμαὴλ

331 1206 492 1257 οὐδὲν
532 1203 838 1273 προσῆλθον
880 1205 948 1257 τὰ
990 1202 1118 1274 ἔθνη
1159 1205 1236 1274 τῷ
1278 1205 1416 1275 Θεῷ,
1459 1208 1565 1259 ἀπὸ
1605 1207 1698 1260 τοῦ
1735 1207 1918 1260 Ἰσαὰκ

328 1296 564 1365 ὁμοίως.
605 1293 746 1347 Ἀλλ’
773 1293 873 1346 οὐκ
916 1293 1030 1346 ἐστι
1063 1293 1254 1358 τοῦτο,
1289 1295 1389 1348 οὐκ
1430 1295 1600 1348 ἔστιν.
1637 1295 1768 1348 Οὐδὲ
1810 1295 1919 1363 γὰρ

327 1386 724 1439 διαπέπτωκεν
757 1385 785 1437 6
820 1384 912 1437 τοῦ
955 1383 1088 1437 Θεοῦ
1134 1385 1310 1452 λόγος,
1350 1387 1464 1438 ἀλλ’
1494 1391 1550 1438 ὲν
1589 1386 1665 1456 τῷ
1698 1387 1917 1456 Χριστῷ

329 1477 418 1546 τῷ
457 1477 525 1528 ἐκ
568 1476 882 1545 σπέρματος
920 1475 1177 1547 Ἀϐραὰμ
1221 1477 1314 1530 καὶ
1354 1478 1540 1530 Ἰσαὰκ
1587 1479 1681 1532 καὶ
1724 1478 1918 1532 Ἰακὼϐ

330 1565 487 1618 κατὰ
533 1567 712 1633 σάρκα
757 1563 1126 1633 ἀνεφάνησαν,
1173 1565 1266 1618 καὶ
1316 1566 1781 1636 ἀπεκαλύφθήσαν
1824 1569 1919 1620 καὶ

328 1650 736 1722 ἐπληρώθησαν
781 1654 950 1704 πᾶσαι
992 1654 1047 1704 αἱ
1089 1653 1326 1722 ὁράσεις,
1378 1655 1548 1705 πᾶσαι
1596 1657 1649 1707 at
1704 1672 1920 1726 προφη-

326 1750 473 1799 τεῖαι
496 1785 510 1808 ,
546 1746 722 1797 πᾶσαι
753 1746 807 1796 at
839 1744 1210 1812 ἀποκαλύψεις
1232 1784 1246 1805 ,
1283 1747 1336 1796 αἱ
1371 1744 1714 1802 δεικνύουσαι
1752 1747 1913 1801 αὑτὸν
1947 1741 1992 1800 Β

325 1837 492 1895 θεὸν,
520 1835 575 1887 αἱ
604 1834 943 1887 δεικνύουσαι
972 1835 1132 1886 αὐτὸν
1160 1835 1466 1905 ἄνθρωπον,
1494 1836 1677 1898 καθὼς
1704 1840 1731 1890 6
1760 1838 1915 1906 λόγος

325 1929 586 1992 ἀπέδειξε
618 1930 713 1981 καὶ
743 1927 1005 1997 ἐδήλωσε,
1063 1927 1158 1981 καὶ
1191 1927 1271 1980 ἔτι
1301 1925 1530 1998 δηλώσει
1561 1931 1913 2000 σαφέστερον.

341 2021 513 2074 Ἀλλὰ
551 2023 648 2074 καὶ
679 2021 856 2073 πάντα
888 2019 957 2071 τὰ
988 2019 1113 2089 ἔονη
1151 2021 1208 2071 ἐν
1236 2019 1314 2090 τῷ
1346 2019 1564 2089 Χριστῷ
1598 2021 1788 2074 ἔλαϐον
1818 2023 1916 2092 τὴν

328 2111 592 2177 εὐλογίαν
621 2111 987 2162 πιστεύσαντα
1016 2109 1094 2168 είς
1122 2109 1306 2162 αὐτόν.
1338 2108 1518 2161 Πάντα
1548 2109 1656 2179 γὰρ
1683 2108 1752 2163 τὰ
1783 2109 1911 2178 ἔθνη

329 2203 398 2254 τὰ
439 2203 709 2272 πρότερον
744 2199 1235 2270 είδωλολατροῦντα
1274 2197 1368 2253 νῦν
1406 2198 1581 2252 πάντα
1619 2203 1785 2252 πιστά
1823 2202 1914 2252 καὶ

331 2291 608 2360 ὀρθὸδοξα,
635 2291 776 2358 πλήν
803 2296 964 2344 τινων
994 2291 1254 2360 μερικῶν,
1281 2291 1720 2359 Μουσουλμάνων
1747 2290 1911 2358 λέγω,

349 2384 617 2454 Ἐὗραίων
664 2385 760 2437 καὶ
812 2383 1035 2454 ἑτέρων,
1082 2382 1275 2445 οἵτινες
1323 2379 1458 2449 ὁμοῦ
1513 2382 1713 2444 πάντες
1761 2383 1912 2435 οὐδὲν

346 2475 659 2541 φαίνονται,
697 2472 1113 2541 συγκρινόμενοι
1152 2472 1289 2542 πρὸς
1323 2470 1390 2522 τὰ
1427 2470 1603 2541 πλήθη
1637 2471 1744 2524 τῶν
1778 2469 1912 2544 Χρι-

339 2567 568 2618 στιανῶν
590 2606 604 2630 ,
637 2567 760 2617 ὅσον
790 2565 980 2624 ὓδατος
1017 2563 1151 2634 apag
1187 2562 1322 2633 πρὸς
1357 2562 1611 2632 πέλαγος.
1642 2565 1829 2633 Ὅμως
1862 2566 1910 2616 τί

330 2658 492 2710 τοῦτο
535 2657 670 2726 πρὸς
713 2657 812 2726 τὴν
853 2656 1132 2725 ἀλήθειαν,
1179 2657 1226 2708 εἰ
1277 2656 1370 2707 καί
1409 2672 1552 2717 τινες
1603 2655 1732 2726 παρ’
1759 2657 1912 2709 οῦδὲν

331 2751 553 2819 Θέμενοι
598 2749 834 2818 ταύτην,
883 2749 1104 2817 ἔμειναν
1154 2749 1472 2818 ἁδιόρῦωτοι
1522 2750 1615 2801 καὶ
1655 2751 1908 2816 ἆπιστοι;

342 2843 402 2892 ’0
431 2843 532 2909 μὲν
558 2841 706 2911 ἥλιος
734 2841 912 2892 πάντα
937 2840 1025 2892 τὸν
1052 2838 1186 2909 ἀέρα
1215 2839 1460 2908 φωτίζει,
1490 2841 1582 2894 καὶ
1608 2842 1788 2894 πᾶσαν
1814 2842 1910 2910 τὴν

328 2933 693 2999 οἰκουμένην,
727 2929 861 2982 ἀλλὰ
892 2928 1000 2981 τῶν
1034 2928 1451 2996 τυφλωττὸντων
1485 2929 1776 2983 σκοτεινῶν
1811 2949 1907 2999 με-

331 3023 556 3084 νόντων,
601 3020 661 3071 ού
713 3019 863 3088 παρὰ
912 3018 1070 3070 τοῦτο
1124 3019 1513 3090 προστρίϐεται
1562 3021 1638 3090 τῷ
1692 3021 1826 3091 ἡλίῳ
1877 3023 1907 3089 ἡ

333 3108 568 3176 μέμψις,
599 3106 733 3160 ἀλλά
766 3109 876 3169 τοῖς
905 3106 1330 3174 τυφλώττουσιν.
1365 3108 1520 3161 Οῦτω
1555 3127 1644 3177 μοι
1678 3112 1782 3163 νόει
1815 3112 1907 3163 καὶ
1935 3082 1978 3142 C

331 3202 465 3269 περὶ
489 3199 584 3250 τοῦ
613 3199 868 3268 Χριστοῦ,
892 3199 971 3250 ὅτι
997 3200 1054 3250 τὸ
1080 3199 1169 3252 τοῦ
1199 3201 1435 3270 Χριστοῦ
1465 3201 1796 3270 Εὐαγγέλιον
1821 3208 1910 3255 καὶ

330 3294 364 3360 ἡ
401 3290 756 3352 διδασκαλία,
793 3290 992 3359 μᾶλλον
1021 3289 1078 3342 δὲ
1111 3291 1269 3352 αὐτὸς
1302 3293 1329 3343 ὁ
1359 3291 1594 3362 Χριστὸς
1627 3293 1769 3363 ὑπὲρ
1806 3311 1906 3362 μυ.

332 3385 488 3450 ρίους
519 3379 703 3449 ἡλίους
735 3380 1016 3449 ἀνεδείχθη
1050 3381 1425 3450 λαμπρότερος
1458 3383 1552 3435 καὶ
1586 3386 1906 3450 φωτεινότε-

333 3490 448 3542 ρος.
482 3474 578 3534 Εἰς
613 3474 792 3525 πᾶσαν
821 3473 930 3542 γὰρ
962 3472 1061 3541 τὴν
1094 3471 1196 3542 γῆν
1227 3471 1450 3542 ἐξῆλθεν
1480 3475 1506 3525 6
1537 3472 1630 3526 τοῦ
1668 3475 1909 3543 Εύαγγε-

329 3566 451 3617 λίου
491 3565 668 3632 λόγος,
712 3565 800 3616 καὶ
834 3563 883 3616 οι
925 3563 1271 3625 πιστεύοντες
1317 3563 1602 3629 σώζονται,
1646 3568 1692 3618 οἱ
1735 3567 1788 3618 δὲ
1834 3568 1907 3638 μὴ

334 3656 687 3718 πιστεύοντες
743 3655 1094 3710 ἀπόλλυνται.
1135 3654 1273 3709 Ἀλλ’
1298 3655 1357 3707 ού
1397 3657 1544 3725 παρά
1580 3656 1654 3725 τῷ
1691 3657 1907 3726 Χριστῳ

331 3753 364 3819 ή
400 3749 645 3818 μέμψις,
677 3747 812 3800 ἀλλά
849 3748 1000 3813 παρὰ
1029 3749 1140 3810 τοῖς
1172 3747 1454 3812 ἀπίστοις,
1487 3751 1597 3810 τοῖς
1630 3765 1908 3819 καταπρο-

327 3840 480 3893 δοῦσι
510 3840 609 3908 τὴν
635 3839 849 3892 ἑαυτῶν
883 3839 1178 3908 σωτηρίαν.
1214 3839 1356 3891 Ἀλλ’
1383 3839 1490 3891 οὐδ’
1517 3838 1689 3902 οὕτως
1721 3842 1907 3902 ἁπλῶς

326 3934 555 3984 πάντων
595 3929 704 3982 τῶν
745 3929 1155 3982 πιστευσάντων
1199 3929 1347 3982 ἐστὶν
1392 3931 1424 3998 ἡ
1471 3931 1732 4000 σωτηρία,
1775 3932 1907 3984 ἀλλά

326 4023 439 4074 τῶν
474 4024 572 4073 σὶν
599 4023 666 4090 τῇ
700 4020 880 4071 πίστει
916 4020 1256 4089 ποιησάντων
1288 4021 1422 4090 ἔργα
1457 4023 1726 4092 σωτηρίας
1763 4024 1903 4086 ἄξια,

340 4114 486 4166 Ἀλλ’
515 4115 905 4184 ἐπιστραφήτω
938 4113 964 4163 6
999 4114 1149 4179 λόγος
1189 4113 1343 4182 ἡμῶν
1376 4115 1455 4175 είς
1485 4115 1582 4176 τὰς
1618 4117 1741 4183 περὶ
1778 4117 1909 4182 Χρι-

330 4202 460 4255 στοῦ
507 4205 819 4272 μαρτυρίας
863 4204 953 4254 καὶ⁹
998 4203 1316 4268 ἀποδείξεις,
1360 4203 1472 4254 ἀλλ’
1497 4205 1555 4254 ού
1603 4205 1801 4266 πάσας.
1845 4205 1907 4257 Et

325 4299 440 4366 γὰρ
468 4299 644 4356 πασας
668 4298 763 4358 τὰς
790 4301 916 4364 περὶ
941 4295 1034 4348 τοῦ
1063 4295 1300 4364 Χριστοῦ
1328 4295 1698 4364 ἀποκαλύψεις
1723 4313 1780 4347 τε
1811 4300 1905 4350 καὶ

2021 502 2123 556 dax
2154 514 2238 558 est
2267 508 2308 560 ’.
2336 526 2352 557 ι
2374 509 2522 572 Quos
2550 509 2998 566 autcmChristus
3029 511 3229 567 diaboli
3263 513 3402 570 ﬁlios
3425 516 3602 572 nomi-

2021 596 2186 658 navit,
2207 612 2335 649 num
2353 599 2494 652 Deus
2511 599 2738 653 Abraha:
2753 600 2890 655 ﬁlios
2903 613 2955 656 et
2973 603 3136 658 lsaaci
3155 620 3339 660 semen
3357 607 3604 676 judicare

2021 687 2239 753 potest?
2300 687 2600 752 Quceycnim
2636 701 2717 746 est
2760 695 3073 747 connnunio
3116 696 3315 750 diaboli
3349 715 3470 752 cum
3507 699 3599 754 Dei

2022 778 2196 830 servis
2224 779 2528 845 Abraham,
2556 782 2703 837 Isaae
2729 793 2780 837 et
2804 773 3044 839 Jacobo?
3079 787 3191 842 lmo
3216 782 3360 858 quod
3391 801 3474 846 est
3506 793 3600 848 Dei

2025 882 2147 919 cum
2179 867 2396 921 diabolo
2423 874 2848 927 commercium?

2095 958 2148 1010 4.
2180 959 2258 1011 En
2291 960 2476 1029 igitur,
2507 963 2659 1030 juxta
2698 962 3008 1022 Judaeorum
3045 973 3098 1023 ct
3131 967 3598 1028 Musulmanorum

2021 1053 2348 1105 sententiam
2396 1063 2450 1106 et
2481 1054 2678 1118 tidem,
2729 1057 2821 1110 Dei
2847 1060 3074 1114 verbum
3128 1063 3339 1118 irritum
3377 1056 3600 1119 falsum-

2023 1153 2132 1206 que
2171 1154 2292 1194 esse
2325 1141 2835 1210 deprehenderetur
2861 1147 2947 1218 (ab
2977 1150 3205 1207 Ismaele
3228 1156 3376 1209 enim
3409 1168 3598 1226 gentes
3661 1158 3681 1224 ζ

2022 1244 2368 1299 nequaquam
2400 1233 2511 1287 Deo
2558 1250 2930 1306 accesserunt,
2961 1242 3215 1297 similiter
3247 1260 3343 1299 nec
3373 1247 3438 1300 ab
3462 1248 3598 1302 Isaa-

2022 1321 2155 1387 Co);
2199 1321 2293 1374 sed
2348 1339 2692 1393 nequaquam
2751 1327 2855 1382 hoc
2899 1339 3018 1395 est,
3080 1333 3322 1398 minime,
3355 1337 3593 1405 inquam.

2021 1408 2181 1462 Nullo
2217 1410 2382 1466 modo
2420 1414 2566 1467 cuitu
2596 1415 2689 1469 Dei
2721 1418 2948 1472 verbum
2977 1420 3288 1488 intercidit;
3319 1439 3507 1480 verum
3541 1429 3595 1482 in

2021 1496 2249 1552 Christo
2279 1539 2293 1565 ,
2326 1502 2420 1571 qui
2472 1519 2535 1557 ex
2571 1505 2805 1562 Abrahae
2838 1511 3045 1566 semine
3086 1523 3247 1569 natus
3280 1526 3362 1571 est
3396 1532 3591 1572 secun-

2023 1588 2150 1639 dum
2189 1604 2453 1656 carnem,
2500 1595 2892 1663 manifestatre,
2947 1603 3199 1658 revelata:
3257 1614 3313 1660 et
3363 1607 3596 1677 impletze

2023 1691 2149 1736 sunt
2184 1698 2378 1738 omnes
2407 1685 2664 1751 visiones,
2699 1704 2891 1745 omnes
2940 1695 3263 1763 prophetiae,
3293 1714 3596 1770 omnesque

2027 1773 2412 1839 revelationes,
2451 1777 2766 1846 quteipsum
2797 1790 2847 1834 ct
2879 1782 3048 1838 Deum
3077 1800 3198 1840 esse
3231 1802 3284 1843 et
3316 1790 3594 1845 hominem

2022 1863 2362 1929 ostendunt,
2399 1868 2858 1934 quemadmodum
2889 1880 3078 1926 noster
3108 1873 3197 1929 hic
3253 1890 3435 1930 sermo
3480 1879 3591 1948 jam

2020 1951 2422 2010 demonstravit
2475 1966 2532 2012 et
2581 1961 2875 2028 exposuit,
2929 1975 2982 2017 et
3035 1949 3386 2023 manifestius
3416 1971 3593 2024 adhuc

2019 2044 2189 2096 multo
2215 2057 2472 2112 exponet.
2511 2048 2742 2118 Insuper
2763 2061 2815 2104 et
2841 2067 3032 2109 omnes
3057 2065 3246 2125 gentes
3286 2059 3339 2112 in
3373 2048 3592 2114 Christo

2019 2146 2357 2204 acceperunt
2385 2137 2827 2196 benedictionem
2871 2160 2967 2212 per
3001 2147 3186 2212 ﬁdem,
3211 2164 3317 2218 qua
3351 2151 3402 2204 in
3441 2152 3589 2205 illum

2021 2227 2400 2281 crediderunt.
2438 2228 2642 2285 Gentes
2670 2235 2816 2286 enim
2853 2237 3123 2291 universae
3145 2239 3298 2306 prius
3323 2241 3589 2296 idolorum

2016 2317 2186 2372 cultui
2241 2319 2438 2374 dedita:
2465 2361 2480 2386 ,
2524 2338 2684 2397 nunc
2739 2325 2927 2380 tideles
2980 2337 3034 2380 et
3072 2329 3387 2385 orthodoxa:
3419 2344 3586 2399 sunt,

2017 2409 2260 2476 exceptis
2289 2411 2660 2478 paucissimis,
2693 2413 3044 2471 Musulmanis
3069 2419 3296 2486 scilicet,
3326 2422 3588 2489 llebrzeis,

2017 2508 2070 2552 et
2103 2499 2226 2552 aliis
2264 2516 2278 2556 :
2319 2502 2411 2570 qui
2472 2503 2634 2555 simul
2677 2519 2869 2558 omnes
2943 2509 3074 2561 nulli
3124 2511 3401 2574 videntur,
3463 2529 3587 2567 eum

2015 2587 2454 2644 Christianorum
2521 2595 2872 2648 multitudine
2943 2599 3161 2665 collati;
3229 2617 3337 2655 non
3382 2596 3590 2675 ’magis

2016 2696 2176 2749 quam
2241 2682 2284 2736 si
2338 2684 2608 2738 tantillum
2664 2702 2858 2755 aqua},
2908 2701 3170 2756 quantum
3223 2693 3342 2746 vola
3397 2712 3588 2751 manus

2016 2773 2182 2840 capit,
2231 2787 2352 2826 eum
2385 2774 2576 2845 pelago
2609 2787 2978 2845 comparetur.
3022 2781 3421 2840 Verumtamen
3455 2790 3586 2858 quid

2017 2862 2118 2916 hoc
2149 2861 2216 2915 ad
2254 2865 2565 2930 veritatem,
2597 2867 2642 2919 si
2684 2869 2931 2922 nonnulli
2963 2871 3101 2927 hanc
3137 2887 3550 2935 contemnentes
3571 2921 3586 2942 .

2017 2949 2425 3021 incorrigibiles
2455 2963 2508 3007 et
2548 2953 2794 3010 infideles
2823 2964 3289 3026 permanserunt?
3319 2965 3410 3020 Sol
3442 2971 3587 3020 enim

2016 3053 2184 3096 totum
2215 3043 2487 3099 illuminat
2515 3061 2717 3112 aerem,
2751 3058 2805 3102 et
2830 3051 3019 3104 orbem
3060 3053 3400 3120 universum,
3430 3060 3587 3114 czecis

2017 3133 2238 3187 interim
2284 3134 2336 3187 in
2395 3136 2636 3191 e'ecitate
2687 3148 2741 3192 et
2798 3129 3041 3196 tenebris
3088 3149 3582 3211 permanentihus:

2019 3241 2119 3279 nec
2159 3235 2337 3279 tamen
2369 3237 2655 3295 propterea
2693 3231 2773 3283 sol
2828 3232 3320 3300 reprehendendus
3355 3249 3454 3304 est,
3491 3243 3584 3294 sed

2014 3311 2117 3383 ipsi
2157 3315 2308 3370 cccci.
2370 3316 2518 3371 Talis
2572 3334 2690 3372 mea
2747 3336 2966 3390 quoque
3022 3324 3090 3378 de
3137 3325 3355 3385 Christo
3411 3329 3587 3384 fertur

2013 3407 2305 3460 sententia.
2339 3405 2549 3460 Christi
2581 3424 2776 3478 nempe
2831 3412 3182 3483 Evangelium
3207 3427 3260 3470 et
3292 3419 3537 3474 doctrina
3570 3466 3582 3485 ,

2014 3497 2123 3546 imo
2171 3494 2425 3550 Christus
2471 3497 2609 3566 ipse,
2648 3499 2889 3556 inlinitos
2917 3504 3060 3558 soles
3104 3506 3394 3575 splendore
3421 3519 3473 3562 et
3504 3512 3586 3564 lu-

2015 3585 2162 3636 mine
2216 3584 2455 3638 exeellit.
2517 3586 2574 3638 In
2618 3601 2834 3640 omnem
2874 3591 3019 3643 enim
3057 3601 3255 3648 terram
3307 3595 3585 3668 Evangelii

2015 3672 2328 3741 praedicatio
2359 3674 2634 3744 divulgata
2662 3691 2746 3730 εει
2789 3690 2837 3732 et
2881 3680 3166 3736 credentes
3195 3683 3424 3738 salutem
3448 3702 3585 3742 con-

2014 3773 2340 3832 scquuutur;
2384 3764 2476 3833 qui
2521 3779 2650 3818 vero
2696 3783 2801 3819 non
2845 3769 3115 3836 credunt,
3149 3783 3399 3836 pereunt.
3457 3775 3581 3830 Non

2015 3864 2195 3907 tamen
2228 3854 2342 3910 haec
2383 3855 2541 3925 culpa
2571 3852 2622 3910 in
2655 3856 2954 3923 Christum,
2992 3861 3086 3914 sed
3130 3863 3182 3916 in
3217 3864 3464 3922 infideles
3496 3868 3581 3922 in-

2014 3942 2168 4005 cidit,
2195 3944 2289 4011 qui
2327 3959 2483 3998 suam
2514 3946 2760 4015 ipsorum
2800 3937 3040 4003 salutem
3073 3953 3331 4020 produnt.
3364 3956 3476 4011 Nec
3501 3967 3582 4011 ta-

2015 4049 2138 4087 men
2162 4035 2418 4091 omnibus
2448 4037 2774 4106 simpliciter
2817 4051 2870 4095 et
2897 4043 3041 4097 nude
3067 4047 3414 4102 credentibus
3433 4050 3582 4112 salus

2013 4129 2306 4198 contingit,
2347 4130 2441 4184 sed
2466 4132 2532 4185 iis
2558 4133 2649 4202 qui
2674 4149 2771 4202 per
2794 4135 2952 4189 tidem
2978 4153 3142 4206 opera
3175 4140 3385 4198 faciunt
3405 4146 3583 4202 salute

2015 4217 2200 4286 digna.
2245 4219 2574 4276 Revertatur
2613 4233 2794 4278 autem
2831 4225 2898 4278 ad
2945 4227 3148 4283 Christi
3181 4234 3493 4289 testimonia
3527 4251 3582 4290 et

2011 4309 2516 4366 demonstrationes
2569 4325 2754 4368 nostra
2783 4315 2980 4380 oratio,
3017 4333 3126 4372 non
3160 4328 3340 4376 tamen
3368 4335 3426 4379 ut
3459 4341 3580 4380 om-

327 4392 551 4457 ὁράσεις
605 4389 699 4441 καὶ
751 4391 1084 4460 προφητείας
1142 4387 1511 4458 ἐπειράῡημεν
1562 4391 1904 4453 ἀναπτύξαι,

2019 4415 2113 4454 nes
2177 4412 2477 4457 recenseat.
2541 4403 2598 4458 Si
2638 4405 2784 4458 enim
2835 4420 3045 4472 onmes,
3097 4426 3216 4478 quae
3246 4413 3313 4466 de
3361 4396 3580 4471 Christo

327 4484 519 4536 πολλοὶ
553 4485 802 4551 γραφεῖς,
826 4483 1052 4534 πλεῖστα
1088 4483 1492 4544 κεκοπιακότες,
1531 4482 1704 4550 ὀλίγον
1740 4483 1906 4553 μέρος

326 4576 770 4644 ὲπεξεργᾲσαντο
806 4575 888 4627 ἄν.
914 4576 1102 4641 Ὅμως
1143 4577 1335 4643 μικρὸν
1368 4592 1419 4625 τι
1455 4576 1517 4626 ὲκ
1549 4576 1656 4627 τῶν
1691 4575 1903 4629 πολλῶν

328 4672 575 4738 εἴπωμεν
606 4671 692 4723 διὰ
723 4671 816 4741 τὴν
851 4672 942 4739 τῆς
976 4668 1230 4738 ἀληθείας
1264 4670 1590 4738 φανέρωσιν.

402 4936 462 4994 ε’.
505 4933 669 4989 Εἶπεν
699 4937 725 4988 6
757 4923 993 5001 Μωῦσῆς
1029 4924 1160 5003 πρὸς
1190 4933 1279 4984 τὸν
1312 4931 1435 4986 λαὸν
1465 4933 1570 4985 τῶν
1609 4933 1898 5003 Ἐὅραίων,

334 5049 355 5080 ι
399 5030 724 5098 Ἀναστήσει
759 5027 959 5096 Κύριος
993 5030 1020 5080 6
1054 5028 1183 5090 Θεὸς
1221 5029 1282 5080 ἐκ
1318 5029 1427 5080 τῶν
1461 5029 1703 5095 ἀδελφῶν
1737 5031 1897 5098 ἡμῶν

326 5121 648 5190 προφήτην,
684 5121 756 5182 ὼς
786 5120 883 5188 ἐμέ
904 5135 916 5149 ο
951 5119 1044 5171 καὶ
1075 5121 1221 5173 πᾶσα
1250 5120 1427 5189 ψυχὴ,
1461 5121 1577 5190 ἦτις
1609 5119 1706 5171 οὐκ
1735 5124 1900 5174 ἀκου-

328 5227 487 5264 σεται
533 5209 626 5261 τοῦ
675 5213 955 5279 προφήτου
1000 5212 1232 5274 ἐκείνου,
1281 5210 1814 5279 ἐξολοορευθήσεταε.
1875 5231 1892 5261 ι

326 5303 442 5354 Καὶ
479 5303 669 5354 σκόπει
698 5303 796 5365 τὴν
824 5300 916 5352 τοῦ
955 5301 1230 5369 προφήτου
1263 5301 1548 5369 ἀκρίϐειαν
1570 5313 1583 5326 ·
1621 5302 1676 5350 ἐν
1713 5300 1787 5368 τῷ
1821 5304 1898 5351 εἱ-

327 5394 454 5446 πείν
476 5433 491 5456 ,
527 5409 545 5443 ι
581 5393 870 5462 Προφήτήν
897 5392 1192 5459 ἀναστήσει
1225 5392 1420 5460 Κύριος
1451 5393 1476 5442 6
1505 5391 1668 5453 Θεὸς,
1709 5410 1726 5440 ι
1763 5391 1900 5441 ἔδει·

325 5484 420 5548 ξεν
451 5484 532 5533 ὃτι
563 5482 842 5550 ἀνῡρωπος
877 5480 1058 5551 μέλλει
1089 5482 1308 5534 ἔσεσθαι
1339 5483 1365 5532 6
1400 5482 1896 5552 προφητευόμενος,

401 5671 423 5700 ⁹
445 5669 604 5721 Joan.
631 5679 748 5730 vnt,
768 5666 854 5718 66.
935 5666 976 5695 "
1003 5665 1158 5716 Deut.
1185 5680 1334 5730 xvm,
1364 5667 1444 5718 l5.

586 5760 854 5818 Ρειτιιυι..
890 5760 1003 5818 Οιι.
1045 5755 1243 5815 CLiV.

2017 4499 2168 4554 sunt,
2204 4493 2603 4558 revelationes,
2655 4495 2894 4551 visiones
2923 4506 2986 4551 et
3022 4500 3277 4556 vaticinia
3308 4504 3580 4561 discutere

2015 4581 2459 4651 aggrederentur,
2511 4585 2673 4638 etiam
2707 4588 2863 4642 multi
2915 4591 3114 4645 scribae
3155 4596 3386 4648 multum
3430 4597 3580 4652 labo-

2015 4673 2206 4738 rando,
2229 4674 2315 4728 vix
2341 4691 2560 4744 parvam
2585 4678 2824 4747 aliquam
2866 4695 2931 4734 ex
2973 4682 3060 4737 his
3093 4694 3299 4751 partem
3332 4686 3577 4741 absolve-

2011 4773 2168 4831 rent;
2205 4767 2566 4822 nihilominus
2596 4778 2772 4823 tamen
2805 4786 2976 4839 pauca
3020 4790 3083 4828 ex
3118 4775 3303 4828 multis
3336 4777 3577 4844 profera-

2009 4873 2132 4912 mus
2162 4859 2228 4912 ad
2267 4860 2514 4914 veritatis
2543 4861 2990 4918 illustrationem.

2087 4952 2140 5004 5.
2179 4952 2324 5005 Dixit
2354 4953 2534 5006 Moses
2561 4954 2626 5006 ad
2659 4955 2918 5022 pepulum
2947 4954 3296 5010 Hebraeorum
3327 4977 3339 5012 :
3389 4977 3407 5008 ι
3439 4960 3576 5014 Pro-

2008 5041 2229 5110 phetam
2295 5055 2358 5093 cs
2400 5041 2667 5095 fratribus
2733 5045 2931 5096 vestris
2973 5045 3258 5100 suscitahit
3315 5047 3575 5102 Dominm

2013 5133 2177 5191 Deus,
2219 5132 2361 5185 sicut
2387 5148 2470 5186 me
2504 5150 2518 5185 :
2549 5143 2602 5185 et
2625 5135 2804 5187 omnis
2839 5136 3018 5189 anima
3051 5154 3170 5206 qua:
3196 5155 3306 5194 non
3342 5141 3576 5196 audiem

2010 5220 2331 5288 prophetam
2380 5221 2531 5274 illum
2559 5260 2573 5286 ,
2603 5223 2978 5278 eradicabitur
3009 5227 3075 5281 ‘°.
3132 5247 3152 5280 ι
3187 5229 3366 5298 Atque
3395 5238 3575 5284 const-

2005 5310 2134 5363 dera
2196 5309 2286 5362 hic
2336 5312 2618 5380 prephetze
2669 5313 3033 5384 diligentiam.
3083 5319 3326 5375 Dicendo
3385 5326 3571 5382 enim.

2012 5418 2030 5451 ι
2068 5400 2393 5468 PrOphetain
2437 5405 2722 5460 suscitabit
2751 5409 3012 5463 Dominus
3045 5411 3187 5466 Deus
3209 5451 3224 5475 ,
3266 5431 3285 5464 ι
3313 5414 3572 5474 ostend;:.

2003 5491 2146 5559 quod
2184 5493 2346 5545 homo
2381 5493 2599 5550 futurus
2636 5497 2702 5550 sit
2735 5499 2800 5553 de
2825 5516 2935 5555 ouo
2960 5502 3308 5568 vaticinatur,
3347 5514 3402 5561 ct
3426 5503 3571 5574 quod

3106 5780 3178 5839 13
