3970 6212
225 319 332 423 tit-5

1405 329 1730 395 JOANNIS
1770 323 2294 389 CANTACUZENI

3354 315 3463 381 396

225 465 398 527 a'Deo
445 465 557 532 sit,
626 477 726 518 nec
779 460 845 514 de
889 449 1486 526 pscudoprophetarum
1543 457 1788 499 numero.

1920 441 1992 492 :al
2022 439 2097 492 ὅτι
2133 437 2239 492 ἀπὸ
2267 435 2402 490 Θεοῦ
2433 437 2549 490 ἐστι
2571 477 2584 502 ,
2619 435 2714 491 καί⁵
2749 434 2808 488 οὗ
2843 431 2984 488 κατᾶ
3012 429 3133 495 τοὺς
3163 427 3465 500 ψεῦδοπροο

227 556 467 614 Dicenda
499 531 705 617 autem,
742 568 759 600 ι
782 548 858 602 Ex
882 542 1144 599 fratribus
1164 541 1296 603 tuis,
1327 558 1344 590 ι
1377 535 1615 592 ostendit
1645 531 1789 603 quod

227 655 295 701 ex
348 642 592 700 Hebraeis
619 681 634 705 ,
667 647 721 693 et
773 651 880 690 non
915 629 1138 687 aliunde
1189 627 1456 683 oriundus
1498 624 1603 690 sit;
1637 637 1711 678 ne
1746 621 1792 676 si

230 740 374 794 forte
405 735 526 804 quis
550 729 853 799 alienigena
886 741 945 782 se
977 724 1300 794 prophetam
1324 719 1470 772 hunc
1497 730 1617 771 esse
1639 713 1792 767 dice-

231 840 334 892 ret,
368 836 423 880 et
456 824 550 878 Dei
581 821 788 892 Spiritu
832 816 1143 880 vaticinari,
1172 813 1239 867 ab
1269 809 1401 880 ipsis
1431 807 1791 876 reciperetur,

230 919 322 975 sed
345 927 404 971 ut
424 916 570 969 hunc
593 929 692 967 ceu
725 924 974 966 erronem
993 916 1046 961 et
1069 907 1419 975 imposmrem
1436 897 1792 968 negligereut.

229 1011 399 1063 Porro
449 1016 505 1060 et
562 1017 789 1072 magnus
834 1001 923 1053 ille
970 997 1145 1052 Moses
1195 995 1347 1064 prius
1387 1007 1417 1044 a
1448 990 1557 1044 Deo
1588 984 1796 1054 accepit

232 1097 566 1158 testimonia,
596 1094 794 1163 partim
820 1089 1040 1160 quidem
1074 1102 1140 1141 ex
1173 1083 1449 1138 miraculis
1483 1081 1535 1134 in
1563 1077 1795 1146 Egypto

150 1223 173 1234 ›-
227 1189 416 1250 editis,
447 1197 503 1240 et
528 1184 694 1237 maris
726 1179 899 1234 Rubri
933 1177 1194 1240 transitu;
1221 1174 1414 1243 partim
1451 1186 1577 1224 vero
1607 1184 1673 1223 ex
1701 1168 1796 1223 Dei

234 1282 287 1333 in
345 1287 530 1331 monte
581 1275 729 1330 Sinai
763 1283 1058 1340 congressu
1089 1306 1102 1328 ,
1143 1273 1198 1321 et
1245 1264 1453 1318 visione
1494 1277 1591 1330 per
1617 1262 1794 1329 ignem

234 1365 479 1417 exhibita
523 1377 705 1415 coram
763 1357 1037 1412 universis
1089 1353 1278 1424 populi
1319 1351 1523 1407 Judaici
1578 1348 1794 1403 castris.

238 1459 301 1511 Et
335 1467 461 1510 tunc
485 1453 705 1508 demum
726 1452 899 1520 legem
927 1465 955 1502 a
985 1449 1095 1502 Deo
1111 1455 1388 1514 acceptam
1413 1443 1794 1513 promulgavit;

236 1555 578 1617 quapropter
635 1543 890 1612 superius
944 1539 1184 1594 diximus
1239 1537 1440 1591 Mosem
1499 1535 1651 1588 illum
1683 1548 1800 1586 ma-

237 1653 404 1709 gnum
451 1639 557 1690 hoc
582 1635 650 1690 de
679 1634 901 1688 Christo
935 1631 1136 1685 dixisse
1169 1645 1184 1683 :
1229 1648 1247 1679 ι
1291 1626 1589 1680 Sus-citabit
1614 1624 1802 1678 Domi-

240 1745 346 1784 nus
378 1728 520 1782 Deus
567 1725 889 1796 prophetam
935 1737 1002 1776 ex
1045 1719 1309 1773 fratribus
1334 1715 1554 1771 vestris.
1591 1733 1609 1765 ι
1663 1712 1798 1768 Illud

240 1837 391 1884 vero,
431 1837 450 1870 ι
482 1819 622 1874 sicut
650 1831 761 1882 me,
803 1834 822 1866 ι
851 1815 953 1869 hac
977 1812 1044 1866 de
1068 1825 1230 1865 causa
1263 1808 1476 1878 adjecit,
1512 1804 1654 1874 quod
1689 1803 1801 1858 Sic-

245 1913 320 1966 uti
368 1925 469 1981 ego
502 1925 600 1963 vos
632 1909 686 1962 in
721 1907 1028 1960 libertatem
1079 1902 1287 1955 asserui
1327 1915 1392 1954 ex
1436 1897 1632 1953 acerba
1668 1895 1808 1950 Phao

247 2003 432 2056 raonis
467 2000 754 2062 servitute,
785 1997 900 2050 luto
933 2004 988 2050 et
1010 1995 1239 2048 laterum
1269 1991 1534 2055 coctione,
1561 1997 1613 2044 ct
1635 1990 1806 2058 legem

245 2092 408 2145 vobis
466 2088 804 2145 salutiferam
836 2085 970 2149 tuli,
1027 2084 1106 2138 sic
1159 2082 1323 2136 etiam
1374 2081 1419 2135 is
1452 2094 1490 2149 a_
1518 2092 1603 2133 me
1649 2077 1809 2131 modo

246 2182 540 2253 praedictus
573 2180 841 2250 propheta
899 2191 964 2231 ex
995 2173 1281 2247 tyrannide
1304 2182 1357 2227 et
1381 2179 1648 2242 potestate
1692 2168 1809 2223 dia-

245 2275 354 2328 b’oli
394 2282 449 2326 et
482 2269 791 2326 idololatria
825 2269 1144 2323 universum
1173 2265 1436 2320 mundum
1475 2263 1811 2318 liberaturus

244 2374 333 2419 est
358 2405 371 2429 ,
403 2374 460 2418 et
487 2361 762 2416 libertatis
792 2362 940 2428 leges
983 2360 1216 2413 laturus.
1262 2355 1357 2412 His
1399 2355 1600 2409 auditis
1638 2353 1811 2409 ιιιάωί

247 2459 396 2510 hunc
430 2456 561 2507 olim
588 2451 1011 2521 przenuntiatum
1049 2448 1464 2518 exspectabant,
1487 2455 1542 2500 et
1563 2444 1812 2499 videntes

245 2548 510 2601 Joannem
545 2542 820 2597 Zacharire
855 2540 1026 2593 filium
1057 2555 1121 2593 ex
1146 2539 1362 2592 deserto
1402 2536 1709 2590 venientem
1757 2541 1813 2588 et

231 2638 616 2705 baptizantem
667 2633 968 2701 populum,
1017 2646 1143 2683 cum
1188 2629 1334 2682 hunc
1381 2625 1636 2682 eumdem
1693 2640 1814 2680 esse

248 2742 410 2798 quem
448 2725 624 2779 Moses
659 2723 1006 2792 przcdixerat,
1051 2718 1451 2780 existimarent,
1507 2717 1816 2784 interroga-

259 2826 462 2874 verunt
495 2832 619 2872 eutn
658 2831 670 2870 :
710 2833 726 2864 ι
749 2813 904 2867 'l‘une
936 2826 997 2866 es
1019 2809 1280 2880 propheta
1311 2808 1442 2862 ille?
1470 2825 1489 2858 ι
1516 2807 1656 2872 Quid
1684 2821 1816 2860 vero

253 2910 397 2964 idem
444 2905 771 2976 respondit?
797 2921 814 2954 ι
851 2902 966 2955 Non
989 2915 1109 2954 sum
1140 2898 1371 2969 ego,:ed
1395 2897 1508 2964 ipse
1526 2909 1648 2950 ante
1665 2896 1816 2949 illum

254 3001 456 3053 missus
495 3011 636 3050 sum.
668 2981 830 3048 Venit
859 3001 1040 3045 autem
1069 2999 1192 3059 post
1243 3003 1349 3053 me,
1382 2989 1538 3058 cujus
1571 3001 1671 3056 ego
1707 2986 1816 3040 cal-

1895 531 2092 600 φήτας.
2125 529 2213 581 Ἐν
2237 528 2292 581 δὲ
2318 528 2393 598 τῷ
2420 529 2612 594 εἰπεῖν,
2645 545 2664 578 ‹
2702 528 2796 580 Ἐκ
2820 525 2929 578 τῶν
2957 524 3200 591 ἀδελφῶν
3224 522 3404 591 ήμῶν,
3441 539 3460 570 ι

1896 621 2098 686 ἔδειξεν
2127 620 2210 674 ὅτι
2239 623 2301 674 ὲκ
2331 622 2438 672 τῶν
2471 619 2733 688 Ἐϐραίων
2761 619 2914 681 ἐστὶ,
2948 616 3044 670 καὶ
3073 615 3172 668 οὐκ
3203 613 3424 669 ἄλλοθεν
3447 630 3465 646 ο

1896 713 1980 765 ἵνα
2009 713 2104 766 ἐὰν
2130 711 2286 774 ἄλλος
2313 728 2396 773 τις
2421 712 2563 764 εῐποι
2591 709 2648 776 ἐξ
2677 708 2978 763 ἀλλοδαποῦ
3011 707 3200 775 γένους
3225 707 3307 759 ὅτι
3339 724 3470 776 προσ

1895 804 2074 873 φήτης
2109 802 2260 865 ἐστὶ,
2296 802 2390 863 καὶ
2420 800 2528 853 ἀπὸ
2557 799 2694 853 Θεοῦ
2725 797 3098 867 προφητεύει,
3133 796 3193 848 οὐ
3229 797 3470 865 παραδέ-

1897 893 2096 958 ξωνται
2137 891 2321 955 αὐτὸν,
2362 889 2476 942 ἀλλ’
2500 890 2574 952 ὡς
2618 889 2819 944 πλάνον
2860 889 2952 940 καὶ
2993 886 3280 940 ἀπατεῶνα
3323 886 3472 952 λογὶ-

1898 1001 2118 1039 σωνται.
2160 982 2320 1035 Ἀλλὰ
2367 984 2459 1035 καὶ
2503 982 2664 1045 αὐτὸς
2710 984 2736 1034 6
2784 980 2958 1051 μέγας
3003 979 3208 1047 Μωσῆς
3255 977 3472 1046 πρῶτον

1897 1075 2055 1132 ἔλαϐε
2087 1077 2188 1139 τὰς
2224 1075 2373 1143 παρά
2403 1075 2498 1127 τοῦ
2529 1073 2663 1126 Θεοῦ
2705 1074 3011 1143 μαρτυρίας
3043 1072 3152 1124 ἁ.πὸ
3183 1089 3238 1123 τε
3271 1071 3382 1123 τῶν
3415 1071 3472 1122 ἒν

1897 1164 2158 1235 Αἰγύπτῳ
2186 1163 2502 1233 θαυμάτων,
2530 1164 2624 1216 καὶ
2653 1162 2750 1231 τῆς
2780 1163 2838 1214 ὲν
2864 1164 2929 1232 τῇ
2961 1160 3197 1232 Ἐρυθρᾷ
3227 1160 3473 1229 θαλάσσῃ

1899 1259 2204 1322 διαϐάσεως
2226 1299 2240 1322 ,
2276 1259 2382 1310 ἀπό
2416 1273 2477 1308 τε
2511 1257 2610 1327 τῆς
2651 1257 2709 1307 ἐν
2745 1253 2820 1324 τῷ
2859 1253 2991 1323 Σινᾷ
3027 1254 3141 1322 ὄρει
3177 1251 3266 1305 διὰ
3301 1251 3474 1321 πυρὸς

1899 1350 1993 1404 τοῦ
2025 1349 2157 1402 Θεοῦ
2191 1346 2651 1415 συγκαταδάσεώς
2668 1361 2727 1397 τε
2762 1343 2852 1397 καὶ
2871 1338 3192 1412 φαντασίας,
3218 1340 3469 1412 ἔμπροσ-

1901 1443 1995 1492 θεν
2040 1439 2218 1508 πάσης
2252 1438 2348 1506 τῆς
2399 1436 2753 1506 παρεμϐολῆς
2783 1433 2874 1487 τοῦ
2905 1435 3037 1487 λαοῦ
3065 1433 3172 1486 τῶν
3206 1434 3476 1486 Ἰουδαίωι

1903 1531 2102 1592 παντός
2122 1545 2136 1559 ⁸
2170 1529 2266 1582 καὶ
2295 1529 2417 1581 τότε
2449 1525 2658 1593 ἐξέδοτο
2686 1529 2776 1580 τὸν
2807 1527 2969 1594 νόμον
2998 1525 3088 1578 τὸν
3116 1525 3337 1578 δοθέντα
3371 1525 3478 1578 ὑπὸ

1902 1622 2060 1676 Θεοῦ.
2092 1623 2170 1673 Δι’
2194 1620 2260 1684 ἃς
2289 1618 2420 1688 γοῦν
2451 1619 2630 1679 αἰτίας
2660 1618 2916 1688 ἀνωτέρω
2946 1615 3175 1685 εἴπομεν
3195 1657 3209 1681 ,
3241 1616 3269 1667 6
3303 1616 3478 1684 μέγας

1903 1713 2110 1780 Μωσῆς
2152 1711 2407 1780 περὶτοῦ
2451 1709 2692 1782 Χριστοῦ
2748 1709 2937 1780 εἴρηκε
2982 1709 3044 1760 τὸ
3099 1727 3117 1759 ι
3159 1707 3480 1775 ’Δναστήσει

1907 1805 2112 1874 Κύριος
2151 1807 2186 1857 6
2219 1804 2352 1867 Θεὸς
2395 1805 2684 1873 προφήτην
2721 1804 2784 1855 ὲκ
2817 1801 2925 1854 τῶν
2957 1799 3200 1869 ἀδελφῶν
3236 1799 3411 1868 ἡμῶν.
3455 1817 3473 1849 ι

1907 1888 1978 1943 Τὸ
2005 1890 2083 1956 δὲ,
2119 1907 2136 1940 ι
2163 1890 2237 1953 ὡς
2263 1889 2384 1959 ἐμὲ,
2422 1910 2440 1942 ι
2469 1890 2660 1942 τούτου
2677 1890 2836 1961 χάριν
2863 1889 3143 1957 ἐλάλησεν,
3170 1890 3251 1941 ὅτι
3269 1889 3482 1956 Ὥσπερ

1907 1980 2018 2048 ἐγὼ
2057 1981 2404 2050 ἠλευθέρωσα
2449 1981 2592 2052 ὑμᾶς
2631 1982 2696 2037 ἐκ
2727 1981 2824 2048 τῆς
2866 1983 3074 2050 πικρᾶς
3113 1979 3356 2041 δουλείας
3389 1978 3485 2030 τοιῦ

1907 2069 2139 2141 Φαραὼ,
2173 2072 2266 2124 καὶ
2295 2071 2391 2124 τοῦ
2427 2071 2632 2143 πηλοῦ,
2666 2074 2761 2125 καὶ
2791 2071 2892 2141 τῆς
2925 2071 3201 2135 πλινθείας
3221 2111 3236 2136 ,
3267 2072 3360 2123 καὶ
3391 2071 3482 2122 δέ·

1907 2162 2057 2215 δωκα
2095 2161 2226 2229 ὑμῖν
2258 2162 2422 2231 νόμον
2457 2163 2591 2233 πρὸς
2629 2163 2902 2234 σωτηρίαν
2922 2203 2939 2229 ,
2971 2161 3114 2216 οὕτω
3149 2164 3242 2216 καὶ
3273 2163 3302 2215 6
3335 2161 3470 2233 παρ’

1909 2248 2046 2320 ἐμοῦ
2074 2249 2170 2303 νῦν
2193 2251 2594 2322 κηρυττόμενος
2624 2255 2913 2326 προφήτης
2937 2252 3329 2325 ἐλευθερώσειν
3358 2254 3490 2323 μί).-

1909 2341 1992 2393 λει
2037 2341 2146 2396 άπὸ
2184 2343 2283 2412 τῆς
2317 2344 2636 2415 τυραννίδος
2680 2345 2773 2398 καὶ
2817 2345 3065 2410 ἐξουσίας
3101 2345 3194 2399 τοῦ
3236 2344 3488 2400 διαϐόλου

1911 2430 2004 2483 καὶ
2035 2431 2133 2500 τῆς
2173 2432 2620 2503 είδωλολατρείας
2650 2434 2742 2486 τὸν
2775 2432 3070 2505 σύμπαντα
3112 2436 3318 2505 κόσμον
3338 2478 3352 2501 ,
3391 2437 3490 2487 καὶ

1912 2521 2098 2576 δοῦναι
2125 2525 2216 2576 τὸν
2247 2525 2346 2593 τῆς
2374 2524 2696 2596 ,ἐλευθερίας
2729 2527 2906 2597 νόμον.
2948 2528 3118 2580 Τοῦτο
3152 2528 3487 2590 ἀκούσαντες

1913 2611 1960 2662 oi
2000 2611 2281 2675 Ἰουδαῖοι,
2319 2614 2626 2683 ἐξεδέχοντο
2657 2617 2750 2669 τὸν
2784 2618 2953 2670 πάλαι
2994 2619 3447 2688 προφητευθέντα
3471 2660 3486 2681 ,

1914 2705 2010 2757 atati.
2043 2705 2242 2768 ἰδόντες
2271 2705 2364 2763 τὸν
2392 2706 2488 2759 τοῦ
2519 2709 2790 2778 Ζαχαρίου
2824 2711 2935 2763 υἱὸν
2975 2711 3227 2782 Ἰωάννην
3255 2713 3485 2767 ἐλθόντα

1915 2794 1980 2845 ὲκ
2004 2796 2103 2862 τῆς
2132 2794 2343 2863 ἐρήμου
2365 2835 2379 2858 ,
2410 2795 2505 2847 καὶ
2534 2795 2866 2864 βαπτίζοντα
2895 2798 2983 2851 τὸν
3013 2800 3141 2852 λαὸν
3161 2840 3177 2866 ,
3205 2802 3299 2854 καὶ
3329 2801 3489 2870 νομί-

1918 2899 2108 2945 σαντες
2136 2884 2216 2936 ὅτι
2248 2885 2405 2946 αὐτὸς
2440 2888 2586 2938 ἐστιν
2615 2888 2642 2938 6
2672 2889 2823 2956 παρὰ
2855 2888 2949 2942 τοῦ
2979 2892 3224 2956 Μωσέως
3249 2895 3370 2946 τότε
3400 2893 3492 2945 λε-

1917 2971 2393 3043 χθεῖςμήρὼτησαν
2410 2975 2592 3040 αὐτὸν,
2613 2994 2631 3026 ι
2656 2975 2727 3028 Σῦ
2748 2973 2799 3028 εἷ
2827 2978 2854 3029 6
2882 2983 3194 3051 προφήτηςς
3218 3001 3236 3033 ι
3269 2982 3333 3034 Τί
3363 2985 3493 3050 γοῦν

254 3099 536 3145 ceamenta
559 3096 780 3156 portare
807 3084 1063 3153 indignus
1089 3096 1210 3136 sum
1238 3081 1300 3134 ¹¹.
1331 3099 1348 3129 ι
1377 3079 1646 3147 Propheta
1667 3087 1817 3132 certe

1920 3067 2160 3129 ὲκείνος;
2195 3083 2213 3115 ι
2237 3066 2352 3119 Οὐκ
2377 3068 2492 3136 εἰμὶ
2519 3068 2649 3136 ἐγὼ,
2677 3070 2792 3122 ἀλλ’
2819 3071 2930 3138 ἐγὼ
2957 3071 3058 3141 μέν
3082 3075 3198 3143 εἰμι
3224 3075 3495 3128 ἀπεσταλο

255 3192 378 3237 erat
406 3180 667 3238 Joannes,
694 3175 1058 3245 etpraaclarus
1088 3172 1306 3241 quidem
1331 3169 1817 3238 ;5ει1·(ιιιῖίι’.1υι1ἕεί

1925 3157 2081 3224 μένος
2109 3157 2418 3227 ἔμπροσθεν
2451 3159 2658 3214 ἐκείνου
2685 3177 2700 3192 ⁸
2733 3159 2954 3231 ἔρχεται
2983 3163 3040 3216 δὲ
3068 3165 3244 3217 ὀπίσω
3275 3182 3401 3234 μου,
3429 3160 3492 3219 οῦ

257 3273 325 3326 de
357 3273 448 3324 illo
482 3268 747 3338 proliheta
807 3263 1238 3331 interrogabant,
1274 3276 1435 3328 quem
1471 3261 1645 3313 Moses
1686 3274 1823 3326 prae-

259 3362 470 3414 dixerat
523 3365 813 3411 venturum
838 3394 852 3419 ,
881 3351 1119 3405 Joannes
1147 3365 1206 3405 se
1257 3351 1408 3404 illiilli
1440 3365 1543 3403 non
1585 3363 1707 3402 esse
1738 3363 1824 3402 re-

259 3451 502 3519 spondit.
552 3445 659 3500 Sed
689 3458 820 3499 ecce
894 3440 1211 3495 Judaaorum
1264 3439 1706 3509 iugratitudinem
1767 3448 1824 3492 et

260 3541 573 3601 stultitiam,
608 3538 698 3606 qui
735 3535 1052 3606 priusquam
1091 3531 1344 3586 Christus
1373 3530 1457 3584 vel
1482 3530 1705 3584 Messias
1729 3530 1825 3583 ad-

259 3633 494 3694 veniret,
527 3629 678 3681 illum
731 3631 1224 3694 exspectaverunt,
1285 3621 1546 3689 illumque
1589 3619 1823 3689 inquisi-

262 3735 494 3789 verunt,
533 3721 843 3776 venientem
876 3731 1006 3771 vero
1034 3720 1507 3781 contempserunt.

335 3983 389 4036 6.
433 3982 565 4034 Post
590 3978 705 4031 hmc
728 3989 858 4028 vero
893 3987 1108 4028 rursum
1129 3971 1259 4024 dicit
1278 3969 1451 4023 Moses
1469 3969 1558 4022 Ille
1579 3981 1826 4037 magnus:

275 4073 611 4126 «laetentur
658 4080 768 4119 una
816 4079 940 4117 cum
994 4063 1087 4117 illo
1122 4061 1268 4120 cmli.
1324 4069 1381 4114 et
1409 4059 1636 4112 adorent
1676 4057 1829 4110 illum

269 4175 463 4218 attines
503 4159 677 4228 angeli
715 4156 808 4210 Dei
857 4156 923 4207 η.
954 4173 972 4204 ι
1026 4153 1137 4220 Age
1176 4151 1345 4221 igitur
1393 4159 1448 4204 et
1477 4149 1610 4203 mihi
1639 4147 1828 4211 dicito,

269 4267 562 4324 quemnam
606 4250 773 4303 alium
804 4243 984 4315 angeli
1041 4243 1134 4297 Dei
1183 4242 1414 4295 adorant
1463 4249 1830 4308 praeterquam

272 4348 444 4400 Deum
491 4339 732 4408 ipsum?
760 4337 861 4391 llic
889 4335 1077 4404 igitur,
1104 4347 1265 4401 quem
1318 4331 1493 4386 Moses
1530 4331 1831 4394 hominem,

1922 3248 2021 3299 οὐκ
2053 3250 2168 3317 εἰμὶ
2201 3248 2351 3313 ἄξιος
2384 3252 2452 3304 τά
2494 3252 2816 3323 ὑποδήματα
2853 3255 3164 3323 βαστάζειν.
3208 3275 3226 3307 ι
3271 3258 3493 3318 Πάντως

1924 3340 1952 3390 6
1983 3337 2234 3408 Ἰωάννης
2265 3341 2554 3411 προφήτης
2582 3338 2670 3412 ἦν,
2702 3344 2797 3395 καὶ
2831 3345 3005 3412 μέγας
3038 3329 3492 3416 προφήτης,’άλλ⁹

1923 3431 2001 3482 ὅτι
2033 3430 2324 3501 ἠρώτησαν
2350 3435 2398 3485 oi
2433 3433 2672 3486 Ἰουδαῖοι
2707 3437 2833 3505 περὶ
2861 3435 2953 3488 τοῦ
2987 3438 3291 3506 προφήτου,
3320 3431 3383 3490 οῦ
3413 3441 3496 3490 εῖ-

1928 3536 2095 3590 ρηκεν
2134 3521 2162 3571 6
2206 3520 2466 3589 Μωῦσῆς,
2501 3521 2596 3607 ,διὰ
2639 3523 2799 3577 τοῦτο
2841 3519 2995 3577 εἶπεν
3035 3528 3063 3578 6
3097 3527 3369 3595 Ἰωάννης,
3411 3530 3495 3580 ὅτι

1934 3629 1951 3660 ι
1977 3611 2087 3662 Οὐκ
2107 3611 2220 3677 είμὶ
2241 3609 2371 3677 ἐγώ.
2396 3630 2414 3662 ι
2438 3611 2546 3665 Καὶ
2562 3614 2661 3682 ὅρα
2691 3615 2788 3682 τὴν
2819 3615 2925 3667 τῶν
2940 3615 3207 3668 Ἰουδαίων
3237 3620 3494 3686 ἀγνωμο-

1929 3707 2095 3772 σύνην
2126 3719 2184 3754 τε
2207 3703 2302 3756 καὶ¹
2336 3703 2592 3772 εὐήθειαν
2610 3743 2625 3768 ,
2653 3706 2735 3758 ὅτι
2769 3707 2876 3777 πρὸ
2902 3707 2996 3760 τοῦ
3023 3709 3194 3762 ἐλθεῖν
3223 3711 3314 3762 τὸν
3344 3710 3494 3762 Μεσ-

1931 3797 2049 3848 σίαν
2100 3797 2219 3867 ήτοι
2263 3796 2354 3850 τὸν
2402 3795 2667 3870 Χριστὸν,
2713 3799 3018 3871 ἐξεδέχοντο
3063 3805 3157 3857 καὶ
3203 3797 3494 3875 ἠρώτησαν

1930 3889 2058 3956 περὶ¹
2089 3889 2323 3954 ἐκείνου,
2355 3889 2574 3943 ἐλθόντα
2601 3891 2679 3956 δὲ,
2708 3891 2982 3961 ἠθέτησαν
3011 3893 3224 3949 τοῦτον.

2003 3982 2077 4040 ς’.
2109 3978 2266 4031 Μετὰ
2311 3978 2366 4032 δὲ
2403 3979 2576 4034 ταῦτα
2603 3981 2764 4035 πάλιν
2805 3978 2959 4036 εἶπεν
2991 3985 3018 4036 6
3051 3985 3214 4048 αὐτὸς
3253 3986 3498 4055 Μωῦσῆς

1931 4069 1959 4121 6
1997 4071 2191 4138 μέγας,
2237 4088 2255 4122 ι
2289 4069 2669 4142 Εὐφράνθητε,
2709 4073 2955 4143 οὐρανοὶ,
2987 4075 3104 4146 ἅμα
3166 4078 3338 4148 αὐτῷ,
3400 4081 3501 4131 καὶ

1934 4157 2468 4227 προσκυνησάτωσαν
2525 4159 2674 4230 αὑτῷ
2727 4161 2929 4225 πάντες
2987 4161 3208 4231 ἄγγελοι
3267 4165 3422 4220 Θεοῦ.
3475 4185 3494 4216 ι

1935 4243 2072 4296 Εἰπέ
2113 4260 2224 4312 μοι,
2265 4243 2387 4296 τίνα
2433 4244 2592 4299 ἄλλον
2627 4246 3024 4317 προσκυνοῦσιν
3056 4250 3104 4302 οι
3152 4249 3374 4320 ἄγγελοι
3400 4254 3500 4303 τοῦ
3595 4295 3616 4309 .

1935 4333 2099 4400 Θεοῦ,
2126 4336 2173 4386 εί
2202 4334 2276 4402 μὴ
2297 4335 2459 4387 αὐτὸν
2490 4334 2580 4389 τὸν
2605 4336 2759 4403 Θεὸν,
2790 4337 2929 4391 ὥστε
2955 4338 3014 4394 δν
3054 4339 3252 4407 ἔδειξεν
3275 4342 3304 4392 6
3329 4343 3501 4395 Μωῦ-

272 4421 594 4507 prOphelam
664 4441 721 4486 et
782 4425 1146 4498 legislatorem
1207 4437 1332 4478 esse
1387 4421 1817 4481 demonstravit,

1934 4425 2031 4494 σῆς
2053 4423 2342 4493 ἄνθρωπον
2367 4426 2461 4479 καὶ
2490 4430 2775 4499 προφήτην
2799 4432 2893 4484 καὶ
2915 4431 3308 4500 νομοθέτην,ὸν
3329 4432 3472 4498 έδειξ

271 4542 436 4598 quem
485 4526 616 4578 item
656 4522 725 4574 ab
760 4517 966 4587 angelis
996 4513 1335 4568 adorandum
1380 4527 1501 4566 esse
1551 4512 1722 4574 dixit,
1780 4518 1838 4563 et

273 4620 418 4673 Deus
449 4623 505 4667 et
552 4613 716 4664 homo
761 4618 862 4672 est,
891 4605 1060 4660 Filius
1081 4604 1289 4658 scilicet
1317 4611 1373 4655 et
1401 4602 1636 4656 Verbum
1657 4600 1772 4664 Dei,
1807 4614 1839 4654 a

273 4708 433 4764 nobis
477 4703 640 4760 simul
675 4711 731 4756 ct
773 4698 983 4768 angelis
1010 4695 1324 4750 adorandus
1363 4706 1420 4748 ct
1461 4694 1838 4747 honorandus.

274 4801 341 4855 Et
373 4800 488 4852 hare
513 4795 736 4866 quidem
767 4806 834 4846 ex
867 4788 1034 4842 Mose.

230 4949 235 4956 ,
345 4891 397 4943 7.
420 4888 583 4942 David
602 4883 1017 4953 veropropheta
1038 4879 1116 4935 sic
1137 4877 1274 4932 dixit
1301 4896 1314 4930 :
1343 4897 1360 4929 ι
1389 4878 1550 4942 Deus,
1569 4875 1832 4946 judicium

274 4995 428 5039 tuum
461 4981 573 5051 regi
604 4980 695 5043 da,
721 4985 774 5030 et
801 4969 1069 5045 justitiam
1099 4982 1242 5025 tuam
1281 4971 1394 5023 ﬁlio
1428 4977 1590 5038 regis.
1616 4968 1840 5022 Judica-

239 5059 245 5076 ’
273 5075 354 5128 bit
389 5084 657 5142 pauperes
690 5065 896 5136 populi,
929 5074 984 5118 et
1017 5063 1198 5116 salvos
1228 5062 1387 5114 faciet
1417 5059 1556 5113 ﬁlios
1585 5059 1835 5126 inopum,

273 5174 329 5216 et
358 5158 812 5212 calumniatorem
849 5151 1178 5204 humiliabit.
1220 5147 1662 5203 Counnorabitur
1707 5162 1833 5200 cum

274 5253 411 5315 sole,
439 5262 495 5302 et
522 5260 646 5302 ante
682 5248 889 5307 leuam,
927 5245 979 5296 in
1009 5243 1361 5312 generatione
1401 5239 1834 5310 generatiouum.

277 5340 581 5396 Descendet
604 5335 770 5390 veluti
801 5335 981 5404 pluvia
1007 5349 1170 5402 super
1198 5333 1392 5394 vellus,
1421 5339 1476 5385 et
1503 5331 1666 5384 veluti
1695 5331 1839 5384 stilla

276 5434 490 5490 stillaus
539 5443 704 5496 super
739 5435 964 5478 terram.
1010 5423 1155 5476 Oriri
1188 5424 1352 5476 faciet
1409 5423 1461 5474 in
1495 5421 1687 5474 diebus
1727 5420 1842 5474 suis

276 5525 540 5598 justitiam
575 5530 630 5575 et
677 5516 1084 5572 multitudinem
1127 5516 1297 5584 pacis,
1357 5515 1530 5568 donec
1557 5513 1842 5566 auferatur

351 5702 574 5755 ιιιοεη,
619 5697 776 5762 ne;
830 5698 920 5752 ἣτ’,
1002 5697 1040 5726 ¹¹
1068 5696 1209 5748 l’sal.
1274 5712 1395 5758 xcv,
1469 5693 1567 5755 H;
1621 5709 1783 5758 XCVII,
1840 5695 1892 5748 8.

1932 4515 2412 4585 προσκυνούμενον
2446 4517 2551 4570 ὑπὸ
2605 4519 2713 4572 τῶν
2768 4521 3036 4589 ἀγγέλων,
3085 4523 3246 4584 αὐτός
3291 4525 3438 4575 ἐστιν
3472 4528 3499 4573 6

1932 4607 2065 4666 Θεὸς
2097 4608 2192 4660 καὶ
2247 4607 2554 4679 ἄνθρωπος,
2577 4609 2605 4661 6
2649 4609 2776 4673 Υίὸς
2812 4612 2905 4664 καὶ
2936 4615 3108 4679 Λόγος
3139 4612 3234 4664 τοῦ
3273 4611 3437 4673 Θεοῦ,
3471 4617 3500 4663 ὁ

1933 4695 2065 4765 παρ’
2103 4695 2259 4763 ήμῶν
2293 4696 2387 4748 καὶ
2434 4695 2544 4747 τῶν
2587 4695 2835 4763 ἀγγέλων
2889 4697 3366 4767 προσκυνούμενος
3406 4703 3504 4748 καὶ

1937 4786 2271 4854 τιμώμενος.
2305 4786 2414 4838 Καὶ
2437 4785 2609 4838 ταῦτα
2629 4787 2728 4854 μὲν
2743 4788 2812 4840 τά
2841 4789 3102 4850 Μωσέως.
3201 4811 3206 4816 δ

2005 4874 2072 4939 ζ’.
2109 4876 2168 4927 '0
2195 4875 2252 4927 δὲ
2281 4875 2467 4928 Διαδὶδ
2500 4878 2528 4928 6
2557 4879 2844 4948 προφήτης
2877 4878 3049 4942 οὕτως
3078 4881 3319 4950 εἴρηκεν,
3379 4897 3398 4930 ι
3441 4877 3502 4929 Ὀ

1936 4965 2088 5028 Θεὸς,
2117 4968 2175 5018 τὸ
2223 4964 2399 5036 κρῖμά
2428 4981 2522 5019 σου
2548 4968 2624 5036 τῷ
2665 4968 2875 5036 βασιλεῖ
2904 4971 3015 5032 δὸς,
3042 4976 3136 5022 καὶ
3166 4971 3266 5038 τὴν
3289 4971 3503 5022 δικαιο-

1941 5056 2107 5125 σύνην
2132 5073 2226 5108 σου
2264 5057 2343 5126 τῷ
2387 5058 2492 5126 υἱῷ
2537 5059 2629 5110 τοῦ
2671 5059 2954 5129 βασιλέως.
3000 5062 3194 5130 Κρινεῖ
3214 5063 3338 5124 τοὺς
3367 5078 3508 5114 πτω-

1939 5150 2071 5216 χοὺς
2115 5147 2209 5201 τοῦ
2251 5147 2404 5211 λαοῦ,
2440 5149 2536 5200 καὶ
2576 5148 2736 5200 σώσει
2764 5155 2890 5211 τοὺς
2919 5145 3066 5211 υἱοὺς
3097 5151 3205 5203 τῶν
3237 5152 3505 5220 πενήτων,

1940 5242 2036 5293 καὶ
2055 5238 2383 5292 ταπεινώσει
2428 5241 2772 5310 συκοφάντην
2797 5281 2812 5304 ,
2842 5243 2938 5293 καὶ
2979 5245 3401 5312 συμπαραμενεῖ
3425 5244 3507 5313 τῷ

1942 5330 2099 5399 ἡλίῳ,
2127 5330 2222 5383 καὶ
2243 5331 2348 5398 πρὸ
2382 5330 2481 5398 τῆς
2521 5332 2751 5401 σελήνης
2778 5333 2970 5400 γενεὰς
3004 5333 3227 5401 γενεῶν.
3257 5335 3511 5404 Καταεή-

1947 5436 2100 5472 σεται
2132 5419 2207 5481 ὡς
2237 5420 2393 5483 ὑετὸς
2425 5422 2517 5473 ἐπὶ
2549 5422 2734 5486 πόκον,
2773 5424 2868 5475 καὶ
2903 5421 3036 5474 ὡσεὶ
3068 5421 3285 5489 σταγὼν
3316 5424 3347 5494 ή
3382 5426 3512 5477 στά-

1949 5511 2118 5574 ζουσα
2147 5511 2237 5564 ἐπὶ
2276 5512 2373 5581 τὴν
2405 5512 2528 5580 γῆν*
2560 5515 2808 5566 ἀνατελεῖ
2831 5515 2889 5566 ἑν
2913 5515 3034 5577 ταῖς
3063 5515 3298 5584 ἡμέραις
3340 5515 3510 5568 αὑτοῦ
