3970 6212
406 329 514 394 3J1

1347 332 1643 397 CONTRA
1690 334 2179 396 MAHOMETEM
2222 333 2606 394 APOLOGIA
2647 334 2697 393 Ι.

3544 336 3650 403 398

407 442 780 514 δικαιοσύνην,
815 445 910 499 καὶ
945 445 1148 515 πλῆθος
1181 446 1429 515 εἰρήνης,
1485 445 1590 511 ἕως
1632 436 1694 498 οὗ
1724 445 1978 498 ἀνταναι-

2087 441 2235 496 luna.
2267 442 2335 496 Et
2363 443 2671 497 adorabunt
2696 456 2828 517 eunt
2856 456 3047 499 omnes
3062 458 3215 516 reges
3245 452 3422 502 teme.
3446 446 3651 507 Omnes

407 536 543 606 ρεθῇ
576 537 607 605 ἡ
641 536 863 607 σελήνη,
903 538 997 592 καὶ
1043 538 1519 608 προσκυνήσουσιν
1551 534 1702 606 αύτῷ
1747 535 1978 591 πάντοτε

404 629 455 680 οἱ
487 627 726 697 panici;
756 628 861 698 τῆς
906 629 1031 699 γῆς,
1083 631 1264 684 πάντα
1304 628 1375 682 τὰ
1428 628 1559 697 ιθνη
1604 627 1982 682 δουλεύσουσιν

403 717 578 787 αὐτῷ,
607 719 701 771 καὶ
749 720 907 773 ἐσται
959 719 1021 774 τὸ
1054 720 1224 791 ὄνομα
1280 718 1448 775 αύτοῦ
1497 718 1861 790 εὐλογημένον
1898 720 1979 780 εἰς

402 810 533 872 τοὺς
551 810 775 872 αἰῶνας.
808 810 920 881 ῐΙρὸ
946 811 1038 864 τοῦ
1066 811 1217 881 ήλίου
1238 810 1484 880 διαμένει
1511 810 1570 863 τὸ
1594 810 1765 880 ὄνομα
1791 808 1979 874 αὑτοῦ,

403 902 502 951 καὶ
549 899 1064 970 ὲνευλογηθήσονται
1103 901 1162 953 έν
1194 898 1343 969 αὑτῷ
1372 901 1543 953 πᾶσαι
1587 900 1642 952 αί
1674 895 1841 968 φυλαὶ
1882 896 1983 966 τῆς

406 989 534 1059 γῆς,
565 988 746 1043 πάντα
776 990 846 1043 τὰ
880 991 1009 1060 ἔθνη
1060 990 1426 1060 μακαριοῦσιν
1454 990 1639 1043 αὐτόν.
1674 989 1981 1061 Εὐλογητὸς

406 1080 612 1151 Κύριος
638 1083 667 1134 ὁ
693 1081 826 1145 Θεὸς
859 1081 953 1135 τοῦ
988 1081 1223 1152 Ἰσραὴλ,
1247 1083 1276 1135 ὀ
1299 1080 1466 1135 ποιῶν
1492 1080 1770 1152 θαυμάσια
1796 1080 1978 1152 μόνος,

405 1176 501 1224 καὶ
524 1174 890 1242 εύλογημένον
919 1174 980 1227 τὸ
1020 1175 1193 1245 ὄνομα
1222 1174 1385 1228 αὑτοῦ
1417 1175 1497 1238 εἰς
1541 1174 1634 1229 τὸν
1662 1173 1858 1239 αἰῶνα,
1887 1173 1984 1227 καὶ

404 1263 487 1324 εἰς
516 1262 608 1314 τὸν
643 1263 815 1316 αἰῶνα
854 1264 947 1317 τοῦ
996 1266 1213 1328 αἰῶνος.
1242 1284 1260 1318 ι
1303 1266 1527 1330 Πάντως
1572 1265 1668 1318 δύο
1713 1255 2003 1336 πρόσωπα

405 1355 645 1422 εἰσάγων
671 1344 699 1409 δ
722 1356 1036 1429 Προςξήτης,
1076 1359 1170 1412 τὸν
1208 1358 1342 1413 Θεὸν
1367 1359 1462 1413 καὶ
1487 1360 1578 1413 τὸν
1606 1359 1721 1412 υἱὸν
1750 1357 1845 1411 τοῦ
1886 1359 1983 1428 βα⁴

407 1447 605 1509 quem;
651 1447 805 1501 οὐδὲν
830 1450 1020 1518 ἓτερον
1050 1448 1196 1518 λέγει
1225 1449 1391 1521 ἀλλ’ἢ
1420 1449 1511 1503 τὸν
1539 1449 1674 1504 Θεὸν
1707 1450 1802 1503 καὶ
1830 1449 1984 1519 βασι-

403 1535 524 1604 λέα,
552 1539 648 1592 καὶ
676 1538 768 1593 τὸν
800 1541 993 1593 τούτου
1022 1540 1149 1593 Υἰὸν
1179 1542 1267 1595 τὸν
1295 1540 1548 1611 Χριστὸν,
1574 1541 1632 1603 ὃς
1661 1541 1834 1612 κρίνει
1857 1542 1983 1603 τοὺς

404 1632 658 1700 πτωχοὺς
689 1632 785 1685 τοῦ
817 1632 968 1697 λαοῦ,
1004 1634 1096 1686 καὶ
1124 1632 1287 1697 σώζει
1320 1634 1444 1696 τοὺς
1470 1624 1729 1702 πένητας,
1764 1633 1857 1687 καὶ
1884 1649 1982 1685 τα-

2086 540 2279 601 gentes
2313 531 2559 588 servient
2612 533 2778 598 ei,et
2828 534 2932 590 erit
2988 552 3190 592 nomen
3222 536 3343 606 ejus
3420 542 3651 598 benedi-

2084 631 2235 680 ctum
2265 623 2320 677 in
2347 624 2570 679 saecula.
2603 626 2745 680 Ante
2768 626 2936 681 solem
2967 639 3253 698 permanet
3282 633 3651 702 nomen'ejus,

2084 720 2140 767 et
2168 711 2566 769 benedicentur
2600 715 2654 769 in
2705 729 2772 770 eo
2802 731 2995 773 omnes
3042 718 3219 774 tribus
3261 730 3421 777 terra
3478 740 3492 778 :
3539 738 3656 780 om-

2084 820 2185 861 nes
2223 815 2412 877 gentes
2458 805 2850 862 beatificabunt
2896 808 3074 863 illum.
3140 810 3338 867 Beatus
3389 814 3653 871 Dominus

2086 891 2231 946 Deus
2256 891 2495 960 lsraelis,
2516 893 2663 948 solus
2686 895 2890 951 faciens
2918 897 3285 963 mirabilia,et
3302 900 3653 960 benedictum

2088 999 2285 1039 nomen
2317 985 2435 1056 ejus
2464 985 2518 1040 in
2555 986 2810 1042 saeculum
2856 998 2912 1043 et
2945 988 2999 1043 in
3052 1000 3316 1047 :eternum
3347 995 3413 1048 ¹³.
3458 1015 3477 1049 ι
3508 995 3656 1053 Duas

2091 1074 2177 1129 hic
2220 1076 2275 1129 iu
2332 1077 2649 1132 universum
2715 1093 2977 1148 personas
3033 1084 3296 1154 propheta
3356 1085 3654 1152 inducens,

2088 1167 2257 1222 Deum
2298 1168 2528 1232 scilicet,
2567 1175 2625 1223 et
2657 1170 2826 1225 lilium
2864 1173 3029 1244 regis,
3063 1175 3199 1231 nihil
3271 1178 3419 1234 aliud
3473 1181 3657 1236 innuit
3697 1168 3737 1239 κζ

2084 1275 2245 1331 quam
2273 1260 2442 1314 Deum
2477 1261 2562 1316 vel
2602 1277 2784 1333 regem
2812 1304 2828 1330 ,
2860 1273 2913 1319 et
2941 1265 3086 1321 illius
3108 1264 3309 1323 Filium
3335 1270 3612 1327 Christum
3636 1310 3656 1337 ,

2084 1350 2179 1420 qui
2207 1347 2420 1422 judicat
2455 1367 2724 1426 pauperes
2757 1356 2967 1425 populi,
2995 1367 3051 1411 et
3079 1359 3258 1416 salvos
3276 1360 3406 1417 facit
3441 1362 3655 1433 inopes,

2083 1451 2139 1498 et
2185 1442 2442 1498 humiliat
2481 1445 2959 1504 calumniatorem.
3009 1448 3200 1521 Neque
3251 1450 3341 1507 hic
3376 1452 3658 1511 hominem

2084 1533 2377 1601 quemdam
2421 1533 2614 1591 fortem
2663 1547 2720 1591 et
2756 1537 2991 1608 justum,
3021 1542 3323 1613 principem
3358 1544 3440 1598 vel
3472 1561 3659 1617 regem

2085 1623 2375 1695 intelligas.
2404 1627 2481 1681 De
2507 1627 2699 1683 eodem
2769 1630 2916 1687 enim
2956 1632 3109 1697 dicit,
3144 1634 3291 1704 quod
3346 1652 3657 1694 commora-

405 1728 585 1777 στεινοί
610 1724 701 1778 τὸν
728 1728 1092 1796 συκοφάντην.
1115 1727 1202 1780 Ni
1233 1726 1511 1798 ὑπολάϐῃς
1549 1725 1837 1796 ἄνθρωπόν
1860 1740 1983 1777 τινα

2087 1724 2242 1773 turus
2271 1718 2343 1773 sit
2373 1733 2497 1773 cum
2531 1720 2683 1785 sole;
2714 1721 2844 1777 item
2874 1721 2943 1778 de
2972 1725 3168 1781 eodem
3187 1767 3202 1791 ,
3234 1728 3381 1797 quod
3430 1730 3503 1784 sit
3532 1742 3661 1786 ante

407 1816 631 1886 ἰσχυρὸν
666 1816 762 1870 καὶ
813 1795 1049 1882 δίκαιον,
1072 1818 1311 1889 ἄρχοντα
1331 1817 1365 1887 ἢ
1398 1795 1622 1888 βασιλέα
1642 1795 1663 1882 ;ν
1692 1816 1851 1871 Ἀλλά
1886 1815 1979 1869 τὸν

2087 1807 2271 1863 lunam
2298 1818 2355 1865 et
2388 1811 2773 1880 generationes
2801 1795 3325 1885 generationumaln
3349 1836 3509 1891 quem
3530 1838 3660 1877 vero

400 1906 569 1959 αὑτὸν
597 1906 766 1973 λέγει,
795 1909 874 1962 ὅτι
903 1909 1327 1978 συμπαραμενεί
1358 1906 1434 1977 τῷ
1471 1906 1609 1978 ήλίῳ
1634 1921 1648 1935 ⁵
1673 1906 1809 1961 ἀλλὰ
1849 1906 1979 1975 περὶ

400 1998 572 2052 αὐτοῦ
628 1998 810 2067 λέγει,
855 2000 936 2051 ὅτι
997 2000 1112 2052 ἐστὶ
1162 1998 1269 2069 πρὸ
1336 1999 1449 2069 τῆςι
1477 1999 1731 2069 σελήνης,
1786 1998 1981 2065 γενεᾶς

406 2091 635 2156 γενεῶν.
685 2090 793 2143 Καὶ
847 2091 928 2152 εἰς
984 2090 1106 2144 τίνα
1154 2089 1265 2144 τῶν
1312 2086 1615 2159 ἀνθρώπων
1667 2089 1834 2156 χωρεί
1862 2086 1983 2140 τοῦδ

407 2198 483 2245 το,
538 2182 622 2233 ὃτι
660 2183 764 2252 πρὸ
816 2181 915 2249 τῆς
976 2179 1207 2251 σελήνης
1251 2182 1443 2249 γενεᾶς
1488 2179 1690 2247 γενεῶν
1719 2175 1823 2251 ἦν,
1887 2180 1982 2233 καὶ

412 2274 832 2343 συμπαραμενεῐ
855 2273 931 2343 τῷ
968 2273 1141 2344 ήλίῳ;
1172 2273 1270 2336 Εἰς
1313 2273 1510 2327 οὐδένα
1536 2273 1719 2340 ἄλλον,
1751 2274 1866 2328 ἀλλ’
1903 2276 1983 2335 εἰς

420 2367 569 2418 αὐτὸν
611 2366 829 2427 πάντως
858 2364 949 2418 τὸν
994 2365 1229 2437 Χριστόν
1275 2365 1425 2419 ἐστιν
1453 2365 1487 2435 ή
1516 2364 1842 2434 προφητεία.
1893 2364 1984 2418 Ἐν

424 2459 527 2527 γὰρ
549 2456 622 2525 τῷ
670 2456 867 2521 εἰπεῖν,
900 2455 979 2508 δτι
1025 2456 1204 2525 κρινεί
1231 2454 1354 2515 τοὺς
1410 2455 1658 2523 πτωχοὺς
1690 2454 1784 2507 τοῦ
1826 2452 1982 2518 λαοῦ,

418 2553 507 2604 καὶ
538 2550 700 2603 σώσει
729 2551 855 2611 τοὺς
884 2550 1030 2611 υἱοὺς
1062 2547 1169 2601 τῶν
1200 2551 1471 2615 πενήτων,
1526 2548 1620 2601 καὶ
1649 2547 1983 2601 ταπεινώσει

412 2640 530 2701 τοὺς
555 2640 898 2708 συκοφάντας
921 2678 935 2703 ,
965 2637 1131 2703 ἔδειξε
1154 2638 1253 2709 τὴν
1284 2636 1479 2693 τούτου
1509 2636 1864 2706 δικαιοσύνην
1887 2639 1984 2692 καὶ

412 2733 564 2801 ἰσχὺν
592 2733 686 2784 καὶ
717 2729 1039 2800 κηδεμονίαν
1062 2730 1143 2791 εἰς
1162 2729 1288 2792 τοὺς
1329 2727 1676 2800 ἀνθρώπους.
1712 2728 1802 2783 Ἐν
1830 2729 1889 2783 δὲ
1909 2727 1985 2799 τῷ

407 2825 604 2886 εἰπεῖν,
634 2823 717 2876 ὅτι
750 2822 856 2891 πρὸ
893 2820 987 2874 τοῦ
1034 2820 1185 2891 ήλίου
1227 2820 1472 2890 διαμένει
1504 2820 1565 2874 τὸ
1594 2820 1769 2888 ὄνομα
1792 2820 1984 2885 αὐτοῦ,

408 2914 505 2969 καὶ
530 2913 639 2983 πρὸ
678 2912 779 2981 τῆς
810 2911 1042 2982 σελήνης
1072 2912 1271 2980 γενεᾶς
1304 2913 1530 2981 γενεῶν,
1574 2910 1745 2977 ἔδειξε
1774 2912 1836 2966 τὸ
1861 2911 1988 2966 τού-

406 3024 504 3057 του
526 3007 782 3075 ἄναρχον.
829 3005 915 3057 Ἐν
952 3005 1009 3058 δὲ
1038 3005 1137 3075 τῷ,
1175 3021 1194 3055 ι
1221 3004 1649 3074 Συμπαραμενεῖ
1670 3003 1747 3075 τῷ
1772 3005 1924 3075 ήλίῳ,
1960 3022 1980 3058 ι

2088 1901 2372 1957 hominum
2410 1903 2515 1960 hoc
2543 1915 2857 1975 competere
2892 1917 3096 1978 potest,
3132 1920 3193 1965 ut
3221 1921 3348 1967 ante
3380 1914 3566 1970 lunam
3601 1914 3659 1968 in

2083 1993 2467 2067 generationes
2499 1996 2913 2066 generationum
2946 2014 3068 2055 esse
3114 2000 3224 2058 dici
3268 2004 3478 2072 possit,
3509 2014 3566 2059 et
3601 2019 3662 2061 ut

2084 2100 2208 2139 cum
2241 2085 2357 2140 sole
2382 2089 2799 2144 commoretur?
2827 2089 2886 2144 In
2913 2092 3124 2147 nullum
3154 2102 3302 2150 certe
3331 2095 3523 2161 alium,
3557 2098 3658 2152 sed

2086 2190 2278 2231 revera
2343 2176 2397 2230 in
2462 2177 2641 2233 solum
2696 2179 2990 2251 ipsumque
3040 2180 3323 2238 Christum
3371 2185 3662 2255 praphetia

2084 2267 2335 2336 quadrat.
2376 2269 2510 2323 Cum
2546 2270 2695 2324 enim
2735 2270 2870 2325 dicit
2897 2310 2913 2335 ,
2962 2274 3109 2342 quod
3140 2275 3353 2345 judicet
3393 2293 3662 2348 pauperes

2086 2359 2309 2427 populi,
2344 2367 2399 2413 et
2428 2360 2601 2415 salvet
2631 2359 2773 2417 filios
2806 2362 3032 2433 inopum
3065 2403 3081 2429 ,
3136 2375 3194 2420 et
3233 2367 3662 2425 calumniatores

2089 2450 2365 2517 humiliet,
2394 2452 2543 2506 illius
2574 2452 2820 2509 ostendit
2845 2452 3144 2525 justitiam,
3171 2442 3574 2529 fortitudinem,
3604 2474 3660 2515 et

2088 2556 2278 2596 curam
2310 2558 2417 2612 qua
2456 2560 2585 2615 erga
2628 2544 2886 2601 homines
2925 2547 3121 2602 utitur.
3160 2547 3298 2603 Cum
3338 2565 3471 2605 vero
3500 2550 3658 2617 dicit.

2087 2633 2235 2704 quod
2261 2642 2390 2689 ante
2422 2636 2596 2690 solem
2627 2646 2952 2703 permaneat
3003 2652 3205 2693 nomen
3239 2640 3363 2710 ejus
3384 2681 3400 2705 ,
3446 2652 3503 2696 et
3534 2653 3662 2697 ante

2088 2725 2276 2780 lunam
2317 2725 2371 2780 in
2405 2726 2790 2795 generationes
2823 2730 3241 2799 generationum
3264 2770 3280 2795 ,
3327 2731 3475 2788 illius
3498 2744 3664 2790 teter-

2088 2818 2319 2875 nitatem
2368 2817 2642 2888 principio
2692 2829 2974 2875 carentem
3029 2820 3261 2877 indicat.
3306 2823 3371 2878 Et
3410 2839 3477 2879 eo
3512 2827 3661 2896 quod

2089 2910 2228 2966 dixit
2262 2928 2275 2964 :
2320 2928 2338 2962 ι
2383 2910 2832 2967 Commorabitur
2865 2927 2990 2967 eum
3010 2912 3125 2967 sole
3150 2933 3224 2978 ,,ι
3268 2915 3414 2970 illius
3439 2920 3661 2972 aeterni-

2092 3012 2259 3058 tatem
2291 3004 2398 3057 line
2429 3012 2711 3059 carentem
2744 3003 3046 3059 denotavit.
3087 3004 3244 3072 Item,
3292 3026 3311 3061 ι
3356 3009 3663 3066 Descendct

409 3095 573 3161 ἔδειξε
595 3096 655 3150 τὸ
670 3096 859 3149 τούτου
874 3096 1246 3166 ἀτελεύτητον.
1276 3115 1295 3149 ι
1326 3096 1713 3167 Καταὸήσεται
1730 3097 1805 3161 ώς
1835 3098 1983 3161 ὑετὸς

2091 3096 2258 3153 veluti
2309 3097 2495 3166 pluvia
2530 3111 2697 3167 super
2741 3096 2944 3165 lanam,
2993 3108 3050 3153 et
3079 3099 3220 3154 sicut
3249 3110 3402 3170 gutta
3448 3104 3663 3159 stillana

409 3191 505 3241 ἐπὶ
533 3190 720 3252 πόκον,
752 3191 844 3242 καὶ
862 3190 933 3251 ὡς
964 3190 996 3256 ή
1026 3186 1241 3257 σταγὼν
1265 3189 1298 3258 ή
1330 3187 1600 3251 στάζουσα
1625 3188 1718 3242 ἐπὶ
1738 3190 1839 3260 τῆς
1856 3189 1981 3260 γῆς.

420 3280 699 3334 Ἀνατελεί
722 3281 794 3349 ὲν⁴
823 3282 939 3341 ταῖς
969 3278 1206 3349 ἡμέραις
1253 3278 1419 3333 αὐτοῦ
1468 3280 1840 3350 δικαιοσύνην,
1889 3282 1985 3337 καὶ

408 3374 615 3443 πλῆθος
645 3375 888 3444 εἰρήνης,
916 3374 1019 3437 ἕως
1050 3366 1112 3425 οὗ
1131 3371 1491 3443 άνταναιρεθῂ
1518 3374 1552 3443 ή
1585 3373 1807 3444 σελήνη.
1831 3394 1850 3427 ι
1876 3374 1987 3429 Πά-

406 3466 493 3518 λιν
524 3466 607 3528 τίς
648 3465 852 3536 κατέδη
895 3464 971 3529 ώς
1012 3465 1167 3529 ὑετὸς
1210 3464 1302 3518 ἐπὶ
1323 3465 1512 3531 πόκον,
1542 3466 1819 3519 τουτέστιν
1848 3466 1984 3536 ήσύο

407 3573 524 3627 χως
552 3557 645 3609 καὶ
667 3557 976 3627 ἀταράχως,
1006 3557 1101 3610 καὶ
1119 3557 1248 3612 ἄνευ
1275 3555 1376 3627 τῆς
1392 3541 1599 3619 οἰκείας
1621 3557 1780 3622 ἀξίας
1817 3558 1985 3612 αὐτοῦ

409 3651 506 3701 καὶ
537 3648 977 3718 μεγαλειότητος,
1015 3649 1048 3719 ἢ
1079 3650 1108 3702 ό
1128 3648 1382 3718 Χριστὸς,
1414 3648 1472 3712 ὃς
1492 3648 1759 3720 κατῆλθεν
1782 3718 1785 3719 ν
1809 3650 1869 3715 ἐξ
1896 3651 1987 3704 ob.

414 3739 581 3810 ρανοῦ
608 3742 665 3793 ἐν
694 3742 760 3811 τῇ
787 3741 920 3811 ἁγίᾳ
955 3740 1238 3811 Παρθένῳ,
1291 3741 1388 3795 καὶ
1414 3740 1753 3794 συλλασοῦσα
1798 3740 1986 3795 ἔτεκεν

409 3831 576 3883 αὐτὸν
597 3834 655 3884 εν
682 3833 914 3903 πενιχρᾷ
973 3832 1148 3903 φάτνῃ
1184 3832 1278 3886 καὶ
1310 3831 1556 3904 σπηλαίῳ
1598 3833 1876 3904 ταπεινιῖη
1908 3836 1985 3888 Oti

410 3925 525 3994 γὰρ
564 3919 724 3995 ἦλθεν
747 3925 834 3978 ἵνα
864 3923 1025 3996 κρίνῃ
1052 3929 1145 3978 τὸν
1188 3925 1417 3995 κόσμον,
1447 3925 1564 3979 ἀλλ’
1603 3927 1691 3980 ῐνα
1719 3928 1875 4001 σώσῃ
1892 3928 1985 3982 τὸν

412 4017 638 4085 κόσμον.
673 4015 842 4069 Ὅταν
866 4016 922 4068 δὲ
951 4015 1078 4086 ἔλθῃ
1109 4017 1291 4085 κρῖναι
1337 4014 1437 4087 τὴν
1482 4017 1829 4087 οἰκουμένην,
1864 4019 1985 4071 τότε

416 4106 601 4176 μέλλει
626 4108 857 4176 φανῆναι
890 4108 948 4159 ὲν
986 4110 1051 4177 τῇ
1087 4106 1212 4181 δόξῃ
1258 4106 1353 4160 τοῦ
1393 4108 1604 4177 Πατρὸς
1637 4109 1802 4163 αὐτοῦ
1847 4110 1986 4180 μετά

412 4200 634 4253 πάντων
660 4200 769 4255 τῶν
804 4201 1047 4267 ἀγγέλων
1070 4242 1087 4267 ,
1124 4200 1308 4264 καθὼς
1336 4202 1432 4255 καὶ⁸
1479 4202 1642 4265 αὐτὸς
1680 4204 1709 4255 ό
1750 4203 1986 4271 Χριστὸς

412 4288 617 4358 εφησεν
640 4290 697 4340 έν
726 4287 803 4356 τῷ
840 4287 1174 4357 Εὐαγγελίῳ,
1207 4289 1290 4341 ὅτι
1331 4307 1350 4340 ι
1384 4289 1496 4341 Οὐκ
1519 4284 1681 4358 ἦλθον
1705 4290 1791 4343 ἴνα
1814 4290 1987 4360 κρίνω

412 4380 509 4434 τὸν
532 4380 760 4451 κόσμον,
794 4378 911 4432 ἀλλ’
941 4380 1025 4431 ἵνα
1043 4380 1204 4432 σώσω
1229 4380 1319 4432 τὸν
1348 4379 1576 4450 κόσμον.
1615 4400 1634 4434 ι
1669 4398 1688 4434 ι
1712 4383 1987 4436 ’Δνατελεῐ

2089 3200 2255 3255 super
2294 3195 2521 3242 terram.
2555 3185 2778 3242 Exoriri
2796 3186 2961 3243 faciet
2992 3188 3049 3242 in
3097 3187 3294 3245 diebus
3343 3192 3461 3245 suis
3499 3193 3662 3261 justi-

2088 3278 2218 3333 tiam
2240 3286 2295 3335 et
2312 3278 2721 3334 multitudinem
2743 3280 2913 3348 pacis,
2958 3279 3133 3335 donec
3157 3281 3442 3338 auferatur
3462 3284 3609 3338 luna.
3633 3305 3652 3336 ι

2087 3370 2281 3426 Denuo
2312 3370 2633 3439 (responde)
2664 3370 2792 3440 quis
2846 3371 3130 3427 descendit
3180 3382 3240 3427 ut
3269 3375 3453 3443 pluvia
3496 3392 3661 3446 super

2085 3463 2289 3528 lanam,
2326 3462 2379 3517 id
2411 3472 2498 3518 est
2514 3463 2721 3532 quiete,
2750 3473 2806 3519 et
2838 3465 2957 3518 sine
2981 3465 3242 3533 strepitu,
3278 3475 3334 3521 et
3362 3466 3499 3522 citra
3534 3484 3659 3537 pro-

2087 3554 2264 3624 priam
2310 3553 2654 3625 majestatem
2696 3555 3270 3625 magniﬁcentiamque
3310 3572 3487 3623 suam,
3518 3574 3659 3627 prae-

2088 3649 2172 3694 ter
2219 3640 2553 3695 Christum?
2587 3640 2681 3710 qui
2726 3641 3014 3697 descendit
3053 3643 3271 3698 coalitus
3316 3645 3368 3699 in
3411 3657 3657 3701 sanctam

2088 3730 2389 3803 Virginem,
2419 3746 2540 3801 quae
2562 3742 2887 3804 conceptum
2916 3748 3042 3789 eum
3075 3736 3285 3803 peperit
3313 3736 3369 3791 in
3394 3737 3484 3791 vili
3522 3754 3661 3807 pra—

2086 3826 2239 3896 sepio
2265 3835 2322 3881 et
2348 3823 2543 3883 humili
2575 3840 2721 3882 casa.
2757 3827 2877 3887 Non
2931 3828 3081 3882 enim
3114 3837 3341 3885 venerat
3387 3830 3661 3901 judicatu-

2088 3936 2182 3976 rus
2208 3920 2499 3985 mundum,
2527 3919 2624 3975 sed
2658 3928 2718 3976 ut
2747 3921 3017 3977 mundum
3074 3923 3331 3979 salvaret.
3362 3924 3499 3979 Cum
3525 3941 3659 3982 vero

2087 4011 2273 4068 veniet
2308 4011 2658 4083 judicaturus
2687 4014 2903 4080 orbem,
2931 4016 3219 4086 apparebit
3252 4017 3306 4071 in
3339 4018 3512 4088 gloria
3560 4020 3661 4075 Pa.

2088 4104 2189 4160 tris
2219 4106 2303 4160 sui
2336 4121 2461 4160 cum
2499 4106 2758 4161 omnibus
2777 4105 3005 4178 angelis,
3038 4108 3503 4177 quemadmodum
3542 4111 3661 4180 Ipse

2084 4199 2405 4255 Christusin
2445 4199 2738 4268 Evangelio
2763 4209 3027 4256 testatur:
3055 4200 3218 4265 «Non
3235 4201 3361 4256 veni
3380 4202 3661 4273 judicatu.

2084 4309 2179 4347 rus
2208 4291 2472 4345 mundum
2499 4290 2592 4346 sed
2618 4301 2676 4346 ut
2695 4292 2955 4346 mundum
2976 4292 3249 4348 salvem“.
3270 4312 3287 4344 ι
3305 4293 3465 4358 Item,
3487 4294 3660 4350 «Exo-

2088 4382 2188 4437 riri
2217 4381 2380 4436 faciet
2424 4381 2481 4434 in
2511 4380 2707 4436 diebus
2738 4380 2853 4437 suis
2871 4381 3141 4451 justitiam
3166 4393 3223 4437 et
3247 4384 3657 4438 multitudinem

415 4474 474 4524 εν
507 4475 624 4535 ταῖς
669 4473 903 4542 ἡμέραις
930 4472 1093 4525 αὐτοῦ
1125 4471 1493 4541 δικαιοσύνην,
1540 4475 1632 4527 καὶ
1666 4475 1869 4545 πλῆθος
1898 4478 1978 4530 εἰς

2087 4472 2235 4542 pacis
2263 4472 2439 4527 donec
2476 4470 2760 4531 auferatur
2798 4471 2948 4526 luna.
2970 4491 2987 4524 ι
3027 4472 3290 4539 Quisnam
3320 4474 3516 4529 ltorum
3531 4490 3659 4529 sen-

417 4565 589 4634 ρήνης
610 4563 713 4625 ἓως
737 4557 798 4615 οὗ
833 4563 1193 4631 ἁνταναιρεθῇ
1234 4564 1265 4631 ἡ
1310 4562 1528 4631 σελήνη.
1568 4583 1595 4629 ι¹
1618 4564 1682 4615 Τί
1729 4564 1981 4634 βούλεται

414 4656 501 4721 τὸ,
539 4654 851 4709 «Ἀνατελεῖ
880 4655 936 4705 ἐν
966 4655 1085 4716 ταῖς
1124 4654 1355 4723 ἡμέραις
1403 4653 1567 4706 αὑτοῦ
1618 4654 1982 4725 δικαιοσύνην,

418 4748 515 4800 καὶ
544 4744 745 4816 πλῆθος
771 4745 994 4815 εἰρήνης
1015 4747 1079 4812 ﬁt
1114 4744 1277 4797 Οὐδὲν
1293 4743 1441 4808 ἄλλο,
1459 4743 1491 4814 ἢ
1510 4743 1593 4798 δτι
1613 4745 1711 4814 τῆς
1733 4744 1987 4815 τοιαύτης

416 4840 633 4902 ἀδικίας
676 4838 947 4908 χείριστον
979 4854 1036 4889 τε
1068 4836 1162 4889 καὶ
1190 4836 1473 4900 κάκιστον,
1514 4834 1601 4888 ἵνα
1624 4836 1909 4905 ἁφήσωσιν
1938 4838 1989 4889 οἱ

414 4930 694 5000 ἄνθρωποι
722 4930 812 4981 τὸν
835 4928 967 4981 Θεὸν
987 4927 1314 4996 δημιουργὸν
1347 4927 1441 4979 καὶ
1488 4926 1734 4997 πλάστην
1777 4927 1981 4992 αὐτῶν,

415 5013 511 5076 τὸν
541 5023 647 5076 ἀπὸ
669 5020 766 5074 τοῦ
790 5019 863 5091 μὴ
893 5020 1043 5082 ὄντος
1076 5019 1156 5080 εἰς
1186 5018 1247 5070 τὸ
1272 5011 1413 5070 εἰναι
1455 5018 1848 5086 παραγαγόντα
1886 5018 1984 5070 αὐ-

415 5112 564 5174 τοὺς,
596 5111 690 5165 καλ⁹
717 5111 1136 5179 προσκυνήσωσι
1173 5106 1253 5176 τῷ
1291 5105 1544 5177 ausae,
1580 5108 1676 5159 καὶ
1705 5110 1817 5170 τοῖς
1858 5108 1980 5161 κτί-

418 5221 608 5275 σμασι,
632 5204 728 5257 καὶ
753 5205 864 5265 τοῖς
888 5200 1068 5272 ἔργοις
1088 5198 1196 5252 τῶν
1211 5197 1412 5269 χειρῶν
1441 5198 1640 5254 αὐτῶν.
1662 5200 1771 5251 Καὶ
1791 5199 1982 5269 ὥσπερ

414 5314 501 5359 τις
539 5296 640 5349 ὑπὸ
669 5293 840 5365 μέθης
867 5293 962 5348 καὶ
1002 5291 1219 5362 βαθείας
1252 5290 1473 5353 σκοτίας
1504 5291 1856 5361 παραϐλέψας
1890 5294 1981 5344 τὸν

414 5386 611 5442 ἑαυτοῦ
645 5387 883 5456 πατέρα,
913 5385 1005 5439 τὸν
1026 5381 1453 5452 ἐπιμελούμενον
1476 5382 1636 5435 παντὶ
1664 5384 1869 5452 τρόπῳ,
1890 5385 1984 5435 καὶ

416 5479 715 5549 κηδόμενον
758 5477 850 5530 καὶ
877 5475 1144 5545 ζητοῦντα
1172 5473 1271 5543 τὴν
1302 5472 1492 5527 τούτου
1524 5474 1868 5543 προμήθειαν
1889 5474 1981 5526 καὶ

415 5572 684 5639 ὠφέλειαν
706 5573 799 5623 καὶ
834 5567 1128 5637 σωτηρίαν,
1159 5564 1530 5635 ἀκολουθήσας
1555 5564 1736 5634 ἐχθρῷ
1763 5566 1843 5635 τῷ
1862 5568 1983 5619 ἑπι-

417 5661 674 5733 θυμοῦντι
704 5661 802 5729 τὴν
851 5659 1065 5730 σφαγὴν
1112 5657 1279 5713 αὐτοῦ
1328 5658 1423 5711 καὶ
1461 5656 1554 5711 τὸν
1603 5657 1825 5729 ὄλεθρον
1846 5699 1863 5723 ,
1894 5658 1982 5711 δε-

490 5779 535 5810 ¹⁸
563 5778 706 5836 Psal.
749 5792 896 5865 um,
919 5777 956 5831 2
984 5792 1141 5847 seqq.
1220 5778 1262 5809 ¹¹⁵
1294 5778 1451 5833 Joan.
1493 5793 1590 5839 xu,
1616 5775 1706 5829 l7.

1628 6040 1657 6065 δ

2085 4577 2200 4626 sus,
2242 4580 2260 4614 ι
2301 4560 2572 4617 Producet
2605 4559 2660 4616 in
2694 4561 2891 4618 diebus
2932 4562 3048 4618 suis
3077 4564 3344 4633 justitiam
3369 4574 3425 4620 et
3470 4566 3658 4619 multi-

2090 4652 2334 4707 tudinem
2365 4651 2555 4720 pacis?
2579 4669 2598 4703 ι
2632 4651 2749 4707 Non
2783 4651 2945 4720 alius,
2979 4670 3141 4724 quam
3169 4657 3314 4725 quod
3366 4655 3660 4726 impietatis

2090 4758 2361 4799 summam
2394 4745 2874 4813 notatperniciem
2932 4763 2946 4799 :
2980 4748 3125 4815 quod
3162 4750 3373 4803 sciliret
3411 4749 3659 4803 homines

2092 4835 2413 4891 derelicturi
2442 4835 2577 4905 ,sint
2618 4836 2814 4899 Deum,
2848 4846 3259 4904 procreatorem
3310 4846 3366 4891 et
3392 4838 3655 4893 factorem

2093 4944 2277 4992 suum,
2301 4928 2393 4996 qui
2424 4943 2521 4982 eos
2564 4942 2836 4996 nusquam
2868 4928 3197 4982 exsistentes
3244 4928 3300 4981 in
3348 4928 3488 4981 hanc
3514 4928 3653 4982 sui»

2091 5023 2348 5078 stantiam
2382 5020 2591 5090 redegit
2614 5037 2630 5084 ;
2657 5029 2714 5074 et
2734 5018 3017 5073 adoraturi
3050 5019 3164 5073 sint
3183 5019 3483 5079 diabolum.
3506 5034 3658 5073 ιιι-θοι

2095 5120 2267 5175 turas,
2299 5119 2356 5163 et
2404 5124 2571 5179 opera
2602 5123 2863 5162 manuum
2902 5121 3150 5161 suarum.
3189 5106 3258 5160 Et
3300 5106 3657 5175 quemadmo-

2090 5204 2220 5258 dum
2248 5202 2451 5271 aliquis
2475 5200 2745 5255 ebrietate
2773 5202 2972 5263 victus,
3006 5208 3103 5252 aut
3127 5199 3181 5253 in
3211 5198 3401 5253 densis
3427 5199 3657 5269 profun-

2089 5292 2285 5362 disque
2316 5290 2559 5345 tenebris
2581 5289 2869 5354 oberrans,
2895 5289 3144 5357 neglecto
3161 5287 3387 5357 proprio
3406 5298 3654 5357 parente,

2090 5388 2186 5455 qui
2216 5383 2562 5439 commodum
2610 5389 2666 5435 et
2712 5381 3007 5435 utilitatem
3043 5380 3389 5448 salutemque
3416 5395 3569 5434 suam
3598 5381 3652 5433 in

2089 5474 2281 5546 primis
2340 5484 2398 5528 et
2445 5474 2605 5533 unice
2662 5471 2941 5527 desiderat
2991 5480 3407 5541 promotamque
3460 5471 3654 5540 cupit,

2094 5569 2302 5621 hostem
2337 5565 2610 5635 sequitur,
2641 5563 2807 5618 caedis
2844 5575 2901 5618 et
2928 5562 3191 5632 perniciei
3224 5578 3339 5616 sua:
3367 5561 3652 5631 cupidum,

2090 5660 2286 5728 ligatus
2315 5657 2524 5712 scilicet
2550 5665 2605 5711 et
2632 5656 2846 5711 vinctus
2876 5657 2943 5711 ab
2980 5670 3048 5711 eo
3095 5670 3397 5726 manusque
3447 5655 3645 5728 pedes-
