3970 6212
222 337 326 399 3'39

1347 331 1583 391 JOANN
1599 333 1664 390 l-S
1703 331 2222 392 CANTACUZENI

3337 339 3452 402 όοὓ

223 469 348 522 quc,
383 451 652 506 deductus
687 448 900 501 tandem
937 446 990 499 in
1021 459 1294 499 carcerem
1348 445 1773 499 munitissimum

1886 446 2140 515 σμευθεὶς
2187 445 2276 498 ὑπ’
2312 445 2497 514 αὑτοῦ,
2552 447 2643 501 καὶ
2695 446 2869 513 δεθεὶς
2895 450 3086 521 χεῖρας
3135 451 3228 505 καὶ
3265 452 3452 518 πιῖδας,

222 555 278 599 et
302 544 631 604 obscurum,
681 554 786 592 non
823 537 1070 605 agnoscit
1119 549 1220 590 nec
1250 535 1562 610 discernere
1604 544 1782 604 potest

225 645 434 702 patrem
470 645 524 686 et
583 630 815 683 amicum
864 628 932 681 ab
983 627 1207 681 inimico
1261 634 1317 680 et
1366 626 1521 680 hoste
1565 635 1783 696 propter

223 723 545 777 ebrietatem
577 727 630 772 et
655 717 957 786 crapulam,
993 731 1094 770 nec
1123 715 1285 770 etiam
1319 716 1468 780 vult;
1507 724 1564 769 et
1595 726 1779 784 postea

224 816 354 869 licet
383 811 596 867 t.mdem
628 809 693 862 ad
745 823 940 863 sensus
984 807 1212 874 vestigia
1268 813 1596 871 revertatur,
1651 805 1780 860 illud

225 923 332 960 non
367 913 563 974 potest,
594 902 648 955 in
673 901 902 956 vinculis
930 900 1187 954 nimirum
1212 899 1496 954 detentus:
1525 898 1814 952 sichomo"

226 999 390 1050 etiam
425 993 582 1048 initio
616 991 984 1054 errabundus,
1021 999 1077 1044 et
1099 1006 1127 1043 a
1155 1001 1299 1044 recta
1332 991 1596 1058 planaque
1617 989 1783 1043 sedu-

223 1096 343 1140 ctus
365 1084 472 1145 via,
506 1081 699 1135 incidit
732 1081 784 1135 in
817 1096 1009 1134 manus
1057 1079 1283 1134 diaboli.
1315 1079 1382 1132 Et
1422 1083 1670 1148 quisnam
1704 1079 1784 1132 lo-

226 1191 321 1230 cus
347 1186 431 1229 cst
467 1175 568 1228 hoc
599 1173 884 1227 obscurior
918 1182 972 1224 et
1007 1170 1345 1224 deformior?
1381 1170 1503 1246 Hic‘
1531 1185 1658 1224 vero
1689 1171 1785 1223 Ιιο-

228 1269 427 1322 minrm
461 1266 798 1332 voluptatum
829 1264 982 1332 copia
1015 1262 1363 1325 inebriatum,
1396 1262 1573 1316 omnis
1591 1277 1785 1316 sensus

226 1368 502 1428 eitpertem
540 1355 666 1410 fecit
699 1373 712 1407 :
751 1366 880 1409 tunc
928 1354 1094 1408 veluti
1136 1354 1410 1416 inebriati,
1449 1364 1542 1408 aut
1583 1354 1786 1407 inordi-

228 1462 358 1506 nato
379 1461 436 1504 et
455 1447 734 1517 superﬂuo
759 1446 989 1501 humore
1013 1455 1068 1499 et
1099 1445 1331 1509 insania,
1366 1456 1458 1498 aut
1483 1461 1511 1498 a
1540 1445 1784 1500 daemone

229 1541 437 1612 agitati,
497 1540 786 1593 audientes
826 1553 933 1592 non
979 1537 1231 1598 audiunt,
1289 1545 1344 1590 et
1378 1536 1627 1590 videntes
1675 1553 1783 1590 non

223 1633 503 1695 sentiunt,
540 1639 763 1699 pmpter
796 1639 1032 1682 mentem
1089 1628 1296 1682 scilicet
1356 1639 1410 1682 et
1468 1629 1781 1693 rationem,

231 1740 348 1792 qua:
383 1723 536 1776 ducis
573 1721 751 1775 ollicio
788 1720 1055 1789 fungitur,
1108 1719 1390 1773 seductum
1446 1737 1458 1772 :
1493 1735 1680 1773 verum
1722 1735 1785 1774 ea

1882 533 2158 602 εἰσαχθεὶς
2204 537 2262 587 ἐν
2293 537 2500 604 φρουρᾷ
2552 535 2870 611 ὀχυρωτάτη
2928 540 3022 592 καὶ
3073 538 3324 608 ζοφώδει,
3352 543 3452 596 οὑκ

1882 625 2202 691 ἐγίνωσκεν,
2236 625 2355 678 οὑδὲ
2405 625 2635 694 ἠδύνατο
2662 628 2957 696 διακρίνειν
2995 629 3086 682 τὸν
3112 632 3323 702 πατέρα
3360 635 3456 686 καὶ

1883 717 2034 785 φίλον
2072 716 2178 768 ἀπὸ
2202 716 2296 769 τοῦ
2333 717 2528 787 ἐχθροῦ
2577 721 2672 771 καὶ
2707 720 2969 788 πολεμίου
3006 721 3110 772 ὑπὸ
3138 724 3237 792 τῆς
3282 725 3458 795 μέθης

1885 805 1978 857 καὶ
2007 805 2100 857 τοῦ
2133 805 2315 876 κόρου,
2347 806 2466 858 ούδέ
2489 806 2757 862 ἐϐούλετο.
2783 811 2842 862 Εἰ
2879 811 2934 863 δὲ
2963 811 3056 865 καὶ
3080 813 3175 880 δ’ὑέ
3209 831 3334 866 ποτε
3363 811 3458 884 ἧλ-

1884 895 1974 946 θεν
2007 896 2086 958 είς
2140 897 2284 965 ἴχνος
2319 896 2644 967 αἰσθήσεως,
2704 899 2803 952 οὑκ
2863 901 3086 969 ἴσχυσεν
3136 904 3193 954 ἐν
3237 905 3457 976 δεσμοῖς

1883 986 2264 1055 εὑρισκόμενος
2297 985 2464 1050 οὑτως
2496 988 2523 1039 6
2545 988 2851 1057 ἄνθρωπος,
2870 992 3107 1060 ἀρχῆθεν
3133 994 3453 1064 πλανηθεὶς,

1883 1077 1975 1128 καὶ
2004 1077 2382 1146 παρατραπεῖς
2404 1077 2503 1146 τῆς
2533 1077 2772 1145 ἀληθοῦς
2794 1079 2886 1130 καὶ
2912 1079 3128 1143 εὐθείας
3167 1083 3311 1144 όδοῦ,
3341 1084 3457 1136 ἐνέ-

1885 1181 2048 1218 πεσεν
2069 1165 2148 1226 είς
2178 1167 2273 1225 τὰς
2301 1166 2489 1234 χεῖρας
2522 1165 2614 1218 τοῦ
2645 1165 2916 1219 διαϐόλου.
2953 1168 3062 1220 Καὶ
3094 1170 3242 1230 ποῖος
3264 1170 3454 1222 τούτου

1886 1255 2282 1323 σκοτεινότερος
2309 1256 2470 1317 τόπος
2515 1256 2547 1326 ἢ
2603 1257 2966 1326 ἀηδέστεροςς
3027 1257 3086 1310 '0
3117 1259 3172 1311 δὲ
3211 1258 3454 1326 μεθύσας

1883 1346 1973 1398 τὸν
2027 1347 2311 1415 ἄνθρωπον
2357 1347 2460 1398 ὑπὸ
2507 1346 2598 1400 τοῦ
2656 1348 2894 1416 πλήθους
2942 1348 3050 1401 τῶν
3080 1350 3303 1417 ἡδονῶν,
3359 1351 3455 1402 καὶ

1885 1438 2118 1506 ποιήσας
2147 1439 2309 1489 αὑτὸν
2337 1439 2517 1507 πάντη
2554 1429 2898 1509 ἀναίσθητοῦ,
2932 1442 3026 1493 καὶ
3047 1440 3234 1510 ὥσπερ
3270 1444 3317 1494 οἱ
3350 1444 3454 1495 ὑπὸ

1885 1529 2027 1580 οἴνου
2061 1527 2365 1596 μεθύοντες,
2403 1528 2601 1597 μᾶλλον
2639 1529 2696 1582 δὲ
2733 1529 2835 1582 ὑπὸ
2869 1529 3106 1584 ἀτάκτου
3147 1531 3320 1600 χυμοῦ
3357 1533 3452 1586 mi

1887 1619 2268 1690 φρενίτιδος,ἢ
2313 1621 2416 1672 ὑπὸ
2465 1621 2718 1691 δαίμονος
2761 1622 3130 1692 ἐλαυνόμενοι,
3165 1623 3455 1687 ἀκούοντες

1885 1712 1983 1763 οὑκ
2025 1711 2298 1777 ἀκούουσι,
2356 1713 2449 1764 καὶ
2495 1712 2781 1782 βλέποντες
2823 1714 2924 1768 οὑκ
2970 1716 3331 1780 αἰσθάνονται,
3365 1717 3455 1768 διά

226 1831 348 1884 quae
381 1813 556 1867 solida
607 1821 753 1864 stant
785 1853 799 1877 ,
839 1822 1092 1879 tanquam
1135 1809 1355 1872 mobilia
1389 1810 1782 1880 imaginantur;

1886 1802 1946 1853 τὸ
1976 1803 2066 1855 τὸν
2097 1804 2341 1872 ἡγεμόνα
2373 1803 2497 1856 νοῦν
2529 1806 2982 1875 παρατραπῆναι,
3007 1805 3143 1858 ἀλλὰ
3187 1807 3253 1859 τὰ
3302 1808 3452 1859 ίστά-

227 1915 281 1957 et
315 1919 437 1972 qua:
484 1912 792 1962 moventur,
847 1901 1070 1954 immuta
1123 1899 1422 1954 consistere
1473 1907 1696 1969 putant;
1733 1911 1789 1956 et

227 2011 346 2064 quae
377 1995 486 2048 illis
532 1994 685 2047 utilia
741 2002 868 2046 sunt
921 2002 1267 2056 aversantur,
1313 1991 1475 2046 noxia
1507 2007 1638 2047 vero
1672 2007 1789 2046 am-

227 2090 563 2158 plectuntur,
597 2102 696 2140 nec
740 2085 1031 2140 honestmu
1074 2086 1385 2153 bonumque
1424 2100 1453 2138 a
1479 2085 1621 2138 malo
1645 2083 1790 2153 diju-

225 2180 410 2233 dicare
445 2187 692 2246 possunt,
728 2193 829 2231 nec
863 2179 928 2231 ab
979 2175 1200 2230 inimico
1237 2176 1492 2230 amicum.
1544 2177 1656 2229 lloc
1705 2175 1788 2244 ip-

227 2283 380 2330 sum,
409 2274 468 2322 ut
525 2269 762 2322 diximus
789 2309 803 2333 ,
837 2266 1045 2320 homini
1089 2267 1334 2335 contigit.
1370 2266 1597 2334 Respuit
1639 2265 1785 2320 enim

225 2362 418 2421 Deum;
464 2373 520 2414 et
570 2361 767 2429 ligatus
814 2377 843 2413 a
888 2361 1128 2413 (la-mone
1176 2359 1228 2412 in
1264 2357 1602 2412 densissimis
1631 2357 1786 2426 igno-

227 2453 420 2506 rantia:
471 2452 712 2505 tenebris
753 2452 1092 2522 tyrannidem
1122 2445 1269 2504 illius
1311 2450 1588 2503 sustinuit.
1617 2447 1784 2502 David

223 2558 358 2598 vero
407 2543 593 2596 divina
628 2545 798 2611 gratia
833 2542 1072 2610 repletus
1110 2541 1398 2604 intellexit,
1435 2541 1488 2594 in
1520 2551 1783 2609 quantum

222 2632 489 2703 perniciei
554 2633 904 2696 barathrum,
955 2633 1246 2701 procellam
1295 2642 1350 2686 et
1409 2640 1782 2700 tempestatem

225 2724 393 2776 homo
425 2721 705 2784 inciderit,
745 2730 800 2775 et
839 2731 1042 2790 quanta
1069 2724 1236 2774 Deum
1269 2720 1514 2774 afl‘ecerit
1546 2722 1783 2792 injuria,

229 2813 417 2884 ipsum
451 2813 790 2883 repudianda
823 2813 1041 2881 (duplex
1075 2812 1221 2866 enim
1266 2813 1354 2867 hic
1377 2813 1574 2884 injuria
1596 2815 1788 2884 depre-

227 2907 492 2962 henditur
521 2925 534 2957 :
573 2906 846 2960 hominem
889 2905 1033 2959 enim
1083 2904 1280 2975 injuria
1307 2903 1485 2959 alIecit
1513 2906 1783 2972 diabolus,

223 2997 371 3068 quod
403 2999 546 3050 hunc
581 3003 685 3049 tam
721 2996 908 3065 procul
940 3010 968 3048 a
1003 2995 1114 3049 Deo
1147 2995 1485 3062 seduxerit;
1512 3007 1596 3060 et,
1631 2999 1673 3051 si
1706 2997 1788 3050 di-

1893 1911 2026 1964 μενα
2055 1895 2416 1962 φαντάζονται
2457 1895 2533 1960 ὼς
2586 1898 2903 1966 κινούμενα,
2933 1898 3000 1949 τὰ
3035 1900 3089 1952 δὲ
3158 1899 3454 1969 κινούμενα

1888 1987 1961 2048 ὼς
1994 1987 2276 2056 ἱστάμενα,
2334 1987 2430 2040 καὶ
2458 1987 2526 2041 τά
2557 1989 2871 2057 ὠφελοῦντα
2917 1991 3016 2059 μὲν
3071 1991 3264 2054 αὑτοὺς
3315 1993 3452 2044 ἀπο-

1891 2078 2144 2144 σείονται,
2175 2080 2243 2132 τὰ
2297 2079 2353 2132 δὲ
2404 2078 2708 2149 βλάπτοντα
2759 2082 3238 2151 περιπτύσσονται,
3277 2085 3366 2135 καὶ
3393 2084 3453 2136 οὑ

1886 2169 2134 2223 δύνανται
2197 2169 2494 2240 διακρίνειν
2541 2173 2603 2224 τὸ
2664 2172 2825 2226 καλὸν
2879 2172 2974 2224 τοῦ
3029 2173 3222 2236 κακοῦ,
3268 2174 3301 2243 ἧ
3356 2175 3454 2226 τοῦ

1887 2261 2081 2330 ἐχθροῦ
2110 2262 2200 2314 τὸν
2233 2261 2402 2329 φίλον.
2437 2262 2596 2316 Τοῦτ’
2631 2263 2762 2316 αὑτὸ
2784 2263 3072 2328 πέπονθεν,
3107 2264 3182 2327 ὡς
3216 2266 3453 2334 εἴρηται,

1888 2354 1980 2404 καὶ
2009 2353 2036 2403 6
2071 2351 2372 2419 ἅνθρωπος.
2434 2352 2731 2423 ’Λθετήσας
2762 2353 2852 2406 τὸν
2907 2353 3060 2418 Θεὸν,
3096 2356 3188 2407 καὶ
3220 2355 3455 2424 δεσμευ-

1887 2445 2000 2506 Osi;
2049 2443 2154 2496 ὑπὸ
2189 2443 2284 2497 τοῦ
2335 2444 2616 2514 δαίμονος,
2659 2447 3007 2513 ἐτυραννεῖτο
3062 2448 3118 2498 ἐν
3167 2445 3454 2514 βαθυτάτῳ

1887 2537 2066 2588 σκότει
2101 2536 2196 2606 τῆς
2225 2537 2525 2602 ἀγνωσίας.
2567 2536 2628 2590 '0
2661 2537 2716 2589 δὲ
2743 2537 2908 2590 Δαϐὶδ
2934 2537 3274 2607 ἐμπλησθεὶς
3303 2537 3456 2601 θείας

1886 2627 2127 2696 χάριτος,
2183 2627 2278 2680 καὶ
2324 2627 2670 2697 κατανοήσας
2717 2629 2797 2691 εἰς
2844 2631 2995 2682 ποῖον
3040 2629 3313 2699 βάραθρον
3357 2631 3456 2682 καὶ

1885 2719 2158 2772 ἀπώλειαν
2195 2699 2453 2773 ἐνηέπεσεν
2513 2722 2543 2773 6
2579 2719 2881 2790 ἄνθρωπος,
2927 2724 3020 2774 καὶ
3067 2722 3328 2784 κλύδωνα,
3360 2724 3456 2774 καὶ

1887 2809 2148 2879 χειμῶνα,
2192 2810 2284 2863 καὶ
2314 2809 2518 2880 ὁπόσην
2538 2811 2754 2864 ἀδικίαν
2792 2812 3019 2881 ἠδίκησε
3051 2811 3141 2864 τὸν
3171 2812 3302 2866 Θεὸν
3328 2813 3457 2866 ἀθε-

1885 2903 2055 2972 τήσας
2087 2903 2269 2966 αὑτὸν,
2306 2903 2401 2955 καὶ
2445 2903 2529 2966 τίς
2581 2905 2728 2956 ἐστιν
2756 2907 2783 2956 6
2825 2904 3032 2972 μέλλων
3081 2905 3455 2974 λυτρώσεσθαι

1887 2995 2048 3048 αὑτὸν
2077 2993 2170 3046 τοῦ
2217 2994 2519 3062 βαθυτάτου
2564 2994 2794 3058 σκότους,
2837 2997 2930 3048 καὶ
2978 2997 3074 3062 τῆς
3104 2997 3339 3059 ἀδικίας,
3373 2997 3454 3048 δι-

223 3104 347 3144 cere
379 3089 457 3142 fas
485 3097 588 3152 est,
626 3088 679 3141 in
716 3088 892 3156 ipsum
930 3102 1150 3155 quoque
1176 3087 1346 3141 Deum
1367 3087 1499 3142 facit
1535 3089 1780 3158 injurias,

1888 3084 1995 3152 πλῆ
2023 3086 2115 3138 καὶ
2166 3086 2277 3153 γάρ
2322 3086 2612 3154 εὑρίσκετο
2652 3088 2682 3155 ἡ
2715 3087 2920 3152 ἀδικία,
2975 3087 3198 3158 ἠδίκησε
3226 3089 3333 3157 γάρ
3362 3089 3454 3140 τὸν

223 3179 371 3234 illius
400 3179 652 3233 nimirum
703 3186 1011 3232 creaturam
1049 3178 1383 3232 seducendo.
1429 3177 1692 3232 Similiter
1729 3191 1781 3232 et

224 3271 388 3324 homo
423 3270 590 3324 Deum
651 3269 836 3323 affecit
890 3271 1113 3338 injuria,
1156 3271 1300 3344 quod
1339 3271 1442 3324 hoc
1478 3270 1781 3339 repudiato,

223 3363 423 3417 diaboli
459 3363 746 3431 imperium
782 3371 999 3416 secutus
1051 3362 1166 3430 sit),
1198 3362 1322 3430 quis
1345 3361 1579 3430 denique
1607 3362 1783 3430 ipsum

223 3475 252 3514 a
281 3457 627 3513 densissimis
688 3456 927 3510 tenebris
972 3466 1026 3511 et
1076 3455 1368 3524 iniquitate
1398 3465 1546 3510 esset
1575 3458 1787 3510 redem-

221 3557 442 3618 pturus.
475 3545 609 3599 Cum
653 3544 837 3614 itaque
877 3544 1141 3614 propheta
1175 3543 1340 3608 dicat,
1380 3562 1397 3593 ι
1451 3543 1594 3598 Oriri
1627 3544 1787 3598 faciet

218 3637 528 3709 justitiam,
581 3655 598 3686 ι
665 3635 768 3688 hoc
828 3634 1038 3696 innuit,
1108 3634 1256 3703 quod
1321 3633 1791 3704 quemadmodum-

221 3729 410 3799 :egroti
439 3729 493 3781 in
535 3725 778 3780 tenebris
811 3725 1225 3787 decumbentes,
1260 3725 1363 3794 ipsi
1418 3726 1639 3794 quidem
1674 3741 1785 3778 non

222 3820 277 3873 in
312 3820 488 3873 lucem
519 3817 832 3888 prodeunt,
884 3815 979 3870 sed
1009 3816 1101 3868 lux
1133 3815 1199 3868 ad
1233 3815 1355 3869 illos
1389 3825 1662 3884 penetrat,
1705 3815 1786 3870 sic

226 3909 387 3962 etiam
422 3907 630 3961 homini
693 3906 745 3959 in
799 3901 1089 3958 diabolicis
1148 3903 1394 3958 tenebris
1436 3904 1784 3958 decumbeuti

225 4002 468 4056 exoritur
517 4000 564 4053 is
603 3998 697 4066 qui
732 3997 1120 4051 misericordia:
1152 3997 1361 4050 viscera
1408 4006 1525 4051 erat
1568 4012 1786 4051 assum-

226 4105 461 4162 pturus:
499 4106 608 4160 quo
651 4098 846 4144 exorto
895 4098 948 4142 et
982 4099 1154 4142 totum
1197 4089 1382 4144 orbem
1417 4089 1782 4154 illuminante,

225 4198 419 4237 ouiues
472 4182 714 4235 tenebras
764 4181 1105 4235 discedentes
1144 4180 1547 4249 disparuerunt.
1615 4181 1786 4234 "orno

222 4288 357 4326 vero
389 4273 745 4336 illuminatus,
795 4273 886 4326 ubi
915 4272 1188 4342 cognovit
1226 4273 1334 4342 jam
1374 4271 1518 4341 quali
1567 4273 1786 4326 vinculo

226 4363 561 4416 constrictus
594 4361 908 4426 decumbat,
940 4373 995 4416 et
1029 4362 1266 4431 seipsum
1301 4365 1452 4417 nullo
1493 4364 1656 4418 modo
1685 4366 1786 4417 ad—

1887 3178 2171 3246 ἄνθρωπον
2211 3181 2237 3230 6
2270 3176 2543 3243 διάϐολος,
2575 3179 2889 3248 ἀποστήσας
2921 3179 3080 3232 αὑτὸν
3117 3182 3331 3248 μακρὰν
3359 3179 3452 3231 τοῦ

1887 3268 2020 3322 Θεοῦ
2047 3285 2060 3298 ⁸
2103 3271 2150 3321 εί
2208 3267 2364 3338 θέμις
2417 3269 2473 3321 δὲ
2505 3272 2700 3335 εἰπεῖν,
2754 3270 2978 3340 ἠδίκησε
3027 3271 3122 3322 καὶ
3159 3271 3320 3323 αὑτὸν
3363 3273 3454 3323 τὸν

1885 3357 2036 3423 Θεὸν,
2069 3359 2346 3429 πλανήσας
2377 3360 2436 3412 τὸ
2470 3359 2694 3430 πλάσμα
2723 3360 2909 3427 αὑτοῦ,
2942 3363 3169 3432 ἠδίκησε
3189 3363 3232 3414 δ’
3254 3365 3456 3430 ὁμοίως

1887 3452 1981 3503 καὶ
2009 3452 2036 3502 6
2061 3449 2345 3518 ἄνθρωπος
2373 3450 2466 3504 τὸν
2487 3450 2639 3517 Θεὸν,
2663 3451 2938 3521 ἀθετήσας
2969 3453 3152 3518 αὑτὸν,
3204 3454 3301 3505 καὶ
3328 3455 3457 3506 ἀκο-

1885 3539 2150 3608 λουθήσας
2180 3541 2258 3609 τῷ
2280 3541 2530 3612 διαϐόλῳ.
2562 3542 2660 3595 Διά
2683 3542 2812 3610 γοῦν
2834 3543 2896 3596 τὸ
2921 3545 3093 3596 είπείν
3122 3544 3213 3597 τὸν
3237 3545 3455 3613 Προφή-

1885 3647 2004 3700 την,
2039 3647 2057 3680 ι
2100 3631 2372 3683 Ἀνατελεὶ
2402 3633 2802 3702 δικαιοσύνην,ι
2834 3634 3033 3700 ἔδειξεν
3069 3637 3151 3688 ὁτι
3183 3635 3370 3707 ὥσπερ
3403 3638 3451 3689 οί

1887 3722 1944 3772 ἐν
1971 3722 2150 3774 σκότει
2180 3723 2561 3792 εὑρισκόμενοι
2591 3725 2686 3776 καὶ
2719 3725 2960 3792 κείμενοι
3013 3725 3450 3795 ἀρρωστοῦντες,

1886 3812 1985 3862 οὑκ
2009 3812 2342 3881 ἀπέρχονται
2372 3817 2450 3876 εἰς
2482 3815 2573 3866 τὸν
2600 3815 2770 3883 ἥλιον,
2801 3814 2917 3866 ἀλλ’
2952 3817 2978 3865 ὁ
3005 3816 3155 3885 ἥλιος
3188 3817 3320 3885 πρὸς
3353 3819 3454 3868 αὑ-

1887 3903 2032 3966 τοὺς,
2061 3903 2204 3956 οὑτω
2231 3905 2480 3972 κειμένου
2511 3905 2604 3957 τοῦ
2629 3905 2916 3976 ἀνθρώπου
2960 3908 3018 3958 ἐν
3046 3906 3120 3975 τῷ
3160 3905 3455 3977 διαϐολικῷ

1890 3995 2092 4060 σκότει,
2122 3996 2372 4049 ἀνατελεῖ
2397 3998 2425 4049 6
2453 3997 2661 4066 μέλλων
2695 3997 2877 4049 λαϐεῖν
2917 3999 3207 4066 σπλάγχνα
3246 3999 3453 4067 οἰκτιρ-

1891 4086 2025 4151 μῶν.
2065 4088 2466 4152 ’Λνατείλαντος
2498 4088 2553 4140 δέ
2592 4091 2824 4155 ἐκείνου,
2861 4091 2956 4142 καὶ
2992 4091 3328 4159 φωτίσαντος
3353 4091 3452 4150 τὴν

1886 4179 2230 4250 οἰκουμένην.
2274 4180 2576 4248 ἀπελήλατο
2627 4183 2705 4234 πᾶ
2722 4199 2774 4233 ;α
2801 4181 3012 4246 σκοτὶα,
3039 4182 3133 4235 καὶ
3157 4183 3449 4252 ἠφανίσθη.

1887 4271 2190 4332 Φωτισθεὶς
2228 4271 2406 4322 τοίνυν
2454 4273 2482 4323 6
2534 4272 2841 4340 ἄνθρωπος,
2885 4272 2977 4326 καὶ
3006 4274 3346 4342 κατανοήσας
3395 4275 3452 4324 ἐν

1889 4362 2024 4431 ποίῳ
2075 4361 2258 4430 δεσμῷ
2287 4363 2572 4431 εὑρίσκετο
2597 4363 2866 4432 κείμενος,
2923 4364 3016 4417 καὶ
3051 4364 3126 4434 μὴ
3155 4365 3458 4433 δυνάμενος

218 4453 411 4522 juvare
437 4452 645 4516 valens,
679 4451 746 4505 ad
780 4467 905 4505 eum
939 4452 1034 4521 qui
1062 4453 1165 4507 hoc
1183 4461 1379 4523 potest,
1411 4454 1654 4522 respicit.
1686 4456 1782 4510 llic

1889 4452 2048 4514 αὑτὸς
2090 4453 2267 4522 ἐαυτῷ
2298 4452 2582 4522 βοηθῆσαι,
2621 4453 3063 4523 ἀνέϐλεψεπρὸς
3101 4455 3192 4507 τὸν
3222 4455 3455 4523 δυνάμε-

220 4557 372 4606 vero,
395 4549 517 4595 cum
553 4541 722 4594 nollet
748 4541 1023 4595 hominem
1054 4543 1282 4598 ulterius
1310 4544 1510 4598 diaboli
1543 4546 1784 4615 tyranni-

221 4635 289 4686 de
315 4633 511 4701 premi,
533 4632 783 4685 liberavit
813 4647 936 4686 eum
967 4634 1307 4702 sanavitque.
1328 4633 1778 4698 Liberatusvero,

221 4732 549 4790 sanatusque
585 4736 694 4774 non
744 4721 980 4790 amplius
1018 4721 1238 4776 diabolo
1284 4723 1552 4788 adhaesit,
1587 4741 1776 4779 verum

222 4818 322 4868 hac
353 4814 735 4883 redemptione
760 4813 902 4868 facta
927 4854 942 4877 ,
979 4829 1077 4883 per
1106 4813 1266 4868 fidem
1314 4815 1548 4870 hominis
1574 4831 1635 4870 ea
1667 4833 1775 4886 qua

220 4907 364 4960 Deus
391 4904 620 4958 allectus
660 4903 838 4958 fuerat
885 4903 1082 4974 injuria
1121 4904 1365 4969 evanuit,
1393 4913 1449 4959 et
1486 4906 1650 4974 hujus
1677 4921 1775 4976 ap-

169 5035 171 5042 ,
218 4997 400 5065 paruit
429 4994 662 5063 justitia,
700 5003 892 5048 exorto
935 4994 1039 5047 iam
1094 4994 1346 5049 rationali
1381 4995 1498 5050 sole
1525 4997 1768 5066 iustitiae,

217 5086 439 5138 Christo
462 5084 739 5138 nimirum.
773 5083 950 5138 llomo
982 5083 1165 5152 itaque
1194 5083 1300 5138 fide
1321 5095 1598 5154 percepta,
1629 5094 1770 5141 lem-

215 5184 424 5246 pestate
450 5184 504 5240 et
539 5174 796 5229 ﬂuctibus
829 5184 1108 5229 carentem
1141 5172 1268 5230 fidei
1299 5187 1516 5245 portum
1564 5177 1774 5246 ingres-

215 5281 328 5331 sus,
361 5264 766 5320 multitudinem
802 5266 951 5334 pacis
1006 5279 1287 5334 nunquam
1335 5268 1598 5336 jactanda:
1645 5285 1770 5337 pro-

213 5360 366 5413 cellis
394 5367 487 5412 aut
520 5357 914 5411 conturbande
941 5359 1168 5424 accepit.
1201 5356 1355 5410 Tune
1375 5354 1657 5426 impletum
1688 5366 1773 5412 est

212 5448 428 5502 Davidis
455 5449 758 5512 oraculum,
781 5447 1032 5506 dicentis,
1059 5465 1075 5498 ι
1098 5447 1246 5501 Beati
1271 5462 1502 5515 quorum
1532 5449 1771 5502 remissa:

209 5549 336 5592 sunt
376 5539 715 5607 iniquitates,
745 5549 804 5593 et
834 5553 1066 5608 quorum
1099 5549 1319 5608 peccata
1366 5539 1582 5593 obtecta
1617 5551 1767 5594 sunt.

210 5630 412 5682 Beatus
445 5630 548 5691 vir,
567 5629 655 5682 cui
689 5629 953 5684 Dominus
973 5637 1250 5699 peccatum
1275 5644 1381 5683 non
1409 5630 1714 5698 imputat“.
1742 5649 1760 5681 ι

283 5748 322 5778 ⁸⁸
358 5744 498 5798 l’sai.
531 5760 679 5810 xxxi,
711 5747 758 5799 1.

1885 4561 1994 4597 νον.
2065 4546 2121 4596 Ὀ
2153 4545 2208 4598 δέ
2261 4547 2336 4614 μὴ
2399 4547 2567 4598 θέλων
2621 4547 2878 4599 ἐπιτιλὲον
2921 4548 3302 4618 τυραννεῖσθαι
3347 4549 3457 4600 ὑπὸ

1883 4635 1978 4688 τοῦ
2008 4635 2258 4689 διαϐόλου
2284 4639 2374 4690 τὸν
2402 4637 2706 4707 ἄνθρωπον,
2734 4638 2922 4690 ἔλυσεν
2947 4639 3111 4690 αὑτὸν
3139 4639 3234 4690 καὶ
3258 4638 3452 4708 ἐθερά-

1892 4727 2293 4790 πευσε.Λυθεὶς
2327 4727 2504 4780 τοίνυν
2537 4728 2633 4781 καὶ
2667 4729 3023 4797 θεραπευθεὶς
3050 4730 3151 4784 οὑκ
3175 4729 3254 4782 ἔτι
3280 4746 3452 4799 προσ-

1883 4814 2043 4866 έπεσε
2088 4815 2166 4883 τῷ
2211 4814 2462 4883 διαϐόλῳ,
2525 4815 2658 4867 ἀλλὰ
2707 4816 2893 4869 τούτου
2949 4819 3258 4884 γεγονότος,
3307 4819 3454 4885 ἡφα-

1882 4903 2035 4972 νίσθη
2065 4905 2097 4973 ἠ
2131 4904 2264 4974 πρὸς
2293 4905 2382 4956 τὸν
2408 4906 2539 4958 Θεὸν
2567 4905 2661 4957 τοῦ
2701 4905 2992 4976 ἀνθρώπου
3015 4906 3199 4960 ἀδικία
3239 4907 3329 4960 δια
3348 4907 3451 4974 τῆς

1885 4995 2137 5061 πίστεως,
2165 4995 2259 5047 καὶ
2288 4996 2605 5066 ἐφανερώθη
2645 4998 2676 5065 ή
2713 4997 2906 5050 τούτου
2931 4997 3276 5067 δικαιοσύνη,
3317 4999 3452 5050 dva-

1876 5090 2154 5152 στείλαντος
2186 5088 2279 5142 τοῦ
2309 5090 2498 5158 νοητοῦ
2529 5090 2626 5159 τῆς
2664 5089 3014 5156 δικαιοσύνης
3041 5089 3216 5160 ἡλίου,
3257 5091 3448 5147 τουτέ-

1885 5194 1970 5230 στι
2021 5178 2116 5230 τοῦ
2147 5178 2403 5245 Χριστοῦ.
2445 5178 2751 5240 Πιστεύσας
2794 5178 2922 5246 γοῦν
2949 5181 2978 5230 6
3015 5179 3322 5248 ἄνθρωπος,
3357 5179 3450 5230 καὶ

1881 5267 2136 5321 εἰσελθὼν
2166 5272 2223 5321 ἐν
2355 5271 2675 5338 ἁχειμάστῳ
2704 5269 2798 5321 καὶ
2827 5270 3124 5340 ἀκυμάντῳ
3148 5270 3324 5338 λιμένι
3352 5269 3450 5335 τῆς

1876 5359 2127 5424 πίστεως,
2180 5359 2418 5412 ἀπέλαϐε
2473 5359 2678 5429 πλῆθος
2733 5362 2955 5430 είρήνης
3013 5361 3282 5432 μηδέποτε
3355 5377 3448 5412 σα·-

1874 5450 2193 5520 λευομένης,
2228 5453 2258 5521 ἢ
2309 5452 2842 5522 παρενοχλουμένης.
2903 5453 3036 5506 Τότε
3066 5450 3359 5520 ἐπληρώθη
3390 5452 3450 5503 τὸ

1869 5541 1963 5593 τοῦ
1994 5543 2154 5593 Δα6.δ
2189 5544 2364 5610 λόγιον
2423 5545 2481 5595 τὸ
2515 5545 2743 5612 φάσκον,
2803 5564 2822 5597 ι
2858 5547 3134 5614 Μακάριοι
3179 5539 3252 5600 ὧν
3293 5547 3450 5612 ἀφεί-

1873 5633 2043 5702 θησαν
2077 5636 2131 5687 αἱ
2165 5636 2404 5704 ἀνομίαι,
2439 5638 2536 5689 καὶ
2571 5629 2644 5690 ὧν
2665 5637 3139 5706 μάπεκαλὺςμθησαν
3168 5639 3224 5694 αἱ
3257 5637 3444 5705 ἀμαρ-
