3970 6212
415 360 521 426 401

1377 363 1679 424 CONTRA
1723 361 2222 430 ΜΔΗΟΜΕΤΕΜ
2267 364 2641 427 APOLOGIA
2686 364 2733 424 ῐ.

3565 367 3678 431 102

417 482 551 534 τίοι.
600 479 887 550 Μακάριος
945 479 1121 549 ἀνὴρ,
1170 473 1213 549 ᾧ
1255 479 1316 534 οὐ
1369 481 1444 552 μὴ
1476 481 1761 552 λογίσηται
1797 474 1996 551 Κύριος

2119 479 2210 541 Sed
2243 487 2386 556 quod
2421 486 2475 539 in
2501 486 2620 539 loco
2649 499 2810 552 supra
2839 484 3017 537 citato
3037 481 3203 546 dicit,
3253 501 3271 533 ι
3299 481 3356 536 in
3388 481 3583 538 diebus
3611 487 3676 540 il-

417 573 716 643 ἁμαρτίαν.
754 590 773 624 ι
821 571 912 626 Ἐν
965 571 1040 642 τῷ
1078 574 1274 638 εἰπεῖν,
1309 573 1391 627 ὅτι
1453 591 1473 625 ι
1509 574 1567 625 ἐν
1595 575 1714 636 ταῖς
1763 574 1998 643 ἡμέραις

421 661 611 728 αὐτοῦ,
631 682 650 712 ι
684 661 884 729 ἔδειξεν
910 661 1194 732 ἄνθρωπον
1231 664 1356 718 ὄντα
1378 664 1468 718 τὸν
1500 664 1566 718 τὰ
1598 664 1820 718 τοιαῦτα
1841 664 2004 734 τερά-

425 774 546 808 στια
573 755 971 823 ἐργασάμενον.
1021 755 1110 808 Ἐν
1145 758 1252 826 γὰρ
1281 756 1358 826 τῷ
1391 756 1510 826 Θεῷ
1539 757 1754 826 ἡμέρας
1783 773 2004 826 περιερο

424 843 738 911 γὰζεσθαιῆ
771 846 992 914 μετρεῖν
1019 845 1078 896 οὐ
1106 844 1346 914 θεμιτόν.
1365 843 1422 898 Ὀ
1451 845 1506 898 δὲ
1532 845 1764 915 Χριστὸς
1795 846 2001 916 ἧρξατο

424 936 558 988 καθὸ
586 935 894 1005 ἄνθρωπος,
917 936 1010 989 καὶ
1033 936 1224 990 τούτου
1248 939 1302 990 αἰ
1325 938 1530 1010 ἡμέραι
1555 938 1900 1008 μετροῦνται.
1933 939 2005 992 Τὸ

422 1025 500 1087 δε
533 1046 550 1077 ι
577 1027 680 1088 ἕως
721 1020 782 1079 o6
811 1027 1172 1098 ἀνταναιρεθῇ
1199 1030 1230 1100 ἡ
1256 1029 1516 1099 ea”)qu
1545 1030 1698 1085 τοῦτο
1717 1031 2006 1086 αἰνίττεται

427 1118 511 1169 ὅτι
542 1117 699 1181 αὐτὸς
724 1119 750 1169 ὁ
781 1117 1067 1187 ἄνθρωπος
1097 1121 1126 1172 6
1181 1121 1416 1191 ποιήσας
1469 1123 1607 1175 αὐτὰ
1628 1163 1642 1185 ,
1675 1124 1837 1187 αὑτός
1887 1125 2007 1176 ἐστι

424 1211 520 1260 καί
546 1208 698 1269 Θεός.
739 1207 1053 1276 Ἀνθρώπου
1080 1211 1188 1280 γὰρ
1215 1210 1370 1280 ψιλοῦ
1404 1212 1501 1264 οὐκ
1537 1211 1654 1266 ἔστι
1684 1213 1744 1266 τὸ
1773 1213 2007 1284 περισῶ-

426 1299 638 1363 ζεσθαι,
677 1297 780 1361 ἕως
829 1293 890 1352 οὗ
927 1299 991 1353 ἂν
1051 1300 1302 1354 ἵστασθαι
1335 1301 1431 1373 τὴν
1480 1304 1734 1372 σελήνην.
1791 1306 1864 1356 Τὸ
1898 1305 2006 1376 γὰρ

431 1409 449 1440 ι
478 1390 582 1452 ἕως
612 1381 670 1441 οὗ
695 1391 1055 1460 ἀνταναιρεθῇ
1097 1393 1128 1456 ἡ
1177 1392 1396 1462 σελήνη,
1425 1412 1440 1438 ι
1465 1395 1613 1446 οὐδὲν
1637 1396 1764 1448 ἄλλο
1786 1396 1960 1466 δηλῶν
1981 1397 2008 1448 6

426 1482 723 1549 Προφήτης
773 1477 948 1543 εἶπεν,
979 1481 1094 1534 ἀλλ’
1134 1483 1166 1552 ἦ
1221 1484 1300 1536 ὅτι
1333 1484 1522 1554 ὥσπερ
1570 1485 1755 1555 οὐδὲή
1810 1486 2005 1574 σελήνη

429 1571 613 1637 μέλλει
639 1571 1023 1640 διαφθαρῆναι,
1053 1571 1188 1624 ἀλλὰ
1216 1571 1505 1635 σώζεσθαι,
1530 1574 1700 1634 οὕτως
1725 1571 2008 1628 οὑδξέκεῖ-

426 1675 516 1720 νος
548 1660 575 1709 6
610 1658 919 1727 ἄνθρωπος.
957 1661 1106 1712 Ἐπεὶ
1142 1661 1270 1728 γοῦν
1302 1661 1390 1712 τοῦ
1422 1661 1557 1715 Θεοῦ
1604 1662 1766 1728 μόνου
1793 1663 1910 1719 ἐστὶ
1948 1665 2007 1716 τὸ

427 1749 634 1819 κυρέως
663 1750 1048 1820 ἀτελεύτητον,
1102 1744 1305 1816 ἔδειξεν
1346 1754 1425 1805 ὅτι
1460 1756 1486 1805 6
1520 1755 1680 1816 αὑτός
1715 1756 1830 1807 ἐστι
1869 1757 2001 1818 Θεός

423 1858 482 1894 τε
522 1842 616 1892 καὶ
657 1838 1067 1910 ἄνθρωπος.Ἐν
1098 1840 1154 1893 δὲ
1179 1839 1255 1910 τῷ
1284 1842 1475 1905 εἰπεῖν,
1517 1843 1598 1894 ὅτι
1631 1861 1650 1891 ι
1684 1844 1999 1913 Προσκυνή-
2033 1825 2074 1880 Β

430 1949 616 1984 σουσιν
650 1931 800 2000 αὐτῷ
830 1931 1028 1993 πάντες
1077 1932 1126 1985 οἱ
1161 1932 1400 2003 βασιλεῖς
1456 1933 1552 2001 τῆς
1582 1937 1703 2003 γῆς,
1732 1953 1749 1985 ι
1791 1936 1883 1986 καὶ
1929 1936 2007 1999 τὸ,

429 2041 450 2075 ι
484 2022 668 2075 Πάντα
693 2023 759 2074 τε
794 2020 918 2090 ἔθνη
955 2022 1327 2076 δουλεύσουσιν
1352 2023 1518 2094 αὐτῷ,
1539 2043 1556 2074 ι
1581 2024 1746 2090 ἔδειξε
1763 2027 1860 2096 τὴν
1878 2028 2013 2097 πρὸς

423 2115 517 2166 τὸν
550 2114 786 2183 Χριστὸν
824 2113 931 2164 τῶν
977 2112 1146 2165 ἐθνῶν
1193 2115 1551 2184 ἐπιστροφὴν.
1593 2116 1686 2169 καὶ
1742 2116 1840 2186 τὴν
1895 2117 2003 2169 τῶν

430 2205 695 2276 βασιλέων
730 2203 1118 2276 προσκύνησιν.
1163 2203 1277 2258 Ἵνα
1296 2205 1353 2257 δὲ
1383 2205 1456 2274 μὴ
1497 2207 1722 2259 εἴπωσιν
1745 2209 1790 2260 οἰ
1836 2206 2013 2277 βουλό-

439 2316 582 2364 μενοι
617 2298 1066 2368 παραχαράττειν
1091 2298 1190 2370 τὴν
1221 2298 1499 2370 ἀλήθειαν,
1549 2302 1630 2352 ὅτι
1687 2300 1811 2368 περί
1864 2319 2008 2363 τινος

449 2386 698 2454 βασιλέως
755 2388 977 2456 ἰσχυροῦ
1031 2387 1130 2457 μὲν
1190 2387 1363 2453 ὄντος,
1403 2387 1477 2451 ὠς
1529 2387 1622 2440 τοῦ
1667 2387 1885 2440 Ἰουλίου
1913 2389 2008 2440 καὶ

448 2475 747 2543 Αὐγούστου
782 2479 877 2530 καί
902 2476 1175 2547 Τιϐερίου,
1201 2477 1397 2541 οἵτινες
1443 2478 1882 2548 προσεκυνοῦντο
1913 2480 2010 2548 μὲν

443 2569 584 2636 παρᾶ
619 2569 727 2621 τῶν
773 2568 1037 2639 βασιλέων
1082 2567 1182 2638 τῆς
1235 2569 1338 2637 γῆς
1397 2573 1491 2624 καὶ
1531 2569 1636 2622 τῶν
1694 2570 1884 2634 ἐθνῶν,
1915 2570 2012 2623 καὶ

435 2659 731 2730 ὲπῃνοῦντο
787 2661 918 2730 παρ’
950 2662 1196 2724 ἐκείνων,
1241 2658 1381 2734 ἦσαν
1436 2663 1490 2716 δὲ
1543 2664 1692 2731 ὅμως
1740 2664 2012 2734 ἄνθρωποι

431 2753 529 2804 καὶ
545 2752 697 2804 αὐτοὶ
727 2752 799 2814 ὡς
823 2753 868 2804 οἱ
898 2753 1116 2815 πάντες,
1141 2751 1310 2804 εἰπὼν
1336 2755 1418 2804 ὅτι
1445 2772 1463 2804 ι
1487 2753 1790 2824 Εὐλογητὸν
1814 2754 1872 2805 τὸ
1901 2754 2015 2806 δνο-

436 2859 515 2910 μα
533 2842 719 2905 αὑτοῦ,
749 2861 766 2894 ι
787 2843 1122 2912 προσέθηκεν
1140 2845 1219 2896 ὅτι
1247 2863 1265 2895 ι
1295 2843 1373 2906 εἰς
1396 2845 1784 2906 τοὺςαίῶνας.»
1809 2845 2012 2907 Παντὸς

431 2934 545 3002 γὰρ
573 2931 858 3000 ἀνθρώπου
889 2933 1110 2996 ἔπαινος
1141 2936 1198 2986 ὲν
1229 2933 1364 3003 τῷδε
1395 2933 1473 3002 τῷ
1524 2934 1621 3005 βίῳ
1647 2937 2000 2994 συναποτεθε·

432 3039 552 3074 ται.
579 3021 727 3074 Μετὰ
749 3021 805 3073 δὲ
839 3022 936 3093 τὴν
964 3021 1058 3076 τοῦ
1088 3023 1354 3092 παρόντος
1379 3024 1588 3094 κόσμου
1619 3027 2013 3096 συμπλήρωσιν

2108 577 2251 637 lius,
2293 595 2310 624 ι
2343 574 2526 628 innuit
2588 574 2865 628 hominem
2898 573 3034 636 fore,
3091 575 3184 642 qui
3248 572 3364 627 hazc
3412 574 3677 629 miracula

2109 666 2359 720 editurus
2389 665 2476 720 sit.
2510 665 2570 718 In
2597 664 2708 718 Deo
2739 664 2886 718 enim
2917 664 3036 718 dies
3066 663 3342 720 curiosius
3373 665 3673 731 inquirere,

2107 752 2191 805 vel
2223 766 2542 806 mensurare
2577 751 2727 806 nefas
2757 761 2860 806 est.
2889 751 3143 806 Christus
3169 760 3372 812 autem,
3408 760 3680 822 quatenus

2109 843 2273 898 homo
2296 851 2401 906 est,
2439 842 2654 897 initium
2682 843 2894 908 habuit,
2925 853 2980 897 et
3011 843 3174 909 hujus
3197 843 3316 898 dies
3352 859 3678 899 mensurano

2109 948 2217 993 tur.
2249 936 2384 991 lllud
2408 952 2560 1001 vero,
2597 956 2614 987 ι
2648 937 2822 992 donec
2851 936 3131 992 auferatur
3156 939 3306 1003 luna,
3345 957 3363 989 ι
3398 940 3550 994 nullo
3573 940 3680 995 alio

2108 1043 2270 1083 sensu
2301 1027 2564 1096 propheta
2595 1027 2773 1092 dixit,
2804 1043 2967 1098 quam
3004 1028 3129 1089 hoc,
3163 1029 3309 1097 quod
3345 1030 3511 1084 veluti
3546 1031 3677 1085 luna

2108 1117 2370 1172 servanda
2397 1126 2500 1182 est,
2530 1132 2629 1172 nec
2663 1119 2929 1187 peritura,
2962 1117 3034 1172 ita
3064 1135 3164 1173 nec
3191 1119 3279 1172 ille
3304 1119 3487 1174 homo.
3523 1119 3679 1185 Quo-

2109 1208 2254 1262 niam
2290 1223 2419 1262 vero
2474 1208 2738 1263 absolute.
2771 1209 2878 1262 fine
2910 1225 3102 1263 carere
3121 1210 3226 1264 «soli
3261 1211 3370 1264 Deo
3397 1211 3677 1280 proprium

2108 1308 2212 1360 est.
2242 1300 2503 1356 indicavit
2535 1301 2710 1364 hisee,
2737 1302 2881 1370 quod
2917 1302 3007 1355 hic
3040 1310 3095 1355 et
3127 1301 3236 1355 Deo
3258 1317 3282 1355 s
3310 1311 3374 1356 et!
3399 1303 3562 1354 homo
3587 1303 3677 1356 sit.

2109 1392 2225 1447 Illis
2279 1409 2408 1448 vero
2439 1394 2661 1458 verbis,
2709 1413 2727 1444 ι
2771 1393 3090 1448 Adorabunt
3138 1409 3259 1447 eum
3293 1408 3484 1446 omnes
3532 1407 3682 1462 reges

2113 1487 2308 1544 terrm,
2357 1490 2412 1534 et
2441 1497 2630 1536 omnes
2658 1493 2848 1552 gentes
2906 1482 3148 1537 servient
3216 1483 3316 1547 illi,
3363 1502 3379 1535 ι
3424 1483 3684 1536 indicavit

2111 1573 2354 1642 gentium
2407 1574 2825 1628 conversionem
2881 1575 2946 1627 ad
3001 1575 3322 1635 Christum,
3383 1583 3437 1628 et
3493 1591 3679 1642 regum

2113 1662 2512 1718 adorationem.
2551 1664 2629 1718 Ne
2669 1680 2800 1718 vero
2855 1664 2910 1717 hi
2946 1665 3039 1734 qui
3075 1666 3361 1720 veritatem
3397 1666 3680 1719 destruere.

2111 1759 2167 1804 et
2198 1753 2468 1806 invertere
2509 1752 2773 1820 cupiunt,
2804 1753 2918 1807 lucc
2955 1754 3022 1807 de
3065 1769 3191 1823 rege
3245 1755 3429 1822 aliquo
3465 1758 3678 1822 potenti

2115 1853 2170 1897 et
2202 1842 2404 1897 invicto
2436 1843 2821 1914 intelligerent,
2879 1854 3069 1914 utpote
3097 1845 3265 1909 Julio,
3293 1847 3560 1916 Augusto,
3587 1845 3681 1898 Ti-

2115 1933 2290 1997 berio,
2317 1934 2401 1990 vel
2431 1935 2576 1995 aliis,
2613 1936 2704 2004 qui
2740 1946 2791 1990 et
2827 1936 2926 2004 ipsi
2957 1953 2986 1991 a
3020 1937 3239 2006 regibus
3266 1950 3426 1991 terrae
3464 1947 3517 1992 et
3550 1953 3685 2007 gen-

2116 2024 2258 2078 tibus
2290 2024 2502 2079 adorali
2557 2035 2708 2092 sunt,
2752 2035 2808 2081 et
2855 2011 2922 2079 ab
2976 2028 3062 2081 his
3100 2029 3361 2082 celebrati
3389 2070 3403 2092 ,
3433 2030 3683 2098 quamvis

2116 2114 2364 2170 homines
2391 2126 2596 2180 essent,
2635 2127 2693 2169 ιιι
2728 2130 2781 2171 et
2805 2133 2906 2171 nos
2932 2133 3146 2183 omnes,
3182 2120 3350 2174 David
3387 2135 3510 2174 cum
3545 2121 3682 2174 dicit

2115 2219 2311 2258 nomen
2363 2207 2483 2273 ejus
2531 2222 2654 2259 esse
2703 2207 3093 2268 benedictum,
3140 2209 3304 2262 etiam
3354 2209 3458 2261 hoc
3487 2208 3678 2266 addit.

2119 2313 2137 2344 ι
2187 2295 2239 2348 in
2273 2296 2488 2349 saecula.
2533 2315 2549 2345 ι
2588 2296 3030 2365 Uniuscujusque
3074 2297 3220 2350 enim
3276 2297 3516 2362 hominis
3563 2298 3681 2352 laus

2115 2389 2168 2439 in
2204 2387 2306 2440 vita
2334 2387 2436 2440 hac
2468 2402 2572 2440 una
2608 2401 2731 2440 Clllll
2767 2386 2856 2439 illa
2879 2387 3172 2456 deponitur
3197 2403 3212 2443 :
3241 2388 3332 2442 sed
3353 2399 3474 2456 post
3492 2389 3678 2442 mundi

2113 2477 2278 2547 hujus
2324 2477 2859 2532 consummationem
2889 2493 2992 2531 nec
3024 2477 3144 2532 laus
3175 2478 3349 2548 ipsius
3377 2491 3681 2548 permanet.

2119 2585 2218 2624 nec
2251 2569 2488 2624 infamia.
2527 2569 2652 2624 Sola
2691 2570 2836 2624 enim
2874 2585 3038 2638 opera
3065 2570 3211 2624 illius
3262 2586 3367 2624 una
3399 2587 3520 2624 cum
3566 2573 3685 2640 ipso

2115 2665 2403 2720 discedunt
2433 2705 2448 2729 ,
2487 2679 2719 2734 quorum
2769 2664 2935 2718 etiam
2969 2663 3364 2717 retaliationem
3397 2664 3464 2717 ab
3493 2678 3559 2716 eo
3587 2679 3684 2716 cx-

2115 2764 2324 2825 spectat
2381 2756 2472 2821 qui
2511 2754 2773 2810 mundum
2805 2753 3154 2824 iudicaturus
3202 2763 3322 2814 est.
3377 2755 3492 2808 sive
3542 2753 3686 2808 bona

2113 2846 2321 2900 fuerint
2346 2887 2358 2909 .
2389 2847 2504 2900 sive
2532 2845 2736 2901 minus.
2781 2845 3109 2911 llludvero,
3142 2862 3159 2896 ι
3196 2845 3254 2898 ln
3289 2845 3484 2900 saecula
3516 2845 3684 2898 bene-

2116 2938 2324 2993 dictum
2361 2936 2694 2990 eritnomen
2747 2935 2949 3005 ipsius,
2994 2953 3011 2986 ι
3050 2949 3392 3005 nequaquam
3446 2934 3685 2988 hominis

2121 3035 2224 3092 est,
2255 3025 2350 3081 scd
2381 3025 2498 3080 Dei.
2527 3025 2682 3091 Item,
2719 3043 2737 3076 ι
2775 3025 2914 3096 Ante
2945 3025 3110 3079 solem
3164 3030 3447 3094 permanet
3484 3038 3685 3078 nomen

433 3111 563 3163 οὔτε
599 3114 626 3165 6
651 3113 840 3165 τούτου
865 3113 1079 3177 ἔπαινος
1112 3115 1381 3184 διαμένει,
1436 3117 1551 3170 ἀλλ’
1604 3117 1727 3170 οὔτε
1761 3118 1788 3170 6
1815 3119 2008 3188 ψόγος.

2119 3119 2288 3175 illius.
2323 3137 2342 3169 ι
2386 3117 2520 3187 Quis
2555 3133 2684 3186 rogo
2717 3118 2999 3175 hominum
3037 3124 3162 3171 ante
3189 3116 3360 3171 solem
3400 3113 3684 3172 conditum

435 3204 591 3257 Μόνσ
611 3205 664 3257 δὲ
689 3207 757 3258 τὰ
784 3207 945 3260 αὐτοῦ
979 3207 1117 3276 ἔργα
1141 3210 1576 3278 συναπέρχονται
1606 3210 1776 3281 αὐτῷ,
1803 3211 2012 3272 καὶτὰς

436 3297 498 3360 ἐξ
536 3299 712 3349 αὐτῶν
764 3299 997 3366 ἀμοιδὰς
1050 3299 1328 3370 ἐκδέχεται
1372 3303 1520 3373 παρὰ
1579 3301 1672 3354 τοῦ
1727 3301 2010 3371 μέλλοντος

437 3387 650 3455 κρίνειν
681 3390 777 3457 τὴν
810 3390 1156 3460 οἰκουμένην,
1211 3391 1319 3443 εἴτε
1353 3393 1534 3460 ἀγαθοὶ
1587 3395 1745 3454 εἰσιν,
1777 3396 1884 3446 εἴτε
1918 3394 2011 3445 καὶ

442 3479 544 3546 μή.
577 3477 651 3530 Τὸ
682 3479 762 3544 δὲ,
799 3498 816 3530 ι
849 3481 938 3543 Εἰς
967 3482 1090 3543 τοὺς
1120 3481 1324 3543 αἰῶνας
1356 3483 1505 3536 ἔσται
1561 3484 1923 3554 εὐλογημένον
1955 3469 2015 3535 ’τὸ

437 3567 614 3636 ὄνομα
639 3570 822 3634 αὑτοῦ,
845 3571 972 3623 τούκ
1010 3573 1154 3625 ἔστιν
1175 3572 1481 3644 ἀνθρώπου,
1508 3576 1641 3627 ἀλλὰ
1667 3575 1822 3630 Θεοῦ.
1859 3594 1875 3625 ι
1907 3575 2016 3644 Πρὸ

437 3659 540 3711 τοῦ
581 3661 730 3730 ἡλίου
761 3663 1002 3732 διαμένει
1035 3665 1094 3717 τὸ
1128 3665 1296 3734 ὄνομα
1325 3668 1512 3722 αὐτοῦ,
1551 3687 1569 3719 ›
1599 3669 1754 3728 Ποῖος
1781 3665 1887 3719 τῶν
1917 3667 2008 3717 ὰν·

2122 3211 2442 3266 invenitur?
2477 3208 2670 3265 Nullus
2701 3211 2949 3273 omnino,
2982 3218 3037 3264 et
3082 3222 3185 3262 nec
3234 3208 3350 3276 ipse
3396 3205 3685 3269 Christus,

2123 3313 2394 3373 quatenus
2427 3303 2590 3356 homo
2619 3309 2724 3365 est,
2758 3302 2850 3355 sed
2884 3311 3155 3370 quatenus
3181 3300 3322 3357 Deus
3342 3307 3444 3353 est.
3481 3297 3685 3352 Secun-

2124 3396 2252 3448 dum
2287 3393 2680 3447 humanitatem
2713 3408 2843 3447 vero
2869 3401 2922 3446 et
2948 3406 3065 3444 esse
3088 3391 3272 3459 coepit,
3304 3399 3356 3444 et
3386 3389 3500 3444 dies
3525 3389 3686 3444 habet

2123 3491 2501 3549 mensuratos;
2539 3492 2594 3536 et
2623 3482 2988 3535 adoraverunt
3019 3496 3143 3536 eum
3175 3496 3364 3535 omnes
3396 3491 3604 3549 gentes,
3632 3488 3686 3534 et

2123 3589 2314 3628 omnes
2347 3588 2500 3643 reges
2553 3584 2712 3628 terra:
2735 3611 2749 3634 ,
2785 3585 2844 3625 ut
2875 3571 3046 3625 Deum
3090 3581 3145 3626 et
3189 3571 3502 3636 hominem,
3534 3580 3590 3625 et
3631 3572 3682 3624 in

2121 3680 2186 3718 eo
2213 3678 2402 3717 omnes
2432 3674 2618 3734 gentes
2645 3671 2770 3716 sunt
2801 3660 3120 3716 benedictae.

443 3752 682 3819 θρὼπων
709 3755 1018 3825 εὑρίσκεται
1068 3757 1173 3827 πρὸ
1212 3757 1301 3810 τοῦ
1333 3758 1519 3829 quon;
1593 3762 1818 3820 Πάντως
1883 3758 2076 3821 οἶδεὶς,
2117 3757 2227 3809 οὐδ’
2275 3755 2433 3818 αὐτὸς
2482 3757 2509 3808 6
2555 3754 2786 3824 Χριστὸς
2838 3751 2972 3806 καθὸ
3021 3750 3324 3821 ἅνθρωπος,
3373 3749 3508 3802 ἀλλὰ
3554 3745 3686 3800 καθὸ

443 3844 600 3906 Θεὸς.
637 3846 785 3899 Καθὸ
814 3848 867 3899 δὲ
906 3848 1206 3919 ἄνθρωπος,
1254 3853 1348 3905 καὶ
1380 3851 1616 3921 ἤρξατο,
1673 3853 1764 3903 καὶ
1789 3852 2004 3920 ἡμέραν
2045 3848 2153 3918 ἔχει
2185 3848 2606 3917 μεμετρημένην
2633 3861 2649 3878 ο
2674 3848 2767 3898 καί⁸
2815 3842 3231 3914 προσεκύνησαν
3289 3842 3452 3902 αὐτὸν
3512 3843 3686 3894 πάντα

444 3939 516 3990 τὰ
545 3937 692 4008 ἔθνη,
719 3938 813 3991 καί
841 3939 1040 4004 πάντες
1069 3943 1116 3993 οἰ
1150 3941 1391 4013 βασιλεῖς
1423 3943 1521 4012 τῆς
1581 3943 1702 4012 γῆς,
1734 3942 1806 4006 ὡς
1867 3941 1996 3997 Θεόν
2027 3958 2085 3994 τε
2127 3943 2218 3997 καὶ
2253 3940 2558 4012 ἄνθρωπον,
2591 3941 2680 3991 καὶ
2719 3942 2774 3993 ὲν
2806 3938 2955 4009 αὐτῷ
2996 3937 3377 4008 ηὐλογήθησαν
3414 3933 3587 4022 ταντα
3622 3937 3688 3994 τὰ

446 4031 600 4098 ἔθνη.

519 4130 587 4194 η’.
613 4117 721 4178 κει
755 4125 968 4196 συνᾴδει
1011 4126 1162 4197 ἠτοῦ
1210 4126 1370 4180 Δαϐἴδ
1402 4129 1704 4199 προφητεία
1741 4129 1875 4198 μετᾶ
1922 4127 2012 4180 τοῦ

452 4217 686 4270 ’Πσαῖου
712 4218 802 4268 καὶ
852 4215 1044 4270 ’ἰακὼό
1071 4219 1333 4270 εἰπόντων
1366 4225 1491 4290 περὶ⁹
1523 4221 1615 4271 τοῦ
1652 4219 1910 4289 Χριστοῦ,
1934 4220 2015 4271 ὅτι

443 4308 562 4359 ἐστί
594 4306 887 4375 προσῶκῖα
933 4307 1121 4369 ἐθνῶν,
1158 4307 1232 4371 ὡς
1295 4310 1354 4359 ὲν
1397 4312 1508 4370 τοῖς
1541 4309 1852 4378 ἔμπροσθεν
1878 4310 2013 4360 ἀπο-

442 4400 732 4452 δέδεικται.
787 4399 975 4467 Ὅμως
1021 4399 1087 4452 τὰ
1117 4400 1288 4452 πᾶντα
1339 4400 1574 4453 συνελὼν
1625 4402 1652 4452 6
1699 4401 2015 4469 Προφῇτης,

446 4490 545 4541 καὶ
572 4488 906 4557 θεασάμενος
949 4488 1048 4558 τὴν
1105 4489 1196 4542 τοῦ
1230 4489 1361 4542 Θεοῦ
1413 4489 1587 4557 Λόγου
1647 4489 1734 4542 διὰ
1787 4491 1883 4556 τὴν
1911 4489 2019 4541 τῶν

446 4578 749 4647 ἀνθρώπων
783 4579 1056 4649 σωτηρίαν
1088 4580 1512 4648 συγκατάϐασιν,
1551 4580 1644 4632 καὶ
1674 4580 1753 4632 ὅτι
1785 4579 1915 4639 Θεὸς
1943 4577 2015 4630 ὣν

452 4669 636 4736 μέλλει.
687 4669 940 4734 γενέσθαι
993 4669 1296 4736 ἄνθρωπος,
1359 4672 1453 4723 καὶ
1504 4669 1624 4722 ἰδὼν
1683 4669 1774 4720 τὸν
1829 4670 2017 4735 apii-qv

449 4759 640 4828 ἄγριον
668 4760 763 4811 καὶ
794 4759 976 4827 ἀπηνῆ
1008 4759 1272 4828 τύραννον
1300 4759 1391 4812 τὸν
1416 4760 1680 4823 διάϐολον,
1717 4760 1840 4811 ὅσον
1865 4757 2018 4811 οΰπω

381 4860 390 4862 “
451 4850 601 4916 παρὰ
624 4847 719 4900 τοῦ
745 4847 1172 4916 τυραννηθὼτος
1197 4849 1286 4900 ὑπ’
1307 4847 1468 4901 αὐτοῦ
1501 4849 1786 4917 ἀνθριτιπου
1817 4851 2019 4917 ἐμπαι-

449 4938 678 5006 ζόμενον
709 4939 800 4988 καὶ
827 4939 1326 5007 καταπατούμενον,
1369 4939 1552 5000 ἔνθους
1581 4941 1672 5008 ὑφ’
1703 4941 1894 5009 ἡδονῆς
1932 4957 2020 5006 γε-

449 5028 646 5096 γονὼς,
681 5028 938 5098 ἐξεϐόησε
987 5029 1086 5097 τὴν
1119 5031 1396 5097 μακαρίαν
1451 5031 1666 5098 ἐκείνην
1698 5031 1901 5099 φωνὴν,
1933 5033 2018 5095 τὸ,

455 5137 478 5171 ι
503 5119 802 5185 Εὐλογητὸς
833 5119 1038 5188 Κύριος
1061 5120 1088 5170 ὁ
1119 5119 1247 5181 Θεὸς
1267 5118 1360 5170 τοῦ
1378 5115 1610 5186 Ἰσραὴλ,
1642 5120 1670 5170 ὁ
1703 5121 1871 5172 ποιῶν
1893 5102 2021 5171 θανέ-

451 5210 623 5280 μὰσια
657 5211 850 5278 μόνος,
904 5211 996 5262 καὶ
1027 5210 1390 5278 εὖλογημένον
1440 5211 1498 5261 τὸ
1531 5211 1706 5280 ὄνομα
1735 5211 1902 5264 αὐτοῦ
1941 5214 2021 5274 εἰς

447 5303 542 5354 τὸν
565 5300 760 5364 αἰῶνα,
795 5301 890 5353 καὶ
939 5301 1018 5362 εἰς
1069 5301 1160 5352 τὸν
1193 5299 1363 5353 αἰῶνα
1411 5299 1505 5352 τοῦ
1531 5302 1741 5364 αἰῶνος.
1787 5321 1805 5352 ι
1878 5299 2022 5371 Ἀρα

449 5392 646 5461 χρῄζει
676 5393 770 5442 καὶ
799 5393 828 5443 6
858 5391 1048 5460 παρὼν
1083 5390 1236 5454 λόγος
1273 5374 1610 5458 ὲξηγήσεῶς,
1638 5393 1669 5460 ἢ
1703 5393 1775 5453 ὡς
1807 5395 1838 5463 ἡ
1893 5394 2024 5460 om}-

450 5484 574 5534 θεια
608 5483 744 5551 ἔχει,
770 5483 969 5544 παντὸς
995 5482 1145 5549 ἡλίου
1176 5480 1269 5533 καὶ
1323 5483 1504 5551 πάσης
1532 5481 1788 5548 ἀληθείας
1820 5483 2026 5552 ἀνθρω-

451 5571 614 5634 πίνης
650 5572 761 5623 ἐστὶ
793 5569 1172 5640 καθαρώτερός
1198 5586 1255 5620 τε
1285 5570 1376 5621 καὶ
1405 5571 1770 5638 σαφέστερος;
1799 5572 1892 5622 ⁸·ον
1921 5572 2027 5637 γὰρ

531 5753 572 5782 ’⁸
623 5751 760 5808 l‘sal.
814 5769 957 5817 tul,
990 5754 1072 5810 l8.

2191 4128 2242 4182 8.
2279 4127 2444 4181 Porro
2493 4125 2604 4179 haec
2655 4123 2872 4178 Davidis
2927 4123 3210 4194 prophetia
3279 4137 3402 4176 cum
3457 4121 3592 4174 lsaia
3633 4131 3690 4173 et

2119 4217 2321 4273 Iacobo
2349 4217 2626 4282 convenit,
2678 4216 2770 4286 qui
2823 4214 2890 4268 de
2941 4215 3163 4268 Christo
3197 4213 3407 4278 dicunt,
3445 4213 3588 4282 quod
3620 4213 3690 4266 sit

2120 4309 2461 4376 exspectatio
2497 4308 2764 4375 gentium,
2801 4305 3261 4375 quemadmodum
3293 4305 3345 4365 in
3387 4305 3690 4375 superiori-

2122 4395 2225 4448 bus
2287 4396 2721 4448 dcmonstratum
2753 4403 2857 4448 est.
2898 4393 3140 4449 Tandem
3176 4410 3304 4448 vero
3332 4395 3513 4448 omnia
3547 4411 3691 4448 com-

2124 4486 2470 4554 prehcndens
2498 4487 2786 4554 prepheta,
2826 4497 2880 4540 et
2907 4487 3206 4554 respiciens
3241 4485 3405 4541 Verbi
3425 4487 3518 4541 Dei
3553 4503 3688 4540 cou-

2122 4575 2488 4628 versationem
2522 4591 2624 4645 pro
2651 4575 2938 4629 hominum
2989 4577 3166 4630 salute
3214 4576 3429 4639 factam.
3460 4587 3514 4631 et
3545 4577 3687 4646 quod

2121 4666 2272 4719 Deus
2304 4666 2574 4719 exsistens
2641 4666 2920 4719 hominem
2955 4676 3338 4735 assumpturus
3369 4677 3514 4720 esset
3556 4686 3567 4719 :
3607 4668 3688 4719 vi-

2119 4758 2255 4810 dens
2315 4756 2554 4824 denique
2611 4757 2764 4810 illum
2811 4757 2976 4810 modo
3029 4759 3261 4812 ferocem
3313 4766 3368 4810 et
3423 4757 3687 4808 immitem

2127 4857 2418 4918 tyrannum
2453 4847 2734 4902 diabolum
2771 4848 2840 4901 ab
2873 4848 3094 4902 homine
3120 4888 3134 4909 ,
3174 4862 3335 4915 quem
3371 4847 3531 4899 modo
3564 4857 3688 4897 ante

2129 4939 2418 5003 tyrannide
2450 4945 2746 5006 presserat,
2778 4939 2886 5006 jam
2935 4945 3143 4990 tantum
3177 4951 3284 4988 non
3321 4936 3539 4988 illusum
3570 4949 3690 4987 esse

2126 5038 2182 5081 et
2218 5028 2524 5082 conculcari
2548 5068 2562 5086 ,
2601 5029 2878 5095 voluptate
2936 5026 3090 5095 quasi
3140 5027 3398 5093 abreptus
3426 5065 3439 5085 ,
3478 5025 3686 5078 beatam

2127 5118 2272 5170 illam
2320 5133 2506 5171 vocem
2536 5117 2847 5171 exclamans
2891 5115 3094 5185 profert
3125 5133 3139 5169 :
3181 5135 3198 5166 ι
3227 5115 3557 5170 Benedictus
3585 5117 3690 5168 Do~

2128 5208 2310 5260 minus
2341 5208 2484 5262 Deus
2523 5207 2738 5262 lsraelis
2767 5248 2780 5268 ,
2817 5207 2910 5276 qui
2941 5207 3091 5260 solus
3131 5207 3258 5261 facit
3305 5207 3603 5268 mirabilia,
3637 5217 3691 5261 et

2126 5298 2480 5354 benedictum
2517 5313 2715 5352 nomen
2745 5300 2935 5366 ejusin
2963 5309 3234 5353 aeternum
3260 5311 3312 5354 et
3347 5300 3398 5352 in
3431 5299 3688 5354 s:rculum

2128 5387 2310 5442 seaculi
2334 5389 2396 5441 ⁸⁸.
2429 5407 2448 5438 ι
2479 5387 2687 5458 Indiget
2704 5402 2834 5441 sane
2851 5397 2905 5440 et
2923 5389 3327 5455 praesensiocus
3345 5387 3690 5455 expositione

2130 5480 2333 5547 aliqua,
2377 5479 2506 5533 licet
2539 5494 2727 5533 revera
2760 5479 3005 5548 quolibet
3039 5469 3232 5534 sole‘et
3266 5478 3416 5530 omni
3452 5477 3689 5532 humana

2131 5572 2360 5624 veritate
2393 5573 2582 5639 purior
2607 5574 2677 5625 sit
2705 5580 2758 5625 et
2799 5570 3107 5623 ιΙὶΙυοίιΙῘοῐ.
3139 5569 3309 5634 Quem
3336 5568 3482 5624 enim
3519 5567 3688 5630 David
