3970 6212
205 348 315 415 603

1413 346 1734 409 JOANNIS
1772 345 2293 414 CANTACUZENI
2408 380 2423 383 -

3366 349 3472 415 404

208 463 376 534 paulo
415 470 546 519 ante
572 461 856 519 hominem
909 461 1314 527 nominaverat,
1347 477 1620 533 quemque
1660 476 1785 520 ante

1906 466 1994 534 πρὸ
2023 467 2208 535 ὀλίγου
2238 468 2266 519 6
2306 467 2468 522 Δαϐὶδ
2497 444 2785 539 ἄνθρωπον
2827 466 3103 539 ὠνόμασε,
3152 465 3246 520 καὶ
3273 466 3332 519 ὃν
3372 466 3473 535 πρὸ

209 556 383 611 solem
427 564 483 611 et
510 556 697 612 lunam
737 553 1014 609 conditam
1058 554 1337 610 exstitisse
1365 554 1602 620 dixerat,
1638 556 1785 611 hunc

213 648 398 720 ipsum
438 662 589 702 nunc
636 661 774 716 pure
802 654 861 700 et
892 644 1220 716 simpliciter
1255 645 1429 701 Deum
1464 647 1782 717 appellavit.

212 738 348 804 Quis
377 751 506 792 vero
534 744 642 791 tam
667 735 881 802 infelix,
912 745 972 791 ut
998 737 1068 793 de
1098 736 1193 793 illo
1222 737 1437 793 dubitet
1466 746 1522 793 et
1542 738 1786 808 inquirat

208 828 517 896 curiosius,
546 844 710 899 quem
738 828 908 884 David
941 830 1114 885 Deum
1149 830 1498 898 nominavit,
1532 846 1635 888 nec
1656 846 1784 888 eum

209 919 426 981 adoret,
455 935 620 989 quem
653 920 822 977 David
853 922 1022 977 Deum
1058 938 1180 980 esse
1211 924 1508 994 prmdicat?

284 1007 336 1063 9.
396 1008 785 1066 Verumtamen
833 1018 889 1067 et
932 1012 1064 1070 alibi
1107 1028 1340 1084 magnus
1377 1014 1470 1072 ille
1501 1014 1671 1071 David
1707 1018 1788 1073 sic

209 1099 349 1156 dixit
374 1117 388 1155 :
425 1121 444 1154 ι
479 1100 628 1158 Dixit
650 1103 919 1161 Dominus
936 1105 1172 1164 Domino
1197 1120 1341 1175 meo,
1370 1107 1512 1165 Sede
1532 1126 1563 1165 a
1582 1109 1788 1167 dextris

212 1195 373 1260 meis,
430 1195 609 1251 donec
641 1212 836 1267 ponam
883 1198 1140 1256 inimicos
1180 1208 1303 1256 tuos
1346 1201 1645 1258 scabellum
1696 1219 1789 1274 pc-

211 1284 343 1340 dum
377 1295 619 1340 tuorum.
672 1286 889 1356 Virgam
929 1288 1189 1356 potentiae
1215 1290 1433 1345 emittet
1470 1290 1568 1346 tibi
1600 1291 1787 1346 Domi-

213 1393 320 1433 nus
367 1392 435 1432 ex
475 1377 631 1444 Sion,
674 1388 730 1432 et
772 1378 1063 1436 dominare
1098 1381 1152 1436 in
1205 1380 1388 1437 medio
1434 1383 1787 1439 inimicorum

209 1478 458 1527 tuorum.
504 1471 679 1527 Penes
724 1483 777 1528 te
815 1482 902 1529 est
933 1474 1279 1544 principatus
1314 1475 1370 1531 in
1408 1476 1497 1532 die
1528 1478 1789 1546 potentiae

216 1571 347 1629 tuae,
374 1574 431 1617 et
464 1564 520 1618 in
554 1564 852 1634 splendore
881 1576 1197 1621 sanctorum
1239 1578 1460 1623 tuorum
1494 1584 1598 1624 :ex
1630 1578 1789 1624 utero

214 1668 431 1710 aurorae
465 1656 629 1726 genui
657 1666 709 1711 te
738 1656 802 1712 ¹⁷.
844 1674 863 1709 ι
901 1657 982 1712 En
1011 1673 1159 1713 nunc
1187 1659 1349 1713 aliam
1382 1659 1528 1715 illius
1550 1660 1790 1731 prophe-

214 1746 346 1801 tiam
388 1748 679 1804 considera
719 1762 736 1805 ι
790 1768 809 1803 ι
863 1749 1014 1806 Dixit
1044 1751 1313 1807 Dominus
1362 1751 1598 1807 Domino
1642 1768 1788 1818 meo,

216 1836 359 1894 Sede
388 1838 662 1896 a‘dextris
703 1841 861 1896 meis.
894 1861 911 1894 ι
952 1839 1216 1909 Quisnam
1258 1852 1342 1899 est
1384 1843 1475 1903 ille
1510 1845 1801 1915 prophetae

215 1941 273 1985 et
306 1931 451 2002 regis
495 1931 809 1989 Dominus?
850 1933 992 1991 Nutn
1036 1951 1131 1991 rex
1170 1934 1371 2005 aliquis
1404 1952 1472 1991 ex
1517 1936 1794 2006 praeclaris

218 2023 359 2089 istis,
389 2034 446 2080 et
476 2025 534 2080 in
562 2024 666 2081 hac
698 2035 843 2081 terra
880 2027 1055 2083 multa
1085 2028 1334 2098 potentia
1371 2016 1663 2096 praeditis?
1695 2029 1797 2085 Mi-

218 2116 388 2170 nime.
414 2115 588 2184 Quam
623 2117 694 2173 ob
724 2119 885 2173 rem?
929 2118 1162 2189 Propter
1194 2120 1537 2190 libertatem,
1568 2138 1730 2194 quam
1764 2138 1796 2179 a

219 2208 330 2263 Deo
355 2216 486 2263 tunc
522 2210 788 2281 temporis
813 2209 986 2266 Judaei
1022 2210 1326 2276 habebant,
1359 2229 1388 2269 a
1420 2229 1531 2285 quo
1558 2216 1676 2271 solo
1709 2230 1797 2271 re-

216 2303 512 2368 gebantur.
546 2298 857 2371 Principem
897 2316 1031 2357 vero
1072 2312 1127 2357 et
1158 2301 1447 2360 ductorem
1480 2305 1796 2363 habuerunt

218 2389 350 2444 olim
398 2391 622 2460 quidem
662 2392 891 2459 Mosem,
938 2404 1063 2465 post
1110 2395 1259 2452 hunc
1293 2411 1424 2452 vero
1460 2397 1631 2453 ﬁlium
1672 2398 1797 2455 Nun

218 2477 408 2539 .losue.
445 2478 648 2536 deinde
694 2482 935 2552 iudices.
981 2487 1123 2554 Ipsis
1164 2502 1301 2542 vero
1350 2489 1574 2558 propria
1627 2490 1797 2545 animi

220 2568 307 2625 sui
346 2569 629 2626 voluntate
666 2582 722 2628 et
766 2574 969 2631 affectu
1005 2591 1195 2647 regem
1237 2592 1268 2634 a
1304 2578 1417 2635 Deo
1456 2582 1796 2650 petentibus,

218 2662 374 2718 dedit
399 2662 531 2732 ipsis
560 2680 745 2737 regem
771 2680 801 2720 e
823 2679 986 2738 gente
1010 2671 1233 2740 propria
1257 2673 1429 2728 tilium
1456 2674 1567 2739 Cis,
1603 2690 1800 2745 nempe

224 2753 469 2822 Sauletn,
505 2754 707 2813 deinde
741 2757 1000 2817 Davidem
1044 2761 1216 2817 ﬁlium
1252 2764 1440 2820 Jessaz.
1484 2765 1561 2821 De
1590 2782 1700 2837 quo
1744 2778 1825 2824 et

226 2848 370 2904 Deus
405 2857 636 2905 testatus
689 2848 930 2907 Samueli
968 2850 1183 2910 dixerat
1212 2871 1225 2908 :
1259 2872 1278 2908 ι
1308 2854 1495 2910 Inveni
1537 2856 1798 2913 Davidem

226 2940 401 2996 tilium
426 2940 615 3007 Jessze,
646 2942 830 2997 virum
868 2944 1176 3001 secundum
1216 2961 1315 3002 cor
1345 2963 1550 3012 meum,
1579 2951 1673 3020 qui
1706 2950 1802 3006 fa-

223 3031 337 3088 ciet
375 3033 528 3105 juxta
574 3050 768 3092 omnes
809 3036 1126 3095 voluntates
1162 3054 1312 3096 meas
1347 3041 1415 3096 ¹⁸.
1458 3061 1478 3096 ι
1518 3043 1585 3098 Ει
1626 3043 1800 3100 Judaei

1887 556 1986 609 τοῦ
2012 558 2167 628 ἡλίου
2222 560 2487 631 ἐλάλησεν
2544 558 2681 615 εἶναι
2713 561 2809 614 καὶ
2859 558 2963 630 τῆς
2998 559 3252 630 σελήνης,
3284 556 3474 612 τοῦτον

1888 648 2149 720 καθαρῶς
2176 650 2308 705 Θεὸν
2362 651 2613 710 ἐκάλεσε.
2674 653 2770 706 Ὃν
2826 651 2939 706 δὲό
2993 650 3159 704 Δαϐὶδ
3210 650 3475 719 ὀνομάζει

1888 741 2042 806 Θεὸν,
2071 742 2157 806 τίς
2188 741 2359 807 οὕτως
2384 743 2586 811 ἄθλιος,
2617 744 2764 807 ὅστις
2790 742 3127 813 ἀμφιϐάλλει
3176 742 3308 810 περὶ
3341 740 3471 793 10-J-

1886 849 1982 887 του
2008 835 2099 888 καὶ
2122 836 2594 908 πολυπραγμονεῖ,
2629 838 2722 890 καὶ
2751 836 2812 891 οὗ
2837 836 3136 909 προσκυνεῖ
3164 834 3222 887 ὃν
3246 834 3273 886 6
3305 831 3475 885 Δαϐὶδ

1889 927 2244 995 καταγγέλλει
2278 928 2409 982 Θεόν
2433 947 2447 996 ;

1963 1019 2031 1076 θ’.
2060 1023 2255 1091 Ὅμως
2293 1021 2351 1075 δὲ
2382 1019 2547 1075 πάλιν
2580 1024 2608 1075 6
2640 1020 2803 1084 αὐτὸς
2853 1018 3029 1091 μέγας
3063 1015 3229 1071 Δαϐὶό
3273 1014 3476 1068 οὑτωσὶ

1890 1114 2060 1183 λέγει·
2097 1133 2115 1167 ι
2154 1111 2318 1169 Εἶπεν
2347 1117 2375 1167 6
2422 1114 2625 1185 Κύριος
2656 1114 2736 1184 τῷ
2775 1112 2966 1183 Κυρίῳ
3012 1128 3138 1181 μου,
3195 1108 3377 1163 Κάθου
3412 1110 3477 1159 ὲκ

1888 1206 2078 1274 δεξιῶν
2114 1225 2241 1277 μου,
2272 1206 2377 1270 ἕως
2407 1206 2473 1260 ἂν
2503 1206 2581 1259 θῶ
2614 1206 2740 1269 τοὺς
2769 1205 2998 1275 ἐχθρούς
3035 1220 3132 1255 σου
3181 1201 3476 1254 ὑποπόδιον

1889 1299 1998 1353 τῶν
2037 1297 2215 1352 ποδῶν
2239 1314 2355 1351 σου.
2394 1295 2617 1351 Ῥάϐδον
2662 1296 2949 1365 δυνάμεως
3003 1291 3356 1358 ὲξαποστελεῖ
3394 1306 3473 1342 σοι

1890 1390 2094 1461 Κύριος
2155 1391 2221 1442 ὲκ
2266 1387 2427 1455 Σιὼν,
2474 1388 2568 1442 καὶ
2629 1384 2994 1457 κατακυρίευε
3047 1386 3106 1437 ὲν
3169 1383 3319 1453 μέσῳ
3363 1383 3476 1435 τῶν

1890 1481 2102 1552 ἐχθρῶν
2135 1497 2252 1535 σου.
2298 1480 2453 1535 Μετὰ
2488 1478 2582 1533 σοῦ
2630 1480 2663 1550 ἠ
2694 1478 2839 1549 ἀρχὴ
2885 1477 2942 1529 ιν
2968 1475 3154 1548 ἡμέρᾳ
3186 1474 3285 1542 τῆς
3315 1474 3479 1526 δυνά-

1891 1573 2037 1645 μεώς
2070 1589 2187 1635 σου,
2227 1574 2287 1626 ὲν
2323 1575 2444 1635 ταῖς
2498 1571 2845 1642 λαμπρότησι
2896 1571 3004 1624 τῶν
3037 1568 3209 1636 ἁγίων
3260 1581 3379 1619 σοιν
3411 1568 3477 1619 ἐκ

1888 1665 2127 1736 γαστρὸς
2160 1665 2265 1736 πρὸ
2295 1664 2575 1734 ἑωσφόρον
2601 1661 2872 1733 έγέννησά
2896 1678 2977 1716 σε.
3022 1680 3040 1714 ι
3083 1659 3283 1713 Σκόπει
3314 1657 3479 1711 πάλιν

1894 1757 2086 1829 ἑτέραν
2114 1756 2451 1827 προφητείαν
2476 1754 2665 1811 αὑτοῦ.
2691 1772 2708 1806 ι
2738 1750 2903 1806 Εἶπεν
2919 1754 2946 1806 6
2963 1752 3165 1822 Κύριος
3190 1749 3267 1820 τῷ
3289 1749 3480 1818 Κυρίῳ

1898 1870 2023 1925 μου,
2042 1851 2224 1907 Κάθου
2255 1851 2318 1905 ἐκ
2341 1850 2532 1915 δεξιῶν
2555 1866 2677 1919 μου.
2709 1865 2727 1900 ι
2750 1848 2847 1908 Τίς
2875 1844 3174 1900 ἐστινότοῦ
3200 1857 3480 1912 προφήτου

1894 1944 1989 1999 καὶ
2014 1939 2278 2015 βασιλέως
2310 1941 2529 2013 κύριος;
2558 1936 2935 2009 Μὴηβασιλεύς
2968 1954 3051 2001 τις
3075 1934 3186 1990 τῶν
3222 1934 3476 2005 μεγάλων

1894 2038 1990 2091 καὶ
2023 2035 2255 2107 ἑκόντων
2287 2035 2439 2105 ίσχῦν
2473 2033 2717 2103 μεγάλην
2748 2032 2839 2086 ὲπί
2868 2031 2968 2101 τῆς
2988 2028 3132 2100 γῆς;
3165 2026 3319 2096 Οὒχί.
3352 2028 3484 2078 Δια-

1894 2129 1946 2185 τί
1970 2145 1985 2195 ;
2014 2129 2163 2185 Διότι
2194 2128 2295 2201 τὴν
2327 2126 2479 2197 παρὰ
2510 2124 2607 2179 τοῦ
2649 2123 2785 2178 Θεοῦ
2817 2121 3135 2193 ἐλευθερίαν
3165 2117 3310 2190 εἶχον
3354 2120 3482 2172 τότε

1895 2223 1946 2276 οἱ
1990 2220 2254 2287 Ἰουδαῖοι,
2292 2218 2389 2274 καὶ
2422 2218 2524 2272 ὑπὸ
2558 2216 2725 2289 μόνου
2774 2214 2869 2270 τοῦ
2904 2212 3041 2268 Θεοῦ
3075 2210 3482 2269 ἐϐασιλεύοντο.

1900 2316 2170 2386 Ἄρχοντα
2190 2313 2248 2367 δὲ
2295 2312 2390 2366 καὶ
2417 2310 2751 2382 δημαγωγὸν
2778 2306 2923 2380 εῐχον
2943 2308 3033 2361 τὸν
3061 2305 3225 2360 πάλαι
3252 2305 3484 2369 Μωσέα,

1898 2408 1990 2461 καὶ
2024 2405 2145 2478 μετ’
2175 2404 2383 2458 ἐκεῖνον
2414 2403 2507 2457 τὸν
2561 2400 2654 2456 τοῦ
2714 2402 2874 2472 Ναυῆ
2927 2400 3043 2454 υἱὸν
3088 2396 3319 2467 Ἰησοῦν,
3363 2391 3487 2448 εἶτα

1896 2500 2024 2563 τοὺς
2058 2496 2270 2570 κριτάς.
2299 2494 2489 2553 Αὐτῶν
2512 2493 2569 2549 δὲ
2598 2493 2778 2564 μόνων
2806 2492 2864 2559 ἐξ
2896 2490 3026 2544 ίδίου
3052 2488 3360 2561 θελήματος
3389 2487 3488 2538 καὶ

1899 2589 2129 2663 ὀρέξεως
2163 2588 2518 2661 ζητησάντων
2552 2584 2778 2659 βασιλέα
2821 2584 2961 2656 πρὸς
2987 2582 3081 2661 τὸν
3124 2580 3283 2641 Θεὸν,
3317 2579 3484 2632 δέδω·

1899 2700 1995 2737 κεν
2023 2682 2207 2746 αὐτοῖς
2237 2682 2302 2735 ἐκ
2332 2679 2427 2735 τοῦ
2461 2681 2652 2749 γένους
2683 2676 2865 2731 αὐτῶν
2920 2675 3014 2728 τὸν
3042 2672 3213 2726 Σαοὺλ
3242 2671 3356 2724 υἱὸν
3378 2668 3482 2731 Κὶς

1901 2777 1981 2839 είς
2044 2772 2287 2845 βασιλέα,
2356 2773 2451 2829 καὶ
2483 2771 2603 2844 μετ’
2633 2772 2839 2824 ἐκεῖνον
2868 2767 2962 2821 τὸν
3015 2764 3181 2819 Δαϐὶδ
3228 2763 3321 2817 τὸν
3366 2763 3485 2815 υἱὸν

1913 2866 2131 2921 Ἰεσσαί·
2164 2865 2225 2919 ὃν
2256 2868 2284 2919 6
2336 2865 2469 2928 Θεὸς
2510 2863 2892 2935 μαρτυρήσας,
2948 2853 3071 2912 εἷπε
3105 2857 3185 2926 τῷ
3223 2856 3483 2926 προφήτῃ

1904 2958 2177 3031 Σαμουὴλ,
2213 2977 2232 3011 ι
2264 2950 2438 3028 Εὗρον
2454 2956 2619 3009 Δαϐὶδ
2653 2955 2743 3009 τὸν
2771 2953 2866 3007 τοῦ
2896 2951 3117 3017 Ἰεσσαὶ,
3148 2949 3317 3017 ἄνδρα
3343 2950 3489 3001 κατὰ

1904 3050 2002 3117 τὴν
2029 3048 2259 3119 καρδίαν
2313 3065 2451 3117 μου,
2489 3047 2549 3111 ὃς
2597 3048 2817 3113 ποιήσει
2858 3044 3037 3098 πάντα
3079 3041 3148 3095 τὰ
3202 3038 3487 3109 θελήματά

226 3126 451 3195 quidem
495 3128 835 3198 regebantur
864 3144 895 3183 a
931 3145 1044 3185 suae
1075 3131 1256 3202 gentis
1300 3132 1544 3205 regibus,
1577 3135 1801 3190 illorum

1908 3159 2037 3212 μου.
2076 3161 2094 3194 ι
2131 3142 2241 3195 Καὶ
2268 3139 2587 3210 εὑρίσκοντο
2612 3138 2662 3192 οἱ
2701 3138 2799 3209 μὲν
2840 3134 3087 3190 Ἰουδαῖοι
3130 3130 3489 3201 βασιλευόμεο

227 3235 360 3276 vero
406 3235 564 3292 reges
606 3234 783 3292 usque
829 3221 896 3277 ad
941 3222 1148 3278 Christi
1181 3224 1293 3280 nati
1338 3234 1585 3296 tempora
1617 3226 1801 3294 liberi,

231 3312 477 3383 nullique
521 3312 808 3370 hominum
846 3322 946 3369 aut
991 3330 1182 3386 regum
1215 3326 1565 3374 terrenarum
1596 3320 1804 3377 subditi

229 3405 403 3462 fuisse
458 3404 835 3464 inveniuntur.
894 3408 963 3465 Et
1017 3425 1207 3466 revera
1252 3412 1334 3467 sic
1378 3420 1484 3476 est,
1544 3415 1806 3483 quoniam

232 3498 417 3554 nullus
459 3499 605 3556 alius
654 3500 1072 3570 prophetarum,
1107 3511 1296 3573 utpote
1342 3519 1447 3560 nec
1477 3504 1669 3571 Isaias,
1706 3520 1809 3562 nec

232 3590 522 3658 Jeremias,
554 3606 656 3649 nec
677 3592 889 3660 Daniel,
925 3594 1253 3651 calumniari
1286 3604 1516 3653 conatus
1546 3598 1651 3654 hoc
1675 3614 1809 3669 pro-

235 3684 411 3753 phetae
444 3685 754 3749 oraculum,
811 3685 1001 3741 dicere
1050 3688 1254 3756 potuit,
1310 3689 1457 3761 quod
1502 3689 1573 3747 ab
1619 3690 1808 3762 aliquo

230 3792 357 3848 rege
386 3776 599 3837 mortali
622 3779 943 3849 etperituro
968 3778 1034 3832 ad
1060 3780 1229 3837 alium
1258 3781 1541 3851 propheta:
1571 3782 1807 3839 similem

233 3872 381 3926 dicta
431 3870 547 3929 sint
592 3871 710 3927 haec
745 3872 964 3926 verba:
999 3891 1017 3924 ι
1069 3872 1218 3926 Dixit
1264 3874 1529 3929 Dominus
1576 3873 1809 3929 Domino

234 3980 379 4019 meo.
418 3983 435 4016 ι
463 3963 562 4021 Cui
585 3977 715 4019 vero
735 3961 876 4018 dixit
900 3963 1066 4028 Deus,
1097 3980 1117 4016 ι
1150 3962 1292 4019 Sede
1321 3981 1352 4023 ει
1377 3964 1589 4019 dextris
1613 3965 1802 4022 meis?t

233 4056 315 4111 Ad
348 4054 628 4117 hominem
658 4055 945 4124 nimirum,
978 4068 1143 4123 quem
1179 4054 1422 4109 Verbum
1446 4054 1708 4115 etrFilius
1743 4058 1810 4113 il-

231 4150 339 4205 lius
381 4148 703 4216 assumpsit.
753 4146 926 4201 Filius
983 4147 1130 4201 enim
1181 4157 1311 4203 ante
1361 4150 1549 4205 omnia
1608 4152 1808 4206 saecula

233 4243 578 4312 principatus
606 4239 790 4296 fuerat
820 4239 1098 4311 particeps
1128 4256 1254 4297 cum
1293 4240 1439 4309 Deo;
1464 4242 1602 4298 dixit
1624 4252 1809 4302 autem

235 4344 339 4393 hoc
377 4335 522 4393 Deus
570 4335 734 4392 Pater
781 4334 848 4391 ad
895 4335 1201 4402 hominem,
1248 4352 1414 4408 quem
1465 4337 1706 4393 Verbum
1753 4348 1812 4395 et

1909 3250 1990 3288 νοι
2020 3231 2129 3286 ὑπὸ
2155 3231 2263 3285 τῶν
2293 3228 2574 3301 ὁμογενῶν
2602 3227 2890 3298 βασιλέων,
2920 3229 2969 3280 οἱ
3001 3223 3208 3278 τούτων
3234 3223 3292 3277 δὲ
3327 3221 3485 3291 βασι-

1908 3325 2019 3389 λεῖς
2056 3323 2221 3394 μέχρι
2250 3322 2346 3394 τῆς
2379 3320 2473 3374 τοῦ
2519 3318 2756 3390 Χριστοῦ
2791 3319 3101 3386 γεννήσεως
3162 3314 3486 3385 εὑρίσκοντο

1908 3416 2187 3485 ἐλεύθεροι
2234 3413 2327 3468 καὶ
2366 3413 2446 3484 μὴ
2471 3411 2823 3481 ὑποκείμενοι
2864 3408 3142 3480 ἀνθρώπῳ
3186 3408 3219 3479 ἢ
3272 3406 3491 3477 βασιλεῖ

1909 3510 2001 3563 ἐπὶ
2028 3508 2131 3578 τῆς
2154 3507 2279 3576 γῆς.
2313 3507 2422 3560 Καὶ
2455 3505 2586 3568 ἴσως
2613 3504 2770 3574 εἴπερ
2801 3502 2987 3569 ἔλεγεν
3026 3500 3215 3570 ἕτερός
3245 3516 3327 3561 τις
3374 3497 3490 3551 τῶν

1910 3601 2226 3674 προφητῶν,
2289 3599 2541 3663 Ἡσαΐας,
2583 3597 2751 3667 φημὶ,
2817 3594 3094 3665 Ἱερεμίας
3141 3592 3425 3665 ἢΔανιὴλ,
3457 3592 3489 3644 6

1909 3693 2231 3764 βουλόμενος
2245 3689 2553 3744 διαϐάλλειν
2571 3689 2631 3742 τὸ
2654 3687 2994 3758 προφητικὸν
3018 3686 3199 3754 λόγιον
3221 3723 3238 3750 ,
3257 3684 3493 3753 ἠδύνατο

1910 3787 2085 3840 ειπεῖν
2112 3786 2194 3838 ὅτι
2221 3785 2351 3853 περὶ
2390 3780 2509 3846 ἐνὸς
2560 3780 2830 3852 βασιλέως
2876 3778 3072 3849 θνητοῦ
3107 3778 3205 3831 καὶ
3245 3774 3489 3846 φθαρτοῦ

1910 3879 2045 3950 πρὸς
2079 3878 2266 3949 ἕτερον
2302 3878 2490 3947 ὅμοιον
2520 3875 2599 3945 τῷ
2632 3876 2889 3947 προφήτῃ
2924 3872 3135 3944 ἐρρήθη
3168 3873 3197 3925 6
3242 3870 3397 3939 λόγος
3426 3868 3492 3922 δν

1910 3965 2055 4034 εἷπε,
2085 3969 2167 4036 τὸ,
2209 3988 2227 4020 ι
2248 3964 2416 4023 Εἶπεν
2441 3969 2470 4021 6
2502 3965 2704 4037 Κύριος
2720 3965 2799 4035 τῷ
2814 3964 3000 4035 Κυρίῳ
3029 3981 3151 4034 μου.
3178 3982 3197 4016 ι
3237 3962 3379 4032 Πρὸς
3409 3961 3494 4015 τί·-

1909 4081 1974 4117 να
1985 4063 2041 4116 δὲ
2058 4062 2279 4132 εἴρηκεν
2304 4062 2332 4115 6
2353 4060 2484 4124 Θεὸς
2504 4061 2588 4125 τὸ,
2613 4078 2632 4111 ι
2658 4058 2840 4115 Κάθου
2859 4058 2923 4110 ὲκ
2943 4055 3134 4121 δεξιῶν
3158 4070 3261 4122 μου
3281 4072 3329 4120 ς»
3350 4052 3495 4119 Πρὸς

1908 4156 2001 4209 τὸν
2037 4154 2326 4222 ἄνθρωπον
2355 4153 2414 4205 ὃν
2442 4150 2738 4205 ἀνελάϐετο
2771 4151 2800 4203 6
2827 4149 2956 4213 Υἱὸς
2982 4148 3077 4201 καὶ
3102 4146 3275 4215 Λόγος
3302 4143 3493 4198 αὐτοῦ.
3519 4156 3529 4164 ·

1918 4246 1981 4299 νυ
2036 4242 2146 4313 γὰρ
2182 4240 2311 4304 Υἱὸς
2342 4240 2447 4308 πρὸ
2480 4239 2699 4292 πάντων
2732 4237 2840 4289 τῶν
2874 4233 3087 4290 αἰώνων
3114 4234 3209 4287 καὶ
3240 4234 3296 4284 ὲν
3348 4231 3495 4301 ἀρχῇ

1909 4335 1977 4411 ἦν
2008 4338 2064 4391 ἐν
2094 4336 2172 4404 τῷ
2207 4332 2396 4402 Πατρί.
2434 4333 2598 4400 Λέγει
2627 4330 2685 4385 δὲ
2718 4329 2877 4382 τοῦτο
2916 4329 2945 4381 6
2988 4327 3118 4390 Θεὸς
3151 4327 3245 4381 καὶ
3278 4327 3495 4395 Πατὴρ,

235 4431 408 4487 Filius
443 4445 580 4485 suus
604 4427 925 4497 assumpsit,
950 4429 1336 4496 sanetiiicavit,
1368 4430 1719 4501 gloriﬁcavit,
1753 4441 1810 4488 et

1910 4431 2046 4502 πρὸς
2075 4428 2134 4483 ὃν
2155 4427 2447 4483 άνελάϐετο
2476 4424 2763 4493 ἄνθρωπον
2786 4426 2812 4475 6
2830 4422 2953 4483 Υἱὸς
2974 4419 3068 4473 καὶ
3095 4418 3266 4487 Λόγος
3301 4416 3495 4482 αὑτοῦ,

234 4521 594 4593 temporalem
648 4495 807 4591 cepit
840 4520 1234 4597 principatum,
1270 4495 1337 4581 ex
1370 4495 1496 4593 'quo
1535 4523 1683 4579 hunc
1706 4495 1807 4581 tas-

1913 4495 2008 4576 καὶ
2034 4518 2230 4590 ήγίασε
2260 4518 2354 4570 καὶ
2382 4517 2626 4582 ὲδόξασε,
2645 4516 2739 4569 καὶ
2764 4512 3024 4584 χρονικὴν
3048 4511 3223 4583 ἀρχὴν
3247 4511 3494 4581 εἴληφεν,

233 4623 565 4685 sumpserat.
588 4613 787 4669 Valens
811 4613 996 4685 itaque
1016 4614 1377 4684 propheticus
1410 4630 1596 4671 sermo
1624 4626 1814 4672 osten-

232 4711 391 4772 dere,
431 4708 600 4761 Deum
640 4706 853 4761 Patrem
891 4706 1139 4776 quidem,
1186 4708 1281 4778 qui
1318 4707 1389 4767 ab
1422 4717 1635 4769 aeterno
1672 4710 1816 4771 exsi-

235 4801 353 4867 stit,
384 4798 662 4870 principio
694 4814 905 4866 carere,
946 4799 1231 4862 hominem
1276 4816 1430 4868 vero,
1465 4817 1631 4873 quem
1677 4803 1816 4860 Ver-

236 4896 368 4951 bum
433 4900 491 4949 et
545 4893 718 4949 Filius
758 4892 905 4950 illius
946 4894 1269 4964 assumpsit,
1314 4895 1534 4958 initium
1579 4897 1817 4967 cepisse,

233 4985 422 5042 dixit:
472 5003 491 5037 ι
539 4982 705 5050 Sede,
763 5002 781 5037 ι
826 4992 934 5041 etc.
980 4985 1121 5040 Tum
1159 4987 1326 5041 etiam
1357 4986 1714 5042 stabilitatem
1755 4994 1813 5043 et

234 5060 703 5151 perpetuitatem,
754 5076 1095 5149 honorisque
1150 5076 1615 5148 magniﬁcentiam
1696 5078 1813 5148 ipsa

237 5175 402 5228 sedes
443 5172 686 5228 denotat.
754 5169 824 5225 Et
875 5169 1343 5241 quemadmodum
1384 5168 1528 5239 ignis
1569 5168 1624 5225 in
1667 5167 1817 5225 ierro

236 5262 375 5319 ferri
405 5264 631 5335 quidem
667 5264 1029 5334 [rigiditatem
1067 5277 1177 5317 non
1210 5262 1428 5332 recipit,
1470 5262 1681 5317 ferrum
1712 5277 1818 5318 au-

240 5368 348 5412 tem
402 5356 456 5412 in
515 5340 660 5428 ignis
712 5366 964 5412 naturam
1011 5354 1239 5421 transit,
1287 5368 1507 5408 rursum
1554 5368 1688 5408 vero
1714 5366 1820 5408 nec

241 5448 374 5507 [οτι-ἱ
421 5449 714 5521 nigredine
751 5449 896 5521 ignis
942 5447 1209 5511 inﬁcitur,
1255 5446 1351 5501 sed
1399 5446 1603 5501 ferrum
1655 5444 1820 5514 hujus

242 5540 534 5608 splendore
558 5550 613 5597 et
639 5543 887 5598 claritate
917 5550 1196 5610 assumpta
1221 5538 1451 5594 omnino
1480 5536 1815 5607 pellucidum

246 5631 306 5687 tit
341 5647 355 5687 :
385 5633 512 5691 tatis
535 5635 702 5690 etiam
735 5650 856 5690 mea
887 5636 954 5691 de
995 5634 1280 5706 nnigenito
1316 5632 1408 5687 Dei
1442 5630 1583 5686 Filio
1622 5637 1677 5685 et
1721 5628 1819 5683 ho.

320 5798 361 5829 "
397 5795 539 5854 Psal.
596 5810 704 5859 clx,
744 5793 850 5846 l-5.

1914 4614 2007 4683 ἀφ’
2046 4607 2109 4669 οῦ
2137 4609 2326 4667 τοῦτον
2381 4607 2697 4665 ἀνελάϐετο.
2737 4605 2899 4660 Ἀλλὰ
2928 4604 3251 4677 βουλόμενος
3285 4605 3314 4657 6
3359 4618 3499 4671 προ-

1918 4703 2147 4777 φητικὸς
2170 4701 2333 4770 λόγος
2353 4699 2525 4766 δεῖξαι
2567 4698 2659 4755 τὸν
2687 4698 2785 4769 μὲν
2812 4697 2945 4751 Θεὸν
2972 4698 3068 4750 καὶ
3102 4696 3326 4763 Πατέρα
3362 4693 3500 4747 Θεὸν

1918 4798 2177 4870 ἄναρχον,
2230 4794 2325 4848 τὸν
2354 4793 2411 4848 δὲ
2444 4791 2732 4863 ἄνθρωπον
2786 4790 2846 4849 δν
2884 4787 3258 4860 προσελάϐετο
3290 4789 3319 4839 6
3370 4786 3503 4849 Υἱὸς

1922 4892 2015 4945 καὶ
2036 4888 2210 4958 Λόγος
2249 4885 2415 4943 αὐτοῦ
2440 4883 2613 4957 ἀρχὴν
2645 4883 2901 4948 λαϐόντα,
2929 4877 3054 4941 εἷπε
3088 4880 3169 4948 τὸ,
3200 4898 3219 4932 ι
3246 4878 3450 4934 Κάθου.
3470 4895 3492 4929 ι

1936 4981 2099 5035 una:
2127 4980 2191 5051 δὴ
2244 4981 2340 5035 καὶ
2391 4978 2451 5032 τὸ
2478 4977 2690 5048 ἑδραῖον
2728 4973 2944 5040 τούτου,
2982 4972 3080 5027 καὶ
3120 4972 3367 5041 μόνιμον,
3403 4970 3502 5025 καὶ

1925 5077 2026 5146 τῆς
2076 5077 2245 5146 τιμῆς
2289 5073 2579 5145 μεγαλεῖον
2632 5070 2797 5141 δηλοῖ-
2841 5071 2875 5141 ή
2908 5068 3168 5137 καθέδρα.
3222 5066 3335 5120 Καὶ
3384 5058 3502 5117 οἷον

1923 5168 2113 5239 ῶσπερ
2147 5166 2259 5238 πῦρ
2283 5164 2484 5225 ἑνωθδν
2514 5162 2741 5233 σιδήρῳ,
2777 5161 2878 5233 τὴν
2904 5160 3004 5231 μὲν
3022 5157 3119 5212 τοῦ
3150 5158 3373 5228 σιδήρου
3397 5154 3503 5224 ψύ-

1923 5261 2010 5327 ξιν
2036 5259 2099 5313 τὸ
2127 5258 2238 5329 πῦρ
2278 5257 2384 5311 οὐκ
2406 5254 2641 5321 ἐδέξατο,
2673 5256 2702 5308 6
2740 5254 2797 5308 δδ
2841 5252 3059 5323 σίδηρος
3100 5250 3215 5320 πῦρ
3258 5248 3498 5315 ἐγένετο·

1926 5353 2023 5406 καὶ
2050 5351 2149 5423 τὴν
2198 5348 2293 5404 τοῦ
2343 5346 2566 5419 στδήρου
2606 5341 2763 5408 αὖθις
2830 5344 3093 5414 μελανίαν
3141 5341 3203 5394 τὸ
3254 5338 3367 5409 πῦρ
3398 5337 3503 5391 οὐκ

1927 5442 2149 5506 ἔπαθεν,
2178 5441 2296 5496 ἀλλ’
2332 5442 2360 5495 6
2386 5439 2605 5509 σίδηρος
2626 5437 2728 5506 τὴν
2747 5434 2843 5490 τοῦ
2882 5433 3055 5506 πυρὸς
3079 5433 3277 5502 αἴγλην
3314 5447 3375 5484 τε
3405 5431 3504 5484 καὶ

1926 5535 2243 5605 λαμπηδόνα
2271 5532 2474 5597 λαϐὼν,
2497 5532 2593 5586 καὶ
2620 5529 2780 5594 αὐτὸς
2799 5527 2921 5591 ὅλος
2934 5525 3196 5598 φωτεινὸς
3251 5524 3500 5594 ὲγένετοο

1925 5629 2070 5683 οὕτω
2110 5643 2200 5696 μοι
2231 5625 2341 5678 νόει
2371 5626 2463 5679 καὶ
2499 5624 2591 5678 ἐπὶ
2610 5623 2699 5676 τοῦ
2728 5617 3048 5693 μονογενοῦς
3080 5616 3213 5672 Υῑοῦ
3243 5615 3337 5673 τοῦ
3362 5611 3500 5669 Θεοῦ

932 5792 1017 5845 "'l
1051 5796 1181 5864 Reg.
1222 5810 1330 5860 xw,
1372 5794 1419 5860 l;
1471 5792 1611 5848 Psal.
1663 5804 1916 5854 Lxxxvm,
1962 5788 2052 5854 “2|;
2091 5788 2210 5843 Act.
2240 5801 2352 5853 χιιι,
2383 5785 2473 5840 2'].
