3970 6212
415 330 529 397 405

1373 338 1672 400 CONTRA
1710 339 2198 401 MAHOMETEM
2239 340 2612 403 APOLOGIA
2655 344 2701 402 I.

3537 288 3660 396 too

416 447 512 499 καὶ
548 445 644 500 τοῦ
687 445 1012 515 ἀνθρώπου,
1057 443 1118 505 οὗ
1148 451 1454 507 ἁνελάϐετο.
1499 455 1559 508 '0
1595 455 1692 524 μὲν
1740 455 1867 516 Υἱὸς
1895 453 1989 508 τοῦ

2094 456 2260 518 mine,
2291 470 2454 524 quem
2485 430 2800 522 assumpsit.
2847 451 3020 506 fertur
3058 447 3354 506 sententia.
3381 446 3554 501 Filius
3582 447 3661 500 si-

411 537 553 592 Θεοῦ
591 539 715 591 ἐπεὶ
749 539 880 603 Θεὸς
908 536 997 613 ἦν,
1026 544 1232 614 τροπὴν
1288 546 1320 616 ἢ
1364 547 1576 617 φυρμὸν
1616 547 1648 618 ἢ
1701 547 1984 601 ἀλλοεωσιν

412 628 554 692 ὅλως
576 629 677 682 οὐκ
716 630 951 697 ἐδέξατο,
982 633 1098 686 ἀλλ’
1125 637 1306 706 ἔμεινε
1360 637 1492 702 Θεὸς
1522 639 1878 704 ἀναλλοίωτος
1909 641 1986 705 ὡς

411 719 478 770 τὸ
498 720 793 791 πρότερον·
828 723 919 774 τὸν
972 724 1016 777 δ’
1065 725 1352 796 ἄνθρωπον
1401 729 1460 782 ὃν
1518 732 1832 796 ἀνελάϐετο,
1890 733 1986 788 καὶ

413 809 636 876 ἡγίασε,
689 813 785 864 καὶ
833 813 1074 880 ἐδόξασε,
1125 819 1220 870 καὶ
1265 820 1607 892 ἐλάμπρυνε,
1663 824 1757 878 καὶ
1789 827 1854 894 τῇ
1891 825 1982 878 τοῦ

408 899 553 950 Θεοῦ
593 901 686 953 καὶ
716 903 930 973 [ἰατρὸς
959 906 1021 959 ἐκ
1060 908 1248 972 δεξιῶν
1289 913 1523 985 καθέδρᾳ
1570 914 1855 986 ἐτίμησεν,
1885 917 1986 984 οὐχ

409 987 494 1050 ὡς
519 988 651 1052 Θεὸς
679 990 819 1060 ἔχων
856 993 1028 1058 δεξιὸν
1065 997 1229 1065 μέρος
1258 999 1290 1068 ἢ
1323 1001 1612 1072 ἀριστερὸν
1648 1003 1841 1074 (ταῦτα
1878 1006 1986 1073 γὰρ

417 1079 711 1145 σωματικά
767 1083 950 1154 εἰσιν),
1005 1085 1121 1139 ἀλλ’
1155 1087 1348 1160 ῶσπερ
1403 1091 1494 1146 ἐπὶ
1547 1093 1646 1164 τῆς
1695 1096 1984 1166 καθέδρας,

410 1167 587 1233 ἔδειξε
621 1171 680 1223 τὸ
726 1173 827 1241 τῆς
868 1175 1035 1245 τιμῆς
1090 1179 1398 1247 μεγαλεῖον,
1458 1181 1601 1237 οῦτω
1644 1189 1739 1239 καὶ
1771 1187 1865 1240 ἐπὶ
1893 1189 1986 1242 τοῦ

410 1258 594 1325 δεξιοῦ
621 1264 822 1333 μέρους
841 1261 984 1321 εἷπε.
1010 1268 1141 1333 Θεὸς
1162 1271 1271 1340 γὰρ
1305 1272 1426 1326 οὕτε
1450 1274 1688 1342 ἵσταται,
1724 1279 1846 1332 οὔτε
1885 1281 1987 1332 κά-

411 1351 600 1418 οηται,
627 1354 748 1408 οὔτε
778 1356 959 1423 δεξιὰν
985 1360 1120 1430 ἔχει,
1165 1361 1279 1416 οὔτ’
1313 1364 1381 1417 αὖ
1411 1368 1725 1438 ἀριστερὰν,
1751 1370 1886 1422 ἀλλὰ
1918 1371 1988 1426 τὰ

412 1443 598 1494 πάντα
641 1445 862 1516 πληρῶν
891 1451 1054 1504 ἐστιν.
1105 1452 1282 1516 «Ἕως
1311 1455 1376 1509 ἂν
1397 1456 1473 1509 θῶ
1505 1458 1629 1520 τοὺς
1653 1459 1873 1529 ἐχθρούς
1897 1479 1987 1515 σου

411 1531 709 1585 ὑποπόδιον
735 1533 844 1585 τῶν
870 1535 1046 1589 ποδῶν
1081 1554 1196 1594 σου.
1241 1558 1259 1591 ι
1299 1541 1456 1606 Τίνες
1514 1546 1651 1598 εἰσὶν
1697 1549 1744 1599 οἱ
1798 1547 1987 1602 τούτου

411 1618 643 1688 ἐχθροῖς
692 1622 761 1674 Οἵ
788 1641 845 1675 τε
878 1626 1281 1699 εἰδωλολάτραι,
1317 1634 1366 1684 οἱ
1423 1634 1498 1706 μὴ
1553 1638 1988 1706 προσκυνοῦντες

415 1712 508 1761 τὸν
549 1712 804 1781 Χριστὸν,
838 1718 931 1769 καὶ
981 1720 1141 1782 αὐτὸς
1173 1725 1200 1775 6
1241 1724 1503 1790 διάϐολος.
1537 1730 1648 1798 Οὐχ
1679 1730 1751 1793 ὡς
1791 1732 1985 1785 ἀδυνα-

410 1800 637 1865 τοῦντος
661 1805 752 1857 τοῦ
781 1805 910 1860 Υἰοῦ
930 1809 1117 1879 εἴρηκε
1145 1813 1298 1866 τοῦτο
1327 1817 1354 1868 6
1378 1817 1584 1887 Πατὴρ,
1623 1821 1704 1886 τὸ,
1735 1839 1754 1872 ι
1801 1821 1904 1884 ἕως
1923 1823 1988 1878 ἄν

411 1888 534 1980 θῶι
571 1909 590 1942 ι
637 1891 752 1943 ἀλλ’
781 1892 867 1946 ἵνα
899 1895 1047 1970 δείξῃ
1085 1898 1214 1968 μίαν
1274 1905 1366 1954 καὶ
1410 1904 1508 1975 τὴν
1539 1907 1708 1980 αὐτὴν
1759 1909 1990 1980 δύναμιν

412 1977 586 2035 οὖσαν
626 1984 722 2037 τοῦ
782 2003 840 2039 τε
897 1989 1108 2059 Πατρὸς
1161 1995 1256 2046 καὶ
1314 1994 1462 2060 Υἱοῦ,
1527 1999 1683 2052 τοῦτο
1747 2003 1988 2072 εἴρηκεν.

414 2073 635 2144 Ὠσπερ
684 2077 792 2146 γὰρ
835 2079 894 2132 ἐν
923 2082 1031 2144 τοῖς
1061 2083 1416 2152 Εὑαγγελίοις
1459 2089 1605 2156 λέγει
1636 2093 1663 2144 6
1717 2092 1841 2154 Υἱὸς
1865 2135 1879 2153 ,
1907 2095 1990 2147 ὃτι

419 2181 438 2214 ι
475 2165 670 2228 Οὐδεὶς
700 2166 919 2238 ἔρχεται
957 2173 1094 2241 πρὸς
1123 2175 1214 2227 τὸν
1245 2177 1461 2231 Πατέοα
1501 2183 1548 2232 εἰ
1574 2181 1648 2252 μὴ
1679 2184 1747 2237 δι’
1781 2184 1938 2254 ἐμοῦ,
1965 2205 1983 2237 ι

416 2257 556 2311 οὕτω
581 2261 677 2311 καὶ
699 2262 728 2312 6
757 2263 944 2333 Πατὴρ
972 2261 1140 2334 λέγει,
1166 2268 1247 2321 ὅτι
1284 2289 1304 2321 ι
1339 2271 1416 2324 Δι’
1445 2273 1579 2341 ἐμοῦ
1616 2275 1908 2330 πεσοῦνται
1939 2280 1988 2332 οἱ

426 2349 600 2439 ἐῂροί
633 2369 727 2404 σου
758 2353 860 2406 ὑπὸ
889 2357 1014 2420 τοὺς
1062 2360 1227 2423 πόδας
1265 2379 1380 2414 σου.
1436 2364 1658 2418 Ῥάϐδον
1703 2368 1988 2439 δυνάμεως

430 2435 766 2497 ἐξαποστελεῖ
791 2459 872 2493 σοι
901 2444 1100 2516 Κύριος
1133 2449 1196 2498 ἐκ
1228 2448 1387 2514 Σιὼν,
1417 2453 1510 2503 καὶ
1541 2435 1906 2526 κατακυρῑευε
1929 2459 1988 2510 ἐν

427 2525 571 2592 μέσῳ
597 2527 702 2611 τῶν
730 2529 941 2597 ἐχθρῶν
973 2549 1087 2587 σου.
1124 2553 1142 2585 ι
1177 2535 1274 2598 Τίς
1305 2538 1452 2589 ἐστιν
1487 2540 1519 2607 ἡ
1562 2542 1712 2611 παρὰ
1734 2525 1826 2595 τοῦ
1854 2545 1988 2599 Θεοῦ

419 2617 482 2667 ἐκ
513 2616 653 2668 Σιὼν
672 2621 1046 2699 ,ἀποσταλεῖσα
1070 2627 1284 2695 ῥάϐδος,
1310 2631 1403 2682 καὶ
1426 2632 1563 2699 πρὸς
1597 2634 1720 2687 τίνα
1747 2639 1852 2690 ἀπε
1864 2640 1991 2692 στά-

416 2708 521 2775 λη;
571 2709 713 2778 Πρὸς
742 2711 832 2782 τὸν
873 2715 1158 2786 ἄνθρωπον
1205 2720 1265 2772 ὃν
1311 2723 1604 2778 ἀνελάϐετο
1657 2729 1684 2780 6
1737 2729 1862 2792 Υἱὸς
1896 2735 1989 2785 καὶ

412 2798 589 2863 Λόγος
623 2800 716 2852 τοῦ
762 2802 896 2856 Θεοῦ
955 2808 1258 2880 ἀπεστάλη.
1323 2813 1387 2866 Ἦ
1433 2815 1489 2868 δέ
1540 2817 1732 2888 ῥάϐδος
1783 2822 1929 2874 ἐστὶν
1960 2824 1989 2876 6

415 2889 672 2983 σταυρὸς,
738 2892 796 2956 6;
852 2895 1035 2966 ἐπάγη
1097 2901 1153 2951 ἐν
1207 2903 1270 2972 τῇ
1325 2903 1480 2957 Σιών.
1541 2908 1754 2980 Ὥσπερ
1812 2913 1989 2983 γὰρὴ

413 2979 614 3073 ράϐδος
644 2985 754 3053 ἔχει
785 2986 885 3055 μὲν
918 2996 1282 3065 ποιμαντικὴν
1315 2996 1413 3067 τὴν
1459 2999 1566 3052 ἀπὸ
1606 3000 1700 3054 τοῦ
1728 2979 1990 3073 Ϋποιμένοξ

2087 546 2308 616 quidem
2325 547 2441 610 Dei,
2472 547 2732 616 quoniam
2753 545 2897 600 Deus
2937 550 3076 608 erat,
3119 539 3506 600 mutationem.
3539 537 3662 608 pol-

2086 638 2374 700 lutionem,
2402 647 2496 692 aut
2517 637 2936 692 alternationem
2968 645 3313 703 nequaquam
3336 643 3530 700 passus
3551 635 3658 690 est,

2087 727 2180 783 sed
2219 730 2381 793 Deus,
2418 737 2560 782 utet
2587 735 2771 790 antea,
2807 721 3270 794 impermutabilis
3309 717 3656 790 permansit;

2088 821 2367 875 hominem
2393 836 2526 875 vero
2557 835 2720 888 quem
2749 816 3067 887 assumpsit,
3093 829 3243 877 eum,
3263 812 3508 881 inquam,
3533 825 3662 863 sau-

2087 911 2365 978 ctiticavit,
2406 909 2754 984 gloriﬁcavit,
2786 906 3128 970 clariﬁcavit,
3171 912 3228 959 et
3266 911 3325 956 ut
3375 917 3404 955 a
3455 899 3661 955 dextris

2086 1001 2181 1056 Dei
2226 1001 2406 1056 Patris
2452 1002 2668 1056 sederet
2738 1000 2992 1068 dignatus
3027 1006 3135 1062 est,
3165 1011 3274 1050 non
3323 991 3468 1062 quod
3517 991 3662 1045 Deus

2089 1093 2173 1146 vel
2206 1093 2451 1148 dextram
2485 1092 2708 1154 habeat,
2735 1091 2818 1146 vel
2855 1090 3131 1146 sinistram
3161 1088 3242 1158 sui
3289 1095 3498 1156 partem
3523 1084 3663 1151 (hac

2087 1185 2234 1238 enim
2267 1182 2571 1251 corporalia
2601 1183 2775 1253 sunt),
2819 1182 2912 1236 sed
2947 1178 3408 1250 quemadmodum
3450 1191 3546 1246 per
3577 1189 3663 1230 ses-

2089 1276 2213 1331 dem
2265 1275 2496 1330 honoris
2555 1273 3016 1341 magniﬁcentiam
3068 1269 3398 1341 designavit,
3463 1267 3656 1322 eodem

2089 1383 2253 1423 sensu
2301 1367 2466 1422 etiam
2517 1365 2585 1421 de
2631 1365 2843 1420 dextris
2893 1365 3052 1418 dixit.
3102 1364 3247 1418 Deus
3293 1363 3441 1422 enim
3481 1373 3660 1429 neque

2090 1467 2219 1524 stat,
2252 1473 2432 1528 neque
2487 1458 2666 1522 sedet,
2717 1472 2898 1526 neque
2945 1456 3228 1511 dexteram
3266 1453 3454 1517 habet,
3481 1467 3662 1522 neque

2088 1548 2390 1608 sinistram,
2421 1546 2516 1602 sed
2561 1545 2846 1616 majestate
2884 1559 2982 1600 sua
3017 1544 3208 1614 implet
3250 1542 3456 1596 omnia.
3501 1541 3659 1602 Item,

2095 1657 2114 1690 ι
2167 1641 2348 1693 Donec.
2393 1652 2588 1707 ponam
2640 1637 2894 1692 inimicos
2944 1645 3068 1691 tuos
3116 1634 3415 1690 scabellum
3459 1633 3660 1702 pedum

2093 1739 2332 1784 tuorum.
2369 1749 2386 1780 ι
2422 1728 2656 1795 Quinam
2688 1727 2852 1798 hujus
2879 1726 3090 1782 inimici
3120 1726 3290 1781 sunt?
3330 1725 3660 1782 Idololatrte.

2091 1797 2487 1892 quiChristum
2524 1837 2633 1876 non
2679 1797 2939 1886 adorant,
2973 1830 3029 1873 et
3074 1819 3188 1887 ipse
3221 1816 3496 1871 diabolus.
3537 1814 3663 1868 “me

2090 1930 2244 1978 vero,
2307 1934 2324 1965 ι
2389 1915 2564 1969 donec
2627 1928 2885 1982 posuero,
2929 1931 2947 1966 ι
3000 1912 3159 1966 l’ater
3209 1925 3317 1963 nou
3375 1908 3446 1962 ita
3501 1907 3661 1969 dixit,

2091 2006 2245 2076 quasi
2291 2006 2460 2060 Filius
2508 2006 2573 2060 ad
2626 2006 2730 2059 hoc
2777 2003 3124 2058 eﬂiciendum
3175 2002 3245 2056 sit
3288 1999 3663 2069 impotentior.

2093 2113 2281 2152 verum
2319 2106 2378 2149 ut
2414 2095 2499 2149 his
2531 2096 2719 2150 verbis
2749 2094 3064 2149 ostenderet
3110 2109 3274 2146 uuam
3311 2103 3365 2146 et
3411 2090 3662 2145 eamdem

2091 2204 2210 2242 esse
2237 2187 2412 2243 Patris
2441 2197 2496 2242 et
2519 2187 2638 2241 Filii
2671 2185 2994 2256 potentiam.
3014 2185 3488 2252 Quemadmodum
3515 2186 3664 2243 enim

2093 2279 2147 2334 in
2176 2277 2485 2348 Evangeliis
2523 2278 2652 2332 dicit
2685 2277 2876 2340 Filius,
2916 2295 2934 2326 ι
2972 2275 3144 2329 Nemo
3175 2276 3322 2328 venit
3350 2277 3414 2328 ad
3449 2277 3662 2332 Patrem

2092 2372 2196 2424 nisi
2227 2385 2323 2438 per
2358 2385 2443 2424 me
2483 2371 2564 2433 ";
2615 2387 2633 2419 ι
2688 2368 2759 2421 ita
2813 2367 2976 2421 Pater
3025 2366 3181 2428 dicit,
3221 2385 3238 2417 ι
3277 2367 3392 2420 Mea
3421 2369 3666 2436 potentia

2092 2464 2290 2518 cadent
2333 2462 2539 2515 inimici
2605 2460 2686 2515 tui
2738 2459 2842 2514 sub
2901 2459 3065 2527 pedes
3114 2467 3258 2513 tuos.
3314 2478 3333 2510 ι
3374 2459 3665 2524 Przeterea,

2098 2573 2117 2608 ι
2153 2556 2366 2624 Virgam
2401 2552 2740 2608 fortitudinis
2763 2552 2979 2614 emittet
3002 2551 3099 2605 tibi
3129 2553 3393 2606 Dominus
3415 2568 3479 2606 ex
3512 2551 3666 2615 Sion,

2091 2656 2142 2701 et
2182 2645 2465 2700 dominare
2507 2645 2560 2696 in
2601 2643 2780 2698 medio
2808 2643 3155 2696 tnimieorum
3185 2652 3424 2696 tuorum.
3468 2663 3484 2693 ι
3510 2642 3668 2708 Qua:-

2091 2750 2215 2788 nam
2267 2735 2355 2786 illa
2399 2741 2484 2787 est
2533 2748 2562 2786 a
2613 2733 2722 2785 Deo
2762 2747 2827 2786 ex
2869 2730 2999 2786 Sion
3043 2733 3239 2785 emissa
3295 2731 3466 2800 virga,
3503 2742 3556 2784 et
3598 2731 3666 2784 ad

2093 2843 2254 2898 quem
2289 2827 2453 2880 missa
2489 2826 2615 2879 est?
2647 2823 2724 2879 Ad
2756 2824 3032 2878 hominem
3068 2823 3350 2888 nimirum,
3381 2839 3546 2892 quem
3579 2839 3670 2878 as-

2092 2919 2326 2987 sumpsit
2369 2917 2543 2971 Filius
2588 2925 2644 2970 et
2691 2917 2932 2969 Verbum
2978 2915 3096 2976 Dei,
3152 2915 3316 2968 missa
3368 2922 3472 2968 est.
3506 2915 3668 2983 Virga

2092 3019 2274 3064 autem
2303 3018 2386 3064 est
2410 3009 2526 3078 ipsa
2555 3023 2711 3068 crux.
2739 3023 2861 3076 quae
2892 3007 2945 3060 in
2981 3006 3112 3060 Sion
3148 3017 3230 3060 est
3255 3005 3388 3060 lixa.
3422 3007 3492 3062 Ut
3520 3006 3670 3059 enim

411 3071 671 3174 ﬁfvaptv,
696 3077 808 3147 ἔχει
831 3080 886 3132 δέ
920 3084 1011 3134 καὶ
1044 3081 1457 3160 ἀποτρεπτικὴν
1496 3092 1592 3161 τὴν
1624 3093 1730 3145 τῶν
1757 3071 1982 3167 θηρίων,

2094 3103 2243 3171 virga
2281 3071 2508 3171 propter
2553 3071 2831 3170 pastorem
2882 3087 3182 3167 potentiam
3221 3099 3390 3151 habet
3425 3106 3674 3166 pastora-

413 3163 562 3217 οὕτω
597 3185 688 3236 μοι
718 3171 824 3222 νόει
861 3174 951 3225 καὶ
975 3177 1065 3227 ἐπὶ
1083 3177 1176 3229 τοῦ
1210 3183 1446 3248 σταυροῦ
1470 3183 1562 3234 καὶ
1591 3183 1682 3235 τοῦ
1703 3187 1991 3256 κηρύγμα-

411 3271 509 3315 τος
567 3257 661 3310 τοῦ
710 3260 1067 3331 Εὐαγγελίου.
1116 3289 1134 3320 ι
1169 3270 1266 3322 Ἐκ
1301 3271 1444 3324 Σιὼν
1494 3275 1602 3343 γὰρ
1648 3277 1991 3343 ἐξελεύσεται

414 3352 585 3419 νᾶμος
621 3355 805 3424 (φησὶν
834 3357 1106 3429 Ἡσαΐας),
1145 3363 1234 3415 καὶ
1267 3363 1426 3433 λόγος
1459 3367 1664 3436 Κυρίου
1693 3368 1752 3435 ἐξ
1793 3370 1992 3440 Ἰερου-

415 3441 627 3514 σαλήμ.
673 3465 692 3496 ι
737 3448 944 3506 Πάντες
976 3451 1107 3518 γοῦν
1131 3455 1178 3505 οἱ
1213 3455 1544 3521 ἀκούσαντες
1569 3459 1661 3513 τὸν
1686 3461 1779 3513 τοῦ
1811 3462 1989 3530 Εὐαγ-

416 3533 604 3597 γελίου
642 3535 818 3604 λόγον,
872 3541 964 3593 καὶ
997 3541 1405 3611 βαπτισθέντες,
1454 3549 1841 3618 ἐποιμαίνοντο
1887 3552 1992 3604 ὑπὸ

414 3625 523 3693 τῆς
559 3632 921 3701 ποιμαντικῆς
951 3634 1173 3704 ῥάϐδου,
1223 3639 1320 3695 τοῦ
1351 3643 1584 3714 σταυροῦ
1615 3645 1876 3716 δηλονότι.
1905 3648 1994 3702 Oi-

414 3733 567 3780 τινες
596 3719 651 3771 δέ
701 3723 1124 3794 ἐτραχηλίαζον,
1161 3730 1255 3783 καὶ
1305 3734 1406 3786 οὐκ
1445 3736 1724 3790 ἐπείθοντο
1769 3740 1850 3810 .τῷ
1895 3742 1988 3796 τοῦ

418 3809 759 3877 Εὐαγγελίου
815 3819 1146 3888 κηρύγματι,
1199 3825 1288 3877 καὶ
1329 3829 1439 3890 τοῖς
1467 3809 1843 3895 ἀποστολικοϊξ
1876 3835 1992 3888 δια-

415 3898 687 3966 τάγμασι,
718 3905 782 3972 τῇ
816 3903 1038 3976 δυνάμει
1066 3909 1158 3963 τοῦ
1196 3913 1433 3983 σταυροῦ
1475 3919 1569 3969 καὶ
1595 3919 1822 3984 ἄκοντες
1856 3923 1991 3978 ὑπέ·

415 4007 649 4045 κυπτον.
677 3996 773 4048 Διὰ
807 3997 914 4067 γὰρ
946 4000 1039 4052 τοῦ
1074 4005 1307 4072 σταυροῦ
1347 4008 1573 4080 ἐνικήθη
1609 4013 1703 4064 καὶ
1757 4032 1996 4070 κατεπα-

416 4081 564 4174 τήθη
593 4085 620 4136 6
651 4084 915 4151 διάϐολος,
947 4090 1156 4144 διὰ’τοῦ
1187 4097 1424 4165 σταυροῦ
1468 4101 1561 4153 καὶ
1603 4102 1696 4154 τοῦ
1729 4103 1993 4174 ὀνόματος

410 4172 520 4225 τοῦ
547 4175 783 4244 Χριστοῦ
813 4179 1060 4246 ἐγένοντο
1085 4187 1151 4238 τὰ
1184 4186 1474 4258 ἀπόρρητα
1496 4193 1588 4243 καὶ
1619 4172 1835 4258 ἐξαίσια
1860 4196 1994 4249 θαύ-

420 4283 598 4358 ματα.
627 4270 734 4323 Καὶ
759 4272 842 4335 τίς
867 4274 1022 4341 χρεία
1041 4277 1252 4330 πολλῶν
1271 4279 1446 4348 λόγων
1468 4299 1482 4346 ;
1512 4282 1610 4336 Διὰ
1632 4285 1724 4337 τοῦ
1758 4288 1993 4358 σταυροῦ

417 4357 521 4409 καὶ
547 4358 643 4410 τοῦ
691 4362 1022 4431 Εὐαγγελιου
1081 4369 1367 4422 ἐπίστευσε
1417 4375 1566 4426 πᾶσα
1607 4376 1638 4444 ἡ
1674 4357 1990 4450 οἰκουμένη,

2096 3194 2223 3260 lem,
2269 3202 2326 3247 et
2360 3207 2480 3246 eam
2510 3207 2618 3261 qua
2656 3190 2785 3244 ferae
2827 3189 3178 3257 depelluntur
3215 3189 3499 3252 virtutem,
3549 3188 3674 3241 talis

2093 3293 2150 3341 et
2186 3298 2306 3338 mea
2344 3284 2412 3338 de
2456 3296 2620 3338 cruce
2665 3291 2720 3336 et
2755 3280 3030 3352 Evangelii
3076 3278 3464 3352 praedicatione
3498 3277 3672 3332 l‘ertur

2094 3374 2387 3430 sententia.
2424 3393 2443 3425 ι
2472 3373 2514 3428 Ε
2544 3371 2674 3427 Sion
2705 3373 2850 3426 enim
2883 3371 3198 3443 egredietur
3227 3372 3334 3436 lex,
3367 3371 3668 3426 secundum

2095 3463 2307 3528 Isaiam,
2345 3471 2399 3517 et
2425 3463 2651 3517 verbum
2685 3463 2895 3516 Domini
2933 3463 2999 3516 de
3031 3463 3336 3518 Jerusalem
3365 3465 3430 3516 ὀ.
3468 3482 3485 3514 ι
3545 3463 3672 3518 Ome

2093 3573 2193 3613 nes
2247 3558 2431 3626 itaque
2468 3558 2559 3626 qui
2613 3557 2804 3612 audito
2856 3555 3136 3625 Evangelii
3187 3556 3356 3609 verbo
3411 3556 3668 3624 baptizati

2094 3658 2241 3710 sunt,
2267 3649 2526 3718 pastorali
2559 3649 2649 3704 illa
2673 3649 2824 3717 virga
2849 3656 3173 3716 pascuntur,
3197 3662 3360 3701 cruce
3387 3647 3668 3714 nimirum;

2095 3743 2188 3813 qui
2236 3757 2370 3797 vero
2401 3741 2708 3797 cervicibus
2755 3740 3030 3796 induratis
3082 3741 3368 3810 Evangelii
3409 3741 3673 3810 praedica-

2097 3835 2233 3889 tioni
2282 3850 2388 3888 non
2435 3833 2814 3897 crediderunt,
2867 3847 2969 3886 nec
3017 3832 3303 3901 praeceptis
3333 3832 3670 3900 apostolicis,

2095 3926 2277 3981 crucis
2328 3924 2586 3995 potentiae
2647 3924 2810 3980 etiam
2870 3924 3028 3979 inviti
3081 3923 3514 3979 succubuerunt.
3570 3925 3672 3979 Per

2096 4030 2315 4070 erucem
2343 4016 2488 4070 enim
2524 4023 2580 4073 et
2606 4014 2785 4068 victus
2813 4023 2870 4068 et
2895 4013 3251 4068 conculcatus
3271 4023 3355 4068 est
3383 4013 3669 4080 diabolus;

2097 4124 2195 4180 per
2228 4124 2446 4164 crucem
2473 4117 2529 4162 et
2557 4123 2755 4162 nomen
2787 4106 2988 4162 Christi
3040 4107 3291 4165 miranda
3321 4117 3376 4162 et
3403 4109 3672 4176 stupenda

2098 4203 2360 4258 miracula
2408 4212 2537 4257 sunt
2583 4203 2754 4257 edita.
2821 4201 2883 4254 Et
2931 4201 3064 4272 quid
3123 4202 3309 4256 multis
3359 4201 3534 4271 opus?
3572 4203 3674 4257 Per

2098 4308 2316 4348 crucem
2351 4301 2406 4346 et
2427 4292 2785 4361 Evangelium
2833 4299 2980 4346 totus
3011 4301 3280 4346 terrarum
3313 4292 3464 4347 orbis
3493 4295 3673 4349 credi~

2101 4387 2200 4450 dit,
2234 4393 2290 4439 et
2337 4385 2465 4440 facti
2500 4393 2630 4444 sunt
2675 4385 2820 4438 servi
2860 4385 3083 4454 quidem
3127 4386 3358 4449 Christi,
3410 4386 3504 4439 lilii
3545 4403 3676 4443 vero

419 4451 522 4502 καὶ
553 4452 803 4518 ἐγένοντο
849 4456 1026 4510 δοῦλοι
1062 4459 1162 4527 μέν
1213 4460 1308 4514 τοῦ
1340 4463 1603 4534 Χριστοῦ,
1638 4467 1742 4520 υἱοὶ
1775 4469 1832 4522 δὲ
1874 4472 1990 4524 κατ’

2103 4478 2333 4532 Abralue
2355 4477 2508 4546 juxta
2535 4451 2954 4547 promissionem
2987 4493 3084 4546 per
3111 4476 3416 4543 Christum,
3455 4479 3674 4535 Christo

419 4544 764 4612 ἐπαγγελίαν
794 4549 886 4601 τοῦ
937 4551 1192 4621 ’Λϐραὰμ
1243 4555 1331 4608 διὰ
1379 4556 1476 4610 τοῦ
1527 4559 1787 4629 Χριστοῦ,
1834 4562 1910 4624 ὡς
1936 4564 1990 4616 ἐκ

2099 4544 2368 4623 nimirum
2395 4581 2462 4620 ex
2494 4544 2612 4637 ipso
2639 4566 2871 4621 Alirahie
2901 4544 3110 4623 semine
3138 4579 3286 4622 nato.
3313 4569 3379 4622 Et
3418 4577 3549 4624 tunc
3577 4571 3676 4624 do-

423 4641 744 4706 σπέρματος
780 4641 876 4694 τοῦ
904 4643 1068 4698 αὑτοῦ
1098 4645 1352 4718 ’Λϐραὰμ
1373 4651 1727 4721 γεννηθέντος
1747 4652 1838 4706 τοῦ
1865 4655 1990 4724 Χρι-

2101 4657 2344 4713 minatus
2363 4667 2445 4713 est
2473 4659 2529 4712 in
2562 4659 2742 4713 medio
2773 4659 3127 4712 inimicorum
3152 4677 3376 4715 suorum
3399 4662 3671 4717 Christus.

424 4726 578 4782 σεοῦ.
621 4731 730 4784 Καὶ
759 4733 879 4786 τότε
910 4738 1336 4805 κατεκυρίευσεν
1375 4742 1433 4792 ἐν
1468 4741 1618 4812 μέσῳ
1644 4745 1749 4796 τῶν
1783 4745 1997 4815 ἐχθρῶν

422 4819 594 4872 αἰτοῦ
635 4821 949 4894 ὀ-Χριστός.
986 4828 1255 4897 Πρόσεξον
1293 4831 1474 4886 τοίνυν
1518 4833 1618 4903 τὴν
1652 4836 1998 4906 προφητικὴν

423 4912 732 4979 ἀκρίϐειαν.
791 4917 904 4971 Οὐκ
928 4916 1069 4985 εἷπε,
1098 4922 1240 4976 Νίκα
1270 4923 1394 4986 τοὺς
1441 4925 1668 4996 ἐχθρούς
1708 4945 1802 4982 σου
1823 4945 1840 4960 ·
1868 4931 1998 5000 νικᾷ

424 5007 536 5072 γάρ
564 5023 648 5069 τις
679 5006 933 5074 πολλάκις
957 5011 1046 5064 τὸν
1080 5012 1276 5084 ἐχθρὸν
1300 5015 1486 5080 αὐτοῦ,
1517 5018 1634 5070 ἀλλ’
1683 5021 1764 5075 ἐτι
1800 5022 1996 5074 ἐναποο

427 5095 578 5164 μένει
615 5099 779 5166 μέρος
819 5100 1101 5169 δυνάμεως
1126 5107 1182 5160 ἐν
1213 5107 1383 5177 αὐτῷ.
1415 5107 1545 5162 Eine
1575 5111 1648 5175 δὲ,
1687 5131 1704 5164 ι
1743 5115 1997 5169 Κατακο-

426 5189 600 5256 picus,
629 5208 648 5242 ι
673 5191 852 5258 δηλῶν
867 5195 1116 5250 ἐντεῦθεν
1157 5199 1253 5268 τὴν
1286 5200 1732 5272 ὑπερϐάλλουσαν
1767 5204 1995 5276 δύναμιν

421 5278 522 5331 τοῦ
571 5281 826 5352 σταυροῦ,
885 5284 980 5340 καὶ
1013 5287 1108 5357 τὴν
1157 5290 1236 5352 εἰς
1293 5292 1461 5362 ἄκρον
1521 5294 1825 5364 ἀδυναμίαν
1889 5295 1996 5350 τῶν

424 5373 637 5444 ἐχθρῶν
655 5375 842 5433 αὐτοῦ.
861 5395 879 5428 ι
901 5377 990 5430 Ἐν
1009 5381 1158 5448 μέσῳ
1177 5381 1285 5435 τῶν
1313 5384 1522 5453 ἐχθρῶν
1547 5403 1661 5439 σου·
1688 5406 1706 5438 ι
1735 5389 2000 5442 καὶτοῦτο

423 5464 527 5533 τὴν
543 5464 766 5534 ἄπειρον
786 5468 1013 5538 δύναμιν
1034 5470 1327 5526 αἰνίττεται
1350 5475 1441 5528 τοῦ
1461 5478 1716 5549 σταυροῦ.
1736 5479 1824 5532 Ἐν
1849 5481 2000 5549 μέσῳ

337 5616 340 5617 ν
425 5557 541 5626 γὰρ
561 5560 761 5622 παντὸς
789 5559 882 5612 τοῦ
914 5560 1144 5632 κόσμου,
1189 5565 1285 5619 καὶ⁸
1315 5567 1372 5620 ἐν
1395 5569 1548 5637 μέσῳ
1572 5570 1682 5624 τῶν
1710 5570 1998 5625 εἰδωλολα-

509 5743 550 5776 ¹⁹
584 5744 738 5800 Jaan.
789 5759 897 5810 xiv,
933 5744 984 5797 6.
1064 5747 1107 5776 ²⁰
1144 5744 1248 5800 Isa.
1304 5762 1359 5813 lt,
1389 5747 1438 5803 3.

2099 4749 2354 4815 Attende,
2381 4765 2588 4820 quaeso,
2640 4733 2761 4820 qua:
2811 4751 2977 4808 fuerit
3037 4752 3320 4820 prophetae
3369 4751 3673 4821 diligentia.

2100 4843 2218 4896 Non
2252 4841 2408 4907 dixit,
2442 4843 2611 4898 Vince
2654 4843 2839 4899 hostes
2876 4854 3023 4903 tuos.
3065 4844 3274 4914 δωρῑυε
3321 4847 3467 4897 enim
3508 4846 3679 4899 hostis

2105 4935 2174 4988 ab
2209 4933 2396 5003 aliquo
2431 4934 2692 4996 vineimr,
2728 4936 2780 4988 in
2813 4951 2922 5003 quo
2946 4943 3126 4988 tamen
3155 4935 3337 5002 aliqua
3371 4935 3553 4988 adhuc
3580 4935 3679 4990 ho-

2107 5024 2246 5080 stilis
2271 5025 2528 5092 potentiae
2568 5027 2748 5092 portio
2788 5035 3053 5079 remanet.
3088 5025 3234 5078 Dixit
3270 5033 3476 5086 autem,
3517 5045 3534 5074 ‹
3572 5026 3678 5078 Do-

2107 5118 2350 5180 minare;
2414 5136 2432 5169 ι
2485 5117 2568 5171 vel
2620 5117 2746 5171 hinc
2796 5117 3002 5170 docens
3048 5117 3484 5172 inasstimabilem
3530 5119 3676 5172 illam

2105 5209 2286 5262 crucis
2316 5208 2640 5277 potentiam,
2681 5217 2738 5262 et
2769 5224 3038 5264 summam
3085 5210 3326 5264 hostium
3372 5210 3545 5280 ipsius
3581 5211 3681 5263 im-

2105 5298 2424 5368 potentiam.
2457 5299 2596 5351 'l‘um
2645 5308 2700 5353 et
2742 5299 2899 5362 illud,
2933 5319 2948 5350 ι
2995 5300 3048 5354 in
3098 5299 3284 5354 medio
3329 5300 3678 5354 inimicorum

2105 5399 2352 5455 tuorum,
2393 5391 2726 5445 i'inliuitam
2779 5393 2960 5446 crucis
3014 5393 3310 5461 potentiam
3364 5391 3563 5445 innuit.
3620 5391 3679 5446 lu

2109 5481 2292 5535 medio
2321 5483 2468 5536 enim
2503 5487 2674 5539 totius
2715 5486 2925 5549 mundi,
2959 5497 3012 5539 et
3045 5486 3097 5539 in
3141 5486 3323 5539 medio
3361 5487 3681 5540 idololatra-

2111 5587 2235 5633 rum
2267 5575 2497 5648 apostoli
2527 5584 2578 5631 et
2610 5575 2806 5638 horum
2835 5594 3184 5633 successores
3218 5579 3678 5648 praedicaverunt,
