3970 6212
377 304 488 367 40‘l

1344 313 1638 374 CONTRA
1687 311 2169 373 ΜΛΙΙΟΜΕΤΕΜ
2216 313 2592 374 APOLOGIA
2638 315 2685 374 l.

3515 301 3621 380 ιιο

379 425 475 477 λου
515 426 661 476 ἐστίι
690 425 718 478 6
748 424 924 493 1610;,
976 427 1049 490 ὡς
1097 429 1254 498 δῆθεν
1293 432 1395 499 πρὸ
1426 432 1514 484 τοῦ
1556 434 1704 501 ἡλῖου
1738 430 1945 497 γεγονό-

2051 433 2180 488 "esse
2208 433 2436 491 diceret.
2463 435 2616 503 quasi
2656 434 2732 488 illi
2773 427 2900 487 ante
2931 434 3098 488 solem
3133 443 3372 488 creatum
3415 435 3620 492 (auditi

380 535 480 578 τας
506 519 633 579 τοὺς
660 519 944 585 ἀγγέλους,
976 517 1149 581 εἶπεν,
1189 539 1206 572 ι
1238 523 1301 574 ἐκ
1333 526 1570 592 γαστρὸς
1603 527 1705 593 πρὸ
1746 523 1950 589 ἑωσφό-

381 627 500 677 pou.
535 628 553 659 ι
577 609 649 661 T6
675 612 783 680 γὰρ
822 629 837 660 ι
872 614 934 664 ἐκ
952 613 1183 681 γαστρὸς
1220 632 1237 664 ι
1272 617 1368 683 οὐχ
1409 616 1483 678 ὡς
1523 618 1764 684 γαστέρα
1804 617 1949 684 ἔχειν

379 703 471 755 τὸν
503 704 637 754 Θεὶν
660 703 815 755 τοῦτο
841 703 1082 773 εἴρηκεν,
1139 706 1252 758 ἀλλ’
1278 706 1351 769 ὡς
1383 709 1409 760 6
1459 709 1619 769 αὐτὸς
1686 708 1852 762 Δαὸὶδ
1894 714 1949 762 ἐν

381 792 555 860 ἑτέρῳ
582 792 753 860 λέγει,
781 794 863 846 ὅτι
896 813 913 844 ι
952 794 1014 846 Αἱ
1070 796 1251 865 χεῖρές
1291 815 1387 850 σου
1430 800 1694 869 ἐποίησάν
1728 818 1798 869 με
1854 802 1949 854 καὶ

380 878 625 932 ἔπλασαν
657 899 748 948 με,
791 901 808 932 ι
840 882 936 950 τὴν
972 883 1373 956 δημιουργικὴν
1398 888 1626 955 δύναμιν
1659 891 1752 942 τοῦ
1811 891 1946 944 Θεοῦ

380 972 643 1024 δ-ικνῦων
663 986 678 1000 ⁶
698 973 811 1035 καὶ,
833 992 852 1023 ι
877 973 1170 1042 Ὁφῧαλμοὶ
1190 979 1393 1046 Κυρίου
1409 979 1772 1042 ὲπὶδικαξους.
1804 999 1822 1032 ι
1849 982 1947 1049 τὴν

379 1063 748 1132 προνοητικὴν
775 1063 1002 1132 δύναμιν
1036 1064 1129 1118 τοῦ
1160 1065 1317 1132 Θεοῦ,
1368 1068 1461 1120 καὶ
1498 1068 1581 1120 ὅτι
1632 1069 1761 1134 ἄξια
1808 1070 1947 1139 ἔργα

382 1153 720 1219 πράττουσιν
747 1155 795 1207 οἱ
838 1154 1058 1217 δίκαιοι,
1096 1155 1236 1210 ὥστε
1269 1159 1532 1211 εἰσελθεῖν
1591 1161 1820 1213 ἐνώπιον
1852 1159 1945 1212 τοῦ

381 1245 541 1298 Θεοῦ.
573 1244 726 1297 Οῦτω
761 1245 856 1298 καὶ
885 1248 1027 1301 κατὰ
1075 1249 1132 1300 τὸ
1176 1254 1350 1318 παρὸν
1394 1253 1452 1304 ὲν
1495 1249 1572 1320 τῷ
1602 1253 1796 1314 εἰπεῖν,
1832 1268 1850 1301 ι
1885 1252 1946 1302 ἐκ

377 1337 637 1406 γαστρὸς,
681 1357 700 1388 ι
730 1339 898 1405 ἔδειξε
954 1340 1050 1410 τὴν
1113 1340 1284 1410 αὐτὴν
1341 1343 1432 1396 καὶ
1467 1343 1594 1413 μίαν
1627 1343 1814 1396 οὐσίαν
1853 1343 1946 1394 καὶ

375 1428 543 1495 φύσιν
587 1430 713 1480 Υἱοῦ
761 1448 817 1482 τε
873 1431 962 1482 καὶ
999 1432 1230 1500 Πατρός.
1257 1434 1470 1501 Ὥσπερ
1518 1435 1625 1502 γὰρ
1656 1433 1722 1485 τὰ
1759 1433 1944 1502 ἄψυχα

373 1521 574 1591 δέσδρα
610 1521 681 1572 τὰ
731 1521 872 1573 αὐτὰ
901 1523 990 1574 καὶ
1017 1523 1178 1589 ὅμοια
1226 1523 1409 1583 αὐτοῖς
1451 1523 1738 1588 γεννῶσιν,
1777 1526 1808 1590 ἠ
1837 1523 1944 1590 γὰρ

375 1615 520 1682 συκῆ
549 1613 723 1681 συκῆν
775 1614 963 1683 γεννᾷ,
1004 1613 1153 1681 καὶὴ
1205 1613 1362 1666 ἐλαία
1412 1615 1634 1666 ἐλαίανο
1684 1615 1944 1677 ὡσαύτως

372 1707 470 1760 καὶ
499 1707 566 1758 τὰ
597 1705 771 1772 ἄλογα
804 1705 917 1768 ζῶα
947 1705 1147 1775 ὁμοίως
1181 1705 1239 1758 ἓν
1261 1705 1491 1758 ἕκαστον
1527 1706 1734 1759 τούτων
1757 1708 1942 1774 ὅμοιον

371 1791 525 1861 αὖτῷ
568 1794 664 1844 καὶ
687 1794 785 1860 τῆς
819 1792 988 1862 αὐτῆς
1019 1793 1232 1859 φύσεως
1257 1795 1424 1864 γεννᾷ
1476 1794 1740 1864 γέννημα.
1783 1795 1941 1848 Ἀλλὰ

371 1884 437 1952 δὴ
469 1883 564 1935 καὶ
587 1885 614 1934 6
646 1883 955 1949 ἄνθρωπος,
988 1883 1205 1950 λογικὸς
1254 1883 1352 1948 ὢν,
1399 1885 1616 1952 λογικὸν
1659 1885 1945 1956 ἄνθρωπον

370 1973 562 2041 γεννᾷ.
600 1972 694 2023 καὶ
716 1970 907 2039 Θνητδς
934 1970 1030 2036 ὣν,
1061 1971 1214 2034 αὖθις
1255 1973 1452 2040 Θνητόν
1483 1991 1496 2004 ’
1527 1977 1618 2028 καὶ
1651 1977 1750 2044 τῆς
1777 1978 1945 2045 αὐτῆς

369 2063 565 2121 οὐσίας
585 2080 642 2115 τε
673 2062 768 2114 καὶ
795 2063 1009 2130 φύσεώς
1037 2064 1183 2116 ἐστιν
1209 2066 1235 2117 6
1277 2066 1390 2127 υἱὸς
1423 2066 1500 2135 τῷ
1533 2068 1724 2138 πατρί.
1763 2067 1947 2135 Πολλῷ

377 2157 580 2226 μᾶλλον
609 2155 944 2225 λογιζόμεθα
973 2156 1132 2210 τοῦτο
1172 2157 1266 2211 καὶ
1299 2159 1650 2227 ἀσυγκρίτως
1703 2160 1797 2211 ἐπὶ
1847 2159 1942 2213 τοῦ

377 2247 536 2312 θεοῦ,
565 2249 648 2300 ὅτι
673 2250 703 2300 6
741 2247 866 2310 Υἱὸς
899 2248 990 2301 καὶ
1015 2235 1187 2317 Λόγος
1213 2233 1380 2301 αὑτοῦ
1404 2251 1505 2319 τῆς
1535 2249 1704 2318 αὐτῆς
1731 2250 1945 2319 φύσεως

385 2341 479 2392 καὶ
505 2339 695 2402 οὐσίας
728 2340 845 2392 ἐστὶ
874 2339 966 2392 τοῦ
999 2340 1230 2409 Πατρὸς,
1278 2340 1462 2402 Ωαοὼς
1494 2341 1590 2394 καὶ
1628 2340 1772 2396 ἔστι.
1834 2342 1947 2393 Καὶ

397 2429 582 2480 cuius:
608 2429 897 2498 ἀκρίϐειαν
922 2429 1292 2500 προφητειῶν.
1327 2430 1506 2484 Εἰπὼν
1531 2431 1642 2502 γὰρ
1680 2433 1707 2485 6
1737 2432 1947 2502 προφή-

394 2539 510 2588 της,
554 2536 572 2570 ι
604 2515 768 2573 Εἶπεν
816 2520 844 2571 6
900 2518 1124 2587 Κύριος,
1170 2537 1190 2570 ι
1247 2519 1449 2584 ἔδειξεν
1505 2520 1587 2571 ὅτι
1643 2519 1733 2572 τὸν
1811 2518 1946 2570 Θεὺν

387 2617 550 2681 λέγει,
577 2602 645 2676 ὥς
673 2611 1064 2664 ἀποδέδεικται.
1097 2610 1281 2664 Εἰπὼν
1311 2611 1389 2674 δὲ,
1422 2627 1440 2660 ι
1466 2609 1539 2678 τῷ
1562 2608 1750 2678 Κυρίῳ
1771 2625 1893 2678 μου,
1919 2627 1938 2660 ι

384 2705 475 2756 καὶ
520 2705 607 2766 τὸ,
641 2722 660 2754 ι
699 2701 884 2756 Κάθου
924 2703 987 2752 ἐκ
1022 2701 1212 2765 δεξιῶν
1272 2719 1398 2768 μου,
1435 2701 1538 2761 ἓως
1589 2697 1656 2752 ἂν
1688 2698 1764 2750 οῶ
1818 2697 1944 2759 τοὺς

377 2797 609 2865 ἐχθρούς
668 2812 759 2846 σου
791 2784 1080 2847 ὑποπόδιον
1114 2793 1222 2846 τῶν
1266 2791 1442 2844 ποδῶν
1475 2808 1566 2844 σου
1600 2805 1614 2820 ·
1657 2809 1676 2841 ι
1715 2789 1810 2842 καὶ
1864 2787 1942 2853 τὸ,

383 2886 651 2941 «Ῥάϐδον
711 2885 992 2954 δυνάμεως
1059 2883 1408 2949 ἐξαποστελεί
1476 2899 1556 2933 σοι
1611 2880 1816 2950 Κύριος
1880 2881 1944 2932 ὲκ

379 2977 545 3042 Σιὼν,
584 2995 602 3026 ι
637 2976 732 3028 καὶ
760 2976 840 3041 τὸ,
870 2994 888 3024 ι
930 2973 1312 3042 Κατακυρίευε
1343 2973 1398 3023 ὲν
1425 2971 1574 3040 μέσῳ
1600 2961 1706 3021 τῶν
1736 2968 1945 3038 ἐχθρῶν

378 3083 477 3119 σου
506 3083 520 3095 ο
552 3085 571 3116 ι
612 3065 785 3118 ταζτα
813 3063 988 3116 πάντα
1027 3062 1117 3115 τὸν
1153 3061 1291 3130 ὑπὲρ
1321 3059 1482 3128 φύσιν
1522 3059 1807 3129 ἄνθρωπον
1844 3058 1937 3111 καὶ
1968 3081 2010 3138 c
2041 3083 2232 3123 eorum
2279 3075 2496 3120 ιιιοι-ιιηι
2543 3084 2556 3120 ε

377 3159 760 3224 ἀνὲκφραστον
820 3150 991 3207 εἷπεν.
1050 3153 1167 3206 Ἵνα
1223 3153 1278 3205 δὲ
1311 3151 1458 3223 δείξῃ
1492 3151 1574 3204 ὃτι
1630 3149 1794 3211 αὑτός
1826 3151 1942 3201 ἐστι

378 3250 478 3300 καὶ
514 3247 646 3308 Θεὸς
680 3246 773 3297 καὶ
822 3245 1128 3313 ἄνθρωπος,
1156 3243 1327 3312 λέγει,
1360 3262 1376 3293 ι
1410 3242 1563 3296 Μετὰ
1601 3241 1694 3294 σοῦ
1733 3241 1765 3309 ἡ
1797 3241 1942 3310 ἁρχὴ

379 3341 437 3392 ἐν
470 3337 765 3408 ἡμέρᾳτῆς
786 3337 1064 3406 δυνάμεώς
1099 3353 1214 3399 σου,
1245 3337 1303 3388 ὲν
1321 3337 1437 3396 ταῖς
1462 3333 1812 3403 λαμπρότησι
1839 3333 1945 3383 τῶν

379 3431 554 3498 ἁγέων
586 3447 702 3483 σου.
733 3448 749 3478 ι
773 3429 890 3481 Ἵνα
921 3429 976 3480 δὲ
1008 3427 1170 3480 πάλιν
1201 3426 1352 3496 δείξῃ
1379 3425 1471 3478 καὶ
1493 3423 1782 3497 φανερὼσῃ
1813 3424 1946 3476 Θεὸν

379 3525 512 3575 ὄντα
546 3523 641 3574 καὶ
666 3521 887 3589 γνήσιον
913 3520 1042 3572 Υἱδν
1070 3517 1234 3571 αὑτοῦ
1270 3517 1334 3586 δὴ
1364 3517 1455 3569 τοῦ
1502 3515 1658 3580 Θεοῦ,
1695 3515 1785 3570 καὶ
1821 3515 1947 3584 μίαν

380 3613 575 3666 οὖσῗαν
609 3612 702 3663 καὶ
728 3615 888 3678 φύσιν
912 3611 1100 3678 ἔχοντα
1134 3609 1269 3678 μετὰ
1297 3607 1388 3659 τοῦ
1426 3606 1559 3659 Θεοῦ
1593 3608 1684 3658 καὶ
1717 3605 1946 3675 Πατρδς,

382 3703 610 3768 εἵπετο,
646 3723 664 3754 ι
717 3705 810 3756 Ἐκ
834 3677 1062 3771 γαστρὸς
1097 3701 1202 3770 πρὸ
1228 3701 1502 3768 ὲιιισφὸρου
1524 3698 1785 3767 ἐγέννησα
1817 3703 1944 3750 σε.’»

392 3799 456 3849 Ὀ
475 3796 518 3847 δ’
544 3794 704 3856 αὐτὸς
734 3794 894 3847 πάλιν
907 3793 995 3844 καὶ
1017 3792 1254 3861 ὲνὲτέρῳ
1275 3791 1442 3856 λέγει,
1470 3811 1485 3841 ι
1513 3790 1620 3842 Καὶ
1642 3789 1727 3854 σὺ,
1755 3787 1948 3858 Κύριε,

382 3889 416 3954 ἡ
453 3885 611 3945 ἐλπίς
645 3902 770 3951 μου,
807 3884 896 3934 τὸν
926 3881 1191 3950 ’Ὕψιστον
1250 3881 1373 3932 ἔο·.υ
1407 3879 1736 3957 καταφυγήν
1767 3895 1884 3932 σου.
1926 3895 1944 3927 ι

385 3974 657 4044 Πρόσεξον
681 3975 738 4026 τὸ
767 3973 1075 4042 λεγόμενον.
1142 3972 1228 4025 Ἐν
1257 3971 1334 4041 τῷ
1364 3973 1539 4024 εἰπεῖν
1583 3973 1672 4024 τὸν
1720 3969 1954 4040 Προφή-

382 4083 510 4135 την.
547 4083 566 4115 ι
606 4064 712 4116 Καὶ
774 4067 859 4128 σὺ,
899 4063 1091 4132 Κύριε,
1131 4063 1348 4133 ήὲλπὶς
1407 4079 1530 4132 μου,
1573 4082 1589 4112 ι
1627 4062 1793 4124 ἔδειξε
1857 4061 1949 4113 τὸν

385 4157 522 4208 Υῐδν
550 4154 644 4206 τοῦ
670 4152 828 4206 Θεοῦ.
865 4171 882 4205 ι
916 4154 1004 4205 Ἐν
1030 4153 1086 4206 δὲ
1119 4153 1216 4223 τῷ,
1248 4149 1387 4205 (τὸν
1422 4151 1705 4218 ”Ὶ’ψιστον,
1733 4170 1750 4202 ι
1785 4150 1952 4214 ἔδειξε

381 4247 477 4298 τον
511 4245 702 4296 τούτου
757 4245 976 4315 Πατέρα
1030 4244 1184 4296 Θεόν.
1228 4245 1318 4296 Ἐν
1350 4243 1407 4295 δὲ
1438 4242 1516 4312 τῷ
1573 4245 1745 4295 εἰπεῖν
1789 4240 1948 4304 αὖθις

379 4343 464 4402 τὸ,
493 4357 511 4388 ι
532 4337 694 4388 Ἐῦου
715 4337 1052 4403 καοαφυγὴν,
1076 4353 1092 4383 ι
1113 4333 1278 4398 ἔδειξε
1302 4333 1388 4385 τὸν
1404 4331 1463 4384 ὃν
1487 4332 1812 4384 ὰνελὰὁετοὸ
1827 4331 1951 4393 Υἱὸς

2053 525 2182 586 sint,
2218 522 2414 594 inquit.
2453 543 2471 576 ι
2503 543 2569 580 ex
2601 535 2756 580 utero
2783 541 3015 580 aurorae.
3054 544 3074 578 ι
3117 525 3272 591 Quod
3297 527 3442 580 enim
3478 528 3616 582 uteri

2055 619 2322 683 meminit,
2354 634 2458 671 non
2487 633 2552 672 eo
2585 633 2748 672 sensu
2784 617 3164 685 accipiendum
3197 628 3282 671 est
3314 619 3619 688 quodDeus

2054 718 2266 762 uterum
2287 709 2502 774 habeat,
2523 709 2615 763 sed
2634 723 2699 762 eo
2717 723 2826 776 quo
2847 717 2902 762 et
2919 708 3084 761 David
3109 709 3237 762 alibi
3263 709 3428 762 dicit:
3465 729 3482 760 ι
3504 709 3617 763 Μιιο

2054 816 2157 855 nus
2183 811 2286 854 tua:
2319 803 2570 855 leceruut
2601 816 2687 854 tne
2713 808 2769 854 et
2803 799 3178 854 formaverunt
3203 815 3288 854 me
3319 799 3396 864 “;
3438 819 3456 851 ι
3487 815 3618 868 ope-

2052 893 2304 946 ratricem
2337 891 2590 946 videlicet
2627 890 2720 944 Dei
2770 891 3064 959 potentiam
3103 891 3420 953 ostendens.
3480 901 3612 952 ete..

2056 1005 2072 1034 ι
2107 983 2262 1039 Oculi
2290 982 2379 1037 Dei
2413 997 2580 1051 super
2607 983 2784 1052 justos
2815 982 2894 1046 ²⁸;
2936 1000 2954 1032 ι
2987 996 3095 1050 quo
3121 983 3299 1036 omnia
3331 981 3621 1050 providen-

2052 1085 2159 1130 tem
2202 1075 2297 1129 Dei
2345 1076 2600 1129 virtutem
2641 1074 2843 1138 innuit,
2885 1084 2942 1128 et
2977 1074 3121 1143 quod
3167 1073 3297 1144 justi
3336 1089 3502 1144 opera
3535 1075 3615 1128 fa-

2049 1169 2196 1222 ciant
2224 1167 2384 1236 digna
2417 1175 2476 1219 ut
2507 1179 2690 1220 coram
2746 1167 2860 1220 Deo
2901 1165 3299 1234 ingrediantur.
3335 1165 3424 1219 Sic
3450 1165 3613 1218 etiam

2049 1273 2289 1328 praesens
2341 1257 2496 1312 locus
2551 1257 2940 1327 intelligendus
3006 1264 3110 1311 est.
3165 1255 3408 1327 Dicenda
3445 1256 3614 1316 enim,

2054 1369 2073 1400 ι
2118 1367 2182 1405 ex
2234 1361 2411 1412 utero,
2452 1368 2470 1401 ι
2504 1349 2745 1404 ostendit
2773 1364 2937 1403 unam
2969 1357 3023 1403 et
3061 1348 3310 1403 eamdem
3341 1347 3465 1400 Filii
3493 1363 3612 1399 eum

2017 1436 2025 1446 ’
2046 1443 2207 1496 Patre
2230 1441 2588 1496 substantiam
2610 1449 2665 1494 et
2685 1449 2959 1493 naturam.
2977 1438 3443 1504 Quemadmodum
3473 1440 3616 1490 enim

2047 1532 2356 1586 inanimata:
2381 1531 2608 1585 arbores
2627 1529 2830 1584 eaedem
2862 1537 2915 1582 et
2940 1529 3144 1583 similes
3173 1528 3274 1581 sibi
3301 1527 3431 1596 ipsis
3460 1544 3624 1596 gene-

2050 1631 2270 1676 rantur:
2304 1622 2437 1676 ticus
2467 1622 2616 1675 enim
2657 1620 2820 1674 {lcum
2855 1629 2911 1674 et
2943 1620 3060 1673 olea
3102 1620 3274 1672 oleam
3301 1619 3512 1688 gignit:
3548 1619 3622 1673 si-

2048 1713 2249 1767 militer
2277 1721 2332 1766 et
2361 1712 2522 1766 bruta
2547 1711 2799 1766 animalia
2835 1711 3044 1780 singula
3074 1713 3224 1779 juxta
3263 1725 3434 1780 genus
3458 1727 3615 1764 suum

2051 1811 2258 1856 naturae
2293 1817 2403 1857 suae
2447 1802 2649 1856 similia
2703 1809 2986 1872 generant.
3036 1809 3090 1856 et
3136 1801 3299 1854 homo
3343 1801 3622 1854 rationalis

2048 1907 2172 1948 cum
2215 1893 2308 1957 sit,
2363 1893 2682 1947 rationalem
2723 1893 2896 1963 gignit
2935 1893 3233 1954 hominem,
3280 1901 3332 1946 et
3376 1887 3621 1946 mortalis

2048 1983 2358 2045 mortalem,
2394 1993 2451 2037 et
2478 1983 2622 2036 lilius
2651 1981 2898 2053 ejusdem
2935 1996 3061 2035 cum
3095 1990 3250 2051 patre
3286 1989 3367 2034 est
3415 1992 3621 2034 naturae.

2045 2083 2102 2128 et
2134 2073 2475 2128 substantiae.
2515 2066 2684 2126 Multo
2714 2071 2884 2141 magis
2909 2071 3076 2142 igitur
3106 2071 3218 2124 haec
3249 2081 3302 2123 et
3325 2070 3441 2123 sine
3472 2070 3618 2122 omni

2047 2162 2388 2217 dubitatione
2416 2162 2484 2215 de
2515 2163 2627 2216 Deo
2662 2161 2986 2224 sentiemus,
3017 2160 3161 2230 quod
3207 2161 3376 2215 Filius
3406 2170 3458 2212 et
3492 2158 3622 2212 Ver-

2046 2252 2172 2307 bum
2200 2251 2373 2322 ipsius
2401 2252 2644 2320 ejusdem
2680 2267 2805 2306 cum
2854 2252 3012 2306 Patre
3047 2253 3116 2305 sit
3162 2259 3372 2304 naturae
3407 2261 3462 2304 et
3495 2253 3621 2305 snt-

2047 2347 2284 2412 stantiat,
2331 2344 2792 2415 quemadmodum
2852 2359 3038 2398 revera
3087 2354 3188 2398 est.
3249 2344 3354 2398 Sed
3412 2345 3618 2413 respice

2047 2437 2464 2507 prophetiarum
2543 2435 2905 2504 diligentiam.
2969 2434 3242 2503 Propheta
3325 2434 3471 2488 enim
3540 2435 3623 2486 iu-

2046 2529 2262 2599 quiens,
2331 2548 2347 2580 ι
2384 2528 2531 2582 Dixit
2558 2528 2840 2591 Dominus,
2873 2545 2892 2593 ι
2930 2526 3173 2580 ostendit
3197 2541 3254 2580 se
3293 2527 3359 2579 de
3392 2526 3500 2579 Deo
3540 2527 3620 2580 di.

2047 2633 2194 2679 cere,
2221 2626 2276 2670 ιιι
2302 2618 2412 2685 jam
2436 2623 2562 2669 ante
2579 2616 3014 2669 demonstratum
3036 2623 3143 2667 est.
3175 2613 3393 2668 Addcns
3415 2621 3619 2672 autem.

2053 2721 2070 2752 ι
2114 2701 2340 2754 Damiuo
2392 2715 2536 2760 meo.
2574 2716 2592 2748 ι
2637 2711 2694 2752 et
2751 2717 2769 2749 ι
2814 2698 2955 2752 Sede
3006 2713 3035 2752 a
3081 2696 3288 2750 dextris
3341 2697 3498 2760 meis,
3528 2699 3622 2750 dr-

2007 2809 2009 2811 ‘
2046 2807 2148 2847 nec
2177 2807 2374 2862 ponam
2411 2790 2678 2860 inimicos
2726 2797 2851 2845 tuos
2902 2789 3198 2844 scabellum
3242 2787 3441 2857 pedum
3507 2797 3622 2840 tm:-

2048 2899 2202 2948 rum,
2251 2893 2392 2948 ete.;
2449 2901 2466 2934 ι
2521 2900 2539 2933 ι
2592 2880 2812 2952 Virgam
2863 2880 3124 2949 potentiae
3165 2880 3379 2934 emittet
3418 2879 3512 2933 tibi
3559 2895 3622 2932 ex

2049 2975 2175 3032 Sion
2227 2975 2541 3040 Dominus;
2591 2983 2680 3040 et,
2720 2992 2739 3025 ι
2785 2975 3076 3028 Dominare
3115 2975 3171 3026 in
3207 2971 3388 3025 medio
3445 2969 3614 3024 inimi-

2605 3084 2624 3118 ι
2688 3066 2804 3120 hate
2835 3066 3016 3120 omnia
3058 3064 3312 3132 inquam,
3349 3061 3621 3116 hominem

2047 3160 2192 3222 omni
2227 3168 2420 3214 natura
2467 3158 2902 3227 prmstantiorem
2942 3165 2999 3210 et
3027 3154 3443 3209 inenarrabilem
3483 3152 3611 3208 desi-

2045 3262 2232 3322 gnant.
2270 3250 2341 3306 Ut
2367 3265 2500 3304 vero
2540 3248 2793 3304 ostendat
2837 3247 3090 3303 eumdem
3121 3256 3176 3300 et
3213 3246 3384 3300 Deum
3420 3259 3540 3298 esse
3569 3251 3624 3295 et

2048 3343 2348 3405 hominem,
2386 3341 2542 3405 dicit,
2593 3359 2611 3392 ‹
2664 3340 2839 3395 Penes
2871 3348 2922 3394 te
2950 3349 3033 3393 est
3074 3338 3410 3407 principatus
3443 3337 3496 3389 in
3537 3335 3625 3387 die

2048 3432 2305 3500 potentia:
2344 3438 2490 3492 tute,
2529 3430 2583 3483 in
2629 3429 2919 3498 splendore
2964 3434 3276 3480 sanctorum
3321 3433 3559 3479 tuorum.
3601 3443 3619 3472 ι

2051 3521 2321 3577 Praeterea
2366 3531 2425 3575 ut
2470 3533 2687 3573 rursum
2721 3519 2955 3580 evincat,
2987 3517 3132 3586 quod
3175 3516 3317 3568 Deus
3364 3531 3488 3569 eum
3531 3515 3622 3576 sit.

2052 3611 2316 3666 naturalis
2336 3611 2504 3666 etiam
2533 3617 2588 3662 et
2621 3623 2790 3662 verus
2814 3607 2886 3661 sit
2917 3608 3006 3660 Dei
3046 3606 3239 3667 Filius,
3275 3615 3330 3658 et
3376 3605 3622 3672 ejusdem

2051 3719 2176 3759 cum
2215 3705 2324 3758 Deo
2350 3704 2510 3758 Patre
2546 3710 2752 3754 naturae
2789 3708 2845 3753 et
2879 3698 3218 3760 substantiae,
3262 3697 3367 3751 boc
3401 3697 3626 3766 subjum

2052 3797 2150 3866 git,
2195 3814 2214 3848 ι
2249 3797 2326 3850 Ex
2356 3805 2512 3849 utero
2541 3806 2750 3847 aurone
2775 3790 2936 3860 genui
2971 3798 3040 3844 te.
3071 3808 3088 3840 ι
3128 3789 3330 3844 Verum
3369 3788 3457 3841 hic
3479 3787 3623 3844 idem

2054 3889 2106 3941 in
2135 3887 2242 3942 alio
2270 3887 2389 3941 loco
2412 3884 2564 3947 dicit,
2592 3902 2610 3934 ι
2638 3884 2704 3937 Ει
2729 3891 2807 3948 ιιι,
2830 3881 3082 3943 Domine,
3104 3893 3231 3948 spes
3255 3893 3393 3941 mea,
3414 3879 3628 3933 Altissi-

2055 3993 2202 4048 mum
2228 3975 2460 4046 posuisti
2495 3974 2790 4044 suﬂ‘ugium
2825 3981 2974 4027 tuum
2999 3972 3067 4025 ".
3106 3989 3123 4023 ι
3159 3970 3391 4026 Attende
3416 3984 3622 4039 quaeso,

2053 4068 2185 4137 qbid
2230 4067 2466 4120 dicatur.
2508 4065 2587 4120 Eo
2637 4064 2782 4118 enim
2813 4063 2961 4133 quod
3001 4061 3271 4130 Propheta
3308 4059 3460 4124 dicit,
3502 4078 3521 4112 ‹
3560 4061 3626 4114 Et

2057 4170 2133 4222 tu,
2171 4157 2418 4221 Domine,
2449 4171 2574 4224 spes
2605 4170 2744 4219 mea,
2784 4173 2802 4205 ι
2830 4154 3026 4208 Filium
3061 4151 3372 4208 Dciinuuit.
3405 4152 3505 4205 Per
3530 4150 3626 4204 Al~

2057 4248 2326 4302 tissimqu
2407 4262 2537 4300 vero
2597 4245 2845 4314 ejusdem
2903 4246 3115 4299 Patrem
3173 4243 3344 4298 Deum
3397 4241 3621 4296 iudicat.

2057 4338 2292 4392 Rursum
2348 4351 2478 4390 vero
2537 4336 2623 4389 his
2669 4336 2882 4401 verbis,
2939 4352 2957 4386 ι
3021 4333 3257 4388 Posuisti
3329 4332 3622 4402 suﬂ'ugium

379 4431 478 4483 τοῦ
513 4429 645 4482 Θεοῦ
682 4428 988 4498 ἄνθρωπον,
1024 4427 1112 4478 τὸν
1137 4425 1327 4496 ἔχοντα
1367 4424 1556 4493 χρείαν
1599 4425 1942 4489 καταφυγῆς·

2053 4439 2227 4491 tuum,
2244 4447 2260 4478 ι
2277 4427 2502 4482 denotat
2519 4426 2815 4488 hominem,
2835 4441 2996 4495 quem
3017 4425 3184 4479 Filius
3199 4426 3291 4479 Dei
3309 4401 3623 4492 assumpsit,

390 4523 454 4574 Ὀ
516 4521 624 4589 γὰρ
655 4519 783 4582 Υἱὸς
829 4516 922 4570 τοῦ
979 4515 1112 4569 Θεοῦ
1141 4515 1329 4586 χρείαν
1359 4512 1682 4581 καταφυγῆς
1727 4512 1824 4563 οὑκ
1871 4506 1949 4562 εἷ-

379 4628 502 4680 χεν.

459 4700 516 4752 ι’.
562 4699 719 4753 Ἀλλὰ
751 4699 842 4751 καὶ
866 4699 890 4749 6
914 4696 1106 4750 τούτου
1140 4697 1314 4759 παῖςὸ
1347 4695 1651 4766 θαυμάσιος
1695 4692 1948 4762 Σολομὼν

375 4794 580 4845 οὑτωσί
610 4804 769 4859 φησι·
804 4808 823 4837 ι
855 4789 962 4842 Καὶ
989 4788 1102 4852 νῦν,
1135 4787 1306 4857 Κύριε
1337 4788 1364 4840 6
1399 4787 1529 4849 Θεὸς
1575 4785 1668 4840 τοῦ
1709 4783 1946 4856 Ἰσραὴλ,

379 4880 712 4950 πιστωθήτω
743 4881 806 4951 δὴ
844 4879 903 4931 τὸ
949 4879 1102 4948 ῥῆμα
1134 4896 1246 4941 σου,
1306 4877 1332 4930 ὅ
1367 4876 1635 4946 ὲλάλησας
1668 4875 1743 4946 τῷ
1797 4874 1948 4928 παιδί

378 4992 477 5025 σου
514 4971 675 5023 Δαϐἰδ
705 4971 781 5040 τῷ
821 4969 988 5039 πατρί
1029 4987 1151 5038 μου,
1183 4971 1263 5021 ὅτι
1292 4970 1342 5020 εἰ
1369 4967 1584 5038 ἀληθῶς
1626 4967 1945 5036 κατοικήσει

377 5067 513 5127 Θεὸς
545 5067 683 5134 μετὰ
733 5059 1034 5130 ἀνθρώπων
1062 5062 1152 5112 ἐπὶ
1192 5062 1284 5131 τῆς
1342 5060 1462 5129 γῆςς
1509 5078 1524 5109 ι
1563 5059 1672 5111 Καὶ
1699 5057 1888 5128 ὥσπερ
1919 5061 1945 5110 6

390 5159 669 5228 Ἱερεμίας
727 5152 900 5219 εἶπεν,
951 5156 1034 5207 ὅτι
1071 5171 1089 5203 ι
1126 5148 1294 5212 Οὗτος
1353 5154 1381 5204 6
1449 5151 1580 5214 Θεὸς
1643 5149 1816 5221 ἡμῶν,
1881 5149 1942 5202 οὐ

377 5249 768 5319 λο,ισῦήσεται
789 5247 974 5315 ἕτερος
1008 5245 1142 5314 πρὸς
1186 5243 1367 5309 αὑτὸν,
1427 5237 1544 5294 εἶτα
1596 5241 1687 5292 ἐπὶ
1715 5241 1809 5310 τῆς
1842 5239 1941 5316 γῆς

373 5341 566 5410 ὤφθη,
609 5339 703 5391 καὶ
755 5341 866 5398 τοῖς
929 5336 1240 5406 ἀνθρώποις
1299 5333 1752 5402 συνανεστράφηο
1801 5329 1942 5383 οὕτω

373 5434 476 5487 καὶ
525 5435 554 5484 6
598 5432 755 5498 σοφὸς
792 5427 1040 5499 Σολομὼν
1097 5428 1262 5493 λέγει,
1322 5425 1422 5486 ὅτι,
1452 5443 1471 5476 ι
1509 5424 1678 5493 Κύριε
1737 5426 1764 5476 6
1812 5425 1941 5485 Θεὸς

382 5524 632 5593 Ἰσραὴλ,
667 5522 996 5589 πιστωοήτω
1051 5521 1115 5587 δὴ
1161 5519 1222 5571 τὸ
1277 5518 1428 5606 ρξμά
1460 5534 1577 5581 σου,
1611 5516 1638 5568 ὂ
1676 5515 1943 5582 ἑλάλησας

369 5619 454 5689 τῷ
487 5615 634 5668 παιδί
659 5631 750 5665 σου
774 5612 954 5666 Δαϐίδ.
979 5630 996 5662 ι
1029 5611 1090 5662 ΤΞ
1110 5609 1355 5680 βούλεται
1379 5606 1436 5659 τὸ
1464 5625 1480 5657 ι
1519 5607 1847 5676 Πιστωθήτω
1873 5623 1886 5668 ;
1914 5624 1930 5656 ι

443 5738 490 5767 ’³
529 5733 668 5789 Psal.
693 5748 809 5788 cxu
839 5750 874 5798 ι,
899 5733 983 5786 75.
1084 5732 1129 5763 ’⁵
1162 5729 1297 5786 Psal.
1329 5746 1512 5794 manu,
1545 5730 1624 5784 i6.

1719 5733 1758 5762 ²⁶
1784 5730 1920 5786 Psai.
1958 5749 2036 5793 te,
2070 5732 2119 5785 9.

2049 4520 2138 4576 cui
2164 4534 2302 4587 opus
2346 4525 2466 4572 erat
2507 4516 2764 4586 suti‘ngio.
2804 4517 2979 4571 Purus
3013 4517 3162 4571 enim
3199 4517 3289 4571 ille
3321 4516 3414 4570 Dei
3454 4516 3624 4570 Filius

2052 4610 2286 4679 sulfugio
2314 4609 2396 4663 vel
2425 4608 2573 4676 asylo
2607 4622 2712 4660 non
2747 4607 3045 4675 indigebat.
3481 4616 3498 4624 ‘

2123 4700 2210 4756 10.
2243 4700 2384 4766 Quin
2412 4708 2467 4753 et
2501 4699 2664 4769 hujus
2689 4698 2836 4753 ﬁlius
2865 4699 3014 4753 omni
3035 4699 3397 4753 admiratione
3428 4698 3624 4766 dignus

2048 4788 2286 4852 Solomo,
2325 4788 2404 4843 sic
2442 4787 2608 4842 dicit:
2643 4805 2661 4837 ι
2692 4786 2936 4853 Ειιιιιιιε,
2961 4804 2992 4866 o
3012 4789 3236 4842 Domine
3260 4787 3398 4841 Deus
3426 4787 3617 4848 Israel,

2053 4888 2229 4934 ratum
2280 4882 2373 4932 tiat
2427 4878 2654 4933 verbum
2723 4887 2898 4943 tuum,
2930 4880 3075 4946 quod
3119 4877 3334 4930 locutus
3375 4891 3434 4929 es
3465 4891 3623 4928 servo

2050 4980 2144 5022 tuo
2181 4969 2369 5029 David.
2404 4968 2544 5036 patri
2587 4983 2732 5026 meo.
2781 4967 3040 5034 quoniam
3076 4981 3203 5018 num
3240 4981 3366 5032 vere
3415 4963 3623 5018 habita-

2050 5062 2129 5116 bit
2161 5061 2299 5113 Deus
2335 5073 2458 5116 cum
2492 5056 2808 5119 hominibus
2837 5071 3005 5123 super
3051 5064 3250 5110 terram
3276 5055 3359 5107 '7?
3388 5073 3406 5106 ι
3440 5055 3527 5118 Ει,
3561 5062 3622 5106 ιιι

2047 5149 2309 5206 Jeremias
2326 5148 2458 5202 dicit
2488 5165 2501 5200 :
2537 5166 2554 5197 ι
2590 5146 2852 5213 Quoniam
2887 5147 2976 5201 hic
3000 5158 3084 5202 est
3113 5147 3256 5202 Deus
3280 5156 3485 5212 noster,
3509 5162 3618 5202 non

2050 5237 2392 5308 reputabitur
2428 5235 2568 5289 alius
2616 5249 2798 5288 coram
2816 5249 2902 5290 eo.
2947 5237 3210 5302 Quoniam
3233 5252 3400 5306 super
3423 5245 3619 5291 terram

2054 5331 2199 5384 visus
2237 5337 2342 5388 est.
2387 5336 2594 5381 etcum
2629 5325 2938 5382 hominibus
2989 5337 3343 5382 conversatus
3386 5337 3477 5381 est
3501 5327 3569 5378 ’⁸.
3596 5344 3616 5376 ι

2053 5423 2144 5477 Sic
2179 5431 2233 5476 et
2264 5421 2479 5490 sapiens
2511 5418 2602 5472 ille
2635 5418 2891 5474 Solomon
2940 5419 3076 5476 dicit
3109 5437 3125 5478 :
3175 5439 3192 5471 ι
3225 5420 3451 5474 Domine
3482 5418 3622 5472 Deus

2049 5514 2238 5577 Israel,
2265 5521 2444 5573 ratum
2493 5511 2584 5564 ﬁat
2617 5511 2843 5564 verbum
2880 5521 3056 5573 tuum,
3106 5510 3250 5578 quod
3286 5510 3518 5563 "loeutus
3560 5527 3622 5566 es

2050 5621 2208 5660 servo
2281 5615 2374 5657 tuo
2428 5603 2615 5657 David.
2655 5621 2672 5652 ι
2714 5603 2851 5668 Quid
2906 5603 3050 5656 enim
3113 5604 3257 5656 aliud
3324 5604 3614 5672 signiﬁcat,

2200 5731 2242 5762 ²⁷
2279 5730 2490 5801 Ιῐιῐὶεε.
2531 5726 2750 5797 γειιλϐ,
2775 5725 2862 5779 27.
2945 5727 2988 5756 ’⁸
3013 5725 3241 5780 Baruch.
3276 5738 3357 5789 ιιι,
3387 5723 3476 5786 56,
3502 5721 3599 5774 38.
