3970 6212
392 282 495 347 411
1579 271 1904 336 JOANNIS
1934 270 2016 331 CA

2119 266 2465 329 'ACUZENI
3509 248 3603 314 412

398 424 417 454 ί
456 403 845 472 Conﬁrmctur,
886 422 904 457 ι
944 416 1104 473 quam
1134 400 1276 467 Fiat,
1304 397 1578 453 reveletur
1612 403 1669 450 et
1688 392 1960 462 texhibea-
1988 392 2016 448 Δ

2119 407 2401 477 εννηθὴτω,
2422 401 2811 474 φανερωθὴτω,
2829 394 3218 464 ἁποδειχθήτω,
3233 394 3288 446 τὸ
3304 393 3601 464 κατοικῆσαι

397 508 512 561 tur,
546 505 608 552 ut
635 505 692 551 tu
720 496 813 567 qui
848 495 993 550 Deus
1031 509 1116 559 es,
1161 490 1450 547 manifeste
1484 503 1610 545 cum
1652 483 1965 540 hominibus

2119 520 2126 552 :
2150 498 2350 569 δηλαδὴ
2378 498 2468 549 τὸν
2494 493 2627 557 Θεὸν
2659 490 2795 561 μετά
2820 488 2927 541 τῶν
2949 485 3273 555 ἀνθρώπων,
3296 484 3323 536 ὃ
3346 485 3434 537 καὶ
3464 486 3604 552 γέγο-

398 587 762 642 converseris.
795 584 951 650 Quod
994 591 1049 638 et
1092 582 1293 637 factum
1340 589 1444 636 est.
1486 578 1659 633 Filius
1690 575 1837 631 enim
1868 571 1965 626 Dei

2119 609 2175 646 :v.
2194 590 2253 641 '0
2279 588 2386 658 γάρ
2410 585 2539 648 ru;
2564 582 2658 636 τοῦ
2683 580 2816 635 Θεοῦ
2832 580 2937 632 ἐπὶ
2959 577 3058 645 τῆς
3083 576 3185 643 γῆς
3213 574 3492 642 ὢφθη,καὶ
3506 575 3605 636 τοῖς

400 693 568 746 super
596 686 798 730 terram
834 675 986 729 visus
1019 682 1129 738 est,
1152 682 1209 727 et
1237 687 1363 727 cum
1404 667 1724 725 hominibus
1756 663 1968 719 habita—

2119 680 2378 751 νθρώποις
2430 674 2868 741 συνανεστράφη.
2901 671 2966 724 Τί
2990 670 3120 740 γοῦν
3161 686 3237 720 σοι
3271 668 3445 726 δοκεῖς
3492 668 3604 735 ’Δρο

402 770 501 823 vit.
537 767 677 835 Quid
720 766 886 836 igitur
938 765 1036 820 tibi
1072 764 1329 820 videtur?
1357 761 1713 818 Suﬂiciuntne
1737 758 1822 812 ha:
1848 771 1970 811 san-

2119 769 2469 825 εταίείσινάί
2516 765 2647 833 περὶ
2696 761 2791 816 τοῦ
2824 758 3067 831 Χριστοῦ
3124 756 3274 827 παρὰ
3316 756 3417 808 τῶν
3455 755 3606 822 ἁγίων

401 869 617 912 ctornm
663 857 731 911 de
775 857 999 912 Christo
1046 856 1434 918 revelationes,
1477 860 1534 907 et
1579 849 1971 921 prophetarum

2119 864 2348 924 ττασίαι,
2387 861 2483 915 καὶ
2538 859 2646 912 τῶν
2703 839 3006 925 προφητῶν
3062 851 3410 921 προφητεῖαι,
3440 847 3527 898 καὶ
3560 849 3605 900 αἱ

403 952 650 1014 oracula,
696 949 984 1019 ipsiusque
1019 948 1113 1003 Dei
1162 944 1476 1002 testimonia
1516 943 1586 997 ad
1633 944 1975 998 demonstra-

2119 957 2224 1029 αρά
2261 953 2357 1006 τοῦ
2384 950 2521 1006 Θεοῦ
2567 946 2866 1019 μαρτυρίαι
2918 946 2999 1005 είς
3028 940 3298 1004 ἀπόδειξιν
3328 940 3405 991 ὅτι
3437 938 3611 1029 expi-

406 1041 616 1094 tioncm
646 1038 811 1106 hanc,
838 1038 984 1108 quod
1009 1037 1259 1093 Christus
1295 1036 1468 1091 Filius
1503 1034 1600 1089 Dei
1636 1033 1709 1089 sit
1736 1040 1791 1088 et
1833 1032 1976 1087 Deus

2119 1026 2200 1110 τδς
2229 1046 2359 1108 Υἱός
2376 1045 2490 1095 ἐστι
2516 1038 2610 1093 τοῦ
2644 1036 2804 1099 Θεοῦ,
2833 1038 2927 1089 καὶ
2958 1032 3088 1095 Θεὸς
3120 1030 3389 1099 ἀληθινὸς,
3426 1030 3451 1080 6
3474 1026 3613 1088 αὐτὸς

410 1147 613 1185 verus:
643 1129 1029 1199 scilicct_quod
1069 1140 1127 1185 et
1156 1130 1299 1184 idem
1333 1127 1424 1183 hic
1457 1136 1515 1182 et
1542 1126 1686 1182 Deus
1712 1134 1768 1181 et
1813 1124 1976 1178 homo

2119 1147 2133 1187 ι
2175 1134 2306 1196 Θεὸς
2352 1131 2446 1185 καὶ
2482 1128 2785 1199 ἄνθρωπος,
2838 1124 2872 1194 ἢ
2904 1122 2998 1176 καὶ
3054 1120 3257 1188 ἑτέρων
3314 1115 3612 1181 ἀποδείξεων

406 1222 499 1287 sit,
546 1222 634 1277 vel
675 1238 805 1275 num
840 1222 960 1277 aliis
992 1222 1171 1277 adhuc
1204 1217 1765 1277 demonstrationibus
1811 1224 1868 1269 et
1896 1221 1979 1268 te-

2119 1226 2172 1280 αὶ
2199 1222 2512 1295 μαρτυριῶν
2554 1220 2633 1271 ἔτι
2675 1217 2833 1287 χρεία
2867 1213 3044 1279 έστίν;
3102 1211 3191 1271 Ὠς
3249 1208 3429 1278 ἔμοιγε
3471 1206 3615 1268 δοκεῖ,

412 1313 691 1367 stimoniis
735 1328 874 1382 opus
917 1313 1045 1366 est?
1082 1312 1354 1378 Quantum
1390 1309 1635 1379 proiecto
1671 1306 1806 1362 mihi
1829 1305 1982 1360 vide—-

2119 1335 2161 1370 τι
2200 1317 2293 1369 καὶ
2326 1316 2439 1377 τοῖς
2466 1314 2634 1366 πᾶσιν
2664 1308 2978 1377 ἀγνώμοσιν
3008 1299 3242 1373 ἀρκεταί
3293 1301 3445 1351 εἰσιν.
3491 1295 3614 1347 Ἀλλ’

416 1413 523 1466 tur,
554 1402 671 1457 haec
697 1402 862 1458 etiam
901 1402 1061 1472 plane
1092 1401 1360 1473 imperitis
1387 1400 1716 1455 suﬁiccrent.
1752 1398 1982 1454 Verum-

2121 1424 2236 1478 μως
2265 1406 2361 1460 καὶ
2394 1405 2475 1458 ἔτι
2506 1402 2842 1473 πειράσομαι
2876 1396 3046 1460 δεῖξαι
3081 1393 3219 1461 πρὸς
3269 1392 3329 1442 σὲ
3384 1387 3469 1478 τδν
3497 1385 3617 1478 ἡμέῖ

416 1505 603 1549 tamen
635 1493 872 1563 amplius
904 1492 1127 1547 tentabo
1176 1492 1269 1546 tibi
1292 1491 1466 1545 amico
1492 1499 1680 1545 nostro
1709 1488 1870 1559 hujus
1892 1502 1985 1542 ve-

2119 1473 2240 1567 ερον
2290 1493 2444 1564 φίλον
2496 1491 2598 1560 τὴν
2652 1490 2782 1559 περὶ
2838 1484 3030 1539 τούτου
3082 1478 3363 1549 ἀλήθειαν,
3420 1476 3488 1539 ὡς
3538 1473 3621 1528 καὶ

414 1588 636 1639 ritatcm
686 1585 967 1639 declarare
1014 1584 1211 1650 fusius,
1247 1583 1411 1638 sicuti
1458 1582 1726 1638 hactenus
1765 1593 1984 1650 quoque
2086 1581 2299 1656 πρώην.

416 1676 620 1733 factum
650 1685 757 1731 est.

491 1769 578 1823 Η.
639 1766 863 1838 Magnus
908 1766 1000 1821 ille
1037 1764 1213 1820 Moses
1274 1771 1331 1820 et
1369 1763 1623 1832 celebris,
1674 1780 1799 1820 cum
1841 1772 1987 1819 esset

418 1852 570 1922 juxta
595 1863 832 1907 montem
866 1852 1037 1918 Sinai,
1073 1853 1421 1921 conspicatus
1442 1862 1527 1908 est
1557 1853 1753 1910 rubum
1797 1852 1993 1907 arden-

424 1958 556 2002 tem.
585 1948 755 2015 Quem
785 1963 908 2003 cum
942 1948 1131 2002 multis
1153 1948 1352 2003 diebus
1374 1948 1566 2003 ardere
1591 1947 1988 2016 conspexisset,

426 2055 535 2092 non
565 2047 743 2093 tamen
772 2040 911 2109 igne
931 2039 1202 2103 consumi,
1223 2040 1407 2093 animo
1432 2054 1532 2094 suo
1561 2039 1807 2093 meditari
1828 2037 1995 2106 coepit

424 2127 685 2195 quidnam
720 2128 828 2182 hoc
858 2128 961 2183 sibi
990 2129 1172 2193 vellet,
1210 2128 1355 2198 quod
1381 2128 1550 2182 rubus
1581 2137 1659 2182 tot
1688 2126 1885 2181 diebus
1910 2141 1998 2180 ar-

427 2219 604 2282 deret,
639 2234 742 2273 nec
780 2228 960 2274 tamen
988 2220 1058 2273 ab
1091 2220 1214 2289 igne
1240 2229 1675 2292 consumeretur.
1717 2238 1736 2271 ι
1777 2218 1843 2273 Et
1874 2235 2001 2289 pro-

428 2312 625 2374 tectus,
670 2312 872 2381 inquit,
920 2312 1141 2375 videbo,
1181 2312 1456 2380 quodnam
1489 2312 1621 2366 illud
1665 2311 1998 2381 stupendum

426 2401 499 2454 sit
524 2400 851 2471 prodigium.
879 2420 896 2453 ι
945 2402 1103 2457 Rubo
1149 2414 1330 2457 autem
1382 2403 1634 2472 proprior
1672 2402 1867 2466 factus,
1908 2418 2001 2457 vo-

431 2507 550 2545 cem
594 2493 811 2547 caelitus
854 2494 1071 2546 allatam
1121 2494 1336 2561 sibique
1405 2494 1679 2549 dicentem
1732 2495 1944 2550 audivit
1983 2512 1997 2550 :

440 2601 458 2633 ι
494 2583 686 2650 Moses,
710 2584 909 2645 Moses,
947 2586 1097 2640 solve
1136 2586 1507 2641 calceamenta
1534 2588 1738 2656 pedum
1760 2599 2000 2653 tuorum,

433 2676 587 2729 locus
626 2675 771 2729 enim
802 2676 856 2728 in
886 2690 997 2743 quo
1030 2684 1167 2739 stas,
1204 2685 1345 2731 terra
1368 2687 1557 2732 sancta
1586 2686 1669 2733 est
1701 2681 1766 2731 ³⁸.
1803 2696 1822 2729 ι
1863 2678 2005 2745 Quid

435 2780 569 2820 sane
604 2766 751 2820 aliud
774 2766 1048 2835 signiﬁcat
1068 2767 1241 2822 rubus
1265 2769 1485 2834 ardens,
1514 2777 1571 2823 et
1599 2783 1709 2823 non
1751 2783 2009 2824 consum-

433 2864 585 2925 ptus,
607 2864 717 2911 tum
749 2859 913 2911 etiam
942 2873 1044 2913 vox
1068 2859 1389 2914 clamitans:
1417 2876 1437 2911 ι
1467 2859 1627 2914 Solve
1649 2859 2008 2916 calceamenta

439 2946 640 3015 pedum
666 2957 909 3014 tuorum,
936 2966 953 3003 ι
986 2949 1093 3004 nisi
1118 2950 1263 3019 quod
1297 2950 1469 3005 rubus
1496 2950 1696 3005 ardens
1725 2950 2013 3007 adumbra-

2163 1769 2253 1817 ια’.
2295 1762 2354 1815 '0
2383 1760 2589 1828 Μωσῆς
2638 1758 2845 1821 ἐκεῖνος
2874 1756 2901 1809 6
2940 1754 3136 1821 μέγας,
3189 1752 3248 1804 ἓν
3272 1749 3349 1820 τῷ
3385 1750 3491 1819 ὄρει
3516 1746 3628 1815 Σινᾷ

2090 1856 2187 1920 ὢν,
2237 1856 2499 1909 ἐθεάσατο
2559 1852 2721 1921 βάτον
2768 1850 3089 1919 καιομένην.
3164 1847 3289 1899 Ἐπὶ
3333 1844 3528 1896 πλείοσι
3577 1839 3625 1891 δὲ

2093 1949 2329 2018 ἡμέραις
2357 1944 2579 2014 θεωρῶν
2608 1941 2780 2011 αὐτὴν
2805 1940 3103 2009 καιομένην
3131 1938 3257 2006 μὲν,
3285 1937 3356 2005 μὴ
3386 1932 3631 2000 καταφλε-

2094 2040 2329 2108 γομένην
2355 2036 2435 2099 δὶ,
2465 2033 2784 2101 διελογίζετο
2838 2030 2957 2084 καθ’
2989 2029 3210 2089 ἑαυτὸν,
3257 2046 3273 2078 ι
3313 2027 3377 2079 Τί
3411 2024 3631 2094 βούλεται

2095 2129 2274 2193 τοῦτο,
2308 2128 2389 2179 ὅτι
2419 2127 2452 2196 ἠ
2484 2126 2643 2195 βάτος
2669 2124 2883 2176 καίεται
2913 2123 3011 2192 μὲν
3042 2121 3134 2172 ἐπὶ
3186 2120 3416 2189 ἡμέραις
3457 2112 3634 2167 τοσαύ-

2096 2238 2239 2284 ταις,
2300 2220 2360 2272 οὑ
2410 2216 2770 2271 κατακαίεται
2822 2214 2930 2279 δέ;
3002 2210 3282 2266 Ἀπελθὼν
3341 2209 3450 2270 ἴδω,
3496 2205 3545 2256 τί
3587 2202 3636 2254 τὸ

2099 2314 2338 2378 ἐξαίσιον
2370 2311 2528 2364 τοῦτο
2568 2310 2664 2363 καὶ
2699 2288 3033 2377 (ignitae-:6»).
3065 2324 3083 2358 ι
3116 2305 3234 2358 Καὶ
3263 2302 3479 2372 πλησίον
3502 2298 3637 2363 γενὸ·

2105 2424 2261 2478 μενος
2288 2406 2388 2474 τῆς
2422 2403 2606 2473 βάτου,
2637 2402 2836 2472 ἢκουσε
2859 2400 3041 2467 φωνῆς
3061 2395 3357 2468 οὐρανόθεν
3385 2392 3521 2459 αὐτῷ
3543 2392 3641 2441 ὲνε-

2102 2501 2344 2572 χθείσης,
2363 2497 2457 2549 καὶ
2485 2495 2768 2564 λεγούσης,
2793 2512 2810 2544 ι
2837 2490 3031 2560 Μωσῆ,
3055 2491 3257 2559 Μωσῆ,
3278 2487 3434 2540 λῦσον
3450 2485 3503 2536 τὸ
3526 2482 3639 2572 ὑπόο

2103 2570 2255 2660 δημα
2278 2593 2342 2642 ὲκ
2372 2588 2478 2641 τῶν
2531 2587 2709 2639 ποδῶν
2765 2601 2882 2637 σου.
2926 2584 2988 2635 '0
3051 2581 3165 2650 γάρ
3203 2581 3384 2645 τόπος,
3438 2579 3490 2629 έν
3517 2570 3555 2643 ᾧ
3586 2576 3639 2627 σὺ

2106 2682 2365 2748 ἕστηκας,
2418 2678 2489 2745 γῆ
2518 2676 2649 2744 άγία
2684 2675 2822 2728 ἐστί.
2863 2693 2882 2726 ι
2914 2673 2980 2727 Τί
3036 2671 3171 2741 γοῦν
3211 2672 3398 2741 ἕτερον
3449 2667 3582 2736 δηλοῖ
3614 2667 3642 2735 ἡ

2108 2769 2370 2838 καιομένη
2431 2767 2592 2838 βάτος
2627 2766 2723 2818 καὶ
2765 2766 2838 2834 μὴ
2890 2762 3371 2831 καταφλεγομένη,
3405 2758 3490 2810 καὶ
3538 2756 3583 2806 τί
3620 2755 3644 2803 6

2109 2859 2270 2927 λόγος
2298 2860 2327 2911 6
2354 2858 2553 2925 λέγων,
2590 2875 2608 2908 ι
2649 2856 2826 2909 Λῦσον
2860 2856 2920 2908 τὸ
2960 2855 3226 2923 ὑπόδημα
3258 2855 3319 2907 ὲκ
3350 2854 3453 2905 τῶν
3489 2849 3642 2902 ποδῶν

2115 2967 2209 3003 σου
2243 2991 2256 3009 .
2305 2968 2322 2999 ι
2356 2948 2389 3019 ἢ
2422 2948 2502 3001 ὅτι
2533 2948 2566 3017 ἡ
2612 2946 2900 3016 μὲνβάτος
2960 2947 2992 3016 ἡ
3027 2947 3295 3015 καιομένη
3330 2942 3543 3005 είκόνιζε
3568 2939 3647 2992 καὶ

438 3036 520 3090 vit
544 3044 778 3107 typoque
809 3040 1047 3107 praetulit
1086 3040 1265 3095 divam
1300 3040 1523 3095 Mariam
1564 3039 1854 3110 virginem,
1894 3056 2015 3109 qua:

2119 3042 2429 3113 προετὺπου
2462 3042 2559 3111 τὴν
2614 3041 2775 3108 ἁγίαν
2826 3040 3046 3109 Μαρίαν
3098 3037 3202 3110 τὴν
3237 3037 3516 3109 Παρθένον,
3564 3034 3646 3102 τὴν

442 3128 643 3184 Filium
677 3138 731 3183 et
776 3128 1009 3184 Verbum
1062 3131 1156 3185 Dei
1183 3131 1487 3186 secundum
1513 3146 1735 3186 carnem
1763 3132 2017 3201 peperit?

442 3216 915 3281 Quemadmodum
947 3218 1094 3273 enim
1123 3220 1297 3275 rubus
1321 3220 1540 3288 quidem
1561 3221 1805 3285 ardebat,
1829 3228 1883 3275 et
1908 3235 2018 3275 non

443 3309 890 3376 consumebatur,
934 3310 1007 3365 ita
1039 3312 1205 3367 etiam
1255 3311 1380 3367 diva
1418 3312 1594 3382 virgo,
1630 3312 1722 3367 ubi
1767 3312 2019 3383 concepit

444 3399 543 3455 Dei
581 3400 777 3454 Filium
833 3410 890 3456 et
939 3401 1197 3465 Verbum,
1232 3402 1356 3473 igne
1407 3403 1711 3458 divinitatis
1742 3418 1849 3459 non
1890 3419 2022 3458 con-

446 3500 662 3563 sumpta
696 3503 801 3557 est,
835 3495 928 3548 sed
960 3510 990 3549 a
1022 3490 1135 3550 Deo
1168 3496 1473 3561 custodita;
1500 3498 1627 3566 quia
1660 3497 2021 3551 humanarum

447 3583 647 3638 virium
681 3584 815 3641 illud
850 3600 1079 3655 prorsus
1126 3601 1237 3641 non
1287 3595 1428 3642 erat.
1452 3588 1630 3643 Verba
1669 3595 1850 3643 autem
1881 3588 2018 3654 haec,

446 3694 483 3727 ι
515 3676 675 3731 Solve
694 3676 1064 3733 calcea'menta
1090 3678 1288 3747 pedum
1316 3687 1557 3746 tuorum,
1590 3699 1609 3731 ι
1632 3680 1738 3735 hoc
1760 3684 2018 3747 innuunt,

448 3768 596 3836 quod
659 3768 982 3838 quicunque
1045 3770 1114 3824 de
1170 3770 1311 3826 diva:
1374 3770 1618 3841 Virginis
1660 3772 1922 3841 mysterio
1966 3780 2022 3826 et

446 3859 654 3914 Christi
688 3861 1061 3916 incarnatione
1083 3863 1291 3917 erudiri
1315 3864 1526 3928 volunt,
1556 3878 1650 3919 eos
1680 3878 2023 3933 nequaquam

450 3953 654 4008 habere
712 3964 929 4023 oportet
991 3965 1200 4024 partem
1246 3956 1483 4026 aliquam
1525 3956 1580 4010 in
1625 3971 1682 4011 se
1728 3965 2020 4021 mortuam,

450 4058 577 4111 qua»
598 4043 721 4099 illos
753 4060 782 4099 a
814 4046 926 4100 Deo
957 4055 1196 4116 separet,
1229 4062 1332 4101 nec
1364 4056 1603 4102 mentem
1621 4057 1937 4117 corruptam
1969 4058 2024 4103 et

450 4148 485 4193 ιι
537 4134 851 4203 cognitione
902 4136 1151 4191 veritatis
1198 4146 1493 4201 mortuam,
1539 4137 1633 4191 sed
1674 4137 1944 4192 viventem
1970 4146 2026 4193 et

450 4238 665 4290 sanam,
722 4226 899 4295 qualis
960 4227 1131 4297 ipsius
1184 4228 1352 4283 Musis
1398 4237 1537 4283 erat.
1616 4229 1788 4299 Hujus
1841 4238 2023 4283 autem

452 4316 820 4373 calceamenta
843 4334 909 4373 ex
946 4321 1146 4375 mortui
1177 4321 1433 4376 animalis
1470 4330 1687 4391 tergore
1711 4330 1871 4376 erant
1897 4337 2026 4378 con-

454 4417 579 4467 suta
615 4428 630 4463 :
668 4418 725 4464 et
758 4421 1046 4481 propterea
1081 4413 1289 4468 dictum
1317 4422 1423 4481 est,
1460 4431 1479 4465 ι
1510 4414 1672 4470 Solve
1704 4413 1861 4470 illud.
1910 4432 1931 4466 ι

536 4500 624 4554 12.
674 4500 844 4556 Porro
896 4513 953 4558 et
1025 4504 1312 4559 Persarum
1374 4522 1470 4560 rex
1525 4505 2029 4561 Nabuchodonosor

455 4592 680 4651 somnio
703 4592 1027 4657 admonitus
1056 4594 1306 4661 visionis,
1341 4610 1505 4665 quam
1538 4597 1773 4663 viderat,
1820 4596 2028 4651 oblitus

455 4691 568 4748 cst;
594 4691 651 4737 et
677 4686 1018 4756 congregatis
1038 4688 1293 4742 omnibus
1318 4688 1688 4744 Chaldaeorum
1706 4689 1901 4757 magis,
1945 4688 2029 4741 in-

456 4774 840 4831 rantatoribus
869 4785 924 4832 et
956 4776 1270 4844 Gazarenis,
1305 4778 1679 4848 interrogabat
1708 4794 1802 4833 eos
1842 4778 2029 4847 quale-

460 4880 589 4924 I-am
634 4864 832 4921 fuisset
868 4867 1014 4936 quod
1041 4867 1254 4923 viderat
1286 4868 1586 4933 sonnium,
1610 4876 1665 4922 et
1692 4883 1940 4939 quaenam
1968 4867 2037 4925 il—

461 4956 572 5017 lius
600 4958 1007 5027 interpretatio.
1040 4960 1106 5015 lli
1142 4976 1272 5015 vero
1295 4970 1348 5015 et
1384 4961 1658 5015 somnium
1684 4972 1740 5016 et
1769 4961 2039 5031 interpre-

462 5048 731 5114 tationem
768 5051 918 5106 illius
967 5051 1282 5121 ignorantes
1323 5052 1665 5108 Ita-simbant.
1705 5052 1819 5107 Rex
1856 5061 2035 5107 autem

463 5142 546 5202 ira
587 5143 642 5198 in
681 5144 804 5199 illos
846 5145 1160 5200 vehementi
1204 5143 1618 5200 incendebatur.
1634 5140 1928 5213 Concessit
1962 5151 2034 5196 ta-

465 5250 591 5295 men
617 5234 827 5305 aliquot
855 5235 1069 5290 dierum
1098 5236 1416 5301 terminum,
1447 5235 1649 5305 quibus
1690 5234 2033 5303 inquirerent

466 5329 649 5392 simul,
685 5337 743 5384 et
772 5330 1107 5401 explicarent
1128 5331 1306 5386 visum
1337 5346 1365 5385 a
1399 5345 1456 5385 se
1483 5328 1779 5393 somnium,
1809 5336 1864 5381 et
1893 5325 2011 5395 ejus

466 5422 592 5476 dem
623 5421 1176 5493 interpretationem:
1225 5426 1368 5492 quod
1421 5420 1464 5474 si
1519 5420 1669 5489 juxta
1713 5417 2029 5471 mandatum

467 5514 585 5581 rjus
610 5527 1069 5585 exsequerentur,
1102 5515 1289 5569 multis
1318 5522 1374 5568 et
1394 5512 1693 5582 splendidis
1714 5509 2032 5565 muneribus

472 5607 724 5661 honorati
758 5608 1065 5662 ditarenlur
1095 5624 1124 5662 a
1152 5622 1301 5679 rege.
1332 5605 1417 5661 sin
1455 5603 1655 5669 minus,
1688 5602 1877 5657 mortis
1906 5616 2030 5671 sup-

536 5728 582 5759 υ
642 5724 815 5780 Exod.
848 5742 929 5793 ιιι,
971 5728 1005 5779 3
1039 5728 1091 5779 ε.
1542 5730 1587 5739 δ-

2116 3135 2461 3204 γεννήσασαν
2513 3133 2605 3185 τὸν
2663 3131 2792 3183 Υίὸν
2850 3132 2946 3183 καὶ
3007 3132 3188 3197 Λόγον
3247 3130 3341 3183 τοῦ
3372 3128 3497 3181 Θεοῦ
3526 3125 3646 3177 κατά

2121 3227 2340 3297 σάρκας
2377 3225 2587 3293 Ὥσπερ
2611 3221 2742 3291 γοῦν
2779 3221 2992 3274 ἐκαίετο
3027 3221 3124 3292 μὲν
3155 3222 3195 3292 ἠ
3228 3220 3403 3290 βάτος,
3434 3219 3489 3270 οὑ
3516 3232 3652 3268 κατε-

2118 3319 2349 3387 φλέγετο
2379 3316 2456 3379 δὲ,
2488 3315 2633 3368 οὑτω
2695 3314 2848 3383 καὶὴ
2882 3312 3012 3379 ἁγία
3069 3312 3371 3381 Παρθένος,
3414 3306 3653 3376 δεξαμένη

2119 3412 2209 3466 τδν
2241 3409 2334 3463 τοῦ
2369 3407 2505 3462 Θεοῦ
2539 3407 2666 3461 Υίδν
2697 3407 2788 3459 καὶ
2833 3406 3027 3472 Λόγον,
3079 3402 3154 3472 τῷ
3205 3404 3338 3471 πυρὶ
3366 3403 3459 3469 τῆς
3494 3401 3656 3465 θεότη-

2120 3521 2211 3566 τος
2235 3502 2295 3555 οὑ
2323 3498 2693 3569 κατεφλέχθη,
2727 3495 3068 3566 φυλαχθεῖσα
3102 3493 3215 3547 ὑπὸ
3240 3495 3332 3547 τοῦ
3375 3491 3523 3555 Θεοῦ,
3547 3491 3655 3541 ἐπεὶ

2121 3594 2471 3663 ἀνθρωπίνης
2498 3592 2781 3659 δυνάμεως
2833 3588 2994 3642 τοῦτο
3031 3587 3167 3650 ὅλως
3184 3590 3310 3641 ..οὐκ
3341 3586 3468 3638 ἔστι.
3505 3584 3570 3635 Τὸ
3590 3582 3655 3646 δὲ,

2130 3704 2148 3737 ι
2179 3685 2355 3738 Λῦσον
2408 3683 2468 3734 τὸ
2512 3681 2768 3750 ὑπόδημα
2828 3681 2892 3732 ὲκ
2926 3680 3033 3732 τῶν
3088 3680 3273 3732 ποδῶν
3330 3694 3442 3743 σου,
3473 3695 3489 3739 ι
3521 3674 3658 3728 τοῦτο

2123 3777 2311 3847 ἐδήλου
2338 3776 2419 3829 ὄτι
2451 3776 2576 3837 τοὺς
2611 3774 2900 3843 μέλλοντας
2937 3772 3436 3843 μυσταγωγηθῆναι
3465 3768 3580 3838 περί
3606 3782 3657 3819 τε

2123 3873 2222 3940 τῆς
2282 3867 2557 3939 Παρθένου
2614 3866 2706 3918 καὶ
2758 3867 2856 3935 τῆς
2920 3864 3252 3934 σαρκὼσῑως
3300 3862 3392 3917 τοῦ
3448 3857 3658 3931 Χριστοῦ

2123 3962 2185 4014 οὑ
2250 3962 2356 4030 χρὴ
2439 3957 2583 4028 ἔχειν
2661 3958 2780 4026 μεθ’
2833 3957 3042 4009 ἑαυτῶν
3096 3958 3293 4028 νεκρόν
3358 3974 3410 4009 τι
3491 3955 3659 4024 μέρος.

2124 4050 2448 4121 διατειχίζον
2496 4049 2695 4113 αὑτοὺς
2731 4048 2827 4102 τοῦ
2887 4047 3047 4113 Θεοῦ,
3082 4047 3204 4118 ἤτοι
3234 4045 3659 4119 παρεφθαρμένον

2126 4141 2251 4195 νοῦν
2309 4142 2402 4194 καὶ
2452 4142 2645 4210 νεκρὸν
2695 4140 2760 4208 τῇ
2794 4137 2997 4204 γνώσει
3057 4138 3151 4207 τῆς
3220 4137 3491 4204 ἀληθείας,
3548 4130 3665 4184 ἀλλά

2127 4233 2305 4296 ζῶντα
2327 4232 2422 4285 καὶ
2445 4226 2778 4297 ὑγιαίνοντα,
2796 4228 2984 4297 ὥσπερ
3028 4246 3109 4281 τοι
3141 4227 3221 4298 τῷ
3248 4228 3455 4282 Μωσεῖ.
3480 4224 3547 4277 T6
3574 4220 3662 4288 γὰρ

2130 4322 2373 4384 Μωσέως
2408 4320 2664 4388 ὑπόδημα
2720 4319 2916 4389 νεκροῦ
2950 4318 3091 4383 ξώου
3124 4318 3302 4388 δέρμα
3326 4316 3556 4385 ὑπῆρχε,
3587 4313 3664 4363 καὶ

2058 4390 2102 4443 D
2130 4417 2221 4469 διὰ
2257 4415 2416 4467 τοῦτο
2447 4413 2677 4486 ἐρρήθη,
2728 4431 2746 4463 ι
2782 4412 2957 4464 Λῦσον
2986 4411 3135 4464 αὑτό.
3172 4429 3193 4462 ι

2204 4507 2291 4577 ιβ’,
2330 4506 2453 4560 Ἔτι
2486 4509 2515 4560 6
2552 4506 2661 4559 τῶν
2692 4506 2913 4575 Περσῶν
2947 4504 3201 4575 βασιλεὺς
3233 4500 3661 4572 Ναυουχοδονόσορ

2129 4600 2530 4664 ὲνυπνιασθεὶς,
2572 4597 2878 4650 ἐπελάθετο
2912 4597 3002 4649 τοῦ
3055 4598 3353 4665 ὁράματος,
3414 4596 3503 4647 καὶ
3538 4606 3661 4659 περι-

2133 4690 2367 4755 συνάξας
2399 4690 2606 4750 πάντας
2636 4688 2762 4751 τοὺς
2796 4688 3001 4757 μάγους
3032 4687 3337 4749 Χαλδαίων,
3370 4689 3457 4738 καὶ
3488 4684 3663 4737 πάντας

2132 4783 2413 4845 ὲπαοιδοὺς
2463 4778 2840 4851 Γαξαρηνοῦς,
2908 4780 3071 4849 ἦρε-ιο
3098 4780 3303 4844 αὐτοῖς,
3343 4778 3394 4830 τί
3448 4792 3504 4827 τε
3554 4768 3665 4839 ἦνδ

2133 4872 2383 4940 ἑώρακεν
2413 4869 2685 4934 ἐνύπνιον,
2722 4869 2818 4923 καὶ
2869 4867 2953 4931 τίς
2985 4869 3018 4938 ἡ
3076 4866 3360 4937 σύγκρισις
3388 4862 3582 4917 τούτου.
3611 4854 3664 4909 Οἱ

2132 4962 2188 5014 δὲ
2213 4961 2532 5029 ἀγνοοῦντες
2566 4960 2626 5012 τὸ
2657 4959 2910 5011 ἐνύπνιον
2950 4958 3046 5011 καὶ
3068 4958 3167 5027 τὴν
3193 4958 3473 5025 σύγκρισιν
3501 4949 3665 5007 αὑτοῦ.

2135 5053 2537 5123 ἐδυσχέραινον.
2579 5052 2638 5105 '0
2662 5052 2717 5103 δὲ
2749 5051 3001 5123 βασιλεὺς
3030 5049 3297 5120 ὠργίζετο
3322 5045 3439 5100 κατ’
3482 5039 3662 5097 αὐτῶν.

2138 5144 2329 5214 Ὅμως
2394 5144 2573 5212 μέντοι
2607 5142 2839 5195 δέδοικεν
2890 5142 3071 5204 αὑτοῖς
3127 5139 3436 5210 ὡρισμένας
3477 5132 3665 5203 ἡμέρας

2137 5236 2289 5298 τινὰς
2321 5236 2412 5287 ἐπὶ
2464 5233 2541 5304 τῷ
2577 5234 2760 5304 εὑρεῖν
2813 5232 2908 5286 καὶ
2961 5231 3219 5303 δηλῶσαι,
3276 5230 3329 5282 τί
3358 5245 3413 5280 τε
3445 5221 3509 5296 ἦν
3549 5224 3666 5287 ὅπερ

2141 5324 2351 5396 ἑώρακε
2406 5324 2543 5377 κατά
2573 5326 2699 5387 τοὺς
2747 5321 2970 5389 ὕπνους,
3019 5323 3158 5376 κατά
3207 5321 3288 5381 τίς
3332 5319 3363 5387 ἡ
3412 5316 3666 5406 σύγκριςις

2139 5414 2332 5466 τούτου
2357 5429 2371 5443 ·
2409 5414 2500 5465 καὶ
2525 5414 2682 5482 εἴπερ
2719 5413 2945 5480 γένηται
2974 5411 3128 5463 τοῦτο
3162 5410 3299 5463 κατὰ
3321 5407 3411 5474 τὴν
3432 5406 3503 5464 εἰς
3530 5411 3668 5450 τουτο

2146 5508 2375 5576 ζήτησιν
2426 5505 2612 5571 αὑτοῦ,
2649 5505 2737 5557 ἵνα
2755 5504 2961 5557 λάϐωσι
2987 5503 3118 5574 παρ’
3172 5498 3335 5556 αὑτοῦ
3372 5497 3460 5549 καὶ
3489 5488 3664 5547 πολλὰς

2142 5600 2231 5652 καὶ
2273 5597 2516 5667 μεγάλας
2552 5595 2646 5657 τὰς
2674 5593 2882 5664 δωρεάς
2909 5609 2922 5623 ·
2958 5595 3004 5647 εἰ
3045 5592 3090 5647 δ’
3117 5591 3229 5659 οὖν,
3264 5588 3476 5647 θάνατος
3506 5578 3664 5633 αὐτῶν
