3970 6212
1512 190 1672 211 ωηερε-ς.
1774 187 1785 199 ⁸
1813 192 1917 209 α-..

271 308 378 375 413

1247 315 1555 377 CONTRA
1592 315 2088 383 ΜΛΗΟΜΕΤΕΜ
2125 322 2507 384 APOLOGIA
2548 323 2595 385 ῐ.

1923 200 1979 211 θ...

3413 320 3522 389 ιιι

271 426 427 476 ἔσται
462 422 497 493 ή
534 429 792 492 τιμωρία.
813 422 971 476 Ἀλλὰ
1001 424 1094 477 καὶ
1120 424 1171 478 οἱ
1200 420 1517 491 παῖδες,κα”ί
1543 429 1709 497 φίλοι,
1741 428 1838 481 καὶ

1959 433 2167 487 ilicium
2240 433 2516 499 subirent,
2573 428 2705 504 quin
2743 441 2803 488 ut
2830 439 2885 489 et
2927 432 3111 501 liberi,
3157 433 3320 491 amici
3350 445 3527 494 etco-

276 517 326 567 οι
358 515 578 583 γνήσιοι
625 513 852 579 τούτων,
884 514 983 578 τὴν
1015 515 1186 584 αὐτὴν
1230 518 1386 583 δίκην
1416 536 1423 539 ’
1448 521 1847 590 ὐποστήσονται

276 607 447 659 τῶνδε
488 607 566 675 μὴ
611 605 929 674 δυναμένων
980 607 1137 661 τοῦτο
1175 609 1421 672 ποιῆσαι,
1471 611 1609 664 ἀλλὰ
1630 612 1847 684 ,μᾶλλον

278 697 637 765 κοπτομένων
685 699 782 751 καὶ
833 698 1252 769 ὀλοφυρομένων
1294 701 1395 771 τὴν
1431 701 1644 754 ἑαυτῶν
1676 703 1842 771 ζωήν.

275 788 404 850 Πῶς
432 788 542 857 γὰρ
574 783 642 857 ἦν
697 787 926 841 δυνατὸν
959 789 1272 858 ἐξαγγεῖλαι
1296 792 1493 854 αὐτοὺς
1516 794 1594 864 τῷ
1637 791 1851 861 βασιλεῖ

274 882 339 934 τό
371 899 429 934 τε
463 881 715 935 ἐνύπνιον
754 883 848 936 καί
877 882 974 951 τήν
1004 882 1295 953 σύγκρισιν
1352 884 1543 950 αὑτοῦ,
1580 886 1655 956 μὴ
1707 887 1846 956 πρό-

275 989 438 1042 τερον
460 973 841 1041 γνωρίσαντας
866 975 927 1028 τὸ
946 976 1203 1030 ἐνύπνιον
1232 976 1387 1046 παρὰ
1410 976 1505 1029 τοῦ
1538 977 1803 1047 βασιλέως
1827 994 1844 1043 ;

233 1061 351 1145 3,..0
387 1062 589 1129 Δανιὴλ
610 1063 639 1114 δ
661 1062 951 1132 προφήτης
979 1062 1040 1115 ἐν
1077 1065 1142 1131 τῇ
1173 1063 1284 1117 τῶν
1315 1063 1673 1118 Βαϐυλωνίων
1695 1065 1851 1135 χώρᾳ

241 1129 631 1224 Ϊξαίχμάλωτος
684 1129 875 1221 ἀχθείς
906 1129 987 1219 ⁷ἐξ
1041 1129 1398 1224 Ἰερουσαλὴμ
1433 1154 1574 1223 μετὰ
1610 1129 1847 1209 aurati

277 1260 395 1310 ρων
420 1242 541 1293 κατ’
569 1241 737 1322 αὐτον
756 1244 850 1294 τὸν
879 1243 1073 1312 καιρὸν
1121 1244 1412 1309 Ἰουδαίων,
1446 1245 1540 1300 καὶ
1568 1246 1848 1315 γνωρίσας

276 1335 344 1385 τὰ
385 1334 791 1404 προσταχθέντα
850 1334 1003 1406 παρὰ
1051 1334 1149 1389 τοῦ
1207 1336 1493 1406 βασιλέως,
1544 1337 1851 1408 ἀπέρχεται

277 1423 423 1492 πρὸς
484 1424 687 1495 ’Δριὼχ
744 1428 982 1497 ἄρχοντα
1039 1427 1278 1499 Πέρσην.
1320 1428 1380 1481 ὃν
1436 1429 1774 1499 κατέστησεν
1822 1431 1853 1484 6

277 1516 533 1586 βασιλεὺς
564 1518 828 1571 ὀπολέσαι
855 1519 978 1581 τοὺς
1028 1520 1228 1587 σοφοὺς
1266 1519 1606 1583 Βαϐυλῶνος,
1643 1520 1735 1573 διὰ
1791 1520 1854 1574 τὸ

282 1607 361 1679 μὴ
389 1610 689 1680 δυνηθῆναι
714 1612 914 1675 αὐτοὺς
946 1611 1127 1683 εὑρεῖν
1149 1611 1210 1666 τὸ
1237 1613 1509 1671 δνύπνιον.
1543 1613 1651 1667 Καὶ
1699 1608 1855 1668 εἷπεν

278 1699 452 1768 αὐτῷ,
490 1718 510 1751 ι
548 1701 689 1764 Τοὺς
717 1701 916 1770 σοφοὺς
937 1703 1253 1766 Βαϐυλῶνος
1280 1703 1356 1775 μὴ
1383 1703 1685 1775 ἀπολέσῃς⁸
1703 1706 1854 1759 εἰσό-

277 1806 419 1858 γαγε
448 1790 508 1845 δὲ
541 1792 613 1862 μὲ
638 1791 874 1847 ἐνώπιον
901 1794 997 1847 τοῦ
1034 1794 1320 1864 βασιλέως,
1345 1796 1523 1851 καὶιτδ
1554 1797 1735 1865 εραμα
1762 1795 1858 1851 καὶ
1890 1780 1933 1840 Β

278 1881 377 1951 τήν
391 1885 587 1935 τούτου
614 1883 897 1952 σύγκρισιν
918 1885 1028 1953 ἐρῶ
1051 1884 1129 1954 τῷ
1147 1884 1375 1952 βασιλεῖ.
1408 1905 1428 1939 ι
1449 1885 1582 1941 Τότε
1603 1887 1632 1939 6
1660 1883 1861 1956 Ἀριὼχ

283 1974 486 2043 σπουδῇ
503 1974 715 2046 μεγάλῃ
734 1973 917 2045 εισῆξε
930 1976 1022 2030 τὸν
1042 1978 1327 2048 προφήτην
1343 1978 1574 2033 ἐνώπιον
1590 1976 1685 2031 τοῦ
1704 1977 1860 2047 βασι-

285 2062 568 2125 λέωςεκᾱί
589 2064 617 2116 6
640 2063 891 2132 βασιλεύς
913 2082 1045 2134 φησι
1070 2066 1207 2136 πρὸς
1222 2066 1404 2131 αὐτὸν,
1442 2086 1460 2118 ι
1482 2067 1717 2121 Δύνασαί
1745 2084 1857 2138 μοι,

291 2150 504 2218 Δανιὴλ,
532 2150 851 2219 ἐξαγγεῖλαι
871 2152 932 2205 τὸ
949 2152 1201 2207 ἐνύπνιον
1231 2155 1366 2225 ὅπερ
1384 2149 1525 2208 εἶδον
1552 2152 1671 2208 κατ’
1700 2155 1857 2222 δναρ,

294 2242 380 2293 καὶ
430 2241 528 2311 τὴν
560 2244 853 2312 σύγκρισιν
890 2243 1093 2310 αὐτοῦς
1128 2262 1149 2297 ι
1185 2246 1479 2314 Ἀπεκρίθη
1501 2247 1720 2316 Δανιὴλ,
1745 2265 1764 2299 ι
1788 2246 1861 2299 Τὸ

310 2334 610 2401 μυστήριον,
639 2328 685 2388 ὦ
717 2336 966 2405 βασιλεῦ,
1000 2338 1028 2389 ὃ
1056 2338 1121 2392 σὺ
1157 2339 1461 2408 ὲπερωτᾷς,
1490 2339 1593 2392 οὐκ
1630 2338 1747 2392 ἐστι
1771 2355 1861 2392 σο-

318 2425 426 2490 φῶν
478 2426 775 2497 ἀνθρώπων
810 2428 905 2480 καὶ
933 2428 1145 2496 μάγων,
1179 2430 1273 2481 καὶ
1306 2429 1574 2483 ἑπαοιδῶν
1623 2429 1863 2500 δυναμὲο

317 2534 416 2568 νων
437 2517 735 2586 ἐξαγγεῖλαι
788 2537 899 2585 σοι,
957 2519 1071 2574 ἀλλ’
1110 2521 1227 2574 ἐστι
1282 2519 1420 2575 Θεοῦ
1474 2521 1637 2590 μόνου
1679 2520 1775 2573 τοῦ
1799 2522 1858 2572 ὲν

309 2607 505 2676 οὐρανῷ
531 2608 1016 2673 ἀποκαλύπτοντος
1058 2607 1357 2678 μυστήρια.
1401 2608 1460 2661 '0
1487 2607 1639 2671 Θεὸς,
1667 2608 1855 2676 φησὶν,

302 2698 557 2769 ἐγνώρισε
589 2699 667 2768 τῷ
717 2698 931 2769 βασιλεῖ
986 2699 1482 2769 Ναυουχοδονόσορ,
1538 2698 1574 2753 ἃ
1630 2698 1713 2751 δεῖ
1764 2716 1858 2766 γε·

298 2792 481 2844 νέσθαι
503 2791 595 2844 ἐπ’
623 2791 871 2862 ἐσχάτων
901 2790 1009 2844 τῶν
1028 2794 1061 2862 ή
1072 2791 1276 2862 μερῶν.
1304 2792 1367 2844 Ol
1393 2789 1736 2860 διαλογισμοί
1762 2807 1857 2843 σου

293 2881 382 2936 ini
414 2884 515 2952 τῆς
545 2881 736 2952 κοίτης
768 2899 861 2936 σου
894 2880 1189 2953 ἀνέδησαν,
1225 2881 1280 2936 τι
1323 2882 1404 2936 δεῖ
1435 2882 1692 2951 γενέσθαι
1716 2881 1856 2951 μετά

291 2971 486 3028 ταῦτα.
518 2973 619 3037 Σίι,
650 2972 895 3043 βασιλεῦ,
935 2973 1214 3044 ὲθεώρεις,
1270 2975 1364 3029 καὶ
1398 2975 1714 3029 ίδοὺ.είκὼν
1759 2976 1858 3047 μία

288 3066 527 3166 μεγάλη,
563 3067 660 3166 καὶ
686 3066 720 3135 ή
748 3065 1015 3136 πρόσοψις
1047 3066 1223 3135 αὐτῆς
1249 3065 1589 3137 ύπερφερὴς,
1638 3068 1853 3122 ἑστῶσα
1882 3108 1926 3166 c

287 3158 388 3226 πρὸ
422 3155 725 3227 προσώπου
781 3174 898 3222 σου,
935 3159 1029 3212 καὶ
1063 3159 1096 3229 ή
1152 3158 1343 3229 ὅρασις
1374 3158 1546 3228 αὐτῆς
1603 3159 1815 3230 φοϐερά
1838 3175 1853 3190 ο

289 3246 477 3312 είκὼν,
529 3240 599 3318 ἧς
633 3248 667 3319 ή
698 3248 908 3317 κεφαλὴ
938 3247 1162 3317 χρυσίου
1214 3248 1484 3319 καθαροῦ.
1532 3249 1600 3302 Δί
1649 3251 1852 3319 χεῖρες,

286 3340 375 3392 καὶ
410 3340 480 3392 τὺ
509 3340 709 3410 στῆθος
728 3377 745 3405 ,
780 3342 877 3395 καὶ
908 3343 958 3395 oi
983 3342 1267 3412 βραχίονες
1296 3341 1465 3410 αὐτῆς
1506 3340 1765 3411 ἀργυροῖ.
1793 3341 1858 3394 Ἦ

282 3429 470 3484 κοιλία
498 3429 597 3483 καὶ
619 3431 668 3484 οἱ
701 3427 870 3500 μηροὶ
898 3430 1092 3500 χαλκοῖ
1117 3446 1133 3463 ·
1159 3430 1257 3484 καὶ
1290 3430 1348 3483 αἱ
1378 3431 1582 3499 κνῆμαι
1612 3430 1856 3500 σιδηραῖ.

282 3521 346 3575 οι
372 3522 549 3584 πόδες
590 3522 756 3591 μέρος
786 3522 887 3593 μέν
926 3540 977 3576 τι
1010 3521 1286 3592 σιδηροῦν,
1314 3522 1479 3593 μέρος
1504 3521 1559 3573 δέ
1584 3539 1636 3573 τι
1662 3520 1861 3589 ὀστρά-

281 3629 402 3667 κου.
465 3612 779 3683 Ἓθεώρεις,
815 3612 1059 3683 βασιλεύ,
1104 3613 1207 3677 ἕως
1234 3614 1357 3668 ὅτου
1388 3611 1695 3681 ἀπεσχίσθη
1752 3612 1860 3664 ἀπὸ

278 3705 449 3777 ὅρους
487 3704 637 3769 λίθος
683 3705 811 3759 ἄνευ
844 3705 1069 3777 χειρῶν,
1098 3705 1193 3759 καὶ
1241 3704 1477 3768 ἐπάταξε
1532 3704 1633 3774 τὴν
1676 3703 1859 3757 εἰκόνα

280 3797 375 3850 ἐπὶ
406 3797 547 3856 τοὺς
578 3798 747 3861 πόδας
774 3798 902 3861 τοὺς
951 3798 1206 3867 σιδηροῦς
1230 3799 1321 3851 καὶ
1345 3796 1716 3865 ὀστρακίνους,
1767 3799 1859 3850 καὶ

278 3891 598 3945 ἔλέπτυνεν
650 3890 845 3953 αὐτοὺς
904 3890 987 3954 εἰς
1034 3890 1211 3953 τέλος.
1269 3890 1403 3943 Τότε
1450 3888 1861 3959 ὲλεπτύνθησαν

280 3981 541 4046 εἰσάπαξ
569 3981 598 4033 6
631 3980 869 4051 σίδηρος,
909 3981 973 4033 τὸ
996 3981 1284 4052 ὄστρακον,
1311 3982 1339 4034 6
1369 3980 1592 4051 χαλκὸς,
1629 3981 1658 4033 6
1691 3982 1863 4050 ἄργυι

280 4087 400 4139 ρος,
438 4068 474 4122 6
522 4066 745 4138 χρυσὸς,
791 4070 887 4124 καί
926 4069 1176 4136 ἐγένοντο
1226 4069 1359 4122 ὠσεί
1410 4068 1690 4140 κονιορτὸς
1753 4067 1861 4122 ἀπὸ

276 4161 502 4221 ἅλωνος
554 4159 794 4230 θερινῆς.
850 4161 960 4215 Καὶ
992 4160 1188 4230 ἐξῆρεν
1220 4159 1360 4213 αὐτὰ
1418 4159 1482 4212 τὸ
1518 4157 1724 4227 πλῆθος
1764 4158 1861 4212 τοῦ

278 4254 631 4321 πνεύματος,
667 4251 761 4305 καὶ
812 4252 924 4314 πᾶς
973 4251 1137 4315 τόπος
1192 4251 1290 4321 οὐχ
1322 4250 1518 4321 εὑρέθη
1560 4251 1620 4303 ἐν
1652 4251 1859 4315 αὐτοῖς.

278 4345 391 4399 Καὶ
427 4346 463 4398 6
497 4342 645 4406 λίθος
678 4344 707 4396 6
742 4342 993 4407 πατάξας
1017 4343 1115 4413 τήν
1144 4342 1328 4396 εἰκόνα
1355 4342 1575 4412 ἐγένετο
1626 4342 1706 4405 είς
1736 4341 1862 4412 ὅρος

1954 524 2099 594 gnati
2134 525 2348 579 illorum
2370 524 2614 595 ejusdem
2642 539 2817 594 pmme
2842 535 3027 581 essent
3056 536 3359 584 consortes.
3388 529 3526 583 Cum

1953 628 2087 667 vero
2126 613 2203 667 illi
2232 612 2338 667 hoc
2364 628 2472 667 non
2506 620 2749 683 possent,
2776 612 2909 683 quin
2947 615 3130 683 potius
3172 616 3340 671 vitam
3369 631 3524 671 suam

1953 704 2275 773 plangerent
2303 714 2357 759 et
2383 705 2751 775 deplorareut,
2776 706 3076 775 (quomodo
3096 708 3246 764 enim
3265 708 3527 777 possibile

1953 804 2073 849 erat
2104 794 2215 864 regi
2250 803 2307 849 et
2336 796 2609 850 somnium
2644 804 2701 851 et
2736 795 3251 865 interpretationem
3286 797 3407 869 ejus
3432 815 3527 853 ex-

1955 901 2178 957 ponere,
2203 888 2417 942 somnio
2441 903 2549 941 non
2567 896 2692 943 ante
2729 886 2981 958 audito?)
3033 889 3223 944 Daniel
3261 889 3527 959 pr0pbeta

1954 978 2012 1033 in
2046 978 2375 1049 Babylonem
2409 978 2659 1049 captivus
2685 978 2959 1035 deductus
2983 994 3048 1035 ex
3087 980 3389 1035 Jerusalem
3420 995 3527 1035 una

1955 1086 2080 1126 cum
2107 1072 2250 1133 aliis,
2276 1072 2369 1142 qui
2418 1080 2551 1128 tunc
2582 1072 2843 1142 temporis
2876 1087 3058 1127 secum
3098 1080 3272 1131 erant.
3303 1071 3527 1137 Iudaeis,

1956 1179 2081 1219 cum
2124 1164 2269 1232 regis
2303 1164 2557 1219 mandata
2597 1165 2965 1235 cognovisset,
3025 1162 3284 1217 convenit
3328 1160 3529 1216 Arioch

1955 1252 2247 1314 Persarum
2267 1254 2598 1327 principem,
2634 1270 2796 1325 quem
2837 1270 2932 1308 rex
2977 1254 3043 1308 ad
3074 1252 3414 1323 perdendum
3445 1266 3531 1307 sa-

1955 1345 2172 1414 pientes
2231 1345 2615 1410 constituerat,
2665 1342 2812 1414 qnod
2869 1342 3144 1398 somnium
3200 1341 3375 1410 ipsius
3428 1340 3529 1396 de-

1957 1435 2298 1507 prehendere
2321 1451 2429 1492 non
2461 1435 2788 1511 potuissent.
2810 1433 3057 1503 dixitque
3075 1432 3139 1487 ad
3166 1432 3319 1487 illum
3346 1449 3361 1487 ε
3390 1451 3408 1484 ι
3430 1432 3525 1488 Sa-

1958 1527 2173 1597 pientes
2209 1526 2504 1599 Babylonis
2564 1542 2633 1582 ne
2677 1526 2896 1596 perdas,
2922 1524 3054 1595 quin
3104 1524 3288 1593 potius
3328 1538 3415 1578 me
3458 1522 3526 1579 ad

1958 1633 2142 1689 regem
2184 1618 2545 1681 introducito,
2580 1624 2637 1673 et
2680 1616 2944 1673 visionem
2977 1629 3083 1668 una
3112 1629 3237 1669 cum
3263 1613 3528 1683 interpre-

1959 1710 2166 1765 tatione
2204 1710 2324 1779 ejus
2355 1711 2471 1780 regi
2523 1708 2846 1764 edisseram.
2887 1725 2908 1759 ι
2963 1705 3119 1760 Tunc
3147 1704 3346 1760 Arioch
3376 1703 3531 1760 festi-

1960 1808 2158 1854 nanter
2186 1797 2512 1868 prOpbetam
2538 1795 2603 1851 ad
2639 1810 2821 1867 regem
2873 1794 3111 1850 induxit.
3145 1794 3243 1850 Cui
3277 1793 3370 1849 ille
3406 1795 3483 1848 ait
3512 1812 3526 1849 :

1966 1906 1987 1941 ι
2025 1887 2311 1944 Poterisne
2360 1888 2518 1953 mihi,
2551 1885 2764 1951 Daniel,
2787 1886 3060 1957 explicare
3088 1884 3360 1941 somnium
3383 1882 3530 1953 quod

1959 1981 2240 2037 dormiens
2266 1979 2399 2045 vidi,
2425 1988 2480 2034 et
2508 1978 3015 2047 interpretationem
3041 1977 3203 2047 ejus?
3235 1995 3254 2027 ι
3287 1974 3534 2045 liespom

1958 2069 2039 2125 dit
2075 2070 2261 2126 Daniel
2290 2086 2306 2124 :
2337 2088 2356 2122 ι
2396 2069 2732 2140 Mysterium,
2765 2082 2798 2121 ο
2829 2082 2946 2133 rex,
2973 2068 3042 2125 de
3068 2081 3177 2137 quo
3202 2066 3528 2135 interrogas,

1959 2164 2213 2219 homines
2236 2154 2535 2231 sapientes,
2567 2159 2778 2229 magifet
2800 2159 3170 2213 incantatores
3201 2157 3529 2212 annuntiare

1959 2270 2068 2309 non
2107 2262 2359 2323 possunt,
2390 2252 2483 2306 sed
2510 2251 2617 2306 hoc
2655 2251 2825 2305 solius
2854 2250 2948 2304 Dei
2976 2249 3216 2304 caelestis
3242 2264 3380 2318 opus
3422 2258 3528 2314 est,

1958 2344 2049 2415 qui
2082 2344 2344 2415 mysteria
2379 2342 2608 2398 revelat.
2643 2342 2786 2395 Deus
2821 2348 3010 2394 notum
3041 2339 3171 2394 fecit
3206 2339 3317 2409 regi
3349 2338 3532 2394 Nabu-

1958 2434 2348 2499 chodonosori,
2396 2448 2645 2503 quamam
2708 2431 2828 2486 ﬁeri
2881 2437 3133 2498 oporteat
3178 2428 3232 2483 in
3271 2431 3535 2484 extremis

1958 2527 2175 2583 diebus.
2209 2525 2582 2595 Cogitationes
2614 2534 2721 2579 tua!
2738 2537 2906 2593 super
2931 2523 3134 2577 lectum
3159 2529 3311 2574 tuum
3343 2535 3537 2575 ascen-

1956 2619 2174 2683 derunt,
2201 2616 2334 2687 quid
2370 2617 2615 2671 futurum
2641 2622 2783 2670 esset
2807 2622 2929 2683 post
2958 2613 3096 2667 hac.
3119 2612 3223 2677 Tu,
3250 2612 3538 2678 rex,vide-

1957 2712 2078 2776 bas,
2103 2721 2159 2766 et
2177 2724 2306 2766 ecce
2328 2710 2507 2779 imago
2530 2707 2776 2778 quaedam
2807 2719 3023 2777 magna,
3050 2713 3104 2760 et
3129 2712 3381 2773 aspectus
3415 2705 3537 2773 ejus

1956 2804 2235 2859 excellens
2279 2800 2458 2857 stabat
2504 2812 2689 2853 coram
2753 2795 2891 2851 facie
2942 2804 3056 2860 tua,
3100 2803 3156 2849 et
3186 2795 3371 2848 vultus
3417 2794 3537 2864 ejus

1957 2892 2257 2956 terribilis;
2288 2890 2466 2959 imago
2498 2888 2743 2957 inquam,
2773 2885 2931 2955 cujus
2959 2891 3123 2954 caput
3150 2893 3269 2937 erat
3302 2896 3366 2936 ex
3401 2895 3538 2936 auro

1956 3001 2125 3056 puro;
2156 2997 2352 3038 manus
2378 2995 2511 3036 vero
2540 2988 2595 3034 et
2631 2987 2823 3048 pectus
2870 2989 2975 3029 una
3007 2989 3133 3029 cum
3170 2974 3409 3029 brachiis
3455 2973 3539 3043 ip-

1958 3078 2075 3132 sius
2100 3081 2357 3145 argentea
2383 3089 2397 3140 ;
2427 3081 2620 3127 venter
2640 3084 2771 3124 vero
2790 3077 2846 3123 et
2880 3067 3085 3122 femora
3123 3081 3187 3121 ex
3213 3080 3354 3130 aere;
3391 3066 3537 3120 tibias

1957 3177 2140 3224 autem
2198 3168 2425 3230 ferreae;
2482 3171 2539 3218 et
2600 3161 2770 3232 pedes
2818 3160 3016 3229 partim
3078 3158 3303 3228 quidem
3346 3156 3532 3219 ferrei,

1958 3260 2156 3331 partim
2196 3273 2329 3313 vero
2353 3254 2597 3311 testacei.
2618 3252 2889 3315 .Videhas,
2918 3268 2952 3307 ο
2979 3266 3097 3315 rex,
3126 3250 3302 3304 donec
3328 3249 3540 3304 abscis-

1959 3366 2055 3406 sus
2097 3359 2183 3405 est
2232 3364 2263 3403 a
2312 3356 2499 3403 monte
2553 3345 2693 3414 lapis
2721 3344 2929 3413 absque
2970 3357 3229 3396 manuum
3259 3355 3448 3411 opera,
3477 3353 3537 3399 et

1959 3441 2233 3511 percussit
2267 3438 2556 3506 imaginem
2594 3449 2762 3504 super
2793 3433 2958 3501 pedes
2982 3433 3103 3503 ejus
3137 3432 3347 3487 ferreos
3376 3439 3432 3485 et
3457 3439 3541 3485 tea

1960 3541 2197 3592 staceos,
2238 3538 2295 3584 et
2330 3527 2559 3582 omnino
2588 3522 2916 3580 comminuit
2961 3532 3077 3579 eos.
3116 3520 3271 3575 Tunc
3317 3534 3541 3589 quoque

1958 3620 2293 3677 comminuta
2317 3625 2444 3674 sunt
2465 3616 2689 3686 pariter,
2708 3614 2934 3678 ferrum,
2955 3620 3112 3677 testa,
3130 3626 3224 3676 aes,
3247 3617 3539 3679 argentum

1959 3720 2014 3766 et
2037 3725 2257 3774 aurum,
2309 3718 2366 3763 et
2423 3707 2563 3761 facta
2614 3713 2745 3760 sunt
2809 3712 3067 3772 tanquam
3128 3701 3304 3771 pulvis
3355 3702 3535 3755 horrei

1960 3801 2154 3865 astivi,
2193 3809 2249 3856 et
2293 3798 2521 3854 abstulit
2559 3811 2623 3851 ea
2659 3804 2856 3850 ventus
2885 3794 3202 3858 vehemens,
3246 3808 3349 3847 nec
3385 3792 3541 3846 locus

1961 3893 2159 3963 aliquis
2184 3891 2239 3947 in
2269 3890 2358 3945 his
2389 3890 2647 3943 inventus
2668 3896 2771 3941 est.
2805 3886 2968 3955 Lapis
2999 3894 3181 3939 autem
3216 3883 3308 3953 qui
3350 3883 3541 3953 imagi~

1962 3997 2085 4037 nem
2118 3980 2465 4044 comminuit,
2501 3978 2746 4034 excrevit
2786 3977 2839 4031 in
2890 3985 3128 4031 montem
3174 3989 3451 4045 magnum,
3484 3983 3540 4031 ct

1961 4072 2449 4143 implevitomnem
2474 4079 2698 4125 terram.
2740 4067 2856 4124 Hoc
2892 4075 2977 4123 est
3020 4067 3315 4129 somnium,
3359 4074 3413 4119 et
3457 4065 3543 4119 in-

1963 4162 2415 4233 terpretationem
2464 4160 2614 4215 illius
2680 4174 2865 4214 coram
2924 4172 3054 4227 rege
3107 4156 3375 4210 dicemus.
3412 4155 3543 4235 {Et

1963 4262 2256 4323 postquam
2310 4251 2581 4322 propheta
2635 4264 2799 4319 regna
2855 4248 3038 4302 futura
3086 4246 3543 4313 enumeravisset,

1966 4362 2087 4415 qua:
2124 4361 2223 4415 per
2253 4358 2473 4409 aurum,
2507 4348 2819 4411 argentum,
2864 4353 2960 4404 ars,
3002 4337 3209 4392 ferrum
3258 4346 3313 4390 et
3348 4344 3541 4389 testam

276 4438 458 4508 μέγα,
512 4435 609 4488 καὶ
658 4434 944 4505 ἐπλήρωσε
994 4435 1175 4489 πᾶσαν
1198 4436 1308 4513 τὴν
1376 4434 1500 4504 γῆν.
1537 4433 1708 4486 Τοῦτό
1770 4448 1858 4487 σου

1968 4435 2460 4496 adumbrahantur,
2490 4432 2571 4487 sic
2612 4429 2749 4484 dicit
2784 4428 2850 4483 ad
2888 4443 3116 4497 regem:
3171 4447 3189 4479 ι
3241 4425 3546 4485 Suscitabit

273 4526 569 4588 ὲνύπνιον,
602 4522 699 4576 καὶ
730 4523 828 4594 τὴν
846 4525 1132 4593 σύγκρισιν
1151 4522 1319 4576 αὑτοῦ
1363 4523 1386 4575 δ
1396 4522 1490 4592 ροῦ
1500 4539 1598 4590 μεν
1619 4523 1864 4593 ἔμπροσ-

272 4618 370 4670 θεν
400 4614 508 4670 τοῦ
530 4614 813 4684 βασιλέως.
844 4633 862 4667 ι
916 4614 1026 4669 Καὶ
1059 4615 1200 4681 μετὰ
1250 4614 1308 4669 τὸ
1362 4613 1733 4684 ἐξηγήσασθαι
1774 4614 1865 4666 τὸν

276 4707 592 4778 προφήτην
620 4707 725 4768 τὰς
763 4704 1045 4773 βασιλείας
1087 4705 1187 4769 τὰς
1252 4704 1553 4774 μελλούσας
1589 4704 1860 4773 γενέσθαι,

272 4801 341 4862 ἃς
373 4798 580 4870 ἒὸἡλου
612 4798 641 4853 ὃ
666 4814 725 4850 τε
755 4796 979 4867 χρυσὸς,
1005 4798 1031 4850 6
1060 4797 1322 4866 ἄργυρος,
1350 4795 1380 4849 6
1411 4794 1631 4867 χαλκὸς,
1657 4796 1686 4848 6
1720 4795 1865 4866 σίδη-

277 4910 399 4960 ρος,
419 4893 523 4944 καὶ
542 4889 602 4943 τὸ
634 4888 923 4957 ὄστρακον,
940 4888 1063 4940 τότε
1093 4887 1241 4956 λέγει
1273 4886 1349 4957 τῷ
1384 4887 1616 4958 βασιλεῖ,
1658 4905 1677 4939 ι
1700 4887 1860 4941 Ἀνα-

276 4987 491 5051 στήσει
518 4985 546 5036 6
575 4980 711 5042 Θεὸς
737 4980 833 5034 τοῦ
861 4979 1089 5049 ούρανοῦ
1139 4978 1441 5049 βασιλείαν,
1473 4979 1596 5049 ἥτις
1626 4979 1707 5040 είς
1735 4981 1863 5042 τοὺς

278 5075 508 5136 αἰῶνας
561 5074 623 5126 οὐ
684 5072 1146 5144 διαφθαρήσεται,
1188 5072 1285 5130 καὶ
1338 5073 1372 5142 ή
1412 5070 1656 5141 βασιλεία
1695 5070 1863 5127 αὐτοῦ

276 5165 404 5235 ὶαῷ
440 5165 619 5235 ἑτέρῳ
648 5164 747 5234 οὐχ
787 5163 1274 5232 ύπολειφθήσεται,
1333 5164 1429 5221 καὶ
1457 5162 1713 5215 λεπτυνεῖ
1768 5161 1863 5215 καὶ

273 5255 559 5325 λικμήσει
582 5252 765 5317 πάσας
812 5253 910 5317 τὰς
949 5252 1242 5323 βασιλείας,
1304 5254 1400 5306 καὶ
1454 5252 1591 5323 αὐτὴ
1624 5254 1867 5323 ἀναστή-

274 5364 451 5399 σεται
480 5347 557 5408 είς
592 5346 720 5409 τοὺς
750 5344 975 5411 αἰῶνας,
1009 5345 1294 5414 ὂντρὸπον
1339 5340 1503 5409 εἶδες,
1538 5346 1620 5399 ὅτι
1655 5345 1868 5415 ἐτμήθη

275 5439 399 5492 ἀπὸ
430 5436 595 5505 ὅρους
624 5437 769 5499 λίθος
791 5437 920 5492 ἄνευ
943 5437 1151 5508 χειρὸς,
1182 5440 1273 5491 καί
1308 5438 1566 5490 ὲλέπτυνε
1594 5437 1651 5489 τὺ
1670 5436 1869 5506 δστρα-

274 5546 387 5582 κον
486 5529 579 5582 καὶ
636 5529 729 5582 τὸν
786 5529 1027 5598 σίδηρον,
1092 5529 1185 5583 τὸν
1253 5530 1473 5601 χαλκὸν,
1535 5530 1627 5583 τὸν
1692 5530 1866 5598 ἄργυ-

279 5636 415 5690 ρον,
451 5619 543 5671 τὸν
572 5620 795 5690 χρυσόν.
846 5619 902 5673 '0
922 5619 1055 5685 Θεὸς
1100 5623 1129 5675 6
1162 5620 1335 5690 μέγας
1375 5620 1638 5691 ἐγνώρισε
1667 5620 1743 5691 τῷ
1776 5620 1864 5691 βα-

361 5737 418 5771 ”
464 5735 593 5793 Dan.
625 5754 684 5801 ιι,
720 5738 741 5791 l
804 5751 963 5806 seqq.

1968 4523 2234 4580 Dominus
2279 4521 2404 4577 cali
2444 4533 2692 4589 regnum,
2742 4517 2888 4588 quod
2941 4518 2995 4573 in
3036 4516 3234 4572 sarcula
3268 4531 3377 4570 non
3420 4531 3547 4569 cor-

1967 4627 2274 4686 rumpetur,
2304 4623 2358 4671 et
2393 4628 2622 4684 regnum
2662 4610 2836 4682 ipsius
2865 4610 3020 4665 alteri
3069 4611 3272 4679 populo
3306 4624 3414 4663 non
3460 4621 3547 4661 re-

1964 4709 2268 4779 linquetur,
2304 4704 2451 4775 quod
2477 4703 2816 4759 comminuet
2841 4712 2895 4755 et
2925 4699 3212 4757 ventilabit
3236 4698 3420 4754 omnia
3454 4710 3545 4749 re-

1965 4816 2093 4872 gna,
2124 4801 2301 4870 ipsum
2333 4812 2466 4854 vero
2510 4795 2676 4853 stabit
2711 4796 2763 4849 in
2813 4792 3031 4853 saeuis.
3072 4785 3544 4858 Quemadmodum

1962 4892 2148 4950 vidisti
2182 4889 2328 4960 quod
2352 4888 2631 4944 abscissus
2651 4895 2734 4942 est
2759 4901 2789 4939 a
2820 4896 3005 4939 monte
3026 4883 3168 4951 lapis
3192 4880 3400 4949 absque
3426 4892 3546 4931 mae

1965 4985 2154 5048 nibus,
2189 4991 2245 5037 et
2268 4979 2593 5038 comminuit
2622 4987 2814 5033 testam
2850 4984 2907 5031 et
2945 4974 3173 5032 ferrum.
3220 4986 3315 5035 tes,
3345 4982 3549 5038 argen‘

1968 5085 2082 5132 tum
2116 5084 2175 5132 et
2204 5086 2424 5129 aurum.
2446 5070 2590 5125 Deus
2610 5082 2837 5138 magnus
2853 5065 3116 5121 rcvelavit
3142 5062 3277 5133 regi,
3293 5070 3551 5132 quanam

1967 5173 2224 5236 oporteat
2247 5162 2365 5218 fieri
2394 5169 2517 5231 post
2548 5161 2698 5224 haec;
2725 5167 2781 5213 et
2807 5172 2996 5213 verum
3018 5164 3104 5212 est
3140 5154 3445 5221 somnium,
3481 5152 3549 5206 ti.

1966 5257 2107 5312 delis
2134 5255 2300 5310 etiam
2332 5250 2707 5321 interpretatio
2730 5249 2869 5319 ejus.
2905 5266 2924 5302 ι
2954 5246 3110 5303 Tunc
3128 5263 3220 5304 rex
3238 5251 3548 5317 prostratus

1967 5348 2022 5402 in
2049 5346 2268 5409 faciem,
2322 5342 2572 5400 adoravit
2611 5340 2908 5403 Daniclem,
2950 5348 3005 5394 et
3043 5338 3220 5394 dixit:
3273 5356 3291 5389 ι
3332 5337 3543 5392 Revera

1969 5439 2113 5493 Deus
2151 5443 2331 5490 vester
2380 5434 2524 5487 Deus
2561 5431 2786 5487 deorum
2813 5440 2915 5497 est,
2943 5439 3000 5486 et
3038 5428 3301 5485 Dominus
3329 5439 3539 5496 regum,

1966 5533 2019 5581 et
2050 5523 2299 5578 revelans
2324 5535 2520 5574 arcana
2542 5560 2557 5586 ,
2584 5519 2839 5589 quoniam
2872 5518 3093 5591 potuisti
3125 5516 3364 5575 revelare
3400 5514 3538 5571 mihi

1967 5630 2226 5673 arcanum
2259 5614 2363 5669 lioc
2393 5613 2453 5666 '°.
2502 5630 2522 5661 ι
