3970 6212
450 295 557 358 415

1635 291 1959 353 JOANNIS
1998 290 2527 352 CANTACUZENI

3545 300 3637 365 418

449 405 589 457 σιλεῖ
613 401 648 456 δι
676 402 758 457 δεῖ
796 402 1049 472 γενέσθαι
1110 401 1248 471 μετὰ
1284 400 1481 468 ταῦτα,
1521 404 1615 455 καὶ
1648 376 1903 473 ἀληθινὸν
1959 402 2019 452 τὸ
2056 401 2329 463 ἐνύπνιον,
2364 401 2459 453 καὶ
2519 399 2684 469 πιστὴ
2718 400 2750 471 ή
2821 400 3111 470 σύγκρισις
3144 401 3323 458 αὐτοῦ.
3365 406 3487 460 Τότε
3509 412 3533 462 6
3555 410 3639 477 βοὶ

449 498 631 560 σιλεὺς
663 498 758 551 ἐπὶ
792 496 1083 566 πρόσωπον
1146 495 1354 563 πεσὼν,
1391 498 1775 567 προσεκύνησε
1832 495 1910 564 τῷ
1950 495 2170 566 Δανιὴλ,
2239 497 2335 548 καὶ

2415 490 2586 559 εἶπεν,
2633 495 2750 546 Ἐπ’
2776 494 3036 563 ἀληθείας
3061 499 3089 550 6
3118 497 3248 561 Θεὸς
3302 500 3460 568 ὑμῶν.
3504 496 3638 565 οὗτός

446 594 562 643 ἐστι
589 591 721 653 Θεὸς
752 591 909 654 θεῶν,
943 590 1038 643 καὶ
1061 590 1265 662 Κύριος
1294 592 1401 645 τῶν
1423 590 1714 662 βασιλέων,
1748 589 1845 644 καὶ
1906 589 2315 642 ἀποκαλύπτων
2383 590 2681 660 μυστήρια,
2718 589 2799 642 ὅτι
2862 588 3137 659 ήδυνήθης
3204 591 3528 661 ἀποκαλύψαι
3560 612 3636 662 μοι

444 683 507 735 τὸ
539 685 831 751 μυστήριον
856 682 1034 736 τοῦτο.
1068 703 1085 735 ι

517 743 905 840 ι’ὅρυξὶεηεω
928 784 1010 830 est
1037 792 1264 846 regnum
1298 779 1559 844 hominis,
1588 780 1730 851 quod
1760 780 1812 833 in
1850 794 2004 832 saccu-

2191 770 2257 840 ιγ⁷
2268 810 2282 825 .
2308 743 2445 825 Ποία
2466 770 2595 840 γοῦν
2616 772 2728 825 ἐστι
2756 744 3001 838 βασιλεία
3020 769 3321 839 ἀνθρώπου,
3339 772 3453 841 ἥτις
3475 774 3545 837 είς
3564 777 3639 830 τὴν

447 864 495 915 la
520 878 626 916 non
662 867 1085 933 corrumpetur?
1110 867 1327 922 Nullum
1379 885 1625 938 prorsus.
1653 869 1840 939 Neque
1874 871 2021 925 enim

2124 864 2299 917 αίῶνα
2332 864 2393 915 ού
2425 862 2922 933 διαφθαρθήσεται;
2982 862 3205 924 Πάντως
3247 862 3497 931 οὐδεμία·
3541 867 3636 918 οὐδὲ

450 953 552 1006 hoc
580 953 832 1010 humana:
878 964 1089 1013 natura:
1148 959 1502 1013 concedetur.
1526 960 1680 1026 Quod
1713 961 1877 1031 igitur
1904 964 2004 1015 est‘

2123 957 2233 1026 γὰρ
2278 958 2446 1025 Χωρεῖ
2482 954 2641 1007 τοῦτο
2692 957 2758 1025 τῇ
2809 953 3129 1024 ἀνθρωπεία
3167 952 3347 1021 φύσει.
3388 954 3532 1007 Ἀλλὰ
3564 958 3638 1021 τίς

449 1041 531 1095 En
561 1042 737 1098 dicam
778 1045 900 1099 libi.
938 1046 1091 1102 Mons
1142 1048 1232 1103 hic
1282 1049 1406 1104 diva
1438 1052 1598 1121 Virgo
1635 1062 1741 1115 est,
1781 1068 1900 1121 quae
1934 1054 2021 1106 Fi~

445 1133 579 1187 lium
632 1145 687 1189 et
735 1136 970 1191 Verbum
1030 1138 1125 1193 Dei
1180 1142 1482 1195 secundum
1526 1158 1749 1198 carnem
1789 1146 2017 1213 peperit:

445 1224 610 1293 Lapis
670 1237 875 1294 autem,
913 1229 1120 1299 absque
1171 1248 1432 1288 manuum
1488 1250 1653 1303 opera
1721 1238 2017 1301 abscissus,

448 1312 701 1371 Christus
730 1328 811 1371 est
845 1321 977 1388 :qui
1033 1323 1257 1390 quidem
1302 1333 1463 1379 natus
1496 1335 1581 1381 est
1632 1343 1697 1381 ex
1752 1328 1887 1396 ipsa,
1923 1329 2016 1383 sed

450 1419 561 1457 non
599 1421 664 1458 ex
697 1407 836 1463 viro.
868 1409 1023 1474 Quod
1048 1427 1145 1480 per
1182 1413 1314 1468 illud
1363 1414 1705 1486 intelligitur,
1732 1434 1857 1472 cum
1902 1420 2018 1474 sine

453 1494 706 1547 manibus
733 1496 937 1551 dicitur
965 1499 1265 1556 abscissus.
1292 1502 1457 1573 Lapis
1489 1505 1727 1575 denique
1751 1508 1842 1576 qui
1877 1509 2017 1562 ima-

450 1582 632 1648 ginem
684 1588 977 1651 percussit,
1008 1605 1201 1645 aurum
1228 1602 1282 1646 et
1326 1594 1534 1663 reliqua
1588 1599 1930 1661 comminuit,
1965 1610 2017 1653 et

450 1685 607 1724 mens
660 1673 850 1742 ingens
900 1677 1080 1732 l'actus
1124 1679 1373 1750 implevit
1432 1693 1671 1747 terram.
1726 1688 1831 1742 ille.
1871 1688 2013 1743 idem

445 1761 701 1817 Christus
733 1774 837 1829 est,
869 1775 925 1820 et
955 1768 1102 1824 illius
1140 1786 1367 1842 regnum
1397 1790 1727 1843 permanens
1762 1780 1815 1834 in
1843 1795 2017 1836 saecu-

446 1852 517 1917 la,
546 1855 690 1922 quod
727 1855 932 1913 diaboli
983 1860 1130 1916 vires
1168 1867 1444 1927 contrivit,
1483 1876 1539 1922 et
1591 1870 1860 1925 idolorum
1896 1874 2015 1927 cul-

448 1952 561 1996 tum
586 1943 879 2003 destruxit.

517 2033 604 2087 14.
660 2034 927 2107 Propheta
985 2053 1170 2099 autem
1250 2046 1417 2103 Isaias
1466 2049 1546 2104 sic
1603 2050 1834 2106 dixitu
1873 2054 2014 2109 Ecce

446 2123 596 2195 virgo
630 2128 736 2182 crit
768 2145 1075 2201 praegnans,
1124 2149 1177 2190 et
1214 2137 1390 2205 pariet
1433 2139 1625 2206 ﬁlium,
1657 2152 1713 2197 et
1742 2146 2014 2201 vocabunt

442 2229 643 2269 nomen
705 2220 847 2290 ejus,
902 2223 1198 2280 Nobiscum
1255 2229 1490 2284 Deus“.
1534 2251 1552 2283 ι
1602 2232 1812 2290 Rursus
1866 2238 2011 2293 idem

441 2305 621 2362 dicit:
656 2327 674 2360 ι
728 2312 870 2367 Puer
912 2324 1077 2371 natus
1125 2328 1209 2373 est
1240 2320 1418 2387 nobis,
1451 2333 1508 2377 et
1544 2323 1687 2380 ﬁlius
1741 2326 1903 2384 datus
1930 2340 2014 2385 est

448 2400 627 2465 nobis,
662 2413 716 2457 et
751 2404 926 2461 factus
975 2417 1059 2463 est
1098 2410 1438 2481 principatus
1486 2415 1661 2485 ipsius
1713 2434 1879 2489 super
1907 2422 2011 2474 hu-

446 2505 657 2547 merum
690 2496 831 2565 ejus,
858 2508 915 2552 et
938 2511 1164 2555 vocatur
1198 2519 1393 2559 nomen
1421 2508 1541 2577 ejus
1590 2509 1766 2580 Magni
1799 2513 2011 2567 consilii

441 2584 691 2647 nuntius,
722 2587 1081 2656 admirabilis,
1108 2595 1479 2659 consiliarius,
1515 2598 1657 2653 Deus
1700 2600 1877 2664 fortis,
1913 2618 2011 2671 po»

443 2679 586 2736 tens,
618 2675 877 2745 princeps
904 2680 1073 2746 pacis,
1106 2692 1263 2750 pater
1307 2684 1477 2739 futuri
1519 2689 1724 2744 saeculi.
1755 2688 2010 2748 lnducam

440 2762 587 2815 enim
620 2780 805 2833 pacem
845 2783 1018 2837 super
1060 2772 1364 2843 principes,
1404 2792 1591 2845 pacem
1620 2789 1674 2832 et
1718 2783 2009 2836 sanitatem

441 2849 707 2918 ipsorum.
735 2854 960 2926 Magnus
1013 2867 1099 2914 est
1144 2862 1487 2932 principatus
1537 2867 1729 2937 ipsius.
1777 2882 1831 2926 et
1863 2876 2012 2937 pacis

440 2944 620 3011 ipsius
656 2961 764 3000 non
826 2959 909 3004 est
968 2956 1236 3009 terminus
1270 2958 1337 3010 ³⁸.
1374 2978 1390 3010 ι
1442 2959 1636 3015 Viden‘
1669 2971 1724 3015 ut
1780 2948 2012 3033 puerum

440 3037 827 3105 nominaverit,
851 3049 909 3096 et
960 3047 1137 3116 magni
1171 3049 1383 3102 consilii
1418 3053 1695 3119 nuntium,
1737 3070 1840 3109 una
1886 3072 2009 3111 cum

434 3127 560 3185 aliis
611 3130 773 3185 modo
825 3139 1182 3201 enumeratis,
1218 3156 1339 3208 qua:
1389 3144 1572 3198 omnia
1619 3147 1685 3200 ad
1736 3148 2008 3205 hominem

438 3219 737 3288 pertinent,
764 3238 926 3291 quem
991 3232 1289 3299 assumpsit
1326 3232 1489 3289 Filius
1526 3238 1618 3291 Dei
1659 3253 1722 3292 ex
1748 3241 2011 3311 Virgine?

438 3306 643 3363 Deinde
689 3313 943 3367 eumdem
996 3326 1155 3370 vocat
1212 3319 1378 3374 Deum
1433 3323 1649 3393 fortem,
1706 3306 2006 3395 potentem,

2136 1046 2277 1115 Ἐγώ
2312 1064 2396 1099 σοι
2446 1045 2577 1116 ὲρῶο
2607 1045 2668 1098 τὸ
2694 1046 2817 1115 ὅρος
2851 1046 3000 1098 ἐστὶν
3045 1048 3077 1114 ή
3133 1045 3264 1113 ἁγία
3307 1046 3576 1112 Παρθένος,
3616 1047 3644 1113 ἡ

2123 1139 2430 1207 γεννήσασα
2483 1138 2575 1190 τὸν
2631 1136 2760 1189 Υἱὺν
2811 1136 2904 1188 καὶ
2982 1136 3154 1203 Λόγον
3213 1135 3305 1188 τοῦ
3351 1136 3477 1188 Θεοῦ
3529 1138 3647 1189 κατᾶ

2124 1231 2317 1298 σάρκα.
2363 1230 2421 1281 Ὀ
2473 1228 2531 1281 δὲ
2566 1228 2761 1291 λίθοςό
2803 1226 3036 1296 τμηθεὶς
3076 1226 3185 1281 ἀπὸ
3226 1226 3320 1287 τοῦ
3354 1227 3505 1295 ὅρους
3538 1228 3645 1279 ἄνευ

2122 1321 2319 1391 χειρῶν
2361 1323 2507 1374 ἐστιν
2534 1324 2561 1373 ὁ
2602 1320 2857 1390 Χριστὸς,
2881 1319 2939 1380 ὃς
2966 1318 3229 1386 ἐγεννήθη
3265 1319 3360 1386 μὲν
3393 1318 3447 1382 ἐξ
3482 1318 3644 1383 αὐτῆς.

2119 1413 2219 1464 οὐκ
2236 1413 2293 1474 ἐξ
2318 1412 2506 1480 ἀνδρὸς
2537 1412 2591 1475 δέ
2612 1427 2628 1442 ⁸
2655 1410 2814 1465 τοῦτο
2860 1410 3068 1479 ὲδήλουξ
3089 1409 3170 1474 τὸ,
3206 1428 3225 1460 ι
3257 1410 3381 1461 ἄνευ
3414 1410 3605 1478 χειρῶν.
3628 1430 3642 1458 ι

2136 1504 2193 1557 '0
2223 1505 2277 1557 δὲ
2309 1505 2458 1567 λίθος
2501 1506 2529 1556 6
2561 1500 2807 1567 πατάξας
2852 1502 2951 1571 τὴν
2982 1500 3193 1565 εἰκόνα,
3229 1501 3319 1552 τὸν
3351 1501 3537 1570 χρυσὸν
3571 1500 3648 1551 καὶ

2118 1597 2186 1649 τὰ
2211 1596 2367 1659 ἄλλα,
2390 1596 2487 1647 xal
2511 1595 2801 1662 γενόμενος
2827 1595 2904 1655 εἰς
2931 1594 3056 1663 ὅρος
3082 1592 3248 1661 μέγα,
3272 1596 3364 1644 καὶ
3392 1592 3650 1660 πληρώσας

2118 1688 2219 1755 τὴν
2241 1688 2367 1755 γῆν,
2409 1687 2575 1748 αὐτός
2623 1689 2773 1739 ἐστιν
2818 1687 2847 1737 ὁ
2877 1686 3132 1754 Χριστὸς,
3164 1685 3258 1737 καὶ
3291 1683 3447 1737 αὐτοῦ
3471 1684 3647 1751 ἐστινὴ

2125 1778 2369 1849 βασιλεία
2402 1780 2434 1847 ή
2469 1777 2802 1847 διαμένουσα
2848 1778 2927 1839 είς
2979 1777 3107 1838 τοὺς
3146 1775 3371 1837 αἰῶνας,
3400 1777 3430 1842 ἡ
3462 1775 3651 1844 συντρί-

2118 1872 2266 1941 ψασα
2291 1870 2352 1924 τὸ
2379 1871 2581 1940 κράτος
2624 1866 2719 1921 τοῦ
2759 1868 3006 1921 διαϐόλου
3031 1908 3047 1933 ,
3097 1869 3195 1920 καὶ
3244 1868 3538 1928 καταλύσας
3570 1867 3651 1934 τὴν

2118 1963 2227 2015 τῶν
2256 1962 2489 2015 είδὼλων
2516 1960 2911 2032 προσκύνησιν.

2130 2088 2131 2091 η
2192 2052 2272 2107 ιδ’.
2302 2054 2359 2106 Ὀ
2383 2053 2437 2105 δὲ
2470 2053 2759 2127 προφήτης
2791 2053 3023 2116 Ἡσαΐας
3048 2052 3252 2105 οὑτωσί
3273 2069 3452 2121 φησιν,
3476 2069 3494 2101 ι
3539 2052 3651 2105 ’1δοῦ

2113 2148 2146 2216 ή
2203 2146 2474 2216 παρθένος
2511 2136 2576 2197 ’ὲν
2620 2145 2818 2214 γαστρὶ
2845 2144 2979 2211 ἔξει,
3032 2145 3126 2197 καὶ
3168 2145 3382 2209 τέξεται
3426 2146 3550 2203 υἱὸν,
3578 2145 3651 2195 καὶ

2114 2239 2403 2291 καλέσουσι
2453 2237 2513 2288 τὸ
2551 2236 2724 2304 ὄνομα
2771 2236 2957 2298 αὑτοῦ,
3015 2236 3156 2290 Μεθ’
3198 2236 3354 2306 ἡμῶν
3402 2241 3427 2291 6
3464 2237 3601 2298 Θεός.
3632 2256 3647 2287 i

2116 2330 2226 2381 Kal
2290 2328 2452 2381 πάλιν
2512 2329 2538 2377 6
2598 2329 2804 2394 αὐτὸς,
2863 2345 2881 2377 ι
2920 2326 3140 2380 Παιδίον
3200 2328 3459 2395 ἐγεννήθη
3506 2329 3653 2398 ἡμῖν,

2114 2422 2206 2474 καὶ
2260 2421 2375 2483 υἱὸς
2434 2420 2586 2489 ἐδόθη
2661 2420 2793 2488 ἡμῖν
2826 2457 2841 2483 ,
2885 2411 2946 2470 οὗ
2997 2419 3030 2488 ἡ
3091 2419 3239 2490 ἀρχὴ
3304 2419 3525 2490 ἐγενήθη
3576 2419 3654 2471 ἐπὶ

2111 2512 2205 2565 τοῦ
2256 2511 2407 2583 ὤμου
2433 2512 2599 2565 αὐτοῦ
2628 2550 2643 2573 ,
2690 2512 2784 2564 καὶ
2815 2510 3059 2564 καλεῖται
3089 2511 3151 2563 τὸ
3181 2511 3351 2579 ὄνομα
3397 2511 3548 2564 αύτοῦ
3579 2528 3655 2580 μευ

2113 2603 2285 2673 γάλης
2359 2602 2557 2672 βουλῆς
2620 2601 2850 2671 ἄγγελος
2878 2642 2892 2666 ,
2954 2601 3295 2672 θαυμαστὸςσ
3327 2601 3653 2673 σύμϐουλος.

2113 2692 2247 2755 Θεὸς
2287 2693 2530 2762 ἰσχυρὸς,
2573 2691 2954 2760 ὲξουσιαστὴς,
2991 2693 3182 2763 ἄρχων
3211 2696 3453 2764 εἰρήνης,
3498 2692 3657 2759 πατὴρ

2113 2783 2205 2836 τοῦ
2245 2784 2531 2852 μέλλοντος
2558 2784 2772 2846 αἰῶνος.
2813 2782 2961 2847 Ἀξω
2996 2785 3107 2853 γὰρ
3158 2784 3387 2855 εἰρήνην
3425 2784 3512 2837 ἐπὶ
3548 2783 3654 2842 τοὺς

2114 2876 2403 2945 ἄρχοντας,
2441 2876 2668 2945 είρήνην
2720 2878 2813 2930 καὶ
2873 2876 3067 2944 ὑγείαν
3124 2876 3332 2931 αὐτῶν.
3388 2876 3653 2944 Μεγάληή

2112 2969 2253 3039 ἀρχὴ
2316 2968 2505 3032 αὑτοῦ,
2561 2969 2655 3022 καὶ
2712 2969 2814 3037 τῆς
2874 2971 3106 3039 εἰρήνης
3166 2970 3341 3023 αὐτοῦ
3394 2970 3488 3023 οὐκ
3528 2969 3656 3021 ἐστιν

2114 3058 2282 3127 ὃριον.
2331 3077 2349 3109 ι
2401 3055 2553 3121 Εἶδες
2592 3058 2710 3122 πῶς
2743 3059 2991 3128 ὠνόμασε
3024 3060 3271 3124 παιδίον,
3317 3064 3409 3116 καὶ
3440 3061 3659 3129 μεγάλης

2115 3145 2310 3216 βουλῆς
2355 3146 2604 3214 ἄγγελον,
2644 3150 2735 3201 καὶ
2776 3150 2944 3202 τᾶλλα
2983 3152 3084 3203 ὅσα
3141 3152 3477 3222 ἀπαριθμεῖ,
3519 3152 3658 3206 ἅτινά

2114 3239 2219 3290 είσι
2261 3240 2352 3290 τοῦ
2399 3238 2713 3308 ἀνθρώπου,
2754 3241 2813 3293 δν
2853 3242 3148 3297 ἀνελάὸὲτο
3191 3248 3218 3298 ὁ
3258 3244 3387 3309 Υἱὸς
3429 3246 3517 3298 τοῦ
3541 3245 3661 3297 Θεοῦ

2112 3331 2177 3381 ἐκ
2209 3330 2307 3395 τῆς
2352 3332 2668 3402 Παρθένου;
2705 3334 2837 3388 Τότε
2874 3335 3020 3404 λέγει
3064 3338 3233 3392 αὐτὸν
3260 3340 3399 3394 Θεὸν
3440 3339 3659 3409 ἰσχυρὸν,

436 3406 648 3464 patrem
705 3401 874 3457 futuri
930 3408 1114 3463 saeculi
1171 3413 1498 3475 (creatorem
1556 3417 1814 3474 nimirum
1852 3424 2004 3478 intel-

2113 3401 2487 3494 ὲξουσιαστὴν,
2524 3425 2736 3494 πατέρα
2768 3427 2861 3479 τοῦ
2896 3401 3187 3498 μέλλοντος
3216 3432 3430 3496 αἰῶνος,

435 3488 658 3560 ligens),
681 3502 738 3547 et
760 3497 904 3565 quod
937 3502 1089 3569 pacis
1149 3505 1321 3573 ipsius
1359 3521 1468 3561 non
1501 3509 1571 3564 sit
1625 3514 1911 3579 terminus,
1950 3517 2002 3571 id

2112 3488 2547 3585 δηλονότι,’καὶ
2598 3488 2682 3570 ὅτί
2738 3519 2837 3589 τῆς
2896 3488 3124 3591 εἰρήνης
3182 3524 3351 3576 αὐτοῦ
3396 3526 3491 3578 οὐκ
3530 3525 3664 3577 ἔστιν

433 3592 516 3635 est
541 3584 682 3639 linis.
716 3587 791 3642 De
824 3604 959 3658 pace
1005 3607 1137 3665 ergo
1174 3607 1229 3651 et
1263 3599 1406 3664 aliis,
1439 3617 1558 3670 qua:
1587 3619 1685 3674 per
1732 3617 1916 3676 partes
1947 3611 2000 3664 in

434 3678 687 3742 praesenti
727 3678 892 3736 Isaias
922 3697 1212 3743 enumerat
1245 3690 1379 3744 satis
1430 3703 1645 3759 exacte,
1676 3696 1917 3753 diximus
1947 3701 2001 3755 in

432 3765 653 3821 Davidis
698 3772 985 3840 prophetia
1021 3778 1186 3844 paulo
1240 3790 1366 3836 ante
1392 3787 1660 3851 exposita,
1691 3803 1796 3856 qua
1827 3789 2000 3845 dixit:

434 3873 453 3903 ι
518 3858 657 3910 Dixit
721 3860 984 3917 Dominus
1028 3867 1257 3922 Domino
1316 3886 1457 3936 meo,
1515 3873 1656 3929 Sede
1716 3893 1745 3930 a
1800 3881 2004 3935 dextris
2056 3896 2064 3903 ·

432 3947 588 4010 meis,
621 3967 638 3998 ο
670 3959 776 4004 etc.
804 3953 1191 4011 Verumtamen
1240 3975 1351 4014 non
1415 3962 1592 4032 pigeat
1641 3966 2001 4028 nihilominus

432 4038 595 4109 hujus
624 4043 927 4111 propheiim
961 4047 1351 4104 colimrentiam
1380 4053 1667 4122 inspicere.
1695 4059 1830 4115 Cum
1853 4064 1998 4118 enim

430 4132 696 4199 propheta
724 4134 860 4188 dicit
891 4155 903 4189 :
941 4156 960 4188 ‹
1006 4137 1141 4193 Ecce
1182 4143 1333 4212 virgo
1367 4150 1540 4212 pariet
1584 4147 1776 4217 ﬁlium,
1809 4173 1827 4205 ι
1864 4165 1996 4221 etc.,

427 4220 649 4274 denotat
687 4223 837 4281 illum
894 4233 1297 4297 supernaturali
1339 4235 1502 4290 modo
1531 4248 1721 4294 natum
1761 4257 1827 4297 ex
1874 4244 1999 4299 diva

430 4311 652 4381 Virgine
699 4315 997 4373 hominem.
1058 4320 1162 4375 Sed
1222 4339 1345 4379 cum
1402 4328 1774 4385 admirabilem
1838 4346 1999 4391 vocat

426 4404 823 4471 consiliarium,
854 4409 992 4464 duas
1022 4427 1286 4481 personas
1330 4416 1573 4485 denotat,
1598 4422 1813 4477 Patrem
1844 4427 1997 4481 scili-

426 4505 533 4557 cet.
569 4508 625 4551 et
669 4498 836 4567 hujus
870 4502 1089 4565 Filium,
1116 4520 1212 4559 seu
1239 4508 1477 4563 Verbum
1514 4524 1527 4569 :
1559 4521 1613 4566 et
1642 4516 1785 4583 quod
1823 4517 1997 4574 Patris

426 4588 589 4641 simul
639 4601 693 4644 et
756 4591 878 4646 Filii
935 4609 1105 4648 unum
1136 4597 1207 4650 sit
1235 4599 1547 4666 consilium,
1579 4619 1685 4656 una
1714 4607 1989 4676 voluntas,

428 4694 530 4731 una
582 4682 843 4747 potentia,
884 4700 990 4739 una
1025 4696 1079 4740 et
1132 4688 1323 4743 eadem
1371 4692 1631 4760 cognitio.
1671 4695 1817 4750 Deus
1846 4700 1991 4753 enim

2112 3606 2286 3673 6ptov,
2317 3608 2568 3660 τουτέστι
2624 3609 2796 3673 τέλος.
2843 3611 2976 3681 Περὶ
3010 3611 3143 3678 γοῦν
3185 3616 3291 3685 τῆς
3338 3616 3551 3686 εἰρήνης
3581 3616 3664 3667 καὶ

2109 3696 2219 3748 τῶν
2278 3698 2481 3769 ἐτέρων
2511 3740 2526 3761 ,
2588 3693 2663 3753 ὧν
2724 3702 2863 3769 μετὰ
2918 3703 3082 3774 μέρος
3120 3705 3385 3770 διέξεισιν
3427 3709 3454 3759 ό
3491 3707 3661 3777 παρὼν

2125 3783 2378 3853 Ἡσαΐας,
2405 3790 2579 3843 ταῦτα
2614 3793 2789 3846 πάντα
2822 3794 3342 3868 ὲπεξειργασάμεθα
3376 3801 3432 3852 ἐν
3468 3802 3528 3868 τῇ
3568 3798 3662 3868 πρὸ

2112 3882 2311 3952 μικροῦ
2350 3882 2608 3955 λεχθείσῃ
2654 3886 2749 3938 τοῦ
2782 3888 2946 3941 Δαὸὶδ
2974 3892 3310 3963 προφητείᾳ,
3348 3896 3410 3962 τῇ
3446 3893 3660 3963 λεγούσῃ

2107 3974 2189 4036 τὸ,
2214 3992 2234 4025 ι
2276 3970 2449 4029 Εἶπεν
2483 3979 2510 4029 6
2547 3976 2754 4048 Κύριος
2811 3979 2889 4048 τῷ
2947 3981 3134 4051 Κυρίῳ
3197 4002 3304 4053 μου
3331 4025 3345 4046 ,
3403 3984 3577 4038 Κάθου
3609 3984 3664 4035 ἐκ

2108 4062 2300 4129 δεξιῶν
2337 4082 2458 4135 μου.
2508 4086 2527 4118 ι
2574 4068 2716 4121 Ἀλλ’
2746 4069 2894 4138 ὅμως
2926 4070 3122 4124 σκόπει
3159 4074 3259 4126 καὶ
3311 4075 3538 4128 ἐνταῦθα
3578 4073 3662 4141 τὴν

2108 4159 2431 4227 συμπλοκὴν
2457 4162 2557 4231 τῆς
2595 4163 2764 4230 αὐτῆς
2814 4166 3180 4235 προφητείας.
3218 4169 3330 4221 Kal
3365 4170 3475 4241 γὰρ
3503 4171 3556 4221 ἐν
3597 4168 3663 4237 τῷ

2106 4251 2284 4301 εἰπεῖν
2319 4248 2410 4302 τδν
2438 4253 2727 4321 προφήτην
2761 4255 2843 4316 τὸ,
2875 4274 2893 4305 ι
2931 4256 3062 4310 Ἰδοὺ
3090 4259 3122 4326 ἡ
3158 4260 3437 4328 Παρθένος
3467 4259 3661 4324 τέξεται

2103 4338 2240 4404 υἱὸν,
2274 4358 2293 4392 ι
2346 4340 2440 4393 καὶ
2475 4340 2541 4393 τὰ
2590 4341 2737 4406 ἑξῆς,
2773 4343 2942 4411 ἔδειξε
2974 4346 3065 4405 τὸν
3092 4348 3238 4418 ὑπὲρ
3281 4350 3447 4420 φύσιν
3481 4366 3659 4419 γεννη-

2104 4429 2267 4483 θέντα
2327 4430 2615 4501 ἄνθρωπον
2664 4435 2727 4486 ὲκ
2782 4438 2883 4503 τῆς
2937 4437 3106 4507 αὐτῆς
3164 4426 3334 4509 ἁγίας
3374 4443 3654 4511 Παρθένου.

2114 4518 2205 4571 Ἐν
2229 4521 2285 4572 δὲ
2315 4520 2392 4590 τῷ
2420 4523 2599 4574 εἰπεῖν
2638 4542 2655 4574 ι
2685 4524 3005 4594 θαυμαστὸν
3044 4528 3359 4598 σύμϐουλον
3384 4573 3399 4597 ,
3448 4551 3466 4584 ι
3508 4530 3655 4594 ἔδειξε

2102 4610 2375 4679 πρόσωπα
2404 4611 2518 4676 δύο,
2558 4616 2809 4668 τουτέστι
2834 4617 2925 4671 τὸν
2957 4620 3200 4689 Πατέρα,
3238 4625 3337 4674 καὶ
3364 4624 3456 4676 τὸν
3483 4623 3653 4675 τούτου

2099 4700 2230 4753 Υίόν
2264 4718 2321 4753 τε
2359 4704 2455 4756 καὶ
2487 4705 2678 4779 Λόγον,
2706 4706 2802 4760 καὶ
2834 4708 2915 4761 ὅτι
2942 4709 3040 4778 μία
3076 4709 3266 4782 βουλὴ,
3301 4714 3401 4781 μία
3433 4714 3654 4781 θέλησις,

425 4771 657 4825 ιυηεὶεἰο
688 4789 793 4827 non
830 4775 1055 4847 indiget.
1082 4777 1234 4833 Illum
1276 4796 1405 4837 vero
1456 4787 1710 4841 eumdem
1748 4789 1992 4860 Virginis

2111 4792 2198 4858 αία
2235 4790 2484 4861 δύναμις,
2545 4776 2641 4860 μία
2685 4796 2889 4861 γνῶσίς
2943 4771 3086 4850 ἔστι-
3112 4771 3334 4870 [latinae
3384 4802 3478 4854 καὶ
3516 4771 3651 4853 fieri.

425 4862 616 4917 Filium
682 4866 851 4920 Deum
913 4868 1110 4924 fortem
1169 4884 1349 4940 vocat,
1404 4886 1706 4945 potentem,
1774 4883 1989 4938 Patrem

422 4957 588 5009 Iuturi
643 4960 850 5023 saeculi,
899 4962 1057 5032 cujus
1119 4978 1222 5033 pax
1278 4966 1438 5022 linem
1492 4986 1601 5025 non
1650 4973 1862 5029 haheat.
1924 4977 1990 5031 Et

421 5048 685 5113 qudnam
754 5052 901 5107 aliud
968 5055 1082 5110 haec
1122 5057 1240 5127 ipsa
1288 5061 1576 5131 prophetia
1642 5065 1984 5135 signiﬁcavit,

417 5153 579 5206 quam
609 5141 749 5209 quod
803 5144 896 5198 ille
949 5145 1091 5200 idem
1137 5149 1277 5205 Deus
1308 5160 1362 5204 et
1404 5153 1568 5207 homo
1622 5156 1868 5225 ejusdem
1914 5159 1985 5212 sit

415 5231 631 5285 consilii
662 5242 718 5287 et
756 5237 1088 5304 cognitionis
1121 5256 1243 5295 cum
1273 5242 1380 5297 Deo
1415 5244 1569 5299 Patre
1600 5248 1912 5318 particeps?

491 5413 577 5470 15.
601 5415 745 5482 Quin
798 5430 854 5473 ct
898 5422 1162 5490 prOphcla
1225 5423 1519 5480 Zacharias
1554 5438 1680 5482 nato
1733 5430 1837 5483 sibi
1872 5431 1978 5484 ﬁlio

411 5505 618 5563 Jnaunc
640 5511 719 5565 sic
749 5512 920 5568 dixit:
954 5531 973 5563 ι
1011 5515 1076 5569 Et
1111 5525 1187 5580 tu,
1220 5534 1378 5587 puer,
1416 5521 1677 5590 propheta
1714 5525 1975 5609 :Alt‘ssimi

488 5692 525 5721 ³⁸
556 5692 655 5745 Isa.
690 5710 782 5759 VII,
815 5693 897 5750 l4.
976 5698 1018 5728 ³³
1046 5699 1146 5753 lsa.
1180 5715 1253 5767 lx,
1279 5702 1309 5755 li
1350 5704 1398 5757 8.

2093 4881 2227 4943 Θεὸς
2252 4883 2360 4952 γὰρ
2394 4882 2588 4953 βουλῆς
2643 4885 2705 4938 ού
2759 4886 2949 4943 δεῖται.
3005 4889 3109 4941 Τὸν
3139 4890 3186 4942 δ’
3216 4892 3386 4945 αὐτὸν
3414 4892 3537 4944 Υἱὸν
3568 4891 3654 4959 τῆς

2094 4973 2374 5043 Παρθένου
2406 4974 2555 5042 λέγει
2588 4976 2722 5030 Θεὸν
2760 4978 2999 5049 ἰσχυρδν,
3033 4980 3421 5052 ὲξουσιαστὴν,
3457 4982 3653 5050 πατέρα

2088 5063 2181 5117 τοῦ
2213 5065 2497 5133 μέλλοντος
2538 5068 2756 5134 αἰῶνος,
2790 5071 2862 5139 μὴ
2895 5071 3124 5140 ἐχούσης
3150 5073 3310 5135 τέλος
3353 5078 3453 5145 τῆς
3477 5072 3651 5127 τούτου

2088 5162 2329 5230 εἰρήνης.
2371 5160 2481 5213 Kal
2522 5162 2575 5213 τί
2607 5163 2792 5233 ἕτερον
2828 5166 3027 5231 ἔδειξεν
3062 5167 3261 5237 ήαύτὴ
3297 5164 3652 5237 προφητείαῆ

2092 5254 2174 5305 ὅτι
2200 5252 2289 5304 τὸν
2324 5253 2485 5307 αὐτὸν
2534 5254 2667 5307 Θεόν
2700 5271 2759 5307 τε
2807 5257 2903 5309 καὶ
2951 5257 3267 5327 ἄνθρωπον,
3299 5258 3430 5328 μίαν
3470 5257 3654 5327 βουλήν

2091 5359 2149 5394 τε
2180 5342 2271 5394 καὶ
2314 5343 2515 5409 γνῶσιν
2555 5344 2747 5412 ἔχοντα
2787 5347 2930 5417 pera
2976 5348 3067 5400 τοῦ
3105 5348 3242 5400 Θεοῦ
3277 5351 3375 5401 καὶ
3413 5346 3648 5417 Πατρόςς

2199 5433 2279 5488 ιε’.
2354 5436 2415 5487 '0
2495 5436 2550 5488 δὲ
2613 5439 2900 5507 προφήτης
2960 5441 3236 5510 Ζαχαρίας
3305 5438 3651 5508 γεννηθέντος

2103 5526 2347 5577 Ἰωάννου
2391 5526 2481 5579 τοῦ
2516 5528 2631 5579 uit-i3
2672 5528 2836 5581 αὐτοῦ
2870 5529 3039 5592 οὔτως
3084 5530 3271 5601 εἴρηκε
3302 5545 3316 5561 ·
3361 5547 3381 5580 ι
3413 5527 3518 5581 Kal
3562 5526 3646 5590 σὺ,
