3970 6212
362 340 469 405 41⁸1
1334 336 1638 394 CONTRA
1685 332 2174 392 MAHOMETEM
2218 333 2598 393 APOLOGIA
2648 338 2693 395 l.
3502 343 3608 409 “8

362 452 609 514 παιδίον,
662 450 949 519 προφήτης
995 447 1253 515 ’Υψίστευ
1286 447 1558 516 κληθήσῃ·
1593 447 1921 514 προπερεύστ

2053 444 2377 509 vocaberis;
2423 447 2643 515 praeiliis
2694 448 2841 502 cnim
2877 460 3001 503 ante
3051 449 3244 504 faciem
3283 452 3513 519 Domini,
3544 457 3613 509 ad

364 548 479 613 γὰρ
516 543 624 611 πρὸ
667 541 963 610 προσώπου
1012 538 1216 608 Κυρίου
1255 539 1544 607 ἑτοιμάσαι
1568 538 1720 598 ὀδοὺς
1750 537 1915 589 αὑτοῦ

2050 535 2354 603 parandum
2383 536 2498 591 vias
2538 539 2681 607 cjus,
2712 540 2778 591 ad
2811 540 3047 593 dandum
3083 542 3368 597 scientiam
3422 545 3617 600 salutis

363 635 464 687 τοῦ
496 631 685 686 δοῦναι
712 634 916 698 γνῶσιν
941 632 1217 700 σωτηρίας
1248 631 1326 699 τῷ
1365 629 1480 699 λαῷ
1512 629 1676 681 αὑτοῦ
1702 631 1761 679 ἐν
1793 631 1921 695 ἀφέ-

2044 628 2250 696 populo
2295 627 2468 696 ipsius
2514 643 2612 697 per
2660 630 3036 684 remissionem
3087 645 3434 701 peccatorum
3469 637 3614 706 ejus,

366 741 455 777 σει
523 723 811 793 ἁμαρτιῶν
856 724 1064 785 αὐτῶν,
1100 721 1188 774 διὰ
1239 721 1521 790 σπλάγχνα
1576 722 1757 779 ἐλέους
1805 719 1921 772 Θεοξ

2042 730 2142 783 per
2170 716 2383 770 viscera
2410 718 2803 773 misericordia
2837 719 2926 772 Dei
2966 723 3137 775 nostri
3166 723 3254 775 ³³⁸.
3293 742 3310 774 ι
3349 724 3614 780 Joannem

364 814 543 881 ἡμῶν.
580 831 599 861 ι
635 813 856 873 Πάντως
888 812 916 862 6
945 811 1038 862 τοῦ
1060 811 1332 879 Ζαχαρίου
1360 812 1470 871 υίὸς
1487 810 1735 879 Ἰωάννης
1768 810 1921 879 μέγω

2039 818 2190 862 certe
2231 795 2513 863 zacharia:
2572 809 2743 862 ﬁlium
2791 826 3043 881 maguum
3091 814 3413 882 prophetam
3443 816 3616 870 fuisse

365 906 657 973 προφήτης
713 901 1048 970 εὑρίσκεται,
1081 902 1282 964 καθὼξ
1322 907 1417 956 καὶ
1469 904 1669 965 πάντες
1700 904 1748 955 oi
1783 903 1921 955 Μου-

2040 909 2275 964 constat,
2305 902 2554 954 omnium
2587 916 2807 971 quoque
2852 903 3314 958 Musulmanorum
3368 907 3619 960 testimo-

371 995 672 1064 σουλμάνοι
695 993 1075 1061 ὁμολογοῦσιν.
1112 994 1176 1045 Τί
1208 994 1261 1046 δὲ
1293 996 1705 1063 προεφήτευσεν
1731 1012 1745 1057 ;
1776 994 1921 1047 Ἀλλι

2041 992 2154 1045 nio.
2181 992 2321 1057 Quid
2355 1007 2485 1045 vero
2522 992 2611 1046 hic
2657 993 3045 1061 prophetavit?
3092 994 3237 1047 Nihil
3265 995 3411 1048 aliud
3450 1011 3612 1064 quam

362 1088 520 1139 οὐδὲν
572 1085 991 1156 ἀναφαίνεταιῆ
1029 1087 1161 1155 περὶ
1200 1086 1295 1138 τοῦ
1330 1087 1589 1155 Χριστοῦ,
1624 1084 1804 1148 καθὼς
1845 1088 1921 1138 κα¹

2035 1082 2315 1138 Christum
2342 1084 2642 1147 denotavit,
2675 1084 3135 1153 quemadmodum
3160 1095 3321 1154 supra
3350 1089 3599 1155 exposui-

362 1182 720 1248 προείπομεν.
764 1180 900 1231 Τίνα
946 1180 1005 1232 δὲ
1056 1179 1213 1232 καλεί
1242 1181 1270 1231 6
1306 1180 1583 1250 Ζαχαρίας
1617 1180 1885 1246 ’Ὕψιστον
1916 1197 1930 1243 ;

361 1271 470 1322 Τὸν
502 1271 759 1339 Χριστόν.
790 1271 923 1339 Περὶ
950 1270 1115 1323 αὑτοῦ
1142 1271 1233 1322 καὶ
1262 1271 1370 1340 γὰρ
1390 1267 1510 1324 εἷπε
1535 1273 1613 1339 τὸ,
1653 1290 1671 1323 ι
1716 1273 1921 1341 Προφή·

2037 1266 2169 1317 nat?
2201 1266 2476 1319 Christum
2530 1266 2757 1320 scilicet.
2802 1267 2875 1321 De
2919 1268 3008 1321 illo
3057 1269 3202 1323 enim
3235 1268 3339 1323 hoc
3378 1270 3609 1333 dixerat,

361 1376 464 1429 της
509 1361 766 1429 Ὑψίστου
814 1361 1088 1431 κληθήσῃ.
1119 1380 1138 1412 ι

2040 1376 2057 1406 ι
2088 1356 2352 1424 Propheta
2382 1355 2644 1410 Altissimi
2675 1358 2980 1412 vocaberis.
3024 1378 3042 1409 ι

435 1460 537 1517 ις’.
590 1454 713 1506 Ἔτι
788 1442 1059 1523 Ἱερεμίας
1096 1456 1124 1507 6
1157 1455 1446 1525 προφήτης
1486 1456 1686 1510 οὑτωσί
1744 1474 1921 1528 φησιν¹

2108 1445 2193 1499 16.
2219 1446 2387 1499 Porro
2408 1444 2697 1500 Jeremiam
2723 1449 3045 1517 prophetam
3072 1451 3149 1504 sic
3180 1451 3452 1507 dicentem
3477 1455 3608 1526 legi-

365 1560 383 1591 ι
423 1535 594 1603 οὗτος
617 1542 644 1592 6
674 1540 806 1603 Θεὸς
847 1540 1007 1610 ἡμῶν
1033 1558 1047 1572 ο
1079 1542 1139 1594 οὐ
1170 1542 1552 1613 λογισθήσεται
1578 1546 1766 1615 ἕτερος
1796 1547 1921 1615 πρὸς

2031 1551 2153 1590 mus
2181 1552 2195 1591 :
2225 1555 2244 1587 ι
2276 1536 2373 1591 llic
2396 1545 2477 1591 est
2498 1537 2641 1591 Deus
2664 1547 2868 1603 noster,
2896 1550 2951 1593 et
2975 1540 3113 1595 alius
3136 1543 3287 1612 juxta
3322 1543 3468 1599 hunc
3498 1562 3605 1600 non

357 1634 541 1687 αὐτόν.
588 1633 812 1701 Ἑξεῦρε
853 1634 1034 1687 πᾶσαν
1087 1634 1206 1686 ὁδὸν
1236 1634 1572 1705 ἐπιστήμης,
1600 1637 1697 1689 καὶ
1725 1636 1921 1689 ἔδωκεν

2031 1628 2394 1697 reputabitur.
2422 1628 2630 1682 Invenit
2667 1644 2886 1683 omnem
2918 1631 3058 1683 viam
3083 1632 3344 1699 scientiae,
3373 1643 3428 1688 ct
3458 1636 3612 1690 ιιεάίι

354 1725 525 1795 αὐτὴν
575 1724 773 1777 Ἰακὼὸ
828 1724 905 1793 τῷ
958 1724 1109 1778 παιδὶ
1155 1724 1322 1778 αὐτοῦ
1352 1764 1366 1790 ,
1440 1728 1535 1780 καὶ
1594 1728 1809 1798 Ἰσραὴλ
1851 1728 1921 1797 τῷ

2031 1732 2145 1771 eam
2165 1716 2333 1772 Jacob
2348 1733 2508 1773 servo
2531 1733 2652 1786 suo,
2681 1728 2737 1774 et
2766 1721 2949 1775 lsraeli
2972 1722 3174 1777 dilecto
3205 1738 3326 1778 suo.
3352 1725 3475 1779 Post
3496 1727 3611 1779 ha-c

2036 1188 2180 1228 mus.
2206 1174 2503 1228 Zacharias
2535 1190 2688 1240 vero,
2734 1190 3025 1245 quemnam
3055 1177 3397 1231 Altissimum
3438 1181 3613 1233 nomi~
3707 1161 3711 1164 6

353 1816 701 1887 ἠγαπημένῳ
729 1816 824 1868 ὑπ’
856 1816 1040 1870 αὐτοῦ.
1074 1818 1232 1872 Μετὰ
1262 1817 1320 1871 δὲ
1349 1818 1522 1871 ταῦτα
1554 1820 1650 1872 ἐπὶ
1678 1821 1777 1889 τῆς
1820 1820 1922 1888 γῆς

350 1908 536 1977 ὤφθη,
571 1910 667 1960 καὶ
693 1910 805 1971 τοῖς
831 1909 1137 1980 ἀνθρώποις
1180 1911 1618 1981 συνανεστράφη.
1654 1931 1672 1964 ι
1702 1912 1844 1983 Ᾱῦτη
1892 1917 1925 1983 ή

350 2000 540 2068 βίϐλος
576 1999 688 2052 τῶν
730 2003 1171 2070 προσταγμάτων
1198 2002 1296 2054 τοῦ
1324 2002 1484 2056 Θεοῦ.
1523 1999 1675 2066 Εἶδες
1710 2020 1927 2075 προφη-

347 2094 502 2154 τείας
536 2092 869 2162 λαμποὺσας
898 2094 1038 2163 ὑπὲρ
1069 2094 1164 2146 τὸν
1194 2095 1378 2164 ἧλιονς
1423 2097 1570 2165 Ὅτι.
1592 2096 1693 2165 μιν
1722 2097 1922 2160 πάντες

350 2194 401 2238 οι
432 2160 724 2255 προφῆται
756 2187 847 2239 διὰ
880 2160 1157 2257 διαφορων
1201 2160 1398 2251 λέξεων
1438 2160 1677 2257 λέγδυῄσι,
1728 2190 1929 2252 πάντες

353 2278 413 2328 δὲ
451 2276 840 2345 συμφωνοῦσιν
874 2280 955 2340 εἰς
994 2280 1055 2331 τὸ
1108 2279 1277 2343 αὐτὸ,
1334 2280 1454 2331 luet
1506 2281 1535 2332 6
1591 2280 1753 2342 αὐτὸς
1795 2281 1929 2345 Θεός

367 2372 514 2420 ἔστιν
543 2372 570 2421 6
597 2369 778 2424 λαλῶν
804 2368 895 2422 διὰ
931 2370 1199 2439 στόματος
1229 2372 1429 2437 αὐτῶν,
1480 2372 1638 2425 τοῦτο
1680 2373 1925 2427 τοιοῦτον

374 2458 473 2513 ενι.
516 2460 643 2513 Ἀλλ’
683 2463 838 2530 ὅμως
887 2461 963 2524 ὡς
1002 2463 1061 2514 ὲν
1109 2461 1325 2530 συνόψει
1359 2458 1514 2516 εἶπον
1545 2464 1651 2517 ὅτε
1702 2463 1928 2527 Ἡσαΐας

370 2555 462 2604 καὶ
505 2551 767 2624 Ἱερεμίας
790 2569 807 2585 ’
842 2556 871 2607 ὁ
910 2554 1009 2623 μέν
1046 2570 1128 2606 τοι
1166 2554 1393 2617 Ἡσαΐας
1413 2553 1603 2619 είπὼν,
1637 2555 1717 2608 ὅτι
1749 2574 1765 2606 ι
1797 2557 1929 2609 Παι-

359 2645 466 2697 δίον
481 2647 747 2715 ἐγεννήθη
763 2648 896 2717 ήμτν
909 2646 1003 2698 καὶ
1020 2644 1241 2715 ὲδόθη,ἲι
1261 2644 1533 2716 ἐπήγαγε,
1569 2666 1586 2697 ι
1622 2647 1754 2711 Θεδς
1781 2650 1929 2719 ίσχυ-

355 2741 470 2806 ρος·
498 2755 518 2788 ι
547 2738 649 2790 όδὲ
686 2737 958 2807 Ἱερεμίας
976 2736 1147 2790 είπὼν
1169 2780 1183 2804 ,
1206 2739 1288 2790 ὅτι
1314 2733 1510 2802 «Οὗτος
1539 2741 1566 2793 6
1594 2740 1723 2804 Θεὸς
1752 2742 1927 2812 ήμῶνο

347 2828 413 2879 οὐ
440 2829 829 2896 λογισθήσεται
874 2827 1059 2899 ἔτερος
1108 2829 1244 2897 πρὸς
1271 2830 1450 2894 αὐτὸν,
1483 2849 1502 2882 ι
1546 2831 1717 2898 λέγει,
1768 2852 1786 2884 ι
1810 2834 1931 2895 Ἐπὶ

346 2919 451 2987 τῆς
484 2919 591 2987 γῆς
624 2916 803 2987 ὤφθη,
840 2919 934 2971 κα)⁸
964 2921 1076 2982 τοῖς
1103 2920 1410 2989 ἀνθρώποις
1442 2924 1879 2992 συνανεστράφη.
1907 2944 1925 2973 ι

345 3010 427 3063 Οὐ
463 3009 627 3077 μόνον
654 3010 764 3078 γὰρ
794 3010 921 3079 περὶ
972 3010 1066 3062 τοῦ
1093 3011 1333 3081 Χριστοῦ
1387 3014 1806 3083 προεφήτευσαν
1838 3018 1931 3068 καὶ

344 3097 510 3153 εἷπον
545 3102 595 3153 oi
629 3106 927 3171 προφῆται,
976 3102 1112 3155 ἀλλὰ
1160 3104 1256 3156 καὶ
1285 3105 1415 3173 περὶ
1445 3105 1541 3174 τῆς
1570 3106 1731 3173 ἁγίας
1759 3108 1925 3161 αὐτοῦ
1954 3109 1997 3168 C

344 3194 569 3264 μητρὸς
599 3196 695 3249 καὶ
728 3195 1031 3265 Παρθένου,
1086 3197 1249 3250 ἅτινα
1282 3197 1372 3250 διὰ
1407 3199 1469 3251 τὸ
1501 3200 1707 3269 πλῆθος
1738 3202 1921 3269 εἰάθη-

344 3301 476 3335 σαν.
535 3284 647 3336 Καὶ
707 3283 815 3336 ἰδοὺ
865 3287 995 3355 περὶ
1043 3286 1151 3340 τῶν
1178 3285 1456 3341 ὁπτασιῶν
1490 3290 1595 3346 τῶν
1624 3290 1795 3357 ἁγίων
1827 3293 1923 3345 καὶ

336 3375 461 3426 τῶν
493 3375 855 3443 προφητικῶν
881 3377 1092 3444 ῥήσεων
1117 3376 1319 3439 ἱκανῶς
1340 3378 1665 3447 εἰρήκαμεν.
1692 3380 1921 3449 Ἰδωμεν

334 3468 413 3546 δὲ.
464 3468 564 3519 καὶ
612 3467 693 3528 εἰς
749 3466 809 3518 τὸ
859 3467 990 3535 ἑξῆς
1036 3468 1091 3521 τί
1127 3466 1377 3538 βούλεται
1429 3469 1522 3523 καὶ
1550 3470 1608 3522 τὸ
1642 3472 1794 3535 τέλος
1821 3474 1920 3524 αὑ-

332 3554 482 3589 των.

420 3628 511 3690 ιξ¹.
552 3628 738 3691 Ὅπως
785 3629 1066 3698 ἀπεστάλη
1105 3631 1165 3696 ἐξ
1193 3630 1429 3701 οὐρανοῦ
1476 3631 1716 3703 Γαϐριὴλ
1760 3635 1788 3685 6
1820 3634 1918 3703 ἀρ-

330 3720 622 3791 χάγγελος
674 3721 1134 3790 εὐαγγελίσασθαι
1178 3726 1245 3792 τῇ
1282 3724 1413 3793 ἁγίᾳ
1446 3723 1705 3794 Παρθένῳ
1732 3726 1920 3797 Μαρῖᾳ

329 3816 453 3884 τὴν
485 3812 770 3881 σύλληψιν,
817 3816 913 3868 καὶ
967 3815 1118 3875 ὅπως
1176 3815 1437 3867 συνέλαϐε
1494 3815 1585 3867 τὸν
1640 3815 1729 3867 τοῦ
1784 3817 1917 3869 Θεοῦ

325 3906 569 3971 Λόγον,
619 3905 714 3957 καὶ
771 3906 928 3975 ὑμεῖς
999 3904 1391 3976 ὁμολογοῦντες
1442 3906 1661 3975 λέγετε,
1695 3906 1797 3959 κᾶν
1825 3911 1918 3962 καὶ

324 3995 530 4062 ὀρθῶς
564 3994 637 4063 μὴ
670 3995 995 4065 φρονοῦντες
1048 3997 1171 4047 ἐστε
1230 3999 1357 4066 περὶ
1412 3996 1630 4060 τούτου,
1664 3998 1916 4065 λέγοντες

320 4083 428 4135 ὅτι
490 4078 777 4148 ἄνθρωπον
837 4080 989 4148 ψιλὸν
1039 4082 1331 4151 ἐγέννησεν
1383 4084 1414 4151 ὴ
1474 4083 1767 4152 Παρθένος,
1822 4087 1917 4137 καὶ

326 4171 403 4222 ob
444 4167 602 4232 Θεὸν,
636 4167 1057 4229 ἀκολουθοῦντες
1084 4171 1197 4231 τοῖς
1228 4166 1628 4238 τοῦΝεστορίου
1659 4170 1913 4239 δόγμασι’

326 4260 449 4311 καὶ
507 4259 594 4310 ὅτι
648 4259 936 4332 ἄνθρωπος
966 4258 1066 4328 μὲν
1095 4254 1163 4329 ἦν
1191 4261 1219 4311 6
1258 4260 1515 4328 Χριστὸς,
1548 4261 1834 4332 ἄνθρωπος
1861 4262 1915 4316 δὲ

328 4350 420 4421 μέ
434 4365 537 4417 γας
568 4349 661 4400 καὶ
693 4349 850 4417 ἅγιος
884 4352 977 4402 καὶ
1010 4349 1232 4419 ὑψηλὸς,
1265 4345 1375 4411 οἷος
1413 4348 1537 4401 οὔτε
1569 4351 1675 4419 πρὸ
1703 4352 1913 4404 ἐκείνου

2029 1820 2212 1863 autem
2264 1824 2434 1879 super
2478 1823 2679 1865 terram
2730 1812 2881 1866 visus
2916 1822 3021 1878 est,
3052 1825 3108 1867 et
3142 1829 3263 1869 cum
3293 1817 3609 1870 boninibus

2031 1911 2392 1957 conversatus
2418 1910 2523 1958 est.
2549 1922 2566 1953 ι
2588 1904 2686 1958 Hic
2713 1914 2795 1959 est
2820 1904 2960 1959 liber
2990 1906 3369 1961 mandatorum
3394 1908 3509 1962 Dei.
3528 1910 3603 1963 Eu

2038 1993 2138 2046 tibi
2168 1996 2388 2048 oracula
2439 1996 2554 2049 sole
2607 1996 2997 2065 splendidiora.
3031 1996 3165 2052 Cum
3222 2000 3367 2052 enim
3407 2000 3604 2069 singuli

2030 2082 2428 2151 prophetarum
2479 2084 2713 2140 diversis
2787 2094 3017 2140 utantur
3065 2086 3283 2141 dicendi
3333 2088 3602 2159 formulis,

2030 2185 2222 2225 omnes
2253 2182 2432 2225 tamen
2464 2172 2518 2226 in
2543 2189 2713 2227 unum
2755 2177 3131 2241 consentiunt,
3156 2178 3602 2247 quandoquidem

2030 2260 2175 2315 Deus
2200 2269 2307 2327 est,
2334 2262 2430 2330 qui
2491 2263 2605 2316 haec
2625 2272 2681 2315 et
2716 2263 2915 2317 similia
2961 2280 3058 2332 per
3085 2280 3148 2319 os
3182 2267 3423 2335 ipsorum
3459 2268 3601 2323 locu-

2032 2360 2120 2406 tus
2176 2363 2280 2406 est.
2315 2350 2701 2407 Verumtamen
2763 2369 2862 2408 ceu
2926 2369 2992 2408 ex
3040 2358 3319 2411 communi
3372 2361 3603 2427 quadam

2031 2444 2505 2513 contemplatione
2555 2445 2838 2500 vaticinati
2871 2455 3020 2512 sunt,
3054 2457 3109 2502 et
3164 2449 3331 2505 lsaias
3377 2463 3429 2507 et
3453 2452 3604 2508 Jere-

2032 2535 2190 2589 mias.
2216 2536 2386 2590 Isaias
2412 2536 2637 2607 quidem
2666 2538 2719 2590 in
2750 2538 2898 2593 hunc
2930 2540 3152 2594 modum
3186 2560 3198 2596 :
3233 2562 3249 2594 ι
3284 2544 3422 2597 Puer
3444 2556 3604 2599 natus

2038 2634 2124 2680 est
2154 2627 2335 2692 nobis,
2374 2637 2430 2681 et
2462 2628 2604 2683 [ilius
2632 2628 2792 2683 datus
2820 2639 2903 2684 est
2927 2630 3122 2696 nobis;
3155 2651 3171 2683 ι
3206 2633 3405 2701 quibus
3430 2636 3603 2697 addit,

2038 2734 2055 2766 ι
2094 2717 2237 2772 Deus
2268 2716 2447 2781 fortis,
2481 2738 2500 2771 ι
2530 2728 2636 2774 etc.
2656 2720 2922 2775 Jeremias
2948 2737 3076 2776 vero
3093 2724 3171 2777 sic
3192 2724 3377 2779 dicens
3409 2743 3421 2779 :
3458 2745 3475 2776 ι
3508 2726 3608 2781 llic

2030 2818 2115 2863 est
2147 2809 2291 2862 Deus
2314 2819 2521 2874 noster,
2546 2827 2654 2865 non
2690 2813 3043 2882 reputabitur
3074 2816 3216 2869 alius
3248 2815 3398 2887 juxta
3437 2819 3602 2873 hunc.

2033 2895 2209 2966 Super
2241 2908 2441 2953 terram
2488 2901 2638 2957 visus
2679 2914 2784 2970 est,
2811 2916 2865 2960 et
2898 2921 3021 2959 cum
3046 2906 3357 2962 hominibus
3380 2924 3607 2963 conver-
3659 2941 3671 2951 υ

2032 2999 2183 3044 satus
2236 3001 2339 3047 est.
2383 3010 2402 3045 ι
2447 2992 2565 3048 Non
2609 2995 2754 3049 enim
2802 2996 2871 3052 de
2918 2998 3035 3052 solo
3082 2997 3303 3053 Christo
3330 3000 3604 3054 vaticinati

2034 3093 2159 3136 sunt
2184 3085 2484 3153 prophetas,
2508 3101 2701 3141 verum
2742 3090 2907 3143 etiam
2950 3089 3017 3143 de
3051 3101 3396 3145 sacrosancta
3456 3092 3605 3146 illius

2029 3186 2225 3239 matre,
2256 3174 2480 3246 Virgine
2527 3177 2717 3243 Maria,
2747 3196 2868 3248 quae
2917 3180 3135 3249 quidem
3188 3197 3333 3236 nunc
3383 3194 3603 3252 propter

2032 3266 2256 3320 nimiam
2288 3268 2660 3337 prolixitatem
2718 3270 3057 3326 omittemus.
3090 3271 3158 3339 Et
3215 3270 3330 3326 hmc
3380 3273 3600 3340 quidem

2031 3358 2098 3410 de
2130 3367 2442 3411 sanctorum
2496 3359 2929 3423 revelationibus
2977 3368 3031 3414 et
3070 3362 3454 3430 prophetarum
3481 3378 3603 3417 ora-

2027 3448 2166 3501 culis
2197 3447 2531 3502 suﬂicienter
2586 3450 2824 3503 diximus
2859 3469 2871 3502 :
2906 3466 3052 3505 nunc
3086 3467 3217 3506 vcro
3251 3454 3374 3522 quis
3406 3453 3601 3508 horum

2027 3538 2273 3593 omnium
2310 3539 2431 3594 linis
2463 3541 2554 3605 sit,
2589 3542 3021 3596 consideremus.

2098 3630 2185 3683 l7.
2215 3629 2368 3695 Quod
2424 3644 2555 3683 sane
2606 3632 2967 3700 archangelus
2988 3631 3204 3685 Gabriel
3234 3633 3449 3688 coalitus
3473 3636 3606 3689 mis-

2027 3735 2123 3776 sus
2154 3721 2224 3775 sit
2250 3720 2389 3775 divae
2416 3720 2615 3790 virgini
2645 3720 2826 3775 Mariae
2880 3725 3289 3790 conceptionem
3319 3725 3604 3778 nuntiatuo

2028 3830 2141 3877 rus,
2173 3821 2229 3867 et
2258 3812 2403 3884 quod
2442 3812 2555 3868 htec
2586 3813 2701 3881 ipsa
2731 3813 2822 3867 Dei
2858 3815 3107 3869 Verbum
3143 3815 3479 3884 conceperit,
3506 3831 3603 3870 vos

2028 3902 2129 3969 ipsi
2170 3902 2502 3957 aﬂirmantes
2534 3902 2871 3956 confitemini
2899 3901 3184 3971 :quamvis
3216 3901 3389 3955 dehis
3422 3902 3602 3955 minus

2027 3998 2173 4043 recte
2206 3990 2481 4054 sentiatis,
2528 4004 2653 4043 cum
2709 3989 2895 4043 dicitis
2939 3989 3219 4052 nimirum,
3258 3989 3401 4057 quod
3437 3989 3602 4057 Virgo

2025 4080 2311 4135 hominem
2362 4080 2568 4134 nudum
2627 4081 2926 4150 pepererit,
2963 4090 3017 4134 et
3048 4095 3157 4134 non
3190 4080 3359 4133 Deum
3407 4083 3600 4150 (secuti

2028 4173 2173 4227 haud
2206 4172 2371 4226 dubie
2390 4170 2630 4226 Nestorii
2650 4170 2890 4259 dogma),
2912 4179 2965 4225 et
2986 4170 3129 4240 quod
3156 4170 3407 4226 Christus
3437 4171 3603 4226 homo

2028 4280 2236 4325 tantum
2291 4269 2476 4333 fuerit,
2533 4270 2698 4323 homo
2750 4279 2932 4323 autem
2994 4285 3241 4340 magnus,
3295 4282 3516 4325 sanctus
3549 4284 3603 4325 ct

2024 4372 2311 4430 augustus,
2354 4376 2463 4431 quo
2507 4361 2750 4415 sanctior
2786 4370 2909 4413 ante
2959 4361 3107 4413 hunc
3158 4368 3321 4416 natus
3369 4377 3475 4415 non
3507 4363 3599 4425 sit,

320 4444 582 4510 ἐγένετο
631 4440 932 4511 ἁγιώτερος
964 4442 1157 4507 αὑτοῦ,
1205 4442 1324 4494 οὐδὲ
1365 4442 1503 4511 μετὰ
1528 4442 1700 4495 ταῦτα
1730 4445 1921 4515 γεννήέ

2031 4467 2210 4521 neque
2260 4450 2596 4514 nasciturus,
2650 4451 2744 4504 sed
2800 4450 2949 4505 hunc
3001 4451 3245 4505 omnium
3315 4451 3601 4505 hominum

321 4547 533 4597 σεται,
567 4530 679 4583 ἀλλ’
713 4533 875 4593 αὐτός
924 4533 1071 4584 ἐστιν
1102 4534 1130 4585 6
1181 4533 1398 4586 πάντων
1430 4533 1731 4603 ἀνθρώπων
1755 4534 1920 4602 ἁγιώ-

315 4640 532 4694 τερος.
596 4622 785 4691 Ἡμεῖς
822 4624 878 4675 δὲ
928 4623 1259 4692 πιστεύομεν
1319 4624 1413 4677 καὶ
1471 4625 1779 4694 φρονοῦμεν
1824 4627 1919 4678 καὶ

316 4719 608 4782 λὲγομεν,
638 4714 719 4766 ὅτι
765 4715 927 4776 αὐτὸς
983 4715 1012 4765 6
1056 4716 1291 4785 Χριστὸς
1322 4716 1487 4777 αὐτός
1528 4718 1676 4767 ἐστιν
1714 4716 1741 4766 6
1791 4716 1916 4777 Υἱὸς

317 4807 445 4861 τοῦ
487 4806 623 4857 Θεοῦ
668 4805 763 4858 τοῦ
799 4806 1021 4869 ζῶντος,
1054 4809 1082 4858 6
1130 4807 1336 4877 ἀληθὴς
1384 4806 1535 4869 Θεὸς,
1583 4811 1610 4859 6
1640 4807 1918 4876 γεννηθεὶς

316 4905 411 4953 ἐκ
480 4897 583 4966 τῆς
632 4900 720 4950 dei.
760 4898 1033 4968 παρθένου
1094 4898 1312 4968 Μαρίας
1370 4900 1498 4951 ἄνευ
1564 4898 1775 4968 ἀνδρὸς,
1824 4902 1918 4952 καὶ

320 4992 485 5053 Υἱὸς
527 4990 600 5042 ὦν
634 4990 725 5044 τοῦ
781 4990 942 5057 Θεοῦ,
992 4992 1085 5042 καὶ
1136 4990 1268 5051 Θεὸς
1330 4988 1676 5059 προαιώνιος,
1740 4989 1918 5040 λαϐὼν

322 5089 545 5153 σάρκα
580 5084 641 5148 ἐξ
676 5084 869 5153 αὐτῆς,
913 5083 1008 5136 καὶ
1051 5082 1344 5151 γενόμενος
1378 5081 1689 5151 ἄνθρωπος,
1727 5082 1786 5131 ὃν
1822 5081 1921 5132 καὶ

318 5170 687 5238 πιστεύομεν
718 5168 861 5224 εἶναι
912 5172 1045 5223 Θεόν
1086 5188 1144 5223 τε
1182 5169 1278 5223 καὶ
1315 5170 1628 5239 ἄνθρωπον.
1674 5170 1919 5235 ιΙαρελά-

319 5271 526 5335 ευμεν
560 5266 617 5317 δὲ
664 5264 826 5319 τοῦτο
860 5268 956 5319 καὶ
996 5268 1354 5336 ἐδιδάχθημεν
1397 5268 1504 5319 ἀπό
1555 5282 1613 5319 τε
1661 5265 1755 5318 τοῦ
1791 5282 1921 5335 προ-

320 5362 529 5431 φήτου
560 5359 862 5424 Μωῦσέως,
906 5359 1001 5413 τοῦ
1042 5360 1225 5425 Δαϐὶδ,
1261 5361 1355 5413 καὶ
1389 5360 1609 5413 πάντων
1636 5361 1744 5413 τῶν
1782 5377 1918 5430 προ-

320 5453 543 5524 φητῶν
576 5453 683 5505 τῶν
729 5455 1029 5521 γεγονότων
1056 5454 1163 5506 ἀπό
1198 5470 1254 5505 τε
1287 5454 1379 5505 τοῦ
1411 5455 1689 5513 Μωῡσέως
1727 5456 1918 5522 μέχρις

325 5550 417 5601 ἂν
446 5544 582 5615 ἔλθῃ
607 5546 635 5595 6
664 5544 923 5610 Χριστὸς,
949 5546 977 5596 6
1007 5544 1136 5598 παρ’
1163 5545 1385 5597 ἐκείνων
1416 5545 1911 5614 προφητευόμενος.

425 5727 494 5755 ³³⁸
530 5722 661 5777 Luc.
698 5738 733 5788 ι,
768 5722 947 5776 ’ῖ6-78.

2027 4558 2149 4597 esse
2181 4542 2612 4597 sanctissimum.
2665 4540 2776 4596 Nos
2824 4556 2953 4595 vero
3008 4542 3305 4604 credimus,
3336 4547 3602 4597 sentimus

2026 4644 2080 4688 et
2106 4634 2361 4696 fatemur,
2386 4633 2532 4703 quod
2557 4634 2672 4702 ipse
2710 4632 2982 4697 Christus,
3032 4633 3122 4687 ille
3155 4633 3319 4696 idem,
3351 4634 3597 4702 inquam,

2028 4727 2200 4780 Filius
2234 4727 2306 4781 sit
2341 4727 2434 4780 Dei
2487 4725 2742 4787 viventis,
2797 4725 2941 4780 Deus
2985 4741 3170 4787 verus,
3198 4726 3288 4793 qui
3320 4734 3479 4779 natus
3515 4734 3600 4778 est

2026 4831 2091 4870 ex
2115 4817 2276 4870 Maria
2295 4817 2502 4887 virgine
2532 4819 2648 4870 sine
2670 4818 2771 4870 viri
2793 4831 3111 4885 congressu,
3144 4815 3330 4875 Filius,
3354 4816 3595 4882 inquam,

2028 4908 2122 4962 Dei
2185 4909 2256 4961 sit
2314 4917 2369 4960 et
2431 4909 2574 4961 Deus
2633 4908 2701 4960 ab
2752 4916 2977 4973 aeterno,
3010 4906 3099 4975 qui
3127 4920 3347 4960 carnem
3390 4903 3596 4970 CXiijO

2025 5002 2403 5067 assumpserit,
2454 5008 2509 5051 et
2557 4999 2723 5052 homo
2773 4998 2950 5050 factus
2999 4997 3088 5061 sit,
3149 5009 3311 5063 quem
3350 4993 3595 5048 simulet

2030 5094 2197 5146 Deum
2233 5104 2287 5145 et
2335 5092 2612 5145 hominem
2661 5104 2782 5145 esse
2829 5087 3121 5143 credimus.
3180 5087 3303 5139 Haec
3342 5101 3468 5139 vero
3498 5084 3594 5139 dc-

2026 5182 2366 5252 sumpsimus
2416 5199 2446 5237 a
2490 5183 2757 5253 propheta
2802 5182 2972 5244 Mose,
3002 5179 3223 5243 Davide,
3255 5190 3309 5232 et
3340 5178 3596 5234 omnibus

2033 5272 2172 5335 aliis,
2207 5274 2295 5341 qui
2342 5281 2460 5340 post
2501 5272 2703 5325 Mosem
2735 5285 2907 5340 usque
2932 5269 2998 5323 ad
3021 5268 3246 5333 Christi,
3271 5268 3361 5337 qui
3389 5268 3455 5321 ab
3488 5268 3596 5323 illis

2028 5364 2321 5433 prtedictus
2358 5363 2481 5425 fuit,
2526 5361 2821 5417 adventum
2853 5361 3190 5426 ﬂoruerunt;
3222 5361 3331 5414 imo
3358 5358 3423 5412 ab
3465 5357 3596 5428 ipsis

2026 5456 2187 5508 etiam
2240 5453 2462 5514 sanctis,
2490 5452 2582 5519 qui
2619 5461 2743 5505 ante
2783 5451 2948 5505 Mosis
2988 5461 3227 5519 tempora
3253 5449 3486 5502 visiones
3508 5447 3593 5500 vi-

2027 5544 2257 5607 derunt;
2307 5550 2573 5610 praetcrea
2630 5541 2697 5594 ab
2730 5541 2847 5611 ipso
2895 5541 3054 5595 etiam
3086 5539 3327 5603 Christo,
3356 5548 3407 5591 et
3447 5534 3592 5593 illius
