3970 6212
448 294 556 359 419

1614 281 1940 345 JOANNIS
1980 245 2506 340 CANTACUZEN'I

3541 280 3641 347 420

447 401 735 480 discipulis
755 414 810 463 et
846 403 1179 463 doctoribus.
1218 396 1497 455 miraculis
1542 407 1599 453 et
1624 398 1881 468 operibus
1903 395 2022 465 ipso

2136 392 2295 445 Ἀλλά
2330 390 2397 459 δὴ
2451 389 2543 443 καὶ
2582 388 2688 443 τῶν
2735 388 2841 459 πρὸ
2884 387 2979 443 τοῦ
3031 388 3269 453 Μωσέως
3306 386 3470 458 ἀγίων
3494 431 3509 452 .
3549 394 3648 448 τῶν

449 502 565 575 sole
589 501 673 571 (ut
712 513 878 567 supra
924 494 1181 560 diximus)
1230 492 1577 547 clarioribus.
1629 490 1772 556 Quin
1803 498 1862 544 et
1902 488 2018 541 haec

448 594 739 650 dicemus:
792 588 1082 655 Postquam
1133 581 1294 652 Virgo
1344 582 1429 652 (ut
1469 580 1630 636 modo
1669 579 1877 634 dictum
1909 576 2015 647 est)

448 682 813 750 concepisset,
850 674 1329 746 appropinquavit‘
1353 683 1569 743 tempus
1598 678 1788 742 partus
1823 669 2016 740 ipsius.

381 766 409 857 τί
450 784 686 841 cumque
727 771 784 823 in
822 767 1101 822 Bethleem
1133 763 1463 827 devenisset,
1485 762 1763 818 Christum
1786 758 2017 857 peperit,

448 870 506 918 et
541 859 826 915 reclinavit
856 872 983 913 eum
1016 856 1067 911 in
1101 868 1345 925 praesepe
1398 852 1711 907 brutorum.
1733 849 1890 905 Tunc
1921 848 2023 903 im—

451 951 654 1021 pletum
688 958 773 1005 est
798 947 941 1017 quod
991 946 1313 1018 praedictum
1342 952 1459 999 erat
1490 942 1559 997 ab
1592 941 1730 997 Isaia
1754 941 2021 1012 propheta

449 1038 664 1092 dicente
693 1055 705 1090 :
752 1054 770 1089 ι
804 1036 932 1095 llaec
952 1032 1364 1105 dicitiDominus
1394 1050 1406 1085 :
1436 1030 1539 1087 Bos
1554 1030 1774 1099 agnovit
1804 1044 2023 1100 posses-

451 1143 636 1182 sorem
665 1142 850 1192 suum,
875 1137 932 1182 et
979 1128 1169 1181 asinus
1210 1138 1452 1195 praesepe
1477 1121 1689 1178 Domini
1723 1121 1828 1185 sui,
1856 1120 2022 1175 Israel

452 1226 635 1270 autem
666 1230 752 1269 me
803 1230 911 1268 non
965 1213 1220 1283 cognovit
1250 1213 1315 1265 ³³.
1347 1231 1365 1263 ι
1392 1211 1661 1279 Tempore
1684 1210 1849 1280 igitur
1878 1208 2024 1263 nati-

452 1307 638 1361 v'tatis
662 1305 865 1360 Christi
894 1305 1212 1375 angelorum
1236 1302 1530 1359 multitudo
1556 1301 1773 1359 cwlitus
1804 1299 2024 1368 delapsa

455 1408 563 1465 est,
592 1396 935 1451 laudantium
964 1396 1132 1450 Deum
1171 1403 1226 1449 et
1274 1394 1621 1450 dicentium:
1653 1410 1673 1443 ι
1706 1392 1887 1448 Gloria
1912 1391 2025 1445 Deo

458 1488 511 1544 in
558 1488 811 1551 excelsis,
847 1502 910 1542 ac
962 1486 1017 1540 in
1071 1494 1221 1543 terra
1255 1501 1379 1555 pax,
1430 1486 1485 1539 in
1536 1484 1848 1539 hominibus
1882 1481 2023 1536 bona

454 1580 727 1635 voluntas.
759 1596 777 1633 ι
809 1575 1064 1633 Pastores
1089 1585 1294 1641 autem,
1325 1577 1417 1646 qui
1454 1582 1585 1631 tunc
1620 1586 1836 1645 gregem
1863 1583 2024 1628 suum

2120 481 2473 551 θεασαμένων
2508 481 2606 542 τὰς
2637 479 2929 545 ὀπτασίας,
2961 479 3097 533 ἀλλά
3144 482 3239 535 καὶ
3284 481 3341 546 ἐξ
3376 482 3533 537 αὑτοῦ
3560 486 3647 539 τοῦ

2118 570 2382 643 Χριστοῦ,
2428 573 2524 627 καὶ
2558 572 2667 626 τῶν
2703 572 2873 625 αὑτοῦ
2925 571 3184 642 μαθητῶν
3208 588 3268 626 τε
3308 575 3399 628 καὶ
3426 573 3652 629 διδασκά-

2117 667 2249 730 λων,
2290 665 2387 718 καὶ
2419 663 2525 718 τῶν
2567 661 2869 732 θαυμάτων
2905 663 3001 716 καὶ
3032 663 3374 733 πραγμάτων
3402 664 3505 717 τῶν
3532 664 3653 734 λαμ-

2117 758 2337 821 ψάντων
2362 756 2503 826 ὑπὲρ
2528 756 2620 810 τὸν
2651 755 2828 827 ήλιον,
2857 754 3043 817 καθὼς
3092 755 3397 826 ἔμπροσθεν
3428 755 3648 825 εἴπομεν,

2121 848 2221 904 καὶ
2252 849 2335 903 ἐτι
2389 848 2719 917 λαλήσομεν.
2763 842 3147 917 ὶκιλλαϐοὑσης
3171 846 3303 914 γοῦν
3339 847 3437 916 τῆς
3469 848 3650 918 Παρθί-

2123 957 2242 1002 νου,
2281 938 2358 1002 ὡς
2394 936 2656 1008 ἀνωτέρω
2705 938 3035 1008 είρήκαμεν,
3077 937 3284 1005 ἐπέστη
3315 936 3501 1007 καιρὸς
3526 940 3653 1007 ὁτῆς

2126 1032 2436 1102 γεννήσεως
2487 1029 2698 1098 αὐτῆς,
2760 1031 2862 1099 καὶ
2918 1030 2999 1092 τίς
3059 1027 3312 1098 Βηθλεὲμ
3374 1028 3655 1085 ἀπελθοῦσα

2122 1125 2157 1194 ή
2214 1122 2490 1195 Παρθένος
2522 1161 2538 1187 ,
2585 1120 2741 1175 ἔτεκε
2790 1121 2884 1175 τὸν
2948 1121 3208 1192 Χριστὸν,
3258 1120 3356 1173 καὶ
3407 1121 3656 1175 ἀνέκλινεν

2124 1214 2289 1268 αὑτὸν
2342 1214 2401 1265 ὲν
2456 1215 2522 1282 τῇ
2566 1212 2747 1284 φάτνῃ
2798 1212 2910 1265 τῶν
2959 1212 3192 1280 ἀλόγων.
3233 1209 3366 1265 Τότε
3395 1211 3656 1283 ἐπληρώθη

2121 1305 2183 1358 τὸ
2246 1305 2409 1375 ῥηθὲν
2465 1306 2552 1357 διὰ
2600 1304 2825 1357 Ἡσαΐου
2875 1303 2968 1359 τοῦ
3030 1304 3318 1375 προφήτου
3378 1302 3649 1371 λέγοντος,

2135 1414 2155 1448 ι
2202 1397 2339 1451 Τάδε
2374 1396 2522 1465 λέγει
2552 1396 2780 1467 Κύριοςο
2822 1396 3006 1462 Ἔγνω
3039 1394 3172 1465 βοῦς
3202 1396 3296 1448 τὸν
3326 1395 3654 1467 κτησάμενον,

2126 1488 2222 1542 καί⁵
2275 1488 2396 1550 όνος
2451 1487 2550 1559 τὴν
2601 1490 2815 1556 φάτνην
2860 1485 2957 1539 τοῦ
3020 1487 3211 1556 κυρίου
3242 1485 3425 1550 αὑτοῦ,
3470 1486 3659 1556 Ἰσραὴλ

2127 1578 2186 1631 δι
2222 1594 2291 1648 με
2316 1577 2417 1630 οὐκ
2448 1576 2614 1645 ἔγνω.
2642 1594 2661 1629 ι
2684 1577 2773 1631 Ἐν
2790 1574 2920 1644 γοῦν
2947 1578 3013 1647 τῇ
3043 1574 3164 1654 ῶρᾳ
3197 1576 3296 1646 τῆς
3331 1575 3424 1631 τοῦ
3451 1576 3660 1645 Χριστοῦ

460 1682 748 1742 pascentes
776 1669 829 1724 in
866 1669 1015 1739 agris
1043 1679 1223 1734 erant,
1258 1669 1575 1739 angelorum
1627 1666 2022 1738 apparitionem

2136 1669 2434 1739 γεννήσεως
2468 1666 2737 1736 κατῆλθεν
2765 1669 2834 1723 ἐκ
2866 1667 2976 1723 τῶν
3011 1667 3265 1737 οὐρανῶν
3295 1666 3491 1735 πλῆθος
3514 1667 3662 1735 me.

458 1734 780 1830 conspicati,
796 1769 852 1814 et
875 1734 1081 1815 auditis
1109 1760 1323 1814 illorum
1336 1734 1591 1830 hymnis,
1617 1734 1811 1813 timore
1832 1771 2028 1827 magno

2136 1734 2238 1814 λων
2257 1734 2291 1826 ,⁷
2324 1760 2418 1814 καὶ
2479 1734 2730 1829 ὕμνησαν
2781 1760 3039 1825 λέγοντες
3062 1734 3093 1825 ,i
3130 1776 3149 1811 ι
3191 1758 3335 1824 Δόξα
3370 1734 3425 1812 ἐν
3451 1734 3666 1828 ὑψίστοις

463 1853 795 1918 timuerunt;
844 1859 901 1905 et
951 1851 1092 1905 dixit
1146 1851 1253 1905 illis
1273 1851 1498 1921 angelus
1528 1864 1545 1906 :
1578 1869 1597 1902 ι
1652 1850 1731 1905 Ne
1767 1849 2025 1905 timentis.

2136 1849 2273 1919 Θεῷ,
2313 1851 2409 1903 καὶ
2446 1851 2538 1903 ἐπὶ
2566 1850 2670 1919 γῆς
2701 1850 2917 1921 εἰρήνη,
2950 1851 3008 1904 ἐν
3052 1848 3369 1920 ἀνθρώποις
3422 1850 3659 1905 sidonia»

459 1943 598 1997 Ecce
656 1941 920 1995 annuntio
976 1940 1135 1995 vobis
1181 1940 1440 2010 gaudium
1470 1954 1746 2010 magnum,
1774 1940 1917 2010 quod
1947 1940 2031 1996 fu-

461 2040 640 2084 turum
674 2040 757 2085 est
789 2030 884 2084 toti
923 2031 1147 2100 populo,
1180 2032 1308 2100 quia
1340 2038 1502 2085 natus
1539 2039 1625 2085 est
1654 2029 1815 2086 nobis
1840 2029 2028 2087 Salva-

461 2141 569 2194 tor,
618 2130 824 2198 quiest
871 2130 1124 2185 Christus
1168 2129 1431 2185 Dominus
1460 2129 1517 2184 in
1567 2129 1788 2185 civitate
1834 2129 2026 2185 David.

461 2216 526 2270 Et
551 2217 655 2271 hoc
680 2216 834 2271 vobis
867 2217 919 2271 in
968 2218 1182 2286 signum
1207 2232 1223 2271 :
1248 2217 1543 2273 Invenietis
1573 2217 1835 2273 inluuiem
1869 2218 2028 2273 invo-

459 2301 632 2356 lutum
678 2301 883 2367 fasciis,
909 2304 1143 2374 positum
1192 2305 1247 2358 in
1289 2304 1538 2373 praesepi.
1574 2322 1594 2356 ι
1625 2305 1693 2361 Et
1714 2303 1941 2374 profecti
1971 2304 2029 2361 in

461 2390 734 2459 regionem
783 2405 962 2456 suam,
988 2392 1406 2463 divulgaveruut
1454 2393 1638 2447 omnia
1686 2407 2030 2462 quaecunque

461 2476 785 2536 audiverant
831 2486 887 2536 et
936 2478 1185 2536 viderant
1229 2480 1297 2535 de
1342 2479 1549 2552 angelis
1577 2479 1645 2535 “.
1673 2477 2031 2536 Considerate

464 2581 609 2620 nunc
634 2567 764 2635 quid
793 2566 893 2621 sibi
923 2568 1054 2623 velit
1096 2567 1164 2622 ab
1192 2568 1400 2637 angelis
1436 2567 1763 2624 decantatus
1796 2569 2076 2639 hymnus--

466 2677 522 2721 et
547 2668 744 2735 oratio,
768 2667 979 2733 dicens,
1017 2687 1034 2721 ι
1059 2669 1241 2724 Gloria
1260 2669 1312 2722 in
1332 2669 1562 2726 excelsis
1578 2670 1690 2726 Deo
1729 2672 1863 2727 etin
1889 2679 2034 2726 terra

2133 1942 2247 1996 Kal.
2275 1940 2593 2011 εὑρεθέντες
2631 1938 2894 2011 ποιμένες
2933 1941 3321 2011 ποιμαίνοντες
3366 1942 3433 1996 τὰ
3467 1942 3668 2011 ποίμνια

2134 2030 2353 2097 αὐτῶν,
2403 2031 2499 2085 καὶ
2549 2030 2755 2095 ίδόντες
2805 2033 2905 2104 τὴν
2965 2033 3075 2089 τῶν
3114 2033 3365 2101 ἀγγέλων
3410 2030 3668 2096 ὀπτασίαν,

2134 2120 2473 2186 ἀκούσαντες
2506 2114 2563 2175 δὲ
2609 2121 2842 2175 καὶτῶν
2886 2121 3074 2193 ὕμνων
3114 2123 3325 2190 αὐτῶν,
3352 2123 3668 2194 ἐφοϐήθησαν

2133 2214 2298 2283 φόϐον
2328 2212 2521 2283 μέγαν.
2541 2208 2670 2267 Elite
2695 2213 2754 2268 δι
2782 2214 2919 2284 πρὸς
2974 2215 3177 2279 αὐτοὺς
3204 2216 3236 2269 ό
3268 2215 3510 2283 ἄγγελος,
3550 2232 3568 2264 ο
3594 2213 3671 2283 Μὴ

2134 2302 2411 2371 φοϐεῖσθε.
2457 2301 2588 2359 ’1δοὺ
2648 2303 3077 2373 εὐαγγελίζομαι
3131 2306 3269 2376 ὑμῖν
3307 2305 3480 2376 χαράν
3526 2305 3672 2375 μεγά·

2132 2393 2255 2459 λην,
2295 2393 2420 2462 ἥτις
2473 2393 2591 2446 ὲστὶ
2631 2394 2796 2447 παντὶ
2853 2394 2931 2464 τῷ
2980 2394 3118 2464 λαῷ,
3182 2395 3268 2449 ὅτι
3326 2395 3514 2465 ἐτέχθη
3557 2396 3670 2463 ἡμῖν

2134 2482 2344 2553 Σωτὴρ,
2399 2482 2456 2546 ὃς
2511 2483 2627 2536 ἐστι
2691 2484 2924 2554 Χριστὸς
2974 2486 3186 2555 Κύριος
3239 2486 3300 2540 ὲν
3338 2486 3485 2539 πόλει
3512 2484 3671 2539 Δαϐξδ.

2134 2574 2237 2628 Καὶ
2257 2572 2414 2630 τοῦτο
2444 2574 2571 2646 ὑμῖν
2598 2574 2657 2630 τὺ
2697 2577 2942 2649 σημείςν-
2969 2576 3249 2649 Εὑρήσετε
3280 2576 3677 2651 βρέφοςὲππαρ-

2133 2670 2452 2738 γανωμένον
2491 2670 2747 2740 κείμενον
2795 2672 2853 2723 ἐν
2898 2672 3097 2743 φάτνῃ.
3128 2673 3244 2727 Καὶ
3273 2670 3582 2734 ἀπελθόντες
3605 2671 3674 2730 εἰς

466 2773 591 2827 pax,
630 2758 684 2810 in
745 2758 1061 2813 hominibus
1116 2758 1257 2813 bona
1315 2758 1589 2815 voluntas.
1653 2778 1674 2812 ι
1726 2760 1846 2817 Non
1883 2760 2033 2817 aliud

2139 2759 2240 2828 τὴν
2280 2757 2465 2829 χώραν
2518 2760 2699 2814 αὐτῶν
2725 2800 2741 2827 ,
2804 2755 2961 2815 εἷπον
3019 2762 3119 2815 ὅσα
3191 2775 3253 2816 τε
3310 2764 3537 2833 ἤκουσαν
3595 2762 3681 2814 καὶ

464 2857 634 2917 certe,
661 2863 823 2918 quam
850 2850 997 2919 quod
1043 2850 1214 2904 Adam
1265 2862 1548 2920 postquam
1588 2852 1680 2907 Dei
1713 2853 2031 2908 mandatum

2136 2845 2273 2904 εἶδον
2300 2850 2452 2921 παρὰ
2484 2852 2592 2904 τῶν
2623 2851 2892 2920 ἀγγέλων.
2923 2871 2942 2905 ι
2978 2853 3187 2907 Σκόπει
3220 2854 3351 2922 γοῦν
3376 2854 3428 2907 τί
3454 2852 3677 2925 βούλεται

466 2946 835 3007 transgressus
868 2949 1036 3008 esset,
1055 2939 1255 2995 defecit
1285 2940 1353 2993 ab
1377 2940 1523 2996 illius
1554 2943 1720 2997 tutela
1745 2944 2030 3008 Dominus,

2136 2945 2162 2995 ό
2215 2944 2369 3015 παρά
2405 2942 2515 2996 τῶν
2553 2943 2803 3012 ἀγγέλων
2852 2943 3022 3014 ὕμνος
3079 2944 3179 2999 καὶ
3232 2945 3412 3014 λόγος.
3438 2948 3468 2997 ό
3502 2946 3671 3011 λέγων,

463 3039 519 3082 et
554 3028 625 3085 ob
668 3030 808 3085 hanc
831 3046 1050 3087 causam
1080 3031 1146 3087 ab
1174 3032 1574 3089 illiusamicitia
1608 3038 1786 3090 omnis
1811 3046 2031 3090 creatu-

2151 3051 2169 3084 ι
2207 3033 2343 3098 Δόξα
2372 3034 2429 3088 ὲν
2461 3032 2705 3103 ὑψίστοις
2737 3033 2880 3102 Θεῷ,
2936 3033 3031 3089 καὶ
3084 3034 3180 3087 ἐπὶ
3233 3034 3338 3105 γῆς
3373 3034 3557 3104 είρήνη
3581 3072 3596 3097 ,
3627 3034 3678 3085 ὲν

469 3131 589 3171 tura
650 3121 873 3187 excidit,
908 3121 1178 3190 siquidem
1229 3132 1283 3176 et
1311 3123 1481 3177 Adam
1530 3127 1855 3193 posteritas,
1914 3142 2038 3196 qua:

465 3206 667 3265 divinis
692 3210 903 3279 legibus
932 3212 1205 3266 contraria
1232 3221 1411 3279 erant,
1448 3213 1625 3269 facere
1645 3223 1701 3269 et
1751 3215 2038 3285 designare

465 3301 649 3370 cmpit.
699 3301 832 3355 Nam
893 3302 1055 3372 hujus
1104 3303 1250 3359 ﬁlius
1298 3304 1429 3359 Cain
1470 3304 1690 3360 fratrem
1721 3321 2037 3376 germanum

466 3392 602 3447 Abel
672 3392 986 3448 trucidavit.
1036 3394 1373 3450 Procedente
1438 3411 1571 3452 vero
1624 3406 1867 3466 tempore
1926 3412 2036 3452 non

467 3481 751 3537 homicidae
817 3484 1157 3542 solummodo
1224 3486 1392 3552 farti,
1459 3495 1515 3543 et
1609 3488 1756 3542 omni
1831 3488 2037 3545 malitia

466 3574 878 3644 petulantiaque
900 3575 1149 3632 homines
1174 3577 1366 3648 repleti
1400 3588 1551 3644 sunt,
1573 3579 2033 3649 quemadmodum

466 3665 580 3720 Noe
648 3667 983 3739 temporibus
1042 3669 1348 3725 immissum
1400 3670 1691 3741 diluvium,
1730 3681 1787 3726 et
1819 3672 2037 3729 vivente

465 3756 739 3811 Abraham
767 3757 1129 3814 Sodomorum
1155 3760 1529 3826 subversio,et
1564 3762 1779 3818 caelitus
1798 3762 2039 3818 immissa

468 3847 828 3917 conﬂagratio
887 3859 1177 3917 testantur,
1202 3867 1394 3906 verum
1442 3853 1610 3906 etiam
1642 3853 1754 3908 Deo
1788 3864 2038 3909 creatore

467 3944 524 3991 et
567 3936 869 3992 formatore
914 3953 1016 3992 suo
1074 3940 1294 4008 penitus
1342 3939 1590 4009 neglecto
1646 3942 1923 3997 diabolum
1980 3952 2041 3999 et

470 4027 611 4083 idola
672 4028 1076 4095 adoravcrunt;
1110 4031 1466 4099 quamobrem
1525 4045 1714 4087 omnes
1774 4042 2040 4091 creaturae

464 4121 787 4177 defecerunt
840 4121 909 4175 ab
946 4121 1187 4187 homine,
1232 4129 1292 4176 ut
1346 4136 1467 4193 quae
1515 4122 1666 4177 hunc
1698 4123 1794 4179 Dei
1827 4124 2038 4182 hostem

2140 3212 2237 3266 τοῦ
2280 3214 2452 3284 Ἀδὰμ
2481 3200 2583 3285 τὴν
2615 3214 2837 3283 ἐντολὴν
2879 3214 2974 3268 τοῦ
3004 3214 3141 3268 Θεοῦ
3176 3215 3401 3285 ἐγένετο
3429 3216 3504 3275 είς
3537 3212 3681 3269 αὑτὸν

2140 3305 2530 3375 ὲγκατάλειψις
2582 3304 2693 3360 ἀπὸ
2744 3304 2900 3358 Θεοῦ.
2953 3303 3277 3360 Κάντεῦθεν
3331 3306 3533 3374 ἀπέστη
3594 3302 3682 3370 τῆς

2140 3398 2323 3471 φιλίας
2363 3397 2528 3452 αὑτοῦ
2581 3399 2734 3450 πᾶσα
2784 3397 2982 3459 κτίσιςο
3026 3399 3151 3453 ἐπεὶ
3208 3400 3256 3451 οἱ
3290 3400 3355 3452 ὲκ
3387 3397 3479 3451 τοῦ
3527 3395 3683 3464 ’Δδὰμ

2139 3485 2487 3558 γεννηθέντες
2523 3487 2757 3559 ήρξαντο
2812 3484 3145 3559 ἐργάζεσθαι
3204 3488 3301 3541 καὶ
3339 3489 3587 3559 πράττειν
3625 3485 3684 3535 τά

2143 3578 2384 3644 ἐναντία,
2417 3578 2514 3631 καὶ
2552 3578 2581 3631 ὁ
2610 3576 2801 3631 τούτου
2833 3578 2948 3642 υίὸς
2978 3578 3112 3633 Κάῑν
3150 3580 3417 3649 ἐφόνευσε
3449 3579 3537 3630 τὸν
3564 3577 3684 3630 ἴδιον

2139 3667 2372 3736 ἀδελφὺν
2404 3666 2591 3722 Ἅϐελ.
2624 3666 2917 3737 Προϊόντος
2958 3669 3015 3722 δὲ
3048 3668 3144 3722 τοῦ
3189 3670 3407 3742 καιροῦ,
3448 3670 3509 3724 οὑ
3539 3667 3684 3739 μόνον

2140 3760 2481 3830 ἀνδροφόνοι,
2516 3761 2611 3814 καὶ
2659 3761 2841 3830 πάσης
2876 3761 3075 3825 κακίας
3124 3764 3229 3817 καὶ
3266 3762 3550 3832 ἀσελγείας
3574 3760 3684 3829 ἐγέ-

2139 3869 2294 3908 νοντο
2331 3842 2758 3923 πεπληρωμένοι
2808 3853 2858 3907 οί
2889 3852 3194 3923 ἄνθρωποι,
3222 3855 3408 3920 καθὼς
3435 3856 3463 3907 ό
3491 3854 3576 3908 ἐπὶ
3599 3849 3682 3907 τοῦ

2138 3943 2261 3999 Νῶε
2290 3945 2814 4015 κατακλυσμὸς,ξκαὶ
2832 3946 2926 3997 ἐπὶ
2947 3946 3044 3999 τοῦ
3061 3945 3323 4015 ’Δϐραάμ
3355 3950 3390 4018 ἡ
3421 3946 3525 4001 τῶν
3552 3943 3686 3998 Σοδό-

2145 4052 2262 4105 μων
2292 4036 2672 4106 καταστροφὴ,
2706 4038 2801 4090 καὶ
2827 4038 2856 4089 ό
2894 4036 2955 4102 ἐξ
2975 4034 3211 4108 οὐρανοῦ
3245 4040 3569 4111 ιμπρησμὶς
3596 4037 3687 4090 ὲδίι

2144 4127 2325 4193 δαξεν,
2365 4127 2502 4183 ἀλλά
2524 4129 2620 4182 καὶ
2652 4127 2931 4192 παντελῶς
2957 4129 3333 4201 ἀθετήσαντες
3375 4127 3689 4185 τδνΘεδντδν

2141 3121 2452 3194 ἀνθρώποις
2468 3122 2709 3177 εὐδοκία.
2739 3142 2758 3175 ι
2783 3123 2947 3178 Οὐδὲν
2975 3124 3184 3195 ἕτερον,
3201 3126 3237 3196 ἦ
3260 3126 3342 3179 ὅτι
3368 3124 3682 3195 παραϐάντος
3786 3176 3787 3181 η

468 4225 592 4266 esse
635 4212 970 4281 iudicarent.
1027 4212 1096 4266 Et
1149 4211 1325 4282 primo
1388 4211 1607 4283 quidem
1668 4213 1769 4283 ipsi
1820 4216 2038 4286 angeli,

469 4303 670 4360 deinde
714 4312 770 4359 et
820 4304 936 4374 ipsa
972 4303 1134 4358 bruta
1164 4304 1444 4371 animalia,
1468 4305 1580 4360 imo
1626 4315 1682 4361 et
1713 4305 1829 4376 ipsa
1864 4307 2041 4363 inani-

2143 4217 2376 4289 ποιητήν
2408 4219 2500 4272 καὶ
2528 4219 2777 4289 πλάστην
2802 4219 3004 4287 αὐτῶν,
3042 4221 3464 4292 προσεκύνησαν
3488 4220 3561 4290 τῷ
3584 4220 3687 4272 δια-

2146 4306 2286 4374 ϐόλῳ
2310 4308 2404 4360 καὶ
2428 4311 2541 4369 τοῖς
2569 4306 2832 4371 εἰδώλοις.
2871 4308 2985 4362 Καὶ
3024 4308 3113 4375 διά
3152 4310 3316 4363 τοῦτο
3345 4311 3498 4365 πᾶσα
3522 4310 3556 4379 ή
3584 4304 3687 4360 κτί-

471 4410 615 4455 mata
647 4414 828 4455 rerum
862 4399 1109 4466 materia,
1142 4402 1288 4470 quod
1315 4400 1606 4457 manifesto
1626 4400 1805 4472 colligi
1834 4411 2033 4471 potest.

2147 4411 2230 4464 σὶς
2260 4397 2587 4468 ἀπεστράφη
2618 4398 2711 4451 τὸν
2744 4398 3050 4468 ἄνθρωπον,
3079 4402 3179 4452 καὶ
3209 4400 3410 4470 ἐχθρὸν
3452 4398 3545 4452 τοῦ
3568 4393 3686 4450 Θεοῦ

471 4492 609 4546 Ante
663 4492 1155 4561 transgressionem
1190 4493 1338 4548 enim
1384 4494 1568 4549 omnia
1625 4493 1880 4547 animalia
1931 4501 2040 4547 tam

474 4579 708 4634 volatilia
741 4595 903 4649 quam
927 4579 1302 4650 quadrupeda,
1329 4590 1385 4635 et
1425 4580 1602 4650 pisces
1631 4581 1804 4651 ipsius
1847 4581 2040 4636 Adami

473 4679 702 4734 arbitrio
726 4690 783 4736 et
819 4680 1085 4735 voluntati
1137 4681 1439 4751 parebant;
1477 4690 1600 4752 post
1644 4683 2039 4752 transgressio.

474 4782 598 4822 nem
648 4782 778 4822 vero
806 4782 918 4821 non
992 4766 1155 4822 modo
1218 4767 1387 4824 caelos
1450 4768 1816 4823 inhabitantes
1865 4769 2040 4839 angeli

472 4859 651 4928 ipsum
703 4874 803 4914 ceu
865 4859 1077 4915 hostem
1108 4861 1343 4915 aversati
1377 4869 1528 4925 sunt,
1558 4860 1654 4916 sed
1680 4871 1735 4917 et
1774 4862 1889 4930 ipsa
1917 4861 2041 4915 ani-

475 4946 658 5013 malia,
689 4962 811 5016 qua:
862 4947 1019 5016 prius
1070 4946 1262 5002 Adami
1305 4947 1537 5003 arbitrio
1571 4948 1812 5017 subjecta
1839 4958 2035 5016 erant;

475 5042 663 5101 postea
708 5043 892 5087 autem
952 5048 1058 5086 non
1113 5033 1276 5088 modo
1325 5034 1395 5088 ab
1438 5034 1527 5088 illo
1554 5042 1611 5089 et
1632 5034 1947 5091 hominibus
1976 5050 2042 5090 ex

475 5124 566 5191 illo
626 5125 769 5179 natis
809 5123 1136 5196 aufugerunt
1167 5163 1185 5188 ,
1236 5126 1331 5180 sed
1362 5124 1489 5181 ferae
1535 5126 1709 5195 ipsum
1764 5126 2041 5183 hominem

476 5216 647 5270 hostis
681 5225 734 5271 et
768 5215 973 5270 inimici
1008 5216 1127 5271 loco
1146 5214 1448 5283 duxerunt;
1478 5228 1709 5287 etquem
1733 5227 1891 5273 antea
1908 5217 2040 5271 ado-

2144 4478 2398 4558 ἐλογίσθη
2443 4488 2625 4552 αὐτὸν,
2654 4487 2869 4557 πρῶτον
2897 4488 2995 4558 μὲν
3021 4489 3070 4541 oi
3114 4488 3364 4559 ἄγγελοι,
3421 4488 3601 4541 ἔπειτα
3632 4484 3686 4536 τὰ

2143 4582 2314 4649 ἄλογα
2368 4579 2504 4643 ζῶα,
2555 4578 2653 4633 καὶ
2708 4580 2743 4650 ἡ
2789 4580 2995 4649 ἄψυχος
3051 4577 3175 4652 ῦλη.
3227 4580 3342 4634 Καὶ
3395 4581 3550 4650 δῆλον
3599 4575 3686 4631 ἀπὺ

2143 4670 2359 4733 τούτου,
2388 4668 2474 4721 ὅτι
2527 4668 2708 4720 πάντα
2756 4667 2827 4719 τά
2869 4665 3006 4735 ζῶα,
3045 4667 3115 4721 τά
3146 4684 3207 4720 τε
3256 4669 3505 4731 πετεινά,
3535 4665 3602 4719 τά
3640 4677 3688 4715 τε

2144 4758 2475 4829 τετράποδα,
2531 4755 2627 4811 καὶ
2681 4757 2732 4811 oi
2782 4756 2991 4827 ίχθὺες,
3043 4758 3152 4827 πρὸ
3205 4758 3309 4829 τῆς
3349 4757 3693 4827 παραϐάσεως

2149 4846 2431 4911 παντελῶς
2476 4847 2796 4917 εὑρίσκοντο
2851 4847 3200 4903 ὑπακούοντα
3259 4849 3340 4919 τῷ
3395 4846 3489 4901 τοῦ
3543 4844 3693 4912 ’Δδάμ

2149 4939 2440 5010 θελήματι.
2476 4937 2635 4991 Μετά
2658 4937 2715 4990 δὲ
2745 4940 2844 5008 τὴν
2875 4938 3186 5009 παράϐασιν
3215 4940 3277 4993 οὐ
3303 4940 3465 5009 μόνον
3484 4940 3529 4991 oi
3554 4938 3608 4990 ἐν
3627 4932 3694 5002 τῷ

2148 5013 2362 5101 οὐρανῷ
2392 5031 2775 5101 εὑρισκόμενοι
2809 5030 3031 5097 ἄγγελοι
3056 5030 3133 5094 ὡς
3161 5031 3360 5101 ἐχθρόν
3390 5030 3549 5085 αὑτὸν
3570 5028 3694 5079 ἀπε-

2153 5124 2499 5194 στράφησαν,
2530 5121 2667 5175 ἀλλὰ
2699 5122 2796 5177 καὶ
2824 5123 2893 5176 τὰ
2930 5123 3067 5188 ζῶα,
3104 5123 3265 5177 ἅτινα
3311 5124 3567 5193 πρότερον
3606 5118 3694 5169 ὑπ·

2156 5213 2367 5266 ἐκειντο
2403 5212 2503 5283 μὲν
2529 5211 2607 5282 τῷ
2639 5210 2732 5267 τοῦ
2779 5212 2950 5282 ’Λδάμ
2978 5212 3267 5282 θελήματι,
3321 5212 3539 5279 ὕστερον
3567 5206 3616 5259 δὲ
3638 5204 3693 5256 οὐ

478 5315 755 5383 raverant,
787 5305 934 5359 illius
958 5306 1081 5359 vita:
1128 5315 1415 5375 coapcrunt
1462 5306 1731 5361 insidiari.
1763 5305 1867 5360 Sed
1918 5306 2033 5374 quit

2159 5301 2319 5370 μόνον
2349 5300 2580 5368 ἔφευγον
2617 5302 2711 5356 ἀπ’
2751 5301 2917 5356 αὐτοῦ
2949 5303 3044 5355 καὶ
3084 5301 3193 5356 τῶν
3227 5302 3287 5367 ἐξ
3327 5300 3489 5356 αὐτοῦ
3518 5311 3691 5366 γεννη-

478 5413 617 5466 opus
641 5406 725 5452 est
753 5396 943 5451 multis
991 5398 1058 5451 de
1094 5397 1323 5467 angelis,
1353 5396 1493 5451 cmlo
1521 5405 1578 5450 et
1612 5406 1777 5460 terra,
1804 5396 2051 5451 animali-

482 5484 584 5539 bus
614 5494 670 5539 et
699 5483 830 5539 feris
860 5483 1155 5550 disserere,
1197 5497 1319 5537 cum
1354 5492 1409 5537 et
1439 5483 1613 5553 ipsum
1662 5483 1899 5539 hominis
1924 5498 2049 5539 cor—

557 5659 602 5692 ⁸³
632 5660 737 5713 lsa.
784 5675 823 5727 ι,
853 5661 905 5713 5.
983 5662 1025 5692 ³⁸
1059 5660 1161 5714 lsa.
1191 5677 1250 5728 ιι,
1288 5660 1472 5716 “-20.

2156 5392 2356 5446 θέντων
2385 5391 2710 5461 ἀνθρώπων,
2760 5392 2899 5447 ἀλλά
2948 5392 3043 5446 καὶ
3086 5393 3156 5447 τά
3197 5391 3369 5461 θηρία
3399 5390 3472 5452 ὡς
3519 5383 3694 5457 ixi}pr

2160 5484 2252 5537 καὶ
2290 5483 2549 5555 πολέμιον
2589 5482 2816 5539 ἔϐλεπον
2872 5483 2963 5537 τὸν
2999 5483 3326 5554 ἄνθρωπον·
3366 5481 3459 5537 καὶ
3485 5479 3543 5532 ὃν
3573 5474 3693 5545 πρό·
