3970 6212
369 346 475 412 421

1330 340 1628 404 CONTRA
1670 335 2161 400 MAHOMETEM
2204 336 2588 398 APOLOGIA
2632 336 2686 397 Ι.

3515 333 3625 400 422

372 479 534 534 τερον
587 460 979 530 προσεκύνουν,
1033 458 1260 527 ὕστερον
1311 458 1657 512 ἀπέκτεινον.
1713 456 1824 510 Καὶ
1863 455 1945 518 τίς

2055 467 2151 523 pus
2224 453 2491 510 adversus
2572 457 2809 511 animam
2874 457 3019 512 illius
3090 456 3489 512 insurrcxcrit?
3563 458 3631 512 Et

369 555 534 624 χρεία
570 552 754 614 λέγειν
784 550 913 620 περὶ
934 549 1187 619 ἀγγέλων
1214 547 1445 621 οὑρανοῦ
1483 564 1543 599 τε
1575 546 1669 598 καὶ
1708 545 1811 614 γῆς
1847 544 1941 597 καὶ

369 647 528 709 ζώων
578 646 673 698 καὶ
710 644 955 713 θηρίωνς
1000 641 1143 695 Αὐτὸ
1191 643 1255 694 τδ
1300 638 1397 693 τοῦ
1446 638 1734 709 ἀνθρώπου
1785 638 1945 707 σῶμα

368 738 645 803 ἐπανέστη
692 736 837 788 κατὰ
868 735 966 803 τῆς
1002 733 1181 803 ψυχῆς
1233 731 1419 797 αὑτοῦ,
1473 731 1564 783 καὶ
1602 724 1713 782 οἷον
1756 727 1945 797 ὥσπερ

371 829 539 881 τινῶν
583 829 675 880 δύο
704 826 916 897 ἐχθρῶν
953 827 1047 880 καὶ
1085 824 1367 895 πολεμίων
1401 822 1734 894 εὑρεθέντων
1773 824 1832 873 ὲν
1865 821 1946 873 ἐνὶ

369 923 534 991 οἴκῳ,
567 921 662 973 καὶ
690 919 1019 987 μαχομένων
1061 917 1198 987 πρὸς
1237 916 1526 985 ἀλλήλους,
1564 914 1693 983 νικᾷ
1727 913 1755 964 6
1797 913 1946 980 ἰσχυ-

372 1013 597 1080 ρότερος
618 1026 634 1040 ⁶
666 1009 841 1070 οὕτως
877 1004 945 1077 ἦν
979 1008 1269 1077 μαχομένη
1304 1005 1457 1073 καὶὴ
1490 1002 1635 1073 ψυχὴ
1670 1003 1809 1071 μετὰ
1837 1001 1945 1054 τῶν

370 1100 703 1169 σωματικῶν
742 1099 1055 1167 ἐπιθυμιῶν
1093 1114 1150 1151 τε
1201 1099 1293 1149 καὶ
1347 1095 1603 1165 ὀρέξεων.
1646 1091 1788 1146 Ἀλλ’
1820 1092 1946 1163 ἔρη-

373 1208 474 1260 μος
506 1190 640 1242 οὖσα
672 1192 706 1259 ἡ
741 1189 890 1259 ψυχὴ
930 1189 1030 1257 τῆς
1061 1189 1155 1240 τοῦ
1180 1186 1332 1239 Θεοῦ
1363 1185 1641 1255 βοηθείας,
1686 1185 1945 1238 ὑπέκειτο

370 1284 452 1352 τῷ
479 1283 714 1350 σώματι,
757 1283 850 1334 καὶ
881 1283 913 1348 ἠ
944 1280 1099 1345 τάξις
1129 1280 1564 1346 ἀπέστραπται,
1621 1278 1715 1330 καὶ
1748 1277 1781 1346 ἡ
1812 1279 1945 1348 πρό.

367 1390 425 1422 τε
439 1389 531 1441 ρον
568 1372 832 1424 δέσποινα
879 1369 1349 1439 δηςλιουργηθεῖσα
1383 1368 1609 1440 ὕστερον
1645 1369 1806 1436 δούλη
1853 1367 1945 1420 καὶ

371 1463 695 1531 θεραπαινὶς
726 1460 835 1514 τῶν
870 1460 1076 1531 ἡδονῶν
1099 1461 1479 1529 ἀναφαίνεται.
1522 1461 1585 1512 Ἦ
1611 1460 1666 1514 δὲ
1687 1450 1781 1512 τοῦ
1811 1460 1853 1512 Χ
1863 1475 1946 1530 ρι-

371 1556 502 1603 στοῦ
533 1553 811 1621 γέννησις,
850 1551 972 1620 ἦτοι
1012 1553 1045 1621 ἡ
1078 1551 1173 1604 τοῦ
1207 1551 1338 1603 Υξοῦ
1380 1550 1473 1603 τοῦ
1511 1550 1648 1604 Θεοῦ
1678 1549 1947 1620 ὲνανθρὼ-

368 1660 565 1711 πησις,
600 1644 781 1711 ῆνωσε
814 1626 900 1696 rd.
915 1659 973 1695 τε
1018 1645 1079 1695 ιν
1105 1643 1341 1713 οὐρανῷ,
1384 1643 1454 1696 τά
1481 1659 1541 1695 τε
1570 1642 1663 1696 ἐπὶ
1690 1644 1789 1711 τῆς
1817 1643 1941 1713 γῆς.

366 1736 489 1787 Καὶ
523 1735 729 1796 ἰδόντες
756 1734 1071 1801 οίνᾶγγεὶρι
1107 1735 1205 1804 τὴν
1236 1734 1330 1786 τοῦ
1366 1732 1502 1786 Θεοῦ
1552 1734 1764 1803 ἄφατον
1810 1750 1944 1802 συγ-

364 1822 706 1885 κατάϐασιν,
769 1820 851 1875 ὅτι
905 1822 1039 1884 Θεὸς
1083 1820 1157 1873 ὢν
1206 1820 1366 1874 ἔλαϐε
1408 1821 1590 1891 σάρκα
1633 1821 1704 1875 δι’
1736 1821 1945 1873 οἰκείαν

360 1915 712 1983 ἀγαθότητα,
745 1915 843 1966 καὶ
895 1914 996 1983 τὴν
1049 1913 1251 1983 ἐχθρὰν
1306 1913 1470 1981 φύσιν
1519 1912 1615 1966 τοῦ
1652 1914 1944 1983 ἀνθρώπου

365 2006 469 2057 καὶ
504 2007 661 2059 κάτω
690 2006 955 2077 κειμένην
1019 2005 1310 2059 ἀνελάϐετο
1338 2006 1432 2060 καὶ
1463 2007 1640 2075 ἦνωσε
1680 2010 1744 2077 τῇ
1782 2008 1946 2061 αὑτοῦ

364 2095 609 2165 θεότητι,
645 2098 741 2150 καὶ
772 2098 971 2166 ἡγίασε
1005 2098 1098 2150 καὶ
1146 2096 1331 2165 ὑψωσε
1362 2113 1377 2132 ⁸
1427 2098 1589 2152 τοῦτο
1621 2098 1946 2170 θεασάμενοι

367 2191 418 2240 οἱ
454 2189 708 2256 ἄγγελοι,
763 2190 855 2242 καὶ
911 2188 1316 2256 θαυμάσαντες,
1348 2189 1440 2242 καὶ
1482 2190 1856 2258 ἐκπλαγέντες
1888 2192 1947 2243 τὺ

378 2281 516 2349 μέγα
546 2280 710 2332 τοῦτο
763 2279 860 2332 καὶ
907 2280 1147 2346 ἐξαίσιον
1197 2279 1406 2349 θαῦμα,
1456 2281 1552 2333 καὶ
1606 2282 1745 2352 ὑπὲρ
1784 2283 1949 2352 φύσιν

383 2374 625 2440 πρᾶγμα,
675 2372 913 2443 ἐϐόησαν
940 2371 1261 2435 δοξάσαντες
1307 2372 1398 2425 τὸν
1428 2373 1584 2437 Θεὸν,
1622 2375 1720 2426 καὶ¹
1770 2370 1945 2436 εἷπον,

396 2483 414 2516 ι
444 2464 571 2527 Δόξα
590 2467 645 2517 ὲν
678 2463 922 2533 ὑψίστοις
949 2463 1087 2534 Θεῷ.
1113 2483 1132 2517 ι
1152 2464 1371 2529 Ἰδόντες
1390 2465 1444 2517 δὲ
1464 2466 1601 2534 μετὰ
1616 2466 1723 2519 τῶν
1746 2468 1840 2519 ἀνθ
1849 2466 1953 2537 ρώ-

390 2569 503 2602 πων
529 2552 717 2605 ἕνωσιν
748 2552 856 2605 τῶν
888 2553 1157 2619 ἀγγέλων,
1200 2555 1295 2606 καὶ
1324 2555 1426 2622 τὴν
1475 2556 1832 2626 πολυχρόνιον
1863 2556 1950 2627 ἔχ-

379 2645 511 2711 θραν
533 2643 802 2708 λυθεῖσαν,
822 2638 996 2710 εἷπον,
1030 2663 1049 2696 ι
1072 2644 1195 2697 Ἐπὶ
1215 2647 1317 2715 γῆς
1338 2646 1549 2717 εἰρήνη,
1568 2648 1624 2699 ὲν
1645 2636 1952 2719 ἀνθρώποις

379 2734 624 2788 εὐδοκία.
682 2753 701 2786 ι
736 2736 845 2788 Καὶ
872 2734 1220 2806 ἑπληρὼθηή
1262 2737 1357 2789 τοῦ
1377 2737 1544 2790 nam
1580 2739 1886 2808 προφητεία
1917 2742 1950 2809 ἡ

370 2828 634 2893 λέγουσα,
681 2846 699 2879 ‹
750 2828 1252 2897 Εὑφραινέσθωσαν
1281 2831 1329 2882 οἱ
1372 2830 1616 2900 οὐρανοὶ,
1658 2832 1755 2885 καὶ
1782 2832 1952 2901 ἀγαλ-

368 2915 585 2968 λιάσθω
624 2919 659 2986 ἡ
714 2918 807 2987 γῆ.
854 2919 1215 2987 ’Δνήγγειλαν
1261 2921 1309 2972 οί
1346 2920 1569 2990 οὐρανοὶ
1612 2922 1709 2992 τὴν
1746 2922 1953 2975 δικαιο-

372 3007 548 3076 σύνην
596 3007 762 3061 αὑτοῦ
791 3047 805 3071 ,
875 3010 969 3062 καὶ
1019 3010 1236 3064 εἷδοσαν
1308 3012 1509 3075 πάντες
1568 3013 1615 3065 οἱ
1685 3013 1803 3066 λαοὶ
1859 3014 1956 3084 τὴν

367 3099 535 3162 δόξαν
562 3099 754 3152 αὑτοῦ.
777 3100 1193 3171 Προσκυνήσατε
1208 3103 1377 3173 αὐτῷ,
1404 3104 1602 3167 πάντες
1621 3104 1838 3173 ἄγγελοι
1861 3106 1928 3160 αὑ
1942 3136 1956 3147 -

2054 540 2517 610 quemadmodum
2562 544 2681 599 duo
2720 546 3077 602 infensissimi
3103 546 3288 602 hostes
3324 556 3429 600 una
3465 548 3632 601 domu

2049 633 2329 702 conjuncti
2386 649 2597 704 pugnas
2644 644 2866 690 movent
2914 645 3154 700 mutuas,
3202 652 3234 690 e
3282 636 3484 706 quibus
3535 638 3630 704 qui

2052 722 2266 778 viribus
2297 726 2645 793 praestantior
2675 735 2780 792 est,
2810 725 3038 780 victoria
3072 726 3310 796 potitur;
3352 727 3434 781 sic
3463 727 3629 781 etiam

2050 813 2229 866 anima
2287 829 2413 868 cum
2450 815 2718 884 .corporis
2785 814 3072 870 atl‘ectibus
3125 824 3181 870 et
3235 818 3477 886 appetitu
3533 833 3635 885 pu-

2051 914 2223 969 guans
2258 894 2652 971 congreditur;
2702 917 2826 956 cum
2863 910 3047 955 autem
3104 902 3276 973 ipsius
3302 901 3395 957 Dei
3431 902 3634 957 auxilio

2051 986 2313 1042 destituta
2364 987 2454 1051 sit,
2505 979 2724 1059 corpori
2772 988 3100 1053 succumbit,
3160 1003 3455 1058 rerumque
3496 989 3631 1042 ordu

2053 1078 2366 1145 invertitur,
2403 1087 2461 1133 ut
2507 1094 2628 1149 quas
2680 1078 2834 1149 prius
2887 1080 3106 1133 domina
3137 1080 3546 1149 eratcorporis,
3577 1091 3626 1133 et

2051 1171 2341 1241 imperium
2395 1170 2707 1233 exercebat.
2740 1172 2793 1225 in
2849 1182 3133 1242 posterum
3175 1188 3332 1227 serva
3396 1174 3621 1227 etvoln-

2053 1267 2258 1323 ptatum
2307 1258 2638 1326 mancipium
2686 1258 2824 1313 facta
2879 1259 2968 1313 sit.
3015 1257 3218 1313 Christi
3252 1269 3435 1312 autem
3466 1273 3632 1327 gene-

2053 1350 2194 1403 ratio
2221 1358 2276 1403 et
2298 1348 2419 1403 Filii
2456 1349 2551 1403 Dei
2604 1350 2908 1403 incarnatio
2953 1349 3133 1403 univit
3165 1364 3227 1402 ea
3257 1365 3376 1418 qua:
3412 1350 3464 1402 in
3496 1349 3634 1403 CtI‘in

2050 1454 2105 1497 et
2133 1445 2183 1495 in
2212 1451 2358 1496 terra
2388 1452 2539 1495 sunt.
2573 1442 2765 1512 Angeli
2792 1442 2975 1511 itaque
3009 1440 3259 1496 videntes
3294 1442 3636 1495 inenarrabi-

2052 1529 2158 1583 lem
2208 1530 2360 1583 illum
2413 1529 2583 1583 Deum
2635 1528 2982 1590 descensum,
3027 1528 3171 1598 quod
3219 1528 3431 1583 scilicet
3464 1529 3509 1582 is
3537 1530 3633 1597 qui

2052 1616 2198 1670 Deus
2231 1625 2372 1679 erat,
2401 1624 2627 1686 propter
2656 1618 2895 1671 innatam
2929 1618 3032 1673 sibi
3078 1618 3382 1672 bonitatem
3408 1634 3633 1673 carnem

2051 1717 2378 1770 assumeret,
2405 1717 2463 1763 et
2494 1708 2774 1763 inimicam
2835 1709 3233 1779 adversamque
3281 1709 3387 1763 sibi
3446 1711 3501 1763 in
3534 1711 3635 1763 ho-

1979 1804 2017 1857 B
2050 1800 2196 1852 mine
2253 1798 2588 1855 habitantem
2646 1809 2899 1855 naturam
2954 1811 3319 1871 assumptam,
3348 1801 3449 1855 sibi
3508 1818 3633 1856 cum

2048 1891 2337 1945 divinitate
2395 1893 2599 1956 uniret,
2648 1893 3019 1947 sanc1iﬂcarct
3062 1902 3127 1960 ett
3169 1896 3464 1959 exaltaret;
3507 1893 3632 1959 hoc,

2049 1977 2297 2048 inquam,
2320 1980 2570 2035 videntes
2609 1981 2809 2050 angeli,
2851 1979 3124 2052 stupendo
3152 1982 3259 2037 hoc
3290 1982 3553 2051 miraculo
3580 1990 3636 2033 et

2048 2094 2265 2135 omnem
2292 2092 2551 2137 naturam
2582 2099 2981 2154 exsuperante,
3020 2086 3073 2141 in
3116 2086 3540 2141 admirationem
3578 2093 3635 2136 ct

2050 2192 2337 2251 stuporem
2415 2184 2593 2253 rapti,
2647 2183 3096 2242 exclamaverunt
3153 2186 3220 2241 ad
3291 2186 3387 2241 Dei
3439 2184 3633 2239 laudes

2049 2272 2422 2339 celebrandas,
2448 2286 2504 2329 et
2526 2275 2787 2331 dixerunt
2813 2296 2826 2331 :
2855 2295 2873 2328 ι
2902 2276 3081 2332 Gloria
3114 2278 3166 2331 in
3187 2277 3416 2332 excelsis
3442 2276 3572 2330 Deo.
3611 2297 3627 2326 ι

2051 2366 2310 2421 Videntes
2332 2368 2496 2422 etiam
2532 2368 2817 2423 hominum
2867 2386 2990 2425 cum
3041 2371 3248 2441 angelis
3276 2371 3631 2425 concordiam

2047 2462 2157 2533 jam
2188 2462 2586 2529 conﬁrmatam,
2623 2475 2678 2520 et
2717 2465 2989 2520 sublatam
3034 2481 3154 2521 esse
3180 2466 3449 2520 diutinam
3485 2466 3633 2521 illam

2055 2556 2423 2622 inimicitiam,
2456 2558 2736 2622 dixerunt,
2769 2577 2786 2608 ι
2819 2559 2876 2612 1η
2904 2568 3045 2612 terra
3073 2574 3197 2627 pax,
3233 2569 3287 2613 et
3317 2557 3634 2611 hominilus

2055 2645 2197 2700 bona
2246 2647 2518 2701 voluntas.
2551 2666 2570 2700 ι
2603 2648 2759 2703 Unde
2828 2647 3113 2716 impletum
3163 2658 3247 2701 cst
3294 2647 3423 2701 illud
3482 2647 3637 2700 Davi-

2056 2736 2144 2791 dis
2172 2739 2479 2800 oraculum,
2505 2738 2696 2793 dicens
2729 2756 2743 2793 :
2775 2760 2791 2790 ι
2831 2739 3110 2794 Ιηίιριιιυτ
3136 2740 3283 2803 εωιί,
3313 2749 3369 2795 et
3400 2741 3637 2795 exsuln:t

2057 2836 2220 2880 terra.
2245 2828 2728 2882 Annuntiaverunt
2770 2828 2895 2883 caali
2922 2829 3193 2900 justitiam
3224 2830 3455 2900 ejus,et
3487 2830 3637 2882 vidc-

2057 2926 2184 2970 runt
2223 2931 2413 2971 omnes
2474 2917 2658 2988 populi
2692 2918 2915 2985 gloriam
2982 2921 3190 2989 ipsius;
3228 2920 3451 2974 adorate
3479 2936 3631 2981 eum,

2058 3021 2248 3061 omnes
2295 3007 2472 3076 angeli
2507 3007 2646 3077 ejus.
2694 3006 2905 3064 Montes
2935 3009 3235 3079 tripudient
3280 3025 3309 3062 a
3340 3020 3635 3078 conspectu

2059 3097 2572 3168 Domini,quoniam
2607 3104 2774 3163 venit,
2808 3101 3066 3170 quoniam
3101 3100 3250 3155 venit
3288 3100 3353 3153 ad
3386 3101 3637 3171 judican-

365 3192 470 3243 τοῦ
504 3232 521 3254 ,
562 3193 631 3244 τὰ
685 3192 783 3262 ὅρη
842 3193 1261 3260 ἀγαλλιάσονται
1308 3198 1415 3248 ἀπο
1479 3197 1772 3266 προσώπου
1829 3201 1947 3252 Κυ-

2055 3189 2180 3243 dum
2211 3199 2430 3244 terram.
2458 3190 2741 3246 Judicabit
2771 3200 2971 3246 terram
3005 3193 3058 3245 in
3096 3192 3332 3261 justitia,
3371 3200 3425 3246 ct
3453 3208 3633 3262 popu-

371 3286 498 3353 ρίου
526 3323 542 3347 ,
588 3286 671 3337 ὃτι
722 3286 942 3353 ἔρχεται
968 3323 983 3348 ,
1046 3287 1129 3339 ὄτι
1173 3288 1395 3357 ἔρχεται
1460 3291 1644 3360 κρῖναι
1685 3291 1784 3361 τὴν
1822 3292 1945 3367 τῆν’

368 3379 562 3443 κρινεῖ
594 3377 692 3446 τὴν
722 3378 1051 3448 οἰκουμένην
1094 3380 1153 3431 ὲν
1184 3379 1525 3451 δικαιοσύνῃ,
1553 3382 1651 3434 καὶ
1690 3383 1855 3444 λαοὺς
1890 3384 1949 3436 ἐν

366 3466 657 3536 εὖθὺτητι.
707 3484 727 3518 ι
778 3467 976 3519 Σκόπει
1029 3468 1352 3537 συμφωνίαν
1392 3472 1687 3539 προφητῶν
1720 3471 1813 3524 καὶ
1853 3474 1953 3538 ἀγ·

368 3556 577 3623 γέλων.
608 3556 820 3626 Ὠσπερ
844 3574 895 3609 τι
924 3557 1084 3626 μέλος
1113 3559 1372 3627 μουσικὸν
1401 3560 1724 3630 ἐναρμόνιον
1754 3557 1904 3614 εἶπεν
1925 3564 1953 3614 6

374 3650 704 3719 Προφήτης,
743 3667 761 3699 ι
796 3648 1283 3717 Εὑφραινέσθωσαν
1308 3652 1357 3703 οἱ
1384 3652 1603 3721 οὐρανοί
1624 3668 1637 3680 ο
1673 3671 1691 3704 ι
1723 3650 1875 3705 εἷπον
1904 3656 1953 3707 οἱ

362 3742 623 3810 ἄγγελοι,
662 3760 680 3794 ι
710 3743 846 3807 Δόξα
867 3744 924 3795 ὲν
941 3742 1180 3811 ὑψίστοις
1198 3744 1334 3814 Θεῷ.
1364 3762 1383 3795 ι
1411 3740 1576 3801 Εἶπεν
1593 3745 1622 3798 6
1639 3747 1951 3817 Προφήτης,

372 3854 395 3885 ι
432 3835 547 3887 Καὶ
577 3834 965 3905 ἀγαλλιάσθωή
996 3838 1088 3905 γῆ’
1122 3854 1140 3887 ι
1171 3833 1325 3889 εἷπον
1353 3837 1401 3890 οί
1423 3837 1665 3905 ἄγγελοι,
1695 3856 1712 3888 ι
1735 3839 1844 3891 Καὶ
1863 3838 1955 3890 ἐπὶ

359 3924 479 3992 γῆς
498 3925 709 3995 εἰρήνη,
729 3926 786 3977 ὲν
807 3925 1112 3996 ἀνθρώποις
1143 3927 1377 3981 εὐδοκία.
1408 3946 1426 3980 ι
1462 3928 1684 3998 Ὅμοιον
1699 3929 1755 3981 δὲ
1784 3929 1956 4000 τούτῳ

360 4016 495 4067 ἐστὶ
526 4015 607 4080 τὸ,
640 4033 658 4065 ι
681 4016 1030 4084 Ἀνήγγειλαν
1056 4020 1104 4070 οἱ
1126 4020 1342 4088 οὐρανοὶ
1365 4020 1464 4089 τὴν
1487 4020 1832 4091 δικαιοσύνην
1856 4022 1955 4073 αὑ-

358 4105 495 4171 τοῦ,
546 4110 639 4158 καὶ
672 4106 886 4159 είδοσαν
940 4108 1141 4170 πάντες
1177 4111 1224 4162 oi
1255 4110 1370 4163 λαοὶ
1401 4111 1499 4180 τὴν
1524 4111 1678 4176 δόξαν
1711 4112 1896 4165 αὑτοῦ.
1932 4131 1951 4162 ι

364 4198 493 4250 Καὶ
536 4196 565 4245 6
611 4198 709 4265 μὲν
758 4196 993 4269 Μωῡσῆς
1038 4197 1213 4262 εἶπεν,
1253 4220 1272 4251 ι
1312 4201 1686 4272 Εὐφράνθητε,
1713 4204 1954 4271 οὐρανοὶ,

360 4288 498 4355 ἅμα
527 4288 695 4357 αὐτῷ,
724 4290 1139 4359 προσκυνήσατε
1168 4292 1334 4361 αὐτῷ,
1382 4294 1581 4355 πάντες
1612 4294 1832 4362 ἄγγελοι
1858 4295 1959 4347 αὑ-

360 4377 513 4431 τοῦ·
547 4394 566 4426 ι
605 4380 633 4430 ό
678 4378 737 4430 δὲ
787 4370 951 4432 Δαϐὶδ
979 4381 1200 4446 οὑτωσὶ,
1249 4400 1269 4433 ι
1318 4384 1738 4452 Προσκυνήσατε
1786 4383 1955 4463 αὐτῷ,

361 4471 585 4530 πάντες
608 4469 829 4537 ἄγγελοι
851 4469 1040 4537 αὑτοῦ,
1060 4487 1082 4523 ι
1109 4473 1303 4535 οἵτινες
1321 4472 1749 4542 προσκυνοῦντες
1774 4472 1958 4541 ἔλεγον

359 4561 462 4624 τὸ,
494 4560 671 4629 [Δόξα
686 4564 742 4613 ὲν
766 4562 1006 4631 ὑψίστοις
1036 4563 1170 4632 Θεῷ.
1199 4582 1216 4613 ι
1235 4564 1299 4615 Τί
1320 4564 1569 4633 βούλεται
1599 4564 1628 4616 6
1664 4565 1959 4618 ἀναδιπλα-

364 4653 642 4719 σιασμδς,
669 4654 751 4715 τὸ,
788 4672 807 4705 ι
840 4654 962 4707 Ὀτι
999 4656 1239 4725 ἔρχεται,
1277 4659 1359 4710 ότι
1384 4656 1598 4726 ἔρχεται
1628 4660 1809 4725 κρῖναι
1858 4658 1959 4727 τὴν

363 4747 490 4814 γῆν
514 4761 533 4809 ;
567 4762 583 4794 ι
601 4745 779 4798 ὐὑδὲν
803 4746 929 4800 ἄλλο
957 4746 1087 4817 ηὸτι
1113 4748 1175 4800 τδ
1212 4748 1311 4817 μὲν
1343 4749 1559 4818 πρῶτον
1587 4751 1762 4802 εἰπεῖν
1784 4748 1956 4812 οὑτως

374 4838 769 4899 ἁπλῶς,ι“οτι
815 4838 1053 4909 ἔρχεται,
1082 4857 1101 4890 ι
1138 4840 1372 4910 ἐδήλωσε
1391 4840 1491 4909 τὴν
1521 4841 1601 4903 εἰς
1640 4840 1729 4893 τὸν
1752 4840 1955 4908 κόσμον

370 4929 480 4982 τοῦ
517 4929 761 4999 Σωτῆρος
791 4931 1022 4995 ἔλευσιν,
1052 4932 1173 5001 ἥτις
1208 4932 1308 4985 οὑκ
1332 4928 1398 5003 ἦν
1429 4933 1564 5002 μετὰ
1600 4934 1696 5001 τῆς
1730 4933 1940 4993 οἰκείας

370 5017 571 5080 ἀξίας,
608 5018 705 5069 ἀλλ
735 5020 794 5070 ὲν
822 5018 1033 5070 εὐτελεῖ
1055 5021 1151 5071 καὶ
1176 5021 1418 5090 ταπεινῷ
1446 5019 1522 5088 τῷ
1551 5020 1813 5091 σχήματι.
1843 5019 1953 5071 Καὶ

371 5110 674 5176 συμφωνεῖ
702 5107 779 5177 τῷ
808 5108 998 5179 Κυρίῳ
1037 5108 1276 5178 λέγοντι,
1321 5130 1339 5161 ι
1382 5109 1523 5179 Ἐγὼ
1552 5111 1653 5162 οὐκ
1677 5105 1839 5179 ἦλθον
1866 5110 1952 5161 ἵνα

370 5199 560 5269 κρίνω
584 5198 673 5252 τὸν
700 5201 927 5267 κόσμον,
948 5200 1063 5252 ἀλλ’
1091 5201 1178 5254 ἵνα
1210 5202 1368 5253 σώσω
1396 5202 1484 5254 τὸν
1512 5202 1715 5267 κόσμον
1744 5217 1760 5230 ο
1804 5218 1822 5251 ι
1863 5198 1950 5268 Τῷ

365 5293 437 5343 δὲ
467 5289 701 5355 εἰπεῖν,‹
725 5292 844 5344 Ὀτι
867 5291 1087 5361 ἔρχεται
1118 5294 1296 5361 κρῖναι
1320 5291 1419 5361 τὴν
1439 5293 1561 5361 γῆν,
1593 5312 1611 5343 ι
1656 5290 1823 5356 ἔδειξε
1854 5291 1951 5361 τὴν

369 5385 466 5445 είς
501 5382 596 5433 τὸν
645 5384 850 5452 κόσμον
896 5384 1152 5454 δευτέραν
1204 5383 1296 5435 τοῦ
1346 5384 1585 5453 Χριστοῦ
1624 5383 1947 5452 παρουσίαν.

371 5472 526 5524 Τότε
553 5473 643 5524 καὶ
683 5472 794 5541 γὰρ
848 5473 1033 5541 μέλλει
1064 5475 1247 5543 κρῖναι
1279 5474 1378 5543 τὴν
1410 5474 1534 5543 γῆν.
1568 5476 1854 5543 Συμφωνετ
1895 5474 1950 5526 δὲ

372 5560 523 5615 αὐτὸ
560 5559 638 5630 τῷ
665 5561 760 5613 τοῦ
796 5562 1001 5629 Κυρίου
1039 5561 1188 5631 ῥητῷ
1225 5563 1460 5630 λέγοντι,
1503 5581 1521 5613 ι
1568 5564 1736 5617 Ὅταν
1765 5562 1895 5635 ἔλθῃ
1924 5565 1950 5615 ό

461 5743 511 5775 ³⁸
541 5741 680 5797 Psal.
718 5758 839 5807 xcv,
896 5760 1015 5800 xcvi
1075 5756 1129 5801 et
1186 5762 1346 5800 xcvn.
1428 5747 1652 5802 “Joan.
1696 5748 1902 5815 “1,47.

2051 3282 2134 3336 los
2160 3282 2213 3335 in
2236 3283 2490 3352 :equitate
2510 3284 2573 3337 ".
2608 3303 2625 3335 ι
2656 3284 2909 3351 ReSpicc,
2931 3299 3135 3353 quzeso,
3156 3284 3550 3353 prophetarum
3582 3293 3637 3338 et

2052 3372 2372 3441 angelorum
2443 3373 2895 3439 consonantiam,
2941 3373 3170 3428 carmini
3230 3375 3441 3428 musico
3495 3374 3637 3428 bene

2051 3463 2407 3519 concordanti
2453 3462 2712 3518 similem.
2769 3465 3044 3534 Propheta
3070 3465 3214 3517 enim
3254 3464 3431 3518 dicit:
3465 3483 3483 3515 ‹
3518 3465 3637 3518 ιω.
3680 3494 3681 3497 η

2055 3561 2237 3609 tentur
2275 3554 2431 3618 cmli;
2471 3573 2488 3605 ι
2519 3564 2575 3609 et
2626 3554 2803 3624 angeli
2846 3564 3071 3616 canunt,
3120 3572 3139 3605 ι
3196 3555 3380 3610 Gloria
3436 3556 3549 3611 Deo
3580 3560 3635 3611 in

2056 3643 2308 3698 excelsis.
2345 3662 2363 3695 ι
2396 3644 2672 3713 Propheta
2713 3644 2869 3711 dicit,
2905 3664 2922 3696 ι
2975 3646 3230 3701 Exsultct
3276 3657 3458 3712 terra;
3499 3668 3517 3700 ι
3547 3665 3639 3703 ca-

2058 3746 2199 3789 nunt
2228 3736 2427 3805 angeli,
2466 3754 2484 3786 (
2518 3735 2595 3791 Ac
2635 3736 2690 3791 in
2728 3744 2874 3791 terra
2902 3752 3026 3807 pax,
3057 3738 3109 3791 in
3142 3737 3461 3793 hominibus
3494 3740 3638 3794 bona

2057 3828 2327 3883 voluntas.
2363 3847 2382 3879 ›
2432 3826 2646 3893 Quibus
2690 3828 2853 3882 etiam
2906 3828 3012 3883 hoc
3060 3843 3172 3883 non
3206 3828 3473 3885 dissimile
3501 3841 3581 3885 est
3619 3849 3634 3886 :

2063 3939 2081 3972 ι
2115 3919 2602 3974 Annuntiaverunt
2631 3919 2753 3975 οωΙί
2784 3920 3283 3997 justitiamipsius,
3306 3930 3361 3975 et
3381 3921 3639 3979 viderunt

2059 4026 2250 4066 omnes
2278 4010 2465 4080 populi
2496 4009 2724 4080 gloriam
2756 4010 2898 4081 ejus.
2924 4029 2943 4062 ι
2976 4009 3118 4076 Quin
3148 4021 3205 4065 et
3239 4012 3419 4066 Moses
3453 4012 3591 4067 dixit
3620 4028 3634 4065 :

2065 4126 2083 4158 ι
2119 4103 2396 4159 Exsultate
2421 4118 2545 4158 cum
2581 4118 2668 4170 eo,
2711 4105 2860 4170 (εαξη,
2889 4104 3114 4160 adorate
3142 4121 3513 4173 eum,omnes
3541 4124 3639 4163 an-

2059 4196 2165 4266 geli
2191 4197 2340 4265 ejus;
2391 4215 2408 4247 »
2446 4195 2612 4250 David
2647 4210 2777 4250 vero
2802 4195 2884 4250 sic
2917 4214 2931 4249 :
2995 4215 3013 4247 ι
3040 4197 3275 4252 Adorate
3328 4214 3480 4264 eum,
3539 4218 3640 4255 ano

2058 4288 2160 4356 geli
2185 4287 2334 4355 ejus;
2364 4304 2382 4337 ι
2417 4287 2511 4355 qui
2542 4286 2799 4355 equidem
2818 4286 3115 4342 adorantes
3138 4288 3421 4355 dixerunt,
3459 4310 3476 4341 ι
3511 4292 3639 4345 Glo-

2060 4377 2141 4429 ria
2173 4377 2285 4431 Deo
2317 4377 2369 4429 in
2401 4377 2652 4431 excelsis.
2685 4396 2703 4427 ι
2763 4377 2879 4443 Qua
2935 4376 3004 4433 de
3056 4394 3220 4433 causa
3269 4391 3453 4435 autem
3494 4381 3639 4437 hanc

2063 4465 2444 4536 repetitionem
2502 4468 2770 4538 adjectam
2829 4480 3011 4538 putas,
3061 4489 3079 4520 ι
3134 4470 3403 4537 Quoniam
3444 4477 3637 4540 venit,

2063 4562 2324 4630 quoniam
2353 4550 2605 4615 venit'ad
2639 4562 3001 4632 judicandum
3032 4571 3229 4617 terram
3256 4565 3279 4618 ?
3314 4585 3331 4616 ι
3372 4566 3489 4621 Non
3518 4568 3639 4637 qui-

2060 4651 2183 4704 dem
2217 4650 2321 4704 alia
2352 4649 2420 4704 de
2448 4665 2636 4716 causa,
2658 4667 2821 4720 quam
2857 4655 3001 4721 quod
3038 4655 3274 4723 primum
3301 4656 3432 4711 illud
3468 4672 3639 4711 mem-

2059 4741 2242 4807 brum,
2278 4743 2333 4797 in
2376 4757 2487 4812 quo
2538 4743 2862 4813 simpliciter
2903 4745 3129 4812 dicitur,
3167 4765 3186 4798 ε
3223 4746 3492 4812 Quoniam
3545 4764 3638 4801 vc-

2057 4834 2162 4898 nit,
2202 4852 2220 4885 ›
2270 4835 2508 4904 primum
2564 4835 2862 4891 Salvatoris
2919 4839 3215 4892 adventum
3268 4837 3325 4891 in
3371 4840 3637 4894 mundum

2058 4924 2303 4987 denotat,
2332 4940 2441 4991 quo
2489 4940 2596 4979 non
2651 4927 2703 4979 in
2760 4930 2979 4995 propria
3005 4943 3103 4982 sua
3150 4929 3431 4998 majestate
3460 4930 3635 4994 venit,

2061 5017 2156 5069 sed
2181 5015 2372 5069 humili
2431 5017 2664 5085 quadam
2714 5018 2897 5086 specie
2928 5029 2985 5073 et
3010 5027 3345 5088 contempta.
3392 5020 3633 5076 Consen-

2062 5109 2126 5160 tit
2158 5107 2304 5160 enim
2351 5121 2478 5161 cum
2510 5108 2699 5162 verbis
2734 5108 2948 5164 Domini
2995 5111 3231 5167 dicentis
3260 5129 3273 5165 :
3317 5132 3335 5163 ι
3392 5114 3511 5168 Non
3544 5131 3637 5169 vc-

2059 5198 2116 5250 ni
2144 5206 2202 5249 ut
2224 5196 2466 5266 judicem
2489 5197 2776 5261 mundum,
2797 5200 2890 5252 sed
2928 5210 2986 5253 ut
3021 5203 3285 5256 mundum
3309 5206 3511 5260 salvem
3533 5208 3631 5261 ³⁸.»

2058 5289 2212 5354 Quod
2266 5305 2397 5343 vero
2424 5289 2585 5344 eidem
2624 5301 2881 5360 repetens
2937 5292 3099 5361 dicit,
3129 5310 3148 5346 ς
3188 5295 3456 5362 Quoniam
3490 5300 3633 5354 venit

2058 5380 2124 5432 ad
2146 5379 2501 5450 judicandum
2536 5389 2795 5449 terram,»
2829 5382 3112 5443 denatavit
3136 5389 3434 5444 secundam
3468 5391 3633 5446 Chri-

2057 5470 2125 5523 sti
2160 5470 2212 5523 in
2242 5469 2445 5523 mundo
2468 5473 2835 5540 praesentiam.
2855 5473 3008 5531 Tunc
3037 5478 3183 5532 enim
3214 5479 3634 5549 venietjudica-

2062 5572 2215 5619 turus
2256 5572 2478 5621 terram.
2511 5567 2666 5634 Quod
2703 5568 2847 5624 idem
2876 5585 3001 5626 cum
3036 5572 3253 5632 Domini
3278 5576 3467 5639 verbis
3497 5593 3631 5634 con-
