3970 6212
276 321 372 390 4ξὸ

1219 310 1516 384 CONTRA
1557 313 2040 379 ΜΔΗΟΜΕΤΕΜ
2084 316 2459 378 APOLOGIA
2499 319 2551 378 I.

3385 296 3495 364 426

280 440 397 508 μινὴ
437 433 704 500 (τοιοῦτον
752 431 859 499 γὰρ
907 431 1194 499 εὑρίσκετο
1240 429 1300 481 τὸ
1333 429 1590 498 χωρίον),
1650 417 1772 479 ἐπεὶ
1804 427 1831 478 6

1944 423 2092 488 Iuda,
2133 441 2480 494 nequaquam
2527 442 2588 480 es
2625 425 2904 483 minima.»
2945 409 3025 481 Tu
3076 427 3249 491 enim,
3301 429 3502 498 inquit.

276 521 498 592 Χριστὸς
521 518 747 588 ἔμελλεν
776 517 1105 587 γεννηθῆναι
1129 518 1186 568 ἐν
1218 518 1320 578 σοὶ,
1354 517 1537 568 οὐκέτι
1569 516 1834 585 ὑπάρχεις

274 615 343 675 ὡς
373 613 431 666 τδ
485 611 678 680 πρώην
725 608 947 676 εὐτελὴς
996 609 1090 659 καὶ
1129 607 1325 677 μικρὰ,
1359 606 1474 658 ἀλλ’
1503 606 1710 669 ἔνδοξος
1740 608 1836 660 καὶ

277 700 588 772 περιφανὴς,
608 698 700 750 καὶ
725 697 873 761 παρὰ
905 696 1116 748 πολλῶν
1147 696 1449 764 τιμωμένη.
1475 696 1548 748 Τὸ
1575 695 1652 759 δὲ,
1681 714 1696 745 ι
1741 696 1834 748 Ἐκ

278 794 366 846 σοῦ
397 790 738 858 ἐξελεύσεται
770 787 1092 854 ἡγούμενος,
1123 787 1270 838 ὅστις
1305 787 1567 853 ποιμανεῖ
1589 791 1678 836 τὸν
1705 786 1836 839 λαόν

279 894 374 948 μου
401 877 490 928 τὸν
527 875 766 944 Ἰσραὴλ,
800 893 816 924 ι
841 874 900 924 οῦ
928 873 1012 925 διὰ
1039 875 1128 925 τὸν
1161 874 1269 926 τῶν
1301 871 1568 944 Ἐϐραίων
1597 875 1723 927 λαὸν
1748 875 1834 927 λέ-

280 991 361 1040 γει
407 973 432 1024 6
463 968 807 1039 προφητικδς
858 965 1040 1034 λόγος.
1091 967 1583 1036 Προαποδέδεικται
1615 967 1722 1036 γὰρ
1754 967 1836 1021 ὅτι

278 1062 476 1125 ἀνάξιοι
510 1060 874 1127 τυγχάνοντες
927 1059 955 1109 ὁ
989 1057 1094 1108 τῶν
1142 1057 1410 1127 Ἑϐραίων
1459 1057 1606 1121 λαὸς,
1640 1058 1837 1122 ἀπεξε-

277 1153 542 1224 6λήθησαν
574 1152 666 1203 καὶ
717 1149 1235 1220 ἐξωστρακίσθησαν
1267 1151 1374 1202 ἀπὸ
1402 1149 1497 1202 τοῦ
1539 1139 1700 1213 Θεοῦ,
1741 1151 1836 1204 καὶ

277 1248 378 1300 νἱοὶ
408 1246 496 1298 τοῦ
538 1240 798 1298 διαϐόλου
818 1243 1148 1312 ἐκλήθησαν.
1198 1235 1357 1295 Ἀλλά
1384 1237 1452 1295 τὰ
1482 1242 1608 1312 ἔθνη
1639 1237 1839 1312 ὀνομάο

275 1335 352 1402 ζει
382 1338 507 1390 λαὸν
545 1335 680 1390 Θεοῦ
720 1337 814 1388 καὶ
878 1334 1115 1403 Ἰσραήλ.
1159 1335 1267 1387 Καὶ
1308 1336 1438 1403 περὶ
1473 1325 1652 1388 αὐτῶν
1683 1334 1836 1390 εἶπεν

273 1435 300 1484 6
330 1433 606 1500 προφήτης
641 1429 724 1481 ὅτι
747 1426 1122 1490 Ἐξελεῦσεται
1158 1427 1458 1497 ἡγούμενος
1498 1433 1561 1483 ἐκ
1605 1435 1699 1500 τῆς
1730 1432 1838 1498 B‘l‘

273 1521 448 1588 θλεὲμ,
474 1519 752 1571 τουτέστιν
783 1521 810 1571 6
843 1517 1098 1586 Χριστος,
1123 1521 1270 1582 ὅστις
1302 1507 1561 1590 ποιμανεέ
1594 1526 1682 1576 τὸν
1710 1523 1836 1576 λαόν

275 1629 371 1684 μου
394 1613 481 1664 τὸν
527 1610 767 1678 Ἰσραὴλ,
801 1610 1045 1680 δηλονότι
1078 1611 1144 1661 τὰ
1177 1612 1323 1679 ἔθνη.
1353 1615 1511 1674 Ποῖος
1542 1617 1650 1682 γὰρ
1679 1616 1834 1677 ἄλλος

273 1705 567 1774 ἡγούμενος
602 1704 830 1771 ἐξῆλθεν
869 1705 932 1756 ὲκ
973 1704 1222 1773 Βηθλεὲμ
1254 1703 1302 1755 εἰ
1351 1709 1426 1774 μὴ
1478 1707 1506 1758 6
1557 1707 1832 1776 Xptetd;;

273 1797 540 1858 καὶτίνας
589 1796 886 1862 ὲποξμανεν
950 1796 999 1848 εἰ
1057 1796 1131 1864 μὴ
1182 1795 1252 1847 τὰ
1293 1797 1442 1866 ἔθνη,
1491 1802 1584 1850 καὶ
1627 1802 1836 1858 πάντας

268 1888 385 1948 τοὺς
406 1887 488 1939 si:
519 1885 684 1938 αὑτὸν
715 1883 1109 1949 πιστεύονταςς
1142 1885 1214 1936 Τὸ
1233 1885 1312 1940 δὲ.
1340 1904 1356 1934 ι
1386 1887 1452 1938 Αἱ
1473 1888 1642 1952 ἔξοδοι
1672 1890 1836 1942 αὐτοῦ

269 1981 354 2050 ἀφ’
391 1980 619 2050 ἡμερῶν
645 1980 907 2048 ἀρχαίων,
939 1997 958 2028 ι
987 1980 1081 2048 τὴν
1106 1979 1272 2032 αὐτοῦ
1300 1981 1531 2048 θεότητα
1559 1982 1726 2052 δηλοῖ.
1745 1985 1840 2048 Τίς

267 2078 365 2144 γὰρ
403 2074 515 2125 τῶν
550 2072 860 2142 ἀνθρώπων
909 2072 1130 2126 δύναται
1181 2074 1476 2143 εὑρεθῆναι
1523 2075 1606 2142 τῷ
1662 2078 1840 2146 καιρῷ

265 2166 452 2234 ὲκείιῳ
499 2182 518 2214 ι
569 2163 664 2230 ἀφ’
702 2166 924 2234 ἡμερῶν
979 2165 1260 2234 άρχαίων;
1323 2186 1340 2218 ι
1395 2167 1614 2231 Πάντως
1661 2171 1838 2234 οὐδεὶς

265 2258 444 2326 ἕτερος
471 2255 516 2323 ιῆ
550 2258 578 2306 6
605 2255 761 2316 Θεὸς.
796 2257 898 2307 Διά
929 2273 1013 2309 τοι
1043 2259 1205 2310 τοῦτο
1237 2261 1330 2314 καὶ
1357 2263 1383 2311 ὁ
1417 2260 1580 2313 Δαδίδ
1627 2279 1840 2330 προφη-

276 2350 438 2402 τεῦων
480 2349 688 2416 ἔλεγεν,
715 2349 799 2401 ὅτι
836 2367 854 2400 ι
891 2350 967 2403 Οὐ
1015 2350 1088 2419 μὴ
1121 2350 1280 2402 δώσω
1311 2348 1479 2404 ὕπνον
1504 2356 1617 2417 τοῖς
1644 2353 1841 2421 ὀφθαλ-

285 2444 400 2509 μοῖς
448 2459 561 2509 μου,
591 2441 688 2495 καὶ
727 2445 841 2504 τοῖς
878 2440 1172 2513 βλεφάροις
1212 2460 1318 2512 μου
1365 2447 1699 2515 νυσταγμὸν,
1743 2431 1840 2498 καὶ

279 2534 572 2586 ἀνάπαυσιν
603 2536 718 2596 τοῖς
748 2535 1044 2605 κροτάφοις
1079 2553 1210 2603 μου,
1259 2535 1362 2600 ἕως
1407 2531 1469 2588 οῦ
1500 2537 1648 2607 εὕρω
1675 2539 1840 2591 τόπον

271 2625 343 2694 τῷ
384 2625 572 2695 Κυρίῳ
600 2627 870 2696 σκήνωμα
906 2627 985 2694 τῷ
1027 2628 1150 2698 Θεῷ
1193 2629 1407 2682 Ἰακὼδ.
1447 2631 1578 2684 Ἰδοὺ
1604 2631 1840 2700 ἡκούσα-

265 2733 362 2781 μεν
393 2716 570 2784 αὐτὴν
606 2717 666 2766 ἐν
698 2712 986 2787 Εὑφραθᾷ,
1019 2715 1256 2788 εὕρομεν
1290 2718 1462 2788 αὐτὴν
1501 2723 1560 2772 ὲν
1605 2725 1717 2783 τοῖς
1745 2738 1842 2774 πε-

258 2809 391 2869 δίοις
423 2808 522 2861 τοῦ
548 2807 779 2878 δρυμοῦ.
810 2807 1269 2879 Εἰσελευσώμεθα
1292 2813 1372 2874 εἰς
1404 2815 1472 2865 τὰ
1502 2812 1840 2881 σκηνώματα

261 2901 448 2962 αἰτοῦ,
485 2901 960 2970 προσκυνήσωμεν
992 2903 1074 2964 εἰς
1116 2902 1210 2955 τὸν
1238 2903 1403 2957 τόπον
1431 2899 1491 2958 οὗ
1525 2906 1764 2973 ἔστησαν
1789 2905 1840 2958 oi

262 2991 417 3051 πόδες
454 2988 654 3040 αὑτοῦ.
695 3006 712 3039 ι
753 2989 1019 3055 Πρόσεξον
1071 2989 1165 3042 τὸν
1191 2991 1482 3062 προφήτην
1512 3008 1527 3022 ·
1561 2992 1842 3045 ἀπεκαλύ-

1934 532 2058 584 ῳιαξ
2084 517 2247 570 modo
2273 517 2498 570 minima
2551 533 2695 583 eras,
2731 521 2914 573 tenuis
2946 529 3002 573 et
3061 531 3371 589 contempta
3404 530 3509 589 (ta-

1934 608 2002 662 lis
2049 609 2197 660 enim
2235 621 2351 661 erat
2399 609 2554 662 locus
2590 608 2735 676 iste),
2775 611 3034 677 quoniam
3067 611 3318 665 Christus
3353 611 3405 666 in
3455 622 3507 666 te

1937 696 2248 750 nasciturus
2281 704 2383 753 est.
2412 713 2518 748 non
2548 697 2800 764 amplius,
2836 708 2895 751 ut
2928 699 3111 764 modo,
3142 702 3322 755 tenuis
3359 717 3420 755 es
3450 709 3508 755 et

1938 788 2190 856 parvula.
2216 787 2309 840 sed
2334 787 2593 850 celebris,
2622 788 2854 842 illustris
2875 796 2930 842 et
2951 804 2980 842 a
3005 790 3190 843 multis
3214 791 3505 844 honorata.

1936 879 2090 946 Quod
2118 895 2247 934 vero
2277 878 2548 946 sequitur,
2581 879 2687 932 «Ex
2722 889 2773 931 te
2797 878 2942 932 enim
2973 881 3214 949 prodibit
3246 882 3376 943 dux,
3412 881 3508 949 qui

1937 981 2121 1040 pascet
2152 971 2411 1040 populum
2457 985 2636 1023 meum
2672 970 2871 1035 lsraél,
2907 991 2922 1019 ι
2981 987 3089 1024 non
3143 981 3364 1041 propter
3404 974 3510 1028 lle-

1937 1063 2209 1118 brzeorum
2245 1062 2504 1131 populum
2528 1077 2556 1114 a
2582 1064 2844 1131 pmpheta
2877 1075 3188 1118 rccrnselur
3218 1066 3346 1134 (jam
3381 1077 3508 1119 ante

1939 1156 2086 1208 enim
2131 1156 2573 1208 demonstratum
2613 1165 2717 1216 cst,
2771 1156 2912 1224 quod
2970 1156 3204 1220 llehriei,
3246 1174 3312 1210 co
3363 1157 3507 1226 quod

1937 1247 2145 1314 indigni
2169 1248 2406 1309 fuerunt,
2433 1263 2461 1300 a
2497 1247 2608 1300 Deo
2637 1248 2820 1316 rejecti
2843 1257 2897 1301 et
2929 1248 3132 1302 exclusi
3158 1250 3284 1312 sint,
3319 1258 3374 1302 et
3412 1250 3508 1303 lilii

1938 1339 2142 1391 diaboli
2177 1338 2467 1405 nominati)
2497 1355 2514 1403 ;
2543 1353 2739 1391 verum
2771 1338 3081 1407 genteshoc
3101 1339 3222 1391 loco
3251 1341 3509 1408 populum

1939 1430 2034 1484 Dei
2065 1439 2121 1484 et
2153 1430 2413 1483 lsraélcm
2450 1431 2774 1494 nominavit,
2805 1429 2872 1482 de
2901 1430 3104 1498 quibus
3131 1431 3352 1484 omnino
3388 1448 3511 1499 pro-

1940 1521 2102 1591 pheta
2154 1523 2451 1592 hoedixit.
2496 1522 2743 1576 Prodibit
2795 1538 2856 1575 ex
2906 1522 3180 1576 Bethlem)
3230 1523 3370 1588 dux,
3415 1526 3506 1592 qui

1941 1613 2154 1668 scilicet
2194 1611 2448 1666 Christus
2493 1621 2600 1675 est,
2630 1613 2722 1680 qui
2776 1622 2960 1679 pascet
3008 1613 3270 1680 populum
3328 1629 3510 1666 meum

1951 1704 2142 1769 lsraél,
2175 1712 2366 1773 gentes
2407 1703 2688 1757 nimirum.
2725 1701 2858 1766 Quis
2907 1704 3054 1756 enim
3102 1703 3213 1756 dux
3259 1703 3402 1757 alius
3441 1704 3511 1757 de

1941 1796 2221 1850 Bethleem
2252 1809 2512 1862 egressus
2559 1801 2644 1847 est
2677 1803 2876 1862 praeter
2908 1793 3228 1846 Christum?
3262 1802 3317 1847 et
3347 1808 3514 1862 quos-

1943 1904 2067 1942 nam
2102 1887 2251 1958 pavit
2283 1896 2482 1957 praeter
2512 1896 2705 1956 gentes
2732 1901 3034 1955 omnesque
3059 1887 3196 1939 alios
3227 1888 3278 1941 in
3307 1903 3364 1941 se
3391 1903 3512 1940 cre-

1941 1979 2173 2035 dentes?
2203 1977 2328 2032 llaac
2355 1988 2537 2031 autem
2570 1978 2771 2031 verba:
2803 1979 3092 2032 «Etexitus
3109 1979 3278 2047 ejusa
3307 1979 3508 2035 diebus

1939 2073 2202 2142 antiquis,
2230 2091 2249 2122 ›
2289 2071 2463 2140 ipsius
2504 2070 2845 2124 divinitatem
2885 2072 3212 2139 signiﬁcant.
3253 2073 3310 2126 In
3345 2088 3508 2142 quem

1941 2165 2087 2219 enim
2119 2164 2405 2216 hominum
2436 2172 2649 2230 tempus
2678 2162 2808 2214 illud
2835 2172 3146 2230 competere
3174 2164 3509 2225 invenietur,

1941 2256 2085 2326 qttod
2117 2265 2200 2310 est
2225 2271 2256 2309 a
2290 2255 2488 2309 diebus
2515 2255 2800 2323 antiquis?
2831 2255 2890 2308 In
2917 2258 3128 2309 nullum
3162 2269 3310 2311 certe
3340 2258 3511 2311 alium

1941 2359 2304 2417 prieterquam
2353 2346 2406 2399 in
2471 2360 2642 2400 unum
2690 2347 2888 2402 Deum.
2951 2348 3298 2416 Quapropter
3344 2349 3511 2401 David

1941 2441 2106 2493 etiam
2131 2439 2462 2492 vaticinatus
2496 2438 2668 2492 dixit:
2712 2456 2730 2488 ι
2763 2439 2880 2492 Non
2911 2440 3051 2493 dabo
3086 2456 3343 2494 somnum
3378 2458 3514 2494 ocu-

1941 2532 2010 2587 lis
2053 2533 2207 2587 meis.
2246 2530 2424 2584 donec
2466 2531 2732 2584 invenero
2766 2531 2943 2584 locum
2968 2532 3222 2596 Domino,
3251 2532 3512 2586 tabernaa

1941 2625 2125 2680 culum
2150 2625 2260 2677 Deo
2287 2622 2474 2678 Jacob.
2509 2621 2645 2676 Ecce
2670 2623 3131 2689 audivimusﬁnm
3170 2625 3221 2676 in
3243 2624 3509 2693 Ephrata,

1942 2716 2253 2770 invenimus
2325 2728 2446 2768 eam
2515 2713 2572 2767 in
2626 2713 2834 2782 campis
2899 2713 3070 2768 silvae.
3126 2704 3397 2768 lutremus
3457 2716 3509 2766 in

1947 2807 2303 2862 tabernacula
2335 2807 2526 2876 ipsius,
2557 2805 2854 2860 adoremus
2890 2806 2941 2858 in
2973 2806 3094 2860 loco
3121 2807 3211 2861 ubi
3240 2817 3514 2860 steterunt

1942 2899 2113 2969 pedes
2151 2899 2269 2969 ejus
2295 2899 2392 2953 ³⁸.»
2432 2898 2674 2954 Observa
2710 2914 2855 2954 nunc
2894 2899 3245 2967 Prophetam.
3282 2898 3512 2954 Revela-

1945 3000 2062 3043 tum
2094 2990 2171 3044 illi
2199 3004 2322 3044 erat
2343 2989 2632 3052 divinitus,
2656 2988 2857 3043 Filium
2885 2987 2980 3043 Dei
3013 2990 3352 3043 nasciturum
3388 3001 3512 3044 esse

262 3083 367 3151 φίλη
399 3083 562 3150 παρᾶ
592 3081 750 3147 Θεοῦ,
801 3083 881 3133 ὅτι
927 3085 954 3134 ὁ
993 3082 1120 3143 Υἱὸς
1156 3083 1322 3136 αὐτοῦ
1355 3084 1445 3136 τοῦ
1486 3085 1632 3138 Θεοῦ
1657 3085 1841 3153 μέλλει

1944 3097 1974 3136 e
2000 3081 2249 3151 Virgine,
2280 3081 2374 3151 qui
2408 3097 2534 3136 cum
2560 3096 2726 3137 verus
2758 3082 2902 3136 Deus
2929 3083 3021 3140 sit.
3053 3082 3334 3136 hominem
3366 3092 3514 3138 esset

259 3173 598 3242 γεννηθῆναι
630 3172 695 3222 ὲκ
728 3171 826 3240 τῆς
865 3172 1168 3241 Παρθένον,
1209 3175 1301 3226 καὶ
1329 3175 1460 3237 Θεὸς
1490 3175 1567 3228 ὢν
1609 3177 1837 3246 ἀληθὴς,

263 3266 457 3334 μέλλει
512 3263 771 3331 γενέσθαι
821 3267 912 3316 καὶ
962 3265 1247 3336 ἄνθρωπος
1287 3266 1514 3336 ἀληθὴς,
1559 3267 1740 3330 καθὼς
1777 3268 1842 3321 ὲκ

258 3357 367 3409 τῶν
397 3356 616 3408 πολλῶν
652 3355 817 3409 αὑτοῦ
855 3356 1205 3426 προφητειῶν
1232 3360 1540 3428 εἰρήκαμεν
1575 3358 1840 3428 μερικῶς.

261 3449 371 3502 Καὶ
404 3449 488 3510 τίς
523 3448 686 3517 χρεία
715 3446 952 3517 ἑτέρων;
989 3450 1126 3518 Περὶ
1148 3449 1206 3502 δὲ
1231 3451 1329 3520 τῆς
1359 3451 1638 3520 Παρθένου
1667 3449 1842 3513 οὕτως

262 3540 515 3613 εἴρηκεν,
552 3559 571 3590 ι
612 3541 904 3603 Ἄκουσον,
952 3541 1216 3612 θύγατερ,
1265 3544 1360 3595 καὶ
1405 3543 1504 3607 τδε,
1538 3544 1631 3596 καὶ
1661 3544 1842 3596 κλῖνον

260 3634 323 3684 τὸ
353 3632 453 3694 οὓς
487 3649 608 3691 σου,
642 3632 736 3685 καὶ
771 3631 1034 3685 ἐπιλάθου
1069 3631 1165 3684 τοῦ
1212 3632 1342 3685 λαοῦ
1372 3650 1487 3695 σου,
1519 3632 1732 3686 καὶτοῦ
1767 3636 1844 3686 οἴ-

262 3741 364 3776 κου
393 3722 494 3776 τοῦ
527 3723 734 3792 πατρός
783 3740 902 3777 σου.
953 3723 1060 3777 Τοῦ
1090 3725 1199 3796 γὰρ
1229 3724 1391 3778 Δασὶδ
1435 3725 1680 3797 θυγάτηρ
1709 3721 1777 3796 ἦν
1807 3727 1842 3796 ἡ

261 3815 398 3883 ἁγία
428 3815 644 3883 Μαρία.
681 3815 789 3866 Καὶ
819 3814 904 3867 διὸ
937 3814 1162 3884 ἔμελλεν
1203 3815 1439 3869 ἀκοῦσαι
1490 3816 1582 3868 τὸν
1621 3815 1714 3868 τοῦ
1746 3817 1845 3886 ἀρ-

265 3906 541 3975 χαγγέλου
579 3905 820 3976 Γαϐριὴλ
860 3906 1040 3973 λόγον,
1086 3905 1260 3973 λέγει,
1291 3906 1484 3958 Κλῖνον
1512 3907 1574 3958 τὸ
1604 3905 1694 3968 οῦς
1723 3923 1842 3960 σου.

270 3999 369 4049 Διὰ
391 3998 452 4050 δὲ
487 3995 589 4068 τὴν
613 3996 854 4068 ἄρρητον
882 3996 1076 4066 χαρὰν,
1101 3996 1170 4066 ἣν
1191 3995 1385 4066 ἔμελλε
1420 3997 1697 4063 δέξασθαι.
1751 3997 1846 4050 καὶ

270 4091 352 4143 ὅτι
381 4093 494 4144 ἀπὸ
524 4089 617 4142 τοῦ
643 4089 739 4142 νῦν
764 4089 833 4141 τά
861 4089 1068 4142 παλαιὰ
1093 4089 1168 4151 ὼς
1203 4089 1368 4160 ἀτελῆ
1403 4090 1661 4157 μέλλουσι
1691 4089 1844 4158 γενέ-

271 4183 398 4234 σθαι
453 4184 602 4253 ἀργὰ
659 4183 756 4234 καὶ
801 4181 1082 4252 ἄπρακτα.
1138 4183 1168 4235 6
1215 4183 1272 4236 δὲ
1324 4181 1420 4235 τοῦ
1479 4183 1684 4254 Κυρίου
1726 4184 1846 4244 νέος

271 4271 434 4339 νόμος
473 4271 568 4322 καὶ
603 4271 636 4338 ἡ
684 4268 918 4336 διαθήκη
979 4268 1164 4338 μέλλει
1221 4269 1463 4338 λάμψειν
1518 4269 1576 4320 ὲν
1613 4270 1720 4339 ὅλῳ
1766 4269 1845 4335 τῷ

1945 3183 2354 3243 assumpturus,
2405 3173 2869 3242 quemadmodum
2922 3189 2986 3228 ex
3038 3176 3225 3230 multis
3275 3176 3514 3230 oraculis

1946 3267 2094 3319 illius
2116 3281 2214 3334 per
2237 3275 2419 3330 partes
2444 3265 2715 3318 hactenus
2734 3265 3237 3333 comprobavimus.
3263 3267 3331 3320 Et
3353 3267 3514 3336 quid-

1944 3374 2072 3412 nam
2102 3357 2226 3410 aliis
2261 3371 2400 3424 opus
2431 3357 2551 3410 est?
2586 3358 2658 3410 De
2690 3357 2811 3426 ipsa
2846 3364 3030 3411 autem
3063 3359 3279 3428 Virgine
3313 3362 3393 3415 sic
3423 3377 3515 3414 ce-

1943 3449 2115 3502 cinit:
2155 3465 2173 3496 ‹
2199 3446 2366 3509 Audi,
2397 3445 2527 3509 tilia,
2553 3455 2611 3500 et
2641 3447 2786 3508 vide,
2817 3457 2872 3501 et
2897 3447 3098 3502 inclina
3126 3464 3314 3502 aurem
3342 3461 3512 3512 tuam,

1945 3547 2004 3592 et
2046 3536 2370 3590 obliviscere
2399 3536 2587 3604 populi
2615 3536 2692 3588 tui
2741 3545 2797 3589 et
2826 3535 3024 3591 domus
3073 3539 3242 3606 patris
3289 3540 3366 3593 tui
3391 3539 3458 3592 ⁵ο.
3486 3559 3506 3591 ι

1945 3628 2168 3682 Davidis
2213 3627 2361 3682 enim
2414 3627 2524 3680 lilia
2551 3633 2672 3679 erat
2705 3625 2830 3680 diva
2868 3627 3070 3691 Maria;
3122 3638 3179 3681 et
3227 3629 3354 3698 quia
3397 3631 3514 3686 haec

1946 3718 2205 3772 auditura
2253 3727 2374 3772 erat
2423 3716 2742 3784 archangeli
2777 3716 3056 3772 Gabrielis
3088 3733 3300 3785 vocem,
3343 3719 3513 3774 dicit:

1953 3809 2189 3865 «Inclina
2216 3823 2404 3863 aurem
2435 3816 2584 3862 tuam
2608 3824 2655 3874 gi
2684 3807 2942 3862 nimirum
2971 3809 3038 3862 ad
3055 3809 3422 3864 inenarrabile
3448 3811 3516 3864 il-

1950 3901 2046 3955 lud
2073 3900 2357 3970 gaudium,
2393 3901 2552 3970 cujus
2590 3900 2868 3969 particeps
2892 3908 3014 3954 erat
3057 3901 3262 3954 futura.
3294 3900 3362 3956 Et
3386 3904 3516 3972 quia
3560 3895 3566 3900 ’

1954 3991 2026 4046 ab
2053 4008 2121 4046 eo
2151 4003 2401 4060 tempore
2435 3990 2621 4045 omnia
2649 3990 2956 4058 antiquitus
2984 3991 3238 4046 instituta
3265 4007 3364 4061 pro
3397 3993 3518 4046 vilis

1950 4085 2054 4140 bus
2101 4094 2159 4139 et
2199 4084 2538 4154 contemptis
2580 4083 2898 4153 abroganda
2940 4095 3098 4138 erant
3128 4093 3184 4138 et
3230 4085 3512 4149 eassanda,

1946 4189 2200 4244 novaque
2221 4173 2425 4230 Christi
2458 4175 2544 4228 lex
2566 4189 2672 4228 una
2699 4189 2823 4228 cum
2844 4172 3198 4228 Testamento
3225 4191 3323 4244 per
3343 4186 3515 4232 totum

1947 4269 2218 4322 mundum
2252 4266 2542 4330 aﬂulsura,
2587 4267 2790 4334 inquit,
2823 4263 3192 4321 «Obliviscere
3222 4269 3408 4337 populi
3438 4269 3516 4323 tui

271 4362 489 4431 κόσμῳ,
529 4361 657 4431 ἔφη,
705 4361 814 4413 Καὶ
867 4359 1125 4412 ἐπιλάθου
1149 4359 1243 4412 τοῦ
1291 4359 1423 4413 λαοῦ
1462 4376 1578 4422 σου,
1619 4361 1712 4412 καὶ
1749 4358 1841 4412 τοῦ

1948 4366 2006 4413 et
2029 4358 2229 4412 domus
2258 4356 2431 4426 patris
2455 4356 2591 4420 tui,»
2625 4366 2682 4409 et
2708 4357 2866 4410 novis
2897 4357 3006 4410 illis
3031 4358 3144 4426 jam
3175 4357 3378 4412 futuris
3397 4369 3518 4414 esto

272 4455 424 4507 οἴκου
460 4453 557 4506 τοῦ
592 4453 798 4520 πατρός
842 4469 958 4513 σου,
992 4451 1090 4505 καὶ
1139 4451 1413 4520 πρόσσχες
1461 4452 1528 4502 τά
1566 4451 1660 4503 νεα
1688 4451 1841 4520 ἐρχό-

1951 4449 2186 4502 intenta.
2339 4446 2459 4500 haec
2507 4446 2732 4514 quidem
2781 4447 2848 4500 ad
2895 4422 3174 4515 Virginem
3231 4449 3519 4504 referenda

271 4561 433 4610 μενα.
471 4545 582 4596 Καὶ
612 4542 784 4595 ταῦτα
839 4543 938 4610 μὲν
979 4545 1052 4611 τῇ
1104 4543 1390 4612 Παρθένῳ.
1435 4543 1586 4594 Ἐπεὶ
1641 4543 1718 4606 δὲ,
1770 4540 1846 4603 ὡς

264 4638 521 4704 εἴρηται,
550 4628 658 4686 εἶδε
703 4633 795 4686 τὸν
830 4634 957 4686 Υἱὸν
990 4633 1085 4686 τοῦ
1125 4634 1262 4686 Θεοῦ
1293 4634 1582 4704 ἄνθρωπον
1621 4633 1849 4702 γενόμε-

266 4741 389 4784 νον,
441 4725 540 4774 καὶ
585 4722 685 4791 τὴν
729 4723 787 4787 ἐξ
822 4721 984 4774 αὐτοῦ
1025 4724 1304 4793 θυγατέρα
1333 4724 1630 4792 τεξομένην
1661 4723 1846 4785 αὑτὸν,

263 4815 553 4884 ἐζήτησεν
582 4814 667 4866 ἵνα
691 4813 840 4882 δείξῃ
869 4812 1020 4882 αὐτῷ
1050 4815 1078 4865 ὁ
1115 4815 1248 4878 Θεὸς
1288 4815 1382 4867 καὶ
1412 4816 1502 4868 τὸν
1528 4815 1691 4867 τόπον
1719 4813 1850 4866 ἔνθα

262 4905 479 4973 ἔμελλε
528 4904 917 4976 γεννηθῆναιὸ
963 4906 1220 4977 Χριστός.
1278 4907 1544 4974 Ἐζήτησε
1592 4906 1648 4959 δὲ
1692 4906 1851 4959 τοῦτο

264 4997 421 5065 μετὰ
450 4995 724 5065 τοσαύτης
755 4996 1160 5065 παρακλήσεως
1190 4996 1285 5050 καὶ⁸
1323 4997 1586 5066 σπουδῆς,
1613 4998 1696 5050 ὅτι
1725 4995 1853 5050 οὔτε

259 5085 493 5152 ἤσθιεν,
557 5083 681 5162 οὔτε
731 5085 1046 5148 ἐκάθευδεν,
1097 5086 1222 5139 οὔτε
1269 5087 1596 5153 ἀνεπαύετο,
1658 5089 1854 5157 μέχρις

259 5172 344 5225 ἃν
370 5174 741 5244 ἀπεκαλύφθη
780 5177 933 5245 παρὰ
966 5176 1100 5229 θεοῦ
1149 5176 1242 5229 καὶ
1279 5173 1369 5229 τὸν
1415 5177 1514 5247 τῆς
1549 5180 1854 5245 γεννήσεως

1952 4548 2102 4594 sunt.
2138 4538 2434 4607 Postquam
2458 4553 2612 4603 vero,
2639 4547 2699 4591 ut
2720 4537 2926 4592 dictum
2950 4552 3055 4602 εει,
3076 4539 3186 4609 jam
3212 4540 3522 4610 agnovisset

1953 4632 2102 4702 quod
2152 4631 2249 4686 Dei
2297 4628 2468 4684 Filius
2502 4629 2783 4685 hominem
2829 4639 2976 4685 esset
3013 4640 3416 4700 assumpturus,
3465 4639 3523 4684 et

1951 4746 2022 4784 ex
2069 4729 2184 4783 lilia
2233 4726 2406 4796 ipsius
2456 4727 2792 4792 nasciturus,
2824 4725 3035 4796 rogavit
3064 4736 3126 4780 ut
3165 4735 3222 4781 et
3250 4727 3430 4782 locum
3463 4727 3518 4780 in

1955 4838 2068 4892 quo
2091 4821 2406 4876 nasciturus
2429 4829 2550 4873 erat
2575 4819 2850 4884 Christus,
2880 4819 2984 4873 sibi
3011 4819 3154 4872 Deus
3177 4819 3520 4875 ostenderet.

1953 4906 2067 4962 Hoc
2111 4915 2292 4961 autem
2341 4914 2493 4960 tanto
2534 4906 2704 4959 animi
2737 4907 2952 4959 fervore
2989 4916 3046 4960 et
3075 4906 3257 4960 studio
3297 4907 3524 4960 investi-

1953 5000 2122 5070 gavit,
2147 5007 2207 5051 ut
2237 5011 2339 5051 nec
2360 4997 2545 5050 cibum
2569 5006 2835 5062 sumeret,
2865 5013 2966 5052 nec
2994 5011 3188 5051 somno
3215 5013 3314 5051 nec
3339 4997 3521 5066 quieti

1955 5089 2294 5158 indulgeret,
2343 5089 2516 5140 donec
2558 5089 2674 5156 ipse
2721 5103 2942 5156 quoque
2981 5088 3180 5142 natalis
3225 5087 3382 5143 locus
3413 5089 3519 5142 sibi

1959 5197 1990 5236 a
2022 5181 2135 5234 Deo
2169 5177 2530 5231 revelaretur.
2559 5179 2626 5232 Et
2654 5187 2785 5232 tunc
2819 5179 3142 5250 prophetico
3179 5179 3378 5250 spiritu
3409 5183 3524 5250 agi-

259 5268 628 5320 {dno-1.131;
655 5269 837 5320 τοίνυν
865 5267 1248 5338 προφητεύσας
1275 5263 1452 5331 εἶπεν,
1479 5286 1498 5320 ι
1522 5268 1658 5351 ξιδοὺ
1691 5266 1841 5337 ἠκού·

1959 5281 2108 5328 tatns
2160 5269 2334 5325 dixit:
2392 5289 2410 5320 ι
2441 5269 2582 5324 Ecce
2631 5269 2686 5324 in
2724 5270 2963 5339 Ephrata
3004 5272 3320 5327 audivimus
3341 5288 3519 5336 eam"

262 5360 647 5430 ωμεναύτὴν
663 5362 722 5411 ὲν
736 5359 999 5430 Ἐφραθᾷ,
1027 5379 1046 5412 ι
1067 5361 1344 5414 τουτέστιν
1364 5363 1421 5413 ἐν
1434 5360 1712 5432 Βηθλεέμο
1734 5378 1753 5411 ι
1773 5359 1841 5413 εὖ·

1967 5363 2025 5418 id
2059 5371 2148 5419 est
2190 5362 2245 5416 in
2281 5359 2605 5424 Bethleem;
2663 5361 3024 5416 «invenimus
3070 5377 3192 5416 eam
3233 5362 3288 5416 in
3318 5364 3526 5430 eampis

177 5467 182 5470 '
263 5467 462 5520 ρομεν
488 5451 659 5520 αὐτὴν
683 5453 740 5502 ὲν
771 5454 880 5512 τοῖς
904 5451 1107 5512 πεδίοις
1132 5452 1226 5505 τοῦ
1251 5453 1481 5522 δρυμοῦ,
1523 5471 1540 5504 ι
1574 5453 1668 5506 τὸν
1692 5457 1841 5509 αὑτδπ

1962 5455 2166 5520 silvam
2210 5467 2381 5508 unum
2429 5453 2668 5507 eundem
2704 5453 2883 5508 locum
2926 5455 3013 5510 bis
3050 5455 3338 5510 denotatis.
3370 5454 3528 5508 Tunc

253 5542 455 5594 τόπον
487 5540 648 5593 πάλιν
681 5541 873 5612 δηλῶν.
908 5541 1040 5595 Τότε
1068 5543 1214 5596 λένει
1261 5561 1279 5594 ι
1303 5543 1750 5599 Εἰσελευσώαεθα
1778 5545 1841 5607 εις

1963 5546 2280 5618 subiungit:
2333 5541 2650 5598 «intremus
2699 5544 2755 5599 iu
2803 5545 3152 5600 tabernacula
3191 5545 3386 5616 ipsius,
3422 5543 3523 5597 ad-

345 5715 404 5748 ”
448 5713 594 5771 Psal.
632 5731 810 5778 cum,
839 5714 959 5769 με.
1036 5715 1082 5748 ⁵ο
1107 5717 1250 5771 Psal.
1289 5735 1430 5786 xuv,
1485 5721 1574 5775 Η.

623 5812 896 5875 Panos.
939 5813 1057 5877 Gn.
1087 5811 1261 5874 CLIV
3145 5811 3218 5873 14
