3970 6212
426 171 530 236 427

1599 178 1919 240 JOANNIS
1962 178 2495 282 CAL‘STACUZENI

3552 184 3658 246 6°38

425 303 652 345 oremus
701 290 755 343 in
807 290 928 345 loco
972 289 1062 344 ubi
1112 297 1380 344 steterunt
1427 290 1594 358 pedes
1645 292 1814 362 ejus.)
1870 292 1971 347 "I131

2096 295 2164 346 τὰ
2198 293 2529 364 σκηνώματα
2551 292 2738 360 αὑτοῦ,
2769 291 3234 364 προσκυνήσωμεν
3255 291 3331 354 εἰς
3362 291 3450 344 τόν
3472 295 3663 347 τόπονο

427 383 617 444 verba,
658 382 962 436 «intremus
994 383 1046 434 in
1082 380 1432 435 tabernacula
1471 382 1693 450 ipsius,»
1728 393 1982 453 tanquam

422 473 490 527 de
525 475 862 540 contemptis
899 481 951 525 ct
984 471 1134 524 nullo
1172 472 1350 540 pretio
1385 473 1589 526 habitis
1616 473 1776 527 dixit.
1814 475 1984 528 Scr-na

368 605 375 611 .
427 565 572 616 enim
617 564 695 613 vel
747 549 1163 614 tabernaculum
1197 563 1418 628 dicitur,
1454 556 1703 618 recenter
1733 576 1984 618 exstruc-

430 666 542 703 tum
572 659 626 702 et
651 651 796 718 quod
831 651 1012 702 statim
1058 651 1394 721 refrangitur
1441 653 1800 705 domicilium.
1833 671 1849 702 ι
1881 654 1986 704 Ad-

422 755 647 792 uremus
693 739 872 792 locum
927 739 1017 793 ubi
1062 748 1337 794 S'eterunt
1374 741 1539 809 pedes
1575 743 1798 810 ipsius.»
1845 743 1983 805 Quid

421 845 561 898 opus
591 837 676 881 est
710 845 795 882 me
831 829 1000 882 multa
1033 830 1098 884 de
1136 830 1219 882 his
1257 831 1479 883 dicere?
1509 816 1648 896 Quin
1698 833 1877 900 potius
1911 844 1986 887 tc-

421 922 599 990 ipsum
658 921 724 974 de
774 921 857 974 his
900 922 1136 990 appello.
1171 923 1421 990 Magnum
1471 925 1618 976 enim
1670 924 1818 978 illum
1853 942 1984 994 pro-

416 1017 640 1084 phetam
671 1025 726 1068 et
754 1031 960 1083 regem,
987 1015 1077 1082 qui
1114 1013 1208 1068 Dei
1241 1030 1461 1082 quoque
1489 1017 1802 1072 testimonio
1834 1034 1980 1071 com.

417 1108 667 1162 incndari
703 1108 902 1174 dignus
936 1108 1040 1160 fuit
1067 1107 1170 1175 (sic
1202 1107 1349 1159 enim
1397 1109 1463 1161 de
1495 1109 1585 1160 illo
1615 1109 1759 1163 Deus
1801 1110 1981 1179 loqui-

419 1209 531 1259 tur,
587 1199 801 1251 «Inveni
838 1198 1027 1255 David.
1066 1217 1083 1248 ι
1128 1200 1282 1266 etc.),
1335 1215 1624 1266 quemnam
1669 1200 1979 1256 adoravisse

419 1291 706 1344 dicemus?
758 1292 838 1343 An
891 1291 1042 1342 illum
1094 1291 1475 1344 tantummodo
1523 1292 1615 1359 qui
1668 1293 1980 1348 nasciturus

416 1382 575 1434 erat?
611 1381 704 1434 sed
754 1391 808 1434 et
854 1381 1035 1433 locum
1084 1380 1134 1432 in
1173 1397 1281 1448 quo
1311 1391 1571 1434 steterant
1613 1383 1778 1450 pedes
1811 1382 1977 1443 illius,

420 1485 676 1541 tanquam
710 1473 987 1551 hominem
1019 1473 1180 1526 nobis
1205 1475 1464 1527 oninihus
1498 1475 1876 1527 tantummodo
1910 1477 1982 1527 si-

417 1566 647 1619 milem?
690 1549 828 1630 Quis
873 1579 1002 1618 vero
1035 1575 1140 1618 tam
1172 1566 1446 1634 stupidus,
1494 1567 1602 1619 imo
1645 1575 1752 1618 tam
1785 1565 1979 1620 deser-

2092 382 2151 438 οῦ
2177 386 2409 454 ἔστησαν
2433 385 2482 437 οἱ
2506 383 2664 447 πόδες
2687 384 2869 437 αὑτοῦ.
2900 402 2917 434 ι
2945 384 3038 448 Τὸ,
3069 402 3086 434 ι
3115 381 3562 452 Είσελευσώμεθα
3586 390 3668 450 εἰς

2087 478 2156 528 τὰ
2210 477 2543 546 σκηνώματα
2592 479 2780 540 αὑτοῦ,
2825 497 2844 528 ι
2876 477 2949 538 rb;
3005 477 3198 543 εὐτελῆ
3228 477 3320 526 καὶ
3354 475 3430 545 μὴ
3467 477 3667 546 ἔχοντα

2086 567 2346 637 ψήφισμά
2369 587 2445 632 τι,
2479 564 2624 621 εἷπε.
2659 567 2838 637 Σκηνὴ
2870 569 2976 636 γὰρ
3005 567 3222 634 λέγεται
3243 566 3304 620 τό
3330 570 3666 637 προσφάτως

2085 659 2397 724 γενόμενον,
2418 658 2508 708 xal
2530 657 2646 725 μετ’
2665 656 2840 722 ὀλίγον
2859 657 3117 725 λυόμενον
3134 657 3354 725 εἶκημα.
3383 673 3400 705 ι
3424 657 3668 722 Προσκυ-

2085 747 2344 815 νήσωμεν
2369 747 2448 807 είς
2475 746 2566 800 τὸν
2590 747 2772 810 τόπον,
2796 741 2856 798 οὗ
2889 748 3123 816 ἔστησαν
3153 749 3201 798 οἱ
3228 751 3380 810 πόδες
3416 748 3603 800 αὐτοῦέ
3632 768 3651 800 ι

2085 839 2178 900 Τίς
2221 841 2337 890 ἐστι
2368 839 2548 909 χρεία,
2583 840 2667 890 ἵνα
2701 839 2830 908 περὶ
2874 840 3064 891 τούτου
3092 838 3200 905 ὲρῶ
3249 839 3393 906 ὲγώ;
3439 841 3653 909 Ἐρωτῶ

2084 927 2138 978 δέ
2181 943 2264 992 σε,
2297 929 2325 980 6
2363 933 2678 998 προφήτης.
2725 931 2752 980 6
2789 930 2962 997 μέγας
2992 929 3264 997 βασιλεὺς,
3298 933 3325 982 6
3371 933 3521 998 παρὰ
3565 933 3656 982 τοῦ

2084 1019 2220 1072 Θεοῦ
2262 1021 2657 1090 μαρτυρηθεὶς,
2693 1020 2833 1072 οὕτω
2881 1023 2990 1090 γὰρ
3028 1024 3156 1088 περὶ
3185 1023 3350 1074 αὐτοῦ
3387 1025 3608 1092 εἴρηκεν
3634 1025 3663 1076 6

2085 1109 2239 1174 Θεὸς,
2266 1127 2284 1160 ι
2307 1105 2479 1179 Εὗρον
2494 1108 2677 1172 Δαϐὶδ,
2705 1128 2723 1160 ›
2745 1111 2838 1162 καὶ
2859 1111 2924 1162 τὰ
2952 1107 3101 1180 ἑξῆς,
3121 1111 3237 1163 τίνα
3260 1115 3662 1183 προσεκύνησε,

2088 1201 2182 1252 καὶ
2219 1199 2280 1250 οὐ
2322 1199 2480 1269 μόνον
2510 1199 2674 1251 αὐτὸν
2712 1200 2803 1250 τὸν
2840 1199 3329 1268 γεννηθησόμενον,
3381 1201 3518 1252 ἀλλὰ
3566 1203 3666 1254 καὶ

2083 1291 2174 1343 τόν
2205 1290 2393 1353 τόπον,
2414 1284 2473 1344 οὗ
2497 1290 2732 1359 ἔστησαν
2756 1290 2803 1342 οἱ
2836 1291 2992 1352 πόδες
3021 1290 3184 1343 αὑτοῦ
3209 1308 3224 1356 ;
3259 1292 3445 1354 Οὕτως
3472 1292 3663 1354 ἁπλῶς

2082 1375 2390 1447 ἄνθρωπον,
2431 1378 2508 1439 ib;
2556 1377 2651 1429 ἕνα
2681 1378 2788 1430 τῶν
2827 1377 3070 1441 πολλῶν;
3127 1381 3235 1431 Kal
3284 1381 3367 1442 τίς
3402 1382 3663 1436 τοσοῦτον

2082 1465 2447 1536 ἀναίσθητος,
2513 1467 2716 1536 μᾶλλον
2778 1468 2834 1521 δὲ
2889 1470 3450 1541 ὲγκαταλελειμμένος
3505 1476 3664 1544 παρὰ

2083 1555 2243 1623 Θεοῦ,
2286 1556 2425 1610 ὥστε
2458 1563 2550 1611 καὶ
2581 1559 2799 1629 νομίσαι
2833 1561 2996 1626 αὑτός
3043 1561 3201 1614 Ἀλλὰ
3240 1563 3421 1621 καθὼς
3461 1566 3556 1617 καὶ
3601 1570 3664 1618 ὲν

417 1666 504 1709 tus
544 1672 573 1708 ιι
617 1658 749 1718 Deo,
805 1664 865 1708 ut
898 1655 1002 1709 hoc
1048 1655 1131 1708 vel
1184 1656 1237 1708 in
1281 1657 1522 1709 animum
1559 1657 1843 1710 admittat?
1875 1657 1971 1710 Sed

2083 1649 2194 1706 toi;
2223 1647 2536 1718 ἔμπροσθεν
2566 1651 2658 1702 τόν
2691 1651 2854 1703 αὐτὸν
2880 1651 3032 1724 ἔλεγε
3056 1638 3188 1704 Θεὸν
3219 1652 3313 1705 καὶ
3339 1651 3658 1721 ἄνθρωπον.

412 1746 878 1813 quemadmodum
925 1746 977 1799 in
1023 1747 1406 1815 superioribus
1437 1747 1583 1801 hunc
1628 1749 1881 1801 eumdem
1927 1755 1983 1801 et

380 1838 695 1890 hominem
727 1852 848 1891 esse
892 1837 1293 1904 comprobavit,
1349 1838 1422 1890 ita
1470 1853 1616 1891 nunc
1662 1853 1878 1906 quoque
1923 1838 1981 1890 in

412 1927 517 1979 loci
552 1927 1022 1994 contemplatione
1061 1926 1213 1979 illum
1248 1928 1430 1980 facere
1470 1927 1742 1992 videmus,
1782 1929 1835 1980 in
1872 1943 1981 1996 quo

414 2032 537 2069 cum
574 2017 781 2070 Joanne
803 2017 1070 2084 prepheta
1099 2015 1323 2069 omnino
1355 2017 1654 2084 consensit,
1703 2033 1825 2070 cum
1862 2018 1983 2086 qui-

416 2112 536 2162 dem
576 2111 742 2163 liavid
788 2110 941 2175 dicit,
991 2128 1009 2159 ι
1066 2109 1302 2162 Adorate
1336 2110 1518 2162 locum
1567 2110 1660 2163 ubi
1705 2120 1981 2165 steterunt

415 2202 584 2270 pedes
618 2202 774 2270 ejus;
805 2219 821 2250 ›
855 2201 948 2253 ille
972 2215 1122 2262 vero,
1155 2200 1300 2253 (Non
1325 2216 1443 2253 sum
1467 2202 1666 2269 dignus
1687 2211 1744 2254 ut
1767 2211 1977 2271 portem

413 2295 783 2345 ealceamenta
802 2291 971 2353 illius,
995 2293 1086 2359 qui
1107 2298 1229 2360 post
1245 2305 1330 2342 me
1349 2300 1611 2344 venturus
1630 2291 1780 2348 est“.
1797 2311 1815 2343 ι
1833 2293 1980 2348 Jam—

413 2399 480 2435 ne
512 2381 772 2450 intelligis
803 2392 859 2435 ut
900 2392 1014 2436 tum
1047 2382 1099 2434 in
1134 2382 1344 2452 magnis
1371 2398 1531 2451 quam
1566 2383 1619 2436 in
1653 2385 1836 2452 parvis
1865 2401 1979 2447 oni-

411 2490 510 2528 nes
561 2475 837 2542 propheta:
869 2474 1234 2536 consentiant,
1285 2475 1460 2540 ipsum
1507 2475 1739 2528 adorent
1783 2485 1840 2529 et
1879 2491 1977 2530 ce-

409 2567 767 2620 lebrent?nec
789 2566 1078 2634 quisquam
1114 2565 1506 2633 prophetarum
1531 2575 1635 2627 est,
1669 2569 1760 2634 qui
1789 2567 1878 2620 ubi
1908 2570 1974 2622 de

409 2659 628 2711 Christo
660 2658 947 2711 vaticinari
972 2666 1026 2709 et
1056 2656 1220 2709 verba
1260 2655 1439 2709 facere
1463 2659 1714 2725 carperit,
1738 2658 1976 2727 seipsum

410 2769 518 2805 non
545 2766 796 2820 parvum,
843 2758 1214 2816 contemptum
1253 2755 1306 2799 ct
1338 2750 1540 2800 nullius
1563 2749 1720 2816 pretii
1749 2749 1974 2818 dignum

414 2860 534 2896 esse
552 2845 895 2896 conﬁteatur:
915 2839 1059 2908 quod
1079 2839 1241 2891 etiam
1259 2838 1324 2890 de
1338 2838 1610 2891 Abraham
1625 2839 1974 2910 legimus,qui

408 2935 650 3002 seipsum
678 2943 881 2985 terram
905 2928 1199 2998 appellavit
1217 2936 1272 2982 et.
1291 2928 1554 2981 cinerem.
1587 2927 1971 2984 Verumtamen
2001 2960 2046 3017 η

407 3044 514 3080 nun
566 3025 818 3078 Michaeas
866 3021 1030 3074 modo
1059 3028 1114 3073 et
1156 3019 1324 3072 David
1371 3020 1438 3072 de
1466 3019 1746 3074 Bethleem
1800 3021 1969 3075 locuti

408 3125 558 3179 sunt,
609 3118 700 3168 sed
746 3112 909 3166 etiam
954 3111 1141 3178 plures
1170 3109 1285 3173 alii,
1330 3124 1470 3179 quos
1501 3111 1767 3174 volentes,
1819 3121 1876 3164 ut
1917 3113 1970 3164 in

410 3208 532 3261 aliis
572 3206 782 3266 multis,
830 3203 1134 3256 omittimus
1157 3210 1380 3270 propter
1409 3201 1634 3254 nimiam
1683 3202 1971 3270 scriptura:

405 3298 638 3366 copiam.
662 3295 766 3348 Sed
787 3293 1126 3348 redeundum
1146 3293 1211 3344 ad
1229 3291 1529 3360 Magorum,
1553 3291 1695 3345 unde
1709 3308 1870 3361 supra
1889 3293 1971 3346 di~

406 3388 581 3458 gressi
614 3402 827 3447 sumus,
863 3383 1174 3437 historiam.
1218 3381 1374 3436 Tune
1400 3381 1647 3436 Herodes
1679 3392 1967 3452 postquam

403 3478 681 3550 cognovit,
730 3477 878 3546 quod
923 3477 977 3529 in
1018 3475 1294 3529 Bethleem
1344 3483 1670 3527 nasceretur
1716 3472 1969 3527 Christus

405 3574 532 3643 (hoc
561 3572 704 3624 enim
729 3585 794 3624 ex
815 3569 1100 3638 prophetis
1131 3565 1423 3635 pontiﬁces
1451 3574 1506 3619 et
1537 3565 1732 3637 scribae
1763 3579 1964 3633 cogno-

401 3665 641 3731 verant),
661 3661 798 3714 claui
831 3659 1113 3713 accersitis
1143 3656 1310 3725 Magis
1341 3656 1638 3723 praecepit:
1680 3672 1696 3704 ι
1727 3654 1966 3707 Profecti

402 3757 555 3811 illuc.
599 3763 856 3805 accurate
891 3749 1152 3817 inquirite
1186 3747 1253 3798 de
1279 3760 1489 3811 puero;
1527 3745 1618 3798 ubi
1651 3759 1778 3798 vero
1812 3745 1965 3798 illum

405 3846 750 3908 inveneritis,
804 3843 1114 3895 renuntiate
1152 3847 1208 3891 et
1259 3836 1417 3899 mihi,
1455 3846 1514 3888 ut
1538 3851 1638 3904 ego
1669 3836 1885 3889 veniam
1911 3843 1968 3890 et

398 3935 625 3988 adorem
662 3930 923 3983 illum“.i
966 3927 1087 3979 llazc
1118 3932 1296 3977 autem
1326 3922 1510 3974 animo
1541 3920 1680 3973 dixit
1715 3919 1964 3974 mendaci

399 4036 456 4079 et
495 3999 753 4076 subdolo.
786 4019 922 4073 Cum
959 4018 1104 4070 enim
1134 4029 1314 4083 regem
1348 4013 1686 4066 nasciturum
1721 4013 1959 4076 audiret,

400 4116 494 4184 qui
537 4115 939 4182 gubernaturus
983 4117 1129 4163 esset
1168 4105 1442 4170 lsraelem,
1477 4103 1756 4160 Christum
1801 4103 1960 4157 talem

400 4222 583 4275 regem
619 4205 737 4256 fore
779 4200 1008 4270 putavit,
1058 4198 1249 4266 quales
1284 4195 1440 4249 multi
1472 4203 1622 4255 sunt,
1656 4195 1816 4263 cujus
1843 4207 1965 4262 reg-

2084 1737 2226 1790 οὖτω
2279 1739 2373 1791 καὶ
2418 1741 2475 1790 ὲν
2508 1741 2572 1809 τῇ
2625 1739 2719 1793 τοῦ
2759 1742 2924 1794 τόπου
2961 1741 3183 1813 θεωρίᾳ.
3233 1743 3342 1796 Kal
3375 1746 3662 1811 συμφωνεῖ

2088 1827 2224 1897 μετὰ
2250 1827 2345 1879 τοῦ
2389 1832 2667 1898 προφήτου
2720 1831 2990 1893 Ἰωάννου,
3026 1833 3106 1883 ὅτι
3147 1831 3308 1892 αὐτὸς
3341 1831 3444 1901 μὲν
3474 1830 3656 1897 εἶπεν,

2082 1919 2164 1971 ὅτι
2193 1937 2210 1969 ι
2237 1919 2600 1987 Προσκυνεῖτε
2628 1921 2720 1973 τὸν
2743 1921 2927 1984 τόπον,
2949 1917 3010 1973 οῦ
3040 1921 3272 1989 ἔστησαν
3298 1925 3346 1974 οἱ
3375 1925 3534 1987 πὸἒες
3557 1927 3655 1976 αὖ-

2084 2010 2176 2062 τοῦ
2196 2026 2208 2041 ⁸
2242 2031 2260 2063 ι
2286 2013 2490 2074 ἐκεῖνος
2520 2013 2684 2074 δὲ,ὅτι
2713 2032 2731 2064 ι
2757 2015 2870 2066 Οὐκ
2901 2014 3014 2083 εἰμὶ
3035 2015 3179 2080 ἄξιος
3209 2016 3294 2068 ἵνα
3313 2015 3567 2084 βαστὰσω
3584 2020 3649 2070 τὰ

2083 2103 2403 2172 ὑποδήματα
2430 2104 2522 2157 τοῦ
2550 2105 2724 2158 ὀπίσω
2757 2123 2860 2174 μου
2885 2109 3201 2175 ἐρχομένου.
3224 2125 3242 2158 ι
3266 2109 3514 2172 Βλέπεις,
3533 2111 3645 2173 πῶς

2081 2194 2175 2248 καὶ
2204 2195 2265 2246 ὲν
2292 2197 2406 2258 τοῖς
2454 2195 2715 2266 μεγάλοις
2761 2213 2859 2249 και
2894 2199 2952 2249 ἐν
3005 2199 3118 2258 τοῖς
3178 2201 3396 2268 μικροῖς
3453 2203 3648 2263 πάντες

2079 2286 2456 2355 ὁμοφωνοῦσιν
2486 2287 2535 2339 oi
2565 2290 2860 2358 προφῆται,
2897 2290 2990 2341 καὶ
3024 2289 3390 2356 προσκυνοῦσι
3425 2294 3519 2344 καὶ
3551 2310 3653 2358 με-

2079 2379 2369 2447 γαλύνουσι
2397 2396 2412 2443 ;
2437 2381 2725 2439 καὶούὂεὶς
2751 2381 2859 2433 τῶν
2893 2383 3183 2453 προφητῶν
3210 2384 3377 2445 ἐστιν,
3411 2383 3471 2446 ὃς
3509 2387 3654 2452 μετὰ

2078 2472 2139 2522 τὸ
2169 2471 2546 2540 προφητεῦσαι
2588 2473 2683 2524 καὶ
2711 2473 2885 2524 εἰπεῖν
2922 2473 3053 2543 περὶ
3081 2473 3175 2526 τοῦ
3207 2475 3465 2544 Χριστοῦ,
3493 2476 3653 2529 οὐδὲν

2077 2561 2347 2613 δείκνυσιν
2400 2562 2592 2614 ἑαυτὸν
2645 2563 2839 2631 μικρὸν
2887 2566 2981 2616 καὶ
3040 2564 3252 2635 εὐτελῆ,
3306 2568 3397 2618 καὶ
3430 2567 3650 2630 οὐδενος

2078 2651 2228 2715 ἄξιον
2280 2652 2463 2720 λόγου,
2518 2652 2698 2715 καθὼς
2732 2655 2826 2706 καὶ
2871 2654 3122 2724 Ἀϐραὰμ
3172 2657 3274 2724 γῆν
3308 2655 3401 2708 καὶ
3454 2657 3651 2710 σποδὸν

2077 2741 2336 2794 ἐκάλεσεν
2369 2741 2580 2794 ἑαυτόν.
2619 2742 2693 2794 Οὐ
2727 2743 2883 2809 μόνον
2913 2743 2968 2794 δὲ
2993 2745 3020 2794 6
3046 2744 3283 2813 Μιχαίας
3315 2745 3409 2794 καὶ
3430 2747 3458 2795 6
3481 2747 3645 2798 Δαδὶδ

2076 2828 2197 2884 εἷπε
2230 2849 2293 2884 πε
2307 2834 2359 2903 pl
2392 2834 2490 2901 τῆς
2520 2833 2788 2903 Βηθλεὲμ,
2836 2835 2970 2887 ἀλλὰ
3020 2837 3114 2888 καὶ
3148 2835 3327 2889 πολλοὶ
3354 2836 3530 2906 ἕτεροι
3562 2833 3643 2889 εἵ-

2077 2941 2195 2987 πον,
2221 2923 2315 2987 οὓς
2337 2925 2431 2976 xal
2453 2926 2891 2994 παρῃτησάμεθα
2927 2927 3144 2986 ἑκόντες
3165 2927 3251 2980 διὰ
3279 2929 3340 2981 τδ
3373 2929 3506 2981 πολὺ
3537 2930 3640 2998 τῆς

2073 3021 2311 3087 γραφῆς,
2346 3017 2534 3086 ὥσπερ
2557 3021 2647 3070 καὶ
2679 3021 2773 3070 ἐπὶ
2798 3021 2906 3080 τοῖς
2937 3019 3136 3082 ἄλλοις.
3183 3020 3324 3073 Ἀλλ’
3347 3021 3484 3072 ίτέον
3509 3022 3641 3074 ἔνθα

2073 3110 2162 3162 τὸν
2195 3109 2304 3160 τῶν
2337 3111 2542 3176 Μάγων
2581 3109 2737 3178 λόγον
2794 3111 3223 3180 καταλείψαντές
3277 3115 3466 3182 ἐσμεν.
3502 3115 3640 3167 Τότε

2084 3201 2330 3271 Ἡρώδης
2368 3203 2628 3267 ἀκούσας,
2663 3204 2744 3254 ὅτι
2783 3203 2840 3256 ἐν
2873 3203 3116 3272 Βηθλεὲμ
3149 3207 3403 3271 γεννᾶται
3433 3206 3460 3256 ό
3504 3207 3640 3275 X9:-

2075 3291 2195 3353 στδς
2231 3293 2550 3362 (ἐγίνωσκον
2578 3296 2684 3364 γὰρ
2711 3297 2862 3365 παρὰ
2899 3296 3008 3348 τῶν
3046 3297 3340 3366 προφητῶν
3367 3299 3421 3350 οἵ
3442 3316 3502 3349 τε
3538 3301 3639 3370 ὰρο

2071 3387 2274 3452 χιερεῖς
2326 3384 2420 3436 καὶ
2475 3386 2522 3437 οἱ
2560 3386 2912 3455 γραμματεῖς
2949 3385 3151 3454 τοῦτο,)
3203 3388 3374 3457 λάθρα
3399 3390 3640 3453 καλέσας

2070 3477 2194 3535 τοὺς
2223 3476 2469 3542 Μάγους,
2506 3475 2655 3543 λέγει
2687 3479 2823 3548 πρὸς
2856 3477 3071 3542 αὐτοὺς,
3097 3497 3116 3530 ι
3140 3479 3484 3544 Ἀπελθόντες
3517 3483 3636 3546 ἐξε-

2069 3564 2270 3618 τάσατε
2305 3567 2434 3635 περὶ
2471 3566 2564 3618 τοῦ
2613 3568 2826 3620 παιδίου
2858 3583 2871 3596 ·
2920 3568 3056 3620 ἐπὰν
3099 3569 3154 3621 δὲ
3197 3570 3412 3640 εὕρητε,
3449 3574 3637 3642 ἀτταγ-

2068 3657 2286 3724 γείλατέ
2320 3675 2429 3726 μοι,
2453 3657 2600 3720 ὅπως
2631 3658 2786 3722 κάγὼ
2817 3658 2987 3712 ἐλθὼν
3008 3663 3366 3732 προσκυνήσω
3400 3665 3567 3734 αὐτῷ.
3603 3684 3623 3715 ι

2069 3748 2238 3800 Τοῦτο
2275 3749 2328 3801 δὲ
2379 3746 2497 3799 εἷπε
2545 3748 2892 3818 ψευδόμενος.
2935 3750 3179 3820 Ἔνόμιζε
3210 3753 3339 3820 γὰρ,
3386 3755 3467 3807 ὅτι
3511 3758 3637 3810 ἐπεὶ

2069 3840 2324 3910 βασιλεὺς
2374 3843 2669 3908 γεννᾶται,
2718 3842 2810 3894 καὶ
2863 3843 2944 3895 ὅτι
2981 3843 3165 3913 μέλλει
3206 3850 3488 3914 ποιμανεῖν
3540 3850 3632 3900 τὸν

2079 3925 2318 3995 Ἰσραὴλ,
2349 3927 2587 3989 τοιοῦτός
2632 3928 2747 3980 ἐστι
2779 3928 3030 3998 βασιλεὺς
3059 3931 3088 3982 6
3133 3932 3385 4000 Χριστὸς,
3435 3936 3510 3997 ώς
3551 3931 3632 3999 εἷς

2065 4018 2173 4068 τῶν
2212 4016 2440 4081 πολλῶν,
2475 4019 2567 4070 καὶ
2601 4021 2631 4087 ἡ
2665 4019 2856 4071 τούτου
2891 4019 3138 4088 βασιλεία
3171 4024 3504 4092 πρόσκαιρος
3539 4028 3635 4080 καὶ

2064 4109 2329 4175 ἐπίγειος.
2375 4107 2482 4161 Kal
2525 4111 2645 4160 ἐπεὶ
2675 4111 2731 4161 ὲν
2779 4112 2878 4178 μὲν
2911 4113 2975 4180 τῇ
3023 4111 3267 4182 Βηθλεὲμ
3299 4115 3496 4184 ἤκουσε
3534 4122 3635 4185 τὴν

2064 4199 2156 4251 τοῦ
2198 4199 2438 4269 Χριστοῦ
2471 4201 2724 4268 γέννησιν
2751 4197 2913 4264 εἶναι,
2938 4202 3036 4272 τὴν
3064 4202 3120 4254 δὲ
3155 4203 3250 4255 τοῦ
3282 4212 3444 4258 τόπου
3472 4211 3635 4276 ἀκρί-

398 4313 528 4351 num
557 4294 856 4364 temporale
886 4300 1031 4347 esset
1063 4302 1117 4344 et
1142 4299 1446 4343 terrenum.
1474 4286 1541 4342 Et
1567 4304 1694 4342 cum
1723 4287 1778 4339 in
1804 4284 1957 4338 Beth-

2074 4288 2216 4340 ὄειαν
2246 4289 2344 4340 οὐκ
2384 4288 2674 4355 ἐγίνωσκε,
2710 4288 3038 4358 βουλόμενος
3064 4291 3274 4345 ἀνελεῖν
3303 4295 3365 4347 τὸ
3393 4298 3631 4365 παιδίου⁹

399 4391 537 4443 leem
563 4388 785 4455 quidem
803 4384 1007 4438 Christi
1034 4381 1244 4434 natales
1267 4379 1384 4432 fore
1404 4379 1753 4448 intelligeret,
1777 4378 1957 4430 locum

395 4499 527 4538 vero
559 4483 710 4535 illius
741 4489 952 4534 certum
990 4485 1044 4530 et
1089 4475 1511 4528 determinatum
1548 4473 1842 4540 ignoraret.
1881 4470 1961 4520 in-

394 4576 544 4628 vidia
582 4580 781 4634 motus,
813 4579 868 4622 ct
897 4566 1121 4620 infantis
1153 4565 1352 4618 caedem
1379 4565 1490 4631 jam
1521 4572 1648 4614 ante
1681 4557 1960 4628 praemedi-

395 4677 560 4730 tatus,
591 4665 706 4717 haec
735 4663 990 4716 simulate
1019 4666 1076 4711 et
1125 4656 1252 4710 ﬁcte
1283 4654 1452 4722 Magis
1481 4653 1643 4706 dicit:
1679 4674 1698 4702 ι
1732 4654 1957 4704 Renun-

396 4759 524 4809 tiate
554 4753 715 4818 mihi,
747 4758 808 4803 ut
835 4758 892 4802 et
919 4761 1020 4815 ego
1055 4743 1268 4798 veniam
1293 4750 1349 4796 et
1372 4742 1596 4794 adorem
1633 4741 1808 4792 illum.
1836 4757 1854 4790 ι
1889 4738 1954 4791 Hi

391 4863 522 4901 vero
539 4844 726 4898 audito
745 4854 869 4908 rege
889 4826 1115 4908 profecti
1142 4843 1288 4887 sunt.
1319 4831 1413 4884 cEt
1431 4845 1559 4884 ecce
1584 4829 1758 4892 stella,
1785 4844 1945 4898 quam

391 4937 642 4988 viderant
684 4933 740 4985 in
773 4931 1014 4990 Oriente,
1048 4925 1390 4995 praecedebat
1421 4923 1563 4982 illos,
1613 4923 1788 4975 donec
1819 4936 1951 4990 pro-

392 5040 576 5094 gressa
606 5030 776 5075 staret
805 5033 968 5087 supra
997 5019 1178 5069 locum
1210 5015 1263 5067 in
1296 5027 1405 5081 quo
1432 5021 1549 5065 erat
1577 5011 1780 5078 puer".
1819 5031 1839 5060 ι
1863 5009 1943 5062 Tu

389 5130 543 5178 vero,
575 5125 700 5166 cum
733 5110 912 5178 Magos
947 5108 1153 5160 dixisse
1193 5104 1385 5157 audis:
1424 5101 1702 5156 «Vidimus
1733 5100 1944 5154 stellam

393 5206 565 5274 ipsius
614 5203 668 5255 in
720 5199 1005 5262 Oriente,»
1067 5210 1408 5265 nequaquam
1458 5206 1616 5261 putes
1671 5191 1948 5245 Christum

388 5305 611 5366 propter
659 5293 763 5346 hoc
799 5284 1029 5357 reliquis
1062 5289 1318 5342 omnibus
1364 5286 1600 5339 similem
1649 5293 1705 5337 et
1739 5284 1950 5336 nudum

388 5389 671 5442 ho.r.inem
715 5399 858 5439 esse.
894 5383 998 5448 Qui
1046 5382 1192 5436 enim
1230 5382 1374 5434 circa
1429 5378 1711 5432 stellarum
1765 5388 1950 5430 motus

1483 5558 1528 5590 ’⁵³
1581 5557 1712 5612 ibid.
1763 5557 1816 5610 9.

459 5569 500 5599 “
535 5567 690 5622 Joan.
718 5581 755 5630 ι,
787 5567 879 5619 Ἡ.
957 5567 998 5594 ⁸¹
1041 5563 1225 5616 Matth.
1250 5558 1318 5625 n,
1354 5559 1406 5614 8.

2066 4377 2244 4447 φθόνῳ
2299 4377 2642 4445 κινούμενος,
2679 4379 2825 4444 λέγει
2867 4382 2978 4442 τοῖς
3031 4382 3242 4449 Μάγοις
3289 4384 3500 4454 ψευδῶς
3536 4391 3632 4444 καὶ

2065 4470 2410 4531 ὲπιπλάστως
2429 4472 2510 4531 τὸ,
2537 4487 2554 4519 ι
2581 4471 2961 4537 ’Λναγγείλατέ
2988 4461 3264 4542 μοι,”δπως
3279 4479 3434 4547 κάγὼ
3457 4479 3628 4535 ἐλθὼν

2063 4560 2430 4629 προσκυνήσω
2450 4559 2619 4630 αὐτῷ.
2648 4577 2665 4610 ι
2691 4561 2754 4612 0i.
2775 4559 2831 4612 δὲ
2852 4561 3182 4623 ἀκούσαντες
3213 4566 3306 4618 τοῦ
3338 4567 3622 4636 βασιλέως,

2065 4652 2465 4720 ἐπορεύθησαν.
2492 4668 2512 4701 ι
2541 4652 2647 4703 Kal
2679 4651 2786 4704 ἰδοὺ
2813 4654 2841 4703 6
2871 4652 3046 4721 ἀστὴρ
3069 4651 3129 4704 6v
3157 4650 3294 4708 εἶδον
3325 4660 3382 4709 ἐν
3403 4661 3468 4728 τῇ
3497 4661 3631 4714 ἁνα-

2057 4745 2206 4814 τολῇ,
2239 4744 2479 4810 προῆγεν
2513 4745 2738 4808 αὐτοὺς,
2773 4744 2876 4808 ἕως
2909 4740 2971 4798 οῦ
3000 4744 3169 4798 ἐλθὼν
3199 4747 3326 4817 ἔστη
3361 4751 3546 4803 ἐπάνω
3568 4746 3632 4804 οὗ

2055 4831 2208 4904 ἦντὸ
2236 4835 2473 4888 παιδίον.
2503 4853 2521 4887 ι
2548 4836 2619 4887 Σὺ
2637 4836 2692 4888 δὲ
2721 4836 2793 4906 μὴ
2823 4837 3060 4900 ἀκούσας
3091 4839 3201 4890 τῶν
3217 4839 3422 4907 Μάγων
3451 4844 3633 4895 εἰπόν.

2055 4940 2164 4975 των
2186 4923 2288 4984 ὅτι,
2319 4941 2338 4974 ι
2374 4923 2597 4990 Εἵδομεν
2619 4926 2782 4977 αὑτοῦ
2811 4929 2900 4979 τὸν
2931 4928 3132 4997 ἀστέρα
3150 4931 3206 4980 ὲν
3222 4934 3286 4998 τῇ
3305 4933 3560 5002 ἀνατολῇ,
3602 4952 3624 4985 ι

2057 5018 2285 5084 νομίσῃς
2330 5017 2426 5066 καὶ
2469 5014 2630 5066 αὐτὸν
2677 5015 2752 5077 ώς
2807 5016 2902 5068 ἕνα
2941 5017 3051 5069 τῶν
3103 5019 3312 5071 πολλῶν
3353 5015 3492 5074 εἶναι
3534 5025 3630 5077 τὸν

2058 5104 2313 5172 Χριστόν.
2348 5106 2409 5158 Οί
2466 5105 2576 5176 γὰρ
2619 5108 2746 5176 περὶ
2784 5109 2852 5160 τὰ
2903 5109 3128 5163 τοιαῦτα
3173 5113 3494 5183 ἀστρολόγοι
3529 5117 3627 5168 o6-

2057 5195 2192 5245 τωσὶ
2229 5195 2498 5270 λέγουσιν,
2539 5197 2620 5249 ὅτι
2664 5199 2772 5259 πᾶς
2806 5197 3092 5268 ἄνθρωπος
3124 5202 3386 5272 κέκτηται
3415 5207 3629 5276 ἀστέρα

2057 5285 2147 5336 τὸν
2186 5285 2460 5355 μηνύοντα
2492 5287 2640 5355 αὐτῷ
2678 5288 2788 5339 πᾶν
2812 5288 2948 5354 ὅπερ
2985 5289 3050 5343 ἂν
3086 5291 3268 5359 μέλλει
3302 5294 3626 5363 συμϐαίνειν

2057 5377 2205 5445 αὐτῷ
2239 5375 2373 5445 παρ’
2399 5377 2528 5447 ὃλην
2555 5377 2721 5431 αὑτοῦ
2749 5381 2844 5449 τὴν
2875 5380 3042 5450 ζωήν.
3086 5381 3408 5452 Ἐξαιρέτως
3431 5385 3488 5438 δὲ
3508 5387 3622 5440 τῶν
