3970 6212
229 347 337 412 ΞΞΞ)

1185 337 1484 397 CONTRA
1527 328 2012 396 MAlIOMETEM
2046 327 2422 389 Al’ULOlilA
2467 324 2512 382 Ῐ.

3355 315 3464 382 430

227 465 410 518 ἄλλων
437 457 744 527 ἀνθρώπων
775 455 920 518 ἅπας
951 453 1204 523 βασιλεὺς
1227 453 1337 522 ἔχει
1364 451 1454 503 τον
1481 452 1611 501 ἴδιον
1641 445 1802 500 αὑτοῦ

1932 451 2200 498 'ersantur
2230 442 2511 507 astrologi,
2551 435 2679 489 talia
2710 432 2933 494 docent,
2963 430 3108 498 quod
3137 430 3332 499 singuli
3365 433 3470 484 ho-

225 553 461 622 ἀστέρα.
493 550 604 604 Καὶ
632 550 715 602 ὅτι
737 547 894 600 τοῦτό
921 546 1038 598 ἐστι
1065 545 1260 614 ψεῦδος
1288 547 1480 614 σαφὲς,
1509 543 1796 611 πρόδηλον.

241 646 400 698 Ἐπεὶ
427 643 482 696 δὲ
508 643 609 694 οὐκ
630 640 746 692 ἐστι
767 639 926 692 τοῦτο
955 637 1014 690 τδ
1045 637 1397 706 ζητούμενον,
1421 633 1800 687 ἀποδεικνύειν

227 736 332 804 τὴν
358 734 466 786 τῶν
489 731 832 800 ἀστρολόγων
855 727 1226 796 ψευδολογίαν,
1253 725 1621 793 παραιτητέον
1648 721 1798 774 αὐτό.

231 827 469 894 Ἴδωμεν
508 823 564 876 δὲ
623 824 752 890 περὶ
803 821 897 873 τοῦ
951 820 1210 887 φανέντος
1265 815 1516 886 ἀστέρος,
1565 814 1618 867 τί
1657 815 1805 866 δοκεῖ

227 912 378 968 εἶναι
415 915 564 968 αὑτό.
598 903 748 980 Ἀρά
779 913 924 963 ἐστιν
959 904 1040 972 εἷς
1076 911 1184 962 τῶν
1215 911 1271 960 ὲν
1302 909 1379 976 τῷ
1412 907 1626 976 οὐρανῷ
1655 906 1806 957 ἀστέ-

233 1024 388 1077 ρωνς
438 1005 577 1058 ’Δλλ’
627 1004 688 1055 οὐ
739 1004 884 1054 δοκεί
933 997 1285 1054 εἶναιτοῦτο.
1335 999 1556 1069 Πρῶτον
1593 997 1692 1065 μὲν
1725 995 1805 1047 ὃτι

232 1100 441 1154 πάντες
469 1097 520 1149 οἱ
555 1096 807 1162 ἀστέρες,
837 1093 972 1146 ἀλλά
1002 1094 1096 1145 καὶ
1137 1095 1164 1145 ὁ
1195 1093 1366 1162 ἥλιος,
1414 1093 1506 1143 xui
1538 1092 1570 1160 ἡ
1609 1088 1803 1157 σελήνη

231 1185 298 1248 ἐξ
316 1183 594 1236 ἀνατολῶν
636 1181 726 1234 ἐπὶ
768 1181 868 1250 τὴν
912 1181 1064 1233 δύσιν
1093 1181 1387 1244 κινοῦνται,
1412 1181 1439 1232 ὁ
1472 1179 1529 1230 δὲ
1570 1178 1679 1230 ἀπὸ
1706 1178 1807 1244 ἄρ-

230 1294 369 1329 κτου
405 1276 542 1344 πρὸς
578 1275 948 1344 μεσημϐρίαν.
1004 1275 1069 1326 'H
1103 1275 1209 1343 γὰρ
1237 1272 1346 1325 τῶν
1387 1270 1610 1340 Περσῶν
1653 1268 1808 1339 χώρα

232 1369 318 1426 εἰς
346 1367 418 1418 τά
446 1366 739 1417 ἀνατολικὰ
772 1365 916 1433 μέρη
953 1365 1288 1432 εὑρίσκεται,
1323 1367 1354 1434 ἡ
1390 1364 1446 1416 δὲ
1478 1360 1808 1428 Παλαιστίνη

235 1458 379 1521 πρὸς
412 1458 784 1526 μεσημϐρίαν,
831 1455 963 1508 ’ἔνθα
999 1457 1092 1508 καὶ
1130 1459 1162 1524 ἡ
1209 1457 1478 1524 Βηθλεέμ.
1517 1455 1639 1506 Ἔτι
1668 1456 1716 1504 εἰ
1743 1449 1810 1520 ἦν

234 1550 439 1620 ἀστὴρ,
505 1548 660 1599 οὐδὲν
715 1547 907 1614 ἔμελλε
958 1547 1227 1599 κινεῖσθαι
1283 1549 1664 1614 πορευομένων
1701 1545 1809 1596 τῶν

237 1639 472 1705 Μάγων,
510 1637 892 1689 καθευδόντων
919 1637 975 1689 δὲ
1007 1635 1163 1699 αὖθις
1195 1637 1448 1688 ἵστασθαι
1494 1635 1587 1688 καὶ
1626 1635 1806 1687 αὐτόν.

242 1726 365 1774 Ἔτι
408 1724 455 1774 εί
505 1719 573 1793 ἦν
617 1724 814 1791 ἀστὴρ,
863 1722 1012 1792 ἡλίου
1050 1724 1328 1791 φανέντος,
1361 1721 1812 1786 διασκεδασθῆναι

1913 536 2087 588 mines
2133 533 2321 585 stellas
2351 529 2590 582 habeant
2620 525 2862 594 singulas
2933 532 2987 577 et
3033 523 3356 590 peculiares,
3393 527 3474 575 l'u-

1856 651 1860 656 -
1913 637 2048 679 tura:
2081 625 2203 675 vitae
2227 637 2416 674 (mines
2447 633 2731 673 successus
2761 626 2815 669 et
2850 624 3079 668 exentus
3105 613 3208 666 sibi
3261 614 3476 666 denun-

1916 722 2142 775 tiantes,
2196 724 2249 768 et
2303 711 2450 780 quod
2492 707 2744 777 inprimis
2774 707 3006 774 quisque
3045 719 3232 773 regum
3263 704 3473 756 stellam

1907 806 2016 866 sibi
2049 805 2326 874 propriam
2352 801 2612 854 vindicet.
2646 798 2938 851 Haecenim
2964 796 3097 849 falsa
3135 812 3274 856 esse,
3304 797 3478 848 mani-

1915 896 2210 949 festissime
2262 901 2495 945 constat.
2555 889 2657 943 Sed
2695 889 2821 957 quia
2874 888 3046 940 nostri
3096 887 3328 940 insiituti
3368 904 3475 940 non

1913 997 2018 1049 est,
2036 985 2431 1052 astrologorum
2479 982 2770 1032 vanitatem
2797 978 3141 1039 Convincere,
3161 979 3478 1031 omittemus

1916 1080 2047 1142 hoc;
2089 1092 2232 1129 nunc
2263 1091 2393 1128 vero
2424 1073 2490 1126 de
2523 1073 2700 1134 stella,
2737 1087 2857 1140 qua:
2895 1081 3022 1133 tunc
3047 1070 3319 1138 apparuit,
3351 1086 3479 1138 qua-

1915 1170 1984 1223 lis
2017 1180 2072 1222 et
2103 1182 2350 1236 quaenam
2389 1165 2478 1217 illa
2533 1164 2724 1225 tuerit,
2776 1162 3081 1214 videamus.
3110 1162 3260 1224 Quod
3295 1170 3477 1213 autem

1918 1277 2024 1315 una
2061 1260 2349 1313 stellarum
2393 1256 2560 1309 fuerit
2591 1255 2919 1316 cmlestium,
2952 1269 3060 1305 non
3093 1253 3372 1322 probabile
3405 1251 3480 1303 vi-

1917 1351 2100 1405 detur.
2134 1349 2319 1402 Primo
2349 1345 2594 1414 quidem,
2627 1343 2772 1412 quod
2801 1358 2992 1396 omnes
3017 1342 3185 1394 stella:
3220 1357 3324 1393 una
3356 1357 3481 1394 cum

1918 1445 2032 1500 sole
2063 1453 2118 1496 et
2144 1444 2273 1495 luna
2300 1456 2365 1492 ex
2397 1441 2609 1492 oriente
2640 1446 2932 1489 moventur
2965 1436 3018 1487 in
3051 1449 3338 1496 occasum;
3370 1435 3484 1487 hmo

1918 1551 2053 1589 vero
2104 1550 2169 1586 ex
2223 1531 2597 1600 septentrione
2653 1531 2707 1582 in
2757 1528 3040 1581 meridiem
3081 1537 3285 1580 motum
3323 1544 3482 1580 suum

1921 1624 2226 1680 inclinavit.
2281 1623 2566 1676 Persarum
2602 1621 2746 1673 enim
2795 1620 2944 1685 regio
2976 1620 3039 1672 ad
3075 1620 3346 1673 orientem
3383 1621 3485 1673 sita

1921 1731 2026 1781 est,
2057 1715 2342 1770 Palaestina
2370 1723 2551 1768 autem
2584 1712 2649 1764 ad
2682 1711 2986 1772 meridiem,
3020 1711 3073 1762 in
3097 1727 3200 1778 qua
3231 1721 3284 1763 ct
3327 1709 3488 1764 Beth-

238 1818 330 1866 καὶ
364 1815 640 1882 κρυϐῆναι
666 1813 858 1881 ἔμελλε
894 1814 957 1864 τὸ
993 1814 1104 1881 φῶς
1141 1813 1327 1867 αὑτοῦ.
1370 1814 1521 1865 Ἐπεὶ
1567 1814 1624 1864 δὲ
1671 1811 1811 1882 λάμ-

1937 1825 2054 1863 eem
2086 1818 2186 1862 est.
2229 1807 2500 1861 Prmtcrea
2549 1806 2592 1859 si
2640 1805 2796 1858 stella
2853 1815 2991 1867 erat,
3042 1820 3148 1857 non
3195 1814 3342 1859 certe
3379 1822 3484 1859 una

242 1921 436 1966 ποντος
475 1904 572 1956 ’τόῦ
611 1903 763 1973 ἡλίου
813 1904 982 1973 μέσης
1027 1905 1237 1972 ἡμέρας
1284 1904 1504 1972 ἔφαινεν
1538 1904 1678 1974 ὑπὲρ
1724 1906 1814 1954 τὸν

241 1997 411 2064 ἥλιον,
445 1995 574 2047 οὐδὲ
621 1995 730 2063 γάρ
773 1995 1003 2064 ἠδύνατο
1051 1997 1077 2046 ὁ
1115 1995 1269 2064 ἥλιος
1308 1994 1690 2062 κατακαλύψαι
1723 1993 1816 2046 xui.

239 2087 450 2157 κρύξαι
493 2088 556 2137 τὸ
585 2086 704 2154 φῶς
754 2087 953 2148 έκεῖνο,
993 2085 1261 2154 πρόδηλον
1286 2085 1367 2137 ὃτι
1392 2085 1490 2136 οὐκ
1525 2073 1592 2154 ῆν
1619 2084 1811 2152 ἀστήρ.

242 2181 368 2231 Ἐτι
402 2182 450 2232 εἰ
481 2174 552 2249 ἧν
580 2177 779 2248 ἀστὴρ,
821 2179 938 2238 πῶς
971 2178 1195 2246 ἔμελλον
1247 2177 1534 2244 γνωρίζειν
1565 2179 1612 2228 ei
1639 2176 1819 2242 Μάγοι

245 2274 354 2325 ἀπὸ
385 2272 479 2324 τοῦ
511 2272 941 2341 ὐπερὸάλλοντος
971 2269 1140 2337 ὕψους
1164 2270 1223 2322 τὸ
1258 2270 1452 2338 μικρὸν
1479 2270 1572 2320 xui
1605 2266 1820 2327 εὐτελὲς

254 2366 492 2431 οἴκημα,
540 2365 606 2425 ὲν,
644 2357 688 2430 ᾧ
737 2363 1029 2431 εὑρίσκετο
1061 2364 1087 2413 ὁ
1121 2361 1390 2429 Χριστὸςς
1439 2361 1579 2412 Ἀλλ’
1611 2361 1709 2411 οὐκ
1754 2354 1820 2428 ῆν

262 2453 462 2520 ἀστὴρ,
523 2452 691 2513 καθὼς
763 2455 827 2504 ἐκ
903 2452 1016 2504 τῶν
1071 2451 1378 2518 λεγομένων
1443 2449 1817 2516 ἀναφαίνεται.

261 2544 396 2596 Θεία
421 2544 478 2595 δέ
501 2560 578 2606 τις
600 2543 829 2612 δύναμις
865 2539 933 2614 ἦν
957 2546 990 2610 ὴ
1013 2542 1241 2604 τούτους
1264 2541 1557 2611 δδηγοῦσα.
1587 2541 1708 2610 ἥτις
1730 2542 1823 2592 καὶ
1863 2543 1868 2548 ”

258 2639 554 2706 πρόσγε;ος
586 2637 859 2702 ἐφαίνετο,
912 2638 1007 2688 καὶ
1040 2637 1229 2705 ὥσπερ
1273 2639 1329 2688 ὲν
1373 2637 1436 2703 τῇ
1480 2635 1668 2702 ἐρήμῳ
1699 2633 1824 2693 τοὺς

258 2728 560 2799 Ἐὕραίους
602 2730 804 2797 ιὶὸηγεῖ
843 2731 870 2780 ὁ
926 2728 1020 2780 τοῦ
1073 2730 1244 2796 πυρὸς
1304 2727 1518 2788 στῦλος,
1551 2724 1693 2776 οὕτω
1730 2724 1825 2776 καὶ

247 2817 343 2867 νῦν
375 2816 510 2876 τοὺς
543 2816 606 2866 ἐκ
641 2814 893 2883 Περσίδος
935 2815 1158 2880 Μάγους
1190 2815 1216 2864 ό
1247 2813 1598 2881 νομιζόμενος
1625 2812 1822 2878 ἀστήρ.

251 2907 635 2962 Καὶᾶὲποίει
675 2907 798 2958 τότε
850 2907 1130 2974 θαυμάσια
1181 2907 1280 2957 καῖ
1311 2905 1573 2973 τεράστια
1619 2907 1644 2954 ὀ
1693 2903 1823 2965 Θεὸς

253 3002 342 3052 ἐπὶ
362 3001 444 3066 τῷ
472 3001 626 3065 γένει
657 2999 764 3050 τῶν
799 2997 1088 3066 Ἐϐραίων,
1120 2995 1556 3068 πολλαπλασίονα
1579 2996 1824 3062 ἐγένοντο

1916 1916 2039 1953 cum
2079 1898 2249 1966 Magis
2285 1896 2762 1965 proﬁciscentibus
2792 1895 3022 1956 moveri,
3054 1905 3104 1947 et
3133 1896 3325 1949 iisdem
3362 1896 3490 1949 dor-

1918 1990 2244 2043 mitantibus
2291 1988 2597 2041 consistere
2631 1988 2743 2039 visa
2774 1986 2990 2039 fuisset.
3023 1987 3160 2040 Tum
3194 1988 3238 2040 si
3273 1988 3486 2041 stellam

1919 2094 2225 2147 dixerimus
2275 2092 2468 2151 fuisse,
2509 2091 2776 2159 fulgorem
2829 2091 2980 2144 illius
3036 2100 3257 2158 propter
3307 2093 3489 2145 radios

1918 2187 2127 2240 solares
2154 2185 2433 2252 disparcre
2462 2194 2519 2237 et
2550 2182 2834 2237 obscurari
2861 2184 3168 2250 oportebat.
3195 2183 3332 2237 Cum
3359 2201 3490 2238 vero

1921 2278 1973 2330 in
2008 2277 2237 2330 meridie
2273 2278 2433 2330 etiam
2467 2289 2572 2328 una
2609 2290 2733 2327 cum
2782 2276 2894 2328 sole
2943 2274 3293 2340 Splendorem
3327 2292 3488 2329 suum

1922 2369 2215 2422 retinuerit
2236 2369 2363 2432 (non
2387 2367 2532 2420 enim
2548 2366 2615 2420 ab
2639 2367 2743 2418 hoc
2776 2367 2953 2435 potuit
2968 2367 3296 2434 obscurarii,
3317 2371 3493 2421 mani-

1925 2460 2122 2512 festum
2172 2467 2256 2511 est
2290 2458 2506 2511 stellam
2542 2474 2650 2510 non
2693 2457 2886 2511 fuisse.
2920 2459 3228 2518 Postremo.
3261 2461 3305 2512 si
3338 2461 3493 2514 stella

1926 2549 2030 2602 fuit
2067 2550 2332 2606 cmlestis.
2383 2563 2618 2616 quanam
2673 2549 2885 2602 ratione
2936 2550 3081 2603 illius
3106 2551 3307 2604 indicio
3357 2552 3490 2619 Magi

1924 2656 2150 2709 parvum
2198 2640 2330 2693 illud
2380 2649 2436 2693 et
2479 2641 2586 2694 vile
2628 2641 2930 2710 tugurium,
2981 2643 3032 2694 in
3088 2659 3196 2710 quo
3243 2644 3496 2698 Christus

1926 2743 2064 2796 erat,
2115 2748 2211 2800 per
2260 2731 2585 2785 immensam
2626 2731 2770 2784 illam
2817 2732 3120 2786 caelestium
3162 2736 3376 2788 orbium
3428 2739 3495 2789 ah

1930 2822 2034 2875 hoc.
2085 2821 2429 2874 altitudinem
2485 2835 2820 2890 cognoscere
2869 2825 3197 2890 potuerunt?
3228 2826 3304 2878 Ex
3361 2843 3499 2894 pra:-

1932 2912 2095 2966 dictis
2132 2912 2298 2980 igitur
2327 2912 2716 2984 patet_stellam
2747 2927 2855 2964 non
2887 2913 3077 2967 fuisse.
3107 2915 3292 2968 Virtus
3316 2929 3494 2969 autem

1936 3003 2182 3073 qumdam
2219 3003 2403 3056 divina
2443 3002 2565 3065 fuit,
2616 3019 2777 3071 quam
2822 3003 3034 3057 itineris
3063 3005 3254 3058 ducem
3296 3008 3498 3061 hahue-
3560 3050 3562 3053 .

256 3089 347 3140 ἔπι
374 3091 444 3139 τὰ
483 3086 637 3151 ἔθνη.
682 3085 811 3136 Ἰδοὺ
839 3085 967 3151 γοῦν
996 3085 1200 3153 πρῶτοι
1242 3086 1347 3134 τῶν
1379 3082 1546 3134 ὲθνῶν
1586 3099 1825 3150 προσκυ-

1936 3101 2084 3156 runt,
2121 3110 2239 3161 quae
2284 3094 2446 3146 etiam
2491 3107 2652 3147 terra:
2688 3094 3049 3162 propinquior
3087 3098 3400 3164 apparebat.
3435 3101 3499 3153 Et

258 3181 423 3248 νηταὶ
451 3180 503 3230 0!
540 3179 723 3244 Μάγοι
765 3177 1173 3244 ἀναφαίνονται.
1211 3175 1598 3244 Στηριχθέντος
1643 3173 1699 3225 δὲ
1736 3173 1825 3224 τοῦ

260 3271 513 3339 ἀστέρος,
560 3268 637 3330 ὡς
667 3269 905 3338 εἴρηται,
941 3266 1126 3319 ἐπάνω
1158 3261 1220 3319 οὗ
1250 3262 1319 3334 ἦν
1355 3266 1416 3317 τὸ
1451 3265 1683 3327 παιδίον,
1717 3266 1830 3316 εἰσ-

256 3362 422 3429 ἦλθον
451 3362 501 3411 οἱ
529 3360 733 3426 Μάγοι,
761 3362 856 3410 xui
890 3359 1141 3428 εὑρόντες
1177 3357 1270 3409 τὸν
1298 3359 1532 3426 Χριστὸν
1567 3357 1704 3424 μετὰ
1732 3358 1830 3423 τῆς

257 3451 427 3516 ἁγίας
457 3449 629 3501 αὐτοῦ
666 3449 891 3518 μητρὸς,
921 3447 1333 3515 προσεκύνησαν
1364 3446 1531 3514 αὐτῷ,
1574 3445 1831 3512 φέροντες

252 3541 436 3608 δῶρα,
470 3540 672 3609 χρυσὸν
705 3543 800 3592 καὶ
850 3539 1062 3590 λίϐανον
1109 3539 1200 3590 xui
1249 3538 1513 3606 σμύρναν.
1568 3536 1832 3604 Ιίροσεξον

254 3634 420 3700 γοῦν,
455 3633 579 3684 τίνα
614 3632 898 3684 κοινωνίαν
932 3631 1111 3699 έχουσι
1143 3632 1208 3682 τὰ
1241 3631 1388 3699 δῶρα
1424 3631 1560 3698 πρὸς
1604 3629 1830 3696 ἄλληλα.

253 3724 496 3783 Πάντως
530 3722 669 3774 κατὰ
699 3723 800 3790 μὲν
827 3723 887 3772 τὸ
931 3721 1252 3789 φαινόμενον
1298 3721 1575 3789 οὐδεμίαν,
1610 3725 1748 3771 κατὰ
1777 3717 1833 3770 δὲ

253 3816 324 3866 τὸ
357 3812 661 3880 νοούμενον
711 3812 915 3881 πολλὴν
975 3815 1070 3863 καὶ
1133 3811 1393 3881 μεγάλην.
1463 3812 1552 3872 Ὠς
1589 3813 1685 3880 μὲν
1726 3811 1834 3878 γάρ

260 3908 504 3976 βασιλεῖ,
543 3911 926 3973 προσήνεγκαν
970 3905 1202 3973 χρυσόν·
1258 3903 1334 3965 ὡς
1376 3904 1432 3956 δὲ
1468 3905 1668 3973 θνητῷ,
1711 3904 1833 3954 ἐπεὶ

258 3999 557 4067 ἄνθρωπος
597 3992 685 4066 ῆν,
722 3995 992 4062 σμύρναν,
1023 3993 1164 4045 οὓτω
1197 3993 1293 4044 καὶ
1327 3994 1436 4062 γὰρ
1483 3989 1551 4062 ῆν
1603 3993 1834 4062 σύνηθες

261 4088 624 4156 ἐνταφιάζειν
669 4090 781 4148 τοῖς
841 4086 1147 4148 Ἰουδαίοις·
1201 4086 1274 4145 ὡς
1308 4086 1366 4138 δὲ
1407 4085 1544 4152 θεῷ,
1596 4086 1832 4149 λίϐανον,

264 4181 416 4232 οὔτω
451 4178 562 4246 γάρ
599 4173 667 4245 ῆν
700 4177 796 4228 xui.
822 4177 951 4245 περὶ
981 4175 1076 4226 τοῦ
1110 4175 1244 4226 Θεοῦ
1275 4177 1607 4240 τεταγμένον
1638 4175 1837 4243 θυμιᾷν

266 4270 600 4322 λιὸανωτόν.
643 4269 805 4337 Ὁρᾷς
861 4268 1006 4328 ὅπως
1064 4267 1159 4318 xui
1206 4268 1361 4318 αὐτοὶ
1415 4267 1464 4317 οἱ
1515 4266 1696 4331 Μάγοι
1748 4268 1839 4316 τὸν

268 4358 511 4428 Χριστὸν
539 4355 672 4407 Θεὸν
708 4357 802 4406 xui
835 4354 1122 4423 ἄνθρωπον
1145 4355 1539 4422 ὡμολόγησαν;
1591 4354 1745 4405 Μετὰ
1783 4354 1840 4405 δὲ

1936 3183 2399 3252 quemadmodum
2457 3183 2713 3237 llebra'os
2771 3200 2867 3253 per
2915 3186 3193 3240 desertum
3246 3189 3500 3244 columna

1936 3273 2175 3327 ducebat
2228 3273 2420 3341 ignea,
2489 3273 2561 3326 ita
2611 3274 2776 3327 etiam
2817 3275 3108 3329 Persarum
3145 3278 3329 3347 Magos
3375 3282 3497 3342 hoe,

1935 3367 2080 3435 quod
2137 3367 2268 3434 ipsis
2321 3366 2475 3418 sidus
2523 3381 2644 3419 esse
2697 3365 3005 3431 videbatur,
3059 3369 3198 3421 viam
3237 3387 3502 3438 prauum)-

1938 3457 2149 3510 stravit.
2197 3455 2300 3508 Sed
2334 3464 2389 3507 et
2428 3455 2565 3522 ipsa,
2618 3471 2738 3522 qua!
2789 3465 2916 3508 tunc
2971 3457 3110 3509 Deus
3151 3458 3498 3512 Hebraeorum

1939 3546 2083 3615 genti
2136 3545 2386 3598 exhibuit
2418 3545 2698 3597 .miracula
2734 3555 2788 3597 et
2821 3546 3088 3614 prodigia.
3139 3549 3294 3614 plura
3330 3553 3501 3604 multo

1940 3635 2194 3705 gentibus
2213 3635 2582 3702 contigerunt.
2605 3633 2772 3686 Primi
2794 3636 2936 3687 enim
2952 3651 3016 3688 ex
3030 3637 3286 3704 gentibus
3298 3638 3500 3693 Christi

1941 3727 2259 3780 adoratores
2308 3725 2445 3795 Magi
2489 3726 2730 3779 fuerunt.
2787 3726 2952 3780 Stella
3006 3727 3174 3790 enim,
3230 3739 3288 3782 ut
3341 3731 3502 3784 modo

1943 3819 2149 3873 dictum
2176 3826 2280 3881 est,
2315 3817 2537 3869 imnrota
2570 3812 3090 3883 consistente'supra
3115 3818 3294 3872 locum
3323 3820 3373 3872 in
3398 3837 3504 3888 quo

1943 3915 2061 3961 erat
2094 3921 2250 3975 puer,
2299 3905 2436 3972 Magi
2483 3905 2713 3974 ingressi
2755 3913 2902 3968 sunt,
2941 3913 2995 3958 et
3032 3907 3311 3960 inventum
3343 3910 3503 3963 Chri—

1945 4008 2089 4051 stum
2125 4013 2248 4050 cum
2283 3997 2405 4049 diva
2446 4005 2620 4048 matre
2648 3997 2766 4065 ejus
2797 3995 3188 4060 adoraverunt,
3217 4001 3506 4054 otlerentes

1947 4102 2196 4150 munera,
2225 4101 2444 4149 aurum,
2473 4085 2597 4137 thus
2617 4094 2672 4138 et
2696 4085 2994 4154 myrrham.
3018 4086 3312 4140 Considera
3342 4104 3506 4151 nunc,

1947 4193 2068 4247 quat
2099 4177 2170 4231 sit
2211 4190 2494 4228 munerum
2525 4175 2667 4228 inter
2701 4189 2820 4226 sese
2852 4177 3202 4239 communio,
3231 4193 3351 4243 quae
3390 4178 3510 4245 qui-

1947 4268 2094 4329 dem,
2125 4264 2269 4333 quod
2311 4265 2549 4331 speciem
2586 4272 2868 4316 externam
2904 4266 3119 4328 attinet,
3168 4266 3316 4319 nulla
3353 4285 3509 4334 pior-

1948 4373 2043 4411 sus
2099 4364 2202 4421 est,
2257 4357 2349 4408 sed
2399 4355 2544 4422 quod
2599 4355 2665 4407 ad
2713 4370 2957 4417 sensum,
3016 4373 3206 4424 magna
3254 4368 3508 4412 etareta.

270 4450 367 4516 τὴν
412 4447 524 4500 τῶν
581 4445 790 4512 Μάγων
841 4445 1208 4513 προσκύνησιν
1266 4445 1478 4506 σταλεὶς
1524 4447 1673 4513 παρὰ
1707 4443 1826 4495 Θεοῐ

1947 4448 2156 4503 Aurum
2203 4447 2348 4498 enim
2403 4455 2662 4512 tanquam
2696 4446 2808 4512 regi
2843 4444 3194 4512 obtulerunt;
3234 4464 3331 4502 ceu
3367 4465 3510 4501 mor-
3564 4508 3576 4518 _

267 4540 509 4607 ἄγγελος
547 4533 666 4590 εἷπε
699 4537 835 4607 πρὸς
869 4537 1085 4597 αὐτοὺς,
1119 4537 1204 4587 ἵνα
1253 4535 1450 4605 μηκέτι
1489 4536 1623 4605 πρὸς
1667 4535 1840 4603 Ἠρώ-

259 4635 365 4704 δην
404 4629 795 4698 άνακάμψωσι,
853 4629 947 4680 xui
997 4628 1065 4680 δι’
1103 4628 1268 4697 ἄλλης
1319 4627 1440 4679 ὁδοῦ
1489 4628 1842 4697 ἀνεχώρησαν

262 4729 350 4786 εἰς
379 4723 484 4792 τὴν
533 4724 715 4790 χώραν
745 4719 946 4772 αὐτῶν.
988 4719 1249 4786 Ἀγγελος
1280 4716 1335 4768 δὲ
1384 4716 1554 4768 ἐλθὼν
1585 4717 1730 4782 λέγει
1769 4716 1844 4784 τῷ

281 4817 513 4884 Ἰωσὴφ,
556 4833 574 4864 ι
617 4812 901 4882 ΙΙαράλαὸε
925 4813 985 4864 τὸ
1012 4812 1220 4863 παιδίον
1247 4811 1338 4862 xui
1368 4810 1466 4878 τὴν
1511 4811 1722 4877 μητέρα
1751 4808 1846 4858 αὑ-

265 4906 394 4970 τοῦ,
430 4905 786 4974 καὶζπορεύου
821 4907 898 4965 εἰς
921 4905 1220 4971 Αιγυπτονο
1253 4900 1438 4968 μέλλει
1464 4900 1569 4967 γὰρ
1596 4902 1622 4949 ὁ
1668 4896 1846 4966 Ἡρώ-

268 5001 372 5066 δης
407 4999 594 5064 ζητεῖν
633 4995 732 5065 τῆν
760 4995 938 5063 ψυχὴν
982 4995 1078 5046 τοῦ
1133 4991 1366 5045 παιδίου.
1413 5009 1432 5040 ι
1471 4991 1580 5042 Καὶ
1609 4989 1850 5057 ἀπῆλθεν

270 5092 423 5141 ἐκεῖ.
467 5087 600 5138 Τότε
635 5086 928 5153 ἐπληρώθη
975 5086 1034 5136 τὸ
1065 5083 1230 5154 ῥηθὲν
1273 5083 1376 5134 ὑπὸ
1411 5080 1504 5132 τοῦ
1544 5082 1848 5150 προφήτου,

225 5241 236 5250 ,
277 5197 300 5231 ι
347 5179 446 5241 Ἐξ
472 5176 749 5243 Αἰγύπτου
780 5176 1017 5228 ἐκάλεσα
1044 5174 1136 5227 τὸν
1159 5175 1274 5225 υἱόν
1305 5191 1430 5242 μου.
1463 5189 1481 5222 ι
1509 5173 1641 5223 Τότε
1677 5169 1852 5239 Ἠρώ-

273 5273 371 5340 Sq;
411 5267 536 5321 ἰδὼν
565 5269 646 5319 ὅτι
689 5266 982 5333 ἐνεπαίχθη
1034 5267 1138 5316 ὑπὸ
1171 5266 1278 5316 τῶν
1323 5265 1554 5326 Μάγων,
1591 5261 1848 5329 ἐθυμώθη

273 5361 423 5421 λίαν,
465 5358 558 5408 xui
587 5354 946 5417 ἀποστείλας,
991 5354 1169 5404 ἀνεῖλε
1204 5353 1410 5413 πάντας
1443 5351 1570 5412 τοὺς
1607 5351 1663 5401 ὲν
1695 5348 1845 5417 Βηθ-

273 5451 416 5516 Αεὲμ
456 5446 671 5507 παῖδας.
698 5445 806 5497 ἀπὸ
836 5443 1045 5505 διετοῦς
1095 5443 1188 5493 xui.
1218 5443 1514 5509 κατωτέρω
1547 5441 1712 5510 μέχρι
1752 5439 1848 5492 καὶ

273 5538 542 5609 χιλιάδων
576 5533 806 5588 πολλῶν.
836 5535 902 5586 Τί
923 5533 1114 5598 route;
1149 5533 1370 5602 Πρῶτον
1405 5531 1506 5599 μὲν
1531 5531 1617 5583 ἵνα
1649 5529 1849 5601 φαίνη-
1875 5605 1884 5612 _

348 5701 398 5733 “
432 5697 621 5752 Matth.
644 5714 703 5766 II,
739 5698 822 5765 t3,
865 5698 948 5750 l4.

1951 4540 2065 4600 tali.
2105 4537 2232 4607 quia
2262 4537 2426 4590 homo
2452 4546 2591 4600 erat,
2626 4537 2923 4605 myrrham.
2963 4537 3112 4590 Hanc
3142 4537 3194 4590 in
3227 4542 3512 4607 sepultura

1953 4641 2295 4681 mortuorum
2331 4625 2596 4679 adhibere
2635 4625 2878 4679 llebrmis
2917 4627 2970 4678 in
3008 4642 3155 4680 more
3181 4641 3318 4681 erat.
3362 4628 3514 4682 Thus

1953 4727 2134 4771 autem
2187 4732 2286 4770 ceu
2337 4716 2451 4768 Deo
2485 4717 2745 4779 otferunt,
2796 4715 2907 4769 Deo
2948 4717 3095 4769 enim
3130 4717 3288 4770 thure
3337 4719 3482 4770 sacri

1955 4808 2119 4861 ﬁcare
2153 4815 2420 4858 statutum
2454 4816 2508 4858 et
2538 4807 2786 4858 solemne
2822 4813 2959 4857 erat.
2996 4806 3147 4859 Unde
3188 4806 3341 4858 vides
3378 4823 3506 4874 quo-

1956 4898 2118 4951 modo
2140 4897 2276 4965 Magi
2308 4913 2527 4965 quoque
2555 4895 2854 4957 Christum,
2883 4903 2938 4948 et
2968 4895 3134 4947 Deum
3154 4905 3209 4947 et
3236 4897 3512 4949 hominem

1957 5005 2080 5044 esse
2114 4989 2350 5043 confessi
2381 4990 2509 5042 sint.
2547 4988 2815 5042 Cazterum
2852 4998 2974 5056 post
3004 4989 3281 5058 Magorum
3315 4991 3514 5042 adora-

1962 5079 2165 5132 tionem
2218 5079 2418 5130 missus
2451 5078 2519 5129 ad
2567 5091 2662 5129 eos
2711 5077 2805 5128 Dei
2857 5077 3082 5144 angelus
3131 5079 3409 5145 praecepit,
3449 5095 3517 5135 ne

1961 5183 2152 5221 rursus
2178 5166 2244 5219 ad
2275 5167 2543 5218 Herodem
2573 5165 2833 5229 redirent,
2868 5181 3037 5233 quare
3063 5181 3162 5234 per
3186 5166 3351 5220 aliam
3378 5168 3518 5219 viam

1960 5261 2213 5314 abierunt
2235 5259 2288 5311 in
2314 5259 2592 5325 regionem
2618 5272 2792 5309 suam.
2816 5260 3053 5326 Angelus
3066 5271 3246 5312 autem
3269 5259 3515 5317 veniens,

1958 5352 2098 5405 dixit
2118 5350 2221 5419 ipsi
2241 5349 2441 5416 Joseph
2467 5365 2478 5399 :
2510 5347 2769 5400 «Assumo
2789 5365 3017 5415 puerum
3043 5359 3099 5403 et
3121 5361 3347 5402 matrem
3375 5350 3514 5416 ejus.

1957 5451 2014 5497 et
2043 5443 2128 5496 abi
2180 5443 2234 5494 in
2269 5438 2581 5509 .Egyptum.
2623 5436 2866 5494 Herodes
2891 5441 3034 5493 enim
3066 5440 3392 5508 quaesituros
3436 5446 3521 5490 ist

1959 5533 2194 5604 animam
2214 5528 2471 5599 pucri‘h
2500 5526 2564 5581 Et
2582 5528 3128 5583 secessitillue.Tunc
3145 5527 3424 5596 impletum
3439 5537 3522 5578 est
