3970 6212
419 278 522 345 431

1617 270 1938 333 JOANNIS
1977 265 2496 329 CANTACUZENI

3559 259 3668 323 432

421 387 556 446 illud
589 389 874 460 pr0pheta:
900 382 1247 447 vaticinium,
1294 400 1310 433 ι
1346 381 1425 436 Ex
1452 379 1684 458 Λεωνιδιο
1717 378 1904 434 vocavi
1943 378 2000 429 li-

2114 394 2213 442 rat,
2247 377 2328 429 ὅτι
2361 380 2387 429 6
2431 374 2716 444 γεννηθείς
2763 375 2880 433 ἐστι
2909 375 3006 444 μὲν
3040 375 3192 438 Θεὸς,
3243 375 3424 440 καθὼς
3451 379 3503 429 οἱ
3534 395 3674 448 προ-

422 483 558 538 lium
588 479 842 534 meum“.
877 496 894 529 ι
929 475 1171 530 Herodes
1200 483 1385 528 autent
1415 473 1609 527 videns
1643 473 1746 526 sibi
1774 472 1992 524 illusum

427 589 549 628 esse
585 589 613 626 a
645 570 833 639 Magis,
883 566 1199 636 indignatus
1238 576 1324 618 ost
1371 564 1547 620 valde.
1601 574 1653 617 et
1687 563 1868 616 missis
1913 577 1998 615 sa-

431 663 694 717 tellitibus
717 655 1202 711 interlecitrnnnes
1225 651 1490 721 puerosin
1512 650 1810 709 Bethleem,
1838 658 1999 717 quot-

425 760 558 820 quot
587 759 746 801 erant
787 744 978 798 bimuli
1017 755 1072 796 et
1118 742 1365 794 minores
1402 751 1553 803 natu,
1583 749 1638 792 et
1664 743 1858 792 horum
1896 739 1998 791 ali~

425 851 560 910 quot
605 839 794 890 millia.
837 836 943 890 Sed
976 834 1099 904 quis
1149 833 1342 886 hormn
1385 830 1618 886 sensus?
1662 830 1845 882 Primo
1882 827 2000 899 qui-

424 935 548 987 dem
585 939 642 983 ut
677 935 971 998 appareret
1010 927 1164 979 illum
1199 925 1291 992 qui
1324 934 1486 976 natus
1509 931 1625 974 erat
1659 922 1827 974 Deum
1855 935 1996 984 esse,

425 1018 892 1092 quemadmodum
920 1016 1202 1087 propheta:
1220 1015 1710 1067 annumiaverunt.
1727 1011 2000 1062 Praeterea

425 1126 609 1166 autem
641 1121 695 1165 et
728 1111 892 1163 homo
919 1117 1009 1162 cst-
1037 1123 1222 1169 verus,
1262 1122 1370 1157 non
1405 1103 1708 1158 secundum
1740 1099 2003 1170 imagina.

428 1209 657 1265 tionem,
703 1213 763 1256 ut
821 1201 1070 1254 nonnulli
1113 1201 1443 1253 docuerunt.
1480 1195 1736 1250 Secundo
1767 1207 1899 1248 vero
1941 1197 2001 1244 ut

429 1305 720 1366 appareret
745 1294 876 1346 hinc
895 1291 1145 1344 Jt’l‘Clllliﬂ
1170 1289 1477 1358 prophetia.
1503 1304 1624 1357 (tua:
1650 1286 1813 1340 dicit:
1846 1303 1863 1334 ι
1884 1285 2000 1338 Vox

427 1393 481 1444 in
519 1390 691 1442 ltama
737 1384 923 1437 audita
957 1393 1062 1445 est,
1096 1381 1440 1442 lamentatio,
1472 1380 1723 1447 ploratus
1751 1389 1806 1432 ct
1839 1377 2000 1432 ﬂetus

431 1481 656 1533 multus.
689 1475 893 1530 Rachel
927 1474 1145 1542 plorans
1174 1473 1376 1524 liberos
1408 1486 1555 1529 suos,
1587 1480 1643 1522 et
1676 1469 1850 1522 noluit
1875 1484 2005 1522 con-

430 1571 622 1632 solari,
664 1577 956 1637 propterea
1009 1564 1152 1633 quod
1204 1580 1311 1616 non
1351 1562 1696 1630 supersint“.
1736 1579 1752 1611 ι
1791 1560 1998 1624 Tertio,

430 1664 577 1732 quod
607 1677 717 1714 non
749 1660 814 1712 de
844 1657 1046 1711 Christi
1081 1665 1295 1708 tantum
1335 1641 1689 1721 generatione
1722 1652 2004 1720 propheta:

348 1789 358 1800 ο
433 1755 814 1825 przedixcrint,
843 1765 1034 1802 verum
1061 1750 1223 1800 etiam
1244 1748 1310 1798 de
1339 1747 1520 1798 multis
1547 1745 1682 1797 locis
1711 1752 1766 1797 ct
1787 1743 2009 1796 demon-

432 1845 807 1899 strationibus.
834 1843 1028 1909 partim
1051 1840 1267 1908 quidem
1292 1847 1514 1905 propter
1535 1837 1830 1887 multorum
1855 1834 2008 1890 inlir-

433 1937 704 1997 initatent,
734 1945 792 1986 ut
817 1931 1154 1985 his-ducibus
1178 1931 1229 1980 in
1253 1931 1536 1981 veritatem
1557 1928 2008 1995 perducerentur;

434 2028 630 2097 partim
648 2042 799 2090 vero,
823 2034 878 2078 ut
897 2023 1185 2091 impiorum
1202 2021 1353 2072 obtut
1369 2030 1522 2072 arent
1542 2035 1636 2072 ora
1650 2036 1732 2082 ,ue
1749 2018 1854 2070 illis
1872 2017 2012 2069 veri-

434 2132 596 2173 tatem
619 2115 970 2186 impugnandi
992 2113 1384 2168 essetocrasio.
1401 2114 1753 2178 .Quzecunque
1775 2111 1920 2163 enim
1945 2115 2010 2160 de

433 2213 653 2265 Christo
676 2210 924 2261 autdicla
944 2208 1356 2275 autfactalsunt,
1386 2204 1694 2272 inaliquam
1730 2201 2008 2255 hominum

439 2304 733 2356 utilitatem
752 2297 1222 2352 cedunt.0bserva
1245 2298 1504 2364 ilaque,et
1525 2294 1850 2362 comperies,
1865 2295 2009 2362 quod

436 2396 620 2451 omnia
650 2409 771 2462 qua:
805 2391 892 2446 vel
921 2392 1067 2444 dicta
1094 2389 1178 2442 vel
1209 2389 1350 2441 laeta
1384 2396 1514 2441 sunt
1544 2387 1610 2440 ab
1639 2382 1808 2440 Adam
1838 2401 2010 2454 usque

439 2491 504 2541 ad
534 2487 860 2540 hodiernum
889 2495 1126 2551 tempus,
1151 2481 1206 2534 in
1235 2481 1456 2535 Christo
1485 2480 1704 2533 demum
1737 2479 2010 2533 declarata

439 2590 567 2633 sunt
598 2588 654 2632 et
686 2575 981 2644 completa,
1023 2573 1169 2642 quod
1207 2571 1262 2624 in
1300 2572 1408 2625 alio
1443 2585 1715 2639 quoquam
1750 2569 1867 2623 ﬁeri
1902 2583 2010 2620 non

440 2681 672 2744 poterat.
707 2673 886 2736 Quare
913 2679 970 2723 et
1000 2669 1103 2722 hoc
1135 2667 1462 2735 completur,
1496 2684 1513 2715 ι
1546 2665 1624 2717 Ex
1655 2664 1888 2734 A‘ngpto
1917 2679 2010 2716 vo-

440 2769 555 2819 ιίινί
595 2765 764 2817 lilium
800 2776 1006 2815 meum.
1035 2779 1054 2811 ι
1112 2758 1252 2811 Puer
1288 2768 1471 2811 autem
1506 2757 1761 2810 Christus
1799 2756 1909 2826 jam
1943 2755 2011 2807 ad

444 2859 654 2911 virilem
691 2865 744 2908 et
771 2856 972 2923 justam
1006 2861 1221 2904 aetatem
1250 2863 1593 2919 progressus,
1619 2847 1880 2900 Joannem
1913 2846 2013 2899 Za-

441 2949 642 3002 chariae
683 2946 853 2999 lilium
887 2943 1141 3003 accessit,
1174 2947 1265 3010 qui
1293 2940 1574 2993 Christum
1609 2939 1673 2991 ad
1706 2953 1762 2991 se
1787 2938 2013 2990 venien-

443 3051 554 3094 tem
593 3039 956 3105 'CthSpiCttlttS
997 3034 1132 3086 dicit
1178 3032 1400 3095 Judzeis,
1444 3051 1459 3080 ι
1489 3032 1626 3085 Ecce
1661 3035 1845 3098 Agnus
1888 3029 2008 3088 Dei,

443 3133 537 3200 qui
580 3131 722 3183 tollit
755 3137 1041 3196 peccatum
1082 3123 1343 3202 mundi".
1376 3142 1392 3173 ι
1426 3122 1537 3176 Cur
1564 3133 1743 3176 autem
1772 3123 2014 3175 Joannes

445 3226 590 3277 hunc
613 3224 822 3291 Aguutn
861 3219 955 3272 Dei
983 3234 1103 3272 esse
1128 3216 1348 3280 dixerit,
1380 3225 1566 3285 postea
1595 3215 2013 3282 explicabimus.

443 3315 578 3380 Quis
613 3327 745 3367 vero
780 3311 923 3362 alius
971 3306 1158 3361 mundi
1217 3316 1502 3374 peccatum
1544 3304 1736 3357 tollere
1789 3301 2012 3371 poterit,

446 3419 608 3472 quatit
637 3403 756 3471 ipse
777 3399 959 3454 Deus“.
983 3403 1163 3464 Quare
1187 3396 1356 3460 hunc,
1381 3395 1446 3448 de
1464 3411 1572 3463 quo
1601 3395 1754 3463 prius
1775 3394 2012 3446 dixerat:

453 3495 600 3548 tNou
645 3475 764 3545 Sum
813 3493 1014 3560 dignus
1067 3499 1126 3541 ut
1154 3499 1368 3557 portem
1414 3487 1786 3540 caleeamenta
1817 3485 1958 3554 ejus,
1994 3501 2010 3533 ι

447 3602 595 3639 nunc
648 3585 820 3636 Deum
855 3596 978 3635 esse
1010 3580 1300 3634 confessus
1345 3588 1451 3632 est.
1500 3578 1569 3630 At
1595 3577 1850 3630 Christus
1883 3574 2019 3628 dicit

448 3677 525 3731 illi
551 3696 562 3729 :
594 3678 928 3743 «Propheta,
955 3673 1106 3737 ades,
1130 3671 1346 3740 baptiza
1368 3683 1474 3722 me.
1505 3688 1522 3720 ι
1548 3669 1787 3728 Joannes
1809 3676 2014 3721 autem:

455 3789 477 3819 ο.
506 3768 618 3836 Ego
649 3781 788 3834 opus
823 3765 1004 3816 habeo
1038 3764 1135 3814 abs
1169 3770 1219 3813 te
1253 3759 1546 3827 baptizari,
1595 3767 1651 3811 ct
1679 3769 1735 3812 tu
1765 3759 1921 3811 venis
1951 3758 2024 3811 ad.

450 3860 588 3912 me“
607 3895 623 3920 ,
655 3875 674 3907 ι
709 3856 786 3908 En
805 3856 971 3908 etiam
995 3852 1100 3904 hoc
1129 3849 1439 3903 considera.
1467 3847 1739 3917 PrOpheta
1764 3847 1854 3899 ille
1875 3863 2024 3917 mag-

450 3966 578 4012 nus,
607 3947 724 4016 qui,
783 3953 841 3996 ut
869 3951 924 3996 et
968 3957 1067 3995 vos
1100 3940 1202 4007 ipsi
1250 3937 1523 3998 fatemini,
1557 3953 1621 3990 ex
1651 3937 2020 4007 promissione

452 4052 614 4094 natus
642 4046 742 4099 est,
775 4034 865 4104 qui
908 4049 938 4086 a
974 4033 1082 4085 Deo
1109 4031 1175 4083 ad
1206 4027 1596 4096 baptizandum
1648 4029 1846 4082 missus
1879 4038 2020 4091 erat,

451 4147 584 4184 num
609 4145 638 4180 a
665 4128 813 4180 nudo
849 4125 1070 4178 homine
1098 4133 1204 4176 tam
1231 4120 1508 4175 serviliter
1533 4120 1864 4190 baptismum
1899 4135 2024 4190 pos-

453 4221 641 4274 ceret?
673 4217 790 4271 lloc
821 4228 970 4271 certe
1009 4229 1170 4268 nemo
1213 4226 1343 4266 vere
1391 4213 1607 4280 sapiens
1647 4210 2021 4264 allirmaverit.

455 4311 561 4365 Sed
594 4310 666 4364 ab
707 4326 798 4373 eu,
843 4321 1007 4377 quem
1041 4307 1212 4359 Deum
1249 4319 1368 4357 esse
1400 4303 1688 4357 confessus
1717 4311 1856 4364 erat,
1888 4302 2024 4370 bap-

2102 469 2270 537 φῆται
2303 468 2596 538 ἐκήρυξαν,
2623 469 2739 520 ἔστι
2768 467 2824 520 δὲ
2851 469 2948 524 καὶ
2974 469 3257 538 ἄνθρωπος
3290 469 3531 540 ἀληθῶς,
3574 471 3675 525 καὶ

2049 627 2061 638 θ
2100 564 2159 614 οῦ
2193 562 2334 614 κατὰ
2369 562 2696 628 φαντασίαν,
2741 559 2921 624 καθώς
2948 577 3092 624 τινες
3126 561 3488 629 ὲδογμάτισαν
3509 578 3522 591 ’
3551 562 3677 616 δεύο

2101 670 2258 723 τερον
2290 653 2367 714 δὲ,
2404 655 2484 705 ὃτι
2510 653 2754 721 ἀνεφάνη
2783 653 2878 705 καὶ
2910 653 2941 723 ἡ
2970 652 3058 705 τοῦ
3092 655 3364 722 προφήτου
3399 654 3672 723 Ἰερεμίου

2103 743 2430 814 προφητεία,
2465 743 2778 812 ήλέγουσα,
2819 761 2836 794 ι
2886 745 3046 813 Φωνὴ
3088 745 3143 796 ἐν
3184 744 3360 812 Ῥαμᾶ
3397 745 3668 814 ἠκούσθη,

2104 835 2299 906 Θρῆνος
2349 839 2442 888 καὶ
2501 836 2776 905 κλαυθμὸς
2827 837 2922 890 καὶ
2966 837 3196 906 ὀδυρμὸς
3236 836 3425 898 πολύς.
3471 838 3665 907 Ῥαχὴλ

2103 925 2369 978 κλαίουσα
2401 925 2468 976 τὰ
2501 927 2668 978 τέκνα
2712 925 2901 988 αὐτῆς,
2935 926 3031 977 καὶ
3057 926 3158 978 οὐκ
3201 926 3359 994 ἤθελε
3393 930 3672 995 παρακλη-

2107 1015 2287 1086 Οῆναι,
2321 1016 2402 1068 ὅτι
2453 1015 2551 1067 οὐκ
2604 1014 2731 1072 εἰσί.
2769 1034 2785 1065 ι
2844 1016 3059 1086 Τρίτον,
3093 1017 3175 1068 ὅτι
3227 1017 3300 1084 μὴ
3336 1017 3503 1084 μόνον
3547 1022 3676 1085 περὶ

2104 1106 2202 1174 τῆς
2236 1105 2332 1158 τοῦ
2366 1105 2606 1172 Χριστοῦ
2650 1105 2954 1175 γεννήσεως
2983 1108 3245 1181 προεῖπον
3283 1109 3334 1157 οἱ
3373 1108 3675 1176 προφῆτιν,

2105 1198 2241 1252 ἀλλὰ
2276 1199 2370 1252 καὶ
2403 1201 2532 1269 περὶ
2563 1198 2744 1250 τόπων
2788 1198 2999 1251 πολλῶν
3063 1199 3153 1250 καὶ
3202 1199 3408 1268 ἑτέρων
3458 1201 3681 1252 ἀποδεξ·

2110 1292 2266 1359 ξεων,
2317 1293 2377 1345 τὸ
2423 1294 2525 1362 μὲν
2571 1292 2660 1345 διὰ
2711 1292 2806 1362 τὴν
2852 1293 2958 1346 τῶν
3008 1294 3218 1346 πολλῶν
3253 1294 3562 1358 ἀσθένειαν,
3593 1296 3684 1348 ἵνα
3779 1338 3785 1344 .

2108 1387 2420 1453 ἀνάγωνται
2470 1385 2579 1437 ἀπὸ
2611 1386 2814 1437 τούτων
2844 1385 2923 1446 είς
2951 1384 3048 1454 τὴν
3090 1385 3366 1454 ἀλήῡειαν,
3403 1387 3464 1438 τὸ
3496 1387 3553 1440 δὲ
3590 1389 3679 1439 ἵνα

2107 1477 2566 1544 ὲπιστομίζωνται
2618 1479 2666 1529 οί
2715 1479 2898 1537 κακοὶ,
2936 1481 3028 1530 καὶ
3073 1477 3223 1530 οὐδὲν
3273 1477 3437 1548 ἔχωσι
3490 1481 3681 1548 χώραν

2107 1567 2290 1635 λέγειν
2327 1568 2466 1619 κατὰ
2499 1568 2594 1634 τῆς
2635 1568 2913 1637 ἀληθείας.
2949 1568 3090 1620 Ὅσα
3137 1571 3231 1622 καὶ
3274 1571 3380 1640 γὰρ
3412 1571 3685 1640 ἐλαλήθη-

2115 1676 2214 1711 σαν
2250 1661 2377 1727 περὶ
2407 1658 2501 1710 τοῦ
2541 1659 2804 1728 Χριστοῦ,
2851 1662 2944 1712 καὶ
2977 1661 3077 1713 ὅσα
3124 1661 3394 1726 ἐγένοντο,
3437 1663 3516 1722 εἰς
3561 1663 3688 1715 τίνα

2113 1753 2221 1803 τῶν
2265 1749 2570 1821 ἀνθρώπων
2614 1753 2812 1821 χωρεῖς
2868 1752 3288 1828 Παρατήρησαι,
3341 1757 3432 1804 καὶ
3465 1753 3689 1821 μέλλεις

2114 1844 2320 1910 εὑρεῖν,
2357 1843 2439 1894 ὅτι
2477 1843 2581 1894 άπὸ
2610 1841 2703 1894 τοῦ
2755 1841 2922 1909 Ἀδὰμ
2953 1842 3117 1912 μέχρι
3160 1841 3262 1909 τῆς
3293 1843 3559 1912 σήμερον,
3585 1845 3688 1896 ὅσα

2113 1933 2475 2002 ἐλαλήοησαν,
2509 1933 2601 1985 καὶ
2629 1933 2729 1985 ὅσα
2753 1932 3130 2002 ἐπράχθησαν,
3156 1933 3252 1986 ὅλα
3281 1936 3339 1986 ὲν
3365 1935 3444 2004 τῷ
3462 1937 3687 2007 Χριστῷ

2113 2026 2487 2092 ἀνεφάνησαν,
2530 2024 2666 2092 ὅπερ
2711 2025 2997 2092 ἀμήχανον
3036 2026 3092 2076 ἐν
3122 2025 3266 2094 ἄλλῳ
3299 2027 3406 2077 τινὶ
3433 2026 3684 2095 τελεσθῆ-

2114 2133 2223 2180 ναι,
2257 2116 2349 2166 καὶ
2373 2116 2454 2166 ὅτι
2484 2133 2502 2166 ι
2541 2112 2631 2178 Ἐξ
2653 2113 2932 2181 Αἰγύπτου
2963 2113 3198 2166 ἐκάλεσα
3229 2114 3321 2166 τὸν
3349 2114 3465 2166 υἱόν
3502 2133 3620 2184 μου.
3654 2135 3671 2167 ι

2125 2205 2422 2272 Ἀνδρωθὲν
2455 2204 2510 2256 δὲ
2536 2207 2596 2256 τὸ
2629 2204 2865 2268 παιδίον,
2912 2206 3007 2260 καὶ
3043 2205 3198 2257 ἐλθὸν
3229 2208 3308 2268 εἰς
3339 2206 3399 2259 τὸ
3423 2207 3524 2275 τῆς
3568 2207 3682 2274 ἠλι-

2116 2298 2240 2358 κίας
2267 2298 2494 2360 τέλειον,
2529 2296 2751 2365 ἔρχεται
2783 2299 2915 2366 πρὸς
2964 2297 3217 2368 Ἰωάννην
3262 2301 3352 2352 τὸν
3375 2299 3470 2350 τοῦ
3503 2303 3689 2369 Ζαχα-

2117 2391 2236 2460 ρίου
2265 2390 2401 2443 υἱόν.
2446 2390 2508 2440 ὐ
2535 2389 2590 2441 δὲ
2617 2387 2741 2441 ίδὼν
2787 2389 2878 2441 τὸν
2907 2390 3144 2461 Χριστὸν
3171 2394 3307 2462 πρὸς
3337 2392 3499 2445 αὑτὸν
3527 2395 3696 2463 ἐρχό-

2119 2497 2301 2550 μενον,
2354 2481 2501 2547 λέγει
2554 2481 2670 2544 τοῖς
2717 2480 3028 2545 Ἰουδαίοις,
3071 2498 3091 2532 ι
3129 2481 3236 2535 Ἴδε
3287 2485 3315 2535 6
3364 2484 3538 2552 ἀμνὸς
3592 2483 3695 2537 τοῦ
3782 2518 3800 2525 κ

2115 2571 2277 2638 Θεοῦ,
2304 2575 2331 2625 6
2361 2573 2533 2642 αἴρων
2562 2570 2662 2641 τὴν
2696 2573 2971 2642 ἁμαρτίαν
2992 2573 3084 2626 τοῦ
3112 2573 3339 2640 κόσμου.
3357 2593 3373 2625 ι
3396 2575 3519 2636 Πῶς
3555 2575 3698 2644 γοῦν

2114 2668 2402 2737 ὠνόμασεν
2437 2669 2599 2720 αὐτὶν
2635 2669 2662 2719 6
2708 2665 2966 2736 Ἰωάννης
3017 2667 3224 2736 ἀμνὸν;
3279 2668 3514 2737 ἐροῦμεν
3567 2672 3694 2738 μετ’

2117 2759 2320 2828 ὀλίγον.
2362 2759 2434 2811 Τὸ
2463 2758 2519 2811 δὲ
2552 2761 2730 2825 αἴρειν
2761 2759 2858 2827 τὴν
2909 2757 3186 2826 ἁμαρτίαν
3211 2758 3308 2810 τοῦ
3341 2760 3570 2828 κόσμου,
3607 2761 3694 2821 τίς

2115 2848 2275 2911 ἄλλος
2305 2847 2529 2900 δύναται
2571 2847 2800 2916 ποιῆσαι
2831 2846 2990 2898 τοῦτο
3036 2847 3086 2898 εί
3143 2845 3218 2916 μὴ
3266 2845 3434 2912 Θεός;
3492 2847 3601 2900 Καὶ
3627 2835 3696 2901 οὗ

2117 2942 2385 3010 πρότερον
2415 2940 2601 3005 ἔλεγεν
2621 2979 2636 3004 ,
2667 2939 2750 2990 ὅτι
2780 2937 2880 2989 οὐκ
2909 2937 3055 2989 ἔστιν
3084 2937 3233 3000 ἄξιος
3265 2938 3335 2990 τά
3364 2938 3692 3007 ὑποδήματα

2120 3030 2406 3098 βαστάσαι,
2429 3020 2618 3082 τοῦτον
2665 3031 2806 3082 κατὰ
2838 3029 2899 3082 τὸ
2932 3030 3109 3099 παρὸν
3137 3029 3271 3083 Θεὸν
3313 3013 3694 3099 ὡμολόγησε-θλ

2129 3123 2188 3174 '0
2216 3123 2273 3175 δὲ
2303 3123 2537 3193 Χριστὸς
2565 3123 2713 3186 λέγει
2742 3124 2876 3191 πρὸς
2905 3123 3092 3186 αὐτὸν,
3135 3140 3153 3172 ι
3186 3124 3470 3192 Προφῆτα,
3495 3123 3682 3192 δεῦρο,

2118 3215 2382 3286 βάπτισον
2420 3233 2508 3285 με.
2545 3234 2564 3266 ι
2604 3217 2667 3268 Τί
2703 3215 2834 3282 γοῦν
2864 3217 2892 3267 6
2933 3214 3217 3286 Ἰωάννηςς
3261 3233 3281 3266 ι
3322 3215 3463 3285 Ἐγὼ
3494 3219 3694 3288 χρείαν

2117 3305 2223 3376 ἔχω
2252 3305 2356 3357 ὑπὸ
2402 3305 2493 3358 σοῦ
2541 3304 2932 3374 βαπτισθῆναι,
2962 3303 3056 3357 καὶ
3087 3305 3151 3356 σὺ
3179 3305 3314 3375 ἔρχῃ
3350 3306 3486 3375 πρός
3519 3323 3626 3376 μσς
3663 3326 3690 3360 ι

2117 3398 2318 3451 Σκόπει
2349 3399 2439 3450 καὶ
2469 3397 2650 3451 τοῦτο.
2706 3397 2763 3451 '0
2794 3399 3080 3468 προφήτης
3103 3400 3130 3450 6
3163 3399 3337 3467 μέγας
3369 3399 3398 3449 6
3424 3398 3483 3463 te
3512 3401 3703 3468 ἑπαγ-

2118 3491 2306 3557 γελίας
2351 3490 2656 3559 γεννηθεὶς,
2704 3490 2776 3552 ὡς
2827 3491 2923 3542 καὶ
2977 3491 3137 3557 ὑμεῖς
3199 3489 3410 3556 λέγετε,
3456 3493 3486 3543 6
3535 3492 3706 3561 παρὰ

2119 3581 2253 3633 Θεοῦ
2286 3580 2611 3642 ἀποσταλεὶς
2655 3579 2964 3650 βαπτίζειν,
3000 3582 3149 3650 παρὰ
3192 3580 3350 3647 ψιλοῦ
3391 3583 3693 3651 ἀνθρώπου

2121 3673 2302 3741 ᾐτεῖτο
2333 3670 2618 3740 βάπτισμα
2651 3673 2706 3724 ἐν
2739 3671 2971 3740 δουλικῷ
2998 3670 3074 3741 τῷ
3128 3674 3396 3740 σχήματις
3464 3675 3700 3738 Πάντως

2121 3763 2296 3824 οὐδεὶς
2327 3763 2432 3813 τῶν
2459 3759 2519 3815 εὖ
2558 3762 2904 3831 φρονούντων
2934 3763 3079 3814 εἴποι
3111 3763 3243 3816 αὑτό
3267 3780 3283 3796 ·
3317 3765 3432 3817 ἀλλ’
3457 3765 3518 3816 ὃν
3555 3767 3710 3820 Θεὸν

2121 3853 2440 3924 ὡμολόγησε
2477 3857 2715 3916 πάντως,
2741 3853 2800 3918 ὲξ
2822 3852 2990 3907 αὑτοῦ
3011 3855 3155 3907 αἰτεῖ
3181 3854 3275 3912 καὶ
3299 3855 3361 3906 τὸ
3382 3855 3696 3925 βάπτισμα.

2136 3945 2276 3996 Ἀλλ’
2311 3946 2438 4008 ἴσως
2473 3947 2591 4011 ἐρεῖ
2633 3961 2740 4007 τις,
2782 3945 2864 3996 ὅτι
2909 3947 2937 3997 6
2971 3945 3206 4014 Χριστὸς
3256 3945 3373 4016 ᾔτει
3417 3950 3566 4017 παρὰ
3598 3949 3701 4001 τοῦ

2137 4035 2386 4087 Ἰωάννου
2433 4035 2737 4101 βάπτισμα.
2792 4032 2932 4086 Ἀλλ’
2974 4035 3076 4085 οὐκ
3120 4033 3240 4102 ᾔτει
3281 4033 3439 4086 τοῦτο
3471 4035 3699 4102 ὁμοίως.

2125 4123 2234 4172 Καὶ
2269 4126 2463 4173 σκόπει
2495 4121 2554 4171 τὸ
2585 4124 2748 4188 μέσον
2775 4119 2883 4172 τῶν
2915 4119 3026 4173 δύο.
3069 4119 3128 4173 '0
3163 4119 3263 4188 μὲν
3293 4122 3402 4189 γὰρ
3441 4121 3704 4190 Ἰωάννης

2125 4211 2342 4280 πρῶτον
2375 4211 2539 4262 αὐτὸν
2597 4209 2730 4261 Θεὸν
2778 4209 3122 4280 ὁμολογήσας
3163 4211 3258 4262 καὶ
3294 4209 3610 4278 ἄνθρωπον
3640 4214 3699 4262 ἐν

2126 4303 2236 4372 γὰρ
2271 4302 2348 4370 τῷ
2382 4303 2578 4364 εἰπεῖν,
2624 4302 2708 4354 ὃτι
2742 4302 2844 4354 οὐκ
2885 4301 3031 4353 ἔστιν
3063 4302 3211 4364 ἄξιος
3242 4304 3310 4354 τά
3339 4302 3532 4354 τούτου
3561 4303 3697 4353 ὑπε-

457 4405 679 4456 tismntn
719 4402 880 4470 petit.
914 4398 1018 4453 Sed
1052 4397 1198 4451 dicet
1248 4397 1480 4449 fortasse
1525 4394 1744 4462 aliquis,
1788 4393 1933 4462 quod
1969 4402 2009 4449 el

2114 4395 2342 4465 Ιῥήματα
2369 4392 2682 4463 βαστάζειν,
2711 4395 2805 4445 καὶ
2833 4393 2916 4444 ὅτι
2942 4409 2962 4442 ι
2999 4393 3105 4444 Ἴδε
3129 4397 3156 4445 ὁ
3183 4393 3353 4461 αἴρων
3383 4395 3481 4462 τὴν
3515 4395 3697 4462 ἁμαρ-

455 4497 570 4562 ipse
597 4494 852 4544 Christus
889 4507 916 4543 a
943 4489 1156 4544 Joanne
1201 4488 1531 4557 baptismum
1555 4487 1794 4555 petierit.
1816 4486 2016 4540 Verum

455 4601 562 4636 non
594 4580 767 4634 simili.
790 4580 1001 4632 ratione
1029 4577 1132 4630 hoc
1163 4576 1325 4639 facit;
1355 4573 1524 4644 quare
1555 4575 1822 4640 medium,
1869 4573 2018 4643 quod

455 4677 599 4729 inter
650 4684 914 4738 utrosque
958 4680 1062 4730 est,
1105 4665 1567 4720 considerandum
1607 4665 1732 4717 erit.
1781 4663 2019 4718 Joannes

451 4763 677 4829 quidem.
730 4760 906 4826 ipsum
959 4765 1116 4807 antea
1164 4764 1222 4807 et
1253 4755 1420 4806 Deum
1470 4765 1525 4806 et
1567 4753 1846 4806 hominem
1899 4767 2020 4806 esse

451 4854 735 4907 confessus
781 4857 922 4902 erat.
955 4846 1092 4900 Cum
1142 4844 1287 4898 enim
1323 4845 1554 4898 dixisset
1603 4859 1663 4898 se
1705 4844 2015 4912 indignum,

448 4947 540 5012 qui
573 4943 940 4996 calceamenta
971 4936 1119 4990 illius
1142 4944 1415 5004 portaret:
1444 4945 1522 4996 ct,
1557 4956 1573 4984 ι
1600 4933 1737 4987 Ecce
1762 4935 1853 5002 qui
1874 4932 2015 4986 tollit

448 5044 732 5104 peccatum
763 5029 994 5095 mundi;
1024 5048 1042 5080 ι
1072 5030 1359 5096 ipsumque
1383 5027 1468 5078 his
1493 5025 1676 5080 verbis
1701 5025 1868 5078 Deum
1891 5038 2012 5078 esse

445 5125 812 5188 ostendisset,
843 5121 996 5176 addit
1023 5130 1078 5173 et
1104 5122 1228 5185 hoc,
1268 5138 1285 5170 ι
1316 5118 1427 5188 Ego
1453 5134 1591 5187 Opus
1622 5117 1797 5170 habeo
1827 5115 1924 5168 abs
1960 5125 2011 5168 te

447 5215 735 5283 baptizari,
764 5223 820 5267 et
852 5222 908 5266 tu
940 5211 1096 5266 venis
1119 5212 1186 5263 ad
1213 5209 1330 5262 me?
1363 5229 1379 5260 ι
1420 5210 1668 5263 Christus
1691 5217 1873 5260 autem
1901 5222 2008 5264 nou

445 5308 548 5371 sic,
584 5307 679 5361 sed
718 5305 1014 5373 imperiose
1045 5312 1099 5356 et
1140 5317 1267 5356 eum
1300 5303 1630 5356 auctoritate
1667 5302 1819 5354 illum
1860 5315 2007 5354 com.-

444 5392 632 5469 pellat,
660 5398 882 5451 dicens:
925 5412 941 5445 ι
973 5391 1268 5463 Pmpheta,
1302 5394 1451 5455 ades,
1480 5391 1691 5462 baptiza
1718 5408 1824 5448 me.
1857 5410 1875 5442 ι
1911 5391 2008 5449 Ille

441 5500 625 5544 autem
655 5486 1017 5542 humilitatem
1041 5499 1216 5550 suam,
1249 5499 1354 5554 qua
1380 5484 1638 5557 indignus
1668 5495 1810 5545 erat.
1840 5483 2004 5536 simul

513 5678 557 5709 “
595 5675 734 5732 Osee
757 5691 834 5742 xl,
860 5677 919 5732 2.
992 5675 1036 5708 ⁸⁸
1066 5674 1264 5732 Jerem.
1301 5689 1445 5738 xxxi,
1487 5671 1574 5725 15.

1650 5671 1694 5703 ⁸⁷
1739 5670 1896 5726 Joan.
1931 5685 1971 5738 ι,
2002 5666 2092 5724 29.

2121 4486 2242 4539 τίαν
2272 4483 2366 4536 τοῦ
2394 4485 2624 4554 κόσμου,
2650 4504 2670 4536 ›
2693 4485 2788 4537 καὶ
2814 4483 2984 4547 δεῖξαι
3011 4484 3173 4536 αὑτὸν
3201 4483 3355 4535 Θεόν·
3387 4484 3570 4553 ὲπήγα
3583 4501 3687 4550 τεν,

2136 4595 2156 4626 ί
2202 4574 2344 4644 Ἐγὼ
2395 4550 2587 4645 χρείαν
2640 4577 2749 4644 ἔχω
2801 4567 2905 4626 ὑπὸ
2961 4575 3054 4626 σοῦ
3085 4550 3685 4647 βαπτισθῆναιξκαὶσὺ
3741 4550 3760 4561 ἱ

2121 4667 2254 4738 ἔρχῃ
2287 4668 2422 4736 πρός
2456 4685 2521 4736 με
2543 4684 2563 4733 ;.
2603 4685 2625 4718 ›
2663 4670 2724 4722 '0
2757 4667 2815 4718 δὲ
2840 4667 3074 4735 Χριστὸς
3103 4667 3200 4737 οὐχ
3228 4666 3422 4730 οὕτως,
3448 4667 3588 4722 ἀλλά
3607 4667 3688 4720 6s-

2124 4760 2402 4820 omttxdt;
2432 4776 2490 4811 τε
2533 4758 2649 4828 ἅμα
2679 4758 2774 4812 καὶ
2816 4758 3243 4822 ὲξουσιαστικῶς
3284 4757 3388 4826 ἔφη
3423 4758 3560 4827 πρὸς
3594 4760 3692 4810 αὑ-

2119 4851 2234 4916 τὸν,
2279 4869 2298 4900 ε
2343 4851 2625 4922 Προφῆτσ.,
2649 4850 2832 4918 δεῦρο,
2865 4850 3126 4919 βάπτισον
3157 4867 3245 4918 με.
3281 4869 3300 4902 ι
3351 4850 3408 4902 '0
3436 4851 3494 4903 δὲ
3519 4851 3689 4915 ἔδειξε

2124 4943 2224 5012 μὲν
2258 4945 2350 4995 καὶ
2380 4941 2479 5011 τὴν
2505 4941 2667 4994 αὑτοῦ
2700 4943 3054 5011 άναξιότητα,
3091 4942 3370 5010 ὑπήκουσε
3399 4942 3457 4994 δὲ
3486 4944 3582 4995 καὶ
3609 4943 3694 5011 τῷ

2119 5031 2214 5086 τοῦ
2270 5035 2476 5101 Κυρίου
2529 5030 2939 5101 προστάγματι.
2979 5031 3453 5099 Ἔρχεται-τοίνυν
3503 5031 3562 5081 ἐν
3605 5031 3690 5098 τῷ

2131 5122 2398 5194 Ἰορδάνῃ,
2426 5123 2517 5174 καὶ
2547 5121 2936 5190 βαπτισθέντος
2966 5121 3059 5174 τοῦ
3090 5119 3324 5190 Χριστοῦ
3351 5119 3688 5189 ἐσχίσθησαν

2115 5213 2165 5264 oi
2198 5213 2437 5281 οὐρανοὶ,
2465 5212 2560 5265 καὶ
2594 5211 2744 5281 φωνὴ
2780 5211 3000 5279 ἐγένετο
3031 5215 3094 5264 ἐκ
3139 5213 3253 5264 τῶν
3294 5211 3561 5282 οὐρανῶν,
3591 5212 3684 5264 λέ-

2111 5319 2304 5372 γουσα,
2348 5323 2366 5354 ι
2408 5304 2478 5357 Σὺ
2511 5299 2560 5356 εἷ
2590 5305 2618 5356 6
2650 5304 2774 5372 Υἱός
2806 5320 2909 5372 μου
2932 5305 2959 5356 6
2983 5302 3283 5371 ἀγαπητὸς,
3314 5305 3372 5354 ὲν
3407 5303 3490 5355 σοι
3519 5304 3680 5372 7,666-

2072 5412 2276 5464 ,κησα.
2307 5414 2326 5446 ι
2363 5391 2515 5457 Εἶδες
2549 5396 2781 5464 πρᾶγμα
2835 5395 3086 5465 φοϐερὸν,
3123 5395 3215 5446 καὶ
3257 5395 3428 5462 γέμον
3473 5392 3679 5462 ἐκπλή-

2107 5482 2275 5548 ξεως,
2327 5481 2471 5547 Ἕως
2525 5482 2620 5534 τοῦ
2690 5481 2782 5537 νῦν
2845 5483 2992 5551 ἅγιοι
3057 5481 3323 5552 ἐλάλουν,
3395 5481 3676 5552 προφῆται

2169 5669 2216 5703 ⁸⁸
2240 5667 2437 5724 Matth.
2468 5682 2551 5735 tu,
2586 5666 2672 5736 14,
2709 5666 2778 5720 15
2799 5703 2816 5721 .
