3970 6212
281 353 311 412 4
349 351 381 410 3
1192 351 1492 412 CONTRA
1531 349 1881 411 ΜᾹΗΟΜΕἿ

1985 353 2023 412 ιι
2064 349 2439 410 APOLOGIA
2480 347 2507 408 Ι
2517 393 2532 408 .
3412 353 3519 416 434

284 464 604 533 προέλεγον,
631 466 855 534 ἄγγελοι
883 466 1191 538 ὑπηρέτουν
1211 482 1224 499 ·
1253 467 1347 520 νῦν
1375 468 1432 522 δι
1457 466 1580 520 οὕτε
1605 467 1850 534 ἄγγελοι,

1985 467 2214 527 ιςιειιιίῖι.
2247 475 2301 519 et
2329 466 2546 520 Domini
2579 473 2838 522 manuato
2861 465 3059 536 paruit.
3091 465 3390 523 Iordanem
3415 468 3519 524 ita-

281 556 403 609 οὔτε
452 556 754 624 ἄνθρωποι,
807 557 923 612 ἀλλ’
955 558 1114 622 αύτός
1160 559 1306 612 ἐστιν
1343 560 1370 611 6
1414 559 1546 620 Θεὸς
1578 559 1606 610 6
1648 558 1841 623 εἰπὼν,

1985 573 2061 631 ne
2110 558 2434 625 ingreditur.
2486 557 2592 613 Sed
2626 559 2846 614 Christo
2875 559 3155 628 baptizato
3202 560 3359 615 scissi
3395 569 3524 615 sunt

282 649 360 700 ὅτι
383 666 402 698 ι
428 648 498 700 Σὺ
522 642 572 698 εί
596 649 626 702 6
660 648 787 710 Υἱός
809 666 910 717 μου
929 652 957 702 6
981 649 1284 718 ἀγαπητὸς,
1306 652 1361 702 ὲν
1385 651 1469 701 σοὶ
1497 648 1796 717 ηύδόκησα.
1822 664 1842 698 ι

1985 648 2105 713 :oeli,
2157 659 2212 703 et
2245 665 2348 702 vox
2381 651 2606 704 caelitus
2642 651 2826 706 audita
2866 659 2971 713 est.
3005 652 3237 708 dicens:
3271 671 3290 704 ι
3339 653 3420 709 Tu
3461 669 3524 708 es

284 737 456 792 Filius
487 754 644 794 meus
679 740 937 805 dilectus,
993 741 1048 794 in
1085 751 1137 796 te
1183 741 1314 794 mihi
1345 741 1483 795 bene
1517 739 1901 808 complacitum
1952 742 2108 795 est".
2129 761 2146 793 ι
2177 743 2657 800 Animadvertisne
2707 761 2823 800 rem
2852 746 3178 814 terribilem,
3205 757 3260 802 et
3294 757 3524 817 stupore

283 836 542 904 plenam?
587 837 866 892 Hactenus
911 837 1138 908 quidem
1187 837 1361 892 saneti
1413 835 1801 904 loquebantur,
1843 834 2216 903 prazdixerunt
2260 838 2561 906 prophetae,
2627 839 3086 895 ministraverunt
3140 841 3527 914 angeli;nunc

285 942 413 982 vero
449 943 551 982 nec
600 930 802 998 angeli,
850 943 953 984 nec
1018 929 1295 992 homines,
1366 928 1464 983 sed
1498 927 1616 996 ipse
1651 927 1796 980 Deus
1821 935 1926 992 est,
1965 927 2056 996 qui
2081 927 2236 993 dicit,
2270 945 2289 980 ‹
2319 928 2402 983 Tn
2433 944 2491 985 es
2516 931 2688 986 Filius
2716 948 2871 988 meus
2891 934 3147 1001 dilectus,
3171 937 3228 990 in
3254 953 3364 1006 quo
3392 936 3527 990 mihi

286 1025 428 1078 bene
463 1023 856 1092 complacitum
886 1029 990 1074 est.
1024 1041 1042 1073 ι

298 1125 304 1132 “
354 1123 446 1176 ιϐ’,
482 1120 625 1187 Ἀρα
657 1120 715 1184 ἐξ
755 1113 834 1170 ὧν
876 1115 1222 1186 ἐγράψαμεν,
1251 1117 1480 1168 δύνασαι
1529 1113 1618 1168 ἵνα
1664 1117 1858 1187 κρίνῃς

284 1218 375 1270 καὶ
413 1217 507 1278 σὺ,
535 1217 630 1267 καὶ
665 1215 776 1276 πᾶς
821 1209 1249 1280 Μουσουλμάνος
1303 1213 1590 1280 φρόνιμος,
1624 1212 1706 1264 ὅτι
1763 1210 1858 1262 εὑ·

287 1311 567 1376 ρίσκονται
611 1307 757 1371 ἅγιοι
799 1305 1097 1373 ἄνθρωποι,
1146 1303 1343 1363 οἵτινες
1391 1297 1535 1354 εἶδον
1581 1303 1713 1372 περὶ
1761 1299 1858 1353 τοῦ

284 1397 530 1466 Χριστοῦ
555 1396 842 1459 ὀπτασίας,
873 1394 972 1447 καὶ
1001 1393 1110 1446 εἰσὶ
1141 1395 1440 1463 προφῆται,
1468 1395 1518 1446 οἱ
1537 1394 1666 1460 περὶ
1692 1392 1857 1445 αὑτοῦ

287 1489 793 1559 προφητεύσαντες,
841 1487 874 1556 ἢ
928 1486 1200 1540 τοσούτων
1249 1488 1342 1539 καὶ
1395 1487 1653 1538 τοιούτων
1693 1485 1862 1555 λαλιι⁹

289 1585 495 1634 θέντων
556 1583 652 1633 καὶ
730 1579 1193 1649 ἀποδειχθέντων,
1251 1579 1332 1630 ιτι
1408 1578 1864 1648 πεπλανημένους

287 1670 596 1735 λογίζονται
641 1670 734 1722 καὶ
776 1671 1055 1738 κρίνουσιν
1101 1663 1250 1737 ἡμᾶς
1299 1669 1426 1730 τοὺς
1473 1670 1860 1739 Χριστιανοὺς,

2032 1111 2118 1165 l9.
2151 1110 2229 1166 Ex
2259 1112 2346 1166 his
2383 1128 2516 1170 sane
2543 1131 2666 1186 quae
2693 1117 3017 1186 scripsimus
3038 1119 3287 1189 judicare
3319 1125 3530 1190 poteris

1957 1211 2014 1255 et
2061 1209 2140 1262 tu,
2190 1211 2245 1254 et
2293 1201 2338 1255 si
2392 1203 2518 1271 quis
2569 1204 2710 1258 alius
2760 1205 3231 1260 Musulmanorum
3289 1209 3531 1276 prudens

1962 1293 2145 1354 fuerit,
2188 1293 2336 1362 quod
2390 1294 2745 1350 inveniantur
2781 1298 2954 1351 sancti
2992 1298 3268 1360 homines,
3312 1300 3406 1368 qui
3456 1301 3534 1353 vi-

1963 1385 2150 1439 siones
2177 1385 2244 1439 de
2275 1385 2500 1440 Christo
2531 1387 2786 1451 viderint,
2818 1387 3056 1457 et'quod
3093 1389 3375 1458 propheta:
3402 1389 3533 1450 sint,

1957 1476 2052 1543 qui
2085 1474 2151 1530 de
2196 1476 2292 1529 illo
2329 1476 2440 1530 sint
2480 1477 2802 1533 vaticinati:
2836 1480 3087 1548 quamvis
3126 1480 3308 1534 adhuc
3352 1491 3430 1534 tot
3473 1497 3536 1533 ac

1960 1565 2128 1618 tantis
2176 1566 2516 1634 argumentis
2570 1567 2752 1623 citatis
2809 1576 2864 1624 et
2921 1569 3332 1632 demonstratis,
3391 1571 3538 1624 arbi-

1969 1664 2183 1709 trentur
2216 1667 2270 1710 et
2320 1657 2570 1726 judicent
2610 1674 2711 1712 nos
2742 1659 2836 1728 qui
2885 1659 3166 1714 Christum
3217 1660 3538 1732 profitentur

292 1763 520 1822 ἑαυτοὺς
577 1761 632 1813 δὲ
683 1760 1018 1829 ὀρθοδόξους,
1049 1763 1149 1814 καὶ
1205 1762 1292 1813 ἵνα
1341 1761 1400 1826 ἐξ
1449 1748 1524 1815 ὧν
1575 1761 1862 1826 ἀκούουσι,

1985 1747 2314 1801 errabundus
2354 1763 2494 1813 esse,
2563 1764 2622 1804 se
2683 1765 2812 1802 vero
2864 1751 3221 1804 orthodoxos.
3267 1751 3363 1804 His
3407 1765 3538 1804 vero

292 1853 618 1918 λογίσωνται
653 1853 830 1922 ,ἡμᾶς
881 1853 1058 1921 ὀρθῶς
1121 1852 1478 1918 φρονοῦντας,
1536 1853 1568 1925 ἢ
1632 1855 1725 1906 καὶ
1783 1854 1865 1907 ἔτι

296 1947 459 2016 εὐχῆς
502 1947 690 2010 ἀξίους
737 1948 887 2016 παρὰ
936 1946 1047 1998 τῶν
1093 1947 1541 2017 Μουσουλμάνων
1589 1947 1867 2018 κρίνουσιν

299 2040 460 2105 ἡμᾶς,
487 2038 566 2100 ὡς
594 2040 659 2091 σὺ
681 2039 881 2106 λέγεις’
904 2039 986 2092 διὸ
1010 2041 1388 2112 ὁμολογοῦμεν
1409 2045 1503 2096 καὶ
1531 2044 1866 2114 πιστεύομεν

301 2133 378 2183 ὃτι
402 2132 432 2182 6
465 2131 706 2200 Χριστὸς
735 2132 864 2195 Υἱὸς
904 2132 997 2185 τοῦ
1038 2133 1176 2187 Θεοῦ
1218 2135 1334 2188 ἐστι
1382 2137 1476 2188 καὶ
1506 2137 1658 2202 Θεὸς,
1684 2137 1870 2202 καθὼς

309 2224 369 2273 σε.»
404 2225 646 2292 γράφεις
683 2225 741 2276 ὲν
777 2226 841 2294 τῇ
881 2225 1018 2294 πρός
1053 2242 1122 2294 με
1157 2228 1413 2297 ἐπιστολῇ
1444 2231 1684 2292 πάντως.
1733 2230 1869 2283 Ἀπὸ

317 2313 494 2365 τώτου
518 2315 900 2384 ἐπλανήθησαν
925 2320 972 2370 οἱ
1008 2317 1294 2387 Ἕλληνες,
1330 2320 1439 2373 ἀπὸ
1471 2321 1663 2374 τούτου
1700 2322 1869 2376 ἐπλα-

329 2405 553 2473 νήθησαν
578 2409 620 2458 οί
667 2405 932 2477 Ἑϐραῖοι,
965 2409 1071 2462 ἀπὸ
1113 2411 1304 2463 τούτου
1349 2412 1396 2464 οί
1429 2411 1866 2483 Μουσουλμάνοι.

336 2495 417 2547 Διὸ
457 2497 548 2548 οὐκ
591 2499 836 2567 ἐδέχοντο
886 2500 1059 2553 ταῦτα
1105 2501 1313 2569 πίστει,
1341 2503 1416 2567 ὡς
1444 2504 1571 2570 ἄξια
1608 2506 1868 2568 πίστεως,

331 2587 437 2639 ἀλλ’
476 2591 691 2658 ἐζήτουν
741 2593 881 2645 αὐτὰ
926 2593 1063 2662 μετὰ
1108 2595 1457 2659 ἀποδείξεως.
1493 2598 1600 2650 Kal
1653 2599 1782 2661 ίσως
1824 2599 1872 2652 οί

325 2669 656 2745 Tun-lego?
684 2679 757 2749 μὴ
786 2679 1002 2748 ἕχοντες
1031 2679 1246 2751 βίϐλους
1273 2685 1367 2736 καὶ
1399 2687 1873 2753 προφήτας.ούδέν

317 2768 415 2816 είσι
441 2767 712 2836 τοσαύτης
743 2769 1076 2841 κατηγορίας
1109 2771 1272 2840 ἄξιοι,
1312 2767 1501 2846 ῶσπερ
1541 2779 1587 2828 0i
1630 2777 1872 2831 Ἰουδαῖοι

316 2860 402 2910 καὶ
443 2863 490 2911 οί
528 2860 971 2929 Μουσουλμάνοι.
1020 2864 1129 2916 Kal
1175 2864 1284 2933 γὰρ
1339 2867 1438 2918 οὐκ
1495 2866 1610 2920 ἐστι
1665 2868 1874 2934 γελοῖον

316 2953 563 3019 πρᾶγμα,
616 2949 703 3004 ἵνα
756 2953 856 3014 τὰς
907 2957 1005 3024 μὲν
1047 2952 1265 3024 βίϐλους
1319 2958 1540 3027 τιμῶσι,
1593 2962 1662 3011 τὰ
1713 2960 1767 3013 δὲ
1817 2963 1874 3012 ὲν

312 3043 485 3105 animi;
544 3046 907 3114 γεγραμμένα
953 3047 1221 3112 ἀθετῶσις
1271 3047 1365 3100 καὶ
1410 3049 1535 3114 τοὺς
1587 3052 1874 3120 προφήτας

313 3133 750 3202 μακαρίζοντες,
804 3135 898 3187 τὸν
954 3139 1086 3206 παρ’
1143 3139 1328 3201 αὐτοῖς
1393 3143 1874 3210 προφητευόμενον

313 3225 803 3293 ἀποστρέφωνταις
864 3227 988 3279 Ἐπί
1043 3227 1206 3281 πλέον
1262 3228 1319 3281 δέ
1377 3231 1481 3282 είσι
1542 3233 1878 3300 κατηγορίας

310 3315 439 3378 ἄξιοι
487 3317 546 3368 οε
606 3315 1046 3388 Μουσουλμάνοι.
1094 3321 1509 3390 Παραλαϐόντες
1569 3323 1676 3394 γὰρ
1731 3317 1878 3378 οῦτοι

312 3408 446 3471 μετὰ
479 3407 597 3460 τῶν
621 3408 796 3461 ἄλλων
825 3409 1063 3478 βιϐλίων,
1092 3412 1172 3465 ὅτι
1199 3413 1262 3465 τὸ
1293 3413 1387 3466 τοῦ
1429 3415 1668 3484 Χριστοῦ
1697 3417 1878 3485 Εὐαγ-

304 3499 482 3565 τέλιον
534 3498 695 3566 ἅγιον
743 3503 834 3553 καῖ
875 3503 1077 3555 τέλειον
1111 3493 1205 3556 καὶ
1254 3507 1364 3558 ἀπὸ
1410 3505 1541 3560 Θεοῦ
1573 3510 1709 3572 ἐστι,
1740 3510 1880 3580 λόγῳ

311 3590 458 3659 μόνῳ
505 3591 751 3659 τιμῶσιν
798 3593 951 3658 αὐτὸ,
985 3592 1130 3662 ἔργῳ
1170 3594 1226 3647 δὲ
1268 3597 1522 3649 τοσοῦτον
1549 3598 1882 3665 ἀφίστανται

307 3682 600 3753 pagg/595v
636 3683 826 3746 αὑτοῦ,
851 3685 971 3736 ὅσον
999 3685 1092 3738 τοῦ
1127 3687 1358 3757 ούρανοῦ
1399 3689 1431 3758 ἢ
1460 3692 1554 3759 γῆ.
1583 3691 1692 3742 Kal
1725 3692 1885 3760 ἀφέν-

301 3791 392 3834 τες
421 3776 533 3844 τήν
583 3775 679 3842 τῆς
727 3775 986 3844 ἀληθείας
1034 3773 1170 3841 ὁδὸν,
1204 3779 1558 3833 ἀκολουθοῦσι
1611 3784 1729 3845 ταῖς
1774 3783 1884 3836 τῶν

314 3865 605 3932 Ἐλλήνων
651 3869 903 3934 ματαίαις
947 3871 1038 3920 καὶ
1079 3871 1524 3939 πεπλανημέναις
1556 3873 1753 3939 δόξαις,
1792 3877 1888 3930 καλ⁸

303 3958 450 4025 ἅπερ
492 3957 564 4005 οὗ
610 3955 829 4008 δύναται
880 3958 908 4008 6
963 3952 1086 4020 νοῦς
1137 3961 1316 4013 αὐτῶν
1360 3961 1446 4013 ἵνα
1490 3963 1793 4037 καταλάϐῃ,
1825 3967 1886 4018 οὗ

303 4049 718 4118 παραδέχονται
749 4049 903 4112 ὅλως,
929 4051 1063 4104 ἀλλὰ
1104 4053 1393 4121 ζητοῦντες
1423 4054 1491 4107 τὰ
1527 4055 1664 4125 ὑπὲρ
1700 4057 1884 4123 φύσιν,

303 4145 396 4193 καὶ
439 4142 521 4209 τιὴ
557 4141 850 4209 δυνάμενοι
883 4143 1218 4210 κατανοῆσαι
1253 4145 1410 4206 αὐτὰ,
1447 4146 1754 4199 πλανῶνται
1782 4149 1890 4201 ἀπὸ

301 4235 402 4296 τῆς
435 4232 732 4299 ἀληθείας,
763 4237 854 4285 καὶ
893 4234 1112 4300 λέγουσι
1162 4237 1229 4288 τὰ
1279 4241 1377 4305 τῆς
1421 4238 1659 4300 διανοίας
1711 4241 1890 4292 αὐτῶν

305 4326 755 4392 ἀναπλάσματα,
792 4325 874 4376 ὅτι
904 4323 1024 4388 Πῶς
1055 4328 1169 4378 ἐστι
1207 4327 1430 4380 δυνατὸν
1461 4327 1604 4395 ἔχειν
1635 4328 1724 4380 τὸν
1757 4329 1891 4381 Θεὸν

307 4418 421 4470 υξὸν
455 4417 605 4469 ἄνευ
637 4415 932 4481 γυναικός;
969 4419 1062 4468 καὶ
1093 4418 1264 4470 ταῦτα
1300 4419 1444 4480 τίνες
1472 4420 1523 4470 οἱ
1557 4419 1891 4490 ἐρευνῶντες

302 4510 403 4574 τὴν
436 4505 545 4558 τοῦ
576 4504 708 4556 Θεοῦ
739 4506 1028 4572 γέννησινς
1068 4505 1132 4560 Οἱ
1167 4509 1251 4577 μὴ,
1281 4509 1636 4575 γινώσκοντες
1689 4512 1891 4573 πόσους

302 4599 570 4667 ἀστέρας
631 4594 744 4664 ἔχει
803 4598 831 4650 6
885 4598 1134 4666 οὐρανὸς,
1188 4600 1358 4662 πόσας
1419 4601 1649 4662 κοτύλας
1711 4601 1900 4664 ὓδατος

304 4691 420 4758 ἔχει
472 4691 548 4741 τὸ
581 4689 835 4755 πέλαγος,
867 4690 1008 4760 πόση
1043 4691 1190 4744 ἐστὶν
1225 4694 1252 4762 ἠ
1303 4692 1452 4761 παρὰ
1502 4693 1561 4744 τὸ
1604 4693 1780 4762 χεῖλος
1804 4695 1902 4760 τῆς

307 4780 618 4845 θαλάσσης
665 4778 869 4848 ἄμμος,
901 4781 993 4832 καὶ
1043 4781 1175 4834 ἄλλα
1225 4783 1387 4848 ὃμοια
1441 4781 1652 4843 τούτοις
1708 4782 1900 4850 μυρία.

307 4873 424 4924 Καὶ
451 4872 567 4940 τὴν
599 4869 803 4923 τούτων
828 4871 1132 4941 κατάληψιν
1165 4873 1509 4939 ἀγνοοῦντες,
1553 4873 1903 4926 πιστεύουσιν

305 4963 496 5034 ὅμως,
534 4964 620 5014 ὅτι
651 4959 786 5015 Θεοῦ
830 4964 937 5014 εἰσι
972 4964 1268 5032 ποιήματα,
1306 4964 1397 5016 καὶ
1443 4967 1504 5017 ὲν
1546 4965 1738 5034 εἰρήνῃ
1770 4966 1902 5017 δια-

310 5071 506 5119 γουσι,
554 5051 654 5119 τὴν
704 5053 760 5104 δὲ
797 5051 894 5104 τοῦ
930 5049 1060 5104 Υίοῦ
1090 5053 1184 5104 τοῦ
1217 5053 1350 5105 Θεοῦ
1385 5055 1640 5122 γέννησιν
1676 5054 1901 5123 6x9160-

309 5145 591 5211 λ’νίοῦσιν
636 5144 785 5211 ὅμως
815 5145 1014 5196 ἐκείνοι
1041 5146 1094 5196 οἳ
1135 5144 1208 5213 μὴ
1253 5144 1610 5210 γινώσκοντες
1638 5143 1736 5213 τὴν
1767 5145 1900 5197 ἰδίαν

309 5239 613 5304 γέννησιν·
649 5235 967 5287 εἰπάτωσαν
1007 5235 1160 5305 ἡμῖν,
1198 5235 1310 5297 πῶς
1353 5234 1690 5304 ὲσωματώθη
1721 5235 1781 5286 τὸ
1808 5235 1901 5287 τοῦ

310 5329 546 5396 πατρὸς
603 5327 783 5378 αὐτῶν
837 5329 1058 5395 σπέρμα
1113 5330 1169 5379 ὲν
1218 5329 1284 5397 τῇ
1333 5327 1510 5396 κοιλία
1556 5327 1649 5394 τῆς
1699 5326 1902 5396 μητρὸς

315 5417 543 5480 αὐτῶν,
580 5416 674 5468 καὶ
707 5417 837 5469 πότε
868 5420 1084 5484 ἐγένετο
1131 5420 1162 5488 ἡ
1191 5416 1335 5488 ψυχὴ
1388 5418 1563 5469 αὐτῶν
1608 5417 1662 5467 ἐν
1698 5416 1772 5482 τῷ
1803 5415 1906 5466 σώ-

321 5529 464 5581 ματι
521 5509 726 5570 αὐτῶν,
759 5511 850 5560 και.
885 5512 1016 5561 ποτε
1061 5505 1243 5578 ἦλθεν,
1277 5509 1370 5562 καὶ
1418 5510 1466 5559 εί
1513 5506 1765 5574 ἡνωμένη
1794 5504 1908 5556 ἐστὶ

325 5601 482 5668 μετᾶ
540 5599 634 5650 τοῦ
685 5601 1020 5670 σπέρματος,
1053 5599 1086 5669 ἦ
1118 5599 1207 5666 οῦ;
1242 5601 1329 5652 καὶ
1362 5599 1408 5650 εί
1454 5597 1596 5649 ἔστιν
1633 5595 1907 5666 ἡνωμένη,

406 5760 458 5790 δ’
499 5756 640 5812 Ibid.
673 5757 758 5814 17.

1967 1837 2194 1901 auditis,
2241 1839 2457 1892 discant
2505 1853 2607 1891 nos
2663 1847 2810 1892 recte
2860 1840 3103 1903 sentire;
3149 1841 3542 1907 quamvis'uos

1970 1927 2439 1982 Musulmanorum
2495 1930 2893 1983 intercessione
2943 1944 3080 1997 opus
3136 1927 3340 1981 habere
3394 1927 3538 1996 judi-

1967 2029 2114 2083 cent,
2140 2019 2604 2089 quemadmodum
2635 2030 2689 2074 tu
2732 2019 2892 2085 dicis,
2923 2035 2990 2074 eo
3012 2019 3169 2089 Lquod
3211 2020 3541 2074 confitemur

1931 2121 2025 2168 χοι
2054 2112 2334 2167 credimus
2373 2110 2654 2166 Christum
2695 2111 2790 2166 Dei
2838 2111 3038 2167 Filiqu
3074 2127 3196 2167 esse
3244 2121 3301 2166 et
3343 2113 3538 2175 Deum,

1969 2205 2429 2274 quemadmodum
2463 2214 2519 2258 tu
2551 2205 2607 2259 in
2628 2206 2858 2274 epistola
2895 2206 2961 2259 ad
2993 2221 3079 2259 me
3114 2205 3280 2275 missa
3321 2204 3539 2259 scribis.
3621 2190 3630 2194 ’

1969 2295 2295 2349 Defecerunt
2333 2305 2517 2349 autem
2544 2296 2610 2349 ab
2637 2296 2741 2350 hoc
2765 2296 2962 2361 Graeci,
2994 2295 3317 2350 defecerunt
3341 2297 3409 2350 ab
3436 2293 3542 2350 hoc

1976 2383 2210 2450 Hebraei,
2264 2386 2332 2440 ab
2383 2386 2576 2440 eodem
2631 2388 2798 2441 etiam
2851 2387 3203 2450 Musulmani,
3254 2397 3542 2457 prepterea

1973 2477 2119 2546 quod
2155 2477 2270 2530 haec
2301 2492 2409 2530 non
2443 2485 2503 2530 ut
2534 2476 2637 2531 fide
2667 2477 2829 2548 digna
2864 2494 2962 2546 per
3004 2477 3164 2532 [idem
3190 2487 3542 2546 receperunt,

1973 2568 2070 2624 sed
2105 2568 2672 2624 demoustrationibus
2701 2569 2994 2637 cupierunt
3034 2570 3330 2639 inquirere.
3367 2569 3546 2624 Minus

1974 2669 2154 2716 tamen
2191 2661 2388 2725 Graeci,
2419 2662 2512 2730 qui
2540 2661 2699 2715 libris
2731 2662 2896 2715 simul
2934 2671 2988 2716 et
3015 2662 3302 2730 prophetis
3333 2672 3544 2728 carent,

1976 2755 2262 2808 incusandi
2291 2765 2440 2818 sunt,
2474 2767 2636 2822 quam
2673 2753 2844 2808 Judaai
2877 2764 2932 2808 et
2965 2753 3310 2808 Musulmani.
3355 2753 3546 2809 Nonne

1974 2849 2124 2901 enim
2167 2848 2458 2901 ridiculum
2489 2857 2589 2911 est,
2632 2848 2780 2917 quod
2807 2849 2956 2916 ipsos
2987 2848 3158 2901 libros
3191 2856 3544 2911 venerantur,

1976 2951 2039 2994 ea
2080 2955 2213 2992 vero
2263 2954 2383 3007 quae
2442 2939 2496 2992 in
2547 2939 2683 3008 ipsis
2735 2941 3112 3003 continentur,
3165 2949 3546 2994 contemnunt.

1977 3039 2032 3084 et
2070 3047 2192 3085 cum
2229 3033 2519 3101 prophetas
2559 3031 2750 3084 beatos
2782 3046 2902 3084 esse
2936 3030 3252 3098 praedicent,
3295 3045 3421 3083 eum
3454 3031 3547 3098 qui

1979 3125 2046 3174 ah
2077 3123 2213 3189 ipsis
2243 3123 2539 3190 praedictus
2567 3132 2670 3185 est,
2705 3111 3077 3174 aversantur?
3104 3121 3331 3180 Maxime
3369 3131 3547 3174 tamen

1979 3213 2225 3266 omnium
2293 3213 2620 3267 Musulmani
2679 3211 3048 3280 vituperandi,
3101 3213 3194 3280 qui
3263 3228 3386 3265 cum
3423 3221 3548 3284 luna

1980 3318 2106 3356 cum
2166 3303 2288 3356 aliis
2337 3303 2490 3356 libris
2547 3303 2747 3357 Christi
2811 3301 3164 3371 Evangelium
3222 3317 3319 3354 ceu
3367 3317 3554 3356 sacro-

1981 3404 2255 3457 sanctum,
2305 3393 2614 3446 absolutum
2642 3400 2708 3446 'ct
2750 3393 2996 3446 divinum
3042 3393 3328 3460 recipiant,
3367 3393 3552 3447 verbis

1982 3483 2151 3538 nudis
2184 3485 2315 3538 illud
2355 3497 2709 3546 venerantur,
2742 3484 2898 3538 factis
2924 3499 3054 3538 vero
3096 3493 3307 3537 tantum
3349 3483 3416 3537 ab
3456 3484 3551 3537 illo

1985 3576 2274 3638 dissident,
2309 3584 2574 3644 quantum
2611 3575 2810 3628 caelum
2860 3591 2889 3628 a
2931 3583 3074 3628 terra
3130 3575 3317 3637 distat,
3360 3582 3417 3627 et
3467 3590 3554 3627 re—

1984 3670 2111 3723 licta
2143 3669 2389 3722 veritatis
2423 3668 2531 3729 via,
2577 3681 2744 3721 vanas
2784 3675 2840 3721 et
2871 3665 3211 3720 errabundas
3243 3666 3552 3720 Cmcorum

1987 3760 2280 3826 Opinioncs
2314 3768 2642 3828 sequuntur,
2693 3769 2748 3812 et
2790 3769 2912 3826 qure
2955 3757 3269 3810 intellectus
3306 3756 3553 3823 ipsorum
3627 3773 3633 3777 ·

1989 3865 2186 3920 Capere
2234 3851 2445 3920 nequit,
2495 3853 2720 3904 omnino
2762 3863 2869 3903 non
2913 3849 3226 3916 recipiunt;
3276 3849 3373 3902 sed
3422 3847 3555 3902 dum

1990 3959 2156 4014 supra
2217 3952 2470 3997 naturam
2523 3935 2736 4010 singula
2792 3939 3185 4008 investigantes
3246 3955 3309 3992 ea
3363 3955 3560 4008 appre-

1995 4035 2234 4088 hendere
2257 4044 2365 4087 n63:
2403 4041 2655 4102 possunt,
2683 4046 2712 4085 a
2747 4031 2979 4084 veritate
3017 4030 3294 4092 aberrant,
3323 4038 3379 4083 et
3414 4030 3561 4098 cogi-

1993 4127 2260 4180 tationum
2289 4139 2513 4178 suarum
2549 4123 2804 4193 ﬁgmenta
2830 4121 3139 4188 proferunt,
3167 4135 3386 4187 nempe,
3415 4119 3562 4184 Quo-

1994 4216 2156 4271 modo
2200 4215 2460 4284 possibile
2506 4222 2590 4269 est
2637 4224 2696 4266 ut
2747 4207 2894 4266 Deus
2943 4211 3141 4266 habeat
3193 4209 3390 4263 Filium
3441 4211 3560 4264 sine

1996 4307 2272 4362 muliere?
2301 4307 2368 4360 Et
2393 4306 2448 4360 hi
2481 4313 2615 4359 sunt'
2633 4305 2727 4374 qui
2762 4311 3180 4373 perscrutantur
3202 4302 3440 4371 penitius
3464 4303 3559 4355 Dei

1994 4399 2424 4468 generationem,
2471 4407 2527 4452 et
2581 4397 2835 4466 ignorant
2877 4394 3095 4447 interim
3149 4402 3283 4461 quot
3320 4393 3374 4446 in
3424 4393 3564 4446 C(Blu

2001 4491 2171 4544 stellae
2203 4490 2442 4554 luceant,
2484 4496 2620 4556 quot
2660 4501 2814 4555 aqua:
2845 4499 3131 4539 mensuras
3167 4483 3446 4537 contineat
3476 4498 3567 4551 pe-

1996 4584 2172 4653 lagus,
2205 4592 2445 4650 quantus
2472 4580 2546 4634 sit’
2568 4593 2749 4633 arenae
2780 4579 2834 4632 in
2861 4576 3050 4630 littore
3089 4574 3254 4628 maris
3282 4587 3566 4631 numerus,

1997 4685 2053 4729 et
2083 4675 2188 4728 alia
2220 4671 2535 4742 huiusmodi
2571 4671 2807 4726 infinita.
2852 4668 2917 4722 Et
2947 4669 3075 4722 licet
3117 4667 3314 4718 horum
3358 4672 3565 4717 certam

2001 4767 2269 4819 rationem
2313 4766 2586 4833 ignorent,
2625 4761 2856 4816 credunt
2907 4767 3086 4811 tamen
3117 4755 3260 4825 quod
3309 4755 3422 4806 lucc
3471 4751 3564 4804 Dei

2002 4873 2169 4927 Opera
2201 4857 2330 4920 sint,
2367 4869 2544 4923 neque
2583 4853 2650 4905 de
2693 4853 2776 4904 his
2810 4850 3234 4903 tumultuantur.
3272 4845 3390 4897 Filii
3439 4859 3564 4894 vero

2009 4945 2102 5002 Dei
2124 4948 2527 5016 generationem
2556 4945 2802 5011 argutius
2827 4940 3055 4992 scrutari
3092 4946 3320 4990 lcul'tltl.
3355 4934 3405 4986 lii
3439 4932 3562 5000 ipsi,

2013 5042 2268 5107 inquam‘,
2323 5037 2414 5104 qui
2474 5051 2573 5087 nec
2639 5030 2908 5099 propriam
2963 5030 3042 5079 sui
3103 5027 3272 5092 ipsius
3334 5038 3565 5088 genera-

2011 5134 2212 5186 tionem
2256 5135 2551 5180 novernnt.
2600 5123 2839 5190 Agedum
2872 5119 3057 5169 dicant
3103 5117 3176 5167 illi
3223 5115 3401 5177 nobis,
3434 5129 3570 5180 qun-

2013 5221 2171 5274 modo
2200 5219 2367 5286 patris
2401 5217 2642 5282 ipsorum
2677 5227 2863 5264 semen
2892 5210 2944 5261 in
2978 5207 3165 5261 matris
3190 5213 3344 5258 utero
3369 5209 3569 5270 eoran

2011 5313 2212 5366 factum
2261 5309 2370 5372 sit,‘
2401 5316 2455 5360 et
2502 5304 2719 5371 quando
2757 5302 2936 5355 anima
2988 5300 3229 5368 ipsorum
3273 5296 3326 5348 in
3370 5308 3569 5359 corpus

2012 5407 2315 5466 devenerit,
2366 5404 2448 5455 vel
2504 5415 2634 5453 num
2688 5395 2987 5449 adveniens
3023 5405 3146 5444 cum
3197 5388 3316 5454 ipso
3355 5385 3569 5438 semine

2012 5497 2298 5564 emijnneta
2327 5494 2406 5546 vel
2444 5493 2592 5544 unita
2623 5489 2806 5549 fuerit,
2840 5500 2934 5540 seu
2970 5483 3169 5534 minus.
3195 5476 3311 5539 Vel,
3346 5476 3390 5528 si
3421 5476 3572 5529 unita

2016 5589 2138 5653 fuit,
2189 5584 2462 5656 quodnam
2519 5582 2649 5635 illud
2703 5581 2768 5632 sit
2824 5576 3045 5630 nniunis
3094 5569 3396 5625 vinculum.
3453 5566 3570 5630 Vel,
