3970 6212
415 342 524 402 435
589 404 606 416 ,

1589 346 1910 408 JOA‘NNIS
1950 351 2471 412 CANTACUZENI

3533 355 3640 420 £36

384 452 563 522 ,quod
596 453 639 506 si
677 455 826 509 unita
853 471 973 508 cum
1003 457 1214 509 semine
1244 472 1348 509 non
1381 466 1482 516 est,
1514 459 1734 526 quando
1758 464 1970 514 tandem

2083 463 2218 532 ποίῳ
2245 466 2431 532 τρόπῳ
2479 465 2793 533 εὑρίσκεται
2826 467 3116 536 ἡνωμένης
3169 468 3217 520 εἰ
3263 466 3319 520 δὲ
3347 469 3447 520 οῦκ
3491 469 3644 522 ἔστιν

415 561 537 598 eum
577 562 804 613 empore
856 547 1098 608 uniatur,
1148 548 1290 600 unde
1335 549 1498 601 etiam
1541 551 1745 615 veniat,
1777 559 1833 603 et
1878 550 1968 602 ubi

414 647 536 688 ante
580 637 869 688 adventum
921 652 1081 688 suum
1128 637 1183 699 in
1234 654 1430 706 corpus
1483 639 1748 701 exsistat,
1812 649 1867 691 et
1919 638 1970 689 in

339 735 347 743 '
413 745 520 794 quo
550 729 668 780 loco
704 740 1096 782 commoretur.
1125 729 1280 793 Quod
1310 730 1352 781 si
1386 729 1496 782 inec
1523 728 1742 796 cognitu
1775 729 1975 794 impos—

410 817 588 870 sibilia
627 823 775 880 sunt,
810 832 934 884 quia
976 817 1030 869 lit
1061 826 1115 868 ut
1149 819 1240 870 Dei
1279 818 1689 886 generationem
1725 832 1976 886 perscru-

413 915 615 964 lentur,
681 907 771 974 qui
845 909 1120 976 propriam
1181 910 1366 970 vitam,
1429 927 1534 977 qua
1593 909 1802 973 vivunt,
1862 925 1970 961 non

404 1006 766 1064 COgnoscunt,
806 1015 980 1066 neque
1016 1000 1197 1052 sciunt
1230 1017 1295 1051 an
1335 1001 1384 1052 in
1414 1000 1714 1052 crastinum
1772 999 1971 1052 victuri

407 1087 532 1147 sint,
566 1087 852 1155 inquirunt
881 1105 982 1157 qua
1012 1091 1216 1142 ratione
1243 1090 1494 1144 Christus
1533 1093 1603 1144 sit
1633 1092 1726 1145 Dei
1760 1093 1974 1147 Filius?

364 1178 619 1250 ,Quique
671 1179 920 1244 ignorant
978 1181 1260 1248 cujusnam
1309 1183 1475 1249 patris
1522 1182 1621 1247 ipsi
1672 1181 1766 1234 ﬁlii
1816 1184 1969 1246 sint,

405 1282 595 1322 verum
654 1269 849 1338 singuli
913 1281 1147 1322 matrum
1204 1287 1424 1323 suarum
1477 1271 1656 1323 verbis
1703 1273 1964 1334 credunt,

407 1358 608 1425 quibus
653 1359 767 1411 fieri
813 1372 994 1427 potest
1046 1371 1102 1414 ut
1137 1363 1352 1431 decepti
1388 1363 1494 1415 alio
1533 1365 1753 1417 nomine
1791 1365 1976 1433 appel-

405 1447 587 1502 Lentur
640 1467 738 1518 pro
789 1468 916 1504 vero
963 1464 1019 1506 et
1069 1463 1334 1522 paterno;
1385 1455 1618 1509 credunt
1668 1464 1866 1518 tamen,
1920 1465 1976 1509 et

407 1539 537 1592 falsa
569 1558 664 1608 pro
686 1543 827 1594 veris
859 1544 1165 1612 recipiunt,
1205 1547 1594 1614 prophetarum
1622 1557 1800 1601 autem
1833 1563 1960 1601 ora-

407 1633 528 1683 cula
566 1633 848 1695 danmaut,
903 1646 958 1687 et
1004 1637 1208 1690 Christi
1255 1653 1537 1691 sermones
1585 1648 1969 1705 contemnunt,

407 1723 621 1791 illisque
685 1726 844 1778 tidem
906 1737 1123 1795 negant.
1198 1728 1542 1796 Quapropter
1616 1745 1964 1797 nequaquam

409 1815 623 1866 illorum
689 1832 916 1882 capaces
964 1827 1110 1883 sunt,
1161 1837 1280 1886 qua:
1323 1829 1571 1873 naturam
1619 1835 1837 1872 omnem
1873 1835 1968 1873 ex-

407 1903 630 1964 t't'dllttl,
686 1922 805 1974 qua:
846 1925 944 1960 nec
981 1909 1081 1976 ipsi
1139 1911 1312 1978 angeli
1356 1922 1588 1978 possunt
1644 1911 1970 1979 intelligere,

408 1999 606 2051 nedum
639 2011 694 2051 ut
737 1999 791 2050 hi
837 2016 936 2051 suo
984 2001 1264 2053 intellectu
1306 2003 1650 2070 percipiant;
1690 2002 1783 2070 qui
1823 2002 1972 2071 igno-

408 2098 559 2150 rant,
620 2090 764 2156 quod
822 2090 1106 2153 Christus,
1173 2109 1332 2157 quem
1389 2093 1491 2160 ipsi
1557 2093 1791 2146 Verbum
1849 2092 1966 2154 Dei,

405 2181 640 2232 animam
670 2180 780 2243 Dei,
811 2193 857 2233 et
882 2183 1143 2249 Spiritqu
1174 2185 1266 2236 Dei
1299 2185 1594 2252 appcliant,
1631 2185 1825 2238 millies
1853 2199 1972 2239 sese

407 2273 600 2325 Filium
642 2274 731 2326 Dei
773 2273 997 2338 dixerit;
1045 2289 1098 2328 et
1132 2277 1276 2343 quod
1327 2293 1352 2328 a
1399 2277 1579 2329 Verbo
1622 2277 1712 2330 Dei
1753 2276 1974 2329 menda-

405 2364 547 2415 cium
582 2363 687 2416 dici
713 2373 766 2416 ct
797 2365 1112 2417 annuntiari
1155 2367 1223 2420 sit
1263 2366 1624 2433 impossibile,
1662 2366 1968 2430 imprimite-

406 2455 574 2508 dilate
605 2465 660 2507 et
692 2456 806 2508 sine
836 2455 1180 2510 dubitatione
1221 2457 1454 2511 credunt
1491 2458 1655 2526 (quis
1683 2459 1830 2512 enim
1861 2467 1969 2511 tam

406 2549 605 2601 stultus
638 2559 690 2600 et
721 2547 996 2615 stupidus.
1043 2558 1205 2602 tantae
1249 2549 1356 2602 imo
1405 2549 1761 2618 impudentiae
1804 2558 1966 2612 esset,

407 2642 498 2708 qui
534 2641 772 2693 Verbum
831 2641 926 2692 Dei
974 2642 1248 2694 mendacii
1311 2637 1609 2709 eoat-gnere
1663 2641 1967 2708 auderet?)

406 2735 735 2788 Mnsulmani
789 2744 989 2794 tamen,
1053 2751 1177 2789 cum
1231 2735 1517 2789 manifeste
1581 2735 1800 2803 obloqui
1855 2742 1968 2788 non

407 2827 640 2895 possint.
692 2827 859 2893 ipsam
912 2828 1199 2880 veritatem
1260 2827 1547 2879 calumniis
1595 2827 1845 2880 inﬁciunt
1888 2825 1970 2879 di-

407 2919 602 2977 cendo.
647 2919 790 2987 quod
821 2918 1074 2971 Christus
1119 2918 1225 2970 hoc
1265 2935 1373 2971 non
1412 2918 1634 2978 dixerit,
1686 2917 1778 2970 sed
1808 2916 1966 2970 Chri-
2021 2975 2025 2979 ,

406 3009 592 3071 stiani,
634 3024 732 3060 nec
750 3008 1045 3076 quidquam
1080 3008 1203 3060 boni
1240 3008 1370 3060 illud
1403 3015 1782 3075 argumentum
1806 3005 1964 3075 apud

2078 556 2353 622 ἡνωμένη,
2411 556 2539 608 πότε
2589 557 2822 619 ἑνοῦται,
2874 559 2969 609 καὶ
3039 559 3200 610 πόθεν
3251 557 3493 627 ἔρχεται,
3543 560 3643 612 καὶ

2076 642 2207 708 πρὶν
2250 643 2281 710 ἦ
2336 642 2462 712 ἔλθῃ
2513 643 2614 694 ποῦ
2660 644 2993 712 εὑρίσκεται,
3048 647 3142 698 καὶ
3190 647 3246 697 ὲν
3297 646 3436 714 ποεῳ
3489 647 3644 716 τόπῳ

2075 731 2392 797 αὑλίζεταις
2427 734 2487 784 Εἰ
2547 735 2604 784 δὲ
2660 734 2833 787 ταῦτα
2888 735 3145 796 ἀδύνατα,
3199 735 3316 798 πῶς
3373 738 3644 806 ἐρευνῶσι

2074 823 2209 874 Θεοῦ
2246 825 2538 891 γέννησιν;
2570 826 2679 877 Καὶ
2711 826 2913 887 οἵτινες
2943 827 3044 878 οὐκ
3078 827 3254 880 οἴδασι
3281 828 3382 898 τὴν
3425 829 3638 882 ἑαυτῶν

2075 913 2239 984 ζωὴν,
2263 916 2383 968 οὐδὲ
2415 917 2753 981 ἐπίστανται,
2783 918 2941 987 εἴπερ
2969 919 3254 986 μέλλουσιν
3283 920 3635 987 εὑρίσκεσθαι

2072 1006 2171 1070 τὴν
2205 1004 2394 1074 αὔριον
2421 1006 2638 1068 ζῶντες,
2672 1003 2986 1071 ἐξετάζουσι
3018 1010 3135 1071 πῶς
3163 1012 3191 1062 ό
3234 1011 3470 1078 Χριστὸς
3512 1012 3640 1073 Υἱὸς

2073 1096 2206 1148 Θεοῦ
2251 1099 2403 1163 ὲστι;
2438 1099 2535 1150 καὶ
2585 1098 2780 1162 οἵτινες
2834 1102 2932 1153 οὐκ
2985 1101 3159 1154 οἴδασι
3215 1102 3374 1154 ποίου
3434 1104 3643 1172 πατρὸς

2074 1188 2181 1239 υἱοὶ
2210 1189 2586 1256 εὑρίσκονται,
2612 1189 2726 1242 ἀλλ’
2762 1190 2995 1252 ἕκαστος
3043 1191 3338 1245 πιστοῦται
3382 1195 3494 1256 τοῖς
3544 1196 3645 1263 τῆς

2077 1282 2282 1348 μητρὸς
2308 1281 2472 1332 αὑτοῦ
2503 1281 2703 1350 λόγοις,
2733 1281 2880 1335 ἐστιν
2910 1284 2994 1335 ὅτε
3031 1284 3124 1336 καὶ
3156 1283 3449 1337 ἀκούουσιν
3481 1286 3641 1338 ἄλλον

2075 1367 2190 1419 ἀντ’
2247 1367 2429 1432 ἄλλου,
2480 1372 2573 1422 καὶ
2625 1374 2968 1436 πιστεύουσι,
3017 1375 3113 1426 καὶ
3163 1374 3410 1442 δέχονται
3446 1375 3515 1426 τά
3567 1375 3645 1445 μὴ

2073 1458 2200 1510 ὄντα
2225 1459 2300 1521 ὡς
2339 1460 2486 1522 ὄντα,
2521 1460 2646 1521 τοὺς
2673 1461 2731 1512 δὲ
2766 1462 2960 1528 λόγους
2991 1462 3100 1513 τῶν
3132 1464 3429 1532 προφητῶν
3455 1481 3646 1533 παρα-

2073 1551 2396 1618 γράφονται.
2423 1551 2519 1602 καὶ
2555 1551 2680 1612 τοὺς
2721 1549 2813 1603 τοῦ
2861 1550 3102 1621 Χριστοῦ
3134 1552 3330 1619 λόγους
3362 1553 3642 1620 άθετοῦσι,

2075 1641 2168 1692 καὶ
2215 1641 2276 1693 οὐ
2336 1641 2674 1694 πιστεύουσι.
2737 1641 2829 1694 Διὸ
2885 1643 3039 1695 οὐδέν
3110 1646 3253 1696 εΞσιν
3322 1644 3494 1697 ἱκανοὶ
3553 1645 3648 1698 ἵνα

2079 1733 2316 1799 νοήσωσι
2344 1733 2412 1784 τά
2444 1733 2581 1802 ὑπὲρ
2609 1731 2806 1800 φύσιν,
2829 1731 2924 1784 καὶ
2951 1731 2988 1785 ά
3017 1733 3137 1785 οὐδὲ
3165 1733 3320 1785 αὐτοὶ
3342 1735 3389 1785 οἱ
3415 1733 3645 1800 ἄγγελοι

2079 1825 2333 1878 δύνανται
2385 1825 2468 1877 ἵνα
2517 1826 2770 1894 νοήσωσι,
2803 1826 2898 1878 καὶ
2944 1826 3032 1878 ἴνα
3075 1824 3279 1894 βάλωσι
3321 1827 3464 1878 κατὰ
3512 1824 3647 1877 νοῦν

2073 1915 2254 1968 αὐτῶν
2300 1916 2352 1966 οἱ
2398 1915 2739 1984 ἀναίσθητοι,
2775 1915 2849 1977 ὡς
2881 1919 2908 1968 ὁ
2940 1917 3192 1983 Χριστὸς,
3225 1915 3283 1967 ὃν
3309 1916 3556 1982 λέγουσιν
3587 1916 3638 1967 οι

2073 2006 2488 2074 Μουσουλμάνοι
2519 2005 2695 2073 Λόγον
2751 2004 2910 2069 Θεοῦ,
2952 2006 3047 2059 καὶ
3095 2006 3276 2076 ψυχὴν
3329 2006 3488 2069 Θεοῦ,
3540 2007 3638 2058 καὶ

2073 2098 2296 2165 Πνεῦμα
2327 2097 2481 2160 Θεοῦ,
2515 2092 2635 2149 εἷπε
2671 2097 2925 2167 μυριάκις
2956 2097 3028 2158 ὡς
3052 2097 3180 2160 Υἱός
3215 2100 3330 2174 ἐστι
3359 2097 3453 2149 τοῦ
3477 2097 3632 2161 Θεοῦ,

2073 2192 2166 2242 καὶ
2214 2192 2334 2242 ἐπεὶ
2389 2191 2496 2242 ἀπὸ
2548 2188 2644 2242 τοῦ
2715 2189 2891 2255 Λόγου
2939 2189 3034 2240 τοῦ
3089 2189 3226 2242 Θεοῦ
3281 2189 3478 2256 ψεῦδος
3520 2191 3632 2240 τῶν

2071 2281 2349 2334 ἀδυνάτων
2425 2281 2574 2333 ἐστὶν
2653 2279 2922 2344 ἐξελθεῖν,
2994 2281 3463 2350 ἀλογοπραγήτως
3537 2282 3636 2332 καὶ

2072 2369 2447 2432 ἀνεξετάστως
2502 2369 2562 2420 οὐ
2619 2367 2937 2420 πιστεύουσι
2993 2368 3170 2420 τοῦτο.
3227 2369 3335 2419 Καὶ
3385 2367 3466 2429 τίς
3517 2368 3640 2420 ἐστι

2074 2460 2256 2529 μωρὸς
2318 2459 2414 2512 καὶ
2457 2460 2781 2525 ἀναίσθητος
2834 2459 3112 2522 τοσοῦτον,
3146 2457 3227 2509 ἔτι
3268 2457 3322 2509 δὲ
3364 2457 3458 2509 καὶ
3486 2458 3642 2508 ἀναί-

2072 2569 2312 2619 σχυντος.
2359 2553 2387 2603 ὁ
2437 2550 2646 2618 μέλλων
2695 2538 2990 2619 τολμήσειν
3031 2551 3208 2602 εἰπεῖν
3258 2550 3340 2601 ὅτι
3377 2549 3487 2602 ἀπὸ
3533 2548 3635 2600 τοῦ

2070 2645 2245 2710 Λόγου
2279 2641 2373 2695 τοῦ
2404 2642 2539 2695 Θεοῦ
2591 2642 2812 2695 δύναται
2861 2640 3056 2710 ψεῦδος
3100 2641 3369 2706 ὲξελθεῖνς
3409 2640 3473 2693 Ol
3503 2639 3641 2707 γοῦν

2068 2732 2484 2800 Μουσουλμάνοι
2547 2731 2800 2800 φανερῶς
2850 2733 3130 2785 ἀντειπεῖν
3181 2731 3254 2801 μὴ
3308 2730 3636 2798 δυνάμενοι,

2068 2823 2411 2876 διαϐάλλουσι
2461 2825 2562 2892 τὴν
2615 2823 2894 2890 ἀλήθειαν,
2949 2824 3218 2891 λέγοντες,
3271 2825 3354 2876 ὅτι
3400 2823 3637 2890 Χριστὸς

2068 2917 2168 2966 οὐκ
2232 2910 2354 2966 εἷπε
2405 2914 2583 2978 τοῦτο,
2652 2915 2769 2966 ἀλλ’
2819 2916 2868 2968 ot
2923 2915 3260 2984 Χριστιανοί.
3314 2916 3424 2967 Καὶ
3482 2914 3641 2966 οὐδὲν

2070 3008 2380 3075 ἐνεργεῖται
2435 3005 2596 3058 τοῦτο
2652 3006 2833 3067 καλῶς
2880 3005 3010 3074 παρ’
3063 3007 3261 3066 αὐτῶν,
3309 3005 3425 3057 ἀλλ’
3471 3007 3634 3074 ἡμεῖς

407 3101 532 3154 illos
562 3100 776 3153 etiirere
817 3109 1012 3168 potest.
1047 3099 1158 3155 Nos
1200 3115 1333 3153 vero
1371 3098 1960 3161 Christianidicimus,

2075 3101 2124 3152 οἱ
2149 3097 2468 3170 Χριστιανοὶ
2496 3097 2749 3168 λέγομεν,
2784 3100 2865 3152 ὅτι
2907 3096 3252 3168 γινώσκομεν
3279 3099 3407 3160 τοὺς
3439 3097 3638 3164 λόγους

407 3193 552 3260 quod
613 3192 814 3247 Christi
875 3195 1058 3256 verba,
1129 3193 1329 3261 quibus
1384 3193 1737 3262 Evangelium
1792 3193 1968 3246 conti-

407 3294 591 3347 netur,
635 3299 1018 3353 agnoscamus.
1076 3285 1401 3339 Musulmani
1451 3294 1632 3337 autem
1677 3283 1969 3352 dupliciter

410 3383 673 3437 peccant;
709 3377 904 3442 partim
946 3374 1168 3444 quidem
1203 3375 1345 3442 quod
1388 3391 1496 3427 non
1543 3374 1776 3428 credunt
1815 3372 1971 3427 Chri-

405 3475 549 3516 stum
578 3480 697 3518 esse
721 3465 810 3518 Dei
837 3466 1052 3530 Filium,
1083 3468 1278 3535 partim
1304 3480 1435 3520 Vero
1459 3465 1604 3534 quod
1629 3465 1969 3519 Christianos

413 3556 481 3608 de
527 3556 690 3610 rebus
729 3557 831 3611 sibi
889 3572 1110 3627 quoque
1169 3557 1369 3626 ignotis
1431 3565 1712 3610 accusant.
1775 3557 1970 3610 Dicunt

406 3655 632 3702 autem:
675 3648 959 3713 Quomodo
999 3658 1080 3702 est
1130 3649 1396 3718 possibile
1444 3649 1612 3703 Deum
1646 3647 1849 3702 habere
1884 3646 1970 3700 Fi-

405 3740 539 3794 lium
575 3741 693 3794 sine
749 3741 1024 3794 muliere?
1061 3741 1130 3796 Et
1183 3743 1306 3809 quis
1358 3751 1466 3796 tam
1521 3741 1720 3793 stultus
1761 3748 1817 3792 et
1858 3747 1972 3792 stu-

406 3833 588 3902 pidus,
645 3844 706 3886 ut
758 3843 974 3886 tantum
1028 3833 1234 3887 crimen
1283 3841 1340 3885 et
1390 3832 1724 3898 impietatem
1777 3830 1971 3884 admit-

408 3924 594 3980 teret?
645 3924 875 3978 Deceret
925 3937 1092 3984 vero,
1151 3930 1210 3974 ut
1263 3921 1382 3974 sine
1429 3921 1577 3974 οιιιιιὶ
1628 3919 1970 3974 dubitatione

407 4015 522 4068 haec
574 4029 675 4083 pro
734 4014 907 4080 ipsius
951 4012 1158 4067 Christi
1207 4011 1772 4079 verbisreciperent.
1833 4009 1970 4065 Cum

371 4108 590 4158 'auteni
633 4104 944 4172 inquirunt,
997 4113 1054 4157 et
1103 4103 1419 4172 diligentius
1468 4103 1850 4172 curiosiusque
1899 4103 1972 4156 ri-

405 4205 647 4259 mantur,
683 4193 973 4248 manifeste
1019 4206 1264 4264 apparet,
1299 4195 1445 4264 quod
1488 4210 1591 4248 nec
1633 4195 1786 4248 illum
1816 4211 1972 4249 νει-ειη

406 4303 522 4341 cem
557 4301 677 4341 esse
706 4286 958 4347 credunt,
991 4301 1154 4354 quem
1203 4285 1296 4341 Dei
1347 4285 1584 4339 Verbum
1632 4301 1755 4340 esse
1802 4286 1972 4338 conli-

405 4385 591 4430 tentur
614 4394 628 4441 ;
655 4377 764 4432 imo
793 4391 892 4432 nec
913 4375 1164 4440 Abrahae,
1197 4391 1297 4430 nec
1321 4377 1534 4440 Davidi,
1558 4392 1658 4429 nec
1688 4375 1970 4444 prophetis

405 4465 566 4520 ﬁdem
605 4467 828 4523 habent.
874 4467 1312 4524 lncredulitatcm
1354 4452 1497 4522 enini
1538 4470 1787 4538 sequitur
1819 4469 1971 4538 igno-

407 4560 600 4613 rantia.
628 4559 792 4611 Isaias
819 4558 964 4612 enim
995 4560 1129 4613 dicit
1159 4577 1171 4612 :
1221 4579 1238 4610 ι
1289 4558 1400 4613 Nisi
1439 4559 1803 4623 credideritis,
1856 4574 1964 4611 non

404 4649 723 4715 intelligetis
770 4650 840 4705 '°.
879 4667 896 4699 ι
933 4650 1270 4717 lntelligisne
1311 4652 1585 4719 quomodo
1616 4651 1749 4703 ﬁdes
1777 4649 1966 4719 cogni-

404 4740 649 4804 tionem,
721 4739 1073 4798 incredulitas
1140 4756 1270 4794 vero
1323 4741 1686 4810 ignorantiam
1747 4740 1969 4809 pariat?

404 4831 566 4886 Fides
591 4841 770 4884 autem
817 4847 924 4883 non
958 4839 1040 4884 est
1072 4846 1256 4884 rermn
1295 4831 1615 4886 visibilium.
1659 4833 1788 4896 Quae
1819 4832 1966 4886 cnim

403 4905 681 4987 videntur,
731 4921 837 4975 ﬁde
873 4922 1020 4976 nulla
1051 4921 1340 4991 indigent;
1388 4922 1530 4976 clara
1571 4921 1716 4975 enim
1760 4936 1859 4989 per
1909 4935 1970 4976 se

383 5021 549 5068 sunt.
597 5013 756 5067 Fides
797 5021 978 5068 autem
1021 5027 1212 5070 earum
1243 5028 1426 5065 rerum
1472 5021 1557 5066 est
1591 5027 1712 5080 qum
1751 5026 1850 5065 nec
1891 5011 1969 5064 vi-

403 5107 622 5166 (lentur,
674 5119 775 5159 nec
823 5103 1107 5160 intellectu
1165 5103 1564 5173 percipiuntur.
1610 5102 1964 5172 Nequaquam

404 5196 568 5268 igitur
593 5211 688 5249 vos
719 5197 831 5249 lucc
857 5196 1133 5250 curiosius
1162 5195 1490 5264 investigare
1522 5193 1833 5262 oportebat,
1865 5206 1967 5246 nec

401 5288 669 5340 adversus
705 5287 987 5342 veritatem
1040 5285 1400 5349 contendere,
1444 5284 1537 5337 sed
1579 5285 1732 5352 sequi
1769 5292 1824 5338 et
1869 5297 1965 5351 pa-

403 5395 523 5438 rere
577 5379 799 5433 Abralne
832 5387 886 5434 et
925 5378 1230 5447 prophetis,
1277 5386 1333 5430 et
1383 5378 1654 5444 imprimis
1701 5376 1918 5430 Christo
1949 5391 1980 5449 ς.

400 5488 503 5531 nec
557 5472 783 5540 privata:
843 5469 1108 5523 voluntati
1166 5476 1218 5520 et
1270 5468 1496 5520 arbitrio
1559 5465 1966 5519 consentientes

403 5563 629 5618 dicere:
675 5559 1015 5629 [inpossibile
1061 5566 1146 5612 est
1191 5556 1302 5612 Deo
1332 5571 1454 5612 esse
1503 5556 1719 5621 Filium,
1768 5567 1823 5609 ut
1854 5571 1962 5611 non

441 5734 516 5766 ’δ”
554 5734 653 5790 Isa.
686 5730 780 5796 vn,
809 5735 858 5788 9.

1999 4432 2048 4491 D

2069 3191 2162 3245 τοῦ
2219 3190 2479 3260 Χριστοῦ,
2540 3191 2588 3242 οἱ
2647 3189 2862 3259 ἔχοντες
2919 3190 2980 3242 τὸ
3043 3187 3400 3256 Εὐαγγέλιον.
3465 3188 3526 3240 Οἱ
3577 3187 3635 3240 δὲ

2069 3281 2488 3351 Μουσουλμάνοι
2539 3281 2756 3334 ποιοῦσι
2801 3282 3023 3334 διπλοῦν
3064 3282 3126 3334 τὸ
3170 3279 3373 3335 κακόν·
3408 3279 3470 3331 τὸ
3509 3278 3634 3346 μιν,

2069 3377 2151 3428 ὅτι
2177 3375 2239 3427 οῦ
2269 3373 2617 3427 πιστεύουσιν
2643 3374 2716 3436 ὡς
2745 3377 2771 3428 ὁ
2795 3373 3026 3444 Χριστὸς
3052 3373 3180 3435 Υἱὸς
3200 3372 3294 3425 τοῦ
3321 3369 3456 3424 Θεοῦ
3480 3371 3598 3422 ἐστι
3619 3384 3636 3398 ⁶

2069 3469 2129 3522 τὸ
2156 3467 2220 3530 δ’,
2248 3468 2328 3519 ὅτι
2378 3465 2744 3535 κατηγοροῦσι
2784 3467 2922 3528 ’τοὺς
2970 3465 3354 3535 Χριστιανοὺς,
3392 3463 3473 3524 εἰς
3500 3459 3537 3515 ἃ
3571 3459 3637 3512 οὗ

2070 3557 2427 3626 γινώσκουσιν
2472 3559 2520 3610 οἱ
2565 3557 2999 3625 Μουσουλμάνοι,
3055 3555 3192 3609 ἀλλὰ
3245 3555 3518 3620 λέγουσιν,
3552 3551 3636 3604 ὄτι

2071 3649 2196 3710 Πῶς
2233 3649 2349 3699 ἐστι
2387 3647 2616 3699 δυνατὸν
2645 3645 2792 3716 ἔχειν
2837 3646 2930 3698 τὸν
2958 3643 3093 3697 Θεὸν
3127 3644 3254 3697 Υἱὺδ
3281 3643 3408 3697 ἄνευ
3447 3658 3643 3708 γυναι·-

2073 3737 2204 3800 κό;;
2238 3738 2331 3789 καὶ
2364 3738 2512 3797 ποῖος
2540 3736 2724 3805 μωρὸς
2755 3736 2851 3788 καὶ
2870 3733 3199 3804 ἀναίσθητος
3226 3733 3406 3802 μέλλει
3429 3731 3634 3784 ὑπολα-

2073 3829 2185 3879 ϐεῖν
2213 3826 2274 3880 τὺ
2314 3826 2574 3880 τοσοῦτον
2605 3826 2775 3880 κακὸν
2829 3827 2923 3879 καὶ
2978 3824 3076 3894 τὴν
3127 3825 3419 3886 ﬁat-562w»;
3449 3820 3635 3874 Καλὸν

2070 3912 2160 3986 ἦν,
2202 3917 2290 3969 ῐνα
2319 3915 2693 3980 ἀνεξετάστως
2731 3915 2994 3984 δέχωνται
3029 3913 3212 3976 τοῦτο,
3239 3913 3314 3976 ὡς
3341 3909 3506 3964 αὐτοῦ
3535 3909 3633 3963 τοῦ

2069 4008 2309 4078 Χριστοῦ
2339 4009 2552 4076 λόγους.
2578 4009 2642 4061 Et
2666 4008 2721 4060 δὲ
2751 4006 3069 4072 ἐξετάζουσι
3109 4007 3204 4058 καὶ
3237 4005 3638 4071 πολυπραγμο-

2071 4099 2244 4162 νοῦσι,
2271 4099 2532 4166 πρόδηλον
2576 4098 2656 4150 ὅτι
2697 4097 2755 4150 ὃν
2799 4096 3124 4165 ὁμολογοῦσι
3150 4095 3322 4163 Λόγον
3370 4091 3529 4155 Θεοῦ,
3573 4091 3638 4144 οὗ

2072 4193 2416 4246 πιστεύουσιν
2441 4192 2520 4243 ὅτι
2550 4189 2753 4260 ἀληθής
2776 4192 2943 4251 ἐστιν,
2968 4189 3083 4242 ἀλλ’
3111 4189 3230 4240 οὐδὲ
3253 4188 3341 4239 τὸν
3371 4185 3636 4252 Ἀϐραάμ

2071 4286 2167 4338 καὶ
2205 4284 2294 4336 τὸν
2323 4281 2486 4336 Δαϐἰδ
2513 4283 2606 4335 καὶ
2650 4284 2776 4344 τοὺς
2805 4283 3116 4351 προφήτας.
3151 4280 3230 4348 Τῇ
3267 4277 3376 4346 γὰρ
3401 4276 3636 4343 ἀπιστίᾳ.

2075 4375 2427 4427 ἐπακολουθεῖ
2484 4373 2696 4440 ἄγνοια.
2724 4375 2862 4440 Φησὶ
2890 4372 2996 4439 γὰρ
3035 4370 3282 4432 Ἡσαΐας.
3319 4386 3340 4419 ι
3378 4366 3504 4418 Ἐὰν
3558 4365 3636 4436 μὴ

2077 4467 2422 4536 πιστεύσητε,
2452 4467 2511 4518 οῦ
2568 4465 2642 4534 μὴ
2694 4466 2925 4521 συνείτε,
2960 4481 2978 4514 ι
3012 4461 3236 4522 Βλέπεις
3281 4459 3397 4521 πῶς
3425 4462 3491 4526 τῇ
3535 4459 3636 4527 μὲν

2076 4562 2257 4610 πῖστει
2311 4559 2498 4610 ἕπεται
2549 4557 2768 4624 γνῶσις,
2799 4556 2866 4624 τῇ
2901 4554 2956 4606 δὲ
2998 4551 3228 4620 ἀπιστίᾳ
3278 4550 3638 4604 ἐπακολουθεῖ

2074 4651 2300 4714 ﬁrma;
2337 4647 2514 4706 πίστις
2570 4647 2676 4712 γάρ
2729 4643 2830 4696 οὐκ
2869 4645 2986 4694 ἔστι
3041 4639 3382 4711 πραγμάτων
3430 4639 3621 4708 βλεποο

2079 4742 2253 4808 μένων
2300 4738 2410 4791 ’τὰ
2480 4737 2585 4804 γὰρ
2637 4736 2944 4804 βλεπόμενοι
3001 4733 3062 4785 οὐ
3109 4733 3318 4785 δέονται
3373 4733 3634 4793 πίστεως,

2075 4833 2284 4902 φανερά
2336 4832 2442 4900 γάρ
2494 4831 2671 4882 εἰσιν·
2723 4829 2755 4896 ή
2813 4827 2870 4879 δὲ
2915 4827 3096 4888 πίστις
3151 4825 3228 4894 μὴ
3285 4825 3640 4894 βλεπομένων

2076 4921 2440 4991 πραγμάτων,
2484 4917 2617 4987 μηδὲ
2666 4916 3082 4998 γινωσκομέιιων
3114 4914 3283 4968 ἐστίν.
3321 4913 3470 4966 Ἔδει
3506 4912 3642 4980 γοῦν

2074 5013 2170 5066 καὶ
2219 5013 2362 5080 ὑμᾶς
2410 5010 2482 5079 μὴ
2537 5009 3036 5076 πολυπραγμονεῖν,
3074 5007 3208 5076 μηδὲ
3260 5005 3639 5073 ἀντιφερίζειν

2073 5103 2210 5171 προς
2259 5101 2358 5168 τὴν
2409 5097 2685 5169 ἀλήθειαν,
2715 5097 2832 5149 ἀλλ’
2889 5096 3119 5149 ἕπεσθαι
3171 5097 3266 5148 καὶ
3313 5095 3636 5146 ἀκολουθεῖν

2079 5193 2330 5262 ’Λϐραάμ
2367 5192 2460 5244 καὶ
2508 5177 2621 5252 τοῖς
2665 5191 2994 5256 προφήταις,
3029 5187 3233 5257 μᾶλλον
3271 5187 3327 5239 δὲ
3372 5184 3522 5254 αὑτῷ
3551 5185 3629 5252 τῷ

2067 5283 2308 5354 Χριστῷ,
2360 5284 2456 5335 καὶ
2507 5283 2579 5351 μὴ
2651 5280 3000 5349 στοιχοῦντας
3054 5279 3132 5348 τῷ
3195 5279 3306 5348 ἰδίῳ
3361 5277 3633 5345 θελήματι

2068 5375 2275 5438 λέγειν,
2322 5373 2402 5424 ὅτι
2461 5371 2719 5424 ἀδύνατόν
2775 5371 2922 5420 ἐστιν
2966 5368 3110 5440 ἔχειν
3159 5369 3250 5432 τὸν
3303 5368 3435 5418 Θεὸν
3479 5367 3632 5430 Υἰὸν,

2073 5467 2264 5533 μήπως
2323 5464 2418 5532 (ὡς
2482 5462 2607 5531 φὴς)
2672 5455 2771 5512 ὦσι
2837 5463 2931 5513 καὶ
2985 5459 3256 5530 σχίσματα
3305 5461 3364 5510 ἐν
3421 5459 3634 5519 αὐτοῖς.

2070 5555 2440 5624 Πλανηθέντες
2487 5555 2598 5623 γὰρ
2648 5553 2742 5623 τῆς
2800 5551 3033 5628 ἀληθοῦς
3092 5555 3185 5604 καὶ
3227 5552 3442 5618 εὐθείας
3482 5553 3631 5619 ὁδοῦ,
