3970 6212
328 343 438 408 437

1297 351 1598 412 CONTRA
1637 350 2126 413 MAIIOMETEM
2173 353 2545 416 APOLOGIA
2589 336 2656 417 I.’

3478 353 3601 418 43$

334 460 544 527 μάταια
599 474 694 510 και
745 458 915 529 ψευδῆ
969 459 1150 529 λέγειν
1194 463 1256 516 οῦ
1312 462 1579 516 παύεσθε*
1615 465 1901 534 Πάντωςή

2025 465 2146 520 'orte
2198 468 2293 534 (ιιι
2325 479 2378 523 ιιι
2413 470 2634 538 inquis)
2673 467 2896 524 dissidia
2937 467 3083 522 inter
3124 471 3387 534 utrosque
3429 466 3573 518 exsi-

331 549 523 612 πίστις
569 549 628 613 ἐξ
678 552 847 620 ἀκοῆς
896 555 1034 608 ἐστι.
1083 554 1190 606 Καὶ
1232 556 1316 619 τίς
1349 555 1490 609 οὕτω
1531 559 1740 619 πιστὸς,
1776 557 1852 620 ὡς
1885 561 1912 610 6

330 637 430 688 τοῦ
470 638 604 690 Θεοῦ
633 641 830 707 Λόγος,
862 641 922 694 δν
961 643 1118 711 ὑμεῖς
1162 644 1349 712 λέγετε
1390 645 1570 715 ψυχὴν
1615 645 1773 708 Θεοῦ,
1817 648 1912 700 καὶ

331 728 570 796 Πνεῦμα
595 729 763 796 Θεοῦς
803 732 932 785 ποία
959 734 1017 786 δὲ
1049 736 1234 804 γραφὴ
1278 738 1552 807 ἀγιωτέρα
1584 739 1680 792 καὶ
1728 756 1914 792 πιστο-

329 823 476 888 τέρα
502 820 598 874 τοῦ
624 823 994 890 Εὑαγγελίους
1029 825 1058 878 6
1087 827 1151 896 δὴ
1179 828 1510 896 Εὑαγγέλιον
1539 830 1793 898 ὁμολογεῖ
1817 833 1912 883 καὶ

335 913 504 974 αὐτὸς
538 916 566 966 6
613 915 855 984 Μωάμεθ
912 918 1066 985 ἆγιον
1101 921 1196 972 καὶ
1228 921 1437 974 τέλειον
1466 937 1480 953 '
1515 922 1624 976 ἔδει
1653 923 1809 991 γοῦν,
1839 925 1914 987 ὼς

336 1003 582 1072 είρηται,
613 1006 696 1058 ἵνα
739 1009 1327 1082 ἀπολυπραγμονήττως
1374 1015 1666 1084 πιστεύητε
1705 1017 1774 1068 τὰ
1817 1015 1912 1068 τοῦ

333 1097 480 1150 Θεοῦ
518 1100 674 1165 λόγια
705 1105 798 1152 καὶ
826 1103 937 1155 τῶν
966 1107 1285 1174 προφητῶν.
1334 1107 1490 1159 Ἐτιτελ⁵
1523 1109 1578 1162 δὲ
1620 1112 1699 1170 εἰς
1730 1112 1916 1162 τοιαύ-

331 1206 443 1251 τας
475 1191 704 1255 ἀτοπίας
750 1194 1098 1262 εὑρίσκεσθε,
1139 1198 1249 1250 ίδοὺ
1289 1199 1598 1267 ὲξανάγκης
1647 1201 1915 1271 μέλλομεν

332 1281 519 1332 εἰπεῖν
568 1299 620 1334 τι
668 1286 1340 1358 παραδειγματικώτερον,
1384 1292 1432 1344 εί
1492 1294 1586 1344 καὶ
1635 1295 1702 1344 τὰ
1735 1310 1916 1364 παρα-

332 1374 612 1440 δείγματα
641 1377 700 1428 οὐ
739 1376 996 1432 δύνανται
1028 1381 1197 1446 δεῖξαι
1247 1385 1452 1454 ἀκριὸἦ
1487 1387 1587 1453 τὴν
1627 1387 1912 1456 ἀλήθειαν.

337 1462 638 1531 ἐξαιρέτως
687 1465 744 1517 δὲ
798 1470 880 1532 εἰς
936 1471 1027 1522 τὸν
1077 1471 1233 1525 Θεόν.
1301 1474 1426 1526 Τῶν
1479 1475 1758 1528 ἀδυνάτων
1807 1478 1916 1545 γάρ

335 1555 491 1605 ἐστιν
521 1555 866 1626 ἀνθρώπινον
901 1561 1026 1613 νοῦν
1069 1563 1248 1629 εὑρεῖν
1278 1581 1331 1616 τι
1379 1569 1614 1637 πρᾶγμα
1649 1567 1916 1632 είκὸνίζον

336 1649 588 1717 ἀκριϐῶς
617 1652 717 1721 τὴν
746 1652 843 1704 τοῦ
877 1652 1013 1706 θεοῦ
1045 1657 1322 1724 γέννησιν.
1359 1658 1551 1726 Ὅμως
1580 1660 1912 1729 ὲξανάγκης,

2011 570 2178 614 stant.
2213 561 2476 616 Errantes
2506 563 2651 616 enim
2681 577 2710 616 a
2741 577 2870 616 vero
2898 570 2951 615 et
2983 569 3134 615 recto
3164 559 3404 624 tramite,
3435 573 3588 611 vana-

2011 658 2066 702 ct
2097 651 2275 703 inania
2322 650 2470 719 loqui
2506 667 2786 720 nunquam
2819 651 3092 705 desinitis.
3128 649 3289 702 Fides
3325 658 3476 702 certe
3508 663 3572 700 ex

2011 743 2199 797 auditu
2249 751 2372 797 est:
2423 755 2478 798 et
2527 745 2656 813 quid
2702 759 2887 813 qumso
2935 751 3043 798 tam
3096 743 3200 796 ﬁde
3233 742 3456 809 dignum
3500 755 3585 793 es.

2012 851 2172 902 quam
2207 836 2447 889 Verbum
2481 837 2598 899 Dei,
2635 837 2779 904 quod
2814 852 2912 889 vos
2957 835 3193 888 animam
3230 833 3345 894 Dei.
3383 840 3439 885 et
3468 829 3560 898 Spi

2013 925 2179 978 ritum
2213 926 2304 979 Dei
2337 927 2669 994 appellatis?
2711 926 2842 990 Quae
2900 936 3079 980 autem
3115 923 3384 990 scriptura
3417 923 3591 974 Evan-

2014 1017 2155 1085 gelio
2184 1025 2266 1070 est
2311 1017 2576 1080 sanctior,
2623 1027 2680 1072 et
2731 1018 2836 1071 [ide
2871 1016 3134 1087 dignior?
3186 1015 3318 1068 Illud
3351 1014 3498 1069 enim
3533 1025 3590 1064 et.

2016 1106 2130 1174 ipse
2179 1107 2452 1161 Mahomet
2512 1119 2922 1162 sacrosanctum
2987 1118 3040 1163 et
3103 1107 3412 1161 absolutum
3466 1121 3588 1158 esse

2015 1197 2328 1252 confitetur.
2363 1197 2514 1267 Opus
2568 1199 2735 1269 igitur
2772 1200 2937 1253 fuerit
2984 1200 3082 1266 (ut
3123 1208 3178 1251 et
3218 1207 3344 1250 ante
3379 1196 3586 1248 dictum

2014 1290 2140 1356 est),
2183 1292 2501 1344 curiositate
2529 1293 2676 1344 omni
2709 1293 2937 1354 omissa,
2969 1292 3062 1345 Dei
3101 1303 3156 1344 et
3195 1289 3586 1358 prophetarum

2015 1382 2240 1434 credere
2294 1384 2599 1437 miraculis.
2640 1385 2908 1450 Quoniam
2954 1399 3086 1438 vero
3142 1384 3194 1436 in
3240 1390 3443 1436 tantam
3496 1379 3594 1431 ah-

2013 1477 2334 1529 surditatem
2391 1476 2728 1538 devettistis,
2785 1493 2852 1530 en
2909 1475 3239 1529 necessitate
3305 1471 3578 1540 compulsi

2016 1571 2220 1638 aliquid
2254 1571 2497 1638 apertius
2530 1587 2626 1624 ceu
2657 1571 2908 1639 exemplo
2935 1569 3112 1622 oculis
3133 1568 3380 1637 subjecto
3399 1564 3591 1618 adum-

2019 1664 2322 1730 brabimus,
2358 1665 2484 1717 licet
2517 1664 2725 1717 veritas
2765 1661 3032 1730 exemplis
3081 1656 3321 1728 perfecte
3357 1657 3590 1709 demou-

334 1740 423 1847 (1|;-
443 1742 689 1810 είρηται,
721 1744 958 1812 λέγομεν
1006 1747 1088 1798 ὅτι
1134 1749 1390 1813 γεννᾶται
1420 1751 1494 1811 ὡς
1521 1737 1675 1819 λόγος
1708 1755 1772 1806 ὲκ
1801 1756 1916 1818 νοῦ,

2025 1758 2180 1810 strari
2238 1771 2342 1808 non
2414 1756 2608 1824 possit,
2670 1770 2844 1822 eaque
2905 1752 3174 1821 imprimis
3230 1765 3350 1818 quae
3422 1749 3592 1800 Deum

338 1833 432 1885 καὶ
475 1835 635 1895 ἀκτὶς
669 1837 728 1900 ἐξ
780 1837 952 1905 ἡλίου.
983 1838 1048 1890 Τί
1097 1838 1226 1905 γοῦν
1273 1841 1423 1894 δοκεῖ
1452 1843 1615 1912 ὑμῖνς
1649 1846 1787 1914 μετὰ
1817 1865 1914 1915 γυ-

340 1924 528 1985 ναικὸς
583 1929 754 1996 γεννᾷ
803 1930 830 1979 6
875 1927 1000 1992 νοῦς
1055 1929 1148 1982 τὸν
1202 1930 1383 1996 λόγον,
1433 1936 1525 1988 καὶ
1562 1937 1589 1987 6
1621 1937 1773 2006 ἣλιος
1822 1941 1918 2008 τὴν

339 2018 535 2069 ἀκτῖνα
581 2019 787 2081 αὐτοῦς
832 2021 864 2090 ἢ
915 2022 1002 2074 διὰ
1055 2025 1213 2076 τοῦτο
1258 2027 1576 2096 εὑρίσκεται
1641 2031 1920 2095 διάστασις

339 2110 434 2160 καὶ
465 2110 752 2178 χωρισμὸς
782 2112 878 2162 καὶ
913 2113 1190 2182 σχίσματα
1239 2117 1403 2185 μέσον
1432 2120 1648 2186 αύτῶν;
1684 2124 1792 2174 Καὶ
1824 2124 1922 2176 ἐὰν

337 2202 373 2265 ἡ
405 2199 636 2268 τοιαύτη
660 2201 920 2270 γέννησις
939 2205 1041 2257 οὐκ
1065 2205 1178 2274 ἔχει
1204 2205 1351 2274 ἅπερ
1381 2209 1570 2276 λέγετε
1594 2212 1773 2279 ὑμεῖς,
1803 2215 1922 2277 πῶς

344 2295 392 2357 ἡ,
422 2291 516 2344 τοῦ
567 2292 710 2343 Θεοῦ
755 2294 977 2362 ἀπαθὴς
1027 2297 1121 2348 καὶ
1167 2297 1310 2367 ἁπλῆ
1340 2300 1593 2368 γέννησις
1637 2303 1922 2357 ὑπόκειται

356 2381 472 2441 τοῖς
517 2383 784 2445 τοιούτοις
841 2385 939 2438 καὶ
991 2383 1268 2448 τοσούτοις
1329 2389 1682 2458 ἁτοπήμασις
1735 2393 1922 2446 Ταῦτα

363 2470 543 2522 πάντα
587 2473 883 2542 εἰρήκαμεν
915 2475 1225 2547 ὲξανάγκης
1255 2479 1341 2532 διὰ
1382 2480 1482 2550 τὴν
1524 2485 1782 2537 ἀπιστίαν
1830 2488 1923 2540 καὶ

362 2560 640 2614 ἀσθένειαν
662 2564 842 2632 ὑμῶν.
901 2567 982 2620 Τὰ
1033 2569 1126 2620 τοῦ
1182 2569 1319 2622 Θεοῦ
1376 2574 1484 2642 γὰρ
1533 2573 1674 2644 ὑπὲρ
1736 2579 1922 2630 πᾶσαν

352 2651 700 2723 ἀνθρωπίνην
741 2657 838 2708 καὶ
873 2657 1174 2728 ἀγγελικὴν
1219 2663 1527 2732 κατάληψίν
1570 2669 1730 2722 είσιν.
1761 2670 1927 2722 Εὐκο-

348 2743 602 2812 πώτερον
630 2747 741 2816 γάρ
775 2748 890 2800 ἐστι
927 2755 1218 2834 καταπιεῖν
1255 2754 1546 2823 ἄνθρωπον
1577 2759 1670 2810 τὸν
1695 2762 1926 2830 οὐρανὸν

347 2839 441 2887 καὶ
466 2838 573 2905 τὴν
594 2840 702 2908 γῆν
733 2842 830 2894 σὺν
853 2843 986 2895 πᾶσι
1023 2847 1138 2907 τοῖς
1174 2847 1491 2916 κτίσμασιν,
1523 2850 1554 2919 ἢ
1581 2851 1717 2904 Θεοῦ
1761 2853 1924 2920 φύσιν

348 2927 708 2984 καταλαϐεῖν.
740 2931 801 2983 Ei
825 2932 882 2984 δὲ
906 2933 1064 2986 τοῦτο
1089 2935 1378 3004 ἀδύνατον,
1394 2940 1514 2992 οὐδὲ
1537 2941 1638 3010 τὴν
1665 2945 1924 3014 γέννησιν

350 3016 681 3088 ὲξανάγκης.
718 3021 908 3092 Ὅμως
945 3025 974 3076 6
1011 3026 1258 3096 Μωάμεθ
1313 3031 1408 3083 καὶ
1446 3033 1645 3096 πάντες
1687 3036 1735 3086 oi
1779 3038 1928 3090 Mou-

2023 1856 2286 1916 spectant.
2320 1846 2659 1914 lmpossibile
2698 1846 2846 1898 enim
2876 1853 2958 1897 est
2984 1844 3275 1895 humanam
3321 1839 3592 1892 rationein

2024 1954 2136 1991 rem
2173 1939 2408 2006 aliquam
2455 1935 2725 1999 invenire,
2760 1950 2878 2004 qua:
2909 1943 3096 1987 exacte
3129 1941 3184 1985 et
3213 1930 3464 1982 absolute
3499 1928 3589 1980 Dei

2023 2029 2434 2097 generationem
2487 2027 2694 2079 referre
2731 2025 2925 2094 possit.
2968 2024 3354 2077 Verumtamen
3409 2035 3598 2072 ueccs-

2023 2120 2184 2172 sitate
2232 2119 2402 2172 coacti
2438 2125 2536 2185 (ut
2584 2119 2745 2172 modo
2799 2116 3076 2184 diximus)
3129 2113 3366 2166 latemur
3396 2112 3591 2165 Filium

2026 2210 2118 2264 Dei
2162 2210 2242 2263 sie
2284 2225 2310 2262 a
2346 2210 2456 2264 Deo
2492 2210 2764 2280 generari.
2807 2218 2865 2260 ut
2897 2208 3038 2260 ratio
3067 2221 3130 2258 ex
3159 2213 3341 2257 mente
3387 2204 3471 2255 vel
3509 2202 3599 2253 itt-

2029 2303 2269 2366 tclleetu,
2315 2309 2367 2356 et
2418 2303 2554 2356 radii
2588 2317 2653 2354 ex
2707 2301 2818 2353 sole
2872 2297 3120 2369 generari
3169 2303 3593 2349 consueverunt.

2026 2392 2164 2458 Quid
2196 2393 2365 2463 igitur
2391 2395 2549 2448 vobis
2587 2392 2849 2446 videtur?
2877 2390 3013 2443 Num
3043 2404 3110 2442 ex
3154 2387 3385 2440 muliere
3437 2384 3567 2438 intt-l
3589 2416 3606 2421 -

2027 2484 2202 2538 lectus
2253 2486 2544 2550 rationem,
2598 2493 2689 2536 aut
2748 2484 2827 2538 sol
2869 2481 3051 2535 radios
3082 2479 3295 2549 gignit?
3337 2477 3418 2531 vel
3463 2493 3591 2530 num

2030 2585 2318 2644 propterea
2367 2574 2587 2643 aliquod
2629 2575 2773 2626 inter
2807 2572 2920 2625 iure
2950 2569 3240 2623 dissidium
3284 2567 3598 2634 deprehen-

2029 2666 2217 2720 ditur?
2250 2666 2403 2731 Quod
2437 2665 2684 2733 si_igitur
2719 2663 2836 2716 hate
2882 2661 3165 2732 generatio
3201 2659 3268 2712 ab
3310 2659 3396 2711 his
3430 2657 3599 2725 (quod

2028 2769 2083 2812 et
2131 2774 2225 2811 vos
2259 2757 2527 2823 fatemini)
2567 2755 2739 2808 libera
2791 2763 2892 2814 est,
2929 2751 3204 2821 quomodo
3240 2752 3332 2806 Dei
3383 2749 3598 2817 simpli-

2029 2866 2146 2904 cem
2178 2857 2233 2903 et
2279 2850 2426 2902 omni
2458 2848 2710 2917 passione
2743 2855 3019 2899 carentem
3067 2843 3476 2914 generationem
3521 2848 3604 2893 tot

2029 2952 2083 2996 ct
2113 2942 2275 2995 tantis
2304 2939 2740 2993 absurditatibus
2773 2937 3071 3008 subjectum
3103 2951 3222 2990 esse
3253 2932 3600 3004 putabimus?

2030 3035 2299 3088 Caeterum
2349 3033 2528 3086 omnia
2579 3032 2694 3085 haec
2727 3030 2910 3084 dicere
2943 3029 3239 3098 postulavit
3279 3026 3598 3087 necessitas.

350 3111 650 3177 σουλμάνοι
685 3115 1009 3183 ὁμολογοῦσι
1045 3120 1140 3171 καὶ
1167 3119 1415 3186 λέγουσιν
1435 3125 1516 3175 ὅτι
1541 3125 1568 3176 ὁ
1594 3127 1830 3194 Χριστὸς
1861 3133 1922 3183 ὲκ

2031 3135 2253 3195 propter
2294 3124 2736 3178 incredulitatem
2792 3131 2846 3176 ct
2900 3121 3273 3174 inﬁrmitatem
3334 3127 3594 3171 vestram.

349 3204 447 3270 τῆς
479 3204 645 3271 ἁγίας
671 3207 950 3277 Παρθένου
987 3211 1204 3282 Μαρίας
1233 3215 1358 3267 ἄνευ
1399 3217 1588 3287 ἀνδρὸς
1635 3223 1925 3294 ἐγεννήθη,

353 3296 446 3343 καὶ
483 3296 758 3362 παρθένος
789 3299 974 3351 ἔτεκεν
1017 3302 1200 3365 αὐτὸν,
1228 3305 1324 3357 καὶ
1358 3308 1499 3374 μετά
1531 3310 1632 3378 τὴν
1671 3313 1928 3382 γέννησιν

352 3382 654 3452 παρθένοξ
690 3389 894 3457 ἔμεινε,
962 3394 1057 3444 καὶ
1111 3393 1202 3460 ἀεὶ
1265 3398 1535 3467 παρθένος
1585 3403 1924 3472 εὑρίσκεται.

362 3479 521 3531 Ἐπεὶ
571 3481 707 3548 γοῦν
762 3481 923 3535 τοῦτο
984 3485 1371 3553 ὁμολογοῦσιν,
1423 3489 1612 3560 ὥσπερ
1665 3495 1780 3544 ἐστὶ
1835 3498 1927 3548 καὶ

351 3571 606 3639 ἀλήθεια,
637 3574 957 3628 εἰπάτωσαν
1003 3578 1133 3645 ὑμῖν
1177 3580 1267 3632 τὸν
1312 3581 1468 3649 λόγον
1524 3585 1624 3654 τῆς
1672 3587 1930 3658 τοιαύτης

349 3665 686 3733 γεννήσεως.
719 3667 780 3719 El
816 3667 874 3720 δὲ
925 3669 1084 3722 τοῦτο
1126 3672 1410 3738 ἀδύνατον,
1435 3674 1490 3726 τί
1533 3681 1930 3744 ματαιοπονοῦ-

354 3769 462 3814 σιν,
513 3754 652 3823 ἀέρα
707 3756 991 3824 δέροντες,
1037 3760 1129 3812 καὶ
1179 3761 1462 3828 λέγοντες,
1522 3766 1604 3817 ὅτι
1667 3766 1929 3821 ἀδύνατον

351 3845 504 3912 ἔχειν
525 3846 616 3897 τὸν
636 3847 768 3900 θεὸν
788 3849 914 3903 Υἱδν
937 3852 1065 3904 ἄνευ
1097 3853 1353 3920 γυναικός
1377 3871 1391 3918 ;
1422 3856 1516 3909 καὶ
1538 3855 1714 3910 ταῦτα
1748 3861 1925 3926 τίνες;

348 3940 401 3992 οἱ
429 3938 504 3991 τά
535 3939 727 4010 εὐτελῆ
772 3943 864 3993 καὶ
909 3942 1176 4011 ούδαμινὰ
1213 3943 1288 4012 μὴ
1342 3946 1725 4012 γινώσκοντες.
1758 3951 1930 4003 Εἰπὰ-

349 4042 539 4079 τωσαν
570 4029 679 4095 γὰρ
709 4029 860 4096 ἡμῖν,
886 4030 914 4080 6
945 4029 1144 4098 κώνωψ
1181 4031 1287 4083 ποῦ
1306 4031 1428 4100 ’ἔχει
1458 4035 1525 4085 τὰ
1553 4035 1861 4104 σπλάγχνα,
1892 4037 1924 4106 ἢ

352 4119 523 4171 πόθεν
579 4119 859 4188 ἐξέρχεται
913 4121 944 4189 ἡ
993 4123 1146 4189 φωνὴ
1197 4121 1402 4188 αὐτοῦς
1465 4124 1618 4186 ποῖός
1670 4127 1789 4177 ἐστι
1832 4127 1926 4178 τοῦ

353 4213 654 4282 μύρμηκος
683 4215 710 4265 6
735 4212 1058 4279 ἐγκέφαλος,
1089 4213 1273 4282 ποίαὴ
1302 4214 1536 4284 καρδίας
1570 4216 1602 4284 ἦ
1658 4217 1776 4280 πῶς
1815 4217 1928 4287 ἔχει

349 4304 621 4374 τοιαύτην
652 4305 873 4372 γνῶσιν,
897 4306 1038 4359 ὥστε
1070 4308 1245 4359 ποιεῖν
1273 4308 1536 4376 τεράστια
1585 4309 1884 4377 πράγματα
1911 4328 1924 4372 ς

351 4399 382 4467 ἦ
434 4401 471 4467 ἡ
520 4399 776 4466 μέλισσα,
810 4400 904 4451 καὶ
948 4400 1016 4451 τὰ
1065 4401 1229 4467 ὅμοια
1293 4401 1517 4463 αύτοῖς;
1568 4401 1627 4453 El
1684 4401 1816 4465 γοῦν
1861 4402 1931 4455 τὰ

2032 3217 2227 3268 Divina
2259 3216 2405 3269 ettim
2439 3229 2660 3267 omnem
2693 3213 2992 3264 humanum
3029 3221 3083 3264 ct
3107 3209 3413 3278 angelicum
3447 3207 3605 3260 intel-

2030 3308 2229 3363 lectum
2286 3313 2637 3374 exsuperant.
2690 3303 2926 3356 Facilius
2981 3303 3128 3355 enim
3171 3308 3256 3354 est
3315 3300 3510 3353 cwlum
3547 3307 3603 3350 et

2031 3408 2234 3452 terram
2286 3413 2410 3450 cunt
2466 3395 2724 3448 munibus
2775 3394 3047 3448 creaturis
3096 3392 3380 3456 devorare,
3436 3405 3599 3456 quam

2031 3489 2122 3540 Dei
2160 3498 2410 3539 naturam
2451 3487 2941 3552 comprehendere.
2995 3482 3048 3536 Si
3096 3493 3276 3535 autem
3323 3481 3458 3533 illud
3491 3481 3598 3533 im-

2029 3576 2299 3646 possibile
2343 3583 2449 3638 est,
2483 3590 2582 3628 nec
2616 3575 3023 3643 generationem
3066 3573 3235 3641 ipsius
3269 3587 3599 3639 cognoscvre

2030 3684 2255 3724 necesse
2281 3668 2469 3722 fuerit.
2500 3666 2867 3720 Nihilominus
2893 3675 3072 3718 tamen
3106 3674 3157 3716 et
3188 3664 3302 3733 ipse
3328 3663 3604 3718 Mahomet

2028 3771 2083 3815 et
2109 3776 2297 3816 omnes
2331 3759 2656 3814 Musulmani
2691 3757 3047 3818 conﬁtentur,
3079 3755 3223 3823 qttod
3258 3756 3510 3807 Christus
3539 3771 3607 3806 ex

2029 3855 2153 3908 diva
2187 3854 2396 3922 virgine
2436 3851 2603 3905 Maria
2649 3851 2784 3904 citra
2822 3848 3032 3902 virilem
3067 3863 3288 3914 Operam
3321 3858 3481 3902 natus
3510 3847 3604 3911 sit,

1997 3956 2082 4003 -et
2109 3947 2255 4016 quod
2293 3946 2447 4014 virgo
2490 3945 2668 4014 ipsum
2700 3941 2997 4012 pepererit,
3043 3951 3095 3995 et
3123 3942 3277 4009 virgo
3327 3948 3447 4007 post
3479 3955 3606 4008 par-

2031 4050 2144 4094 tum
2175 4039 2563 4108 permanserit,
2601 4049 2930 4103 semperque
2959 4033 3111 4101 virgo
3142 4047 3261 4086 esse
3296 4031 3605 4098 deprehen-

2029 4134 2212 4188 datur.
2244 4132 2380 4183 (Ium
2406 4130 2571 4199 igitur
2601 4128 2716 4180 haec
2747 4142 2876 4180 vere
2906 4125 3299 4184 confiteantur,
3328 4131 3607 4190 eXpOIIahl.

2032 4222 2190 4276 nobis
2243 4221 2475 4289 agedum
2528 4218 2693 4288 hujus
2754 4215 3128 4285 generationis
3187 4213 3484 4266 rationem.
3547 4212 3603 4264 Si

2031 4307 2214 4366 autem
2247 4312 2350 4364 hoc
2382 4310 2722 4378 impossibile
2761 4317 2863 4369 est.
2903 4307 3034 4377 quid
3064 4319 3250 4374 quaaso
3293 4320 3474 4356 aerem
3507 4304 3606 4355 lla-

2031 4404 2282 4473 gellando
2314 4404 2512 4456 frustra
2554 4401 2827 4464 laborant,
2870 4400 3103 4452 dicendo
3153 4397 3298 4466 quod
3350 4397 3608 4462 impossi-

349 4489 553 4557 εὖτελῆ
632 4490 726 4543 καλ⁸
808 4489 1073 4557 οὐδαμινὰ
1138 4490 1430 4556 ἀγνοοῦσι.
1496 4491 1761 4560 μαθόντες
1827 4495 1922 4563 τὴν

2035 4494 2142 4546 bile
2171 4494 2243 4546 sit
2278 4494 2445 4545 Deum
2477 4491 2680 4544 habere
2712 4490 2908 4543 Filium
2935 4489 3052 4542 sine
3087 4488 3317 4540 muliere
3344 4487 3365 4538 ?
3401 4485 3462 4538 Et
3490 4487 3606 4538 haec

349 4583 571 4635 ἑαυτῶν
618 4582 921 4644 ἀσθένειαν,
961 4580 1347 4645 σιωπάτωσαν,
1390 4582 1488 4633 atati.
1529 4582 1605 4650 μὴ
1650 4583 1929 4652 πολυπρα-

350 4674 694 4743 γμονοῦντες
717 4675 1121 4727 ἁπιστείτωσαν
1147 4675 1214 4727 τὰ
1250 4676 1390 4744 ὑπὲρ
1415 4674 1726 4742 κατάληψιν
1758 4678 1928 4743 ἀγγέ-

348 4767 468 4818 λων
497 4767 592 4818 καὶ
629 4765 951 4836 ἀνθρώπων,
981 4766 1115 4819 ἀλλὰ
1151 4769 1562 4819 πιστευέτωσαν
1598 4770 1711 4830 τοῖς
1751 4767 1928 4835 λόγοις

361 4858 626 4927 Ἀϐρααμ
654 4860 746 4910 καὶ
775 4859 886 4910 τῶν
913 4860 1228 4927 προφητῶν,
1249 4859 1444 4920 οἵτινες
1477 4859 1720 4924 ἔγνωσαν
1753 4858 1842 4912 διά
1869 4877 1928 4911 τε

346 4951 612 5019 ὀράσεων
652 4951 744 5000 καὶ
794 4949 1196 5018 ἀποκαλύψεων
1228 4949 1324 5002 καὶ
1364 4947 1734 5017 προφητειῶν,
1780 4950 1861 5001 ὅτι
1901 4951 1929 5000 6

345 5041 602 5110 Χριστὸς
631 5041 792 5102 αὑτός
820 5043 969 5092 ἐστιν
994 5040 1213 5110 ἀληθῶς
1265 5044 1291 5092 ὁ
1341 5040 1469 5103 Υἱὸς
1514 5043 1605 5094 τοῦ
1638 5041 1799 5106 Θεοῦ,
1837 5043 1932 5095 καὶ

340 5134 495 5192 θεὸς
526 5132 797 5200 ἀληθινὸς,
827 5132 923 5184 καὶ
954 5133 1159 5194 τέλειος
1191 5133 1502 5203 ἄνθρωπος.

342 5225 704 5285 Ctittticeant,

2038 4583 2259 4653 quidem
2313 4584 2526 4650 dicunt,
2589 4584 2681 4653 qui
2738 4597 2838 4635 nec
2887 4581 3151 4635 vilissima
3204 4579 3608 4648 contemptissi-

2038 4694 2234 4747 maquc
2288 4683 2681 4746 cognoverunt.
2736 4676 3056 4729 Edisseraut
3104 4674 3253 4728 enim
3310 4673 3362 4724 hi
3424 4671 3605 4727 nobis,

2040 4771 2261 4824 ubinam
2309 4771 2466 4823 culex
2498 4769 2706 4822 viscera
2755 4783 2854 4820 sua
2892 4767 3111 4826 habeat,
3155 4765 3240 4817 vel
3290 4764 3412 4830 quis
3460 4760 3608 4812 vocis

2038 4861 2187 4915 illius
2235 4873 2447 4914 meatus
2502 4860 2614 4925 sit;
2675 4858 2835 4927 quale
2892 4857 2962 4909 sit
3022 4855 3264 4908 formicae
3295 4851 3604 4909 cerebrum,

2037 4954 2199 5023 quale
2232 4969 2366 5016 cor;
2402 4952 2578 5020 qualis
2625 4951 2698 5004 sit
2743 4965 2904 5017 apum
2950 4943 3338 5008 consideratio,
3383 4952 3436 4995 et
3486 4954 3609 5009 qua»,

2039 5043 2123 5096 his
2165 5043 2362 5095 similia
2402 5049 2548 5094 sunt.
2591 5038 2746 5104 Quod
2780 5037 2822 5090 si
2857 5046 3038 5090 autem
3080 5034 3205 5087 vilia
3252 5034 3363 5085 hate
3393 5040 3447 5084 et
3476 5047 3604 5085 con-

2041 5142 2241 5201 tempta
2288 5133 2561 5200 ignorant,
2625 5129 2996 5187 inﬁrmitatem
3044 5142 3198 5180 suam
3247 5133 3606 5192 agnoscentes

788 5240 889 5277 nec
947 5225 1270 5279 curiositate
1355 5242 1452 5280 sua
1546 5227 1655 5282 illis
1711 5227 1871 5282 ﬁdem
1961 5226 2246 5294 derogent,
2312 5240 2433 5294 quae
2519 5223 2838 5292 angelorum
2899 5217 3294 5286 hominumque
3355 5215 3605 5269 intellec-

346 5330 476 5373 tum
531 5317 838 5380 excedunt;
873 5317 1002 5387 quin
1055 5320 1280 5370 cretam
1339 5317 1520 5386 potius
1585 5319 1818 5374 Abrahae
1877 5329 1931 5373 et
1972 5320 2364 5387 prophetarum
2433 5315 2691 5379 oraculis,
2732 5314 2824 5383 qui
2894 5313 3006 5366 haec
3039 5328 3133 5379 per
3163 5310 3422 5369 visiones,
3454 5322 3610 5359 reve«

344 5410 600 5466 lationes
646 5419 697 5462 et
746 5411 967 5462 oracula
1018 5421 1394 5479 cognoverunt
1482 5411 1628 5479 quod
1680 5411 1932 5466 Christus
1971 5411 2181 5466 scilicet
2219 5425 2403 5463 revera
2438 5409 2609 5463 Filius
2649 5408 2740 5462 Dei
2785 5405 2875 5474 sit,
2908 5414 2963 5459 et
2997 5405 3139 5459 idem
3216 5417 3379 5460 verus
3440 5399 3606 5458 Deus.

345 5515 408 5563 et
435 5503 612 5558 homo
650 5504 928 5573 perfectus
