3970 6212
299 318 409 382 44‘}

1467 323 1808 391 ,JOANNIS
1847 319 2367 383 CANTACUZENI

3441 319 3549 383 4ἂὲ

302 439 372 491 ab
419 436 626 505 angelis
657 435 1019 499 adorabatur;
1058 435 1202 505 quod
1242 436 1295 490 in
1329 436 1537 491 Adamn
1591 437 1706 490 ﬁeri
1763 453 1870 490 non

1994 453 2097 500 τος,
2127 437 2187 489 ὃν
2221 437 2514 491 ἁνελάὁετο
2547 439 2574 491 6
2605 437 2730 502 Υἱὸς
2780 441 2873 493 καὶ
2904 440 3075 508 Λόγος
3097 439 3191 494 τοῦ
3225 438 3363 493 Θεοῦ
3409 439 3554 509 μετὰ

299 540 536 601 poterat.
567 531 790 600 Respice
809 532 953 585 enim
973 545 1092 598 quae
1116 531 1321 586 domini
1352 541 1407 586 et
1434 533 1575 586 servi
1605 532 1862 585 tlilIeren-

303 624 401 678 tia.
446 623 500 676 lu
540 624 758 676 homine
789 637 942 685 vero,
1002 638 1162 691 quem
1194 623 1366 676 Filius
1413 633 1469 677 ct
1509 622 1742 677 Verbum
1776 623 1866 676 Dei

304 713 623 782 assumpsit,
671 712 802 765 illud
836 713 1170 766 conveniens
1199 723 1302 775 est,
1333 714 1620 776 decorum,
1665 715 1869 782 justum

300 820 364 859 ac
405 815 674 864 sanetum,
710 817 771 860 ut
803 806 966 860 etiam
1017 823 1163 860 nunc
1208 822 1306 859 ceu
1346 807 1596 875 exemplo
1630 807 1873 860 declara-

303 896 499 950 bimus.
531 898 693 966 Regis
723 914 923 965 corpus
953 913 982 950 a
1016 899 1190 951 servis
1221 899 1365 952 illius
1397 915 1499 951 una
1537 913 1660 951 cum
1693 898 1872 951 anima

301 989 577 1050 aduratur,
630 990 880 1056 quamvis
934 1006 1123 1044 revera
1171 1007 1265 1044 rex
1300 992 1680 1044 tantummodo
1727 991 1872 1059 quod

302 1078 537 1131 animam
569 1079 787 1144 attinet,
817 1090 870 1131 et
910 1095 1020 1132 non
1065 1095 1286 1147 corpus.
1337 1080 1617 1134 adoretur.
1658 1081 1723 1134 Et
1753 1081 1876 1148 quis

305 1176 413 1219 tam
446 1169 646 1222 stultus
684 1176 742 1220 ut
777 1170 843 1222 de
882 1169 985 1224 hoc
1013 1170 1324 1223 dubitaret?
1369 1170 1472 1224 Sed
1507 1170 1634 1232 quid
1673 1171 1784 1225 haec
1808 1172 1875 1225 de

303 1260 449 1329 regis
488 1260 669 1313 anima
720 1269 776 1314 et
822 1276 1051 1329 corpore
1089 1277 1228 1329 opus
1274 1272 1358 1315 est
1389 1263 1608 1315 dicere?
1639 1261 1695 1316 Si
1729 1263 1874 1316 enim

304 1353 358 1405 in
408 1354 667 1406 nundinis
700 1355 1088 1408 vestimentum
1140 1356 1359 1424 aliquod
1413 1365 1650 1421 ematur,
1688 1365 1743 1410 et
1781 1356 1879 1409 illo

305 1459 400 1496 rex
435 1444 663 1497 indutus
709 1444 799 1508 sit,
830 1445 899 1497 ab
948 1459 1010 1498 ea
1055 1445 1170 1513 ipsa
1221 1447 1354 1499 hora
1407 1447 1537 1500 illud
1577 1448 1661 1501 vel
1714 1463 1874 1500 manu

302 1537 623 1605 contingere
667 1551 826 1591 nemo
878 1538 1121 1595 audebit.
1171 1539 1264 1592 sed
1311 1555 1502 1592 omnes
1562 1538 1692 1591 illttd
1753 1553 1876 1592 cum

305 1626 506 1679 timore
567 1636 621 1680 et
669 1629 975 1681 reverentia
1029 1629 1350 1694 inSpieiunt.
1407 1627 1677 1695 quamvis,
1730 1626 1876 1695 quod

307 1717 671 1772 substantiam
729 1722 946 1780 attinet.
1002 1719 1227 1788 reliquis
1281 1719 1528 1772 vestibus
1567 1718 1743 1772 simile
1789 1717 1878 1778 sit,

306 1818 533 1876 propter
579 1826 758 1878 regem
821 1821 1000 1863 tamen
1050 1819 1258 1863 tantum
1315 1809 1576 1862 honorem
1629 1809 1881 1862 sortitum

307 1897 588 1952 est.ldein
639 1902 770 1954 mihi
800 1903 866 1954 de
899 1902 1120 1955 Christo
1173 1902 1410 1956 videtur.
1465 1902 1674 1954 Revera
1733 1903 1882 1954 enim

308 1989 586 2044 hominem
616 1993 935 2061 assumpsit,
965 2009 1066 2046 nec
1097 1993 1323 2047 alterius
1348 2002 1554 2045 natura:
1583 1993 1882 2058 hominem,

309 2081 402 2134 sed
449 2080 780 2149 ipsissimam
810 2084 1107 2136 hominum
1147 2093 1422 2142 naturam.
1458 2099 1578 2152 quin
1607 2099 1672 2138 ex
1712 2083 1882 2138 Adam

307 2181 412 2226 est.
443 2172 570 2226 licet
592 2190 657 2226 ex
691 2177 900 2244 virgine
932 2184 1128 2242 printer
1166 2186 1373 2229 natum
1409 2177 1555 2244 leges
1589 2186 1750 2231 natus
1778 2177 1881 2240 sit;

310 2277 410 2328 per
437 2263 780 2317 divinitatem
816 2281 944 2319 vero
976 2265 1230 2319 eumdem
1266 2266 1545 2320 hominem
1579 2267 1885 2321 sanctiﬁca-

311 2351 407 2412 vit,
437 2348 717 2410 exultavit.
751 2345 1059 2416 honoravit,
1104 2365 1158 2408 et
1201 2353 1266 2407 ad
1304 2354 1548 2408 dextram
1584 2356 1675 2408 Dei
1713 2356 1886 2410 Patris

315 2443 401 2495 sui
433 2447 743 2502 constituit.
782 2447 1244 2515 quemadmodum
1275 2463 1438 2516 supra
1483 2449 1885 2502 demonstravi.

311 2551 454 2590 mus.
477 2537 542 2589 Et
560 2539 638 2589 sic
652 2537 872 2589 omnino
889 2538 1088 2591 factum
1109 2548 1212 2600 est,
1236 2539 1469 2592 utetiam
1489 2551 1614 2592 ante
1630 2539 1887 2603 diximus,

313 2628 574 2680 nimirum
616 2629 758 2695 quod
805 2629 948 2680 sicut
978 2629 1180 2682 lerrum
1217 2630 1347 2682 licet
1380 2637 1573 2682 natura
1599 2645 1695 2683 sua
1730 2631 1887 2700 frigi-

313 2719 442 2773 dum
490 2719 816 2787 nigrumque
872 2720 962 2779 sit.
1014 2721 1122 2788 igni
1178 2730 1360 2773 tamen
1415 2721 1622 2783 uuitur,
1677 2731 1737 2774 ut
1799 2723 1888 2776 hic

316 2811 536 2880 quidem
571 2811 700 2866 ferri
736 2811 1091 2881 frigiditatem
1129 2821 1184 2866 et
1211 2813 1556 2882 nigredinem
1587 2829 1697 2866 non
1731 2829 1890 2868 assu-

317 2913 450 2964 mat,
493 2902 697 2954 ferrum
753 2911 936 2955 autem
986 2911 1210 2970 propter
1257 2904 1398 2971 ignis
1445 2904 1888 2972 conjunctionem

317 3003 568 3046 naturam
611 2995 884 3063 propriam
918 3009 1023 3046 non
1065 2993 1275 3062 abjicit,
1315 2995 1445 3062 quin
1481 2997 1662 3063 potius
1711 2997 1886 3064 ipsum

1977 526 2075 590 τῆς
2106 526 2456 590 ὑποστάσεως
2487 529 2676 592 αὑτοῦ,
2711 530 2894 593 καθὼς
2932 532 3320 600 προσεκυνεϊτο
3363 529 3456 582 καὶ
3491 530 3554 581 ἐν

1974 619 2117 687 ἀρχῇ
2160 620 2310 688 παρὰ
2359 620 2464 672 τῶν
2518 620 2787 686 ἀγγέλων.
2821 621 2930 673 Καὶ
2982 621 3073 673 ἐπὶ
3127 621 3224 690 μὲν
3261 619 3338 690 τῷ
3377 619 3554 688 ’Δδὰμ

1973 711 2129 762 τοῦτο
2182 710 2438 762 ἀδύνατον
2471 725 2486 742 ο
2525 711 2717 762 σκόπει
2775 711 2884 779 γὰρ
2942 713 3003 764 τὸ
3061 713 3320 780 διάφορον
3381 711 3554 780 μέσον

1975 798 2234 850 δεσπότου
2293 801 2385 852 καὶ
2440 799 2670 851 δούλουο
2727 801 2824 851 ἐπὶ
2872 801 2928 852 δὲ
2976 801 3072 852 τοῦ
3135 799 3446 870 ἀνθρώπου,
3491 796 3554 855 οὗ

1975 887 2267 941 ἁνελάϐετο
2293 889 2320 939 6
2353 889 2477 949 Υἱὸς
2519 883 2612 940 καὶ
2661 889 2829 957 Λόγος
2878 889 2972 942 τοῦ
3003 891 3160 954 Θεοῦ,
3192 893 3286 944 καὶ
3319 890 3552 961 πρέπον,

1978 979 2071 1030 καὶ
2101 979 2332 1043 δίκαιον,
2366 981 2464 1031 καὶ
2501 979 2660 1046 ἅγιόν
2689 981 2829 1040 ἐστι.
2858 981 2954 1033 καὶ
2990 977 3125 1038 οἷον.
3177 982 3251 1044 ὡς
3285 983 3342 1034 ἐν
3374 1000 3556 1050 παρα-

1974 1066 2224 1135 δείγματι
2258 1068 2522 1137 εῖπωμεν,
2553 1069 2613 1121 τὸ
2645 1070 2739 1122 τοῦ
2768 1071 3032 1140 βασιλέως
3064 1071 3223 1140 σῶμα
3259 1089 3548 1139 συμπροσ-

1976 1159 2221 1209 κυνεϊται
2266 1158 2373 1210 ὑπὸ
2418 1159 2526 1210 τῶν
2579 1160 2782 1213 δούλων
2838 1161 2974 1230 μετὰ
3017 1161 3118 1228 τῆς
3149 1163 3243 1214 τοῦ
3283 1163 3552 1231 βασιλέως

1976 1244 2238 1316 ψυχῆς,ἢ
2282 1249 2355 1316 τῇ
2400 1248 2497 1316 μὲν
2546 1248 2692 1320 ψυχῇ
2748 1251 3134 1318 προσκυνεῖται
3188 1253 3216 1304 6
3269 1252 3550 1318 βασιλεὺς,

1977 1334 2055 1401 τῷ
2086 1335 2300 1403 σώματι
2334 1337 2392 1389 δὲ
2423 1337 2696 1408 οὐδαμῶς.
2742 1338 2853 1394 Καὶ
2899 1341 2984 1401 τίς
3033 1339 3176 1392 οὕτω
3223 1344 3553 1410 παράφρων.

1980 1425 2118 1478 ὥστε
2175 1427 2534 1495 ἀμφιϐάλλειν
2586 1430 2666 1492 εἰς
2717 1430 2915 1495 τοῦτο;
2971 1433 3082 1485 Καὶ
3111 1432 3165 1484 τί
3217 1431 3360 1498 λέγω
3422 1434 3557 1500 περὶ

1979 1517 2155 1587 ψυχῆς
2207 1517 2472 1588 βασιλέως
2516 1521 2610 1572 καὶ
2661 1520 2946 1590 σώματοςς
3003 1524 3098 1576 ἐὰν
3163 1523 3412 1592 πωλῆται
3472 1524 3559 1585 εἰς

1983 1611 2294 1678 πανήγυριν
2329 1611 2566 1679 ἱμάτιον,
2614 1615 2712 1666 καὶ
2762 1601 2970 1685 φορέσῃ
3021 1615 3182 1668 τοῦτο
3213 1615 3242 1666 ὁ
3281 1614 3556 1684 βασιλεὺς,

1988 1701 2202 1760 πάντως
2255 1701 2363 1752 ἀπὸ
2415 1704 2515 1770 τῆς
2558 1701 2706 1771 ὥρας
2755 1704 2972 1774 ἐκείνης
3011 1706 3132 1758 οὐδὲ
3165 1705 3328 1775 μέχρι
3373 1706 3560 1774 χειρὸς

1915 1771 1957 1828 Β
1985 1793 2157 1861 τολμᾷ
2207 1792 2294 1844 ἵνα
2347 1790 2551 1860 ἅψηται
2613 1792 2777 1846 αὐτοῦ
2839 1771 2947 1856 τις,
3000 1794 3135 1848 ἀλλὰ
3167 1771 3332 1864 ⁷μετὰ
3376 1771 3562 1862 ’ἐφόδου

1989 1886 2274 1952 βλέπουσιν
2308 1883 2440 1936 αὐτὸ
2469 1884 2696 1949 πάντες,
2725 1886 2822 1939 καὶ
2863 1886 2945 1938 ὅτι
3003 1886 3102 1945 τὴν
3157 1885 3256 1952 μὲν
3303 1885 3470 1952 φύσιν
3500 1885 3562 1936 ἒν

1988 1978 2132 2030 ἐστιν
2179 1977 2254 2039 ὡς
2298 1977 2367 2029 τὰ
2417 1978 2552 2029 ἄλλα
2606 1978 2782 2028 ἐκεῖνο
2832 1975 2894 2028 τὸ
2947 1975 3183 2044 ἱμάτιον,
3222 1974 3311 2027 διὰ
3360 1973 3420 2025 δὲ
3465 1973 3564 2026 τὸν

1987 2070 2212 2138 βασιλέα
2249 2069 2407 2123 ἔλαϐε
2452 2071 2552 2138 τὴν
2598 2069 2784 2137 τιμήν.
2825 2066 2984 2120 Οὕτω
3023 2084 3113 2136 μοι
3169 2067 3279 2119 νόει
3327 2068 3422 2119 καὶ
3466 2065 3566 2118 ἐπὶ

1986 2162 2078 2214 τοῦ
2113 2161 2374 2231 Χριστοῦ.
2404 2161 2482 2231 Τῇ
2539 2159 2636 2228 μὲν
2692 2159 2852 2227 φύσει
2897 2158 3183 2227 ἄνθρωπον
3242 2156 3564 2216 ἀνελάϐετε),

1985 2254 2079 2304 καὶ
2109 2253 2208 2304 οὐκ
2239 2251 2405 2318 ἄλλης
2440 2252 2679 2320 φύσεως,
2709 2249 2825 2302 ἀλλ’
2865 2250 3040 2317 αὐτὴν
3071 2250 3172 2318 τὴν
3206 2247 3316 2302 τῶν
3349 2246 3567 2315 ἀνθρὼ-

1989 2359 2104 2392 πων
2134 2340 2293 2405 φὺσιν
2327 2341 2425 2408 τὴν
2465 2342 2528 2392 ἐκ
2550 2339 2645 2392 τοῦ
2679 2338 2879 2405 Ἀδὰμ,
2913 2337 3017 2390 κᾶν
3043 2339 3136 2390 καὶ
3169 2340 3232 2390 ἐκ
3277 2338 3559 2411 ῌαρθένου

1986 2431 2080 2483 καὶ
2108 2431 2248 2498 ὑπὲρ
2283 2430 2446 2496 φύσιν
2493 2429 2789 2498 ἐγεννήθη·
2835 2429 2922 2481 διὰ
2957 2429 3012 2481 δὲ
3040 2429 3139 2496 τῆς
3170 2429 3332 2480 αὑτοῦ
3365 2427 3565 2497 θεότη-

1987 2540 2076 2585 τος
2127 2522 2343 2592 ἡγίασε,
2377 2523 2472 2574 καὶ
2521 2520 2726 2589 ὓψωσε,
2763 2518 2858 2571 καὶ
2898 2519 3147 2590 ἐτίμησε,
3187 2520 3282 2570 καὶ
3325 2521 3384 2571 ὲν
3413 2517 3570 2587 δεειᾴ

1985 2615 2080 2666 τοῦ
2139 2612 2274 2665 Θεοῦ
2351 2615 2442 2665 καὶ
2509 2612 2717 2682 Πατρὸς
2790 2610 3042 2664 eadem”
3113 2610 3315 2679 αὐτὴν,
3375 2608 3564 2670 καθὼς

1989 2706 2298 2776 ἔμπροσθεν
2344 2704 2662 2773 ἀπεδείχθη,
2692 2705 2788 2758 καὶ
2833 2701 3004 2764 οὓτως
3050 2702 3291 2768 ἐγένετο,
3327 2701 3403 2763 ὡς
3433 2700 3570 2768 φθά-

1960 2814 2183 2858 ·.σαντες
2239 2797 2486 2864 εἴπομεν.
2515 2794 2726 2863 Ἧγουν
2771 2794 2960 2863 ὥσπερ
3006 2796 3033 2846 6
3086 2794 3304 2862 σίδηρος
3352 2791 3564 2862 ψυχρὸς

1994 2888 2093 2954 μέν
2123 2889 2237 2938 ἐστι
2272 2884 2371 2956 τὴν
2403 2885 2564 2953 φύσιν
2593 2885 2687 2937 καὶ
2736 2885 2923 2954 μέλας,
2955 2884 3174 2946 ὲνωθεὶς
3213 2883 3270 2935 δὲ
3295 2883 3372 2951 τῷ
3407 2885 3568 2952 πυρὶ,

1989 2979 2050 3031 τὸ
2081 2979 2176 3042 μὲν
2207 2977 2318 3047 πῦρ
2357 2977 2454 3047 τὴν
2480 2975 2576 3028 τοῦ
2623 2977 2843 3046 σιδήρου
2895 2973 3054 3044 ψύξιν
3100 2975 3131 3046 ἢ
3168 2975 3430 3042 μελανίαν
3467 2975 3570 3026 οὐκ

320 3094 494 3136 totum
529 3083 670 3153 ignis
706 3083 785 3145 lit,
817 3083 963 3136 illius
994 3083 1250 3137 nimirum
1283 3086 1517 3138 calorem
1554 3094 1610 3138 et
1639 3086 1892 3152 splendo-

1996 3070 2231 3134 ἐδέξατο,
2268 3071 2294 3120 6
2325 3069 2380 3120 δὲ
2425 3069 2639 3138 σίδηρος
2683 3071 2746 3138 τῇ
2778 3067 2869 3118 τοῦ
2903 3069 3075 3136 πυρὸς
3111 3068 3306 3118 ἑνώσει
3336 3068 3438 3133 τὴν
3473 3065 3570 3134 μὲν

323 3191 434 3226 mm
458 3176 749 3244 recipiens,
792 3175 872 3229 sic
894 3177 1055 3229 etiam
1095 3176 1160 3229 de
1193 3176 1414 3230 Christo
1439 3178 1723 3232 sentimus.
1759 3179 1893 3233 Cum

320 3267 462 3320 Deus
497 3278 642 3320 esset
677 3276 801 3320 ante
832 3268 1052 3331 saecula,
1087 3279 1208 3336 post
1239 3268 1354 3322 haec
1386 3269 1548 3321 homo
1582 3268 1759 3324 factus
1785 3282 1894 3334 est,

320 3370 376 3412 et
402 3375 510 3412 non
565 3361 908 3422 imminutus,
953 3360 1086 3428 quin
1121 3361 1311 3429 potius
1352 3361 1641 3414 divinitate
1670 3377 1766 3415 sua
1797 3364 1896 3415 lio-

323 3451 527 3504 minem
569 3466 788 3519 (pioque
821 3450 1164 3520 gloriﬁcavit,
1196 3461 1248 3504 et
1282 3452 1337 3505 in
1385 3468 1509 3505 eum
1559 3452 1737 3507 locum
1772 3454 1900 3508 sub-

321 3545 491 3606 vexit,
542 3558 704 3611 quem
741 3543 914 3596 Filius
959 3554 1014 3596 et
1053 3542 1290 3597 Verbum
1337 3544 1430 3596 Dei
1481 3544 1766 3598 obtinebat
1799 3563 1812 3597 :
1844 3556 1901 3599 et

325 3644 614 3703 propterea
643 3635 755 3704 jam
807 3635 971 3689 simul
1020 3634 1280 3688 aduratur
1315 3635 1383 3689 ab
1437 3637 1644 3705 angelis
1695 3637 1901 3706 pariter

322 3737 379 3782 et
409 3728 750 3792 hominibus,
783 3729 868 3783 hic
889 3729 1100 3783 scilicet
1123 3729 1216 3798 qui
1239 3739 1436 3798 printer
1461 3740 1706 3784 naturam
1736 3731 1898 3784 homo

323 3830 379 3872 et
414 3819 558 3872 Deus
589 3829 692 3872 est.
724 3821 896 3873 Adam
927 3836 1059 3873 vero
1087 3821 1140 3873 iu
1173 3820 1267 3873 Dei
1291 3819 1635 3890 ordinatione
1665 3831 1718 3875 et
1747 3837 1901 3874 man-

323 3909 453 3965 dato
486 3927 592 3966 non
624 3912 948 3979 persistens,
984 3911 1079 3964 sed
1105 3927 1169 3964 ex
1207 3911 1405 3964 arbore
1435 3927 1559 3963 cum
1589 3911 1698 3964 Eva
1729 3925 1900 3967 uxore

325 4016 424 4055 sua
463 4001 783 4063 comedens,
839 4008 967 4052 dum
1004 4000 1110 4053 hoc
1152 4000 1322 4062 modo
1364 4009 1604 4068 uterque
1645 4002 1902 4055 divinita-

328 4105 435 4147 tem
489 4093 771 4157 aﬂectaut,
805 4091 1115 4160 paradisum
1162 4108 1382 4161 quoque
1429 4108 1588 4162 quem
1627 4093 1900 4149 habebant

326 4190 669 4248 amiserunt,
719 4193 773 4237 et
819 4183 1261 4238 maledictioncm
1316 4185 1440 4238 loco
1498 4185 1903 4241 benedictionis

329 4275 770 4345 acquisiverunt,
804 4292 1013 4346 proque
1053 4277 1158 4329 vita
1208 4286 1411 4330 aeterna
1465 4288 1716 4330 mortem.
1761 4279 1904 4331 Deus

328 4374 513 4418 autem
547 4366 824 4420 diabolum
863 4368 1318 4434 incorrigibilem,
1361 4377 1414 4421 et
1455 4369 1599 4421 nulla
1629 4369 1901 4438 pumiten-

1999 3165 2204 3218 οἰκείαν
2240 3164 2402 3230 φύσιν
2428 3164 2526 3216 οὐκ
2555 3164 2878 3224 ἀπελάὅετο,
2905 3163 3024 3224 ὅλος
3065 3162 3122 3213 δὲ
3155 3162 3317 3225 αὐτὸς
3345 3161 3570 3228 ἐγένετο

2001 3256 2135 3326 πῦρ,
2166 3256 2347 3308 λαϐὼν
2381 3254 2480 3322 τὴν
2512 3254 2604 3306 τοῦ
2640 3254 2811 3322 πυρδς
2836 3254 3048 3323 θέρμην
3081 3269 3140 3303 τε
3173 3255 3266 3305 καὶ
3314 3250 3568 3318 λαμπρό-

1999 3365 2137 3416 τητα
2163 3363 2176 3376 ⁸
2208 3346 2348 3399 οὕτω
2373 3349 2466 3400 καὶ
2503 3346 2596 3396 ἐπὶ
2639 3343 2732 3397 τοῦ
2765 3343 3025 3413 Χριστοῦ.
3068 3342 3197 3404 Θεδς
3224 3341 3299 3394 ὢν
3329 3342 3435 3408 πρὸ
3460 3340 3574 3392 τῶν

2000 3441 2236 3501 αἰώνων,
2290 3437 2578 3506 ἄνθρωπος
2635 3437 2772 3506 μετὰ
2836 3434 3008 3488 ταῦτα
3059 3436 3297 3501 ἐγένετο,
3351 3435 3444 3484 καὶ
3495 3433 3574 3501 μὴ

2001 3529 2352 3591 ἐλαττωθεὶς,
2386 3529 2586 3598 μᾶλλον
2618 3529 2716 3597 μὲν
2754 3527 2850 3580 οὖν
2891 3529 2958 3594 τῇ
2995 3525 3163 3577 αὐτοῦ
3217 3524 3438 3591 θεότητι
3481 3527 3576 3574 τὸν

2001 3622 2287 3690 ἄνθρωπον
2317 3621 2575 3689 τιμήσας,
2608 3619 2863 3672 ἐκάθισεν
2913 3617 3044 3670 ἔνθα
3071 3616 3230 3677 αὐτὸς
3265 3617 3293 3666 6
3321 3614 3451 3676 Υἱὸς
3484 3615 3580 3666 ml.

2002 3716 2174 3779 Λόγος
2202 3712 2296 3765 τοῦ
2341 3711 2500 3764 Θεοῦ.
2534 3713 2644 3764 Καὶ
2688 3711 2778 3764 διὰ
2818 3709 2976 3763 τοῦτο
3019 3708 3524 3776 συμπροσκυνεῖται
3550 3705 3580 3754 6

2004 3805 2143 3873 ὑπὲρ
2201 3803 2363 3870 φύσιν
2414 3802 2546 3864 Θεός
2598 3818 2658 3854 τε
2711 3802 2804 3854 καὶ
2855 3799 3140 3870 ἄνθρωπος
3190 3797 3340 3865 παρὰ
3367 3813 3426 3846 τε
3470 3794 3582 3846 τῶν

2003 3896 2272 3962 ἀγγέλων,
2300 3895 2451 3964 παρά
2476 3912 2534 3946 τε
2565 3895 2673 3946 τῶν
2713 3892 3040 3963 ἀνθρώπων.
3087 3892 3144 3943 ’0
3182 3890 3240 3942 δὲ
3291 3888 3465 3954 Ἀδὰμ
3500 3887 3579 3953 μὴ

2004 3987 2270 4056 ἐμμείνας
2316 3990 2383 4055 τῇ
2434 3985 2527 4036 τοῦ
2581 3985 2715 4037 Θεοῦ
2768 3983 3010 4045 διατάξει
3062 3984 3158 4036 καὶ
3209 3981 3416 4048 ἐντολῇ,
3445 3978 3586 4030 ἀλλὰ

2005 4079 2195 4148 φαγὼν
2230 4077 2338 4129 ἀπὸ
2372 4075 2464 4128 τοῦ
2493 4076 2651 4140 ξύλου
2687 4074 2825 4145 μετὰ
2853 4074 2952 4142 τῆς
2989 4074 3250 4139 γυναικὸς
3286 4069 3452 4123 αὑτοῦ
3481 4069 3583 4135 τῆς

2005 4170 2167 4232 Εὔας,
2198 4173 2292 4224 καὶ
2337 4168 2779 4237 ἐπιθυμήσαντες
2826 4164 3079 4234 γενέσθαι
3124 4163 3258 4243 θεοὶ,
3293 4162 3586 4215 ἀπώλεσαν

2005 4263 2099 4315 καὶ
2141 4261 2201 4313 ὃν
2246 4255 2392 4330 εἶχον
2421 4259 2772 4328 παράδεισον,
2809 4259 2904 4310 καὶ
2941 4256 3136 4310 ἔλαϐον
3184 4255 3425 4322 κατάραν
3468 4253 3587 4305 ἀντ’

2007 4357 2280 4422 εὐλογίας,
2306 4357 2401 4408 καὶ
2450 4355 2571 4406 ἀντὶ
2602 4351 2749 4418 ζωῆς
2797 4349 3016 4403 αίωνίου
3067 4349 3318 4400 θάνατον.
3353 4342 3502 4397 Ἰδὼν
3529 4341 3587 4394 δὲ

330 4454 402 4505 tia
439 4453 664 4506 ductum
699 4455 1078 4522 conspicatus,
1115 4465 1373 4523 tanquam
1412 4443 1526 4508 'vas
1574 4437 1764 4510 inutile
1804 4458 1893 4510 ab-

2014 4451 2101 4501 τδν
2144 4447 2391 4501 δάϐολον
2428 4448 2455 4498 ὁ
2487 4445 2620 4506 Θεὸς
2674 4442 3004 4512 ἀδιόρθωτον
3053 4439 3147 4491 καὶ
3187 4437 3588 4506 ἀμετανόητον,

329 4542 479 4611 iecit,
513 4558 614 4596 nec
651 4544 758 4596 ulla
801 4544 880 4596 illi
906 4543 1166 4596 is-habita
1196 4552 1279 4596 est
1326 4547 1584 4596 memoria
1629 4545 1709 4596 vel
1745 4545 1906 4597 ratio.

331 4636 600 4686 Adamum
649 4651 780 4688 vero
826 4650 960 4688 cum.
998 4635 1106 4687 Eva
1158 4635 1317 4702 longe
1361 4635 1466 4688 alia
1514 4636 1723 4687 ratione
1761 4636 1906 4689 ceci-
1947 4649 1950 4652 ‘

326 4727 480 4780 ‘disse
513 4727 729 4791 vadens,
774 4742 882 4779 non
924 4726 1128 4779 scilicet
1175 4736 1282 4778 tam
1327 4742 1463 4778 vana
1517 4726 1816 4779 ambitione
1856 4736 1912 4780 et

333 4819 616 4888 superbia.
649 4835 813 4888 quam
860 4818 1066 4871 diaboli
1104 4816 1311 4870 invidia
1344 4827 1397 4871 et
1431 4817 1644 4880 fraude,
1681 4829 1738 4870 et
1767 4817 1909 4886 quod

334 4911 502 4964 homo
565 4911 782 4964 tandem
849 4909 1290 4963 emendationem
1343 4915 1488 4959 esset
1553 4918 1909 4974 recepturus,

331 5002 588 5072 quamvis
623 5012 782 5056 antea
810 5002 920 5054 illis
951 4999 1326 5052 maledixisset
1363 4999 1524 5062 Deus,
1560 4997 1722 5065 idque
1749 5012 1914 5051 causa

334 5094 700 5148 correctionis
740 5113 752 5146 :
791 5103 1170 5146 verumtamen
1219 5090 1510 5160 ambulans
1561 5091 1617 5142 in
1661 5089 1914 5166 paradiso

333 5189 478 5240 circa
505 5185 789 5238 meridiem
817 5194 900 5252 (ut
922 5184 1097 5237 Moses
1123 5188 1377 5246 testatur)
1411 5181 1768 5249 interrogavit
1788 5197 1913 5234 eum

336 5279 546 5341 dicens,
603 5294 622 5328 ι
677 5274 988 5336 Adam,ubi
1039 5273 1135 5325 es?
1182 5290 1200 5322 ι
1254 5271 1392 5324 Num
1448 5269 1596 5338 quod
1645 5270 1920 5339 ignoraret

338 5372 561 5426 ubinam
596 5371 642 5424 is
669 5379 837 5431 esset,
866 5364 1263 5434 interrogavit?
1297 5366 1449 5415 Absit
1482 5371 1628 5414 tanta
1666 5363 1921 5430 blasphe-

340 5464 481 5518 mia!
511 5462 640 5533 quid
675 5461 820 5515 enim
853 5457 998 5527 apud
1037 5457 1204 5510 Deum
1237 5456 1406 5508 latere
1431 5454 1622 5522 possit,
1656 5471 1776 5507 cuin
1803 5471 1922 5509 om-

343 5554 431 5606 nia
485 5561 804 5622 cognoscat,
867 5550 1187 5621 priusquam
1272 5547 1644 5614 generentur?
1719 5546 1919 5600 Verum

345 5647 451 5701 hoc
480 5643 584 5698 sibi
609 5643 802 5698 volunt
834 5643 934 5696 ista
962 5641 1126 5694 verba
1156 5659 1167 5692 :
1197 5639 1240 5692 Ο
1264 5638 1464 5706 Adam,
1500 5638 1551 5690 in
1577 5638 1921 5706 qudemnam

345 5734 671 5806 dignitatem
703 5716 1002 5789 sub‘vectus
1030 5732 1124 5787 es?
1157 5729 1248 5784 ubi
1283 5745 1428 5782 nunc
1459 5728 1608 5798 agis?
1632 5728 1921 5797 qualenam

2011 4541 2314 4612 ὰπέῤῥιψεν
2348 4539 2534 4601 αὑτὸν,
2583 4536 2658 4596 ὡς
2715 4535 2992 4604 ἄχρηστον
3051 4533 3266 4589 σκεῦος.
3300 4528 3408 4581 Καὶ
3460 4525 3590 4594 περὶ

2012 4631 2176 4682 αὑτοῦ
2217 4632 2249 4697 ἡ
2276 4628 2518 4697 τυχοῦσα
2568 4627 2748 4696 μνεία.
2777 4625 2810 4695 ἢ
2839 4621 3071 4693 ὁτυχὼν
3113 4621 3270 4686 λόγος
3315 4619 3415 4670 οὐκ
3463 4618 3588 4683 Eys-

2012 4741 2150 4776 νετο.
2187 4723 2289 4775 Τὸν
2318 4721 2373 4773 δὲ
2413 4720 2586 4786 Ἀδὰμ
2609 4719 2704 4771 καὶ
2735 4717 2833 4786 τὴν
2869 4715 3011 4769 Εὕαν
3058 4713 3133 4774 ὡς
3178 4712 3310 4772 Θεδς
3353 4710 3480 4761 ἰδὼν
3509 4711 3593 4762 ὅτι

2012 4814 2162 4867 οὐδὲν
2211 4813 2475 4864 ἔπταισαν
2519 4809 2593 4870 ὡς
2631 4811 2658 4861 6
2698 4807 2946 4867 διάϐολος
2996 4805 3099 4857 ὑπὸ
3151 4800 3454 4864 κενοδοξίας
3497 4800 3594 4850 καὶ

2015 4905 2416 4975 ὑπερηφανίας,
2473 4903 2590 4956 ἀλλ’
2649 4901 2754 4955 ὑπὸ
2809 4898 3009 4968 φθόνου
3067 4899 3162 4951 καὶ
3222 4896 3436 4961 ἀπάτης
3497 4889 3593 4944 τοῦ

2015 4999 2285 5061 διαϐόλου,
2326 4998 2419 5049 καὶ
2444 4999 2526 5049 ὅτι
2564 4995 2727 5048 πάλιν
2783 4996 2810 5045 6
2862 4991 3149 5060 ἄνθρωπος
3207 4985 3348 5056 μετὰ
3401 4983 3595 5052 καιρὸν

2017 5091 2263 5153 δέξεσθαι
2320 5088 2503 5158 μέλλει
2555 5083 2961 5154 ὲπιδιόρθωσιν,
2997 5084 3042 5133 εί
3078 5084 3192 5138 ,καὶ
3241 5075 3598 5146 κατηράσατο

2018 5185 2044 5236 6
2084 5182 2218 5235 Θεὸς
2270 5181 2344 5248 τῷ
2391 5195 2450 5230 τε
2498 5177 2674 5244 Ἀδὰμ
2723 5176 2818 5229 καὶ
2871 5177 2936 5243 τῇ
2989 5172 3102 5242 Εὕα
3151 5170 3240 5222 διὰ
3288 5167 3596 5230 παίδευσιν,

2019 5275 2135 5330 ἀλλ’
2160 5277 2310 5343 ὅμως
2364 5270 2708 5342 περιπατῶν,
2738 5267 2810 5328 ὡς
2844 5267 2991 5334 λέγει
3038 5264 3268 5331 Μωσῆς.
3293 5263 3321 5314 6
3364 5259 3496 5319 Θεῦς
3540 5259 3599 5309 ἐν

2019 5365 2098 5433 τῷ
2154 5362 2470 5431 παραδείσῳ
2521 5359 2584 5412 τὸ
2645 5357 2890 5422 δειλινὸν,
2950 5357 3237 5426 ἠρώτησεν
3279 5353 3440 5405 αὐτὸν
3504 5350 3601 5403 καὶ

2023 5449 2196 5516 εἶπεν,
2247 5469 2264 5501 ι
2307 5449 2500 5518 Ἀδὰμ,
2535 5446 2636 5501 ποῦ
2686 5443 2765 5513 εἷς
2806 5466 2822 5497 ι
2869 5446 2979 5514 Οὐχ
3013 5445 3089 5508 ὡς
3121 5443 3333 5513 ἀγνοῶν
3381 5439 3604 5512 ἠρώτη-

2026 5561 2116 5595 σεν
2150 5543 2332 5601 αὐτὸν,
2365 5541 2546 5604 ἄπαγε
2594 5540 2692 5608 τῆς
2741 5537 3125 5608 βλαξφημίαςί
3182 5534 3328 5606 παρὰ
3372 5535 3479 5603 γὰρ
3524 5529 3603 5600 τῷ

2025 5633 2142 5703 Θεῷ
2171 5633 2221 5686 τί
2253 5635 2400 5685 ἐστιν
2430 5630 2814 5701 ἀγνοούμενον,
2853 5630 2974 5681 ἐπεὶ
3001 5630 3067 5681 τὰ
3099 5628 3274 5681 πάντα
3307 5625 3605 5678 ἐπίσταται

2003 5722 2122 5779 ’καὶ
2165 5725 2291 5795 πρὶν
2350 5725 2614 5794 γενέσεως
2656 5721 2876 5788 αὺτῶνς
2924 5720 3060 5773 ἀλλὰ
3107 5717 3264 5772 τοῦτο
3313 5712 3604 5785 δηλοῦντος
