3970 6212
371 363 483 431 435

1326 368 1629 437 CONTRA
1670 376 2167 441 manumanu
2193 365 2580 449 aromata
2624 392 2709 452 ιι.

3526 404 3634 471 446

369 476 469 532 τοῦ
494 476 681 545 λόγου,
718 477 800 532 ὅτι
842 479 1036 551 Ἀδὰμ,
1067 483 1149 546 εἰς
1196 485 1347 538 ποῖον
1395 485 1613 556 ἀξίωμα
1664 488 1940 555 εὑρίσκου,

2051 491 2236 557 εδι,’ἰιι
2268 496 2411 563 quod
2441 498 2704 567 incidisti,
2746 501 3265 574 barathrum?Quid
3298 524 3430 564 vero
3456 514 3630 568 Adam

369 572 474 625 καὶ
503 571 647 622 κατᾶ
683 570 744 622 τὸ
801 572 976 640 παρὸν
1029 575 1159 638 ποῦ,
1190 578 1287 630 καὶ
1336 580 1418 639 εἰς
1473 583 1627 633 ποῖον
1682 580 1955 653 βάραθρον

372 662 679 730 κατῆλθεςς
710 661 777 715 Τί
795 665 852 716 δὲ
876 668 904 718 6
938 667 1109 737 ’Δδάμ
1136 685 1150 728 ς
1190 686 1209 719 ι
1234 669 1346 739 Τῆς
1391 673 1579 738 φωνῆς
1611 690 1705 725 σου
1746 674 1955 742 ἥκουσα
1994 680 2003 690 ’

369 756 811 825 περιπατοῦντος
839 757 897 809 ἓν
914 759 994 828 τῷ
1020 760 1357 830 παραδίσῳ,
1387 765 1481 815 καὶ
1515 764 1773 833 ἐκρύόην.
1816 784 1835 816 ι
1881 765 1955 819 Ὶ¹ὸ
1994 795 1998 798 ‹

369 846 428 900 δὲ
452 847 686 900 δειλινὸν
733 849 889 902 οὐδὲν
948 850 1137 919 ἕτερον
1190 855 1345 921 δηλοῖ
1390 858 1437 908 εί
1492 857 1704 926 μὴ,ὄτι
1758 856 1956 930 ὥσπερ

373 938 739 1008 παρελθόντος
803 940 896 992 τοῦ
966 943 1212 1007 πλείονος
1289 947 1490 1016 μέρους
1551 948 1651 1015 τῆς
1709 950 1951 1019 ἡμέρας,

370 1030 556 1100 ἐκείνη
590 1033 621 1099 ἡ
657 1030 776 1101 ὥρα
819 1032 1050 1087 δειλινὸν
1096 1036 1338 1103 λέγεται,
1373 1039 1515 1092 οὕτω
1572 1042 1952 1111 παρελθόντων

368 1119 484 1171 τῶν
515 1120 778 1172 πλειόνων
815 1122 1047 1190 χρόνων,
1077 1125 1281 1192 μέλλει,
1317 1132 1720 1199 περιπατήσειν
1759 1133 1787 1184 6
1821 1131 1954 1193 Θεὸς

367 1209 431 1260 ὃν
461 1211 529 1276 τῇ
564 1211 657 1278 γῇ.
703 1210 761 1261 Ὀ
802 1213 912 1278 γὰρ
942 1212 1280 1281 παράδεισος
1315 1214 1373 1265 ὲν
1399 1220 1463 1284 τῇ
1503 1219 1572 1286 γῇ
1613 1216 1950 1286 εὑρίσκεται,

366 1301 448 1363 ὼς
500 1303 531 1353 6
586 1301 791 1371 Μωσῆς
820 1302 1066 1356 διδάσκει
1097 1320 1113 1335 ο
1145 1304 1205 1358 τὸ
1246 1307 1378 1358 αὐτὸ
1433 1308 1539 1376 γάρ
1579 1311 1726 1362 ἐστιν
1755 1312 1951 1375 εἰπεῖν,

366 1393 430 1444 ἐν
478 1393 558 1461 τῷ
610 1395 946 1465 παραδείσῳ,
975 1395 1049 1453 ὡς
1097 1397 1158 1449 τὸ
1205 1401 1399 1464 είπεῖν,
1432 1401 1492 1453 ὲν
1544 1405 1611 1470 τῇ
1665 1405 1761 1473 γῇ.
1792 1401 1951 1466 Τίνες

363 1483 428 1537 δέ
492 1486 634 1539 εἰσιν
691 1488 739 1539 οἱ
789 1487 1048 1558 ῥηθέντες
1107 1489 1353 1553 πλείονες
1414 1492 1631 1562 χρόνοι,
1695 1492 1809 1561 ὲγώ
1868 1512 1951 1548 σοι

363 1575 502 1644 ἐρῶ.

330 1662 352 1745 λ
433 1667 507 1734 γ’.
548 1670 685 1725 Ἀπὸ
716 1671 816 1741 τῆς
839 1673 1148 1737 συστάσεως
1189 1674 1283 1729 τοῦ
1322 1675 1526 1745 κόσμου
1558 1676 1662 1739 ἕως
1694 1678 1791 1746 τῆς
1826 1695 1951 1731 συν-

358 1759 581 1819 τελείας
624 1761 720 1813 τοῦ
770 1764 1039 1831 παρόντος
1068 1764 1265 1847 αἰῶνος
1309 1768 1539 1830 ἑπτάκις
1575 1768 1737 1836 χίλιοι
1768 1771 1947 1839 χρόνοι

354 1852 617 1919 λέγονται
660 1849 823 1920 εἶναι,
854 1856 888 1926 ἦ
921 1857 1014 1909 καὶ
1044 1858 1226 1911 πλέον.
1259 1860 1412 1912 Μετὰ
1446 1860 1502 1912 δὲ
1536 1862 1635 1930 τὴν
1682 1864 1947 1932 παρέλευ-

355 1965 447 2000 cu
474 1948 590 1998 τῶν
615 1949 886 2001 τοσούτων
910 1953 1117 2018 χρόνων
1155 1952 1338 2019 μέλλει
1367 1953 1618 2018 γενέσθαι
1652 1956 1684 2021 ἡ
1707 1957 1944 2009 ἀνάστα-

355 2054 443 2098 σις
466 2037 583 2089 τῶν
612 2039 848 2107 νεκρῶν.
882 2040 1016 2093 Ἀπὸ
1035 2042 1166 2109 γοῦν
1194 2042 1287 2094 τοῦ
1328 2043 1499 2113 Ἀδὰμ
1532 2046 1691 2115 μέχρι
1722 2048 1820 2119 τῆς
1849 2046 1945 2100 τοῦ

355 2129 610 2199 Χριστοῦ
649 2132 959 2198 γεννήσεως
997 2135 1350 2202 παρήλθοσαν
1378 2137 1562 2206 χρόνοι
1639 2177 1655 2191 .
1734 2177 1750 2194 .

360 2221 440 2287 (al
474 2224 648 2274 ἐναπέ
659 2240 854 2291 μειναν
886 2226 979 2279 καὶ
1028 2226 1105 2289 ὡς
1140 2226 1274 2296 πρὸς
1308 2231 1435 2289 τοὶς
1466 2228 1695 2289 ἑπτάκις
1738 2230 1944 2298 χιλίους

364 2312 619 2377 γρόνους,
650 2315 854 2385 ἕτεροι.
932 2354 949 2372 .
1025 2357 1040 2371 .
1120 2356 1135 2370 .
1210 2319 1311 2371 Διὰ
1344 2319 1504 2372 τοῦτο
1531 2312 1685 2373 εἷπον
1713 2322 1762 2373 οἱ
1795 2320 1943 2389 ἅγιοι

377 2407 470 2457 καὶ
494 2409 545 2459 οἱ
569 2409 868 2479 προφῆται,
899 2412 981 2464 ὅτι
1001 2412 1087 2463 ἐπ’
1120 2412 1363 2481 ἐσχάτων
1387 2414 1496 2465 τῶν
1520 2416 1729 2484 χρόνων
1759 2414 1945 2482 μέλλει

373 2502 712 2572 σαρκωθῆνιι
741 2504 769 2555 6
797 2505 1053 2574 Χριστός.
1092 2505 1318 2568 Βλέπεις
1346 2508 1461 2567 πῶς
1486 2507 1592 2559 ἀπὸ
1622 2506 1716 2559 τοῦ
1764 2507 1941 2586 Ἀδὰμ.

266 2638 279 2653 ,
367 2592 575 2661 ἦρξατο
606 2596 1004 2663 ἀναφαίνεσθαι
1034 2597 1093 2649 τὸ
1135 2597 1230 2651 τοῦ
1265 2598 1398 2652 Υίοῦ
1431 2598 1526 2651 τοῦ
1555 2598 1690 2651 Θεοῦ
1733 2602 1947 2669 μυστή-

363 2703 503 2754 ριον,
539 2688 740 2755 μᾶλλον
777 2690 833 2741 δὲ
871 2691 976 2758 πρὸ
1012 2689 1108 2742 τοῦ
1149 2690 1357 2759 ’Λδὰμς
1392 2691 1533 2756 Πρὸς
1571 2697 1691 2746 τίνα
1725 2692 1833 2760 γὰρ
1862 2691 1943 2744 εῖν

360 2794 535 2845 ρηκεν
563 2781 589 2830 6
612 2779 767 2842 Θεὸς,
797 2781 880 2832 ὄτι
915 2799 934 2830 ι
972 2782 1295 2850 Ποιήσωμεν
1329 2782 1657 2855 ἄνθρωπον-ς
1693 2801 1713 2834 ι
1753 2784 1811 2836 Ὀ
1834 2784 1944 2855 γὰρ

353 2869 490 2933 Θεὸς
516 2870 750 2935 ἁπλοῦς,
778 2873 839 2924 τὸ
874 2891 892 2923 ι
928 2874 1248 2943 Ποιήσωμεν
1284 2875 1569 2944 ἄνθρωπον
1598 2877 1719 2930 κατ’
1753 2878 1940 2930 εἰκόνα

355 2958 641 3026 ἡμετέραν
658 2961 749 3011 καὶ
768 2962 890 3014 καθ’
911 2963 1187 3029 ὁμοίωσιν.
1212 2983 1228 3014 ι
1264 2984 1293 3016 τι
1310 2965 1399 3035 ρὸς
1415 2966 1536 3018 τίνα
1557 2967 1777 3036 εἴρηκες
1806 2969 1943 3039 Πρός

350 3049 542 3114 δηλον,
573 3051 655 3103 ὅτι
688 3052 819 3119 πρὸς
847 3055 937 3106 τὸν
964 3055 1089 3108 Υίὸν
1115 3054 1303 3110 αὐτοῦ.
1348 3057 1407 3109 Ὀ
1437 3059 1625 3128 Πατὴρ
1659 3061 1765 3129 γὰρ
1792 3060 1887 3113 καὶ
1914 3062 1942 3113 6

2056 584 2122 636 ad
2152 585 2295 640 haec?
2324 607 2343 639 ι
2374 590 2574 646 Verem
2610 602 2756 649 tuam
2790 598 2977 652 audivi
3003 600 3340 656 ambulantis
3366 604 3419 657 in
3447 605 3629 671 ltoi'to,

2056 684 2112 727 ct
2161 676 2423 732 abscondi
2475 695 2583 735 me.
2630 700 2649 733 ι
2690 684 3133 741 Pomeridiannm
3187 698 3370 746 autem
3413 701 3632 763 tempus

2057 763 2149 818 hic
2197 782 2304 821 non
2339 770 2486 825 aliud
2521 771 2724 840 innuit,
2773 793 2936 846 quam
2976 780 3121 849 quod
3174 782 3319 835 sicut
3361 782 3497 838 hora
3529 802 3637 856 po-

2059 859 2362 915 meridiana
2398 863 2621 927 dicitur,
2656 884 2777 937 quae
2808 879 2929 937 post
2959 872 3251 928 maximam
3286 875 3393 930 diei
3425 888 3631 946 partem

2051 948 2163 1019 jam
2194 961 2443 1007 exactam
2479 957 2753 1025 sequitur,
2790 959 2871 1014 sic
2904 962 3068 1016 etiam
3124 973 3245 1033 post
3288 968 3442 1035 plura
3490 978 3632 1025 tem-

2059 1055 2190 1108 pora
2222 1042 2402 1112 elapsa
2444 1044 2585 1100 Deus
2619 1064 2786 1117 super
2823 1061 3022 1105 terram
3054 1064 3199 1108 esset
3228 1059 3631 1117 ambulatttrus.

2055 1132 2343 1188 Paradisus
2375 1137 2541 1200 enim,
2563 1140 2716 1208 juxta
2749 1141 2912 1196 Mosis
2950 1143 3283 1208 doctrinam,
3326 1148 3482 1205 locus
3513 1163 3628 1206 ter-

2054 1226 2247 1279 restris
2280 1235 2382 1281 est.
2418 1228 2652 1284 Perinde
2686 1231 2852 1301 igitur
2883 1232 3142 1304 idemque
3174 1246 3276 1300 est,
3308 1239 3423 1294 sive
3453 1242 3507 1294 in
3535 1258 3631 1312 pa-

2057 1313 2266 1377 radiso,
2313 1316 2430 1370 sive
2484 1332 2652 1386 super
2692 1329 2889 1375 trrram
2942 1322 3180 1393 aliquem
3218 1341 3338 1381 esse
3401 1328 3627 1387 dixeris.

2050 1402 2181 1469 Quae
2204 1420 2333 1458 vero
2352 1406 2501 1475 plum
2537 1408 2625 1462 illa
2650 1410 2779 1470 sint.
2798 1410 2865 1466 de
2896 1413 3098 1483 quibus
3123 1414 3214 1470 hic
3240 1415 3464 1485 dicitur,
3484 1428 3624 1477 tem-

2052 1514 2214 1567 pora.
2248 1500 2357 1570 jam
2389 1500 2485 1555 tibi
2516 1517 2808 1572 exponam.

2120 1682 2174 1736 3.
2214 1682 2258 1736 A
2308 1685 2700 1743 constitutione
2739 1689 2926 1744 mundi
2967 1708 3141 1763 usque
3171 1695 3237 1748 ad
3280 1710 3628 1755 consumma-

2054 1773 2252 1829 tionem
2288 1779 2570 1845 praesentis
2622 1783 2844 1847 seculi,
2885 1796 3092 1851 septem
3145 1788 3314 1843 millia
3359 1804 3626 1845 annorum

2050 1865 2168 1920 fore
2208 1867 2418 1934 dicunt,
2453 1872 2539 1925 vel
2585 1873 2752 1927 etiam
2798 1876 2939 1942 plus,
2989 1878 3191 1946 quibus
3227 1882 3387 1935 annis
3426 1881 3629 1951 elapsis

2049 1969 2395 2015 mortuorum
2434 1966 2772 2018 resurrectio
2804 1966 2986 2021 futura
3016 1978 3120 2023 est.
3165 1969 3248 2025 Ab
3276 1971 3447 2026 Adam
3492 1989 3626 2030 vero

2048 2064 2220 2115 usque
2258 2052 2323 2105 ad
2352 2051 2557 2107 Christi
2611 2057 3027 2124 generationem
3067 2061 3194 2114 anni
3238 2063 3493 2118 exierunt
3540 2074 3624 2119 ter

2049 2142 2217 2205 mille,
2278 2144 2625 2213 noningenti,
2683 2151 3029 2219 septuaginta
3090 2160 3347 2220 quatuor.
3404 2155 3622 2225 Reliqui

2049 2232 2219 2300 igitur
2253 2232 2306 2287 in
2349 2234 2753 2291 absolutionem
2782 2250 2990 2308 septem
3022 2242 3252 2295 millium
3290 2252 3520 2298 restant.
3553 2245 3623 2299 Et

2048 2323 2151 2376 hac
2201 2323 2267 2376 de
2320 2340 2484 2379 causa
2515 2328 2689 2382 sancti
2724 2329 2888 2384 simul
2921 2342 2977 2386 et
3008 2334 3288 2402 prophetze
3336 2337 3620 2404 dixerunt,

2045 2417 2189 2483 quod
2228 2418 2281 2470 in
2323 2418 2589 2473 extremis
2631 2423 2972 2490 temporibus
3008 2424 3265 2482 Christus
3314 2438 3461 2483 esset
3495 2444 3619 2485 car-

2012 2521 2168 2559 nem
2224 2518 2628 2577 assumpturus.
2703 2512 2942 2569 Videsne
3003 2515 3174 2585 igitttr
3226 2527 3285 2572 ut
3331 2522 3399 2572 ab
3450 2520 3623 2590 ipsius

2043 2598 2236 2653 Adatni
2274 2604 2620 2671 temporibus
2644 2604 2764 2658 Filii
2800 2607 2894 2660 Dei
2928 2610 3244 2678 mysterium
3278 2612 3621 2667 manifestari

2045 2693 2319 2758 cu‘pcrit?
2355 2692 2466 2747 imo
2503 2704 2628 2749 ante
2657 2696 2821 2766 hujus
2858 2706 3127 2767 tempora.
3168 2701 3250 2756 Ad
3278 2718 3440 2771 quem
3472 2705 3618 2758 enim

2044 2783 2183 2837 dixit
2242 2784 2407 2849 Deus,
2472 2804 2491 2837 ι
2539 2786 2826 2841 Faciamus
2871 2789 3187 2845 hominem?
3223 2810 3242 2843 ι
3286 2792 3430 2848 Deus
3471 2794 3619 2848 enim

2044 2875 2198 2928 solus
2229 2885 2283 2929 et
2314 2877 2478 2931 unius
2522 2892 2771 2946 personze
2812 2889 3023 2935 tantum
3067 2882 3365 2943 exsistens.
3396 2884 3617 2939 cuinam

2043 2965 2148 3018 hoc
2180 2966 2364 3020 dicere
2390 2969 2590 3035 potuit,
2618 2988 2635 3019 ι
2678 2969 2968 3026 Faciamus
3000 2972 3279 3028 hominem
3302 2973 3456 3041 juxta
3483 2976 3621 3030 ima—

2043 3057 2223 3124 ginem
2251 3066 2305 3111 ct
2335 3057 2752 3114 similitudinem
2792 3063 3074 3117 nostram?
3119 3082 3135 3111 ι
3173 3063 3457 3119 Manifesto
3486 3082 3618 3121 con-

353 3140 496 3204 Υἱὸς
538 3144 596 3195 ἒν
623 3146 793 3200 ἐστιν.
827 3146 983 3200 Οὕτω
1006 3150 1114 3217 γὰρ
1138 3150 1232 3202 καὶ
1261 3152 1290 3203 6
1334 3151 1566 3218 Χριστὸς
1597 3154 1655 3204 ὲν
1681 3155 1793 3217 τοῖς
1833 3154 1939 3207 Εὐ-

2044 3158 2172 3211 stat,
2204 3149 2349 3218 quod
2404 3150 2470 3204 ad
2522 3149 2929 3207 Filium-suum
2984 3155 3148 3209 verba
3203 3144 3415 3210 fecerit.
3455 3157 3617 3211 Pater

355 3234 639 3298 αγγελίοις
667 3235 814 3303 λέγει
840 3237 922 3291 ὅτι
966 3257 984 3291 ι
1033 3239 1172 3308 Ἐγὼ
1201 3241 1295 3295 καὶ
1321 3243 1350 3294 6
1383 3242 1568 3311 Πατὴρ
1591 3243 1650 3296 ἓν
1677 3244 1842 3312 ἐσμεν
1863 3262 1876 3276 ’
1912 3264 1931 3298 ι

353 3326 477 3389 καὶ,
520 3344 539 3376 ι
558 3325 621 3381 Ὀ
650 3327 747 3396 ἐμὲ
770 3327 991 3399 θεωρῶν
1021 3333 1109 3382 τὸν
1135 3332 1356 3401 Πατέρα
1387 3333 1604 3402 θεωρεῖ.
1639 3353 1657 3386 ι
1692 3336 1938 3405 Λέγομεν

352 3416 413 3469 δὲ
449 3419 545 3470 καὶ
563 3419 719 3487 ἡμεῖς
743 3423 788 3472 οἱ
806 3422 1121 3488 Χριστιανοὶ
1151 3424 1232 3477 ὃτι
1264 3424 1511 3492 ἀνάθεμα
1532 3426 1592 3489 ὃς
1623 3444 1726 3479 που
1743 3428 1934 3496 ὁμολο-

351 3512 445 3576 γεί
473 3510 570 3563 δύο
605 3510 785 3574 θεοὺς,
814 3513 930 3566 ἀλλ’
957 3515 1055 3569 ἕνα
1075 3515 1210 3568 Θεὸν
1232 3496 1561 3585 πιστεῦομεν
1582 3517 1672 3570 τὸν
1708 3519 1935 3590 ποιητὴν

348 3600 450 3653 τοῦ
477 3602 706 3672 οὐρανοῦ
738 3605 834 3657 καὶ
864 3606 962 3672 τῆς
987 3606 1111 3674 γῆς.
1142 3607 1250 3659 Καὶ
1292 3606 1569 3678 ὀργισθεὶς
1612 3610 1639 3661 6
1669 3609 1802 3670 Θεὸς
1842 3612 1935 3665 τὸν

365 3692 566 3760 Ἀδὰμ,
610 3693 792 3757 καθὼς
837 3697 865 3747 6
899 3695 1055 3762 λόγος
1100 3696 1310 3764 φθάσας
1341 3696 1629 3766 ἐδήλωσεν,
1680 3698 1932 3763 ἐξέϐαλεν

348 3784 523 3838 αὐτὸν
551 3785 615 3838 lx
656 3785 751 3839 τοῦ
804 3787 1287 3856 παραδείσου,·καὶ
1334 3789 1523 3853 ἔταξεν
1558 3789 1717 3840 αὑτὸν
1760 3791 1925 3859 ὲργάυ

347 3878 548 3938 ζεσθαι
584 3878 685 3950 τὴν
731 3880 858 3948 γῆν,
903 3883 997 3935 κοιλ⁵
1028 3880 1246 3950 ἔσπειρε
1294 3881 1438 3943 τότε,
1486 3884 1579 3935 καὶ
1640 3885 1814 3937 ἐποίει
1841 3885 1931 3938 τὸν

350 3972 503 4022 σῖτον
534 3971 627 4024 καὶ
661 3973 788 4033 τοὺς
823 3972 1041 4037 ἑτέρους
1073 3973 1342 4041 καρπούς.
1376 3971 1603 4038 Βλέπεις
1636 3975 1751 4037 πῶς
1788 3978 1816 4029 6
1852 3977 1932 4030 δι-

347 4064 521 4126 δάξας
550 4066 715 4133 ὑμᾶς,
746 4067 828 4118 ὃτι
860 4067 1062 4137 στάχυς
1096 4069 1244 4120 σίτου
1286 4068 1571 4137 εὑρίσκετο
1603 4070 1661 4123 τὸ
1689 4070 1926 4140 δένδρον,

344 4156 377 4208 ὃ
410 4156 614 4224 ἔφαγεν
648 4160 678 4210 ὁ
727 4158 918 4227 Ἀδὰμ,
973 4160 1074 4213 οὐκ
1111 4160 1381 4224 ἐγίνωσκε
1415 4160 1475 4213 τὸ
1527 4161 1580 4213 τί
1626 4162 1926 4229 ἐδίδασκεν,

343 4248 467 4301 ἀλλ’
503 4252 567 4301 ἑκ
597 4249 696 4318 τῆς
725 4250 951 4319 καρδίας
974 4250 1139 4303 αὐτοῦ
1169 4251 1352 4318 ἔλεγεν
1384 4254 1484 4306 ὅσα
1519 4252 1928 4317 ὲδούλετοςΚα-

346 4339 462 4402 θὼς
491 4342 586 4394 καὶ
625 4343 706 4404 είς
733 4341 869 4395 ἄλλα
905 4342 1075 4395 πολλὰ
1113 4342 1475 4409 ἀναφαίνεται
1511 4343 1703 4406 οὕτως,
1741 4347 1822 4398 ὅτι
1865 4345 1923 4410 ἐξ

338 4431 557 4493 οἰκείας
585 4433 846 4499 διανοίας,
877 4437 971 4485 καὶ
1002 4434 1176 4486 οίκεῖα
1198 4435 1596 4500 ἀναπλάσματα
1618 4434 1916 4490 ἐδίδασκεν.
1949 4447 1958 4476 -‘

353 4523 423 4577 Ὅ
450 4526 563 4592 γὶιρ
591 4527 791 4592 στάχυς
831 4525 924 4577 τοῦ
962 4525 1109 4578 σίτου
1142 4526 1279 4593 μετὰ
1313 4525 1411 4595 τῆν
1437 4524 1651 4593 ὲξορίαν
1696 4526 1791 4578 τοῦ
1824 4546 1924 4579 πα-

342 4616 601 4688 ραδείσου
632 4618 722 4670 καὶ
752 4616 848 4688 τὴν
877 4617 1120 4685 κατάραν
1148 4617 1408 4685 ἀνεφάνη.
1439 4635 1457 4668 ι
1495 4617 1581 4668 Ἐν
1604 4616 1787 4684 ἱδρῶτι
1813 4617 1922 4687 γὰρ

339 4709 445 4762 τοῦ
469 4708 761 4777 προσώπου
791 4726 881 4763 σου
908 4711 1057 4778 φάγῃ
1085 4710 1177 4761 τὸν
1194 4709 1358 4778 ἄρτον
1385 4725 1502 4769 σου,
1531 4727 1549 4760 ι
1571 4703 1726 4761 εἶπεν
1744 4710 1772 4760 6
1791 4709 1922 4772 Θεὸς

340 4794 426 4861 τῷ
498 4796 700 4863 Ἀδὰμ,
739 4796 834 4849 καὶ
886 4796 1023 4860 μετὰ
1077 4796 1245 4849 κόπου
1301 4797 1398 4847 καὶ
1453 4795 1674 4865 ἱδρῶτος
1725 4795 1919 4848 πολλοῦ

338 4887 564 4956 burim
592 4886 687 4939 καὶ
716 4887 1035 4955 ὲγεωργήθη
1068 4888 1096 4938 ὁ
1129 4887 1297 4947 σῖτος.
1337 4884 1406 4938 '0
1435 4886 1490 4938 δὲ
1536 4885 1706 4955 Ἀδὰμ
1735 4885 1797 4937 τὸ
1828 4885 1920 4952 ξῦ-

337 4976 459 5041 λον,
485 4971 545 5027 οὗ
571 4974 854 5042 ὶγεύτατο,
889 4976 963 5037 ὡς
985 4976 1011 5026 6
1036 4975 1239 5040 Μωσῆς
1264 4975 1434 5042 λέγει,
1460 4974 1724 5041 ἐγίνωσκε
1754 4974 1918 5029 καλὸν

338 5071 442 5122 καὶ
480 5069 738 5136 πονηρόν.
783 5068 847 5119 Τί
877 5067 933 5119 δὲ
968 5061 1035 5135 ἦν
1062 5069 1088 5119 ὁ
1116 5067 1462 5134 παράδεισος,
1486 5066 1520 5134 ἢ
1554 5066 1605 5118 τί
1637 5066 1696 5119 τὸ
1726 5065 1881 5130 ξύλον
1901 5106 1917 5132 ,

335 5159 467 5213 οὔτε
485 5158 515 5210 6
535 5160 737 5228 Μωσῆς
754 5157 958 5221 ἐδίδαξε
987 5157 1164 5219 τοῦτο,
1184 5156 1307 5210 οὗτε
1337 5157 1521 5222 ἕτερός
1541 5173 1624 5219 τις
1650 5156 1758 5208 τῶν
1784 5174 1916 5226 προ-

334 5254 552 5323 φητῶν,
591 5252 713 5305 οὕτε
764 5251 925 5312 αὐτὸς
975 5252 1003 5303 6
1042 5251 1294 5321 Χριστὸς.
1333 5250 1446 5303 ἀλλ’
1477 5251 1556 5302 ἔτι
1603 5250 1915 5319 εὑρίσκεται

339 5344 667 5412 μυστήριον,
708 5342 783 5403 ὠς
831 5341 937 5403 καὶ,
976 5340 1189 5408 πρώην.
1236 5338 1403 5391 Πόθεν
1431 5337 1488 5390 δὲ
1530 5330 1657 5408 εὗρε
1687 5336 1843 5389 τοῦτο
1888 5337 1916 5389 6

332 5435 611 5501 Μωάμεθ,
653 5434 735 5485 ὅτι
778 5433 979 5499 στάχυς
1009 5432 1157 5483 σίτον
1190 5430 1493 5499 εὑρίσκετο,
1543 5429 1603 5482 οὐ
1636 5427 1911 5494 γινώσκω,

332 5527 481 5580 ἀλλα
521 5526 617 5594 τῆς
657 5524 792 5586 ἰδίας
831 5521 1067 5585 διανοίας
1101 5521 1264 5574 αὐτοῦ
1295 5523 1434 5574 εἰσιν
1485 5519 1935 5587 diuiti/$159111.

2042 3240 2190 3293 enim
2219 3250 2273 3294 et
2305 3241 2474 3297 Filius
2506 3258 2675 3297 unum
2708 3253 2859 3306 sunt,
2889 3245 3109 3301 Christo
3161 3247 3266 3303 hoc
3324 3248 3504 3313 ipsum
3557 3249 3614 3303 in

2039 3330 2333 3400 Evangelio
2383 3333 2601 3390 dicente
2666 3354 2682 3391 :
2759 3356 2776 3388 ι
2830 3339 2994 3392 Pater
3049 3348 3104 3392 et
3142 3354 3244 3409 ego
3299 3355 3464 3394 unum
3522 3355 3616 3394 su-

2037 3440 2158 3478 mus
2200 3427 2281 3488 ⁵³;
2325 3446 2343 3476 ι
2382 3437 2482 3479 et:
2522 3446 2539 3477 ι
2578 3429 2679 3493 Qui
2710 3444 2794 3483 me
2842 3430 3013 3494 videt,
3061 3431 3275 3484 Patrem
3305 3431 3452 3486 videt
3485 3433 3555 3487 ".
3588 3450 3607 3483 ι

2035 3510 2178 3577 Quin
2226 3525 2284 3567 et
2320 3529 2419 3568 nos
2464 3513 2768 3570 Christiani
2813 3515 3070 3583 fatemur,
3110 3519 3404 3581 anathema
3461 3520 3613 3575 hunc

2035 3617 2178 3664 esse.
2223 3603 2316 3671 qui
2357 3603 2496 3657 duos
2532 3603 2667 3658 deos
2708 3604 2875 3660 fuerit
2914 3607 3226 3669 confessus.
3258 3623 3430 3662 unum
3461 3609 3609 3662 enim

2038 3696 2203 3749 Deam
2237 3710 2361 3750 esse
2390 3696 2687 3761 credimus,
2728 3706 3034 3752 creatorem
3067 3699 3191 3753 caeli
3227 3708 3283 3755 et
3322 3709 3501 3754 terrae.
3541 3700 3611 3754 Et

2033 3790 2200 3855 Deus,
2218 3789 2551 3855 iratusAdte,
2578 3800 2635 3843 ιιι
2652 3791 3111 3857 antrdictumesl,
3136 3793 3436 3864 ejeciteum
3457 3809 3611 3862 para-

2031 3881 2171 3944 diso,
2190 3889 2247 3935 et
2272 3881 2338 3934 ad
2366 3890 2565 3935 terram
2595 3883 2875 3937 eolendam
2898 3885 3206 3952 constituit,
3228 3900 3337 3954 quo
3363 3899 3606 3955 tempore

2029 3982 2084 4026 et
2102 3973 2410 4038 seminavit,
2432 3984 2487 4027 ct
2504 3973 2642 4028 alios
2661 3975 2871 4029 fructus
2890 3977 3055 4045 erepit
3075 3975 3398 4045 producere.
3415 3976 3608 4032 Jamne

2031 4065 2310 4133 intelligis.
2346 4064 2493 4119 hunc
2526 4066 2620 4135 qui
2673 4065 2861 4119 docuit
2911 4065 3174 4120 frumenti
3224 4066 3451 4120 aristam
3484 4080 3608 4121 esse

2027 4157 2282 4210 arboer
2331 4156 2473 4211 hanc
2509 4156 2575 4210 de
2600 4172 2707 4227 qua
2762 4157 2933 4211 Adam
2983 4158 3307 4222 comederit,
3343 4157 3604 4227 quidnam

2027 4248 2297 4313 docuerit,
2324 4248 2661 4318 ignoravisse
2684 4287 2699 4309 ,
2725 4250 2817 4303 sed
2838 4249 2990 4319 juxta
3006 4248 3175 4302 animi
3201 4250 3284 4304 sui
3313 4248 3603 4303 arbitrium

2025 4337 2227 4392 dixisse
2280 4354 2619 4408 quaecunque
2675 4340 3167 4407 libuerit‘t'qualia
3204 4342 3377 4395 multa
3424 4339 3604 4394 adhuc

2023 4432 2174 4495 illius
2202 4446 2323 4485 esse
2353 4431 2862 4517 deprehenduntqr,
2908 4448 3030 4502 quae
3085 4433 3423 4486 convincunt
3458 4432 3606 4487 hunc

2019 4522 2322 4582 secundum
2378 4522 2620 4591 privatas
2679 4537 2807 4577 suas
2857 4523 3222 4592 cogitationes
3267 4532 3324 4576 et
3376 4522 3598 4591 propria

2020 4612 2274 4682 ﬁgmenta
2313 4610 2585 4666 docuisse.
2624 4610 2906 4665 Frumenti
2937 4613 3081 4667 enim
3113 4613 3262 4681 spica
3296 4623 3416 4681 post
3450 4610 3601 4666 essi-

2018 4702 2154 4755 lium
2200 4700 2433 4771 paradisi
2477 4710 2531 4755 et
2581 4701 3016 4757 maledictionem
3066 4703 3283 4757 demum
3334 4701 3597 4757 excrevit.

2020 4794 2165 4848 Deus
2205 4793 2349 4847 enim
2387 4794 2596 4846 Adamo
2626 4792 2858 4860 dixerat,
2905 4812 2923 4844 ι
2964 4792 3021 4847 ln
3062 4793 3259 4848 sudore
3287 4794 3469 4847 vultus
3519 4792 3597 4845 tui

2022 4884 2277 4940 comedes
2330 4892 2526 4954 panem
2580 4894 2734 4939 tuum
2756 4886 2837 4948 ⁸⁸;
2902 4902 2920 4936 ι
2973 4885 3119 4938 unde
3152 4899 3275 4938 cum
3316 4884 3503 4936 labore
3543 4896 3600 4937 et

2020 4973 2221 5029 sudore
2253 4976 2421 5029 multo
2444 4975 2772 5029 frumentum
2799 4984 2853 5028 et
2878 4974 3204 5029 seminatum
3234 4984 3290 5028 et
3316 4972 3596 5027 excultum

2017 5074 2122 5120 est.
2160 5065 2327 5119 Adam
2374 5082 2506 5120 vero
2545 5066 2793 5120 arborem
2825 5065 2892 5133 de
2934 5080 3040 5133 qua
3088 5065 3359 5123 comedit.
3397 5065 3596 5119 bonam

2014 5165 2062 5209 et
2099 5158 2290 5210 malam
2319 5173 2441 5211 esse
2472 5167 2718 5212 noverat.
2744 5156 2883 5223 Quid
2912 5173 3043 5212 vero
3075 5156 3363 5226 paradisus
3402 5157 3595 5223 fuerit,

2019 5255 2074 5299 et
2103 5262 2348 5315 quaenam
2385 5247 2566 5307 arbor.
2605 5262 2705 5301 nec
2758 5246 2952 5310 Moses,
2986 5263 3089 5302 nec
3137 5246 3278 5302 alius
3323 5247 3593 5317 quispiam

2023 5338 2439 5405 prophetarum,
2480 5338 2589 5392 imo
2633 5354 2733 5394 nec
2756 5338 3011 5393 Christus
3043 5340 3249 5404 docuit,
3283 5339 3376 5393 sed
3415 5339 3595 5393 adhuc

2021 5446 2279 5484 arcanum
2320 5440 2374 5485 et
2422 5431 2755 5501 incognitum
2806 5439 2910 5507 est,
2961 5439 3019 5485 ut
3071 5440 3124 5486 et
3175 5439 3354 5485 antea.
3413 5430 3593 5497 Quare

2022 5510 2293 5573 undeﬁ’am
2352 5521 2624 5577 Mahomet
2673 5522 2808 5592 haec,
2846 5538 2966 5594 quae
3012 5522 3080 5578 de
3137 5522 3393 5615 {tumenti
3446 5525 3594 5591 spica

407 5670 460 5701 ⁸³
494 5666 684 5721 Matth.
720 5682 772 5729 κ,
813 5664 906 5719 50.
984 5663 1032 5697 ⁸⁸
1060 5663 1218 5719 Joan.
1256 5678 1368 5729 xlv,
1400 5664 1453 5718 9.
1530 5664 1580 5696 "
1617 5662 1755 5718 Gen.
1800 5677 1883 5726 ttt,
1923 5662 2010 5718 l9.

415 5814 493 5879 ta;
521 5807 766 5882 Spatium
797 5820 1029 5861 vacuum
1064 5803 1116 5859 in
1140 5803 1435 5875 exemplari
1465 5803 1555 5859 hic
1586 5812 1642 5859 et
1674 5802 1726 5857 in
1761 5803 1901 5858 linea
1946 5814 2230 5874 sequente.
