3970 6212
347 309 455 372 447

1425 338 1464 354 κ
1548 316 1873 379 JOANNIS
1913 320 2460 386 CANTACUZENH
3453 335 3543 402 448

349 417 504 480 dic't,
531 414 920 488 desumpserit,
954 432 1060 472 non
1095 415 1276 483 video,
1310 418 1402 474 sed
1430 421 1775 491 cogitationis
1813 441 1924 480 suae

2033 428 2222 498 Εὐρὼν
2254 432 2362 500 γάρ
2400 431 2721 500 ἀνθρώπους
2751 433 2983 502 ἀμαθεῖς
3016 437 3110 490 καὶ
3145 437 3431 509 ἀγροίκους.
3467 452 3548 500 καὶ

352 511 606 580 ﬁgmenta
635 522 783 567 sunt.
818 513 1075 567 llomines
1105 513 1253 568 enim
1306 527 1499 572 nactus
1536 519 1788 574 indoctos
1841 537 1931 574 ru-

349 603 563 670 desque
591 604 837 672 nihilque
868 604 980 659 t‘ere
1004 620 1032 657 a
1059 604 1232 659 brutis
1265 607 1593 664 animalibus
1617 611 1929 667 differentes

351 695 584 760 (Arabes
616 696 760 749 enim
797 703 1044 764 pastores
1071 697 1221 766 sunt)
1273 713 1336 752 ea
1369 716 1489 770 qua:
1522 705 1740 772 propria
1787 706 1929 760 ratio

351 793 637 854 pepererat
689 783 946 854 ﬁgmenta
995 787 1202 846 docuit,
1257 787 1324 842 de
1378 790 1574 856 quibus
1624 792 1926 846 silebimus.

352 871 468 925 Non
501 873 646 926 enim
720 874 1014 942 primarius
1067 877 1237 930 nostri
1290 878 1521 932 instituti
1580 895 1776 948 scopus
1823 892 1927 947 est,

351 963 817 1018 ltlusulmanorum
851 966 1062 1034 iniquas
1115 978 1170 1020 et
1215 970 1482 1023 erraticas
1508 971 1789 1025 confutare
1816 974 1931 1042 opi-

351 1054 565 1119 niones,
602 1056 699 1109 sed
736 1061 1110 1110 tantummodo
1141 1070 1425 1128 angustant
1463 1062 1630 1128 illaut,
1661 1074 1928 1127 sanetam,

347 1145 546 1214 justam
590 1158 645 1201 et
705 1149 984 1203 honestam
1014 1149 1444 1206 Christianorum
1474 1154 1789 1224 religionem
1837 1173 1930 1211 ex-

351 1252 576 1305 ponere.
629 1238 809 1305 Quare
870 1241 1212 1296 redeundum
1264 1245 1335 1297 ad.
1381 1245 1456 1312 id,
1495 1246 1656 1312 itinde
1697 1248 1927 1318 digressi

360 1342 573 1383 sumus.

421 1484 478 1539 4.
515 1483 649 1538 Cum
683 1485 851 1540 Adam
885 1489 1025 1542 ﬁlios
1057 1491 1336 1558 genuisset
1380 1501 1434 1545 et
1462 1490 1623 1555 ﬁlias,
1648 1503 1704 1548 et
1734 1493 1928 1548 iisdem

349 1575 608 1630 similiter
644 1578 782 1633 ﬁlios
814 1589 869 1633 et
933 1581 1068 1634 ﬁlias
1114 1583 1584 1652 progigncutibus,
1629 1585 1928 1642 hmnanum

350 1681 523 1733 genus
554 1682 718 1736 super
765 1679 961 1724 terram
1003 1674 1424 1738 multiplicatum
1461 1686 1564 1730 est.
1601 1676 1708 1732 Sed
1757 1669 1927 1732 Adam

2029 516 2140 574 οἷον
2169 523 2320 575 οὐδὲν
2344 525 2450 576 τῶν
2474 525 2680 592 ἀλόγων
2717 527 2870 589 ζώων
2903 528 3269 600 διαφέροντας,
3296 541 3551 607 κτηνοτρά.

2032 629 2119 679 φοι
2163 614 2270 682 γὰρ
2301 615 2619 681 εὑρίσκοντο
2649 617 2907 686 Ἀρασεςο
2936 619 3137 687 ἐδίδαξε
3169 623 3264 691 τῆς
3292 626 3414 689 ιδίας
3441 630 3552 684 ἀνοι-

2031 703 2330 774 πλάσματα
2358 706 2596 768 διανοίας
2640 707 3153 778 ἆτιναοσιωπῶμεν,
3181 713 3294 766 ἐπεὶ
3315 716 3408 769 οὐκ
3427 717 3554 775 ἐστιν

2030 798 2191 860 αὐτὸς
2230 799 2642 867 προηγούμενος
2685 801 2714 851 ὁ
2754 801 2974 868 σκοπὸς,
3006 804 3067 854 τὸ
3096 804 3304 873 ἐλέγξαι
3343 809 3433 870 τὰς
3466 811 3556 864 τῶν

2031 888 2466 956 Μουσουλμάνων
2489 891 2831 960 παρανομίας
2852 895 2950 946 καὶ
2976 897 3382 965 πεπλανημένας
3403 899 3554 965 δόξας,

2029 979 2165 1032 ἀλλά
2199 981 2356 1047 μόνον
2392 981 2562 1043 δεῖξαι
2593 982 2652 1033 τὸ
2687 982 2794 1034 τῶν
2823 984 3162 1053 Χριστιανῶν
3203 987 3361 1050 σέϐας
3390 988 3555 1055 ἅγιον,

2031 1072 2124 1122 καὶ
2167 1070 2396 1135 δίκαιον,
2452 1071 2546 1125 καὶ
2597 1073 2781 1127 καλόν.
2841 1073 2980 1126 Ἀλλ’
3023 1076 3161 1128 ίτέον
3207 1075 3324 1129 ὅθεν
3367 1077 3556 1147 ἐξήλθο-

2034 1179 2152 1230 μεν.

2103 1467 2166 1520 δ’.
2213 1469 2248 1519 Γ
2252 1469 2576 1538 εννήσαντος
2604 1468 2698 1521 τοῦ
2751 1469 2921 1538 Ἀδὰμ
2952 1469 3101 1534 eleb;
3133 1468 3229 1522 καὶ
3253 1469 3561 1536 θυγατέρας,

2031 1564 2299 1616 κάκείνων
2319 1564 2694 1630 γεννησάντων
2719 1563 2919 1632 ὁμοίως
2955 1565 3104 1624 υἱοὺς
3138 1563 3232 1616 καὶ
3269 1562 3564 1630 θυγατέρας,

2031 1655 2336 1723 ἐπληθύνθη
2361 1655 2420 1707 τὸ
2453 1657 2608 1722 γένος
2636 1657 2728 1708 ἐπὶ
2753 1655 2853 1725 τῆς
2875 1656 2980 1724 γῆς
3002 1657 3109 1708 τῶν
3141 1653 3450 1725 ἀνθρώπων.
3473 1654 3568 1705 Καὶ

350 1772 474 1810 cum
531 1747 640 1814 Eva
697 1777 793 1815 sua
860 1765 1107 1831 quamvis
1157 1766 1368 1820 seducti
1428 1782 1457 1819 a
1504 1768 1743 1836 diabolo,
1793 1770 1922 1824 dum

2029 1748 2054 1798 ὁ
2097 1747 2196 1814 μὲν
2237 1747 2406 1814 Ἀδὰμ
2443 1749 2534 1799 καὶ
2564 1749 2597 1816 ἡ
2629 1742 2738 1800 Εὕα
2772 1747 3140 1813 πλανηθέντες
3162 1746 3265 1798 ὑπο
3290 1745 3378 1798 τοῦ
3405 1743 3570 1797 διαδό-

350 1847 696 1905 divinitatem
754 1854 1045 1917 aﬁ‘ectaut,
1102 1856 1416 1924 paradisum
1476 1873 1695 1926 quoque
1754 1848 1922 1926 lqucm

351 1937 629 1995 habebant
684 1945 1014 2008 amisissent,
1081 1947 1444 2001 nihilominus
1511 1957 1692 2003 tamen
1757 1951 1925 2004 Deum

349 2029 741 2098 adoraveruul,
781 2045 1083 2090 creatorem
1117 2047 1172 2089 et
1205 2037 1463 2091 factorem
1495 2053 1677 2093 suum.
1722 2039 1927 2095 Horum

352 2131 534 2173 autem
576 2125 775 2190 posteri
819 2141 939 2178 cum
979 2143 1005 2179 a
1047 2131 1275 2181 veritate
1316 2130 1684 2195 deﬂexisscut,
1724 2133 1929 2188 incide-

350 2223 481 2266 runt
521 2213 572 2266 in
623 2216 859 2270 nefanda
892 2219 1118 2282 scelera,
1151 2236 1318 2288 opera
1357 2222 1628 2276 horrenda
1665 2224 1840 2288 dictu,
1874 2234 1928 2278 et

350 2315 571 2372 peccata
606 2307 748 2376 ipsas
776 2319 983 2362 natura:
1028 2312 1176 2382 leges
1219 2313 1559 2376 excedentia,
1591 2332 1712 2384 qua:
1745 2316 1922 2371 virum

348 2399 550 2451 bonum
607 2417 707 2454 nec
758 2405 1042 2456 nominare
1097 2405 1315 2470 quidem
1353 2405 1531 2460 decet.
1568 2407 1677 2460 Nec
1715 2416 1921 2461 tantum

352 2491 406 2542 in
461 2491 609 2545 hisce
667 2495 847 2559 pravis
905 2497 1223 2565 multisque,
1259 2507 1319 2551 ut
1374 2499 1632 2561 diximus,
1691 2501 1926 2568 peccatis

353 2592 723 2646 peccaverunt
759 2599 772 2646 ;
809 2584 902 2638 sed
954 2587 1143 2638 relicto
1172 2586 1336 2639 etiam
1377 2588 1486 2640 Deo
1516 2588 1639 2642 caeli
1668 2597 1722 2641 et
1767 2597 1925 2641 teme

351 2681 619 2725 creatore.
655 2674 1027 2728 adoraverunt
1055 2686 1361 2739 creaturas,
1392 2687 1448 2728 et
1473 2678 1926 2746 creaturamlplus

353 2772 512 2822 quam
534 2759 872 2814 Creatorem.
897 2761 959 2814 lli
990 2764 1134 2816 enim
1156 2765 1323 2817 solem
1348 2766 1729 2828 adoraverunt,
1747 2767 1824 2822 illi
1847 2768 1928 2820 lu-

354 2864 499 2908 nam,
531 2850 619 2901 alii
647 2853 850 2925 stellas,
873 2864 924 2906 et
948 2854 1061 2908 hare
1091 2856 1270 2908 omnia
1303 2856 1583 2926 ipsius1Dei
1602 2859 1820 2912 nomine
1839 2858 1924 2912 di-

352 2940 664 3008 gnatisunt.
701 2942 762 2995 Et
791 2947 1248 3012 quemadmodum
1283 2948 1335 3000 in
1375 2950 1612 3002 tenebris
1643 2951 1926 3017 profundis

351 3034 713 3097 ambulantes,
731 3051 791 3087 ea
816 3053 936 3105 qua:
959 3038 1088 3106 ipsis
1113 3039 1415 3108 propinqua
1441 3049 1568 3094 sunt
1591 3058 1698 3095 non
1719 3043 1921 3107 vident,

2031 1837 2142 1901 λου,
2180 1839 2272 1889 καὶ
2307 1837 2622 1901 ἐλπίσαντες
2664 1839 2914 1906 γενέσθαι
2944 1838 3076 1902 θεοὶ,
3109 1838 3394 1892 ἀπώλεσαν
3413 1838 3496 1888 καὶ
3521 1835 3571 1886 ὃν

2029 1923 2173 1996 εἶχον
2219 1927 2562 1995 παράδεισον.
2597 1927 2789 1997 Ὅμως
2837 1927 2894 1980 δὲ
2937 1927 3310 1997 προσεκύνουν
3346 1926 3432 1978 τὸν
3458 1922 3574 1976 Θεδν

2028 2022 2119 2071 τὸν
2147 2020 2480 2089 δημιουργὸν
2508 2021 2602 2073 καὶ
2627 2021 2875 2090 πλάστην
2907 2021 3100 2073 αὐτῶν.
3135 2022 3202 2073 Oi
3226 2020 3270 2072 δ’
3291 2018 3348 2082 ἐξ
3375 2018 3574 2070 ἐκείνων

2031 2113 2484 2181 παρατραπέντες
2512 2112 2618 2166 ἀπὸ
2648 2114 2746 2182 τῆς
2778 2113 3034 2182 ἀληθείας
3060 2115 3321 2166 ἐνέπεσον
3362 2113 3436 2173 είς
3463 2110 3577 2162 ἀθε-

2032 2203 2217 2271 μίτους
2260 2203 2487 2270 πράξεις
2522 2205 2614 2256 καὶ
2662 2206 3067 2275 ἀρῤητουργίας
3101 2205 3202 2256 καὶ
3247 2205 3392 2272 παρά
3433 2200 3575 2268 φύσιν

2027 2294 2322 2362 ἁμαρτίας,
2348 2295 2411 2355 ἀς
2441 2295 2560 2347 οὐδὲ
2587 2296 2808 2364 θεμιτὸν
2839 2298 3012 2348 εἰπεῖν
3036 2297 3180 2357 ὅλως
3208 2293 3470 2363 ἀνθρώπῳ
3491 2291 3580 2344 σώ-

2029 2402 2205 2453 φρονι.
2240 2387 2330 2454 Μὴ
2363 2387 2530 2454 μόνον
2553 2388 2608 2440 δὲ
2642 2390 2888 2458 ἥμαρτον
2910 2391 2969 2440 ἐν
2993 2391 3277 2451 τοιαύταις
3309 2387 3578 2458 ἁμαρτίαις

2029 2478 2249 2541 πολλαῖς
2289 2481 2382 2532 καὶ
2416 2484 2635 2547 κακαῖς,
2682 2483 2757 2544 ὼς
2793 2483 3040 2552 εἴπομεν,
3079 2480 3208 2535 ἀλλ’
3239 2481 3459 2549 ἀφέντες
3497 2477 3580 2530 τὸν

2028 2573 2160 2623 Θεὸν
2182 2573 2272 2625 τὸν
2295 2574 2526 2644 ποιητὴν
2554 2575 2648 2627 τοῦ
2679 2576 2908 2645 οὐρανοῦ
2942 2575 3040 2628 καὶ
3065 2575 3174 2642 τῆς
3206 2575 3308 2642 γῆς
3337 2568 3578 2643 προσεκῦ-

2028 2680 2090 2732 νη
2101 2680 2197 2715 σαν
2219 2666 2282 2716 τά
2302 2665 2598 2733 κτίσματα,
2625 2670 2720 2721 καὶ
2743 2667 3120 2736 ἐσεϐάσθησαν
3145 2667 3244 2736 τὴν
3262 2665 3430 2718 κτίσιν
3445 2661 3580 2732 παρά

2026 2756 2117 2807 τὸν
2149 2756 2431 2810 κτίσαντα.
2475 2759 2581 2810 Καὶ
2609 2759 2660 2810 οξ
2702 2760 2802 2827 μὲν
2839 2759 3264 2830 προσεκύνησαν
3295 2757 3383 2810 τὸν
3422 2756 3578 2826 ἧ>ιονο

2028 2849 2075 2900 οἱ
2103 2849 2157 2900 δὲ
2181 2848 2278 2918 τὴν
2313 2849 2562 2920 σελήνην,
2586 2854 2634 2903 οὶ
2660 2853 2716 2905 δὲ
2741 2853 2869 2914 τοὺς
2896 2853 3162 2923 ἀστέρας,
3199 2852 3293 2905 καὶ
3324 2847 3580 2918 ὠνόμαζον

2027 2942 2121 2992 καὶ
2155 2941 2383 2992 ἐκάλουν
2413 2942 2548 2994 αὐτά
2579 2943 2755 3005 θεούς.
2794 2945 2904 2996 Καὶ
2926 2944 3115 3013 ὥσπερ
3148 2946 3200 2996 οί
3232 2945 3288 2994 ἐν
3319 2939 3581 3013 βαθυτάτῳ

2028 3031 2206 3084 σκότει
2254 3034 2632 3102 πορευομενοι,
2679 3035 2746 3089 τὰ
2797 3035 2896 3105 μὲν
2930 3035 3165 3106 πλησίον
3199 3036 3379 3089 αὐτῶν
3425 3029 3583 3100 ἁληθῆ

347 3125 454 3180 alia
481 3140 609 3177 vero
638 3142 758 3195 qtae
782 3143 1044 3196 nusquam
1071 3116 1346 3193 sunt,ésse
1372 3132 1754 3201 imaginantur,
1775 3133 1846 3187 ita
1868 3142 1924 3187 et

2028 3125 2124 3193 οὐχ
2151 3125 2338 3195 ὁρῶσι,
2363 3129 2432 3178 τὰ
2455 3127 2510 3180 δὲ
2541 3127 2614 3198 μὴ
2640 3127 2766 3179 ὄντα
2794 3129 2867 3189 ὡς
2892 3129 3016 3180 ὄντα
3046 3129 3432 3195 φαντάζονται,
3457 3123 3585 3175 οὕτω

354 3215 459 3268 illis
481 3218 726 3286 contigit.
749 3218 987 3288 Longius
1009 3220 1153 3273 enim
1174 3237 1203 3273 a
1233 3237 1358 3276 vera
1379 3223 1499 3277 luce
1517 3223 1769 3293 digressi,
1791 3233 1846 3279 et
1870 3224 1921 3278 in

352 3311 595 3363 tenebris
614 3310 930 3379 ignorantia:
945 3314 1482 3381 ambulantes,Demn
1502 3316 1720 3384 quidem
1735 3332 1924 3371 verum

351 3403 579 3456 :tht‘SMi
607 3413 752 3466 sunt,
788 3413 842 3458 et
877 3407 1017 3460 idola
1055 3409 1366 3473 coluerunt,
1389 3419 1443 3464 et
1475 3407 1738 3462 iniisdem
1761 3409 1924 3463 laetati

349 3495 569 3549 sunt.Et
589 3494 837 3566 :Egyptii,
850 3499 1068 3566 quidem
1092 3500 1280 3554 bovem
1299 3501 1681 3564 adorabant,et
1701 3517 1922 3570 aquam;

326 3579 590 3639 ‘Airicani
632 3604 814 3654 ovem,
849 3589 963 3644 Indi
1013 3593 1223 3653 vinum,
1272 3591 1364 3645 alii
1399 3590 1594 3646 ﬂuvios
1636 3602 1692 3646 et
1725 3592 1923 3657 fontes,

349 3676 439 3729 alii
481 3685 689 3732 statuas
739 3693 1059 3746 erexerunt,
1092 3693 1146 3736 et
1194 3683 1346 3736 stulti
1402 3699 1663 3763 manuum
1700 3699 1923 3737 suarum

347 3784 515 3836 npera
546 3787 640 3838 pro
670 3772 775 3826 diis
801 3775 1111 3827 coluerunt.
1151 3774 1351 3828 Desino
1381 3789 1709 3828 enumerare
1739 3774 1926 3844 singu-

347 3859 526 3919 larum
562 3863 844 3931 regionum
870 3880 1107 3928 errores,
1134 3875 1356 3934 propter
1387 3866 1654 3918 inﬁnitam
1687 3867 1920 3934 copiam.

349 3954 428 4016 Ex
464 3955 546 4007 his
577 3962 720 4008 enim
760 3970 859 4009 ceu
898 3958 1340 4024 particularibus,
1377 3958 1757 4026 unusquisque
1794 3957 1924 4010 reli-

347 4061 456 4115 qua
493 4062 714 4114 quoque
750 4037 1348 4116 cognoscere’poterit.
1384 4049 1775 4104 Verumtamen
1815 4064 1922 4102 non

347 4151 416 4189 eo
467 4153 638 4205 usque
691 4148 902 4192 tantum
956 4140 1174 4193 illorum
1203 4141 1458 4195 vecordia
1498 4142 1785 4210 processit,
1827 4139 1920 4194 sed

349 4241 408 4283 et
451 4230 669 4299 Scythis
704 4247 822 4284 mos
851 4241 968 4284 erat
999 4231 1101 4285 deo
1131 4248 1232 4287 suo
1266 4248 1362 4287 eos
1389 4233 1482 4302 qui
1519 4249 1582 4285 ex
1625 4232 1922 4301 naufragiis

350 4322 543 4374 salvati
590 4331 765 4384 erant,
821 4322 1126 4387 immolare,
1169 4333 1442 4395 quotquot
1487 4325 1677 4378 saltem
1727 4326 1922 4394 depre-

2028 3217 2124 3270 καὶ
2143 3218 2234 3268 ἐπ’
2254 3220 2502 3282 ἐκείνοις.
2525 3221 2944 3290 Μακρυνοέντες
2962 3223 3068 3290 γὰρ
3091 3225 3210 3275 ἀπὸ
3239 3220 3330 3274 τοῦ
3350 3214 3585 3288 ἀληθινοῦ

2031 3310 2230 3377 φωτὸς,
2253 3313 2323 3363 τὰ
2344 3297 2410 3364 ἐν·
2425 3312 2502 3381 τῷ
2525 3314 2705 3366 σκότει
2727 3317 2824 3384 τῆς
2853 3314 3132 3381 ἀγνωσίας
3155 3333 3220 3367 πε
3229 3312 3585 3386 ριπατοῦντες.

2029 3401 2120 3453 τὸν
2155 3402 2254 3470 μὲν
2297 3403 2554 3472 ἀληθινὸν
2591 3405 2722 3456 Θεὸν
2755 3405 3195 3474 ἀπεστρέφοντο,
3229 3407 3297 3458 τὰ
3324 3406 3380 3456 δὲ
3412 3400 3592 3454 εἴδωλα

2028 3494 2366 3561 ἠσπάσαντο,
2398 3497 2490 3550 καί
2521 3499 2607 3549 ἐπ’
2637 3499 2817 3562 αὐτοῖς
2839 3498 3160 3568 ἠγάλλοντο.
3191 3501 3299 3552 Καὶ
3319 3497 3589 3560 Αίγύπτιοι

2031 3587 2131 3655 μὲν
2158 3588 2526 3657 προσεκύνουν
2571 3590 2664 3643 τὸν
2704 3589 2834 3660 βοῦν
2886 3591 2977 3644 καὶ
3012 3592 3074 3644 τὸ
3115 3592 3286 3658 ὕδωρ,
3323 3588 3508 3648 Λίϐυες
3541 3584 3592 3637 δὲ

2026 3675 2086 3728 τὸ
2122 3677 2393 3747 πρόϐατον
2415 3719 2429 3740 ,
2462 3680 2511 3731 οι
2544 3680 2601 3732 δὲ
2636 3679 2788 3733 Ἰνδοὶ
2817 3681 2908 3735 τὸν
2937 3677 3101 3745 οἶνον,
3133 3683 3315 3752 ἕτεροι
3350 3680 3407 3733 δὲ
3439 3693 3594 3730 ποτα-

2030 3769 2163 3834 μοὺς
2184 3771 2276 3822 καὶ
2309 3771 2537 3839 κρήνας,
2568 3771 2742 3841 ἕτεροι
2771 3772 2828 3824 δὲ
2878 3773 3096 3825 ἐποίουν
3129 3773 3475 3842 ἀνδριάντας,
3509 3768 3595 3822 καὶ

2027 3859 2096 3910 τὰ
2129 3859 2266 3927 ἔργα
2294 3861 2401 3913 τῶν
2442 3864 2644 3932 χειρῶν
2680 3864 2859 3915 αὐτῶν
2917 3864 2992 3925 ὡς
3035 3865 3198 3928 θεοὺς
3240 3863 3594 3935 προσεκύνουν

2025 3951 2076 4001 οἱ
2109 3951 2354 4018 μάταιοι.
2401 3953 2630 4022 Ἀφίημι
2679 3957 2785 4026 γάρ
2821 3955 3170 4025 ἀπαριθμεῖν
3206 3957 3328 4018 ἑνὸς
3372 3955 3592 4008 ἑκάστου

2025 4045 2192 4096 τόπου
2242 4045 2450 4116 πλάνην
2500 4048 2587 4099 διὰ
2620 4048 2680 4102 τὸ
2715 4049 2849 4100 πολὺ
2878 4053 2979 4118 τῆς
3021 4052 3272 4119 γραφῆς.
3321 4045 3450 4102 Ἀπὸ
3494 4049 3593 4112 γὰρ

2023 4138 2252 4188 τουτωνὶ
2302 4137 2408 4189 τῶν
2459 4139 2700 4207 μερικῶν
2750 4141 2858 4202 πᾶς
2898 4155 2983 4202 τις
3027 4140 3260 4193 δύναται
3297 4140 3504 4208 γνῶναι
3533 4134 3595 4187 τὰ

2024 4228 2205 4282 λοιπά.
2253 4229 2330 4282 Οὐ
2387 4229 2545 4297 μόνον
2583 4231 2639 4282 δὲ
2681 4233 2840 4300 μέχρι
2873 4232 3064 4286 τούτου
3117 4235 3254 4302 ἔστη
3310 4235 3342 4298 ὴ
3382 4231 3593 4283 ἐκείνων

2023 4321 2274 4384 ἀπόνοια,
2303 4322 2440 4374 ἀλλά
2469 4325 2694 4386 καὶτοῖς
2719 4323 2952 4385 Σκύθαι-ς
2974 4318 3041 4393 ἦν
3069 4325 3195 4388 ἔθος
3217 4327 3372 4380 θύειν
3392 4323 3468 4392 τῷ
3497 4317 3594 4386 θεῷ

352 4411 516 4464 hcndi
549 4424 800 4480 possent;
830 4417 1016 4483 sicque
1051 4431 1192 4483 quos
1224 4419 1446 4485 propria
1486 4425 1800 4469 servaverat
1831 4431 1922 4470 so-

2028 4411 2203 4464 αὑτῶν
2238 4413 2364 4473 τοὺς
2408 4412 2514 4464 ἀπὸ
2546 4416 2821 4480 ναυαγίων
2853 4414 3287 4482 περισωθέντας.
3340 4414 3458 4466 Κᾶν
3493 4412 3595 4461 ὅσοι

351 4504 532 4566 let-tia,
592 4505 809 4558 illorum
861 4506 1172 4560 trucidabat
1200 4507 1518 4560 crudelitas.
1561 4506 1664 4560 Alii
1700 4523 1918 4561 rursum

2028 4505 2130 4574 ἄρα
2169 4507 2262 4557 καὶ
2293 4504 2630 4574 εὑρίσκοντο,
2663 4508 2757 4559 καὶ
2790 4505 2883 4568 οὒς
2915 4508 2948 4576 ἡ
2984 4507 3215 4574 πρόνοια
3251 4505 3452 4568 ἔσωζε,
3479 4497 3592 4553 τού·

352 4597 607 4649 homines
635 4597 777 4650 bello
806 4607 994 4665 captos
1038 4609 1412 4662 numerantes,
1453 4614 1484 4652 e
1530 4600 1780 4654 centenis
1808 4603 1924 4654 sin-

351 4689 492 4756 gulis
526 4673 692 4740 un‘um
722 4689 1102 4743 immolabant.
1130 4690 1210 4742 En
1246 4691 1338 4743 tibi
1365 4691 1558 4753 caedes,
1578 4680 1644 4744 iet
1678 4691 1922 4746 crudeli-

353 4791 516 4832 tatem
553 4781 807 4834 omnibus-
838 4781 1014 4835 brutis
1047 4791 1102 4835 et
1131 4781 1264 4836 feris
1310 4781 1656 4835 ferociorem.
1698 4783 1921 4836 Nullum

351 4875 548 4927 animal
582 4892 705 4930 cum
748 4876 964 4945 generis
997 4877 1077 4930 sui
1121 4886 1374 4930 consorte
1402 4886 1624 4946 pugnat,
1657 4892 1757 4931 nec
1787 4878 1919 4932 illud

351 4968 564 5033 perdit;
608 4969 661 5021 hi
693 4984 818 5022 vero
868 4970 1000 5036 ipsis
1046 4969 1179 5024 feris
1217 4969 1374 5038 longe
1411 4969 1764 5022 humaniores
1805 4985 1922 5024 esse

351 5061 772 5114 convincuntur.
815 5061 933 5115 Non
961 5062 1106 5115 enim
1143 5061 1460 5130 peregrinos
1493 5061 1655 5115 modo
1691 5070 1745 5115 et
1787 5061 1922 5114 alie-

351 5154 578 5220 nigenas
609 5156 954 5218 occiderunt,
1003 5171 1190 5209 verum
1243 5160 1408 5208 etiam
1460 5153 1657 5207 fratres
1697 5161 1752 5206 et
1797 5169 1924 5207 san-

347 5247 514 5313 guine
559 5247 804 5316 junctos.
835 5246 1124 5300 Cretenses
1151 5247 1293 5299 enim
1333 5255 1388 5298 et
1437 5244 1746 5307 Phtenices,
1797 5259 1920 5298 cum

346 5336 517 5388 Corda
571 5335 835 5389 haberent
875 5350 982 5389 tere
1023 5335 1266 5400 duriora,
1301 5333 1642 5387 daemonibus
1674 5335 1923 5402 proprios

352 5426 494 5480 ﬁlios
545 5437 599 5482 et
652 5427 790 5481 ﬁlias
825 5425 1228 5482 sacriﬁcabant.
1280 5424 1550 5480 Castorum
1607 5425 1922 5493 priusquam

352 5515 467 5569 lucc
500 5517 712 5580 ﬁerent,
765 5517 1030 5571 diluvium
1066 5515 1180 5570 Noé
1233 5517 1569 5586 temporibus
1613 5517 1922 5582 inundavit,

355 5611 591 5678 ctaquis
641 5611 921 5665 submersa
964 5620 1048 5665 est
1096 5612 1276 5664 omnis
1319 5612 1499 5664 anima
1553 5611 1764 5673 vivens,
1813 5620 1919 5664 tam

361 5701 599 5756 hominis
625 5718 785 5769 quam
815 5703 1056 5756 omnium
1090 5705 1315 5758 aliorum
1367 5703 1699 5766 aniumliutn,
1734 5703 1924 5757 Volati-

2022 4616 2145 4660 τους
2185 4600 2383 4652 ἐκεῖνοι
2417 4599 2692 4666 ἐφόνευον.
2731 4599 2949 4672 Ἕτεροι
2984 4600 3172 4663 πάλιν,
3201 4600 3367 4668 εἰπερ
3398 4598 3472 4656 είς
3510 4592 3594 4644 πό·

2022 4693 2078 4744 λε
2088 4710 2186 4760 μον
2206 4691 2482 4761 ἐζώγρουν
2503 4692 2661 4755 τινὰς·
2694 4693 2804 4743 τῶν
2844 4692 3174 4761 ἀνθρώπων,
3201 4691 3432 4752 τούτους
3459 4682 3598 4756 ἁριῦο

2028 4783 2256 4851 μοῦντες
2295 4783 2397 4835 ἀνά
2429 4781 2620 4834 ἑκατὸν
2659 4781 2813 4833 ἔθυον
2850 4782 2967 4835 ἕνα.
3011 4777 3162 4843 Εἶδες
3211 4775 3601 4846 ἀπανθρωπίαν

2026 4872 2122 4924 καὶ
2148 4871 2425 4939 ὡμότητα,
2464 4871 2556 4921 καὶ
2586 4870 2766 4922 αὐτῶν
2798 4871 2906 4920 τῶν
2938 4869 3151 4936 ἀλόγων
3184 4868 3348 4931 ζώων
3379 4863 3475 4917 καὶ
3510 4862 3600 4928 θη·

2029 4963 2160 5034 ρίων
2191 4960 2651 5030 θηριωδεστέραν;
2685 4962 2800 5013 Πᾶν
2827 4959 2966 5023 ζῶον
2998 4962 3056 5011 οὐ
3096 4961 3338 5028 μάχεται
3370 4957 3448 5024 τῷ
3479 4956 3601 5020 ὁμου

2027 5057 2179 5123 γενεῖ
2207 5052 2375 5120 αὐτῷ,
2402 5052 2522 5104 οὐδὲ
2549 5051 2761 5122 φθείρει
2783 5090 2797 5113 ,
2831 5054 3026 5104 ἐκεῖνοι
3055 5050 3109 5102 δὲ
3142 5052 3244 5102 καὶ
3278 5049 3460 5102 αὐτῶν
3497 5042 3602 5095 τῶν

2029 5146 2232 5216 θηρίων
2266 5145 2624 5214 ἀπηνέστεροι
2647 5145 2980 5212 εὑρίσκοντο.
3011 5142 3086 5195 Οὐ
3120 5141 3291 5210 μόνον
3317 5141 3428 5208 γὰρ
3456 5136 3608 5189 ἀλλο-

2027 5239 2229 5300 δαποὺς
2266 5239 2359 5290 καὶ
2411 5237 2593 5300 ξένους
2636 5235 2956 5305 ἀνθρώπους
3003 5235 3289 5303 ἐφόνευον,
3341 5231 3477 5285 ἀλλά
3511 5226 3604 5280 καὶ

2027 5333 2154 5392 τοὺς
2189 5330 2474 5399 ὁμογνίους
2494 5367 2508 5390 ,
2533 5329 2629 5382 καὶ
2661 5327 2800 5380 ’καθ’
2825 5321 2964 5396 αἷμα
3009 5327 3324 5392 συγγενεῖς.
3359 5322 3468 5375 Καὶ
3500 5319 3605 5386 γὰρ

2027 5424 2074 5474 οἱ
2108 5423 2321 5492 Κρῆτες
2355 5423 2446 5473 καὶ
2474 5419 2718 5480 Φοίνικες
2747 5419 2873 5480 τοὺς
2903 5418 3110 5470 ἑαυτῶν
3145 5415 3356 5475 παῖδας
3387 5413 3482 5464 καὶ
3509 5409 3603 5461 0n—

2027 5513 2434 5583 γατέραςὲθυον
2467 5515 2576 5575 τοῖς
2609 5512 2877 5580 δαίμοσιν,
2908 5512 2954 5563 οί
2973 5507 3475 5579 χαλκόσπλαγχ-νοι.
3499 5500 3607 5570 Πρὸ

2027 5608 2084 5661 δὲ
2131 5607 2333 5659 τούτων
2375 5607 2589 5674 ἐγένετο
2619 5606 2646 5656 ὁ
2676 5604 3056 5672 κατακλυσμὸς
3106 5605 3163 5653 ἑν
3195 5603 3321 5662 ταῖς
3373 5597 3605 5667 ἡμέραις

2029 5700 2122 5752 τοῦ
2146 5700 2288 5763 Nola,
2314 5700 2403 5751 xz‘.
2428 5698 2697 5752 ἁπέΟαν;ν
2715 5702 2770 5750 ἐν
2796 5700 2906 5760 τοῖς
2932 5697 3081 5750 ὕδασι
3110 5695 3268 5746 πᾶσα
3291 5692 3440 5763 ψυχὴ
3459 5688 3607 5752 ζῶσα
