3970 6212
407 331 520 396 449

1386 335 1680 396 CONTRA
1725 335 2203 396 ΜΑΙΙΟΜΕΤΕΧῙ
2244 339 2612 397 APOLOGH
2662 339 2744 402 ῙῙ.

3559 342 3664 410 45ίὶ

404 455 704 524 ⁸ἀνθρώπου
733 471 790 506 τε
818 453 910 506 καὶ
927 454 1127 516 παντὸς
1156 452 1295 518 ζὼου
1327 452 1577 505 πετεινοῦ
1599 451 1691 504 καὶ
1715 450 1982 520 τετραπό-

2087 451 2218 503 lium
2259 461 2325 530 iet
2376 454 2817 520 quadrupedum,
2854 466 3074 522 propter
3099 467 3343 526 peccata,
3381 473 3502 527 quae
3532 470 3664 515 tunc.

410 546 507 599 δου
530 545 620 597 διὰ
653 545 750 608 τὰς
777 546 889 598 τῶν
905 547 1025 599 τότε
1045 543 1450 615 εὑρισκομένων
1474 543 1776 606 ἀνθρώπων
1799 543 1984 618 ἀμαρ-

411 638 558 698 τίας.
578 636 929 705 Διεσώθησαν
943 637 999 689 δὲ
1031 638 1088 688 ιν
1104 640 1170 708 τῇ
1202 635 1416 704 κιΰωτῷ
1438 635 1605 703 ψυχαὶ
1635 634 1791 702 μόναι
1819 633 1983 697 ὀκτὼ,

411 731 442 780 ὃ
472 745 532 780 τε
568 727 689 779 Νῶε
730 728 823 780 καὶ
852 729 884 796 ή
914 728 1052 795 γυνὴ
1075 728 1268 791 αὑτοῦ,
1299 729 1348 779 oi
1392 729 1541 792 τρεῖς
1565 743 1623 776 τε
1661 723 1766 776 uici.
1797 723 1986 789 αὐτοῦ,

413 821 511 872 καὶ
536 821 594 873 at
622 822 770 888 τρεῖς
795 823 1050 885 γυναῖκες
1071 820 1274 872 αὐτῶν.
1308 818 1501 886 Εὶσῆξε
1520 817 1576 869 δὲ
1607 818 1729 871 Νῶε
1758 819 1850 869 καὶ
1881 817 1988 867 ἀπὸ

414 911 616 972 παντὸς
655 912 793 974 ζώου
822 911 971 967 ἐντὸς
997 912 1097 977 τῆς
1123 910 1356 964 κιϐωτοῦ
1387 911 1476 963 διὰ
1511 910 1573 962 τὸ
1602 911 1778 977 γένος.
1815 908 1987 960 Πάλιν

411 1005 469 1054 δὲ
501 1004 530 1054 6
560 1001 874 1068 πανάγαθος
904 1001 1036 1064 Θεὸς
1079 1003 1310 1067 ἐπέταξε
1347 1001 1424 1070 τῷ
1453 1003 1601 1068 γένει
1628 1001 1737 1054 τῶν
1776 1000 1988 1069 ἀνθρώ-

413 1112 534 1148 πων
562 1094 622 1146 τὸ
649 1113 667 1145 ι
689 1094 1021 1159 Αὐξανέσθε,
1039 1096 1132 1147 καὶ
1160 1093 1629 1166 ⁴ι.ληθύνεσθε,καὶ
1660 1093 1986 1162 πληρώσατε

416 1191 516 1252 τὴν
545 1187 668 1252 γῆν,
696 1203 714 1236 ι
731 1185 934 1255 δμοίως
961 1186 1183 1246 καὶτοῖς
1205 1184 1383 1248 ζώοις.
1403 1183 1512 1238 Καὶ
1538 1183 1702 1236 πάλιν
1730 1184 1987 1236 ἐνέπεσον

407 1280 461 1330 οἱ
488 1279 769 1347 ἄνθρωποι
798 1279 878 1352 εἰς
912 1277 1194 1341 ἀσέϐειαν,
1224 1279 1290 1347 ἦν
1329 1277 1426 1329 καὶ
1473 1279 1613 1329 κατά
1653 1277 1814 1346 μέρος
1853 1277 1989 1345 φθά-

414 1390 611 1428 σαντες
663 1371 763 1441 ἤδη
814 1371 1137 1440 εἰρήκαμεν.
1205 1369 1264 1422 '0
1313 1369 1368 1421 δὲ
1416 1370 1751 1438 Μελχισεδὲκ
1810 1371 1905 1421 καὶ
1958 1370 1988 1422 6

419 1460 680 1528 Ἀϐραὰμ
706 1460 798 1512 καὶ
830 1459 954 1512 Λὼτ
986 1462 1013 1512 6
1057 1458 1276 1528 ἀνεψιὸς
1302 1459 1465 1512 αὐτοῦ
1501 1462 1782 1530 ἐφάνησαν
1807 1458 1986 1511 δοῦλοι

412 1553 508 1606 τοῦ
537 1552 672 1605 Θεοῦ
699 1551 790 1603 τοῦ
818 1551 1066 1611 ὑψίστου.
1097 1552 1278 1614 ’Δπας
1305 1553 1359 1605 δὲ
1389 1557 1417 1606 6
1456 1555 1659 1622 κόσμος
1710 1552 1984 1622 προσεκύ-

415 1660 589 1708 ν.ισαν
622 1643 702 1709 τῷ
749 1641 981 1708 διαϐόλῳ
1007 1643 1100 1694 καὶ
1131 1644 1244 1703 τοῖς
1273 1643 1532 1704 εἰδώλοις.
1579 1643 1640 1695 '0
1674 1642 1982 1708 πανάγαθος

409 1733 592 1786 τοίνυν
619 1733 750 1792 Θεὸς
791 1731 916 1784 ἰδὼν
951 1732 1012 1784 τὸ
1051 1731 1231 1798 τίμιον
1261 1732 1488 1801 πλάσμα
1517 1733 1704 1796 αὐτοῦ,
1737 1732 1800 1784 τὸ
1830 1732 1983 1798 γένος

2093 531 2353 609 temporis
2409 545 2551 596 inter
2590 544 2844 598 homines
2892 559 3013 600 esse
3049 535 3608 611 deprehendebantur
3645 569 3662 606 :

2090 645 2318 688 servatae
2349 644 2530 688 autem
2558 646 2685 688 sunt
2716 637 2768 688 in
2808 651 2932 690 arca
2966 654 3074 692 non
3111 641 3300 708 plures
3337 659 3501 710 quam
3537 656 3664 698 octo

2090 724 2304 787 animm,
2339 723 2450 778 Noe
2486 726 2694 780 scilicet
2731 737 2786 780 et
2827 745 2960 781 uxor
2989 730 3153 795 illius,
3186 741 3296 786 tres
3331 736 3424 788 tilii
3468 736 3660 804 ipsius,

2089 823 2144 869 ct
2175 830 2372 868 uxores
2405 831 2620 870 eorum.
2661 817 2772 870 Noe
2804 834 2932 870 vero
2960 819 3302 890 singulorum
3342 828 3660 880 animalium

2088 921 2262 974 genus
2292 905 2345 958 in
2377 922 2557 960 arcam
2592 907 2917 974 induxerat;
2955 913 3097 966 Deus
3128 924 3308 969 autem
3336 917 3576 985 optimus
3607 930 3664 973 ct

2091 993 2354 1063 benignus
2399 993 2582 1050 denuo
2634 1005 2891 1065 praecepit
2933 999 3172 1056 humano
3217 1007 3423 1073 generi,
3480 1026 3499 1058 ι
3530 1008 3670 1061 (Σημ-

2088 1084 2244 1148 scite,
2269 1087 2782 1158 multiplicaminilet
2800 1091 3022 1160 implete
3045 1101 3242 1148 terram
3261 1097 3340 1162 ⁸⁶;
3370 1117 3386 1149 ι
3412 1099 3666 1153 similiter

2089 1185 2143 1230 et
2182 1177 2530 1233 animalibus.
2570 1182 2676 1234 Sed
2726 1173 2946 1236 Pursum
2982 1185 3048 1237 ad
3082 1186 3418 1254 impietatem
3452 1191 3662 1261 delapsi

2088 1281 2217 1322 sunt
2248 1271 2518 1334 homines,
2552 1289 2714 1342 quam
2754 1277 2917 1330 modo
2953 1293 3048 1347 per
3079 1290 3262 1348 partes
3288 1287 3660 1350 exposuimus.

2089 1361 2452 1417 Melchisedek
2479 1380 2630 1428 vero,
2672 1369 2967 1434 Abraham,
3004 1380 3057 1424 et
3091 1372 3191 1426 Lot
3222 1374 3369 1428 illius
3400 1391 3463 1428 ex
3497 1376 3664 1432 fratre

2088 1467 2280 1521 nepos,
2310 1455 2402 1508 Dei
2436 1456 2685 1511 altissimi
2718 1461 2955 1515 cultores
2981 1477 3038 1515 se
3067 1478 3190 1518 esse
3213 1465 3662 1530 declaraverunt;

2088 1551 2235 1598 totus
2283 1553 2462 1599 autem
2513 1549 2754 1604 mundus
2821 1552 3042 1607 diabolo
3093 1556 3318 1608 servivit
3371 1569 3426 1611 et
3482 1559 3660 1614 idolis.

2087 1634 2232 1689 Deus
2285 1635 2468 1706 itaque
2524 1639 2952 1710 benignissimus
3004 1660 3127 1698 cum
3159 1647 3386 1702 vidisset
3421 1650 3661 1704 nobilem

2090 1724 2234 1779 illam
2289 1739 2598 1784 creaturam
2648 1748 2826 1796 suam,
2877 1751 3049 1803 genus
3111 1739 3407 1792 humanum
3451 1742 3666 1796 scilicet

405 1825 621 1892 δηλαθὴ
655 1825 761 1876 τῶν
791 1824 1114 1894 ἀνθρώπων,
1143 1826 1574 1892 τυραννούμενον
1605 1822 1709 1874 ὑπὸ
1739 1823 1834 1874 τοῦ
1867 1823 1982 1875 δια-

2088 1817 2291 1871 diaboli
2345 1823 2633 1890 tyrannide
2675 1839 2948 1890 pressum,
3000 1828 3092 1895 qui
3142 1829 3390 1883 viventes
3440 1833 3662 1900 quidem

408 1919 595 1982 εόλου,
625 1917 686 1978 ὃς
715 1917 924 1981 ζῶντας
958 1916 1057 1985 μὲν
1089 1917 1314 1977 τούτους
1342 1916 1633 1984 ἐφενάκιζε
1664 1917 1758 1970 καὶ
1777 1915 1980 1982 ἠπάτα,

402 2012 549 2063 ὥστε
587 2012 915 2077 προσκυνεῖν
942 2009 1087 2076 αύτῷ
1113 2008 1187 2070 ὡς
1211 2006 1341 2076 θεῷ,
1370 2007 1745 2060 ἀποθανόντων
1770 2007 1826 2059 δὲ
1853 2024 1987 2059 κατ-

401 2106 518 2172 εῖχε
549 2104 648 2163 τάς
688 2103 868 2154 αὐτῶν
913 2091 1087 2169 ψυχὰς
1116 2101 1177 2152 ὲν
1203 2099 1279 2169 τῷ
1307 2098 1408 2170 ᾅδῃ
1440 2099 1519 2168 τῷ
1543 2099 1723 2168 πικρῷ
1749 2099 1842 2151 καὶ
1869 2099 1986 2162 ἑζο-

405 2195 671 2262 ςωμένῳ,
698 2189 1117 2259 σπλαγχνισθεὶς
1149 2189 1352 2242 ἔσωσεν
1382 2188 1536 2250 αὑτό.
1568 2189 1690 2251 ιιώς
1714 2188 1984 2260 δὲ.ὲσώθη

407 2290 464 2340 τὸ
493 2287 607 2338 τῶν
639 2284 944 2351 ἀνθρώπων
974 2283 1149 2350 γένος,
1182 2283 1347 2335 ἄκουε
1379 2282 1663 2350 νουνεχῶς.

476 2385 535 2430 ε’.
579 2377 637 2432 Ὀ
667 2376 767 2444 μὲν
791 2375 898 2444 γὰρ
929 2374 1211 2444 ἄνθρωπος
1234 2373 1398 2435 αὐτὸς
1421 2373 1602 2441 ἑαυτῷ
1628 2375 1728 2426 ούκ
1755 2373 1984 2443 ἠδύνατο

420 2471 695 2538 ganeam.
730 2470 803 2521 Τὸ
837 2469 958 2537 μὲν.
991 2469 1072 2520 ὃτι
1109 2469 1208 2520 οὐκ
1249 2467 1503 2519 ἐϐούλετο
1527 2467 1612 2518 διὰ
1639 2467 1699 2517 τὸ
1732 2468 1830 2528 τὰς
1861 2467 1984 2536 ἡδο-

412 2564 498 2622 νάς
533 2561 778 2628 νομίζειν
810 2557 950 2612 εἶναι
993 2559 1164 2628 ἀκρον
1205 2559 1430 2627 ἀγαθὸν,
1465 2561 1544 2620 είς
1583 2557 1852 2627 τοσαύτην
1885 2558 1983 2610 καὶ

403 2655 510 2722 γὰρ
535 2653 747 2720 πλάνην
771 2652 1048 2714 ἐνέπεσον,
1073 2651 1448 2714 σκοτισθέντες
1466 2653 1569 2705 ὑπὸ
1591 2652 1684 2703 τοῦ
1707 2652 1944 2720 πονηροῦ
1965 2666 1981 2682 °

403 2745 462 2796 τὸ
490 2744 565 2809 δ’,
597 2746 681 2797 ὅτι
717 2743 810 2795 τὸν
847 2743 945 2812 μὲν
969 2742 1144 2812 ἀληθῆ
1175 2743 1307 2796 Θεὸν
1337 2747 1436 2796 οὐκ
1462 2745 1786 2811 ἐγίνωσκον..
1817 2759 1984 2810 προσ-

399 2836 635 2886 εκύνουν
666 2833 722 2886 δὲ
757 2837 865 2896 τοῖς
901 2833 1139 2894 εἰδώλοις
1163 2836 1279 2904 ήτοι
1309 2836 1417 2895 τοῖς
1449 2834 1768 2903 δαιμονίοις,
1798 2838 1891 2885 καὶ
1922 2833 1981 2884 ἐν

401 2929 592 2979 σκότει
627 2927 725 2992 τῆς
765 2925 1040 2991 ἀγνωσίας
1070 2925 1426 2995 ὑπάρχοντες,
1456 2928 1548 2978 τὸν
1582 2925 1714 2977 Θεὸν
1748 2924 1846 2977 ούκ
1868 2926 1981 2991 ἐγί-

397 3036 640 3081 νωσκον,
679 3017 772 3070 καὶ
811 3017 1003 3086 ἔμενον
1031 3017 1090 3068 ὲν
1128 3019 1196 3087 τῇ
1237 3016 1583 3086 αἰχμαλωσίᾳ
1615 3016 1709 3069 τοῦ
1757 3015 1977 3085 ἐχθροῦ.

409 3109 783 3177 ἰ’ποθώμεθα
801 3108 858 3163 δὲ
898 3109 1188 3174 καὶτοῦτο,
1223 3110 1305 3161 ὃτι
1337 3110 1568 3180 ἐνόησαν
1595 3111 1674 3172 εις
1702 3111 1854 3162 ποῖον
1883 3110 1979 3178 βά-

404 3201 612 3270 ραθρον
643 3171 834 3253 κακῶν
859 3201 1140 3262 ἐνέπεσον,
1175 3171 1270 3253 καὶ
1300 3200 1418 3262 πῶς
1441 3171 1664 3269 έμελλον
1692 3171 1978 3272 βοηθήσειν
2004 3171 2047 3233 C

397 3293 636 3353 ἑαυτοῖς,
694 3293 816 3343 ἐπεὶ
873 3285 1021 3359 εῐχον
1059 3294 1162 3359 τὴν
1205 3291 1543 3361 προγονικὴν
1591 3292 1837 3363 κατάραν
1882 3293 1976 3346 τοῦ

410 3383 608 3452 Ἀδάμ,
648 3383 744 3436 καὶ
775 3383 923 3444 ὅπως
969 3383 1196 3451 ἔμελλον
1238 3381 1498 3450 γενέσθαι
1540 3384 1820 3451 ἀθάνατοι,
1857 3385 1980 3438 ἐπεὶ

396 3477 491 3528 τὸν
523 3476 756 3529 θάνατον
800 3475 1216 3544 ὲκληρὼσαντο;
1253 3477 1464 3539 Πάντες
1486 3477 1596 3546 γὰρ
1634 3479 1683 3529 οἱ
1721 3477 1779 3541 ἐξ
1811 3478 1981 3547 Ἀδὰμ

399 3566 590 3633 θνητοὶ
623 3565 971 3633 κατέστησαν
992 3565 1081 3618 διὰ
1099 3567 1199 3634 τὴν
1227 3565 1322 3618 τοῦ
1351 3568 1556 3634 πατρὸς
1586 3567 1767 3619 αὐτῶν
1808 3568 1979 3635 Ἀδὰμ

397 3654 702 3724 ἁμαρτίαν.
748 3655 900 3705 Ἐπεὶ
928 3651 1056 3719 γοῦν
1087 3653 1210 3704 οὔτε
1241 3654 1461 3721 ἐνόησεν
1492 3654 1521 3704 6
1553 3653 1836 3722 ἄνθρωπος
1872 3654 1980 3705 ἀπὸ

398 3747 564 3796 ποίου
610 3742 776 3812 ὕψους
814 3742 910 3795 xui.
961 3743 1252 3812 μεγαλείου
1296 3741 1548 3806 ἐξέπεσε,
1591 3743 1684 3794 καὶ
1726 3742 1803 3802 εἰς
1853 3742 1979 3795 ὅσον

400 3834 679 3905 βάραθρον
696 3835 918 3904 ἀτιμίας
948 3833 1227 3893 ἐνέπεσεν.
1246 3834 1364 3886 ἀλλ’
1382 3836 1430 3886 εί
1460 3838 1553 3887 καὶ
1582 3836 1712 3896 tam;
1734 3833 1976 3903 ἐνόησεν,

395 3928 503 3979 οὐκ
527 3925 762 3994 ἠδύνατο
795 3924 1060 3994 βοηθῆσαι
1085 3923 1286 3993 ἑαυτῷ,
1320 3925 1507 3978 λοιπὸν
1531 3926 1862 3988 ἐκινδύνευε,
1890 3925 1978 3978 ἴνα

396 4017 694 4079 διαπαντὸς
733 4016 1056 4085 εὑρίσκηται
1100 4018 1133 4085 ή
1185 4017 1451 4085 ἁμαρτία,
1504 4017 1598 4070 καὶ
1646 4017 1904 4089 βασιλεύῃ
1950 4019 1980 4070 6

397 4110 632 4171 Θάνατος
665 4110 760 4160 ἐπὶ
795 4108 974 4160 πάντα
1011 4107 1320 4177 ἄνθρωπον.
1360 4107 1531 4162 Τοῦτο
1577 4109 1697 4161 ἰδὼν
1747 4109 1912 4160 Δαϐὶδ
1949 4109 1978 4160 6

403 4204 723 4270 προφήτης,
743 4198 919 4262 εἶπεν,
939 4199 1020 4253 ὅτι
1051 4219 1068 4250 ι
1087 4201 1406 4268 Ἀνθρωπος
1432 4204 1488 4253 ὲν
1509 4203 1641 4269 τιμῇ
1671 4200 1746 4252 ὢν
1771 4200 1830 4252 ού
1855 4217 1976 4251 συν-

396 4295 530 4362 ἧκε,
567 4290 1014 4362 παρεσυνεὸλήθη
1041 4292 1158 4352 τοῖς
1189 4293 1412 4359 κτήνεσι
1444 4294 1551 4352 τοῖς
1588 4293 1858 4361 ἀνοήτοις,
1881 4289 1978 4343 καὶ

396 4382 665 4452 ὡμοιώθη
687 4382 895 4441 αὐτοῖς.
919 4399 937 4430 ι
986 4379 1124 4432 Ἀλλ’
1157 4382 1186 4432 6
1207 4380 1589 4451 φιλάνθρωπος
1614 4381 1744 4444 Θεὸς
1771 4382 1976 4448 σπλαγ-

395 4474 667 4545 χνισθεὶς,
694 4474 793 4524 οὐκ
818 4471 970 4524 εἴασε
1000 4471 1100 4541 τὴν
1143 4472 1325 4524 εἰκόνα
1348 4472 1513 4524 αὑτοῦ
1544 4473 1635 4524 ἐπὶ
1669 4472 1829 4524 πλέον
1875 4471 1978 4522 ὑπὸ
2011 4453 2056 4508 Ῐ)

394 4567 496 4619 τοῦ
515 4565 766 4617 ὃιαόὀλου
784 4562 1191 4633 τυραννεῖσθαι.
1211 4565 1404 4616 Τοίνυν
1426 4565 1518 4616 καὶ
1537 4563 1740 4632 ἤρξατο
1762 4560 1975 4615 ἀπὸτοῦ

406 4634 666 4726 ’Ᾱϐραὰμ
691 4655 1083 4708 ἀνακαλεῖσθαι
1131 4656 1230 4708 καὶ
1269 4654 1711 4724 ὲπιδιορθοῦσοαι
1744 4655 1836 4708 τὸν
1881 4655 1976 4708 ἄν-

396 4753 646 4818 θρωπον.
675 4747 785 4799 Τοῦ
814 4746 924 4816 γὰρ
961 4745 1219 4813 Ἀϐραὰμ.
1263 4746 1626 4814 γεννήσαντος
1657 4745 1748 4796 τὸν
1790 4744 1978 4797 Ἰσαὰκ

396 4843 496 4894 καὶ
524 4841 619 4892 τοῦ
653 4840 838 4891 Ίσαάκ
877 4838 969 4890 τὸν
1011 4835 1228 4901 Ἰακὼϐ,
1259 4838 1350 4889 καὶ
1378 4837 1472 4888 τοῦ
1506 4835 1698 4888 Ίακάὅ
1725 4835 1850 4898 τοὺς
1877 4837 1978 4887 δώ-

393 4935 533 4986 δεκα
579 4933 726 4992 υἱοὺς
777 4929 970 4994 αὑτοῦ,
1017 4929 1383 4998 φθονήσαντες
1430 4931 1476 4980 οἱ
1515 4928 1704 4980 ἕνδεκα
1741 4928 1847 4979 υίοί
1883 4927 1976 4979 τοῦ

411 5023 608 5078 Ἰακὼϐ
655 5023 735 5093 τῷ
773 5022 990 5090 ἀδελφῷ
1033 5021 1212 5073 αὐτῶν
1255 5019 1334 5089 τῷ
1377 5020 1599 5089 Ἰωσὴφ,
1647 5019 1842 5087 ἔδησαν
1884 5020 1977 5070 καὶ

395 5117 595 5170 ἒὸαλον
611 5116 773 5169 αὐτὸν
794 5117 875 5177 εἰς
893 5113 985 5166 τὸν
1001 5113 1230 5175 λάκκον,
1251 5114 1343 5164 καὶ
1361 5129 1382 5164 ε
1396 5113 1610 5181 Βρόντες
1623 5111 1974 5179 Αἰγυπτίους,

395 5209 719 5274 πεπράκασι
739 5205 948 5258 τοῦτον.
973 5205 1035 5256 Ol
1063 5203 1120 5255 δὲ.
1142 5204 1527 5270 ἀπαγαγόντες
1553 5204 1642 5253 τὸν
1679 5201 1876 5269 Ἰωσὴφ
1895 5203 1976 5261 είς

392 5302 677 5367 Αἴγυπτον
709 5296 982 5350 δεδώκασι
1018 5294 1094 5362 τῷ
1123 5295 1344 5362 Φαραώ.
1393 5295 1500 5344 Καὶ
1530 5296 1557 5345 ὁ
1585 5291 1785 5362 Φαραὼ
1815 5294 1977 5345 κατέ-

395 5408 600 5461 στησεν
631 5389 794 5443 αὐτὸν
825 5389 1068 5457 ἄρχοντα
1107 5385 1293 5455 πάσης
1339 5384 1440 5452 γῆς
1486 5385 1786 5451 Αἰγύπτου.
1817 5385 1979 5436 Γενο-

399 5487 567 5554 μένου
619 5484 677 5536 δὲ
726 5481 912 5549 λιμοῦ,
956 5477 1268 5547 κατέδησαν
1311 5477 1362 5528 οἱ
1394 5477 1612 5542 ἀδελφοὶ
1664 5477 1864 5546 Ἰωσὴφ
1895 5477 1976 5538 είς

396 5580 676 5646 Αἴγυπτον
707 5574 888 5644 εὑρεῖν
913 5572 1292 5642 χορτάσματα.
1337 5569 1394 5620 ’0
1441 5569 1496 5622 δὲ
1539 5569 1740 5639 Ἰωσὴφ
1773 5567 1976 5637 γνωρί-

467 5762 515 5794 ⁵⁸
547 5761 785 5827 Genua,
829 5761 878 5815 l.
956 5759 1023 5790 ⁵⁶’
1048 5755 1192 5814 Psal.
1225 5773 1409 5824 xum,
1431 5758 1521 5813 Et.

2084 1907 2380 1962 fascinaret
2431 1924 2485 1964 et
2536 1911 2817 1980 deciperet
2851 1924 2909 1967 ut
2941 1912 3118 1984 ipsum
3168 1932 3268 1971 ceu
3319 1920 3480 1973 deum
3515 1923 3664 1976 cole-

2087 2010 2228 2062 rent,
2279 2014 2619 2056 mortuorum
2649 2021 2779 2059 vero
2808 2010 3020 2062 animas
3055 2010 3107 2061 in
3153 2010 3296 2064 tristi
3340 2023 3396 2065 et
3427 2013 3662 2067 obscuro

2086 2091 2302 2146 inferno
2358 2095 2658 2159 detineret,
2720 2099 3094 2154 misericordia
3145 2103 3378 2167 ductus,
3429 2107 3660 2160 salutem

2085 2186 2214 2237 dare
2268 2185 2462 2238 voluit.
2511 2188 2727 2240 Modum
2771 2191 2953 2259 itaque
3001 2209 3111 2260 quo
3153 2194 3456 2252 humanum
3487 2214 3662 2264 genus

2083 2274 2148 2326 ad
2181 2275 2409 2328 salutent
2443 2279 2708 2344 pervenit,
2741 2280 3031 2347 diligenter
3065 2285 3304 2352 percipe.

2154 2367 2206 2419 5.
2253 2365 2370 2434 Ipse
2403 2370 2626 2437 quidem
2663 2371 2826 2424 homo
2856 2374 3097 2441 seipsum
3135 2375 3328 2444 juvare
3359 2391 3469 2431 non
3502 2388 3658 2448 pote-

2084 2466 2188 2515 rat,
2227 2460 2424 2526 partim
2455 2463 2676 2530 quidem
2707 2463 2852 2531 quod
2891 2480 2999 2518 non
3030 2467 3210 2528 vellet.
3248 2484 3316 2521 eo
3357 2469 3503 2538 quod
3557 2485 3658 2525 vo-

2081 2549 2318 2618 luptates
2341 2553 2542 2606 summi
2581 2554 2709 2608 boni
2743 2555 2862 2609 loco
2894 2556 3120 2611 duceret
3149 2559 3224 2627 (in
3263 2570 3474 2615 tantum
3509 2563 3658 2616 enim

2082 2639 2286 2694 erroris
2320 2642 2632 2697 inciderant
2679 2660 2706 2695 a
2760 2646 2904 2698 malo
2933 2650 3241 2717 excaecati),
3271 2652 3470 2718 partim
3506 2669 3657 2716 vero,

2083 2729 2228 2796 quod
2267 2745 2456 2785 verum
2487 2733 2657 2786 Deum
2694 2734 2993 2802 ignoraret,
3030 2740 3258 2793 serviret
3286 2750 3467 2795 autem
3502 2744 3661 2799 idolis

2081 2831 2136 2873 et
2171 2821 2533 2882 dmmonihus.
2567 2835 2623 2879 et
2674 2826 2726 2880 in
2762 2829 3009 2882 tenebris
3055 2830 3378 2900 ignorantiae
3401 2835 3668 2891 desidens'

2084 2913 2252 2966 Deum
2287 2931 2397 2968 non
2433 2919 2790 2986 agnoscebat,
2835 2921 2931 2974 sed
2988 2923 3041 2975 in
3080 2923 3254 2979 hostis
3300 2928 3662 2995 permanebat

2083 3007 2423 3076 captivitate.
2465 3009 2608 3075 Quin
2668 3013 2864 3065 ethoc
2921 3015 3276 3070 concedimus
3333 3021 3658 3074 statuitnus~

2082 3115 2212 3168 que,
2263 3102 2411 3167 quod
2469 3103 2980 3158 animadverterunt
3030 3105 3255 3175 quidem
3290 3107 3345 3162 in
3389 3121 3662 3178 quantum

2083 3192 2351 3246 malorum
2415 3194 2734 3248 barathrum
2803 3196 3152 3262 incidissent;
3217 3198 3314 3253 sed
3380 3204 3670 3267 quomodo

2081 3283 2293 3350 seipsos
2338 3285 2622 3353 iuvarent,
2679 3285 2774 3354 qui
2835 3287 3101 3356 majorum
3173 3304 3425 3352 suorum,
3463 3293 3657 3346 Adami

2085 3391 2303 3443 nempe.
2341 3376 2729 3430 maledictione
2783 3379 3115 3434 tenebantur
3165 3397 3180 3434 :
3239 3388 3296 3436 et
3333 3398 3444 3451 quo
3492 3387 3657 3440 modo

2084 3464 2421 3519 immortales
2468 3466 2850 3528 redderentur,
2881 3472 2973 3538 qui
3005 3478 3238 3524 mortem
3282 3487 3382 3526 ceu
3419 3475 3658 3529 haeredi-

2085 3557 2222 3608 tario
2277 3555 2402 3625 jure
2459 3561 2825 3626 acceperant?
2884 3543 3098 3616 ‘Omncs
3156 3563 3303 3616 enim
3361 3580 3426 3617 ex
3475 3567 3654 3624 Adam

2054 3646 2253 3714 ,geniti
2295 3647 2555 3702 mortales
2607 3650 2734 3702 facti
2772 3661 2921 3715 sunt,
2979 3660 3209 3721 propter
3239 3654 3428 3708 Adami
3487 3662 3666 3726 patris-

2083 3736 2324 3805 ipsorum
2364 3741 2877 3808 transgressionem.
2941 3741 3213 3807 Quoniam
3272 3746 3440 3816 igitur
3489 3747 3669 3802 bentu-

2083 3836 2178 3882 aut
2217 3829 2487 3898 ignoravit
2543 3830 2611 3885 de
2643 3842 2870 3901 quanta
2909 3834 3249 3890 sublimitate
3293 3846 3346 3891 et
3405 3825 3659 3908 magniﬁl-
3689 3843 3705 3862 ‘

2083 3922 2264 3976 centia
2313 3926 2635 3989 excidisset,
2689 3935 2746 3980 et
2781 3927 2835 3981 in
2887 3939 3156 3997 quantum
3191 3931 3450 3999 delapsus
3505 3943 3652 3986 esset

2084 4010 2402 4078 ignominiae
2430 4014 2751 4068 barathrum
2778 4055 2794 4081 ,
2845 4027 2938 4069 aut
2975 4019 3077 4071 huc
3109 4017 3249 4072 forte
3277 4020 3517 4090 cognito,
3547 4021 3660 4075 sibi

2086 4102 2190 4171 ipsi
2227 4113 2407 4158 tamen
2443 4107 2738 4160 subvenire
2773 4122 2880 4160 non
2918 4117 3155 4177 poterat,
3208 4112 3513 4179 periculum
3541 4113 3662 4182 jam

2082 4201 2222 4256 erat,
2279 4211 2348 4250 ne
2402 4206 2629 4264 peccato
2678 4213 2897 4266 semper
2951 4200 3114 4254 nobis
3174 4210 3462 4268 praesente,
3510 4217 3666 4258 mors

2084 4285 2250 4338 etiam
2283 4287 2433 4339 omni
2467 4287 2673 4340 homini
2704 4288 3102 4344 dominaretur.
3128 4291 3263 4345 Illud
3296 4293 3460 4361 igitur
3486 4292 3664 4347 David

2087 4380 2425 4446 perspiciens
2471 4378 2611 4431 dixit
2647 4396 2662 4430 :
2708 4399 2726 4429 ε
2767 4377 2942 4434 Homo
2974 4397 3097 4434 cum
3154 4381 3209 4435 in
3267 4383 3475 4437 honore
3514 4395 3668 4438 esset

2086 4482 2192 4519 non
2225 4468 2529 4532 intellexit;
2562 4480 2913 4537 comparatus
2949 4481 3032 4525 est
3056 4472 3319 4542 jumensis
3351 4475 3674 4543 insipientiv

2085 4555 2210 4616 bus,
2249 4568 2303 4610 et
2329 4557 2439 4610 illis
2470 4558 2668 4612 similis
2707 4569 2789 4612 est
2819 4561 3109 4614 factus”.
3154 4580 3172 4612 ι
3216 4562 3358 4617 Deus
3397 4579 3526 4617 vero
3558 4565 3658 4617 hu-

2086 4648 2230 4700 mani
2264 4648 2443 4703 fautor
2458 4648 2698 4718 generis,
2729 4651 3106 4706 misericordia
3138 4665 3336 4716 motus,
3361 4655 3656 4723 imaginem.

2085 4755 2240 4794 suam
2279 4741 2512 4796 ulterius
2543 4742 2748 4796 diaboli
2773 4743 3006 4813 imperio
3036 4747 3208 4813 premi
3249 4762 3354 4797 non
3387 4746 3650 4812 permisit.

2086 4832 2296 4901 lncepit
2350 4834 2518 4903 igitur
2551 4835 2619 4888 ab
2666 4835 2962 4889 Abrahami
3014 4838 3357 4906 temporibus
3396 4853 3653 4891 revocare

2084 4935 2140 4977 et
2193 4926 2486 4980 restituere
2525 4927 2829 4982 hominem.
2873 4929 3009 4982 Cum
3054 4933 3202 4983 enim
3258 4931 3524 4984 A—hralnnu
3561 4948 3652 5000 ge-

2083 5017 2296 5070 nuisset
2319 5017 2488 5082 lsaac,
2519 5026 2576 5071 et
2607 5018 2698 5073 hic
2723 5019 3010 5081 Jacobum,
3039 5020 3210 5073 Jacoh
3235 5031 3415 5071 autem
3448 5021 3664 5077 duode<

2079 5107 2188 5162 cim
2225 5106 2366 5162 ﬁlios
2398 5109 2540 5176 ejus,
2567 5109 2819 5163 undecim
2859 5125 2926 5163 ex
2971 5110 3079 5164 illis
3123 5111 3390 5164 adversus
3428 5114 3664 5168 fratrem

2081 5215 2238 5254 suum
2271 5200 2472 5268 .loscph
2505 5199 2713 5254 invidia
2745 5201 2905 5264 moti,
2933 5186 3060 5255 eum
3083 5202 3390 5269 ligaverunt
3418 5217 3472 5258 et
3495 5198 3660 5259 «Timi-

2078 5297 2268 5344 seruut
2308 5289 2365 5342 in
2396 5289 2714 5354 cisternam,
2746 5298 2800 5343 et
2827 5289 3045 5344 tandem
3075 5292 3362 5363 Aigyptios
3390 5295 3654 5363 quosdam

2077 5381 2248 5445 nacti,
2291 5379 2684 5434 vendiderunt.
2734 5380 2802 5436 ili
2854 5398 2985 5436 vero
3035 5383 3338 5454 Josephum
3369 5387 3427 5438 in
3455 5385 3656 5456 Αῐεξγρο

2079 5484 2192 5529 tum
2225 5473 2523 5529 abductum
2562 5472 2834 5529 dederunt
2864 5475 3156 5541 Pharaoni,
3186 5479 3278 5546 qui
3315 5493 3442 5532 eum
3486 5482 3660 5533 totius

2076 5566 2297 5640 183pr
2354 5565 2639 5624 dominum
2680 5567 2994 5624 constituit.
3049 5570 3251 5624 Exorta
3283 5583 3467 5624 autem
3513 5570 3664 5624 fame'
