3970 6212
367 324 474 392 651

1560 288 1883 370 mmsis
1925 301 2459 366 CANTACUZENt

3487 299 3579 363 452

369 436 777 499 descenderunt
811 431 1035 501 Joscplii
1081 428 1277 482 fratres
1324 426 1379 478 in
1410 425 1728 495 Aﬂgyptum,
1761 434 1817 478 ut
1851 423 1936 476 iu-
1966 471 1968 479 λ

2071 439 2157 483 τας
2219 420 2344 482 τοὺς
2401 414 2663 482 ἀδελφοὺς
2728 410 2932 473 αὑτοῦ,
2993 408 3216 480 ἔθρεψεν
3264 410 3472 476 αὐτοὺς,
3520 418 3582 485 μὴ

372 534 628 588 venirent
666 529 949 582 alimenta.
981 520 1180 588 Ioseph
1234 532 1362 571 vero
1413 517 1657 584 cognitis
1688 515 1948 568 fratribus

376 624 514 686 suis,
538 636 633 676 eos
661 620 816 675 aluit.
843 613 1049 668 oblitus
1090 608 1374 663 commissi
1417 607 1486 661 ab
1516 607 1624 660 illis
1653 607 1947 659 adversum

377 731 436 768 se
471 710 751 767 facinoris.
777 706 1038 759 advocato
1081 700 1244 755 simul
1275 700 1340 754 ad
1367 715 1424 752 se
1456 709 1607 766 patre
1633 713 1733 751 suo
1757 696 1948 752 Jacob.

375 805 478 860 Sed
506 805 593 856 lite
621 812 779 871 typus
802 807 922 851 erat
944 794 1170 851 Christi.
1195 791 1665 858 Quemadmodum
1689 791 1834 843 enim
1859 789 1951 842 Jo-

375 892 504 958 seph
536 906 563 940 a
603 886 880 957 germanis
909 884 1024 938 suis
1056 882 1319 936 fratribus
1350 881 1608 933 damnmn
1638 881 1950 946 malumque

374 979 604 1048 accepit,
628 978 720 1030 sed
749 977 912 1042 hujus
932 975 1216 1026 immemor
1242 973 1441 1024 bonum
1470 986 1568 1038 pro
1588 969 1728 1022 male
1754 984 1951 1036 repen-

375 1072 453 1126 dit
487 1071 748 1124 fratribus
786 1068 840 1120 in
867 1082 926 1121 se
974 1066 1211 1134 injuriis,
1247 1064 1327 1117 sic
1355 1074 1409 1115 et
1448 1060 1703 1115 Christus
1744 1060 1949 1113 ilividia

375 1172 603 1215 vexatus
651 1177 681 1213 ει
731 1157 1088 1227 popularibus
1120 1154 1235 1207 suis
1270 1153 1493 1215 ludatis,
1530 1150 1784 1220 ligandus
1811 1159 1949 1214 crat,

379 1261 434 1304 et
491 1251 544 1305 in
582 1250 896 1318 sepulcrum
957 1263 1055 1300 ceu
1113 1233 1404 1299 cisternam
1462 1241 1843 1311 deponendus,
1900 1249 1954 1293 et

379 1343 682 1396 tradendus
714 1340 900 1395 nmrti.
927 1337 1034 1392 Sed
1064 1335 1524 1406 quemadmodum
1557 1333 1758 1402 Joseph
1786 1333 1954 1402 ,Ἐργ-

377 1435 453 1503 pti
506 1434 810 1486 dominium
842 1440 1192 1488 consecutus,
1244 1438 1452 1497 patrem
1492 1438 1546 1481 et
1592 1427 1790 1480 fratres
1827 1442 1954 1480 suos

376 1543 406 1580 a
469 1537 668 1584 morte,
703 1539 800 1592 per
856 1523 1052 1575 famem
1105 1521 1212 1574 illis
1269 1520 1616 1582 imminente,
1655 1519 1950 1572 liberavit:

377 1618 458 1671 sic
490 1628 546 1670 et
583 1616 838 1670 Christus
873 1631 996 1667 cum
1033 1623 1218 1682 portas
1270 1612 1460 1665 mortis
1492 1611 1868 1673 eontrivisset,
1899 1619 1956 1663 et

377 1709 724 1764 dissolvisset
775 1706 979 1759 diaboli
1019 1705 1334 1772 imperium,
1387 1703 1626 1756 servavit
1660 1703 1954 1756 credentes

2059 512 2318 583 μνησθεὶς
2345 509 2440 562 τοῦ
2465 508 2593 577 παρ’
2619 505 2797 558 αὐτῶν
2828 502 3117 572 γεγονότος
3143 503 3220 565 εἰς
3248 504 3586 587 uete-4.66mi}.

2058 622 2246 673 ματος,
2279 603 2799 673 προσκαλεσάμενος
2822 601 2920 654 καὶ
2955 598 3051 652 τὸν
3079 599 3288 668 πατέρα
3317 600 3468 654 αύτοῦ
3500 603 3588 656 Ἶσ-

2057 697 2194 751 κώσ.
2220 697 2392 750 Τοῦτο
2419 697 2475 749 δὲ
2497 694 2562 765 ἦν
2578 695 2747 758 τύπος
2771 695 2866 746 τοῦ
2885 693 3146 763 Χριστοῦ,
3167 694 3398 763 δηλονότι
3424 695 3591 764 ῶσπερ

2057 792 2084 841 6
2131 789 2329 857 Ἰωσὴφ
2370 787 2545 857 εὑρὼν
2581 787 2731 856 παρὰ
2762 786 2873 838 τῶν
2906 785 3126 838 οἰκείων
3155 785 3393 854 ἀδελφῶν
3423 790 3590 850 κακὸν,

2058 885 2149 936 καὶ
2169 885 2315 952 ἀμνη
2326 883 2460 952 μονή
2471 898 2568 944 σας
2597 881 2812 942 τούτου,
2847 879 2969 932 ἀντί
2986 878 3161 932 κακοῦ
3192 879 3366 946 ἀγαθὰ
3385 882 3591 934 ἀνταπέ-

2057 976 2196 1026 δωκε
2231 977 2342 1034 τοῖς
2388 974 2710 1043 ἀδικήσασιν
2756 972 2920 1026 αὑτὸν
2959 972 3234 1041 ἀδελφοῖς,
3279 971 3414 1024 οὕτω
3456 973 3592 1028 καὶὸ

2057 1065 2294 1134 Χριστὸς
2327 1063 2616 1131 φθονηθεὶς
2656 1063 2806 1132 παρὰ
2835 1064 2944 1117 τῶν
2986 1065 3265 1132 ὁμογενῶν
3294 1063 3450 1118 αὐτοῦ
3488 1067 3597 1118 Ίου-

2057 1159 2242 1220 δαίων,
2281 1157 2464 1228 μέλλει
2508 1157 2728 1225 δεθῆναι
2762 1157 2855 1208 καὶ
2903 1158 2986 1218 εἰς
3012 1159 3103 1208 τὸν
3147 1157 3316 1226 τάφον
3365 1158 3476 1209 ἀντὶ
3514 1160 3594 1212 τοῦ

2057 1251 2261 1303 λάκκου
2289 1249 2576 1312 εἰσελθεῖν,
2605 1250 2697 1302 καὶ
2722 1249 2801 1319 τῷ
2824 1250 3042 1318 θανάτῳ
3066 1265 3143 1301 πα
3155 1251 3454 1318 ραδοθῆναι.
3473 1249 3602 1304 Ἀλλ’

2059 1337 2247 1402 ῶσπερ
2278 1338 2546 1406 ὸίωτὴφ,
2577 1337 2871 1406 γενόμενος
2902 1337 3086 1409 ἄρχων
3122 1339 3301 1409 πάσης
3328 1342 3597 1412 Αἰγύπτου,

2059 1430 2330 1499 ἐρρύσατο
2375 1429 2464 1481 τὸν
2496 1429 2707 1497 πατέρα
2736 1430 2904 1482 αὑτοῦ
2945 1433 3040 1483 καὶ
3080 1432 3207 1493 τοὺς
3233 1433 3483 1502 ἀδελφοὺς
3509 1438 3588 1488 τοῦ

2058 1519 2147 1571 διὰ
2167 1519 2326 1587 λιμοῦ
2351 1518 2582 1572 Θανάτου
2597 1534 2612 1549 '
2633 1518 2776 1572 οὕτω
2801 1522 2894 1572 καὶ
2911 1523 2938 1572 6
2960 1521 3196 1589 Χριστὸς
3219 1525 3498 1592 συντρίψας
3518 1525 3602 1586 τὰς

2058 1610 2234 1671 πύλας
2276 1609 2373 1686 τοῦ
2415 1610 2670 1675 θανάτου,
2714 1613 2810 1664 καὶ
2845 1612 3153 1676 καταλύσας
3189 1613 3248 1666 τὸ
3289 1616 3476 1684 κράτις
3520 1617 3602 1670 τοῦ

2059 1703 2328 1763 διαϐόλου,
2362 1702 2533 1754 ἔσωσε
2569 1704 2694 1764 τοὺς
2729 1704 2809 1766 εἰς
2842 1705 3006 1756 αὑτὸν
3039 1705 3452 1772 πιστεύσαντας,
3490 1709 3604 1762 ’1ουο

379 1803 433 1856 in
470 1801 647 1869 ipsum
704 1814 770 1852 ex
809 1797 1014 1850 Judaeis
1053 1805 1107 1848 et
1157 1795 1434 1864 gentibus,
1473 1795 1606 1861 quin
1661 1803 1716 1846 et
1774 1793 1951 1860 ipsum

2071 1794 2252 1874 5αἰους,
2272 1809 2331 1843 τε
2371 1793 2463 1844 καί⁵
2495 1791 2563 1843 τά
2594 1792 2746 1860 ἔθνη,
2785 1791 2922 1844 ἀλλὰ
2951 1783 3015 1862 δὴ
3061 1795 3158 1845 καὶ
3191 1796 3281 1847 τὸν
3314 1797 3606 1864 προπάτορα

380 1893 616 1961 primum
654 1899 937 1959 parentem
964 1888 1158 1942 Adam.
1189 1887 1256 1940 Et
1292 1886 1484 1946 Jae'ob,
1519 1895 1576 1937 ut
1609 1886 1812 1937 dictum
1846 1893 1953 1948 est,

382 1982 676 2052 Algyptum
735 1980 1015 2049 ingressus
1066 1994 1191 2033 cum
1253 1977 1542 2030 animabus
1604 1976 1952 2043 septuaginta

383 2072 644 2140 quinque,
689 2071 885 2123 mansit
915 2071 1028 2124 illic
1056 2086 1228 2137 usque
1263 2070 1330 2122 ad
1357 2081 1572 2134 tempus
1603 2069 1796 2122 mortis
1819 2083 1954 2120 suae.

387 2164 600 2217 ltetenti
656 2178 784 2215 vero
817 2175 945 2214 sunt
987 2162 1098 2214 illic
1147 2161 1350 2230 posteri
1392 2163 1509 2230 ejus
1539 2161 1699 2214 annis
1733 2161 1957 2214 circiter

383 2254 803 2323 quadringentis
852 2263 907 2306 et
959 2253 1205 2322 triginta,
1240 2253 1546 2305 servientes
1577 2251 1854 2305 Pharaoni
1903 2260 1960 2302 et

386 2347 658 2418 Egyptiis
689 2347 957 2401 servitute
991 2346 1132 2400 tristi
1169 2357 1222 2400 et
1248 2345 1513 2400 luctifica.
1555 2344 1683 2398 Post
1716 2346 1829 2397 haec
1863 2359 1960 2396 att-

388 2449 496 2492 tem
538 2439 680 2492 Deus
714 2440 882 2491 misso
934 2439 1081 2491 Mose
1125 2437 1318 2490 eduxit
1348 2445 1403 2490 et
1455 2435 1710 2489 liberavit
1765 2450 1862 2488 eos
1893 2449 1959 2488 ex

389 2531 653 2584 servitute
681 2529 982 2582 Pharaonis
1011 2540 1064 2584 et
1093 2527 1494 2599 Egyptiorum,
1522 2543 1646 2582 cum
1677 2527 1868 2580 ederet
1905 2526 1951 2578 is

393 2622 654 2675 miracula
682 2632 736 2674 et
769 2623 1015 2691 prodigia
1059 2638 1252 2690 magna
1296 2623 1348 2674 in
1386 2621 1641 2691 Egypto,
1671 2631 1727 2674 et
1763 2620 1961 2672 educe-

394 2723 481 2769 ret
509 2715 659 2784 ipsos
695 2732 791 2784 per
826 2731 975 2767 mare
1005 2713 1248 2767 Rubrum
1292 2713 1486 2766 divisis
1519 2722 1576 2764 et
1601 2710 1792 2764 scissis
1827 2708 1963 2761 flue—

397 2807 572 2870 tibus,
605 2807 942 2861 Pharaonem
981 2816 1163 2858 autem
1216 2821 1340 2858 cum
1387 2803 1533 2857 omni
1569 2818 1668 2856 suo
1716 2800 1962 2855 exercitu

397 2897 763 2968 demergeret.
799 2897 1003 2950 ludatis
1052 2905 1234 2948 autem
1290 2896 1452 2964 longe
1489 2905 1731 2962 tempore
1779 2894 1832 2945 in
1873 2892 1967 2945 de-

395 3000 546 3043 serto
594 2988 1066 3042 commurautibus
1118 2987 1262 3040 Deus
1299 3001 1492 3040 nanna
1537 2985 1706 3038 dedit.
1739 2982 1804 3036 lli
1835 2996 1966 3036 vero

398 3081 832 3144 murmurabant,
863 3088 918 3131 et
966 3078 1149 3132 verbis
1192 3094 1343 3131 suam
1377 3076 1686 3148 prodebant
1730 3075 1960 3146 ingrati-

399 3173 664 3225 tudinem.
722 3169 901 3224 Moses
929 3180 1110 3223 autem
1161 3170 1283 3222 illos
1314 3169 1610 3223 admonere
1647 3185 1754 3222 non
1783 3168 1962 3221 desiit.

398 3263 535 3316 Cum
578 3278 706 3314 vero
748 3263 837 3314 hic
869 3263 922 3314 in
957 3271 1197 3313 montem
1232 3260 1383 3314 Sinai
1407 3261 1761 3322 ascendisset,
1796 3259 1969 3328 legem

399 3371 426 3406 a
472 3355 582 3408 Deo
631 3363 982 3420 accepturus,
1021 3351 1256 3415 Hebraei,
1311 3353 1404 3420 qui
1461 3352 1613 3420 prius
1667 3351 1866 3419 ingrati
1916 3359 1973 3402 et

401 3455 833 3498 taurmuratores
898 3443 1137 3505 fuerant,
1191 3444 1356 3496 etiam
1409 3444 1561 3511 impii
1626 3443 1752 3495 lacti
1817 3450 1969 3494 sunt.

400 3536 602 3596 Dicunt
639 3536 784 3588 enim
837 3533 1062 3601 Aaroni,
1118 3535 1272 3588 fratri
1327 3534 1494 3588 Mosis
1539 3552 1552 3588 :
1603 3553 1621 3586 ι
1667 3534 1771 3587 Fac
1812 3533 1974 3586 nobis

399 3627 551 3690 deos,
585 3627 676 3694 qui
709 3628 1023 3694 praecedant
1054 3643 1188 3691 nos;
1241 3626 1371 3695 quid
1401 3626 1546 3680 enim
1589 3625 1723 3678 Mosi
1755 3625 1851 3687 illi,
1878 3624 1974 3692 qui

404 3733 505 3770 nos
560 3718 752 3771 eduxit
807 3717 1044 3788 Egypto
1077 3720 1390 3788 cnntigeril,
1440 3720 1716 3772 nescimus
1743 3719 1808 3774 ⁸⁷.
1855 3737 1872 3767 ι
1911 3719 1976 3771 Et

402 3812 598 3861 aurum
630 3820 896 3877 quantum
953 3810 1257 3865 sullieiebat
1290 3822 1668 3881 eorrogantes,
1724 3812 1976 3864 fecerunt

403 3897 696 3968 imaginem
728 3901 910 3964 vituli,
939 3912 994 3954 et
1041 3884 1169 3954 huic
1210 3912 1468 3970 tanquam
1519 3903 1629 3956 Deo
1664 3903 1731 3954 ab
1764 3903 1868 3955 illis
1899 3918 1977 3956 re-

404 3998 563 4056 cepto
615 3990 1087 4054 sacriﬁcaverunt,
1151 4003 1209 4046 et
1269 3994 1326 4045 in
1385 4005 1490 4047 tam
1532 3994 1976 4050 absurtto'laﬂati

405 4089 535 4132 sunt
584 4079 846 4135 facinore.
881 4083 1057 4136 Moses
1108 4100 1239 4138 vero
1272 4101 1543 4147 reversus,
1585 4099 1735 4140 tanto
1772 4091 1978 4143 scelere

410 4173 526 4224 viso
560 4170 830 4239 confregit
863 4185 1119 4242 acceptas
1173 4191 1202 4228 a
1253 4176 1366 4228 Deo
1423 4177 1558 4246 legis
1617 4178 1852 4234 tabulas.
1915 4181 1979 4236 Et

409 4261 544 4317 dixit
607 4263 747 4319 Deus
781 4282 793 4316 :
827 4284 844 4315 ‹
879 4265 1084 4320 Delcbo
1142 4284 1314 4337 genus
1353 4269 1619 4338 ipsorum,
1663 4281 1720 4325 et
1775 4274 1980 4326 consti-

409 4360 559 4406 tuam
597 4363 646 4408 te
677 4370 855 4424 regem
911 4370 1079 4426 super
1104 4369 1320 4428 gentem
1356 4377 1605 4431 magnam
1639 4373 1692 4417 et
1744 4366 1977 4433 populo-

408 4458 522 4496 sam
556 4444 623 4497 ⁸⁸.
664 4462 683 4495 ι
727 4445 822 4499 Ille
863 4463 993 4502 vero
1042 4451 1240 4514 noluit,
1271 4454 1368 4505 sed
1409 4454 1576 4508 Deum
1615 4456 1784 4509 multa
1817 4458 1978 4510 obse-
2009 4458 2052 4511 ι)

409 4550 569 4588 crans
623 4535 958 4606 hortansque
1021 4540 1333 4597 intercessit
1391 4559 1490 4612 pro
1546 4545 1655 4600 illis
1702 4565 1714 4600 :
1759 4557 1814 4600 et
1869 4563 1979 4601 non

413 4628 574 4683 deleti
611 4641 759 4684 sunt.
789 4632 1032 4688 Observa
1062 4637 1228 4704 igitur
1261 4653 1431 4702 nunc,
1463 4640 1630 4693 Deum
1662 4657 1771 4694 non
1802 4647 1868 4697 de
1897 4644 1983 4696 his

412 4719 657 4774 locutum
689 4736 810 4776 esse
841 4722 908 4776 ad
950 4725 1222 4779 Abraham
1254 4743 1377 4780 cum
1413 4728 1548 4782 dicit
1582 4747 1595 4783 :
1629 4749 1647 4781 ‹
1687 4732 1741 4785 ln
1774 4733 1983 4786 semine

414 4821 505 4864 tuo
541 4812 937 4867 benedicentur
967 4833 1160 4872 omnes
1213 4829 1405 4886 gentes
1442 4822 1510 4884 ⁵³,
1556 4841 1574 4873 ι
1608 4823 1702 4876 sed
1733 4824 1800 4878 de
1825 4824 1986 4877 Chri-

410 4911 517 4955 sto.
549 4902 698 4958 Mose
732 4917 916 4960 autem
970 4923 1069 4977 pro
1103 4907 1458 4965 Hebraeorum
1508 4914 1709 4982 poliqu
1745 4913 1984 4968 interce‘

413 5005 599 5059 dente,
656 4997 743 5050 lex
790 4997 899 5052 ill's
929 4999 1111 5056 denuo
1163 5001 1291 5055 data
1325 5013 1446 5068 est;
1481 5015 1537 5059 et
1579 5015 1709 5060 tunc
1743 5004 1886 5061 Deus
1920 5008 1988 5062 ad

414 5086 672 5142 llebiaaos
710 5105 807 5156 per
836 5091 1040 5146 Moscm
1073 5093 1292 5148 locutus
1323 5107 1412 5149 est
1444 5117 1456 5151 :
1496 5115 1515 5148 ι
1553 5101 1663 5168 ligo
1695 5115 1813 5150 sum
1845 5100 1989 5154 Deus

415 5180 647 5248 primus,
677 5191 734 5234 et
766 5183 906 5236 Deus
936 5184 991 5236 in
1017 5183 1287 5250 futurum,
1318 5199 1373 5242 et
1405 5199 1526 5258 post
1557 5205 1641 5243 me
1677 5191 1819 5244 Deus
1849 5191 1990 5246 alius

417 5280 631 5324 nonest
657 5271 723 5324 ⁵ο.
760 5290 779 5321 ι
835 5272 958 5326 lla-0
989 5274 1155 5344 igitur
1187 5277 1260 5330 ita
1294 5295 1354 5332 se
1389 5280 1591 5333 habent
1622 5281 1988 5348 quemadmo-

419 5361 546 5415 dum
577 5362 720 5418 Deus
746 5364 964 5419 locutus
1008 5375 1092 5420 est
1129 5377 1185 5422 et
1227 5370 1503 5438 przecepit.
1537 5370 1594 5423 lu
1629 5371 1825 5424 litteris
1860 5388 1988 5425 vero

420 5454 532 5509 tuis
581 5455 688 5510 hoc
726 5471 828 5511 ceu
890 5473 1083 5528 magna
1135 5462 1491 5515 accusatione
1531 5462 1757 5530 dignum
1796 5474 1990 5516 contra

421 5559 543 5610 nos,
584 5545 678 5614 qui
703 5546 1000 5602 Christiani
1028 5549 1289 5615 dicimur,
1321 5552 1660 5613 continetur,
1693 5555 1835 5622 quod
1881 5555 1990 5607 Deo

497 5707 541 5737 ⁵⁷
587 5708 956 5797 Εκοιίηκικιι,
997 5712 1044 5765 1.
1122 5710 1326 5766 "Ibid.
1375 5712 1457 5766 l0.

1536 5714 1579 5746 ⁸³
1626 5715 1762 5769 Gen.
1825 5730 1954 5780 xxii,

2073 1875 2262 1954 Ἀδάμί.
2296 1887 2405 1940 Καὶ
2437 1887 2606 1939 ἐλθὼν
2635 1891 2715 1950 εἰς
2750 1888 3024 1954 Αἴγυπτον
3061 1887 3090 1937 6
3131 1889 3346 1954 Ἰακὼϐ,
3377 1889 3447 1952 ῶς
3476 1891 3611 1960 εἰρη-

2059 1996 2170 2041 ται,
2205 1979 2739 2049 μετὰέὁδομήκοντα
2766 1980 2928 2032 πέντε
2958 1979 3175 2049 ψυχῶν,
3223 1982 3430 2049 ἔμεινεν
3455 1983 3612 2034 ἐκεῖσε

2065 2073 2229 2141 μέχρι
2270 2072 2372 2137 τῆς
2410 2071 2886 2141 τελευτῆςεαύτοῦ.
2920 2073 3417 2144 Προσεκαρτέρησε
3454 2077 3506 2126 δέ
3533 2075 3615 2128 καὶ

2065 2167 2212 2219 ἅπαν
2241 2167 2300 2217 τὸ
2327 2166 2483 2230 γένος
2517 2165 2680 2217 αὐτοῦ
2715 2167 2894 2218 ἐκεῖαε
2943 2166 3107 2234 μέχρι
3155 2168 3252 2220 καὶ
3285 2169 3416 2220 ἐτῶν
3442 2183 3614 2229 τετρα-

2065 2257 2266 2309 κοσίων
2318 2258 2412 2309 καί
2459 2255 2774 2325 τριάκοντα,
2820 2257 3165 2320 δουλεύοντες
3219 2259 3296 2327 τῷ
3321 2259 3509 2328 Φαραῶ
3534 2261 3614 2310 καὶ
3679 2259 3681 2262 ’

2061 2353 2171 2409 τοῖς
2198 2349 2516 2415 Αἰγυπτίοις
2547 2349 2790 2416 δουλείαν
2817 2351 3026 2418 πικράν
3049 2351 3140 2402 καὶ
3167 2350 3452 2419 ὀδυνηρὰν.
3483 2351 3617 2403 Μετά

2063 2442 2120 2494 δὲ
2167 2441 2337 2493 ταῦτα
2377 2441 2600 2510 πέμψας
2635 2442 2662 2492 6
2710 2441 2842 2502 Θεὸς
2874 2443 2965 2494 τὸν
3005 2442 3235 2505 Μωσὲα,
3278 2441 3501 2510 ἐξήγαγε
3537 2443 3618 2493 καὶ

2066 2532 2338 2604 ἐρρύσατο
2365 2534 2561 2594 αὐτοὺς
2586 2533 2685 2601 τῆς
2711 2536 2914 2604 πικράς
2941 2534 3192 2596 δουλείας
3221 2534 3313 2587 me
3328 2535 3517 2602 Φαραῶ
3539 2533 3622 2584 καὶ

2066 2625 2174 2676 τῶν
2228 2625 2562 2687 Αἰγυπτίων,
2622 2625 2928 2693 ποιήσαντα
2982 2625 3144 2676 αὑτὸν
3210 2625 3480 2693 θαυμάσια
3534 2625 3616 2676 καὶ

2068 2715 2324 2782 τεράστια
2371 2713 2583 2780 μεγάλα
2615 2716 2672 2765 ἐν
2704 2718 2768 2782 τῇ
2802 2715 3089 2784 Αἰγύπτῳ,
3129 2719 3231 2769 καὶ
3260 2717 3620 2770 διαϐιϐάσαντα

2039 2824 2043 2828 ·
2068 2805 2264 2866 αὐτοὺς
2287 2804 2386 2874 τὴν
2421 2803 2690 2874 Ἐρυθρὰν
2718 2805 3014 2869 θάλασσαν,
3045 2807 3310 2874 σχίσαντα
3337 2809 3514 2877 αὐτὴν,
3543 2807 3622 2858 τὸν

2067 2896 2124 2948 δὲ
2144 2897 2344 2966 Φαραὼ
2369 2897 2843 2948 καταποντίσαντα
2878 2901 2974 2949 σὺν
2999 2899 3145 2968 πάσῃ
3185 2903 3248 2968 τῇ
3282 2900 3440 2952 αὑτοῦ
3472 2916 3618 2967 στρα-

2071 2993 2185 3059 τιᾷ.
2221 2992 2329 3044 Καὶ
2359 2992 2764 3060 εὑρισκομένων
2788 2991 2896 3043 τῶν
2942 2991 3218 3060 Ἐϐραίων
3252 2994 3308 3043 ἐν
3333 2996 3394 3063 τῇ
3429 2995 3620 3062 ἐρήμῳ,

2076 3086 2193 3135 ἀντὶ
2225 3084 2401 3152 πάσης
2424 3084 2629 3152 τροφῆς
2649 3083 2903 3135 διέδωκεν
2927 3084 3111 3145 αὐτοῖς
3139 3085 3167 3135 o'
3206 3084 3334 3146 Θεὸς
3358 3086 3416 3137 τὸ
3449 3085 3625 3153 μάννα.

2073 3177 2234 3228 Αὐτοὶ
2263 3175 2318 3227 δὲ
2350 3175 2669 3243 ἐγόγγυζον,
2715 3177 2810 3227 καὶ
2839 3175 3031 3242 λόγους
3069 3177 3400 3245 ἀχαριστίας
3438 3178 3624 3242 ἔλεγον.

2073 3267 2262 3335 Ὅμως
2313 3265 2578 3318 νουθετῶν
2623 3268 2652 3318 6
2702 3268 2941 3335 Μωῦσῆς
2997 3267 3098 3319 οὐκ
3147 3269 3409 3322 ἐπαύετο.
3464 3268 3543 3330 Ὠς
3583 3268 3631 3320 δέ

2071 3360 2240 3429 ἀνέϐη
2283 3358 2526 3427 Μωῦσῆς
2563 3360 2622 3410 ἐν
2651 3358 2729 3434 τῷ
2763 3360 2879 3427 ὄρει
2913 3360 3039 3430 Σινᾷ
3076 3361 3336 3426 δέξασθαι
3365 3364 3450 3414 τὸν
3484 3361 3632 3427 νόμον

2076 3449 2227 3518 παρὰ
2291 3448 2447 3512 Θεοῦ,
2491 3449 2540 3500 οἰ
2590 3449 2854 3520 πρότερον
2907 3451 3202 3518 ἀχάριστοι
3272 3451 3503 3519 Ἐὁραῐοι
3552 3449 3634 3500 καὶ

2076 3541 2375 3608 γογγυσταὶ
2432 3541 2724 3608 γεγόνασιν
2782 3541 3019 3604 ἀσεϐεῖς.
3071 3543 3533 3628 Δέγουσιφοίγυν
3565 3539 3634 3605 τῷ

2076 3634 2350 3694 Μωῡσέως
2377 3633 2588 3702 ἀδελφῷ
2605 3631 2836 3703 Ἀαρὼν,
2877 3650 2894 3684 ι
2927 3633 3156 3701 Ποίησον
3195 3637 3330 3704 ἡμῖν
3358 3633 3524 3693 θεοὺς,
3567 3630 3638 3681 οἴ-

2076 3741 2220 3779 τινες
2253 3723 2714 3794 προπορεύσονται
2747 3723 2922 3790 ἡμῶν.
2969 3723 3029 3774 Ὀ
3066 3707 3174 3791 γάρ
3208 3727 3446 3793 Μωῦτῆς
3477 3717 3635 3783 οὗτος,

2077 3817 2128 3880 ὃς
2165 3815 2435 3887 ἐξήγαγεν
2475 3815 2623 3883 ἡμᾶς
2662 3815 2726 3877 ἐξ
2751 3815 3056 3881 Αἰγύπτου,
3090 3814 3143 3866 τί
3181 3817 3411 3883 γέγονεν
3444 3815 3539 3867 oin:
3568 3812 3638 3864 οἰ-

2080 3909 2270 3977 δαμεν.
2306 3925 2325 3958 ι
2354 3909 2460 3960 Καὶ
2485 3909 2884 3976 συναγαγόντες
2901 3912 3120 3976 χρυσίον
3141 3906 3349 3966 ἱκανὸν,
3370 3904 3643 3958 κατεσκεύ-

2081 4019 2218 4057 ασαν
2251 4003 2436 4056 εἰκόνα
2478 4002 2619 4071 βοὸς,
2664 4004 2758 4055 καὶ
2805 4001 3068 4062 λαϐόντες
3098 4000 3300 4072 αὐτὴν,
3348 4002 3539 4053 ἔθυσαν
3577 3998 3644 4060 ῶς

2080 4099 2198 4163 Θεῷ
2220 4140 2234 4163 ,
2269 4097 2363 4149 καὶ
2410 4096 2763 4164 εὐφραίνοντο
2799 4093 2891 4145 ἐπὶ
2932 4091 3010 4161 τῷ
3045 4093 3280 4161 τοιούτῳ
3322 4094 3640 4160 ἁτοπήματι.

2093 4190 2290 4242 Ἐλθὼν
2322 4189 2377 4242 δέ
2411 4191 2438 4240 ὁ
2467 4187 2726 4255 Μωῦσῆς,
2757 4187 2848 4239 καὶ
2879 4184 3053 4254 εὑρὼν
3085 4185 3144 4236 τὸ
3174 4183 3435 4237 τοσοῦτον
3475 4183 3645 4246 κακὸν,

2083 4281 2360 4350 θυμωθεὶς
2391 4281 2657 4348 κατέχυσε
2683 4277 2778 4329 τοῦ
2807 4277 2971 4345 νόμου
3005 4277 3102 4336 τάς
3133 4276 3377 4338 πλάκας,
3410 4275 3475 4336 ἃς
3505 4274 3643 4340 παρὰ

2083 4373 2219 4426 Θεοῦ
2247 4372 2481 4437 ἐδέξατο.
2511 4372 2618 4422 Καὶ
2649 4366 2800 4421 εἶπεν
2838 4371 2864 4421 6
2887 4369 3038 4430 Θεὸς,
3079 4388 3097 4418 ι
3156 4369 3462 4438 Ἐξαλεέψω
3484 4367 3541 4418 τὸ
3567 4368 3645 4430 γέο

2081 4483 2168 4528 νος
2193 4464 2395 4526 αὐτῶν,
2419 4465 2512 4516 καὶ
2535 4465 2749 4532 ποιήσω
2771 4479 2832 4514 σε
2862 4461 3090 4530 βασιλέα
3119 4463 3200 4524 εἰς
3226 4462 3380 4524 ἔθνος
3414 4462 3550 4529 μέγα
3566 4455 3649 4510 καὶ

2083 4558 2242 4611 πολύ.
2304 4575 2322 4607 ι
2377 4555 2434 4608 '0
2474 4555 2530 4607 δὲ
2565 4556 2664 4607 οὐκ
2696 4553 2990 4623 ἠθέλησεν,
3025 4553 3163 4605 ἀλλὰ
3200 4551 3379 4605 πολλὰ
3421 4553 3648 4621 ζητήσας

2082 4650 2172 4702 τὸν
2199 4649 2354 4712 Θεὸν,
2398 4648 2494 4698 καὶ
2527 4647 2694 4698 πολλά
2737 4644 3144 4714 παρακαλέσας,
3183 4647 3537 4714 ἐμεσίτευσεν
3566 4640 3649 4692 αύ-

2083 4737 2229 4797 τους,
2276 4735 2370 4786 καὶ
2413 4733 2513 4785 οὐκ
2559 4731 2957 4801 ἠφανίσθησαν.
2989 4730 3266 4800 Πρόσεξον
3300 4733 3502 4789 τοίνυν,
3546 4725 3650 4787 πῶς

2084 4827 2460 4893 ἀναφαίνεται,
2516 4825 2599 4876 ὅτι
2655 4826 2715 4875 οὐ
2753 4824 2879 4892 περὶ
2917 4822 3099 4876 αὐτῶν
3155 4818 3313 4874 εἶπεν
3345 4824 3375 4874 6
3420 4820 3545 4881 Θεὸς
3580 4818 3650 4884 τῷ

2095 4917 2364 4984 ’Λόραὰμ,
2397 4917 2479 4966 ὅτι
2520 4931 2537 4962 ι
2561 4911 2650 4965 Ἐν
2682 4912 2760 4981 τῷ
2791 4912 3064 4982 σπέρματί
3093 4929 3183 4964 σου
3202 4909 3653 4980 εὐλογηθήσονται

2085 5008 2260 5060 πάντα
2277 5008 2342 5056 τὰ
2363 5005 2508 5074 ἔθνη,
2537 5005 2672 5056 ἀλλὰ
2687 5021 2752 5056 πε
2761 5005 2816 5072 pl
2837 5004 2929 5055 τοῦ
2954 5005 3212 5072 Χριστοῦ.
3244 5023 3264 5052 ι
3291 5001 3651 5057 Μεσιτεύσαν-

2084 5116 2172 5160 τος
2185 5081 2239 5149 δέ
2260 5096 2352 5148 τοῦ
2369 5097 2645 5157 Μωῢσέως
2660 5096 2720 5147 τὸ
2732 5096 2836 5146 τῶν
2852 5095 3114 5165 Ἐϐραίων
3133 5096 3310 5162 γένος,
3333 5097 3493 5147 πάλιν
3510 5090 3652 5156 ἐδόθη

2086 5192 2113 5242 6
2151 5191 2312 5258 νόμος
2361 5188 2498 5257 πρὸς
2529 5188 2746 5249 αὐτούς.
2785 5189 2918 5240 Τότε
2954 5185 3105 5239 εἷπεν
3135 5188 3162 5238 6
3193 5187 3509 5256 Θεὸςιπρὸς
3537 5183 3654 5240 τοὺς

2099 5282 2382 5350 Ἐϐραίους
2408 5283 2494 5333 διὰ
2524 5281 2614 5334 τοῦ
2651 5280 2912 5344 Μωσέως,
2933 5282 3012 5331 ῐτι
3048 5297 3065 5330 ι
3091 5279 3234 5348 Ἐγὼ
3265 5279 3399 5340 Θεὸς
3429 5275 3656 5346 πρῶτος.

2091 5375 2200 5438 ἐγὼ
2241 5377 2331 5425 καὶ
2383 5375 2521 5442 μετὰ
2574 5372 2766 5436 ταῦτα,
2816 5375 2904 5424 καὶ
2942 5373 3057 5440 μετ’
3093 5372 3192 5440 ἐμὲ
3246 5371 3353 5422 οὐκ
3393 5370 3506 5420 ἐστι
3536 5364 3659 5424 Θεὸς

2091 5465 2298 5533 ἕτερος.
2337 5484 2353 5515 ο
2386 5463 2558 5517 Τοῦτο
2595 5465 2722 5531 γοῦν
2750 5466 2896 5515 ἐστιν
2925 5461 3089 5524 οὕτω,
3121 5461 3305 5523 καθὼς
3337 5461 3365 5512 6
3388 5458 3518 5519 Θεὸς
3548 5451 3660 5506 εἷπε

2099 5534 2190 5610 καὶ
2233 5558 2558 5609 ἐνετείλατο.
2603 5556 2692 5608 Ἑν
2726 5555 2857 5625 γοῦν
2887 5558 2952 5627 τῇ
2987 5557 3172 5626 γραφῇ
3204 5555 3272 5623 τῇ
3312 5553 3378 5620 σῇ
3419 5551 3492 5612 ὼς
3529 5547 3663 5617 μέγα

2022 5717 2106 5770 l8.
2189 5717 2234 5747 ⁶⁰
2295 5718 2451 5771 Deut.
2507 5733 2680 5781 xuii,
2717 5716 2805 5772 39.
