3970 6212
847 241 864 260 ,γ
874 221 906 252 γι.

372 266 481 330 153

1330 262 1630 322 CONTRA
1671 262 2158 323 ΜΛῘΙΟΜΕΤΕΜ
2197 266 2569 326 APULOGlA
2626 266 2703 326 Ῐί.

3517 269 3622 333 454

375 377 743 448 κατηγόρημα
765 376 941 426 κεῖται
960 371 1115 426 τοῦτο
1132 372 1252 425 καθ’
1282 373 1440 440 ἡμῶν
1461 373 1568 425 τῶν
1592 373 1953 440 Χριστιανῶν,

2071 373 2314 439 dicente,
2353 376 2463 442 Fgo
2513 391 2632 428 sum
2670 376 2809 428 Deus
2853 375 3022 439 solus,
3070 385 3124 430 ct
3161 377 3458 436 divinitatis
3497 402 3630 437 enn—

375 467 463 521 ὅτι
481 469 574 519 τοῦ
597 465 730 517 Θεοῦ
765 463 1030 524 εἰπόντος,
1063 463 1146 514 ὃτι
1188 461 1332 528 Ἐγὼ
1361 462 1494 521 Θεδς
1529 461 1712 529 μόνος,
1742 462 1838 512 καὶ
1856 461 1956 513 οὐκ

380 559 492 628 ιεχω
513 557 838 625 συντροφίαν
859 557 937 616 είς
960 554 1058 623 τὴν
1092 553 1228 622 ἐμὴν
1261 553 1516 622 θεότητα,
1543 553 1702 622 ἡμεῖς
1727 551 1956 620 λέγομεν

377 656 473 703 τὸν
507 650 735 719 Χριστὸν
766 647 897 699 Θεδν
930 651 1018 698 καὶ
1058 645 1192 697 Θεοῦ
1227 644 1378 711 Τίον,
1418 648 1509 699 καὶ
1542 642 1956 714 προσκυνοῦμεν

376 742 606 803 πολλοὺς
639 739 826 806 θεοὺς,
863 740 956 792 καὶ
984 739 1122 790 ἔστω
1169 738 1272 791 ὑπὸ
1304 738 1610 805 ἁναθέματι
1641 739 1668 789 6
1711 750 1953 806 προσκυ-

374 835 485 885 νῶν
517 832 671 894 θεοὺς
712 830 804 883 δύο
838 831 870 900 ἢ
914 832 1060 900 τρεῖς
1096 830 1127 897 ἢ
1164 831 1258 882 καὶ
1296 831 1547 894 πολλούς.
1601 829 1761 883 Ἀλλὰ
1795 847 1958 899 προσ-

377 922 654 991 κυνοῦμεν
701 922 834 974 Θεὸν
879 921 977 974 ἕνα
1018 921 1300 990 ἀληθινὸν,
1334 923 1425 975 τὸν
1459 923 1688 991 ποιητὴν
1724 921 1954 991 οὐρανοῦ

375 1016 475 1066 καὶ
502 1015 602 1080 τῆς
627 1012 750 1080 γῆς.
791 1011 851 1065 ’0
883 1013 990 1079 γὰρ
1025 1011 1155 1074 Θεὸς
1180 1013 1446 1065 διδάσκων
1475 1015 1599 1073 τοὺς
1641 1011 1951 1081 Ἐϐραίους,

377 1108 466 1157 ῖνα
518 1105 715 1172 μηκέτι
757 1102 1240 1173 είδωλολατρῶσιν,
1267 1099 1419 1156 εἶπεν
1465 1105 1668 1165 αὐτοῖς,
1705 1125 1722 1156 ‹
1761 1105 1823 1155 Οἱ
1865 1122 1954 1155 πι-

377 1195 661 1256 στεύοντες
691 1197 804 1258 τοῖς
834 1195 1073 1258 εἰδώλοις
1119 1195 1434 1248 πιστεύουσι
1471 1195 1612 1257 θεοῖς
1647 1195 1878 1256 πολλοῖς.
1928 1214 1946 1246 ι

391 1285 460 1335 Οἱ
490 1281 548 1334 δὲ
577 1280 898 1352 Χριστιανοὶ
937 1284 1070 1352 ὀρθά
1096 1283 1438 1353 φρονοῦντες,
1471 1284 1553 1335 ἐνὶ
1579 1283 1696 1353 Θεῴ
1732 1284 1953 1336 πιστεύ-

375 1391 524 1438 ουσι,
549 1376 644 1426 καὶ
672 1373 735 1425 οὐ
764 1373 978 1436 πολλοῖς
1002 1389 1018 1405 ο
1047 1375 1227 1438 καθὼς
1262 1375 1353 1427 καὶ
1385 1377 1412 1427 6
1451 1375 1683 1443 Χριστὸς
1715 1375 1952 1437 ἐδίδαξεν

375 1469 440 1518 ἐν
472 1468 586 1529 τοῖς
625 1464 970 1534 Εὐαγγελίοις
1009 1467 1196 1530 εἰπὼν,
1229 1469 1309 1519 ὅτι
1345 1485 1364 1516 ι
1408 1465 1546 1532 Ἐγὼ
1573 1466 1664 1518 καὶ
1695 1469 1720 1517 6
1763 1465 1952 1532 Πατὴρ

374 1559 439 1611 ἓν
473 1559 667 1626 ἐσμεν,
701 1576 718 1608 ι
749 1558 844 1610 καὶ
870 1577 889 1608 ι
933 1558 994 1610 '0
1021 1559 1118 1627 ἐμὲ
1144 1559 1381 1628 θεωρῶν,
1408 1558 1602 1628 θεωρεῖ
1624 1558 1713 1610 τὸν
1736 1560 1954 1627 Πατέρα

376 1666 508 1714 μου.
551 1666 570 1699 ι
613 1649 804 1714 Ὑμεῖς
835 1650 890 1702 δὲ
916 1649 1236 1717 ἀγνοοῦντες
1261 1651 1358 1711 τὰς
1385 1651 1628 1720 Γραφὰς,
1658 1651 1950 1702 ἐκπίπτετε

2062 474 2266 517 sortem
2305 481 2410 517 nor.
2451 466 2645 526 habeo,
2700 481 2796 518 nos
2835 475 3018 519 tamen
3067 467 3315 522 dicamus
3347 469 3566 524 Cliristn
3594 492 3622 522 ιι

2060 556 2228 608 Deum
2285 571 2404 609 esse
2473 566 2529 610 et
2593 557 2684 610 Dei
2720 558 2951 621 Filium;
3001 559 3144 611 unde
3201 561 3364 613 etiam
3429 564 3626 614 multus

2058 647 2190 698 deos
2224 647 2537 700 adoremus.
2593 648 2863 700 Caeterum
2897 650 3188 702 anathema
3235 651 3326 716 sit,
3375 655 3628 720 qusquis

2060 737 2141 789 vel
2202 736 2337 788 duos
2391 737 2474 790 vel
2515 748 2623 791 tres
2661 739 2914 806 pluresve
2951 739 3082 792 deos
3139 741 3482 806 adoraverit;
3528 763 3626 797 nos

2059 843 2194 880 vero
2255 845 2420 880 unum
2482 828 2648 881 Deum
2704 844 2890 881 verum
2954 832 3266 892 adoramus,
3323 846 3624 890 creatori-nt

2059 919 2180 973 coeli
2217 928 2270 972 et
2310 930 2488 973 terrge.
2545 922 2686 974 Deus
2718 922 2864 974 enim
2909 921 3150 976 llebrreis
3197 927 3519 993 pnecipiens
3553 946 3622 982 ne

2060 1013 2289 1078 posthac
2333 1010 2604 1062 idolorum
2639 1011 2810 1064 cultui
2845 1012 3195 1079 inservirent,
3229 1017 3362 1070 dixit
3399 1034 3413 1070 :
3453 1036 3469 1066 ι
3520 1019 3624 1084 Qui

2060 1102 2218 1154 idolis
2267 1103 2518 1162 eiciunt,
2574 1103 2760 1156 multis
2812 1103 2917 1156 diis
2971 1105 3224 1161 credunt.
3261 1127 3278 1158 ›
3325 1109 3624 1164 Christiani

2057 1211 2207 1256 vero,
2237 1210 2356 1262 quae
2388 1202 2531 1274 recta
2571 1205 2698 1248 sunt
2733 1196 3054 1260 sentientes,
3100 1199 3192 1251 uni
3230 1199 3336 1252 Deo
3370 1203 3624 1264 credunt,

2057 1296 2109 1338 et
2169 1302 2276 1338 non
2334 1286 2520 1338 multis
2571 1286 2722 1352 juxta
2772 1287 2972 1340 Christi
3010 1288 3336 1352 doctrinam,
3377 1308 3538 1358 quam
3575 1295 3632 1348 il

2056 1376 2352 1446 Evangelio
2387 1376 2628 1435 tradidit,
2674 1377 2905 1430 dicens:
2941 1397 2959 1428 ‹
3005 1378 3111 1445 ligo
3160 1389 3215 1432 et
3267 1380 3425 1432 Pater
3459 1399 3624 1435 unum

2056 1483 2311 1531 sumusp
2337 1477 2390 1519 et
2419 1486 2430 1520 :
2466 1487 2482 1518 ι
2511 1469 2613 1531 Qui
2649 1483 2730 1519 me
2763 1469 2931 1530 videt,
2969 1469 3112 1521 videt
3149 1470 3360 1523 Patrem
3389 1488 3620 1526 meum.»

2056 1559 2164 1613 Vos
2198 1569 2379 1612 autem
2436 1574 2560 1611 eum
2611 1559 2930 1626 Seripturas
2986 1560 3272 1628 ignoretis,
3304 1576 3334 1614 a
3394 1563 3625 1617 veritate

2056 1649 2348 1710 exciditis;
2398 1658 2451 1702 et
2489 1663 2611 1702 cum
2652 1648 2755 1701 hoc
2800 1651 3000 1702 laetum
3054 1652 3241 1716 luerit,
3276 1653 3398 1706 aliis
3431 1655 3631 1708 auditis

372 1741 477 1808 τῆς
497 1740 781 1808 ἀληθείας.
814 1741 922 1792 Καὶ
937 1715 1456 1807 τούτοσγεγονότος,
1481 1715 1613 1794 ἄλλα
1638 1742 1949 1804 ἀκούοντες,

2062 1743 2162 1795 alia
2194 1751 2249 1793 et
2278 1742 2494 1796 diversa
2528 1742 2850 1810 intelligitis.
2889 1742 3100 1796 llebrzei
3158 1761 3288 1798 vero
3322 1746 3489 1799 Deum
3529 1749 3628 1800 mi-

371 1829 513 1882 ἄλλα
558 1830 880 1896 γινώσκετε.
911 1829 969 1881 Οἱ
1005 1830 1060 1881 δὲ
1101 1829 1344 1898 ⁹Εϐραῖοι
1373 1830 1819 1900 συμπαθηθέντες
1851 1831 1957 1884 ὑπὸ

368 1921 472 1972 ’τοῦ
524 1920 687 1981 Θεοῦ,
738 1919 889 1974 οὐδὲν
930 1921 1227 1985 ἀπώλοντο,
1276 1922 1423 1990 ὅμως
1462 1921 1520 1974 δὲ
1557 1921 1654 1990 τὴν
1694 1925 1797 1990 γῆν
1856 1922 1957 1989 τῆς

368 2012 721 2080 ἐπαγγελίας
771 2014 870 2065 οὐκ
908 2007 1066 2067 εἶδον.
1107 2013 1267 2066 Ἀλλὰ
1302 2015 1812 2076 καταδικασθέντες.
1865 2017 1956 2068 εὑ-

371 2108 639 2173 ρίσκοντο
660 2105 937 2172 διάγοντες
966 2104 1394 2173 πεπλανημένως
1412 2107 1582 2168 οὕτως
1600 2108 1655 2158 ἐν
1678 2111 1740 2175 τῇ
1765 2107 1957 2178 ἐρήμῳ

364 2195 612 2264 χρόνους
651 2193 1274 2262 τεσσαράκοντα,’ἇχρις
1319 2194 1384 2246 ἂν
1417 2195 1776 2264 τελευτήσωσι
1818 2199 1956 2250 πάν-

362 2303 460 2347 τες
511 2286 747 2346 ἐκεῖνοι,
793 2286 880 2338 διὰ
922 2286 1003 2348 τδ,
1057 2286 1145 2339 ῐνα
1203 2286 1350 2339 οὐδὲν
1399 2287 1548 2339 ἴδωσι
1583 2289 1678 2355 τὴν
1729 2289 1848 2358 γῆν,
1892 2290 1958 2359 ἣν

355 2375 753 2445 ἐπηγγείλατο
776 2378 801 2426 6
833 2375 964 2438 Θεὸς
987 2375 1169 2428 δοῦναι
1197 2379 1308 2439 τοῖς
1331 2378 1466 2438 υἱοῖς
1507 2378 1777 2448 ’Λόραάμ.
1803 2381 1956 2432 Μετὰ

359 2468 419 2521 δὲ
449 2469 564 2538 τὴν
609 2467 870 2534 τελευτὴν
908 2467 1130 2520 ἐκείνων
1168 2469 1413 2531 εἰσῆλθον
1459 2469 1527 2521 τά
1567 2471 1730 2522 τέκνα
1773 2473 1956 2525 αὐτῶν

363 2561 447 2620 εἰς
501 2557 610 2625 τὴν
660 2557 764 2625 γῆν
796 2560 895 2622 τῆς
942 2556 1291 2623 ἐπαγγελίας,
1323 2559 1544 2610 κάκεῖσε
1591 2554 1749 2627 εὖρον
1782 2563 1958 2614 πολλὰ

365 2647 563 2715 ἀγαθὰ
604 2649 664 2698 ἐν
705 2647 863 2715 αὐτῇ.
906 2646 1015 2699 Καὶ
1044 2647 1160 2698 ἐκεῖ
1187 2647 1504 2702 ἀπέστειλεν
1534 2651 1718 2710 αὐτοῖς
1767 2655 1793 2704 6
1825 2654 1957 2714 Θεὸς

367 2741 670 2811 πρθφήτας
695 2743 786 2790 καὶ
817 2737 1191 2798 διδασκάλους.
1237 2737 1395 2791 Ἀλλὰ
1423 2741 1547 2800 τοὺς
1583 2741 1680 2809 μὲν
1706 2743 1811 2794 ἀπὸ
1841 2743 1959 2796 τού-

365 2851 480 2887 των
508 2833 865 2894 ἀπέκτειναν,
896 2831 1020 2890 τοὺς
1045 2829 1100 2882 δὲ
1126 2828 1526 2899 ἐλιθοϐόλησαν,
1560 2838 1654 2884 καὶ
1676 2834 1955 2903 ἐφάνησαν

369 2927 673 2995 ἀχάριστοι
706 2923 800 2973 καὶ
831 2923 1144 2989 ἀγνώμονες
1197 2922 1276 2984 είς
1307 2922 1400 2973 τὸν
1432 2923 1586 2976 Θεόν.
1626 2927 1734 2977 Καὶ
1763 2927 1822 2977 οὺ
1862 2927 1958 2991 μό-

2061 1833 2395 1887 sericordem
2427 1833 2663 1898 experti,
2698 1851 3038 1903 nequaquam
3069 1837 3381 1904 perierunt;
3425 1849 3626 1891 terram

2061 1935 2241 1977 tamen
2275 1925 2660 1994 promissionis
2703 1941 2807 1977 non
2841 1927 3119 1985 viderunt.
3151 1927 3242 1980 sed
3272 1944 3302 1980 ιι
3336 1929 3447 1981 Deo
3478 1931 3630 1982 dam-

2061 2017 2196 2075 nati,
2226 2015 2413 2068 multis
2444 2016 2728 2069 erroribus
2758 2016 2885 2070 hinc
2934 2018 3056 2070 inde
3089 2035 3184 2086 per
3208 2020 3485 2073 desertum
3519 2020 3629 2073 cir-

2059 2108 2339 2160 cumducti
2392 2118 2522 2161 sunt
2560 2111 2722 2162 annis
2749 2109 2973 2161 circiter
3017 2110 3397 2178 quadraginta,
3447 2112 3626 2164 donec

2059 2204 2252 2251 omnes
2312 2197 2384 2249 illi
2421 2198 2621 2250 mortui
2656 2207 2803 2252 sunt.
2841 2213 2908 2250 ne
2964 2198 3174 2251 scilicet
3231 2211 3426 2251 terram
3478 2197 3634 2251 vide-

2060 2300 2202 2352 rent,
2235 2305 2398 2357 quam
2434 2289 2577 2342 Deus
2614 2305 2670 2342 se
2708 2288 2832 2342 ﬁliis
2868 2288 3140 2340 Abraham
3193 2287 3450 2341 daturum
3505 2305 3632 2357 pro-

2059 2382 2306 2435 miserat.
2357 2381 2486 2435 Post.
2535 2381 2743 2433 obituut
2779 2395 2912 2433 vero
2947 2379 3188 2443 illorum,
3223 2381 3383 2433 liberi
3429 2385 3624 2432 horunt

2061 2483 2261 2525 terram
2328 2472 2652 2540 promissam
2707 2470 2936 2539 ingressi
2996 2480 3144 2526 sunt.
3197 2471 3248 2523 in
3304 2487 3408 2539 qua
3463 2472 3626 2524 simul

2059 2563 2200 2618 bona
2231 2581 2390 2633 quam
2436 2565 2666 2633 plurima
2702 2573 2830 2618 sunt
2862 2565 3064 2632 adepti.
3110 2563 3175 2616 Et
3209 2565 3349 2616 hanc
3383 2564 3631 2617 incolen~

2060 2658 2208 2709 tibus
2234 2657 2378 2710 Deus
2410 2657 2702 2725 prephetas
2741 2657 2890 2709 misit
2953 2665 3006 2708 et
3044 2655 3315 2715 doctores,
3346 2655 3439 2708 sed
3497 2655 3632 2709 alios

2059 2746 2280 2814 quidem
2341 2745 2556 2798 illorum
2611 2745 2948 2809 occiderunt,
2983 2745 3031 2796 al
3057 2759 3118 2796 os
3171 2759 3303 2796 vero
3358 2744 3632 2812 lapidave-

2061 2846 2209 2901 rnnt,
2246 2847 2299 2890 et
2355 2839 2568 2906 seipsos
2615 2838 2854 2906 ingratos
2900 2835 3258 2888 exhibuerunt
3328 2847 3382 2888 ct
3433 2833 3635 2887 benefi-

2061 2928 2271 2980 ciorum
2311 2926 2402 2981 Dei
2454 2927 2819 2980 immemores.
2852 2926 3053 2980 Verum
3095 2941 3198 2976 non
3235 2925 3429 2992 ingrati
3470 2923 3629 2976 modo

369 3038 468 3072 νον
499 3020 605 3070 οὐκ
640 3015 848 3068 ἐδίδουν
871 3015 1242 3084 εὐχαριστίαν,
1279 3013 1414 3066 ἀλλὰ
1441 3017 1533 3068 καὶ
1565 3015 1739 3069 διόλου
1771 3018 1956 3088 σχεδὸν

2063 3017 2307 3079 fuerunt,
2339 3017 2431 3070 sed
2467 3017 2630 3070 etiam
2665 3025 2926 3084 perpetuo
2957 3015 3069 3068 fere
3097 3014 3364 3066 idolorum
3393 3013 3631 3066 cultibus

375 3111 830 3177 εἱδωλολάτρουν.
878 3109 983 3160 Καὶ
1013 3107 1103 3161 διὰ
1145 3107 1305 3159 τοῦτο
1345 3109 1655 3177 παρέδωκεν
1699 3111 1894 3172 αὐτοὺς
1929 3113 1956 3163 6

375 3202 515 3260 Θεὸς
539 3204 618 3263 είς
648 3198 1044 3268 αἰχμαλωσίας.
1071 3198 1237 3251 Πάηλιν
1259 3198 1314 3250 δὲ
1339 3198 1627 3266 συμπαθὴς
1656 3199 1728 3250 ὢν
1753 3201 1779 3251 6
1801 3201 1956 3264 Θεὸς,

380 3293 706 3345 ἀνεκαλεῖτο
728 3290 945 3352 αὐτούς.
969 3291 1069 3342 Διά
1083 3306 1166 3341 τοι
1187 3289 1342 3342 τοῦτο
1368 3293 1460 3342 καὶ
1482 3290 1568 3342 ἐπ’
1591 3293 1830 3360 ἐσχάτων
1849 3292 1957 3345 τῶν

377 3381 608 3450 ἡμερῶν
633 3379 891 3447 εὐδόκησε
920 3378 1014 3430 καὶ
1039 3377 1318 3447 ἠθέλησεν,
1352 3377 1438 3430 ἵνα
1463 3378 1489 3428 6
1518 3377 1640 3434 Υἱὸς
1665 3381 1755 3430 καὶ
1788 3378 1956 3444 Λόγος

381 3470 554 3524 αὐτοῦ
590 3469 761 3522 ἐλθὼν
787 3471 864 3529 εἰς
890 3469 980 3519 τὸν
1008 3467 1230 3533 κόσμον,
1276 3466 1426 3538 σώσῃ
1447 3467 1538 3518 τὸν
1563 3467 1868 3537 ἄνθρωπον,
1900 3467 1958 3520 ὃν

385 3570 414 3617 6
440 3562 683 3622 διάϐολος
720 3561 1028 3627 ἀπατήσας,
1066 3559 1373 3626 ἀπέστησεν
1401 3559 1509 3611 ἀπὸ
1538 3558 1632 3609 τοῦ
1678 3559 1832 3625 Θεοῦ,
1867 3560 1959 3611 καὶ

382 3654 714 3726 προσεκύνει
739 3655 806 3720 τῇ
837 3651 1011 3703 κτίσει
1040 3651 1133 3702 καὶ
1161 3649 1238 3718 τῷ
1260 3649 1511 3719 διαῦὀλῳ.
1537 3650 1829 3703 Κατελθὼν
1851 3651 1960 3703 τοί-

386 3765 486 3798 νυν
518 3747 548 3798 6
581 3747 707 3806 Υἱὸς
739 3745 833 3796 καὶ
861 3742 1033 3808 Λόγος
1062 3741 1157 3794 τοῦ
1187 3741 1321 3794 Θεοῦ
1353 3742 1418 3794 ἐκ
1441 3743 1548 3793 τῶν
1573 3743 1836 3813 οὐρανῶν,
1866 3743 1960 3794 καὶ

387 3837 574 3891 λαϐὼν
604 3838 780 3905 σάρκα
822 3836 885 3887 ἐκ
918 3835 1016 3900 τῆς
1057 3834 1217 3900 ἁγίας
1256 3834 1531 3904 Παρθένου
1561 3837 1799 3903 Μαρίας,
1831 3837 1957 3903 ἐγέ-

392 3949 520 3983 νετο
556 3929 857 3999 ἄνθρωπος,
891 3927 966 3991 ὡς
996 3927 1307 3997 ἔμπροσθεν
1339 3929 1486 3996 παρὰ
1516 3928 1625 3980 τῶν
1655 3929 1825 3996 ἁγίων
1865 3929 1960 3981 καὶ

391 4022 692 4092 προφητῶν
735 4018 1048 4088 ἀπεδείχθη,
1102 4018 1196 4070 καὶ
1237 4017 1476 4086 γεγονὼς
1507 4018 1814 4088 ἅνθρωπος,
1864 4019 1957 4071 καὶ

390 4112 743 4181 καρτερήσας
761 4110 982 4180 χρόνους
1005 4109 1318 4177 τριάκοντα,
1343 4107 1543 4177 ἧρξατο
1571 4109 1842 4162 διδάσκειν
1869 4110 1960 4162 τὸν

388 4205 548 4266 λαὸν,
583 4205 674 4255 καὶ
701 4201 1020 4272 ἑρμηνεύειν
1049 4202 1145 4270 τὴν
1176 4203 1274 4268 τῆς
1299 4201 1559 4269 ἀληθείας
1612 4201 1709 4254 καὶ
1753 4202 1958 4253 δικαιο-

395 4293 568 4360 σύνης
590 4292 726 4353 ὁδὸν,
747 4292 838 4343 καὶ
860 4289 1120 4343 διδάσκων
1141 4289 1400 4359 ἔπραττε,
1437 4291 1528 4344 καὶ
1560 4278 1814 4357 πράττων
1849 4292 1956 4342 ἐδίο

2065 3108 2256 3170 dediti,
2291 3116 2345 3160 et
2398 3117 2620 3175 propter
2673 3106 2773 3159 hoc
2816 3105 3041 3158 tradidit
3076 3121 3171 3157 eos
3207 3103 3346 3157 Deus
3379 3105 3431 3155 in
3458 3104 3633 3170 capti-

2066 3201 2310 3254 vitatem.
2346 3199 2535 3251 Denuo
2566 3207 2744 3250 autem
2779 3196 2994 3248 illorum
3045 3196 3320 3255 misertus,
3349 3209 3443 3248 eos
3475 3210 3634 3246 rcvo»

2065 3293 2244 3358 cavit;
2293 3293 2595 3358 eademque
2627 3289 2692 3342 de
2728 3305 2888 3342 causa
2923 3291 3129 3342 ultimis
3153 3291 3263 3358 jam
3295 3289 3633 3356 temporibus

2066 3380 2634 3451 apprOpinquantibus
2693 3379 3080 3447 complacitum
3141 3379 3212 3432 illi
3245 3389 3329 3433 est
3361 3390 3415 3432 et
3444 3379 3634 3431 decre-

2064 3475 2163 3536 vit,
2199 3482 2256 3525 ut
2291 3472 2461 3524 Filius
2491 3481 2546 3522 et
2571 3471 2804 3524 Verbum
2832 3485 2990 3522 suum
3029 3469 3080 3520 in
3113 3471 3375 3520 mundum
3405 3468 3635 3520 veniens

2065 3565 2304 3617 Salvaret
2340 3560 2640 3622 hominem,
2677 3574 2840 3625 quem
2871 3557 3124 3610 diabolus
3152 3557 3441 3624 deceptum
3469 3573 3497 3609 a
3525 3557 3637 3609 Deo

2065 3643 2387 3712 abduxerat,
2423 3660 2485 3701 ut.
2533 3657 2800 3702 creaturae
2831 3648 3065 3700 serviret
3105 3656 3162 3700 et
3191 3647 3430 3699 diabolo.
3465 3646 3636 3700 Filius

2067 3745 2250 3813 itaque
2305 3753 2360 3796 ct
2393 3741 2631 3795 Verbum
2686 3739 2777 3794 Dei
2810 3740 3025 3794 coalitus
3079 3739 3435 3803 descendens,
3470 3756 3633 3795 carne

2066 3855 2131 3892 ex
2171 3837 2295 3891 diva
2334 3835 2547 3904 virgine
2586 3833 2753 3886 Maria
2791 3841 3068 3900 assumpta
3117 3831 3281 3884 homo
3318 3830 3490 3884 lactus
3524 3840 3631 3894 est,

2065 3930 2527 4002 quemadmodum
2559 3941 2723 3994 supra
2772 3936 3084 3979 sanctorum
3124 3932 3179 3977 et
3239 3922 3630 3990 prepbctarnm

2067 4020 2399 4074 testimoniis
2434 4017 2952 4080 demonstravimus.
3009 4013 3074 4067 Et
3113 4013 3274 4065 homo
3306 4012 3477 4065 lactus
3508 4027 3630 4064 eum

2067 4112 2229 4166 annis
2281 4111 2510 4164 vixisset
2560 4107 2804 4177 triginta,
2869 4107 3038 4175 erepit
3099 4105 3297 4158 docere
3351 4103 3632 4172 populum,

2069 4203 2290 4272 illisque
2325 4201 2572 4255 veritatis
2625 4208 2682 4252 et
2730 4198 2956 4266 iustitia:
2991 4197 3132 4249 viam
3166 4195 3480 4255 ostendere,
3536 4201 3636 4247 do—

2067 4309 2308 4361 censque
2365 4299 2624 4359 Operatus
2656 4298 2762 4351 est,
2794 4299 2847 4341 et
2879 4289 3023 4341 inter
3052 4287 3392 4355 operandum
3429 4285 3634 4349 docuit,

388 4386 590 4446 δασκε,
619 4384 710 4434 καὶ
740 4382 910 4434 ἐποίει
939 4381 1194 4450 θαύματα
1219 4381 1426 4450 μεγάλα
1461 4383 1553 4434 καὶ
1580 4383 1810 4448 ἐξαίσια.
1845 4385 1956 4451 Οὐχ

2066 4385 2345 4451 ediditque
2375 4380 2634 4433 miracula
2668 4394 2859 4448 magna
2890 4385 2946 4432 et
2975 4377 3265 4444 stupenda,
3306 4390 3415 4428 non
3449 4391 3637 4442 quem-

390 4472 590 4540 ὥσπερ
615 4471 754 4523 κατὰ
797 4470 1018 4538 καιροὺς
1054 4470 1318 4538 ἐποίησάν
1346 4486 1494 4533 τινες
1523 4471 1630 4524 τῶν
1659 4472 1832 4538 ἁγίων
1862 4471 1955 4523 ἐπὶ

390 4564 479 4631 τῷ
503 4564 723 4630 ὀνόματι
741 4564 830 4614 τοῦ
861 4561 1015 4624 Θεοῦ,
1048 4562 1122 4623 ὠς
1142 4561 1337 4625 δοῦλοι,
1372 4561 1506 4615 ἀλλὰ
1530 4563 1865 4624 δεσποτικῶς
1898 4579 1956 4615 τε

397 4653 503 4706 καὶ
553 4651 962 4714 ἐξυυσιαστικῶς
1018 4652 1188 4703 ἐποίει
1245 4651 1337 4703 καὶ
1389 4651 1660 4716 ἔπραττεν
1710 4653 1810 4704 ὅσα
1865 4653 1959 4704 καὶ

397 4746 688 4810 επραττεν.
710 4739 837 4794 Eine
858 4743 964 4809 γὰρ
985 4742 1180 4809 λεπρὸς
1200 4742 1369 4810 αὐτῷ,
1398 4759 1417 4792 ι
1446 4741 1639 4810 Κύριε,
1664 4744 1759 4795 ἐὰν
1778 4743 1905 4814 θέλῃ
1921 4762 1956 4807 ο,

397 4832 627 4885 δῦνασαί
656 4848 720 4899 με
759 4830 1068 4899 καθαρίσαι.
1104 4849 1122 4882 ι
1151 4832 1261 4884 Καὶ
1291 4829 1441 4883 εἶπεν
1467 4831 1613 4901 αὑτῴ
1635 4836 1662 4885 6
1691 4834 1924 4900 Χριστὸς
1949 4873 1964 4898 ,

408 4945 430 4976 ι
471 4924 636 4986 “ita,
661 4923 1035 4993 καθαρίσθητι.
1068 4941 1086 4973 ι
1125 4924 1230 4976 Καὶ
1261 4920 1458 4976 εἶπενό
1492 4926 1818 4994 παράλυτος,
1852 4926 1963 4977 Κύ-

403 5031 516 5086 ριε,
532 5017 813 5083 τριάκοντα
835 5017 926 5066 καὶ
951 5012 1090 5066 ὀκτὼ
1108 5016 1332 5083 χρόνους
1359 5016 1724 5084 κατάκειμαι,
1740 5015 1833 5068 καὶ
1859 5017 1958 5068 οὐκ

401 5107 519 5173 ἔχω
545 5105 846 5173 ἄνθρωπον,
880 5106 964 5156 ἵνα
991 5105 1116 5157 ὅταν
1154 5105 1399 5176 ταραχθῇ
1429 5105 1490 5158 τὸ
1521 5104 1687 5174 ὓδωρ,
1718 5106 1854 5177 βάλῃ
1890 5123 1958 5176 με

402 5200 473 5248 ἐν
500 5194 640 5263 αὐτῴ
669 5196 908 5264 (ἄγγελος
949 5197 1055 5263 γὰρ
1093 5196 1242 5264 παρὰ
1273 5195 1406 5248 Θεοῦ
1431 5196 1787 5249 ἀπεστέλλετο
1822 5199 1959 5250 κατὰ

406 5287 621 5353 καιρὸν,
660 5288 750 5338 καὶ
775 5287 1038 5355 ἐτάρασσε
1070 5289 1130 5340 τὸ
1164 5288 1327 5358 ὕδωρ,
1355 5289 1448 5340 καὶ
1477 5289 1505 5339 6
1539 5291 1750 5358 πρῶτος
1785 5288 1959 5356 ἐμϐὰς

410 5379 553 5442 μετα
575 5375 668 5444 τὴν
720 5377 955 5446 ταραχὴν
989 5377 1080 5430 τοῦ
1115 5377 1320 5440 ὕδατος,
1352 5377 1509 5446 ὑγιὴς
1541 5378 1748 5444 ἐγίνετο
1773 5376 1960 5445 οίῳδή-

367 5519 370 5521 λ
413 5480 545 5516 ποτε
587 5466 856 5533 κατείχετο
888 5468 1196 5537 νοσήματι).
1226 5467 1312 5531 Ὠς
1350 5468 1481 5535 γοῦν
1522 5467 1958 5538 ἰταράλυτοςκοιλ⁸

490 5652 528 5682 ⁸⁸
578 5651 756 5707 Matth.
798 5670 910 5711 vni.
957 5655 1007 5707 5.

2065 4476 2357 4531 admodum
2387 4471 2518 4525 olim
2562 4485 2952 4538 nonnunquam
2983 4469 3191 4537 aliquot
3225 4479 3539 4520 sanetorum
3576 4468 3630 4518 in

2066 4567 2288 4622 nomine
2329 4563 2424 4616 Dei
2468 4562 2716 4614 fecerunt
2749 4575 2844 4614 cen
2897 4559 3063 4619 servi,
3099 4557 3192 4610 sed
3245 4571 3368 4608 cum
3406 4555 3635 4622 imperio

2063 4671 2119 4713 et
2153 4655 2479 4710 auctoritate
2511 4653 2640 4706 fecit
2668 4662 2723 4705 et
2764 4658 3022 4718 operatus
3054 4656 3137 4702 est
3181 4660 3522 4716 quzecunque
3553 4645 3634 4696 le-

2067 4751 2159 4802 cit.
2204 4747 2432 4800 Dicebat
2489 4746 2634 4799 enim
2670 4744 2744 4796 illi
2771 4745 3013 4809 leprosus
3049 4761 3061 4795 :
3097 4759 3118 4792 ι
3152 4739 3404 4802 Domine,
3446 4738 3490 4790 si
3530 4753 3628 4790 vo-

2067 4837 2260 4899 lueris,
2297 4847 2450 4906 potes
2482 4850 2566 4886 me
2599 4833 2897 4896 mundare;
2937 4851 2955 4882 ι
2989 4842 3042 4884 et
3076 4831 3210 4882 dixit
3239 4829 3313 4881 illi
3335 4827 3584 4881 Christus
3615 4842 3629 4874 :

2072 4947 2089 4979 ι
2123 4929 2275 4989 Volo,
2351 4925 2708 4978 inundare“.
2743 4943 2760 4973 ι
2816 4923 2882 4975 Ει
2937 4921 3071 4974 dixit
3124 4920 3198 4970 illi
3255 4917 3627 4986 paralyticus:

2065 5017 2314 5076 Domine,
2349 5013 2506 5066 annis
2553 5015 2660 5078 jam
2699 5011 2916 5079 triginta
2949 5018 3005 5063 et
3057 5017 3178 5060 octo
3214 5006 3470 5068 decubui,
3532 5024 3630 5060 nec

2065 5108 2242 5160 habeo
2282 5120 2630 5173 quamquam,
2689 5106 2779 5172 qni
2815 5119 2937 5156 eu'u
2999 5115 3137 5167 aqua
3173 5098 3386 5150 turbata
3439 5099 3625 5157 fuerit,

2068 5215 2151 5252 me
2189 5197 2240 5250 in
2291 5196 2436 5248 illam
2470 5195 2726 5246 immittat
2767 5192 3027 5261 (Angelus
3060 5191 3206 5242 enim
3269 5188 3482 5241 Domini
3529 5189 3625 5241 de-

2067 5286 2365 5341 scendebat
2415 5294 2568 5337 certo
2610 5294 2875 5352 tempore,
2910 5291 2965 5336 et
3023 5279 3278 5334 turbabat
3309 5292 3524 5345 aquam,
3567 5280 3620 5329 in

2066 5391 2227 5446 quam
2260 5375 2351 5442 qui
2381 5374 2590 5442 primus
2622 5373 3000 5431 descenderat.
3030 5385 3195 5424 sanus
3227 5366 3554 5420 reddebatur
3581 5382 3620 5443 ,ᾏ

2064 5478 2390 5536 quocunque
2424 5463 2638 5526 inorbo,
2676 5449 3199 5531 qtio'laboravcrat).
3237 5457 3372 5511 Cum
3435 5459 3619 5526 itaque
