3970 6212
285 306 397 377 455

1451 309 1774 372 JOANNIS
1810 307 2330 372 CANTACUZENI

3429 305 3536 368 456

288 419 623 492 paralyticus
655 417 907 472 infirmus
954 417 1352 487 hominumque
1384 417 1684 473 destitutus
1711 417 1862 471 auxi—

1976 419 2233 480 ἀδύνατος
2267 420 2358 470 καὶ
2419 423 2495 488 μὴ
2546 416 2685 486 ἔχων
2727 414 3037 484 ἄνθρωπον,
3090 412 3268 467 ἔκειτο
3322 413 3551 483 χρόνους

287 510 397 578 lio,_
424 510 537 563 illic
569 509 723 578 juxta
762 508 1026 576 piscinam
1063 525 1163 578 per
1198 524 1374 563 annos
1405 510 1627 604 triﬂiuta
1659 518 1714 563 et
1739 516 1863 562 octo

288 601 665 662 decubuisset,
705 599 858 654 illum
893 600 1088 655 videns
1116 597 1392 666 Christus,
1429 597 1690 655 misertus
1722 601 1866 653 illius

286 693 428 746 dixit
476 690 543 745 ad
600 707 774 746 eum:
821 709 836 740 ι
879 690 1044 745 Visne
1097 706 1263 744 sanus
1301 689 1455 744 fieri?
1492 709 1510 740 ι
1573 687 1687 742 Hoc
1736 704 1866 741 vero

289 785 570 840 ChriStum
603 783 869 837 adorante
895 783 1255 851 et_credente,
1285 783 1424 836 dicit
1452 777 1517 834 ad
1553 797 1679 834 eum
1710 780 1868 835 Chri-

289 888 447 931 stus:
486 896 503 928 ι
544 876 696 930 Tolle
760 875 962 929 lectum
1029 885 1221 938 tuum,
1272 885 1328 928 et
1384 871 1472 928 abi
1536 873 1590 927 in
1645 874 1866 927 domum

289 980 438 1023 tuam
471 970 538 1022 ".
574 987 592 1017 ι
629 954 894 1022 Similiter
961 966 1195 1021 faciebat
1260 965 1484 1034 ubique,
1541 977 1868 1033 quocunque

285 1063 533 1116 locorum
568 1060 869 1113 incederet.
901 1060 1087 1114 Cmcos
1120 1060 1356 1122 sanavit,
1391 1059 1679 1126 visumque
1712 1056 1870 1110 resti-

290 1155 414 1214 tuit,
451 1152 635 1205 surdis
661 1151 906 1204 auditum
941 1150 1204 1212 reddidit.
1241 1150 1467 1203 claudos
1495 1145 1750 1202 incedere
1789 1149 1869 1200 fe-

287 1245 383 1302 cit,
421 1241 752 1310 paralyticos
806 1242 991 1294 nervis
1029 1241 1201 1295 firmis
1233 1251 1289 1294 et
1344 1239 1631 1294 vivacibus
1664 1237 1869 1294 conﬁr-

289 1335 477 1397 mavit,
515 1343 769 1386 mortuos
825 1333 1228 1397 ressuscitavit,
1285 1331 1653 1386 da'moniacos
1682 1341 1872 1385 aucto-

287 1427 450 1478 ritate
487 1440 700 1477 summa
738 1425 1010 1485 liberavit,
1062 1433 1115 1477 et
1169 1434 1229 1477 ut
1269 1423 1582 1477 summatim
1616 1438 1873 1492 compre-

290 1517 550 1578 hendam,
590 1515 772 1567 omnia
824 1515 956 1568 fecit
988 1515 1158 1567 instar
1198 1514 1318 1575 Dei,
1345 1515 1499 1583 juxta
1547 1514 1722 1583 ipsius
1771 1530 1869 1566 vo-

289 1611 555 1663 luntatem
590 1618 645 1661 ct
687 1607 1007 1659 arbitrium.
1039 1605 1202 1659 Venit
1241 1603 1307 1658 ad
1343 1605 1521 1668 illum,
1552 1605 1649 1674 qui
1689 1620 1870 1660 caicus

291 1703 470 1753 fuerat
518 1715 546 1751 a
589 1699 881 1757 ,uitivitate
918 1712 1035 1758 sua,
1083 1710 1137 1750 et
1172 1697 1354 1750 oravit
1402 1697 1600 1761 illum;
1633 1711 1868 1763 cumque

1967 509 2263 578 τριάκοντα
2303 508 2396 561 καὶ
2422 505 2565 560 ὀκτὼ
2588 507 2817 577 πλησίον
2837 504 2938 576 τῆς
2969 503 3356 574 κολυμϐήθρας
3380 505 3546 558 ἀσθε-

1969 601 2074 652 νῶν
2106 599 2441 670 παράλυτος,
2501 598 2692 651 τοῦτον
2729 597 2851 650 ἰδὼν
2880 597 2906 647 ὁ
2938 596 3191 664 Χριστὸς,
3226 597 3319 648 καὶ
3346 596 3554 663 σπλαγ-

1969 689 2226 760 χνισθεὶς,
2251 689 2398 756 λέγει
2423 688 2558 758 πρὸς
2576 688 2761 752 αὐτὴν,
2787 708 2805 738 ι
2830 685 3020 748 Θέλεις
3041 686 3197 756 ὑγιὴς
3216 684 3502 754 γενέσθαιί
3528 705 3547 737 ι

1970 782 2074 834 Τοῦ
2098 779 2155 834 δὲ
2179 782 2660 852 προσκυνήσαντος
2685 782 2778 833 καὶ
2798 781 3193 841 πιστεύσαντος
3210 778 3286 848 τῷ
3304 777 3552 848 Χριστῷ,

1970 863 2118 941 λέγει
2149 875 2284 942 πρὸς
2306 871 2467 925 αὑτὸν
2497 871 2798 942 ὁΧριστος,
2835 890 2853 923 ι
2887 865 3058 938 Ἀρόν
3088 888 3181 923 σου
3208 870 3306 940 τὴν
3332 872 3545 936 κλίνην,

1971 969 2067 1019 καὶ
2097 965 2272 1033 ὕπαγε
2300 967 2378 1028 εἰς
2399 964 2489 1018 τὸν
2518 960 2668 1017 οἶκόν
2703 981 2825 1018 σου.
2866 982 2884 1015 ι
2917 959 2992 1016 Τὸ
3021 963 3150 1016 αὐτο
3178 961 3354 1013 ἐποίει
3380 961 3551 1013 ἁπαν·

1970 1057 2140 1127 τοιχοῦ
2177 1056 2308 1110 ἔνθα
2336 1053 2404 1128 ἦν
2433 1056 2775 1128 περιπατῶν.
2808 1055 3053 1122 Τυφλοὺς
3089 1053 3413 1122 ἐθεράπευε,
3458 1053 3553 1104 καὶ¹

1972 1151 2143 1202 ἐποίει
2159 1151 2356 1213 αὐτοὺς
2383 1149 2619 1220 βλέπειν,
2641 1149 2767 1210 τοὺς
2791 1151 3008 1215 κωφοὺς
3031 1147 3271 1209 ἀκούειν,
3289 1146 3414 1208 τοὺς
3445 1160 3556 1212 λω-

1972 1241 2098 1306 λοὺς
2118 1245 2438 1313 περιπατεῖν
2459 1281 2473 1307 ,
2499 1243 2627 1304 τοὺς
2655 1239 3003 1311 παραλύτους
3027 1238 3284 1306 συνέσφιγ
3296 1253 3357 1305 γε
3381 1275 3394 1300 ,
3423 1237 3553 1298 τοὺς

1973 1338 2202 1406 νεκροὺς
2229 1335 2444 1400 ἀνίστα,
2474 1336 2602 1397 τοὺς
2626 1334 3107 1403 δαιμονιζομένους
3124 1330 3548 1394 ἐξουσιαστικῶς

1973 1427 2291 1496 ἐθεράπευε,
2328 1427 2420 1478 καὶ
2448 1425 2523 1486 ὼς
2559 1427 2617 1477 ἐν
2651 1423 2871 1490 συνόψει
2921 1425 3116 1480 είπείν.
3152 1423 3222 1473 τὰ
3263 1422 3440 1472 πάντα
3474 1419 3550 1480 ὡς

1973 1520 2107 1582 Θεὸς
2156 1521 2351 1582 ἐποίει,
2383 1517 2568 1580 καθὼς
2601 1509 2853 1568 ἐϐούλετό
2901 1531 2959 1567 τε
2993 1516 3089 1566 καὶ
3118 1514 3302 1584 ἤθελε.
3341 1513 3552 1580 Τυφλδς

1971 1605 2136 1681 ἦλθεν
2165 1612 2227 1662 ἐκ
2255 1608 2504 1678 γενετῆς,
2537 1610 2629 1660 καὶ
2663 1606 3043 1674 παρεκάλεσεν
3086 1606 3270 1666 αὑτὸν,
3298 1607 3391 1658 καὶ
3422 1609 3552 1666 τοὺς

1977 1702 2074 1770 μὲν
2105 1701 2296 1762 ἄλλους
2333 1699 2567 1768 τυφλοὺς
2623 1696 2924 1767 ἐθεράπευε
2957 1699 3101 1768 μόνῳ
3132 1697 3300 1764 λόγῳ,
3337 1697 3548 1748 ἐκεῖνον

291 1792 426 1844 alios
462 1805 632 1843 cruces
693 1790 840 1842 nudo
893 1800 947 1843 et
997 1791 1114 1842 solo
1147 1791 1315 1842 verbo
1345 1790 1669 1856 sanavisset,
1720 1790 1870 1842 hunc

1975 1767 2026 1844 iis
2067 1793 2166 1862 οὐχ
2197 1789 2390 1852 οὕτως,
2417 1767 2572 1842 ἀλλὰ
2603 1787 2810 1848 πτύσας
2858 1787 2936 1848 είς
2964 1786 3060 1854 τὴν
3101 1785 3228 1854 γῆν,
3257 1785 3350 1836 καὶ
3379 1782 3552 1848 πηλὸν

291 1899 400 1935 non
442 1883 593 1941 item,
620 1880 713 1933 sed
749 1883 800 1932 in
838 1891 1036 1933 terram
1071 1870 1374 1948 eispuens,
1408 1880 1579 1952 lutum
1611 1898 1678 1934 ex
1709 1891 1869 1950 sputo

294 1973 444 2035 fecit,
481 1972 783 2037 ecutosque
819 1970 966 2022 illius
1009 1972 1248 2035 iuunxit,
1304 1971 1492 2024 dicens
1550 1970 1617 2024 ad
1665 1972 1868 2026 illum:

300 2086 318 2115 ε
372 2065 496 2126 Abi,
544 2065 700 2117 ablue
737 2065 787 2115 iu
833 2061 1042 2130 piscina
1081 2062 1254 2127 Siloe;
1301 2082 1319 2112 ι
1362 2073 1417 2116 et
1465 2079 1587 2116 cum
1623 2063 1868 2126 lavisset,

290 2155 468 2207 visum
503 2155 706 2222 l‘et't‘pll
736 2155 800 2204 “3.
834 2152 1102 2218 Quidnam
1153 2154 1255 2205 hoc
1293 2153 1494 2206 factum
1525 2153 1870 2208 deuolavissc

292 2247 631 2314 putabimus,
683 2246 828 2314 quod
867 2248 1006 2298 alios
1044 2260 1219 2297 caecos
1254 2244 1371 2297 solo
1419 2245 1588 2298 verbo
1634 2245 1869 2310 sanavit,

292 2341 358 2391 ad
412 2338 558 2390 hunc
605 2353 736 2390 vero
792 2338 1123 2394 sanandum,
1169 2336 1343 2389 lutum
1383 2333 1542 2389 fecit?
1574 2331 1689 2388 Non
1721 2333 1869 2389 aliud

293 2438 466 2494 certe,
513 2446 674 2498 quam
706 2446 828 2482 cum
878 2430 967 2482 alii
1013 2428 1140 2482 caeci
1172 2445 1199 2481 a
1231 2429 1512 2481 nativitate
1547 2445 1644 2481 sua
1684 2427 1872 2482 oculos

294 2521 591 2574 habuerint
625 2537 808 2581 sanos,
862 2531 1050 2589 postea
1105 2522 1284 2574 oculis
1331 2521 1475 2590 capti
1527 2532 1688 2583 sunt,
1769 2521 1873 2574 hoc

293 2627 426 2664 vero
461 2613 636 2664 oculis
668 2613 896 2664 omnino
925 2621 1147 2666 careute
1187 2613 1255 2664 ab
1307 2612 1426 2680 ipso
1469 2614 1661 2665 matris
1693 2623 1872 2675 utero,-

295 2703 472 2756 lutum
521 2702 650 2756 fecit
682 2703 968 2764 Dominus,
1019 2704 1257 2756 innucus
1319 2718 1376 2756 se
1432 2703 1583 2757 hunc
1618 2704 1871 2756 eumdem

296 2810 438 2859 csse,
474 2793 568 2863 qui
624 2809 654 2848 ο
706 2795 822 2846 Ιιιῑο
874 2794 1153 2847 hominem
1209 2793 1552 2856 formaverit,
1603 2803 1658 2848 ct
1707 2793 1875 2861 hujus

294 2901 442 2939 nunc
488 2886 540 2938 iu
587 2901 819 2954 corpore
854 2885 1128 2939 defcctmn
1175 2886 1292 2938 luto
1323 2895 1543 2952 sumpto
1579 2884 1872 2953 compleat.

296 2977 504 3031 Deinde
541 2978 837 3031 dixitcaeeo
871 2995 884 3030 :
930 2996 946 3026 ι
981 2977 1173 3031 Credis
1212 2978 1264 3029 in
1299 2977 1495 3030 Filium
1535 2977 1661 3031 Dei?
1704 2997 1722 3027 ι
1771 2976 1875 3030 itc-

1970 1884 2203 1952 ποιήσας
2233 1881 2321 1934 διὰ
2353 1879 2450 1933 τοῦ
2479 1879 2820 1947 πτύσματος,
2855 1879 3038 1947 ἔχρισε
3072 1876 3198 1938 τοὺς
3233 1875 3550 1944 ὀφθαλμοὺς

1971 1975 2161 2038 αὑτοῦ,
2198 1975 2369 2038 εἰπὼν
2419 1973 2555 2043 πρὸς
2590 1973 2778 2036 αὐτὸν,
2814 1989 2833 2022 ι
2874 1972 3117 2037 ’Υπαγε,
3163 1969 3314 2038 νίψαι
3346 1970 3426 2030 εἰς
3454 1967 3550 2020 τοῦ

1972 2070 2192 2138 Σιλωάμ
2215 2069 2312 2138 τὴν
2339 2065 2748 2136 κολυμϐήθραν,
2785 2083 2802 2114 ι
2833 2067 2927 2116 καὶ
2946 2063 3241 2131 νιψάμενος
3264 2059 3550 2127 ἀνέϐλεψε.

1972 2163 2037 2214 Τί
2063 2161 2219 2214 τοῦτο
2242 2159 2528 2228 δηλοῦντος
2558 2158 2651 2209 τοῦ
2675 2157 3024 2227 πράγματος,
3058 2156 3139 2206 ὅτι
3173 2155 3295 2215 τοὺς
3326 2154 3426 2218 μὲν
3460 2153 3556 2206 ἄλο

1972 2255 2097 2315 ὶους
2156 2255 2363 2312 πάντας
2398 2251 2698 2320 ἐθεράπευε
2740 2247 2882 2317 λόγῳ
2936 2247 3104 2317 μόνῳ,
3158 2246 3234 2304 είς
3279 2242 3469 2296 τοῦτον
3496 2241 3556 2294 δέ

1974 2344 2196 2410 ἐποίησε
2221 2342 2420 2411 πηλόν;
2449 2339 2612 2394 Οὐδὲν
2640 2338 2786 2402 ἄλλο,
2811 2339 2842 2405 ἢ
2870 2340 2950 2390 ὅτι
2977 2339 3026 2389 oi
3054 2338 3151 2406 μὲν
3176 2335 3322 2388 ἄλλοι
3341 2333 3555 2402 τυφλοὶ,

1979 2435 2195 2504 ἔχοντες
2223 2432 2329 2484 ἀπὸ
2359 2432 2666 2498 γεννήσεως
2690 2429 2859 2498 αὐτῆς
2882 2429 3007 2489 τοὺς
3035 2426 3349 2495 ὀφθαλμοὺς
3372 2424 3555 2479 αὐτῶν

1977 2530 2169 2594 ὑγιεῖς,
2191 2525 2599 2594 ἐτυφλώθησαν,
2623 2525 2716 2577 τοῦ
2736 2524 2789 2576 δὲ
2823 2523 3066 2592 μηδόλως
3105 2522 3318 2591 ἔχοντος
3348 2520 3555 2588 ὀφθαλ-

1978 2623 2110 2686 μοὶς
2140 2619 2196 2682 ἐξ
2231 2617 2400 2684 αὐτῆς
2429 2615 2756 2682 γεννήσεως,
2797 2612 3020 2680 ἐποίησε
3052 2611 3218 2678 πηλὸν
3241 2615 3266 2663 ὸ
3296 2609 3553 2680 Χριστὸς,

1974 2709 2234 2762 δεικνύων
2277 2711 2358 2760 ὅτι
2387 2707 2549 2769 αὐτὸς
2580 2708 2728 2758 ἐστιν
2768 2707 2796 2758 ὁ
2836 2706 2942 2759 άπὸ
2982 2704 3154 2772 πηλοῦ
3207 2703 3422 2762 πλάσας
3461 2703 3554 2754 τὸν

1975 2804 2280 2875 ἄνθρωπον,
2312 2803 2408 2855 καὶ
2447 2801 2507 2854 τὸ
2547 2801 2793 2854 ἐλλεῖπον
2829 2800 2922 2852 τοῦ
2971 2798 3221 2866 σώματος
3263 2796 3420 2858 αὖθις
3464 2795 3556 2848 δια

1975 2899 2069 2950 τοῦ
2135 2895 2308 2966 πηλοῦ
2367 2895 2778 2964 ἀνεπλήρωσεν.
2833 2888 2963 2944 Εἶτα
3017 2890 3166 2959 λέγει
3219 2888 3294 2959 τῷ
3344 2886 3552 2956 τυφλῷ,

1981 3008 1998 3040 ι
2042 2989 2322 3050 Πιστεύεις
2347 2989 2425 3050 είς
2458 2987 2548 3040 τὸν
2579 2985 2708 3038 Υἱὺν
2738 2983 2832 3038 τοῦ
2863 2984 3036 3048 Θεοῦ;
3077 3003 3095 3036 ι
3139 2983 3302 3049 Λέγει
3342 2979 3491 3048 αὺτῷ
3525 2980 3554 3031 ὁ

299 3065 517 3132 spondit
549 3065 636 3117 ille
669 3082 684 3117 :
721 3083 738 3113 ι
787 3063 853 3116 Ει
882 3064 1003 3133 quis
1046 3075 1149 3127 est,
1186 3065 1433 3130 Domine,
1475 3076 1535 3119 ut
1564 3065 1782 3119 credam
1818 3065 1871 3117 iu

1977 3080 2193 3160 τυφλξς,
2216 3098 2234 3130 ‹
2249 3080 2356 3131 Καὶ
2374 3079 2456 3139 τίς
2471 3079 2608 3140 ἐστι,
2623 3075 2914 3144 Κύριε,ῖνα
2931 3072 3200 3126 πιστεύσω
3218 3073 3298 3133 είς
3320 3069 3485 3123 αὐτόν
3501 3084 3548 3133 ς»

296 3155 488 3209 illum?
525 3176 543 3204 ι
606 3155 740 3207 Cum
774 3157 922 3206 enim
981 3170 1158 3208 caecus
1193 3155 1406 3216 fuisset.
1445 3155 1723 3209 Christum
1761 3171 1869 3208 non

299 3259 566 3312 noverat;
608 3259 662 3301 et
721 3247 859 3299 dixit
916 3247 991 3300 illi
1053 3248 1354 3302 Christus:
1395 3267 1413 3300 ‹
1461 3247 1570 3316 Ego
1603 3264 1744 3313 sum,
1776 3248 1870 3315 qui

298 3338 495 3405 loquor
533 3338 650 3390 tibi.
685 3357 702 3386 ι
766 3337 920 3390 Tunc
988 3338 1124 3392 dixit
1177 3354 1397 3392 cacus:
1438 3359 1455 3389 ι
1501 3338 1700 3402 Credo,
1762 3339 1868 3392 Do-

298 3427 466 3487 mine,
511 3437 564 3479 et
594 3426 841 3480 adoravit
900 3429 1075 3482 illlllll.
1135 3447 1152 3479 ›
1193 3429 1458 3484 Similiter
1489 3441 1544 3483 et
1573 3431 1739 3484 millia
1771 3429 1870 3484 ali-

295 3524 432 3584 quot
469 3514 750 3569 hominum
784 3518 1018 3584 quodam
1050 3519 1137 3571 die
1167 3517 1444 3573 Christum
1480 3529 1637 3573 erant
1671 3521 1870 3585 secuti,

295 3606 527 3659 Verbum
578 3605 748 3674 ipsius
808 3616 864 3659 et
921 3608 1228 3661 doctrinam
1292 3609 1598 3671 audientes,
1640 3622 1696 3663 et
1748 3627 1870 3664 cum

297 3695 597 3758 esurirent,
631 3711 738 3747 non
780 3696 1106 3748 invenerunt
1136 3700 1186 3750 in
1227 3697 1347 3750 loco
1379 3699 1472 3751 illo
1505 3700 1690 3768 plures
1715 3699 1872 3769 paui-

298 3785 406 3839 bus
444 3787 708 3855 quinque,
750 3797 805 3840 et
869 3789 1008 3840 duos
1066 3790 1270 3856 pisces.
1327 3785 1394 3843 Et
1436 3792 1716 3844 benedixit
1767 3793 1874 3845 illis

297 3873 570 3938 Christus,
601 3877 968 3944 praecepitque
1001 3877 1308 3945 discipulis,
1341 3879 1434 3947 qui
1468 3883 1724 3939 omnibus
1756 3882 1874 3935 istis

302 3981 469 4034 panes
504 3977 901 4032 apposucrunt,
936 3969 1001 4020 de
1030 3969 1233 4035 quibus
1267 3971 1626 4025 comederunt
1657 3989 1870 4037 omnes,

299 4066 356 4110 et
381 4057 608 4110 saturati
641 4067 792 4118 sunt,
836 4067 891 4110 et
921 4059 1117 4125 reliqui
1148 4060 1372 4114 fuerunt
1413 4064 1635 4132 cophini
1669 4066 1875 4119 duode.

235 4159 242 4164 ·
300 4148 406 4200 cini
466 4147 606 4214 plcui
665 4164 863 4212 panum
916 4147 1235 4216 fragmentis
1279 4161 1334 4204 et
1368 4154 1611 4220 piscibus
1646 4155 1712 4210 ⁸⁵.
1767 4153 1875 4210 Sed

301 4237 423 4305 quis
452 4238 644 4289 herum
698 4238 932 4292 sensus?
991 4239 1194 4293 Partim
1232 4243 1452 4311 quidem
1499 4257 1557 4299 ut
1589 4246 1756 4300 edant
1794 4246 1874 4301 fa-

301 4327 506 4392 melici,
539 4331 737 4397 partim
780 4346 910 4383 vero
961 4340 1019 4384 ut
1071 4331 1381 4403 intelligant
1441 4347 1496 4390 et
1557 4340 1740 4393 animo
1773 4355 1876 4393 suo

1976 3172 2172 3238 τυφλὸς
2216 3169 2324 3238 γὰρ
2374 3169 2470 3230 ὢν,
2521 3169 2622 3220 οὐκ
2659 3168 2920 3236 ἐγίνωσκε
2965 3167 3058 3217 τὸν
3092 3163 3348 3234 Χριστόν.
3384 3163 3493 3215 Καὶ
3527 3162 3556 3214 ὁ

1977 3262 2206 3331 Χριστὸς
2234 3261 2368 3330 πρὸς
2397 3259 2583 3320 αὑτὸν,
2613 3279 2632 3309 ς
2660 3257 2802 3326 Ἐγώ
2828 3259 2943 3328 εἰμι
2971 3259 2998 3308 ὁ
3023 3257 3203 3309 λαλῶν
3236 3273 3338 3310 σοι.
3373 3274 3390 3304 ι
3417 3256 3556 3307 Τότε

1974 3355 2119 3422 λέγει
2144 3356 2171 3406 ὁ
2198 3352 2416 3419 τυφλὸς,
2441 3370 2459 3402 ι
2489 3349 2757 3413 Πιστεύω.
2796 3349 2972 3419 Κύριε
2994 3365 3007 3378 ·
3033 3348 3126 3402 καὶ
3147 3347 3557 3417 προσεκύνησεν

1974 3445 2143 3514 αὐτῷ.
2180 3462 2198 3495 ι
2249 3441 2502 3504 Χιλιάδες
2539 3441 2729 3493 πολλαὶ
2760 3439 3063 3510 ἀνθρώπων
3120 3439 3178 3491 ἐν
3231 3438 3329 3508 μιᾷ
3373 3439 3559 3507 ἡμέρᾳ

1975 3537 2339 3606 προσέμειναν
2375 3533 2667 3596 ἀκούοντες
2701 3533 2794 3585 τὸν
2828 3532 2983 3600 λόγον
3028 3529 3124 3584 τοῦ
3160 3529 3398 3601 Χριστοῦ
3455 3532 3553 3582 καὶ

1974 3631 2072 3700 τὴν
2105 3628 2474 3681 δ;δασκαλίαν.
2510 3627 2619 3679 Καὶ
2650 3625 2966 3686 ἐπείνασαν,
3004 3625 3096 3675 καὶ
3122 3623 3222 3692 οὐχ
3248 3622 3557 3693 εὑρέθησαν

1974 3720 2033 3769 ἐν
2063 3716 2139 3785 τῷ
2173 3717 2320 3784 τόπῳ
2343 3715 2535 3783 ἐκείνῳ
2566 3714 2729 3766 πλέον
2761 3714 2868 3766 τῶν
2898 3714 3059 3765 πέντε
3087 3713 3291 3782 ἀρτων,
3325 3711 3556 3762 καὶτῶν

1975 3809 2069 3862 δύο
2122 3807 2340 3878 ἰχθύων.
2381 3805 2658 3873 Εὑλόγησε
2701 3803 2878 3857 τοίνυν
2932 3803 3071 3866 αὐτὰ
3102 3804 3128 3854 ὁ
3171 3800 3423 3870 Χριστὸς,
3457 3800 3558 3852 καὶ

1978 3897 2279 3968 προσέταξε
2301 3901 2412 3959 τοῖς
2435 3897 2708 3966 μαθηταῖς
2737 3894 2924 3954 αὑτοῦ,
2952 3894 3048 3946 καὶ
3075 3892 3395 3963 παρέθηκαν
3417 3893 3554 3944 πᾶσι

1975 3992 2100 4052 τοὺς
2118 3991 2331 4058 ἄρτους.
2371 3991 2479 4042 Καὶ
2514 3991 2715 4057 ἔφαγον
2741 3987 2967 4047 πάντες,
2994 3985 3087 4037 καὶ
3121 3982 3551 4054 ἐχορτάσθησαν,

1980 4081 2074 4131 καὶ
2100 4078 2497 4147 ἐπερίσσευσαν
2527 4079 2735 4144 κόφινοι
2756 4075 2963 4127 δώδεκα
2989 4076 3095 4126 ἀπὸ
3119 4075 3225 4125 τῶν
3255 4073 3435 4142 ἄρτων
3457 4073 3556 4126 καὶ

1983 4171 2094 4224 ἀπὸ
2115 4171 2220 4222 τῶν
2247 4169 2463 4241 ἰχθύων.
2489 4169 2557 4221 Τί
2584 4167 2739 4220 τοῦτο
2773 4170 3038 4236 σημαῖνον
3059 4184 3074 4233 ;
3097 4167 3166 4218 Τὸ
3190 4165 3311 4233 μὲν,
3337 4165 3422 4216 ίνα
3454 4165 3557 4232 φά-

1976 4277 2150 4328 γωσιν
2184 4260 2261 4322 ὼς
2290 4261 2607 4324 πεινῶντες,
2629 4259 2690 4310 τὸ
2725 4257 2802 4320 δὲ,
2839 4260 2926 4311 ἵνα
2953 4263 3184 4326 νοήσωσι
3205 4258 3300 4309 καὶ
3324 4260 3559 4326 ἐνθυμηρ

1980 4353 2169 4416 θῶσιν,
2205 4353 2286 4403 ὅτι
2323 4350 2481 4413 αὑτός
2513 4352 2660 4402 ἐστιν
2709 4349 2736 4400 ὁ
2771 4351 2828 4400 ἐν
2861 4351 2927 4418 τῇ
2964 4350 3157 4418 ἐρήμῳ
3191 4347 3396 4417 θρέψας
3429 4348 3559 4408 τοὺς

302 4421 657 4483 meditemur,
692 4421 836 4474 hunc
874 4423 1021 4474 illum
1067 4437 1186 4477 esse
1216 4423 1310 4492 qui
1344 4428 1396 4479 in
1431 4427 1650 4481 deserto
1692 4441 1871 4498 patres

1988 4443 2231 4512 πατέρας
2266 4441 2446 4494 αὐτῶν
2474 4439 2535 4493 τὸ
2569 4441 2767 4508 μάννα.
2797 4440 3119 4510 Ἀνθρωπος
3167 4437 3428 4498 ἀπέθανε,
3459 4438 3556 4488 καὶ

301 4513 546 4581 ipsorum
605 4530 802 4566 unauna
863 4517 1146 4570 cibavcrit.
1213 4519 1402 4580 Porro,
1455 4520 1618 4574 homo
1651 4524 1873 4591 quidam

301 4614 552 4659 mortuus
594 4615 681 4658 est
722 4617 778 4659 et
805 4608 1073 4675 sepultus,
1108 4624 1344 4676 cumque
1384 4609 1438 4662 in
1473 4611 1725 4679 sepulcro
1756 4612 1873 4666 dies

300 4698 505 4766 egisset
561 4707 820 4764 quatuor,
872 4699 1115 4752 defuncti
1179 4715 1399 4753 sorores
1463 4702 1875 4756 aer-ersiveruut

299 4789 602 4843 Christum.
637 4787 734 4842 llic
786 4800 966 4842 autem
1012 4789 1146 4842 dicit
1179 4789 1255 4842 illi
1289 4809 1303 4842 :
1347 4807 1364 4839 ι
1418 4789 1642 4851 Lazare.
1681 4795 1766 4846 exi
1794 4779 1900 4847 ίό-’

301 4898 407 4934 ras.
448 4901 466 4932 ι
521 4881 589 4934 Ει
640 4882 785 4935 illico
863 4883 956 4950 qui
1029 4892 1278 4936 mortuus
1339 4883 1554 4950 fuerat,
1622 4886 1875 4953 sepulcro

299 4957 555 5040 egressus
587 4983 694 5036 est,
725 4981 781 5026 et
829 4973 1153 5036 ambulavit,
1191 4973 1391 5041 ligatus
1440 4991 1745 5044 manusque
1777 4993 1874 5047 pe-

299 5065 507 5132 desque
558 5065 660 5124 (sic
711 5066 856 5118 enim
908 5066 1080 5120 moris
1127 5066 1584 5122 eratJudzeorum
1625 5079 1876 5124 mortuos

302 5158 555 5225 sepelire)
615 5168 669 5212 et
730 5159 812 5212 sic
898 5160 1335 5214 resuscitatiouis
1407 5161 1672 5216 miraculo
1724 5161 1872 5215 aliud

303 5248 438 5301 illud
468 5253 716 5304 incessus
741 5251 826 5304 sui
866 5251 1194 5304 miraculum
1235 5253 1502 5307 successit
1531 5254 1600 5304 ⁸⁵.
1639 5251 1745 5324 Sed
1775 5269 1872 5308 cur

303 5338 420 5393 ιιωο
460 5339 639 5395 facta?
694 5341 764 5397 Ut
817 5357 943 5396 cum
997 5327 1249 5397 homines
1298 5344 1546 5398 viderent
1578 5343 1726 5398 hunc
1764 5360 1875 5399 non

304 5432 685 5486 tantummodo
738 5443 985 5488 mortuos
1029 5433 1292 5498 excitare,
1350 5433 1446 5489 sed
1499 5434 1662 5489 etiam
1727 5435 1876 5490 hunc

302 5522 754 5590 quatriduauum,
822 5525 1194 5596 intelligerent
1249 5529 1398 5581 hunc
1451 5542 1572 5582 esse
1635 5527 1761 5583 vitae
1822 5537 1878 5581 et

1979 4534 2176 4599 ἐτάφη,
2202 4532 2296 4582 καὶ
2314 4533 2634 4598 ποιησαντος
2661 4530 2719 4581 ἐν
2739 4528 2816 4597 τῷ
2835 4529 2994 4596 τάφῳ
3013 4528 3228 4597 ἡμέρας
3257 4527 3550 4596 τέσεαρσς,

1982 4620 2364 4691 παρεκάλεσαν
2396 4620 2489 4672 τὸν
2519 4621 2752 4690 Χριστὸν
2788 4622 2844 4672 αἱ
2889 4617 3081 4671 τούτου
3115 4619 3365 4686 ἀδελφαὶ,
3396 4619 3490 4671 καὶ
3524 4619 3553 4669 ὁ

1981 4712 2213 4782 Χριστὸς
2249 4713 2397 4778 λέγει
2429 4711 2566 4780 πρὸς
2600 4710 2785 4776 αὑτὸν,
2821 4729 2839 4762 ι
2880 4712 3123 4780 Λάζαρε,
3156 4710 3320 4778 δεῦρο
3357 4711 3481 4775 ἔξω.
3528 4729 3544 4759 ι

1982 4805 2091 4856 Καὶ
2157 4801 2413 4874 παραυτά
2487 4802 2675 4872 ἐξῆλθε
2733 4802 2828 4855 τοῦ
2885 4802 3060 4870 τάφου
3129 4805 3159 4856 ὁ
3235 4801 3551 4871 τεθνηκὼς,

1979 4896 2090 4949 καὶ·
2123 4894 2497 4965 περιεπάτησε
2553 4894 2837 4963 δεδεμένος
2882 4895 2981 4955 τὰς
3033 4897 3222 4964 χεῖρας
3280 4898 3374 4946 καὶ
3425 4897 3555 4956 τοὺς

1979 4987 2164 5047 πόδας.
2219 4985 2374 5037 Οὕτω
2429 4984 2538 5052 γὰρ
2578 4981 2644 5054 ἦν
2689 4984 2812 5045 ἔθος
2869 4986 3208 5052 ἐνταφιάζειν
3251 4986 3361 5046 τοῖς
3422 4985 3556 5038 ἰου-

1983 5072 2175 5135 δαίοις.
2215 5075 2324 5126 Kal.
2365 5074 2458 5126 ἐπὶ
2504 5073 2582 5141 τῷ
2625 5075 2861 5142 θαύματι
2901 5073 3003 5142 τῆς
3055 5073 3246 5131 τούτου
3285 5073 3556 5141 ἐγὲρσεως

1984 5164 2390 5234 ἐπηκολούθησε
2421 5165 2514 5216 καὶ
2543 5165 2605 5217 τὸ
2632 5163 2735 5233 τῆς
2765 5164 3028 5234 βαδίσεως
3055 5164 3242 5219 αὐτοῦ.
3367 5164 3424 5216 δὲ
3455 5164 3553 5216 καὶ

1981 5254 2162 5320 τοῦτο;
2189 5243 2306 5308 ἰνα
2324 5255 2522 5319 ἰδόντες
2553 5255 2914 5324 οίᾶνθρωποι,
2948 5256 3062 5318 πῶς
3122 5256 3388 5326 ἀνέστησε
3426 5257 3554 5320 τοὺς

1986 5349 2176 5415 πρώην
2199 5348 2447 5414 νεκροὺς,
2469 5348 2602 5402 ἀλλὰ
2619 5349 2684 5417 δὴ
2708 5351 2800 5401 καὶ
2822 5349 2913 5401 τὸν
2935 5350 3324 5419 τετραήμερον,
3346 5353 3553 5419 νοήσω-

1986 5454 2068 5490 σιν
2089 5439 2178 5490 ὅτι
2228 5434 2378 5499 οὗτός
2421 5440 2566 5492 ἐστιν
2591 5441 2618 5492 ὁ
2661 5439 2804 5507 ζωῆς
2835 5440 2927 5492 καὶ
2978 5440 3210 5494 θανάτου
3249 5442 3547 5511 Δεσπότης.

1986 5531 2096 5583 Καὶ
2125 5531 2253 5583 ὅταν
2284 5530 2644 5586 ῐδωσιναὺτδν
2673 5529 2738 5598 δὴ
2770 5532 2861 5586 τὸν
2885 5533 3118 5604 Χριστὸν
3148 5535 3207 5586 ἐν
3232 5535 3309 5606 τῷ
3366 5533 3548 5608 τάφῳ,

374 5694 422 5723 ⁸³
479 5693 713 5760 Joau.v,
765 5697 875 5752 1-8.
952 5699 996 5730 ⁸³
1030 5699 1189 5754 Joan.
1247 5702 1380 5765 tx,|
1429 5717 1584 5770 seqq.
1662 5703 1708 5734 ⁸³
1747 5702 1912 5757 Marc.
1950 5720 2022 5768 γι,
2072 5706 2162 5759 51.
2230 5707 2467 5761 "Joan.
2525 5723 2599 5774 xi,
2656 5709 2868 5780 lscqq.

1337 5830 1372 5847 Δ
