3970 6212
379 405 414 469 4
423 408 489 467 ξπ

1317 399 1612 459 CONTRA
1657 396 2139 456 MAIIOMETEM
2179 395 2547 456 APOLOGIA
2593 394 2675 453 II.

3512 387 3614 449 4:33

381 516 751 574 πιστεύσωσιν
799 515 884 566 ὅτι
939 514 967 565 ὁ
1009 513 1075 581 τῇ
1134 509 1234 578 ἰδία
1285 510 1502 577 ἐξουσίᾳ
1551 508 1781 561 ἀνιστῶν
1828 506 1953 568 τοὺς

2065 506 2249 562 mortis
2282 507 2611 579 Dominum;
2657 514 2713 559 et
2742 512 2801 558 ut
2828 504 2872 559 si
2904 503 3181 559 Christum
3218 512 3403 575 postea
3434 507 3615 574 sepul-

384 610 640 677 νεκροὺς,
712 604 893 673 πολλῷ
947 602 1149 672 μᾶλλον
1190 600 1329 678 κατ’
1386 599 1634 664 ἐξουσίαν
1692 600 1766 659 ὡς
1822 597 1953 658 Θεὸς

382 690 1002 765 ἀναστήσεινβέλλειτὸ
1048 688 1176 740 ἴδιον
1205 686 1388 752 σῶμα.
1420 686 1614 753 Ἔλεγε
1658 685 1764 755 γὰρ
1816 686 1952 755 πρὸς

381 786 514 846 τοὺς
555 783 802 853 μαθητὰς
838 779 1002 833 αὑτοῦ
1030 778 1156 841 τοὺς
1204 777 1552 839 ἀποστόλους,
1606 777 1688 827 ὅτι
1723 794 1740 825 ι
1768 776 1955 838 Οὐδεὶς

383 876 536 942 αἴρει
564 873 662 938 τὴν
684 873 861 942 ψυχήν
896 887 998 939 μου
1021 869 1113 922 ἀπ’
1136 869 1268 938 ἐμοῦ
1290 883 1303 897 ·
1336 887 1352 918 ι
1382 869 1474 920 καὶ
1505 868 1585 919 δτι
1621 884 1637 917 t
1678 867 1957 932 ‘EEcusfav

383 965 497 1031 ἔχω
530 964 701 1016 θεῖναι
742 963 929 1032 αὐτὴν,
964 962 1057 1013 καὶ
1114 959 1359 1024 ἐξουσίαν
1416 960 1523 1028 ἔχω
1562 958 1722 1011 πάλιν
1770 958 1955 1010 λαϐεῖν

384 1056 581 1125 αὑτήν.
622 1074 639 1105 ι
692 1054 799 1106 Καὶ
862 1055 944 1106 ὅτι
982 1053 1079 1124 μὲν
1136 1053 1419 1107 ἐπίστευον
1475 1053 1554 1113 είς
1588 1051 1677 1103 τὸν
1724 1050 1957 1119 Χριστὸν

385 1145 512 1198 καθ’
535 1148 773 1213 ἑκάστην
794 1145 1008 1213 ἡμέραν
1034 1143 1213 1212 πλήθη
1261 1141 1607 1209 ἀναρίθμητα
1634 1139 1954 1210 ἀνθρώπων,

388 1238 488 1286 καὶ
520 1234 831 1302 ὡμολόγουν
868 1233 1029 1285 αὑτὸν
1060 1232 1215 1295 Θεὸν,
1241 1232 1333 1283 καὶ
1363 1230 1499 1284 Θεοῦ
1532 1230 1678 1295 Υίδν,
1710 1230 1958 1299 ὑπῆρχον

383 1326 444 1377 δέ
476 1328 524 1376 οἱ
571 1326 844 1393 ἀρχιερεῖς
874 1327 966 1376 καὶ
992 1324 1039 1374 oi
1084 1312 1429 1394 γραμματεῖς
1463 1323 1557 1374 καὶ
1596 1324 1645 1373 οἱ
1699 1323 1956 1390 ἄρχοντες

384 1416 572 1467 αὑτῶν
623 1414 1060 1484 ἀντιταττόμενοι
1083 1417 1149 1484 τῇ
1195 1414 1289 1466 τοῦ
1320 1414 1455 1467 Θεοῦ
1508 1413 1821 1483 διδασκαλίᾳ
1864 1415 1958 1464 καὶ

384 1506 782 1573 ἀντιλέγοντες,
840 1506 1080 1575 ἀνεφάνη
1106 1505 1167 1557 ἐκ
1198 1508 1295 1571 τῆς
1353 1505 1574 1557 Ἡσαΐου
1623 1504 1958 1573 προφητείας

386 1595 675 1663 λεγούσης,
703 1595 783 1646 ὃτι
811 1613 831 1644 ι
856 1594 1200 1662 Ὀφθαλμοῦς
1223 1592 1434 1662 ἔχοντες
1460 1594 1521 1645 οὑ
1553 1592 1826 1660 βλέψουσι,
1865 1591 1960 1643 καὶ

380 1679 501 1737 ὦτα
564 1685 778 1753 ἔχοντες
839 1686 939 1737 οὑκ
1006 1684 1330 1738 ἀκούσουσιν
1369 1701 1383 1717 °
1419 1683 1697 1752 ἐπαχύνθη
1758 1684 1863 1752 γὰρ
1922 1685 1954 1751 ἡ

384 1777 583 1843 καρδία
606 1775 803 1841 αὑτῶν,
825 1776 919 1828 καὶ
934 1776 1057 1839 τοὺς
1079 1775 1389 1844 ὀφθαλμοὺς
1408 1775 1584 1827 αὐτῶν
1606 1774 1953 1843 ἐκάμμυσαν,

392 1837 491 1917 καὶ
518 1869 627 1926 τοῖς
656 1867 757 1917 ὠσὶ
791 1837 1012 1935 ’βαρέως
1040 1837 1052 1839 ⁷
1074 1837 1335 1934 ἥκουσαν.
1372 1884 1390 1916 ι
1450 1867 1558 1917 Καὶ
1617 1837 1869 1934 ἐτελέσθη
1924 1867 1956 1934 ὴ
1991 1837 2032 1889 Β

389 1958 719 2025 προφητεία.
753 1955 1303 2026 Θαυματουργοῦντος
1328 1956 1547 2022 καὶγὰρ
1576 1954 1667 2013 τοῦ
1696 1955 1955 2023 Χριστοῦ,

389 2050 711 2114 εὑρίσκοντο
762 2047 952 2117 ὥσπερ
1000 2047 1424 2115 τυφλώττοντες,
1474 2046 1569 2098 καὶ
1620 2046 1959 2108 διδάσκοντος

385 2138 709 2205 εὑρίσκοντο
737 2138 931 2203 κωφοὶ,
966 2135 1096 2188 ὡσεὶ
1123 2135 1289 2197 ἀσπὶς
1333 2135 1489 2202 κωφὴ
1521 2137 1612 2186 καὶ
1672 2135 1871 2203 βύουσσι
1892 2136 1960 2187 τὰ

382 2221 503 2280 ὦτα
526 2227 716 2296 αὐτῆς.
744 2229 859 2283 Καὶ
888 2228 967 2279 ὅτι
988 2227 1086 2295 μὲν
1104 2225 1255 2293 ἔλεγε
1279 2226 1412 2294 πρὸς
1434 2225 1627 2288 αὐτοὺς
1658 2228 1684 2278 6
1702 2226 1954 2294 Χριστὸς,

387 2321 468 2381 ὡς
507 2338 523 2369 ι
546 2318 608 2371 Εἰ
634 2319 823 2386 τυφλοὶ
852 2313 971 2386 ἦτε,
993 2319 1093 2370 οὐκ
1120 2317 1185 2369 ἂν
1217 2316 1366 2384 ἔχετε
1429 2295 1702 2385 ἁμαρτίαν
1722 2331 1735 2345 ·
1766 2316 1859 2366 νῦν
1904 2316 1959 2368 δέ

386 2410 577 2476 λέγετε
623 2410 703 2462 ὅτι
732 2409 1006 2477 Βλέπομεν
1032 2424 1047 2439 ο
1093 2408 1124 2475 ἡ
1162 2403 1253 2459 οῦν
1283 2405 1524 2475 ἁμαρτία
1548 2405 1699 2474 ὑμῶν
1734 2408 1902 2473 μένει.
1936 2426 1953 2455 ι

388 2504 505 2555 Καὶ
538 2499 777 2573 ἀλλαχοῦ
796 2498 954 2552 πάλιν
977 2500 1129 2565 ἐλεγε
1167 2514 1231 2550 πε
1241 2497 1295 2563 p‘t
1318 2497 1516 2561 αὑτῶν,
1549 2497 1627 2549 ὅτι
1651 2515 1667 2547 ι
1692 2497 1752 2549 Et
1779 2499 1840 2549 ἐκ
1868 2497 1958 2550 τοῦ

387 2588 931 2667 Θεοῦ,ἦτε,ὴγαπᾶτε
959 2592 1021 2643 ἂν
1049 2589 1168 2660 ἐμέ.
1196 2588 1396 2641 »Τοῦτο
1413 2588 1647 2640 τοιοῦτον
1670 2588 1933 2657 ἐνι.”ομω
1947 2610 1961 2651 λ

387 2682 567 2735 ταῦτα
597 2682 878 2744 ποιοῦντος
902 2682 992 2735 τοῦ
1026 2680 1285 2749 Χριστοῦ,
1320 2680 1548 2741 οὑδόλως
1576 2675 1736 2748 ἦλθον
1763 2681 1961 2733 ἐκεῖνοι

389 2774 473 2833 είς
499 2771 769 2840 αἴσθησιν,
796 2773 929 2825 ἀλλά
960 2770 1514 2847 ἐζήτουν-πρόφασιν,
1543 2772 1687 2832 ὅπως
1719 2752 1961 2824 θανατώ-

394 2881 564 2927 σωσιν
619 2864 801 2917 αὑτόν.
860 2864 997 2933 Περὶ
1032 2864 1089 2915 δὲ
1143 2865 1250 2914 τῶν
1301 2861 1588 2929 θαυμάτων
1654 2862 1840 2925 αὑτοῦ,
1890 2856 1963 2914 ὧν

387 2957 617 3027 ἐποίησε
644 2956 721 3025 τῷ
744 2957 889 3022 γένει
919 2958 1028 3008 τῶν
1098 2955 1383 3024 Ἐϐραίων,
1415 2956 1465 3005 τί
1517 2952 1619 3021 χρὴ
1646 2954 1739 3003 καὶ
1760 2950 1959 3027 λέγειν,

390 3051 638 3119 ἀπείρων
661 3049 828 3101 ὄντων
854 3049 946 3100 καὶ
974 3047 1393 3116 ἁναριθμήτων;
1422 3044 1611 3113 Ὅμως
1642 3045 1733 3095 καὶ
1756 3043 1963 3095 τούτων

389 3141 717 3208 γεγονότων,
740 3140 840 3191 οὑκ
862 3134 1022 3208 ἦλθον
1067 3139 1146 3199 είς
1180 3125 1430 3204 αἴσθησιν
1483 3134 1616 3196 ὅλως
1641 3135 1689 3185 ot
1744 3132 1961 3202 μάταιοι

391 3232 491 3286 καὶ
540 3230 964 3305 πεπλανημένοι,
996 3228 1131 3282 ἀλλά
1182 3228 1257 3297 τῷ
1288 3226 1465 3307 φθόνῳ
1512 3226 1624 3297 ¹καὶ
1678 3226 1742 3293 τῇ
1770 3223 1962 3299 κακίᾳ

392 3302 713 3389 νικώμενοι,
741 3319 967 3389 ἐζήτουν
996 3319 1160 3370 παντὶ
1190 3316 1376 3386 τρόπῳ
1401 3302 1501 3368 ’καὶ
1536 3314 1686 3389 πάσῃ
1747 3315 1959 3381 μηχανῇ

392 3415 547 3475 ὅπως
578 3412 829 3481 ἐγείρωσι
862 3410 1003 3464 κατὰ
1056 3406 1419 3479 τοῦηΧριστοῦ
1478 3406 1834 3475 κατηγορίαν,
1869 3407 1961 3455 καὶ

391 3498 866 3551 θανατώσωσιτδν
930 3496 1226 3567 εὐεργέτην
1282 3496 1481 3559 αὐτῶν,
1515 3494 1613 3545 καὶ
1651 3495 1749 3561 οὐχ
1808 3488 1962 3559 εὗρον

392 3587 665 3656 ἓτερον,ἢ
701 3589 781 3640 ὃτι
832 3587 1143 3656 βλασφημεῖ
1168 3580 1339 3647 οὗτος,
1376 3584 1547 3652 λέγων
1598 3570 1788 3637 ἐαυτὸν
1836 3584 1961 3636 Υἰὸν

394 3680 557 3742 Θεοῦ,
586 3681 678 3729 καὶ
700 3680 781 3730 ὅτι
812 3678 1093 3747 ἄνθρωπος
1120 3677 1193 3728 ὢν
1227 3678 1368 3728 ποιεῖ
1392 3676 1607 3729 ἐαυτὸν
1672 3675 1823 3729 Θεόν.
1848 3675 1963 3741 ,Καὶ

393 3770 490 3821 ὅτε
514 3770 708 3839 ἢκουον
736 3769 829 3821 τοῦ
850 3767 1083 3836 Χριστοῦ
1110 3768 1356 3834 λέγοντος
1376 3765 1508 3834 πρὸς
1536 3765 1660 3828 τοὺς
1679 3764 1960 3817 πιστεύον-

395 3876 499 3920 τας
528 3862 606 3920 είς
657 3858 837 3922 αὑτὸν,
873 3859 952 3909 ὅτι
1001 3874 1018 3907 ι
1064 3854 1360 3922 Ἀφέωνταί
1396 3871 1487 3906 σου
1520 3856 1573 3913 αἱ
1608 3854 1897 3922 ἁμαρτίαι,
1939 3878 1957 3906 ο

393 3948 610 4013 ἔλεγον,
658 3948 741 3998 ὅτι
775 3964 792 3996 ι
814 3947 946 3997 Τίνα
981 3945 1203 3996 σεαυτὸν
1239 3946 1434 4008 ποιεῖς,
1468 3942 1561 3995 καὶ
1602 3932 1695 4002 τίς
1745 3942 1963 3994 δύναται

395 4039 622 4104 ἀφιέναι
652 4036 921 4108 ἁμαρτίας
948 4035 1063 4088 ἀλλ’
1091 4034 1122 4103 ἦ
1152 4035 1310 4104 μόνος
1354 4037 1382 4086 6
1406 4034 1574 4101 656;;
1614 4051 1631 4085 ι
1669 4035 1777 4085 Καὶ
1808 4022 1966 4086 τοῦτο

386 4129 623 4203 ,ἀληθῶς
644 4128 826 4196 ἔλεγον
852 4129 900 4178 ot
961 4116 1226 4190 Ἰουδαῖοι,
1256 4125 1337 4177 ὃτι
1391 4122 1524 4175 Θεοῦ
1560 4125 1722 4193 μόνου
1759 4124 1871 4175 ἐστὶ
1905 4123 1965 4175 τὸ

398 4200 627 4295 ἀφιέναῖ
656 4221 946 4290 ἁμαρτίας.
980 4219 1090 4271 Καὶ
1116 4216 1221 4285 γὰρ
1244 4215 1560 4282 ἀγνοοῦντες
1594 4211 1837 4275 οίάθλιοι
1884 4212 1965 4263 ὅτι

402 4318 568 4379 αὑτός
608 4316 754 4367 ἐστιν
781 4315 808 4365 6
836 4308 956 4371 Υἱὸς
980 4310 1077 4369 τοῦ,
1097 4307 1230 4361 Θεοῦ
1263 4310 1290 4359 6
1312 4305 1566 4376 Χριστὸς,
1608 4304 1792 4369 ἔλεγον
1825 4303 1965 4371 ειπερ

398 4407 592 4473 ἔλεγον
612 4419 629 4438 ο
667 4423 685 4456 ι
717 4405 824 4457 Καὶ
854 4400 1136 4469 ἐσκοτίσθη
1169 4400 1202 4468 ἡ
1232 4399 1487 4459 ἀσύνετος
1543 4395 1720 4448 αὐτῶν
1745 4395 1964 4464 καρδία,

2060 608 2176 653 tum
2202 597 2475 663 viderent,
2502 596 2795 652 crederent
2843 596 2989 651 hunc
3023 596 3115 667 qui
3148 598 3364 666 propria
3418 597 3618 652 virtute

2058 696 2306 743 mortuos
2359 687 2727 763 excitavisset,
2766 688 2953 763 multo
3006 687 3177 756 magis
3213 696 3480 755 potestate
3522 703 3619 743 sua

2057 794 2215 834 suum
2276 779 2451 847 ipsius
2515 793 2717 849 corpus
2766 793 2883 833 esse
2946 780 3331 841 excitaturum.
3395 778 3621 863 Dicebat

2040 870 2205 945 enim
2226 871 2510 940 discipulis
2532 871 2647 924 suis
2661 869 2923 938 apostolis
2951 888 2962 921 :
2994 868 3202 923 (Nemo
3230 871 3362 925 tollit
3380 870 3619 923 animam

2058 978 2232 1017 meam
2274 979 2315 1035 ba
2351 977 2460 1018 me.
2496 963 2823 1016 Potestatem
2876 962 3047 1015 habeo
3100 962 3337 1031 ponendi
3388 976 3531 1024 eam,
3558 972 3620 1035 et

2059 1034 2386 1121 potestatem
2424 1050 2599 1104 habeo
2629 1049 2922 1120 recipiendi
2955 1064 3075 1104 eam
3103 1050 3165 1102 °°.
3203 1070 3219 1100 ι
3256 1049 3408 1116 Quod
3441 1034 3616 1104 tamcn

2057 1141 2287 1211 singulis
2342 1142 2536 1196 diebus
2590 1140 2945 1196 credentibus
3000 1140 3056 1194 in
3113 1141 3393 1194 Christum
3446 1142 3622 1195 turbis

2061 1234 2348 1309 hominum
2373 1234 2884 1296 innumerabilibus,
2908 1234 3194 1303 ipsumque
3232 1235 3402 1287 Deum
3432 1241 3485 1285 et
3526 1233 3619 1287 Dei

2062 1324 2260 1379 Filium
2292 1325 2706 1388 conﬁtentibus,
2732 1324 3040 1395 pontiﬁces,
3076 1324 3290 1386 scribae,
3340 1324 3619 1391 ethorum

2061 1415 2338 1484 principes
2387 1424 2577 1470 contra
2628 1415 2729 1469 Dei
2780 1413 3085 1478 doctrinam
3135 1414 3428 1475 instructi,
3495 1414 3623 1467 huic

2061 1516 2243 1561 essent
2273 1506 2692 1571 contradictori,
2721 1523 2788 1561 ex
2812 1508 2964 1560 lsaia:
2988 1505 3623 1577 pmphetiaprtedictuni

2060 1611 2198 1661 erat,
2230 1597 2324 1666 qui
2366 1598 2501 1673 dicit
2543 1613 2558 1649 :
2596 1617 2614 1647 ι
2653 1596 2850 1653 Oculos
2892 1598 3161 1651 habentes
3194 1612 3303 1650 non
3338 1596 3622 1658 videbunt,

2062 1700 2116 1743 et
2146 1703 2307 1743 aures
2357 1688 2623 1743 habentes
2673 1703 2779 1741 non
2826 1688 3087 1753 audient;
3152 1687 3515 1740 incrassatum
3543 1695 3628 1741 est

2061 1780 2207 1833 enim
2259 1794 2354 1833 cor
2383 1794 2595 1841 eorum,
2635 1787 2690 1833 et
2740 1780 2928 1832 oculos
2960 1778 3202 1847 ipsorum
3253 1778 3625 1839 occluserunt,

2064 1881 2120 1927 et
2150 1872 2379 1925 auribus
2411 1872 2697 1943 diﬂiculter
2729 1871 3057 1923 erudiverunt
3089 1870 3152 1922 “7.
3188 1868 3364 1935 iQuze
3394 1869 3631 1938 pmphe-

2064 1963 2135 2016 tia
2163 1964 2345 2017 omnis
2381 1961 2602 2035 impleta
2640 1970 2741 2016 est.
2764 1961 3031 2031 Miracula
3062 1961 3207 2031 enim
3241 1962 3435 2014 edente
3466 1958 3628 2015 Chri-

2063 2061 2171 2115 sto,
2221 2059 2478 2121 tanquam
2522 2053 2648 2115 (τίει-ἰ
2684 2062 3057 2122 apparuerunt
3090 2070 3103 2106 :
3137 2062 3193 2105 et
3233 2053 3335 2108 hoc
3374 2054 3627 2121 docente.

2066 2143 2247 2199 surdis
2280 2144 2505 2213 luerunt
2539 2144 2768 2208 similes,
2806 2144 2975 2199 instar
3000 2145 3207 2215 aspidis
3239 2146 3418 2200 surdze
3458 2156 3511 2199 et
3539 2148 3627 2200 ob-

2064 2234 2299 2287 turantis
2338 2250 2498 2288 aures
2533 2249 2677 2287 suas.
2729 2234 2797 2287 Et
2834 2243 2964 2288 tunc
3015 2236 3236 2303 quidem
3287 2237 3504 2290 diccbat
3560 2238 3625 2295 ad

2064 2322 2186 2377 illos
2214 2324 2466 2377 Christus
2510 2342 2521 2375 :
2559 2343 2576 2374 ι
2621 2324 2776 2389 Quod
2818 2324 2860 2382 si
2902 2325 3026 2378 ριεοῑ
3070 2326 3284 2388 essetis,
3322 2342 3429 2379 non
3464 2327 3626 2382 hahe-

2066 2416 2198 2468 retis
2222 2422 2545 2484 peceatum;
2580 2428 2725 2467 nunc
2761 2428 2891 2476 vero
2924 2414 3128 2478 dicitis,
3153 2414 3452 2480 Videmus;
3507 2432 3613 2483 pec-

2064 2516 2245 2561 catum
2293 2506 2455 2574 igitur
2506 2516 2747 2559 vestrum
2799 2505 2851 2557 in
2904 2504 3057 2559 vobis
3105 2514 3287 2559 manet
3318 2506 3381 2559 ⁵⁸.
3423 2525 3440 2557 ι
3491 2507 3626 2562 Tun:

2064 2600 2227 2652 etiam
2258 2598 2388 2652 alibi
2416 2598 2550 2650 dicit
2580 2596 2647 2650 de
2678 2596 2781 2650 illis
2822 2595 3111 2651 Christus:
3148 2615 3165 2646 ι
3207 2595 3262 2650 Si
3292 2612 3359 2652 ex
3395 2599 3504 2654 Deo
3544 2617 3628 2656 es-

2065 2689 2218 2753 setis,
2246 2688 2437 2757 utique
2465 2688 2763 2756 diligeretis
2794 2703 2879 2741 me
2907 2688 2973 2740 ⁸⁸.
3005 2706 3023 2738 ι
3049 2688 3417 2744 Nihilominus
3450 2700 3630 2746 tamen

2067 2780 2182 2834 hare
2214 2779 2439 2833 Christo
2484 2779 2739 2843 faciente,
2776 2778 3201 2847 haudquaquam
3244 2781 3309 2834 ad
3367 2784 3630 2852 cognitio.-

2066 2885 2189 2923 nem
2220 2879 2628 2939 pervenerunt;
2661 2870 2791 2938 quin
2823 2870 3004 2939 potius
3040 2871 3383 2925 occasionem
3423 2890 3632 2941 quaere-

2068 2962 2218 3023 bant,
2271 2975 2375 3029 qua
2406 2976 2532 3015 eum
2585 2960 2979 3017 interﬁcerent.
3013 2960 3118 3015 Sed
3159 2963 3287 3030 quid
3337 2965 3534 3017 attinet
3565 2965 3630 3018 de

2068 3053 2347 3106 miraculis
2377 3052 2568 3120 ipsius,
2616 3066 2737 3121 quae
2786 3052 2840 3105 in
2877 3052 3227 3107 Hebraeorum
3284 3064 3443 3123 gente
3478 3055 3625 3121 feeit,
3710 3084 3714 3088 -

2066 3140 2273 3205 dicere,
2321 3156 2444 3193 cum
2483 3140 2693 3194 inﬁnita
2746 3140 2854 3195 sint
2905 3151 2960 3195 et
3018 3143 3471 3196 innumerabilia?
3523 3146 3626 3199 Sed

2066 3247 2167 3286 nec
2201 3230 2307 3284 illis
2350 3231 2511 3284 editis
2564 3231 2631 3284 ad
2670 3231 3034 3300 COgnitionem
3090 3245 3456 3301 pervenerunt
3504 3238 3626 3289 vani

2065 3331 2120 3376 et
2152 3322 2455 3376 errabundi
2492 3320 2761 3386 homines,
2796 3337 2985 3375 verum
3029 3322 3233 3377 invidia
3281 3335 3337 3379 et
3370 3327 3630 3394 improbi—

2067 3422 2175 3477 tate
2208 3414 2337 3467 victi
2384 3414 2700 3481 quaerebant
2731 3413 2879 3466 omni
2935 3415 3095 3466 modo
3137 3423 3192 3467 et
3236 3425 3457 3481 conatu,
3490 3433 3627 3485 quo-

2065 3502 2226 3555 modo
2258 3503 2309 3555 in
2342 3500 2637 3578 Christum.
2668 3503 3073 3556 accusationem
3113 3504 3347 3571 aliquam
3382 3520 3624 3567 movere.

2037 3582 2353 3662 ipsumque
2385 3592 2787 3646 henefaetorem
2831 3607 2989 3645 suum
3032 3591 3339 3645 interﬁcere
3371 3604 3626 3660 possent;

2068 3698 2169 3736 nec
2224 3682 2386 3736 aliam
2443 3683 2797 3742 invenerunt,
2855 3697 3018 3750 quam
3068 3681 3217 3745 quod
3248 3681 3627 3751 blasphemum

2065 3776 2333 3839 dicerent,
2377 3776 2472 3845 qui
2518 3789 2577 3829 se
2607 3774 2832 3829 dixisset
2872 3773 2965 3827 Dei
3018 3772 3237 3839 Filium,
3282 3783 3337 3827 et
3367 3773 3460 3843 qui
3505 3786 3635 3827 cum

2068 3869 2232 3923 homo
2260 3873 2429 3931 esset,
2460 3881 2517 3920 se
2545 3865 2712 3918 Deum
2743 3879 2865 3918 esse
2897 3864 3196 3932 jactitaret.
3234 3864 3445 3917 Etcum
3476 3865 3632 3918 audi-

2066 3968 2191 4013 rent
2217 3957 2497 4011 Christum
2543 3955 2817 4010 dicentem
2861 3955 3215 4011 credentibus
3240 3955 3292 4009 in
3333 3970 3436 4010 se:
3478 3976 3497 4007 ι
3529 3957 3633 4011 Rc-

2068 4052 2359 4105 mittuntur
2378 4049 2472 4103 tibi
2495 4056 2711 4117 peccata
2738 4056 2826 4102 tua
2844 4047 2910 4111 7',
2941 4064 2959 4098 ›
2983 4046 3265 4100 dicebant:
3288 4064 3307 4095 ι
3332 4045 3628 4113 Quemnam

2070 4142 2303 4211 teipsum
2357 4139 2529 4194 facis?
2559 4157 2578 4190 ι
2620 4147 2676 4192 ct
2706 4154 2719 4192 :
2753 4156 2772 4190 ι
2801 4138 3061 4204 Quisnam
3120 4146 3301 4207 petest
3356 4138 3633 4191 remittere

2068 4239 2287 4299 peccata
2340 4239 2537 4299 praeter
2587 4230 2765 4283 solum
2817 4229 2985 4281 Deum
3008 4228 3121 4279 7"“?
3168 4246 3186 4279 ι
3233 4226 3296 4280 Ει
3341 4243 3469 4282 sane
3504 4242 3633 4283 vere

2069 4320 2329 4374 dixerunt
2356 4319 2551 4384 Judaei,
2584 4318 2729 4387 quod
2762 4319 2931 4371 solius
2965 4318 3060 4392 Dei
3091 4317 3163 4371 sit
3193 4325 3411 4395 peccata
3439 4319 3629 4371 remit-

2072 4422 2226 4476 tere;
2254 4427 2378 4465 nam
2412 4411 2726 4480 ignorantes
2749 4410 2805 4463 hi
2839 4408 3048 4472 miseri,
3081 4409 3225 4477 quod
3258 4408 3507 4463 Christus
3539 4410 3629 4483 Dei

401 4501 500 4551 καὶ
531 4495 911 4564 ὲτυφλώθησαν
942 4494 989 4544 οἱ
1025 4489 1290 4558 ὀφθαλμοὶ
1329 4487 1530 4551 αὐτῶν,
1584 4490 1678 4539 καὶ
1702 4486 1800 4539 οὑκ
1831 4482 1961 4538 εἶδον

2072 4510 2217 4557 esset
2244 4500 2438 4565 Filius,
2464 4515 2527 4553 ea
2571 4512 2690 4567 quae
2750 4498 2912 4553 modo
2942 4498 3202 4563 diximus,
3257 4499 3535 4564 dixerunt,
3570 4482 3637 4553 et.

399 4590 486 4641 ὅτι
519 4588 635 4639 κατ’
663 4586 907 4649 ἐξουσίαν
934 4587 1094 4646 ποιεῖ,
1120 4582 1217 4633 ὅσα
1264 4579 1355 4631 καὶ
1395 4581 1557 4633 ποιεῖ.
1609 4574 1701 4640 Εἷς
1727 4577 1833 4647 γὰρ
1863 4578 1970 4630 τῶν

409 4676 672 4749 μαθητῷν
738 4673 833 4725 τοῦ
892 4670 1128 4739 Χριστοῦ
1161 4671 1188 4721 6
1222 4668 1449 4737 Πέτρος,
1481 4663 1630 4727 ἐντὸς
1687 4663 1966 4734 πλοιαρίου

402 4769 810 4839 εὑρισκόμενος,
865 4765 957 4816 καὶ
1017 4760 1142 4813 ἰδὼν
1188 4761 1275 4812 τὸν
1340 4756 1600 4827 Χριστὸν,
1665 4750 1784 4807 εἷπε
1835 4755 1969 4823 πρὸς

402 4860 587 4924 αὑτὸν,
623 4856 937 4925 (Κελευσόν
966 4869 1031 4923 με
1061 4851 1193 4922 πρὸς
1230 4848 1289 4901 σὲ
1315 4849 1488 4901 ἐλθεῖν
1520 4846 1612 4898 ἐπὶ
1651 4846 1719 4899 τὰ
1744 4846 1959 4900 ὕδατα.»

403 4955 517 5008 Καὶ
548 4951 849 5021 ὁΧριστὸςι
868 4948 1002 5018 πρὸς
1047 4944 1226 5009 αὑτὸν,
1272 4961 1290 4993 ι
1328 4939 1503 4994 Ἐλθέ.
1574 4939 1685 4993 Καὶ
1734 4937 1963 5002 ἐξελθὼν

403 5049 514 5101 ἀπὸ
576 5045 668 5097 τοῦ
732 5041 941 5104 πλοίου,
1011 5034 1392 5106 περιπατήσας
1422 5032 1517 5084 ἐπὶ
1577 5032 1683 5083 τῶν
1737 5030 1964 5096 ὑδάτων,

404 5142 647 5212 ἀπῆλθεν
676 5140 752 5200 ei;
789 5136 968 5188 αὑτόν.
1003 5151 1021 5184 ι
1059 5130 1261 5182 Τούτου
1295 5125 1423 5194 γοῦν
1458 5124 1761 5193 γεγονότος,
1790 5124 1840 5176 τί
1862 5124 1968 5175 ἔδει

404 5237 533 5289 ἄλλο
550 5236 742 5294 αὑτοὺς
764 5231 975 5299 νοῆσαι,
997 5226 1030 5295 ἢ
1054 5226 1135 5278 ὅτι
1164 5220 1321 5282 αὑτός
1348 5221 1492 5270 ἐστιν
1511 5218 1539 5269 6
1566 5215 1661 5286 τὴν
1696 5214 1964 5293 Ἐρυθρὰν

401 5325 678 5395 διατεμὼν
729 5322 1025 5381 θάλασσαν,
1070 5318 1164 5368 καὶ
1213 5310 1529 5369 διαὸιὸἀσας
1560 5309 1685 5370 τοὺς
1724 5309 1966 5376 πατέρας

402 5413 583 5469 αὐτῶν
610 5414 699 5463 ἐπὶ
728 5409 829 5477 τῆς
855 5406 1043 5477 ξηρᾶς,
1070 5404 1098 5454 ὁ
1123 5402 1264 5453 κατὰ
1300 5402 1360 5451 τὸ
1385 5400 1555 5468 παρὸν
1589 5400 1817 5465 ποιήσας
1867 5396 1967 5464 τὴν

402 5506 580 5574 ὑγρὰν
611 5504 771 5572 φύσιν
803 5499 911 5553 τῶν
937 5499 1140 5551 ὑδάτων
1166 5495 1352 5560 ὥσπερ
1393 5489 1563 5557 ξηρὰν
1594 5490 1693 5558 γῆν
1721 5486 1797 5557 τῷ
1828 5489 1967 5556 λόγῳ

403 5601 504 5653 καὶ
569 5598 647 5668 τῷ
706 5596 1084 5668 προστάγματι
1143 5587 1339 5650 αὑτοῦ;
1405 5582 1549 5636 Ἀλλ’
1582 5583 1701 5667 δσον
1768 5582 1966 5651 μᾶλλον

2074 4591 2487 4646 obtcnebratum
2521 4600 2606 4644 est
2663 4587 2981 4658 imprudens
3026 4604 3120 4643 cor
3164 4589 3426 4659 ipsorum,
3455 4599 3510 4643 et
3540 4592 3637 4644 ob-

2073 4682 2258 4737 caecati
2289 4690 2417 4735 sunt
2447 4678 2591 4735 oculi
2631 4678 2896 4749 ipsorum,
2929 4692 3033 4734 nee
3058 4678 3312 4733 viderunt
3339 4680 3482 4748 quod
3508 4695 3633 4733 cum

2072 4773 2401 4828 auctoritate
2424 4772 2539 4826 haec
2567 4771 2794 4834 faceret,
2827 4784 3169 4840 quaecunque
3198 4769 3453 4824 faciebat.
3485 4768 3637 4822 Unus

2071 4863 2218 4917 enim
2251 4862 2644 4932 discipulorum
2693 4860 2896 4915 Christi
2942 4860 3160 4924 Petrus,
3211 4874 3335 4913 cum
3398 4858 3453 4910 in
3507 4859 3631 4909 navi

2071 4964 2236 5017 esset,
2272 4952 2493 5010 Christo
2534 4953 2651 5006 viso
2690 4950 2826 5006 dixit
2863 4966 2876 5004 :
2910 4968 2928 4999 ι
2969 4949 3108 5003 Jube
3135 4964 3222 5002 me
3250 4948 3317 5001 ad
3354 4956 3404 5001 te
3444 4946 3631 4999 venire

2072 5057 2238 5110 super
2275 5055 2492 5109 ‘aquas.
2557 5058 2575 5089 ι
2628 5038 2695 5091 Et
2748 5037 2885 5090 dixit
2938 5037 3011 5089 illi
3067 5036 3318 5090 Christus
3365 5052 3377 5088 :
3420 5052 3437 5084 ι
3475 5033 3631 5087 Veni.

2076 5130 2174 5185 llic
2219 5140 2401 5183 autem
2440 5128 2619 5182 navim
2665 5141 2937 5195 egressus.
2987 5124 3147 5194 aquis
3182 5122 3527 5177 inambulans
3567 5124 3631 5175 ad

2075 5223 2251 5291 ipsum
2282 5204 2455 5272 venit.
2488 5237 2503 5268 ι
2536 5217 2648 5271 Hoc
2678 5231 2803 5269 eum
2831 5216 3170 5285 contigisset,
3193 5213 3449 5284 quidnam
3484 5212 3630 5266 aliud

2074 5309 2196 5363 illos
2221 5306 2459 5377 cogitare
2508 5305 2816 5373 oportebat,
2844 5319 3007 5374 quam
3049 5305 3195 5373 quod
3252 5304 3395 5359 idetn
3434 5302 3521 5357 ille
3551 5316 3633 5355 es-

2073 5407 2180 5464 set,
2214 5401 2308 5469 qui
2352 5410 2497 5451 mare
2540 5397 3177 5471 Rubrum‘dissecuerat,
3213 5403 3269 5449 et
3297 5404 3482 5464 patres
3514 5392 3635 5446 illo-

2076 5507 2194 5544 rum
2230 5489 2377 5543 siceo
2411 5489 2723 5542 traduxerat
2757 5488 2915 5556 pede,
2942 5488 3032 5558 qui
3066 5474 3230 5542 etiam
3272 5503 3418 5541 nunc
3455 5485 3635 5538 humi-

2073 5583 2199 5637 dam
2229 5588 2422 5635 natura
2474 5580 2758 5633 materiam
2804 5593 3071 5648 aquarum
3103 5578 3274 5632 instar
3303 5576 3469 5631 arida:
3503 5571 3639 5628 soli—

478 5767 525 5799 “
558 5762 714 5820 Σοου.
741 5758 999 5828 ξ,17,18.
1076 5756 1242 5811 ".Isa.
1269 5771 1343 5817 vr,
1378 5754 1431 5820 9,
1461 5754 1549 5809 lO.
1623 5750 1845 5807 “Joan.
1880 5765 1961 5815 lx,

2119 5747 2162 5779 °’
2194 5745 2350 5803 Joan.
2386 5755 2505 5809 vui,
2545 5741 2630 5796 ιε.
2706 5741 2750 5773 ⁷ο
2775 5738 2913 5793 lbid.
2948 5737 3035 5792 55.
3108 5734 3153 5768 ⁷⁸
3184 5734 3369 5788 Matth.
3402 5748 3511 5798 xiv,
3539 5732 3632 5787 28.

690 5865 939 5923 PATROI.
1003 5859 1119 5917 Gn.
1166 5853 1362 5914 CLIV.

3195 5833 3270 5893 15
