3970 6212
414 395 524 459 459
1595 393 1913 453 JOANNlS
1954 391 2475 453 CANTACUZENI
3230 370 3231 373 γ
3510 391 3607 459 eo

414 511 537 565 dam
568 508 686 562 solo
716 505 884 561 verbo
913 514 969 560 et
1003 504 1256 587 mandatho
1295 521 1394 564 suo
1434 505 1677 562 fecerat?
1710 506 1813 561 Sed
1869 520 1978 575 quo

2092 502 2223 575 ἦσαν
2248 506 2573 576 θεωροῦντες
2629 506 2693 560 τὰ
2726 504 2950 560 τοιαῦτα
2988 505 3259 576 θαύματα,
3288 506 3519 562 τοσοῦτον
3541 512 3608 579 τῷ

412 602 573 670 plura
612 600 697 655 his
726 596 922 653 similia
967 594 1231 651 miracula
1256 611 1438 651 coram
1469 597 1675 661 vident,
1712 612 1778 650 eo
1810 595 1979 665 magis

413 692 494 744 ira
527 698 581 743 et
610 689 793 743 furore
827 686 1250 741 tumultuantur.
1274 685 1480 741 Deinde
1513 692 1835 756 tempestate
1860 696 1980 738 orta

411 780 727 838 vehementi
761 778 924 832 simul
953 788 1007 833 et
1038 792 1231 847 magna
1269 778 1321 831 in
1355 778 1513 852 mari,
1536 778 1676 832 adeo
1703 787 1763 832 ut
1802 778 1979 840 navis,

411 871 465 924 in
494 886 598 939 qua
630 879 788 925 erant
814 868 1015 924 Christi
1035 869 1680 938 discipuli,obtegcretur
1701 868 1980 931 ﬂuctibus,

413 975 609 1030 magna
650 975 783 1014 voce
843 960 943 1028 ipsi
975 959 1425 1013 exclamaverunt
1454 959 1743 1013 dicentes:
1775 977 1794 1011 ι
1826 958 1979 1023 Jesu,

414 1064 570 1104 serva
613 1065 734 1111 nos,
771 1050 1036 1118 perimus.
1088 1066 1109 1101 ι
1166 1048 1420 1103 Christus
1463 1060 1646 1104 autem
1699 1049 1802 1119 ipsi
1844 1049 1980 1103 mari

415 1140 707 1201 imperiose
726 1140 961 1194 simulet
980 1154 1104 1194 cum
1125 1140 1446 1195 auctoritate
1463 1141 1709 1211 praecipit
1728 1157 1742 1195 :
1772 1159 1790 1192 ι
1815 1141 1982 1205 Tace,

414 1232 757 1292 obmutesce,
801 1247 818 1280 ι
854 1237 909 1282 et
951 1230 1134 1282 statim
1188 1229 1327 1283 facta
1361 1241 1444 1284 est
1478 1231 1840 1300 tranquillitas
1870 1246 1986 1286 ma-

414 1337 539 1389 gna.
596 1320 767 1374 Judaei
826 1321 1007 1388 itaque
1059 1320 1173 1373 viso
1221 1320 1326 1376 hoc
1378 1321 1659 1390 inopinato
1714 1324 1982 1379 miraculo

418 1411 657 1474 attoniti,
692 1426 883 1479 magna
908 1426 1038 1465 voce
1080 1412 1457 1467 clamaverunt
1489 1429 1503 1465 :
1542 1432 1558 1462 α
1592 1413 1723 1478 Quis
1754 1423 1838 1468 Cal
1870 1415 1980 1479 hic,

419 1502 565 1570 quod
613 1510 669 1555 et
694 1503 860 1569 ‘venti
909 1510 964 1556 et
1012 1498 1160 1555 inare
1198 1503 1273 1556 illi
1319 1502 1693 1557 obediunt'“?
1726 1523 1743 1555 ι
1782 1505 1980 1559 Verum

421 1604 602 1645 tamen
632 1592 894 1646 miracula
931 1592 1191 1646 viderunt
1235 1592 1468 1656 inﬁnita,
1513 1602 1568 1648 et
1600 1604 1853 1649 naturam
1902 1610 1986 1648 re-

418 1699 541 1736 rum
570 1687 990 1751 exsuperantia;
1027 1683 1130 1751 ipsi
1157 1698 1288 1737 vero
1314 1698 1539 1752 prorsus
1579 1685 1985 1755 ineorrigibiles

417 1782 842 1842 permanserunt
880 1789 894 1825 :
931 1772 1074 1826 unde
1115 1781 1169 1827 et
1214 1772 1465 1827 Christus
1504 1775 1570 1828 ad
1622 1775 1769 1843 ipsos
1800 1778 1930 1831 dicit
1968 1793 1981 1829 :

2085 599 2242 669 θυμῷ
2280 598 2635 668 ἠνωχλοῦντο.
2664 599 2783 652 Ἔτι
2814 599 3079 661 κλύδωνος
3106 599 3373 668 γεγονότος
3405 601 3608 672 σφοδροῦ

2082 692 2176 742 καὶ
2219 691 2453 757 μεγάλου
2491 692 2548 742 ὲν
2580 693 2645 758 τῇ
2702 690 2966 760 Θαλάσσῃ,
2997 689 3135 742 ὥστε
3188 690 3533 744 καλύπτεσθαι
3563 693 3610 744 τδ

2084 779 2283 844 πλοῖον,
2324 781 2381 832 ἐν
2406 774 2448 847 ᾧ
2480 776 2616 851 ἦσαν
2642 784 2687 835 οἱ
2711 783 2800 835 τοῦ
2833 784 3070 852 Χριστοῦ
3108 786 3364 853 μαθηταὶ,
3399 786 3496 840 ὑπὸ
3521 788 3614 840 τῶν

2084 873 2366 940 κυμάτων,
2396 872 2633 943 ἔκραξαν
2660 868 2803 926 οῦτοι
2837 876 3044 947 μεγάλῃ
3085 866 3147 946 τῇ
3180 881 3348 947 φωνῇ,
3372 878 3612 945 λέγοντες.

2090 979 2109 1012 ι
2151 959 2349 1028 Ἰησοῦ,
2384 962 2556 1013 σῶσον
2590 963 2737 1031 ἡμᾶς
2757 978 2773 994 ο
2795 963 3165 1034 ἀπολλύμεθα.
3194 984 3211 1016 ι
3246 965 3615 1035 ΚαὶὸΧριστὸς

2082 1049 2232 1115 λέγει
2258 1052 2323 1119 τῇ
2357 1049 2602 1120 Θαλάσσῃ
2633 1049 2963 1115 δεσποτικῶς
3014 1051 3155 1105 οὕτω
3186 1053 3278 1106 καὶ
3296 1053 3617 1118 ὲξουσιωδῶς,

2089 1159 2107 1190 ι
2145 1139 2356 1205 Σιώπα,
2414 1142 2740 1210 πεφίμωσο’
2772 1160 2792 1194 ι
2823 1140 2914 1194 καί
2968 1140 3126 1205 εὐθὺς
3177 1143 3390 1211 ἐγένετο
3436 1144 3619 1213 γαλήνη

2089 1230 2339 1300 μεγάλη.
2396 1234 2458 1285 Οἱ
2516 1232 2692 1284 τοίνυν
2757 1231 2996 1285 Ἰουδαῖοι
3048 1233 3250 1296 ίδόντες
3295 1234 3353 1287 τὸ
3411 1235 3621 1286 τοιοὶτον

2088 1322 2387 1390 παράδοξον
2416 1323 2627 1391 θαῦμα,
2653 1327 2743 1377 καὶ
2768 1322 3154 1389 ἐκπλαγέντες,
3184 1323 3412 1390 ἔκραξαν
3439 1322 3622 1392 μεγάλῃ

2082 1416 2149 1483 τῇ
2183 1417 2332 1484 φωνῇ
2386 1414 2479 1467 καὶ
2517 1410 2692 1479 είπον,
2727 1434 2745 1467 ι
2788 1416 2830 1468 Τ
2840 1416 2885 1478 ίς
2918 1418 3064 1469 ἐστιν
3116 1410 3285 1481 οὗτος,
3326 1416 3402 1467 ὅτι
3454 1418 3555 1478 καὶ,
3581 1418 3621 1466 oi

2085 1507 2273 1575 ἄνεμοι
2299 1506 2391 1559 καὶ
2425 1507 2458 1575 ή
2510 1506 2753 1585 θάλασσα
2815 1510 3183 1561 ὑπακούουσιν
3217 1508 3388 1577 αύτῷς
3425 1526 3441 1559 ι
3486 1506 3623 1560 Ἀλλὰ

2085 1598 2285 1677 τὰμὲν
2310 1599 2564 1668 θαύματα
2598 1600 2659 1652 τὰ
2688 1602 2887 1677 ἄπειρα
2916 1601 3146 1652 ἔϐλεπον
3172 1598 3263 1652 καὶ
3304 1598 3435 1668 ὑπὲρ
3461 1599 3621 1666 φύσιν,

2086 1692 2281 1742 ἐκεῖνοι
2314 1690 2369 1742 δὲ
2404 1690 2595 1759 ἔμενον
2622 1691 2897 1753 παντελῶς
2920 1690 3256 1760 ἀδιόρθωτοι.
3279 1692 3369 1744 Διά
3386 1709 3460 1744 τοι
3487 1691 3633 1744 τοῦτο·

2046 1818 2056 1823 -
2088 1781 2183 1833 καὶ
2212 1783 2238 1832 ὁ
2272 1780 2507 1851 Χριστὸς
2569 1780 2720 1848 ἔλεγε
2752 1781 2889 1849 πρὸς
2957 1783 3176 1846 αὐτοὺς,
3240 1801 3258 1832 ι
3304 1783 3437 1847 Ἐγώ
3468 1786 3569 1852 εἰμι
3596 1784 3622 1849 ἡ

424 1885 443 1915 ‹
474 1864 584 1933 Ego
639 1880 759 1918 sum
797 1865 998 1917 ostium
1028 1864 1098 1917 τ’.
1140 1884 1157 1915 ι
1194 1865 1261 1918 Ει
1293 1865 1421 1919 alibi
1467 1884 1481 1921 :
1514 1865 1625 1935 Ego
1653 1883 1770 1920 sum
1804 1868 1891 1923 via
1919 1870 1986 1922 ⁷⁸.

2094 1866 2232 1936 θύρα
2255 1884 2270 1899 ο
2299 1886 2316 1920 ι
2380 1867 2473 1921 καὶ
2532 1867 2792 1937 ἀλλαχοῦ,
2859 1887 2877 1920 ι
2910 1868 3049 1937 Ἐγώ
3084 1872 3203 1938 εἰμι
3253 1872 3285 1939 ἡ
3322 1870 3463 1932 ὁδόςο
3496 1887 3511 1920 ι
3546 1871 3625 1951 καὶ

417 1957 631 2011 Rursus
667 1957 793 2009 alibi
822 1972 835 2008 :
870 1975 887 2007 ς
928 1954 1040 2025 Ego
1083 1971 1202 2010 sum
1234 1956 1435 2011 veritas
1458 1957 1521 2011 ".
1590 1958 1742 2023 Quod
1775 1959 1818 2012 si
1854 1959 1988 2013 mihi

415 2062 525 2101 non
581 2045 837 2108 creditis,
914 2045 999 2100 vel
1071 2046 1329 2115 operibus
1392 2047 1719 2101 credite”.
1786 2065 1805 2099 ι
1865 2046 1989 2102 Haec

416 2150 549 2190 vero
600 2135 853 2191 Christus
908 2135 1067 2199 dixit,
1128 2143 1189 2189 ut
1240 2136 1333 2205 qui
1381 2133 1649 2190 obcaecati
1688 2148 1847 2190 erant
1894 2136 1990 2190 Ju-

417 2225 567 2291 daei,
637 2235 1034 2294 cognoscerent
1111 2224 1258 2293 quod
1334 2224 1517 2277 nullus
1590 2224 1986 2293 prophetarum

415 2326 474 2371 et
528 2330 847 2370 sanctorum
912 2322 1059 2369 tanta
1127 2330 1252 2371 cum
1309 2313 1637 2369 auctoritate
1706 2330 1989 2368 sermones

418 2422 569 2472 suos,
632 2414 693 2461 ut
760 2405 1051 2471 Dominus,
1108 2407 1415 2483 protulerit,
1468 2406 1562 2461 sed
1616 2407 1824 2476 seipsos
1876 2421 1991 2460 scr-

416 2515 517 2552 vos
553 2505 609 2553 ct
633 2497 917 2551 ministros
963 2512 1083 2551 esse
1124 2497 1510 2553 ostenderunt.
1571 2496 1827 2553 Christus
1858 2513 1989 2551 vero

418 2607 529 2645 non
558 2592 658 2656 sic,
724 2591 818 2644 sed
865 2605 967 2645 ceu
1014 2590 1278 2647 Dominus
1311 2599 1365 2644 et
1422 2592 1675 2660 princeps
1727 2602 1990 2645 creaturae

418 2697 544 2737 cum
567 2679 891 2735 auctoritate
923 2679 1061 2733 dixit
1089 2688 1144 2733 et
1190 2679 1321 2733 fecit
1349 2681 1531 2733 omnia
1565 2681 1737 2733 instar
1777 2680 1893 2734 Dei.
1925 2678 1990 2733 Et

420 2787 552 2828 sane
586 2786 649 2825 ex
680 2770 882 2840 populo
925 2779 979 2824 ct
1024 2769 1200 2823 turbis
1248 2784 1442 2837 magna
1484 2769 1769 2822 hominum
1803 2770 1987 2823 multi-

422 2864 554 2918 tudo
585 2864 637 2917 in
680 2863 831 2915 illum
870 2860 1141 2925 credidit;
1174 2876 1238 2915 ex
1296 2859 1492 2915 scribis
1517 2875 1667 2924 vero,
1700 2859 1989 2915 Pharismis

422 2967 477 3009 ιιι
511 2952 853 3024 principibus
883 2951 1043 3022 pauci
1064 2961 1119 3005 et
1150 2949 1337 3005 faciles
1358 2959 1664 3005 numeratu.
1701 2949 1794 3005 llis
1823 2952 1989 3022 igitur

421 3047 503 3103 sic
523 3045 809 3108 absolutis,
839 3053 892 3098 et
923 3042 1087 3096 tantis
1120 3041 1459 3111 infinitisque
1491 3042 1654 3096 editis
1688 3042 1983 3107 miraculis,

422 3148 586 3206 atque
613 3136 863 3191 doctrina
890 3150 1018 3189 vera
1056 3149 1152 3203 per
1202 3145 1314 3189 tres
1343 3148 1515 3187 annos
1546 3135 1841 3189 continuos
1877 3133 1988 3188 sin-

2089 1954 2243 2019 αὖθις
2300 1957 2553 2027 ἀλλαχοῦ,
2596 1976 2614 2009 ι
2657 1957 2798 2022 Ἐγώ
2841 1959 2954 2027 είμι
2988 1960 3021 2027 ἡ
3076 1960 3338 2029 ἀλήθειαν
3368 1981 3383 2010 ι
3423 1962 3527 2022 καῖ,
3556 1961 3625 2012 ὅτι

2094 2064 2110 2096 ι
2134 2046 2251 2097 Κᾶν
2298 2046 2421 2115 ἐμοὶ
2460 2047 2535 2115 μὴ
2583 2046 2894 2115 πιστεύητε,
2931 2050 3043 2110 τοῖς
3072 2048 3258 2119 ἔργοις
3288 2049 3573 2101 πιστεύετε.
3605 2068 3621 2099 ι

2089 2136 2277 2190 Ταῦτα
2316 2136 2370 2188 δὲ
2420 2135 2604 2204 ἔλεγεν
2630 2139 2657 2190 ὁ
2686 2137 2942 2206 Χριστὸς,
2976 2138 3062 2190 ἴνα
3109 2139 3314 2204 γνῶσιν
3366 2141 3410 2191 οἱ
3443 2142 3628 2190 ὲσκοτι-

2091 2224 2276 2292 σμένοι
2318 2224 2559 2277 Ἰουδαῖοι
2587 2225 2666 2277 ὅτι
2728 2225 2904 2287 οὐδεὶς
2964 2226 3072 2277 τῶν
3140 2226 3426 2297 προφητῶν
3476 2225 3628 2294 ῆτῶν

2088 2316 2257 2383 ἁγίων
2284 2311 2406 2368 εἶπέ
2439 2332 2565 2368 ποτε
2601 2315 2790 2382 λόγους
2814 2316 3253 2380 ὲξουσιαστικοίις
3273 2318 3343 2379 ὼς
3362 2317 3627 2386 Δεσπότης,

2089 2408 2202 2461 ἀλλ’
2242 2407 2512 2461 ἐδείκνυον
2542 2408 2767 2469 ἑαυτοὺς
2799 2408 3014 2470 δούλους
3038 2408 3133 2477 καλ.
3157 2408 3426 2478 ὑπηρέτας
3459 2407 3626 2461 αὐτοῦ’

2088 2501 2116 2553 ὀ
2154 2499 2450 2566 δὲΧριστδς
2469 2498 2564 2565 οὐχ
2600 2496 2790 2561 οῦτως,
2815 2495 2927 2550 ἀλλ’
2943 2496 3017 2558 ὡς
3043 2497 3322 2566 Δεσπότης
3344 2496 3430 2547 καὶ
3450 2496 3629 2565 Κύριος

2088 2589 2183 2657 τῆς
2218 2589 2440 2649 κτίσεως
2468 2588 2642 2654 ἔλεγε,
2669 2587 2763 2638 καὶ
2796 2584 3032 2655 ἔπραττε
3093 2589 3220 2640 κατ’
3277 2585 3507 2651 ἐξουσίαν
3560 2584 3631 2645 ὡς

2088 2681 2240 2743 Θεός.
2268 2681 2371 2733 Καὶ
2398 2680 2504 2731 ἀπὺ
2536 2678 2634 2747 μὲν
2669 2677 2759 2730 τοῦ
2789 2678 2946 2747 ὄχλου
2981 2677 3073 2731 καὶ
3094 2676 3189 2731 τοῦ
3218 2676 3341 2729 λαοῦ
3379 2676 3628 2728 ἐπίστευον
3716 2673 3721 2677 ’

2092 2770 2269 2840 πλήθη
2334 2770 2505 2821 πολλὰ
2566 2769 2656 2820 καὶ
2692 2768 2892 2838 ἄπειρα
2945 2769 3024 2830 εἰς
3051 2767 3236 2832 αὐτὸν,
3287 2767 3390 2820 ἀπὸ
3441 2766 3491 2819 δὲ
3537 2763 3630 2817 τῶν

2090 2859 2462 2931 γραμματέων
2489 2859 2582 2911 καὶ
2611 2858 2919 2928 Φαρισαίων
2954 2858 3045 2910 καὶ
3066 2859 3179 2911 τῶν
3197 2858 3462 2928 ἀρχόντων
3482 2854 3632 2922 ὀλίγοι

2090 2951 2183 3003 καὶ
2235 2949 2613 3020 εὐαρίθμητοι.
2650 2947 2866 3000 Τούτων
2917 2947 3048 3015 γοῦν
3105 2947 3252 3000 οὕτω
3305 2944 3629 3013 τελουμένων,

2092 3041 2186 3091 καὶ
2244 3036 2514 3089 τοσούτων
2568 3035 2811 3105 ἀπείρων
2879 3034 3179 3104 θαυμάτων
3239 3033 3630 3103 ἐνεργουμένων,

2092 3130 2188 3183 καὶ
2216 3128 2340 3181 καθ’
2374 3126 2610 3196 ἑκάστην
2644 3126 2857 3194 ἡμέραν
2914 3124 3231 3185 ἁδιακόπως
3258 3124 3475 3193 χρόνους
3500 3122 3630 3187 τρεῖς

422 3200 565 3298 guiis
599 3228 793 3281 dit-bus
835 3242 930 3295 per
971 3200 1249 3279 Christum
1301 3223 1639 3288 annuntiata,
1675 3222 1987 3292 proferente

2092 3220 2429 3291 λαλουμένης
2461 3216 2806 3280 διδασκαλίας
2863 3216 3012 3284 παρά
3030 3215 3125 3268 τοῦ
3161 3213 3417 3285 Χριστοῦ,
3449 3212 3531 3266 καὶ
3558 3211 3637 3263 ποί

423 3319 592 3374 etiam
653 3317 746 3371 illo
791 3329 1187 3383 nonnunquam
1229 3312 1622 3383 prOphetarum
1679 3313 1992 3367 testimonia

425 3412 560 3465 (non
585 3408 730 3479 quod
756 3406 1080 3462 testimoniis
1108 3405 1337 3459 aliorum
1368 3404 1437 3459 de
1469 3420 1527 3460 se
1555 3404 1843 3475 indigeret,
1896 3402 1992 3458 sed

425 3507 650 3571 propter
669 3495 1103 3551 incredulitatem
1125 3494 1504 3549 ctJudazorum
1520 3495 1688 3549 animi
1707 3492 1989 3559 duritiam,

426 3602 542 3647 tum
577 3588 814 3657 denique
854 3597 1075 3656 propter
1099 3586 1385 3640 hominum
1416 3585 1834 3654 inﬁrmitatem},
1860 3600 1999 3639 non-

428 3696 707 3752 nunquam
727 3680 890 3733 etiam
916 3679 1018 3732 nde
1045 3680 1249 3733 citante
1275 3676 1644 3730 Abrahamum
1668 3686 1759 3730 aut
1784 3674 1989 3738 Mosen,

378 3758 390 3770 ’
426 3771 683 3842 inprimis
718 3784 848 3824 vero
890 3769 1058 3822 Deum
1104 3753 1277 3834 ipsum
1312 3766 1526 3820 Patrem
1574 3781 1754 3829 suum,
1793 3763 1996 3819 Judzeis

427 3876 614 3920 autem
650 3861 1015 3916 nihilominus
1037 3856 1326 3911 incurabili
1370 3856 1559 3909 morbo
1589 3856 1730 3909 circa
1764 3854 1880 3907 [nec
1906 3855 1990 3907 la-

428 3952 767 4015 borantibus,
791 3962 889 4003 nec
902 3947 1178 4017 propriam
1198 3945 1415 3999 illorum
1437 3945 1665 3997 salutem
1686 3928 1997 4002 volentibus

430 4048 736 4107 admittere,
770 4042 976 4095 relictis
1005 4038 1091 4091 his
1110 4037 1366 4091 Christus
1411 4050 1473 4087 ea
1504 4049 1624 4103 qum
1656 4034 1721 4086 ad
1775 4033 1996 4086 univer-

430 4141 599 4193 salem
632 4134 802 4188 totius
828 4130 1014 4185 mundi
1045 4128 1273 4183 salutem
1316 4125 1525 4180 faciunt
1551 4140 1711 4194 agere
1737 4123 1903 4191 carpit
1940 4132 1997 4178 et

429 4230 612 4284 dicere
631 4224 914 4293 discipulis
946 4222 1058 4275 suis
1083 4235 1331 4288 quaenam
1370 4218 1445 4271 illi
1479 4226 1665 4271 essent
1688 4223 1950 4269 eventura
1980 4232 1993 4266 :

435 4338 455 4371 ι
494 4318 632 4373 Ecce
660 4315 824 4377 enim,
864 4312 1056 4381 inquit,
1095 4309 1441 4363 ascendimus
1468 4305 1917 4375 Hierosolymam,
1945 4312 2002 4357 et

438 4410 608 4464 Filius
626 4405 863 4460 hominis
908 4403 1152 4457 tradetur
1175 4398 1518 4469 principibus
1546 4396 1891 4450 sacerdotum
1945 4405 2002 4447 et

2098 3315 2197 3383 μὲν
2234 3312 2489 3382 φέροντος
2517 3309 2679 3362 αὑτοῦ
2718 3308 3024 3377 μαρτυρίας
3058 3310 3142 3369 είς
3182 3308 3345 3376 μέσον
3395 3304 3495 3357 ἀπὸ
3542 3302 3636 3353 τῶν

2096 3402 2411 3475 προφητῶν,
2445 3402 2544 3469 οὐχ
2570 3401 2646 3464 ὠς
2675 3400 2864 3471 χρείαν
2884 3399 3097 3469 ἔχοντος
3121 3399 3326 3476 ἑτέρων
3364 3393 3636 3465 μαρτυρέας

2044 3534 2051 3539 ι
2096 3495 2235 3566 ὑπὲρ
2261 3493 2447 3553 αὑτοῦ.
2477 3490 2613 3544 Θεοῦ
2651 3490 2823 3554 ὄντος,
2847 3488 3096 3542 ἀλλάσδιά
3125 3491 3230 3558 τὴν
3276 3486 3517 3541 ἀπιστίαν
3557 3481 3639 3535 καὶ

2098 3580 2533 3651 σκληροκαρδίαν
2561 3578 2675 3632 ,τῶν
2723 3576 3012 3642 Ἰουδαίων,
3041 3576 3123 3629 ετι
3156 3577 3214 3630 δὲ
3240 3579 3329 3631 καὶ
3384 3574 3637 3628 ἀσθένεναν

2095 3674 2203 3728 τῶν
2257 3673 2580 3741 ἀνθρώπων,
2615 3673 2707 3723 ποῖ
2740 3654 3091 3738 δὲηφέροντος
3143 3669 3235 3721 τόν
3280 3684 3339 3719 τε
3410 3662 3640 3731 Ἀϐραὰμ

2097 3765 2315 3821 καὶτὸν
2348 3764 2573 3825 Μωσέα,
2607 3762 2806 3831 μᾶλλον
2860 3760 2915 3813 δὲ
2968 3760 3061 3813 τὸν
3115 3759 3252 3813 Θεὸν
3304 3757 3397 3812 καὶ
3446 3752 3641 3820 Πιτέρα

2098 3857 2285 3923 αὑτοῦ,
2324 3858 2419 3910 καὶ
2473 3855 2580 3908 τῶν
2643 3854 2909 3907 Ἰουδαίων
2961 3852 3044 3905 ἔτι
3074 3852 3166 3905 διὰ
3217 3850 3389 3903 ταῦτα
3430 3846 3639 3901 ἀνιάτως

2098 3951 2413 4016 νοσούντων,
2435 3951 2529 4003 καὶ
2559 3948 2631 4018 μὴ
2659 3946 2992 4017 βουλομένων
3014 3944 3110 4015 τὴν
3128 3944 3342 3997 ἑαυτῶν
3371 3938 3637 4008 σωτηρῖαϊν

2099 4043 2261 4111 ἀφεὶς
2292 4041 2489 4103 αὐτοὺς
2518 4043 2545 4093 ὁ
2600 4038 2854 4111 Χριστὸς,
2896 4036 3097 4106 ἣρξατο
3154 4036 3412 4105 πράττειν
3463 4030 3522 4082 τὰ
3556 4026 3640 4095 τῆς

2100 4131 2377 4200 σωτηρίας
2407 4128 2499 4181 τοῦ
2557 4130 2761 4196 κόσμου
2801 4125 3128 4189 καθολικῶς,
3191 4125 3286 4179 καὶ
3337 4124 3505 4193 λέξειν
3543 4118 3641 4177 τοῖς

2103 4222 2368 4291 μαθηταῖς
2398 4218 2562 4272 αὑτοῦ
2597 4218 2660 4271 τὰ
2696 4217 2955 4287 μέλλοντα
3008 4216 3159 4285 αὐτῷ
3194 4215 3505 4283 συμϐαίνειν
3539 4210 3641 4260 ’ὅτι

2108 4332 2124 4363 ι
2175 4313 2301 4364 Ἰδοὺ
2335 4310 2696 4379 ἀναϐαίνομεν
2722 4312 2799 4371 ετς
2831 4306 3204 4375 Ἰεροσόλυμα,
3228 4306 3326 4359 καὶ
3357 4307 3384 4357 ὁ
3414 4303 3533 4362 Υἱὸς
3562 4297 3640 4348 τοῦ

2102 4404 2385 4474 ἀνθρώπου
2408 4401 2839 4472 παραδοθήσεται
2871 4402 2980 4461 τοῖς
3009 4399 3327 4468 ἀρχιερεῦσι
3352 4396 3444 4449 καὶ
3490 4406 3643 4461 γραμ-

430 4498 644 4561 scribis,
662 4496 1119 4563 tradentqueeum
1141 4489 1409 4560 gentibus,
1423 4485 1836 4556 ettlagellabunt
1851 4499 1989 4547 euml

2108 4494 2356 4567 ματεῦσι,
2392 4494 2485 4546 καὶ
2529 4492 2941 4560 παραδώσουσιν
2994 4491 3154 4541 αὑτὸν
3185 4491 3297 4550 toi,-
3352 4488 3539 4547 ἔθνεσι,
3564 4483 3639 4531 καὶ

432 4602 487 4646 et
508 4588 739 4644 illudent
762 4586 860 4648 illi,
877 4594 931 4639 et
951 4581 1219 4650 deSpuent
1240 4581 1292 4633 in
1310 4580 1482 4643 illum,
1498 4578 1746 4632 occident
1761 4577 1933 4640 illum,
1949 4584 2005 4628 ct

432 4681 589 4736 tertia
624 4679 710 4731 die
734 4684 979 4742 resurget
1005 4680 1092 4736 ;et
1114 4669 1313 4723 auditis
1337 4669 1419 4722 his
1442 4666 1694 4734 discipuli
1718 4667 1838 4746 ejus
1871 4679 2004 4719 moe-

431 4786 552 4825 rore
570 4767 748 4822 allecti
777 4774 905 4819 sunt
939 4761 1175 4817 valde”.
1213 4780 1230 4811 ι
1286 4759 1468 4812 «Tunc
1493 4756 2006 4824 subduxitdiscipu-

2105 4585 2540 4657 μαστιγώσουσιν
2595 4583 2777 4649 αὑτὸν,
2810 4582 2900 4633 καὶ
2955 4581 3317 4648 ἐμπαὶξιυσ.ν
3377 4569 3635 4643 αῦτῷ,κ2ὶ

2101 4680 2464 4749 ὲμπτύςουσιν
2489 4675 2656 4744 αὐτῷ,
2688 4675 2779 4727 καὶ
2814 4673 3198 4727 ἀποκτενοῦσιν
3247 4671 3428 4729 αὐτὸν,
3461 4668 3546 4720 καὶ
3582 4663 3638 4729 τῇ

2108 4768 2265 4835 τρίτῃ
2320 4766 2500 4833 ἡμέρᾳ
2547 4762 2928 4829 ἀναστήσεται.
2978 4759 3086 4811 Καὶ
3144 4757 3475 4817 ἀκούσαντες
3507 4750 3642 4803 τοῦτο

428 4864 510 4913 los
532 4873 660 4912 suos
683 4854 954 4918 Christus,
984 4860 1039 4906 et
1067 4850 1316 4905 ascendit
1345 4850 1397 4901 in
1422 4856 1661 4901 montem
1679 4845 1919 4907 Thabor,
1951 4859 1989 4897 ei

2103 4859 2151 4909 oi
2186 4857 2426 4925 μαθηταὶ
2458 4854 2645 4916 αὐτοῦ,
2684 4851 3051 4920 ἐλυπήθησαν-
3092 4850 3319 4917 σιρόδρα,
3360 4851 3449 4899 καὶ
3474 4837 3644 4909 ἐταρά-

430 4942 643 5003 rel‘ulsit
674 4946 844 5001 facies
875 4944 1041 5009 illius,
1065 4934 1272 4996 Christi
1296 4939 1524 5001 scilicet,
1562 4937 1683 5006 plus
1703 4952 1863 5005 quam
1892 4938 1996 5001 sol,

428 5053 485 5096 et
503 5040 827 5095 vestimenta
852 5037 997 5090 illius
1017 5035 1156 5089 facta
1182 5030 1591 5086 lueruntveluti
1619 5029 1997 5084 nix.Videntes

427 5147 557 5185 vero
591 5129 845 5199 discipuli
888 5127 1237 5197 splendorem
1293 5123 1445 5178 lacici
1479 5123 1646 5188 illius,
1678 5122 1996 5176 ceciderunt

428 5226 481 5277 in
514 5232 715 5277 terram
739 5239 753 5286 ;
777 5237 886 5274 non
912 5219 1055 5273 enim
1086 5217 1501 5288 poteranthunc
1534 5215 1699 5268 ferre.
1730 5213 1995 5268 Viderunt

427 5324 609 5369 autem
634 5322 687 5368 et
722 5311 906 5365 Mosen
930 5320 983 5363 et
1006 5309 1173 5363 Etiam
1199 5324 1323 5362 cum
1354 5306 1570 5361 Christo
1600 5305 1993 5373 colloquentes,

428 5408 599 5463 forma
622 5406 807 5460 servili
835 5404 901 5457 ⁷⁸.
928 5385 1082 5457 Nunc
1114 5402 1297 5468 itaque
1318 5401 1418 5453 hoc
1439 5399 1637 5453 factum
1672 5384 1952 5451 considera
1979 5413 1991 5447 :

434 5498 607 5567 primo
637 5497 858 5566 quidem
887 5503 945 5546 ut
977 5492 1206 5562 apostoli
1230 5490 1343 5545 viso
1371 5489 1660 5558 splendore
1690 5488 1994 5540 divinitatis

427 5606 539 5642 mne
569 5599 718 5643 certo
753 5582 1303 5654 intelligerent,quod
1324 5597 1421 5635 sua
1452 5589 1646 5648 sponte
1683 5587 1738 5631 et
1767 5578 1987 5646 propria

499 5700 544 5731 τί
576 5699 762 5757 Matth.
809 5714 916 5760 xrv,
947 5699 1139 5759 25-53;
1183 5696 1345 5753 Μίλητε
1376 5712 1448 5758 Ἢν
1486 5696 1554 5750 5³
1586 5711 1741 5762 seqq'

431 5772 477 5805 "
521 5767 710 5823 Matth.
761 5784 877 5834 xw,
922 5769 1013 5823 ει.
1090 5768 1136 5797 ⁷⁸
1177 5767 1369 5821 Matth.
1414 5781 1549 5831 xm,
1584 5765 1605 5818 l
1643 5780 1795 5833 sep].

1841 5695 1885 5723 "
1915 5692 2072 5746 Joan.
2112 5707 2163 5756 ιι,
2198 5693 2250 5747 9.

2106 4948 2361 5017 χθησαν.‹
2377 4946 2505 4997 Τότε
2535 4944 2749 5012 ἐπαίρει
2767 4943 2890 5003 τοὺς
2913 4939 3155 5010 μαθητὰς
3174 4938 3340 4990 αὑτοῦ
3361 4938 3388 4987 ὁ
3411 4928 3641 5001 Χρισῑδςι

2105 5039 2200 5091 καὶ
2254 5035 2420 5105 ἀνέϐη
2470 5034 2560 5105 ἐπ).
2607 5034 2666 5086 τδ
2720 5031 2843 5103 ὅρος
2876 5032 2935 5084 τό
2966 5029 3183 5097 Θαϐὼρ,
3236 5027 3333 5080 καὶ
3377 5022 3572 5090 ἔλαμψε
3592 5018 3644 5067 τδ

2104 5130 2396 5195 πρόσωπον
2429 5125 2593 5177 αὐτοῦ
2648 5122 2710 5193 δὴ
2748 5121 2840 5174 τιῦ
2898 5120 3131 5189 Χριστοῦ
3182 5118 3324 5187 ὑπὲρ
3359 5118 3444 5167 τὸν
3487 5113 3640 5180 ἦνιον,

2099 5218 2166 5270 τὰ
2195 5217 2249 5269 δὲ
2276 5216 2464 5286 ἱμάτια
2494 5213 2654 5267 αὑτοῦ
2678 5213 2891 5281 ἐγένετο
2910 5212 3074 5263 λευκὰ
3104 5210 3233 5261 ὡσεὶ
3263 5207 3408 5275 χιών.
3444 5204 3641 5286 Ἰδόιτξς

2102 5305 2155 5357 δὲ
2178 5306 2227 5357 oi
2262 5304 2499 5373 μαθηταὶ
2530 5303 2629 5369 τὴν
2658 5301 3020 5370 λαμπρότητα
3037 5296 3128 5350 τοῦ
3156 5297 3443 5366 προσώπου
3469 5285 3639 5347 αὑτοῦ,

2103 5396 2300 5449 ἔπεσον
2340 5396 2417 5457 εἰς
2448 5384 2572 5463 ⁶τὴν
2622 5393 2759 5462 γῆν·
2813 5391 2873 5444 οῦ
2924 5392 3031 5458 γὰρ
3084 5388 3421 5458 ἠδυνήθησαν
3475 5382 3640 5447 φέρειν

2101 5488 2290 5557 αύτήνέ
2324 5482 2471 5539 Εἶδον
2505 5484 2560 5537 δὲ
2591 5484 2684 5537 καὶ
2716 5482 2805 5535 τὸν
2834 5481 3075 5549 Μωῦσῆν
3106 5478 3196 5531 καὶ
3227 5478 3316 5530 τὸν
3356 5473 3531 5530 Ἠλίαν
3560 5466 3636 5557 τὸν

2101 5554 2387 5647 apocrith
2414 5573 2553 5646 μετά
2566 5572 2660 5626 τοῦ
2685 5571 2918 5643 Χριστοῦ
2940 5568 3327 5630 συλλαλοῦντας
3351 5569 3408 5618 ὲν
3428 5554 3638 5625 δουλικῷ

2352 5693 2397 5726 ⁷³
2430 5693 2586 5747 Joan.
2629 5704 2739 5755 xw,
2762 5687 2815 5743 6.
2915 5690 2959 5721 ⁷⁸
2988 5686 3121 5743 ibid.
3202 5684 3270 5717 ’δ’
3293 5678 3447 5751 Joan.
3474 5694 3525 5746 ι,
3549 5676 3633 5730 58.
