3970 6212
182 318 290 382 465

1135 305 1429 369 CONTRA
1469 302 1961 370 MAHOMETEM
2000 299 2381 363 APOLOGIA
2425 297 2508 364 ΙΙ.

3323 298 3431 361 456

177 436 361 504 ύμων.
408 426 735 497 Ἐγείρεσθε.
767 425 1007 495 ἄγωμεν.
1043 443 1060 476 ι
1094 425 1206 478 Kal
1255 422 1494 492 ἀπῆλθον
1547 422 1627 485 είς
1657 420 1751 474 τδν

1876 417 2063 472 iabitis
2092 417 2224 470 mihi
2260 426 2316 470 ut
2353 431 2452 484 ego
2482 413 2704 483 prodam
2756 413 2912 466 illum
2941 412 3024 465 ⁸⁸2
3055 411 3119 466 Ει
3163 411 3431 468 dederunt

178 526 371 586 τόπον,
402 521 460 575 δν
489 519 635 590 εἶχεν
693 520 757 571 ἐκ
794 516 1102 586 συνηθείας.
1133 518 1194 570 Ol
1257 515 1440 584 μέντοι
1483 514 1760 584 ἀρχιερεῖς

179 614 545 683 συναχθέντες
576 609 713 681 μετὰ
741 609 847 662 τῶν
904 606 1278 677 γραμματέων
1309 607 1403 658 καὶ
1453 604 1762 674 Φαρισαίων

177 703 274 754 καὶ
309 699 516 760 παντδς
549 696 642 747 τοῦ
681 693 960 763 συνεδρίου
1010 693 1198 746 αὐτῶν,
1238 693 1444 760 ἔλεγον,
1489 710 1507 743 ι
1541 691 1608 744 Τί
1642 708 1762 744 ποιε-

179 789 377 855 οῦμεν,
419 787 500 837 ὅτι
533 782 866 850 ὁᾶνθρωπος
897 772 1050 840 οὗτος
1095 779 1266 831 πολλὰ
1323 779 1524 848 σημεῖα
1579 779 1758 841 ποιεῖς

195 879 321 930 Ἐὰν
352 875 587 942 ἀφῶμεν
627 871 788 924 αὐτὸν
845 869 1040 933 οὕτως,
1073 880 1290 930 παντως
1350 867 1662 919 ἐλεύσονται
1713 867 1794 934 οἱ,

194 966 490 1033 Ῥωμαῖοι,
522 963 615 1014 καὶ
650 961 873 1029 ἀροῦσιν
908 959 1064 1028 ἡμῶν
1097 959 1190 1010 καὶ
1237 959 1328 1011 τὸν
1356 959 1521 1012 τόπον
1558 957 1648 1010 καὶ
1701 956 1762 1008 τδ

187 1057 359 1114 ἔθνος.
419 1053 696 1120 Συμφέρει
760 1047 1070 1101 ἀποθανεῖν.
1107 1066 1126 1098 ι
1176 1047 1235 1100 '0
1290 1048 1347 1100 δὲ
1410 1045 1762 1117 Ἰσκαριώτης

199 1141 401 1201 Ἰούδας
436 1137 687 1192 ἀπελθὼν
709 1138 789 1196 είς
817 1137 942 1200 τοὺς
981 1136 1254 1205 ἀρχιερεῖς
1272 1135 1366 1188 καὶ
1393 1137 1761 1204 γραμματεῖς,

190 1229 340 1285 εἶπεν
378 1231 592 1291 αὐτοῖς,
633 1246 652 1279 ς
690 1227 755 1278 Τί
783 1226 967 1278 θέλετέ
999 1242 1089 1292 μοι
1133 1223 1336 1287 δοῦναι,
1370 1225 1466 1291 καὶ
1493 1223 1601 1291 ἐγὼ
1637 1223 1764 1292 ὑμῖν

193 1322 504 1391 παραδώσω
574 1319 779 1384 αὐτόν;
839 1319 948 1370 Καὶ
1001 1317 1211 1368 ἔδωκαν
1261 1316 1410 1385 αύτῷ
1468 1316 1762 1386 τριάκοντα

195 1414 453 1484 ἀργύρια.
488 1431 505 1463 ι
542 1410 651 1463 Καὶ
715 1409 833 1479 μετ’
887 1409 1063 1475 ὀλίγον
1092 1409 1272 1460 λαὸὼν
1306 1409 1334 1459 6
1379 1406 1576 1470 Ἰούδας
1637 1407 1764 1460 λαὸν

199 1504 398 1562 ἱκανὸν,
465 1501 681 1570 ἔρχεται
738 1499 868 1552 ἔνθα
922 1497 1206 1568 εὑρίσκετο
1265 1499 1292 1550 6
1347 1498 1602 1567 Χριστός.
1660 1497 1765 1550 Καὶ

202 1594 508 1663 ἐρχομένων
575 1591 824 1656 ἐκείνων,
859 1590 1004 1657 λέγει
1058 1592 1170 1653 τοῖς
1231 1588 1498 1657 μαθηταῖς
1548 1587 1765 1641 αὐτοῦὸ

200 1686 450 1755 Χριστὸς,
488 1703 505 1735 ι
543 1682 870 1751 Ἐγείρεσθε,
924 1683 1170 1749 ἄγωμεν,
1222 1681 1328 1733 ἰδοὺ
1361 1683 1390 1733 6
1435 1681 1761 1751 παραδιδούς

1866 507 1942 562 illi
1979 507 2217 576 triginta}
2236 517 2542 575 argenteos.
2583 523 2602 556 ι
2643 505 2710 558 Ει
2743 504 2902 573 paulo
2929 513 3051 573 post
3080 503 3248 558 ludas
3276 505 3435 558 turba

1865 598 2034 652 multa
2059 605 2358 665 assumpta,
2399 611 2466 650 eo
2506 595 2726 650 devenit
2754 595 2845 650 ubi
2881 594 3138 650 Christus
3189 595 3436 650 invenie-

1864 683 2047 738 batur.
2103 682 2315 750 Quibus
2369 682 2738 748 venientibus,
2792 683 2925 737 dicit
2983 683 3271 753 discipulis
3317 685 3434 738 suis

1862 774 2113 829 Christus
2144 792 2159 829 :
2196 792 2213 824 ι
2253 774 2493 843 Surgite,
2523 789 2733 835 eamus,
2791 790 2920 829 ecce
2959 775 3052 844 qui
3111 776 3294 844 prodit
3326 791 3432 838 me,

1863 866 2292 936 appropinquat.
2315 884 2331 916 I
2376 866 2442 918 Et
2474 866 2767 921 accedente
2806 866 2942 920 Juda
2969 881 3092 919 cum
3120 866 3437 920 .lud;eorum

1865 965 2064 1020 turma,
2130 957 2264 1010 dicit
2311 955 2416 1010 illis
2461 955 2756 1010 Christus:
2833 973 2851 1006 ι
2907 956 3078 1021 Quem
3143 955 3426 1024 qua-ritis?

1866 1046 2063 1100 Dicunt
2106 1046 2208 1110 illi,
2238 1046 2426 1101 Jesutn
2455 1047 2818 1100 Nazareuum.
2849 1047 2987 1100 Dicit
3016 1048 3126 1100 illis
3155 1047 3434 1108 Christus,

1870 1157 1888 1190 ι
1920 1139 2032 1208 Ego
2059 1153 2201 1192 sum.
2235 1156 2259 1209 ι
2299 1139 2363 1191 Et
2392 1138 2496 1192 hoc
2519 1138 2724 1200 audito,
2784 1153 2975 1196 omnes
3008 1139 3262 1208 prostrati
3309 1147 3438 1191 sunt

1865 1228 1919 1283 in
1953 1238 2178 1282 terram.
2213 1228 2351 1282 Num
2383 1229 2549 1298 igitur
2581 1230 2672 1296 qui
2703 1238 2781 1281 tot
2825 1243 2888 1282 ac
2920 1237 3069 1282 tanta
3102 1228 3304 1281 fecerat
3341 1229 3441 1280 mi-

1867 1319 2073 1381 racula,
2099 1318 2192 1386 qui
2231 1331 2336 1371 una
2370 1333 2499 1372 voce
2538 1318 2836 1387 prostravit
2863 1328 3171 1387 qttznrentcs
3205 1333 3285 1382 se,
3327 1333 3440 1371 non

1866 1409 2045 1477 potuit
2104 1424 2250 1462 nunc
2315 1408 2532 1462 efﬁcere
2567 1424 2635 1462 ne
2675 1408 2828 1461 illum
2879 1408 3443 1476 comprehenderent?

1873 1499 2024 1553 Haud
2081 1499 2247 1553 dubie
2304 1499 2467 1570 igitur
2525 1515 2623 1555 sua
2668 1510 2862 1569 sponte
2921 1499 3029 1553 illis
3065 1499 3301 1554 traditus
3333 1509 3440 1554 est.

1823 1577 1836 1591 ’
1866 1588 2025 1644 Tunc
2052 1590 2186 1644 dicit
2214 1592 2320 1645 illis
2342 1592 2502 1652 Jesus
2533 1609 2545 1644 :
2579 1609 2598 1641 ι
2632 1591 2687 1645 Si
2730 1591 2893 1662 igitur
2929 1607 3014 1644 me
3047 1591 3311 1661 qureritis,
3364 1593 3443 1646 si-

1868 1683 1979 1735 nite
2008 1681 2107 1735 hos
2145 1683 2350 1736 abire.»
2388 1683 2453 1736 Et
2477 1681 2724 1738 dimissis
2755 1681 3045 1750 discipulis
3068 1681 3263 1750 ipsius.
3295 1696 3447 1734 com-

209 1753 268 1844 με
309 1775 567 1842 ἡγγικεν.
604 1789 623 1820 ι
666 1771 774 1822 Kal
825 1769 1068 1831 ἐλθόντος
1104 1768 1194 1820 τοῦ
1256 1767 1426 1820 Ἰούδα
1484 1768 1620 1836 μετά
1670 1766 1764 1820 τοῦ

1876 1772 2282 1842 prehenderunt
2328 1772 2631 1827 Christum.
2681 1771 2916 1826 Videsne
2979 1771 3258 1840 quomodo
3319 1781 3444 1824 ante

208 1847 322 1916 λαοῦ
348 1864 457 1917 τῶν
501 1861 790 1929 Ἰουδαίων,
812 1861 960 1928 λέγει
993 1859 1126 1929 πρὸς
1176 1859 1374 1921 αὐτοὺς
1411 1861 1464 1920 ,ό
1511 1858 1764 1928 Χριστὸς,

219 1955 387 2006 ιτίνα
436 1953 682 2022 ζητεῖτες
756 1951 1019 2017 Λέγουσιν
1073 1951 1222 2019 αύτῷ
1281 1952 1498 2014 ἐκεῖνοι,
1560 1950 1767 2021 Ἰησοῦν

210 2049 293 2094 τὸν
336 2041 678 2110 Ναζωραῖον.
737 2040 900 2107 Λέγει
969 2042 997 2092 6
1085 2039 1341 2108 Χριστὸς,
1428 2039 1566 2106 Ἐγὼ
1629 2040 1764 2108 είμι.

212 2133 314 2186 Kal
339 2132 491 2184 τοῦτο
524 2131 878 2194 ἀκούσαντες,
907 2130 1102 2183 ἔπεσον
1127 2131 1326 2192 πάντες
1356 2133 1434 2193 εἰς
1462 2133 1562 2200 τὴν
1586 2130 1708 2199 γῆν.
1740 2147 1760 2180 ι

217 2225 282 2275 Τί
305 2224 391 2290 δέ;
413 2227 439 2275 6
461 2225 690 2304 ποιήσας
726 2222 960 2275 τοσαῦτα
989 2223 1081 2274 καῖ
1112 2220 1410 2292 τηλικαῦτα
1438 2221 1710 2290 θαύματα,
1741 2221 1769 2272 6

228 2314 328 2368 ἀπὺ
383 2315 536 2385 μόνης
584 2315 774 2376 λαλιᾶς
835 2313 1000 2374 αὑτοῦ
1063 2314 1224 2383 ῥίψας
1281 2314 1408 2378 τοῦς
1471 2311 1768 2382 ζητοῦντας

241 2408 410 2470 αὺτὸν,
466 2407 559 2458 οῦκ
605 2406 853 2476 ἠδυνήθη
920 2406 1165 2475 ποιῆσαι,
1217 2403 1310 2468 ἵνα,
1363 2405 1436 2473 μὴ
1497 2405 1768 2475 δυνηθῶσι

245 2499 492 2565 κρατῆσαι
513 2497 658 2548 αὐτόν
678 2514 693 2562 ;
716 2497 939 2558 Πάντως
969 2495 1236 2564 πρόδηλον
1267 2494 1347 2546 ὅτι
1377 2495 1552 2564 οἰκείᾳ
1581 2493 1769 2564 βουλή-

241 2603 314 2638 σει
335 2587 604 2656 παρεδόθη.
635 2588 767 2638 Τότε
793 2587 940 2654 λέγει
963 2587 1144 2648 αὐτοῖς
1177 2587 1204 2637 6
1230 2584 1484 2654 Χριστὸς,
1519 2603 1536 2634 ι
1567 2585 1626 2636 Εἰ
1677 2583 1770 2636 οὖν

231 2676 321 2744 ἐμὲ
347 2675 555 2744 ζητῆτε,
598 2676 764 2744 ἄφετε
798 2675 1021 2738 τούτους
1065 2675 1313 2741 ὑπάγειν.
1343 2691 1360 2723 ι
1395 2673 1503 2724 Kal
1542 2673 1769 2740 ἀφέντες

228 2767 340 2826 τοὺς
361 2763 599 2834 μαθητὰς
621 2763 808 2826 αὑτοῦ,
830 2763 1139 2831 ἐκράτησαν
1164 2762 1254 2813 τόν
1275 2761 1525 2829 Χριστόν.
1544 2761 1769 2823 Βλέπεις

230 2855 332 2916 πῶς
361 2855 572 2924 πρῶτον
635 2854 730 2923 μὲν
784 2853 891 2906 ἀπὸ
940 2855 1106 2923 μόνης
1154 2851 1252 2920 τῆς
1314 2851 1504 2914 λαλιᾶς
1551 2850 1768 2916 ἔπεσον,

231 2946 395 3001 ἔπειτα
414 2948 471 3000 ἐν
507 2945 586 3016 τῷ
605 2949 778 2999 εἰπεῖν
810 2948 942 3015 πρὸς
971 2947 1192 3012 αὐτοὺς,
1239 2963 1258 2996 ι
1291 2945 1491 3010 ’Διρετε
1548 2943 1769 3006 τούτους

230 3037 454 3106 ὑπάγειν,
491 3039 589 3090 ἐὰν
616 3038 714 3106 ἐμὲ
745 3037 966 3106 ζητῆτε,
1009 3054 1028 3088 ι
1071 3037 1227 3106 μόνος
1282 3036 1551 3107 παρεδόθη
1594 3035 1772 3106 οἰκείᾳ

227 3128 452 3198 θελήσει;
490 3128 736 3190 Ἐδειξεν
783 3127 857 3192 ὡς
913 3131 971 3181 ἐν
1025 3129 1207 3197 ταυτῷ
1265 3130 1356 3180 καὶ
1400 3130 1498 3196 τὴν
1545 3127 1772 3197 δύναμιν

227 3218 391 3282 αὑτοῦ,
425 3221 524 3273 καὶ
548 3221 644 3289 τὴν
675 3219 912 3290 θέλησιν.
946 3220 1042 3273 Διά
1092 3238 1170 3273 τοι
1208 3222 1364 3273 τοῦτο
1393 3220 1486 3274 καὶ
1524 3220 1553 3272 6
1612 3219 1774 3273 Aa6l6

224 3303 348 3373 εἷπε,
383 3329 403 3361 ι
429 3311 769 3379 Παρεδόθην,
795 3311 888 3362 καὶ
911 3311 1009 3363 οὐκ
1039 3310 1468 3381 ἐξεπορευόμην.
1499 3328 1519 3361 ι
1566 3311 1774 3378 ’Πγουν

222 3400 456 3464 δυνάμεις
503 3403 643 3471 ἔχων
670 3406 697 3454 ὁ
720 3403 968 3471 Χριστὸς,
997 3403 1085 3456 ἵνα
1110 3405 1182 3472 μὴ
1231 3401 1528 3472 παραδοθῇ,
1561 3401 1773 3454 ἐθελον-

221 3491 304 3560 τὴς
319 3492 615 3561 παρεδόθη.
635 3491 948 3561 ’Λπήγαγον
974 3492 1152 3543 τοίνυν
1167 3493 1259 3543 τὸν
1290 3492 1523 3560 Χριστὸν
1545 3492 1624 3553 είς
1650 3490 1776 3553 τοὺς

221 3585 500 3652 ἀρχιερεῖς.
540 3583 604 3634 Ui
658 3583 713 3634 δὲ
777 3583 1017 3649 μαθηταὶ
1080 3582 1407 3652 φοϐηθέντες
1443 3581 1662 3649 ἔφυγον.
1713 3583 1776 3634 υί

219 3671 335 3739 γοῦν
360 3673 643 3741 ἀρχιερεῖς
671 3672 1075 3740 παραλαῦόντες
1104 3672 1193 3722 τὸν
1222 3671 1430 3736 Ἰησοῦν
1480 3671 1774 3740 ἐχάρησαν⁹

219 3765 299 3815 καὶ
355 3764 864 3833 προσκαλεσάμενοι
917 3762 1010 3815 δύο
1071 3762 1524 3832 ψευδομάρτυρας
1593 3763 1778 3830 ἔλεγον

221 3855 325 3907 κατ’
355 3855 530 3908 αὑτοῦ
553 3855 652 3907 ὅσα
673 3854 957 3906 ἐϐούλοντο
984 3853 1214 3921 ψευδῶς.
1261 3854 1320 3907 '0
1354 3855 1529 3906 τοίνυν
1571 3854 1781 3924 Ἰησοῦς

219 3947 434 4001 ἐσιώπα.
477 3945 644 4014 Λέγει
692 3946 820 4011 γοῦν
876 3945 1023 4015 αὐτῷ
1053 3948 1079 3998 6
1109 3947 1418 4016 ἀρχιερεὺς,
1448 3965 1466 3997 t
1488 3943 1780 4016 Ἐξορκίζω

222 4054 270 4089 σε
308 4039 445 4090 κατὰ
478 4039 578 4090 τοῦ
607 4037 762 4100 Θεοῦ,
817 4036 902 4087 ἵνα
934 4039 1061 4106 ἡμῖν
1093 4038 1272 4106 εῖπῃς,
1305 4039 1352 4089 εί
1408 4037 1470 4090 σὺ
1512 4033 1562 4090 εἴ
1590 4039 1616 4089 6
1653 4038 1781 4100 Υἱὸς

221 4128 298 4179 τοῦ
324 4129 657 4197 Εὑλογητοῦ,
698 4131 745 4180 εί
773 4128 835 4181 σὺ
862 4123 911 4179 el
943 4129 969 4179 6
1000 4129 1229 4197 Χριστὸς
1262 4131 1290 4182 ὀ
1324 4128 1448 4192 Υίὸς
1506 4129 1598 4181 τοῦ
1646 4127 1779 4182 Θεοῦ

221 4219 300 4270 τοῦ
360 4222 589 4286 ζῶντος.
625 4237 642 4270 ι
682 4218 846 4286 Λέγει
879 4219 1024 4288 αύτῴ
1049 4221 1076 4272 6
1145 4220 1372 4289 Ἰησοῦς,
1413 4239 1431 4273 t
1469 4219 1611 4288 Ἐγώ
1642 4222 1777 4291 εἰμι.

224 4310 354 4380 Πλὴν
371 4311 530 4378 λέγω
547 4310 694 4378 ὑμῖν,
721 4311 923 4380 ἀπάρτι
971 4310 1162 4378 ὄψεσθε
1184 4311 1273 4362 τὸν
1302 4311 1425 4363 Υίδν
1451 4311 1543 4364 τοῦ
1575 4311 1784 4382 ἀνθρώ-

1871 1862 2088 1932 quidem
2131 1865 2297 1917 unico
2328 1863 2498 1918 verbo
2531 1863 2790 1933 prostrati
2849 1863 3193 1929 ceciderint;
3245 1863 3444 1918 deinde

1872 1967 2006 2007 vero
2037 1967 2160 2006 cum
2191 1952 2404 2009 diceret
2432 1952 2565 2015 illis,
2609 1970 2628 2004 ι
2667 1953 2845 2008 Sinite
2878 1953 2979 2009 bos
3031 1953 3206 2017 abire,
3257 1954 3302 2009 si
3358 1969 3446 2008 me

1873 2045 2174 2114 quaeritis,»
2216 2045 2371 2100 solus
2392 2045 2612 2114 propria
2639 2061 2734 2100 sua
2761 2044 3043 2100 voluntate
3067 2045 3446 2100 consentiente

1875 2132 1960 2186 his
1989 2133 2224 2188 traditus
2253 2134 2358 2192 sit?
2406 2132 2818 2192 Detuonstravit
2865 2134 3049 2203 itaque
3091 2134 3142 2186 in
3175 2149 3234 2188 se
3268 2142 3324 2188 et
3352 2149 3447 2202 po-

1875 2223 2099 2278 tentiam
2131 2239 2308 2288 suam,
2343 2232 2396 2277 et
2423 2223 2789 2278 voluntatem.
2817 2223 3166 2290 Quapropter
3195 2231 3249 2275 et
3275 2223 3444 2275 David

1873 2311 2030 2377 dixit,
2089 2309 2378 2366 tTraditus
2407 2327 2528 2367 sum
2553 2353 2566 2377 ,
2600 2318 2654 2364 et
2689 2326 2796 2364 non
2823 2310 3156 2364 declinavi.»
3202 2309 3256 2363 Si
3297 2311 3446 2363 enim

1872 2404 2126 2462 Christus
2158 2419 2285 2458 cum
2331 2402 2570 2458 evadere
2601 2407 2791 2472 posset
2847 2400 3081 2454 traditus
3115 2409 3221 2463 est,
3257 2400 3446 2454 volens

1875 2497 2116 2565 seipsum
2157 2495 2396 2551 tradidit.
2453 2495 2816 2550 Abduxerunt
2865 2497 3044 2563 itaque
3071 2494 3350 2549 Christum
3379 2495 3445 2547 ad

1875 2585 2181 2654 pontifices.
2213 2585 2474 2654 Discipuli
2536 2593 2718 2637 autem
2749 2581 3213 2649 timorecorrepti
3287 2580 3441 2650 fuge-

1877 2685 2025 2728 runt.
2061 2675 2424 2730 Saccrdotum
2460 2683 2645 2728 autem
2689 2674 2970 2744 principes
2998 2681 3227 2741 pr0pter
3257 2671 3446 2728 .lcsum

1875 2768 2336 2834 comprehensum
2368 2766 2537 2836 gavisi
2567 2773 2736 2828 sunt;
2764 2773 2847 2818 'et
2905 2763 3185 2817 advocatis
3233 2764 3450 2820 duobus

1877 2855 2025 2909 falsis
2049 2857 2276 2911 testibus
2303 2865 2500 2910 contra
2537 2855 2692 2908 illum
2719 2892 2734 2916 ,
2765 2867 3110 2923 quascunque
3138 2853 3340 2906 libebat
3363 2852 3450 2906 di-

1876 2948 2074 3002 eebant
2101 2947 2408 3001 mendacia.
2439 2946 2602 3001 Jesus
2626 2941 2775 2998 ivero
2826 2944 3064 2998 tacebat.
3115 2944 3251 2998 Dicit
3286 2945 3451 3016 igitur

1880 3037 1956 3091 illi
1991 3053 2240 3092 summus
2286 3036 2545 3090 sacerdos
2580 3052 2594 3088 :
2633 3053 2651 3085 ι
2692 3034 2901 3104 Adjuro
2959 3045 3011 3089 te
3059 3049 3156 3102 per
3190 3034 3356 3089 Deum
3391 3047 3452 3089 ut

1879 3129 2030 3184 dicas
2062 3128 2242 3191 nobis,
2296 3142 2424 3179 num
2455 3137 2513 3179 tu
2541 3128 2618 3180 sis
2667 3125 2813 3179 [llius
2857 3125 3164 3187 Benedicti,
3200 3125 3284 3179 vel
3315 3141 3446 3179 num

1877 3230 1933 3275 tu
1964 3221 2040 3274 sis
2059 3220 2311 3274 Christus
2337 3218 2508 3272 Filius
2547 3217 2640 3272 Dei
2680 3217 2939 3271 viventis.
2984 3215 3122 3270 Dicit
3156 3216 3231 3270 illi
3267 3217 3451 3284 Jesus,

1877 3309 1988 3379 Ego
2040 3325 2181 3364 sum.
2241 3309 2631 3362 Verumtamen
2687 3308 2814 3360 dico
2874 3307 3048 3370 vobis,
3099 3322 3129 3360 a
3165 3323 3312 3362 nunc
3371 3308 3452 3361 vi-

1877 3400 2078 3455 debitis
2094 3400 2294 3453 Filiutn
2325 3397 2569 3452 hominis
2595 3397 2874 3451 sedentem
2891 3413 2920 3449 a
2947 3397 3152 3452 dextris
3170 3397 3450 3466 potentia.

1876 3500 1933 3545 et
1962 3489 2279 3544 venientem
2345 3487 2400 3540 in
2462 3487 2708 3540 nubibus
2759 3487 2939 3540 coeli.»
3006 3487 3161 3541 Tunc
3200 3488 3454 3556 princeps

1878 3579 2228 3636 sacerdotum
2261 3577 2427 3632 scidit
2454 3577 2782 3631 vestimenta
2821 3592 2939 3641 sua,
2966 3577 3202 3631 dicens:
3243 3597 3260 3628 ι
3306 3578 3452 3632 Blas-

1879 3671 2172 3741 phcmavit,
2233 3669 2364 3739 quid
2425 3668 2568 3722 ultra
2626 3668 2936 3736 indigemus
2971 3668 3248 3722 testibus?
3314 3672 3452 3725 Ecce

1878 3776 1978 3814 vos
2012 3759 2117 3828 ipsi
2151 3758 2440 3812 audivistis
2479 3757 2872 3827 blasphemiam
2905 3757 3098 3826 ipsius.
3135 3759 3276 3825 Quid
3303 3759 3455 3815 vobis

1880 3852 2133 3905 videtur?
2164 3887 2177 3914 ._.
2204 3853 2273 3904 At
2319 3849 2402 3903 illi
2437 3849 2694 3904 dixerunt
2746 3868 2758 3903 :
2830 3849 2978 3905 Reus
3035 3852 3226 3905 mortis
3278 3860 3382 3906 est.
3428 3873 3446 3904 ι

1881 3941 2113 4008 Quidam
2144 3941 2309 4009 igitur
2335 3942 2635 3996 astantium
2678 3941 2828 3996 dedit
2855 3943 2931 3996 illi
2964 3943 3199 4011 alapam.
3227 3943 3294 3996 Et
3325 3960 3452 3998 cum

1884 4033 2188 4087 illusissent
2220 4032 2321 4098 illi,
2381 4031 2733 4086 abduxerunt
2766 4033 2941 4095 illum,
2993 4042 3050 4087 et
3107 4033 3456 4090 tradiderunt

1883 4124 2079 4179 Pilato.
2112 4124 2279 4179 ludas
2312 4139 2445 4179 vero
2486 4124 2680 4179 abiens
2727 4123 2862 4178 dicit
2897 4121 3241 4194 principibus
3273 4142 3456 4182 sacer-

1882 4215 2071 4270 dotum
2101 4233 2114 4270 :
2153 4235 2170 4268 ι
2208 4216 2456 4280 Peccavi,
2491 4217 2727 4286 prodens
2749 4218 3066 4285 sanguinem
3097 4219 3375 4272 innoxium
3399 4236 3447 4284 ;l

1883 4319 1940 4362 et
1967 4307 2243 4377 argenteis
2273 4307 2327 4360 in
2362 4307 2627 4374 templum
2675 4307 2956 4376 projectis,
2993 4307 3163 4373 abiit,
3221 4317 3278 4362 et
3334 4323 3458 4363 sus-

225 4414 309 4451 που
330 4401 644 4470 καθήμενον
662 4401 722 4452 ἐκ
743 4401 931 4462 δεξιῶν
948 4401 1041 4470 τῆς
1059 4400 1359 4470 δυνάμεως,
1383 4405 1475 4453 καὶ
1490 4401 1772 4472 ἐρχόμενοι.

1885 4397 2073 4467 pendit
2102 4413 2182 4452 se.
2213 4397 2508 4452 Pontiﬁces
2543 4412 2676 4452 vero
2707 4397 2958 4466 pecuniis
3016 4399 3260 4466 acceptis
3296 4399 3453 4454 dixe-

225 4489 301 4539 ἐπὶ
328 4492 432 4541 τῶν
462 4488 709 4557 νεφελῶν
743 4490 834 4541 τοῦ
868 4490 1120 4560 ούρανοῦ,
1165 4508 1184 4542 ι
1240 4491 1374 4543 Τότε
1423 4493 1450 4544 6
1490 4492 1780 4562 ἀρχιερεὺς

224 4577 458 4649 διέρρηξε
485 4578 559 4629 τὰ
587 4579 773 4648 ἱμάτια
791 4579 953 4632 αὑτοῦ
977 4580 1166 4648 λέγων,
1190 4582 1268 4633 ὅτι
1291 4600 1309 4633 ι
1334 4581 1778 4653 Ἐὗλιισφὴμησε⁸

224 4670 269 4719 τί
299 4672 376 4722 ἐτι
437 4671 636 4740 χρείαν
692 4670 888 4740 ἔχομεν
947 4675 1277 4742 μαρτύρων;
1343 4674 1418 4726 ίδε
1473 4673 1566 4726 νῦν
1625 4676 1782 4744 ὑμεῖς

223 4760 483 4828 ἠκούσατε
516 4763 612 4830 τὴν
633 4762 983 4834 βλασφημίαν
1013 4764 1200 4819 αὐτοῦ.
1221 4765 1285 4816 Τί
1313 4765 1439 4836 ὑμῖν
1463 4767 1646 4832 δοκεῖ;
1674 4785 1692 4816 ι
1719 4768 1781 4819 Οί

222 4847 465 4918 δέεῐπον,
505 4871 524 4902 ι
557 4851 780 4922 Ἐνοχο;
825 4854 1052 4906 θανάτου
1110 4854 1275 4909 ἐστίν.
1311 4873 1329 4906 ι
1403 4856 1609 4908 Ἔδωκε
1652 4856 1782 4925 γοῦν

225 4939 360 5008 aint};
385 4935 466 5003 εἷς
502 4940 612 4992 τῶν
663 4942 1084 5011 παρεστηκότων
1119 4945 1391 5012 ῥάπισμα.
1423 4944 1530 4995 Kal
1578 4947 1782 5014 ἐμπαίο

229 5023 403 5090 ξαντες
449 5027 624 5097 αὐτῷ,
664 5029 951 5096 ἀπήγαγον
1007 5031 1102 5082 καὶ
1144 5030 1464 5100 παρέδωκαν
1495 5031 1656 5083 αὑτὸν
1703 5031 1783 5101 τῷ

227 5113 453 5186 Πιλάτῳ.
470 5117 532 5172 '0
544 5118 601 5171 δὲ
617 5116 813 5181 Ἰούδας
831 5117 1101 5181 ἀπελθὼν,
1120 5119 1268 5186 λέγει
1288 5121 1394 5182 τοῖς
1415 5119 1782 5190 ἀρχιερεῦσιν,

236 5203 566 5276 «Ἥμαρτον,
603 5208 876 5280 παραδοὺς
909 5203 1048 5278 αἷμα
1076 5209 1267 5263 ἀθῶον.
1305 5226 1326 5260 ι
1371 5210 1481 5260 Kal
1516 5209 1678 5284 ῥίψας
1722 5213 1792 5264 τά

239 5300 473 5369 ἀργύρια
501 5305 559 5354 ἐν
589 5301 667 5371 τῷ
690 5301 1108 5372 ναῷηάπελθὼν
1139 5301 1441 5374 ἀπήγξατο.
1495 5303 1560 5356 Ol
1589 5303 1644 5356 δέ
1689 5303 1790 5374 ἀρο

230 5398 418 5462 χιερείς
449 5395 700 5458 λαϐόντες
735 5397 801 5450 τὰ
848 5395 1124 5469 ἀργύρια,.
1154 5391 1328 5460 εἷπον,
1380 5414 1398 5446 ι
1433 5396 1548 5448 Ούκ
1580 5394 1788 5459 ἔξεστιν

231 5485 349 5552 ἡμῖν
375 5486 558 5557 βαλεῖν
581 5488 721 5542 αὐτὰ
742 5489 819 5550 εἰς
842 5487 932 5542 τδν
955 5486 1244 5558 κορϐανᾶν,
1279 5487 1402 5541 ἐπεὶ
1430 5486 1565 5559 τιμὴ
1614 5488 1785 5558 αῖμα·

297 5668 339 5698 "
373 5669 566 5750 Matth.
599 5688 740 5737 xxvi,
781 5669 862 5725 15.

1882 4497 2032 4552 runt,
2072 4489 2220 4542 «Non
2247 4488 2370 4543 licet
2397 4503 2518 4543 eam
2543 4503 2746 4558 ponere
2775 4489 2830 4541 in
2853 4491 3170 4554 corbouam,
3195 4491 3451 4560 quoniam

1880 4581 2114 4650 pretium
2144 4579 2423 4649 sanguinis
2453 4589 2596 4632 est.»
2643 4580 2904 4634 Emerunt
2933 4581 3100 4650 igitur
3129 4583 3228 4635 hac
3262 4568 3453 4652 agrum

1882 4669 2053 4740 ﬁguli,
2084 4671 2138 4722 in
2167 4670 2507 4740 sepulturam
2545 4671 2989 4738 peregrinorum.
3037 4673 3240 4726 Milites
3272 4683 3455 4728 autem

1881 4763 2131 4832 praesidis
2183 4770 2466 4832 acceptum
2498 4762 2687 4816 Jesum
2719 4773 2992 4818 exuerunt
3053 4766 3298 4820 vestibus
3319 4766 3456 4830 suis,

1889 4863 1944 4908 et
1982 4854 2281 4906 induerunt
2318 4851 2469 4906 illum
2494 4853 2781 4922 chlamyde
2818 4854 3107 4921 probrosa,
3132 4864 3186 4908 et
3212 4854 3454 4908 abduxe-

1895 4951 2180 4996 runteutn
2246 4943 2310 4996 ad
2352 4959 2531 5011 regem
2566 4943 2857 4997 Herodem.
2917 4943 2984 4996 Et
3045 4958 3169 4998 cum
3233 4943 3459 4996 vidisset

1891 5033 2058 5086 illum.
2075 5032 2338 5097 Herodes,
2375 5033 2588 5086 remisit
2614 5033 2763 5085 illum
2788 5032 2979 5086 Pilato.
3012 5032 3110 5085 llic
3133 5047 3262 5085 vero
3283 5022 3457 5086 intér—

1893 5123 2104 5191 rogavit
2136 5137 2233 5176 eos
2273 5122 2486 5186 dicens,
2527 5120 2695 5185 «Quid
2720 5122 2900 5175 dicitis
2926 5121 2992 5174 de
3027 5121 3253 5174 homine
3285 5121 3450 5175 isto?»

1897 5213 1966 5266 At
1990 5211 2068 5265 illi
2099 5210 2354 5286 dixerunt
2384 5227 2399 5262 :
2442 5227 2461 5261 ι
2500 5210 2768 5280 Crucitige
2800 5211 2987 5264 illum.
3031 5229 3049 5262 ι
3089 5211 3296 5265 Pilatus
3330 5226 3458 5266 vero

1897 5302 2075 5372 inquit
2103 5319 2117 5356 :
2160 5320 2180 5354 ι
2215 5301 2282 5355 Et
2311 5301 2578 5371 quidnam
2607 5289 2733 5355 mali
2761 5301 2932 5356 fecit?
2959 5321 2978 5354 ι
3020 5303 3088 5358 At
3113 5302 3191 5357 illi
3216 5303 3410 5358 dicunt
3440 5320 3454 5356 :

1901 5413 1920 5448 ι
1955 5396 2281 5465 Obloquitur
2304 5394 2527 5458 Caesari,
2558 5404 2614 5449 et
2638 5395 2879 5464 seipsum
2907 5394 3042 5449 dicit
3070 5394 3165 5450 Dei
3197 5393 3446 5447 Filiumn

1896 5487 1964 5542 Et
1998 5487 2079 5544 sic
2113 5485 2515 5544 conturbabant
2541 5487 2798 5544 Pilatum.
2854 5487 2952 5543 llic
3001 5502 3130 5544 vero
3187 5485 3448 5542 voluntat.
