3970 6212
534 323 642 396 457

1753 342 2080 404 JOANNiS
2120 341 2650 405 CANTACUZENI

3664 347 3773 414 ωε

531 443 753 502 illorum
784 448 1181 514 satisfacturus,
1208 457 1587 522 acceptaaqua
1609 466 1790 505 coram
1816 451 2091 514 omnibus,

2194 440 2286 528 τός
2309 453 2474 529 ἐστιν.
2516 472 2534 505 ι
2589 452 2894 524 Ἢγῦρασαν
2927 452 3101 507 τοίνυν
3134 453 3193 518 ἐξ
3246 453 3422 508 αὐτῶν
3451 453 3542 508 τὸν
3596 453 3771 525 ἀγρὸν

531 553 722 592 manus
740 539 911 593 abluit
935 540 1123 595 dicens
1155 557 1171 596 :
1203 542 1488 596 «Innoxins
1510 558 1607 612 ego
1631 558 1750 596 sum
1779 559 1806 595 a
1827 541 2091 611 sanguine

525 625 661 698 justi
694 628 894 698 hujus;
958 645 1056 683 vos
1105 630 1375 684 videritis.
1413 650 1430 682 ι
1472 614 1551 686 [lli
1608 648 1738 685 vero
1783 631 2088 684 dixerunt:

536 739 553 769 ι
585 717 816 789 Sanguis
843 722 961 790 ejus
987 737 1153 790 super
1186 737 1284 776 nos
1311 763 1324 786 ,
1375 733 1429 776 et
1452 737 1617 794 super
1645 722 1782 776 ﬁlios
1811 731 2082 776 nostros.»

529 805 594 860 Et
627 818 752 862 tunc
781 810 1001 866 tradidit
1034 810 1220 865 Jesum
1247 795 1533 875 militibus,
1570 822 1627 866 ut
1657 813 2087 882 crucifigeretur.

527 897 607 950 lili
638 913 766 950 vero
799 914 918 951 cum
952 902 1310 970 accepissent,
1341 902 1414 955 illi
1447 901 1756 967 illuseruut,
1781 909 1834 955 et
1855 914 2088 968 exspue-

532 1001 657 1042 runt
699 989 750 1042 in
787 990 982 1045 faciem
1015 992 1152 1060 ejus,
1218 1001 1273 1045 et
1309 991 1721 1062 ﬂagellaverunt
1751 1005 1898 1055 cum,
1955 990 2090 1059 quin

527 1089 582 1134 et
613 1084 945 1137 vestimenta
978 1083 1124 1136 illius
1157 1083 1490 1138 diviserunt.
1546 1083 1810 1138 Gcstabat
1842 1097 1972 1136 vero
2009 1091 2092 1134 tu-

529 1172 704 1226 nicam
747 1173 1159 1242 inconsutilem,
1193 1191 1358 1245 super
1393 1190 1553 1244 quam
1581 1176 1831 1244 jeccrunt
1861 1184 2089 1238 sortem,

526 1264 778 1330 quisnam
811 1265 956 1319 illam
991 1267 1288 1336 acciperet.
1350 1267 1575 1321 Etcum
1626 1267 1744 1320 haec
1805 1264 2086 1328 fecissent,

525 1354 880 1409 abduxerunt
907 1356 1096 1410 .lesum
1125 1357 1193 1410 ad
1228 1356 1660 1428 cruciﬁgendum
1691 1357 1866 1414 illum.
1917 1355 2091 1408 Dede-

442 1436 451 1442 ’
529 1453 657 1499 runt
707 1448 872 1501 etiam
936 1448 1010 1501 illi
1045 1456 1256 1516 potum,
1308 1447 1434 1502 felle
1469 1449 1690 1501 mislnm
1748 1454 1987 1508 acetum,
2035 1454 2088 1498 ct

526 1534 920 1591 cruciﬁxerunt
944 1553 1094 1592 eum.
1129 1538 1610 1611 Etobtenebratus
1639 1545 1724 1593 est
1750 1538 1830 1592 sol
1852 1537 1920 1591 ab
1954 1538 2085 1590 hora

530 1627 687 1680 tertia
721 1643 892 1696 usque
928 1630 992 1683 ad
1025 1631 1214 1685 horam
1240 1646 1472 1698 nonam;
1535 1639 1590 1686 et
1622 1630 1758 1684 liora
1786 1645 1930 1684 nona
1953 1627 2088 1683 emi-

528 1717 601 1770 sit
633 1717 885 1786 spiritum
914 1760 928 1784 ,
961 1721 1267 1776 astantibus
1295 1721 1458 1775 simul
1509 1721 1663 1775 cruci
1693 1728 1876 1774 sancta
1912 1727 2084 1772 matre

529 1808 720 1877 ipsius,
753 1815 807 1864 et
838 1826 947 1864 uno
970 1810 1361 1881 discipulorum
1389 1811 1620 1866 Joanne.
1679 1809 1897 1880 Reliqui
1953 1823 2085 1863 vero

529 1898 783 1968 discipuli
813 1914 1004 1953 omnes
1027 1899 1376 1971 aufugerunt,
1409 1908 1464 1954 et
1515 1899 1794 1954 latuerunt
1836 1898 2087 1952 absconsi

531 2005 641 2054 prae
695 1989 891 2043 timore
943 2006 1062 2045 suo.
1111 1991 1180 2045 Et
1233 1990 1501 2046 accedens
1552 1990 1771 2059 quidam
1829 1988 2086 2053 militum,

505 2081 716 2161 _laneea
748 2081 984 2150 perfodit
1019 2083 1162 2137 latus
1214 2083 1410 2152 ipsius.
1461 2083 1656 2159 qutea
1705 2082 1933 2136 veniens
1965 2080 2090 2150 qui-

530 2173 1024 2242 demoptimatum,
1057 2174 1255 2244 Josepli
1289 2174 1544 2241 nomine,
1601 2190 1628 2230 a
1661 2175 1836 2229 Pilato
1891 2187 2092 2242 corpus

509 2262 729 2342 |Christi
767 2265 961 2333 petiit;
1022 2274 1078 2319 et
1107 2266 1389 2334 deponens
1416 2264 1576 2329 illud,
1608 2265 1898 2334 adjuvante
1926 2262 2089 2317 simul

529 2357 639 2409 alio
667 2357 929 2426 quodam,
981 2357 1282 2412 Nicodemo
1317 2357 1550 2424 scilicet,
1603 2355 1832 2410 involvit
1863 2354 2091 2425 sindone

527 2459 581 2524 et
617 2451 850 2519 myrrha:
900 2449 1014 2504 fere
1045 2450 1202 2511 libris
1231 2459 1474 2515 centum,
1523 2458 1685 2518 prout
1718 2462 1836 2501 mos
1890 2452 1974 2501 est
1999 2445 2094 2500 Ju-

529 2541 661 2616 «laeis
688 2543 944 2614 sepelire.
993 2541 1212 2620 ~Nactus
1239 2556 1368 2596 vero
1403 2541 1715 2610 sepulcrum
1747 2538 1995 2593 excisum
2034 2537 2090 2590 in

534 2638 706 2699 petra,
730 2617 1379 2700 sepevlivitﬂeorpuslcsu,
1404 2640 1460 2685 et
1479 2632 1830 2700 imposnitilli
1862 2631 2090 2701 lapidem

531 2722 688 2776 valde
722 2737 996 2791 magnum.
1024 2708 1274 2778 Crastina
1304 2731 1484 2777 autem
1518 2724 1606 2778 die
1640 2724 1834 2778 scriba:
1865 2733 1920 2778 et
1957 2723 2094 2778 Plia-

534 2815 670 2868 rismi
693 2815 975 2870 venientes
996 2816 1074 2869 'ad
1101 2801 1334 2890 Pilatum
1355 2816 1613 2871 dixerunt
1636 2817 1717 2870 illi
1747 2831 1760 2867 :
1807 2835 1824 2866 ι
1843 2816 2090 2878 Domine,

538 2908 807 2982 recordagi
849 2925 1060 2972 sumus,
1100 2909 1247 2978 quod
1273 2909 1540 2979 impostor
1576 2908 1667 2962 hic
1695 2908 1886 2964 vivens
1915 2909 2096 2962 adhuc

534 2998 760 3063 dixerit,
792 3015 850 3054 se
890 3009 1015 3069 pOsl.
1050 3000 1167 3056 dies
1193 3010 1306 3055 tres
1332 3008 1791 3055 resurrecturum.
1826 3001 1965 3057 Jube
1997 2999 2095 3070 igi-

2193 547 2289 601 τοῦ
2319 549 2602 620 κεραμέως
2629 551 2706 612 είς
2744 548 2916 620 ταφὴν
2957 551 3067 611 τοῖς
3094 550 3286 616 ξένοις.
3313 551 3375 603 Ol
3400 551 3454 604 δέ
3499 551 3771 619 στρατιῶο

2192 657 2278 691 ται
2309 641 2400 693 τοῦ
2431 641 2690 710 ἡγεμόνος
2717 640 3118 711 παραλαϐόντες
3139 643 3229 694 τὸν
3267 641 3768 711 Ἰησοῦν,ἐξέδυσαν

2193 729 2353 782 αὖτλν
2386 727 2451 781 τὰ
2480 727 2666 797 ἱμάτια
2697 727 2882 794 αὐτοῦ,
2914 730 3012 783 καὶ
3032 729 3286 782 ἐνέδυσαν
3314 729 3472 782 αὑτὸν
3513 729 3767 798 χλαμύδα

2193 819 2423 889 ὕϐρεως,
2448 821 2552 871 καὶ
2585 821 2868 888 ἀπήγαγον
2898 819 3056 872 αὑτὸν
3084 822 3162 883 είς
3187 820 3276 873 τὸν
3304 821 3527 890 βασιλέα
3585 821 3768 891 Ἡρώ-

2191 911 2316 981 δην.
2347 913 2457 964 Καὶ
2491 910 2612 964 tam
2664 912 2827 964 αὑτὸν
2855 912 2884 963 6
2949 911 3215 981 Ἡρώδης.
3255 913 3416 966 πάλιν
3469 912 3763 965 ἀπέστειλε

2190 1001 2376 1054 τοῦτον
2402 1000 2477 1071 τῷ
2507 1001 2743 1071 Πιλάτῳ.
2783 1004 2840 1054 '0
2873 1003 2928 1055 δέ
2979 1003 3204 1072 Πιλᾶτος
3240 1003 3524 1072 ἠρώτησεν
3555 1000 3757 1063 αὐτοὺς

2191 1091 2379 1154 εἰπὼν,
2417 1109 2435 1142 ι
2470 1091 2534 1142 Τί
2570 1091 2752 1158 λέγετε
2788 1097 2913 1160 περῖ
2947 1091 3040 1144 τοῦ
3067 1091 3352 1161 ἀνθρώπου
3381 1088 3570 1142 τούτου
3595 1107 3612 1157 ;
3639 1109 3657 1140 ι
3695 1092 3756 1140 Οἱ

2189 1182 2244 1234 δὲ
2279 1177 2451 1244 εἶπον,
2481 1199 2498 1232 ι
2531 1183 2850 1252 Σταύρωσον
2890 1183 3067 1235 αὐτόν.
3100 1201 3119 1235 ι
3156 1185 3266 1235 Kal.
3291 1183 3320 1233 6
3349 1181 3598 1242 Πιλάτος,
3641 1199 3660 1230 ι
3695 1179 3762 1232 Ti

2190 1272 2295 1344 γὰρ
2322 1274 2490 1327 κακὸν
2513 1273 2762 1343 ἐποίησεν
2787 1266 2977 1340 οὗτος;
3011 1291 3029 1324 ι
3066 1275 3130 1327 Ol
3155 1273 3209 1325 δέ
3245 1272 3450 1340 ἔλεγον,
3485 1290 3505 1324 ι
3526 1270 3766 1324 Ἀντιλέο

2190 1378 2276 1428 γει
2309 1363 2384 1432 τῷ
2409 1362 2669 1430 Καίσαρι,
2701 1363 2792 1416 καὶ
2816 1363 2944 1415 Υίδν
2984 1363 3122 1416 Θεοῦ
3173 1363 3364 1415 ἐαυτὸν
3402 1363 3563 1414 ποιεῖ.
3592 1378 3612 1411 ι
3650 1361 3762 1414 Καὶ

2190 1453 2394 1522 ὣχλονν
2433 1453 2522 1506 τὸν
2561 1453 2811 1507 Πιλᾶτον.
2854 1453 2915 1507 ’0
2959 1453 3015 1506 δέ
3073 1453 3391 1524 βουλόμενος
3442 1453 3666 1522 ποιῆσαι
3698 1450 3764 1502 τὸ

2192 1542 2400 1611 θέλημα
2436 1542 2633 1608 αὐτῶν,
2662 1541 2842 1594 λαϐὼν
2875 1540 3040 1612 ὕδωρ,
3087 1542 3384 1612 ἀπενίψατο
3435 1539 3753 1610 ἔμπροσθεν

2190 1634 2427 1698 πάντων,
2459 1632 2648 1700 εἰπὼν,
2687 1651 2705 1685 ι
2747 1633 2946 1695 Ἀθῶός
2971 1635 3086 1702 εἰμι
3115 1632 3223 1702 ἐγὼ
3247 1633 3352 1686 ἀπὸ
3401 1632 3494 1685 τοῦ
3525 1632 3762 1701 αἵματος

2189 1720 2281 1778 τῖῦ
2300 1723 2504 1777 δικαίου
2537 1723 2750 1776 τούτουο
2779 1723 2936 1792 ὑμεῖς
2965 1722 3181 1792 ὄψεσθε.
3226 1742 3245 1775 ι
3273 1724 3334 1776 Ol
3359 1722 3414 1775 δέ
3439 1719 3612 1785 εἷπον,
3647 1739 3666 1772 ι
3685 1721 3764 1773 T6

2191 1810 2330 1882 αἷμα
2363 1813 2528 1868 αὐτοῦ
2560 1813 2646 1882 ἐφ’
2671 1814 2821 1884 ἡμᾶς
2875 1813 2967 1866 καὶ
3026 1812 3120 1866 ἐπὶ
3171 1812 3239 1866 τὰ
3293 1813 3457 1865 τέκνα
3519 1811 3698 1882 ἡμῶν.
3732 1829 3756 1864 ι

2189 1905 2322 1958 Τότε
2354 1905 2637 1973 παρέδωκε
2694 1903 2786 1957 τὸν
2824 1902 3031 1974 Ἰησοῦν
3079 1905 3205 1968 τοῖς·
3240 1889 3625 1970 στρατιώταις,
3666 1901 3762 1954 ῖνα

2191 1995 2500 2065 σταυρωθῇ.
2547 1996 2609 2049 Ol
2663 1993 2720 2048 δὲ
2781 1993 3187 2063 παραλαϐόντες
3249 1993 3431 2060 αὐτὸν,
3465 1991 3762 2056 ἐνέπαιξαν

2191 2085 2366 2156 αὐτῷ,
2394 2089 2488 2140 καὶ
2522 2086 2823 2139 ἐνέπτυσαν
2853 2070 2929 2146 εἰς
2974 2085 3032 2137 τδ
3089 2087 3374 2154 πρόσωπον
3431 2082 3619 2146 αὐτοῦ,
3663 2083 3763 2135 καὶ

2190 2176 2572 2246 ἐμαστίγωσαν
2604 2175 2767 2228 αὐτόν
2793 2191 2807 2205 ·
2843 2174 3170 2244 ἐμερίσαντο
3208 2175 3264 2226 δὲ
3322 2174 3413 2227 καὶ
3443 2175 3510 2226 τὰ
3560 2174 3761 2242 ἱμάτια

2190 2269 2401 2322 τούτου.
2446 2267 2661 2336 Ἑφόρει
2683 2266 2738 2320 δέ
2770 2266 2862 2319 καὶ
2891 2266 3098 2336 χιτῶνα
3129 2265 3393 2335 ᾶρῤαφον,
3430 2263 3664 2332 ὕφαντὸν
3686 2263 3760 2316 δι’

2190 2361 2332 2423 ὅλου,
2356 2359 2598 2429 καὶπερὶ
2628 2357 2839 2410 ἐκείνου
2897 2357 3086 2409 ἔϐαλον
3108 2355 3330 2424 κλῆρον,
3365 2356 3513 2418 ποῖος
3573 2353 3763 2423 μέλλει

2191 2451 2377 2504 λαϐεῖν
2411 2449 2596 2503 αὐτόν.
2631 2450 2740 2504 Καὶ
2764 2446 2934 2501 ταῦτα
2973 2447 3315 2517 ποιήσαντες,
3342 2447 3626 2514 ἀπήγαγον
3669 2445 3764 2497 τὸν

2204 2541 2431 2611 Ἰησοῦν,
2458 2540 2541 2593 ἵνα
2571 2539 2875 2609 σταυρῶσιν
2904 2537 3086 2592 αὐτόν.
3131 2536 3415 2590 Ἐπότισαν
3439 2534 3570 2603 γοῦν
3596 2533 3764 2588 αὐτὸν

2193 2632 2286 2684 καὶ
2315 2631 2435 2696 ὅξος
2463 2630 2601 2699 μετά
2632 2630 2793 2700 χολῆς
2850 2627 3207 2698 μεμιγμένον,
3263 2620 3358 2679 καὶ
3407 2625 3767 2692 ἐσταύρωσαν

2194 2721 2374 2776 αὐτόν.
2407 2721 2509 2774 Καὶ
2536 2719 2819 2788 ἐσκοτίσθη
2873 2720 2900 2771 6
2941 2718 3089 2788 ἥλιος
3117 2717 3221 2769 ἀπὸ
3252 2715 3398 2783 ὥρας
3427 2715 3619 2785 τρίτης
3653 2714 3762 2776 ἕως

2193 2810 2342 2881 ὥρας
2373 2809 2620 2877 ἐννάτης,
2647 2809 2748 2862 καὶ
2771 2810 2836 2878 τῇ
2857 2807 3049 2878 ἐννάτῃ
3072 2806 3190 2876 ὥρᾳ
3208 2804 3466 2869 ἀπέθανε,
3493 2821 3766 2874 παριστα-

2199 2901 2376 2972 μένων
2407 2902 2464 2953 ἐν
2489 2900 2565 2971 τῷ
2607 2899 2826 2970 σταυρῷ
2887 2899 2986 2968 τῆς
3018 2915 3077 2950 τε
3130 2898 3288 2965 ἁγίας
3333 2895 3496 2949 αὑτοῦ
3553 2895 3759 2964 μητρὸς

2193 2997 2289 3049 καὶ
2316 2995 2433 3060 ἐνὸς
2455 2997 2518 3048 ἐκ
2549 2994 2656 3047 τῶν
2694 2993 2950 3062 μαθητῶν
2980 2991 3140 3045 αὐτοῦ
3164 2990 3257 3044 τοῦ
3295 2989 3560 3044 Ἰωάννου.
3598 2991 3662 3042 Οί
3698 2989 3760 3041 δέ

536 3103 624 3145 tur
654 3090 859 3146 muniri
899 3093 1210 3162 sepulcrum
1253 3107 1426 3161 usque
1467 3092 1534 3146 ad
1563 3090 1705 3145 diem
1731 3090 1991 3159 tertium;
2021 3106 2088 3146 ne

2197 3086 2346 3138 ἄλλοι
2372 3083 2801 3155 μαθηταὶ-αὐτοῦ
2839 3084 3036 3151 ἔφυγον
3066 3083 3286 3147 πάντες,
3313 3081 3408 3134 καὶ
3447 3078 3762 3150 ἐκρύϐησαν

534 3185 673 3239 forte
719 3184 975 3253 discipuli
1030 3183 1179 3238 illius
1208 3184 1494 3239 venientes
1520 3183 1773 3238 furentur
1800 3184 1973 3249 illum,
2035 3191 2094 3236 et

530 3275 725 3329 dicant.
755 3274 956 3343 populo
1010 3272 1155 3342 quod
1211 3273 1509 3328 surrexerit
1553 3289 1582 3326 a
1613 3273 1863 3335 mortuis,
1906 3282 1962 3327 et
2014 3271 2093 3327 sic

531 3381 684 3419 error
711 3372 1019 3435 postremus
1054 3361 1292 3417 deterior
1321 3362 1390 3417 sit
1416 3361 1617 3432 priori.
1636 3380 1654 3414 ι
1679 3361 1822 3415 Dixit
1841 3360 2048 3415 Pilatus
2074 3376 2088 3413 :

538 3477 556 3507 ι
595 3456 816 3510 Habetis
867 3453 1191 3519 custodiam,
1247 3452 1392 3508 abite
1427 3461 1480 3507 et
1526 3452 1799 3509 custodite
1825 3462 2090 3522 quantum

533 3550 781 3619 potestis.
813 3548 880 3600 lli
901 3554 1083 3601 autem
1114 3544 1340 3615 profecti
1384 3546 1738 3600 muniverunt
1756 3534 2089 3615 sepulcrum,

529 3641 879 3709 obsignantes
904 3635 1138 3706 lapidem
1163 3650 1269 3690 una
1289 3651 1411 3690 cum
1440 3635 1686 3690 custodia
1709 3653 1727 3686 ι
1751 3635 2090 3704 (custodiam

531 3740 716 3786 autem
779 3731 882 3784 hoc
931 3727 1052 3782 loco
1112 3736 1344 3781 turmam
1382 3727 1616 3780 militum
1651 3725 1963 3795 intelligas).
2025 3724 2093 3778 Et

508 3824 697 3888 ⁸ιρι-ιίο
735 3821 826 3877 die
846 3820 1024 3876 factus
1051 3828 1135 3874 est
1161 3828 1319 3874 terra:
1340 3828 1524 3873 motus
1553 3832 1782 3888 magnus
1803 3859 1816 3880 ,
1845 3827 1901 3872 et
1930 3818 2092 3872 devo-

505 3917 684 3984 ilutus
703 3920 787 3968 est
815 3911 956 3980 lapis
1003 3911 1068 3964 de
1103 3910 1379 3978 sepulcro,
1420 3917 1476 3962 et
1519 3909 1719 3963 milites
1751 3925 1861 3977 pra:
1895 3911 2091 3964 timore

438 4029 448 4039 -
536 4005 769 4060 mortuis
791 4012 918 4057 sunt
955 4000 1163 4055 similes
1191 3999 1341 4053 lacti.
1372 3997 1624 4054 Christus
1645 4009 1827 4053 autem
1857 4001 2092 4054 surrexit

501 4111 562 4154 ,e
593 4092 871 4161 sepulcro.
937 4089 1137 4143 Milites
1166 4104 1297 4143 vero
1338 4087 1566 4155 profecti
1627 4090 2092 4144 annuntiaverunt

509 4180 872 4251 ,principibns
893 4179 1234 4234 sacerdotum
1262 4178 1540 4232 etSeribis
1590 4178 1770 4231 omnia
1803 4195 1923 4248 qua:
1951 4180 2090 4234 facta

502 4275 784 4345 _t‘uera_nt;
818 4278 874 4324 et
901 4268 1176 4324 dederunt
1217 4269 1326 4322 illis
1356 4268 1641 4337 pontifices
1689 4269 1973 4337 pecuniam
2003 4283 2093 4322 co-

535 4362 768 4432 piosam,
795 4361 1042 4415 dicentes
1068 4358 1197 4424 illis,
1235 4359 1440 4413 «Dicite
1465 4359 1608 4428 quod
1633 4358 1792 4412 vobis
1815 4357 2091 4411 dormien-

2195 3178 2302 3232 ἀπὸ
2329 3177 2423 3232 τοῦ
2448 3179 2613 3248 φόϐου
2645 3177 2842 3230 αὐτῶν.
2877 3175 2985 3231 Καὶ
3021 3175 3192 3228 ἐλθὼν
3221 3169 3297 3237 εἷς
3324 3173 3435 3226 τῶν
3490 3188 3760 3239 στρατιω-

2193 3269 2299 3322 τῶν
2337 3269 2471 3338 μετά
2503 3268 2706 3338 ξίφους,
2733 3252 2916 3332 ἔνυξεν
2941 3253 3106 3320 αὐτοῦ
3128 3267 3222 3335 τὴν
3251 3265 3508 3332 πλευράν.
3556 3261 3761 3316 Ἐλθὼν

2191 3361 2247 3413 δὲ
2269 3353 2349 3422 εἷς
2372 3359 2480 3412 τῶν
2529 3359 2824 3428 ἀρχόντων,
2906 3356 3106 3426 Ἰωσὴφ
3147 3353 3573 3426 ὀνομαζόμενος,
3631 3353 3762 3422 ᾐτή-

2197 3467 2326 3502 σατο
2347 3449 2406 3502 τδ
2432 3448 2589 3516 σῶμα
2620 3447 2715 3500 τοῦ
2741 3445 2976 3518 Χριστοῦ
3013 3447 3089 3516 τῷ
3109 3446 3343 3514 uuam,
3371 3445 3465 3498 καὶ
3518 3443 3763 3496 καθελὼν

2192 3538 2351 3590 τοῦτο
2378 3538 2484 3590 ἀπὸ
2506 3537 2600 3590 τοῦ
2634 3536 2870 3606 σταυροῦ
2919 3538 3058 3605 μετά
3112 3537 3205 3590 καὶ
3255 3535 3466 3604 ἐτέρου,
3523 3532 3762 3600 τοῦνομα

2193 3625 2526 3696 Νικοδήμου,
2557 3626 2798 3697 ἐνείλησε
2842 3626 2979 3694 μετά
3036 3625 3293 3686 σινδόνο;,
3335 3621 3432 3676 καὶ
3489 3619 3762 3690 σμύρνης,

2193 3719 2323 3772 ὡσεὶ
2349 3719 2545 3788 λιτρῶν
2571 3718 2781 3771 ἐκατόν.
2811 3715 2965 3769 Οὕτω
2995 3717 3101 3786 γὰρ
3130 3711 3198 3786 ἦν
3230 3713 3346 3776 ἔθος
3372 3714 3482 3774 τοῖς
3539 3711 3765 3763 Ἰουδαί-

2193 3826 2274 3872 οις
2297 3810 2432 3879 μετά
2453 3809 2697 3878 σμύρνης
2727 3808 3087 3876 ἐνταφιάζειν.
3115 3804 3303 3876 Εὑρὼν
3317 3804 3373 3857 δέ
3389 3802 3482 3856 καὶ
3497 3802 3764 3871 μνημεῖον

2193 3894 2628 3965 λελατομημένον
2649 3897 2711 3948 ἐκ
2739 3894 2958 3962 πέτρας,
2983 3892 3149 3962 ξθαψε
3169 3891 3226 3943 τὸ
3256 3890 3413 3958 σῶμα
3431 3885 3522 3940 τοῦ
3559 3883 3740 3956 Ἰησοῦ

2195 3985 2307 4049 θεὶς
2343 3982 2430 4036 ἐπ’
2457 3983 2602 4054 αὖτῷ
2644 3985 2734 4036 καὶ
2786 3981 2932 4036 λίθον
2994 3982 3201 4053 σφόδρα
3256 3981 3449 4050 μέγαν.
3488 3978 3568 4047 Τῇ
3631 3975 3766 4042 γοῦν

2193 4076 2457 4146 ἐπαύριον
2487 4075 2731 4137 ἐλθόντες
2755 4074 2802 4125 οί
2853 4074 3199 4142 γραμματεῖς
3256 4071 3351 4122 καὶ
3375 4069 3424 4122 οῖ
3477 4067 3768 4136 Φαρισαῖοι

2193 4168 2328 4238 πρὸς
2362 4167 2607 4230 Πιλάτου,
2646 4163 2795 4219 εἷπον
2825 4165 3002 4232 αὐτῷ’
3053 4181 3070 4216 ι
3098 4162 3663 4233 Κύριε,ἐμνήσθημεν
3682 4162 3765 4213 ὅτι

2193 4258 2398 4320 ἐκεῖνος
2441 4257 2468 4308 6
2535 4256 2734 4318 πλάνος
2792 4251 2944 4306 εἶπεν
2991 4253 3070 4305 ἔτι
3119 4252 3225 4315 ζῶν
3271 4254 3352 4304 ὅτι
3411 4249 3567 4304 Μετά
3618 4250 3764 4318 τρεῖς

2193 4347 2408 4417 ἡμέρας
2455 4345 2756 4416 ἐγείρομαι.
2797 4344 3064 4397 Κέλευσον
3097 4341 3189 4426 οὖν
3229 4339 3624 4408 ἀσφαλισθῆναι
3671 4338 3762 4391 τὸν

539 4428 682 4506 tibus
711 4453 968 4506 venerint
991 4451 1243 4521 discipuli
1279 4451 1447 4514 illius,
1482 4460 1537 4504 et
1568 4448 1730 4503 furati
1771 4451 1880 4503 sint
1917 4449 2086 4502 illum.

2198 4443 2366 4508 τάφον
2393 4437 2499 4500 ἕως
2533 4439 2631 4505 τῆς
2661 4436 2850 4504 τρίτης
2877 4433 3111 4504 ἡμέρας.
3160 4433 3369 4502 μήποτε
3421 4430 3667 4491 ἐλθόντες
3716 4428 3768 4480 οἱ

451 4596 460 4607 ,
534 4543 687 4609 Quod
713 4544 1066 4598 siboccoram
1090 4540 1317 4612 praeside
1344 4541 1592 4594 auditum
1607 4539 1792 4602 fuerit,
1832 4555 1928 4594 nos
1963 4554 2094 4608 per-

537 4634 890 4688 suadebimus
911 4649 1058 4694 eum,
1095 4648 1298 4700 vosque
1320 4633 1469 4685 omni
1494 4646 1622 4684 cura
1659 4630 2025 4684 exsulvemus.
2071 4648 2087 4678 ι

538 4727 602 4778 lli
631 4740 756 4778 vero
781 4723 1009 4793 pecunia
1032 4731 1277 4790 accepta,
1303 4720 1549 4775 fecerunt
1575 4730 1633 4774 ut
1655 4721 1832 4774 edocti
1860 4720 2093 4775 fuerant.

502 4803 693 4887 :Jcsus
724 4825 906 4870 autem
938 4814 1127 4868 abiens
1153 4813 1362 4868 invenit
1387 4813 1682 4882 discipulos
1707 4828 1854 4876 suos,
1886 4823 1940 4867 et
1961 4813 2099 4866 dixit

497 4889 646 4986 ,inis
685 4889 756 4962 ;’‹
800 4908 906 4960 Pax
943 4905 1119 4960 vobis.
1156 4922 1174 4956 ι
1236 4904 1300 4957 l-li
1354 4919 1484 4980 vero
1513 4903 1759 4957 videntes
1816 4903 1967 4956 illum
2009 4917 2099 4972 ga-

499 5059 502 5064 ,
537 5001 639 5070 visi
667 5001 813 5053 sunt.
849 4999 916 5050 Et
953 5013 1078 5050 cum
1119 4995 1406 5050 mansisset
1463 4994 1603 5063 apud
1653 4994 1774 5049 illos
1819 4993 1938 5048 dies
1965 5008 2099 5064 qua-

507 5151 510 5154 .
537 5071 808 5161 draginta,
838 5089 1042 5142 docens
1059 5099 1115 5142 et
1140 5085 1654 5161 contirmanslillos,
1678 5085 1764 5140 die
1793 5085 2100 5165 quadrage-

537 5182 675 5234 sima
703 5180 808 5233 illis
833 5178 969 5232 dixit
1009 5195 1021 5230 :
1063 5193 1081 5226 ι
1120 5176 1402 5230 Abeuntes
1459 5175 1532 5228 ite
1566 5175 1619 5228 in
1663 5174 1926 5228 mundum
1968 5175 2095 5228 uni-
2171 5233 2174 5237 ,

538 5283 782 5333 versum,
806 5267 1103 5337 prmdic'ale
1123 5266 1389 5344 inomnes
1413 5275 1624 5336 gentes.
1655 5265 1755 5330 Qui
1778 5267 2096 5329 crediderit,

537 5369 591 5413 et
617 5359 924 5428 baptizatus
953 5356 1135 5418 fuerit,
1175 5355 1263 5408 hic
1312 5356 1631 5411 salvabitur.
1687 5355 1790 5421 Qui
1822 5372 1950 5410 vero
1985 5373 2094 5411 non

539 5447 859 5510 crediderit,
893 5445 1371 5499 condemnabitur.
1395 5445 1694 5500 Credentes
1731 5455 1913 5500 autem
1947 5447 2096 5517 signa

541 5539 656 5589 hare
683 5543 1089 5603 consequentur
1127 5550 1140 5586 :
1178 5534 1236 5588 In
1273 5534 1492 5588 nomine
1543 5550 1665 5588 meo
1694 5534 1959 5588 daemonia
1994 5535 2096 5601 eji-

538 5629 703 5689 cient,
757 5627 957 5696 linguis
1017 5627 1172 5678 nmis
1209 5626 1518 5693 loquentur,
1559 5635 1840 5693 serpentes
1883 5625 2093 5687 tollent,

542 5727 600 5768 sl.
621 5715 669 5766 si
689 5717 819 5783 quid
846 5717 1082 5771 lctlLiIcri
1102 5717 1359 5786 biberint,
1384 5733 1492 5773 non
1511 5717 1729 5772 nocebit
1758 5717 1897 5784 illis;
1931 5732 2094 5787 super

2203 4527 2440 4598 μαθηταὶ
2471 4524 2656 4589 αὑτοῦ,
2683 4524 2956 4594 κλέψωσιν
2989 4523 3173 4587 αὐτὸν,
3198 4523 3290 4575 καὶ
3321 4520 3514 4572 είπωσι
3541 4519 3616 4586 τῷ
3645 4517 3764 4584 λαῷ

2197 4620 2280 4672 ὅτι
2334 4617 2540 4688 ἠγέρθη
2575 4615 2683 4670 ἀπὺ
2723 4617 2830 4668 τῶν
2882 4615 3112 4686 νεκρῶν,
3155 4613 3247 4665 καὶ⁵
3292 4612 3443 4664 ἔσται
3491 4611 3522 4678 ἡ
3556 4607 3754 4676 ἐσχάτη

2198 4711 2373 4779 πλάνη
2425 4709 2624 4778 χείρων
2677 4709 2774 4776 τῆς
2829 4705 3071 4775 πρώτης.
3099 4722 3120 4755 ι
3153 4705 3296 4772 Ἔφη
3338 4702 3395 4754 δέ
3433 4703 3460 4752 6
3511 4697 3758 4760 Πιλᾶτος,

2205 4815 2224 4849 ι
2286 4797 2483 4867 Ἔχετε
2543 4795 2902 4858 κουστωδίαν,
2953 4793 3214 4858 ὑπάγετε,
3264 4787 3632 4858 ἀσφαλίσασθε
3687 4785 3764 4848 ὡς

2195 4893 2393 4944 οἴδατε.
2451 4890 2510 4942 ΟΞ
2553 4887 2608 4940 δὲ
2647 4884 2994 4949 ἀπελθόντες,
3031 4881 3396 4951 ἠσφαλίσαντο
3426 4879 3517 4930 τὸν
3565 4878 3764 4943 τάξον,

2199 4982 2596 5053 σφραγίσαντες
2643 4979 2731 5031 τὸν
2773 4977 2918 5057 λίθον
2987 4975 3122 5044 μετά
3198 4974 3298 5042 τῆς
3364 4971 3700 5026 κουστωδίας
3734 4987 3754 5019 ι

2199 5072 2519 5146 (κουστωόία
2535 5071 2591 5123 δέ
2612 5069 2828 5137 ἐλέγετο
2850 5070 2906 5120 τ“.ι
2923 5065 3106 5134 τάγμα
3123 5065 3228 5116 τῶν
3246 5061 3638 5130 στρατιωτῶν).
3655 5059 3767 5111 Καὶ

2197 5166 2262 5233 τῇ
2289 5161 2443 5230 τρίτῃ
2473 5159 2652 5228 ἡμέρᾳ
2676 5157 2890 5224 ἐγένετο
2924 5153 3144 5223 σεισμὸς
3174 5153 3362 5222 μέγας,
3388 5151 3480 5202 καὶ
3501 5148 3764 5219 ἐκυλίεθη

2199 5255 2227 5305 6
2261 5252 2404 5314 λίθος
2433 5254 2495 5304 ἐκ
2515 5249 2607 5302 τοῦ
2643 5247 2935 5318 μνημείου,
2965 5244 3058 5296 καὶ
3086 5245 3192 5296 ἀπὸ
3214 5243 3306 5295 τοῦ
3355 5241 3522 5310 φόϐου
3579 5239 3764 5291 αὐτῶν

2198 5345 2246 5396 οἱ
2282 5341 2611 5412 στρατιῶται
2641 5339 2887 5406 ἐγένοντο
2919 5336 3050 5392 ὡσεὶ
3077 5333 3285 5405 νεκροί.
3322 5334 3380 5387 Ὀ
3426 5332 3482 5384 δέ
3521 5329 3763 5400 Χριστὸς

2198 5438 2396 5506 ἀνέστη
2426 5438 2490 5488 ἐκ
2513 5434 2604 5487 τοῦ
2631 5433 2824 5500 τάφου.
2859 5432 2923 5483 Oi
2948 5429 3003 5482 δὲ
3049 5426 3380 5496 στρατιῶται
3431 5423 3764 5484 ἀπελθόντες

2199 5527 2539 5599 ἀπήγγειλαν
2558 5527 2664 5587 τοῖς
2685 5521 2993 5593 ἀρχιερεῦσι
3007 5521 3098 5572 καὶ
3114 5531 3526 5588 γραμματευσιν
3547 5516 3766 5568 artam

2200 5623 2267 5675 τὰ
2292 5621 2571 5688 γενόμενα.
2592 5619 2700 5671 Καὶ
2727 5616 2934 5668 ἔδωκαν
2957 5614 3134 5674 αὐτοῖς
3155 5613 3202 5663 οί
3225 5611 3501 5680 ἀρχιερεῖς
3519 5609 3768 5680 ἀργύρια

2203 5715 2382 5779 ἱκανὰ,
2441 5714 2682 5772 εἰπόντες
2744 5708 2875 5778 πρὸς
2925 5705 3140 5778 αὐτοὺς,
3178 5703 3425 5757 «Εἴπατε
3481 5701 3770 5775 ὃτιἩμῶν
