3970 6212
480 173 585 237 169
1426 180 1726 242 CONTRA
1764 180 2247 243 MAHOMETEM
2286 183 2662 244 APOLOGIA
2704 183 2784 243 II.
3593 172 3702 240 ιτο

366 318 383 329 ν
473 290 838 362 κοιμωμένων
861 287 1022 363 ἦλθον
1049 296 1097 348 oi
1124 295 1364 367 μαθηταὶ
1414 299 1602 365 αὑτοῦ,
1654 300 1749 355 καὶ
1806 300 2039 370 ἔκλεψαν

2170 302 2394 357 ntirmos
2418 316 2612 356 manus
2635 307 2862 371 ponent,
2894 302 3336 356 etsananuntur.
3373 296 3481 353 Vos
3514 304 3697 352 autem

471 382 658 435 αὐτόν.
698 382 806 435 Kal
827 383 923 435 ἐὰν
956 384 1196 456 ἀκουσθῇ
1254 387 1409 441 τοῦτο
1456 389 1548 441 ἐπὶ
1600 389 1694 443 τοῦ
1754 392 2038 462 ἡγεμόνος,

2165 393 2331 446 sedete
2367 390 2777 463 Hierosolymis,
2807 388 2985 445 donec
3033 392 3234 445 virtute
3265 403 3332 441 ex
3362 388 3474 442 alto
3506 386 3701 441 indua-

474 476 640 543 ήμεῖς
729 474 993 544 πείσομεν
1078 477 1261 555 αὑτὸν,
1325 473 1428 532 καὶ
1484 480 1629 550 ὑμᾶς
1706 482 2041 551 ἀμερίμνους

2165 481 2297 535 nini.
2334 500 2352 533 ι
2387 482 2454 536 Ει
2486 480 2766 535 benedixit
2794 480 2921 546 illis,
2971 478 3226 547 interque
3252 474 3703 533 benedicendum

474 566 799 635 ποιήσομεν.
840 585 859 619 ι
915 569 976 620 Ol
1005 567 1059 621 δέ
1120 568 1374 633 λαϐόντες
1418 572 1489 623 τὰ
1539 570 1799 642 ἀργύρια,
1858 572 2044 642 ἐποίη-

2165 573 2369 627 ιεεεεείι
2399 573 2465 627 ab
2490 571 2618 634 illis.
2650 580 2707 627 et
2729 571 2976 626 sublatus
3005 578 3091 625 est
3124 569 3177 623 in
3207 568 3375 624 cmlos
3396 607 3411 633 ,
3471 577 3525 621 et
3552 564 3708 620 sedet

410 676 445 735 ς
479 674 581 710 σαν
612 658 685 718 ὡς
721 658 1106 737 ἐδιδάχθησαν.
1156 660 1216 712 Ὀ
1257 662 1313 714 δέ
1361 661 1569 731 Ἰησοῦς
1630 663 1883 717 ἀπελθὼν
1916 657 2042 735 εὗρε

2165 662 2209 716 ιιι
2238 661 2484 716 dextram
2508 662 2626 717 Dei.
2658 661 2906 730 Apostoli
2941 669 3125 714 autem
3157 658 3367 713 reversi
3420 665 3549 711 sunt
3581 655 3710 711 Ilie-

483 750 612 810 τοὺς
652 748 899 817 μαθητάς
950 750 1133 811 αὑτοῦ,
1178 751 1273 803 καὶ
1309 748 1462 806 εἶπεν
1520 753 1737 817 αὐτοῖς,
1788 772 1807 805 ε
1840 756 2043 825 Εἰρήνη

2165 752 2473 822 'osolymam
2502 766 2624 805 cum
2656 751 2855 821 gaudio
2884 765 3102 819 magno,
3132 756 3514 817 exspectantes
3533 746 3706 800 virtu-

480 840 631 905 ὑμῖν.
653 830 682 889 ἰ
727 840 789 890 Ol
818 840 871 891 δέ
906 840 1107 902 ἰδόντες
1140 842 1323 907 αὐτὸν,
1351 844 1648 913 ἐχάρησαν.
1678 845 1785 897 Kal
1812 846 2046 916 ποιήσας

2170 857 2255 896 em
2279 858 2343 896 ex
2376 842 2487 894 alto
2512 840 2857 909 promissam.
2890 839 3020 904 Quis
3040 848 3218 893 autem
3240 838 3435 891 horum
3460 836 3708 890 omnium

486 929 607 993 μετ’
642 929 818 979 αὐτῶν
854 930 1067 999 ⁴ἡμέρας
1096 933 1526 999 τεσσαράκοντα,
1562 933 1655 986 καὶ
1687 934 1906 998 διδάξας
1952 935 2047 989 καὶ

482 1017 745 1086 στηρίξας
790 1017 1010 1082 αὐτοὺς,
1066 1022 1130 1088 τῇ
1183 1026 1595 1093 τεσσαρακοστῇ
1648 1024 1831 1093 ἡμέρα
1900 1024 2046 1091 λέγει

481 1104 620 1171 πρὸς
656 1105 849 1166 αὐτοὺς
871 1144 885 1168 ,
930 1123 948 1154 ι
994 1106 1349 1169 Ἀπελθόντες
1371 1111 1449 1172 εἰς
1469 1110 1557 1162 τὸν
1582 1111 1787 1181 κόσμον
1808 1112 2046 1180 ἅπαντα,

483 1195 756 1261 κηρύξατε
800 1196 977 1249 πάντα
1009 1198 1074 1249 τά
1111 1196 1259 1263 ἔθνη.
1306 1199 1363 1251 Ὀ
1400 1200 1698 1262 πιστεύσας
1728 1203 1821 1254 καὶ
1858 1202 2052 1271 βαπτι-

2165 1200 2265 1267 luo
2278 1202 2420 1255 niam
2449 1210 2632 1256 autem
2656 1202 2804 1256 varia
2836 1210 2922 1255 est
2939 1201 3135 1254 horum
3165 1199 3327 1266 ratio,
3353 1206 3407 1250 et
3428 1195 3707 1264 explicatu

486 1283 636 1344 σθεὶς
676 1285 1005 1354 σωθήσεται,
1060 1288 1086 1338 ὁ
1116 1287 1171 1339 δέ
1222 1291 1529 1358 ἀπιστήσας
1566 1291 2047 1361 κατακριθήσεται.

2165 1293 2386 1347 lilIicilis
2443 1301 2668 1362 propter
2718 1302 2959 1348 vestram
3024 1292 3424 1361 ignorantiam,
3478 1286 3710 1356 agedum

483 1377 696 1444 Σημεῖα
720 1376 775 1429 δὲ
805 1380 917 1439 τοῖς
950 1378 1275 1433 πιστεύσασι
1320 1379 1490 1433 ταῦτα
1537 1380 2047 1451 παρακολουθήσει·

2165 1371 2296 1452 ίιιοᾶ
2329 1384 2598 1454 reliquum
2657 1393 2741 1438 est
2784 1383 3128 1438 brevissimis
3181 1382 3386 1443 verbis,
3444 1386 3712 1446 quantum

489 1465 586 1518 Ἑν
623 1466 697 1535 τῷ
728 1467 952 1537 ὀνόματί
984 1486 1086 1538 μου
1119 1471 1371 1549 δαιμόνια
1425 1471 1730 1539 ἐκϐαλοῦσι,
1784 1472 2053 1541 γλώσσαις

2165 1474 2269 1529 [ieri
2303 1482 2512 1542 potest,
2543 1474 2914 1529 absolvemus.
2968 1472 3330 1542 Inspiciamus
3369 1471 3549 1537 itaque
3579 1480 3711 1536 pro-

480 1558 781 1626 λαλήσουσι
832 1565 1067 1624 καιναῖς,
1142 1562 1292 1632 δφεις
1348 1564 1560 1634 ἀροῦσι,
1611 1565 1713 1617 κᾶν
1752 1563 2051 1633 θανάσιμόν

2165 1565 2389 1636 phetias,
2426 1580 2546 1635 qua:
2574 1564 2644 1620 de
2659 1564 2865 1620 Christi
2893 1565 3146 1635 passione
3170 1561 3579 1633 copiosissimas,
3610 1573 3714 1613 ceu

477 1665 536 1699 τι
602 1651 818 1707 πίωσιν.
864 1653 925 1705 οὐ
980 1653 1055 1722 μὴ
1103 1628 1298 1717 αὐτοὺς
1353 1628 1554 1725 βλάψῃ,
1605 1657 1698 1709 ἐπὶ
1740 1628 2054 1726 ἁρῤὡσέους

2165 1665 2375 1712 torrens
2400 1656 2558 1724 aquis
2586 1665 2779 1710 auctus
2813 1656 3104 1720 nivalibus,
3136 1655 3429 1710 habentur.

481 1744 674 1811 χεῖρας
740 1744 1082 1815 ἐπιθήσουσι,
1111 1747 1204 1799 καὶ
1271 1746 1447 1809 καλῶς
1512 1746 1740 1811 ἕξουσιν.
1812 1748 1999 1817 Ὑμεῖς
2039 1746 2095 1800 δὲ
2145 1747 2402 1802 καθίσατε
2430 1748 2487 1800 ἐν
2514 1748 2579 1817 τῇ
2633 1747 2786 1800 πόλει
2839 1745 3216 1815 Ἰερουσαλήμ,
3277 1746 3378 1808 ἕως
3448 1738 3509 1796 οὗ
3567 1739 3718 1793 ἐνδύ-

480 1838 652 1905 σησθε
710 1838 939 1907 δύναμιν
993 1839 1052 1904 ἐξ
1125 1840 1313 1910 ὕψους.
1371 1859 1390 1892 ι
1460 1840 1564 1894 Kal
1622 1841 1912 1909 εὐλόγησεν
1949 1842 2165 1904 αὐτοὺς,
2208 1841 2301 1894 καὶ
2332 1841 2389 1894 ἐν
2410 1838 2495 1910 νιιῷ
2532 1838 2773 1908 εὐλογεῖν
2841 1837 3061 1903 αὐτοὺς,
3112 1838 3298 1904 διέστη
3359 1835 3452 1890 ἀπ’
3517 1832 3718 1896 αὐτῶν,

480 1934 577 1983 καὶ
617 1935 911 2002 ἀνεφέρετο
971 1935 1051 1998 είς
1090 1935 1214 1995 τοὺς
1254 1934 1533 2005 οὐρανοὺς,
1572 1935 1667 1987 καὶ
1718 1934 1968 1989 ἐκάθισεν
2007 1937 2070 1988 ἐκ
2102 1934 2291 2001 δεξιῶν
2348 1932 2440 1986 τοῦ
2485 1931 2641 1986 Θεοῦ.
2683 1932 2746 1985 Ol
2783 1931 2841 1984 δὲ
2888 1929 3177 1983 ἀπόστολοι
3243 1926 3588 1996 ὑπίστρεψαν
3637 1926 3719 1988 είς

491 2024 849 2096 Ἰερουσαλὴμ
909 2027 1045 2096 μετὰ
1089 2028 1261 2097 χαρᾶς
1336 2028 1595 2096 μεγάλης,
1635 2027 1977 2097 ἐκδεχόμενοι
2003 2025 2099 2097 τήν
2130 2025 2186 2092 ἐξ
2217 2025 2382 2095 ὕψους
2413 2024 2663 2093 δύναμιν.
2731 2023 2884 2077 Τίδέ
2927 2022 3058 2093 περὶ
3110 2021 3218 2078 τῶν
3262 2021 3598 2089 γεγονότωνς
3656 2018 3721 2070 Εί

489 2124 588 2190 μὲν
623 2121 761 2173 κατὰ
808 2122 990 2174 πᾶσαν
1046 2120 1330 2191 ἀκρίϐειαν
1356 2120 1743 2190 πειραθείημεν
1797 2120 2115 2184 σπουδάσαι,
2160 2122 2343 2190 γραφῇ
2389 2118 2572 2173 δοῦναι
2608 2120 2786 2174 πάντα
2851 2120 2919 2172 τὰ
2955 2116 3236 2187 γεγονότα,
3265 2115 3463 2185 πολλῆς
3501 2114 3568 2167 ἂν
3600 2130 3723 2181 σχο-

489 2210 582 2276 λῆς
616 2208 939 2279 δεηθείημεν
960 2226 973 2239 ·
1000 2209 1127 2262 ἐπεὶ
1173 2208 1230 2260 δὲ
1262 2207 1427 2271 πολύς
1461 2209 1609 2261 ἐστιν
1639 2211 1666 2262 ό
1688 2210 1817 2278 περὶ
1859 2203 2269 2276 τούτων’λόγος.
2300 2208 2392 2260 καὶ
2446 2207 2880 2278 δυσερμήνευτος
2908 2206 2998 2259 διὰ
3055 2206 3155 2276 τὴν
3219 2205 3495 2273 ἀγνωσίαν
3542 2201 3717 2271 ὑμῶν,

500 2300 623 2367 φέρε
646 2299 709 2367 δή
736 2298 921 2351 λοιπὸν
952 2299 1217 2367 εἴπωμεν,
1270 2299 1345 2361 ὡς
1378 2300 1435 2351 ἐν
1476 2299 1696 2370 βραχέσι
1736 2301 1913 2371 λόγοις
1964 2300 2026 2354 τὸ
2062 2301 2201 2355 κατὰ
2233 2299 2481 2371 δύναμιν.
2536 2300 2763 2369 Είδομεν
2814 2298 3146 2369 προφητείας
3171 2298 3260 2351 ἐπὶ
3279 2297 3340 2351 τὸ
3388 2296 3558 2359 πάθος
3623 2294 3721 2348 τοῦ

506 2389 751 2459 Χριστοῦ,
779 2390 966 2460 ὥσπερ
994 2392 1216 2461 νιφάδας
1247 2393 1459 2458 ὓδατος.
2588 2416 2603 2429 ο

2148 931 2385 987 sensus?
2448 930 2606 995 Quod
2660 931 2705 985 si
2740 930 2953 999 singula
3002 928 3302 983 secundum
3333 941 3551 981 omnem
3580 924 3705 979 dili-

2148 1021 2383 1092 gentiam
2412 1021 2686 1075 discutere
2715 1021 3001 1085 vellemus,
3052 1020 3347 1085 omniaque
3397 1031 3519 1085 qua:
3563 1014 3706 1068 faeta

2149 1120 2275 1164 sunt
2306 1110 2644 1174 describere,
2681 1110 2852 1164 multo
2877 1124 3007 1164 sane
3034 1124 3173 1178 npus
3207 1109 3539 1162 haberemus
3570 1105 3706 1158 otio.

497 2525 505 2531 -
570 2488 639 2550 ς’.
664 2487 1016 2557 Συνήχθησαν
1066 2488 1115 2541 οί
1164 2489 1455 2559 ἀρχιερεῖς,
1502 2490 1550 2543 οί
1599 2493 1966 2560 γραμματεῖς,
2007 2494 2055 2545 οί

495 2581 793 2648 Φαρισαῖοι,
845 2579 982 2631 ἀλλὰ
1018 2579 1206 2648 δήκαὶ
1266 2580 1511 2650 Ἡρώδης
1565 2582 1592 2632 ὁ
1639 2580 1913 2651 βασιλεὺς,
1962 2584 2089 2654 καὶ,

495 2672 715 2734 Πόντιος
772 2670 1000 2733 nam;
1052 2670 1193 2724 κατά
1224 2671 1316 2725 τοῦ
1347 2672 1606 2742 Χριστοῦ.
1664 2672 1774 2725 Kal
1825 2674 1972 2741 λέγει
2027 2676 2055 2727 ό

492 2765 673 2830 A2626,
703 2783 721 2815 ι
742 2766 859 2817 Ἵνα
879 2765 929 2817 τί
948 2765 1221 2835 ἐφρύαξαν
1252 2766 1400 2836 ἔθνη,
1428 2767 1523 2819 καὶ
1564 2767 1681 2821 λαοὶ¹
1716 2767 2053 2836 ἐμελέτησαν

494 2856 657 2918 κενά;
716 2856 1075 2925 ῐΙαρέστησαν
1103 2858 1151 2909 οἱ
1185 2856 1423 2925 βασιλεῖς
1447 2856 1547 2926 τῆς
1578 2855 1702 2924 γῆς,
1735 2856 1831 2910 καὶ
1868 2858 1917 2910 οἱ
1950 2857 2052 2926 ἄρ-

490 2963 681 3014 χοντες
707 2947 1047 3017 συνήχθησαν
1102 2948 1193 3002 ἐπὶ
1224 2948 1284 3001 τὸ
1333 2947 1483 3012 αὐτὸ,
1526 2947 1663 3001 κατὰ
1701 2945 1794 3001 τοῦ
1854 2947 2053 3018 Κυρίου

493 3038 589 3089 καὶ
619 3038 760 3091 κατὰ
790 3040 878 3090 τοῦ
902 3040 1137 3109 Χριστοῦ
1166 3039 1350 3094 αὑτοῦ.
1371 3053 1415 3091 ἰ

2229 2492 2286 2547 6.
2321 2490 2646 2562 Congregati
2673 2498 2798 2545 sunt
2829 2490 3135 2561 pontifices,
3168 2489 3385 2553 scribae,
3439 2486 3721 2552 Pharisaei,

2166 2594 2279 2639 tum
2312 2584 2477 2637 etiam
2516 2597 2610 2637 rex
2650 2580 2896 2636 Herodes
2928 2589 2983 2635 et
3012 2580 3218 2635 Pilatus
3245 2578 3511 2633 adversus
3561 2576 3724 2631 Chri-

2164 2682 2330 2728 stum.
2350 2672 2517 2725 David
2541 2680 2722 2726 autem
2747 2670 2917 2725 dicit:
2960 2689 2977 2723 ι
3009 2669 3187 2736 Quare
3222 2669 3563 2724 fremuerunt
3590 2682 3724 2737 gen-

2164 2769 2266 2823 tes,
2322 2744 2379 2813 et
2430 2757 2614 2827 populi
2652 2741 2899 2812 meditati
2954 2766 3084 2812 sunt
3141 2755 3367 2810 inania?
3421 2754 3723 2808 Astiterunt

2164 2863 2319 2919 reges
2367 2856 2548 2912 terrae,
2600 2858 2657 2905 et
2688 2849 2967 2919 principes
3027 2856 3404 2903 convenerunt
3442 2847 3495 2902 in
3526 2858 3719 2907 unum,

2164 2952 2355 2994 contra
2380 2939 2696 3007 Dominum,
2721 2947 2777 2994 et
2799 2947 2992 2993 contra
3012 2937 3295 2995 Christum
3334 2939 3453 3009 ejus
3470 2938 3571 2991 ⁸⁸.»

564 3120 630 3183 ζ’.
662 3104 965 3195 Παρέδωκε
984 3125 1076 3177 τὸν
1111 3126 1346 3193 Χριστὸν
1376 3127 1488 3187 τοῖς
1528 3124 1801 3190 Ἰουδαίοις
1849 3129 1929 3190 είς
1959 3127 2055 3183 θά-

2233 3129 2283 3183 7.
2324 3127 2566 3183 Prodidit
2603 3126 2883 3185 Christum
2934 3125 3139 3183 Iudaeis
3190 3126 3245 3179 in
3296 3134 3525 3181 mortem
3556 3123 3727 3181 ludas

493 3235 652 3269 νατον
698 3217 897 3279 Ἰούδας
922 3220 947 3269 ό
969 3216 1215 3287 μαθητὴς
1244 3216 1427 3273 αὑτοῦ.
1470 3219 1578 3271 Kal
1639 3217 1801 3271 πάλιν
1850 3218 1997 3287 λέγει
2029 3222 2058 3273 ὀ

494 3308 656 3368 αὐτὸς
688 3308 850 3359 Δαϐἰδ
915 3310 1046 3376 περὶ
1105 3307 1291 3373 αὐτοῦ,
1339 3329 1356 3362 ι
1429 3310 1491 3362 Οἱ
1527 3310 1711 3378 ἐχθροί
1755 3327 1855 3377 μου
1903 3306 2058 3364 εἷπον

468 3398 641 3450 ’κακά
672 3411 782 3465 μοι’
807 3399 942 3450 Πότε
977 3398 1457 3465 ἀποθανεῖται,καὶ
1491 3400 1770 3453 ἀπολεῖται
1811 3400 1871 3453 τὸ
1890 3400 2059 3469 ὄνομα

496 3489 665 3541 αὐτοῦ
694 3507 707 3555 ;
756 3489 868 3542 Kal
898 3490 1278 3560 εἰσεπορεύετο
1305 3489 1400 3543 τοῦ
1446 3490 1598 3552 ίδεῖν,
1634 3492 1811 3561 μάτην
1854 3490 2057 3546 ἐλάλει.

507 3580 575 3632 Ἠ
594 3581 789 3648 καρδία
819 3580 986 3633 αὐτοῦ
1026 3582 1333 3651 συνήγαγεν
1377 3582 1626 3651 ἀνομίαν.
1681 3581 2061 3652 Ἐξεπορεύετο

500 3669 628 3734 ἔξω,
679 3672 772 3722 καὶ
802 3670 982 3723 ἐλάλει
1011 3670 1103 3722 ἐπὶ
1152 3670 1214 3723 τὸ
1232 3671 1386 3726 αὑτό.
1418 3670 1529 3724 Καὶ
1559 3672 1668 3740 γὰρ
1722 3672 1750 3723 δ
1776 3671 2061 3741 ἄνθρωπος

498 3763 600 3827 τῆς
624 3761 851 3830 εἰρήνης
883 3778 1008 3830 μου,
1060 3760 1089 3812 ό
1112 3761 1308 3818 ἐσθίων
1348 3761 1548 3831 ἄρτους
1574 3778 1696 3831 μου,
1730 3761 2062 3828 ἐμεγάλυνεν

504 3854 591 3902 ἐπ’
615 3852 713 3919 ἐμὲ
742 3854 1091 3921 πτερνισμόν.
1135 3852 1490 3921 Κατάστησον
1544 3852 1631 3905 ἐπ’
1682 3853 1844 3904 αὑτὸν
1887 3853 2066 3922 ἀμαρ-

505 3944 697 4006 τωλδν,
722 3946 814 3996 καὶ
839 3942 1087 4007 διάϐολος
1118 3942 1298 4013 στήτω
1321 3946 1383 3997 ἐκ
1408 3944 1599 4010 δεξιῶν
1637 3943 1827 3999 αὑτοῦ.
1883 3943 1972 3996 Ἐν
1989 3943 2066 4013 τῷ
2126 3962 2129 3965 ‘

2163 3217 2465 3287 diSCipulus
2483 3217 2624 3287 ejus.
2682 3216 2746 3272 Et
2779 3232 2997 3273 rursum
3030 3217 3098 3271 de
3146 3216 3337 3272 eodem
3380 3216 3524 3271 idem
3556 3214 3725 3270 David

2160 3311 2474 3380 loquitur:
2550 3311 2816 3365 «Inimici
2878 3310 2984 3365 mei
3029 3310 3282 3364 dixerunt
3346 3309 3480 3363 mihi
3542 3310 3721 3363 mala:

2161 3395 2388 3465 Quando
2407 3401 2691 3465 morietur,
2706 3409 2757 3455 et
2775 3400 2975 3469 peribit
2989 3414 3186 3453 nomen
3203 3398 3355 3469 ejus?
3376 3397 3442 3453 Et
3457 3397 3730 3469 ingredie-

2162 3496 2321 3550 batur
2347 3505 2404 3550 ut
2434 3494 2667 3560 videret,
2698 3492 2834 3548 vana
2860 3495 3209 3563 loquebatur,
3274 3509 3369 3548 cor
3395 3494 3543 3547 illius
3591 3508 3728 3546 con-

2164 3585 2405 3656 gregavit
2441 3584 2809 3652 iniquitatem.
2842 3584 3240 3652 Egrediebatur
3266 3581 3431 3643 foras,
3458 3581 3732 3649 etloque-

2165 3677 2327 3731 batur
2362 3675 2417 3728 in
2478 3675 2739 3742 ldipsum.
2790 3672 3007 3728 Etenim
3049 3674 3210 3726 homo
3262 3672 3412 3742 pacis
3441 3687 3596 3734 meae,
3633 3673 3730 3740 qui

2166 3767 2402 3823 comedit
2448 3764 2617 3835 panes
2658 3781 2830 3828 meos,
2894 3763 3257 3834 magniﬁcavit
3320 3764 3585 3818 adversus
3644 3778 3733 3817 me

2168 3860 2665 3930 supplantationem
2703 3859 2768 3913 ⁸⁷.
2803 3858 3088 3913 Censtitue
3116 3872 3283 3926 super
3325 3871 3449 3911 eum
3477 3866 3736 3926 peccato-

2170 3967 2308 4013 rem,
2367 3948 2422 4004 et
2479 3949 2840 4004 calumniator
2883 3958 2991 4003 stet
3018 3964 3048 4002 a
3077 3948 3284 4024 dextris
3313 3947 3452 4017 ejus.
3510 3946 3736 3999 Etcum

504 4035 795 4104 κρίνεσθαι
830 4038 1016 4101 αὑτὸν,
1050 4036 1256 4101 ἐξέλθοι
1287 4032 1838 4106 καταδεδικασμένος,
1892 4039 1987 4091 καὶ
2016 4038 2062 4111 vi)

2167 4042 2442 4113 judicatur
2470 4050 2625 4094 exeat
2658 4041 3055 4097 condemnatus
3078 4082 3091 4105 ,
3146 4050 3202 4094 et
3240 4053 3430 4108 preces
3458 4038 3575 4109 ejus
3607 4038 3740 4091 ﬁant

508 4125 781 4195 προσευχὴ
805 4125 970 4178 αὐτοῦ
1002 4126 1241 4193 γενέσθω
1281 4129 1360 4189 είς
1399 4128 1695 4197 ἁμαρτίαν.
1746 4128 2062 4199 Γενηθήτω·

2174 4134 2229 4186 in
2261 4141 2569 4202 peccatum.
2601 4131 2759 4186 Fiant
2785 4131 2904 4186 dies
2934 4132 3050 4201 ejus
3075 4130 3257 4201 pauci,
3289 4129 3736 4200 etepiscopatum

508 4231 609 4266 σαν
629 4217 686 4267 al
718 4217 923 4286 ἡμέραι
950 4218 1113 4270 αὐτοῦ
1142 4218 1342 4285 ὀλίγαι,
1376 4221 1467 4272 καὶ
1496 4220 1592 4288 τὴν
1636 4221 1939 4291 ἐπισκοπὴν
1970 4222 2062 4275 αὺ-

2174 4225 2294 4292 ejus
2330 4221 2562 4290 accipiat
2618 4222 2777 4275 alter.
2830 4222 2887 4274 In
2945 4220 3296 4290 generatione
3330 4235 3439 4274 una
3489 4219 3740 4273 deleatur

505 4307 601 4359 τοῦ
632 4307 783 4361 λάϐοι
816 4309 1025 4379 ἔτερος.
1080 4309 1175 4361 Ἐν
1238 4311 1401 4379 γενεᾷ
1464 4312 1566 4381 μιᾷ
1616 4310 1961 4382 ἐξαλειφθείη
2009 4312 2062 4365 τὲ

2176 4328 2376 4367 nomen
2397 4313 2534 4378 eius.
2557 4311 2613 4364 In
2639 4310 2963 4362 memoriam
2991 4309 3178 4362 redeat
3203 4305 3504 4376 iniquitatis
3525 4313 3741 4374 patrum

505 4399 682 4467 ὄνομα
702 4400 893 4466 αὑτοῦ,
919 4402 1301 4471 ἀναμνησθείη
1334 4404 1368 4470 ή
1400 4403 1600 4471 ἀνομία
1653 4405 1762 4457 τῶν
1818 4405 2062 4475 πατέρων

2174 4401 2294 4472 ejus
2324 4400 2378 4453 in
2402 4408 2700 4467 conspectu
2728 4395 2943 4448 Domini
2966 4411 2983 4459 ;
3010 4404 3061 4449 et
3086 4404 3370 4463 peccatum
3402 4392 3594 4445 matris
3618 4391 3740 4458 ejus

510 4491 677 4543 αὑτοῦ
708 4490 893 4544 ἔναντι
932 4492 1165 4563 Κυρίου,
1200 4495 1357 4563 καὶὴ
1406 4494 1655 4564 ἁμαρτία
1718 4494 1819 4562 τῆς
1869 4496 2062 4565 μητρὸς

2178 4506 2286 4546 non
2314 4490 2584 4544 deleatur.
2612 4487 2900 4556 Dispereat
2925 4484 2993 4539 de
3019 4494 3163 4540 terra
3193 4485 3451 4538 memoria
3481 4483 3621 4552 ejus.
3656 4481 3746 4534 Di-

510 4581 673 4634 αὐτοῦ
696 4583 770 4653 μὴ
790 4582 1157 4653 ἐξαλειφθείη.
1227 4582 1670 4654 Ἐξολοθρευθείη
1707 4584 1773 4638 ἐκ
1798 4586 1904 4655 γῆς
1937 4601 2062 4657 μνη·

2176 4577 2307 4631 luxit
2334 4575 2799 4639 maledictionem,
2826 4581 2886 4628 et
2913 4574 3096 4629 veniet
3117 4574 3167 4627 ei
3192 4588 3208 4636 ;
3231 4582 3288 4627 et
3308 4588 3415 4625 non
3440 4571 3612 4625 voluit
3645 4570 3747 4624 be-

517 4674 745 4743 μόσυνον
780 4675 969 4729 αὑτοῦ.
1015 4676 1305 4745 Ἠγάπησε
1342 4676 1613 4745 κατάραν,
1639 4678 1733 4729 καὶ
1754 4675 1875 4746 ἥξει
1900 4676 2062 4745 αὐτῷ.

2178 4669 2567 4735 ncdictionem,
2594 4675 2649 4722 et
2679 4666 3028 4737 elongahitur
3051 4665 3119 4720 ab
3147 4680 3215 4721 eo
3244 4664 3345 4721 ⁸⁸.»

515 4764 609 4814 καὶ
640 4763 739 4815 οὐκ
765 4762 1031 4833 ήθέλησεν
1062 4764 1335 4830 εὐλογίαν,
1379 4764 1476 4816 καὶ
1510 4763 1956 4832 μακρυνθήσεται
1985 4763 2081 4816 ἀπ’

516 4856 703 4909 αὑτοῦ.
738 4875 756 4907 ι

583 4945 655 5016 η’.
695 4946 1016 5017 Παρέλαϐον
1053 4946 1103 4999 οι
1149 4945 1394 4999 Ἰουδαῖοι
1425 4944 1517 4997 τὸν
1538 4944 1801 5015 Χριστὸν,
1828 4943 2062 5012 καὶάπή·

2256 4932 2311 4986 8.
2344 4928 2837 5007 Apprehenderunt
2865 4925 3037 4981 Judazi
3083 4923 3385 4987 Christum,
3408 4931 3465 4977 et
3495 4916 3744 4975 abduxe-

516 5013 686 5105 γαγον
717 5013 881 5090 αὐτὸν
930 5039 1010 5099 είς
1038 5020 1169 5097 τοὺς
1204 5037 1501 5107 ἀρχιερεῖς.
1532 5013 1640 5089 Kal
1672 5035 1820 5103 λέγει
1844 5035 2062 5095 Ἡσαΐας

2187 5033 2316 5078 runt
2342 5038 2466 5077 eum
2496 5022 2564 5075 ad
2601 5020 2871 5090 principes
2894 5017 3256 5071 sacerdotum.
3283 5015 3349 5068 Et
3377 5015 3445 5068 de
3470 5014 3572 5067 hoc
3590 5013 3750 5068 Jere-

519 5133 647 5201 περὶ
680 5132 870 5194 αὑτοῦ,
910 5148 929 5181 ι
972 5130 1115 5198 Ἐγὼ
1142 5128 1198 5182 δὲ
1238 5128 1315 5192 ὡς
1355 5128 1541 5200 ἀρνίον
1592 5127 1800 5181 ἄκακον
1864 5126 2062 5195 ὴγόμηι

2190 5116 2327 5169 mias
2359 5114 2493 5167 dicit
2526 5129 2540 5166 :
2602 5132 2620 5162 ι
2672 5113 2785 5180 Ego
2814 5124 2944 5163 vero
2984 5117 3241 5176 tanquam
3280 5121 3452 5176 agnus
3483 5106 3751 5160 innocens

517 5221 607 5275 τοῦ
634 5222 855 5275 θύεσθαι
908 5240 924 5267 ι

2188 5207 2450 5272 ducebar,
2494 5214 2556 5258 ut
2594 5214 2863 5257 mactarer
2882 5201 2953 5255 ⁸⁹.
2987 5219 3006 5252 ι

591 5319 655 5366 θ’.
692 5313 925 5366 Ἔλαϐεν
994 5313 1194 5376 Ἰούδας
1222 5314 1519 5383 τριάκοντα
1547 5308 1809 5380 ἀργύρια,
1854 5307 1950 5360 καὶ
1968 5307 2062 5359 πά·

2263 5304 2317 5358 9.
2347 5300 2571 5369 Accepit
2593 5298 2763 5354 Judas
2784 5296 3007 5365 triginta
3046 5295 3354 5365 argenteos,
3383 5298 3754 5358 emeruntque

520 5408 604 5461 λιν
632 5406 855 5478 ἔρριψεν
878 5408 1040 5471 αὐτὰ,
1071 5408 1165 5461 καὶ
1191 5378 1472 5477 ἠγόρασαν
1489 5403 1549 5469 ἐξ
1584 5378 1763 5457 αὐτῶν
1791 5400 1881 5453 τὸν
1905 5399 2062 5466 am

2189 5412 2288 5468 pro
2321 5394 2429 5449 illis
2457 5406 2646 5461 agrum
2683 5387 2852 5459 ﬁguli.
2904 5387 2973 5442 Et
3021 5384 3287 5441 Jeremias
3342 5380 3477 5437 dicit
3510 5397 3525 5435 :
3556 5397 3576 5432 ι
3624 5378 3753 5438 Sta-

592 5569 637 5602 “
663 5571 883 5637 Psal.n,
924 5567 1043 5634 1,2.
1122 5536 1336 5624 87l‘sal.
1371 5582 1453 5630 xc,
1489 5565 1518 5617 7
1564 5558 1659 5619 ιο.
1721 5564 1762 5591 ⁸⁸
1806 5563 1945 5617 Psal.
1979 5574 2127 5628 cvm,
2166 5563 2193 5613 7
2231 5560 2307 5613 18.
2391 5556 2431 5585 ⁸³³
2476 5554 2675 5611 Jcrem.
2723 5568 2794 5619 xu,
2838 5547 2920 5603 l9.
3638 5594 3706 5663 ξ,
