3970 6212
299 149 402 214 m
1467 156 1788 218 JOANNIS
1827 155 2352 228 CANTACUZENI
2447 150 2474 165 ’
3159 215 3162 218 -
3416 175 3527 240 ιτε

291 273 519 322 tuerunt
583 262 807 335 triginta
861 273 1182 335 argenteos,
1245 266 1483 335 pretium
1541 270 1856 337 appretiati,

1985 273 2052 326 ὀῦ
2108 277 2419 346 κεραμέως.
2471 279 2582 332 Καὶ
2630 279 2775 348 λέγει
2843 281 3137 352 Ἱερεμίας,
3185 303 3203 336 ι
3249 286 3529 358 Ἕστησαν
3596 267 3628 293 ⁸

291 370 458 426 quem
486 355 815 410 :estimatum
867 365 1120 411 emerunt
1167 371 1197 410 a
1230 357 1354 412 ﬁliis
1385 359 1573 422 Israel,
1605 368 1656 414 et
1691 360 1856 414 dede-

1985 365 2032 418 τὰ
2059 359 2355 436 τριάκοντά
2385 369 2625 448 ἀργύρια
2655 371 2753 439 τὴν
2783 371 2946 444 τιμὴν
2995 375 3090 427 τοῦ
3129 355 3528 448 τετιμημένου,

292 455 430 501 runt
457 461 520 501 ea
555 447 609 500 in
641 462 831 517 agrum
866 446 1037 515 ﬁguli,
1077 449 1537 516 quemadmodum
1572 451 1857 506 constituit

296 534 428 562 ..ηςιά
461 533 722 562 ΠΑωῖηηα
742 533 791 562 90
847 551 863 562 .

1985 474 2018 507 ιν
2039 458 2369 527 ἐτιμήσαντο
2395 447 2507 512 ἀπδ
2532 462 2666 516 υἱῶν
2693 453 2932 534 Ἰσραὴλ,
2977 467 3072 518 καὶ
3114 446 3323 520 ἔδωκαν
3383 470 3530 523 αὐτὰ

296 534 432 588 mihi
461 533 724 588 Dominus
742 533 808 586 '0.
845 551 864 583 ι

368 717 456 770 10.
486 716 762 771 Venerunt
809 715 931 771 falsi
971 724 1158 784 testes,
1189 727 1244 773 et
1285 721 1565 775 mendacia
1596 721 1860 777 adversus

295 807 572 860 Christum
617 805 787 861 locuti
827 814 974 861 sunt.
1035 807 1102 861 Et
1142 823 1360 864 rursum
1416 811 1557 865 dicit
1616 813 1786 867 David
1841 833 1854 868 :

301 916 319 948 ι
357 898 655 967 Surgentes
691 897 745 951 in
795 912 882 952 me
919 905 1088 953 testes
1135 898 1337 969 iniqui,
1382 917 1503 971 quae
1539 903 1859 972 ignorabam

294 990 768 1059 interrogaverunt
807 1004 918 1056 me,
946 998 1001 1043 et
1039 989 1401 1048 reddiderunt
1431 993 1564 1048 mihi
1593 996 1731 1050 mala
1762 1009 1861 1065 pro

294 1081 533 1135 bonis“.
563 1099 582 1132 ›

364 1171 450 1224 Η.
487 1169 811 1240 Congregati
843 1181 973 1226 sunt
1005 1171 1150 1240 apud
1179 1173 1457 1244 principes
1484 1174 1860 1244 sacerdotum,

291 1261 503 1316 Annam
518 1271 572 1316 et
589 1263 868 1329 Caipham,
888 1263 1177 1318 illudentes
1189 1263 1431 1319 Christo.
1452 1265 1523 1320 Dc.
1539 1268 1642 1320 hoc
1659 1267 1828 1321 David
1845 1285 1862 1322 :

302 1373 319 1404 ι
347 1350 840 1407 Circumdederunt
891 1367 978 1408 me
1027 1368 1190 1408 canes
1224 1355 1404 1420 multi,
1454 1356 1596 1410 tauri
1637 1359 1866 1427 pingues

296 1444 774 1500 circumsteterunt
791 1459 878 1499 me
891 1445 956 1498 θ’.
972 1443 1276 1514 Opprobria
1296 1448 1752 1515 oppt‘obrant‘i’um'
1764 1450 1865 1504 tibi

297 1534 615 1600 ceciderunt
665 1547 831 1602 super
892 1536 1065 1590 me".
1110 1536 1455 1605 Multiplica‘ti
1513 1548 1643 1594 sunt
1698 1542 1864 1610 supra

299 1625 528 1694 capillos
559 1625 754 1695 capitis
780 1627 1017 1695 mei,qui
1054 1642 1142 1682 me
1177 1628 1303 1682 odio
1319 1628 1521 1684 habent
1541 1631 1659 1686 sine
1677 1645 1861 1686 causa.

297 1716 647 1771 Co'rroborati
696 1728 824 1772 sunt
880 1717 1089 1772 inimici
1133 1719 1263 1782 mei,
1311 1727 1369 1773 et
1403 1720 1497 1788 qui
1555 1736 1641 1777 me
1679 1723 1867 1792 perse-

297 1817 542 1875 quuntur
575 1808 794 1877 injuste.
825 1809 954 1875 Quae
993 1819 1100 1864 n‘on
1132 1811 1285 1878 rapui
1315 1811 1382 1866 de
1438 1812 1550 1867 illis
1606 1815 1876 1869 multatus

298 1912 418 1952 sum
441 1899 506 1954 ⁸⁸.
547 1918 566 1950 ι
611 1899 724 1956 lloc
749 1908 852 1962 est,
895 1900 1068 1956 Adam
1095 1902 1327 1972 quidem
1351 1907 1418 1957 ex“
1453 1905 1652 1959 arbore
1677 1905 1869 1975 prohi-

301 1989 413 2044 bita
461 1991 776 2056 comedens,
813 1993 958 2060 juste
989 2000 1242 2050 mortuus
1275 2003 1394 2061 est;
1439 1995 1700 2052 Christus
1728 2001 1864 2054 vero

300 2079 510 2146 peccati
539 2079 779 2148 ignarus,
811 2080 1009 2150 injuste
1040 2091 1272 2137 mortem
1300 2085 1492 2139 subiit.

372 2170 459 2222 152.
481 2169 851 2224 'fracliderunt
876 2172 1154 2226 Christum
1191 2173 1389 2241 Pilato,
1419 2175 1622 2231 Pilatus
1645 2193 1866 2234 rursum
1935 2170 1943 2177 ’

301 2261 605 2328 militibus;
644 2261 877 2326 bivero
933 2273 1206 2317 exuerunt
1235 2281 1383 2331 eum,
1441 2275 1499 2320 et
1559 2268 1870 2324 diviserunt

305 2354 626 2407 vestimenta
663 2354 832 2417 illius,
862 2370 1026 2423 super
1056 2355 1294 2409 tunicam
1323 2372 1452 2411 vero
1480 2358 1866 2415 inconsutilem

304 2444 575 2498 miserunt
603 2454 827 2509 sortem,
860 2461 928 2499 ne
958 2461 1077 2499 eam
1137 2447 1536 2502 discinderem.
1573 2451 1638 2506 Et
1670 2452 1737 2506 de
1766 2453 1870 2509 hoc

308 2533 472 2587 David
522 2533 766 2602 loquitur
797 2551 812 2587 :
848 2553 867 2584 ι
905 2534 1216 2590 Diviserunt
1258 2538 1584 2593 vestimenta
1615 2557 1732 2596 mea
1763 2541 1870 2596 sibi

307 2625 461 2692 ipsis,
530 2636 581 2678 ct
649 2640 815 2693 super
880 2628 1140 2680 vestitum
1192 2643 1372 2682 meum
1420 2630 1688 2686 miserunt
1755 2649 1870 2688 sora

308 2723 416 2769 tem
432 2715 496 2768 θ’.
542 2733 560 2765 ι

380 2807 469 2860 15.
521 2806 825 2862 induerunt
891 2822 1015 2862 eum
1065 2809 1254 2864 tunica
1311 2812 1598 2878 probrosa.
1635 2813 1712 2867 De
1762 2829 1872 2882 quo

1959 546 2038 608 είς
2057 547 2147 599 τὸν
2169 548 2336 617 ἀγρὸν
2373 551 2468 603 τοῦ
2499 553 2812 623 κεραμέως,
2843 555 2987 608 καθὰ
3016 557 3272 622 συνέταξε
3297 575 3385 627 μοι
3406 559 3529 612 Κύ-

1997 655 2096 691 ιος.
2138 657 2157 690 1

1997 655 2096 691 ιοί.
2138 657 2157 690 ι

1963 655 1993 707 ρ
2037 673 2091 780 ιῗ.
2123 724 2330 783 Ἦλθον
2361 730 2832 816 ψευδομάρτυρες,
2860 737 2954 789 καὶ
2985 736 3170 806 ἔλεγον
3188 736 3357 806 ψευδῆ
3387 738 3537 792 κατὰ

1960 817 2054 870 τοῦ
2081 817 2343 890 Χριστοῦ.
2376 821 2481 874 Καὶ
2510 822 2656 889 λέγει
2701 823 2857 877 πάλιν
2882 825 2911 877 6
2948 826 3133 892 Aa6l8,
3171 846 3188 878 ι
3234 825 3533 881 Ἀναστάν-

1960 924 2052 971 τες
2082 925 2170 975 μοι
2211 911 2488 982 μάρτυρες
2523 914 2723 981 ἄδικοι,
2766 914 2802 968 ἀ
2830 916 2930 970 οὐκ
2967 919 3266 986 ἒγίνωσκον
3299 919 3533 989 ἠρώτων

1964 1016 2053 1070 με.
2100 1002 2548 1058 ’Λνταπεδίδοσάν
2588 1023 2688 1076 μοι·
2719 1003 2933 1079 πονηρά
2981 1009 3103 1064 ἀντὶ
3138 1011 3383 1078 ἀγαθῶν.
3427 1031 3446 1064 ι

2037 1186 2126 1238 ια’.
2168 1182 2525 1252 Συνήχθησαν
2575 1185 2656 1247 εἰς
2683 1183 2807 1246 τοὺς
2839 1185 3142 1255 ἀρχιερεῖς,
3203 1186 3295 1240 τὸν
3332 1187 3536 1241 Ἀνναν

1965 1275 2174 1352 καὶτὸν
2206 1276 2484 1344 Καϊάφαν,
2547 1276 2907 1345 ἐμπαίζοντες
2927 1277 3004 1347 τῷ
3033 1277 3274 1348 Χριστῷ.
3312 1280 3418 1332 Καὶ
3445 1280 3536 1333 λέ-

1965 1383 2052 1434 γει
2074 1363 2229 1434 αὖθις
2261 1369 2288 1420 6
2323 1369 2485 1431 αὐτὸς
2515 1361 2701 1437 Δαόὶδ,
2733 1386 2754 1420 ι
2795 1361 3251 1439 Περιεκύκλωσάν
3280 1387 3347 1437 με
3367 1369 3534 1433 κύνες

1968 1459 2173 1522 πολλοὶ,
2211 1459 2401 1528 ταῦροι
2452 1459 2637 1522 πίονες
2705 1458 2999 1529 περιέσχον
3029 1473 3118 1529 με,
3153 1460 3202 1512 οἱ
3238 1460 3536 1530 ὀνειδισμοὶ

1967 1549 2077 1602 τῶν
2107 1547 2477 1612 ὀνειδιζόντων
2509 1565 2568 1600 σε
2610 1549 2881 1602 ἐπέπεσον
2945 1549 3034 1600 ἐπ’
3065 1549 3191 1618 ἑμέ.
3237 1549 3537 1617 Ἐπληθύνο

1968 1639 2140 1708 θησαν
2169 1638 2308 1706 ὑπὲρ
2338 1637 2438 1703 τὰς
2467 1638 2656 1707 τρίχας
2691 1638 2796 1707 τῆς
2822 1637 3064 1708 κεφαλῆς
3097 1656 3204 1707 μου
3234 1640 3281 1690 οἱ
3314 1639 3539 1708 μισοῦν-

1967 1730 2057 1792 τές
2094 1746 2162 1798 με
2194 1729 2427 1797 δωρεάν,
2493 1728 2979 1798 Ἐκραταιώθησαν
3020 1731 3068 1782 οἱ
3097 1727 3280 1798 ἐχθροί
3328 1746 3453 1798 μου,
3483 1730 3536 1782 οε

1968 1795 2324 1880 ὲκδιῶκοντές
2355 1835 2422 1885 με
2451 1795 2672 1880 ἀδίκως.
2718 1819 2785 1870 ’Δ
2819 1795 2916 1886 οθχ
2946 1795 3218 1887 ἥρπαζον,
3252 1795 3376 1870 τότε·
3398 1817 3538 1869 ἀπε-

1967 1909 2196 1962 τίννυον.
2241 1927 2261 1961 ι
2293 1909 2606 1974 Τουτέστιν,
2639 1909 2667 1960 6
2699 1907 3016 1978 μένθΑδάμ,
3079 1908 3270 1976 φαγὼν
3297 1908 3404 1960 ἀπὺ
3443 1907 3540 1959 ιοῦ

1971 1999 2148 2063 ξύλου,
2185 1995 2408 2060 δικαίως
2460 1999 2752 2062 ἀπέθανεν,
2783 1999 2812 2050 6
2845 2000 2901 2052 δὲ
2946 2000 3211 2068 Χριστὸς,
3266 2001 3342 2069 μῆ
3371 2000 3536 2068 γνοὺς

1975 2091 2279 2158 ἁμαρτίαν,
2313 2091 2523 2158 ὑπέστη
2575 2090 2670 2144 καὶ
2694 2083 2849 2152 οὗτος
2891 2089 3093 2152 ἀδίκως
3145 2089 3392 2144 θάνατον.

2043 2177 2134 2246 ιβ’.
2192 2177 2527 2248 Παρέδωκαν
2584 2177 2677 2230 τὸν
2732 2175 2968 2245 Χριστὸν
3006 2174 3085 2244 τῷ
3130 2175 3370 2245 Πιλάτῳ,
3411 2178 3440 2228 6
3480 2176 3540 2228 δὲ

1970 2267 2202 2330 Πιλᾶτος
2233 2270 2347 2331 τοῖς
2370 2268 2757 2338 στρατιώταις.
2783 2267 2846 2319 Οί
2877 2264 2936 2318 δὲ
2985 2265 3321 2334 στρατιῶται
3357 2265 3541 2329 ἐξέδυ-

1973 2377 2075 2414 σαν
2112 2358 2299 2425 αὑτδν,
2328 2359 2428 2412 καὶ
2458 2358 2722 2428 ὲμέρισαν
2745 2357 2813 2411 τὰ
2848 2356 3045 2426 ἱμάτια
3103 2355 3294 2419 αὐτοῦ,
3355 2358 3437 2419 είς
3481 2357 3542 2410 δὲ

1970 2452 2062 2506 τὸν
2085 2452 2332 2523 ἇρῥαφον
2386 2449 2590 2521 χιτῶνα
2631 2447 2824 2503 ἔϐαλον
2862 2449 3086 2518 κλῆρον,
3111 2447 3199 2500 ἵνα
3234 2448 3310 2518 μὴ
3342 2448 3541 2516 σχίσω-

1976 2560 2060 2596 σιν
2093 2543 2278 2596 αὐτόν.
2304 2542 2415 2594 Καὶ
2455 2540 2605 2608 λέγει
2648 2538 2812 2592 πάλιν
2838 2539 2866 2592 6
2887 2538 3050 2599 αὐτὸς
3079 2537 3267 2599 Δαόὶδ,
3295 2541 3315 2588 t’
3345 2539 3542 2606 Διεμε-

1977 2635 2196 2702 ρίσαντο
2217 2632 2284 2684 τὰ
2314 2630 2506 2700 ἱμάτιά
2539 2646 2640 2697 μου
2673 2628 2910 2692 ἑαυτοῖς,
2949 2627 3044 2680 καὶ
3095 2626 3190 2678 ἐπὶ
3226 2624 3321 2677 τὸν
3350 2625 3542 2694 ἱματι-

1975 2725 2110 2794 σμόν
2144 2737 2247 2792 μου
2270 2723 2460 2776 ἔϐαλον
2478 2721 2701 2792 κλῆρον.
2746 2737 2766 2771 ι

2049 2813 2138 2882 ιγ’.
2177 2814 2476 2885 Ἐφόρεσαν
2526 2813 2688 2866 αὐτὸν
2745 2811 2951 2882 χιτῶνα
3011 2807 3240 2878 ὕϐρεως.
3302 2805 3407 2858 Καὶ
3457 2807 3546 2860 λέ-

308 2898 469 2950 etiam
528 2897 695 2952 David
732 2916 745 2951 :
790 2917 808 2948 ι
849 2899 962 2968 Ego
1025 2914 1172 2954 vero.
1206 2914 1332 2954 eum
1382 2906 1782 2958 tumultuantur
1815 2905 1868 2960 in

1985 2919 2060 2972 γει
2085 2903 2298 2958 πάλινὸ
2330 2904 2492 2967 αὐτὸς
2519 2903 2704 2967 Δασὶδ,
2761 2919 2781 2953 ι
2831 2899 2971 2966 Ἐγὼ
3001 2897 3059 2950 δὲ
3111 2898 3171 2950 ὲν
3219 2895 3298 2966 τῷ
3341 2896 3543 2962 αὐτοὺς

309 3001 416 3048 me,
450 3001 665 3042 saccum
699 2988 1075 3044 ittduehatn“.
1114 3009 1133 3042 ι

379 3077 470 3133 14..
507 3077 944 3148 Flagellaverunt
995 3079 1304 3146 Christum,
1353 3091 1406 3136 ct
1440 3083 1622 3152 alapas
1665 3086 1739 3140 illi
1779 3089 1870 3148 in-

309 3163 586 3231 ﬂixcrunt,
646 3167 970 3237 inspuerunt
996 3169 1050 3223 in
1087 3168 1282 3238 facient
1349 3171 1518 3226 illius.
1564 3171 1630 3226 Et
1673 3173 1742 3229 de
1770 3175 1874 3230 hoc

310 3258 481 3314 Isaias
507 3278 520 3313 :
561 3278 578 3311 ‹
610 3260 723 3329 Ego
754 3276 884 3316 vero
914 3277 1022 3316 non
1049 3261 1370 3336 inobediens
1397 3278 1541 3329 sum,
1571 3281 1671 3320 nec
1715 3268 1872 3321 oblo-

312 3366 472 3418 quor,
521 3360 732 3420 tergum
777 3367 955 3406 meum
1007 3352 1132 3406 dedi
1184 3353 1251 3408 ad
1282 3354 1490 3424 plagas,
1527 3366 1580 3410 et
1629 3358 1876 3412 maxillas

313 3454 462 3494 meas
489 3441 553 3494 ad
584 3442 786 3518 alapas.
821 3443 1034 3520 Faciem
1066 3437 1246 3497 autem
1284 3459 1460 3499 meam
1496 3461 1605 3501 non
1643 3450 1812 3500 averti
1844 3465 1875 3503 a

313 3530 520 3598 pudore
579 3516 978 3598 inspuentium.
1015 3516 1083 3586 Et
1129 3533 1395 3588 Dominus
1423 3534 1559 3587 mihi
1586 3535 1902 3590 auxiliatur.

310 3624 486 3675 factus
543 3631 643 3685 est,
701 3637 766 3678 eo
818 3625 963 3693 quod
1013 3638 1121 3679 non
1168 3639 1395 3680 aversus
1435 3627 1558 3693 sim,
1595 3627 1687 3681 sed
1717 3627 1875 3696 posui

312 3711 505 3766 faciem
552 3699 725 3766 meam
762 3728 859 3766 ceu
918 3705 1158 3782 petram'
1190 3714 1481 3780 stabilem,
1537 3727 1592 3769 et
1643 3717 1874 3794 cognovi

311 3802 458 3871 quod
489 3818 597 3856 non
630 3803 933 3857 confundar
949 3805 1018 3859 ⁸⁷.
1066 3822 1084 3855 ι

384 3893 473 3947 15.
522 3894 801 3948 Dederunt
847 3895 924 3948 illi
970 3895 1038 3949 fel
1089 3904 1247 3949 aceto
1281 3896 1541 3962 mistum;
1603 3908 1659 3953 et
1710 3899 1879 3954 David

317 3983 451 4038 dixit
479 3974 493 4038 ἐ
523 4002 541 4036 ι
562 3985 842 4039 Dederunt
872 3986 925 4037 in
954 3979 1143 4039 cibum.
1160 4000 1339 4039 meum
1363 3986 1456 4051 fel,
1482 3987 1608 4040 etin
1642 3989 1730 4042 siti
1763 4005 1878 4044 mea

318 4083 648 4142 potavcrunt
680 4090 766 4129 me
794 4085 947 4130 aceto
967 4077 1032 4131 ⁵⁸.
1075 4095 1092 4128 ι

1975 2995 2332 3064 παρενοχλεῖν
2363 3011 2456 3063 μοι
2482 2991 2778 3061 ένεδυόμην
2806 2990 3036 3045 σάκκον.
3085 3007 3105 3040 ι

2046 3085 2128 3140 ιδ’.
2175 3084 2594 3152 Ἐμαστίγωσαν
2639 3083 2735 3135 τὸν
2787 3082 3046 3152 Χριστὸν,
3102 3081 3314 3134 ἔδωκαν
3375 3075 3546 3132 αὑτὸν

1978 3175 2251 3245 ῥάπισμα,
2295 3175 2596 3228 ἐνέπτυσαν
2645 3173 2726 3234 εἰς
2768 3171 2828 3224 τὸ
2891 3171 3184 3239 πρόσωπον
3217 3168 3406 3224 αὐτοῦ.
3440 3168 3548 3223 Καὶ

1975 3267 2125 3333 λέγει
2166 3265 2418 3328 Ἡσαΐας,
2457 3281 2476 3315 ι
2527 3263 2669 3329 Ἐγὼ
2700 3262 2756 3314 δὲ
2785 3261 2887 3314 οὒκ
2939 3259 3174 3322 ἀπειθῶ,
3231 3259 3351 3312 οὐδὲ
3392 3259 3548 3312 ἀντι-ο

1976 3357 2144 3424 λέγω,
2197 3356 2290 3408 τὸν
2349 3353 2518 3407 νῶτόν
2566 3369 2667 3422 μου
2715 3351 2922 3418 δέδωκα
2974 3351 3056 3407 εἰς
3107 3349 3397 3418 μάστιγας,
3444 3349 3548 3410 τὰς

1981 3450 2239 3516 σιαγόνας
2281 3464 2382 3516 μου
2411 3447 2492 3508 είς
2521 3444 2869 3514 ῥαπίσματα,
2904 3442 2964 3494 τὸ
2992 3440 3049 3494 δὲ
3069 3440 3365 3510 πρόσωπόν
3435 3454 3542 3507 μου

1977 3539 2077 3590 οὐκ
2113 3536 2440 3605 ἀπεστράφη
2495 3533 2604 3586 ἀπὸ
2660 3531 2927 3602 αἰσχύνης
2973 3529 3407 3600 ὲμπτυσμάτων,
3448 3529 3545 3582 καὶ⁵

1979 3619 2178 3697 Κύριος
2221 3622 2414 3694 βοηθός
2445 3639 2535 3691 μοι
2566 3619 2824 3688 ἐγενήθη.
2865 3618 2963 3670 Διὰ
2993 3615 3156 3671 τοῦτο
3183 3616 3285 3668 οὐκ
3325 3613 3546 3684 ἐνετρά-

1979 3732 2107 3784 πην,
2155 3715 2270 3768 ἀλλ’
2303 3714 2476 3784 ἔθηκα
2496 3712 2558 3765 τὸ
2585 3710 2873 3786 πρόσωπόν
2909 3726 3009 3779 μου
3065 3708 3142 3770 ὡς
3175 3706 3407 3776 στερεὰν
3443 3705 3544 3758 ne-

1979 3824 2134 3877 τραν,
2174 3805 2268 3858 καὶ
2296 3803 2468 3871 ἔγνων
2491 3800 2656 3856 ὅτιού
2699 3800 2775 3870 μὴ
2830 3799 3128 3869 αἰσχυνθῶ.
3167 3816 3190 3852 ι

2055 3898 2134 3951 ιε’.
2174 3895 2420 3949 Ἔδωκαν
2444 3893 2595 3963 αὐτῷ
2630 3893 2793 3962 χολὴν
2824 3891 2964 3962 μετά
2982 3890 3139 3955 ὄξους
3176 3887 3546 3959 μεμιγμένην.

1982 3989 2094 4044 Kal.
2116 3987 2266 4054 λέγει
2295 3988 2323 4039 6
2370 3984 2556 4050 Δαὸὶδ,
2596 4002 2615 4035 ι
2658 3983 2905 4035 Ἐδωκαν
2937 3981 3018 4043 είς
3069 3979 3130 4032 τὺ
3179 3979 3378 4048 βρῶμά
3443 3993 3549 4046 μου

1984 4076 2165 4147 χολὴν,
2237 4075 2334 4128 καὶ
2393 4075 2473 4136 εἰς
2552 4071 2650 4143 τὴν
2713 4071 2876 4140 δίψαν
2952 4085 3056 4138 μου
3127 4067 3384 4120 meum
3481 4081 3550 4135 με

1985 4167 2128 4232 ὄξος.
2173 4185 2192 4220 ι

389 4256 477 4312 16.
500 4255 859 4314 Ahduxerunt
883 4258 1161 4316 Christum
1192 4269 1250 4316 ut
1276 4259 1429 4316 illum
1468 4263 1874 4333 cruciﬁgerent.

2060 4256 2157 4324 ις’.
2198 4257 2508 4325 Ἀπήγαγον
2533 4253 2625 4307 τὸν
2664 4252 2895 4323 Χριστὸν
2912 4253 2993 4314 εἰς
3014 4251 3073 4306 τὸ
3093 4249 3422 4318 σταυρῶσαι.
3448 4247 3552 4302 Καὶ

317 4349 386 4403 Ει
447 4349 610 4404 Isaias
651 4349 786 4405 dicit
823 4369 836 4404 ε
869 4370 887 4404 ι
926 4352 1206 4422 Tanquam
1260 4352 1380 4408 ovis
1424 4353 1624 4408 ductus
1669 4365 1754 4410 est
1811 4355 1879 4410 ad

321 4438 728 4503 mactationem,
782 4448 839 4493 ct
889 4448 1142 4510 tanquam
1186 4455 1360 4510 agnus
1405 4455 1588 4495 coram
1622 4440 1882 4496 tondente

320 4530 496 4597 ipsum
543 4539 748 4592 mutus,
779 4531 858 4584 sic
895 4547 1002 4585 non
1054 4532 1230 4599 aperit
1261 4546 1326 4586 os
1361 4546 1521 4586 suum
1557 4532 1613 4586 in
1656 4532 1878 4586 humili-

322 4630 430 4672 tate
470 4635 588 4675 sua.
620 4621 895 4676 iudicium
929 4623 1076 4677 illius
1119 4622 1393 4677 sublatum
1425 4632 1542 4687 est;
1576 4623 1883 4692 generatio-

320 4727 443 4765 nem
497 4727 625 4766 vero
655 4715 771 4784 ejus
803 4715 924 4782 quis
964 4712 1301 4782 explicabit?
1337 4712 1605 4778 Quoniam
1637 4713 1888 4767 aufertur

263 4834 274 4844 -
320 4806 388 4858 de
420 4815 565 4859 terra
595 4807 702 4864 vita
738 4807 996 4876 ipsius”.
1045 4825 1064 4857 ι

392 4898 481 4952 17.
514 4897 876 4966 Interrogavit
905 4912 1031 4953 eum
1067 4897 1275 4952 Pilatus
1307 4913 1324 4950 :
1365 4915 1384 4949 ι
1423 4897 1577 4954 Tune
1615 4912 1676 4954 es
1717 4898 1890 4954 Filius

322 4989 460 5043 Dei?
492 5009 511 5041 ›
552 4989 616 5045 Et
639 4991 778 5046 dixit
806 4992 881 5047 illi
907 4991 1201 5046 Christus:
1227 5010 1245 5042 ι
1282 4990 1363 5045 Tu
1394 4991 1605 5046 dixisti.
1632 5009 1651 5043 ι
1682 4992 1890 5046 Pilatus

323 5096 454 5136 vero
477 5083 700 5138 tradidit
729 5100 853 5138 eum
882 5095 940 5138 ut
969 5083 1417 5154 crucifigeretur;
1464 5093 1518 5138 et
1557 5083 1744 5147 David,
1776 5084 1892 5136 cla-

325 5183 421 5222 vos
455 5169 704 5232 innitens,
738 5171 872 5225 dicit
898 5190 910 5224 :
952 5189 972 5222 ι
997 5171 1418 5226 Pcrforaverunt
1441 5184 1636 5224 manus
1660 5185 1807 5224 meas
1837 5178 1892 5222 et

323 5258 495 5326 pedes
531 5275 682 5316 meos
701 5263 742 5318 '.
785 5281 804 5312 ι

394 5405 443 5435 ὀ
477 5403 705 5460 7.:tcitar.
743 5423 817 5469 xv,
856 5405 940 5458 i2.

323 5487 435 5537 χχι,
472 5475 557 5530 i9.

329 5543 420 5598 13.

1037 5406 1078 5436 ⁹¹
1122 5405 1264 5460 Psai.
1301 5422 1483 5468 xxxiv,
1521 5406 1605 5460 ll.

666 5478 711 5508 ⁸⁸
750 5477 892 5531 Psal.
954 5491 1112 5542 xxxv,
1147 5476 1226 5530 l5.
1341 5477 1383 5508 θ’
1426 5477 1524 5530 lsa.
1556 5492 1604 5544 ι.,
1659 5477 1712 5541 6,
1757 5479 1807 5530 7.

1986 4350 2136 4417 λέγει
2173 4347 2420 4413 Ἡσαΐας,
2461 4363 2480 4397 ι
2523 4345 2611 4407 '0;
2651 4344 2922 4415 πρόᾷατον
2959 4342 3052 4395 ἐπὶ
3108 4340 3324 4410 σφαγὴν
3381 4338 3548 4409 ἤχθη,

1985 4442 2080 4493 καὶ
2117 4439 2192 4502 ὡς
2225 4437 2393 4506 ἀμνὸς
2423 4434 2666 4488 ἐναντίον
2689 4433 2783 4486 τοῦ
2814 4433 3094 4502 κείροντος
3125 4429 3285 4484 αὑτὸν
3307 4429 3546 4496 ἄφωνος,

1984 4529 2158 4591 οὕτως
2186 4528 2285 4583 οὐκ
2320 4526 2530 4593 ἀνοίγει
2557 4525 2618 4578 τὺ
2642 4523 2818 4592 στόμα
2842 4521 3032 4576 αὑτοῦ.
3073 4521 3162 4574 Ἐν
3184 4523 3252 4590 τῇ
3285 4517 3558 4572 ταπεινώ-

1988 4638 2070 4674 σει
2103 4617 2268 4671 αὐτοῠ
2301 4617 2530 4686 ήκρὶσις
2551 4613 2716 4668 αὐτοῦ
2741 4613 2914 4685 ἤρθη⁹
2952 4611 3052 4684 τὴν
3076 4612 3132 4664 δὲ
3159 4609 3353 4679 γενεὰν
3386 4607 3552 4661 αὐτοῦ

1986 4711 2070 4775 τίς
2097 4709 2460 4780 διηγήσεται;
2495 4707 2616 4760 Ὀτι
2641 4707 2854 4777 αἴρεται
2885 4704 2992 4760 ἀπὸ
3054 4705 3156 4775 τῆς
3201 4703 3306 4774 γῆς
3370 4704 3405 4772 ή
3442 4700 3555 4770 ζωὴ

1875 4826 1881 4832 ·
1987 4806 2179 4861 αὑτοῦ.
2223 4824 2242 4856 r

2059 4894 2144 4958 ιζ’.
2192 4893 2508 4965 Ἦρὼτησεν
2541 4890 2704 4944 αὐτὸν
2728 4893 2756 4944 6
2820 4889 3076 4954 Πιλᾶτος,
3113 4905 3134 4941 ι
3164 4888 3236 4941 Σὺ
3282 4881 3332 4938 εἶ
3375 4887 3400 4938 6
3428 4885 3558 4947 Υἱὸς
3618 4909 3638 4920 ~

1987 4984 2080 5038 τοῦ
2113 4984 2286 5048 Θεοῦ;
2328 5001 2346 5035 ι
2383 4982 2486 5036 Καὶ
2531 4981 2679 5048 λέγει
2739 4976 2890 5049 αὐτῷ
2947 4979 2975 5030 6
3008 4976 3266 5048 Χριστὸς,
3301 4993 3324 5027 ι
3355 4975 3429 5029 Σὺ
3476 4969 3562 5026 εἷ-

1988 5094 2118 5140 πας.
2159 5095 2178 5128 ›
2217 5074 2277 5128 Ὀ
2301 5075 2356 5127 δὲ
2411 5073 2642 5136 Πιλᾶτος
2713 5069 3001 5140 παρέδωκε
3044 5069 3138 5122 τὸν
3202 5065 3410 5137 Ἰησοῦν
3466 5064 3555 5116 ἵνα

1988 5167 2295 5239 σταυρωθῇ.
2325 5166 2429 5219 Καὶ
2459 5164 2603 5231 λέγει
2623 5163 2651 5215 6
2679 5161 2844 5214 Δαὸὶδ
2872 5161 2962 5213 διὰ
2979 5159 3103 5222 τοὺς
3119 5158 3300 5230 ἥλους,
3336 5175 3356 5209 ι
3387 5155 3554 5224 '09::-

1991 5259 2091 5326 ξαν
2133 5257 2320 5328 χεῖράς
2356 5274 2458 5326 μου
2491 5257 2586 5310 καὶ
2614 5253 2779 5316 πόδας
2803 5268 2928 5321 μου.
2962 5269 2981 5302 ι

1718 5406 1762 5437 ”
1802 5406 1941 5460 Psal.
1980 5420 2089 5464 xxi,
2125 5404 2210 5458 l7.
2287 5403 2331 5434 ⁸³
2366 5402 2507 5456 Psal.
2545 5415 2732 5467 nvm,
2767 5397 2851 5453 l0.
2941 5397 2986 5429 “
3027 5395 3165 5454 ibid.
3201 5396 3290 5467 5._
3329 5396 3379 5467 ’ξ
3413 5392 3560 5449 Psal.

1920 5477 1966 5508 ’3
2008 5475 2149 5530 Psal.
2178 5489 2363 5537 wau,
2417 5472 2509 5532 22.

2621 5471 2667 5505 "
2718 5463 2821 5525 lsa.
2864 5483 2975 5534 LIII,
3020 5469 3070 5520 7.
3207 5467 3222 5499 ί
3263 5463 3403 5520 Psal.
3445 5478 3573 5531 ω..
