3970 6212
274 219 388 286 473

1227 217 1526 279 CONTRA
1565 217 2053 280 ΜΑΠΟΜΕΤΕΜ
2099 217 2477 280 APOLOGIA
2514 217 2590 280 Ιῐ.

3411 215 3518 284 674

341 351 398 402 ιη
423 371 437 387 .
484 329 822 398 Ἐκέντησαν
847 327 948 397 τὴν
979 326 1220 396 πλευρὰν
1249 327 1414 382 αὑτοῦ
1451 326 1588 395 μετά
1637 327 1841 395 ξίφους.

2023 328 2109 381 18.
2158 327 2535 383 Confoderunt
2587 325 2731 380 latus
2765 323 2938 395 ipsius
2978 324 3188 380 lancea.
3217 325 3286 380 Et
3315 324 3384 382 de
3411 327 3520 384 hoc

268 422 372 477 Kal
392 422 544 490 λέγει
573 419 871 488 Ζαχαρίας,
905 435 922 468 t
958 417 1377 485 Ἐπιϐλέψονται
1408 419 1546 487 πρός
1570 435 1638 487 με
1677 420 1754 480 εἱς
1787 416 1846 476 ὃν

267 507 655 576 ἐξεκέντησαν.
693 523 712 557 ι

342 596 440 654 ιθ⁸.
486 599 815 666 Ἐσκοτίσθη
841 599 867 650 6
892 600 1040 669 ἥλιος
1072 600 1462 668 εὑρισκομένου
1493 599 1585 652 τοῦ
1609 597 1844 668 Χριστοῦ

269 693 330 744 ἐν
366 690 446 759 τῷ
482 691 701 760 σταυρῷ
737 690 844 742 ἀπὸ
868 690 1016 759 ὥρας
1045 691 1210 760 ἕκτης
1242 690 1346 751 ἕως
1403 689 1553 761 ὥρας
1595 690 1844 758 ἐννὰτης.

1949 418 2241 473 Zacharias
2286 436 2300 471 :

1948 510 2145 561 runt’.
2183 525 2202 559 ι

2019 598 2108 652 l9.
2149 596 2551 652 Obtencbratus
2619 603 2706 651 est
2747 596 2850 661 sol,
2884 595 3107 652 Christo
3176 597 3232 650 in
3301 611 3521 660 crucem

1949 703 2242 759 suspenso,
2304 689 2373 743 ab
2426 689 2558 742 hora
2602 698 2752 742 sexta
2817 703 2989 758 usque
3034 688 3099 741 ad
3156 689 3350 743 horam
3418 705 3524 744 no.

267 781 373 836 Kal
405 782 560 848 λέγει
593 783 892 850 Ζαχαρίας,
936 801 950 829 ι
993 782 1095 834 Kal
1123 783 1154 847 ἠ
1189 780 1372 848 ἡμέρα
1415 780 1597 849 ἐκείνη
1631 779 1846 849 γνωστὴ

1967 796 2096 835 iam.
2147 780 2214 834 Et
2263 781 2342 834 sic
2375 779 2505 834 dicit
2558 778 2854 834 Zacharias
2888 796 2903 837 :
2942 798 2958 831 ι
2991 780 3060 833 Et
3089 780 3206 834 dies
3251 781 3367 835 haec
3432 795 3526 835 co-

270 873 354 944 τῷ
403 873 610 942 Κυρίῳ,
665 875 757 926 καὶ
781 875 878 942 οὐχ
922 871 1128 942 ἡμέρα,
1164 873 1258 924 καὶ
1309 873 1370 924 οὐ
1417 872 1531 936 νὺξ,
1568 873 1662 924 καὶ
1712 871 1849 939 πρὸς

270 963 521 1031 ἑσπέραν
551 963 666 1029 φῶς
711 962 1004 1024 ἔσταί,κα“ι
1030 962 1183 1014 ἔσται
1239 961 1440 1030 Κύριος
1488 963 1568 1025 είς
1618 961 1846 1032 βασιλέα

271 1053 378 1105 Ral
439 1054 620 1104 πᾶσαν
649 1053 746 1122 τὴν
779 1054 904 1123 γῆν.
966 1054 1056 1106 Ἐν
1086 1057 1151 1125 τῇ
1207 1055 1393 1124 ἡμέρᾳ
1461 1053 1648 1126 ἐκείνῃ
1699 1053 1851 1106 ἐσται

272 1143 482 1213 Κῦριος
509 1140 608 1207 εἷς,
642 1146 733 1196 καὶ
764 1145 824 1197 τὺ
852 1145 1022 1213 ὄνομα
1055 1144 1217 1198 αὐτοῦ
1245 1145 1324 1200 ἓν.
1354 1164 1371 1196 ι
1408 1145 1679 1215 Πρόσεξον
1696 1145 1849 1212 γοῦν,

270 1236 388 1289 ἀτξὸ
414 1236 646 1298 κτίσεως
682 1237 894 1304 κόσμου
935 1238 968 1306 ἡ
1008 1237 1106 1302 νὺξ
1145 1237 1448 1308 διαδέχεται
1482 1239 1583 1306 τὴν
1614 1238 1850 1308 ἡμέραν,

271 1328 377 1380 καὶ
406 1326 446 1396 ἡ
493 1327 674 1396 ἡμέρα
701 1328 800 1396 τὴν
848 1327 1038 1380 νύκτα.
1089 1328 1215 1383 Ἐπὶ
1253 1329 1308 1381 δὲ
1338 1329 1440 1398 τῆς
1491 1330 1583 1382 τοῦ
1613 1327 1850 1398 Χριστοῦ

274 1413 646 1484 σταυρώσεως
697 1415 795 1484 οὐχ
851 1413 1045 1480 οὕτως,
1125 1416 1241 1468 ἀλλ’
1283 1417 1574 1488 ἐσκοτίσθη
1612 1420 1639 1470 6
1678 1416 1852 1488 ἥλιος,

275 1507 380 1559 καὶ
419 1507 470 1556 εί
502 1505 604 1574 μὲν
633 1506 774 1558 κατὰ
812 1507 913 1572 τὴν
942 1506 1206 1571 πολλάκις
1258 1509 1505 1577 συνήθως
1557 1507 1855 1576 γινομένην

274 1597 624 1649 ἐπιτκότισιν
650 1591 744 1648 τοῦ
779 1596 934 1665 ἡλίου
967 1599 1024 1650 ἐν
1055 1596 1132 1667 τῷ
1189 1597 1366 1668 καιρῷ
1412 1599 1512 1668 τῆς
1546 1597 1710 1650 αὑτοῦ
1767 1598 1858 1650 ἐκ·

275 1685 516 1752 λείψεως
549 1686 790 1761 ἐγένετο,
831 1687 930 1738 οὐκ
981 1687 1046 1740 ἂν
1085 1688 1211 1756 περὶ
1252 1688 1418 1755 αὐτῆς
1447 1689 1634 1757 ἔλεγεν
1659 1690 1687 1742 6
1723 1705 1857 1758 προ-

279 1774 487 1842 φήτης,
515 1776 592 1835 ὡς
620 1774 675 1825 δὲ
707 1773 901 1826 ἄλλοτέ
960 1791 1110 1826 ποτε.
1158 1773 1313 1826 Ἐπεὶ
1368 1775 1423 1828 δὲ
1469 1776 1500 1844 ἠ
1563 1775 1662 1845 μὲν
1714 1774 1856 1828 κατὰ

280 1865 448 1933 (ρὺσιν
485 1863 580 1915 τοῦ
644 1863 793 1933 ἡλίου
853 1863 1091 1933 ἔκλειψις
1146 1864 1240 1917 καὶ
1294 1866 1628 1936 ἐπισκότισις
1678 1867 1734 1918 ἐν
1781 1864 1857 1934 τῷ

282 1955 467 2025 καιρῷ
490 1955 591 2020 τῆς
623 1955 761 2022 μετά
787 1957 886 2022 τῆς
910 1955 1141 2025 σελήνης
1176 1956 1396 2009 συνόδου
1426 1955 1658 2025 γίνεται,
1699 1958 1758 2009 ἐν
1797 1955 1856 2009 δὲ

285 2049 348 2116 τῇ
378 2044 958 2116 τεσσαρεσκαιδεκάτῃ
999 2045 1184 2118 ἡμέρα
1235 2047 1404 2114 αὐτῆς
1440 2047 1716 2113 οὐδέποτε,
1742 2046 1858 2099 ἀλλ’

289 2138 410 2189 οὐδὲ
438 2139 611 2205 χωρεῖ
644 2137 732 2188 ἵνα
757 2135 984 2206 γένηταί
1020 2154 1176 2200 ποτε,
1208 2137 1295 2190 διὰ
1323 2137 1481 2191 τοῦτο
1516 2138 1590 2198 ὡς
1622 2137 1858 2204 ἐξαίσιον

236 2257 248 2266 -
296 2232 387 2280 καὶ
415 2225 734 2305 θαυμαστὸν
757 2226 852 2278 καὶ
892 2226 1034 2298 ὑπὲρ
1093 2226 1256 2295 φύσιν
1301 2230 1533 2297 πρᾶγμα
1586 2230 1860 2299 ἐσημειώ-

307 2317 849 2386 σατοὸπροφητικὸς
903 2317 1082 2382 λόγος,
1133 2317 1218 2370 ἵνα
1265 2319 1466 2385 γνῶσιν
1508 2319 1557 2372 οἱ
1605 2320 1858 2388 ἄφρονες,

312 2408 404 2484 καὶ
438 2407 486 2458 οἱ
517 2407 582 2475 μὴ
623 2407 840 2474 ἔχοντες
881 2408 1146 2478 ,αἴσθησιν
1189 2409 1430 2462 λάϐωσιν
1470 2410 1744 2480 αἴσθησιν,
1779 2412 1862 2465 ὅτι

311 2494 402 2544 ἐπὶ
434 2493 508 2562 τῷ
531 2492 612 2545 τοῦ
643 2494 883 2562 Χριστοῦ
917 2493 1080 2547 πάθει
1127 2497 1154 2547 6
1202 2495 1354 2567 ἣλιος
1409 2496 1718 2568 ἐσκοτίσθη,
1771 2500 1864 2551 καὶ

306 2584 355 2637 σι
380 2585 594 2652 μάταιοι
628 2585 740 2638 τῶν
765 2585 1065 2655 ἀνθρώπων
1091 2586 1190 2639 οὐκ
1228 2587 1554 2641 ἐπίστευσαν
1582 2589 1662 2641 ὅτι
1701 2589 1864 2654 αὐτός

301 2677 449 2729 ἐστιν
477 2678 506 2729 ὁ
555 2678 708 2739 Θεός.
744 2677 810 2730 Αἱ
841 2678 1034 2748 πέτραι
1084 2679 1434 2750 ἐσχίσθησαν,
1487 2682 1583 2733 τοῦ
1632 2680 1761 2733 ναοῦ
1804 2682 1862 2733 τὸ

299 2769 700 2838 καταπέτασμα
767 2769 991 2839 ἐσχίσθη
1067 2770 1146 2832 είς
1201 2769 1292 2822 δύο
1346 2771 1453 2823 ἀπὸ
1503 2771 1710 2826 ἀνωθεν
1761 2773 1866 2836 ἕως

300 2860 470 2912 κάτω.
507 2859 587 2913 Ta
620 2863 861 2931 μνημεῖα
910 2860 1282 2932 ἀνεῴχθησαν,
1313 2863 1605 2918 καὶπολλὰ
1639 2867 1865 2934 σώματα

1951 870 2272 940 gnoscibilis
2299 869 2554 930 Domino,
2583 876 2639 923 et
2669 883 2780 922 non
2811 868 2949 934 dies,
2998 877 3055 923 et
3121 886 3228 924 non
3291 887 3418 936 nox,
3471 881 3528 924 et

1950 963 2053 1018 sub
2112 945 2422 1030 vesperam
2467 960 2573 1014 erit
2639 960 2768 1024 lux,
2838 968 2894 1014 et
2963 960 3230 1014 Dominus
3302 964 3412 1015 erit
3471 961 3526 1014 in

1951 1069 2133 1124 regem
2192 1068 2358 1123 super
2409 1044 2719 1106 uniVersam
2789 1060 3012 1107 terram.
3049 1053 3110 1106 In
3161 1053 3250 1108 die
3301 1053 3391 1106 illa
3423 1051 3531 1104 erit

1955 1145 2220 1201 Dominus
2265 1159 2428 1208 unus,
2472 1154 2528 1198 et
2570 1158 2770 1198 nomen
2801 1144 2923 1214 ejus
2969 1159 3137 1197 unum
3157 1143 3200 1196 ³.
3234 1161 3252 1194 ι
3291 1142 3529 1197 Attende

1953 1238 2139 1308 igitur.
2173 1237 2217 1290 A
2239 1235 2522 1290 creatione
2553 1235 2669 1305 ipsa
2702 1234 2891 1289 mundi
2918 1250 3027 1294 nox
3059 1233 3204 1288 diem
3233 1233 3533 1301 excipit,ct

1953 1329 2211 1384 similiter
2256 1326 2374 1381 dies
2404 1333 2657 1391 noctem;
2722 1325 2776 1378 in
2833 1323 3087 1393 passione
3123 1337 3256 1376 vero
3313 1321 3532 1375 Dominl

1955 1433 2065 1470 non
2119 1417 2220 1482 sic,
2279 1417 2374 1470 sed
2439 1417 2520 1470 sol
2565 1415 2960 1470 obtcnebratus
2987 1423 3094 1469 cst.
3140 1412 3298 1479 Quod
3331 1412 3376 1466 si
3405 1426 3536 1466 vero

1915 1509 2106 1579 .jn-xta
2144 1523 2516 1574 communem,
2548 1522 2670 1577 quae
2733 1508 2932 1578 sacpius
2995 1507 3317 1575 contingere
3369 1503 3534 1568 solet,

1958 1598 2472 1656 Obtenebrationem
2515 1601 2646 1656 solis
2699 1599 2924 1669 eclipsis
2957 1598 3308 1666 contigisset,
3329 1611 3538 1666 nequa-

1958 1709 2119 1762 quam
2154 1695 2218 1746 de
2253 1692 2379 1758 hac,
2407 1701 2467 1746 ut
2494 1706 2596 1747 nec
2629 1691 2784 1755 alibi,
2815 1691 3080 1761 propheta
3113 1688 3372 1752 dixisset;
3408 1701 3534 1741 cum

1957 1783 2280 1837 naturaliter
2349 1783 2480 1837 solis
2537 1782 2756 1854 eclipsis
2806 1796 2872 1835 eo
2926 1789 3172 1848 tempore
3218 1779 3536 1847 contingere

1959 1877 2149 1940 soleat,
2187 1891 2296 1944 quo
2331 1876 2460 1929 luna
2492 1890 2616 1927 cum
2658 1873 2773 1928 sole
2819 1873 3112 1942 conjuncta
3152 1877 3261 1932 est,
3292 1869 3438 1938 quod
3481 1868 3536 1922 in

1959 1964 2170 2018 decima
2202 1972 2396 2031 quarta
2429 1961 2580 2016 illius
2608 1960 2696 2014 die
2727 1974 3007 2026 nunquam
3035 1957 3116 2018 ﬁt,
3163 1969 3266 2009 nec
3295 1967 3536 2023 unquam

1959 2057 2084 2111 erit.
2129 2056 2424 2124 Propterea
2485 2067 2584 2107 ceu
2638 2052 2989 2120 stupendam,
3043 2047 3425 2103 admirandam
3482 2053 3541 2098 et

1959 2153 2171 2198 naturai
2221 2143 2371 2212 leges
2423 2142 2783 2196 excedentem
2820 2155 2933 2194 rem
2968 2138 3322 2208 propheticus
3355 2151 3539 2190 sermo

1962 2235 2204 2298 denotat,
2237 2242 2293 2286 ut
2325 2241 2379 2286 et
2410 2231 2788 2302 imprudentes
2829 2229 3153 2298 intelligant,
3177 2236 3233 2281 et
3254 2227 3344 2296 qui
3373 2241 3540 2281 sensu

1963 2331 2152 2379 carent
2179 2337 2404 2377 sensum
2443 2321 2736 2390 recipiant.
2759 2318 2907 2389 quod
2950 2318 3004 2372 in
3045 2315 3251 2372 Christi
3287 2315 3541 2385 passione

1964 2417 2044 2471 sol
2074 2414 2469 2469 obtenebratus
2518 2421 2623 2475 est,
2674 2423 2726 2466 et
2767 2409 3052 2464 vanissimi
3106 2407 3362 2461 homines
3426 2420 3540 2460 non

1964 2506 2338 2562 crediderunt.
2392 2504 2567 2558 Petra:
2619 2502 2986 2566 dissilierunt,
3018 2498 3208 2568 templi
3255 2498 3438 2553 velum
3484 2497 3540 2551 in

1965 2599 2102 2653 duas
2130 2607 2319 2667 partes
2339 2595 2567 2650 scissum
2597 2604 2680 2648 est
2709 2608 2738 2646 a
2777 2607 2993 2646 summo
3025 2603 3200 2660 usque
3244 2590 3312 2644 ad
3346 2589 3541 2654 imum,

1968 2696 2320 2743 monumenta
2359 2691 2546 2754 aperta
2576 2691 2730 2747 sunt,
2759 2691 2814 2737 et
2849 2682 3018 2736 multa
3059 2695 3287 2750 corpora
3318 2689 3541 2733 sancto-

1969 2795 2091 2833 rum
2111 2778 2201 2848 qui
2225 2777 2659 2840 obdormierant,
2683 2780 3042 2828 surrexerunt
3058 2769 3542 2842 (quemadmodum

1971 2878 2221 2926 sanctum
2275 2868 2632 2938 Evangelium
2687 2863 2939 2933 testatur)
3001 2873 3055 2917 et
3120 2863 3352 2933 ingressi
3418 2871 3547 2915 sunt

299 2949 407 3031 τῶν
442 2954 866 3020 κεκοιμημένων
895 2953 1066 3021 ἁγίων
1082 2935 1288 3024 ἠγέρθη
1317 2954 1415 3024 (ὡς
1443 2957 1589 3024 λέγει
1621 2958 1680 3010 τὸ
1710 2959 1859 3026 ἅγιον

1973 2959 2424 3031 Hierosolymam.
2437 2935 2500 3012 et
2517 2965 2890 3026 apparuerunt
2905 2955 3093 3009 multis
3113 2971 3131 3021 ;
3153 2955 3246 3009 Sed
3263 2952 3546 3008 vanissimi

301 3041 682 3110 Εὖαγγέλιον),
709 3044 801 3096 καὶ
825 3044 1072 3112 εἰσῆλθον
1103 3045 1180 3108 είς
1211 3047 1312 3116 τὴν
1355 3045 1734 3120 Ἰερουσαλὴμ,
1763 3053 1857 3104 καὶ

299 3128 736 3202 ἐνεφανίσθησαν
782 3131 1014 3195 πολλοῖς,
1039 3135 1132 3184 καὶ
1167 3134 1217 3186 oi
1259 3134 1480 3202 μάταιοι
1511 3135 1619 3189 τῶν
1655 3139 1862 3208 ἀνθρώ-

1971 3051 2218 3105 homines
2249 3065 2357 3104 non
2378 3047 2752 3109 crediderunt,
2780 3060 2974 3100 verum
3011 3044 3431 3099 obtenebratum
3463 3049 3550 3097 est

1969 3144 2210 3199 insciens
2244 3156 2339 3195 cor
2371 3140 2614 3202 illorum,
2656 3147 2712 3192 et
2739 3138 2792 3191 in
2822 3136 3064 3191 tenebris
3093 3144 3510 3190 conversantur.

301 3239 419 3272 πων
467 3221 570 3274 οὐκ
617 3222 982 3291 ἐπίστευσαν,
1037 3222 1155 3275 ἀλλ’
1199 3225 1470 3296 ἐπωρώθη
1533 3225 1566 3298 ὴ
1619 3228 1880 3296 ἀσύνετος
1935 3232 2117 3286 αὐτῶν
2199 3230 2438 3300 καρδία,
2517 3229 2612 3301 καὶ
2695 3227 2754 3280 ἐν
2817 3228 2888 3296 *τῇ
2959 3225 3150 3297 σκοτία
3229 3221 3552 3295 περιπολεύ-

298 3331 472 3368 ονται.

373 3412 443 3460 κ’.
491 3406 776 3459 ⁹Δττέθανε.
827 3406 934 3460 Kal
961 3407 1112 3475 λέγει
1173 3409 1425 3474 Ἡσαΐας,
1477 3431 1496 3463 ι
1554 3414 1668 3467 Οὐκ
1726 3414 1874 3469 ἔστιν

298 3493 447 3558 εἶδος
480 3497 648 3566 αὐτῷ,
697 3497 814 3549 οὐδὲ
846 3498 1063 3560 κάλλος.
1101 3499 1205 3552 Καὶ
1267 3501 1484 3570 εἴδομεν
1539 3505 1725 3569 αὐτὸν,
1782 3506 1874 3558 καὶ

301 3590 407 3641 οὒκ
430 3585 577 3658 εἶχεν
603 3585 762 3652 εἶδος,
802 3591 924 3642 οὐδὲ
956 3590 1172 3654 κάλλος,
1203 3591 1338 3644 ἀλλὰ
1400 3593 1460 3643 τὸ
1519 3588 1659 3655 εἶδος
1709 3594 1872 3646 αὑτοῦ

299 3680 525 3747 ἄτιμον,
553 3680 802 3732 ἐκλεῖπον
829 3679 888 3732 τὸ
914 3676 1052 3743 είδος
1080 3669 1244 3733 αὐτοῦ
1270 3683 1418 3752 παρὰ
1447 3684 1572 3746 τοὺς
1597 3684 1745 3746 υἱοὺς
1765 3685 1872 3736 τῶν

298 3768 630 3838 ἀνθρώπων.
674 3787 692 3819 ι
725 3771 860 3839 Περὶ
884 3771 939 3822 δὲ
959 3770 1050 3822 τοῦ
1099 3773 1333 3842 σταυροῦ
1386 3765 1584 3826 κείσθω
1635 3777 1662 3827 ὁ
1695 3775 1874 3844 λόγος,

301 3865 401 3915 καὶ
426 3862 486 3912 ἐν
507 3860 586 3929 τῷ
611 3863 944 3930 προσήκοντι
979 3863 1158 3931 καιρῷ
1203 3863 1459 3934 ἐροῦμεν.

379 3955 490 4001 ια’.
520 3951 966 4021 Παρεστήκεισαν
997 3951 1054 4003 δὲ
1082 3951 1158 4020 τῷ
1211 3954 1429 4022 σταυρῷ
1460 3956 1492 4024 ἡ
1549 3947 1730 4026 μήτηρ
1782 3957 1878 4009 τοῦ

313 4037 519 4108 Ἰησοῦ,
556 4041 647 4091 καὶ
680 4041 743 4092 ἐκ
772 4040 878 4093 τῶν
924 4040 1181 4111 μαθητῶν
1235 4042 1396 4096 αὐτοῦ
1427 4046 1455 4097 6
1509 4037 1778 4116 Ἰωάννης.
1813 4047 1855 4099 Τ
1863 4047 1879 4098 ε

2041 3415 2132 3470 20.
2174 3415 2428 3471 Christus
2476 3412 2798 3483 exspiravit.
2843 3413 2912 3468 Et
2941 3412 3109 3467 Isaias
3140 3412 3275 3467 dicit
3314 3428 3330 3468 :
3370 3429 3389 3463 ι
3427 3409 3549 3464 Non

1971 3513 2057 3560 est
2093 3505 2170 3558 illi
2198 3505 2430 3574 species,
2457 3518 2639 3574 neque
2669 3505 2836 3558 decor
2860 3520 2874 3568 ;
2911 3513 2968 3557 et
2997 3503 3236 3556 vidimus
3270 3517 3420 3566 eum,
3447 3515 3550 3555 nec

1973 3595 2212 3649 habebat
2246 3595 2508 3664 speciem,
2542 3609 2722 3662 neque
2765 3593 3044 3646 decorem.
3089 3591 3196 3645 S’ed
3230 3590 3404 3644 forma
3433 3590 3552 3658 ejus

1972 3686 2300 3740 inhonorata
2344 3693 2401 3739 et
2431 3683 2689 3740 deﬁciens
2737 3697 2850 3753 pra:
2883 3681 3008 3754 ﬁliis
3038 3681 3322 3735 hominum
3347 3679 3389 3733 ⁵.
3426 3699 3445 3729 ι
3474 3680 3552 3734 De

1975 3790 2138 3831 cruce
2192 3775 2337 3843 vero}
2361 3790 2542 3829 sermo
2575 3783 2758 3828 noster
2787 3775 2900 3844 jam
2946 3772 3143 3838 sileat;
3174 3771 3242 3826 de
3270 3771 3373 3826 hac
3400 3769 3553 3824 enim

1975 3879 2076 3918 suo
2105 3865 2227 3917 loco
2258 3871 2313 3918 et
2344 3871 2591 3932 tempore
2621 3862 2894 3918 dicemus.
3328 3857 3335 3865 ”

2046 3953 2139 4007 21.
2187 3953 2500 4008 Astiterunt
2533 3961 2714 4006 autem
2743 3951 2894 4006 cruci
2938 3958 3114 4004 mater
3143 3948 3298 4013 Jesu,
3325 3955 3382 4002 et
3412 3961 3556 4000 unus

1975 4046 2372 4114 discipulorum
2425 4045 2574 4099 illius
2638 4044 2909 4098 Joannes.
2945 4040 3089 4107 Quid
3119 4048 3300 4094 autem
3348 4038 3417 4093 de
3448 4039 3558 4092 hoc

2353 435 2371 468 ι
2425 416 2751 487 Respicient-
2797 416 2851 470 in
2907 431 3016 481 me,
3051 431 3214 486 quem
3271 431 3519 488 pupuge-
3621 461 3642 474 .

300 4129 362 4179 δὲ
406 4129 501 4179 καὶ
527 4127 658 4196 περὶ
681 4126 866 4180 τούτου
896 4129 1061 4197 λέγει,
1103 4129 1356 4187 ἄκουσον.
1399 4149 1417 4183 ί
1454 4128 1562 4186 ¹Ἦν
1596 4134 1859 4203 ἅνθρωπο‹

1977 4135 2212 4200 dicatur,
2248 4135 2406 4190 audi.
2469 4153 2488 4186 ι
2528 4135 2661 4188 Erat
2691 4135 2858 4188 homo
2889 4131 3282 4201 Hierosolymis
3327 4129 3414 4184 cui
3456 4143 3559 4182 no-

303 4219 367 4270 ἐν
407 4219 782 4288 Ἰερουσαλὴμ,
815 4214 858 4288 ᾧ
881 4220 1052 4290 ὄνομα
1106 4222 1354 4292 Συμεὼν,
1390 4226 1483 4277 καὶ
1515 4227 1542 4276 ὁ
1594 4227 1859 4296 ἄνθρωπος

1979 4244 2102 4282 men
2140 4229 2389 4291 Simeon,
2459 4235 2516 4283 et
2547 4227 2715 4281 homo
2762 4227 2865 4281 iste
2889 4227 3072 4296 justus
3098 4233 3154 4280 et
3193 4224 3351 4295 pius;
3381 4233 3438 4278 et
3469 4238 3560 4276 rc-

307 4302 466 4368 οὗτος
489 4308 642 4374 ἅγιος
667 4312 758 4361 καὶ
783 4309 1007 4374 δίκαιος,
1034 4314 1127 4364 καὶ
1150 4308 1217 4383 ἦν
1239 4314 1386 4384 αὐτῷ
1435 4318 1859 4387 κεχρηματισμέ

1977 4334 2239 4387 sponsum
2275 4327 2564 4387 acceperat
2602 4333 2632 4371 a
2660 4319 2800 4383 Deo,
2826 4332 2936 4369 non
2971 4315 3214 4369 visurum
3243 4329 3300 4368 se
3327 4321 3560 4366 mortem

306 4416 398 4484 νον
435 4398 546 4450 ὑπὸ
577 4399 668 4451 τοῦ
689 4399 822 4452 Θεοῦ
857 4401 930 4469 μὴ
963 4402 1090 4455 ἰδεῖν
1128 4400 1379 4467 θάνατον,
1431 4405 1533 4468 ἕως
1560 4401 1622 4460 οὗ
1649 4408 1734 4480 ἴδῃ
1787 4408 1859 4460 τοι

1982 4408 2090 4462 nisi
2121 4407 2276 4477 prius
2301 4407 2584 4462 Christum
2618 4404 2852 4460 videret.
2877 4403 2944 4457 Et
2971 4417 3093 4456 cum
3128 4402 3304 4470 ipsum
3327 4412 3560 4468 puerum

307 4490 572 4560 Χριστόν.
606 4491 710 4543 Kal
733 4491 809 4553 ὡς
838 4493 1127 4563 ἀπήγαγον
1148 4495 1226 4558 είς
1259 4499 1320 4548 τὸ
1350 4498 1493 4567 ἱερὸν
1535 4501 1723 4552 τοῦτον
1752 4517 1859 4553 παι·

1983 4500 2164 4554 adhuc
2199 4497 2254 4553 in
2287 4497 2551 4566 templum
2603 4495 2944 4556 attulissent,
2994 4493 3060 4547 ad
3106 4488 3446 4559 implendum
3495 4501 3562 4540 ea

308 4581 424 4633 δίον
451 4581 602 4668 ὄντα,
641 4581 734 4633 ἐπὶ
761 4583 842 4654 τῷ
871 4583 1154 4654 πληρῶσαι
1181 4587 1247 4639 τὰ
1274 4588 1330 4640 ἐν
1359 4588 1434 4658 τῷ
1463 4590 1612 4659 νόμῳ
1638 4607 1857 4660 γεγραμ

1987 4605 2110 4659 qua:
2146 4589 2201 4642 in
2233 4582 2350 4658 lege
2384 4586 2656 4655 descripta
2687 4594 2836 4648 sunt,
2868 4585 3013 4638 idem
3051 4580 3452 4637 ille'Christum
3503 4579 3559 4630 in

317 4673 458 4741 μένα
483 4665 610 4738 περὶ
634 4673 819 4737 αὑτοῦ,
854 4674 948 4726 καὶ
972 4674 1132 4737 αὐτὸς
1156 4677 1183 4729 ὀ
1207 4675 1429 4746 Συμεὼν
1466 4679 1682 4744 ἐδέξατο
1722 4680 1859 4732 αὐτὸ

1989 4680 2147 4733 ulnas
2177 4693 2305 4733 suas
2348 4677 2590 4746 suscepit
2618 4674 2895 4748 (sacerdos
2937 4674 3082 4726 enim
3121 4670 3336 4739 eral)et
3373 4665 3510 4720 dixit
3543 4681 3556 4716 :

310 4765 404 4817 τον
434 4765 670 4839 Χριστὸν
704 4767 760 4817 ἐν
785 4768 903 4829 ταῖς
929 4767 1194 4834 ἀγκάλαις
1219 4769 1404 4833 αὐτοῦ,
1447 4771 1622 4841 ἱερεὺς
1653 4772 1760 4838 γὰρ
1793 4768 1859 4843 ἧν

1987 4770 2142 4825 Nunc
2191 4755 2424 4823 dimittis
2481 4782 2693 4822 servum
2730 4775 2904 4827 tuum,
2936 4762 3196 4823 Domine,
3255 4753 3559 4811 secundum

314 4858 409 4908 καί
433 4851 583 4920 εἶπε,
611 4875 628 4906 ι
664 4856 777 4908 Νῦν
802 4857 1057 4921 ἀπολύεις
1081 4859 1170 4913 τὸν
1221 4860 1408 4914 δοῦλόν
1443 4877 1557 4925 σου,
1611 4863 1858 4916 Δέσποτα

1983 4863 2209 4917 verbum
2248 4870 2412 4919 tuum.
2458 4860 2512 4912 in
2566 4872 2722 4928 pace,
2788 4854 3047 4920 quoniam
3098 4850 3358 4904 viderunt
3416 4845 3564 4901 oculi

313 4949 461 5000 κατά
483 4949 543 4998 τὸ
580 4947 728 5016 ῥῆμά
751 4965 844 5001 σου
894 4950 952 5000 ἐν
975 4950 1185 5020 εἰρήνῃ,
1214 4951 1297 5004 ὅτι
1324 4948 1464 5006 εἶδον
1512 4955 1560 5006 oi
1612 4954 1859 5023 ὀφθαλμο

1991 4953 2098 5008 mei
2161 4952 2400 5006 salutare
2450 4959 2623 5013 tuum,
2658 4946 2808 5018 quod
2859 4942 3117 5014 paravisti
3178 4947 3305 4992 ante
3365 4936 3562 4990 faciem

318 5056 424 5107 μου
455 5038 514 5090 τὸ
546 5039 811 5108 σωτήριόν
847 5057 960 5105 σου,
1011 5042 1039 5094 ὃ
1062 5043 1360 5112 ἡτοίμασας
1401 5045 1538 5098 κατὰ
1594 5044 1859 5114 πρόσωπα

1991 5044 2234 5099 omnium
2269 5043 2620 5112 populorum,
2659 5038 2844 5092 lumen
2888 5035 2942 5088 in
2992 5031 3382 5088 revelationem
3428 5042 3564 5098 gen-

316 5134 540 5184 πάντων
569 5131 674 5185 τῶν
705 5132 869 5196 λαῶν,
903 5134 1017 5202 φῶς
1065 5135 1141 5196 είς
1171 5135 1512 5205 ἀποκάλυψιν
1563 5135 1754 5200 ἐθνῶν,
1790 5153 1858 5189 κα

1993 5127 2228 5202 ῐίυῐη,ζθι
2252 5131 2479 5202 gloriam
2498 5130 2682 5201 p0puli
2706 5127 2984 5184 tnilsracl.
3021 5144 3038 5177 ι
3071 5125 3137 5178 Ει
3158 5136 3462 5178 conversus
3492 5121 3562 5173 ad

316 5223 478 5288 δόξαν
509 5222 639 5276 λαοῦ
670 5225 760 5275 σου
809 5223 1042 5294 Ἰσραήλ.
1084 5244 1103 5276 ι
1148 5225 1253 5278 Kal
1283 5227 1543 5296 στραφεὶς
1603 5226 1738 5295 πρὸς
1783 5225 1859 5296 τὴε

1990 5226 2256 5295 virginem
2303 5223 2524 5278 Mariam
2562 5222 2696 5275 dixit
2739 5238 2753 5274 :
2795 5219 2986 5288 quce
3013 5216 3225 5287 positus
3262 5221 3347 5269 est
3385 5213 3474 5265 hic
3506 5213 3564 5264 in

320 5313 596 5383 Παρθένον
628 5309 802 5368 εἶπενο
845 5334 864 5367 ι
911 5316 1041 5369 Ἰδοὺ
1067 5309 1220 5379 οὗτος
1243 5321 1418 5372 κεῖται
1448 5321 1526 5382 είς
1560 5317 1766 5372 πτῶσιν
1786 5337 1856 5371 κα

1991 5318 2204 5370 ruinam
2265 5327 2322 5370 et
2355 5313 2816 5370 resurrectionem
2864 5310 3161 5364 multarunt
3210 5307 3264 5362 in
3295 5302 3483 5368 Israel,
3507 5308 3573 5356 et

321 5407 620 5460 ἀνάστασιν
642 5406 850 5461 πολλῶν
889 5407 946 5460 ἐν
975 5407 1052 5478 τῷ
1101 5408 1338 5479 Ἰσραὴλ,
1374 5410 1467 5463 καὶ
1513 5411 1592 5473 είς
1657 5412 1859 5481 σημεῖα·

1989 5407 2043 5461 ἰιι
2077 5409 2291 5479 signum
2336 5407 2426 5463 cui
2479 5405 2896 5463 contradicitur.
2922 5403 2989 5457 Et
3040 5410 3185 5455 tuam
3218 5398 3396 5471 ipsius
3438 5391 3574 5451 an:—

391 5578 418 5609 ⁸
456 5577 683 5644 Zachar,
710 5591 808 5642 xu,
845 5577 930 5633 10.
1005 5577 1028 5610 ³
1062 5577 1288 5636 Zachar.
1315 5597 1424 5649 xiv,
1460 5581 1512 5648 ϐ’,
1547 5581 1598 5635 7.
1675 5581 1696 5612 ⁸
1732 5581 1831 5636 lsa.
1867 5594 1981 5647 Llii,
2021 5578 2077 5647 2,
2110 5583 2170 5635 5..
