3970 6212
415 253 520 317 475

1589 251 1913 316 JOANNIS
1951 254 2480 322 CANTACUZENI

3515 268 3603 336 476

418 379 564 422 mam
622 362 931 436 penetrabit
965 362 1204 434 gladius,
1237 371 1298 418 ut
1350 370 1671 436 retegantur
1701 381 1765 421 ex
1811 369 1998 423 multis

2129 370 2531 441 .ντιλεγόμενον,
2566 370 2655 424 καὶ
2687 373 2780 427 σοῦ
2804 373 2860 427 δὲ
2898 372 3065 443 αὐτῆς
3091 372 3184 445 τὴν
3225 374 3388 446 ψυχὴν
3433 377 3608 433 διελεύ-

417 458 680 513 cordibus
736 456 1158 520 cogitationes“.
1215 475 1233 508 ι
1291 456 1449 511 Nunc
1485 469 1669 513 autem
1701 461 1831 529 quid
1881 462 1997 517 hmc

423 550 529 605 sibi
575 548 763 611 Veliut,
796 545 1146 616 perpendito.
1176 548 1220 601 A
1275 548 1388 601 Deo
1443 548 1725 603 deﬁnitum
1762 559 1900 613 erat,
1929 566 1998 605 ne

426 650 656 694 mortem
709 638 916 691 videret
965 638 1209 698 Simeon,
1243 639 1346 693 nisi
1391 641 1545 708 prius
1588 640 1811 695 vidisset
1841 640 2001 696 Chri-

422 743 605 795 stum;
656 742 710 784 et
760 731 868 799 jam
932 730 998 783 ad
1054 731 1269 784 senium
1323 742 1631 786 extremum
1680 733 1998 788 devenerat.

420 824 701 877 Christum
737 839 868 877 vero
895 823 1107 887 videns,
1147 824 1289 878 dixit
1325 841 1338 877 :
1381 844 1397 875 ‹
1430 824 1590 879 Nunc
1623 826 1856 879 dimittis
1886 842 1997 879 ser-

420 931 549 967 vum
607 924 785 974 tuum,
836 917 1086 976 Domine,
1124 916 1427 970 secundum
1475 918 1700 969 verbum
1750 927 1943 970 tuum:
1978 935 1994 968 ι

422 1007 527 1060 hoc
560 1006 730 1061 verbo
776 1007 933 1075 plane
968 1008 1256 1069 denotans,
1277 1008 1423 1061 hunc
1453 1008 1630 1075 ipsum
1660 1009 1828 1061 Deum
1857 1024 1999 1073 esse,

423 1100 516 1168 qui
552 1099 625 1152 illi
660 1113 980 1167 rCSpmlSllm
1021 1099 1249 1153 dederat
1290 1099 1357 1154 de
1390 1116 1497 1153 non
1530 1099 1762 1153 videnda
1806 1111 2000 1164 morte,

424 1190 651 1258 etquasi
688 1196 719 1242 εἰ
747 1190 981 1244 Domino
1003 1190 1125 1244 vitae
1148 1202 1202 1244 ct
1235 1192 1424 1243 mortis
1453 1192 1689 1258 postulat
1719 1201 1779 1244 ut
1804 1190 1870 1243 ab
1903 1192 2005 1244 hac

425 1283 537 1334 vita
578 1284 824 1335 terrestri
872 1282 1159 1343 liberetur.
1210 1282 1365 1347 Quod
1397 1292 1577 1335 autem
1626 1282 1805 1335 dicit:
1850 1300 1868 1332 ι
1908 1281 2005 1335 llic

427 1373 638 1441 positus
656 1374 813 1426 estin
836 1374 1049 1426 ruinam
1076 1374 1602 1428 etresurrectionem
1633 1374 1929 1428 multorum
1951 1373 2004 1427 in

430 1463 616 1527 Israel,
648 1482 669 1514 ο
730 1463 1077 1516 manifestum
1114 1471 1217 1524 est,
1251 1462 1395 1531 quod
1460 1463 1674 1517 scilicet
1718 1463 2008 1517 animabus

434 1550 548 1603 suis
574 1551 917 1610 ceciderunt.
939 1560 1209 1619 quotquot
1234 1552 1286 1605 in
1307 1551 1460 1605 illum
1492 1567 1597 1605 non
1629 1552 2005 1606 crediderunt.

433 1639 533 1704 Qui
570 1656 700 1696 vero
727 1642 1101 1706 crediderunt,
1133 1657 1161 1695 a
1192 1642 1396 1711 peccati
1432 1643 1582 1710 lapsu
1623 1652 2003 1697 surrexorunt.

438 1730 564 1784 item
599 1731 742 1785 hoc:
774 1748 791 1781 ι
816 1725 871 1784 lit
896 1732 1109 1799 signum
1138 1732 1224 1786 cui
1260 1733 1677 1797 contradicitur,
1703 1752 1720 1784 ›
1752 1745 2004 1803 propter-

433 1840 495 1877 ea
565 1824 725 1886 dixit,
752 1825 895 1893 quod
945 1840 1137 1877 omnes
1172 1825 1239 1878 de
1268 1825 1487 1881 Christo
1540 1826 2009 1895 disceptruvernnt,

434 1916 490 1968 hi
553 1915 774 1983 quidem
808 1915 1042 1968 dicendo
1094 1916 1241 1970 hunc
1286 1916 1487 1969 bonum
1539 1931 1682 1979 esse,
1720 1918 1810 1971 alii
1860 1934 2010 1982 vero,

437 2005 662 2059 malum.
702 2005 842 2072 Quin
866 2016 921 2061 et
946 2007 999 2060 in
1028 2006 1140 2076 ipsa
1174 2023 1339 2064 cruce
1366 2008 1475 2061 duo
1520 2008 1760 2062 latrones
1785 2009 1929 2063 inter
1958 2024 2015 2064 se

436 2098 846 2151 contendebant
881 2096 1009 2166 (una
1042 2100 1189 2153 enim
1253 2114 1378 2154 cum
1435 2099 1529 2153 illo
1576 2099 1713 2154 duos
1772 2100 2016 2156 latrones

437 2190 853 2252 crucilixcruut,
886 2206 1057 2245 unum
1117 2207 1145 2245 a
1194 2192 1405 2246 dextris
1452 2192 1651 2261 ipsius,
1699 2193 1931 2248 alterum
1985 2211 2015 2247 a

437 2277 721 2341 sinistris),
756 2287 814 2332 ct
854 2279 991 2333 alter
1016 2280 1263 2348 quidem,
1292 2282 1571 2336 Christum
1616 2283 1669 2336 in
1697 2297 1861 2336 cruce
1899 2298 2017 2337 sus-

441 2384 671 2433 pensum
732 2369 1124 2438 conspicatus,
1193 2371 1441 2425 convicia
1470 2385 1478 2393 ί
1520 2371 1574 2424 in
1634 2372 1786 2425 illum
1861 2372 2015 2441 jecit.

444 2458 593 2511 Alter
658 2475 836 2524 vero,
912 2460 1058 2514 hunc
1119 2462 1421 2531 increpavit
1497 2460 1687 2515 dicens
1740 2480 1753 2515 :
1820 2481 1837 2511 ι
1898 2462 2015 2515 Non

447 2549 607 2601 times
645 2560 700 2601 tu
755 2550 945 2610 Deum,
998 2565 1123 2603 cum
1178 2549 1232 2603 in
1293 2550 1487 2604 eodem
1550 2551 1626 2605 sis
1674 2552 1914 2623 judicio?
1954 2553 2019 2606 Et

448 2653 550 2691 nos
615 2638 833 2707 quidem
887 2640 1054 2709 juste,
1089 2639 1351 2709 operibus
1390 2641 1537 2695 enim
1604 2643 1810 2697 nostris
1861 2642 2021 2712 digna

451 2732 761 2800 patimur:
834 2731 926 2784 hic
1015 2746 1146 2785 vero
1235 2731 1410 2801 iniqui
1485 2732 1621 2786 nihil
1696 2732 2018 2802 designavit.

452 2823 517 2875 Et
567 2822 699 2876 dicit
743 2821 845 2891 ipsi
876 2823 1002 2877 Jesu
1031 2840 1042 2874 :
1090 2841 1107 2873 ι
1136 2823 1385 2887 Domine,
1412 2832 1689 2877 memento
1723 2824 1863 2889 mei,
1897 2839 2020 2877 cum

450 2915 671 2967 veneris
723 2914 777 2967 in
834 2929 1062 2982 regnum
1118 2924 1302 2978 tuum;
1338 2932 1356 2964 ι
1401 2923 1455 2967 et
1481 2914 1718 2968 salvatus
1751 2923 1856 2975 est.
1886 2915 2024 2968 alter

2103 480 2255 514 σεται
2287 463 2552 532 ῥομφαία.
2578 464 2725 527 ὅπως
2754 465 2820 519 ἂν
2859 465 3309 535 ἀποκαλυφθῶσιν
3345 468 3403 521 ἐκ
3432 471 3612 522 πολλῶν

2101 555 2338 624 καρδιῶν
2380 556 2740 624 διαλογισμοί.
2779 577 2796 609 ι
2831 558 2942 611 Καὶ
2967 558 3157 611 σκόπει
3201 559 3252 610 τι
3294 558 3521 627 βούλεται
3554 563 3615 614 τὰ

2100 645 2387 715 λεγόμενα.
2445 648 2576 699 Ἀπὸ
2601 647 2735 700 Θεοῦ
2768 644 2833 719 ἦν
2860 648 3180 717 ὡρισμένον,
3239 649 3321 701 ἵνα
3368 651 3505 703 οὐδὲν
3548 652 3617 723 ἴδῃ

2104 735 2333 788 θάνατον
2371 739 2398 789 6
2429 738 2673 807 Συμεὼν,
2712 738 2840 807 πρὶν
2900 739 2931 808 ἢ
2998 739 3080 809 ῐδῃ
3124 740 3209 791 τὸν
3261 740 3492 808 Χριστὸν.
3540 744 3618 794 καὶ

2104 829 2319 896 ἐγένετο
2356 828 2703 897 ὑπέργηρως.
2768 829 2911 881 Ἰδὼν
2937 822 3009 882 δὲ’
3046 829 3137 881 τὸν
3181 830 3424 900 Χριστὸν,
3470 826 3615 894 εἶπεν,

2110 941 2127 972 ι
2161 922 2271 974 Νῦν
2302 923 2553 984 ἀπολύεις
2585 923 2675 975 τὸν
2715 923 2897 975 δοῦλόν
2953 942 3070 988 σου,
3104 898 3360 987 Δέσποτα,
3404 924 3530 977 κατὰ
3571 925 3619 976 τὸ

2106 1012 2262 1083 ῥῆμά
2294 1030 2407 1066 σου.
2448 1031 2465 1063 ι
2517 1012 2613 1065 Διά
2658 1012 2788 1079 γοῦν
2845 1012 3035 1066 τούτου
3075 1011 3165 1066 τοῦ
3219 1016 3442 1082 ῥήματος
3482 1014 3621 1078 ἔδειξε

2106 1105 2324 1165 πάντως
2351 1103 2433 1155 ὅτι
2474 1103 2635 1163 αὑτός
2667 1104 2857 1155 ἐστινὸ
2881 1102 3010 1165 Θεὸς
3054 1105 3080 1155 6
3105 1092 3433 1171 χρηματίσας
3468 1102 3621 1163 αὐτὸν,

2109 1194 2194 1245 ἵνα
2230 1194 2303 1263 μὴ
2337 1192 2419 1263 ἴδῃ
2451 1192 2698 1251 θάνατον,
2745 1192 2836 1245 καὶ
2871 1191 2947 1255 ὡς
3001 1193 3262 1261 δεσπότην
3302 1191 3513 1245 θανάτου
3547 1191 3626 1244 καλ⁵

2108 1282 2274 1350 ζωῆς,
2312 1284 2457 1334 αἰτεῖ
2493 1282 2551 1345 ἐξ
2585 1283 2748 1335 αὑτοῦ
2773 1282 2874 1351 τὴν
2910 1282 3017 1334 ἀπὸ
3044 1283 3153 1334 τῶν
3187 1280 3411 1335 ἐνταῦθα
3454 1280 3627 1331 ἀπόλυ-

2110 1389 2214 1427 σιν.
2246 1373 2315 1425 Τὸ
2342 1372 2419 1437 δὲ,
2453 1391 2469 1424 ι
2505 1366 2674 1435 Οὗτος
2697 1375 2874 1425 κεῖται
2915 1374 2993 1435 εἱς
3017 1372 3225 1425 πτῶσιν
3262 1373 3351 1424 καί
3376 1370 3629 1423 ἀνάστασιν

2110 1465 2320 1518 πολλῶν
2376 1467 2434 1518 ἐν
2471 1466 2547 1535 τῷ
2580 1465 2821 1534 Ἰσραὴλ.
2852 1483 2869 1516 ι
2921 1463 3166 1534 δηλονότι
3194 1463 3242 1516 οἱ
3287 1463 3357 1531 μὴ
3388 1464 3459 1524 εἰς
3495 1463 3631 1515 αὐτὸν

2110 1557 2534 1620 πεπιστευκότες
2559 1556 2748 1609 ἔπεσον
2774 1557 3042 1627 ψυχικῶς,
3102 1557 3152 1609 οι
3181 1556 3237 1610 δὲ
3290 1555 3635 1615 πιστεύσαντες

2110 1650 2410 1717 ἀνέστησαν
2436 1649 2541 1701 ἀπὸ
2572 1648 2665 1701 τοῦ
2696 1649 2794 1712 τῆς
2833 1650 3111 1715 ἁμαρτιας
3170 1647 3466 1717 πτώματος.
3492 1646 3555 1698 Τὸ
3587 1646 3634 1698 δὲ

2121 1760 2139 1787 ι
2165 1742 2241 1801 εἰς
2274 1742 2494 1809 σημεῖον
2532 1740 2967 1808 ἀντιλεγόμενον,
3005 1759 3021 1791 ι
3058 1741 3138 1792 ὅτι
3196 1740 3385 1800 πάντες
3421 1737 3635 1805 περὶτοῦ

2114 1830 2354 1898 Χριστοῦ
2391 1828 2699 1895 ἀντέλεγον.
2736 1830 2796 1881 υἱ
2829 1828 2926 1896 μὲν
2971 1827 3081 1897 γὰρ
3134 1826 3314 1893 ἔλεγον
3355 1824 3432 1877 ὅτι
3468 1821 3638 1890 ἀγαθός

2117 1925 2285 1984 ἐστιν,
2315 1923 2363 1974 οἱ
2387 1921 2464 1983 δὲ,
2494 1922 2574 1973 ὅτι
2624 1919 2885 1989 πονηρός.
2928 1918 3090 1971 Ἀλλά
3116 1918 3181 1986 δὴ
3208 1916 3298 1969 καὶ
3324 1913 3407 1968 ἐπ’
3431 1912 3560 1982 αύτῷ
3576 1911 3642 1981 τῷ

2121 2011 2339 2083 σταυρῷ
2385 2012 2675 2078 ἀντέλεγον
2698 2010 2791 2063 δύο
2823 2009 3019 2081 λῃσταί
3038 2023 3055 2041 ο
3095 2006 3531 2075 συνεσταύρωσαν
3554 2002 3647 2070 γὰρ

2121 2104 2259 2173 μετὰ
2286 2100 2378 2156 τοῦ
2408 2100 2648 2172 Χριστοῦ
2677 2100 2880 2173 λῃστὰς
2909 2098 3022 2161 δύο,
3052 2098 3150 2151 ἕνα
3193 2099 3256 2149 ὲκ
3283 2094 3460 2160 δεξιῶν
3484 2090 3647 2156 αὐτοῦ,

2118 2195 2213 2247 καὶ
2236 2193 2333 2247 ἕνα
2364 2192 2425 2256 ἐξ
2456 2193 2772 2261 εὐωνύμων.
2827 2190 2939 2244 Καὶ
2970 2192 2996 2243 6
3023 2190 3122 2258 μὲν
3160 2184 3239 2250 εἷς
3268 2186 3387 2240 ἰδὼν
3422 2184 3505 2237 τὸν
3528 2184 3647 2252 Χριο

2122 2284 2244 2337 στὶν
2273 2285 2329 2336 ἐν
2372 2283 2451 2352 τῷ
2504 2281 2739 2352 σταυρῷ,
2776 2280 3117 2350 ἐϐλασφήμει
3174 2272 3295 2331 κατ’
3328 2275 3511 2329 αὐτοῦ·
3565 2271 3650 2326 ὁδ’

2123 2374 2278 2434 ἄλλος
2304 2374 2641 2442 ἐπετίμησεν
2693 2371 2860 2439 αὐτῷ,
2892 2370 3089 2433 εἰπὼν,
3130 2388 3147 2419 ι
3183 2367 3312 2422 Οὐδὲ
3343 2366 3470 2434 φοϐῇ
3496 2365 3551 2417 σὺ
3576 2362 3651 2414 τὸν

2124 2466 2276 2529 Θεὸν,
2333 2467 2412 2517 ὅτι
2450 2465 2505 2515 ἐν
2556 2461 2634 2531 τῷ
2698 2461 2849 2531 αύτῷ
2924 2460 3153 2531 κρίματι
3214 2457 3299 2523 εἷς
3364 2456 3467 2510 Καὶ
3516 2454 3653 2523 ἡμεῖς

2131 2557 2227 2626 μὲν
2260 2556 2368 2625 γὰρ
2395 2554 2642 2617 δικαίως,
2677 2552 2801 2616 ἄξια
2852 2552 2959 2619 γὰρ
3000 2543 3074 2603 ῶν
3101 2550 3413 2620 ἐπράξαμεν
3443 2546 3658 2613 ἀπολαμ-

2127 2649 2383 2716 6ἀνομεν,
2422 2640 2575 2704 οὗτος
2605 2645 2658 2697 δὲ
2687 2643 2840 2696 οὐδὲν
2896 2643 3096 2697 ἄτοπον
3128 2641 3348 2712 ἔπραξε.
3394 2638 3490 2691 Kal.
3530 2636 3657 2704 λέγει

2125 2738 2203 2808 τῷ
2238 2736 2430 2805 Ἰησοῦ,
2473 2754 2491 2787 ‹
2530 2733 2816 2805 Μνήσθητί
2850 2749 2973 2801 μου,
3026 2730 3226 2799 Κύριε,
3279 2730 3404 2783 ὅταν
3447 2725 3586 2794 ἔλθῃς
3610 2724 3659 2773 ὲν
3706 2784 3713 2795 ο

2128 2832 2194 2900 τῇ
2227 2827 2475 2897 βασιλεία
2501 2843 2614 2879 σου.
2646 2843 2665 2876 ι
2702 2824 2814 2877 Καὶ
2846 2822 3048 2893 ἐσώθη,
3086 2824 3116 2873 6
3144 2822 3190 2874 δ’
3229 2819 3384 2881 ἄλλος
3422 2815 3657 2870 ἀπώλετο.

2127 2924 2199 2977 Τὸ
2234 2924 2309 2986 δὲ,
2344 2941 2362 2972 ι
2394 2919 2495 2974 Σοῦ
2548 2920 2604 2973 δὲ
2636 2919 2805 2987 αὐτῆς
2835 2918 2931 2988 τὴν
2962 2915 3141 2986 ψυχὴν
3192 2912 3507 2967 διελεύσεται
3549 2908 3662 2976 ῥομ-

451 3019 584 3059 vero
618 3004 839 3074 periit“.
873 3004 1005 3057 Item
1042 3021 1057 3058 :
1096 3023 1113 3056 ι
1154 3005 1325 3058 Tuam
1394 3019 1522 3057 vero
1571 3004 1743 3072 ipsius
1787 3004 2022 3057 animam

2130 3014 2287 3083 φαιπι,
2328 3016 2475 3074 ὅπως
2536 3012 2601 3065 ἂν
2646 3008 3100 3076 ἀποκαλυφθῶσιν
3129 3009 3196 3061 ὲκ
3225 3004 3429 3059 πολλῶν
3459 2997 3663 3090 καρδιῶν

451 3096 817 3165 pertransibit
864 3096 1159 3165 gladius,”
1236 3104 1295 3147 ut
1346 3105 1662 3164 retegantur
1718 3111 1783 3148 ex
1835 3096 2024 3151 multis

454 3188 716 3243 cordibus
742 3188 1125 3259 cogitationes.
1170 3206 1189 3240 ι
1227 3186 1350 3242 Haec
1374 3188 1447 3241 ita
1486 3188 1835 3258 intelligenda
1875 3196 2025 3244 sunt.

455 3280 687 3345 Quidam
742 3281 1129 3334 hmreticorum
1184 3288 1519 3349 putaverunt
1579 3279 1857 3333 Christum
1906 3294 2028 3335 esse

454 3375 677 3444 quidem
738 3376 829 3428 Dei
868 3375 1088 3439 Filium,
1122 3375 1403 3443 Deumque
1458 3388 1688 3437 verum,
1750 3373 2027 3428 hominem

455 3474 636 3520 autem
680 3482 869 3520 verum
910 3481 1030 3521 esse
1072 3473 1433 3535 negaverunt,
1485 3465 1581 3519 sed
1635 3465 1910 3519 hominem
1954 3464 2033 3519 fa—

458 3568 607 3610 ctum
638 3572 756 3611 esse
782 3556 944 3611 modo
966 3556 1203 3626 quodam
1247 3556 1650 3626 iiuaginatorio.
1683 3556 1749 3610 Et
1784 3556 1888 3611 hoc
1914 3556 2035 3625 qui-

461 3647 583 3702 dem
629 3648 815 3702 multis
850 3648 1088 3714 videtur,
1108 3649 1253 3717 quod
1287 3649 1451 3702 homo
1495 3646 1719 3716 quidem
1771 3647 1843 3700 sit
1897 3647 2033 3700 citra

462 3742 915 3806 controversiam,
946 3756 1055 3794 non
1092 3750 1274 3794 tamen
1319 3739 1482 3793 homo
1516 3752 1701 3793 verus.
1734 3737 1847 3791 Hoc
1871 3736 2037 3806 igitur

461 3835 634 3887 instar
662 3833 937 3901 propheta:
978 3830 1283 3899 prmvidens
1306 3828 1527 3884 Simcon
1569 3830 1728 3882 matri
1750 3828 1887 3882 dixit
1911 3827 2040 3881 Dei-

461 3942 638 3993 rar;i-:
685 3926 777 3977 «Et
810 3934 953 3976 tuam
982 3922 1150 3989 ipsius
1180 3921 1414 3974 animam
1432 3918 2038 3990 pertransibitgladius,

462 4026 525 4069 ut
561 4026 877 4084 retegantur
909 4029 971 4065 ex
994 4014 1180 4065 multis
1204 4011 1461 4065 cordibus
1484 4011 1869 4077 cogitationes;
1897 4027 1915 4060 ›
1938 4010 2042 4065 hoc

465 4109 700 4159 innitens
758 4105 844 4157 his
901 4103 1083 4155 verbis
1135 4118 1149 4153 :
1205 4102 1341 4155 Cum
1398 4101 1653 4153 homines
1708 4106 1758 4152 te
1809 4101 2036 4152 mat'rem

466 4197 615 4249 illius
669 4194 943 4247 dol~ntem
1010 4192 1267 4249 viderint.
1322 4190 1543 4244 ﬂentem
1605 4198 1661 4243 ct
1710 4190 2039 4259 plorantem,

469 4303 591 4339 cum
624 4286 773 4339 hunc
809 4288 861 4338 in
893 4300 1057 4339 cruce
1091 4284 1330 4353 pendere
1358 4282 1730 4352 conspexeris,
1755 4280 1889 4334 certi
1913 4279 2041 4335 red-

2127 3104 2489 3174 δ;αλογισμοὶ,
2517 3118 2538 3153 ν
2569 3103 2679 3171 ἔχει
2699 3102 2860 3155 οὕτω.
2895 3099 3049 3162 Τινὲς
3069 3099 3180 3151 τῶν
3214 3094 3493 3168 αἱρετικῶν
3514 3088 3666 3153 ὲδόξιι-

2130 3197 2219 3251 ζον
2244 3197 2322 3248 ὅτι
2346 3196 2372 3247 6
2406 3196 2632 3264 Χριστὸς
2657 3194 2782 3256 Υἱὸς
2808 3196 2907 3260 μέν
2955 3193 3070 3242 ἐστι
3110 3189 3207 3242 τοῦ
3237 3186 3368 3241 Θεοῦ
3420 3182 3508 3235 καὶ
3550 3179 3663 3240 Θεὸς

2129 3288 2356 3358 ἀληθὴς,
2412 3286 2699 3356 ἄνθρωπος
2729 3284 2785 3337 δὲ
2825 3283 3029 3351 ἀληθὴς
3061 3282 3166 3334 οὐκ
3213 3281 3381 3342 ἔστιν,
3405 3274 3527 3329 ἀλλά
3548 3268 3669 3323 κατὰ

2132 3375 2431 3446 φαντασίαν
2474 3375 2693 3443 ἐγένετο
2725 3372 3033 3442 ἄνθρωπος.
3072 3372 3188 3424 Καὶ
3246 3368 3416 3421 ἐδόκει
3468 3362 3558 3433 μὲν
3601 3358 3670 3417 εἰς

2132 3470 2259 3531 τοὺς
2288 3466 2517 3528 πολλοὺς
2564 3464 2740 3528 τοῦτο,
2804 3465 2886 3516 ὅτι
2924 3459 3374 3530 ὁμολογουμένως
3420 3447 3673 3516 ἄνθρωπός

2136 3560 2305 3622 ἐστιν,
2345 3557 2404 3609 οὐ
2438 3557 2542 3625 μὴν
2581 3555 2637 3607 δὲ
2687 3555 2778 3606 καὶ
2816 3549 2884 3622 ἦν
2935 3552 3073 3604 κατὰ
3104 3550 3365 3620 ἀλήθειαν
3398 3544 3671 3614 ἄνθρωπος-

2136 3651 2309 3703 Τοῦτο
2341 3646 2473 3716 γοῦν
2518 3645 2753 3716 προϊδὼν
2784 3644 2812 3696 6
2861 3642 3113 3711 Συμεὼν,
3142 3642 3220 3703 ὡς
3261 3638 3551 3709 προφήτης,
3574 3626 3678 3682 εἷπε

2136 3742 2203 3811 τῇ
2234 3737 2501 3807 Θεοτόκῳ,
2546 3756 2564 3788 ι
2603 3737 2711 3791 Kal.
2743 3733 2837 3787 σοῦ
2868 3733 2924 3786 δὲ
2956 3732 3127 3801 αὐτῆς
3153 3733 3254 3800 τὴν
3306 3727 3475 3799 ψυχὴν
3501 3717 3679 3811 διελεύ-

2140 3809 2291 3885 σεται
2324 3828 2590 3901 ῥομφαία,
2642 3826 2789 3885 ὅπως
2815 3824 2881 3878 ἂν
2912 3823 3375 3891 ἀποκαλυφθῶσιν
3403 3821 3463 3870 ὲκ
3494 3809 3679 3867 πολλῶν

2116 3918 2376 3990 ’καρδιῶν
2398 3915 2731 3985 διαλογισμοὶ
2761 3930 2772 3943 ·
2817 3932 2835 3963 ι
2879 3918 3037 3964 τοῦτο
3077 3909 3369 3979 δηλοῦντος
3406 3903 3495 3957 τοῦ
3523 3901 3678 3990 λόγου,

2140 3985 2232 4065 ὅτι.
2254 4011 2423 4063 Ὅταν
2454 4009 2632 4062 ἴδωσιν
2669 4007 2719 4059 οἱ
2773 4004 3048 4073 ἅνθρωποι
3078 4001 3141 4053 σὲ
3171 4001 3272 4067 τὴν
3304 3996 3510 4069 μητέρα
3541 3985 3682 4046 αὑτοῦ

2141 4099 2489 4169 λυπουμένην
2530 4098 2622 4151 καὶ
2677 4094 2987 4167 θρηνοῦσαν
3047 4094 3143 4144 καί
3197 4090 3511 4147 κλαῐουσαν,
3565 4083 3682 4134 θεωο

2147 4190 2345 4262 ροῦσαν
2386 4188 2577 4242 τοῦτον
2603 4190 2660 4241 ὲν
2688 4187 2764 4257 τῷ
2800 4185 3038 4254 σταυρῷ,
3070 4183 3333 4253 μέλλουσι
3368 4179 3683 4262 πληροφορη-

2146 4283 2304 4352 θῆναι
2339 4282 2432 4335 καὶ
2454 4278 2794 4347 πιστωθῆναι
2825 4279 2873 4329 οἱ
2919 4276 3135 4345 ἔχοντες
3194 4274 3327 4342 περί
3370 4265 3527 4323 αὑτοῦ
3578 4260 3684 4319 τοὺς

471 4379 671 4431 dentur
700 4390 754 4431 et
784 4376 1281 4438 conﬁrmabuntur,
1312 4375 1405 4443 qui
1445 4373 1806 4443 cogitationes
1833 4371 1901 4427 de
1944 4371 2024 4426 illi

2145 4371 2546 4442 διαλογισμοὺς,
2579 4367 3125 4439 ὃτιὸμολογουμένως
3149 4365 3247 4416 καὶ
3274 4361 3371 4417 ἄνθ
3383 4358 3553 4431 pun-t6;
3570 4356 3682 4413 ἐστιν

473 4472 677 4523 hahent
741 4470 957 4531 dubias,
1000 4468 1144 4536 quod
1166 4458 1314 4522 icitra
1349 4481 1567 4520 omnem
1609 4463 2039 4520 controversiam

472 4572 528 4616 ct
558 4564 720 4615 homo
748 4564 833 4616 sit.
866 4572 922 4615 et
956 4572 1080 4614 tuus
1102 4560 1267 4613 ﬁlius.
1293 4559 1488 4621 Sancta
1515 4558 1658 4612 enim
1694 4569 1866 4612 mater
1896 4557 2042 4613 illius

476 4659 653 4711 doluit
678 4658 898 4726 quidem
923 4657 1139 4721 hunciu
1162 4640 1683 4722 crucelconspicata‘,
1709 4652 2046 4721 exspectavit

478 4761 659 4805 autem
693 4750 855 4803 simul
892 4746 1355 4801 resurrectionem
1399 4745 1548 4798 illius
1574 4745 1735 4798 tertio
1766 4744 2048 4809 die,secu-

478 4853 678 4901 turam,
721 4851 774 4895 ct
808 4842 987 4894 limata
1027 4849 1130 4904 est,
1156 4837 1300 4906 quod
1327 4846 1381 4891 et
1411 4836 1659 4906 contigit.
1688 4835 1845 4889 Nunc
1885 4835 2050 4904 igitur

477 4936 759 5005 intelligis,
819 4931 1094 5003 quomodo
1147 4930 1330 4984 omnia
1368 4944 1490 4998 quae
1541 4928 1608 4981 de
1658 4925 1876 4981 Christo
1908 4925 2049 4980 facta

480 5036 632 5093 sunt,
664 5027 943 5096 propheta:
982 5036 1037 5079 et
1067 5023 1240 5077 sancti
1289 5020 1658 5091 prmdixerint,
1699 5017 2054 5088 quemadmo—

481 5120 610 5168 dum
641 5122 803 5169 etiam
850 5117 903 5167 in
946 5115 1050 5167 hoc
1096 5120 1286 5167 nostro
1332 5123 1657 5182 argumento
1717 5108 1918 5163 factum
1947 5115 2049 5161 est.

481 5208 550 5260 Et
590 5222 684 5258 Vos
716 5206 956 5274 quidem,
990 5206 1130 5257 sicut
1178 5203 1277 5263 illi.
1314 5202 1694 5272 imaginatorio
1746 5199 1907 5253 modo
1958 5198 2053 5251 ho-

488 5300 693 5352 minem
719 5299 919 5351 factum
943 5312 1063 5351 esse
1087 5312 1195 5349 non
1218 5295 1420 5357 dicitis,
1449 5292 1541 5348 sed
1560 5292 1839 5347 Christum
1865 5302 2056 5343 verum

488 5389 773 5444 hoiniucm
835 5404 955 5442 esse
1009 5386 1295 5449 fatemini;
1329 5384 1687 5439 nihilominus
1721 5391 1896 5435 tamen
1952 5378 2062 5455 _ali-

487 5483 622 5552 quid
657 5482 929 5537 ha3reticis
951 5479 1129 5534 simile
1152 5476 1351 5534 dicitis.
1373 5476 1490 5531 Non
1514 5474 1661 5530 enim
1691 5471 2061 5538 arbitramini,

558 5666 581 5695 ⁵
621 5665 753 5717 Luc.
796 5679 857 5726 tt,
890 5662 1083 5716 25-522.
1166 5660 1184 5689 ⁸
1220 5658 1351 5712 Luc.
1411 5668 1563 5721 mu,
1612 5653 1788 5709 lO—lS.

2150 4464 2244 4519 καὶ
2274 4464 2362 4526 σὸς
2401 4461 2515 4524 υἱὸς
2558 4458 2816 4530 ὑπάρχει.
2889 4458 2954 4510 Ἥ
2985 4456 3092 4525 γὰρ
3156 4455 3292 4521 ἁγία
3341 4448 3499 4505 αὑτοῦ
3532 4446 3684 4515 μήτηρ

2151 4554 2396 4625 ἐλυπήθη
2431 4553 2551 4621 μὲν,
2578 4549 2852 4620 θεωροῦσα
2869 4549 2960 4601 τὸν
2979 4546 3095 4599 υπδν
3116 4545 3292 4615 αὐτῆς
3316 4546 3373 4598 ὲν
3388 4542 3464 4613 τῷ
3483 4531 3681 4603 σταυρῷ.

2154 4646 2424 4716 ἐξεδέχετο
2450 4644 2505 4697 δὲ
2548 4645 2697 4713 ὅμως
2728 4642 2823 4694 καὶ
2846 4640 2944 4709 τὴν
2962 4638 3268 4708 τριήμερον
3300 4632 3465 4688 αὐτοῦ
3493 4628 3684 4683 ἀνάστα·

2157 4754 2263 4800 σιν,
2318 4736 2414 4787 καὶ
2452 4734 2737 4804 ἠγάλλετο,
2789 4734 2925 4801 ὅπερ
2968 4730 3031 4799 δὴ
3072 4730 3169 4804 καὶ
3206 4727 3448 4796 ἐγένετο.
3499 4719 3689 4804 Βλέπεις

2155 4830 2270 4891 πῶς
2303 4801 2589 4880 πάντατὰ
2619 4823 2809 4886 εἰς-τὸν
2834 4802 3086 4891 Χριστδνξ
3098 4818 3365 4886 γεγονότα
3392 4813 3630 4883 προεῖπον
3650 4801 3694 4853 οἱ

2157 4922 2438 4992 προφῆται
2465 4919 2558 4971 καὶ
2586 4919 2636 4969 οἱ
2670 4917 2837 4984 ἆγιοι,
2873 4913 2947 4975 ὡς
2997 4914 3091 4963 καὶ
3123 4912 3255 4980 περὶ
3296 4910 3395 4976 τῆς
3445 4898 3697 4992 παρούσης

2159 5013 2503 5075 ὑποθέσεωςς
2536 5011 2643 5062 Kal.
2671 5009 2829 5077 ὑμεῖς
2867 5008 2987 5075 μὲν,
3040 5004 3115 5065 ὡς
3163 5004 3367 5056 ἐκεῖνοι
3404 4998 3598 5062 ἔλεγον,

2162 5104 2303 5159 κατὰ
2339 5101 2643 5172 φαντασίαν
2672 5098 2917 5165 ,ἐγένετο
2973 5095 3282 5163 ἄνθρωπος,
3321 5089 3478 5143 τοῦτο
3527 5082 3584 5135 οὗ
3629 5074 3704 5172 λέ·

2162 5213 2307 5264 γετε,
2352 5168 2495 5248 ⁷ἀλλά
2559 5190 2734 5259 ἀληθῆ
2774 5188 3059 5257 ἄνθρωπον
3118 5186 3307 5252 λέγετε
3354 5181 3444 5233 τὸν
3474 5168 3703 5264 Χρισξδνν

2164 5259 2312 5356 δμως
2336 5285 2525 5352 λέγετε
2555 5281 2854 5352 παρόμοιον
2880 5277 3132 5339 ἐκείνοις.
3162 5273 3300 5345 Οὐδὲ
3335 5271 3443 5340 γὰρ
3478 5259 3707 5328 δοξάζετε

2166 5378 2247 5430 ὅτι
2281 5376 2440 5436 αὐτὸς
2465 5377 2491 5428 6
2527 5371 2760 5443 Χριστὸς
2792 5370 3137 5440 ἐσταυρώθη,
3170 5365 3290 5417 ἀλλ’
3329 5363 3405 5420 ὡς
3432 5356 3708 5454 δῇθεῖἱῗ

2172 5472 2378 5540 μῶντες
2414 5435 2648 5523 ῶτινόι
2679 5435 3113 5532 Μουσουλμῄάνοι-
3136 5457 3411 5527 λέγουσιν,
3451 5450 3530 5505 ὅτι
3570 5435 3713 5497 ἄλλον
