3970 6212
581 329 687 394 477

1532 311 1836 388 CONTRA
1880 323 2365 386 MAHOMETEM
2404 325 2780 388 APOLOGIA
2824 325 2908 387 II.

3709 330 3822 393 ΠΒ

573 443 698 498 ἀντὶ
729 437 824 494 τοῦ
864 438 1102 512 Χριστοῦ
1134 439 1486 511 ἐσταύρωσαν
1541 444 1590 495 οἱ
1633 442 1899 508 Ἰουδαῖοι,
1932 453 2136 510 φαντα-

2251 443 2385 511 quod
2420 442 2538 514 ipse
2574 443 2873 498 cruciﬁxus
2904 443 2996 507 sit,
3029 441 3122 500 sed
3155 442 3481 499 Musulmani
3504 460 3603 500 ceu
3632 445 3822 500 honov

578 534 794 595 σθέντες
827 535 909 586 ὃτι
928 533 1088 596 αὑτός
1119 535 1268 586 ἐστιν
1299 533 1600 604 όΧριστός.
1632 533 1744 587 Κᾶν
1771 533 1880 604 γὰρ
1906 531 2138 585 καθόλου

579 624 675 676 ἐπὶ
701 623 794 676 τοῦ
834 624 1072 693 Χριστοῦ
1105 623 1165 675 οὐ
1194 622 1452 692 δοξάζητε
1515 623 1836 692 φαντασίαν,
1873 622 1988 675 ἀλλ⁹
2018 621 2140 675 ἐπεὶ

575 714 821 766 ὁπωσοῦν
840 714 1027 780 λέγετε
1061 712 1187 783 περὶ
1224 713 1388 766 αὑτοῦ
1431 715 1512 766 ὅτι
1537 712 1756 780 ἐγένετο
1805 712 1932 766 ἀλλο
1992 711 2142 781 παρά

576 807 676 872 τὴν
701 804 984 872 ἀλήθειαν,
1021 797 1412 875 ἀπαραιτήτως
1442 803 1537 856 καὶ
1571 805 1730 873 ὑμεῖς
1778 805 1858 866 εἰς
1897 803 1997 872 τὴν
2043 802 2140 854 αὺ-

576 897 674 964 τὴν
704 896 1064 964 περιπίπτετε
1116 893 1342 963 πλάνην.
1379 893 1570 964 Ὅμως
1636 893 1794 963 εἴπερ
1851 891 2138 959 συνέλθητε

579 985 696 1050 μετ’
727 985 956 1036 ἐκείνων
1003 983 1081 1045 εἰς
1115 982 1324 1050 λόγους,
1370 984 1465 1035 καλ.
1520 983 1716 1036 ἐκεῖνοι
1771 982 1867 1053 μὲν
1913 983 2138 1034 εῖπωσιν

575 1074 658 1126 ὅτι
691 1072 969 1135 παντελῶς
1026 1073 1241 1139 ἐγένετο
1283 1075 1310 1125 6
1362 1074 1596 1143 Χριστὸς
1649 1073 1790 1126 κατᾶ
1839 1071 2138 1140 φαντασίαν

577 1162 889 1233 ἄνθρωπος,
941 1164 1100 1234 ὑμεῖς
1133 1163 1190 1215 δὲ
1232 1164 1607 1231 ἀντιλέγοντες
1663 1164 1852 1232 εἴπητε
1907 1163 1991 1214 ὃτι
2040 1162 2139 1214 οὐκ

578 1253 727 1306 ἐστιν
755 1251 952 1317 οὕτως,
988 1253 1122 1306 ἀλλά
1151 1253 1290 1305 κατά
1319 1253 1581 1324 ἀλήθειαν
1633 1255 1732 1322 μὲν
1789 1253 2006 1320 ἐγένετο
2042 1252 2140 1305 ἀν·

577 1341 816 1410 θρωπος,
845 1341 966 1395 ἐπεὶ
998 1342 1052 1394 δὲ
1078 1341 1226 1412 μόνῳ
1253 1343 1329 1412 τῷ
1349 1344 1510 1397 πάθει
1539 1345 1755 1412 ἐγένετο
1788 1346 1819 1414 ἡ
1847 1341 2139 1412 φαντασία,

580 1429 677 1480 καὶ
712 1429 869 1491 ἀλλος
902 1429 1053 1481 ἐστὶν
1084 1429 1200 1483 ἀντ’
1229 1430 1436 1483 ἐκείνου
1464 1435 1491 1484 6
1538 1431 1893 1501 σταυρωθεὶς,
1945 1432 2139 1483 ἐκεῖνοι

575 1518 625 1571 6‘
660 1513 816 1580 αὖθις
847 1519 1176 1571 ἀντείπωσιν
1205 1520 1287 1572 ὅτι
1325 1521 1451 1574 Ἐὰν
1489 1523 1645 1590 ὑμεῖς
1677 1521 1776 1589 μὲν
1812 1519 2010 1590 λέγητε
2059 1521 2141 1573 ὅτι

578 1611 685 1662 ἀπὸ
713 1609 912 1678 μέρους
941 1611 1157 1678 ἐγένετο
1208 1612 1241 1683 ἡ
1291 1613 1582 1680 φαντασία,
1617 1613 1778 1681 ἡμεῖς
1817 1612 1871 1664 δέ
1914 1612 2142 1680 λέγομεν

577 1707 638 1757 τὸ
670 1705 924 1768 καθόλου,
962 1705 1013 1756 τί
1073 1705 1526 1776 κατηγορούμεθα
1574 1705 1704 1775 παρ’
1753 1706 1927 1774 ὑμῶν,
1983 1704 2141 1774 εἴπερ

579 1796 806 1862 λέγομεν
837 1794 895 1846 τὸ
931 1793 1154 1848 καθόλου
1185 1795 1484 1864 φαντασίαν
1509 1813 1523 1861 ;
1557 1794 1676 1847 οὐδὲ
1708 1796 1815 1864 γάρ
1843 1794 2141 1848 ἀντίκειταί

578 1901 707 1938 ποτε
731 1885 789 1936 τὸ
821 1885 985 1954 μέρος
1021 1885 1100 1955 τῷ
1125 1885 1376 1939 καθόλου·
1411 1886 1600 1956 ἐρωτῶ
1635 1902 1716 1950 σε,
1745 1885 1797 1938 τί
1830 1885 2138 1952 ἀναγκαίαν

579 1979 674 2029 καὶ
696 1975 1135 2045 ὁμολογουμένην
1154 1977 1447 2045 ἀπόκρισιν
1477 1976 1699 2045 μέλλετε
1727 1977 1912 2030 δοῦναι
1938 1978 2141 2043 αὐτοῖς;

579 2069 804 2130 Πάντως
835 2067 987 2136 ἔχετε
1018 2070 1193 2122 εἰπεῖν
1223 2068 1499 2138 οὐδεμίαν.
1538 2069 1768 2131 Βλέπεις
1800 2067 1919 2131 πῶς
1947 2070 1974 2122 ό
1994 2067 2145 2122 διδά-

579 2159 678 2224 ξας
709 2157 769 2210 τό
799 2157 1038 2211 τοιοῦτον
1071 2158 1249 2228 δόγμα
1279 2159 1403 2222 τοὺς
1431 2159 1897 2227 Μουσουλμάνους
1930 2157 2141 2222 ἐδίδαξε

578 2249 768 2311 κακῶς
799 2266 813 2311 ;
847 2251 917 2302 Ἦ
947 2249 1063 2319 γὰρ,
1088 2249 1297 2316 ἀγνοῶν
1333 2250 1567 2316 ἐδίδαξεν
1591 2249 1619 2302 6
1672 2251 1772 2302 οὐκ
1827 2248 2142 2316 ἐγίνωσκεν,

584 2340 619 2409 ἦ
648 2340 932 2404 γινώσκων
969 2340 1173 2409 ἔκρυψε
1220 2339 1318 2410 τὴν
1371 2339 1654 2408 ἀλήθειαν.
1699 2339 1838 2392 Ἀλλ’
1889 2341 2046 2408 ἡμεῖς
2095 2339 2144 2390 oi

589 2435 899 2502 Χριστιανοὶ
953 2433 1050 2502 οὐχ
1077 2431 1272 2494 οὕτως,
1301 2431 1436 2484 ἀλλὰ
1470 2430 1810 2500 διδαχθέντες
1852 2429 1912 2482 τὸ
1943 2428 2144 2498 ἀληθὲς

594 2527 732 2594 παρά
769 2542 827 2576 τε
857 2524 963 2576 τῶν
1008 2515 1323 2592 προφητῶν,
1390 2525 1541 2590 παρά
1582 2540 1640 2574 τε
1688 2521 1780 2574 τοῦ
1811 2521 2142 2588 Εὑαγγελίου

589 2619 676 2667 καὶ
716 2616 826 2668 τῶν
871 2607 1131 2684 μαθητῶν
1168 2613 1262 2666 τοῦ
1320 2613 1576 2682 Χριστοῦ,
1618 2610 1726 2664 τῶν
1782 2610 2142 2679 διδαχθέντων

586 2710 714 2780 παρ’
740 2707 929 2770 αὐτοῦ,
960 2707 1101 2761 οὕτω
1135 2705 1478 2780 φρονοῦμεν,
1501 2703 1762 2781 καὶ-οθτω
1799 2701 2142 2769 πιστεύομεν,

582 2801 664 2850 ὁτι
697 2799 724 2850 6
759 2799 882 2861 Υἱὸς
918 2797 1009 2850 τοῦ
1059 2795 1218 2863 Θεοῦ,
1257 2797 1434 2864 σάρκα
1493 2793 1672 2846 λαϐὼν
1731 2793 1796 2845 ἐκ
1851 2791 1948 2861 τῆς
1985 2789 2145 2858 ἁγίας

587 2888 866 2956 Παρθένου
914 2887 1004 2938 καὶ
1036 2885 1324 2946 Θεοτόκου,
1353 2885 1569 2951 ἐγένετο
1607 2883 1887 2952 ἄνθρωπος
1918 2880 2143 2947 ἀληθὴς,

586 2982 674 3028 καί.
707 2978 866 3037 αὐτὸς
906 2975 1174 3028 ἀπέθανεν
1205 2972 1444 3042 ἀληθῶς,
1474 2972 1568 3024 καὶ
1592 2971 1690 3024 οὐκ
1739 2970 1919 3032 ἄλλος.
1950 2969 2054 3022 Καὶ
2087 2959 2144 3020 ἐν

585 3067 662 3130 τῷ
694 3064 931 3133 σταυρῷ,
960 3064 1053 3116 καὶ
1080 3052 1160 3132 τῷ
1207 3063 1392 3126 πάθει,
1443 3062 1536 3114 καὶ
1586 3061 1664 3130 τῷ
1724 3059 1938 3130 θανάτῳ
1979 3057 2142 3112 αὐτοῦ

589 3125 944 3226 καυχώμεθα.
983 3157 1092 3207 Καὶ
1114 3125 1163 3206 ἐξ
1192 3153 1390 3222 βούλει,
1429 3125 1662 3208 ἄκουσον
1704 3125 1928 3204 Ἡσαΐου
1954 3153 2143 3218 λέγον·
2173 3125 2217 3184 C

489 3299 502 3306 ,
587 3262 700 3310 τος,
735 3263 754 3295 ι
787 3245 899 3297 Οὐκ
922 3243 1067 3295 ἐστιν
1101 3237 1237 3303 εῑδος
1271 3241 1444 3309 αὐτῷ,
1499 3241 1622 3294 οὐδὲ
1665 3240 1812 3306 δόξα.
1868 3240 1977 3293 Καὶ
2009 3239 2150 3292 είδο-

593 3353 692 3405 μεν
723 3334 906 3399 αὐτὸν,
939 3334 1034 3387 καὶ
1063 3331 1163 3386 οὐκ
1193 3325 1338 3402 εῖχεν
1391 3328 1550 3394 εἶδος,
1593 3330 1716 3384 οὐδὲ
1753 3328 1970 3392 κάλλος,
2016 3329 2152 3381 ἀλλά

589 3428 652 3478 τὸ
678 3425 816 3489 εἶδος
843 3424 1010 3479 αὐτοῦ
1033 3426 1248 3492 ἄτιμον,
1277 3423 1527 3475 ἐκλεῖπον
1552 3421 1613 3474 τὸ
1646 3417 1784 3484 εἶδος
1811 3420 1975 3474 αὑτοῦ
2001 3418 2154 3486 παρά

589 3518 716 3578 τοὺς
764 3516 912 3576 υἱοὺς
941 3514 1050 3566 τῶν
1084 3513 1409 3582 ¹ανθρώπων.
1458 3511 1783 3579 Ἀνθρωπος
1839 3513 1896 3563 ἐν
1964 3512 2151 3579 πληγῇ

592 3603 692 3668 ῶν,
718 3605 810 3654 καὶ
848 3601 1002 3662 εἰδὼς
1035 3600 1225 3668 φέρειν
1288 3599 1583 3668 μαλακίαν,
1631 3599 1713 3650 ὃτι
1766 3598 2152 3666 ἀπέστραπται

593 3693 655 3743 τὸ
685 3691 976 3761 πρόσωπον
1001 3690 1188 3752 αὑτοῦ,
1215 3688 1513 3758 ἡτιμάσθη,
1575 3690 1670 3742 καὶ
1722 3689 1821 3740 οὐκ
1878 3687 2151 3756 ἐλογίσθη.

594 3778 762 3844 Οὗτος
800 3782 895 3844 τὰς
922 3781 1196 3852 ἁμαρτίας
1231 3779 1386 3850 ἡμῶν
1418 3780 1596 3849 φέρει,
1653 3783 1744 3831 καὶ
1807 3781 1935 3846 περὶ
1996 3778 2154 3847 ἡμῶν

590 3875 867 3929 ὀδυνᾶται.
898 3873 1004 3926 Καὶ
1051 3873 1210 3940 ἡμεῖς
1253 3869 1620 3940 ἐλογισάμεθα
1679 3869 1841 3922 αὑτὸν
1897 3864 2035 3921 εἶναι
2099 3871 2156 3921 ἐν

595 3967 742 4034 πόνῳ
790 3966 882 4016 καὶ
936 3965 992 4015 ἐν
1030 3962 1216 4031 πληγῇ
1281 3961 1386 4014 ὑπὸ
1434 3959 1591 4026 Θεοῦ,
1652 3961 1746 4014 καὶ
1791 3961 1847 4012 ἐν
1893 3959 2154 4012 κακώσει.

595 4059 772 4120 Αὐτὸς
801 4056 858 4108 δέ
887 4053 1298 4124 ἐτραυματίσθη
1331 4052 1418 4105 διὰ
1463 4054 1559 4114 τὰς
1604 4050 1832 4121 ἀνομίας
1862 4051 2040 4121 ἡμῶν,
2065 4051 2158 4102 καὶ

601 4150 1004 4218 μεμαλάκισται
1041 4146 1128 4198 διὰ
1157 4145 1256 4207 τὸσς
1298 4145 1567 4214 ἁμαρτίας
1592 4143 1789 4214 ήμῶν.
1822 4141 2042 4194 Παιδεία
2086 4143 2161 4194 εί-

598 4248 767 4312 ρὴνης
798 4239 954 4309 ἡμῶν
997 4237 1085 4290 ἐπ’
1119 4235 1304 4300 αὑτὸν,
1361 4236 1437 4306 τῷ
1499 4233 1728 4305 μώλωπι
1795 4233 1959 4287 αὑτοῦ
2000 4234 2158 4302 ἡμεῖς

591 4334 848 4400 καθημεν.
884 4330 1088 4388 Πάντες
1139 4329 1214 4389 ὡς
1266 4327 1513 4396 πρόϐατα
1576 4325 1980 4392 ἑπλανήθημεν.
2036 4323 2161 4374 Ἀν-

2244 533 2419 588 raturi
2447 533 2596 587 illum
2615 533 3064 601 dicuntJudreos
3093 533 3261 588 alium
3286 534 3574 603 quemdam
3604 535 3819 589 Christi

2242 624 2361 678 loco
2419 623 2761 695 cruciﬁxissc
2786 666 2800 688 ,
2836 638 2960 677 eum
3011 624 3398 694 imaginatione
3435 623 3567 678 falsa
3599 625 3813 692 decepti

2239 715 2385 768 hunc
2401 714 2677 768 Christum
2695 729 2814 768 esse
2833 716 3167 783 putaverint.
3187 714 3498 768 Licetenim
3517 715 3570 767 in
3589 712 3813 768 Christo

2239 805 2604 858 universalem
2644 803 2793 858 illam
2843 804 3286 873 imaginationem
3318 806 3433 859 sive
3463 803 3809 873 phantasiam

2237 912 2345 950 non
2368 896 2629 964 probetis.
2653 910 2776 948 cum
2808 905 2988 948 tamen
3013 897 3162 949 illum
3184 897 3366 964 aliquo
3391 895 3551 950 modo
3571 894 3652 948 vel
3677 905 3814 947 tem-

2237 1002 2366 1056 pore
2380 1001 2409 1040 a
2425 999 2549 1039 vera
2561 984 2861 1038 substantia
2877 985 3289 1054 degeneravisse
3304 985 3645 1048 dicatis,sine
3659 982 3808 1036 omni

2238 1076 2610 1132 controversia
2642 1074 2695 1128 in
2725 1076 2976 1129 eumdem
3009 1090 3252 1129 errorem
3285 1075 3544 1128 inciditis.
3572 1073 3628 1128 Si
3659 1073 3807 1128 enim

2237 1167 2530 1237 aliquando
2568 1167 2724 1221 vobis
2754 1182 2880 1222 cum
2933 1166 3064 1235 ipsis
3101 1165 3399 1234 disputatio
3439 1166 3726 1229 incideret,
3756 1174 3813 1218 et

2238 1260 2316 1313 illi
2342 1259 2563 1328 quidem
2596 1258 2838 1314 dixerint
2865 1256 3151 1313 Christum
3186 1271 3282 1326 per
3312 1257 3496 1310 omnia
3533 1255 3814 1310 hominem

2238 1349 2405 1404 fuisse
2427 1348 2894 1418 imaginatorium,
2920 1363 3016 1402 vos
3041 1363 3173 1402 vero
3205 1348 3291 1402 his
3316 1363 3347 1402 e
3371 1354 3562 1401 contra
3591 1361 3818 1414 respon-

2241 1441 2456 1504 deritis,
2494 1439 2642 1494 hunc
2699 1453 2892 1493 revera
2949 1437 3231 1492 hominem
3274 1451 3465 1491 verum
3512 1435 3703 1499 fuisse,
3757 1438 3820 1491 in

2241 1530 2357 1586 sola
2404 1539 2585 1584 autem
2620 1529 2874 1599 passione
2915 1527 3082 1582 fuisse
3117 1526 3584 1596 imaginatorium,
3621 1525 3820 1579 alium-

2243 1637 2348 1692 que
2397 1623 2516 1676 loco
2552 1622 2694 1676 illius
2726 1620 3044 1675 cruciﬁxum
3103 1634 3243 1683 esse,
3296 1619 3348 1672 hi
3400 1627 3582 1672 autem
3633 1617 3818 1671 denuo

2246 1711 2566 1780 objecerint,
2609 1709 2761 1777 Quod
2795 1710 2837 1764 si
2878 1723 2973 1763 vos
3035 1707 3422 1776 particularem
3475 1704 3816 1772 phantasiam

2244 1803 2328 1858 vel
2354 1802 2796 1871 imaginationem
2830 1801 2883 1852 in
2913 1798 3134 1853 Christo
3177 1797 3373 1851 factam
3405 1795 3574 1850 fuisse
3611 1794 3820 1856 dicitis,

2244 1909 2342 1948 cur
2372 1908 2471 1948 nos
2505 1893 2599 1962 qui
2633 1890 3006 1946 universalem
3043 1890 3362 1952 asserimus,
3397 1897 3622 1956 pmpter
3653 1886 3755 1940 hoc
3787 1900 3818 1938 a

2242 1985 2400 2040 vobis
2432 1983 2790 2038 damnamur?
2822 1980 3165 2036 Particulare
3191 1981 3337 2034 enim
3369 1994 3492 2034 cum
3525 1975 3817 2032 universali

2243 2091 2351 2130 non
2407 2083 2629 2144 pugnat.
2653 2073 2730 2128 Te
2754 2073 2938 2140 itaque
2969 2073 3270 2142 interrogo,
3317 2084 3481 2140 quam
3506 2068 3820 2136 responsio-

2244 2181 2367 2221 nem
2421 2164 2532 2219 illis
2581 2163 2827 2218 aﬂeretis
2858 2162 3079 2232 dignam
3125 2171 3182 2216 et
3233 2159 3614 2230 probabilem?
3645 2158 3822 2222 Quaut

2245 2260 2396 2306 certe
2426 2250 2534 2304 huc
2565 2250 2834 2314 adoratis,
2871 2249 3075 2302 nullam
3125 2248 3337 2301 habetis
3381 2246 3626 2300 omnino.
3656 2244 3820 2298 Vides

2246 2341 2414 2410 igitur
2458 2357 2621 2410 quam
2665 2353 2922 2408 perverso
2969 2337 3338 2390 Musulmanos
3373 2334 3696 2394 instituerit,
3726 2331 3818 2400 qui

2246 2429 2559 2500 bujusmodi
2609 2428 2804 2497 dogma
2861 2424 3035 2490 dedit,
3077 2424 3192 2479 sive
3223 2423 3430 2478 inscius
3462 2436 3668 2482 rerum,
3701 2435 3823 2488 quae

2245 2538 2353 2576 non
2415 2519 2721 2582 intellexit,
2772 2517 3052 2580 docuerit;
3095 2515 3207 2569 sive
3258 2529 3314 2568 re
3362 2514 3508 2566 omni
3566 2510 3820 2580 cognita,

2248 2613 2534 2666 veritatem
2567 2620 2747 2664 tamen
2797 2605 3122 2661 occulucrit.
3157 2605 3332 2658 Aliter
3365 2619 3498 2657 vero
3541 2618 3638 2656 nos
3667 2601 3825 2655 ωηι-

2208 2702 2410 2776 'stiani
2454 2702 2756 2776 veritatem
2813 2699 2993 2754 edocti
3054 2698 3123 2753 ab
3192 2695 3326 2766 ipsis
3396 2694 3702 2764 prophetis,
3755 2709 3825 2747 ex

2246 2775 2544 2862 Evan'gelio
2574 2799 2881 2859 quoque-et
2918 2787 3204 2856 discipulis
3233 2801 3261 2839 a
3303 2785 3522 2840 Christo
3557 2785 3824 2838 institutis

2247 2887 2328 2960 sic
2350 2884 2637 2958 sentimus,
2656 2881 2803 2936 etsic
2839 2880 3148 2935 credimus:
3172 2877 3319 2948 quod
3349 2876 3516 2931 Filius
3543 2874 3632 2929 Dei
3659 2889 3825 2928 carne

2247 2988 2520 3052 assumpta
2556 2994 2621 3032 ex
2653 2987 2839 3032 sancta
2862 2985 2917 3031 et
2943 2975 3172 3044 Deipara
3205 2973 3426 3044 Virgine
3468 2972 3634 3026 homo
3665 2987 3827 3024 verus

2247 3079 2408 3126 natus
2427 3072 2516 3130 sit,
2537 3078 2591 3124 et
2612 3066 2756 3122 idem
2776 3067 2890 3136 ipse
2917 3082 3043 3121 vere
3061 3067 3131 3120 sit
3154 3073 3422 3127 mortuus,
3442 3073 3497 3118 ct
3520 3078 3625 3115 non
3645 3061 3824 3114 alius:

2253 3168 2308 3216 et
2337 3162 2390 3215 in
2420 3175 2608 3224 cruce,
2640 3167 2694 3213 et
2720 3158 2774 3212 in
2804 3159 3060 3227 passione
3088 3165 3144 3210 et
3179 3156 3233 3209 in
3271 3166 3449 3209 morte
3478 3154 3597 3222 ejus
3628 3151 3830 3221 gloria-

2254 3267 2397 3305 mur.
2449 3248 2605 3314 Quod
2667 3248 2710 3302 si
2765 3247 3254 3311 volueris,lsaiam
3305 3245 3580 3300 dicentem
3641 3241 3768 3296 audi
3813 3257 3828 3294 :

2261 3357 2279 3391 ι
2314 3338 2435 3392 Non
2485 3347 2569 3392 est
2619 3335 2830 3406 species
2882 3336 2955 3403 ei,
3011 3350 3191 3405 neque
3249 3335 3443 3406 gloria.
3481 3334 3548 3388 Et
3594 3331 3831 3386 vidimus

2253 3445 2402 3494 eum,
2450 3442 2550 3484 nec
2583 3426 2823 3482 habebat
2873 3427 3134 3496 speciem,
3175 3441 3352 3494 neque
3396 3427 3675 3480 decorem.
3723 3421 3832 3477 Sed

2255 3520 2464 3589 species
2492 3518 2610 3588 ejus
2652 3518 2998 3582 inhonorata,
3047 3533 3111 3572 ac
3173 3517 3432 3571 deﬁciens
3470 3517 3633 3570 decor
3663 3514 3834 3582 ipsius

2255 3626 2368 3680 pra:
2423 3609 2548 3662 [iliis
2594 3607 2901 3661 hominum.
2939 3607 3113 3662 Homo
3167 3608 3222 3661 in
3270 3608 3424 3676 plaga
3464 3607 3751 3664 cxsistcns.
3778 3612 3836 3657 et

2257 3698 2436 3753 sciens
2494 3696 2638 3750 ferre
2697 3695 3098 3760 inﬁrmitatem,
3151 3695 3277 3763 quia
3321 3709 3509 3747 aversa
3542 3701 3624 3748 est
3669 3693 3836 3745 facies

2257 3793 2395 3862 ejus,
2418 3791 2672 3860 despecta
2698 3799 2800 3856 est,
2837 3799 2892 3844 et
2925 3805 3031 3844 non
3062 3800 3145 3844 est
3173 3797 3448 3858 reputata.
3481 3786 3579 3840 llic
3614 3794 3836 3855 peccata

2259 3893 2443 3937 nostra
2480 3891 2682 3952 portat,
2715 3892 2768 3936 et
2795 3897 2896 3952 pro
2921 3881 3084 3935 nobis
3107 3880 3276 3955 dolet,
3302 3887 3356 3933 et
3385 3893 3486 3932 nos
3522 3876 3841 3945 putavimus

2247 3989 2384 4045 eum
2412 3989 2530 4028 esse
2555 3973 2607 4026 in
2640 3973 2829 4027 dolore
2860 3983 2912 4026 et
2935 3972 3091 4041 plaga
3120 3987 3148 4025 a
3177 3971 3308 4034 Deo,
3341 3979 3396 4023 et
3427 3968 3481 4022 in
3517 3965 3833 4020 alliietione.

2261 4064 2384 4132 ipse
2413 4065 2732 4146 vulneratus
2761 4071 2846 4116 est
2886 4071 3112 4133 propter
3155 4061 3478 4131 iniquitates
3511 4069 3747 4122 nostras,
3782 4064 3840 4109 et

2243 4137 2566 4211 inﬁrmatus
2619 4139 2704 4209 est
2758 4163 2984 4224 propter
3027 4163 3250 4222 peccata
3295 4160 3498 4206 nostra.
3536 4148 3837 4218 Disciplina

2260 4245 2414 4315 pacis
2462 4244 2624 4298 nobis
2681 4258 2848 4313 super
2909 4257 3036 4296 eum
3075 4259 3088 4296 :
3124 4241 3298 4295 livore
3357 4239 3477 4312 ejus
3524 4252 3630 4292 nos
3661 4234 3837 4291 sanati

2261 4351 2473 4390 sumus.
2508 4334 2713 4388 Omnes
2757 4342 3016 4400 tanquam
3053 4347 3182 4386 oves
3213 4330 3545 4384 erravimus.
3576 4327 3750 4384 Homo
3783 4327 3840 4380 in

596 4424 812 4493 θρωπος
842 4424 908 4490 τῇ
944 4420 1047 4488 ὁδῷ
1079 4417 1245 4470 αὑτοῦ
1273 4417 1575 4486 ἐπλανήθη,
1615 4415 1707 4468 καὶ
1754 4415 1949 4483 Κύριος
1987 4411 2150 4481 παρέ-

2260 4426 2345 4480 via
2375 4440 2473 4480 sua
2502 4424 2731 4486 erravit,
2767 4433 2822 4476 et
2869 4422 3136 4476 Dominus
3164 4419 3391 4474 tradidit
3420 4433 3546 4472 eum
3579 4416 3840 4485 iniquita-

599 4516 770 4568 δωκεν
798 4514 958 4566 αὑτὸν
989 4514 1106 4572 ταῖς
1139 4511 1439 4579 ἁμαρτίαις
1489 4508 1665 4578 ἡμῶν.
1721 4507 1826 4559 Καὶ
1861 4507 2019 4568 αὐτὸς
2069 4506 2158 4558 διὰ

597 4607 660 4660 τ),
682 4603 1053 4667 κεκακῶσθαι,
1082 4604 1182 4655 οὐκ
1203 4603 1405 4668 ἀνοίγει
1432 4599 1492 4651 τὸ
1525 4600 1698 4668 στόμα
1728 4598 1911 4651 αὑτοῦ.
1951 4617 1967 4650 ι
2008 4594 2158 4659 Εἶδες

603 4701 714 4759 πῶς
763 4699 862 4750 οὐκ
899 4695 1244 4765 αἰσχύνονται
1276 4695 1324 4746 oi
1349 4691 1666 4762 Χριστιανοὶ
1693 4691 1781 4742 διὰ
1813 4691 1873 4742 τὸ
1898 4689 1991 4742 τοῦ
2026 4691 2158 4758 Χρι-

605 4788 730 4841 στοῦ
793 4787 984 4850 πάθος,
1042 4785 1175 4836 ἀλλά
1220 4787 1312 4837 καὶ
1373 4787 1430 4837 ἐν
1489 4783 1637 4853 αὑτῷ
1682 4773 2021 4852 καυχῶνται,
2069 4783 2163 4834 καὶ

599 4879 811 4948 τρανῶς
861 4875 1158 4928 εἰσι-τοῦτο
1225 4875 1626 4944 κηρύττοντες;
1680 4874 1843 4937 Ποίας
1899 4875 2004 4944 γὰρ
2041 4875 2163 4945 ἑξη-

604 4971 812 5037 γήσειυς
834 4967 1005 5019 δεῖται
1036 4967 1068 5035 ή
1100 4965 1352 5034 παροῦσα
1384 4965 1691 5035 προφητεία
1720 4965 1872 5034 ἡλίου
1911 4965 2165 5035 κσιθσιρώ⁴

603 5074 755 5124 τερον
785 5056 1080 5123 λάμπουσα
1111 5071 1125 5118 ;
1160 5053 1256 5116 Τίς
1312 5056 1418 5121 γᾴρ
1461 5055 1568 5105 τῶν
1626 5054 1926 5122 ἀνθρώπων
1971 5056 2166 5124 πάσχει

602 5147 667 5198 δι’
717 5146 877 5199 ἄλλου
935 5145 1209 5212 ἁμαρτίας
1277 5145 1426 5213 παρά
1473 5144 1643 5210 Θεοῦ;
1699 5146 1918 5207 Πάντως
1972 5146 2166 5208 οὶδείς.

603 5236 705 5289 Καὶ
750 5239 891 5298 τίνος
952 5237 1062 5288 τῶν
1103 5234 1407 5306 ἀνθρώπων
1461 5235 1683 5298 θάνατος
1743 5238 1959 5304 ἐγένετο
2003 5237 2164 5289 ἄλλου

602 5331 903 5392 ἀνάστασις
935 5345 950 5394 ;
985 5327 1086 5381 Καὶ
1116 5328 1257 5390 τίνος
1290 5329 1569 5399 ἀρρωστία
1601 5330 1815 5396 ἐγένετό
1847 5347 1975 5382 ποτε
2000 5330 2162 5382 ἄλλου

603 5420 790 5484 Orsi-:1;
819 5421 1044 5482 Πάντως
1072 5419 1218 5489 ἔχεις
1261 5421 1458 5484 εἰπεῖν,
1523 5423 1751 5485 Οὐδενὸς
1792 5423 1953 5476 ἄλλου
2001 5426 2032 5495 ἦ
2071 5423 2166 5478 τοῦ

603 5509 868 5579 Χριστοῦ.
929 5511 1101 5572 Αὐτὸς
1157 5512 1264 5580 γὰρ
1320 5512 1480 5583 μόνος
1539 5513 1757 5586 ἔπαθεν,
1797 5515 1936 5585 ὑπὲρ
1988 5516 2168 5587 ἡμῶν,

676 5688 697 5717 ⁷
737 5691 838 5747 lsa.
869 5707 979 5757 un,
1017 5691 1222 5761 Lseqq.

2268 4515 2417 4569 tibus
2445 4513 2670 4578 nostris,
2697 4522 2749 4567 et
2775 4513 2894 4582 ipse
2929 4523 3155 4582 propter
3184 4510 3537 4564 afﬂictionem
3575 4523 3681 4561 non
3713 4519 3843 4574 ape-

2267 4607 2378 4661 ruit
2443 4621 2504 4660 os
2549 4621 2706 4659 suum
2746 4605 2788 4660 ".
2832 4623 2850 4656 ι
2914 4601 3395 4658 Animadvertisne
3461 4614 3568 4668 qua
3609 4597 3843 4651 ratione

2273 4693 2366 4747 ﬁat
2401 4703 2460 4748 ut
2489 4693 2833 4748 Christianos
2891 4693 3163 4761 passionis
3216 4689 3422 4744 Christi
3467 4703 3573 4740 non
3617 4685 3840 4754 pudeat,

2269 4789 2400 4855 quin
2423 4787 2606 4856 potius
2634 4787 2688 4839 in
2717 4785 2824 4838 hac
2865 4785 3194 4854 glorientur,
3227 4791 3284 4836 et
3326 4781 3470 4833 illam
3510 4773 3845 4846 prtedieent?

2264 4878 2380 4944 Qua
2426 4879 2574 4932 enim
2620 4876 3074 4945 interpretatione
3116 4871 3438 4926 vaticinium
3471 4868 3574 4920 hoc
3606 4879 3846 4934 praesens

2267 4970 2383 5038 ipso
2410 4968 2523 5021 sole
2555 4965 2894 5035 splendidius
2927 4962 3172 5031 indiget?
3209 4960 3342 5026 Quis
3369 4959 3514 5012 enim
3557 4954 3845 5008 hominum

2267 5075 2365 5127 pro
2399 5058 2626 5112 alterius
2679 5055 2923 5125 peccatis
2967 5055 3194 5123 patitur,
3234 5060 3604 5116 praeterquam
3661 5042 3846 5098 Deus?

2266 5148 2460 5202 Nullus
2508 5163 2659 5202 sane.
2715 5147 2884 5216 Cujus
2930 5146 3094 5198 etiam
3147 5141 3388 5196 hominis
3420 5153 3569 5193 mors
3616 5134 3848 5189 alterius

2277 5241 2341 5293 ﬁt
2372 5239 2746 5294 resurrectio?
2776 5237 2946 5307 Cujus
2997 5237 3262 5306 :egritudo
3298 5232 3530 5288 alterius
3577 5238 3663 5284 est
3700 5225 3848 5281 sani-

2276 5333 2394 5387 tas?
2422 5331 2600 5386 Fateri
2630 5332 2854 5385 omnino
2883 5338 3122 5399 Oportet,
3158 5328 3302 5397 quod
3334 5327 3438 5380 hoc
3471 5338 3579 5377 non
3609 5321 3681 5376 sit
3709 5319 3850 5372 alte-

2276 5425 2391 5479 rius
2414 5439 2576 5492 quam
2614 5423 2784 5478 solius
2807 5423 3036 5501 Christi.
3064 5421 3185 5490 lpse
3209 5421 3357 5473 enim
3392 5416 3541 5474 solus
3561 5429 3661 5484 pro
3692 5409 3859 5464 nobis

2277 5532 2467 5588 passus
2513 5525 2624 5583 est,
2685 5527 2742 5574 et
2791 5515 2910 5588 ipse
2977 5522 3328 5584 contemptus
3385 5521 3510 5579 est,
3563 5505 3663 5564 sed
3713 5516 3856 5559 coa-
