3970 6212
217 320 326 386 479

1411 321 1731 384 JCANNIS
1761 322 2283 385 CANTACUZENI

3338 321 3440 389 480

217 447 487 508 tcmptum
553 437 701 492 hunc
761 436 916 492 nihili
985 437 1167 491 duxit.
1225 438 1347 506 Ipse
1418 448 1705 506 peccatum
1771 454 1800 495 e

1920 439 2008 492 ιαὶ
2050 440 2215 503 αύτός
2230 440 2533 509 ἡτιμάσθη,
2575 438 2792 495 καὶούκ
2818 439 3105 509 ἐλογίσατό
3139 458 3187 495 τι
3218 440 3313 513 τὴν
3339 443 3449 496 ἀτι-

216 530 403 584 medio
463 529 706 594 sustulit,
772 538 829 583 et
866 531 980 598 ipse
1031 543 1130 597 pro
1180 529 1343 583 nobis
1396 529 1640 584 afﬂictus
1686 541 1790 595 est,

216 630 273 673 et
304 620 417 688 ipse
466 621 790 673 vulneratus
819 626 902 672 est
932 626 1158 688 propter
1206 618 1525 688 iniquitates
1578 630 1802 674 nostras

220 721 282 764 ut
328 712 451 765 illas
498 712 738 771 deleret,
786 719 851 764 et
888 710 1064 765 livore
1113 709 1262 764 illius
1320 725 1419 765 nos
1461 725 1651 764 omnes
1693 726 1803 765 sa-

220 804 333 857 nati
369 818 581 857 sumus.
622 802 798 855 Moses
823 817 959 856 vero
984 802 1062 856 sic
1086 802 1220 855 dixit
1245 818 1258 855 :
1292 820 1308 852 ι
1331 802 1600 856 Videbitis
1629 802 1803 856 vitam-

220 902 459 948 vestra-m
506 909 826 963 suspensam
862 903 987 948 ante
1020 895 1213 949 oculos
1258 904 1468 949 vestros
1489 894 1531 947 ⁸.
1575 912 1593 946 ι
1629 894 1808 963 Cujus‘

222 985 367 1037 enim
390 984 498 1037 vita
529 984 789 1051 suspendi
814 994 992 1052 potest
1012 993 1136 1038 ante
1163 984 1352 1037 oculos
1378 983 1800 1053 alicujus?Nul-

223 1074 329 1127 lius
349 1074 595 1127 omnino.
624 1073 730 1128 Sed
757 1074 906 1128 solus
928 1074 1182 1129 Christus
1211 1074 1263 1127 in
1306 1090 1469 1129 cruce
1499 1090 1809 1144 suspensus

225 1173 329 1224 est,
357 1164 449 1231 qni
472 1163 688 1217 estvita
717 1164 927 1217 mundi.
959 1165 1079 1233 Ipse
1100 1164 1332 1233 enim:de
1365 1180 1423 1219 se
1441 1164 1577 1217 dixit
1603 1184 1615 1218 :
1647 1184 1664 1214 ι
1692 1166 1800 1235 Ego

223 1269 341 1307 sum
384 1255 516 1317 viti,
561 1270 661 1322 ego
698 1270 817 1308 sum
846 1255 955 1319 via,
1004 1270 1103 1325 ego
1134 1271 1253 1309 sum
1300 1255 1560 1328 veritas“.
1596 1274 1613 1307 ι
1645 1255 1802 1310 Nunc

226 1344 491 1397 nimirum
549 1344 857 1415 intelligis,
923 1347 1221 1415 pmphetas
1272 1346 1436 1400 etiam
1496 1347 1563 1401 de
1628 1356 1803 1402 morte

225 1436 453 1502 Christi,
486 1436 947 1505 quemadmodum
993 1437 1060 1491 de
1106 1438 1333 1505 reliquis
1368 1438 1643 1503 omnibus,
1684 1453 1805 1492 esse

226 1526 575 1581 vaticinatos.
613 1528 861 1596 Agnosce
896 1528 1085 1598 igitur,
1112 1528 1257 1596 quod
1301 1527 1527 1582 indubie
1553 1527 1806 1583 Christus

230 1617 347 1686 ipse
381 1627 631 1672 mortuus
679 1619 769 1673 sit.
798 1620 889 1673 llle
940 1620 1056 1688 ipse
1095 1620 1242 1675 enim
1278 1620 1573 1674 cruciﬁxus
1627 1630 1709 1674 est
1752 1629 1808 1674 et

230 1716 502 1769 mortuus,
535 1719 589 1763 et
650 1712 765 1763 non’
808 1711 970 1773 alius,
1028 1720 1089 1765 ut
1137 1727 1235 1765 vos
1287 1710 1470 1766 dicere
1500 1712 1709 1765 soletis.
1742 1711 1808 1766 Et

228 1799 403 1854 livore
460 1802 608 1855 illius
648 1818 840 1857 onmes
890 1812 1066 1857 sanati
1121 1818 1333 1864 sumus,
1367 1812 1423 1858 et
1477 1812 1655 1857 morte
1692 1803 1810 1871 ejus

232 1906 425 1948 omnes
484 1910 677 1949 sumus
750 1894 1042 1960 vivificati,
1094 1905 1149 1949 et
1208 1895 1616 1950 resurrectione
1664 1895 1810 1949 illius

230 1997 425 2037 omnes
480 1985 731 2050 vicimus,
770 1995 825 2040 et
875 2001 1035 2040 cruce
1068 1986 1214 2041 illius
1256 1986 1457 2041 abolita
1496 1993 1579 2040 est
1607 1984 1810 2040 diaboli

234 2078 480 2143 tyrannis
541 2078 841 2146 mortisque
904 2079 1171 2146 potentia.
1206 2077 1263 2132 Si
1309 2092 1439 2131 vero
1482 2076 1606 2146 quis
1662 2092 1812 2132 nunc

232 2163 458 2233 objiciat
495 2184 509 2218 :
546 2166 648 2231 Qui
709 2167 874 2237 igitur
923 2167 1214 2238 contingit,
1258 2177 1316 2221 ut
1363 2168 1616 2221 homines
1644 2169 1810 2221 etiam

232 2271 383 2310 nunc
418 2258 749 2323 moriantur,
778 2268 833 2313 et
866 2259 1121 2313 diabolus
1149 2258 1332 2313 adhuc
1377 2260 1519 2314 liber
1547 2259 1661 2314 sit?
1697 2268 1815 2313 ten-

232 2357 351 2402 tare
379 2348 524 2402 enim
563 2350 815 2404 homines
842 2365 1187 2419 nequaquam
1230 2349 1453 2413 desinit,
1479 2349 1575 2403 sed
1598 2364 1814 2403 summo

231 2440 416 2493 studio
447 2456 637 2495 omnes
684 2442 749 2496 ad
793 2442 1128 2511 peccandum
1163 2441 1394 2506 incitat;
1430 2440 1561 2494 huic
1604 2456 1705 2495 nos
1736 2440 1814 2495 sic

234 2532 695 2599 respondebimus
738 2550 751 2586 :
789 2534 943 2597 Haec,
996 2548 1160 2602 quam
1224 2548 1327 2587 nos
1399 2540 1633 2587 mortem
1692 2547 1814 2587 esse

232 2627 512 2685 putamus,
558 2638 704 2676 mors
748 2637 855 2675 non
890 2632 1015 2688 est,
1047 2622 1143 2676 sed
1176 2637 1425 2675 somnus.
1472 2620 1611 2691 Olim
1667 2621 1814 2674 enim

236 2731 385 2771 mors
441 2717 563 2771 talis
593 2726 733 2781 erat,
786 2732 908 2784 qua:
955 2715 1373 2769 resurrectione
1427 2712 1671 2778 carebat,
1719 2712 1816 2767 sed

236 2808 627 2862 detinebantur
664 2809 718 2863 in
764 2809 984 2863 inferno
1018 2808 1237 2871 anima),
1270 2821 1419 2860 nunc
1472 2821 1603 2860 vero
1640 2820 1820 2859 resur-

234 2897 484 2951 rectione
545 2898 707 2953 nobis
740 2913 769 2952 a
812 2897 922 2952 Deo
971 2896 1195 2960 donata,
1229 2905 1489 2964 tanquam
1525 2909 1589 2948 ex
1624 2908 1818 2949 somno

236 2991 607 3043 resurrecturi
640 3005 832 3045 sumus
872 3004 1063 3043 omnes
1098 2986 1371 3050 homines,
1404 2996 1512 3041 tam
1549 2987 1623 3057 pii
1652 3002 1816 3056 quam

240 3078 413 3147 impii.
446 3080 510 3133 Et
535 3081 841 3144 considera,
864 3095 1067 3150 quazso,
1090 3094 1204 3132 rem
1248 3078 1587 3134 tremendam
1614 3089 1669 3133 et
1689 3078 1819 3133 hor-
1845 3114 1887 3172 ο

241 3171 475 3225 ribilem.
512 3172 569 3225 lu
600 3169 879 3227 hominem
929 3172 1076 3226 enim
1136 3171 1350 3225 ratione
1381 3180 1438 3225 et
1471 3184 1638 3225 sensu
1682 3186 1822 3239 prae-

241 3260 415 3313 ditum
463 3261 530 3313 ab
558 3262 765 3315 Adamo
794 3276 943 3315 mors
977 3259 1246 3330 regnavit,
1287 3261 1341 3313 in
1372 3274 1591 3313 omnem
1645 3258 1825 3314 homi-

240 3368 542 3418 nein;nec
611 3364 733 3408 erat
809 3352 1142 3408 resurrectio
1203 3352 1259 3406 in
1326 3352 1643 3407 hominibus
1703 3352 1822 3407 sine

239 3445 482 3511 Christo,
521 3445 983 3515 quemadmodum
1006 3444 1288 3514 propheta:
1324 3443 1505 3499 testati
1542 3454 1689 3498 sunt.
1717 3444 1822 3499 Per

241 3534 445 3590 Christi
483 3551 614 3590 vero
651 3548 881 3589 mortem
939 3550 1085 3590 mors
1127 3533 1215 3588 illa
1258 3534 1469 3605 dejecta
1512 3545 1599 3589 est
1643 3541 1698 3588 et
1732 3549 1824 3588 su-

245 3639 457 3695 perata,
488 3630 747 3697 venitque
798 3626 1132 3681 resurrectio
1185 3640 1202 3679 :
1252 3634 1307 3679 et
1337 3634 1513 3679 morte
1544 3626 1823 3691 confracta

242 3716 509 3771 liberatus
543 3728 624 3771 est
658 3726 803 3771 totus
832 3714 1071 3770 mundus
1118 3730 1148 3768 a
1182 3722 1450 3783 potestate
1481 3712 1714 3775 Satanae,
1767 3721 1822 3767 et

246 3811 537 3865 credentes
563 3812 617 3865 in
650 3812 926 3866 Christum
950 3822 1128 3866 etnon
1148 3813 1459 3866 credentes.
1488 3809 1711 3874 Omnes,
1740 3810 1823 3863 in-

248 3920 432 3972 quam,
468 3921 496 3959 a
548 3904 832 3973 tyrannide
876 3904 1075 3958 diaboli
1111 3912 1241 3957 sunt
1284 3900 1524 3957 liberati.
1570 3902 1638 3954 Et
1666 3916 1819 3966 sane,

249 3995 356 4049 nisi
389 3995 716 4049 Musulmani
755 3994 1047 4049 crederent
1072 3993 1533 4048 resurrectionem
1563 4005 1705 4056 esse,
1738 4006 1826 4044 ra-

253 4087 433 4140 tiones
478 4096 656 4141 certas
707 4086 1049 4148 atl'crremus,
1107 4083 1308 4153 quibus
1365 4098 1487 4137 eam
1539 4096 1826 4150 possemus

250 4176 652 4245 comprobare;
686 4190 809 4230 cum
840 4189 967 4229 vero
995 4184 1051 4230 et
1082 4174 1182 4243 ipsi
1210 4174 1456 4227 eamdem
1491 4172 1826 4241 amplectan-

252 4274 342 4316 tur
381 4272 436 4318 et
462 4273 798 4333 exspectent,
839 4278 1307 4334 supervacaneum
1342 4261 1472 4315 mihi
1511 4261 1732 4316 videtur
1760 4261 1827 4317 de

249 4356 336 4408 illa
368 4356 554 4409 multis
587 4358 877 4410 disserere.
928 4357 1197 4409 Czeterum
1231 4353 1335 4408 hoc
1364 4353 1540 4407 solum
1570 4352 1824 4418 dicimus,

1904 531 2051 601 μίαν;
2096 532 2267 594 Ᾱιύτὺς
2314 527 2415 601 ἦρε
2447 532 2545 601 τὴν
2593 532 2871 603 ἁμαρτίαν
2924 532 2989 584 ἐκ
3033 531 3126 584 τοῦ
3158 531 3337 602 μέσου,
3364 532 3452 586 καὶ

1903 625 2067 686 αὐτος
2100 623 2349 692 ὠδυνήθη
2381 624 2528 692 ὑπὲρ
2545 625 2726 693 ἡμῶν,
2748 626 2842 677 καὶ
2865 625 3029 687 αὐτὸς
3056 624 3455 694 ἐτρωματίσθη

1903 715 2125 776 διὰητάς
2163 716 2399 784 ἀνομίας
2451 715 2627 785 ἡμῶν,
2665 716 2751 769 ἵνα
2814 716 2989 780 αὑτὰς
3040 714 3333 786 ἀπαλείψῃο
3368 715 3459 767 καὶ

1902 807 1981 877 τῷ
2058 806 2285 875 μώλωπι
2344 807 2510 859 αὐτοῦ
2555 808 2722 875 ἡμεῖς
2773 805 2975 865 πάντες
3030 805 3279 873 ῐάθημεν.
3316 804 3460 857 Ὀδέ

1904 898 2168 967 Μωοῦσῆς
2204 896 2375 959 οὕτως
2398 897 2646 967 εἴρηκεν,
2684 916 2702 948 ι
2744 896 2979 965 ὐψεσθε
3014 896 3112 963 τὴν
3137 895 3280 971 ζωὴν
3311 894 3461 963 ἡμῶν

1907 988 2555 1059 κρεμαμένην-ἀπέναντι
2583 988 2689 1039 τῶν
2722 988 3019 1057 ὀφθαλμῶν
3046 988 3218 1055 ὑμῶν.
3261 1006 3279 1038 ι
3316 985 3464 1049 Τίνος

1910 1080 2023 1151 ζωὴ
2052 1082 2277 1133 δύναται
2317 1080 2698 1150 κρεμασθῆναι
2749 1079 3008 1132 ἀπέναντι
3045 1080 3152 1133 τῶν
3180 1078 3466 1147 ὀφθαλμῶν

1909 1173 2064 1241 ὑμῶν
2092 1190 2107 1239 ;
2138 1172 2364 1233 Πάντως
2393 1171 2627 1233 οὐδενός.
2668 1170 2829 1223 Ἀλλὰ
2860 1171 2953 1224 καὶ
2990 1170 3149 1239 μόνος
3183 1173 3209 1222 6
3243 1168 3468 1238 Χριστὸς

1910 1259 2224 1331 ἐκρεμάσθη
2273 1260 2370 1311 ἐπὶ
2402 1258 2496 1311 τοῦ
2547 1257 2805 1326 σταυροῦ,
2863 1258 2920 1320 ὃς
2959 1258 3164 1325 ἐστινὴ
3217 1255 3327 1321 ζωὴ
3379 1255 3467 1309 τοῦ

1910 1348 2139 1415 κόσμου.
2175 1347 2343 1406 Αὐτὸς
2368 1348 2474 1415 γὰρ
2503 1346 2694 1413 εἴρηκε
2731 1344 2860 1411 περὶ
2890 1342 3077 1404 αὑτοῦ,
3127 1360 3145 1392 ι
3198 1340 3335 1407 Ἐγώ
3360 1341 3469 1409 εἰμι

1912 1438 1945 1506 ’θ
1977 1436 2111 1506 ζωὴ»
2137 1437 2247 1505 ἐγὼ
2282 1439 2313 1505 ἢ
2349 1436 2485 1503 ὖδδς,
2517 1436 2628 1503 ἐγὼ
2661 1438 2692 1504 ἡ
2728 1436 2982 1505 ἀλήθεια.
3024 1452 3041 1484 ι
3085 1434 3312 1492 Βλέπεις
3359 1432 3471 1494 πῶς
3532 1474 3535 1475 ,

1915 1526 2072 1582 εἷπον
2104 1530 2154 1582 οί
2185 1532 2464 1600 προφῆται
2496 1530 2626 1597 περὶ
2654 1528 2748 1580 τοῦ
2811 1527 3045 1580 θανάτου
3085 1526 3179 1577 τοῦ
3218 1522 3472 1593 Χριστοῦ,

1914 1619 1989 1681 ὡς
2022 1621 2117 1674 καὶ
2140 1621 2271 1690 περὶ
2302 1622 2412 1673 τῶν
2456 1622 2632 1674 ἄλλων
2681 1620 2935 1682 πάντων;
2977 1618 3075 1669 Διὰ
3113 1616 3271 1670 τοῦτο
3317 1617 3475 1683 γίνω-

1919 1729 2014 1765 σκε
2046 1713 2135 1765 ὅτι
2172 1712 2624 1781 ὁμολογουμένως
2678 1710 2948 1762 ἀπέθανεν
2980 1709 3028 1777 ,ὁ
3085 1707 3343 1776 Χριστὸς,
3386 1706 3475 1757 καὶ

1913 1803 2075 1866 αὐτός
2102 1804 2298 1857 ἐστινὸ
2351 1802 2691 1873 σταυρωθεὶς
2738 1798 2830 1854 καὶ
2878 1798 3188 1863 ἀποθανὼν,
3242 1795 3334 1849 καὶ
3381 1796 3477 1849 οὐκ

1913 1895 2095 1962 ἄλλος,
2123 1896 2196 1959 ὡς
2228 1897 2386 1966 ὑμεῖς
2419 1894 2606 1962 λέγετε
2626 1909 2641 1924 ο
2672 1893 2767 1946 καὶ
2788 1891 2864 1962 τῷ
2908 1890 3137 1958 μώλωπι
3171 1886 3335 1941 αὐτοῦ
3354 1886 3479 1940 πᾶν·

1912 2005 2004 2052 τες
2048 1987 2303 2058 ίάθημεν,
2336 1986 2433 2041 καὶ
2461 1985 2538 2055 τῷ
2569 1984 2786 2053 θανάτῳ
2829 1982 2995 2038 αὐτοῦ
3053 1981 3259 2044 πάντες
3317 1980 3479 2042 ἐζωο-

1913 2082 2244 2152 ποιήθημεν,
2277 2080 2372 2134 καὶ
2420 2081 2487 2147 τῇ
2538 2079 2837 2132 ἀναστάσει
2872 2075 3039 2130 αὑτοῦ
3074 2077 3281 2135 πάντες
3306 2073 3483 2141 ἐνική-

1884 2192 2110 2255 σαμεν,
2140 2174 2234 2226 καὶ
2262 2172 2339 2242 τῷ
2373 2171 2592 2240 σταυρῷ
2623 2167 2788 2221 αὐτοῦ
2822 2165 3151 2236 κατηργὴθη
3180 2167 3213 2235 ἡ
3239 2163 3333 2217 τοῦ
3378 2163 3482 2255 Sta:

1914 2262 2070 2313 ϐόλου
2099 2258 2374 2327 τυραννὶς,
2401 2258 2498 2311 καὶ
2526 2258 2620 2309 τοῦ
2671 2255 2905 2309 θανάτου
2936 2255 2995 2307 τὸ
3034 2254 3270 2323 κράτος.
3328 2252 3398 2304 Et
3438 2249 3483 2302 6’

1914 2354 2045 2413 ἴσως
2079 2352 2195 2420 ἐρεῖ
2223 2366 2306 2411 τις
2334 2350 2413 2402 ὅτι
2450 2348 2561 2403 Καὶ
2589 2346 2705 2411 πῶς
2735 2349 2852 2399 ἐστι
2887 2346 3069 2410 τοῦτο,
3102 2347 3228 2398 ἐπε1⁵
3269 2344 3405 2398 κατὰ
3426 2343 3483 2396 τὸ

1924 2442 2098 2517 παρόν
2123 2442 2172 2495 oi
2233 2441 2514 2511 ἅνθρωποι
2553 2439 3016 2509 ἀποθνήσκουσιν,
3051 2440 3146 2491 καὶ
3182 2439 3210 2491 6
3249 2436 3485 2497 διάϐολος

1915 2534 1996 2587 ἔτι
2032 2532 2319 2602 ἐλεύθερός
2345 2535 2484 2596 ἐστι,
2536 2531 2714 2583 διόλου
2775 2532 2886 2599 γὰρ
2923 2529 3211 2598 πειράζειν
3240 2529 3363 2589 τοὺς
3394 2528 3485 2582 ἀν⁹

1917 2623 2167 2692 θρώπους
2191 2622 2250 2674 οὺ
2283 2620 2537 2686 παύεται,
2598 2619 2734 2673 ἀλλὰ
2758 2619 2970 2689 μεγάλῃ
3002 2621 3067 2690 τῇ
3129 2617 3337 2688 σπουδῇ
3387 2616 3488 2669 διε-

1917 2714 2092 2783 γείρει
2126 2714 2305 2766 πάντα
2340 2713 2630 2782 ἄνθρωπον
2658 2709 3035 2779 ἁμαρτάνειν;
3058 2709 3224 2777 ἡμεῖς
3263 2705 3486 2776 ἐροῦμεν

1919 2806 2051 2876 πρὸς
2073 2805 2236 2858 αὐτὸν
2272 2803 2475 2868 οὕτως,
2523 2803 2604 2855 δτι
2634 2802 2662 2854 6
2713 2800 3064 2869 νομιζόμενος
3123 2797 3353 2859 θάνατος
3393 2795 3486 2848 οὐκ

1918 2895 2034 2949 ἔστι
2057 2895 2308 2959 θάνατος,
2345 2892 2480 2946 ἀλλά
2502 2891 2689 2953 ὕπνος.
2734 2889 2869 2941 Τότε
2901 2887 3009 2957 γάρ
3063 2881 3134 2955 ἦν
3180 2888 3208 2938 6
3268 2884 3487 2946 θάνατος

1921 2987 2169 3051 θάνατος,
2198 2988 2285 3040 ὅτε
2315 2986 2413 3039 οὐκ
2440 2978 2507 3055 ἦν
2540 2983 2859 3042 ἀνάστασις,
2905 2978 3039 3034 ἀλλὰ
3090 2978 3408 3046 κατείχοντο
3436 2975 3490 3028 αἱ

1918 3080 2088 3149 ψυχαὶ
2114 3078 2217 3130 ὑπὸ
2249 3076 2343 3129 τοῦ
2401 3074 2552 3146 ᾆδον.
2590 3072 2705 3126 Νῦν
2757 3072 2811 3124 δὲ
2868 3070 2991 3122 ἐπεὶ
3051 3069 3305 3138 ἐδωρήθη
3359 3068 3484 3138 ἡμῖν

1924 3166 2074 3237 παρὰ
2100 3165 2236 3217 Θεοῦ
2262 3166 2310 3233 ῖὴ
2374 3163 2690 3224 ἀνάστασις,
2754 3159 2829 3221 ὡς
2885 3156 2943 3223 ἐξ
3000 3155 3177 3208 ὕπνου
3234 3155 3490 3225 μέλλομῖν

1922 3256 2225 3325 ἀναστῆναι
2258 3257 2458 3318 πάντες
2489 3253 2787 3323 ἄνθρωποι,
2836 3251 2977 3303 οἵτε
3018 3248 3289 3312 εὐσεϐεῖς,
3336 3245 3386 3298 οῖ
3434 3260 3491 3296 τε

1923 3348 2163 3409 ἀσεϐεῖς.
2198 3345 2309 3398 Καὶ
2338 3345 2528 3398 σκόπει
2591 3345 2824 3413 πρᾶγμα
2859 3340 3087 3411 φοϐερὸν
3143 3339 3240 3392 καὶ
3297 3336 3492 3405 φρὶκης

1924 3440 2093 3509 γέμον
2132 3439 2212 3501 εἰς
2232 3437 2518 3505 ἄνθρωπον
2549 3436 2738 3507 ἔχοντα
2758 3432 2882 3487 νοῦν
2924 3432 3019 3484 καὶ
3048 3430 3328 3500 αἴσθησιν.
3367 3426 3494 3479 Ἀπὸ

1923 3529 2019 3583 τοῦ
2073 3529 2245 3597 Ἀδὰμ
2281 3528 2631 3581 ἐϐασίλευσεν
2661 3528 2688 3579 6
2716 3526 2947 3585 θάνατος
2972 3524 3049 3583 είς
3079 3522 3264 3575 πάντα
3293 3519 3493 3587 ἀνθρω-

1926 3638 2048 3685 πον,
2087 3621 2181 3673 καὶ
2206 3621 2305 3674 οὐκ
2334 3614 2402 3690 ἦν
2438 3621 2734 3681 ἀνάστασις
2770 3618 2826 3668 ἐν
2857 3617 2971 3678 τοῖς
3022 3612 3339 3684 ἀνθρώποις
3374 3610 3494 3663 ἄνευ

1926 3710 2021 3763 τοῦ
2062 3710 2321 3780 Χριστοῦ,
2358 3709 2541 3771 καθὼς
2571 3708 2723 3779 παρὰ
2744 3707 2851 3762 τῶν
2880 3705 3180 3776 προφητῶν
3228 3697 3497 3773 μεμαρτύ-

1930 3815 2112 3867 ρηται.
2148 3797 2246 3850 Διὰ
2273 3797 2329 3849 δὲ
2356 3797 2450 3850 τοῦ
2483 3796 2716 3852 θανάτου
2759 3793 2855 3847 τοῦ
2888 3791 3130 3864 Χριστοῦ
3193 3789 3498 3857 κατεϐλὴθη

1928 3890 1956 3941 6
1988 3888 2243 3952 θάνατος,
2278 3888 2371 3941 καὶ
2400 3883 2567 3958 ἦλθεν
2589 3889 2623 3957 ὴ
2668 3886 2987 3948 ἀνάστασις,
3020 3884 3116 3935 καὶ
3178 3878 3499 3934 καταλυθέν-

1927 3997 2018 4041 τος
2049 3978 2141 4031 τοῦ
2168 3978 2424 4044 θανάτου,
2475 3974 2826 4046 ἠλευθερώθη
2880 3972 3024 4036 ἅπας
3056 3974 3083 4025 6
3148 3973 3357 4041 κόσμος
3399 3966 3501 4022 ἀπὸ

1926 4071 2026 4141 τῆς
2062 4070 2311 4135 ἐξουσίας
2332 4070 2422 4131 τοῦ
2456 4070 2691 4134 Σατανᾶ,
2734 4067 2827 4120 καὶ
2876 4066 2926 4119 οί
2975 4064 3380 4123 πιστεύσαντες
3411 4060 3503 4112 καὶ

1928 4164 1979 4218 οἱ
2012 4164 2087 4235 μὴ
2113 4164 2505 4224 πιστεύσαντες
2540 4162 2620 4223 είς
2651 4160 2741 4212 τὸν
2768 4157 3008 4228 Χριστὸν
3040 4156 3141 4225 τῆς
3193 4150 3503 4225 τυραννίδος

1926 4256 2023 4309 τοῦ
2068 4254 2319 4308 διαϐόλου
2404 4254 2606 4315 πάντες
2670 4247 3144 4321 ἠλευθερώθησαν.
3215 4246 3325 4298 Καὶ
3381 4244 3504 4303 ἴσως

1929 4348 2091 4415 είπερ
2125 4346 2281 4399 οὐδὲν
2305 4345 2592 4397 ἐπίστευον
2645 4343 2695 4395 οἱ
2729 4340 3152 4407 Μουσουλμάνοι
3202 4333 3345 4389 εἶναι
3383 4332 3504 4387 ἀνά-

250 4445 717 4515 quemadmodum
739 4434 1068 4515 accepimus
1097 4453 1153 4498 et
1185 4457 1376 4498 sumus
1409 4442 1590 4497 edocti
1634 4458 1699 4497 ex
1737 4457 1818 4497 sa-

1934 4453 2144 4500 στασιν.
2186 4436 2449 4505 ἐλέγομεν
2480 4434 2546 4487 ἂν
2577 4433 2773 4500 λόγους
2829 4430 3155 4490 δεικνύντας
3210 4422 3504 4480 εἶναιταύ-

247 4555 339 4593 cra
374 4538 680 4606 Scriptura,
721 4552 884 4605 quam
917 4544 973 4590 et
1002 4534 1327 4589 Musulmani
1360 4549 1568 4588 sacram
1598 4547 1718 4588 esse
1740 4533 1825 4586 fa-

252 4638 460 4690 tentur,
484 4626 687 4681 Christi
712 4628 1050 4681 resurrectio
1078 4626 1179 4680 toti
1203 4624 1410 4678 mundo
1442 4622 1669 4678 utilitati
1700 4622 1824 4677 fuit.

245 4721 324 4775 De
373 4718 593 4773 diabolo
643 4729 829 4772 autem
873 4718 957 4772 sic
1005 4717 1241 4773 dicimus
1278 4714 1579 4780 :Quamvis
1646 4712 1829 4767 adhuc

246 4808 493 4863 nondum
523 4809 923 4862 condemnatus
971 4807 1040 4860 sit
1074 4806 1125 4859 in
1158 4806 1336 4859 locum
1372 4804 1657 4873 proprium
1711 4818 1829 4873 pm-

250 4916 353 4965 mc,
407 4912 697 4969 propterea
722 4898 868 4967 quod
894 4898 1184 4969 judicium,
1218 4899 1364 4966 quod
1408 4895 1660 4951 Christus
1681 4894 1827 4966 judi-

247 5002 474 5046 caturus
528 5002 633 5053 est,
684 4992 927 5045 nondum
970 4999 1307 5044 transactum
1357 4988 1448 5051 sit,
1496 4989 1600 5043 hoc
1648 4998 1829 5042 tamen

248 5084 507 5137 veniente
537 5083 791 5137 diabolus
816 5083 996 5153 ignem
1032 5080 1382 5136 haereditabit
1408 5078 1830 5150 inexstinguibi-

249 5176 381 5241 lem,
410 5177 502 5245 qui
532 5176 684 5229 illum
718 5184 921 5229 manet.
969 5175 1038 5229 Et
1061 5174 1315 5244 quamvis
1352 5174 1603 5227 videatur
1634 5173 1724 5227 ille
1746 5170 1827 5225 vi-

250 5284 403 5331 vere,
436 5282 533 5337 pro
566 5277 782 5321 mortuo
812 5279 993 5321 tamen
1025 5278 1110 5324 est
1139 5266 1446 5329 habendus,
1490 5265 1717 5335 perinde
1764 5278 1827 5319 ac

255 5357 300 5411 si
334 5357 607 5413 homicida
636 5350 855 5430 aliquis,
894 5368 988 5414 aut
1021 5356 1131 5425 fur,
1162 5359 1371 5414 aliusve
1411 5360 1705 5429 quispiam,
1734 5356 1831 5426 qui

256 5452 489 5519 capitale
536 5454 760 5524 aliquod
807 5451 1086 5507 commisit
1121 5450 1355 5516 facinus,
1390 5467 1419 5504 a
1467 5466 1593 5520 rege
1638 5448 1832 5519 capitis

258 5542 531 5611 supplicio
560 5544 903 5616 adjudicatus
935 5542 1124 5607 fuerit,
1154 5541 1285 5598 licet
1312 5551 1435 5609 post
1467 5534 1609 5596 hanc
1644 5556 1673 5595 a
1705 5554 1831 5610 rege

336 5728 362 5760 ⁸
400 5728 559 5783 Deut.
588 5742 779 5791 xxvm,
810 5726 898 5783 66.
977 5731 997 5761 ’
1038 5726 1192 5781 Joau.
1245 5740 1355 5791 xw,
1392 5722 1443 5777 6.

1925 4544 2034 4599 την
2073 4526 2279 4597 ἀληθῆ.
2319 4525 2476 4579 Ἐπεὶ
2505 4524 2564 4578 δὲ
2600 4524 2697 4577 καὶ
2730 4522 2886 4576 αιῖτολ⁸
2942 4521 3253 4589 στέργουσι,
3289 4516 3387 4570 καὶ
3416 4516 3505 4567 ἐκ·

1927 4619 2176 4689 δέχονται
2204 4616 2407 4686 ταύτην
2427 4616 2492 4686 δὴ
2538 4616 2638 4685 τὴν
2692 4614 3011 4675 ἀνάστασιν,
3053 4609 3321 4678 περισσὸν
3371 4608 3505 4677 ἥγη-

1933 4727 2033 4781 μαι
2092 4709 2272 4777 λέγειν
2316 4710 2413 4761 καὶ
2475 4707 2711 4775 γράφειν
2750 4704 2878 4773 περὶ
2908 4700 3133 4769 ταύτης.
3169 4700 3418 4769 Λέγομεν
3452 4695 3505 4748 δὲ

1932 4803 2092 4873 μόνον
2121 4800 2301 4863 τοῦτο,
2328 4800 2412 4853 ὅτι
2439 4797 2623 4860 καθὼς
2665 4793 3050 4864 παρελάϐομεν
3090 4791 3187 4844 καὶ
3214 4787 3496 4856 ἐδιδάχθη-

1935 4908 2035 4962 μεν
2059 4891 2171 4946 ἀπδ
2208 4891 2304 4960 τῆς
2334 4890 2496 4958 ἁγίας
2522 4887 2769 4957 Γραφῆς,
2816 4886 2882 4955 ἦν
2912 4884 3005 4936 καὶ
3053 4883 3101 4934 οἱ
3139 4876 3504 4948 Μουσουλμά⁴

1933 5002 2013 5039 νοι
2046 4985 2207 5052 ἁγίαν
2235 4982 2514 5045 καλοῦσιν,
2556 4982 2589 5051 ἡ
2623 4980 2716 5034 τοῦ
2745 4976 2985 5050 Χριστοῦ
3030 4976 3333 5036 ἀνάστασις
3366 4969 3505 5037 ὠφέ-

1932 5078 2054 5130 λεια
2079 5076 2297 5144 ἐγένετο
2320 5076 2382 5129 ἐν
2410 5075 2519 5144 ὅλῳ
2543 5072 2621 5143 τῷ
2652 5072 2861 5142 κόσμῳ.
2889 5066 3023 5138 Περὶ
3054 5066 3111 5121 δὲ
3143 5066 3241 5119 τοῦ
3262 5062 3501 5117 διαϐόλου

1935 5171 2168 5239 λέγομεν
2202 5168 2379 5231 τοῦτο,
2410 5168 2493 5220 ὅτι
2522 5167 2571 5221 εἰ
2600 5165 2692 5218 καὶ
2716 5165 2900 5233 ἀκμὴν
2929 5164 2990 5215 οὐ
3031 5155 3395 5219 κατεδικάσθη
3419 5151 3505 5203 εὑ-

1938 5260 2221 5331 ρίσκεσθαι
2246 5259 2327 5321 είς
2360 5258 2451 5311 τὸν
2488 5258 2619 5311 ἴδιον
2643 5256 2807 5308 τόπον
2838 5254 2928 5307 τὸν
2959 5252 3056 5321 τῆς
3097 5250 3395 5311 κολάσεως,
3417 5241 3503 5295 διὰ

1935 5330 1997 5402 τὸ
2040 5352 2119 5421 μὴν
2145 5350 2428 5417 γεγονέναι
2458 5347 2557 5417 τὴν
2583 5344 2766 5415 κρίσιν
2824 5341 3033 5409 ἀκμὴν,
3069 5340 3136 5411 ἦν
3164 5337 3352 5408 μέλλει
3384 5330 3501 5400 κρί-

1938 5461 2051 5496 νειν
2080 5446 2107 5496 6
2136 5442 2370 5512 Χριστός
2400 5456 2414 5471 ’
2471 5438 2589 5494 ἀλλ’
2622 5433 2715 5491 οῦν
2772 5435 3018 5497 ἐλθόντος
3069 5431 3280 5489 τούτου,
3322 5423 3500 5496 μέλλει

1941 5536 2375 5609 κληρονομήσειν
2419 5534 2447 5587 6
2472 5531 2713 5597 διάϐολος
2738 5532 2800 5586 τὸ
2831 5526 3186 5597 ἀτελεύτητον
3206 5520 3338 5588 πῦρ,
3368 5519 3499 5584 ὅπερ
