3970 6212
519 371 624 439 481

1478 374 1775 435 CONTRA
1817 373 2302 436 ΜΑΙΙΟΜΕΤΕΜ
2345 376 2722 438 Λ·ΡΟῙ.ΟΟΙᾹ
2761 379 2845 440 II-

3652 387 3762 452 it-Q

516 491 800 560 ἐκδέχεται
841 490 1024 546 αὐτόν.
1057 491 1119 543 Ei
1170 491 1277 562 γάρ
1327 491 1423 545 καὶ
1473 493 1622 546 δοκεῖ
1668 496 1750 546 ὅτι
1795 493 1860 564 ζῇ
1915 488 2074 556 οὗτος

2202 495 2364 548 latam
2391 497 2718 549 sententiain
2755 496 2914 550 aivat
2965 494 3147 552 adhuc
3203 497 3394 553 diebus
3450 498 3659 570 aliquot
3706 504 3760 556 in

517 583 733 647 ἀλλ’ὡς
775 583 1071 653 τεθνηκότα
1117 584 1330 652 λογίζου
1390 585 1573 639 αὐτόν.
1609 587 1720 639 Καὶ
1768 587 1959 655 ὥσπερ
2008 605 2091 651 τις

517 675 713 743 φονεὺς
741 676 774 745 ἦ
806 676 1070 746 κλέπτης,
1100 677 1132 745 ἦ
1179 677 1351 739 ἄλλοςῖ
1377 693 1462 740 τις
1500 679 1731 747 ποιήσας
1764 679 1896 749 ἔργα
1929 679 2092 733 θανά-

520 783 618 820 του
665 767 814 830 ἀξια,
861 767 956 819 καὶ
1009 765 1436 830 καταδικασθεὶς
1491 767 1642 837 παρὰ
1680 768 1773 820 τοῦ
1827 768 2091 838 βασιλέως

515 858 905 927 ἀποτμηθῆναι
953 858 1052 927 τὴν
1109 859 1354 927 κεφαλὴν
1385 859 1578 922 αὑτοῦ,
1623 855 1743 912 εἶτα
1797 861 1936 928 μετά
1991 861 2091 928 τὴν

517 950 770 1018 τοιαύτην
798 949 894 1002 τοῦ
931 949 1195 1018 βασιλέως
1255 951 1533 1017 ἀπόφασιν
1577 950 1830 1013 ἐπιζήτει
1877 953 2091 1021 ἡμέρας

521 1041 765 1102 τινάςεὲν
799 1043 870 1109 τῇ
927 1041 1166 1108 φυλακῇ,
1214 1040 1291 1102 ὡς
1357 1039 1634 1106 τεθνηκὼς
1669 1042 2092 1109 καταλογίζεται

519 1125 696 1200 οὒξτος,
717 1133 766 1182 εί
809 1132 904 1183 καὶ
935 1133 1014 1182 ἔτι
1043 1131 1180 1198 μετά
1207 1131 1314 1186 τῶν
1332 1130 1551 1199 ζώντων
1575 1131 1892 1199 εὑρίσκεται
1916 1150 1930 1164 ⁸
1950 1132 2092 1186 οὕτω

524 1222 618 1272 καὶ
651 1221 743 1272 ἐπὶ
781 1220 875 1272 τοῦ
909 1221 1156 1273 διαϐόλου
1217 1221 1413 1290 νόησον
1473 1221 1654 1274 τοῦτο.
1736 1222 1854 1290 Ἀφ’
1893 1218 1956 1275 οῦ
1984 1224 2090 1295 γὰρ

519 1311 721 1379 ἀνέστη
785 1313 813 1364 ὁ
834 1311 1087 1380 Χριστὸς,
1149 1313 1355 1373 ἐκεῖνος
1386 1312 1658 1368 ἀπώλετο.
1693 1314 1814 1366 Ὀτι
1840 1315 1897 1366 δὲ
1917 1313 2090 1367 πλάτ-

519 1419 599 1453 τει
633 1402 770 1454 κατὰ
793 1402 899 1454 τῶν
928 1401 1233 1466 ἀνθρώπων
1270 1403 1532 1472 ὄσαδῆτα
1567 1405 1662 1456 καὶ
1703 1404 1963 1475 πράττει,
1993 1406 2090 1475 οὐχ

519 1495 596 1556 ὡς
649 1494 900 1557 ἐξουσίαν
931 1493 964 1563 ἢ
1006 1493 1236 1563 δύναμίν
1260 1513 1381 1548 τινα
1419 1497 1559 1565 ἔχων
1583 1497 1837 1565 πράττει,
1869 1497 1984 1550 ἀλλ’
2016 1498 2090 1559 ὡς

423 1601 434 1612 ⁸
520 1586 760 1654 πονηρὸς
807 1587 904 1638 καλ⁵
957 1587 1213 1641 ἀπατεὼν
1270 1588 1624 1657 ὑποκρίνεται
1709 1589 1914 1656 φιλίαν,
1997 1588 2091 1641 καὶ

519 1676 888 1744 συμϐουλεύει
921 1677 989 1729 τά
1039 1677 1468 1748 ἀπηγορευμένα
1501 1679 1593 1731 καὶ
1625 1680 1932 1749 βλάπτοντα
1965 1680 2091 1742 τοὺς

519 1767 865 1836 ἀνθρώπους.
912 1768 1026 1819 Καὶ
1063 1771 1230 1837 εἰμὲν
1263 1769 1399 1842 εῦρῃ
1431 1771 1524 1823 τὸν
1549 1771 1914 1834 ὑπακούοντα,
1945 1771 2093 1824 δοκεῖ

2176 601 2432 650 carcere,
2484 588 2716 642 mortuis
2770 596 2948 643 tamen
2967 587 3394 654 adnumeratur,
3428 591 3568 648 ilicet
3621 594 3762 648 inter

2192 680 2347 732 vivos
2370 679 2549 733 adhuc
2590 681 2680 734 sit.
2707 680 2855 734 Idem
2905 681 3073 750 igitur
3120 681 3224 735 hoc
3274 682 3342 736 de
3380 682 3598 738 diabolo
3648 685 3762 738 ﬁeri

2196 771 2492 840 intelligas.
2523 771 2819 839 Postquam
2848 771 2994 825 enim
3026 771 3275 827 Christus
3299 774 3619 836 resurrexit,
3673 775 3762 829 ille

2177 863 2440 934 perditus
2471 873 2568 918 est.
2610 862 2744 916 Cum
2777 871 2958 916 autem
2984 862 3038 915 in
3070 861 3320 918 homines
3342 879 3403 918 ea
3431 879 3552 932 quae
3585 867 3762 920 facere

2190 955 2353 1017 solet,
2411 954 2778 1017 machinatur,
2833 969 2940 1007 non
2996 968 3095 1008 ceu
3147 963 3470 1023 potestatem
3523 959 3761 1025 aliquam

2189 1044 2402 1098 habens
2466 1053 2558 1097 aut
2603 1043 2883 1107 virtutem,
2923 1044 3072 1108 facit,
3132 1046 3226 1100 sed
3277 1057 3530 1116 tauquam
3588 1051 3764 1103 malus

2193 1145 2288 1188 aut
2325 1135 2730 1200 fraudulentus,
2774 1135 3069 1190 amicitiam
3117 1136 3363 1202 simulat,
3412 1155 3586 1206 eaque
3630 1154 3762 1192 con-

2191 1229 2324 1283 sulit
2355 1243 2476 1294 qua:
2505 1228 2821 1282 hominibus
2867 1230 3154 1283 interdicta
3190 1237 3317 1283 sunt
3357 1239 3412 1283 et
3458 1232 3641 1285 noxia.
3694 1231 3765 1284 Et

2190 1319 2412 1389 quidem
2445 1319 2492 1372 si
2527 1320 2766 1388 aliquem
2823 1319 2928 1372 sibi
2967 1320 3298 1388 morigerum
3349 1322 3760 1379 [tactusfu-eiit.

2188 1409 2414 1463 videtur
2463 1409 2693 1462 multum
2740 1409 3009 1477 potuisse,
3039 1417 3095 1461 et
3141 1407 3355 1463 dedisse
3397 1410 3674 1462 damnum.
3705 1407 3760 1461 Si

2190 1515 2323 1555 vero
2348 1501 2417 1555 ab
2444 1499 2629 1568 aliquo
2675 1513 2783 1553 non
2816 1497 2983 1552 fuerit
3008 1507 3305 1568 receptus,
3361 1498 3454 1552 sed
3502 1499 3762 1554 dimissus

2192 1589 2372 1643 inanis
2401 1600 2458 1644 et
2487 1604 2714 1652 vacuus,
2746 1589 2895 1643 omni
2919 1589 3225 1646 destitutus
3271 1590 3469 1644 robore
3503 1590 3758 1652 discedit,

2191 1694 2292 1734 nec
2323 1679 2466 1733 vires
2487 1657 2660 1732 liabet
2687 1677 2926 1746 aliquas.
2980 1676 3152 1731 Homo
3193 1676 3341 1731 enim
3378 1677 3657 1734 multoties
3687 1679 3754 1730 ab

2191 1769 2661 1839 bominecogitur
2714 1769 3024 1822 utinvitus
3056 1767 3239 1833 faciat,
3285 1767 3430 1836 quod
3482 1784 3584 1823 nec
3618 1769 3756 1830 vult,

517 1860 602 1912 ὅτι
633 1857 874 1928 ἠδυνήθη
911 1859 1006 1910 καὶ
1035 1859 1258 1928 ἐποίησε
1290 1861 1496 1929 βλάϐην
1523 1877 1538 1891 ·
1569 1864 1617 1913 εἰ
1646 1861 1692 1912 δ’
1718 1861 1816 1930 οὐχ
1866 1863 2081 1930 εὑρήσει

2196 1878 2296 1916 nec
2336 1861 2818 1932 ante-constituit;
2846 1877 2871 1912 a
2913 1860 3128 1914 diabolo
3179 1871 3359 1914 autem
3395 1876 3502 1914 non
3530 1862 3630 1916 sic.
3657 1862 3762 1914 γυ-

524 1949 862 2018 παραδοχὴν,
889 1948 1007 2001 ἀλλ’
1038 1951 1374 2019 ἀποπεμφθῇ
1401 1951 1545 2003 οὕτω
1569 1952 1747 2016 κενὸς,
1789 1951 2088 2020 ἀπέρχεται

515 2042 1002 2111 κατῃσχυμμένος,
1035 2043 1132 2095 καί
1186 2044 1455 2111 μηδεμίαν
1484 2043 1620 2111 ἔχων
1651 2043 1818 2112 ίσχύν.
1851 2043 2092 2112 Ἀνθρω-

517 2149 619 2192 πος
639 2133 748 2203 γάρ
780 2134 1041 2195 πολλάκις
1073 2134 1448 2200 ἀναγκάζεται
1473 2134 1588 2186 ὑπὸ
1620 2132 1933 2204 ἀνθρώπου,
1992 2134 2088 2188 καὶ

513 2220 747 2289 πράττει
776 2222 927 2274 ἄκων
951 2223 1090 2290 ὅπερ
1124 2220 1248 2272 οῦτε
1290 2220 1567 2290 βούλεται,
1593 2221 1857 2292 οὔτεμὴν
1892 2240 2088 2292 προαι-

521 2314 712 2378 ρεῖται.
758 2311 895 2363 Ὑπὸ
941 2311 998 2364 δὲ
1039 2309 1132 2364 τοῦ
1181 2309 1438 2362 «διαϐόλου
1491 2311 1589 2380 οὐχ
1642 2311 1836 2374 οὕτως⁸
1865 2313 2005 2364 ,ἀλλ’
2059 2313 2086 2364 ὁ

527 2401 849 2469 βουλόμενος
885 2402 1131 2455 πείθεται
1178 2404 1242 2469 τῇ
1288 2402 1492 2469 ματαίᾳ
1543 2401 1710 2454 αὑτοῦ
1763 2404 2040 2474 συμϐουλῇ
2067 2419 2082 2433 ·

523 2493 550 2544 ό
575 2492 626 2544 δὲ
663 2492 737 2561 μὴ
761 2491 1078 2560 βουλόμενος
1105 2491 1384 2558 λογίζεται
1443 2491 1603 2544 αὑτὸν
1650 2492 1732 2556 ὼς-
1788 2493 1960 2547 οὐδέν.
2013 2495 2087 2548 Τὸ

518 2586 648 2636 αὐτὸ
679 2586 736 2638 δὲ
769 2585 930 2639 τοῦτο
988 2585 1190 2653 πάσχει
1235 2585 1339 2646 πᾶς
1385 2601 1467 2646 τις
1505 2584 1798 2656 ἄνθρωπος
1845 2589 1938 2639 καὶ
1995 2589 2086 2640 ἐπὶ

513 2676 609 2727 τοῦ
661 2677 790 2728 ίδὲου
844 2676 1132 2745 λογισμοῦ,
1182 2677 1320 2746 ὅπερ
1371 2677 1466 2729 καὶ
1531 2676 1624 2729 ἐπὶ
1671 2677 1765 2730 τοῦ
1812 2677 2083 2734 διαϐόλου.

519 2769 780 2836 Ἔρχεται
813 2768 918 2835 γὰρ
947 2769 1027 2830 είς
1057 2767 1356 2835 ἐνθύμησίν
1377 2784 1536 2830 τινος
1573 2769 1922 2838 πράγματος,
1981 2789 2082 2824 κα-

513 2858 606 2911 λοῦ
632 2859 770 2926 λέγω
796 2859 888 2911 καὶ
921 2859 1171 2928 αἰσχροῦ⁶
1211 2859 1302 2912 καὶ
1335 2861 1382 2912 εί
1421 2859 1519 2928 μὲν
1554 2859 1666 2927 ἔχει
1711 2860 1802 2912 τὸν
1825 2862 2078 2930 »ἄρχοντα

516 2949 684 3001 αὐτοῦ
711 2950 838 3001 νοῦν¹
862 2951 988 3016 ὑγιᾶ
1019 2951 1112 3002 καὶ
1147 2953 1434 3021 φρόνιμον,
1467 2953 1648 3022 κρίνει
1711 2953 1809 3016 τὰς
1842 2955 2083 3024 ἐνθυμή-

515 3053 630 3097 σεις
657 3038 752 3090 καὶ
805 3039 929 3099 τοὺς
966 3039 1263 3109 λογισμοὺς
1313 3040 1503 3103 αὑτοῦ,
1567 3041 1664 3096 καὶ
1710 3043 1976 3114 διακρίνει
2023 3046 2082 3098 τὸ

493 3131 761 3196 ¹κρεῖττον
795 3130 902 3181 ἀπὸ
928 3130 1020 3182 τοῦ
1055 3132 1292 3200 χείρονος
1323 3146 1339 3162 ·

518 3222 685 3274 αὐτοῦ
714 3225 856 3289 νοῦς,
892 3224 1118 3292 πράττει
1153 3226 1216 3277 τά
1259 3223 1498 3294 βλαϐερὰ
1526 3224 1601 3287 ὡς
1631 3226 1904 3296 ὠφέλιμα.
1944 3227 2078 3279 Βλέ-

519 3329 646 3375 πεις
675 3314 858 3377 ὅπως,
878 3315 982 3368 κᾶν
1020 3315 1162 3384 δοκῇ-
1187 3316 1270 3369 ὅτι
1298 3317 1380 3369 ἔτι
1409 3317 1583 3387 ἰσχύει
1608 3318 1636 3370 ὁ
1662 3318 1924 3383 διάϐολος,
1978 3320 2080 3372 οὐκ

517 3405 669 3457 ἔστιν
696 3405 888 3468 οὕτως,
924 3407 1039 3460 ἀλλ’
1071 3407 1285 3478 ἐφθάρη
1339 3409 1432 3460 καὶ
1479 3409 1752 3478 ἠφανίσθη
1782 3410 1988 3463 τέλειον
2049 3413 2080 3480 ἡ

516 3497 776 3564 τυραννὶς
833 3497 1022 3563 αὑτοῦ,
1077 3499 1411 3563 ἀναστάντος
1450 3499 1544 3552 τοῦ
1575 3501 1830 3570 Χριστοῦ
1876 3503 1940 3554 ἐκ
1983 3502 2078 3554 τοῦ

518 3587 692 3655 τάφου
713 3605 729 3654 ;
754 3589 910 3643 Μετά
940 3591 1048 3661 γὰρ
1089 3592 1186 3661 τὴν
1215 3593 1471 3661 δευτέραν
1493 3594 1583 3644 τοῦ
1603 3594 1842 3660 Χριστοῦ
1878 3612 2082 3665 παρου-

435 3715 438 3718 ~
520 3679 645 3734 σίαν
702 3682 885 3749 μέλλει
931 3683 1408 3753 παραπεμφθῆναι
1459 3685 1535 3755 τῷ
1589 3685 1841 3756 ἐξωτέρῳ
1877 3688 2078 3755 σκότει,

517 3771 616 3822 καὶ
641 3771 719 3840 τῷ
734 3771 1084 3842 ἀτελευτήτῳ
1115 3774 1272 3842 πυρὶ,
1297 3774 1372 3836 ὡς
1395 3773 1545 3825 ἔστιν
1579 3777 1658 3837 είς
1706 3776 1865 3828 τοῦτο
1909 3776 2077 3840 ἄξιος.

532 3862 662 3915 Ἰδοὺ
698 3863 829 3930 γοῦν
857 3864 931 3926 ὡς
964 3865 1316 3934 προείρηται,
1367 3864 1540 3928 οὕτως
1597 3866 1955 3934 ἀναφαίνεται
1998 3869 2080 3921 ὅτι

524 3956 596 4007 τά
623 3957 874 4025 περὶ-τοῦ
901 3957 1134 4029 Χριστοῦ
1161 3958 1395 4028 ὲξαρχῆς
1445 3962 1542 4014 καὶ
1577 3960 1642 4012 ἐκ
1696 3959 1789 4012 τοῦ
1841 3977 2080 4028 καταμι-

518 4043 662 4113 κρὺν.
683 4044 983 4111 ἐφαίνοντο.
1015 4045 1180 4097 Ὅσον
1200 4045 1254 4096 δὲ
1273 4046 1500 4114 ἤγγιζεν
1529 4049 1556 4098 ὁ
1582 4046 1766 4115 καιρὸς
1795 4047 1894 4116 τῆς
1913 4047 2078 4099 αὑτοῦ

518 4137 849 4202 γεννήσεως,
911 4125 1296 4204 καθαρώτερον
1364 4136 1460 4187 καὶ
1507 4138 1830 4207 τρανότερον
1892 4137 2080 4203 ελεγον

517 4227 644 4293 περὶ
677 4224 848 4277 αὐτοῦ
870 4225 920 4276 οί
949 4226 1248 4294 προφῆται.
1285 4223 1402 4292 Ἀφ’
1429 4221 1489 4278 οὗ
1513 4227 1569 4278 δὲ
1589 4223 1751 4297 ἦλθεν
1773 4231 1798 4280 ὁ
1814 4225 2077 4296 Χριστὸς,

516 4312 715 4364 δέδωκε
743 4315 854 4373 τοῖς
880 4313 1190 4382 ἀνθρώποις
1208 4361 1210 4363 .
1227 4314 1323 4384 τὴν
1347 4314 1530 4366 κλεῖδα
1562 4316 1658 4383 τῆς
1686 4315 1966 4382 γνώσεως,
1991 4315 2077 4368 ἵνα

515 4404 772 4471 καθαρῶς
821 4408 1028 4456 τεκαὶ
1078 4405 1326 4472 ἀψευδῶς
1373 4406 1601 4474 νοήσωσι
1647 4405 1744 4474 τὴν
1773 4412 1780 4456 .’
1799 4406 2076 4473 ἀλήθειαν.

2191 1951 2310 2005 lens
2360 1951 2505 2004 enim
2530 1958 2705 2018 :parct
2743 1963 2889 2002 vano
2907 1959 2956 2001 et
2985 1949 3150 2001 noxio
3181 1949 3325 2002 illius
3359 1949 3609 2004 consilio.
3655 1948 3756 2014 Qui

2191 2055 2320 2094 vero
2353 2055 2544 2109 parere
2579 2038 2836 2100 noluerit,
2869 2037 3142 2091 diabolum
3168 2053 3267 2094 ceu
3298 2054 3408 2094 rem
3435 2038 3590 2092 nihili
3626 2053 3759 2096 con-

2190 2129 2408 2185 temnit.
2439 2128 2584 2182 ldem
2624 2143 2754 2181 vero
2802 2127 3000 2196 singuli
3035 2127 3283 2181 homines
3319 2143 3346 2179 a
3389 2129 3607 2195 propria
3660 2143 3757 2181 sua

2188 2221 2739 2289 ratione-patiuntur,
2783 2218 2926 2286 quod
2977 2233 3007 2270 a
3060 2217 3297 2271 diabolo.
3352 2217 3548 2270 Incidit
3608 2218 3754 2271 enim

2185 2311 2352 2365 homo
2384 2313 2436 2364 in
2484 2311 2716 2379 alicujus
2758 2309 3168 2363 meditationem
3212 2309 3496 2372 facinoris,
3545 2311 3626 2361 vel
3661 2309 3760 2362 ho-

2187 2399 2352 2459 nesti,
2404 2398 2484 2451 vel
2532 2397 2738 2465 turpis;
2787 2406 2840 2452 et
2891 2397 3160 2465 siquidem
3207 2397 3507 2466 principem
3542 2399 3622 2449 vel
3659 2399 3758 2452 du-

2186 2500 2600 2554 eem,.mentcm
2631 2489 2889 2543 videlicet
2923 2503 3119 2540 sanam
3154 2488 3408 2540 habuerit
3437 2497 3491 2540 et
3515 2488 3758 2556 pruden-

2189 2591 2322 2648 tem,
2345 2583 2432 2636 illa
2461 2581 2841 2636 meditationes
2871 2581 3031 2636 simul
3069 2590 3124 2634 et
3158 2580 3352 2633 harum
3391 2596 3598 2635 causas.
3620 2581 3761 2650 diju-

2185 2674 2354 2738 dicat,
2405 2675 2716 2744 bonumque
2740 2691 2776 2726 .a
2830 2675 2970 2728 malo
3010 2673 3299 2727 discernit.
3355 2672 3411 2726 Si
3466 2689 3593 2730 veno
3649 2676 3757 2726 dux

2184 2767 2427 2822 hominis
2477 2782 2630 2821 mens
2674 2765 2888 2820 inﬁrma
2953 2765 3118 2820 fuerit
3171 2773 3225 2818 et
3261 2765 3555 2834 impotens,
3595 2765 3756 2818 noxia

2184 2875 2284 2929 pro
2309 2858 2534 2912 utilibus
2573 2856 2942 2925 amplectitur.
2989 2856 3148 2910 Vides
3181 2855 3343 2924 igitur
3369 2856 3650 2910 diabolum
3680 2859 3760 2906 vi-

2185 2952 2337 3006 ribus
2365 2965 2576 3014 carere,
2607 2948 2862 3018 quamvis
2891 2949 3108 3002 easdem
3136 2948 3338 3002 habere
3370 2947 3587 3003 videtur
3622 2967 3633 3000 :
3661 2947 3754 3001 sed

2185 3043 2522 3098 comminuta
2553 3053 2633 3096 est
2680 3051 2735 3094 et
2776 3041 3010 3094 evanuit.
3031 3039 3281 3092 universa
3314 3038 3557 3108 tyrannis
3590 3037 3754 3100 illius,

1380 3133 1429 3184 εί
1461 3133 1517 3184 δὲ
1554 3133 1773 3186 ἀσθενεῖ
1804 3137 1831 3187 ὁ
1853 3135 2078 3204 ἡγεμὼν

2186 3135 2402 3191 Christo
2457 3149 2526 3188 ex
2572 3133 2825 3201 sepulcro
2876 3130 3219 3186 resuscitato.
3280 3131 3407 3184 Post
3453 3129 3754 3188 sei-uadum

2183 3229 2330 3282 enim
2385 3226 2588 3280 Christi
2647 3225 2942 3279 adventum
3002 3221 3444 3291 relegabiturin
3502 3223 3757 3278 tenebras

2182 3319 2508 3382 exteriores,
2553 3326 2609 3370 et
2660 3316 2714 3370 in
2775 3315 2955 3384 ignem
3006 3313 3534 3382 inexstinguibilem,
3595 3322 3757 3381 prout

2169 3407 2543 3465 commeritus
2573 3412 2678 3459 est.
2720 3404 2800 3457 En
2846 3404 3159 3472 itaque,-_ut
3193 3410 3328 3456 ante
3378 3399 3582 3456 dictum
3650 3410 3755 3464 cst,

2181 3499 2262 3553 sic
2313 3497 2515 3551 factum
2564 3509 2683 3548 esse
2729 3501 2953 3562 apparet
3005 3511 3018 3545 :
3061 3490 3205 3560 quod
3262 3490 3474 3546 scilicet
3523 3508 3587 3546 ea
3623 3509 3756 3561 ,qua:

2157 3585 2750 3647 :Chrislum-altincnt,
2777 3583 2844 3636 ab
2873 3581 3030 3636 initio
3061 3581 3322 3649 paulatim
3347 3589 3752 3650 apparuerunt;

2181 3685 2385 3748 quanto
2456 3684 2638 3728 autem
2698 3679 2946 3742 proptus
2997 3670 3464 3742 appropinquavit
3541 3676 3756 3737 tempus

2183 3766 2552 3838 generationis
2601 3763 2785 3833 hujus,
2831 3770 2983 3816 tanto
3011 3762 3212 3820 clarius
3239 3761 3590 3831 planiusque
3622 3775 3754 3828 pro-

2180 3859 2358 3928 phetae
2399 3857 2466 3911 de
2519 3855 2615 3910 illo
2672 3853 2952 3908 vaticinati
3014 3861 3160 3908 sunt.
3212 3852 3508 3920 Postquam
3570 3863 3753 3904 autem

2180 3948 2431 4002 Christus
2485 3947 2657 4010 venit,
2708 3944 2933 3999 deditis
2974 3943 3178 3998 clavem
3234 3943 3478 4001 scientia:
3518 3942 3754 3998 homini-

2181 4039 2306 4102 bus,
2342 4046 2401 4091 ut
2443 4051 2579 4106 pure
2632 4044 2688 4090 et
2722 4035 2842 4088 sine
2891 4035 3040 4088 omni
3080 4036 3202 4088 luco
3236 4033 3526 4090 veritatem
3556 4034 3755 4088 intelli-

2180 4137 2402 4200 gerent;
2432 4128 2566 4197 quin
2599 4127 2664 4194 (si
2693 4127 2894 4181 veritas
2945 4126 3174 4182 dicenda
3202 4126 3470 4198 est),__ipse:
3499 4125 3753 4181 Christus

2181 4220 2400 4288 aperuit
2427 4219 2714 4272 thesauros
2748 4217 3120 4279 absconditos,
3165 4226 3220 4272 et
3257 4218 3315 4272 .in
3361 4217 3610 4272 .medinm
3663 4217 3757 4271 de-

2179 4310 2368 4381 posuit
2414 4323 2512 4363 ceu
2555 4309 2830 4367 infinitum
2868 4309 3108 4376 pelagus,
3139 4322 3211 4362 ,ιιι
3260 4309 3490 4377 quilibet
3543 4325 3609 4363 ex
3644 4311 3750 4364 hoc

2181 4402 2402 4456 nemine
2451 4399 2776 4468 prohibente
2815 4400 3048 4465 hauriat,
3111 4416 3242 4468 qua!
3291 4401 3442 4459 illum
3477 4401 3755 4458 oblectant

518 4495 735 4548 Μᾶλλον
780 4497 836 4547 δὲ
869 4498 916 4548 εἰ
948 4496 1055 4565 χρὴ
1084 4497 1314 4564 τάληθὲς
1345 4494 1542 4563 εἰπεῖν,
1573 4498 1734 4565 alno;
1761 4499 1788 4549 δ
1841 4496 2076 4566 Χριστὸς

2186 4503 2235 4546 et
2266 4493 2478 4562 juvant.
2527 4490 2592 4543 Et
2635 4491 2749 4542 hinc
2783 4490 3004 4557 quidem
3051 4490 3176 4546 talia
3232 4501 3381 4548 sunt.
3447 4491 3754 4550 Redeamus

518 4587 696 4653 ἤνοιξε
732 4589 860 4651 τοὺς
893 4588 1310 4657 κεκρυμμένους
1363 4589 1692 4658 θησαυροὺς,
1741 4589 1838 4640 καὶ
1885 4586 2080 4654 έθηκεν

2187 4599 2322 4638 vero
2347 4583 2412 4637 ad
2447 4584 2497 4637 id
2531 4583 2674 4638 unde
2702 4600 2893 4638 sumus
2923 4584 3171 4652 digressi.

523 4683 602 4743 εἰς
638 4680 698 4732 τὸ
722 4681 909 4748 μέσον,
944 4678 1134 4748 ὥσπερ
1181 4697 1234 4732 τι
1281 4680 1518 4748 πέλαγος
1567 4681 1816 4748 ἄπειρον,
1865 4682 2012 4742 ὅπως
2059 4681 2086 4730 ό
2137 4677 2458 4747 βουλόμενος
2494 4676 3041 4743 ἀρύητσιάκωλύτως
3105 4679 3172 4727 τά
3207 4677 3371 4732 αὐτοῦ
3437 4677 3752 4746 καταθύμια

525 4772 617 4823 καὶ
644 4768 918 4838 ὠφέλιμα.
967 4769 1126 4821 Ἀλλά
1159 4769 1330 4822 ταῦτα
1360 4773 1455 4840 μὲν
1481 4770 1672 4834 οὕτως.
1719 4768 2232 4841 Ἐπανέλοωμεθλδὲ
2263 4763 2386 4820 ὅθεν
2414 4767 2731 4836 ἐξήλθομεν.

588 4864 695 4932 κβ⁰.
732 4861 1096 4931 Κρεμαμένου
1137 4863 1231 4935 τοῦ
1252 4863 1499 4932 Χριστοῦ
1537 4863 1629 4914 ὲπὶ
1673 4863 1768 4915 τοῦ
1818 4861 2075 4933 σταυροῦ,

517 4955 600 5016 τίς
630 4955 738 5005 τῶν
773 4954 1118 5022 στρατιωτῶν
1145 4953 1326 5016 ἔνυξεν
1352 4952 1514 5005 αὑτοῦ
1542 4954 1641 5022 τὴν
1663 4953 1906 5023 πλευρὰν
1941 4952 2077 5022 μετὰ

520 5044 729 5114 ξίφους.
761 5047 922 5109 Λέγει
968 5045 1095 5110 γοῦν
1139 5046 1409 5112 Ζαχαρίας
1455 5044 1583 5111 περὶ
1633 5045 1846 5108 τούτου,
1896 5044 2077 5106 καθὼς

522 5135 616 5186 καὶ
657 5137 1010 5202 προείπομεν,
1037 5134 1117 5184 ὅτι
1149 5151 1165 5181 ι
1197 5133 1303 5184 Καὶ
1333 5131 1680 5199 ἐπιϐλέψουσι
1720 5132 1853 5201 πρός
1905 5149 1970 5200 με
1997 5134 2077 5193 εἰς

517 5225 576 5276 ὃ)
600 5225 975 5292 ἐξεκέντησαν.
1999 5269 2016 5292 ,

563 5314 694 5382 κγ’.
739 5314 1024 5378 Ἀπέθανε,
1057 5313 1148 5366 καὶ
1173 5313 1320 5379 λέγει
1351 5312 1380 5363 ὁ
1418 5312 1645 5374 Ἡσαΐας
1671 5312 1769 5364 ὅσα
1805 5312 1902 5364 καὶ
1937 5311 2070 5380 φθά-

517 5422 710 5470 σαντες
768 5404 1116 5474 ἐδηλώσαμεν
1153 5403 1432 5472 ὰνωτέριο.
1458 5402 1620 5469 Λέγει
1648 5401 1705 5454 δὲ
1747 5403 1835 5458 καὶ
1864 5402 1913 5473 ὁ,
1938 5400 2070 5453 θαυ-

471 5481 496 5508 ⁶’
521 5492 722 5562 μαστὸς
749 5492 999 5560 Σολομὼν
1029 5492 1158 5560 περὶ
1185 5487 1278 5542 τοῦ
1311 5489 1518 5542 δικαίου
1543 5489 1635 5540 καὶ
1659 5488 1894 5557 μεγάλου
1930 5487 2077 5552 Ἰὼϐ,

515 5584 592 5646 ὡς
611 5580 685 5636 ’ἐκ
715 5582 1006 5653 προσώπου
1036 5581 1130 5635 τοῦ
1151 5581 1306 5643 Θεοῦ,
1347 5599 1366 5632 ι
1395 5580 1575 5634 Ζῶσαι
1604 5578 1792 5649 ὥσπερ
1826 5579 1964 5649 ἀνὴρ
1983 5580 2079 5648 τὴν

513 5673 684 5741 ὀσφύν
708 5690 822 5728 σου.
841 5674 1128 5743 Ἐρωτήσω
1154 5672 1312 5734 δέσε,
1339 5671 1401 5723 σὺ
1424 5672 1478 5724 δέ
1500 5687 1587 5740 μοι
1614 5670 1957 5740 ἀποκρίθητι,
1976 5670 2076 5723 ποῦ

514 5758 655 5832 ἢσυα
686 5765 773 5817 ὅτε
816 5763 1150 5832 ἑθεμελίωυ.
1178 5763 1276 5833 τὴν
1303 5763 1404 5831 γῆν
1430 5780 1444 5828 ;
1492 5761 1840 5829 Ἀνάγγειλόν
1881 5778 1994 5830 μοι,
2026 5765 2074 5814 εἰ

2229 4859 2342 4912 .22.
2371 4857 2590 4922 Christo
2623 4859 2676 4908 in
2706 4871 2868 4909 cruce
2901 4856 3195 4923 pendente,
3247 4853 3467 4921 quidam
3512 4854 3744 4908 militum

2181 4953 2398 5022 aperuit
2431 4952 2572 5005 latus
2601 4950 2748 5002 illius
2778 4949 2991 5001 lancea.
3023 4945 3094 4996 De
3138 4945 3240 4997 hoc
3270 4945 3462 5011 igitur,
3498 4955 3554 4998 ut
3582 4961 3743 5012 supra

2183 5042 2518 5104 monuimus,
2567 5040 2885 5093 -Zaebarias
2933 5037 3151 5092 dicitzi
3197 5034 3487 5102 Videbunt,
3547 5036 3600 5089 in
3664 5053 3749 5092 me

2180 5149 2340 5204 quem
2381 5140 2744 5202 pupugerunt.
2761 5148 2778 5179 ι

2253 5321 2342 5373 23.
2381 5318 2627 5372 Mortuus
2655 5324 2760 5378 est,
2809 5314 2877 5368 de
2928 5329 3037 5382 quo
3082 5323 3140 5368 et
3167 5314 3332 5367 Isaias
3377 5314 3504 5368 dicit
3533 5328 3594 5368 ea
3628 5330 3748 5382 quae

2185 5422 2346 5476 supra
2373 5406 2774 5461 recensuimus.
2809 5404 2949 5458 Dicit
3003 5419 3144 5457 vero.
3176 5415 3232 5458 et
3260 5404 3612 5459 admirandus
3643 5407 3746 5461 ille

2165 5497 2448 5552 Solomon
2497 5495 2564 5550 de
2611 5495 2760 5564 justo
2806 5504 2860 5548 et
2906 5493 3268 5548 celeberrimo
3302 5493 3426 5556 Joh,
3487 5503 3742 5562 tanquam

2186 5589 2289 5642 sub
2319 5601 2550 5656 persona
2591 5585 2688 5639 Dei
2725 5600 2738 5636 :
2778 5603 2795 5634 ι
2825 5585 3062 5654 Aet-inge
3086 5593 3341 5652 tanquam
3376 5584 3461 5637 vir
3499 5585 3744 5640 lumbum

2189 5687 2364 5730 tuum.
2426 5673 2779 5743 lnterrogabo
2837 5683 2908 5740 te,
2951 5682 3006 5727 tu
3034 5683 3214 5726 autem
3274 5673 3406 5726 mihi
3454 5673 3742 5739 responde.

2180 5766 2282 5822 Ubi
2305 5781 2427 5821 cras
2451 5780 2571 5819 cum
2598 5765 2881 5821 totidarcm
2907 5780 3006 5835 ego
3025 5774 3221 5820 terrain
3240 5766 3262 5819 ’ί
3281 5765 3559 5820 Annuntia
3582 5763 3736 5826 mihi,
