3970 6212
308 406 421 473 483

1503 404 1824 466 JOANNIS
1863 400 2387 466 CANTACUZENI

3417 415 3512 480 ιθι

305 519 358 573 si
394 518 502 573 scis
524 557 538 582 ,
567 515 930 579 intellectum,
959 511 1178 582 quando
1209 510 1347 567 facta
1367 521 1498 567 sunt
1521 513 1711 592 astra?
1739 513 1876 566 Lau-

1987 512 2282 566 ὲπίστασαι
2343 513 2584 580 σύνεσιν,
2613 514 2698 566 ὅτε
2731 513 2994 586 ἐγεννήθη
3025 515 3219 586 ἄστρα,
3245 517 3428 590 ᾗνεσάν
3453 541 3512 593 με

309 609 588 665 daverunt
619 621 706 662 me
739 621 872 661 voce
919 621 1112 676 magna
1156 620 1348 660 omnes
1403 588 1772 675 angeli‘tnei,
1823 611 1880 657 et

311 701 726 755 celebraverunt
757 698 996 763 hymnis.
1044 697 1304 751 Conclusi
1341 705 1524 750 autem
1573 709 1722 748 mare
1756 711 1880 763 por-

309 791 399 853 tis,
443 800 497 845 et
544 789 696 858 posui
748 789 824 842 illi
875 790 1165 852 terminos,
1221 788 1444 857 dixique
1497 787 1624 840 illi:
1664 786 1879 842 Hucus-

309 898 415 951 que
442 882 651 944 venies,
685 889 741 935 et
777 895 898 933 'non
965 880 1406 950 transgredieris,
1459 881 1553 934 sed
1604 880 1657 934 in
1707 879 1878 947 tcipso

307 971 638 1025 collidentur
678 969 778 1023 tibi
817 969 1017 1024 [luctus
1065 971 1162 1023 tui.
1217 971 1496 1024 Annuntia
1527 971 1656 1023 mihi
1697 989 1708 1023 :
1747 985 1877 1023 num

307 1071 365 1115 tu
393 1070 618 1130 accepto
646 1062 766 1115 luto
795 1060 1042 1114 formasti
1080 1061 1320 1125 animal,
1361 1071 1415 1115 et
1452 1074 1706 1114 sermone
1737 1075 1874 1128 praz-
1910 1085 1916 1090 -

304 1155 478 1208 ditum
544 1152 772 1222 posuisti
827 1152 961 1206 illud
1007 1168 1171 1221 super
1223 1153 1467 1207 terram?
1507 1151 1648 1205 Num
1695 1152 1748 1204 in
1792 1166 1878 1204 ve-

235 1307 239 1310 ,
302 1245 482 1314 stigiis
511 1243 696 1314 abyssi
719 1243 1136 1297 dcamhulavisti
1156 1245 1178 1296 ?
1201 1244 1612 1312 Aperiunlurne
1642 1243 1738 1297 libi
1767 1260 1875 1312 pra:

306 1335 500 1389 timore
552 1335 733 1406 janua:
767 1335 982 1400 mortis,
1023 1345 1080 1388 et
1107 1336 1378 1404 janitores
1415 1334 1614 1389 inferni
1657 1344 1716 1389 te’
1757 1336 1874 1390 viso

305 1426 687 1493 stupuerunt”
705 1425 754 1477 ‘h
788 1426 1145 1494 Respondeas
1165 1440 1291 1480 vero
1311 1424 1434 1492 Job,
1455 1426 1589 1479 dixit
1608 1427 1870 1479 Domino:

308 1514 477 1570 «Novi
524 1516 891 1586 quodomnia
933 1518 1129 1585 possis,
1167 1525 1222 1569 et
1267 1502 1609 1586 impossibile
1659 1517 1755 1570 tibi
1787 1527 1872 1571 est

305 1607 465 1661 nihil.
500 1608 705 1662 Auditu
729 1607 875 1662 enim
905 1607 1058 1661 auris
1078 1606 1264 1661 audivi
1294 1614 1346 1661 te
1379 1609 1551 1687 prius,
1575 1622 1722 1661 nunc
1745 1622 1873 1662 vero

304 1701 499 1754 oculus
543 1715 704 1754 meus
731 1701 873 1754 vidit
903 1700 1025 1754 te”.
1055 1718 1072 1750 ι
1109 1699 1453 1753 Audivistine
1478 1699 1544 1754 de
1570 1707 1744 1753 morte
1771 1699 1875 1752 Do-

303 1791 436 1846 mini
462 1791 809 1860 prophetiam
862 1792 1004 1846 hanc
1031 1791 1393 1845 clarissimam
1438 1798 1496 1844 et
1541 1791 1874 1861 splendidis-

305 1883 538 1935 simam?
573 1885 693 1952 lpse
722 1883 870 1936 enim
904 1882 1048 1936 Deus
1072 1881 1140 1935 de
1167 1897 1226 1937 se
1255 1881 1468 1947 dicens,
1505 1883 1650 1950 quod
1674 1879 1873 1934 funda-

302 1973 444 2025 verit
478 1982 701 2037 terram,
751 1971 898 2040 quod
933 1972 1183 2040 posuerit
1220 1969 1358 2025 mari
1396 1969 1684 2034 terminos,
1725 1969 1872 2038 quod

300 2061 703 2115 celebraverint
733 2076 858 2115 eum
889 2060 1069 2130 angeli
1103 2059 1228 2125 sui,
1284 2060 1426 2114 idem
1466 2059 1558 2113 ille
1601 2058 1737 2113 dicit
1771 2059 1872 2128 ipsi

300 2151 402 2207 Job
439 2171 452 2206 :
483 2173 500 2204 ι
527 2153 666 2207 Num
691 2161 913 2222 accepto
935 2153 1052 2205 luto
1091 2151 1396 2205 loru‘iavisti
1423 2152 1650 2216 animal,
1679 2158 1734 2205 et
1759 2167 1875 2204 ser-

301 2262 464 2300 mone
495 2247 782 2314 praulitum
811 2246 1041 2315 posuisti
1075 2245 1206 2298 illud
1239 2261 1406 2314 super
1452 2245 1695 2299 terram?
1731 2245 1870 2299 Num

302 2339 359 2392 in
412 2339 658 2408 vestigiis
715 2338 894 2408 abyssi
951 2337 1412 2392 deambulavisti?
1473 2338 1874 2406 Aperienturne

309 2430 406 2483 tibi
434 2445 542 2498 pra:
575 2429 771 2482 timore
798 2431 979 2497 januae
1012 2428 1222 2491 mortis,
1255 2437 1311 2482 et
1345 2443 1474 2481 num
1496 2428 1766 2498 ianitores
1796 2427 1876 2480 in-

304 2521 445 2575 ferni
486 2529 536 2573 te
566 2521 682 2573 viso
720 2519 1114 2588 stupuerunt?»
1157 2519 1323 2584 Quid,
1355 2534 1560 2587 quasso,
1588 2518 1672 2572 his
1696 2519 1876 2573 innuit

303 2609 477 2672 aliud,
507 2625 670 2679 quam
709 2627 722 2661 :
759 2609 872 2678 Ego
930 2610 1073 2663 Deus
1133 2623 1252 2662 sum
1309 2609 1405 2678 qui
1442 2609 1545 2662 feci
1588 2608 1722 2673 hare,
1775 2623 1876 2676 ego

303 2700 493 2768 aperui
538 2707 720 2768 portas
743 2699 962 2764 mortis;
995 2699 1192 2752 timore
1221 2697 1364 2752 enim
1389 2701 1492 2753 mei
1511 2707 1711 2767 apertae
1725 2707 1874 2760 sunt,

289 2801 359 2846 'et
391 2807 476 2845 me
513 2792 627 2845 viso
664 2791 718 2844 in
754 2791 971 2844 inferno
1005 2797 1340 2858 s‘tupuerunt
1370 2792 1643 2861 janitores
1701 2790 1873 2850 illius.

301 2885 694 2939 Verumtamen
730 2882 990 2950 quidnam
1033 2898 1172 2951 opus
1219 2891 1303 2936 est
1362 2883 1501 2936 hanc
1535 2881 1874 2951 prophetiam

305 2976 702 3044 interpretari?
752 2972 937 3026 Talem
994 2976 1140 3027 enim
1178 2988 1306 3027 esse
1353 2974 1623 3035 videmus,
1682 2982 1740 3026 ut
1792 2973 1875 3026 vel

305 3067 467 3136 plane
486 3051 749 3135 'stupidus
775 3075 831 3118 et
855 3065 1004 3119 rudis
1032 3079 1151 3117 eam
1200 3065 1491 3134 intelligat.
1525 3064 1660 3118 lllud
1702 3066 1873 3126 enim,

311 3159 477 3214 .Viso
518 3174 604 3211 me
639 3158 910 3228 janitores
971 3157 1172 3210 inferni
1232 3167 1613 3226 stupuerunt,»
1670 3157 1873 3212 Christi

307 3251 771 3303 resurrectionem
813 3265 934 3303 cum
963 3249 1292 3302 auctoritate
1337 3249 1520 3302 divina
1551 3250 1875 3318 potentique

303 3341 512 3394 virtute
539 3339 736 3394 factam
769 3341 1071 3411 signiﬁcat,
1102 3352 1364 3410 praeterea
1390 3343 1702 3396 universam
1727 3342 1873 3394 illam

306 3431 510 3485 inferni
546 3432 851 3500 mortisque
903 3433 1356 3488 destructionem.
1396 3431 1540 3497 Quin
1593 3441 1650 3486 et
1703 3431 1874 3485 David

305 3523 616 3577 luculenter
659 3523 738 3576 sic
777 3523 913 3576 dicit
949 3541 962 3575 :
1003 3541 1021 3574 ι
1058 3522 1178 3576 Non
1238 3523 1588 3591 dcrelinques
1638 3522 1874 3575 animam

309 3627 485 3668 meam
519 3613 574 3666 in
603 3612 841 3677 inferno,
873 3629 1055 3682 neque
1092 3611 1251 3666 dabis
1294 3621 1354 3665 ut
1377 3623 1600 3666 sanctus
1641 3625 1766 3664 tuus
1795 3611 1876 3664 vi-

307 3706 434 3760 deat
464 3705 949 3774 corruptionem“.
985 3723 1004 3756 ι
1039 3703 1224 3758 Tertia
1255 3704 1399 3757 enim
1454 3703 1545 3757 die
1577 3688 1876 3757 resurrexit

306 3798 596 3862 Dominus,
657 3811 761 3852 nec
820 3797 1234 3866 corruptionem
1281 3795 1454 3849 sensit
1485 3811 1688 3864 corpus
1727 3796 1875 3854 illius

306 3897 742 3942 sacrosanctum.
784 3886 1001 3942 Mortuo
1046 3885 1192 3939 enim
1221 3885 1334 3945 illo,
1361 3887 1772 3939 sanctissimum
1806 3887 1874 3942 il-

307 3978 416 4032 lius
466 3992 668 4048 corpus
705 3976 910 4046 Joseph
941 3977 1107 4030 simul
1139 3985 1195 4030 et
1220 3975 1573 4041 Nicodelnus,
1621 3987 1681 4029 ut
1710 3993 1876 4046 supra

309 4070 569 4134 diximus,
612 4069 964 4122 involverunt
994 4067 1250 4129 sindone,
1308 4066 1527 4138 myrrha
1579 4076 1634 4121 ct
1665 4079 1877 4136 aroma-

311 4160 484 4213 tibus.
521 4160 587 4213 Et
616 4160 684 4213 de
715 4158 994 4228 sepultura
1025 4158 1174 4212 illius
1199 4158 1335 4227 Magi
1367 4174 1586 4226 quoque
1629 4159 1683 4212 in
1715 4159 1877 4214 Beth-

307 4249 446 4304 lcem
465 4250 748 4304 venientes
771 4249 1238 4319 prophetaverunt
1260 4249 1380 4318 ipso
1399 4259 1550 4316 nato,
1578 4249 1874 4308 offerentes

313 4339 393 4393 illi
425 4354 645 4405 aurum,
681 4340 812 4394 thus
853 4350 907 4394 et
938 4341 1237 4410 myrrham.

368 4425 470 4479 .24.
508 4426 780 4481 Dixerunt
806 4425 978 4481 Judaei
1009 4427 1218 4480 Pilato:
1260 4426 1428 4482 «lube
1461 4426 1661 4480 muniri
1690 4416 1873 4496 sepul-

1980 607 2131 674 φωνῇ
2191 605 2403 675 μεγάλῃ
2435 605 2634 668 πάντες
2685 607 2909 673 ἄγγελοί
2965 624 3069 674 μου
3123 610 3216 663 καὶ
3266 610 3509 682 ὕμνησαν,

1982 698 2232 766 ’Ἐφραξα
2260 696 2314 748 δὲ
2343 697 2617 752 θάλασσαν
2649 700 2868 760 πύλαις,
2898 699 3101 770 ἐθέμην
3125 700 3180 752 δὲ
3221 702 3346 770 αὐτῇ
3377 705 3509 774 ὅρια,

1979 790 2074 841 καὶ
2133 785 2286 841 εἷπον
2344 789 2506 859 αὐτῇ,
2562 791 2742 859 Μέχρι
2789 789 2982 849 τ’*ου
3021 792 3236 862 ὲλεύσῃ,
3292 794 3380 847 καὶ
3422 797 3511 867 οὐχ

1979 880 2289 952 ὑπερϐήσῃ,
2342 879 2458 932 ἀλλ’
2501 881 2558 932 ὲν
2609 882 2804 950 σεαυτῇ
2835 882 3300 952 ⁸συντριϐσὲισονταί
3343 902 3427 937 σου
3453 886 3516 938 τά

1981 971 2222 1039 κύματα.
2263 969 2603 1038 Ἀνάγγειλόν
2629 988 2740 1040 μοι,
2767 975 2813 1024 εί
2851 975 2914 1025 σὺ
2947 972 3128 1025 λαϐὼν
3153 975 3336 1044 πηλόν,
3365 976 3516 1029 Eula-

1980 1080 2078 1126 σας
2105 1063 2263 1129 ζιῖον,
2290 1063 2384 1115 καὶ
2411 1063 2640 1132 λαλητὸν
2672 1064 2801 1116 αὐτὸ
2841 1057 2964 1117 ἒθου
3017 1067 3108 1118 ἐπὶ
3159 1066 3254 1135 τῆς
3303 1068 3416 1134 γῆς,
3465 1071 3517 1120 ὲν

1975 1155 2034 1206 δὲ
2081 1154 2292 1222 ’ἴχνεσιν
2357 1149 2595 1206 ἀϐύσσου
2640 1152 3075 1223 περιεπάτησας,
3131 1157 3420 1223 ἀνοίγονται
3469 1157 3518 1208 δέ

1979 1262 2058 1298 σοι
2091 1244 2241 1313 φόϐῳ
2268 1243 2435 1297 πύλαι
2471 1244 2704 1297 θανάτου
2731 1286 2746 1306 ,
2784 1247 3021 1312 πυλωροὶ
3057 1246 3111 1299 δὲ
3167 1248 3290 1315 ᾅδου
3339 1248 3519 1308 ἰδόντες

1977 1353 2033 1388 σε
2062 1336 2300 1405 ἔπτηξαν
2328 1353 2342 1402 ;
2375 1355 2393 1386 ι
2448 1335 2761 1388 Ὑπολαϐὼν
2797 1335 2854 1388 δὲ
2892 1335 3008 1390 Ἰὼϐ
3038 1337 3113 1404 τῷ
3142 1337 3326 1406 Κυρίῳ
3345 1338 3482 1406 λέγι
3504 1380 3518 1403 ,

1983 1447 2000 1478 ι
2043 1423 2173 1481 Οἶδα
2205 1429 2288 1481 ὅτι
2337 1427 2514 1480 πάντα
2569 1428 2818 1493 δύνασαι,
2851 1429 3102 1481 ἀδυνατεῖ
3139 1429 3194 1480 δέ
3250 1445 3330 1480 σοι
3357 1428 3516 1480 οὐδέν.

1989 1517 2151 1584 Ἀκοῇ
2190 1517 2288 1586 μὲν
2319 1517 2426 1586 γὰρ
2450 1517 2589 1579 ὠτὸς
2639 1517 2836 1585 ἥκουὸν
2877 1533 2970 1569 σου
3019 1518 3078 1568 τὸ
3111 1518 3389 1585 πρότερον,
3432 1515 3518 1568 νῦν

1974 1605 2028 1658 δὲ
2057 1606 2084 1656 ὁ
2131 1604 2408 1675 ὀφθαλμός
2444 1623 2548 1674 μου
2581 1605 2794 1676 ἑώρακέ
2827 1623 2907 1660 σε.
2948 1625 2966 1657 ι
3007 1607 3278 1676 Ἀκήκοας
3333 1609 3422 1659 καὶ
3450 1607 3524 1664 ei;

1973 1695 2064 1748 τὸν
2095 1694 2186 1748 τοῦ
2221 1695 2426 1764 Κυρίου
2455 1695 2690 1748 θάνατον
2749 1696 3089 1766 προφητείαν
3139 1698 3521 1765 καθαρωτάτην

1974 1803 2033 1839 τε
2063 1789 2154 1840 καὶ
2183 1786 2652 1857 ὑπερλάμπουσαν
2681 1803 2696 1852 ;
2730 1788 2900 1850 Αὐτὸς
2931 1787 3040 1856 γὰρ
3070 1789 3099 1841 ό
3137 1787 3270 1850 Θεὸς
3297 1789 3323 1840 ὁ
3363 1788 3523 1854 λέγων

1975 1877 2104 1946 περὶ⁵
2155 1877 2372 1943 ἑαυτοῦ,
2403 1877 2485 1929 ὅτι
2544 1877 2872 1948 ὲθεμελίωσε
2897 1880 2996 1948 τὴν
3032 1879 3160 1947 γῆν,
3209 1880 3290 1932 ὅτι
3342 1879 3528 1948 ἔθηκεν

1974 1968 2094 2036 ὅρια
2123 1969 2187 2036 τῇ
2242 1965 2508 2038 θαλάσσῃ,
2540 1967 2620 2020 ὅτι
2653 1967 2902 2037 ὕμνησαν
2931 1969 3095 2022 αὑτὸν
3127 1969 3176 2020 οἱ
3203 1970 3414 2037 ἄγγελοι
3439 1968 3532 2022 αὐ-

1974 2055 2070 2108 τοῦ
2097 2072 2110 2085 °
2143 2055 2307 2118 αὐτὸς
2334 2055 2484 2123 λέγει
2529 2056 2606 2126 τῷ
2657 2057 2798 2120 Ἰὼϐ,
2843 2076 2861 2108 ι
2900 2060 2992 2128 Μή
3026 2076 3107 2111 τοι
3141 2059 3323 2112 λαϐὼν
3373 2058 3531 2128 πηλὸν

1974 2146 2216 2209 ἔπλασας
2246 2143 2406 2211 ζῶον,
2440 2148 2534 2198 καὶ
2563 2146 2792 2216 λαλητὸν
2828 2148 2962 2199 αὐτὸ
2991 2147 3114 2201 ἔθου
3153 2149 3246 2201 ἐπὶ
3285 2148 3382 2217 τῆς
3413 2147 3530 2216 γῆς.

1975 2240 2006 2308 ἢ
2062 2240 2120 2290 ὲν
2167 2240 2372 2308 ἴχνεσιν
2417 2238 2654 2291 ἀϐύσσου
2704 2239 3163 2308 περιεπάτησας;
3216 2241 3531 2308 Ἀνοίγονται

1973 2328 2031 2380 δέ
2061 2345 2144 2381 σοι
2175 2329 2324 2398 φόϐῳ
2375 2326 2539 2379 πύλαι
2593 2327 2848 2391 θανάτου,
2875 2330 3120 2400 πυλωροὶ
3175 2330 3230 2381 δὲ
3253 2329 3376 2400 ᾅδου
3407 2329 3534 2382 ίδόν-

1973 2433 2064 2478 τες
2092 2435 2152 2470 σε
2181 2416 2454 2486 ἔπτηξανς
2491 2433 2509 2466 ι
2547 2417 2610 2469 Τί
2658 2417 2818 2469 τοῦτο
2850 2419 3044 2484 λέγων,
3101 2418 3134 2488 ῆ
3171 2420 3271 2488 δὸτι
3329 2419 3463 2485 Ἐγὼ
3509 2419 3535 2469 ὁ

1973 2509 2104 2571 Θεὸς
2133 2507 2162 2558 ό
2192 2509 2423 2578 ποιήσας
2451 2507 2623 2560 ταῦτα
2649 2521 2665 2538 ·
2713 2508 2826 2573 ἐγὼ
2869 2507 3056 2576 ἧνοιξα
3091 2511 3193 2572 τὰς
3245 2509 3414 2571 πύλας
3447 2508 3536 2561 τοῦ

1975 2598 2225 2652 θανάτου·
2248 2599 2322 2666 τῷ
2346 2599 2452 2668 γὰρ
2484 2598 2630 2668 φόϐῳ
2663 2615 2763 2667 μου
2785 2600 3134 2669 ἠνοίχθησαν,
3160 2603 3254 2655 καὶ
3283 2602 3381 2671 ἐμὲ
3411 2600 3538 2653 ἰδόν-

1974 2705 2065 2751 τες
2096 2690 2152 2740 ὲν
2207 2687 2284 2756 τῷ
2319 2687 2443 2758 ᾄδῃ,
2475 2687 2716 2757 ἔπτηξαν
2754 2689 2801 2741 οί
2836 2690 3075 2758 πυλωροὶ
3120 2690 3312 2743 αὑτοῦ.
3362 2690 3538 2758 Ὀμως

1975 2776 2118 2839 τίνος
2161 2775 2474 2845 ἐξηγήσεως
2520 2777 2691 2829 δεῖται
2723 2779 2755 2847 ἡ
2787 2778 3037 2848 παροῦσα
3089 2779 3422 2850 προφητεία,
3455 2777 3540 2829 οὗ·

1976 2886 2082 2932 τως
2135 2869 2501 2938 εὑρισκθμένη
2533 2868 2690 2938 δήλη.
2740 2869 2814 2933 ὡς
2846 2871 3054 2924 καὶτὸν
3107 2874 3288 2941 πάντη
3322 2871 3541 2939 ἀνόητον

1981 2962 2076 3012 καὶ
2101 2961 2288 3030 ἀμαθῆ
2323 2960 2514 3028 νοῆσαι
2543 2959 2747 3029 ταύτην
2774 2977 2788 3026 ;
2829 2962 2901 3014 Τὸ
2930 2963 3114 3031 γάρίι
3143 2963 3365 3024 Ἰδόντες
3397 2977 3462 3030 με
3495 2959 3544 3012 οἱ

1982 3049 2223 3116 πυλωροὶ
2250 3049 2344 3100 τοῦ
2372 3048 2522 3118 εᾷδου
2558 3048 2822 3117 ἔπτηξαν,
2863 3068 2882 3102 ι
2918 3051 3017 3122 τὴν
3049 3054 3191 3121 μετὰ
3228 3050 3542 3119 αὑθεντικῆς

1980 3140 2165 3208 θιῖκης
2190 3157 2246 3192 τε
2282 3142 2397 3206 ἅμα
2461 3142 2554 3192 καὶ
2604 3141 3016 3210 ὲξουσιαστικῆς
3062 3143 3354 3212 δυνάμεως
3396 3158 3546 3211 γεγο·

1978 3235 2131 3284 νυῐαν
2164 3232 2258 3285 τοῦ
2293 3231 2531 3305 Χριστοῦ
2566 3234 2863 3286 ἀνάστασιν
2892 3234 3061 3303 δηλοῖ,
3099 3236 3184 3286 ἔτι
3230 3253 3283 3302 τε
3329 3234 3431 3304 μὴν
3458 3234 3548 3285 καὶ

1977 3323 2074 3392 τὴν
2101 3323 2339 3392 παντελῆ
2373 3326 2467 3376 καὶ
2498 3323 2726 3376 καθόλου
2756 3322 2852 3374 τοῦ
2881 3322 3008 3392 ᾅδου
3055 3325 3155 3378 καὶ
3187 3324 3284 3378 τοῦ
3324 3325 3548 3378 Θανάτου

1977 3416 2293 3470 κατάλυσιν.
2338 3416 2500 3468 Ἀλλὰ
2546 3417 2640 3468 καὶ
2668 3417 2695 3468 ό
2742 3416 2907 3470 Δαϐὶδ
2951 3417 3262 3488 διαρρήδην
3294 3417 3436 3470 οὕτω
3469 3416 3550 3466 λέ-

1975 3525 2084 3574 γει,
2133 3509 2214 3560 ὅτι
2268 3525 2285 3558 ι
2318 3509 2433 3559 Οὐκ
2477 3508 2896 3586 ἐγκαταλείψεις
2943 3509 3040 3578 τὴν
3088 3510 3280 3580 ψυχήν
3328 3528 3429 3580 μου
3477 3509 3554 3571 είς

1978 3599 2134 3668 ᾅδην,
2165 3599 2286 3651 οὐδὲ
2313 3598 2504 3661 δώσεις
2535 3600 2627 3652 τὸν
2653 3600 2798 3652 ὅσιόν
2840 3617 2933 3652 σου
2971 3601 3100 3652 ίδείν
3152 3599 3461 3670 διαφθοράν
3482 3636 3498 3653 .
3532 3617 3550 3648 ι

1979 3695 2056 3763 Τῇ
2100 3694 2258 3763 τρίτῃ
2291 3692 2399 3762 γὰρ
2429 3692 2614 3763 ἡμέρᾳ
2646 3694 2841 3762 ἀνέστη
2868 3694 2896 3744 ό
2940 3693 3170 3763 Κύριος,
3215 3696 3314 3747 καὶ
3343 3694 3558 3760 διαφθο-

1981 3786 2080 3856 ράν
2111 3787 2210 3838 οὑκ
2237 3786 2452 3851 ἐδέξατο
2480 3786 2540 3837 τὸ
2572 3785 2725 3850 ᾶγιον
2750 3783 2913 3837 αὑτοῦ
2943 3785 3124 3854 σῶμα.
3165 3786 3558 3845 Ἀποθανόντος

1978 3879 2088 3948 γὰρ
2128 3877 2313 3942 αὑτοῦ,
2349 3870 2618 3942 ἐνετύλιξε
2662 3876 2722 3928 τὸ
2753 3877 3016 3944 πανάγιον
3043 3877 3218 3930 αὑτοῦ
3255 3877 3416 3948 σῶμα
3447 3877 3473 3927 ὅ
3505 3890 3563 3925 τε

1990 3969 2187 4040 Ἰωσὴφ
2213 3970 2306 4022 καὶ
2331 3967 2664 4036 Νικόδημος,
2683 3969 2757 4030 ὡς
2782 3968 3095 4040 ἔμπροσθεν
3121 3969 3386 4040 εἴπομεν,
3431 3969 3562 4038 μετὰ

1980 4063 2235 4125 σινδόνος,
2271 4062 2364 4114 καὶ
2403 4059 2646 4128 σμύρνης
2689 4060 2783 4112 κα)⁸
2815 4062 3149 4130 ἀρωμάτων.
3182 4063 3300 4114 Καὶ
3325 4061 3566 4130 προεφή-

1977 4171 2174 4206 τευσαν
2197 4155 2322 4222 περὶ⁴
2340 4151 2434 4204 τοῦ
2463 4152 2833 4222 ἐνταφιασμοῦ
2860 4155 3024 4207 αὑτοῦ
3054 4157 3104 4207 οί
3133 4159 3191 4207 ἐν
3221 4160 3294 4226 τῇ
3319 4155 3569 4225 Βηθλεὲμ

1979 4245 2224 4305 ἐλθόντες
2263 4243 2463 4311 Μάγοι,
2510 4243 2864 4312 γεννηθέντος
2891 4245 3081 4308 αὐτοῦ,
3109 4248 3210 4298 καὶ
3238 4249 3571 4315 κομὲσαντες

1977 4331 2126 4400 αὐτῷ
2159 4331 2250 4384 τόν
2297 4347 2356 4381 τε
2403 4332 2624 4400 χρυσὸν,
2651 4332 2739 4384 τὸν
2761 4331 2998 4397 λίϐανον,
3033 4340 3128 4386 καὶ
3155 4336 3263 4403 τὴν
3301 4338 3572 4406 σμύρναν.

2051 4425 2150 4478 κδ’.
2186 4420 2354 4476 Εἶπον
2399 4425 2446 4476 οἱ
2516 4415 2759 4477 Ἰουδαῖοι
2797 4425 2878 4494 τῷ
2930 4427 3178 4497 Πιλάτῳ,
3242 4447 3262 4480 ι
3300 4431 3573 4483 Κέλευσον

307 4529 485 4571 crum.
520 4533 538 4566 ι
578 4514 642 4568 Ει
678 4515 782 4570 nisi
810 4515 1078 4568 munitum
1115 4516 1308 4570 luisset
1335 4516 1489 4578 illud,
1536 4517 1876 4571 occasionem

1983 4515 2382 4584 ἀσφαλισθῆναι
2417 4513 2505 4568 τὸν
2551 4515 2746 4582 τάφον.
2776 4533 2794 4567 ι
2859 4516 2966 4568 Καὶ
2997 4517 3046 4566 εί
3078 4518 3183 4585 μὲν
3228 4518 3308 4587 μὴ
3345 4516 3573 4587 ἠσφαλί-

311 4608 632 4660 hahuissent
700 4606 1165 4658 resurrectionem
1221 4605 1547 4668 cavillandi,
1605 4606 1873 4673 dicentes,

307 4695 455 4765 quod
493 4710 602 4749 non
633 4695 902 4750 adfuisset
946 4693 1110 4765 digna
1163 4703 1219 4748 et
1277 4695 1554 4749 sulliciens
1604 4697 1874 4751 custodia.

308 4786 514 4841 Verum
571 4799 698 4838 cum
733 4782 1032 4837 omnifaria
1082 4783 1331 4837 custodia
1375 4792 1431 4843 et
1479 4781 1760 4854 diligentia
1791 4785 1878 4840 his

307 4877 606 4932 commissa
646 4875 836 4940 fuerit,
863 4873 1068 4928 nullam
1112 4873 1338 4927 omnino
1384 4875 1726 4929 occasionem
1756 4876 1883 4930 reli-

311 4984 472 5038 quam
528 4967 732 5021 habent
779 4966 1173 5021 resurrectioni
1234 4967 1386 5020 illius
1432 4966 1875 5022 contradicendi.

311 5059 387 5112 ita
421 5060 568 5113 enim
634 5068 694 5112 ut
746 5058 1039 5126 cupiebant
1099 5057 1508 5125 volebantque,
1567 5060 1879 5126 sepulcrum

309 5150 575 5205 custodiri
613 5161 974 5204 curaverunt.
1037 5149 1202 5218 Lapis
1245 5150 1394 5202 enim
1427 5149 1556 5202 huic
1587 5149 1881 5218 impositus

309 5251 395 5294 est
428 5244 639 5309 ingens,
671 5255 828 5308 quem
859 5241 1024 5293 etiam
1051 5240 1231 5308 sigillo
1253 5240 1722 5308 obsignaverunt:
1746 5241 1878 5308 quin

275 5362 278 5366 ~
311 5343 368 5386 et
405 5333 644 5386 militum
678 5339 916 5384 turmam
958 5331 1024 5384 ad
1055 5331 1359 5385 custodiam
1393 5331 1560 5400 hujus
1584 5332 1880 5386 constitue-

313 5433 464 5476 runt.
518 5419 794 5477 Caeterum
845 5432 904 5476 ut
945 5423 1279 5492 ingratorum
1320 5423 1632 5476 Iudaeorum
1672 5423 1878 5477 ell‘rena

314 5513 644 5566 obturentur
680 5512 846 5584 labia,
887 5513 1017 5581 quid
1060 5515 1154 5577 lit,
1207 5522 1262 5566 et
1311 5513 1600 5581 qualenam
1636 5525 1878 5582 tempore

316 5604 742 5657 resurrectionis
806 5602 1011 5661 ChriSti
1063 5603 1250 5659 editur
1285 5604 1654 5658 miraculum?
1698 5606 1879 5659 'l'et-rze

419 5781 460 5809 ¹⁰
499 5780 600 5834 Job
651 5795 870 5844 xxvvm,
909 5781 1058 5834 3-H.
1166 5781 1205 5811 ¹¹
1249 5780 1351 5835 Job
1393 5795 1518 5848 mi,
1567 5781 1672 5834 1-5.

1984 4607 2106 4670 ζετο
2135 4609 2162 4658 ὁ
2195 4607 2386 4672 τάφος,
2421 4601 2567 4675 εἶχον
2614 4607 2681 4659 ἂν
2734 4607 2864 4670 loco;
2899 4608 3181 4676 πρόφασιν
3217 4603 3375 4665 οὗτοι
3422 4626 3573 4667 συκο-

1985 4695 2381 4767 φαντῆσαιτὴν
2421 4698 2724 4750 ἀνάστασιν
2752 4737 2767 4760 ,
2816 4699 3067 4766 λέγοντες
3093 4700 3194 4753 ὅτι(
3239 4703 3349 4754 οὐκ
3401 4703 3576 4768 ἐγένε-

1985 4805 2044 4840 το
2087 4788 2120 4856 ἡ
2177 4789 2532 4857 προσήκουσα
2581 4789 2880 4856 ἀσφάλεια.
2971 4789 3115 4842 Ἀλλ’
3172 4795 3309 4846 ἐπεὶ
3362 4796 3398 4864 ἡ
3434 4797 3578 4846 πάσα

1985 4883 2081 4931 καὶ
2109 4879 2338 4930 παντοία
2385 4878 2630 4949 προσοχὴ
2659 4879 2753 4932 καὶ
2783 4879 3052 4948 ἀσφάλεια
3095 4883 3347 4946 ἐκείνοις
3387 4883 3578 4936 ἔπετὲ-

1981 4985 2231 5037 τραπτο,
2289 4968 2545 5037 οὐδεμίαν
2600 4971 2871 5039 πρόφασιν
2923 4971 3141 5041 ἔχουσιν
3198 4978 3389 5028 είπείν
3446 4977 3582 5036 ὅλως

1984 5059 2238 5128 περὶτῆς
2283 5061 2627 5121 ἀναστάσεως
2654 5061 2747 5112 τοῦ
2794 5063 3051 5131 Χριστοῦ.
3094 5063 3188 5126 Ὠς
3239 5071 3356 5136 γάρ
3388 5067 3579 5138 ᾖθελον

1985 5151 2080 5202 καὶ
2104 5151 2406 5217 ἐϐούλοντο,
2431 5151 2604 5213 οὕτως
2634 5154 2958 5222 ἐποιήσαντο
3006 5158 3097 5207 καὶ
3127 5156 3258 5226 τὴν
3280 5160 3380 5211 τοῦ
3412 5163 3582 5226 τάφου

1985 5243 2303 5308 ἀσφάλειαν.
2336 5243 2492 5302 Λίθος
2527 5243 2634 5313 γὰρ
2656 5244 2816 5314 ἐτέθη
2843 5247 3028 5297 ἐπάνω
3048 5246 3144 5298 τοῦ
3179 5249 3367 5317 τάφου
3408 5253 3583 5319 μέγας

1991 5335 2216 5400 σφόδρα,
2241 5336 2332 5386 καὶ
2357 5335 2611 5404 σφραγῖδι
2629 5335 3030 5404 ὲσφραγίσαντο
3054 5337 3278 5392 τοῦτον.
3315 5343 3427 5393 Καὶ
3454 5343 3585 5407 τάγε

1991 5445 2066 5494 μα
2096 5427 2441 5495 στραιωτῶν
2483 5427 2787 5498 ἐτάχθησαν
2833 5431 2913 5491 είς
2955 5432 3207 5500 φυλακὴν
3258 5437 3361 5488 καὶ
3399 5435 3580 5500 ἀσφά-

1987 5518 2135 5568 λειαν
2187 5517 2390 5571 αὐτοῦ.
2466 5517 2603 5570 Ἀλλ’
2663 5519 2748 5572 ἵνα
2794 5522 3117 5590 ἑμφραγῶσι
3170 5524 3249 5575 τὰ
3309 5525 3580 5577 ἀπύλωτα

1990 5607 2232 5676 στόματα
2269 5608 2378 5662 τῶν
2412 5609 2722 5680 ἀχαρίστων
2759 5611 3046 5680 Ἰουδαίων,
3073 5613 3125 5664 τί
3170 5615 3397 5679 γίνεται
3423 5617 3582 5688 λιταὶ

1784 5783 1826 5814 ²⁹
1868 5780 2008 5837 Psal.
2047 5796 2132 5847 xv,
2181 5782 2264 5835 l0.
