3970 6212
374 358 481 426 489

1329 353 1625 417 CONTRA
1668 348 2159 411 ΜΛΗΟΜΕΤΕΜ
2199 346 2574 409 APOLOGIA
2618 342 2701 407 II.

3507 339 3608 401 490

373 466 529 537 οὗτος
583 474 611 528 6
658 470 913 540 βασιλεὺς
967 470 1061 535 τῆς
1101 468 1294 538 δόξης
1324 467 1433 519 Καὶ
1470 466 1634 517 πάλιν
1669 463 1855 529 ἔλεγον
1891 461 1939 512 οἱ

2059 459 2325 527 ipparuit?
2347 460 2520 512 Homo
2560 456 2649 511 ille
2677 455 3129 526 supernaturalis,
3180 470 3340 523 quem
3398 469 3609 509 assum-

375 567 563 621 ἐπάνω
586 565 767 618 αὐτῶν
811 564 1169 634 βαστάζοντες
1214 562 1303 613 τὶν
1357 559 1561 629 Κύριον
1597 558 1694 625 τῆς
1741 555 1939 620 δόξης,

374 657 472 718 οὓς
499 650 639 707 εἶδεν
674 652 935 722 Ἱεζεκιὴλ
960 654 988 705 6
1030 653 1335 720 προφήτης,
1372 648 1552 707 καθὼς
1599 645 1880 713 μετολίγον
1918 645 1945 695 6

380 747 542 813 λόγος
581 743 836 812 δηλώσει,
868 742 950 794 ὅτι
988 760 1008 792 ι
1041 742 1242 811 Κύριος
1283 738 1543 807 κραταιὸς
1584 737 1676 787 καὶ
1698 734 1940 794 δυνατὸς,

377 839 587 907 Κύριος
613 837 839 899 δυνατὸς
870 837 928 888 ὲν
964 834 1241 903 πολέμῳ.»
1278 832 1375 893 Τίς
1402 829 1535 897 γοῦν
1574 828 1746 896 ἐφάνη
1780 827 1945 877 δυνα-

376 933 471 993 τδς
500 932 557 983 έν
580 930 841 997 πολέμῳ;
884 928 943 980 Ὀ
980 927 1259 995 ἄνθρωπος
1290 925 1318 976 ὁ
1359 923 1496 991 ὑπὲρ
1525 921 1706 988 φύσιν,
1741 920 1800 971 ὃν
1828 920 1946 969 ἁνε-

376 1018 571 1073 λάϐετο
613 1019 642 1069 6
697 1016 821 1078 Υίδς
853 1016 947 1067 καὶ
991 1014 1161 1080 Λόγος
1212 1010 1307 1064 τοῦ
1352 1010 1485 1063 Θεοῦ
1524 1011 1586 1061 ἐκ
1632 1008 1733 1075 τῆς
1784 1006 1945 1071 ἁγίας

377 1111 685 1181 Παρθένου.
732 1109 901 1171 Αὐτὸς
952 1106 1060 1178 γὰρ
1093 1105 1359 1159 κατέλαϐε
1399 1107 1490 1157 τδν
1538 1102 1804 1161 διάϐολον,
1853 1100 1946 1151 καὶ

376 1202 542 1264 αὐτὸς
593 1201 855 1253 κατέλυσε
916 1198 1014 1269 τὴν
1074 1197 1351 1267 βασιλείαν
1408 1195 1503 1248 τοῦ
1551 1195 1820 1255 διαϐόλου,
1880 1192 1945 1258 ἣν

378 1294 692 1346 ἐϐασίλευεν
721 1293 829 1344 ἀπὸ
858 1292 950 1344 τοῦ
993 1292 1169 1359 Ἀδὰμ
1191 1291 1297 1353 ἕως
1326 1290 1417 1342 τοῦ
1447 1288 1710 1358 Χριστοῦο
1746 1285 1947 1354 μᾶλλον

375 1384 434 1435 δὲ
462 1382 690 1451 τάληθὲς
715 1383 909 1444 είπεϊν,
937 1382 1037 1449 τὴν
1069 1380 1363 1449 τυραννίδα
1400 1378 1586 1439 αὑτοῦ,
1619 1376 1685 1446 ἢν
1716 1374 1943 1443 ἐτυράν-

376 1493 463 1528 νει
505 1475 567 1525 τδ
601 1475 757 1540 γένος
805 1473 915 1525 τῶν
968 1471 1295 1537 ἀνθρώπων.
1344 1470 1409 1521 Τί
1467 1470 1575 1538 γὰρ
1632 1466 1800 1531 ξένον,
1861 1466 1948 1516 ἶνα

378 1569 581 1636 νικήσῃ
612 1565 748 1626 Θεὸς
798 1565 889 1617 τὸν
941 1564 1224 1627 διάϐολον;
1283 1563 1505 1623 Πάντως
1563 1560 1737 1612 οὐδέν.
1786 1558 1947 1610 Ἀλλὰ

376 1658 540 1711 τοῦτό
573 1660 690 1710 ἐστι
718 1656 780 1710 τὸ
815 1656 957 1725 μέγα
984 1656 1078 1709 καὶ
1107 1654 1423 1724 θαυμαστὸν
1451 1652 1546 1706 καὶ
1578 1652 1832 1719 ἀγγέλοις
1857 1652 1948 1702 καὶ

374 1750 715 1819 ἀνθρώποις,
751 1749 843 1801 καὶ
875 1748 1013 1816 ὑπὲρ
1052 1746 1149 1816 τὴν
1183 1746 1414 1814 δύναμιν
1458 1744 1555 1813 τῆς
1600 1742 1945 1810 ἀνθρωπίνης

377 1844 621 1913 φύσεως,
644 1843 769 1909 κῐνα
810 1840 1055 1909 δηλονότι
1087 1839 1285 1907 νικήσῃ
1315 1838 1343 1889 6
1381 1834 1670 1902 ἄνθρωπος
1714 1834 1807 1886 τὸν
1835 1833 1948 1886 διά-

376 1935 558 1987 ϐολον.
589 1933 743 1986 Καθδ
787 1932 895 1999 γὰρ
933 1929 1219 1998 ἄνθρωπος
1250 1926 1499 1995 ἐνίκησεν
1525 1927 1552 1975 6
1582 1922 1818 1992 Χριστὸς
1858 1923 1948 1973 τὸν

372 2019 646 2084 διάϐολον,
698 2018 817 2087 οὐχὶ
867 2017 1001 2069 καθὸ
1054 2014 1227 2080 Θεός;
1284 2014 1381 2075 Τίς
1428 2012 1535 2080 γὰρ
1571 2010 1811 2079 πόλεμος
1866 2010 1947 2071 είς

369 2114 540 2177 Θεόν;
576 2112 684 2166 Καὶ
706 2111 734 2162 6
762 2107 993 2178 Χριστὸς
1020 2106 1211 2158 ἕνεκεν
1234 2103 1423 2156 τούτου
1457 2099 1633 2165 εἶπεν,
1667 2103 1749 2153 δτι
1784 2103 1952 2171 «Ἔρ-

374 2216 533 2271 χεται
564 2200 593 2250 6
620 2197 718 2249 τοῦ
764 2198 972 2263 κόσμου
1016 2192 1225 2262 ἄρχων,
1265 2191 1547 2243 τουτέστιν
1599 2192 1627 2242 6
1673 2190 1947 2251 διάϐολος,

382 2294 476 2344 καὶ
506 2293 568 2345 ὲν
588 2290 713 2359 ἐμοὶ
745 2289 845 2340 οὐκ
876 2288 989 2355 ἔχει
1013 2285 1189 2337 οὐδέν.
1228 2302 1245 2335 ο
1288 2284 1491 2349 Ἤγουν
1514 2281 1714 2344 πάντες
1744 2282 1952 2350 ἀνθρω-

391 2399 480 2435 ποι
501 2379 815 2451 ἁμαρτωλοί
847 2380 1007 2441 εἰσιν,
1039 2376 1132 2429 ἐπὶ
1162 2375 1219 2428 δὲ
1256 2373 1351 2426 τοῦ
1391 2372 1625 2443 Χριστοῦ
1657 2373 1757 2425 οὐκ
1806 2368 1951 2440 εἶχεν

395 2475 569 2543 εὑρεῖν
596 2474 750 2542 ἴχνος
794 2471 827 2540 ἢ
864 2468 1154 2538 γνώρισμα
1182 2465 1477 2535 ἁμαρτίας.
1512 2464 1623 2518 Καὶ
1666 2464 1790 2516 ἐπεὶ
1823 2464 1950 2526 τοὺς

394 2565 591 2625 πάντας
617 2561 875 2632 εὕρισκεν
904 2560 1009 2611 ὑπὸ
1028 2559 1129 2627 τῆς
1166 2556 1446 2626 ἁμαρτίας
1478 2555 1946 2627 κεκρατημένους,

388 2656 479 2708 καὶ
537 2655 698 2707 οἱονεὶ
751 2652 1097 2720 δεδεμένους,
1148 2650 1300 2718 ίσχυε
1359 2648 1499 2717 μετὰ
1556 2646 1796 2708 πάντων,
1856 2648 1952 2698 καὶ

383 2746 684 2815 ἐτυράννει.
730 2744 788 2795 ὐ
818 2743 874 2794 δὲ
905 2741 1043 2810 ὑπὲρ
1068 2742 1230 2808 φύσιν
1260 2739 1353 2790 καὶ
1383 2737 1619 2803 ἐξαίσιος
1640 2736 1949 2803 ἄνθρωπος,

379 2836 439 2889 ὃν
466 2835 758 2890 ἀνελάϐττο
781 2835 810 2886 6
830 2832 956 2893 Υἱὸς
978 2830 1070 2883 τοῦ
1102 2828 1259 2893 Θεοῦ,
1282 2827 1529 2896 ἁμαρτίᾳ
1546 2827 1642 2894 οὐχ
1672 2826 1951 2879 ὑπέκειτοο

382 2928 481 2981 καὶ
538 2929 759 2995 ἐνίκησε
800 2927 895 2979 καὶ
940 2924 1205 2976 κατέλυσε
1260 2921 1354 2974 τοῦ
1390 2920 1519 2991 ᾅδου
1556 2919 1625 2972 τὰ
1682 2918 1949 2987 βασίλεια.

380 3023 485 3077 Διά
528 3038 613 3074 τοι
663 3020 820 3073 τοῦτο
872 3020 899 3071 6
958 3013 1295 3087 προφητικὺς
1338 3013 1495 3081 λόγος
1544 3014 1571 3065 6
1627 3011 1824 3080 λέγων,
1869 3012 1949 3064 ὅτι

2046 551 2156 619 psit
2207 550 2379 603 Filius
2424 558 2479 602 et
2528 550 2762 604 Verbum
2815 549 2908 603 Dei
2958 564 3022 602 ex
3070 548 3194 602 diva
3228 547 3478 618 Virgine;
3524 551 3612 605 hic

2045 642 2248 697 etenim
2305 642 2584 696 diabolum
2643 641 2969 703 debellavit,
3030 652 3085 695 et
3142 642 3286 697 illius
3342 642 3614 696 destruxit

2047 751 2296 805 regnum,
2320 749 2432 802 quo
2462 735 2529 788 ab
2562 734 2750 788 Adami
2779 734 3116 802 temporibus
3145 750 3316 803 usque
3354 735 3417 788 ad
3450 735 3614 789 Chri-

2047 836 2191 881 stum
2224 833 2546 895 regnaverat
2585 842 2598 877 :
2646 826 2775 892 quin
2805 833 2860 878 et
2895 826 3233 895 tyrannidem
3287 827 3454 891 illius,
3506 842 3613 896 qua

2047 932 2219 985 genus
2249 917 2546 969 humanum
2577 927 2866 983 presserat,
2891 927 2973 971 est
2998 918 3274 972 amolitus.
3300 918 3437 984 Quid
3468 921 3613 972 enim

2048 1009 2175 1061 novi
2206 1017 2309 1070 est,
2357 1008 2402 1059 si
2456 1007 2599 1060 Deus
2630 1007 2907 1060 diabolum
2940 1009 3152 1063 vincat?
3184 1010 3327 1063 Nihil
3366 1013 3611 1065 omnino.

2050 1100 2247 1153 Verum
2306 1100 2408 1152 hoc
2456 1114 2708 1167 magnum
2750 1108 2805 1152 et
2849 1101 3210 1155 admiratione
3259 1103 3481 1171 dignum
3532 1112 3617 1158 est

2048 1191 2193 1258 apud
2228 1190 2448 1260 angelos
2492 1198 2548 1243 et
2586 1190 2853 1252 homines,
2891 1201 3055 1259 atque
3108 1192 3357 1247 humanas
3410 1209 3617 1249 natum

2048 1285 2347 1355 potentiam
2385 1285 2620 1348 excedit,
2655 1295 2714 1338 ut
2742 1286 2904 1338 homo
2930 1286 3111 1339 vincat
3149 1286 3449 1340 diabolum.
3482 1290 3616 1343 Nam

2050 1377 2350 1432 secundum
2383 1376 2779 1430 humanitatem
2811 1375 3060 1430 Christus
3094 1376 3368 1431 diabolum
3396 1380 3618 1446 devicit,

2050 1484 2159 1521 non
2194 1467 2493 1521 secundum
2524 1467 2887 1520 divinitatem.
2912 1467 3065 1533 Quod
3100 1468 3246 1521 enim
3278 1469 3478 1523 bellum
3504 1484 3624 1527 erat

2052 1569 2241 1613 contra
2274 1558 2480 1612 Deum?
2516 1558 2812 1627 Propterea
2842 1569 2895 1612 et
2922 1559 3176 1613 Christus
3201 1560 3335 1615 dixit
3367 1579 3380 1614 :
3413 1581 3430 1612 ι
3462 1563 3625 1617 Venit

2052 1652 2241 1705 ttttttldi
2294 1652 2550 1721 princeps
2602 1651 2677 1719 (id
2711 1660 2794 1704 est
2842 1651 3138 1717 diabolus),
3182 1655 3325 1707 etin
3383 1670 3467 1708 me
3514 1672 3622 1710 non

2054 1739 2218 1793 habet
2264 1739 2646 1808 quidquam".
2680 1759 2697 1790 ι
2735 1739 2887 1794 Licet
2934 1742 3081 1794 enim
3128 1758 3321 1798 omnes
3376 1745 3627 1801 homines

2051 1844 2368 1902 peccatores
2410 1833 2541 1899 sint,
2584 1832 2637 1886 in
2671 1832 2891 1888 Christo
2929 1843 3107 1891 tamen
3154 1838 3361 1904 peccati
3407 1839 3622 1908 signum

2052 1926 2284 1978 inveni-ri
2341 1940 2449 1979 non
2516 1934 2749 1994 poterat.
2804 1942 2906 1981 nec
2961 1930 3166 1998 peccati
3225 1931 3519 1993 indicium:
3571 1942 3627 1985 ct

2051 2017 2302 2085 quamvis
2334 2032 2524 2071 omnes
2559 2017 3040 2087 deprehemlamur
3070 2036 3095 2071 a
3130 2030 3355 2089 peccato
3392 2022 3539 2085 victi,
3574 2032 3629 2077 et

2052 2107 2203 2176 ligati
2233 2106 2661 2173 quodammodo,
2682 2122 2781 2174 per
2809 2106 2941 2160 illud
2969 2108 3336 2162 roborahatur
3362 2122 3416 2164 et
3445 2119 3630 2181 tyran-

2054 2198 2237 2251 nidem
2280 2197 2601 2256 exercebat;
2642 2197 2804 2249 homo
2839 2206 3020 2249 autem
3061 2198 3150 2251 ille
3194 2203 3630 2266 supernaturalis

2053 2293 2107 2337 et
2143 2283 2466 2351 stupendus,
2497 2299 2659 2351 quem
2703 2284 2869 2337 Filius
2908 2285 3002 2339 Dei
3039 2291 3356 2355 assumpsit,
3400 2302 3629 2359 peccato

2054 2391 2161 2428 non
2194 2374 2295 2428 fuit
2322 2374 2614 2436 obnoxius,
2640 2375 2737 2429 sed
2772 2376 2903 2429 illud
2933 2377 3086 2439 vicit,
3120 2378 3427 2450 infernique
3462 2400 3628 2451 regna

2053 2466 2343 2520 destruxit.
2379 2466 2724 2536 Quapropter
2769 2468 3119 2535 propheticIIs
3154 2471 3258 2525 istc
3296 2488 3498 2539 sermo,
3535 2478 3627 2545 qui

2052 2557 2227 2611 dicit:
2278 2575 2295 2607 ι
2326 2556 2588 2611 Dominus
2618 2557 2773 2612 fortis
2805 2569 2858 2613 et
2890 2570 3104 2628 potens,
3146 2563 3409 2621 Doininn.
3439 2576 3631 2635 potem

2056 2648 2109 2702 in
2160 2647 2326 2707 bello,
2374 2667 2391 2698 ι
2446 2649 2690 2702 ostendit
2737 2650 2917 2718 ipsum
2970 2652 3270 2707 hominem.
3315 2655 3450 2709 Cum
3501 2675 3631 2713 vero

2056 2741 2230 2795 dicit:
2266 2760 2282 2790 ι
2320 2740 2584 2795 Dominus
2610 2741 2896 2802 virtutum.
2924 2742 3012 2797 hic
3034 2756 3116 2798 est
3140 2745 3227 2798 ille
3255 2762 3347 2800 rex
3372 2749 3575 2817 glorize,
3609 2769 3626 2801 ι

2056 2831 2297 2886 ostendit
2347 2832 2521 2901 ipsum
2579 2832 2768 2886 Deum.
2823 2834 3065 2889 Virtutes
3116 2838 3262 2891 enim
3311 2840 3630 2909 angelorum

2056 2921 2312 2976 cohortes
2336 2930 2483 2975 sunt.
2507 2921 2641 2987 Quis
2670 2932 2849 2976 autem
2878 2924 3192 2992 angelorum
3228 2926 3489 2980 Dominus
3513 2928 3635 2981 est?

2056 3014 2200 3068 Deus
2230 3014 2514 3067 nimirum.
2548 3013 2716 3068 Vides
2751 3018 3028 3084 quomodo
3066 3032 3234 3069 unum
3269 3018 3635 3088 eumdemque

388 3131 410 3165 ι
452 3112 656 3181 Κύριος
682 3110 941 3179 κραταιὸς
976 3110 1070 3160 καὶ
1098 3105 1345 3169 δυνατὸς,
1396 3105 1601 3173 Κύριος
1633 3104 1855 3166 δυνατὸς
1890 3105 1947 3157 ἐν

2059 3106 2262 3175 angeli,
2288 3114 2343 3160 et
2372 3120 2564 3159 omnes
2591 3105 2873 3173 propheta:
2896 3117 3022 3159 ante
3048 3110 3453 3176 generationem
3487 3111 3635 3164 illius

383 3207 631 3275 πολέμῳ,
669 3222 688 3255 ι
718 3203 923 3267 ἔδειξεν
980 3200 1142 3254 αὐτὸν
1183 3197 1488 3268 ἄνθρωπον.
1542 3196 1628 3249 Ἐν
1661 3196 1717 3249 δὲ
1748 3195 1826 3266 τῷ
1878 3198 1956 3249 εί-

385 3298 531 3358 πεῐν,
571 3296 652 3346 ὃτι
688 3292 934 3363 «Κύριος
990 3290 1101 3343 τῶν
1157 3287 1461 3357 δυνάμεων,
1519 3285 1683 3347 αὐτός
1736 3286 1883 3338 ἐστιν
1932 3288 1961 3339 6

387 3386 647 3457 βασιλεὺς
684 3386 779 3454 τῆς
829 3366 1006 3452 δόξης,
1043 3400 1060 3434 ι
1116 3379 1315 3444 ἔδειξεν
1361 3378 1523 3433 αὑτὸν
1563 3377 1718 3433 Θεόν.
1754 3378 1819 3430 At
1849 3378 1959 3448 γὰρ

384 3478 643 3547 δυνάμεις
665 3476 845 3541 τάξεις
874 3473 1120 3541 ἀγγέλων
1147 3472 1304 3525 είσίν.
1335 3470 1430 3534 Τίς
1452 3469 1583 3538 γοῦν
1612 3472 1729 3523 ἐστι
1755 3469 1959 3541 Κύριος

389 3571 503 3622 τῶν
532 3567 810 3634 ἀγγέλωνς
855 3565 913 3617 '0
938 3566 1093 3628 θεός.
1128 3560 1280 3626 Εἶδες
1313 3563 1430 3626 πῶς
1457 3563 1547 3615 τὸν
1571 3561 1734 3614 αὐτὸν
1768 3562 1959 3628 ελεγον

387 3663 440 3713 ot
474 3658 692 3727 ἄγγελοι
721 3658 815 3711 καὶ
850 3658 1048 3720 πάντες
1102 3656 1153 3709 οἱ
1184 3656 1459 3727 προφῆται
1494 3654 1600 3723 πρὸ
1641 3654 1741 3724 τῆς
1767 3655 1960 3723 γεννή-

393 3767 533 3811 σεως
564 3749 749 3812 αὑτοῦ,
790 3750 886 3802 καὶ
921 3747 1061 3813 μετὰ
1097 3748 1197 3816 τὴν
1240 3745 1514 3813 γέννησιν,
1555 3746 1612 3796 ὲν
1640 3745 1717 3812 τῷ
1744 3745 1961 3813 θανάτεμ

390 3839 560 3893 αὐτοῦ
594 3840 691 3892 καὶ
723 3838 861 3905 μετὰ
902 3836 999 3904 τὴν
1030 3836 1325 3888 ἀνάστασιν
1363 3832 1495 3884 Θεόν
1523 3849 1582 3886 τε
1611 3833 1705 3884 καὶ
1747 3830 1963 3899 ἀνθρω-

391 3947 529 3996 nov;
568 3931 628 3982 ’0
661 3931 717 3982 δέ
736 3945 798 3997 γε
838 3927 1099 3996 Ἰεζεκιὴλ
1130 3926 1328 3979 οὑτωσί
1360 3942 1549 3994 φησιν,
1584 3942 1601 3975 ι
1642 3923 1783 3991 Ἐγὼ
1813 3925 1961 3994 ήμην

392 4030 453 4078 ὲν
488 4026 635 4094 μέσῳ
658 4026 756 4092 τῆς
781 4020 1156 4090 αἰχμαλωσίας
1191 4019 1283 4070 ἐπὶ
1314 4017 1406 4071 τοῦ
1437 4015 1688 4085 ποταμοῦ
1724 4018 1817 4069 τοῦ
1846 4017 1953 4086 Χο-

391 4121 525 4187 ϐὰρ,
558 4120 653 4170 καὶ
701 4112 1049 4184 ἀνεῴχθησαν
1083 4112 1130 4163 oi
1176 4111 1415 4178 οὐρανοὶ,
1448 4108 1541 4161 καὶ
1584 4104 1721 4159 εἶδον
1771 4107 1963 4175 ὅρασιν

391 4211 557 4270 Θεοῦ,
617 4208 710 4275 καὶ
744 4206 959 4271 ἐγένετο
1004 4205 1090 4256 ἐπ’
1122 4203 1220 4271 ἐμὲ
1264 4203 1384 4271 χεὶρ
1420 4201 1650 4269 Κυρίου,
1704 4202 1798 4251 καὶ
1826 4194 1964 4251 εἶδον

390 4303 626 4370 νεφέλην
659 4298 922 4365 μεγάλην,
954 4296 1045 4347 καὶ
1082 4295 1283 4362 φέγγος
1321 4292 1525 4362 κύκλῳ,
1577 4292 1670 4345 καὶ
1701 4291 1813 4361 πῦρ
1839 4292 1963 4357 ἑξα-

392 4391 696 4459 στράπτον,
747 4389 841 4439 καὶ
884 4387 941 4436 ὲν
976 4384 1055 4452 τῷ
1100 4383 1249 4452 μέσῳ
1280 4381 1354 4443 ὡς
1391 4380 1646 4448 ὁμοίωμα
1678 4380 1963 4448 τεσσάρων

2060 3206 2114 3251 et
2146 3206 2269 3266 post
2300 3198 2469 3261 illam,
2511 3197 2565 3249 in
2600 3206 2776 3250 morte
2845 3198 2992 3253 illius
3027 3208 3082 3253 et
3125 3210 3245 3268 post
3277 3203 3634 3256 resurrectio-

2060 3303 2208 3355 nem,
2244 3299 2297 3343 et
2344 3290 2515 3343 Deum
2556 3297 2612 3343 et
2648 3288 2923 3344 hominem
2956 3290 3344 3359 prmdicarint?
3386 3294 3634 3349 Ezechiel

2062 3370 2227 3450 perro
2270 3381 2351 3435 sic
2383 3380 2555 3434 dicit:
2595 3399 2613 3430 ι
2651 3380 2765 3449 Ego
2797 3395 2945 3433 eram
2997 3381 3047 3434 in
3085 3383 3269 3435 medio
3305 3384 3637 3452 captivitatis

2058 3475 2209 3543 juxta
2249 3473 2477 3526 ﬂuvium
2508 3473 2764 3536 Chobar;
2796 3482 2850 3525 et
2881 3473 3054 3542 aperti
3100 3485 3227 3527 sunt
3269 3476 3411 3535 εαξη.
3441 3486 3493 3528 et
3527 3478 3637 3531 vidi

2060 3566 2329 3620 visionem
2363 3566 2480 3631 Dei,
2505 3576 2560 3619 et
2588 3565 2726 3620 facta
2755 3572 2838 3617 est
2866 3580 3033 3632 super
3062 3580 3147 3617 me
3175 3581 3368 3618 manus
3399 3568 3634 3622 Domini.

2063 3656 2130 3710 Et
2162 3655 2275 3709 vidi
2324 3656 2526 3709 nubem
2582 3669 2856 3723 magnam,
2904 3665 2959 3707 et
3009 3654 3268 3723 splendor
3308 3656 3361 3709 iu
3404 3657 3637 3711 circuitu

2066 3749 2238 3819 ipsius
2272 3757 2328 3804 et
2370 3748 2511 3819 ignis
2555 3747 2858 3818 fulgurans.
2908 3747 2975 3801 Et
3011 3748 3062 3801 in
3111 3748 3291 3802 medio
3330 3757 3444 3802 erat
3484 3753 3636 3818 quasi

2065 3840 2372 3895 similitudo
2406 3850 2642 3909 quatuor
2688 3839 3032 3899 animalium,
3083 3848 3138 3892 et
3191 3840 3487 3909 unicuique
3541 3842 3640 3895 ala:

2064 3942 2321 4002 quatuor,
2367 3940 2423 3985 et
2470 3931 2720 3986 scintillae
2772 3932 2923 4000 quasi
2978 3948 3051 3985 a-s
3098 3931 3398 4001 fulgurans,
3434 3933 3641 4001 alasque

2065 4024 2284 4077 illorum
2323 4023 2552 4077 celeres.
2589 4023 2656 4077 Et
2697 4023 3001 4076 similitudo
3030 4039 3195 4092 super
3228 4032 3391 4091 caput
3435 4022 3642 4078 anima-

2066 4116 2197 4167 lium
2228 4114 2382 4183 quasi
2419 4114 2845 4177 ﬁrmamentum,
2879 4112 3037 4181 quasi
3074 4112 3212 4166 visio
3242 4114 3479 4183 crystalli
3512 4114 3641 4168 hor-

2068 4207 2245 4261 rendi.
2309 4207 2375 4259 Et
2440 4220 2601 4273 super
2651 4205 3054 4257 firmamentum
3102 4206 3246 4272 quod
3301 4214 3420 4259 erat
3473 4220 3643 4275 super

2066 4310 2229 4368 caput
2264 4299 2507 4360 illorum,
2549 4310 2803 4365 tanquam
2852 4296 3156 4349 similitudo
3211 4297 3393 4350 throni
3446 4297 3639 4360 ineo;

2067 4401 2119 4446 et
2152 4407 2317 4460 supra
2352 4391 2530 4442 throni
2588 4387 2998 4442 similitudinem
3040 4399 3294 4458 tanquam
3340 4390 3641 4445 similitudo

390 4453 577 4545 ζήλων,
603 4479 696 4531 καὶ
723 4477 989 4546 τέσσαρες
1019 4474 1289 4543 πτέρυγες
1312 4471 1388 4539 τῷ
1417 4471 1517 4534 ἐνὶ,
1542 4470 1637 4523 καὶ
1668 4469 1954 4539 σπινθῆρες

2072 4482 2309 4536 hominis
2348 4480 2616 4533 insidens.
2665 4478 2733 4533 Et
2777 4479 2885 4533 νὶιίὶ
2927 4495 3027 4533 ceu
3059 4481 3325 4534 visionem
3378 4480 3517 4550 ignis
3556 4482 3642 4535 in-

390 4575 472 4633 ὼς
502 4568 895 4638 ἐξαστράπτων
935 4564 1155 4634 χαλκὸς,
1204 4564 1301 4617 καὶ
1343 4562 1575 4630 ἐλαφραὶ
1605 4560 1661 4612 al
1695 4560 1961 4627 πτέρυγες

390 4662 604 4725 αὐτῶν,
640 4659 734 4710 καὶ
755 4657 1008 4725 ὁμοίωμα
1033 4656 1171 4724 ὑπὲρ
1194 4652 1438 4721 κεφαλῆς
1472 4653 1582 4707 τῶν
1616 4650 1791 4715 ζώων,
1832 4650 1964 4704 ὡσεὶ

2072 4574 2347 4626 trinsecus
2380 4569 2433 4623 in
2467 4570 2615 4624 eo“.
2650 4589 2667 4617 ι
2712 4569 2774 4623 Et
2811 4569 2939 4623 licet.
2974 4585 3213 4639 prmsens
3251 4569 3365 4624 haec
3401 4571 3643 4641 prephe-

2071 4665 2167 4728 tia,
2200 4664 2442 4733 copiosa,
2468 4676 2659 4732 magna
2691 4671 2743 4715 et
2770 4660 3087 4715 admiranda
3109 4661 3199 4723 sit,
3231 4678 3390 4730 quam
3419 4672 3643 4732 propter

393 4752 709 4821 στερέωμα,
775 4749 850 4810 ὡς
910 4748 1100 4817 ὅρασις
1157 4744 1496 4813 κρυστάλλου
1540 4741 1812 4812 φοϐεροῦ,
1872 4744 1954 4795 κατ

2075 4757 2362 4825 scriptura:
2426 4764 2481 4808 et
2540 4755 3007 4822 interpretationis
3066 4754 3275 4818 copiam
3335 4754 3640 4817 omisimus,

393 4844 657 4914 ὑπεράνω
686 4842 779 4895 τοῦ
816 4840 1194 4910 οτερεὼματος
1223 4837 1316 4890 τοῦ
1348 4838 1484 4905 ὑπὲρ
1514 4834 1765 4905 κεφαλῆς
1786 4835 1967 4888 αὐτῶν

392 4940 476 4998 ὡς
512 4937 764 5004 ὁμοίωμα
790 4932 981 5001 θρόνου
1008 4930 1097 4981 ἐπ’
1127 4928 1301 4997 αὐτῷ,
1331 4930 1425 4981 καὶ
1453 4929 1547 4981 ἐπὶ
1568 4926 1662 4979 τοῦ
1685 4926 1969 4995 ὁμοιώμα-

393 5048 491 5091 τος
515 5027 610 5080 τοῦ
642 5027 832 5095 θρόνου
867 5024 1121 5093 ὁμοίωμα
1153 5021 1229 5083 ὡς
1254 5017 1393 5080 εἶδος
1418 5017 1704 5085 ἀνθρώπου
1732 5016 1961 5070 ἄνωθεν.

2076 4858 2256 4901 tamen
2303 4854 2425 4899 utut
2483 4846 2596 4898 haec
2639 4844 2769 4908 sint,
2804 4845 2905 4898 hoc
2946 4844 3119 4897 solum
3158 4844 3462 4905 considera,
3499 4846 3641 4913 quod

2075 4950 2315 5008 quatuor
2359 4937 2609 4993 animalia
2652 4937 2793 5004 (quas
2828 4943 2974 4989 vates
3019 4936 3157 4987 alata
3197 4936 3329 4988 dicit
3377 4936 3425 4988 al
3453 4952 3478 4989 s
3508 4952 3644 5005 qua—

2079 5039 2223 5091 tuor,
2263 5036 2318 5081 et
2365 5027 2646 5096 suhjungit
2700 5025 3022 5094 posteazEt
3076 5027 3295 5089 reliqum
3344 5027 3462 5079 dure
3514 5044 3645 5081 con-

395 5126 514 5178 Kai.
536 5120 676 5174 εἶδον
713 5119 788 5181 ὡς
817 5119 1007 5185 ὅρασιν
1041 5116 1210 5183 πυρὸς
1239 5111 1442 5164 ἔσωθεν
1464 5110 1651 5164 αὑτοῦ.
1688 5129 1708 5161 ι
1754 5111 1863 5162 Καὶ
1885 5112 1954 5161 ὅτι

2071 5119 2275 5188 juncta!
2305 5117 2369 5170 ad
2403 5118 2684 5183 invicem),
2716 5131 2907 5184 magna
2947 5114 3035 5169 illa
3083 5116 3397 5185 angelorum
3446 5120 3646 5171 cohors

397 5218 564 5289 μὲνὴ
603 5211 852 5282 παροῦσα
902 5208 1209 5279 προφητεία
1269 5205 1439 5274 πολλὴ
1489 5209 1583 5257 καὶ
1618 5203 1831 5271 μεγάλη
1877 5203 1972 5255 καὶ

395 5308 695 5375 θαυμαστή
744 5306 914 5368 ἐστιν,
947 5302 1141 5371 ἥντινα
1191 5297 1481 5351 κατέλιπον
1522 5297 1609 5348 διὰ
1654 5297 1714 5347 τὸ
1762 5294 1970 5363 πλῆθος

2079 5220 2185 5273 est,
2216 5223 2335 5277 quae
2388 5223 2485 5276 per
2524 5217 2692 5263 totam
2725 5206 3063 5275 Scripturam
3098 5222 3306 5259 sacram
3358 5204 3644 5275 Seraphim

2080 5298 2300 5351 dicitur.
2339 5296 2517 5365 Super
2545 5307 2706 5364 caput
2737 5306 2918 5350 autem
2966 5296 3160 5349 horum
3206 5296 3337 5349 vidit
3382 5298 3646 5365 propheta

393 5405 503 5471 τῆς
550 5400 805 5467 γραφῆς,
858 5400 951 5448 καὶ
1005 5395 1066 5446 τὸ
1112 5392 1247 5446 πολὺ
1298 5394 1395 5460 τῆς
1451 5391 1772 5460 ἑρμηνείας,
1811 5390 1954 5441 τοῦτ(

2077 5388 2494 5444 similitudinem
2548 5388 2755 5453 throni,
2792 5400 2848 5441 et
2888 5403 3051 5457 super
3094 5387 3346 5440 thronum
3395 5387 3649 5440 siniilitu:

393 5489 647 5544 τοιοῦτον
686 5490 855 5540 ἐστιν.
900 5486 1063 5537 Ἀλλὰ
1114 5484 1272 5536 τοῦτο
1312 5485 1473 5552 μόνον
1509 5483 1725 5550 σκέψαι,
1775 5484 1855 5534 ὄτι
1901 5488 1968 5534 τά

395 5582 651 5650 τέσσαρα
682 5578 838 5642 ζῶα,
892 5576 1047 5629 ἅτινα
1097 5578 1246 5643 λέγει
1293 5577 1321 5625 ὁ
1374 5575 1662 5643 προφήτης
1714 5572 1971 5643 πτερωτὰ

478 5764 522 5796 ⁸⁸
560 5761 721 5817 Jean.
762 5774 871 5821 xiv,
904 5757 993 5811 30.
1072 5757 1117 5789 ²¹
1162 5756 1360 5810 Ezech.
1408 5772 1447 5822 ι,
1488 5758 1509 5810 1
1548 5771 1700 5825 seqq.

747 5854 1015 5914 ΡΑτιιοι.
1063 5852 1181 5911 GR.
1230 5851 1424 5913 CLIV.

2079 5483 2262 5536 dinem
2320 5483 2575 5536 hominis.
2622 5481 2782 5549 Atqui
2842 5482 2943 5535 hoc
3010 5497 3140 5533 sane
3196 5479 3648 5547 interpretatione

2078 5570 2307 5640 indiget.
2352 5570 2484 5636 Quis
2532 5572 2675 5626 enim
2726 5572 2813 5625 ille
2863 5572 3022 5625 homo
3052 5580 3153 5635 est,
3218 5584 3379 5637 quem
3429 5568 3644 5642 maximi

3262 5846 3334 5906 16
