3970 6212
372 325 477 388 493

1316 320 1616 380 CONTRA
1655 317 2141 380 MAllOMETEM
2182 321 2559 384 APOLOGIA
2599 322 2626 381 Ι
2639 321 2684 380 Ι.

3507 315 3628 388 4'96

369 445 580 507 πεσεῖν,
621 441 764 497 διατι
803 442 888 495 ἵνα
920 439 1122 512 ποιήσῃ
1153 439 1354 506 αὐτόνς
1398 439 1510 493 Καὶ
1562 438 1696 508 μεθὸ
1720 453 1930 509 τραχη-

2056 469 2244 526 :atum,
2282 462 2375 530 qui
2409 470 2701 530 peccantes
2730 456 3000 528 privantu!
3044 455 3214 527 gloria
3251 455 3346 510 Dei
3383 464 3615 526 etpara—

364 539 557 599 λιάσας
600 535 740 589 κατά
792 533 886 588 τοῦ
939 532 1098 598 Θεοῦ,
1143 533 1263 586 ἀντὶ
1321 531 1555 600 ἀγγέλου
1609 532 1706 584 καὶ
1758 530 1938 597 φωτὸς

367 629 587 697 ἐγένετο
646 627 834 688 σκότος
890 627 984 677 καὶ
1016 623 1286 686 διάϐολος.
1339 623 1464 686 Πῶς
1498 622 1650 676 οὐδὲν
1685 622 1937 692 ἔφθειρεν

363 720 532 776 αὑτὸν
563 721 592 772 6
624 719 779 782 Θεὸς,
811 718 926 771 ἀλλ’
951 717 1132 770 είασεν
1165 716 1351 778 αὑτὸν,
1399 715 1494 768 καὶ
1527 717 1816 784 ἀπατήσας
1845 714 1938 767 τὸν

380 813 579 880 Ἀ’δάμ,
616 810 896 880 ἀπέστησε
945 809 1038 860 καὶ
1069 807 1231 861 αὐτὸν
1263 806 1484 877 μακράν
1517 823 1618 858 που
1653 807 1746 860 τοῦ
1778 805 1936 870 Θεοῦ,

368 905 467 958 καὶ
492 903 575 956 ἔτι
603 902 896 971 παρακινεῖ
924 899 1129 962 πάντας
1159 898 1485 968 ἀνθρώπους
1527 899 1608 960 είς
1647 897 1707 950 τὸ
1755 898 1936 967 ἁμαρ-

366 996 573 1056 τάνειν,
603 994 700 1047 καὶ
726 991 1134 1062 ἁμαρτάνοντες
1169 993 1489 1058 στεροῦνται
1522 990 1618 1060 τῆς
1661 989 1818 1056 δόξης
1843 988 1939 1041 τοῦ

366 1086 533 1152 Θεοῦ,
572 1083 784 1139 καὶτοῦ
821 1082 1192 1151 παραδείσους
1234 1083 1344 1135 Καὶ
1375 1082 1509 1135 ἄλλα
1550 1082 1721 1151 μυρία
1761 1082 1939 1134 ἄτοπα

366 1182 463 1235 καὶ
498 1179 646 1233 κακά
680 1178 964 1245 μέλλουσιν
996 1173 1318 1242 ἀνακύψειν,
1349 1175 1466 1236 ὲνδς
1503 1174 1706 1227 ἀτόπου
1756 1171 1939 1224 δοθέν-

362 1289 482 1335 τος.
537 1271 637 1322 Διά
681 1269 839 1321 τοῦτό
874 1270 989 1320 ἔστι
1027 1268 1258 1328 δίκαιον,
1295 1266 1383 1318 ἴνα
1419 1265 1600 1319 πίστει
1651 1262 1938 1334 δεχώμιθα

363 1363 438 1416 τὰ
468 1363 622 1432 παρὰ
653 1360 749 1414 τοῦ
797 1358 930 1413 Θεοῦ
965 1359 1355 1428 πεπραγμένα,
1409 1359 1501 1409 καὶ
1545 1358 1645 1410 οὐκ
1691 1358 1939 1423 ἐξετάσει

363 1459 463 1510 καὶ
494 1451 997 1525 πολυπραγμοσύνῃ
1030 1451 1264 1519 διδῶμεν
1297 1448 1460 1503 αὐτά.
1495 1449 1639 1502 Ἀλλ’
1679 1451 1826 1518 ὅμως
1854 1449 1942 1503 διὰ

364 1555 429 1607 τὸ
453 1550 589 1604 πολύ
619 1566 714 1602 σου
751 1548 1041 1618 περίεργον
1088 1548 1333 1614 εἴπωμεν
1363 1545 1624 1613 λογισμόν
1659 1562 1780 1596 τινα
1813 1545 1942 1612 περὶ

365 1645 598 1698 τούτοιν
631 1643 728 1695 καὶ
765 1644 815 1693 εί
845 1641 1029 1710 ἔχεται
1059 1640 1159 1706 τῆς
1199 1639 1482 1706 ἀληθείας,
1517 1637 1645 1701 δόξα
1685 1635 1764 1704 τῷ
1801 1635 1942 1704 ἁγίῳ

365 1736 521 1804 Θεῷ⁹
557 1735 606 1786 εί
655 1733 699 1785 δ’
751 1727 866 1796 οὖν,
898 1729 1198 1799 ἀπέμεινεν
1247 1728 1325 1790 εἰς
1371 1728 1580 1778 ἐκεῖνον
1624 1725 1714 1777 τὸν
1777 1725 1940 1792 μόνον

365 1829 712 1897 γινώσκοντα
741 1829 838 1894 τὴν
865 1825 1048 1876 πᾶσαν
1082 1820 1362 1890 ἀλήθειαν.
1396 1817 1601 1886 Γράφει
1624 1818 1651 1868 6
1681 1816 1944 1882 Μωῦσῆς,

374 1924 576 1996 μᾶλλον
604 1919 663 1973 δὲ
689 1919 835 1986 λέγει
858 1917 885 1967 6
908 1917 1039 1979 Θεὸς
1069 1915 1156 1968 διά
1183 1912 1278 1966 τοῦ
1301 1911 1584 1973 Μοῦσέως,
1609 1909 1690 1962 ὅτι
1723 1926 1741 1959 ι
1779 1911 1942 1976 Ἀγα-

371 2017 575 2083 πήσεις
609 2010 811 2080 Κύριον
837 2009 928 2060 τὸν
956 2007 1090 2060 Θεόν
1116 2023 1212 2059 σου
1239 2005 1299 2068 ἐξ
1327 2004 1455 2072 ὅλης
1485 2001 1583 2070 τῆς
1615 1999 1794 2070 ψυχῆς
1825 2016 1944 2062 σου,

373 2103 462 2155 καὶ
488 2102 549 2165 ἐξ
576 2099 706 2167 ὅλης
731 2097 830 2166 τῆς
854 2095 1096 2157 διανοίας
1121 2084 1238 2159 σοῦ,
1268 2092 1363 2145 καὶ
1391 2092 1447 2157 ἐξ
1483 2091 1610 2160 ὅλης
1635 2093 1732 2158 τῆς
1765 2087 1946 2156 ίσχὺος

380 2210 491 2247 σου.
524 2211 544 2244 ι
585 2193 751 2258 Λέγει
775 2191 803 2240 ὁ
834 2189 1068 2257 Χριστὸς
1094 2189 1150 2238 ἐν
1181 2186 1256 2255 τῷ
1291 2183 1628 2252 Εὑαγγελίῳ,
1667 2199 1686 2232 ι
1729 2180 1787 2232 '0
1813 2182 1948 2247 ἀγα-

387 2286 496 2339 πῶν
532 2301 598 2354 με
641 2281 1064 2350 ἀγαπηθήσεται
1098 2277 1202 2330 ὑπὸ
1227 2276 1320 2329 τοῦ
1356 2275 1568 2344 Πατρός
1593 2290 1749 2343 μου.»
1787 2274 1949 2341 Λέγει

397 2378 639 2439 Ἦσαῖας,
671 2395 689 2427 ι
719 2373 857 2426 Τάδε
888 2372 1037 2440 λέγει
1069 2372 1268 2440 Κύριος
1293 2410 1307 2423 .
1367 2369 1458 2437 Μὴ
1506 2365 1642 2435 γυνὴ
1692 2366 1946 2434 ἐπιλήσε-

403 2470 562 2521 ταιτὲ
586 2468 785 2534 ἔκγονα
809 2464 976 2534 αὐτῆς
999 2480 1016 2495 ’
1044 2465 1091 2514 εἰ
1114 2461 1170 2514 δὲ
1192 2463 1283 2514 καὶ
1314 2458 1450 2527 γυνὴ
1474 2459 1813 2527 ἐπιλήσεται,
1838 2455 1950 2522 ἐγὼ

397 2562 489 2614 οὒκ
515 2561 855 2629 ἐπιλήσομαι,
894 2555 1042 2621 λέγει
1086 2552 1341 2621 Κύριος.»
1383 2550 1489 2601 Καὶ
1519 2547 1689 2610 οὕτως
1726 2548 1874 2599 ἐστὶν
1913 2547 1946 2616 ἡ

392 2653 630 2724 ἀλήθεια.
678 2649 852 2718 ’Υπὲρ
908 2646 1117 2716 μητέρα
1157 2644 1246 2695 καὶ
1288 2641 1500 2710 πατέρα
1541 2639 1950 2710 μυριοπλασίως

387 2747 574 2814 ἀγαπᾷ
605 2745 633 2795 6
656 2742 784 2803 Θεὸς
814 2739 905 2792 τὸν
922 2736 1226 2806 ἄνθρωπον,
1250 2732 1645 2800 καὶξὲπέκεινα.
1667 2728 1764 2782 Διὰ
1795 2730 1950 2782 τοῦτο

381 2837 586 2905 ὀφείλει
603 2835 708 2895 πᾶς
723 2831 1003 2899 ἀνθρώπος
1021 2828 1159 2895 ὑπὲρ
1185 2825 1416 2891 πατέρα,
1439 2822 1676 2890 μητέρα,
1694 2823 1948 2888 γυναῖκα,

381 2928 573 2986 τέχνα,
603 2922 888 2989 ἀδελφοὺς,
923 2918 1059 2972 ἀλλά
1093 2919 1188 2970 καὶ
1232 2916 1402 2982 αὐτὴν
1446 2913 1542 2982 τὴν
1566 2911 1768 2982 ψυχὴν,
1810 2913 1948 2977 ἀγα·-

2040 549 2201 604 diso?
2228 549 2332 603 Sed
2369 558 2427 602 et
2461 548 2562 601 alia
2602 546 2835 613 plurima
2873 545 3108 598 absurda
3146 545 3393 614 malaque
3433 557 3612 597 emer-

2040 655 2165 693 sura
2196 649 2345 700 sunt,
2386 641 2431 701 si
2457 653 2626 691 unum
2649 636 2872 706 aliquod
2911 635 3212 690 absurdum
3254 633 3607 690 concedatur.

2039 737 2207 789 Decet
2257 734 2419 802 igitur
2463 741 2521 786 ut
2566 747 2664 802 per
2705 731 2865 784 ﬁdem
2909 730 3275 799 suscipiamus
3318 743 3381 784 ea
3415 745 3536 797 qua:
3576 743 3606 780 a

2042 825 2153 880 Deo
2232 824 2372 880 facta
2435 833 2601 890 sunt,
2662 839 2765 878 nec
2845 837 2910 877 ea
2981 820 3325 891 inquisitioni
3395 828 3451 874 et
3510 834 3608 872 cu-

2043 916 2270 970 riositati
2320 925 2524 971 nostra:
2551 914 2954 986 permittamus.
2990 913 3218 982 Propter
3262 911 3484 965 nimiam
3521 920 3608 964 ta-

2042 1022 2164 1060 men
2226 992 2610 1059 curiositatem.
2635 1012 2804 1070 tuam,
2840 1004 3108 1058 rationem
3159 1000 3608 1072 aliquambujus

2041 1097 2364 1162 aﬂcremus;
2397 1112 2519 1166 quae
2547 1096 2595 1150 si
2627 1095 2844 1150 veritati
2874 1095 3041 1149 fuerit
3076 1102 3468 1154 consentanea,
3497 1092 3610 1161 glo—

2042 1188 2121 1241 ria
2151 1188 2222 1241 sit
2263 1196 2320 1241 et
2361 1188 2478 1242 laus
2521 1187 2632 1241 Deo
2674 1186 3062 1250 sanctissimo;
3111 1168 3165 1239 in
3210 1183 3360 1237 hunc
3401 1183 3605 1252 quippe

2041 1277 2217 1331 solum
2251 1276 2559 1338 referenda,
2595 1276 2690 1346 qui
2745 1276 3029 1329 veritatem
3059 1290 3278 1328 omnem
3331 1274 3609 1342 cognovit.

2043 1367 2223 1421 Moses
2249 1367 2462 1428 scribit,
2494 1366 2628 1435 quin
2661 1365 2844 1434 potius
2891 1365 3037 1418 Deus
3071 1379 3166 1432 per
3195 1362 3396 1416 Mosen)
3431 1362 3614 1430 loqui.

2045 1467 2132 1511 tur
2169 1475 2180 1509 :
2229 1476 2244 1508 ι
2284 1458 2482 1528 Diliges
2505 1457 2791 1512 Dominum
2821 1457 2989 1511 Deum
3021 1465 3171 1510 tuum
3196 1470 3264 1508 ex
3297 1462 3405 1508 tota
3434 1452 3614 1508 anima

2045 1563 2161 1616 tua,
2197 1562 2253 1606 et
2309 1569 2371 1605 ex
2406 1562 2515 1606 tota
2555 1554 2882 1621 cogitatione
2911 1565 3025 1615 tua,
3067 1561 3122 1605 et
3147 1567 3211 1605 ex
3245 1550 3375 1606 totis
3405 1550 3617 1604 viribus

2047 1642 2154 1696 tuis
2181 1630 2252 1697 “.h
2288 1663 2304 1694 ι
2346 1642 2449 1697 Sed
2483 1657 2537 1696 et
2557 1643 2814 1698 Christus
2867 1643 2921 1697 in
2954 1643 3247 1712 Evangelio
3275 1641 3406 1696 dicit
3433 1659 3478 1695 ιι
3513 1642 3616 1706 Qui

2048 1717 2360 1799 diligifme,
2399 1735 2658 1804 diligetur
2684 1732 2891 1788 aPatre
2932 1749 3052 1786 meo
3087 1732 3153 1787 ”.
3198 1752 3217 1785 ι
3259 1731 3388 1786 ltum
3416 1732 3616 1787 Isaias:

2053 1843 2071 1874 ι
2113 1824 2239 1881 Haec
2281 1827 2419 1880 dicit
2462 1826 2761 1881 Dominus:
2816 1825 2959 1880 Num
2999 1824 3364 1879 obliviscetur
3423 1823 3621 1877 mulier

2047 1916 2345 1970 liberorum
2380 1919 2649 1974 suorum?
2677 1918 3062 1974 Verumtamen
3085 1925 3142 1970 et
3183 1917 3228 1972 si
3254 1916 3616 1971 obliviscatur

2049 2009 2268 2074 mulier,
2316 2023 2417 2076 ego
2463 2019 2644 2064 tamen
2695 2023 2801 2062 non
2863 2007 3180 2074 obliviscar,
3241 2006 3373 2062 dicit
3435 2007 3623 2061 Domi—

2050 2114 2155 2151 nus
2187 2098 2254 2151 “.
2300 2119 2318 2150 ›
2360 2098 2423 2152 Et
2474 2114 2666 2154 revera
2697 2099 2919 2168 quidem
2974 2098 3199 2153 evenire
3244 2099 3518 2158 videmus,
3565 2109 3623 2152 ut

2053 2190 2147 2244 Dei
2181 2206 2355 2255 amor,
2385 2206 2494 2259 quo
2523 2191 2776 2244 homines
2804 2191 3178 2259 prosequitur,
3221 2190 3409 2244 multis
3445 2190 3623 2242 modis

2055 2291 2342 2349 parentum
2403 2285 2453 2334 in
2529 2282 2732 2335 liberos
2785 2297 3027 2335 amorem
3085 2290 3400 2350 exsuperet.
3454 2281 3625 2334 Debet

2054 2371 2222 2440 igitur
2271 2371 2658 2425 omnis'homo
2702 2373 2822 2440 plus
2875 2387 3036 2442 quam
3083 2381 3335 2434 matrem,
3386 2383 3622 2443 patrem,

2056 2478 2304 2528 uxorein,
2353 2462 2579 2527 liberos,
2628 2463 2844 2526 fratres,
2900 2463 3011 2518 imo
3081 2465 3200 2534 plus
3251 2479 3412 2533 quam
3469 2479 3623 2518 suam

2053 2556 2226 2624 ipsius
2264 2555 2524 2619 animam,
2546 2556 2715 2609 Deum
2755 2555 3006 2626 diligere.
3043 2557 3234 2610 Omnis
3263 2556 3412 2611 enim
3445 2555 3627 2610 homi-

2059 2647 2143 2702 nis
2195 2647 2392 2707 virtus,
2429 2646 2717 2715 omnisque
2763 2647 2908 2700 actio
2952 2647 3059 2701 huc
3117 2647 3309 2711 tendit,
3371 2647 3626 2718 hancque

2061 2737 2220 2791 ﬁnem
2251 2738 2356 2792 sibi
2389 2737 2548 2791 habet
2596 2737 2957 2807 propositum,
2999 2747 3058 2792 ut
3113 2739 3284 2793 Deum
3315 2739 3538 2810 diligat;
3573 2751 3628 2793 et

2058 2837 2480 2896 quamceunque
2516 2828 2667 2880 illum
2706 2842 2892 2882 amore
2918 2838 3241 2897 prosecutus
3262 2828 3446 2893 fuerit,
3473 2837 3626 2882 tanto

2058 2921 2114 2966 et
2145 2912 2372 2967 infinitis
2396 2913 2572 2968 modis
2605 2914 2812 2982 majore
2854 2915 3111 2986 diligetur
3148 2933 3176 2970 a
3209 2917 3482 2972 Domino.v

383 3023 492 3091 πᾷν
536 3019 628 3072 τὸν
661 3019 814 3072 Θεόν.
842 3015 998 3069 Πᾶσα
1048 3012 1156 3082 γὰρ
1194 3009 1362 3080 ἀρετὴ
1412 3007 1506 3060 τοῦ
1541 3006 1850 3076 ἀνθρώπου,
1886 3005 1978 3057 καὶ
2012 3007 2162 3060 πᾶσα
2225 3009 2422 3076 πρᾶξις
2464 3011 2544 3072 εἰς
2582 3011 2715 3060 αὐτὸ
2764 3009 2922 3062 τοῦτο
2952 3011 3286 3076 ἀποϐλέπει,
3331 3015 3426 3067 καὶ
3470 3014 3628 3068 τοῦτο

385 3117 500 3186 ἔχει
548 3115 612 3167 τὸ
660 3114 851 3175 τέλος,
903 3111 991 3164 ἴνα
1061 3107 1322 3178 ἀγαπήσῃ
1371 3105 1464 3160 τὸν
1525 3105 1678 3170 Θεὸν,
1727 3103 1822 3157 καὶ
1885 3103 2010 3155 ὅσον
2063 3106 2342 3174 ἀγαπήσει
2379 3106 2562 3170 αὐτὸν,
2609 3105 2749 3174 ὑπὲρ
2791 3107 2851 3159 τὸ
2898 3108 3294 3176 μυριοπλάσιον
3344 3108 3628 3176 ἀγαπᾶται

386 3213 492 3266 ὑπὸ
525 3210 619 3265 τοῦ
651 3209 807 3262 Θεοῦ.

451 3408 565 3470 κζ’.
610 3403 743 3456 Ἀπὸ
770 3402 925 3454 ποίου
966 3399 1096 3469 γοῦν
1126 3399 1330 3468 τρόπου
1357 3395 1450 3448 καὶ
1479 3396 1586 3449 ἀπὸ
1626 3394 1781 3454 ποίας
1816 3393 1954 3462 πρά-

382 3497 522 3560 ξεως
568 3497 794 3549 δύναται
837 3495 1014 3547 ἐλθεῖν
1056 3491 1348 3561 ἄνθρωπος
1396 3488 1477 3550 είς
1527 3485 1819 3555 αἴσθησιν,
1867 3483 1955 3536 ἵνα

381 3590 655 3659 ἀγαπήσῃ
682 3588 772 3640 τὸν
806 3587 960 3652 Θεὸν,
992 3585 1108 3637 ἀλλ’
1137 3584 1168 3653 ἢ
1203 3582 1312 3636 ἀπὸ
1342 3580 1438 3633 τοῦ
1470 3576 1839 3645 ἐνθυμηθῆναι
1861 3575 1956 3626 καὶ

377 3679 816 3747 ἀναλογίσασθαι
841 3677 984 3730 κατὰ
1016 3674 1142 3729 νοῦν
1171 3675 1254 3726 ὅτι
1285 3670 1353 3725 δι’
1379 3670 1479 3740 ἐμὲ
1511 3669 1602 3722 τὸν
1635 3664 1955 3736 ἁμαρτωλὸν

375 3777 469 3826 τὸν
505 3771 838 3840 παραϐάντα
863 3769 954 3820 τὸν
984 3766 1081 3820 τοῦ
1111 3764 1246 3818 Θεοῦ
1275 3765 1438 3832 νόμον
1472 3764 1564 3815 καὶ
1587 3759 1684 3829 τὴν
1712 3757 1953 3825 ἐντολὴν,

375 3867 572 3918 ὅντινα
606 3863 888 3931 ἠπάτησεν
918 3860 946 3911 6
979 3858 1248 3920 διάϐολος,
1283 3855 1377 3907 καὶ
1417 3855 1708 3906 ἀπέκτεινε
1748 3848 1958 3918 μακρυ-

379 3973 480 4016 νας
517 3953 628 4005 ἀπὸ
674 3949 768 4003 τοῦ
803 3949 972 4013 Θεοῦ;
1019 3946 1310 4015 Ἐφόρεσεν
1341 3945 1370 3996 6
1402 3942 1532 4004 Θεὸς
1558 3941 1654 4010 τὴν
1684 3939 1957 4007 ἡμετέραν

381 4051 598 4117 σάρκα,
635 4043 730 4095 καὶ
757 4044 983 4109 γέγονεν
1007 4039 1314 4109 ἅνθρωπος,
1351 4037 1445 4088 καὶ
1478 4034 1715 4089 ἀπέθανε
1747 4029 1814 4082 δι’
1835 4026 1957 4097 ἐμὲ,

379 4141 480 4192 ναὶ
513 4139 546 4190 6
591 4135 802 4187 ἐκείνου
843 4133 1072 4193 θάνατος
1129 4130 1352 4198 γέγονεν
1388 4126 1635 4195 ἡμετέρα
1685 4123 1823 4192 ζωὴ,
1868 4123 1959 4173 καὶ

377 4233 414 4301 η
449 4227 671 4282 ἐκείνου
714 4227 1010 4285 ἀνάστασις
1059 4221 1259 4274 ἔδωκεν
1316 4222 1438 4287 ἐμοὶ
1470 4217 1562 4270 τὸν
1608 4213 1957 4284 παράδεισον,

377 4324 479 4377 καὶ
522 4319 626 4388 τὴν
657 4319 723 4388 ἢν
756 4314 1011 4369 ἀπώλεσα
1058 4310 1361 4383 βασιλείαν,
1413 4309 1508 4360 καὶ
1547 4307 1772 4374 ἄρχεται
1807 4303 1960 4354 ἐνθυ-

379 4407 620 4479 μεῖσθαι
649 4407 750 4476 τὴν
785 4405 1010 4474 ἄπειρον
1046 4401 1141 4457 τοῦ
1170 4399 1305 4453 Θεοῦ
1336 4396 1750 4465 φιλανθρωπίαν
1778 4410 1836 4444 τε
1863 4392 1958 4445 καὶ

377 4503 642 4568 ἀγάπην.
708 4497 818 4551 Καὶ
847 4494 1250 4564 ἐνθυμούμενος
1305 4491 1525 4562 ἔρχεται
1577 4487 1656 4547 είς
1710 4483 1811 4554 τὴν
1861 4480 1958 4534 τοῦ

376 4593 532 4648 Θεοῦ
565 4591 810 4658 ἀγάπην,
849 4587 946 4641 καὶ
999 4587 1194 4656 πληροῖ
1241 4584 1338 4643 τὰς
1387 4577 1606 4634 ἐντολὰς
1652 4575 1746 4629 τοῦ
1798 4573 1956 4638 Θεοῦ,

378 4690 480 4738 καὶ
516 4686 647 4745 τοὺς
680 4683 868 4750 λόγους
913 4679 1007 4732 τοῦ
1040 4675 1401 4744 Εὑαγγελίου.
1435 4672 1664 4740 Πληρῶν
1696 4668 1751 4722 δὲ
1784 4667 1960 4720 ταῦτα

375 4783 407 4834 ὅ
461 4781 794 4850 ἄνθρωπος,
845 4775 1132 4842 ἀγαπᾶται
1184 4769 1344 4831 αὐτὸς
1385 4766 1488 4820 ὑπὸ
1535 4762 1630 4817 τοῦ
1687 4760 1845 4826 Θεοῦ,
1884 4759 1960 4822 ώς

380 4867 691 4938 πληρωτὴς
731 4861 838 4920 τῶν
876 4863 1039 4918 αὐτοῦ
1071 4861 1325 4914 ἐντολῶν.
1363 4857 1474 4912 Καὶ
1504 4858 1626 4908 τότε
1659 4851 1961 4922 πληροῦται

377 4962 408 5012 6
445 4960 543 5012 διὰ
571 4957 665 5010 τοῦ
705 4956 980 5016 Μωῦσέως
1007 4953 1112 5007 ὑπὸ
1138 4951 1232 5004 τοῦ
1266 4950 1400 5004 Θεοῦ
1430 4951 1606 5016 λόγος,
1637 4946 1716 5011 τ’),
1754 4965 1770 4997 ι
1796 4945 1962 5011 Ἀγα-

386 5053 598 5120 πήσεις
622 5048 824 5117 Κύριον
846 5047 936 5099 τὸν
969 5046 1100 5099 Θεόν
1135 5062 1230 5097 σου
1263 5043 1324 5107 ἐξ
1353 5043 1480 5110 ὅλης
1511 5041 1610 5110 τῆς
1639 5035 1818 5106 ψυχῆς
1846 5051 1961 5097 σου,

383 5144 493 5194 καὶ
551 5141 611 5204 ἐξ
668 5139 797 5210 ὅλης
847 5140 943 5208 τῆς
996 5138 1234 5200 διανοίας
1270 5152 1386 5199 σου,
1437 5135 1531 5185 καὶ
1585 5130 1645 5194 ἐξ
1690 5129 1816 5197 ὅλης
1870 5129 1968 5195 τῆς

389 5231 586 5300 ἰσχύος
614 5246 730 5284 σου.
757 5251 775 5282 ι
813 5229 1120 5298 Πληροῦται
1155 5229 1211 5280 δὲ
1233 5227 1326 5280 καὶ
1358 5227 1386 5278 6
1419 5221 1510 5274 τοῦ
1535 5218 1772 5289 Χριστοῦ
1807 5217 1964 5283 λόγος

385 5323 417 5374 6
454 5322 658 5386 λέγων,
695 5323 776 5374 ὅτι
831 5339 849 5372 ι
899 5321 957 5373 '0
990 5316 1222 5386 ἀγαπῶν
1281 5332 1349 5385 με
1403 5311 1828 5380 ἀγαπηθήσεται
1859 5305 1964 5358 ὑπὸ

387 5413 494 5464 τοῦ
552 5414 758 5481 Πατρός
814 5430 942 5482 μοι)⁹
975 5431 994 5463 ι
1047 5411 1140 5464 καὶ
1190 5411 1218 5462 6
1273 5407 1637 5474 ἀγαπώμενος
1669 5400 1822 5470 παρά
1871 5396 1963 5450 τοῦ

390 5504 620 5575 Ματρὸς
655 5507 745 5557 καὶ
771 5505 922 5573 παρὰ
953 5504 1046 5555 τοῦ
1081 5500 1208 5554 Υἱοῦ
1245 5500 1546 5566 ἀγαπᾶται.
1581 5491 1672 5556 Εἷς
1709 5493 1816 5558 γάρ
1848 5493 1965 5541 ἐστι

475 5732 529 5763 ¹²
564 5733 715 5788 Deut.
752 5749 822 5800 τι,
1030 5733 1074 5763 ’³
1115 5731 1270 5787 Joan.
1313 5747 1423 5797 xiv,
1467 5730 1558 5787 El.

2126 3373 2216 3428 2'7.
2247 3373 2362 3440 Qua
2415 3376 2580 3446 igitur
2626 3375 3016 3443 rationeiQuo
3045 3378 3279 3448 denique
3308 3379 3452 3434 facto
3478 3396 3626 3437 com-

2057 3477 2241 3520 motus
2282 3467 2466 3527 homo.
2510 3482 2577 3521 eo
2609 3468 2919 3524 intellectus
2973 3473 3262 3539 pervenire
3309 3474 3509 3541 poterit
3567 3484 3629 3531 ut

2057 3558 2227 3611 Deum
2257 3558 2486 3626 diligat?
2523 3559 2577 3614 Si
2603 3560 2860 3614 nimirum
2887 3561 3001 3616 hac
3027 3563 3341 3630 meditetur,
3365 3576 3422 3620 et
3443 3567 3626 3624 animo

2057 3665 2157 3704 suo
2187 3657 2433 3719 reputet:
2459 3651 2538 3705 Eu
2572 3661 2795 3721 prepter
2818 3668 2905 3707 me
2927 3664 3289 3722 peccatorem,
3322 3666 3628 3725 transgres-

2037 3756 2240 3796 ‘sorem
2288 3741 2488 3799 divina:
2535 3743 2666 3813 legis
2704 3753 2756 3797 et
2802 3745 3078 3812 praecepti,
3112 3761 3275 3814 quem
3330 3748 3627 3820 deceperat

2056 3833 2328 3916 diabolus,
2365 3835 2634 3905 longeque
2664 3851 2693 3888 a
2727 3836 2837 3906 Deo
2861 3837 3155 3892 abductum
3186 3840 3488 3906 occiderat,
3522 3859 3623 3896 uo-

2059 3935 2225 3979 stram
2261 3939 2481 3978 carnem
2533 3925 2767 3995 gestavit
2816 3926 2981 3990 Deus,
3011 3928 3174 3981 homo
3224 3929 3402 3986 factus
3434 3941 3536 3997 est,
3570 3943 3628 3990 et

2065 4028 2291 4084 prepter
2321 4031 2407 4069 me
2451 4027 2681 4070 mortem
2731 4018 2926 4082 subiit,
2951 4020 3179 4090 ejusque
3215 4036 3363 4077 mors
3388 4023 3497 4077 vita
3531 4039 3632 4078 no-

2060 4115 2169 4161 stra
2197 4106 2338 4160 facta
2370 4115 2472 4171 est,
2516 4108 2742 4178 ejusiiue
2777 4109 3109 4164 resurrectio
3141 4109 3274 4165 mihi
3310 4113 3627 4181 paradisum

2061 4215 2420 4268 regnumque,
2444 4200 2587 4268 quod
2620 4201 2932 4266 amiseram,
2971 4204 3224 4258 reddidit.
3249 4203 3405 4270 Quod
3439 4206 3484 4261 si
3526 4207 3632 4262 hoc

2062 4291 2224 4343 modo
2251 4290 2597 4344 considerare
2631 4292 2858 4360 cmperit
2895 4293 3060 4347 homo
3095 4294 3420 4350 immensum
3449 4296 3541 4352 Dei
3575 4299 3629 4353 in

2064 4384 2364 4437 humanum
2423 4398 2597 4452 genus
2655 4399 2896 4438 amorem
2951 4396 3008 4439 et
3066 4385 3414 4453 charitatem,
3467 4389 3632 4458 hujus

2065 4479 2507 4532 consideratione
2541 4478 2595 4532 in
2628 4493 2871 4531 amorem
2900 4478 2998 4532 Dei
3031 4479 3290 4542 devenit,
3329 4481 3630 4552 impletque

2066 4567 2162 4622 Dei
2192 4579 2483 4638 praecepta,
2522 4578 2578 4624 et
2613 4568 2779 4623 verba
2818 4569 3096 4639 Evangelii
3125 4587 3138 4636 ;
3179 4571 3380 4640 quibus
3404 4573 3471 4626 ab
3508 4574 3624 4642 ipso

2064 4661 2352 4728 completis
2378 4660 2540 4712 etiam
2572 4660 2688 4728 ipse
2728 4676 2756 4712 a
2788 4661 2900 4714 Deo
2934 4662 3272 4725 redamalur,
3307 4678 3406 4717 ceu
3437 4664 3626 4716 obser-

2064 4758 2225 4804 vator
2291 4751 2672 4803 mandatorum
2743 4751 2982 4805 Domini.
3045 4751 3307 4817 Tuncque
3369 4752 3629 4820 impletur

2067 4859 2249 4898 sermo
2278 4844 2493 4896 Domini
2534 4859 2630 4911 per
2660 4843 2864 4898 Mosem
2899 4843 3118 4899 dictus:
3151 4861 3169 4893 ι
3204 4843 3406 4912 Diliges
3447 4843 3629 4896 Domi-

2067 4957 2200 4996 num
2249 4941 2418 4995 Deum
2466 4949 2617 4993 tuum
2652 4956 2718 4994 ex
2772 4949 2879 4992 tota
2931 4940 3113 4992 anima
3166 4948 3278 5003 tua,
3309 4948 3362 4992 et
3413 4955 3476 4994 ex
3522 4950 3629 4993 tota

2065 5035 2395 5102 cogitatione
2425 5043 2538 5096 tua,
2569 5043 2625 5085 et
2658 5047 2722 5085 ex
2757 5033 2882 5084 totis
2917 5031 3128 5084 viribus
3156 5031 3283 5085 tuis.
3316 5049 3335 5082 ι
3375 5031 3633 5100 Impletur

2063 5131 2120 5176 et
2165 5121 2368 5176 Chrisd
2415 5121 2836 5194 verbum,quod
2885 5121 3036 5182 dicit.
3070 5139 3088 5170 ι
3124 5121 3226 5186 Qui
3273 5120 3465 5191 diliget
3522 5137 3624 5184 me,

2071 5213 2330 5280 diligetur
2361 5227 2390 5263 a
2421 5212 2581 5265 Patre
2612 5226 2772 5276 meo;
2813 5230 2830 5262 ι
2875 5219 2930 5265 et
2974 5211 3066 5281 qui
3102 5211 3346 5282 diligitur
3379 5226 3410 5264 a
3449 5213 3629 5277 Patre,

2077 5302 2324 5370 dil=gitur
2374 5301 2539 5354 etiam
2596 5317 2627 5354 a
2668 5301 2825 5356 Filio.
2863 5301 3015 5356 Unus
3061 5304 3206 5357 enim
3263 5303 3407 5357 Deus
3441 5311 3542 5365 est,
3578 5312 3636 5356 et

2075 5393 2255 5455 Pater,
2286 5402 2339 5446 et
2366 5392 2551 5445 Filius.
2579 5391 2645 5446 Et
2675 5393 2775 5447 hac
2797 5394 2863 5448 de
2893 5409 3055 5448 causa
3094 5395 3233 5447 Deus
3264 5393 3428 5447 homo
3461 5391 3636 5446 factus

2075 5495 2176 5540 est.
2205 5485 2470 5538 Pneterea
2513 5487 2641 5540 olim
2681 5487 2956 5555 prophetis
3009 5489 3222 5542 locutus
3257 5496 3340 5542 est
3379 5485 3547 5553 Deus,
3579 5494 3639 5539 et

1685 5727 1728 5760 "
1775 5728 1876 5780 lsa.
1939 5741 2092 5791 mx,
2126 5725 2210 5780 l5.
