3970 6212
265 291 371 356 έ95

1437 284 1760 349 JOANNIS
1799 283 2330 348 CANTACUZENI

3424 294 3534 361 1:96

267 399 767 471 apparueruntillis
795 397 1066 463 visiones;
1093 407 1148 452 et
1170 413 1315 452 nunc
1343 397 1562 467 quidem
1597 398 1650 452 in
1684 396 1843 458 nube1

1959 397 2090 460 Θεδς
2124 401 2150 451 ὀ
2186 401 2373 470 Πατὴρ
2415 400 2509 453 καὶ
2544 403 2570 453 ό
2618 401 2762 464 Υἱός.
2804 403 2912 456 Καὶ
2943 403 3031 457 διά
3059 405 3216 458 τοῦτο
3246 407 3471 475 γέγονεν
3503 409 3534 462 6

274 506 331 545 ut
356 492 457 561 ipsi
495 491 629 556 Job;
663 506 810 546 nunc
834 506 963 543 vero
1001 490 1052 543 in
1086 490 1207 559 igne
1227 499 1277 544 ct
1311 490 1562 558 caligine,
1592 501 1651 543 ut
1679 488 1846 551 Mosi;

266 585 400 637 alias
438 599 567 636 vero
591 582 643 635 in
692 595 822 635 aura
861 582 1030 646 tenui,
1065 589 1123 635 ut
1159 581 1343 636 Helia).
1377 581 1848 648 Quemadmodum

267 676 509 732 etOseas
535 673 800 745 propheta
831 674 964 729 dicit
988 693 1032 730 ει
1073 674 1184 744 Ego
1213 674 1848 743 visionesmulliplicavi,

266 783 322 825 et
349 773 398 822 in
433 767 682 823 manibus
713 767 1099 836 prophetarum
1130 766 1462 821 assintilatus
1485 781 1604 821 sum
1624 766 1852 818 “.r'As-

266 862 525 914 similams
555 880 693 926 sum,
719 860 920 930 inquit,
955 876 1086 924 non,
1115 859 1278 913 Visus
1299 873 1442 920 sum,
1473 866 1660 928 utpote
1684 859 1850 912 visio-

267 973 363 1007 nes
382 953 824 1008 adumliraturus.
847 953 1004 1007 Nunc
1031 951 1196 1022 igitur
1224 964 1346 1004 cum
1372 948 1594 1003 humani
1633 949 1849 1018 generis

267 1055 479 1099 amator
513 1046 600 1111 sit,
645 1054 700 1100 et
733 1045 1070 1109 misericors,
1125 1043 1510 1110 hominemque
1539 1042 1590 1094 in
1639 1050 1848 1094 tantum

264 1138 295 1190 d
325 1137 734 1206 ligatquantum
761 1137 906 1190 nulla
942 1136 1127 1206 lingua
1160 1145 1340 1204 potest
1370 1133 1574 1200 eloqui,
1609 1147 1709 1186 nec
1743 1133 1848 1186 ulla

264 1237 420 1275 mens
441 1219 1234 1290 intelligere,quemadmodum
1258 1235 1324 1274 an
1336 1229 1386 1275 te
1407 1236 1502 1290 per
1521 1218 1849 1273 multifarias

263 1307 505 1358 visiones
521 1308 695 1357 servis
710 1306 823 1358 suis
845 1304 1050 1356 sanctis
1069 1305 1524 1362 conversabatur.
1541 1303 1584 1356 si
1607 1310 1734 1354 tunc
1752 1315 1849 1370 per

265 1412 487 1451 carnem
529 1411 626 1450 ceu
662 1396 785 1450 velo
821 1395 1245 1448 intermediante
1289 1396 1448 1449 nobis
1489 1403 1848 1450 conversatus

267 1503 372 1557 est,
410 1502 466 1548 et
517 1491 698 1545 adhuc
739 1492 915 1546 servis
965 1490 1078 1544 suis
1113 1502 1168 1544 et
1213 1491 1405 1546 amicis
1433 1500 1518 1546 est
1552 1506 1848 1546 conversa-

268 1597 464 1650 turus,
499 1584 960 1655 quemadmodum
1004 1583 1137 1637 illud
1198 1595 1324 1639 ante
1379 1585 1845 1639 resurrectionem

267 1694 419 1732 suam
450 1693 516 1731 ex
551 1677 797 1740 mortuis,
821 1685 873 1730 et
906 1685 1026 1746 post
1049 1676 1195 1729 illam
1227 1676 1641 1732 demonstravit.
1677 1676 1840 1743 Quin,

269 1781 323 1824 et
370 1771 549 1824 a.lhuc
601 1785 909 1838 speramus,
975 1778 1246 1838 quotquot
1301 1767 1582 1822 Christum
1625 1769 1846 1836 proﬁte-

272 1880 415 1928 mur,
449 1865 592 1932 quod
630 1877 752 1916 cani
792 1861 882 1914 Dei
917 1861 1091 1915 Filius
1120 1871 1173 1913 et
1205 1860 1444 1914 Verbum
1479 1861 1622 1915 Deus
1654 1860 1840 1924 fuerit,

271 1957 434 2009 homo
465 1955 637 2009 factus
660 1954 752 2018 sit,
790 1954 918 2008 etin
957 1953 1220 2007 mundttm
1261 1953 1486 2007 veniens
1533 1969 1640 2007 non
1678 1969 1846 2008 vene-

271 2051 340 2100 rit
375 2056 431 2100 ut
473 2047 739 2100 mundum
786 2045 1080 2116 judicaret,
1137 2045 1238 2098 sed
1284 2053 1342 2098 ut
1391 2045 1617 2099 doceret
1683 2061 1845 2099 mun-

270 2141 425 2199 dum.
449 2139 592 2207 quod
627 2139 740 2206 ipse
781 2139 852 2192 sit
878 2137 1048 2191 Filius
1077 2135 1188 2201 Dei,
1220 2136 1367 2190 Deus
1399 2150 1597 2204 nempe
1621 2137 1665 2190 is
1689 2137 1782 2207 qni
1814 2153 1844 2192 a

270 2229 552 2299 prophetis
583 2228 904 2298 “praedictus
937 2236 1056 2280 erat
1083 2268 1097 2291 ,
1142 2238 1194 2281 et
1241 2239 1299 2282 ut
1345 2229 1399 2281 in
1443 2228 1596 2282 illum
1650 2230 1843 2284 crede-

274 2332 425 2388 rent,
467 2336 769 2390 onmesque
822 2321 875 2372 in
931 2319 1085 2372 illum
1140 2320 1432 2374 credentes
1476 2329 1531 2374 et
1586 2321 1844 2388 baptizati

271 2415 616 2469 :.alvarentur
649 2455 664 2478 ,
711 2413 805 2483 qui
854 2425 984 2464 vero
1021 2426 1125 2464 non
1157 2413 1468 2478 crederent,
1515 2415 1846 2467 condemna-

269 2522 484 2564 rentur.
522 2510 732 2563 Rursus
762 2519 944 2562 autem
982 2522 1139 2564 certo
1191 2506 1440 2559 futurum
1499 2515 1613 2561 est.
1651 2514 1708 2558 ut
1752 2503 1846 2558 de-

273 2618 384 2655 nuo
415 2601 628 2665 redeat,
657 2615 763 2653 non
801 2599 947 2654 velut
991 2611 1136 2661 ante,
1181 2601 1233 2651 in
1264 2598 1355 2651 vili
1385 2598 1578 2666 ligura,
1614 2603 1666 2649 et
1699 2604 1842 2648 statu

272 2693 489 2754 humili,
541 2694 816 2762 homoque
870 2693 1014 2761 quod
1060 2700 1343 2745 externam
1393 2688 1576 2756 specie
1625 2689 1842 2751 attinet,

271 2790 374 2844 Sub
426 2803 531 2856 qua
586 2786 732 2841 Deus
791 2788 862 2840 sit
917 2783 1340 2854 intelligendus:
1385 2780 1480 2835 sed
1528 2781 1699 2833 instar
1747 2779 1842 2831 Dei

271 2881 564 2943 manifesti,
616 2888 672 2932 et
718 2893 818 2932 ceu
855 2875 1173 2946 unigenitus
1230 2874 1324 2928 Dei
1348 2871 1527 2926 Patris
1559 2869 1754 2932 Filius,
1789 2868 1843 2923 in

277 2975 449 3046 gloria
485 2988 601 3037 sua,
636 2986 760 3024 cum
794 2968 1051 3022 omnibus
1081 2965 1286 3035 angelis
1308 3007 1322 3031 ,
1355 2963 1678 3031 cunctisque
1697 2961 1845 3016 ordi-

273 3068 434 3121 nibus
462 3063 790 3118 coelestium.
820 3058 1293 3127 Quemadmodum
1325 3054 1490 3110 David
1524 3054 1662 3109 dixit
1683 3070 1845 3124 supe-

275 3163 413 3224 rius,
447 3159 589 3227 quod
651 3156 834 3212 veniat
893 3153 959 3208 ad
1000 3145 1352 3223 iudicandum
1411 3158 1632 3212 terram,
1687 3156 1741 3202 et
1775 3151 1840 3202 ad

267 3252 624 3324 jndicandum
677 3249 890 3301 orbem.
932 3243 1072 3310 Quin
1113 3252 1169 3299 et
1219 3244 1396 3312 ipsum
1450 3240 1730 3296 Christum
1789 3241 1841 3294 in

272 3342 584 3412 Evangeliis
618 3341 824 3394 dixisse
869 3337 1132 3406 scriptum
1163 3343 1269 3400 est,
1306 3353 1324 3385 ε
1364 3333 1522 3401 Quod
1577 3343 1844 3388 venturus

273 3439 344 3489 sit
372 3435 539 3488 Filius
567 3433 802 3485 hominis
833 3431 881 3483 in
910 3428 1151 3483 nubibus
1183 3427 1307 3481 caeli
1341 3427 1392 3478 in
1425 3425 1597 3495 gloria
1631 3439 1754 3490 sua,
1788 3433 1841 3478 et

273 3541 464 3579 omnes
496 3523 668 3577 sancti
713 3520 889 3590 angeli
927 3535 1052 3574 cum
1107 3532 1194 3571 eo.
1225 3515 1382 3570 Tunc
1432 3515 1648 3569 sedebit
1677 3529 1844 3583 super

273 3603 530 3668 thronum
567 3613 751 3682 gloria:
784 3626 918 3676 suae,
953 3619 1007 3664 et
1039 3607 1522 3677 congregabuntur
1552 3621 1737 3661 coram
1779 3621 1844 3660 eo

273 3724 466 3763 omnes
494 3717 704 3776 gentes,
723 3715 778 3760 et
799 3703 1070 3774 separabit
1090 3715 1186 3756 eos
1201 3701 1367 3754 veluti
1401 3709 1580 3768 pastor
1599 3705 1846 3768 segregat

270 3797 400 3855 oves
425 3801 492 3854 ab
518 3797 708 3862 haedis,
727 3805 782 3851 et
804 3803 1008 3848 statuet
1025 3807 1156 3846 oves
1180 3791 1402 3860 quidem
1423 3808 1452 3844 a
1477 3791 1685 3846 dextris
1704 3789 1841 3854 suis,

266 3904 443 3970 justos
470 3895 755 3956 nimirum,
804 3892 990 3945 haedos
1018 3904 1170 3955 vero,
1221 3889 1274 3942 id
1293 3897 1378 3942 est
1426 3897 1768 3957 peccatores,
1812 3903 1842 3942 a

271 3989 509 4044 sinistris
530 3988 594 4040 ὀ.
631 4004 649 4035 ι
679 3983 745 4036 Ει
775 3983 926 4035 dabit
945 3979 1328 4051 peccatoribus
1353 3979 1574 4048 quidem
1622 3994 1839 4049 pinnam

270 4079 728 4148 aeternam,justis
749 4090 884 4130 vero
907 4077 1070 4130 vitam
1087 4075 1500 4144 sempiternam,
1527 4075 1842 4143 paradisum

270 4186 326 4230 et
359 4175 499 4228 bona
537 4170 745 4226 omnia.
779 4168 1166 4223 Verumtamen
1222 4157 1278 4221 et
1307 4167 1493 4221 Daniel
1523 4166 1602 4220 sic
1657 4167 1789 4221 dicit
1827 4187 1840 4223 :

279 4287 297 4318 ι
341 4265 605 4321 Videbam
644 4261 819 4316 donec
854 4261 1034 4313 throni
1090 4268 1449 4328 ponerentur,
1482 4271 1536 4311 et
1566 4257 1844 4327 Antiquns

274 4359 490 4411 dierum
551 4353 820 4408 consedit.
885 4350 1140 4403 Tlironus
1211 4348 1332 4419 ejus
1410 4349 1567 4416 quasi
1623 4348 1842 4402 ﬂamma

1953 490 2085 554 Θεὸς
2115 490 2428 560 ἄνθρωπος.
2467 494 2587 547 Ἔτι
2621 493 2762 547 κατὰ
2793 498 3020 566 καιροὺς
3046 497 3307 564 ἐλάλησεν
3333 501 3361 552 ό
3399 499 3531 562 Θεὲις
3625 557 3628 560 λ

1952 586 2066 646 τοῖς
2097 587 2426 654 προφήταις,
2461 588 2554 640 καὶ
2585 589 2866 657 ἐφάνησαν
2887 591 3110 660 ὁράσεις
3137 594 3271 659 πρὸς
3297 593 3494 647 αὐτούς
3513 612 3528 625 ·

1953 674 2090 728 ἀλλὰ
2140 678 2272 728 ποτὲ
2314 678 2414 745 μὲν
2464 677 2550 730 διὰ
2590 679 2842 751 νεφέλης,
2893 681 2968 746 ὡς
3002 682 3080 752 τῷ
3123 684 3267 747 Ἰὼὸ,
3310 685 3437 737 ποτε
3475 686 3532 738 δὲ

1953 769 2038 822 διὰ
2085 772 2256 842 πυρὶς
2307 773 2398 824 καὶ
2428 773 2654 841 γνόφου,
2697 776 2771 839 ὡς
2816 776 2892 846 τῷ
2928 779 3174 844 Μιυῦσεί,
3209 782 3338 833 ποτὲ
3378 783 3434 835 δὲ
3463 782 3535 836 δ.⁹

1953 861 2125 932 αὔρας
2173 863 2399 932 λεπτῆς,
2428 865 2503 928 di;
2534 867 2612 937 τῷ
2654 867 2811 937 Ἠλίᾳ
2837 886 2851 900 ο
2889 874 2965 932 ὡς
3007 872 3101 924 καὶ
3155 873 3308 940 Ὠσηὲ
3340 874 3368 925 6
3400 891 3539 943 προ-

1954 955 2132 1024 φήτης
2155 954 2354 1008 οὐτωσί
2390 973 2579 1026 φησιν,
2616 977 2632 1009 ι
2683 958 2827 1025 Ἐγὼ
2855 961 3073 1029 ὁράσεις
3102 961 3406 1032 ὲπλήθυνα,
3439 967 3535 1016 καὶ

1954 1047 2011 1100 ἐν
2043 1049 2203 1117 χερσὶ
2244 1049 2546 1118 προφητῶν
2578 1050 2890 1124 ώμοιὼθην.
2931 1071 2949 1103 ι
2993 1055 3320 1123 Ὡμοιώθην
3354 1053 3531 1120 εἶπεν,

1951 1141 2050 1190 οὐκ
2087 1159 2103 1189 ‹
2143 1137 2355 1208 ὤφθην,
2401 1159 2417 1190 ι
2447 1140 2522 1206 ὡς
2559 1141 2807 1209 βούλεται
2842 1147 3202 1213 σχηματίζειν
3225 1148 3320 1210 τὰς
3355 1147 3529 1216 ὄψεις.

1951 1233 2065 1285 Νῦν
2096 1234 2150 1286 δὲ
2185 1235 2260 1298 ὡς
2291 1236 2676 1303 φιλάνθρωπος
2721 1238 2817 1292 καὶ⁵
2866 1239 3188 1308 οἰκτίρμων,
3233 1243 3529 1312 ἀγαπήσας

1950 1326 2042 1377 τὸν
2095 1326 2386 1395 ἄνθρωπον
2420 1328 2546 1380 ὅσον
2599 1329 2722 1382 οὐτε
2778 1330 2999 1398 γλῶσσα
3041 1332 3267 1388 δύναται
3326 1337 3527 1398 εἰπεῖν,

1953 1414 2082 1468 οὐτε
2115 1416 2237 1478 νοῦς
2266 1419 2541 1487 ἐννοῆσαι,
2579 1418 2771 1489 ὥσπερ
2797 1421 2990 1491 πρώην
3015 1421 3102 1474 διὰ
3123 1423 3230 1475 τῶν
3261 1423 3530 1477 ammt-

1950 1509 2129 1578 λήλων
2156 1509 2399 1578 θεωριῶν
2421 1511 2600 1580 ὁμίλει
2628 1515 2740 1576 τοῖς
2764 1512 2973 1575 δούλοις
3002 1513 3169 1566 αὐτοῦ
3193 1517 3303 1577 τοῖς
3322 1515 3525 1582 ἁγίοις,

1948 1599 2092 1653 οὕτω
2123 1601 2212 1655 διὰ
2246 1602 2420 1672 μέσης
2467 1603 2669 1673 σαρκὸς
2709 1605 2797 1668 ’ὡς
2843 1605 3351 1676 παραπετάσματος
3387 1607 3530 1676 ὡμί-

1950 1696 2109 1762 λησε.
2163 1694 2276 1747 Καὶ
2327 1693 2406 1746 ἔτι
2451 1693 2744 1747 ἀπόκειται
2784 1696 3003 1765 ὁμιλεῖν
3036 1699 3148 1760 τοῖς
3186 1697 3394 1758 δούλοις
3431 1695 3530 1749 καὶ

1952 1789 2130 1858 φίλοις
2165 1786 2358 1852 αὐτοῦ,
2403 1787 2586 1850 καθὼς
2618 1787 2786 1852 ἔδειξε
2820 1787 2976 1842 τοῦτο
3011 1790 3116 1857 πρὸ
3146 1790 3245 1860 τῆς
3284 1791 3528 1844 ἀναστά-

1951 1897 2112 1943 σεως,
2149 1880 2245 1932 καὶ
2281 1879 2421 1947 μετά
2453 1880 2551 1946 τὴν
2599 1880 2664 1932 ὲκ
2715 1880 2928 1950 νεκρῶν
2973 1882 3272 1935 ἀνάστασιν
3327 1879 3524 1937 αὐτοῦ.

1949 1973 2063 2026 Καὶ
2099 1973 2182 2025 ἔτι
2220 1972 2517 2040 ἐλπίζομεν
2551 1971 2753 2034 πάντες
2798 1973 2848 2024 οί
2900 1973 3240 2043 Χριστιανοὶ,
3278 1973 3526 2036 ὅτιθεὸς

1947 2057 2022 2111 ὣν
2055 2061 2081 2112 6
2113 2058 2241 2120 Υἱὸς
2283 2057 2378 2110 καὶ
2407 2060 2580 2126 Λόγος
2623 2059 2716 2111 τοῦ
2765 2060 2924 2126 Θεοῦ,
2962 2061 3186 2130 γέγονεν
3213 2063 3527 2133 ἄνθρωπος,

1948 2148 2042 2200 καὶ
2072 2145 2242 2199 ἐλθὼν
2272 2148 2352 2209 είς
2392 2147 2486 2201 τὸν
2532 2147 2758 2216 κόσμον,
2790 2138 2893 2201 οὐκ
2927 2144 3092 2218 ἦλθεν
3118 2150 3208 2204 ἵνα
3244 2151 3404 2221 κρίνῃ
3429 2153 3525 2203 τὴν

1947 2240 2172 2306 κόσμον,
2204 2239 2320 2292 ἀλλ’
2346 2238 2432 2291 ἵνα
2451 2238 2638 2310 διδάξῃ
2662 2239 2754 2293 τὸν
2783 2239 2984 2310 κόσμον
3009 2240 3117 2306 ὅτι,
3139 2243 3300 2302 αὐτός
3321 2242 3468 2295 ἐστιν
3497 2244 3525 2294 6

1948 2331 2074 2393 Υἱὸς
2094 2330 2188 2384 τοῦ
2207 2329 2342 2382 θεοῦ
2366 2333 2394 2382 6
2409 2329 2561 2392 Θεὸς,
2581 2331 2608 2382 ὁ
2631 2348 2701 2383 πα
2712 2331 2780 2402 ρὰ
2796 2331 2904 2384 τῶν
2926 2332 3096 2398 ἁγίων
3115 2333 3412 2402 προφητῶν
3429 2350 3529 2402 κη-

1949 2424 2191 2496 ρυχθεὶς,
2211 2425 2305 2476 καί
2325 2423 2409 2476 ἵνα
2431 2425 2796 2477 πιστεύσωσιν
2818 2425 2895 2487 εἰς
2913 2425 3097 2488 αὐτὸν,
3123 2428 3214 2477 καὶ
3232 2427 3281 2477 οί
3301 2425 3528 2478 πιστεύω

1949 2533 2143 2576 σαντες
2174 2520 2270 2569 καὶ
2295 2515 2688 2584 βαπτισθέντες
2726 2516 2995 2580 σωθῶσιν,
3026 2519 3070 2569 0i
3093 2517 3148 2570 δὲ
3181 2517 3526 2586 ἀπιστήσαν-

1946 2626 2036 2672 τες
2068 2608 2464 2678 κατακριθῶσι.
2487 2609 2642 2661 Μετὰ
2659 2607 2902 2661 δὲταῦτα
2928 2610 3236 2675 ἀπόκειται,
3257 2610 3343 2662 ἶνα
3362 2609 3527 2662 πάλιν

1948 2701 2100 2772 ἔλθῃ,
2117 2699 2308 2769 οὐχῖώς
2330 2699 2390 2752 τὸ
2421 2701 2614 2769 πρώην
2642 2701 2700 2752 ἐν
2721 2698 2927 2752 εὐτελεῖ
2948 2701 3022 2770 τῷ
3040 2703 3280 2771 σχήματι
3305 2701 3400 2754 καὶ
3421 2717 3524 2753 τα-

1948 2794 2110 2863 πεινῇ
2133 2793 2491 2856 καταστάσει,
2511 2793 2605 2846 καὶ
2629 2792 2915 2863 ἄνθρωπος
2951 2794 3048 2861 μὲν
3078 2793 3139 2846 τὸ
3170 2795 3519 2864 φαινόμενον,

1947 2887 2079 2948 Θεὸς
2106 2885 2162 2936 δὲ
2188 2885 2250 2936 τὸ
2289 2884 2602 2953 νοούμενον,
2644 2884 2760 2937 ἀλλ’
2792 2885 2867 2948 ὠς
2928 2885 3061 2946 Θεὸς
3103 2887 3370 2956 φανερὸς,
3423 2889 3521 2940 καὶ

1952 2977 2248 3048 μονογενὴς
2287 2977 2413 3039 Υἱὸς
2453 2975 2549 3029 τοῦ
2609 2977 2745 3030 Θεοῦ
2789 2979 2880 3032 καὶ
2927 2979 3165 3048 Πατρός,
3211 2979 3305 3032 καὶ
3355 2981 3413 3030 ὲν
3452 2983 3518 3048 τῇ

1868 3087 1913 3148 C
1947 3068 2072 3138 δόξῃ
2106 3067 2273 3119 αὐτοῦ
2317 3069 2459 3136 μετὰ
2492 3066 2712 3118 πάντων
2753 3067 2862 3119 τῶν
2890 3067 3139 3136 ἀγγέλων
3173 3069 3265 3122 καὶ
3300 3069 3521 3123 πάντων

1945 3157 2054 3210 τῶν
2084 3158 2355 3228 οὐρανίων
2401 3158 2721 3226 ταγμάτων,
2786 3157 2969 3222 καθὼς
3016 3162 3043 3213 6
3097 3161 3262 3214 Aa6l6
3299 3163 3357 3215 ἐν
3404 3165 3521 3224 τοῖς

1947 3249 2270 3319 ἔμπροσθεν
2325 3251 2582 3320 εἴρηκεν,
2625 3251 2705 3302 ὅτι
2760 3251 2976 3321 ἔρχεται
3027 3258 3210 3324 κρῖναι
3255 3255 3353 3326 τὴν
3390 3257 3516 3326 γῆν,

1946 3345 2129 3412 κρῖναι
2170 3342 2268 3410 τὴν
2311 3343 2664 3412 οἰκουμένην.
2726 3344 2837 3396 Καὶ
2890 3343 3053 3407 αὐτὸς
3106 3349 3134 3399 6
3175 3346 3412 3417 Χριστὸς
3459 3351 3520 3401 ὲν

1945 3432 2056 3492 τοῖς
2092 3430 2452 3496 Εὐαγγελίοις
2478 3431 2684 3482 οὑτωσὶ
2711 3434 2940 3500 γράφων
2976 3433 3221 3504 εἴρηκεν,
3274 3454 3293 3487 ι
3345 3437 3520 3491 Ὅταν

1944 3523 2075 3594 ἔλθῃ
2124 3523 2153 3575 6
2199 3522 2324 3583 Υἱὸς
2375 3521 2469 3574 τοῦ
2519 3523 2810 3590 ἀνθρώπου
2862 3523 3094 3576 ἐπὶτῶν
3131 3525 3370 3594 νεφελῶν
3420 3528 3518 3580 τοῦ

1945 3615 2178 3684 οὐρανοῦ
2215 3615 2271 3666 ὲν
2307 3617 2374 3682 τῇ
2409 3611 2538 3684 δόξῃ
2568 3613 2755 3678 αὐτοῦ,
2784 3615 2879 3669 καὶ
2921 3615 3123 3680 πάντες
3152 3619 3198 3670 oi
3240 3617 3385 3685 ἅγιοι
3419 3620 3520 3684 ἄγη-

1946 3707 2093 3775 γελοι
2130 3707 2251 3773 μετ’
2290 3704 2478 3766 αὐτοῦ,
2534 3706 2655 3756 τότε
2707 3708 2922 3759 καθίσει
2972 3708 3064 3760 ἐπὶ
3117 3708 3305 3777 θρόνου
3358 3711 3519 3780 δόξης

1946 3799 2137 3864 αὐτοῦ,
2192 3799 2284 3850 καὶ
2334 3797 2773 3867 συναχθήσονται
2824 3803 3002 3852 πάντα
3037 3801 3104 3852 τὰ
3149 3800 3278 3870 ἔθνη
3313 3800 3521 3872 ἐμπρο-

1947 3889 2072 3942 σθεν
2105 3887 2295 3952 αὐτοῦ,
2332 3888 2428 3941 καὶ
2475 3889 2695 3958 ἀφοριεῖ
2753 3889 2950 3951 αὐτοὺς
2997 3890 3187 3960 ὥσπερ
3236 3893 3265 3944 6
3309 3895 3520 3963 ποιμὴν

1944 3978 2197 4046 ἀφορίζει
2238 3977 2307 4030 τὰ
2337 3976 2590 4046 πρόὸατα
2641 3977 2750 4030 ἀπὸ
2777 3980 2884 4029 τῶν
2917 3978 3143 4048 ἐρίφων,
3188 3981 3282 4033 καὶ
3326 3984 3520 4051 στήσει

1942 4070 2010 4123 τὰ
2095 4071 2193 4139 μὲν
2276 4068 2524 4139 πρόϐατα
2590 4069 2655 4120 ὲκ
2731 4069 2922 4134 δεξιῶν
2990 4071 3194 4135 αὐτοῦ,
3270 4076 3520 4128 τουτέστι

1942 4163 2070 4226 τούς
2149 4161 2434 4225 δικαίους,
2510 4160 2578 4212 τὰ
2652 4159 2709 4212 δὲ
2776 4159 2963 4228 ἐρίφια
3054 4159 3113 4224 ἐξ
3176 4162 3518 4228 εὐωνύμων,

1942 4255 2114 4326 ἤγουν
2189 4253 2315 4315 τούς
2385 4249 2771 4321 ἁμαρτωλούς.
2853 4251 2962 4303 Καὶ
3030 4251 3188 4304 δώσει
3247 4256 3357 4316 τοῖς
3417 4256 3518 4324 μὲν

1945 4344 2292 4416 ἁμαρτωλοῖς
2323 4344 2544 4396 κόλασιν
2575 4341 2816 4404 αἰώνιον,
2867 4344 2978 4405 τοῖς
3008 4343 3063 4395 δὲ
3104 4344 3336 4407 δικαίοις
3365 4345 3517 4413 ζωὴν

275 4447 437 4518 ignis,
489 4455 544 4499 et
593 4452 724 4496 rota:
787 4442 906 4509 ejus
948 4439 1086 4507 ignis
1134 4437 1380 4490 ardens:
1440 4436 1637 4491 ﬂuvius
1698 4437 1840 4507 ignis

1948 4438 2186 4508 αἰώνιον⁹
2222 4436 2316 4488 καὶ
2368 4433 2460 4488 τὸν
2523 4433 2886 4502 παράδεισον,
2951 4435 3043 4486 καὶ
3094 4435 3260 4487 πολλὰ
3313 4437 3516 4504 ἀγαθά.

275 4539 524 4596 trahebat
569 4532 884 4605 praecedens
930 4533 1107 4586 illum.
1162 4529 1304 4582 Mille
1343 4529 1511 4582 millia
1565 4530 1841 4583 ministra-

274 4633 407 4685 bant
447 4629 520 4682 illi
550 4668 564 4691 ,
619 4635 674 4678 et
710 4625 899 4677 decies
944 4631 1170 4676 centena
1222 4620 1392 4673 millia
1442 4619 1661 4674 stabant
1713 4632 1840 4674 ante

273 4728 452 4782 illum.
483 4721 641 4779 Judic
670 4736 758 4772 um
792 4716 1058 4780 Consedit,
1093 4723 1146 4768 et
1178 4712 1301 4768 libri
1342 4713 1515 4781 aperti
1562 4721 1710 4766 sunt.
1750 4713 1838 4768 Vi-

271 4817 466 4870 (lehnm
512 4813 566 4866 in
603 4811 836 4872 visione,
870 4817 926 4862 et
951 4823 1080 4862 ecce
1113 4820 1237 4860 cum
1298 4803 1534 4857 nubibus
1589 4803 1712 4858 coeli
1748 4820 1837 4857 ve-

272 4910 455 4964 niebat
490 4907 641 4974 quasi
678 4902 847 4956 Filius
874 4898 1137 4963 hominis,
1159 4906 1214 4952 et
1244 4912 1417 4966 usque
1447 4896 1514 4949 ad
1539 4896 1838 4966 Antiquum

273 5003 484 5055 dir-rum
515 4995 787 5067 pervenit,
821 5003 874 5048 et
919 5000 1045 5046 ante
1096 4992 1287 5045 faciem
1337 4990 1484 5045 illius
1530 4989 1679 5043 allati
1715 4999 1844 5044 sunt

273 5091 374 5146 illi.
417 5090 482 5142 Et
517 5087 619 5157 ipsi
656 5085 780 5138 data
803 5091 885 5137 est
913 5089 1158 5151 potestas
1188 5088 1243 5134 et
1269 5079 1463 5148 gloria,
1487 5088 1543 5132 et
1574 5092 1838 5148 regnum:

274 5194 327 5236 et
355 5194 544 5235 omnes
579 5176 792 5247 pepuli,
832 5173 1013 5228 tribus
1041 5181 1097 5226 et
1141 5172 1333 5240 linguae
1373 5169 1450 5223 illi
1495 5168 1758 5234 servient,
1787 5177 1842 5222 et

277 5282 520 5342 potestas
553 5270 700 5323 illius
731 5277 973 5336 potestas
992 5265 1348 5333 sempiterna,
1375 5276 1494 5331 quae
1527 5277 1633 5314 non
1658 5270 1839 5313 trans-

276 5364 404 5430 ibit,
434 5371 490 5416 et
528 5374 759 5431 regnum
810 5358 957 5413 illius
1000 5371 1107 5409 non
1165 5365 1572 5422 corrumpetur.
1615 5350 1842 5405 llorruit

273 5455 501 5523 spiritus
534 5466 711 5515 meus,
743 5463 844 5520 ego
880 5446 1070 5501 Daniel
1099 5447 1152 5498 in
1189 5445 1397 5499 visione
1427 5460 1566 5507 utea,
1595 5452 1648 5496 et
1669 5442 1840 5494 visio-

274 5555 373 5596 nes
405 5541 602 5611 capitis
632 5541 738 5593 mei
765 5537 1231 5608 perturbaverunt
1270 5549 1358 5590 me
1388 5535 1453 5587 ’⁷.
1502 5552 1520 5582 ι
1565 5532 1670 5587 Sed
1710 5547 1836 5587 ecce

381 5699 428 5732 "
461 5696 621 5768 Osee,
652 5713 750 5766 xu,
789 5698 877 5754 10.
981 5699 1026 5730 ’⁸
1064 5697 1254 5755 Matth.
1275 5709 1416 5768 _xxv,
1454 5693 1544 5762 5|,
1577 5693 1663 5751 '52.

1960 4529 2119 4608 Ἀλλὰ
2148 4529 2241 4581 καὶ
2271 4526 2468 4594 Δανιὴλ
2507 4525 2707 4578 οὐτωσί
2759 4540 2951 4593 φησιν’
3006 4543 3025 4577 t
3070 4526 3371 4597 Ἐθεώρουν
3413 4529 3512 4588 ἕως,

1945 4616 2005 4675 οὐ
2065 4619 2243 4689 θρόνοι
2297 4617 2598 4686 ἐτέθησαν,
2642 4616 2732 4667 καὶ
2769 4616 2798 4668 6
2839 4616 3074 4679 Παλαιὸς
3123 4617 3232 4669 τῶν
3293 4617 3510 4687 ἡμερῶν

1943 4710 2217 4764 ἐκάθισεν.
2266 4708 2324 4760 '0
2350 4707 2537 4776 θρόνος
2572 4705 2738 4758 αὐτοῦ
2771 4706 2902 4758 ὡσεὶ
2926 4706 3058 4774 φλόξ
3093 4708 3285 4776 πυρὸς,
3313 4709 3362 4760 οἱ
3388 4724 3511 4778 τρο-

1943 4804 2028 4875 χοὶ
2079 4799 2243 4854 αὐτοῦ
2281 4798 2391 4869 πῦρ
2448 4797 2667 4866 φλέγον,
2708 4797 2952 4864 ποταμὸς
2987 4799 3158 4866 πυρὸς
3209 4792 3357 4848 εἷλκε
3416 4812 3520 4848 πο-

1953 4893 2244 4964 ρευόμενος
2292 4889 2602 4958 ἔμπροσθεν
2641 4887 2828 4956 αὐτοῦ,
2870 4887 3037 4956 χίλιαι
3087 4887 3321 4955 χιλιάδες
3377 4887 3522 4939 ἑλει·

1941 4983 2208 5054 τούργουν
2241 4978 2411 5048 αὐτῷ.
2439 4980 2534 5029 καὶ
2565 4978 2756 5047 μύριαι
2789 4976 3046 5045 μυριάδες
3076 4978 3522 5045 παρεστήκεισαν

1941 5074 2110 5143 αὐτῷ.
2150 5071 2452 5140 Κριτήριον
2485 5068 2707 5121 ἐκάθισε
2735 5106 2748 5130 ,
2803 5069 2895 5120 καὶ
2933 5066 3106 5136 βίϐλοι
3139 5067 3519 5136 ἀνεῴχθησαν.

1962 5165 2260 5232 Ἐθεώρουν
2293 5164 2350 5213 ὲν
2389 5161 2651 5228 ὁράματι,
2685 5160 2778 5210 καὶ
2820 5158 2929 5211 ἰδοὺ
2965 5159 3100 5226 μετὰ
3133 5157 3237 5209 τῶν
3273 5157 3520 5226 νεφελῶν

1945 5257 2041 5310 τοῦ
2074 5256 2326 5326 οὐρανοῦ.
2359 5253 2434 5314 th;
2467 5251 2592 5314 Υἱὸς
2642 5249 2932 5320 ἀνθρώπου
2983 5249 3271 5318 ἐρχόμενος
3303 5244 3391 5317 ἦν,
3425 5247 3522 5298 καὶ

1948 5349 2052 5412 ἕως
2078 5346 2172 5400 τοῦ
2202 5342 2440 5398 Παλαιοῦ
2485 5343 2593 5394 τῶν
2623 5342 2842 5411 ἡμερῶν
2865 5340 3121 5409 ἔφθασεν,
3154 5341 3247 5391 καὶ
3285 5340 3523 5390 ἐνώπιον

1947 5441 2112 5495 αὐτοῦ
2139 5437 2593 5509 προσηνέχθησαν
2621 5434 2793 5503 αὐτῷ,
2829 5433 2924 5486 καὶ
2951 5431 3101 5501 αὐτῷ
3139 5430 3291 5499 ἐδόθη
3317 5431 3348 5499 ἡ
3371 5431 3521 5499 ἀρχὴ

1947 5530 2100 5599 καὶὴ
2134 5528 2271 5597 τιμὴ
2320 5528 2414 5579 καὶ
2445 5528 2476 5596 ἡ
2511 5523 2779 5594 βασιλεία,
2815 5525 2906 5576 καὶ
2937 5521 3136 5584 πάντες
3167 5521 3217 5572 οἱ
3244 5520 3386 5586 λαοὶ,
3420 5535 3520 5586 φυ-

1774 5696 1817 5727 "
1859 5693 1999 5748 Dan.
2035 5704 2134 5754 vn,
2167 5686 2322 5743 9—15.
