3970 6212
331 347 432 411 497

1283 358 1584 420 CONTRA
1622 358 2109 420 MAIIOMETEM
2152 359 2527 422 APOLOGIA
2573 363 2654 422 Il.

3479 369 3585 432 ωδ

331 463 441 526 λαὶ,
471 462 716 529 γλῶσσαι
751 463 900 536 αύτῷ
925 466 1294 535 δουλεύσουσι,
1319 475 1413 526 καὶ
1443 475 1475 544 ή
1501 475 1720 538 ἐξουσία
1747 472 1912 526 αὐτοῦ

2019 471 2312 544 diligenter
2365 474 2645 539 observa,
2692 490 2811 545 qua:
2867 475 2956 531 hic
3019 493 3046 530 a
3111 477 3374 549 prophaa
3441 481 3582 535 dictu

330 557 554 622 ἐξουσία
587 557 827 623 αἰώνιος,
856 560 979 629 ἥτις
1012 562 1070 615 ού
1114 565 1532 632 παρελεύσεται,
1563 568 1656 619 καὶ
1681 570 1714 636 ή
1747 567 1905 633 βασι·

331 648 451 701 λεία
495 650 665 703 αὑτοῦ
706 651 767 704 ού
818 652 1276 736 διαςζθαρήσεται.
1310 660 1539 728 Ἐφριξε
1589 661 1648 712 τὸ
1687 659 1908 729 πνεῦμά

333 755 460 804 μου,
487 739 598 806 ἐγὼ
621 741 818 809 Δανιὴλ
850 744 910 794 ἂν
939 747 1004 813 τῇ
1039 745 1158 813 ὕψει
1193 765 1314 814 μου,
1354 751 1450 802 καὶ
1473 750 1530 802 αι
1557 750 1776 820 ὁράσεις
1807 749 1906 818 τῆς

334 831 571 898 κεφαλῆς
607 848 709 898 μοι)
747 835 1150 899 συνετάρασσόν
1174 854 1262 904 με.
1301 857 1320 888 ι
1359 839 1462 892 Καὶ
1489 839 1599 893 ἰδοὺ
1637 841 1904 909 πρόσεξον

331 917 600 986 ἀκριϐῶς,
632 920 700 971 τὰ
739 922 892 991 παρά
920 924 1014 976 τοῦ
1049 927 1330 995 προφήτου
1373 927 1652 999 λεχθέντα.
1701 931 1904 984 Ἐθεώ-

332 1026 485 1079 ρουν,
525 1014 706 1080 φησ“;ν,
745 1007 934 1076 ἕωςνοῦ
965 1018 1140 1084 θρόνοι
1171 1020 1460 1089 ἐτέθησαν,
1495 1024 1587 1076 καὶ
1615 1026 1642 1076 6
1670 1023 1905 1088 Παλαιὸς

331 1099 438 1151 τῶν
457 1101 683 1170 ήμερῶν
713 1096 957 1158 ἐκάθισεο
987 1108 1085 1170 Τίς
1124 1110 1274 1165 ἐστιν
1305 1112 1333 1164 6
1365 1113 1602 1178 Παλαιὸς
1624 1114 1736 1167 τῶν
1765 1116 1905 1185 ἡμε-

332 1193 470 1260 ρῶν;
517 1197 576 1248 'O
608 1197 759 1260 Θεὸς.
811 1199 967 1261 Τίνες
1015 1203 1395 1272 ἐλειτούργουν
1419 1207 1591 1278 αὐτῷ,
1623 1210 1906 1262 τουτέστιν

331 1280 643 1349 ἐδούλευονς
683 1287 776 1338 καὶ
825 1287 969 1352 τίνες
997 1293 1049 1343 0i
1090 1296 1477 1364 περιστάμενοι
1509 1297 1679 1367 χίλιαι
1729 1300 1908 1367 χιλιάοο

333 1371 448 1437 δες,
480 1377 577 1426 καὶ
607 1376 799 1445 μύριαι
838 1381 1136 1450 μυριάδεςς
1194 1387 1401 1450 Πάντες
1447 1390 1690 1458 ἄγγελοι.
1752 1393 1907 1446 Ποῖόν

331 1464 450 1553 ἐστι
477 1466 538 1518 τὸ
571 1472 887 1538 κριτήριονς
940 1474 1108 1528 Οὐδὲν
1136 1477 1266 1530 ἄλλο
1300 1478 1416 1531 ἀλλ’
1451 1480 1481 1549 ἢ
1520 1483 1578 1533 τὸ
1621 1486 1906 1553 κριτήριον

331 1552 536 1609 ὸεῖπεν
558 1559 586 1609 6
610 1561 774 1615 Δαϐὶδ
804 1565 931 1634 περὶ
957 1566 1053 1619 τοῦ
1079 1569 1339 1637 Χριστοῦ,
1363 1572 1446 1627 ὃτι
1473 1575 1690 1645 ἔρχεται
1720 1581 1906 1648 κρῖναι

332 1647 434 1739 τὴν
467 1647 592 1739 γῆν,
631 1655 813 1720 κρῖναι
841 1655 937 1725 τὴν
979 1658 1332 1730 οἰκουμένην.
1370 1665 1480 1718 Καὶ
1510 1670 1538 1720 6
1578 1647 1906 1739 (16:6;7Xpt-

337 1737 459 1831 στὸς
503 1734 629 1792 εἷπε
664 1746 795 1812 περὶ
825 1745 1022 1799 ἑαυτοῦ
1057 1749 1140 1802 ὅτι
1173 1754 1230 1804 ἐν
1280 1755 1474 1822 ἐκείνῳ
1519 1757 1598 1827 τῷ
1632 1734 1902 1831 κριτηρ-ιῳ

337 1830 523 1897 μέλλει
549 1833 759 1899 κρίνειν
798 1837 980 1889 πᾶσαν
1006 1841 1106 1907 τὴν
1135 1843 1261 1908 γῆν.
1297 1845 1392 1896 Ἕν
1422 1846 1532 1913 γὰρ
1569 1849 1663 1902 καὶ
1695 1850 1756 1902 τὸ
1776 1830 1909 1905 αὐτό

338 1921 450 1971 ἐστι
482 1924 770 1993 κριτήριον
805 1927 1019 1998 Πατρός
1051 1947 1110 1982 τε
1151 1934 1246 1985 καὶ
1276 1935 1428 1990 Υιοῦ.
1470 1939 1626 2001 Uolo;
1671 1940 1728 1993 δέ
1760 1944 1908 1996 ἐστιν

337 2013 362 2061 6
384 2010 613 2102 πύριως
669 2019 933 2084 ποταμὸς,
965 2019 1025 2071 ὃν
1049 2017 1193 2074 εἶδεν
1222 2025 1250 2075 6
1284 2028 1573 2098 προφήτης
1609 2035 1910 2102 πορευομε-

341 2116 420 2152 νον
444 2100 758 2171 ἔμπροσθεν
786 2108 881 2160 τοῦ
906 2110 1144 2163 Παλαιοῦ
1177 2113 1287 2166 τῶν
1319 2117 1575 2186 ήμερῶνς
1610 2120 1670 2176 Ὀ
1699 2100 1909 2186 μέλλων

344 2191 688 2284 ύποδέξεσθαι
719 2198 810 2250 τὸν
839 2199 1086 2256 διάϐολον
1117 2206 1212 2258 καὶ
1242 2208 1453 2272 πάντας
1487 2213 1616 2274 τοὺς
1650 2213 1910 2284 ἁμαρτω-

351 2283 482 2346 λούς.
519 2287 628 2340 και
662 2291 806 2354 τίνες
851 2293 989 2348 εισιν
1036 2298 1094 2350 αι
1133 2299 1326 2368 βίσλοι,
1382 2303 1583 2367 αἵτινες
1631 2283 1910 2378 ἀνεῴχθη-

366 2389 484 2434 σανς
521 2378 682 2432 Οὐδὲν
712 2382 842 2436 ἄλλο
876 2384 908 2453 ἦ
943 2388 999 2440 αἱ
1031 2388 1141 2440 τῶν
1175 2392 1483 2462 ἀνθρώπων
1521 2397 1771 2465 πράξεις,
1823 2402 1899 2454 αἵ-

367 2479 496 2560 τινες
516 2470 764 2530 μέλλουσι
795 2475 1253 2549 ἀποκαλυφθῆναι
1285 2485 1341 2535 ὲν
1373 2487 1449 2553 τῷ
1483 2489 1661 2556 καιρῷ
1688 2492 1906 2560 ἐκείνῳ.

364 2553 502 2654 ibit);
527 2559 580 2612 δέ
612 2563 764 2615 ἐστιν
794 2567 821 2617 ὁ
870 2569 984 2630 υἱὸς
1011 2571 1105 2622 τοῦ
1144 2574 1458 2643 ἀνθρώπου,
1493 2579 1552 2632 ὃν
1582 2553 1724 2635 εἶδεν
1754 2586 1813 2635 ὲν
1842 2553 1906 2654 τῇ

355 2645 526 2747 ὁράσει
557 2654 720 2706 αὐτοῦ
750 2657 777 2708 6
813 2653 1009 2730 Δανιὴλ
1042 2641 1338 2734 ἐρχόμενον
1373 2671 1512 2737 μετὰ
1540 2675 1644 2725 τῶν
1676 2641 1910 2742 νεφελῶν

349 2753 431 2789 του
454 2741 814 2810 ούρανοῦ,κα“ι
831 2751 1115 2818 φθάσαντα
1140 2757 1244 2821 ἕως
1275 2760 1371 2813 τοῦ
1397 2764 1629 2818 παλαιοῦ
1651 2769 1758 2820 τῶν
1777 2771 1912 2840 ήμεο

346 2836 464 2929 μῦν,
485 2836 620 2929 πρὸς
637 2836 695 2889 ὃν
711 2842 803 2892 καὶ
825 2842 978 2912 ἐδόοη
997 2847 1028 2915 ή
1049 2845 1190 2919 ἀρχὴ
1209 2853 1301 2904 καὶ
1318 2856 1450 2923 τιμὴ
1475 2858 1566 2909 καὶ
1586 2859 1617 2928 ἡ
1644 2836 1908 2929 βασιλεία,

344 2925 430 3022 καὶ
469 2927 674 2990 πάντες
707 2932 757 2983 οἱ
795 2933 934 3000 λαοὶ,
971 2943 1157 3006 φυλαὶ,
1193 2943 1462 3010 γλῶσσαι,
1500 2948 1640 3003 ὥστε
1674 2971 1914 3022 προσκυ-

344 3013 502 3079 νῆσαι
535 3019 632 3069 καὶ
654 3021 942 3077 δουλεῦσαι
967 3029 1139 3099 αὐτῷ,
1172 3033 1268 3087 καὶ
1295 3036 1327 3105 ή
1358 3036 1574 3101 ἐξουσία
1600 3013 1767 3094 αὐτοῦ
1797 3047 1911 3099 ἐστι

2009 573 2173 621 sunt:
2212 567 2496 632 Videbam,
2541 568 2738 637 inquit,
2793 567 2967 624 donec
3010 569 3208 641 throni_
3238 583 3368 627 sunt
3422 590 3587 643 appo-

2009 658 2118 722 siti,
2149 656 2500 726 etAutiquus
2545 658 2758 713 dierum
2807 660 3076 715 consedit.
3113 661 3249 727 Quis
3297 673 3380 718 est
3425 663 3589 718 Anti—

2008 763 2150 818 quus
2183 748 2436 802 dierum?
2479 749 2643 805 Deus.
2690 748 2922 818 Quinam
2977 753 3448 818 ministravcrunt,
3500 757 3582 808 vel

2009 841 2326 898 servierunt
2369 843 2468 910 illi,
2521 853 2578 897 et
2611 843 2836 912 quinam
2882 853 3010 897 sunt
3038 853 3281 898 astantes
3332 845 3405 898 illi
3438 845 3587 898 mille

2009 936 2178 991 millia
2210 977 2226 1002 ,
2265 946 2320 992 et
2361 938 2549 992 decies
2608 944 2841 990 centena
2875 935 3095 989 millia?
3124 935 3327 991 Omnes
3378 938 3584 1006 angeli.

2009 1027 2180 1092 Quale
2205 1036 2289 1081 est
2316 1028 2417 1081 hoc
2441 1025 2753 1095 judicium?
2779 1023 2939 1077 Aliud
2977 1023 3186 1078 nullum
3219 1034 3585 1092 prmterquam

2008 1120 2152 1188 quod
2189 1118 2358 1173 David
2406 1119 2659 1188 praedixit
2692 1118 2758 1172 de
2798 1116 3041 1182 Christo,
3086 1117 3231 1185 quod
3279 1117 3462 1170 veniat
3508 1116 3574 1170 ad

2004 1209 2359 1280 judicandum
2432 1219 2663 1274 terram,
2705 1208 2769 1262 ad
2828 1207 3185 1278 judicandum
3241 1207 3466 1272 urbem;
3530 1218 3585 1262 et

2009 1301 2125 1370 ipse
2157 1299 2414 1355 Christus
2441 1299 2509 1353 de
2540 1315 2598 1353 se
2629 1299 2788 1360 dicit,
2819 1299 2961 1366 quod
2988 1296 3042 1349 iu
3079 1297 3171 1350 illo
3199 1295 3407 1365 judicio
3436 1295 3585 1363 judi-

2008 1391 2180 1446 canda
2223 1389 2294 1444 sit
2322 1391 2502 1444 omnis
2546 1399 2711 1444 terra.
2763 1388 2942 1443 Unum
3002 1386 3151 1441 enim
3195 1385 3452 1454 idemque
3504 1395 3588 1438 ost

2009 1484 2187 1539 Patris
2223 1492 2279 1538 et
2314 1482 2436 1536 Filii
2487 1481 2778 1550 judicium.
2811 1479 2944 1544 Quis
2975 1494 3106 1532 vero
3143 1488 3226 1532 est
3256 1476 3455 1530 ﬂuvius
3498 1477 3586 1529 ille

2012 1576 2227 1644 igneus,
2258 1588 2422 1642 quem
2451 1583 2576 1626 ante
2611 1571 2916 1639 Autiqnum
2960 1568 3180 1624 dierum
3213 1567 3584 1637 egredientem

2011 1666 2145 1718 vidit
2196 1664 2507 1734 propheta?
2554 1661 2651 1717 llic
2716 1661 3000 1725 nimirum,
3047 1659 3139 1729 qui
3196 1658 3474 1713 diaboluzu
3531 1667 3587 1711 et

2010 1771 2201 1811 omnes
2265 1765 2583 1826 peccatores
2624 1763 2958 1823 excepturus
3011 1761 3114 1807 est.
3166 1751 3398 1817 Quinam
3459 1750 3585 1804 libri
3687 1823 3692 1828 _

2011 1856 2141 1902 sunt
2176 1861 2316 1916 quos
2342 1856 2563 1915 apertos
2583 1861 2705 1901 esse
2737 1844 3013 1914 legimus?
3055 1843 3172 1913 Ipsa
3203 1844 3462 1896 nimirum
3487 1843 3585 1894 ho-

2010 1941 2219 1994 minum
2265 1938 2532 2015 facinora,
2571 1951 2692 2007 qua:
2742 1937 2924 1990 omnia
2969 1936 3023 1990 in
3066 1936 3154 1990 die
3191 1935 3284 1989 illo
3335 1944 3586 2001 retegeno

2013 2039 2123 2086 tur.
2150 2029 2286 2096 Quis
2319 2045 2452 2084 vero
2498 2039 2586 2084 est
2637 2030 2812 2085 Filius
2855 2027 3116 2095 immittis,
3148 2043 3309 2098 quem
3352 2026 3488 2080 vidit
3535 2026 3585 2077 iu

2012 2121 2361 2174 visione-sua
2396 2119 2582 2174 Daniel
2633 2121 2942 2173 venientem
2984 2117 3036 2170 in
3074 2117 3316 2171 nubibus
3355 2115 3501 2176 cmli,
3533 2121 3588 2165 et

2013 2212 2414 2282 pertingentem
2467 2225 2642 2280 usque
2707 2210 2774 2263 ad
2828 2209 3133 2277 Autiquum
3183 2208 3438 2260 dierum?
3497 2206 3586 2258 cui

2010 2304 2174 2359 etiam
2205 2303 2364 2356 datus
2405 2311 2486 2354 est
2513 2301 2876 2370 principatus,
2925 2298 3102 2352 honor
3148 2306 3203 2351 et
3240 2311 3488 2364 regnum,
3531 2305 3589 2347 et.

2011 2405 2206 2446 omnes
2236 2389 2421 2459 populi
2469 2389 2645 2443 tribus
2688 2398 2744 2443 et
2797 2389 2998 2459 lingua:
3041 2387 3273 2442 adorant
3307 2388 3482 2451 illum,
3533 2399 3589 2442 et

2013 2483 2262 2538 serviunt
2292 2481 2410 2535 illi:
2453 2491 2507 2535 et
2551 2482 3017 2550 cujus‘potestas,
3057 2490 3300 2548 potestas
3335 2491 3419 2534 est
3448 2497 3592 2534 sem-

2011 2576 2245 2645 piterna,
2274 2590 2394 2644 quae
2443 2589 2552 2627 non
2583 2574 2861 2636 transibit,
2903 2581 2960 2627 et
3006 2573 3164 2642 cujus
3213 2588 3441 2640 regnum
3480 2589 3589 2626 non

2013 2665 2442 2734 corrumpetur?
2487 2663 2779 2718 Sutiiciens
2807 2672 2956 2718 certe
3002 2664 3115 2717 hare
3165 2664 3452 2732 prophetia
3485 2674 3593 2726 est,-

2013 2767 2072 2812 ut
2101 2757 2263 2811 etiam
2301 2756 2462 2826 plane
2493 2755 2775 2824 stupidum
2801 2755 2865 2808 ad
2894 2769 3115 2808 sensum
3149 2753 3430 2808 meliorem
3466 2770 3595 2823 pe:-

2013 2849 2216 2902 ducere
2245 2855 2451 2917 posset,
2495 2854 2556 2899 ut
2594 2845 2927 2914 intelligeret
2972 2843 3254 2899 Christum
3289 2845 3487 2898 Filium
3537 2853 3596 2898 et

2014 2940 2252 2996 Verbum
2299 2938 2392 2993 Dei
2437 2951 2581 3003 esse,
2615 2936 2708 3006 qui
2741 2935 3052 2992 subvehens
3097 2936 3152 2990 in
3203 2937 3372 2989 altum
3417 2937 3594 2988 tomi-

2016 3049 2140 3087 nem
2177 3047 2338 3092 quem
2383 3027 2718 3098 assumpsit,
2777 3027 3037 3081 subduxit
3093 3027 3243 3080 illum
3305 3025 3359 3080 in'
3415 3029 3595 3080 nubes

339 3103 558 3203 650mm:
587 3111 826 3176 αἰώνιος,
864 3117 986 3184 ἥτις
1023 3123 1085 3173 οὐ
1127 3126 1547 3195 παρελεύσεται,
1580 3135 1725 3202 καὶὴ
1755 3136 1907 3203 βασιο

2020 3124 2142 3179 ςωιί
2175 3123 2241 3176 ad
2277 3123 2446 3176 Deum
2468 3131 2518 3177 et
2558 3121 2777 3175 Patrem
2825 3135 2983 3173 suum
3016 3135 3029 3172 :
3075 3129 3130 3173 et
3161 3119 3286 3173 huic
3324 3119 3481 3173 datus
3514 3129 3598 3173 cst

339 3194 454 3292 λεία
487 3201 660 3254 αὐτοῦ
693 3204 754 3255 ού
788 3206 1255 3281 διαφθαρήσεται;
1302 3194 1539 3282 Πάντως
1569 3194 1730 3292 ἱκανή
1755 3194 1916 3279 ¹ἐστιν

335 3289 381 3388 ἠ.
398 3294 717 3388 προφητεία
741 3297 901 3388 αῦτη,
927 3301 1014 3355 ἴνα
1050 3306 1143 3357 καὶ
1166 3307 1340 3378 πάντη
1361 3311 1452 3363 τὸν
1476 3312 1702 3380 ἀνόητον
1722 3289 1907 3388 άγάγῃ

337 3377 730 3474 εὶςᾲαῖσθησιν,
762 3387 856 3439 καὶ
886 3391 1055 3462 νοήσῃ
1095 3395 1178 3447 ὅτι
1219 3376 1380 3461 αὐτος
1429 3376 1646 3456 ἑστιν-ὸ
1677 3376 1914 3474 Χριστὸς

331 3469 359 3519 6
394 3468 526 3534 Υιὸς
561 3475 654 3525 καὶ
681 3475 850 3543 Λόγος
886 3481 982 3534 τοῦ
1033 3484 1189 3548 Θεοῦ,
1227 3490 1255 3540 6
1302 3490 1644 3556 ἀναϐιϐάσας
1687 3468 1778 3549 τὸν
1815 3468 1915 3551 ἄνζ

333 3556 590 3661 tipatam:
626 3563 687 3661 ὃν
716 3567 1010 3661 άνελάϐετο
1061 3578 1156 3628 καὶ¹
1197 3578 1476 3650 ἀνήγαγεν
1503 3585 1732 3640 ἐπὶ-τῶν
1762 3606 1917 3655 νεφε-

331 3651 442 3743 λιῦν
475 3651 581 3703 τοῦ
620 3655 855 3723 ούρανοῦ
904 3663 981 3732 τῷ
1031 3664 1150 3736 Θεῷ
1203 3673 1299 3722 καὶ
1335 3672 1514 3743 Πατρὶ
1565 3675 1753 3732 αὑτοῦ.
1806 3651 1917 3732 Καὶ

328 3739 485 3838 αὐτῷ
513 3745 679 3838 εδειοη
735 3751 767 3819 ή
814 3754 968 3823 τιμὴ,
1023 3760 1114 3810 και
1150 3761 1182 3831 ή
1214 3762 1374 3832 ἀρχὴ,
1425 3739 1520 3818 κει
1568 3770 1598 3837 ή
1645 3769 1917 3838 βασιλεία,

329 3836 427 3888 καὶ
458 3837 624 3906 αὐτῷ
665 3846 1080 3918 προσεκύνησαν
1122 3855 1321 3919 πάντες
1350 3836 1594 3924 ἄγγελοι
1619 3836 1777 3927 Θεοῦ,
1823 3865 1918 3916 καὶ

326 3927 486 4020 αὐτῷ
523 3935 950 4005 προσεκύνησαν
993 3943 1167 3996 πᾶσαι
1216 3946 1275 3997 αἱ
1309 3947 1472 4016 φυλαὶ
1519 3953 1615 4004 καὶ
1649 3954 1922 4020 γλῶσσαι,

327 4019 528 4117 καθὼς
568 4027 663 4077 καὶ
695 4028 752 4080 ὲν
789 4033 901 4094 τοῖς
950 4034 1261 4105 ἔμπροσθεν
1311 4041 1359 4093 οι
1405 4019 1681 4111 προφῆται
1719 4047 1922 4117 ὲκήρυ·

326 4112 455 4203 ξαν.
491 4117 617 4168 Καὶ
650 4121 810 4184 αὑτός
835 4124 987 4177 ἐστιν
1018 4130 1044 4179 6
1073 4129 1305 4194 καθίσας
1335 4133 1399 4185 ἐκ
1427 4134 1618 4198 δεξιῶν
1641 4135 1734 4188 τοῦ
1759 4112 1917 4203 Θεοῦ,

429 4206 461 4256 6
496 4205 674 4298 Δαϐὶδ
701 4209 868 4278 λέγει.
911 4216 1019 4269 Καὶ
1058 4219 1224 4273 αὐτοῦ
1257 4223 1406 4276 ἐστιν
1441 4228 1473 4294 ή
1520 4227 1735 4290 αἰώνιος
1767 4201 1923 4298 βασιέ

322 4295 475 4360 λεία,
563 4297 683 4367 ἥτις
724 4305 782 4355 οὐ
845 4309 1264 4376 παρελεύσεται.
1309 4317 1416 4368 Καὶ
1457 4317 1624 4370 αὐτοῦ
1678 4295 1828 4374 ἐστιν
1888 4326 1919 4393 ή

322 4389 594 4452 ἐξουσία,
626 4391 750 4462 ἥτις
783 4396 842 4448 ού
888 4398 1338 4472 διαφθαρήσεται,
1391 4407 1581 4478 ἑτέρου
1625 4410 1680 4462 δὲ
1714 4389 1922 4482 άνθρώλ

322 4500 434 4538 που
474 4485 767 4555 οὐδαμῶς.
802 4492 940 4546 Οὐδὲ
976 4495 1085 4564 γάρ
1131 4499 1399 4567 ἐγεννήθη
1455 4501 1561 4571 πρὸ
1617 4503 1712 4555 τοῦ
1773 4505 1923 4574 ἡλίου
1960 4495 2002 4550 Ῑ)

321 4576 662 4646 ἄνθρωπος,
704 4582 820 4634 ἀλλ’
854 4585 882 4636 6
930 4586 1056 4648 Υἱὸς
1111 4589 1204 4642 καὶ
1255 4591 1426 4658 Λόγος
1474 4593 1569 4646 τοῦ
1609 4594 1766 4660 Θεοῦ,
1797 4596 1932 4650 καθὸ

321 4668 495 4732 Θεὸς,
537 4669 604 4721 ού
661 4671 794 4726 καθὸ
841 4674 1148 4746 ἄνθρωπος’
1194 4681 1317 4734 οὐδὲ
1365 4684 1474 4752 γὰρ
1511 4684 1734 4738 δύναται
1781 4686 1928 4756 ἔχειν

323 4760 608 4826 ἐξουσίαν
671 4767 892 4822 αἰώνιον
945 4773 1254 4845 ἄνθρωπος,
1305 4779 1424 4832 οὐδὲ
1473 4780 1755 4849 βασιλειαν
1797 4782 1932 4834 άσάρ

323 4856 538 4908 λευτον
573 4857 734 4923 ἄλλος
766 4861 880 4912 ἀλλ’
911 4863 943 4932 ἢ
973 4867 1135 4934 μόνον
1163 4869 1191 4919 6
1219 4868 1526 4939 ἄνθρωπος,
1554 4871 1613 4925 ὃν
1632 4872 1928 4925 άνελάϐετο

322 4949 352 4998 6
409 4948 559 5009 Υἱὸς
593 4951 687 5000 καὶ
739 4954 912 5019 Λόγος
943 4955 1037 5007 τοῦ
1092 4956 1252 5017 Θεοῦ,
1288 4961 1381 5013 καὶ
1435 4961 1581 5014 ἔστιν
1623 4962 1926 5031 άχὼριστος

324 5039 520 5108 αὐτῷ.
562 5040 748 5094 Ταῦτα
775 5044 952 5096 πάντα
987 5046 1110 5099 ὶδὼι
1160 5050 1188 5100 6
1241 5049 1463 5120 Δανιὴλ,
1505 5053 1602 5103 καὶ
1641 5050 1928 5122 θαυμάσας

325 5130 438 5198 μὲν
474 5130 566 5192 ὡς
601 5131 772 5195 εἰκὸς,
816 5135 890 5202 μὴ
935 5134 1185 5206 δυνηθεὶς
1226 5139 1283 5191 δὲ
1331 5140 1667 5210 κατανοῆσαι
1702 5143 1760 5193 τὸ
1788 5141 1932 5207 μέγα

325 5222 434 5273 καὶ
471 5222 792 5289 παράδοξον
823 5224 982 5278 τοῦτο
1022 5227 1203 5296 θαῦμα
1255 5230 1348 5282 καὶ
1404 5232 1721 5300 μυστήριον,
1757 5227 1930 5297 εἶπεν,

330 5329 351 5364 ι
402 5312 658 5382 Ἐφριξε
713 5315 774 5367 τὸ
819 5317 1036 5387 πνεῦμά
1069 5337 1190 5390 μου,
1237 5320 1348 5388 ἐγὼ
1393 5321 1592 5390 Δανιὴλ
1619 5323 1678 5373 ὲν
1708 5325 1777 5392 τῇ
1813 5322 1930 5391 ὄψει

327 5425 472 5475 μου,
505 5407 618 5460 καὶ
648 5409 702 5460 αἱ
733 5409 953 5478 ὁράσεις
984 5413 1078 5477 τῆς
1120 5411 1364 5482 κεφαλῆς
1393 5429 1494 5482 μου
1528 5412 1930 5482 συνετάρασσόν

2025 3216 2223 3276 honor,
2282 3222 2526 3282 potestas
2577 3221 2632 3266 et
2701 3227 2962 3282 regnum;
3034 3220 3089 3264 et
3150 3211 3298 3265 hunc
3362 3211 3597 3263 adorant

2023 3319 2215 3359 omnes
2241 3303 2415 3373 angeli
2449 3303 2576 3366 Dei;
2625 3302 2772 3355 hunc
2812 3303 2974 3355 etiam
3003 3303 3230 3356 adorant
3261 3317 3455 3354 omnes
3497 3301 3596 3354 tri-

2029 3397 2130 3450 bus
2161 3405 2214 3449 et
2246 3395 2462 3463 linguae,
2487 3393 2948 3462 quemadmodum
2987 3394 3039 3446 in
3063 3392 3440 3460 superioribus
3472 3408 3596 3459 pro-

2028 3489 2205 3557 phetze
2259 3486 2745 3556 prophetaverunt.
2800 3484 2866 3538 Et
2913 3485 3003 3539 ille
3051 3485 3273 3554 quidem
3327 3493 3444 3548 est,
3502 3481 3596 3551 qui

2027 3581 2277 3635 consedit
2311 3580 2378 3633 ad
2429 3578 2709 3632 dexteram
2765 3577 2903 3642 Dei,
2936 3578 3088 3646 juxta
3145 3577 3363 3631 Davidis
3404 3579 3598 3630 vatici-

2030 3674 2204 3737 nium,
2253 3681 2308 3726 et
2348 3672 2510 3742 hujus
2560 3685 2786 3740 regnum
2847 3678 2931 3724 est
2975 3669 3397 3737 sempiternum,
3450 3669 3597 3737 quod

2028 3779 2137 3820 non
2162 3764 2417 3819 transibit
2444 3779 2456 3815 :
2488 3770 2545 3816 et
2579 3761 2741 3832 hujus
2765 3770 2850 3815 est
2876 3769 3136 3830 potestas,
3171 3775 3292 3829 qua:
3325 3775 3431 3813 non
3475 3776 3596 3814 cor-

2026 3865 2333 3926 rumpetur.
2384 3853 2440 3906 In
2478 3853 2645 3906 alium
2699 3866 2830 3906 vero
2872 3851 3147 3905 hominem
3195 3851 3312 3905 haec
3369 3851 3596 3904 minime

2028 3955 2365 4017 competunt.
2397 3946 2515 4000 Non
2555 3944 2702 3999 enim
2745 3945 2906 3997 homo
2939 3944 3085 3998 ullus
3122 3954 3246 3997 ante
3293 3944 3464 3997 solem
3499 3959 3596 3995 na-

2031 4049 2120 4095 tus
2147 4048 2234 4093 est
2265 4056 2278 4091 :
2307 4052 2496 4091 verum
2527 4037 2677 4091 solus
2699 4036 2870 4091 Filius
2891 4047 2947 4090 et
2973 4036 3213 4091 Verbum
3249 4036 3367 4101 Dei,
3399 4050 3600 4090 secum-

2029 4133 2156 4187 dum
2216 4129 2360 4200 quod
2419 4130 2562 4184 Deus
2617 4138 2738 4193 est,
2797 4145 2901 4183 non
2951 4128 3251 4183 secundum
3305 4128 3598 4182 humanam

2029 4223 2179 4277 illius
2201 4231 2476 4274 naturam.
2507 4218 2703 4273 Nullus
2733 4221 2880 4274 enim
2913 4219 3056 4273 alius
3093 4218 3377 4272 hominum
3419 4228 3601 4284 potes-

2033 4320 2198 4366 tatem
2247 4310 2636 4378 sempiternam
2687 4318 2742 4363 et
2801 4324 3028 4379 regnum
3061 4310 3450 4366 inconcussum
3506 4311 3600 4362 ha-

2032 4402 2162 4456 bere
2215 4409 2412 4470 potest,
2461 4409 2656 4469 praeter
2712 4400 2887 4454 solum
2942 4401 3241 4463 hominem,
3292 4415 3452 4468 quem
3508 4416 3600 4453 as-

2029 4490 2262 4558 sumpsit
2311 4488 2482 4543 Filius
2523 4500 2578 4543 et
2623 4489 2862 4544 Verbum
2905 4488 3024 4555 Dei,
3059 4491 3152 4560 qui
3182 4491 3252 4543 ab
3305 4490 3399 4544 illo
3429 4491 3601 4543 etiam

2031 4582 2270 4651 separari
2312 4583 2524 4650 nequit.
2560 4581 2683 4635 Haec
2707 4582 2890 4635 omnia
2924 4580 3118 4636 videns
3162 4582 3371 4646 Daniel,
3401 4590 3460 4634 et
3501 4583 3598 4633 ad-

2029 4671 2260 4725 miratus
2303 4671 2438 4732 haec,
2479 4681 2536 4725 ut
2589 4688 2687 4740 par
2718 4680 2858 4735 erat,
2887 4687 3009 4726 cum
3042 4681 3222 4726 autem
3255 4687 3364 4724 non
3415 4679 3602 4738 posset

2030 4777 2283 4832 magnum
2319 4763 2454 4817 illud
2483 4773 2538 4817 et
2569 4763 2949 4818 inaestimabile
2977 4762 3301 4817 miraculum
3332 4770 3385 4815 et
3402 4769 3600 4830 myste-

2029 4852 2167 4906 rium
2233 4851 2539 4920 percipere,
2565 4853 2743 4906 dixit:
2784 4871 2812 4902 ι-
2863 4852 3090 4906 Horruit
3141 4853 3370 4920 spiritus
3419 4865 3596 4913 meus,

2031 4959 2130 5012 ego
2164 4942 2348 4997 Daniel
2396 4943 2450 4996 in
2500 4943 2708 4997 visione
2751 4958 2892 5005 mea,
2934 4942 3174 4996 visiones
3227 4941 3424 5007 capitis
3487 4941 3597 4992 mei

2033 5033 2502 5088 conturbaverunt
2547 5049 2652 5087 me.
2691 5052 2708 5085 ι
2757 5033 2912 5086 Hune
2942 5047 3072 5086 vero
3107 5045 3217 5101 quo
3252 5031 3368 5085 viso
3405 5030 3598 5084 Daniel

2033 5123 2123 5177 ille
2148 5137 2376 5192 magnus
2407 5123 2639 5192 spiritus
2665 5139 2766 5178 suo
2799 5123 3028 5187 horruit,
3051 5131 3108 5176 et
3133 5121 3373 5176 visiones
3401 5121 3599 5188 capitis

2029 5213 2112 5266 sui
2156 5213 2629 5267 Conturbaverunt
2683 5229 2834 5274 eum.
2877 5213 3206 5269 Musulmani
3261 5214 3429 5267 Deum
3476 5227 3598 5266 esse

2028 5313 2350 5375 pernegant.
2422 5305 2490 5359 Et
2547 5305 2670 5374 quis
2736 5314 2844 5360 tam
2903 5305 3179 5374 stupidus,
3232 5315 3293 5360 ut
3349 5320 3456 5358 non
3512 5305 3596 5358 vel

2031 5396 2263 5450 inaxime
2295 5395 2418 5450 illos
2447 5396 2936 5452 condemnaverit?

327 5517 427 5572 με.
473 5517 497 5551 ι
537 5497 642 5551 ’ον
663 5499 720 5553 δὲ
754 5501 876 5554 ἰδὼν
906 5503 1103 5574 Δανιὴλ
1131 5506 1158 5558 6
1190 5504 1384 5575 μέγας,
1416 5505 1604 5575 ἔφριξε
1621 5505 1682 5558 τὸ
1705 5503 1924 5574 πνεῦμα
1959 5502 2150 5569 αὑτοῦ,
2186 5504 2794 5577 καὶισυνεταράχθησαν
2858 5506 2916 5558 αἱ
2943 5506 3162 5576 ὁράσεις
3227 5505 3326 5573 τῆς
3366 5503 3600 5572 κεφαλῆς

321 5593 545 5658 αὑτοῦ,
587 5593 772 5646 τοῦτον
805 5597 857 5648 0i
881 5597 1294 5667 Μουτουλμάνοι
1328 5600 1426 5670 οὐχ
1478 5598 1799 5668 ὁμολογοῦσι
1817 5597 1990 5669 γΘεόν.
2035 5596 2146 5650 Καὶ
2175 5595 2257 5659 τις
2283 5595 2454 5652 οὕτω*
2482 5598 2823 5666 ἀναίσθητος,
2862 5599 3009 5662 ὅστις
3045 5599 3102 5651 οὐ
3143 5599 3215 5668 μὴ
3254 5595 3604 5668 καταγνώσες

265 5707 268 5710 '
325 5709 426 5745 ται
469 5690 935 5756 ὑπερϐαλλόντως
960 5691 1138 5746 αὐτῶν
1160 5708 1173 5758 ;
