3970 6212
400 330 509 400 493

858 446 1195 502 APOLOGIA
1242 446 1519 501 TERTIA.

402 538 553 605 Quod
581 552 691 610 post
730 540 938 593 Domini
962 542 1375 608 ossumptionem
1410 541 1684 594 duodecim
1714 541 1964 609 discipuli

469 632 612 685 illius
661 642 825 684 totum
884 632 1409 697 orbem'docuerint,
1472 633 1744 686 miraculis
1802 633 1964 687 simul

467 721 623 786 ﬁdem
650 739 801 775 suam
823 722 1218 790 conﬁrmontes.
1249 724 1375 776 Tum
1391 727 1453 777 de
1477 724 1704 793 Deipara
1736 725 1967 799 Virgine,

470 820 533 868 de
563 815 847 879 quaestione
880 814 1093 880 Christi,
1124 832 1274 869 cruce
1301 826 1349 869 et
1384 817 1629 885 imagine.

474 1011 523 1062 1.
551 1012 703 1075 Quod
754 1012 937 1079 itaque
984 1010 1232 1065 Christus
1262 1009 1431 1065 Filius
1479 1011 1595 1075 Dei,
1637 1021 1694 1066 et
1741 1013 1885 1067 Deus
1916 1021 1971 1067 et

402 1100 564 1151 homo
592 1115 622 1152 a
652 1101 858 1153 sanctis
892 1100 1053 1153 simul
1078 1110 1132 1153 et
1160 1100 1440 1169 prophetis
1483 1100 1729 1170 adeoque
1750 1101 1818 1155 ab
1853 1102 1971 1160 ipso

404 1190 515 1244 Deo
547 1190 706 1243 Patre
731 1189 1061 1257 [medicatus
1086 1189 1177 1251 sit,
1210 1188 1546 1243 sullieienter
1573 1190 1627 1242 in
1664 1190 1974 1258 praeceden-

407 1282 552 1333 tibus
582 1281 1102 1334 demonstravimus.
1138 1280 1293 1333 Nunc
1319 1295 1448 1333 vero
1479 1280 1708 1351 agedum
1743 1281 1975 1348 reliquis

403 1372 567 1425 etiam
604 1370 889 1434 discussis,
926 1370 1288 1439 inspiciamus
1316 1386 1377 1425 ea
1411 1387 1530 1440 qua:
1570 1372 1687 1426 haec
1718 1372 1971 1427 insecuta

405 1472 552 1527 sunt,
588 1463 824 1534 negotia.
859 1462 1111 1517 Christus
1153 1461 1297 1517 enim
1347 1480 1470 1517 cum
1526 1464 1867 1534 przedixissct
1916 1480 1975 1521 se

404 1572 761 1611 ascensurum
796 1557 861 1609 ad
894 1555 1109 1610 Patrem
1148 1571 1330 1618 suum,
1362 1556 1415 1609 in
1445 1558 1557 1624 ipsa
1582 1558 1976 1625 assumptionis

407 1647 544 1700 hora
604 1647 737 1700 dicit
793 1647 996 1700 sanctis
1037 1646 1160 1725 suis
1199 1645 1507 1715 discipulis,
1550 1656 1607 1700 et
1658 1647 1919 1715 apostolis
1957 1664 1970 1700 :

411 1758 429 1787 ι
489 1737 727 1790 Profecti
787 1738 839 1790 in
911 1736 1175 1789 mundum
1254 1739 1569 1790 universum
1654 1738 1975 1791 annuntiate

406 1828 764 1898 Evangelium
824 1829 971 1883 omni
1036 1838 1321 1883 creatura).
1396 1829 1499 1893 Qui
1556 1829 1858 1884 crediderit
1919 1839 1977 1884 et

406 1921 717 1989 baptizatus
748 1920 935 1984 fuerit,
976 1920 1318 1984 salvabitur;
1355 1921 1447 1988 qui
1475 1935 1605 1974 vero
1636 1936 1745 1973 non
1797 1920 1976 1975 credi-

405 2013 578 2075 derit,
627 2012 1103 2067 condemnabitur.
1161 2011 1268 2066 Vos
1307 2026 1438 2066 vero
1496 2011 1739 2066 desidete
1788 2011 1980 2066 Hiero-

406 2104 649 2172 solymis,
668 2106 843 2158 donec
868 2103 1170 2158 induamini
1191 2104 1389 2157 virtute
1417 2118 1481 2157 ex
1506 2104 1615 2157 alto
1630 2104 1695 2159 ³⁸.
1725 2124 1741 2154 ι
1768 2104 1976 2159 Etcum

406 2194 799 2260 adoravissent,
827 2195 1101 2250 abierunt.
1130 2195 1259 2249 Post
1282 2194 1399 2248 dies
1431 2210 1561 2248 vero
1588 2195 1818 2264 aliquot,
1851 2210 1979 2250 cum

406 2286 639 2357 apostoli
692 2288 1023 2342 unanimiter
1072 2286 1126 2340 in
1172 2287 1364 2342 eadem
1400 2287 1566 2342 domo
1600 2288 1977 2353 considerent,

407 2378 586 2433 factus
607 2388 691 2433 est
717 2394 885 2433 sonus
910 2394 1009 2432 ceu
1049 2377 1212 2433 ﬂatus
1242 2378 1480 2447 alicujus
1501 2378 1846 2434 vehementis
1877 2394 1891 2432 :
1924 2389 1980 2434 et

410 2474 604 2539 repleti
632 2482 759 2527 sunt
787 2488 979 2527 omnes
1005 2473 1187 2527 divina
1218 2475 1414 2544 gratia.
1434 2473 1553 2527 Non
1579 2475 1726 2544 quod
1760 2475 1981 2530 Christo

410 2564 590 2618 adhuc
619 2566 672 2617 in
724 2564 885 2619 terris
914 2567 1093 2633 agenti
1151 2566 1494 2634 impossibile
1543 2567 1709 2621 fuerit
1751 2568 1979 2638 gratiam

410 2655 519 2711 illis
543 2656 672 2708 dare
691 2655 755 2718 ”,
779 2656 872 2709 sed
907 2667 966 2709 ut
991 2671 1183 2709 omnes
1206 2657 1592 2727 intelligerent,
1618 2674 1785 2712 unum
1811 2660 1980 2713 Deum

408 2760 530 2799 esse
565 2755 621 2798 et
679 2746 891 2798 Patrem
948 2753 1004 2798 et
1050 2743 1269 2808 Filium,
1303 2754 1359 2799 et
1402 2759 1564 2798 unam
1623 2748 1984 2814 eamdemque

410 2837 591 2891 Patris
622 2844 677 2890 et
729 2835 845 2889 Filii
894 2843 1143 2888 naturam
1172 2843 1228 2887 et
1269 2838 1589 2903 potentiam.
1622 2836 1778 2891 Dedit
1833 2837 1981 2891 enim

410 2926 663 2979 Christus
687 2924 967 2993 apostolis,
991 2938 1115 2978 cum
1139 2924 1192 2977 in
1232 2924 1391 2977 terris
1420 2932 1623 2992 ageret.
1652 2924 1984 2978 virtutemet

412 3021 735 3082 potestatem
770 3030 788 3061 ι
828 3011 1068 3065 calcandi
1103 3025 1267 3077 super
1298 3019 1580 3079 serpentes
1621 3021 1678 3065 et
1713 3012 1979 3079 scorpios,

1604 334 1931 396 JOANNIS
1969 334 2491 401 CANTACUZENI
3500 356 3577 416 5ῡο

2003 449 2050 504 Λ

2555 457 2900 510 ΑΙῙΟΛΟΓΙΔ
2937 456 3177 520 ΤΡΙἸἫ..

2074 546 2205 601 ’Ὅτι
2231 551 2381 615 μετὰ
2421 548 2537 616 τὴν
2563 549 2670 602 τοῦ
2710 548 2943 617 Κυρίου
2979 549 3283 617 ἀνάληψιν
3309 554 3357 604 οἱ
3396 552 3588 608 δώδεκα

2136 640 2393 708 μαθηταὶ
2420 642 2606 696 αὑτοῦ
2628 640 2837 697 πᾶσαν
2854 642 2968 705 τὴν
2987 642 3333 707 οἰκουμένην
3350 643 3593 708 ἐδίδαξαν

2142 731 2266 797 τοῖς
2278 734 2537 802 θαύμασι
2558 734 2969 802 πιστούμενοι,
2985 733 3078 785 καί
3100 734 3229 799 περὶ
3250 733 3343 799 τῆς
3369 735 3445 786 ἀεί
3468 740 3594 802 Παρ-

2141 827 2318 879 θένου
2354 828 2667 888 Θεοτόκου,
2699 827 2785 879 ἐτι
2826 842 2889 879 τε
2922 825 3057 892 περι
3104 825 3213 892 τῆς
3248 827 3347 878 τοῦ
3376 827 3598 891 Χριστοῦ

2138 919 2501 987 ἐρωτήσεως,
2530 918 2625 972 καὶ
2654 917 2760 970 τοῦ
2791 918 3059 984 σταυροῦ
3081 917 3179 970 καὶ
3217 916 3327 970 τῶν
3362 918 3596 973 εἰκόνων.

2143 1013 2219 1065 α’.
2275 1014 2370 1065 Οτι
2393 1011 2491 1081 μέν
2518 1012 2545 1064 6
2561 1010 2793 1079 Χριστὸς
2828 1012 2855 1062 6
2874 1010 3001 1069 Υἱὸς
3030 1009 3123 1061 τοῦ
3142 1009 3273 1061 Θεοῦ
3292 1011 3378 1061 καὶ
3392 1009 3507 1070 Θεὸς
3527 1009 3604 1060 καὶ

2073 1103 2362 1172 ἄνθρωπος
2389 1100 2669 1170 ἐκηρύχθη
2721 1100 2873 1171 παρά
2928 1115 2987 1151 τε
3034 1100 3142 1151 τῶν
3172 1097 3336 1165 ἁγίων
3375 1098 3459 1149 καὶ
3487 1115 3597 1163 προ-

2074 1194 2284 1265 φητῶν,
2306 1194 2439 1247 ἀλλά
2468 1194 2531 1263 δὴ
2550 1194 2646 1246 καὶ
2666 1192 2796 1262 παρ’
2821 1190 2987 1244 αὑτοῦ
3014 1191 3106 1243 τοῦ
3138 1189 3267 1243 Θεοῦ
3297 1192 3388 1243 καὶ
3407 1190 3605 1255 Πατρὶς,

2079 1287 2277 1348 ἱκανῶς
2312 1289 2369 1338 ἐν
2403 1288 2516 1347 τοῖς
2573 1283 2885 1353 ἔμπροσθεν
2940 1282 3332 1336 ἀποδέδεικται.
3379 1281 3501 1348 Φέρε
3553 1280 3605 1345 ὃ]

2076 1376 2260 1430 λοιπὸν
2292 1376 2672 1440 ἐξετάσαντες,
2711 1374 2914 1443 ἴδωμεν
2963 1372 3059 1426 καὶ
3096 1374 3223 1441 περὶ
3267 1372 3474 1425 πάντων
3515 1369 3607 1422 τῶν

2080 1469 2218 1533 μετὰ
2259 1472 2432 1518 ταῦτα
2487 1464 3048 1533 ἐπακολουθησάντων
3102 1461 3449 1531 πραγμάτων.
3488 1461 3609 1528 Προ-

2078 1557 2252 1611 ειπὼν
2290 1559 2399 1627 γὰρ
2432 1558 2733 1627 ὁΧριστδς,
2773 1557 2855 1608 ὅτι
2892 1574 2909 1607 ι
2933 1555 3067 1607 Ἰδοὺ
3093 1552 3363 1607 ἀναϐαίνω
3395 1550 3517 1621 πρὸς
3534 1549 3613 1601 τὶν

2082 1650 2299 1720 Πατέρα
2331 1665 2430 1717 μου
2467 1668 2485 1699 ι
2516 1652 2573 1699 ἐν
2608 1650 2675 1719 τῇ
2702 1646 2821 1717 ὥρᾳ
2861 1650 2960 1717 τῆς
2990 1646 3155 1698 αὐτοῦ
3187 1643 3509 1712 ἀναλήψεως,
3536 1638 3612 1692 λέ-

2005 1775 2051 1835 B
2080 1759 2167 1809 γει
2218 1744 2330 1802 τοῖς
2380 1740 2558 1807 ἁγίοις
2604 1737 2769 1791 αὐτοῦ
2833 1737 3107 1806 μαθηταῖς
3162 1735 3253 1787 καὶ
3306 1730 3618 1792 ἀποστόλοις,

2086 1854 2104 1887 ι
2145 1831 2514 1903 Πορευθέντες
2542 1833 2623 1892 είς
2652 1829 2744 1882 τὸν
2776 1829 2979 1898 κόσμον
3009 1829 3244 1891 ἅπαντα,
3271 1824 3526 1895 κηρύξατε
3564 1824 3617 1871 τὸ

2081 1926 2410 1993 Εὐαγγέλιον
2457 1924 2604 1996 πάσῃ
2641 1926 2707 1993 τῇ
2746 1923 2945 1984 κτίσει,
2980 1922 3040 1973 Ὀ
3094 1920 3387 1981 πιστεύσας
3424 1915 3508 1969 καὶ
3537 1914 3619 1982 βα-

2081 2018 2329 2081 πτισθεὶς
2376 2016 2682 2086 σωθήσεται
2711 2033 2726 2046 ·
2760 2016 2788 2067 6
2817 2014 2875 2067 δὲ
2915 2015 3221 2081 ἀπιστήσας
3254 2009 3620 2077 κατακριθήοε·

2080 2127 2191 2162 ται.
2237 2106 2426 2177 Ὑμεῖς
2459 2107 2516 2159 δὲ
2568 2105 2829 2159 καθίσατε
2872 2107 2931 2157 ἐν
2971 2107 3036 2172 τῇ
3082 2102 3235 2155 πόλει
3272 2098 3620 2169 Ἰερουσαλὴμ,

2080 2203 2184 2263 ἕως
2216 2219 2278 2255 ου
2311 2197 2602 2266 ἐνδύσησθε
2624 2197 2720 2267 τὴν
2744 2197 2802 2261 ἐξ
2832 2196 2998 2264 ὕψους
3020 2196 3271 2264 δύναμιν.
3301 2211 3317 2243 ι
3346 2192 3444 2244 Καὶ
3468 2204 3624 2256 προσο

2084 2295 2416 2363 κύνησαντες
2461 2289 2727 2358 ἀπῆλθον.
2784 2290 2890 2343 Καὶ
2933 2288 3050 2355 μεθ’
3083 2287 3300 2355 ἡμέρας
3347 2280 3622 2344 “virgata-

2081 2380 2340 2451 θημὲνων
2367 2376 2706 2447 ὁμοθυμαδὸν
2744 2375 2849 2426 τῶν
2893 2375 3232 2434 ἀποστόλων,
3271 2372 3482 2438 ἐγένετο
3510 2363 3625 2435 ἦχος

2082 2473 2272 2541 ὥσπερ
2304 2470 2533 2541 σφοδροῦ
2564 2484 2709 2529 τινος
2745 2467 3077 2536 πνεύματος,
3113 2468 3207 2518 καὶ
3245 2461 3626 2530 ἐνεπλήσθησαν

2084 2567 2326 2626 ἅπαντες
2377 2562 2529 2624 θείας
2564 2564 2807 2631 χάριτος,
2842 2561 2939 2628 οὐχ
2983 2559 3061 2622 ὡς
3115 2557 3388 2634 ἀδυνάτως
3434 2552 3629 2622 ἔχοντος

2083 2657 2176 2711 τοῦ
2208 2657 2444 2726 Χριστοῦ
2473 2653 2656 2706 δοῦναι
2679 2653 2861 2713 αὐτοῖς
2891 2652 2988 2721 τὴν
3011 2651 3196 2719 χάριν,
3227 2647 3306 2700 ἔτι
3334 2639 3629 2714 εὑρισκομέ-

2085 2769 2175 2805 νου
2207 2747 2374 2804 αὑτοῦ
2406 2748 2466 2799 ἐν
2502 2749 2568 2816 τῇ
2604 2748 2699 2814 γῇ,
2747 2744 2866 2796 ἀλλ’
2892 2745 2979 2796 ἵνα
3024 2743 3199 2812 γνῶσι
3231 2742 3426 2800 πάντες
3458 2737 3532 2789 ὅτι
3560 2729 3631 2792 εἷς

2085 2843 2219 2905 Θεὸς
2246 2842 2393 2893 ἐστιν
2426 2842 2454 2892 6
2490 2839 2680 2909 Πατὴρ
2712 2837 2809 2889 καὶ
2837 2837 2865 2887 6
2902 2836 3049 2897 Υίδς,
3079 2838 3176 2889 καὶ
3212 2834 3308 2904 μία
3340 2835 3430 2884 καὶ
3454 2830 3484 2897 ὴ
3508 2824 3628 2892 αὕτη

2087 2940 2202 2989 ἐστι
2238 2934 2329 2988 τοῦ
2355 2952 2413 2987 τε
2445 2934 2656 3001 Πατρδς
2679 2932 2776 2984 καὶ
2802 2928 2895 2983 τοῦ
2927 2927 3056 2981 Υίοῦ
3089 2927 3254 2997 φύσις
3285 2924 3379 2977 καὶ
3405 2921 3631 2985 δύναμις.

2091 3030 2297 3082 Ἔδωκε
2330 3027 2427 3094 μὲν
2465 3025 2761 3094 ὁιΧριστὸς
2813 3023 2893 3075 ἔτι
2928 3025 2987 3075 ἐν
3020 3024 3088 3091 τῇ
3140 3022 3212 3089 γῇ
3259 3018 3333 3070 ὢν
3364 3013 3492 3085 πρὸς
3518 3009 3647 3095 τοὺς,

412 3114 465 3157 «ιι
503 3103 767 3157 adversus
801 3116 1017 3154 onmem
1057 3110 1382 3169 potestatem
1429 3101 1635 3155 inimici
1662 3102 1728 3165 ³ο,
1765 3118 1783 3153 ο
1819 3101 1874 3155 id
1900 3111 1983 3157 est

2089 3119 2421 3180 ἀποστόλους
2437 3117 2667 3186 δύναμιν
2693 3116 2787 3169 καὶ
2824 3113 3075 3180 ἐξουσίαν
3100 3131 3120 3162 ι
3150 3111 3244 3164 τοῦ
3276 3106 3457 3161 πατεῖν
3474 3100 3635 3153 ἐπάνω

413 3196 647 3259 diaboli;
693 3196 837 3248 misit
876 3210 1008 3247 vero
1060 3209 1207 3247 nunc
1259 3193 1423 3246 etiam
1481 3193 1621 3247 Deus
1667 3194 1830 3249 Pater
1880 3194 1987 3250 illis

414 3284 639 3355 gratiam
671 3298 847 3337 suam.
890 3281 954 3334 Et
998 3280 1203 3350 impleti
1249 3280 1431 3333 divina
1466 3282 1663 3350 gratia,
1693 3288 1750 3333 ut
1778 3282 1986 3337 dictum

412 3385 518 3440 est,
556 3374 808 3443 apostoli,
839 3373 1039 3444 singuli
1081 3372 1298 3426 illorum
1334 3386 1398 3424 ea
1427 3384 1824 3441 cognoverunt,
1866 3390 1988 3443 quae

416 3477 671 3523 naturam
706 3474 979 3524 excedunt
1006 3510 1020 3533 ,
1070 3486 1263 3527 omnes
1301 3472 1514 3526 scilicet
1564 3472 1811 3527 omnium
1856 3489 1989 3541 gen-

417 3561 552 3615 tium
588 3576 709 3631 qua:
756 3562 860 3616 sub
907 3563 1048 3620 etelo
1081 3572 1205 3618 sunt
1264 3564 1513 3633 linguas,
1549 3578 1711 3631 quam
1761 3564 1989 3618 exactis-

413 3657 572 3709 sime.
613 3655 843 3710 Causam
875 3671 1007 3710 vero
1036 3657 1198 3728 hujus
1238 3657 1467 3727 inspice.
1500 3655 1568 3711 Ut
1592 3655 1855 3710 nimirum
1890 3672 1986 3723 ag-

414 3746 779 3816 grederentur
810 3749 978 3804 totius
1000 3748 1188 3802 mundi
1223 3749 1528 3803 doctrinam
1547 3755 1600 3800 et
1628 3747 1988 3812 iunctionem,

414 3840 539 3895 data
569 3847 653 3895 est
688 3840 821 3909 ipsis
857 3840 1102 3893 omnium
1147 3838 1460 3908 linguarum
1486 3839 1724 3907 cognitio
1753 3856 1766 3892 :
1802 3855 1869 3894 ne
1907 3840 1991 3893 in-

417 3942 659 4004 terprete
724 3933 1071 4002 indigerent,
1122 3931 1219 3987 sed
1288 3941 1347 3986 ut
1397 3931 1500 4001 ipsi
1555 3941 1611 3987 et
1663 3933 1993 4002 interpretes

416 4035 619 4091 essent,
677 4038 731 4082 et
786 4025 1060 4079 doctores.
1124 4024 1193 4078 Et
1253 4025 1453 4080 docere
1502 4038 1786 4094 coeperunt
1834 4027 1992 4081 initio

418 4119 563 4173 facto
609 4134 638 4172 a
684 4117 1011 4173 Jerusalem.
1073 4116 1162 4171 Sic
1220 4115 1371 4170 enim
1421 4116 1685 4185 scriptum
1736 4126 1855 4172 erat
1923 4118 1992 4171 ab

417 4211 559 4266 Isaia
588 4229 601 4264 :
641 4230 657 4262 ι
691 4211 733 4266 Ε
769 4208 900 4265 Sion
943 4209 1259 4280 egredietur
1287 4208 1397 4273 lex,
1430 4216 1486 4263 et
1510 4208 1741 4262 verbum
1773 4210 1990 4264 Domini

420 4304 487 4359 de
515 4303 819 4359 Jerusalem
846 4304 913 4356 ³².
953 4319 972 4354 ι
1005 4301 1178 4357 Judaei
1228 4316 1357 4355 vero
1391 4299 1571 4355 adhuc
1613 4300 1779 4354 corde
1817 4315 1993 4354 occae-

421 4409 546 4451 rato
578 4397 812 4467 praediti,
852 4411 961 4450 non
1014 4394 1434 4459 intellexerunt;
1477 4402 1532 4449 et
1584 4393 1867 4461 impletum
1906 4400 1994 4446 est

424 4490 479 4543 in
534 4489 686 4558 ipsis.
718 4487 866 4557 quod
900 4488 956 4541 in
986 4487 1105 4556 lege
1126 4485 1387 4541 scribitur
1418 4504 1431 4540 :
1479 4503 1497 4537 ι
1555 4484 1778 4554 Linguis
1812 4483 1987 4548 novis,

422 4590 477 4635 et
508 4580 630 4634 aliis
664 4579 824 4634 labiis
870 4579 1063 4647 loquar
1090 4578 1291 4647 papulo
1333 4578 1442 4643 isti,
1476 4585 1531 4631 et
1562 4592 1741 4645 neque
1776 4577 1855 4630 sic
1889 4591 1991 4629 au-

422 4673 576 4727 dient
607 4687 714 4735 me,
766 4671 900 4725 dicit
941 4669 1207 4724 Dominus
1231 4670 1299 4723 ³⁸.
1339 4687 1357 4720 ι
1391 4670 1457 4722 Et
1502 4669 1733 4735 apostoli
1767 4668 1987 4737 quidem

424 4764 684 4834 populum
721 4762 1003 4824 docentes,
1030 4759 1318 4828 jusserunt
1348 4759 1402 4812 in
1432 4757 1717 4812 Christum
1741 4757 1991 4823 credere,

423 4858 688 4925 illumque
721 4852 995 4913 confiteri,
1028 4850 1171 4920 quod
1208 4850 1279 4904 sit
1308 4850 1474 4903 Filius
1499 4848 1596 4903 Dei
1631 4848 1885 4902 viventis.
1928 4848 1996 4902 Et

423 4951 563 5005 facta
615 4956 744 5003 sunt
790 4960 888 5015 per
916 4945 1040 4999 illos
1089 4944 1459 5009 miracula,iet
1502 4942 1750 5012 prodigia
1801 4944 1992 5009 multa,

423 5059 531 5097 non
566 5052 746 5095 tamen
778 5055 842 5095 ea
871 5055 978 5108 qua
1003 5037 1256 5093 Christus
1287 5036 1546 5103 faciebat,
1584 5034 1913 5089 auctoritate
1940 5043 1996 5088 ct

425 5143 711 5205 potestate,
748 5136 842 5188 sed
889 5142 1148 5201 tanquam
1200 5146 1230 5184 a
1280 5133 1456 5185 servis
1506 5138 1561 5183 et
1598 5129 1886 5183 ministris.
1934 5127 1995 5181 In

426 5226 645 5279 nomine
712 5225 860 5279 enim
906 5224 1109 5278 Christi
1146 5222 1406 5276 miracula
1463 5221 1722 5283 edebant,
1774 5221 1855 5273 sic
1911 5221 1997 5274 di-

423 5317 599 5372 cendo
632 5337 643 5370 :
677 5336 695 5369 ι
737 5315 796 5371 1η
830 5316 1053 5370 nomine
1100 5315 1228 5369 Jcsu
1259 5313 1462 5369 Christi
1497 5314 1667 5367 visum
1714 5312 1918 5381 recipe,
1966 5332 1985 5363 ι

420 5417 477 5461 et
506 5408 681 5461 visum
714 5407 922 5473 recepit
965 5420 1181 5459 ca-cus:
1216 5424 1234 5457 ι
1276 5405 1334 5458 lu
1366 5404 1589 5457 nomine
1626 5404 1755 5458 Jesu
1785 5403 1991 5459 Christi

420 5498 543 5555 Filii
575 5498 668 5553 Dei
698 5505 951 5567 resurgat
992 5507 1263 5563 mortuus,
1304 5515 1324 5548 ι
1361 5504 1418 5550 et
1460 5496 1717 5549 surrexit.
1766 5496 1835 5550 Et
1894 5496 1998 5573 hoc

496 5677 542 5708 ³⁸
584 5676 749 5728 Marc.
814 5689 927 5731 XVI.
986 5679 1074 5742 14,
1134 5678 1216 5731 15.

1329 5677 1374 5707 ¹⁹
1416 5676 1528 5731 Luc
1591 5693 1732 5741 xsiv,

427 5742 603 5802 lCor.
636 5760 742 5809 xiv,
773 5744 861 5796 21.

1800 5678 1886 5733 49.
1966 5678 2009 5711 ³ο
2047 5679 2176 5734 Luc.
2215 5697 2267 5745 κ,
2328 5679 2409 5734 19.
2489 5681 2529 5713 ³¹
2574 5681 2673 5736 lsa.
2728 5697 2877 5745 κνιιι,
2909 5681 2991 5735 11.

2086 3212 2263 3280 δφεων
2313 3211 2409 3263 καὶ
2444 3208 2741 3279 σκορπίων,
2782 3209 2877 3260 καὶ
2922 3206 3014 3258 ἐπὶ
3053 3205 3243 3257 πᾶσαν
3300 3198 3397 3270 τὴν
3431 3194 3637 3260 δύναμιν

2087 3303 2179 3357 τοῦ
2216 3301 2433 3372 ἐχθροῦ,
2454 3319 2473 3352 ι
2496 3299 2761 3365 τουτέστι,
2777 3300 2870 3351 τοῦ
2891 3296 3141 3350 διαὸόλου
3162 3311 3176 3324 ·
3194 3288 3474 3347 ἀπέστειλε
3487 3284 3539 3337 δὲ
3558 3280 3640 3335 καὶ

2087 3398 2114 3449 6
2143 3394 2277 3457 Θεὸς
2307 3392 2403 3446 καὶ⁵
2432 3392 2622 3462 Πατὴρ
2656 3391 2755 3461 τὴν
2780 3391 2942 3460 χάριν
2973 3388 3142 3443 αὑτοῦ
3182 3389 3263 3449 είς
3293 3381 3515 3443 αὐτούς·
3558 3374 3642 3430 καὶ

2088 3487 2519 3559 ἐμπλησθέντες,
2549 3483 2625 3547 ὡς
2652 3484 2891 3553 εἴρηται,
2925 3482 2974 3533 oi
3011 3477 3310 3532 ἀπόστολοι
3341 3472 3482 3530 θείας
3508 3468 3643 3537 χάρι-

2088 3599 2201 3645 τος,
2231 3581 2474 3649 ἔγνωσαν
2504 3578 2574 3630 τὰ
2600 3576 2740 3646 ὑπὲρ
2773 3575 2935 3641 φύσιν
2964 3573 3205 3635 ἕκαστος
3240 3566 3442 3626 αὐτῶν,
3481 3562 3644 3649 πᾶσαν

2089 3647 2343 3740 γλῶσσαν
2390 3668 2590 3731 παντὸς
2619 3666 2813 3734 γένους
2857 3664 2951 3718 τοῦ
3000 3665 3109 3717 ὑπὸ
3139 3664 3234 3716 τὸν
3269 3656 3490 3728 οὐρανὸν
3518 3647 3645 3705 κατὰ

2092 3765 2275 3817 πᾶσαν
2310 3758 2615 3829 ἀκρίϐειαν.
2650 3759 2762 3811 Καὶ
2812 3757 3002 3809 σκόπει
3038 3755 3187 3809 διατί
3213 3772 3227 3820 ;
3256 3754 3377 3805 Ὀτι
3410 3740 3647 3816 ἐνεχειρί-

2094 3858 2298 3921 σθησαν
2336 3852 2437 3922 τὴν
2469 3854 2569 3919 τῆς
2619 3850 2950 3918 οἰκουμένης
3000 3844 3365 3900 διδασκαλίαν
3397 3841 3487 3893 καὶ
3531 3850 3647 3904 προ·

2095 3949 2340 4011 σταδίαν,
2374 3943 2529 4013 ἐδόθη
2568 3945 2703 4012 πρὸς
2724 3942 2921 4003 αὐτοὺς
2949 3939 2980 4009 ἡ
3007 3939 3121 3992 τῶν
3156 3935 3423 4007 γλωσσῶν
3443 3927 3644 3998 γνῶσις,

2093 4044 2179 4095 ἵνα
2210 4041 2287 4110 μὴ
2317 4039 2480 4109 ἔχωσι
2514 4035 2703 4107 χρείαν
2726 4033 3032 4104 ἐρμηνέως,
3055 4030 3349 4083 ἀλλ’ωὗτοὶ
3378 4025 3648 4110 εὑρίσκων-

2094 4149 2184 4185 ται
2234 4109 2329 4184 καὶ
2369 4128 2630 4197 ἑρμηνεῖς
2661 4127 2756 4177 καὶ
2800 4122 3119 4178 διδάσκαλοι
3169 4122 3267 4173 κοιλ⁵
3321 4118 3545 4189 ἧρξαντο
3582 4109 3648 4161 δι-

2094 4225 2316 4277 δάσκειν
2347 4217 2644 4288 ἀρξάμενοι
2674 4215 2779 4268 ἀπὸ
2825 4214 3211 4284 Ἰερουσαλήμ
3243 4212 3402 4266 Οῦτω
3442 4209 3541 4276 γὰρ
3570 4203 3649 4270 γέ-

2095 4328 2338 4381 γραπται
2381 4310 2469 4362 διά
2515 4307 2610 4361 τοῦ
2650 4305 2894 4372 Ἡσαΐου,
2944 4326 2963 4359 ι
3005 4306 3104 4359 Ἐκ
3156 4304 3299 4358 Σιὼν
3333 4301 3645 4368 ἐξελεύσεται

2024 4436 2072 4495 D
2099 4407 2283 4475 νόμος,
2320 4403 2417 4455 καὶ
2444 4402 2604 4469 λόγος
2639 4399 2844 4495 Κυρίου
2877 4396 3366 4495 ἐξῌῚερουσαλήμ.
3401 4413 3418 4445 ι
3447 4393 3512 4495 9i
3538 4386 3646 4495 γοῦν

2109 4495 2352 4548 Ἰουδαῖοι
2384 4491 2464 4544 ἐτι
2489 4489 2910 4560 πεπωρωμένην
2938 4488 3158 4556 ἔχοντες
3201 4487 3302 4556 τὴν
3336 4483 3563 4553 καρδίαν.
3590 4471 3641 4523 οὗ

2099 4586 2361 4654 συνῆκαν.
2398 4584 2507 4638 Καὶ
2546 4581 2841 4652 ἐπληρώθη
2870 4582 2956 4632 ἐπ’
2994 4580 3186 4642 αὐτοῖς
3223 4580 3285 4631 τὸ
3316 4581 3375 4630 ἐν
3414 4574 3485 4642 τῷ
3518 4569 3638 4634 νόμῳ

2098 4678 2508 4747 γεγραμμένον,
2545 4675 2629 4739 τὸ,
2663 4692 2683 4725 ι
2730 4674 2818 4725 Ἐν
2843 4670 3276 4740 ἑτερογλώσσοις
3308 4669 3403 4721 καὶ
3430 4668 3484 4718 ἐν
3504 4658 3643 4732 χείλει

2101 4788 2186 4825 σιν
2221 4772 2431 4838 ἑτέροις
2464 4767 2686 4836 λαλήσω
2711 4764 2789 4834 τῷ
2817 4765 2933 4834 λαῷ
2960 4768 3163 4833 τούτῳ,
3223 4763 3322 4815 καὶ
3366 4759 3469 4814 οὐδ’
3502 4753 3650 4809 οὕτως

2067 4887 2077 4896 -
2102 4859 2512 4915 εἰσακούσονταί
2570 4876 2696 4925 μου,
2725 4858 2876 4924 λέγει
2908 4856 3141 4924 Κύριος.
3193 4872 3213 4906 ι
3249 4853 3359 4907 Καὶ
3389 4850 3561 4914 ἔλεγον
3588 4840 3655 4893 δι-

2102 4953 2392 5011 δάσκοντες
2420 4951 2471 5002 οἱ
2501 4948 2789 5001 ἀπόστολοι
2813 4948 2903 4999 τὸν
2936 4946 3085 5010 λαὸν,
3129 4947 3285 5005 ὅπως
3316 4938 3657 4995 πιστεύσωσιν

2104 5049 2183 5108 εἰς
2212 5045 2301 5099 τὸν
2332 5045 2593 5114 Χριστὸν,
2631 5045 2727 5097 καὶ
2755 5043 3116 5113 ὁμολογῶσιν,
3151 5043 3235 5094 ὅτι
3268 5036 3423 5101 οὗτός
3468 5036 3602 5087 ἐστιν
3636 5027 3660 5079 6

2104 5139 2233 5201 Υἱὸς
2264 5138 2357 5191 τοῦ
2389 5138 2524 5190 Θεοῦ
2578 5137 2670 5189 τοῦ
2706 5138 2928 5201 ζῶντος.
2964 5137 3073 5189 Καὶ
3128 5136 3386 5202 ἐγένοντο
3435 5129 3516 5181 διὰ
3563 5122 3662 5175 τῶν

2108 5232 2420 5285 ἀποστόλων
2450 5231 2704 5298 θαύματα
2728 5233 2821 5284 καὶ
2849 5231 3111 5299 τεράστια
3136 5231 3368 5295 ἄπειρα,
3392 5223 3486 5291 οὐχ
3510 5217 3665 5275 οὕτως

2107 5324 2443 5385 αὑθεντικῶς
2504 5325 2600 5376 καὶ
2656 5322 3079 5388 ἐξουσιαστικῶς
3146 5320 3341 5387 ὥσπερ
3392 5314 3603 5379 ἐποίησε
3640 5305 3666 5357 6

2103 5416 2360 5485 Χριστὸς,
2393 5416 2509 5469 ἀλλ’
2550 5416 2634 5478 ὡς
2679 5416 2854 5468 δοῦλοι
2887 5413 2980 5467 καὶ
3010 5412 3315 5482 ὑπηρέται.
3371 5403 3522 5460 Μετά
3563 5399 3660 5467 γὰρ

2103 5503 2196 5556 τοῦ
2232 5505 2495 5573 ὀνόματος
2544 5505 2637 5558 τοῦ
2682 5505 2925 5575 Χριστοῦ
2972 5499 3482 5571 ἐθαυματούργουν,
3529 5491 3662 5543 οὕτω

3102 5678 3145 5710 ³³
3196 5679 3325 5735 lsa.-
3352 5690 3535 5738 xxvm,
3568 5669 3621 5726 11
3648 5684 3661 5735 ;
