3970 6212
440 302 538 366 60'.

1380 302 1683 365 CONTRA
1725 299 2206 361 ΜΑῙΙΟΜΕΤΕΜ
2245 300 2618 360 APOLOGIA
2665 300 2773 359 lll.

3566 302 3670 365 502

436 415 704 484 λέγοντες,
735 431 753 464 ι
804 413 891 465 Ἐν
919 412 996 482 τῷ
1028 413 1248 483 ὀνόματι
1293 414 1470 483 Ἰησοῦ
1506 413 1744 484 Χριστου
1781 411 2009 466 ανάϐλε-

2115 410 2254 466 idem
2287 412 2540 466 dixerunt
2569 429 2691 465 eum
2721 422 3011 466 san-aretur
3039 415 3390 486 pat'alytieus.
3431 405 3573 480 Quin
3620 431 3674 466 ιιι

433 509 557 576 ψον,
588 526 606 557 ι
642 508 736 558 καὶ
760 505 1054 560 ἀνέϐλεπεν
1076 509 1104 560 6
1129 506 1350 574 τυφλός.
1396 525 1412 558 ι
1439 506 1527 558 Ἐν
1559 506 2004 576 τῷ.ὁνόματι⁹1η-

441 599 533 651 σού
557 598 795 668 Χριστοῦ
830 597 924 651 τοῦ
969 599 1088 651 Γίοῦ
1119 600 1214 652 τοῦ
1243 599 1379 652 Θεοῦ
1409 601 1643 668 ἕγειραι,
1673 600 1702 650 6
1736 597 1949 666 νεκρὸς.
1981 616 1998 647 ι

438 693 532 743 καὶ
566 691 843 744 ἀνίστατο.
901 689 974 744 Τὸ
1020 691 1151 745 αὐτὸ
1193 693 1402 761 ἔλεγον,
1440 695 1533 745 καὶ
1569 690 1940 760 ἐθεραπεύετο
1978 693 2006 742 6

438 782 770 850 παράλυτος.
809 783 915 834 Καὶ
946 783 1004 835 ἐν
1040 782 1118 852 τῷ
1145 785 1369 851 ὀνόματι
1407 785 1502 836 τοῦ
1536 784 1770 852 Χριστοῦ
1810 782 2004 849 ἐθερά-

439 892 604 928 πευον
633 876 813 927 πᾶσαν
838 875 1012 938 νόσον,
1039 877 1134 928 καὶ
1163 877 1254 928 ἐπί
1266 893 1450 928 ττευον
1477 876 1796 944 καθημέραν
1822 874 2004 943 πλήθη

437 962 644 1034 ἄπειρα
665 967 742 1026 εἰς
769 965 860 1017 τὸν
892 965 1148 1033 Χριστόν.
1178 963 1309 1020 Εἶτα
1344 966 1696 1036 μερισθέντες
1725 967 1773 1017 οἱ
1798 965 2004 1018 δώδεκα

438 1055 747 1115 ἀπόστολοι,
784 1056 1072 1124 διέδραμον
1119 1059 1207 1110 ἐπὶ
1260 1059 1442 1109 πᾶσαν
1493 1058 1590 1126 τὴν
1637 1058 1763 1124 γῆν,
1806 1058 1901 1109 καὶ
1952 1056 2006 1107 ὲ-

442 1144 672 1212 ·ττοίησαν
701 1147 749 1196 οί
783 1144 1000 1206 ἀσεϐεῖς
1035 1145 1204 1200 πολλὰ
1235 1149 1380 1199 κακὰ
1423 1149 1512 1199 καὶ
1545 1150 1764 1200 ἐναντία
1796 1150 1874 1208 είς
1909 1147 2008 1200 αύ-

436 1235 584 1296 τοὺς,
619 1235 713 1285 καὶ
742 1237 816 1293 εί,
853 1239 979 1297 τοὺς
1020 1237 1374 1301 πιστεύοντας
1405 1240 1481 1300 εἰς
1509 1241 1598 1291 τδν
1625 1241 1882 1308 Χριστὸν,
1912 1238 2006 1292 καὶ

437 1325 764 1377 ἀπέκτεινον
793 1326 1116 1394 καθημέραν
1169 1331 1226 1380 ἐν
1260 1329 1540 1396 διαφόροις
1586 1333 1772 1393 τόποις
1825 1331 2005 1401 πλήθη

419 1416 781 1483 ’Χριστιανῶν
818 1419 1192 1487 ἀναρίθμητα.
1251 1421 1361 1472 Καὶ
1409 1424 1520 1490 γὰρ
1550 1421 1696 1484 ἃπας
1725 1425 1752 1474 ὁ
1799 1424 2006 1492 κόσμος

436 1508 840 1581 εἰδωλολάτρει.
894 1509 987 1574 Εἷς
1025 1514 1347 1582 Χριστιανὸς
1383 1515 1692 1582 ἐφονεύετο,
1741 1518 1834 1568 καὶ
1873 1517 2008 1568 δέκα

433 1603 668 1670 ἡρχοντο
699 1602 930 1655 ἐνώπιον
972 1605 1079 1657 τῶν
1108 1607 1408 1675 τυράννων.
1458 1608 1602 1658 Δέκα
1638 1595 2004 1676 ἀπέθνησκον,

437 1693 534 1745 καὶ
567 1694 760 1746 ἐκατδν
803 1695 1052 1764 ἦρχοντο,
1087 1698 1272 1766 χίλιοι,
1321 1699 1632 1768 τρισχίλιοι,
1661 1699 1792 1752 δέκα
1835 1701 1912 1768 χι)
1929 1702 2008 1754 ιά-

2115 503 2339 558 nomine
2401 503 2603 558 Christi
2671 503 2936 558 sanabant
2993 521 3210 560 comem
3272 507 3563 570 morbum;
3625 516 3681 557 (-t

2113 595 2357 662 quotidie
2391 597 2572 648 multa:
2616 595 2896 647 hominum
2939 596 3109 650 turba:
3141 598 3192 650 in
3237 597 3513 653 Christum
3558 611 3681 649 crc-

2113 686 2394 739 didcrunt.
2431 685 2672 739 Tandem
2709 686 2868 742 divisi
2921 689 3211 742 duodecim
3256 689 3486 758 apostoli
3527 703 3684 756 pera-

2113 786 2411 847 graverunt
2441 786 2614 832 totum
2644 779 2852 832 orbem.
2885 780 3037 848 lmpii
3071 797 3198 834 vero
3226 782 3448 834 eosdem
3495 778 3682 831 llllllllS

2116 869 2274 922 malis
2306 878 2361 922 et
2393 869 2608 923 damnis
2649 870 2979 933 alllixcrunt,
3014 872 3261 940 aliosque
3301 873 3354 925 in
3395 870 3676 926 Christum

2113 960 2422 1024 credentes,
2470 969 2528 1014 ut
2557 960 2808 1030 quotidie
2853 961 3086 1015 diversis
3133 962 3185 1014 in
3243 963 3376 1016 locis
3428 977 3679 1029 magnam

2115 1051 2432 1106 occiderent
2474 1051 2916 1106 Christianorum
2967 1052 3398 1106 multitudinem.
3452 1051 3684 1106 Univer-

2113 1157 2207 1195 sus
2231 1140 2376 1193 enim
2405 1142 2642 1194 mundus
2665 1141 2988 1195 idololatria:
3030 1142 3249 1195 deditus
3271 1151 3408 1194 erat.
3435 1140 3540 1194 Sed
3574 1153 3683 1192 uno

2111 1231 2424 1286 Christiano
2439 1231 2642 1292 occiso,
2659 1232 2842 1286 decem
2857 1249 3040 1286 coram
3063 1232 3304 1302 tyrannis
3316 1241 3680 1292 emerserunt;

2119 1333 2176 1376 et
2222 1322 2268 1375 si
2306 1324 2498 1376 decem
2544 1322 2951 1384 occiderentur,
3009 1325 3382 1392 exsurgebant
3411 1338 3631 1377 centum
3666 1342 3681 1386 ;

2113 1412 2156 1465 si
2184 1410 2350 1477 mille,
2373 1411 2711 1481 apparebant
2743 1413 2931 1466 decem
2966 1413 3168 1478 millia;
3205 1414 3248 1466 si
3277 1414 3462 1467 decem
3494 1415 3683 1472 millia,

2113 1505 2306 1575 viginti
2349 1505 2518 1558 millia
2557 1504 2927 1558 succedebant
2971 1505 3022 1557 in
3062 1505 3404 1575 martyrium.
3443 1505 3517 1558 Ne
3558 1522 3686 1557 ιἰϊυ

2116 1594 2279 1648 verba
2315 1609 2432 1647 mea
2464 1608 2494 1648 a
2529 1594 2712 1647 multis
2744 1610 2842 1647 ceu
2879 1593 3003 1647 ﬁcta
3047 1609 3167 1648 esse
3208 1594 3548 1663 iudicentur,
3578 1593 3677 1644 mi-

2114 1700 2218 1739 nus
2257 1685 2380 1738 dico
2405 1700 2568 1754 quam
2604 1685 2806 1739 veritas
2845 1683 2921 1738 rei
2971 1685 3234 1754 postulet.
3281 1684 3493 1752 Sapius
3539 1683 3685 1735 enim

433 1785 546 1848 δες,
582 1784 758 1837 εἴκοσι
791 1787 1025 1855 χιλιάδες
1069 1789 1298 1859 ἦρχοντο
1329 1793 1407 1853 είς
1437 1795 1497 1842 τὸ
1549 1792 1866 1862 μαρτύριον.
1888 1793 2008 1845 Ἵνα

2115 1793 2221 1831 uno
2265 1776 2354 1831 die
2388 1776 2750 1830 crediderunt
2787 1777 3069 1829 hominum
3125 1776 3520 1844 quinquaginta
3565 1773 3685 1825 mil-
3771 1830 3777 1836 _

433 1875 494 1928 δὲ
524 1875 598 1946 μὴ
624 1876 852 1942 δόξωσιν
875 1881 954 1942 είς
985 1883 1108 1939 τοὺς
1142 1882 1367 1944 πολλοὺς
1390 1882 1436 1934 cl
1463 1882 1610 1952 λόγοι
1643 1901 1746 1952 μου
1768 1885 2005 1952 ψευδεῖς,

440 1968 580 2033 λέγω
613 1968 816 2037 μᾶλλον
845 1969 1100 2032 ἐλάττους
1139 1973 1238 2041 τῆς
1283 1973 1563 2044 ἀληθείας.
1601 1976 1708 2028 Καὶ
1742 1976 1851 2046 γὰρ
1883 1975 2008 2028 πολ-

435 2059 594 2122 λάκις
613 2061 901 2114 ἐπίστευον
923 2062 1019 2132 τὴν
1042 2065 1255 2133 ἡμέραν
1275 2067 1611 2136 πεντήκοντα
1639 2068 1896 2137 χιλιάδες,
1915 2068 2010 2121 καὶ

432 2152 719 2204 ἐπέκεινα.
757 2153 862 2204 Καὶ
897 2151 1086 2224 ὥσπερ
1121 2157 1228 2207 ἀπὸ
1258 2157 1367 2208 τῶν
1425 2160 1739 2227 κτισμάτων
1785 2155 1947 2230 ἦλθεν
1981 2161 2009 2212 δ

438 2239 646 2302 δίκαιος
692 2238 949 2311 Ἀϐραὰμ
979 2243 1057 2302 εἰς
1091 2243 1188 2310 τὴν
1225 2245 1401 2313 ἀληθῆ
1428 2246 1648 2312 γνῶσιν,
1694 2249 1786 2299 καὶ
1812 2265 2009 2318 προσε-

446 2331 663 2400 κύνησε,
697 2334 792 2387 καὶ⁸
852 2333 1135 2387 ἐδούλευσε
1170 2337 1247 2405 τῷ
1307 2339 1450 2407 μόνῳ
1503 2339 1662 2407 φύσει
1722 2340 1834 2394 δντι
1864 2341 2004 2411 Θεῷ,

457 2418 609 2482 οὕτως
640 2422 750 2474 ἀπὸ
778 2423 888 2476 τῶν
917 2423 1008 2477 τοῦ
1033 2425 1270 2493 Χριστοῦ
1301 2426 1597 2496 θαυμάτων
1625 2430 1716 2483 καὶ
1749 2434 1853 2483 τῶν
1877 2434 2008 2485 ἀπο-

452 2512 644 2564 στόλων
673 2509 837 2582 ἦλθον
863 2516 931 2567 τὰ
970 2515 1097 2584 ἔθνη
1149 2518 1352 2586 ὁμοίως
1382 2519 1461 2581 είς
1492 2519 1591 2588 τὴν
1625 2522 1722 2588 τῆς
1751 2522 2009 2590 ἀληθείας

447 2605 766 2673 κατάληψιν,
806 2608 900 2660 καὶ
933 2610 1354 2678 προσεκύνησαν
1403 2612 1496 2663 καὶ
1526 2611 1883 2682 ὡμολὸγησαν
1933 2615 2010 2667 δι-

440 2695 607 2757 καίως
641 2698 724 2748 ὅτι
757 2698 921 2760 αὑτός
955 2699 1105 2751 ἐστιν
1135 2700 1350 2769 ἀληθῶς
1382 2701 1410 2752 6
1454 2702 1644 2772 Σωτὴρ
1670 2704 1764 2755 τοῦ
1807 2707 2009 2774 κόσμου

435 2785 468 2835 6
495 2785 750 2855 Χριστὸς,
783 2787 945 2850 αὐτός
979 2791 1127 2841 ἐστιν
1160 2790 1188 2841 6
1221 2790 1345 2852 Υἱὸς
1374 2791 1469 2843 τοῦ
1501 2791 1634 2843 Θεοῦ
1665 2794 1756 2844 τοῦ
1785 2793 2007 2859 ζῶντος,

433 2878 466 2929 6
502 2867 707 2946 ἀληθὴς
733 2878 884 2942 Θεύς.
921 2879 1090 2932 Πόθεν
1116 2880 1208 2933 οὖν
1242 2883 1460 2949 ἐγένετο
1492 2883 1681 2945 τοῦτο;
1720 2885 1828 2938 61:6
1852 2887 2009 2950 ποίας

431 2969 728 3037 δυνάμεως
778 2972 873 3023 καὶ
927 2971 1143 3040 ἰσχύοςς
1173 2974 1280 3026 ἀπο
1314 2975 1468 3026 ποίου
1501 2975 1736 3027 πλούτου
1783 2979 1875 3029 καὶ
1915 2995 2012 3045 με-

2109 1871 2204 1931 lia,
2235 1877 2290 1924 et
2331 1870 2587 1938 amplius.
2623 1869 2688 1922 Et
2715 1867 3180 1938 quemadmodum
3229 1884 3257 1920 a
3295 1868 3563 1920 creaturis
3614 1864 3681 1917 ad

2112 1977 2294 2016 veram
2343 1963 2709 2032 cognitionem
2750 1963 3001 2032 pervenit
3050 1961 3320 2015 Abraham
3365 1961 3581 2030 justus,
3627 1967 3682 2010 et

2109 2054 2338 2109 servivit
2377 2055 2660 2124 coluitque
2697 2056 2873 2108 solum
2932 2055 3098 2108 Deum
3131 2069 3357 2119 verum;
3400 2054 3478 2106 sic
3511 2053 3677 2103 etiam

2110 2160 2206 2213 per
2236 2143 2439 2198 Christi
2473 2155 2529 2200 et
2553 2146 2928 2214 apostolorum
2969 2144 3226 2198 miracula
3259 2153 3451 2212 gentes
3485 2145 3681 2196 simili-

2111 2245 2195 2290 ter
2215 2235 2268 2289 in
2301 2236 2550 2290 veritatis
2575 2235 2943 2306 cognitionem
2979 2244 3370 2303 pervenerunt,
3408 2236 3684 2288 eamdem-

2111 2341 2217 2393 que
2249 2325 2560 2388 coluerunt,
2596 2338 2652 2379 et
2692 2325 2932 2393 perfecte
2967 2325 3204 2378 confessi
3237 2333 3366 2378 sunt
3400 2324 3681 2378 Clll‘lSlUlll

2111 2431 2300 2468 verum
2336 2430 2455 2470 esse
2497 2415 2684 2469 mundi
2711 2414 3072 2479 Salvatorem,
3107 2414 3417 2485 Filiumque
3457 2417 3547 2470 Dei
3603 2418 3685 2469 vi-

2111 2507 2306 2566 ventis.
2345 2514 2399 2561 ct
2437 2523 2623 2562 verum
2677 2509 2867 2561 Deum.
2925 2508 3078 2562 Unde
3114 2507 3281 2576 igitur
3322 2510 3424 2562 hoc
3479 2508 3681 2562 factum

2110 2609 2194 2654 cst
2216 2601 2238 2652 ’ἒ
2262 2616 2368 2668 qua
2393 2600 2592 2654 virtute
2617 2607 2671 2652 et
2702 2599 2986 2667 potentia?
3022 2600 3226 2668 quibus
3261 2601 3458 2668 opibus
3490 2610 3542 2652 et
3573 2615 3684 2651 ma-

2110 2687 2467 2758 gniﬁcentia?
2501 2704 2601 2758 per
2631 2705 2896 2758 quosnam
2926 2691 3283 2759 philosophos
3315 2701 3369 2744 et
3398 2694 3684 2744 oratoics‘?

2110 2779 2214 2833 Per
2251 2779 2461 2833 nullum
2513 2795 2773 2849 prorsus;
2808 2781 2904 2835 sed
2950 2783 3064 2836 sola
3101 2783 3194 2837 Dei
3252 2783 3486 2837 virtute.
3521 2800 3682 2850 quam

2113 2869 2410 2924 imlnerant
2446 2869 2734 2924 duodecim
2762 2874 3015 2938 apostoli,
3045 2873 3209 2929 rudes
3237 2884 3416 2936 antea,
3441 2888 3688 2941 agt-csse;

2111 2968 2166 3010 et
2200 2957 2426 3011 infirmi.
2461 2959 2550 3013 Sic
2579 2959 2722 3012 enim
2757 2959 2973 3016 dixerat
3005 2963 3112 3017 illis
3136 2963 3390 3017 Christus
3422 2981 3433 3016 :
3479 2983 3494 3012 ι
3539 2964 3680 3016 Etet:

435 3059 705 3126 γαλείους
742 3061 848 3111 ἀπὸ
878 3065 1046 3113 ποίων
1086 3063 1392 3133 φιλοσόφων
1426 3066 1516 3117 καὶ
1563 3065 1844 3136 ρητόρωνς
1880 3069 2012 3120 Πάν-

2115 3050 2270 3102 mitto
2318 3064 2414 3102 vos
2451 3059 2707 3120 tanquam
2766 3067 2897 3108 oves
2945 3055 2999 3107 in
3057 3057 3237 3110 medio
3271 3056 3564 3125 luporum;
3621 3072 3688 3107 ne

429 3164 552 3209 τως
587 3147 678 3200 ἀπ’
709 3148 943 3214 οὐδενος,
973 3150 1004 3220 ἢ
1040 3150 1147 3202 ἀπὸ
1181 3150 1278 3220 τῆς
1311 3151 1404 3203 τοῦ
1445 3151 1578 3203 Θεοῦ
1605 3152 1910 3222 δυνάμεως,
1947 3156 2014 3223 ἢν

435 3239 767 3292 ἐνεδύσαντο
790 3241 836 3292 0i
853 3240 1060 3293 δώδεκα
1085 3243 1394 3304 ἀπόστολοι,
1413 3243 1463 3294 ol
1486 3243 1740 3311 ἀμαθεῖς,
1762 3247 1808 3296 οί
1835 3248 2018 3314 ἄγροι-

437 3349 556 3395 κοι,
582 3332 631 3383 οἱ
670 3331 939 3394 ἀσθενεῖς.
977 3333 1132 3384 Οὕτω
1161 3335 1269 3401 γὰρ
1318 3332 1540 3402 εἴρηκεν
1569 3336 1598 3386 6
1624 3336 1856 3405 Χριστὸς
1882 3338 2016 3408 πρὸς

435 3423 667 3484 αὐτοὺς,
698 3423 778 3476 ὅτι
808 3440 827 3474 ι
877 3421 1008 3475 Ἰδοὺ
1043 3423 1356 3494 ἀποστέλλω
1391 3425 1534 3491 ὑμᾶς
1571 3425 1643 3478 ὡς
1677 3428 1926 3494 πρόϐατα
1958 3430 2016 3482 ἐν

436 3510 601 3581 μέσῳ
627 3510 810 3563 λύκων
830 3526 845 3540 ’
886 3510 960 3578 μὴ
999 3491 1376 3580 μεριμνήσητε
1404 3512 1537 3576 γοῦν
1566 3513 1617 3564 τί
1643 3491 1858 3582 εἴπητε,
1889 3516 1922 3586 ἢ
1963 3517 2016 3569 τί

432 3600 722 3668 λαλήσητε
770 3599 1085 3668 ἔμπροσθεν
1123 3599 1323 3654 αὐτῶν.
1370 3601 1510 3668 Ἐγὼ
1552 3602 1661 3672 γὰρ
1703 3603 1860 3656 δώσω
1887 3603 2017 3672 ὑμῖν

433 3691 624 3760 στόμα
655 3691 751 3744 καὶ
781 3691 995 3758 σοφίαν,
1096 3692 1154 3743 ού
1195 3691 1516 3760 δυνήσονται
1553 3693 1872 3762 ἀντιστῆναι
1895 3695 2018 3748 οὐδὲ

434 3784 722 3836 ἀντειπεῖν
756 3783 956 3845 πάντες
979 3785 1026 3836 οἱ
1048 3783 1419 3850 ἀντικείμενοι
1453 3785 1602 3853 ὑμῖν.
1640 3803 1657 3836 ι
1695 3787 1804 3838 Καὶ
1840 3786 2017 3852 οὕτως

433 3877 690 3943 ἐγένετο.
749 3874 954 3936 Πάντες
991 3875 1039 3926 οἱ
1081 3873 1389 3941 φιλόσοφοι,
1425 3875 1626 3937 πάντες
1679 3876 1728 3928 οί
1763 3877 2016 3947 ῥήτορες,

435 3968 653 4028 πάντες
686 3967 734 4019 οι
787 3967 955 4037 μάγοι
1011 3964 1183 4029 οὕτως
1213 3966 1500 4034 ἐφαίνοντο
1539 3967 1856 4038 ἔμπροσθεν
1908 3968 2019 4024 τῶν

432 4060 786 4124 ἀποστόλων,
826 4060 902 4122 ὼς
938 4058 1119 4129 ἰχθύες
1165 4060 1392 4126 ἄφωνοι..
1443 4061 1576 4114 Τότε
1633 4061 1928 4135 ἐπληρώθη
1983 4064 2017 4134 ἡ

433 4150 546 4206 τοῦ
567 4151 731 4203 Δαϐἱδ
766 4151 1098 4220 προφητεία,
1127 4151 1158 4220 ἡ
1200 4149 1456 4216 λέγουσα,
1495 4171 1513 4204 ι
1562 4155 1671 4206 Καὶ
1702 4155 1930 4208 ἐλάλουν
1961 4157 2020 4210 ἐν

433 4248 562 4307 τοῖς
600 4244 922 4314 μαρτυρίοις
953 4261 1048 4296 σου
1075 4245 1316 4298 ἐναντίον
1349 4244 1638 4313 βασιλέων,
1670 4251 1762 4300 καὶ
1793 4250 1894 4301 οὐκ
1925 4251 2022 4320 ῂσ-

433 4337 716 4408 χυνόμην.
757 4356 776 4387 ο
823 4335 986 4388 una
1037 4335 1102 4405 δὴ
1147 4337 1240 4389 καὶ
1279 4335 1372 4390 τοῦ
1411 4337 1660 4403 Ἡσαΐου,
1699 4340 1731 4409 ή
1779 4339 2020 4408 λέγουσα

2116 3141 2334 3194 solliciti
2368 3141 2507 3205 sitis,
2541 3143 2672 3211 quid
2719 3143 2940 3210 dicatis,
2976 3156 3070 3198 aut
3101 3146 3232 3214 quid
3265 3146 3562 3214 loquamini
3595 3163 3688 3197 co-

2118 3250 2231 3287 ram
2261 3235 2412 3303 ips's.
2446 3235 2559 3304 Ego
2581 3237 2730 3289 enim
2767 3237 2910 3290 dabo
2959 3237 3113 3290 vobis
3145 3254 3207 3292 os
3253 3248 3306 3291 et
3337 3239 3684 3306 sapientiam,

2115 3325 2202 3377 cui
2240 3340 2346 3377 non
2371 3335 2628 3392 poterunt
2662 3326 2940 3386 resistere.
2967 3345 3068 3382 nec
3097 3329 3479 3384 contradicere
3499 3347 3689 3384 omnes

2113 3419 2207 3484 qni
2259 3430 2378 3470 sese
2417 3429 2704 3486 Opponunt
2741 3419 2901 3474 vobis
2928 3421 2994 3474 ³³.
3040 3439 3058 3471 ι
3103 3421 3166 3474 Ει,
3203 3421 3282 3476 sic
3325 3423 3576 3476 evenisse
3611 3423 3690 3476 le-

2115 3507 2310 3578 gimus.
2341 3506 2544 3562 Omnes
2591 3507 2737 3562 enim
2775 3510 3112 3579 pllilOSOillll,
3171 3530 3363 3568 omnes
3415 3515 3687 3580 rhetores,

2115 3614 2304 3652 onmes
2336 3598 2500 3667 magi,
2537 3614 2724 3653 coram
2771 3604 3035 3670 apostolis
3069 3620 3168 3658 ceu
3211 3608 3386 3672 pisces
3415 3608 3547 3660 muti
3598 3624 3691 3674 ap—

2116 3701 2441 3762 paruerunt.
2467 3692 2622 3748 Tunc
2650 3693 2934 3763 impletum
2977 3706 3058 3751 est
3089 3698 3220 3753 illud
3252 3701 3471 3754 Davidis
3499 3701 3688 3753 vatici-

2117 3786 2267 3839 nium
2296 3807 2309 3839 :
2351 3803 2368 3836 ι
2398 3785 2464 3840 Ει
2501 3786 2764 3856 loquebar
2796 3787 2850 3841 in
2883 3791 3214 3845 testimoniis
3249 3792 3355 3846 tuis
3387 3808 3571 3846 coram
3606 3809 3692 3846 re—

2117 3874 2294 3943 gibus,
2324 3885 2510 3930 etnon
2543 3875 2924 3933 confundebar
2948 3879 3012 3933 “.
3044 3898 3060 3931 ι
3097 3879 3240 3947 Quin
3271 3893 3326 3936 et
3352 3883 3484 3936 illud
3517 3883 3686 3936 lsai:e:

2124 3982 2144 4017 ι
2180 3967 2354 4032 Quam
2388 3967 2622 4036 speciosi
2671 3977 2799 4022 sunt
2851 3971 3016 4038 pedes
3054 3974 3549 4041 evangelizantinm
3601 3993 3692 4044 pa-

2120 4070 2259 4115 cem.
2289 4055 2382 4124 qui
2427 4056 2758 4111 annuntiant
2799 4058 2938 4113 bona
2966 4060 3033 4112 ".
3079 4079 3096 4111 ι
3127 4061 3298 4116 Divisi
3342 4065 3528 4133 itaque
3563 4074 3693 4117 sunt

2118 4146 2375 4216 apostoli,
2407 4156 2460 4200 et
2494 4147 2726 4216 dispersi
2780 4148 2834 4202 in
2879 4150 3200 4206 universam
3238 4162 3472 4217 terram;
3505 4156 3693 4224 singu-

2118 4239 2267 4306 lique
2295 4239 2348 4291 in
2383 4239 2490 4292 illis
2519 4239 2671 4302 locis,
2698 4239 2763 4294 ad
2797 4257 2932 4310 quos
2969 4256 3353 4311 pervenerant,
3383 4248 3693 4299 docuerunt

2120 4333 2494 4402 Evangelium.
2531 4333 2599 4387 Et
2637 4334 2860 4403 impleta
2907 4346 2990 4390 est
3018 4337 3238 4390 Davidis
3274 4339 3560 4407 prophetia
3611 4339 3694 4390 di--

431 4429 668 4499 ὁμοίως,
696 4427 771 4488 ὥς
812 4446 829 4478 ι
881 4427 1086 4493 Ὠραῖοι
1109 4429 1157 4479 οἱ
1192 4427 1349 4489 πόδες
1379 4427 1486 4479 τῶν
1514 4428 2012 4499 εὐαγγελιζομένων

2122 4437 2288 4477 cens:
2324 4441 2342 4473 ι
2375 4424 2432 4476 1η
2461 4440 2678 4478 omnem
2699 4433 2897 4478 terram
2923 4427 3088 4481 exivit
3113 4444 3280 4483 sonus
3301 4445 3514 4490 eorum,
3550 4439 3603 4482 et
3640 4430 3692 4482 in

434 4521 696 4588 εερήνην,
730 4519 838 4569 τῶν
881 4517 1394 4587 εὐαγγελιζομένων
1437 4522 1506 4571 τὰ
1544 4521 1744 4587 ἀγαθά.
1784 4539 1802 4572 ι
1855 4523 2017 4592 Ἐμε-

443 4611 718 4681 ρίσθησαν
768 4608 876 4678 γὰρ
909 4609 960 4660 οί
1012 4609 1322 4673 ἀπόστολοι,
1384 4613 1480 4665 καὶ
1523 4612 1900 4683 διεσπάρησαν
1938 4616 2018 4676 είς

439 4705 631 4756 πᾶσαν
666 4700 765 4767 τὴν
798 4701 925 4766 γῆν,
951 4701 1047 4753 καὶ
1081 4700 1317 4764 ἐδίδαξεν
1369 4695 1448 4764 εἷς
1476 4702 1707 4766 ἕκαστος
1746 4706 1806 4756 τιὸ
1832 4705 2023 4773 Ἐὐαγ-

442 4797 630 4862 γέλιον
679 4794 756 4854 είς
790 4792 848 4844 δν
881 4792 1048 4844 τόπον
1091 4791 1324 4861 ἀπῆλθε,
1371 4794 1464 4845 καὶ
1509 4795 1805 4864 ἐπληρώθη
1835 4799 1873 4866 ἡ
1924 4796 2020 4849 τοῦ

443 4885 639 4939 Anima
665 4884 992 4953 προφητεία,
1030 4883 1059 4953 ἡ
1098 4883 1357 4949 λέγουσα,
1391 4878 1410 4934 ι
1455 4885 1544 4946 El;
1578 4887 1760 4939 πᾶσαν
1787 4887 1886 4956 τὴν
1919 4891 2022 4956 γῆν

445 4973 674 5044 ἐξῆλθεν
712 4977 738 5024 ὁ
766 4972 999 5042 φθόγγοι
1057 4973 1262 5036 αὐτῶν,
1295 4974 1388 5026 καὶ
1413 4975 1492 5036 είς
1547 4975 1617 5027 τὰ
1664 4977 1877 5044 πέρατα
1921 4977 2021 5046 τῆς

443 5067 778 5133 οἰκουμένης
831 5063 901 5115 τὰ
935 5064 1155 5133 ῥήματα
1197 5064 1396 5118 αὐτῶν.
1441 5083 1458 5115 ι
1494 5065 1700 5132 Σκέύαι
1755 5067 1887 5134 γοῦν
1925 5068 2020 5118 καὶ⁸

447 5156 530 5208 ῐδε
559 5157 651 5208 καὶ
683 5157 948 5227 πρόσεξον
980 5155 1244 5224 ἀκριϐῶς,
1277 5155 1357 5208 ’ότι
1396 5155 1614 5209 ἅπαντα
1645 5157 1744 5209 ὅσα
1782 5158 2024 5227 ἐγράφη-

451 5265 557 5299 σαν
609 5248 864 5312 ἐνταῦθα,
896 5247 1120 5316 οὐδεμία
1154 5247 1246 5299 καὶ
1284 5247 1420 5316 μόνη
1471 5247 1615 5313 λέξις
1661 5250 1876 5319 ἐγράφη
1926 5251 2022 5300 ἀπ’

451 5337 758 5407 ἀλλαχόθεν
788 5339 902 5391 ἀλλ’
933 5340 964 5410 ἦ
993 5340 1099 5392 ἀπὸ
1128 5339 1217 5392 τοῦ
1250 5341 1550 5404 Μωῦσέως,
1586 5342 1692 5393 ἀπὸ
1725 5343 1836 5395 τῶν
1885 5359 2024 5412 προ-

454 5431 665 5497 φητῶν.
707 5431 815 5483 ἀπὸ
839 5430 933 5484 τοῦ
967 5432 1150 5490 Δαϐδ,
1190 5432 1282 5483 καὶ
1306 5433 1414 5484 ἀπὸ
1442 5432 1536 5484 τοῦ
1573 5434 1929 5502 Εύαγγελίου,
1965 5434 2025 5488 6.-

364 5591 371 5598 .
453 5536 566 5590 περ
592 5522 687 5574 καὶ
713 5522 917 5590 ὀφείλει
951 5524 1093 5584 ἄπας
1122 5525 1547 5594 Μουσουλμάνός
1582 5526 1668 5577 ἵνα
1697 5528 1911 5594 στέρνηί
1947 5527 2022 5589 ὡς

532 5636 804 5712 "__5latth.
833 5657 884 5696 ι.
925 5642 988 5696 16
1024 5643 1113 5706 20,
1193 5643 1238 5676 ³⁸
1277 5643 1417 5699 Psal.
1455 5660 1641 5712 cxvm,
1670 5646 1758 5700 47.
1868 5648 1909 5677 ³⁸

462 5707 540 5772 5;
570 5707 704 5765 Rom
733 5713 904 5774 x,18.

1949 5663 2048 5702 183.

2121 4513 2386 4568 terminos
2447 4514 2600 4569 orbis
2655 4516 2823 4570 verba
2894 4517 3138 4586 ipsorum
3193 4521 3258 4573 “.
3309 4540 3326 4567 ι
3391 4521 3694 4575 Considi-ra

2121 4601 2310 4670 igitur.
2347 4603 2471 4656 vide
2515 4613 2570 4656 et
2608 4604 2832 4658 attende
2869 4605 3162 4676 diligenter
3203 4607 3401 4662 horum
3445 4614 3690 4662 omnium

2121 4706 2242 4760 qua:
2277 4692 2363 4746 hic
2392 4696 2592 4763 scripta
2623 4706 2770 4759 sunt,
2802 4710 2868 4750 ne
2896 4697 3106 4750 unicam
3136 4698 3358 4766 quidem
3395 4700 3692 4752 dictionem

2123 4781 2344 4836 aliunde
2381 4799 2544 4851 quam
2571 4799 2600 4838 e
2638 4784 2806 4848 Mose,
2851 4786 3073 4851 Dav-ide,
3112 4790 3393 4855 prophetis
3431 4799 3484 4840 et
3517 4787 3695 4840 Evan-

2123 4870 2264 4938 gelio
2313 4871 2693 4940 transcriptum
2749 4888 2892 4937 esse,
2947 4890 3070 4942 quae
3106 4877 3298 4928 omnia
3340 4892 3436 4944 pro
3469 4878 3692 4941 sanctis,

2123 4959 2287 5025 justis
2310 4969 2364 5014 et
2392 4961 2548 5014 bonis
2576 4962 2676 5029 ipsi
2713 4979 2930 5030 quoque
2962 4964 3288 5018 Musulmani
3327 4968 3576 5020 venerari
3606 4985 3696 5022 so-

2126 5049 2259 5100 lent.
2297 5047 2413 5116 Ipse
2439 5049 2586 5102 enim
2620 5049 2913 5113 Mahomet,
2960 5067 3120 5120 quem
3145 5068 3336 5107 omnes
3366 5053 3693 5110 Musulmani

2125 5149 2515 5206 prmeeptorem
2549 5154 2707 5194 suum
2761 5152 3084 5209 agnoscunt,
3134 5158 3242 5196 non
3277 5146 3453 5210 pctuit
3491 5145 3542 5198 in
3578 5148 3698 5199 uni-

2127 5244 2362 5306 Versum.
2409 5228 2693 5282 veritatem
2753 5232 3048 5296 occulere,
3099 5249 3288 5288 verum
3355 5237 3524 5291 libros
3595 5239 3697 5291 hos

2124 5331 2343 5372 sanctos
2370 5335 2492 5373 esse
2527 5329 2781 5374 testatur.
2824 5323 2978 5388 Quod
3021 5325 3066 5378 si
3102 5325 3268 5395 igitur
3299 5327 3470 5380 libros
3502 5328 3696 5384 dicunt

2125 5424 2345 5466 sanctos
2375 5422 2429 5465 et
2459 5412 2654 5477 bonos,
2680 5430 2743 5467 ea
2780 5429 2910 5468 vero
2943 5432 3066 5484 qua:
3100 5417 3154 5472 in
3191 5418 3276 5473 bis
3311 5421 3692 5483 continentur,

2126 5504 2453 5559 Musulmani
2492 5515 2872 5566 contemnunt.
2918 5524 3140 5572 necesse
3167 5511 3390 5569 omnino
3427 5513 3593 5566 fuerit
3640 5525 3699 5568 ut

2095 5645 2285 5717 ι,ιι,ξ7;
2319 5646 2557 5701 Naltum.
2591 5661 2631 5710 ι,
2669 5647 2751 5710 13;
2792 5648 2946 5701 Rom.
2985 5663 3038 5713 ιι,
3073 5647 3151 5703 15.
3268 5651 3310 5682 ³⁸
3350 5652 3492 5705 l‘sal.
3544 5668 3694 5717 xvut,
