3970 6212
378 253 481 312 503

1518 248 1838 308 JDANNIS
1873 248 2400 310 CANTACUZENI
3463 260 3553 321 5M

371 362 553 416 cuncti
595 362 845 417 homines
894 365 1016 418 illos
1053 363 1439 424 condemnem,
1475 361 1607 430 quin
1653 359 1835 429 potius
1865 359 1931 426 (si

2041 361 2191 427 ἅγια,
2248 360 2339 411 καὶ
2367 358 2578 420 δίκαια,
2612 360 2703 411 καὶ
2738 361 2895 415 καλά.
2929 361 3101 425 Αὐτὸς
3131 363 3231 432 γὰρ
3263 366 3289 418 ὀ
3326 366 3563 434 Μωάμεθ,

372 470 558 506 verum
586 455 769 508 dicere
799 456 1035 523 oportet)
1071 465 1129 507 ut
1160 454 1379 506 illorum
1402 467 1501 505 ceu
1534 460 1715 504 mente
1747 459 1937 519 capto-

372 561 491 596 rum
530 546 913 609 misereantur,
943 546 1085 613 quod
1126 559 1220 597 vos
1257 544 1515 595 nimirum
1556 552 1631 595 tot
1658 542 1933 609 tantisque

370 634 559 687 donati
608 635 1008 696 occasionibus,
1041 632 1240 701 quibus
1288 633 1572 686 veritatem
1601 641 1650 684 et
1686 630 1932 684 invenire

366 737 420 781 et
441 742 769 795 cognoscere
802 726 949 789 licet,
974 726 1117 794 quod
1150 725 1398 779 Christus
1418 725 1587 778 Filius
1607 734 1660 777 et
1689 721 1928 777 Verbum

373 817 462 868 llei
482 817 573 877 sit,
592 817 774 870 relicta
794 826 970 869 tamen
988 816 1235 869 Veritatis
1265 816 1369 878 via,
1386 831 1411 866 a
1432 828 1598 882 δρορο
1622 828 1748 867 vero
1773 812 1932 866 aber-

377 908 777 993 raveriiisKSed
806 909 1144 963 redeundum
1190 923 1253 959 eo
1287 907 1427 961 unde
1455 905 1685 975 digressi
1717 920 1930 959 sumus.

2040 452 2098 504 ὃν
2128 451 2309 519 ἔχουσι
2338 451 2535 513 πάντες
2556 455 2603 503 οί
2630 453 3051 522 Μουσουλμὰνοι
3079 453 3402 516 διδάσκαλον,
3425 459 3567 523 αὐτὸς

2038 545 2138 596 οὐκ
2190 544 2452 613 ἠδυνήθη.
2492 545 2581 597 ἵνα
2632 545 2814 615 κρύψῃ
2864 545 3141 607 παντελῶς
3169 546 3261 615 τὴν
3316 547 3568 617 ἀλήθειαν.

2037 636 2132 688 καὶ
2189 639 2465 705 μαρτυρεῖ
2514 637 2612 699 τάς
2663 638 2880 705 βίϐλους
2936 638 3118 705 ἁγίας.
3161 640 3284 691 Ἐὰν
3334 640 3454 706 γοῦν
3485 641 3572 704 τὰς

2035 726 2252 796 βίϐλους
2288 728 2385 797 μὲν
2430 728 2663 795 λέγωσιν
2703 729 2867 797 ἁγίας
2900 730 2990 781 καὶ
3028 730 3219 792 καλὰς,
3255 730 3320 783 τὰ
3347 731 3397 783 δέ
3433 730 3572 797 λεγόο

2042 833 2179 885 μενα
2208 818 2263 868 ἐν
2298 817 2489 879 αὐταῖς
2522 818 2787 870 ἀθετῶσιν
2827 820 2873 871 oi
2912 819 3343 888 Μουσουλμάνοι,
3380 819 3575 881 πάντιυς

2041 905 2156 959 δέον
2186 908 2355 968 ἐστὶν,
2397 907 2483 958 ἵνα
2530 910 2637 971 πᾶς
2669 909 2955 978 ἄνθρωπος
2991 910 3361 979 κατηγορήσῃ,
3395 910 3577 977 μᾶλλον

365 1002 419 1051 δὲ
452 1000 500 1050 εί
532 1000 635 1069 χρὴ
667 1001 896 1069 τάληθὲς
927 1003 1118 1063 εἰπεῖν,
1158 999 1352 1069 ἐλεήσῃ
1402 999 1594 1059 αὐτοὺς
1648 996 1719 1057 ὡς
1781 995 2157 1064 μαινομένους,
2200 996 2284 1048 ὄτι
2322 997 2481 1061 ὑμεῖς
2536 998 2752 1065 ἔχοντες
2811 998 3077 1061 τοσαύτας
3132 999 3227 1050 καὶ
3276 1000 3577 1067 τηλικαύτας

365 1100 644 1166 ἀφορμὰς,
674 1098 811 1151 ὥστε
848 1098 1028 1166 εὑρεῖν
1060 1095 1154 1165 τὴν
1182 1095 1463 1165 ἀλήθειαν,
1500 1094 1594 1146 καὶ
1662 1092 1865 1161 γνῶναι
1893 1092 1975 1145 ὅτι
2010 1093 2037 1144 ὁ
2066 1091 2299 1161 Χριστὸς
2332 1092 2459 1154 Υίὸς
2510 1094 2601 1146 καὶ
2639 1094 2812 1167 Λόγος
2866 1094 2961 1148 τοῦ
3001 1093 3139 1147 Θεοῦ
3179 1098 3343 1158 ἐστιν,
3372 1095 3577 1164 ἀφέντες

366 1193 462 1262 τὴν
498 1192 594 1259 τῆς
631 1190 887 1259 ἀληθείας
935 1190 1072 1254 ὁδον,
1124 1188 1465 1258 ἐπλανήθητε
1509 1188 1932 1255 ἀστοχήσαντες.
1983 1183 2123 1238 Ἀλλ’
2146 1184 2431 1237 ἐπανιτέον
2465 1185 2586 1238 ὅθεν
2620 1186 2939 1256 ἐξήλθομεν.

430 1373 488 1425 2.
540 1370 640 1436 Qui
677 1371 860 1452 itaque
907 1368 1184 1436 apostolos
1219 1366 1721 1436 perSequebantur,
1755 1378 1809 1418 et
1840 1377 1936 1417 sua

371 1464 695 1533 premebant
731 1461 1044 1533 tyrannide,
1080 1460 1135 1512 hi
1186 1459 1284 1527 ipsi
1325 1458 1540 1511 tandem
1576 1456 1626 1508 in
1656 1456 1933 1510 Christum

368 1547 690 1615 credebant,
724 1561 777 1604 et
823 1549 1228 1604 conﬁtebantur
1280 1548 1424 1601 hunc
1446 1562 1565 1600 esse
1607 1545 1800 1599 Filium
1838 1544 1932 1597 Dei

2114 1370 2178 1439 β’.
2210 1371 2270 1422 Oi
2300 1374 2479 1424 τοίνυν
2507 1368 2790 1431 διώκοντες
2808 1369 2901 1421 καὶ
2918 1368 3303 1437 τυραννοῦντες
3328 1366 3444 1427 τοὺς
3460 1368 3580 1420 ἀπο-

2042 1461 2258 1523 στόλους
2305 1460 2586 1514 ἐπίστευον
2638 1462 2718 1521 είς
2771 1458 2863 1510 τὸν
2890 1458 3150 1527 Χριστὸν,
3174 1458 3267 1510 καὶ
3290 1455 3578 1526 ὡμολόγουν

2040 1556 2117 1607 ὅτι
2146 1554 2306 1613 αὐτός
2335 1555 2481 1606 ἐστιν
2503 1555 2529 1604 ὁ
2558 1552 2683 1614 Υίδς
2712 1551 2804 1604 τοῦ
2833 1549 2970 1602 Θεοῦ
2995 1549 3090 1603 τοῦ
3120 1549 3339 1614 ζῶντος,
3368 1550 3456 1601 καὶ
3474 1550 3582 1601 ἀντὶ

366 1642 623 1703 viventis,
663 1641 771 1693 imo
807 1639 1177 1707 apostolorum
1234 1636 1354 1689 loco
1405 1636 1479 1689 illi
1521 1636 1620 1704 ipsi
1655 1648 1934 1703 praecones

2041 1647 2144 1699 τῶν
2175 1646 2486 1698 ἀποστόλων
2512 1644 2713 1712 μᾶλλον
2744 1643 2990 1709 ἐγένοντο
3010 1642 3212 1694 ἐκεῖνοι
3242 1641 3471 1709 κήρυκες
3496 1638 3580 1691 τοῦ

375 1732 615 1786 nominis
665 1731 871 1785 Christi
930 1728 1323 1782 reddebantur.
1374 1725 1439 1779 Et
1491 1741 1683 1779 omnes
1716 1726 1934 1793 quidem

368 1822 648 1892 apostolos
682 1830 875 1886 morte,
909 1835 1015 1889 qua
1046 1818 1321 1873 Christum
1354 1817 1590 1872 confessi
1626 1824 1773 1878 sunt,
1810 1816 1938 1869 sub-

368 1915 508 1967 latos
536 1928 677 1976 esse,
731 1928 915 1965 verum
950 1921 1062 1977 est;
1112 1925 1218 1964 non
1258 1919 1435 1963 tamen
1490 1910 1544 1962 in
1583 1909 1682 1963 hos
1724 1917 1935 1962 tantum

371 2007 668 2062 san-ierunt
700 2005 872 2075 impii,
898 2014 1160 2073 quantum
1190 2001 1243 2055 in
1271 2002 1394 2058 illos
1418 2002 1511 2071 qui
1543 2001 1610 2055 ab
1634 1999 1938 2054 idololatria

368 2098 433 2152 ad
459 2096 737 2151 Christum
769 2095 1020 2149 conversi
1052 2093 1288 2148 fuerant.
1315 2093 1539 2146 Atroces
1564 2091 1709 2144 enim
1740 2090 1806 2144 de
1831 2090 1937 2144 illis

372 2204 565 2258 poenas
613 2187 923 2240 sumebant.
960 2184 1299 2239 Membratim
1336 2182 1683 2236 dissecabant
1728 2196 1844 2244 eos,
1884 2189 1939 2233 et

369 2282 527 2353 quasi
565 2296 674 2333 uno
708 2287 982 2331 momento
1016 2276 1149 2330 salvi
1208 2284 1263 2328 et
1299 2274 1495 2343 integri
1540 2280 1933 2341 apparuerunt.

369 2373 429 2425 lu
457 2372 701 2425 caminos
724 2371 1074 2439 dejecerunt:
1104 2367 1195 2421 sed
1230 2378 1486 2436 tanquam
1514 2380 1683 2434 aquas
1707 2362 1935 2433 ingressi

370 2465 749 2519 servabantur.
771 2463 1056 2517 Plumbum
1075 2459 1426 2528 liquefactum
1451 2457 1627 2511 coacti
1649 2455 1935 2518 bibebant,

370 2557 464 2611 sed
495 2572 601 2609 non
634 2554 990 2609 lazdebantur.
1019 2553 1071 2605 In
1097 2552 1263 2605 maris
1299 2549 1629 2619 profundum
1654 2548 1940 2615 demerge-

372 2647 503 2701 bant
528 2665 540 2699 :
564 2654 617 2699 et
638 2646 690 2698 in
709 2644 859 2698 littus
873 2650 1180 2696 evaserunt.
1206 2642 1266 2693 Et
1287 2640 1536 2708 quisnam
1554 2640 1634 2705 (ut
1655 2635 1760 2689 dici
1780 2632 1936 2702 solet)

373 2748 677 2808 martyrum
709 2744 974 2790 tormenta
1007 2744 1061 2787 et
1094 2733 1422 2786 tentationes
1445 2738 1623 2797 posset
1645 2728 1941 2790 exponere?

376 2831 621 2885 Tandem
649 2836 831 2883 autem
866 2826 1063 2879 mortui
1098 2832 1247 2885 sunt,
1298 2831 1351 2875 et
1384 2830 1653 2875 tormenta
1688 2820 1940 2887 volupta-

377 2933 489 2975 tum
521 2921 663 2983 loco,
691 2926 746 2971 et
779 2926 1011 2970 mortem
1038 2930 1138 2983 pro
1162 2913 1271 2966 vita
1300 2910 1732 2973 aestimaverunt,
1759 2918 1941 2962 osten—

2040 1737 2303 1805 ὀνόματος
2348 1736 2439 1789 τοῦ
2481 1734 2742 1806 Χριστοῦ.
2779 1734 2889 1787 Καὶ
2922 1733 3003 1785 ὅτι
3042 1731 3143 1802 μὲν
3179 1732 3373 1793 πάντες
3394 1730 3583 1783 οιάπό-

2041 1832 2212 1883 στολοι
2233 1831 2323 1883 τὸν
2352 1829 2439 1882 διὰ
2466 1827 2763 1897 μαρτυρίου
2798 1826 3024 1879 θάνατον
3046 1822 3407 1889 ἀπέθνησκον,
3440 1820 3584 1874 τοῦτο

2039 1922 2210 1984 οὕτως
2230 1920 2363 1991 ἔχει.
2382 1920 2526 1972 Ἀλλ’
2548 1920 2645 1971 οὐκ
2670 1918 2995 1985 ἐτυράννουν
3018 1917 3068 1969 οἱ
3095 1915 3311 1976 ἀσεϐεῖς
3336 1913 3581 1977 ἐκείνους,

2038 2015 2160 2066 ὅσον
2189 2014 2311 2074 τοὺς
2340 2012 2771 2081 ἐπιστρέφοντας
2797 2008 2904 2060 ἀπὸ
2935 2010 3034 2075 τῆς
3060 2003 3491 2073 εἰδωλολατρείας
3513 2003 3586 2063 είς

2040 2104 2128 2157 τὸν
2154 2100 2409 2171 Χριστόν.
2448 2098 2703 2165 Μεγάλας
2728 2096 2821 2149 καὶ
2849 2096 2954 2164 γὰρ
2976 2094 3249 2163 τιμωρίας
3285 2092 3488 2145 ἐποίουν
3512 2092 3586 2152 εις

2040 2194 2256 2257 αὐτοὺς,
2297 2191 2526 2261 μεληδὸν
2556 2190 2886 2258 κατέτεμνον
2920 2187 3168 2250 τούτους,
3211 2187 3301 2239 καὶ
3328 2185 3398 2247 ὡς
3427 2187 3481 2237 ἐν
3505 2186 3589 2253 ῥο-

2040 2286 2115 2351 πῇ
2151 2284 2248 2351 μιᾷ
2286 2280 2602 2349 εὑρίσκοντο
2639 2278 2768 2331 σῶοι
2805 2280 2899 2331 καὶ
2944 2278 3220 2345 ἀκέραιοι.
3252 2277 3339 2340 Εἰς
3369 2274 3461 2337 τὰς
3491 2289 3587 2326 και

2043 2377 2227 2446 μίνους
2272 2373 2577 2439 ἐνέϐαλλον,
2636 2370 2731 2423 καὶ
2760 2371 2835 2433 ὡς
2894 2371 2952 2423 ἐν
3010 2370 3174 2422 ὓδατι
3237 2366 3587 2437 εἰσερχόμενοι

2039 2466 2425 2536 ἐφυλάσσοντο.
2461 2463 2738 2517 Μόλυϐδον
2794 2462 3306 2531 πεπυρακτωμένον
3358 2457 3590 2518 ἐπότιζον

2039 2558 2259 2621 αὐτοὺς,
2306 2558 2397 2608 καὶ
2446 2556 2545 2608 οὐκ
2571 2554 2921 2607 ἐϐλάπτοντο.
2956 2553 3048 2615 Εἰς
3079 2553 3177 2605 τὸν
3204 2552 3302 2621 τῆς
3332 2550 3589 2617 θαλάσσης

2042 2650 2202 2720 βυθὸν
2233 2650 2509 2720 ἔρριπτον,
2537 2648 2628 2698 καὶ
2656 2645 2735 2705 είς
2768 2645 2868 2714 τὴν
2896 2647 3097 2712 χέρσον
3124 2643 3456 2711 εὑρίσκοντο.
3492 2638 3591 2692 Καὶ

2040 2742 2123 2801 τίς
2157 2740 2394 2797 δύναται.
2423 2737 2497 2797 ὡς
2518 2735 2646 2796 ἔπος
2678 2737 2876 2800 είπεῖν,
2906 2733 3380 2804 ἐξαριθμήσασθαι
3410 2734 3496 2785 καὶ
3517 2732 3589 2782 εἰ·

2042 2835 2160 2884 πεῖν
2188 2830 2285 2890 τὰς
2322 2829 2429 2881 τῶν
2463 2828 2759 2898 μαρτύρων
2791 2826 3058 2897 βασάνους
3086 2829 3189 2879 καὶ
3229 2826 3298 2880 τὰ
3340 2824 3590 2895 πειρατή-

2048 2936 2168 2989 ρια;
2210 2919 2372 2979 Τέλος
2404 2918 2581 2969 τοίνυν
2613 2915 2979 2987 ἀπέθνησκον,
3025 2916 3121 2967 καὶ
3160 2913 3463 2981 ἐλογίζοντο
3501 2914 3591 2973 τὰς

377 3015 563 3081 ditque
604 3027 701 3081 per
750 3017 1015 3078 martyres
1058 2992 1308 3060 Christus
1337 3017 1490 3057 suam
1543 3001 1715 3070 ipsius
1741 3000 1937 3053 divini-

2045 3008 2141 3075 μὲν
2184 3006 2449 3073 βασάνους
2490 3004 2720 3072 τρυφὰς,
2750 2992 2842 3055 τὸν
2897 3002 2953 3055 δέ
3000 3001 3235 3055 θάνατον
3283 3001 3446 3069 ζωήν.
3490 3000 3590 3054 Καὶ

377 3111 541 3155 tatem
594 3110 650 3155 et
698 3099 1019 3168 potentiam,
1060 3095 1190 3165 quin
1225 3093 1383 3147 ﬁdem
1439 3106 1657 3162 quoque
1686 3100 1741 3144 et
1790 3090 1933 3143 desi-

374 3194 612 3252 derium,
648 3204 759 3259 quo
788 3203 913 3259 erga
946 3187 1098 3242 illum
1135 3185 1480 3240 tenebantur.
1515 3182 1588 3235 Eo
1613 3181 1756 3234 enim
1788 3179 1934 3249 quod

374 3284 507 3339 salvi
547 3292 602 3337 et
661 3280 814 3335 illaesi
860 3286 1213 3333 servarentur
1265 3284 1531 3345 martyres
1564 3274 1789 3339 Christi,
1843 3288 1939 3341 ap-

375 3374 601 3445 parebat
636 3372 883 3441 potentia
937 3378 992 3424 et
1043 3369 1335 3422 divinitas:
1385 3381 1481 3435 per
1520 3374 1752 3419 mortem
1805 3378 1937 3417 vero

374 3482 538 3531 quam
565 3463 932 3526 sustinebant,
965 3461 1183 3515 illorum
1220 3459 1271 3512 in
1319 3458 1595 3513 Christum
1632 3457 1764 3510 ﬁdes
1820 3455 1939 3510 elu-

378 3558 537 3613 cebat
583 3566 639 3612 et
690 3554 948 3617 charitas,
999 3549 1456 3622 quemadmodum
1499 3558 1682 3618 postea
1722 3547 1938 3616 planius

377 3648 868 3705 demonstrabitur.
888 3646 1119 3715 Insignis
1136 3643 1279 3697 enim
1303 3641 1629 3695 certantium
1653 3638 1936 3701 fortitudo,

375 3753 432 3798 et
460 3746 651 3797 horum
683 3742 817 3795 ﬁdes
847 3742 1017 3792 instar
1046 3737 1177 3791 facis
1204 3735 1464 3804 fulgebat.
1502 3732 1603 3798 Qui
1633 3732 1779 3786 enim
1813 3730 1939 3784 illos

376 3835 629 3889 servabat
679 3833 877 3886 illzesos
919 3846 985 3883 ex
1041 3827 1239 3882 talibus
1298 3825 1570 3893 tantisque
1627 3822 1938 3886 tormentis,

377 3934 595 3997 poterat
618 3924 861 3985 omnino,
886 3935 951 3974 ne
977 3925 1338 3978 morerentur,
1363 3914 1598 3968 efficere.
1625 3914 1730 3967 Sed
1751 3929 1939 3982 quem-

377 4017 669 4071 ahnodum
716 4016 768 4067 in
802 4012 1021 4081 proprio
1052 4024 1280 4077 corpore
1314 4007 1567 4061 Christus
1595 4005 1741 4065 fecit,
1775 4014 1833 4058 ut
1872 4004 1939 4058 ad

382 4109 552 4161 solam
596 4122 700 4174 qua
737 4104 993 4157 Hebraeos
1047 4098 1391 4166 compellavit
1428 4096 1939 4162 interrogationem,

378 4202 547 4266 Quem
603 4194 885 4266 quaeritis?
935 4208 1124 4246 omnes
1156 4192 1540 4245 conciderent:
1595 4202 1826 4257 cumque
1873 4186 1940 4239 ad

377 4290 597 4344 eosdem
630 4288 857 4350 diceret,
894 4284 1066 4339 Sinite
1102 4283 1202 4337 hos
1230 4283 1402 4343 abire,
1439 4280 1723 4349 discipulis
1751 4277 1942 4333 dimis-

2039 3097 2307 3149 ἐδείκνυεν
2342 3098 2369 3147 ὀ
2401 3096 2634 3164 Χριστὸς
2673 3095 2761 3148 διὰ
2801 3094 2909 3147 τῶν
2955 3094 3254 3165 μαρτύρων
3301 3094 3398 3163 τὴν
3436 3092 3589 3146 αὐτοῦ

2040 3187 2269 3256 θεότητά
2295 3205 2353 3239 τε
2380 3190 2472 3241 καὶ
2502 3185 2751 3255 δύναμιν,
2774 3186 2909 3238 άλλά
2934 3187 3027 3238 καὶ
3053 3185 3156 3257 τὴν
3185 3187 3367 3239 πίστιν
3395 3184 3484 3238 καὶ
3507 3183 3590 3236 τὸν

2039 3278 2201 3330 πόθον
2228 3276 2428 3340 αὐτῶν,
2455 3275 2513 3329 ὃν
2540 3272 2683 3347 εἶχον
2712 3276 2791 3339 είς
2822 3276 3004 3328 αὐτόν.
3039 3276 3142 3329 Διὰ
3175 3277 3275 3345 μὲν
3301 3271 3395 3329 οὖν
3421 3276 3478 3328 τὸ
3499 3291 3591 3340 φυ-

2038 3370 2330 3426 λάσσεσθαι
2362 3370 2537 3433 σώους
2571 3372 2664 3423 καὶ
2692 3368 2949 3438 ἀϐλαϐεῖς
2973 3371 3101 3432 τοὺς
3135 3371 3418 3441 μάρτυρας
3443 3367 3591 3436 ἐφαί-

2038 3480 2157 3517 νετο
2210 3461 2374 3532 ήτοῦ
2432 3460 2669 3530 Χριστοῦ
2722 3460 2951 3529 δύναμις
2988 3462 3083 3512 καὶ
3140 3461 3356 3531 θεότης,
3410 3459 3496 3513 διά
3541 3459 3594 3511 δὲ

2038 3553 2132 3606 τοῦ
2186 3552 2416 3606 Θανάτου
2471 3552 2531 3603 ὃν
2579 3551 2947 3620 ἀπέθνησκον,
2982 3551 3297 3604 ἐδεικνύετο
3345 3551 3486 3623 ήὶείς
3514 3554 3598 3601 τὸν

2040 3645 2274 3715 Χριστὸν
2310 3644 2492 3703 πίστις
2522 3660 2582 3695 τε
2630 3644 2721 3694 καὶ
2767 3642 2957 3710 ἀγάπη
2990 3642 3192 3703 αὐτῶν,
3226 3642 3303 3702 ὡς
3339 3642 3404 3694 ἂν
3433 3636 3606 3693 ἐντεῦο

2041 3738 2131 3790 θεν
2172 3736 2277 3788 ἀπὸ
2306 3735 2494 3788 τούτου
2521 3734 2705 3802 δειχθῇ
2737 3734 2817 3785 ἔτι
2852 3732 3244 3803 καθαρώτερον
3276 3733 3335 3786 τὸ
3366 3732 3599 3800 δοκίμιον

2040 3829 2136 3896 τῆς
2190 3826 2441 3893 ἀνδρείας
2497 3826 2606 3877 τῶν
2659 3822 3101 3893 ἀγωνιζομένων,
3163 3827 3262 3878 καὶ
3321 3825 3353 3894 ἡ
3410 3823 3604 3875 τούτων

2044 3921 2225 3980 πίστις
2282 3917 2353 3979 ὡς
2428 3917 2635 3987 πυρσὸς
2707 3916 3025 3989 ἀναλάμψῃ.
3089 3915 3154 3971 ’0
3210 3917 3320 3987 γὰρ
3374 3914 3600 3984 φυλάξας

2043 4009 2239 4067 αὐτοὺς
2289 4006 2546 4069 ἀϐλαϐεῖς
2588 4008 2652 4059 ἐκ
2706 4006 2814 4058 τῶν
2864 4007 3136 4059 τοσούτων
3199 4008 3296 4060 καὶ
3348 4003 3594 4059 τοιούτων

2044 4100 2411 4168 πειρατηρίων
2457 4099 2688 4167 ἠδύνατο
2732 4099 2946 4159 πάντως
2984 4100 3213 4166 ποιῆσαι
3251 4098 3337 4150 ἵνα
3368 4097 3439 4167 μὴ
3479 4098 3603 4149 ἀπο-

2044 4195 2300 4247 θάνωσιν.
2337 4190 2480 4247 Ἀλλ’
2508 4190 2697 4261 ὥσπερ
2728 4193 2785 4244 ἐν
2816 4191 2891 4258 τῷ
2926 4190 3038 4260 ἰδίῳ
3068 4190 3286 4259 σώματι
3316 4186 3603 4253 πεποίηκεν

2046 4288 2074 4338 ὁ
2121 4268 2384 4356 Χριστος,
2446 4282 2529 4333 ὄτι
2579 4280 2666 4332 διὰ
2727 4277 2895 4346 μόνης
2950 4277 3085 4347 πρὸς
3141 4278 3270 4340 τοὺς
3333 4275 3605 4344 Ἐϐραίους

380 4384 475 4446 sis,
506 4397 561 4436 se
591 4381 865 4435 Christum
898 4378 1106 4433 scilicet
1128 4375 1633 4445 apprehemlerent:
1668 4374 1828 4437 sicut,
1858 4373 1937 4426 in-

2048 4378 2386 4448 ἐρωτήσεως,
2432 4375 2514 4426 ὅτι
2571 4372 2703 4424 Τίνα
2750 4370 2995 4439 ζητεῖτε,
3046 4370 3358 4438 εὑρέθησαν
3422 4367 3607 4423 πάντες

378 4486 563 4540 quam,
599 4472 650 4523 in
683 4470 785 4522 hoc
814 4468 1056 4537 potentia
1098 4467 1258 4520 simul
1293 4474 1347 4518 et
1383 4464 1633 4517 voluntas
1665 4464 1809 4517 illius
1842 4478 1939 4531 ap-

377 4564 577 4634 paruit,
605 4566 675 4616 ita
705 4562 867 4615 etiam
898 4560 1081 4614 evenit
1110 4559 1163 4611 in
1198 4558 1544 4626 martyribus.
1575 4556 1944 4610 Servabantur

377 4657 524 4709 enim
558 4654 732 4717 illa'si,
780 4652 962 4706 divina
994 4652 1196 4705 virtute
1231 4660 1284 4701 et
1333 4649 1594 4718 potentia,
1648 4647 1699 4699 in
1735 4644 1943 4715 magnis

378 4747 556 4817 pomis
578 4754 631 4799 et
655 4744 968 4799 tormentis:
992 4742 1344 4795 nihilominus
1370 4750 1550 4794 tamen
1575 4737 1774 4791 mortui
1794 4746 1940 4802 sunt,

378 4846 438 4890 ut
465 4837 683 4889 illorum
717 4836 769 4887 in
800 4834 1075 4889 Christum
1108 4833 1238 4885 lides
1264 4841 1568 4900 appareret,
1590 4837 1644 4881 et
1670 4828 1936 4891 viverent,

377 4931 431 4982 in
456 4938 720 4982 aeternum
751 4926 912 4980 vitam
944 4941 1071 4979 vere
1108 4926 1317 4978 beatam
1349 4932 1403 4977 et
1434 4922 1815 4975 immortalem.
1848 4921 1943 4975 llis

380 5022 543 5088 igitur
577 5021 728 5081 visis.
763 5021 854 5088 qui
914 5018 1073 5073 idolis
1099 5019 1431 5081 serviebant,
1472 5027 1527 5071 et
1579 5017 1942 5085 intelligentes

376 5113 537 5166 simul
573 5127 737 5182 Opera
774 5127 894 5166 esse
950 5112 1071 5180 plus
1108 5127 1268 5180 quam
1304 5110 1593 5172 naturalia,
1631 5126 1752 5179 quae
1802 5111 1942 5162 Deus

378 5202 635 5253 nimirum
669 5210 1012 5268 operaretur,
1070 5202 1321 5253 conversi
1365 5208 1493 5253 sunt
1544 5214 1732 5252 omnes
1766 5211 1938 5264 reges,

375 5308 567 5345 omnes
593 5291 874 5361 prmsides,
920 5306 1109 5344 omnes
1158 5291 1393 5361 tyranni,
1430 5292 1679 5343 universa
1708 5288 1941 5355 denique

378 5384 669 5437 multitudo
720 5392 919 5437 terram
956 5398 1211 5450 mareque
1271 5382 1602 5442 inhabitans,
1661 5381 1938 5435 Christum

374 5475 687 5539 eeluerunt,
741 5475 977 5531 confessi
1015 5485 1142 5528 sunt
1176 5482 1231 5528 et
1259 5474 1614 5528 crediderunt
1659 5473 1803 5526 hunc
1846 5474 1937 5526 Fi-

376 5566 508 5617 lium
562 5567 678 5631 Dei,
724 5576 780 5620 et
830 5567 999 5620 Deum
1041 5582 1229 5620 verum
1259 5582 1415 5619 esse:
1454 5574 1509 5618 et
1546 5564 1823 5633 impletum
1856 5573 1938 5617 est

376 5658 592 5712 DJNl‘JlS
624 5660 958 5729 aliorumque
985 5661 1367 5729 prophetarum
1394 5658 1692 5720 (naculum,
1728 5660 1824 5710 die.
1851 5673 1932 5711 ns:

2047 4470 2338 4529 πεσόντεςο
2393 4466 2480 4518 διὰ
2536 4462 2591 4516 δὲ
2641 4461 2703 4514 τὸ
2752 4463 2928 4513 εἰπεῖν
2986 4460 3170 4521 αὐτοῖς
3225 4460 3311 4511 ὅτι
3356 4477 3375 4509 ‹
3418 4459 3597 4523 ’Ἅφετε

2045 4562 2267 4622 τούτους
2323 4559 2585 4624 ὑπάγειν.
2651 4572 2669 4604 ι
2731 4552 2948 4622 ἀφῆκαν
3005 4553 3131 4612 τοὺς
3192 4550 3467 4619 μαθητὰς,
3519 4544 3598 4597 καὶ

2046 4650 2355 4723 παρέλαβον
2391 4648 2482 4700 τὸν
2520 4644 2756 4715 Χριστόν
2782 4660 2796 4674 ·
2830 4644 2923 4696 καὶ
2972 4641 3046 4704 ὡς
3101 4642 3157 4693 ἐν
3214 4639 3400 4709 ταυτῷ
3445 4636 3600 4704 ἐφάνη

2046 4746 2136 4798 καὶ
2172 4745 2205 4812 ή
2234 4743 2461 4809 δύναμις
2510 4736 2673 4789 αὑτοῦ
2724 4736 2818 4787 καὶ
2853 4736 2885 4803 ή
2927 4734 3171 4801 θέλησις,
3203 4731 3350 4784 οῦτω
3401 4731 3490 4781 καὶ
3520 4726 3603 4776 ἐπὶ

2042 4837 2150 4888 τῶν
2210 4830 2531 4903 μαρτύρων.
2586 4826 2985 4893 Ἐφυλάσσοντο
3037 4823 3137 4891 μὲν
3194 4822 3305 4892 γὰρ
3363 4817 3603 4876 ἀϐλαϐεῖς

2044 4926 2150 4980 ὑπὸ
2206 4924 2305 4993 τῆς
2355 4922 2503 4980 Θείας
2559 4919 2843 4987 δυνάμεως
2896 4919 2989 4968 καὶ
3040 4916 3294 4979 ἐξουσίας
3349 4912 3456 4965 ἀπὸ
3503 4908 3603 4961 τῶν

2046 5016 2297 5088 μεγάλων
2346 5011 2626 5082 τιμωριῶν
2676 5010 2769 5063 καὶ
2822 5008 3111 5077 βασάνων·
3161 5005 3506 5072 ἀπέθνησκον
3550 4999 3601 5049 δὲ

2040 5110 2207 5177 ὅμως,
2234 5107 2320 5158 ἵνα
2362 5105 2503 5172 φανῇ
2539 5103 2571 5171 ή
2619 5102 2697 5161 είς
2744 5099 2835 5151 τὸν
2885 5097 3120 5165 Χριστὸν
3163 5094 3351 5157 πίστις
3405 5088 3596 5150 αὐτῶν,

2041 5202 2136 5254 καὶ
2182 5199 2347 5263 ζῶσιν
2397 5198 2475 5258 είς
2526 5192 2866 5262 ἀπεράντους
2920 5189 3122 5250 αἰῶνας
3164 5186 3264 5256 τὴν
3299 5187 3466 5243 ὅντως
3505 5197 3601 5249 μα-

2041 5292 2240 5361 καρίαν
2289 5288 2434 5357 ζωὴν
2472 5288 2566 5338 καὶ
2607 5284 2893 5336 ἀθάνατον.
2940 5281 3127 5333 Ταῦτα
3172 5278 3353 5331 πάντα
3410 5273 3600 5331 ίδόντες

2040 5385 2088 5437 οἱ
2121 5378 2555 5451 προσκυνοῦντες
2587 5377 2698 5437 τοῖς
2739 5372 3002 5438 είδώλοις,
3035 5372 3131 5424 καὶ
3164 5366 3598 5434 κατανοήσαντες

2039 5477 2120 5529 ὅτι
2152 5475 2218 5526 τά
2251 5473 2511 5541 γινόμενα
2538 5469 2637 5521 οὐκ
2668 5466 2775 5519 εἰσὶ¹
2812 5466 3047 5534 φυσικῆς
3075 5460 3398 5519 ἀκολουθίας
3442 5456 3593 5523 ἔργα,

2039 5566 2152 5620 ἀλλ’
2211 5564 2350 5635 ὑπὲρ
2417 5561 2578 5629 φύσιν
2646 5560 2775 5624 εἰσὶ,
2825 5558 2917 5611 καὶ
2976 5557 3106 5618 Θεός
3159 5555 3308 5604 ἐστιν
3362 5549 3390 5599 ὀ
3429 5546 3595 5597 ταῦτα

2041 5656 2296 5727 ἐνεργῶν,
2332 5654 2787 5724 μετεστροὶφηταν
2838 5651 3038 5711 πάντες
3080 5650 3124 5700 οί
3169 5642 3433 5716 βασιλεῖς,
3470 5636 3595 5688 παν-
