3970 6212
279 302 374 364 505

1206 306 1504 367 CONTRA
1551 306 2039 367 MAHOMETEM
2080 309 2453 372 APOLOGIA
2493 312 2607 375 Ili.

3401 309 3504 371 506

278 437 356 482 τες
413 420 462 471 oi
531 419 826 488 τοπάρχαι,
886 420 1084 485 πάντες
1131 426 1179 476 οί
1232 425 1510 492 τύραννοι,
1570 426 1715 478 ἅπαν
1778 426 1837 476 τὸ

1948 444 1965 474 ο
1996 430 2314 485 Adorabunt
2341 446 2464 483 eum
2497 444 2687 483 omnes
2731 443 2888 498 reges
2941 440 3120 489 terrm,
3155 442 3345 481 omnes
3379 445 3510 496 gen-

278 510 471 579 πλῆθος
499 512 599 578 τῆς
644 514 750 579 γῆς
795 516 889 566 καὶ
939 513 1238 584 Θαλάσσης,
1272 518 1365 569 καὶ
1412 518 1832 587 προσεκύνησαν

278 607 363 657 καὶ
390 602 747 672 ὡμολόγησαν
792 607 883 657 καὶ
916 607 1247 660 ἐπίστευσαν
1283 608 1365 660 ὅτι
1400 608 1524 670 Υἱὸς
1561 608 1656 660 τοῦ
1697 605 1832 658 Θεοῦ

276 696 362 747 καὶ
385 693 516 756 Θεὸς
544 694 799 765 ἀληθινός
844 698 993 749 ἐστιν
1031 701 1058 751 6
1085 701 1345 769 Χριστός.
1380 701 1491 753 Καὶ
1539 698 1834 767 ἐπληρώθη

276 791 305 857 ἡ
348 786 440 840 τοῦ
490 787 653 841 Δασὶδ
707 789 1034 859 προφητεία,
1081 792 1215 844 ἀλλὰ
1245 792 1308 862 δὴ
1358 792 1453 844 καὶ
1494 792 1601 845 τῶν
1632 792 1837 861 ἑτέρων

275 878 585 947 προφητῶν,
618 881 650 949 ἡ
685 880 940 947 λέγουσα,
980 882 1060 934 ὅτι
1098 902 1116 935 ι
1173 885 1648 954 ΙΙροσκυνήσουσιν
1686 882 1837 950 αύτῷ

275 968 469 1028 πάντες
494 967 545 1018 oi
576 965 813 1034 βασιλεῖς
848 968 949 1036 τῆς
993 970 1116 1038 γῆς,
1152 973 1331 1024 πάντα
1360 970 1430 1023 τὰ
1464 971 1592 1039 ἔθνη
1620 970 1837 1022 δουλεύ-

277 1076 453 1112 σουσιν
480 1059 650 1127 αύτῷ,
679 1060 853 1113 πάντα
899 1061 965 1113 τὰ
1014 1061 1141 1129 ἔθνη
1192 1063 1557 1133 μακαριοῦσιν
1588 1063 1771 1115 αὐτόν.
1812 1082 1830 1113 ι

286 1145 401 1198 Ἔέιν
453 1146 509 1197 δὲ
558 1146 923 1214 εὑρίσκωνται
959 1150 1054 1200 καὶ
1081 1150 1247 1213 τινὲς,
1281 1153 1329 1203 οἱ
1364 1151 1439 1220 μὴ
1488 1150 1838 1211 πιστεύοντες

273 1238 355 1289 τὸν
403 1238 644 1307 Χριστὸν
700 1238 785 1290 ὅτι
838 1241 985 1292 ἐστὶν
1050 1241 1177 1303 Υἱὸς
1235 1243 1392 1306 Θεοῦ.
1443 1243 1504 1295 ού
1545 1243 1632 1295 διὰ
1681 1241 1839 1294 τοῦτο

276 1325 566 1393 ἐψεύσαντο
595 1327 645 1378 oi
671 1326 970 1396 προφῆται,
1000 1329 1115 1381 ἀλλ’
1148 1329 1340 1400 ὥσπερ
1368 1331 1465 1400 μὲν
1494 1331 1644 1400 ἥλιος
1679 1330 1837 1397 λέγε-

274 1434 353 1471 ται
410 1417 673 1485 φωτίζειν
740 1420 920 1471 πᾶσαν
971 1420 1072 1492 τὴν
1114 1422 1462 1492 οἰκουμένην,
1512 1425 1608 1476 καὶ
1665 1422 1839 1485 ούῖως

278 1510 372 1577 γάρ
400 1510 575 1567 ἐστιν.
604 1510 653 1561 οί
682 1510 739 1563 δὲ
770 1510 1171 1578 τυφλώττοντες
1198 1515 1287 1566 τὸν
1312 1514 1465 1584 ἥλιον
1491 1515 1587 1585 οὐχ
1610 1515 1836 1582 ὁρῶσιν,

275 1601 385 1653 οὔτε
422 1603 533 1668 μὴν
556 1602 881 1670 φωτίζονται
907 1604 1038 1673 παρ’
1070 1605 1257 1661 αὑτοῦ.
1290 1606 1434 1659 οὓτω
1464 1609 1559 1661 καὶ
1607 1608 1701 1658 ἐπὶ
1744 1604 1839 1658 τοῦ

276 1689 529 1759 Χριστοῦ,
560 1691 761 1754 πάντες
815 1693 861 1744 oi
909 1693 1150 1761 βασιλεῖς
1180 1695 1280 1762 τῆς
1326 1696 1451 1764 γῆς,
1482 1696 1577 1750 καὶ
1612 1698 1763 1750 πᾶσα
1805 1698 1837 1766 ἡ

276 1782 558 1851 οίκουμένη
609 1784 1019 1853 προσεκύνησεν
1092 1787 1275 1857 αὐτῷ,
1336 1788 1431 1842 καὶ
1487 1787 1618 1841 Θεὸν
1672 1790 1835 1841 αὐτὸν

280 1872 657 1941 ὡμολόγησεν·
706 1875 758 1927 oi
818 1875 875 1929 δὲ
934 1876 1009 1946 μὴ
1065 1879 1502 1950 προσκυνοῦντες
1558 1880 1743 1945 αὐτὸν,
1804 1879 1837 1948 ἢ

283 1966 534 2035 πρότερον
588 1965 691 2034 μὲν
749 1969 1261 2039 προσκυνήσαντες,
1320 1972 1544 2041 ὕστερον
1579 1972 1840 2043 δὲξμετα-

289 2057 597 2125 μεὶηθέντες
680 2061 771 2111 καὶ
856 2058 1178 2125 δοξάσαντες
1248 2061 1489 2130 δόγματα
1564 2064 1839 2130 ἀσεϐείας,

288 2149 394 2200 τότε
421 2150 505 2200 ἵνα
536 2148 704 2217 γνῶσι
734 2150 833 2219 τὴν
870 2150 1154 2220 ἀλήθειαν,
1186 2153 1312 2206 ὅταν
1351 2155 1451 2206 οὐκ
1489 2152 1837 2224 ὠφεληθῶσι.

296 2240 431 2305 ιιῶς;
464 2242 584 2293 Ἔτι
630 2240 739 2305 ζῶν
788 2244 895 2305 πᾶς
929 2244 1216 2328 ξνθρωπος
1264 2249 1409 2298 ποιεῖ
1461 2250 1555 2299 καὶ
1609 2249 1840 2316 πράττει

306 2331 417 2395 περὶ
456 2330 611 2383 αὑτοῦ
678 2330 777 2382 ὅσα
836 2330 1087 2400 βούλεται
1151 2334 1247 2387 καὶ
1306 2337 1674 2406 προαιρεῖται,
1731 2337 1839 2388 εἴτε

314 2420 433 2485 ἔργα
460 2423 531 2480 εἰς
562 2422 831 2489 σωτηρίαν
884 2423 1074 2488 αὐτοῦ,
1119 2423 1228 2477 εἴτε
1281 2426 1361 2485 είς
1414 2424 1715 2495 καταδίκην
1746 2427 1842 2478 καὶ

318 2507 525 2560 κόλασιν.
554 2509 823 2561 Μετάνοια
861 2508 917 2561 δὲ
966 2510 1064 2561 οὐκ
1093 2509 1207 2562 ἐστι
1239 2512 1378 2580 μετά
1422 2511 1671 2564 θάνατον.
1716 2512 1841 2565 Ἐὰν

308 2598 421 2664 γοῦν
453 2600 500 2650 οἱ
540 2599 613 2669 μὴ
651 2601 999 2663 πιστεύοντες
1044 2602 1124 2663 είς
1184 2601 1278 2654 τὸν
1331 2603 1563 2671 Χριστδιν
1613 2602 1843 2656 ἔλθωσιν

298 2690 369 2751 είς
418 2690 667 2760 αἴσθησιν
738 2692 833 2744 τοῦ
906 2691 1095 2756 καλοῦ,
1153 2694 1246 2745 καὶ
1322 2693 1690 2746 πιστεύσωσιν
1763 2696 1843 2756 εἰς

294 2782 455 2844 οὲτὺν,
490 2783 599 2835 ίὸοὺ
629 2778 785 2853 εὗρον
811 2783 906 2853 τὴν
939 2786 1038 2854 τῆς
1070 2784 1328 2854 ἀληθείας
1376 2784 1514 2846 ὁδὸν,
1550 2785 1642 2837 καὶ
1681 2786 1844 2854 ἐκλη-

293 2874 585 2943 ρονόμησαν
630 2876 727 2943 τὴν
760 2876 1036 2945 σωτηρίαν
1079 2876 1281 2929 αὐτῶν.
1326 2876 1385 2928 El
1419 2874 1465 2928 δ’
1500 2877 1578 2929 ἔτι
1628 2875 1842 2943 ἐπιμεί-

292 2982 401 3014 von:
455 2969 521 3034 τῇ
581 2966 801 3035 ἀσεϐείᾳ
858 2967 1059 3030 αὐτῶν,
1091 2968 1152 3020 τὸ
1202 2968 1328 3035 ἑξῆς
1378 2969 1406 3019 6
1447 2968 1582 3020 νοῶν
1627 2968 1839 3023 νοείτω.

1941 532 2023 575 tes
2053 521 2293 575 servient
2333 521 2431 582 illi,
2489 535 2681 573 omnes
2741 528 2933 588 gentes
2993 518 3143 571 illum
3180 520 3395 572 beatum
3429 519 3511 570 «ιί-

1936 613 2179 667 cent".i
2252 610 2474 664 Etiamsi
2535 626 2666 664 vero
2725 611 2946 678 quidam
2987 611 3360 670 inveniantur,
3415 609 3509 677 qui

1936 705 2215 760 Christum
2248 719 2358 758 non
2396 703 2622 757 credant
2651 703 2846 756 Filium
2885 701 2976 755 Dei
3011 716 3152 763 esse,
3188 717 3293 754 non
3333 710 3511 753 tamen

1938 805 2163 865 propter
2215 794 2318 848 lios
2375 794 2669 863 prophetas
2720 793 2990 848 mendacii
3032 808 3257 862 arguere
3290 792 3512 845 licebit:

1939 885 2033 939 sed
2064 882 2526 952 quemadmodum
2577 882 2655 935 sol
2688 880 2907 950 quidem
2962 890 3134 934 totmn
3166 880 3355 933 orbem
3390 879 3515 931 illu-

1939 976 2149 1029 minare
2182 975 2385 1028 dicitur
2417 974 2582 1042 (quod
2613 982 2666 1027 et
2699 987 2889 1026 revera
2924 971 3002 1039 fit)
3040 972 3164 1025 caeci
3202 980 3381 1024 tamen
3419 985 3511 1023 so-

1938 1069 2041 1123 lem
2075 1083 2181 1126 nec
2212 1067 2420 1127 vident,
2456 1080 2554 1119 nec
2588 1065 2655 1117 ab
2675 1065 2777 1117 hoc
2804 1064 3216 1118 illuminantur:
3249 1062 3318 1115 ita
3347 1062 3512 1115 etiam

1944 1163 1998 1215 in
2036 1161 2257 1215 Christo
2319 1158 2455 1211 solet
2512 1157 2755 1211 evenire.
2794 1155 2997 1208 Omnes
3057 1170 3211 1221 reges
3271 1162 3427 1204 terrm
3459 1162 3515 1205 et

1944 1255 2239 1308 universus
2270 1249 2424 1303 orbis
2480 1246 2850 1301 adoravernnt
2888 1244 3063 1304 illum,
3105 1254 3157 1295 et
3196 1244 3360 1296 Deum
3394 1259 3514 1296 esse

1942 1344 2177 1403 confessi
2210 1352 2373 1407 sunt;
2409 1341 2501 1410 qui
2534 1353 2662 1393 vero
2698 1338 2851 1391 illum
2882 1352 2988 1389 non
3015 1334 3397 1386 adoraveruut.
3429 1333 3512 1385 vel

1942 1439 2034 1509 qui
2096 1436 2248 1506 prius
2282 1432 2501 1503 quidem
2539 1430 2643 1483 hoc
2690 1427 2916 1482 adorato
2956 1434 3142 1494 postea
3197 1422 3516 1491 paenitentia

1942 1528 2114 1592 ducti,
2146 1527 2397 1596 dogmata
2428 1524 2546 1593 ejus
2579 1521 2743 1589 impia
2772 1534 2893 1574 esse
2923 1515 3353 1577 :estimavcruut,
3385 1524 3515 1567 tunc

1945 1638 2078 1678 sane
2112 1620 2396 1696 .veritatis
2451 1616 2764 1687 cognitione
2801 1628 2911 1667 non
2962 1614 3192 1666 multutn
3231 1610 3515 1679 iuvantur.

1943 1710 2355 1780 Quamobrem?
2407 1706 2598 1763 Omnis
2627 1706 2775 1760 enim
2811 1705 2974 1758 homo
3008 1703 3138 1757 dum
3170 1702 3322 1762 vivit.
3352 1716 3517 1769 opera

1947 1805 2078 1861 facit
2100 1816 2444 1874 quaecunque
2474 1800 2611 1864 vult,
2638 1807 2693 1853 et
2722 1799 2903 1851 animo
2932 1796 3171 1865 concipit
3204 1802 3314 1849 tam
3346 1792 3409 1845 ad
3432 1807 3521 1846 sa-

1948 1898 2117 1950 lutem
2154 1909 2305 1948 suam
2345 1890 2644 1953 tendentia,
2691 1904 2853 1958 quam
2889 1887 2956 1941 ad
3005 1883 3413 1940 damnationem
3463 1890 3521 1936 et

1947 2002 2186 2057 pinnam.
2226 1981 2570 2038 Poeniteutiaa
2602 1994 2736 2035 vero
2792 1989 2914 2049 post
2948 1988 3179 2029 mortem
3228 1974 3382 2028 locus
3409 1988 3520 2027 non

1943 2088 2029 2132 est
2081 2076 2351 2145 reliquus.
2408 2072 2465 2127 Si
2500 2073 2663 2142 igitur
2689 2070 2889 2125 Christi
2927 2068 3111 2121 fideles
3145 2067 3197 2119 in
3234 2063 3361 2118 boni
3427 2078 3523 2116 co-

1942 2169 2242 2242 gnitionem
2283 2165 2653 2234 pervenerint,
2680 2169 2735 2216 et
2765 2160 3095 2216 crediderint
3140 2158 3192 2212 in
3223 2156 3424 2226 ipsum,
3449 2168 3518 2207 en

1944 2261 2274 2315 invenerunt
2305 2254 2553 2309 veritatis
2579 2254 2745 2315 viam,
2769 2262 2824 2306 et
2844 2251 3075 2305 salutem
3097 2264 3249 2301 suam
3281 2243 3520 2313 acquisi-

1943 2360 2178 2414 verunt;
2230 2350 2275 2403 si
2313 2362 2441 2401 vero
2473 2347 2528 2399 in
2567 2345 2850 2412 impietate
2896 2356 2991 2395 sua
3026 2335 3519 2413 perseveraverint,

1945 2442 2077 2512 quid
2107 2442 2173 2496 de
2223 2440 2330 2494 illis
2383 2446 2574 2503 postea
2620 2433 2866 2502 tiat?qui
2906 2429 3184 2496 intelligit,
3227 2425 3519 2493 intelligat.

1943 2534 2111 2588 Porro
2132 2530 2300 2586 David
2324 2542 2538 2584 rursum
2561 2527 2641 2580 sic
2671 2524 2839 2578 dicit:
2865 2540 2883 2573 ι
2915 2519 3117 2575 Omnes
3133 2525 3343 2587 gentes,
3374 2513 3525 2583 piati-

1944 2623 2059 2676 dite
2119 2619 2394 2683 manibus,
2442 2614 2679 2685 jubilate
2704 2612 2829 2664 Deo
2861 2609 2914 2661 in
2948 2620 3080 2658 voce
3113 2598 3521 2658 exsultationis.

1945 2714 2213 2781 Quoniam
2249 2710 2514 2763 Dominus
2530 2704 2846 2763 altissimus,
2868 2696 3150 2760 terribilis,
3183 2708 3275 2747 rex
3296 2703 3524 2760 magnus

1945 2822 2111 2877 super
2146 2804 2454 2858 uniwrsam
2492 2810 2709 2851 terram.
2742 2793 2960 2847 Ρεειιιὶιο
2996 2788 3104 2842 Deo
3139 2792 3346 2844 nostro,
3382 2781 3525 2851 psal-

1945 2868 2061 2951 lite.
2095 2893 2315 2949 Psallite
2340 2890 2452 2960 regi
2480 2897 2690 2943 nostro,
2719 2881 2953 2953 psallite.
2985 2874 3251 2943 Quoniam
3284 2887 3379 2926 rex
3402 2868 3525 2922 uni-

1946 3001 2118 3041 versa:
2169 2994 2345 3045 terra,
2403 2982 2566 3034 Deus.
2620 2974 2842 3029 Psallite
2890 2970 3209 3040 prudenter.
3251 2960 3525 3032 Regnavit

299 3055 442 3110 Ἀλλὰ
493 3059 590 3110 καὶ
644 3058 806 3110 Δαϐὶδ
852 3059 1013 3112 πάλιν
1061 3060 1263 3112 οὑτωσί
1298 3077 1452 3129 φησι,
1499 3078 1517 3111 ι
1558 3061 1743 3113 Πάντα
1774 3061 1842 3113 τὰ

1950 3076 2099 3131 Deus
2134 3088 2300 3142 super
2332 3080 2542 3140 gentes.
2577 3066 2716 3117 Deus
2749 3060 2897 3114 sedet
2936 3072 3100 3125 super
3120 3055 3375 3107 thronum
3402 3063 3525 3102 sau-

290 3150 427 3216 εθνη,
447 3150 756 3219 κροτήσατε
783 3152 993 3219 χεῖρας,
1023 3150 1322 3214 ἀλαλάξατε
1355 3150 1431 3218 τῷ
1461 3150 1579 3219 Θεῷ
1607 3153 1663 3203 ὲν
1692 3155 1843 3223 φωνῇ

282 3241 669 3308 ἀγαλλιάσεως,
710 3242 790 3294 ὅτι
843 3241 1045 3311 Κύριος
1093 3242 1334 3311 ὕψιστος,
1391 3244 1641 3313 φοϐερὸς,
1689 3244 1848 3312 βασι-

278 3332 393 3392 λεὺς
435 3335 611 3403 μέγας
665 3334 756 3385 ἐπὶ
812 3336 993 3386 πᾶσαν
1038 3334 1138 3403 τὴν
1177 3335 1300 3403 γῆν.
1329 3334 1578 3387 arma;
1611 3336 1689 3404 τῷ
1718 3335 1839 3405 Θεῷ

276 3427 446 3494 ἡμῶν,
498 3426 753 3495 ψὲλλετε.
806 3426 1050 3480 Ψάλλετε
1108 3425 1185 3495 τῷ
1243 3425 1458 3496 βασιλεῖ
1501 3428 1680 3497 ἡμὼνν
1710 3426 1846 3493 ψάλ’

272 3520 407 3581 λετε,
445 3520 531 3572 ὅτι
582 3516 835 3586 βασιλεὺς
881 3518 1059 3585 πάσης
1100 3518 1199 3585 τῆς
1228 3517 1329 3587 γῆς
1360 3521 1387 3571 6
1411 3517 1565 3580 Θεός.
1596 3517 1845 3570 Ψάλλετε

275 3610 532 3673 συνετῶς,
564 3609 912 3662 ἐϐασίλευσεν
947 3613 972 3663 6
1006 3610 1138 3672 Θεὸς
1170 3612 1261 3663 ἐπὶ
1301 3609 1369 3663 τὰ
1412 3610 1568 3678 ἔθνη.
1609 3608 1668 3662 ’0
1711 3607 1846 3671 Θεὸς

267 3701 506 3771 καθηται
565 3701 654 3753 ἐπὶ
706 3700 897 3770 θρόνου
941 3701 1100 3767 ἁγίου
1142 3700 1331 3753 αὑτοῦ.
1368 3702 1663 3771 Ἄρχοντες
1702 3698 1847 3752 λαῶν

270 3793 622 3863 συνήχθησαν
667 3801 805 3862 μετα
833 3792 924 3845 τοῦ
953 3792 1087 3845 Θεοῦ
1106 3792 1385 3862 Ἀϐραάμ.
1431 3793 1554 3844 Ὅτι
1584 3790 1678 3843 τοῦ
1710 3790 1845 3843 Θεοῦ

265 3889 309 3937 οἱ
368 3885 635 3954 κραταιοὶ
688 3885 786 3953 τῆς
846 3885 949 3952 γῆς
1005 3883 1211 3951 σφόδρα
1262 3883 1608 3952 ἐπήρθησαν.
1663 3901 1680 3932 ι
1736 3880 1848 3934 Καὶ

268 3980 464 4030 σκόπει
522 3976 767 4047 ἀκριϐῶς
815 3975 1220 4047 τὰολεγόμευα.
1268 3994 1285 4026 ι
1348 3975 1529 4027 Πάντα
1583 3972 1842 4043 τὰἑονη,

264 4074 578 4139 κροτήσατε
606 4071 815 4137 χεῖρας,
850 4068 1151 4130 nam“:
1187 4071 1244 4119 ὲν
1278 4070 1427 4138 φωνῇ
1462 4066 1845 4134 ἀγαλλιάσεως

262 4164 336 4232 τῷ
360 4164 509 4233 Θεῷ.
552 4182 570 4212 ι
605 4162 679 4214 Ού
708 4162 833 4223 τοὺς
878 4159 1163 4221 Ἰουδαίους
1200 4161 1595 4230 προσκαλεῖται
1626 4160 1843 4227 μόνους,

262 4259 317 4307 οὗ
346 4258 481 4315 τοὺς
528 4253 904 4324 Ἰσμαηλίτας,
934 4252 995 4304 οὐ
1024 4257 1148 4315 τοὺς
1180 4254 1568 4313 κατοικοῦντας
1596 4252 1654 4302 ὲν
1682 4250 1845 4321 μέρει

263 4346 357 4411 τῆς
390 4343 752 4409 οἰκουμένης,
784 4340 920 4393 ἀλλὰ
946 4341 1128 4392 πᾶσαν
1172 4338 1269 4409 τὴν
1299 4339 1389 4407 ὑφ’
1418 4338 1570 4407 ἥλιον
1603 4354 1849 4407 προσκα-

1949 3179 2093 3223 ctum
2136 3177 2329 3225 suum;
2360 3158 2646 3230 principes
2678 3154 3000 3225 populorum
3032 3145 3347 3217 congregati
3396 3148 3524 3195 sunt

1948 3271 2072 3309 cum
2108 3254 2217 3307 Deo
2252 3249 2546 3304 Abraham.
2598 3244 2864 3311 Quoniam
2903 3241 2997 3295 Dei
3035 3239 3209 3293 fortes
3243 3245 3405 3289 terra:
3436 3246 3526 3285 ve—

1951 3347 2234 3400 hementer
2255 3339 2449 3395 elevati
2474 3336 2673 3391 sunt“.
2704 3353 2723 3386 ι
2748 3332 2906 3389 Nunc
2928 3344 3057 3384 vero
3086 3327 3378 3396 diligenter
3402 3336 3525 3391 qua:

1948 3435 2209 3490 dicuntur
2244 3427 2589 3499 perpendito.
2621 3443 2640 3475 ι
2670 3422 2872 3479 Omnes
2906 3427 3113 3491 gentes,
3138 3414 3340 3484 inquit,
3372 3412 3526 3482 plau-

1948 3525 2062 3578 dite
2095 3520 2371 3584 manibus,
2399 3516 2630 3586 jubilate
2663 3514 2719 3568 in
2752 3526 2885 3566 voce
2917 3504 3299 3563 exsultationis
3334 3502 3461 3555 Deo.
3495 3518 3515 3551 ι

1948 3617 2067 3671 Non
2096 3613 2312 3670 Judaros
2336 3609 2483 3663 solos
2501 3606 2753 3665 advocat,
2783 3616 2883 3655 nec
2911 3598 3229 3659 lsmaélitas,
3259 3608 3359 3647 nec
3386 3592 3524 3644 alios

1950 3707 2181 3775 alicuius
2215 3701 2386 3773 partis
2418 3709 2576 3754 terrae
2616 3694 2841 3754 incolas,
2878 3690 2970 3745 sed
3016 3701 3232 3743 omnem
3270 3698 3390 3751 qua;
3420 3680 3524 3735 soli

1951 3800 2200 3868 subiacet
2241 3806 2441 3848 terram
2476 3795 2741 3844 convocat
2776 3788 2841 3837 ad
2882 3783 3022 3836 hanc
3058 3776 3396 3848 spiritualem
3426 3786 3524 3825 ex-

1948 3892 2323 3949 silitationem.
2366 3886 2501 3940 Cum
2560 3880 2705 3935 enim
2740 3877 2895 3939 dicit,
2958 3892 2975 3924 ι
3006 3870 3210 3925 Omnes
3258 3876 3466 3936 gentes,
3501 3881 3520 3913 ι

1950 3985 2160 4040 nullum
2205 3978 2481 4033 hominem
2515 3990 2581 4027 ex
2627 3970 2882 4024 omnibus
2930 3964 3051 4019 istis
3083 3959 3336 4016 exclusit.
3384 3956 3527 4009 Cau-

1951 4091 2045 4128 sa:
2086 4090 2103 4122 ι
2132 4069 2268 4136 Quia
2294 4067 2556 4121 Dominus
2581 4060 2901 4121 altissimus,
2933 4051 3213 4125 terribilis,
3280 4064 3372 4102 rex
3413 4061 3527 4099 ma-

1949 4179 2090 4238 gnus
2126 4176 2290 4230 super
2320 4158 2631 4212 universam
2668 4162 2888 4205 terram.
2920 4167 2937 4200 i
2981 4144 3082 4201 Sed
3115 4142 3260 4196 dicat
3289 4136 3523 4205 aliquis:

1951 4225 2334 4324 Quandouam,
2369 4264 2401 4303 ο
2437 4254 2579 4301 bone
2629 4240 2818 4306 David,
2854 4239 2996 4292 Deus
3032 4249 3138 4289 non
3172 4239 3288 4286 erat
3319 4225 3526 4281 altissi—

1952 4318 2107 4400 mus?
2140 4339 2362 4412 quando
2386 4353 2493 4391 non
2523 4344 2642 4389 erat
2669 4330 2929 4387 terribilis
2954 4338 3007 4383 et
3040 4321 3303 4394 magnus?
3336 4338 3354 4370 ι
3378 4318 3529 4373 Psal-

260 4438 439 4489 ὶεῐται
474 4437 557 4497 είς
584 4433 788 4501 ταύτην
821 4434 921 4501 τὴν
961 4434 1335 4499 πνευματικὴν
1363 4429 1707 4498 ἁγαλλίασιν.
1756 4430 1842 4481 Ἐν

1948 4437 2045 4491 lite
2081 4408 2192 4488 Deo
2220 4438 2428 4492 nostro,
2462 4427 2695 4497 psallite.
2724 4421 2943 4477 Psallite
2973 4417 3112 4487 Regi
3142 4421 3349 4473 nostro,
3386 4408 3528 4478 psal-

260 4531 369 4597 γαρ
428 4527 511 4596 τῷ
568 4527 741 4578 εἰπεῖν
792 4542 810 4575 ι
856 4523 1035 4577 πάντα
1084 4524 1152 4575 τὰ
1213 4522 1365 4591 ἔθνη,
1420 4539 1437 4572 ι
1497 4516 1690 4573 ουδενα
1742 4520 1849 4573 τῶν

259 4622 580 4691 ἀνθρώπων
609 4619 822 4684 ἀφῆκεν
860 4615 1017 4677 ἐκτὸς
1039 4615 1147 4667 τῶν
1180 4615 1413 4667 πάντων.
1449 4613 1601 4665 Διατί
1626 4629 1641 4678 ;
1682 4631 1699 4662 ι
1729 4612 1852 4664 Ὅτι

263 4714 482 4782 Κύριος
552 4710 810 4777 ὕψιστος,
868 4708 1129 4777 φοδερὸς,
1198 4706 1453 4774 βασιλεὺς
1532 4705 1705 4772 μέγας
1759 4703 1853 4754 ἐπὶ

260 4809 452 4857 πᾶσαν
505 4802 603 4871 τὴν
634 4801 759 4867 γῆν.
799 4817 819 4851 ι
872 4798 1010 4850 ‘AD.’
1044 4799 1158 4867 ἐρεῖ
1189 4814 1294 4860 τις,
1323 4797 1430 4849 Καὶ
1458 4796 1587 4848 ποτε
1613 4795 1711 4847 οὐκ
1731 4790 1800 4861 ἦν
1825 4793 1854 4845 6

259 4898 391 4957 Θεὸς
426 4893 697 4961 ὕψιστος,
725 4883 770 4942 ὦ
819 4889 1060 4959 μακάριε
1108 4888 1296 4950 Δαόὶδ,
1325 4888 1419 4940 καὶ
1464 4888 1594 4939 πότε
1653 4887 1751 4938 οὐκ
1780 4880 1848 4956 ἦν

259 4986 505 5054 (966596;
566 4984 659 5035 καὶ
718 4982 931 5049 μέγας;
964 4998 982 5032 ι
1040 4979 1286 5033 Ψάλλετε
1344 4978 1423 5049 τῷ
1487 4978 1607 5047 Θεῷ
1667 4977 1846 5047 ἡμῶν,

257 5076 533 5144 dirimere.
586 5073 833 5126 Ψὰλλετε
895 5070 974 5140 τῷ
1027 5071 1239 5140 βασιλεὶ
1295 5071 1474 5141 ἡμῶν,
1526 5069 1778 5143 ψάλλετε.
1825 5088 1843 5121 ι

268 5167 411 5219 Ἰδοὺ
449 5167 551 5219 καὶ
585 5166 745 5219 πάλιν
778 5164 839 5217 τὸ
867 5166 1073 5235 ἄπορον
1097 5165 1323 5234 ἄπορον.
1362 5162 1689 5233 Ἐρωτηθεὶς
1718 5163 1851 5215 πότε

257 5261 361 5311 οὑκ
403 5254 485 5326 ἦν
535 5258 561 5309 ὁ
608 5258 738 5321 Θεὸς
801 5255 1023 5324 ὕψιστος
1074 5255 1165 5308 καὶ
1225 5256 1396 5323 μέγας
1448 5254 1540 5307 καὶ
1597 5254 1848 5323 φοϐερὸς,

256 5349 658 5418 ἀποκρίνεται,
698 5350 778 5402 ὅτι
818 5367 837 5399 ι
873 5348 1120 5400 Ψάλλετε
1146 5346 1221 5417 τῷ
1251 5347 1368 5416 Θεῷ
1390 5347 1566 5417 ἡμῶν,
1595 5346 1847 5415 ψάλλετε,

257 5444 393 5508 ᾠά.ἶύ
410 5457 513 5492 ετε
560 5440 633 5509 τῷ
685 5441 896 5509 βασιλεῖ
919 5440 1093 5509 ἡμῶν.
1137 5439 1385 5507 ψάλλετε.
1424 5457 1441 5489 ι
1482 5441 1592 5491 Καὶ
1615 5438 1778 5490 πάλιν
1812 5438 1839 5489 6

260 5532 464 5594 A;6‘:3,
527 5532 603 5583 ὅτι
638 5551 655 5581 ι
704 5532 965 5594 Βασιλεὺς
1024 5532 1208 5599 πάσης
1258 5530 1359 5599 τῆς
1430 5531 1534 5599 γῆς
1606 5533 1633 5583 6
1688 5530 1847 5595 Θεὸς,

376 5710 424 5740 ⁸⁷
476 5706 585 5762 Pal.
616 5726 757 5777 tut,
798 5712 998 5775 ΙΙ,1⁴Ξ.
1096 5712 1139 5743 ³⁸
1181 5711 1321 5768 Psai.
1357 5728 1495 5776 XLVI,
1533 5714 1565 5766 Ξ
1604 5729 1757 5781 seqq.

1950 4528 2072 4583 lite.
2106 4544 2124 4577 ι
2158 4524 2239 4578 En
2278 4523 2436 4575 vides
2481 4520 2570 4572 hic
2606 4516 2754 4570 aliud
2781 4514 3054 4582 explicata
3107 4504 3401 4565 difﬁcilius,
3434 4498 3527 4568 qui

1955 4634 2072 4672 rem
2122 4611 2565 4683 inexplicabilem
2604 4601 3035 4675 interrogavisti,
3084 4594 3304 4668 quando
3334 4604 3528 4658 nempe

1954 4710 2101 4763 Deus
2148 4722 2254 4761 non
2297 4704 2467 4758 fuerit
2514 4701 2839 4762 altissimus,
2874 4708 3101 4764 magnus
3133 4701 3190 4743 et
3234 4680 3532 4741 terribilis?

1956 4799 2276 4869 Respondet
2320 4799 2496 4861 enim,
2557 4816 2575 4848 ι
2606 4793 2825 4849 Psallite
2878 4791 2990 4843 Deo
3035 4794 3243 4843 nostro,
3293 4774 3526 4869 psallite.

1958 4861 2175 4948 Psal-lite
2208 4891 2341 4959 Regi
2388 4900 2598 4950 nostro,
2643 4885 2873 4954 psallite.
2907 4899 2925 4932 ι
2982 4878 3050 4932 Et
3103 4885 3318 4928 rursum
3356 4861 3526 4919 David

1957 4986 2172 5055 inquit:
2213 5004 2231 5036 ι
2265 4982 2531 5049 Quoniam
2569 4995 2661 5031 rex
2693 4975 2963 5030 universa:
2995 4981 3149 5024 terra?
3190 4966 3351 5020 Deus.
3384 4961 3531 5016 Psal-

1958 5054 2055 5131 lite
2087 5074 2408 5143 prudenter.
2446 5069 2713 5139 Regnavit
2759 5067 2903 5120 Deus
2938 5076 3102 5131 super
3141 5065 3347 5127 gentes.
3389 5054 3531 5106 Deus

1958 5168 2115 5223 sedet
2170 5182 2336 5235 super
2388 5165 2644 5218 thronum
2683 5159 2857 5215 sancti
2896 5156 3002 5212 sui.
3042 5152 3322 5221 Principes
3360 5162 3533 5217 popu-

1958 5262 2133 5315 lorum
2161 5257 2469 5328 congregati
2498 5266 2624 5309 sunt
2649 5268 2772 5307 cum
2807 5252 2917 5305 Deo
2943 5249 3235 5302 Abraham.
3261 5239 3530 5307 Quoniam

1956 5352 2051 5408 Dei
2102 5351 2269 5405 fortes
2329 5358 2487 5403 terrae
2536 5347 2892 5401 vehementer
2923 5342 3140 5395 exaltati
3176 5347 3325 5394 sunt.
3356 5355 3375 5387 ι
3421 5328 3529 5385 Sed

1957 5456 2105 5496 nunc
2134 5440 2363 5511 agedum
2400 5438 2773 5508 inspiciamus,
2811 5434 3070 5506 quidnam
3107 5430 3212 5487 sibi
3247 5426 3373 5484 velit
3406 5439 3545 5502 proo.

1958 5533 2235 5603 pheticum
2281 5531 2585 5586 oraculum.
