3970 6212
508 264 610 326 507

1671 257 2010 320 ἸΟΑΝΝΙΞ
2050 258 2083 317 C

2183 257 2576 318 ITACUZENI
3573 273 3656 341 ωε

469 443 472 445 _
508 377 737 447 ψάλλετε
765 379 1020 441 συνετῶς.
1065 377 1448 430 Ἐϐασίλευσεν
1493 377 1519 428 ό
1543 375 1675 438 Θεὸς
1721 375 1818 428 ἐπὶ
1857 373 1924 427 τὰ
1951 373 2104 440 ἔθνη,
2145 375 2172 427 ό
2216 373 2349 437 Θεὸς
2401 373 2637 442 κάθηται
2670 373 2760 426 ἐπὶ
2792 373 2986 444 θρόνου
3021 375 3174 450 ἁγίου
3215 377 3387 438 αὑτοῦ.
3421 383 3663 456 Ἄρχοντες

506 472 653 527 λαῶν
687 470 1028 541 συνήχθησαν
1069 469 1208 538 μετά
1262 468 1356 521 τοῦ
1396 468 1529 521 Θεοῦ
1595 465 1870 538 Ἁϐραάμ,
1931 467 2013 518 ὅτι
2047 464 2143 518 τοῦ
2194 464 2330 518 Θεοῦ
2380 466 2430 519 οἱ
2482 469 2738 536 κραταιοὶ
2797 467 2896 536 τῆς
2938 469 3041 537 γῆς
3089 471 3282 540 σφόδρα
3333 475 3661 548 ἐπήρθησαν..

507 563 616 617 Καὶ
661 564 844 615 λοιπὶν
904 560 1059 630 δεῦρο
1110 561 1196 629 δὴ,
1245 560 1402 629 δεῦρο
1428 601 1441 622 ,
1477 557 1804 630 σκεψώμεθα
1840 558 1893 612 τί
1931 557 2176 629 βούλεται
2203 559 2262 609 τὸ
2291 558 2628 628 προφητικὸν
2658 558 2859 625 λόγιον.

574 656 630 708 5.
666 654 913 707 Psalmus
945 653 1165 721 quidem
1203 669 1421 708 carmen
1453 663 1539 707 est
1571 653 1925 713 concinnum,
1967 651 2080 705 Deo

2252 656 2319 717 γ’.
2360 651 2427 702 Ἠ
2457 651 2750 721 ψαλμῳδία
2799 652 2969 719 ὕμνος
3021 653 3165 708 ἐστὶν
3203 655 3425 728 ἐμμελὴς
3465 661 3532 730 τῷ
3577 665 3670 736 θεῷ

503 754 908 800 consecratum.
962 745 1026 798 Et
1073 745 1534 814 quemadmodum
1568 744 1768 813 aliquis
1800 759 1830 798 a
1874 753 2078 813 tropaeo

502 847 597 889 aut
627 835 856 888 victoria
880 851 1155 896 reversus,
1185 852 1292 903 pra:
1316 835 1520 904 ingenti
1543 835 1740 905 gaudio
1770 834 1906 888 nihil
1930 833 2076 887 aliud

499 921 653 980 dicit.
679 935 860 987 quam,
897 921 1166 975 «Vicimus
1200 922 1382 976 hostes
1409 940 1422 986 ς
1450 941 1465 972 ι
1507 937 1727 975 rursum
1755 937 1884 976 vero
1913 922 2079 974 inter-

505 1021 755 1081 rogatus.
791 1013 1077 1076 Quomodo
1108 1023 1162 1067 et
1199 1029 1302 1081 qua
1349 1013 1562 1066 ratione
1604 1013 1680 1065 illi
1714 1011 1942 1065 victoria
1979 1012 2077 1066 ob-

505 1105 745 1166 venerit,
794 1104 986 1158 eadem
1040 1105 1128 1158 illa
1167 1107 1485 1173 respondet,
1544 1125 1563 1156 ‹
1593 1104 1837 1178 Vicimus
1870 1104 2076 1168 hostes,

501 1194 758 1258 vicimus,
791 1195 1031 1262 inquam.
1070 1213 1087 1245 ›
1130 1194 1331 1248 Eodem
1356 1194 1516 1247 modo
1540 1193 1803 1262 propheta
1835 1194 2078 1262 pruden-

506 1285 652 1337 tibus
683 1283 856 1337 oculis
882 1285 1122 1352 gentium
1147 1285 1564 1336 conversionem
1598 1282 1954 1351 perspiciens,
1987 1298 2078 1335 ex-

501 1375 788 1428 r-lamavit:
851 1391 867 1423 ι
896 1372 1100 1427 Omnes
1135 1381 1347 1442 gentes,
1381 1372 1624 1441 plaudite
1665 1372 1940 1436 manibus.
1987 1374 2078 1442 ju-

500 1465 667 1519 bilate
717 1465 826 1519 Deo
877 1465 930 1516 in
965 1479 1096 1517 voce
1128 1464 1508 1516 exsultationis
1563 1481 1580 1512 ι
1641 1462 1692 1514 ld
1746 1472 1847 1526 cst,
1891 1461 1953 1516 Et
1983 1463 2076 1533 qui

501 1566 659 1610 antea
699 1557 886 1611 ﬁdeles
933 1556 1132 1616 fuistis,
1182 1566 1243 1624 _et
1285 1557 1376 1624 qui
1416 1565 1601 1623 postea
1635 1554 1858 1608 demum
1895 1555 2075 1608 credi-

501 1649 680 1711 distis,
717 1664 906 1704 (mines
943 1648 1104 1701 simul
1142 1647 1379 1718 plaudite
1415 1647 1703 1724 manibus:
1735 1663 1909 1716 neque
1949 1647 2080 1700 sim-

501 1740 721 1808 pliciter
749 1739 867 1794 sine
895 1739 1107 1794 ratione
1132 1748 1186 1793 et
1217 1739 1408 1792 ordine
1433 1739 1686 1790 manibus
1709 1737 1905 1791 vestris
1927 1738 2078 1807 plau-

501 1828 664 1891 datis,
692 1829 784 1882 sed
820 1846 944 1883 cum
979 1845 1109 1884 voce
1148 1829 1550 1893 exsultationis,
1587 1842 1641 1880 et
1677 1829 1896 1881 la'titim.
1929 1827 2076 1894 Qua-

503 1927 727 1986 propter
777 1920 1041 1988 propheta
1071 1935 1289 1990 quoque
1339 1920 1616 1987 voluptate
1645 1935 1743 1972 ceu
1791 1919 2073 1987 abreptus,

503 2007 675 2062 dixit:
725 2029 742 2060 ι
771 2009 995 2064 Ρειιὶιέιο
1030 2011 1139 2063 Deo
1171 2019 1376 2071 nostro,
1415 2010 1649 2077 psallite.
1682 2010 1900 2063 Psallite
1943 2012 2074 2080 Regi
2113 1990 2152 2046 Β

502 2109 715 2162 nostro,
733 2099 966 2167 psallite.
995 2099 1263 2164 Quoniam
1287 2098 1552 2152 Dominus
1572 2098 1892 2160 altissimus,
1921 2098 2079 2152 terri-

505 2188 658 2250 bilis,
715 2205 806 2241 rex
859 2205 1088 2259 magnus
1127 2205 1295 2259 super
1334 2183 1648 2243 universam
1686 2195 1909 2242 terram.
1943 2207 1960 2240 ι
2013 2189 2079 2242 Ει

501 2278 657 2345 quasi
693 2279 805 2349 ipse
837 2293 1120 2348 exponens
1162 2293 1260 2332 sua
1294 2280 1480 2344 verba,
1518 2276 1704 2331 addit:
1760 2296 1778 2324 σ
1811 2275 2079 2345 Regnavit

502 2378 648 2434 Deus
697 2394 862 2448 supra
896 2389 1121 2450 gentes;
1156 2398 1173 2431 ι
1229 2378 1279 2431 id
1317 2387 1642 2448 est,-gentes
1689 2356 1840 2446 prius
1875 2375 2077 2431 diaboli

505 2470 800 2539 tyrannide
849 2488 1070 2539 ιιι-θεοῖς,
1125 2472 1330 2525 relictis
1375 2487 1522 2526 nunc
1570 2471 1760 2539 patriis
1805 2470 1920 2524 suis
1951 2469 2078 2534 diis,

506 2557 668 2612 idolis
701 2560 914 2614 scilicet
944 2562 1263 2615 inanimatis
1301 2569 1356 2615 et
1393 2563 1581 2621 mutis.
1630 2561 2068 2625 declinaverunt,

502 2650 800 2704 coluerunt
830 2661 885 2704 et
917 2652 1275 2705 crediderunt
1321 2653 1417 2704 soli
1459 2667 1592 2705 vero
1627 2664 1681 2706 et
1709 2652 1913 2705 viventi
1947 2653 2078 2715 Deo,

502 2740 760 2810 illiusque
808 2758 973 2810 regno
1019 2741 1279 2808 subjectae
1321 2752 1488 2796 sunt:
1527 2751 1687 2796 antea
1722 2743 1868 2796 enim
1915 2757 2080 2812 regno

510 2833 606 2887 Dei
635 2831 842 2902 indigni
872 2832 1287 2904 iudicabantur.
1327 2853 1343 2885 ι
1372 2835 1515 2888 Deus
1543 2834 1697 2888 sedet
1722 2849 1890 2902 super
1923 2834 2081 2890 thro-

503 2937 636 2976 num
661 2929 909 2976 sanctum
939 2938 1150 2977 suum.»
1181 2921 1369 2977 Omnis
1398 2925 1631 2977 thronus
1658 2923 1882 2992 gloriam
1915 2923 2084 2993 signi-

506 3014 654 3075 ﬂeat,
685 3024 739 3070 et
760 3015 1031 3084 requiem.
1064 3015 1132 3068 Et
1163 3014 1420 3083 quoniam
1453 3016 1594 3068 Deus
1614 3025 1769 3068 antea
1807 3030 1912 3068 non
1940 3015 2085 3068 cele-

505 3107 700 3162 bratur
743 3123 773 3161 a
806 3109 1084 3178 gentibus,
1123 3107 1217 3162 sed
1272 3126 1301 3160 a
1332 3108 1462 3161 solis
1496 3106 1708 3174 angelis
1752 3115 1806 3160 et
1856 3108 2078 3168 sanctis,

506 3207 702 3267 gentes
735 3198 906 3269 gloria
953 3198 1049 3252 Dei
1099 3197 1574 3259 destituebantur;
1613 3211 1759 3250 nune
1808 3211 1938 3249 vero
1987 3211 2079 3248 ac-

2178 739 2578 807 ἀφιερωμένος.
2616 741 2726 793 Καὶ
2774 739 2964 810 ὥσπερ
3008 740 3115 793 ἀπὸ
3158 745 3400 811 τροπαίου
3437 748 3523 799 καὶ
3546 750 3668 820 νίκης

2178 831 2494 884 ἐπανελθών
2533 849 2643 896 τις,
2692 833 2798 886 ὑπὸ
2852 833 3093 900 μεγάλης
3147 835 3313 903 χαρᾶς
3360 835 3496 889 οὐδὲν
3525 839 3665 908 ἕτερον

2177 920 2348 987 λέγει,
2377 921 2409 992 ἢ
2433 924 2513 974 ὅτι
2543 940 2560 972 ι
2585 923 2974 992 Νενικήκαμεν
2991 924 3116 984 τοὺς
3135 923 3367 993 ἐχθροὺς,
3399 945 3416 978 υ
3447 929 3526 980 καὶ
3551 927 3662 991 αὖθις

2179 1014 2564 1081 ἐρωτώμενος,
2595 1014 2720 1071 Πῶς
2760 1014 2856 1067 καὶ
2901 1014 3007 1066 τίνι
3058 1015 3238 1084 τρόπῳ
3289 1017 3458 1085 γέγονε
3504 1022 3558 1072 τὰ
3596 1022 3668 1090 τῆς

2177 1103 2352 1173 νίκης,
2381 1104 2543 1157 πάλιν
2569 1105 2632 1157 τὰ
2659 1107 2800 1157 αὖτά
2840 1105 3214 1173 ἀποκρίνεται,
3252 1108 3329 1159 ὅτι
3379 1127 3395 1160 ι
3426 1109 3649 1176 Νενικήκα

2181 1212 2303 1264 μεν,
2334 1198 2699 1266 νενικήκαμεν
2723 1213 2738 1228 ·
2771 1215 2787 1246 ι
2831 1197 2925 1249 τὸν
2950 1198 3112 1250 αὐτὸν
3129 1198 3181 1250 δὲ
3211 1199 3402 1267 τρόπον
3428 1201 3508 1251 καὶ
3531 1204 3552 1251 ὁ
3576 1219 3677 1269 προ-

2159 1287 2377 1356 φήτης,
2407 1289 2614 1355 νοεροῖς
2644 1286 2768 1340 ίδὼν
2796 1288 3013 1356 ὄμμασι
3042 1288 3140 1357 τὴν
3165 1289 3269 1341 τῶν
3297 1289 3452 1341 ἐθνῶν
3475 1292 3676 1360 ἐπιστρο-

2178 1379 2304 1448 φὴν,
2342 1378 2561 1448 ἔκραξε,
2599 1397 2618 1432 ι
2653 1379 2836 1432 Πάντα
2889 1380 2954 1431 τά
3008 1379 3162 1448 ἔθνη,
3190 1382 3473 1450 κροτήσατε
3515 1383 3678 1451 χεῖρας,

2180 1470 2482 1534 ἀλαλάξαι-ε
2531 1470 2608 1538 τῷ
2651 1471 2771 1540 Θεῷ
2820 1471 2880 1523 ἐν
2912 1474 3062 1540 φωνῇ
3117 1473 3485 1539 ἀγαλλιάσεως.
3532 1495 3549 1524 ι
3579 1475 3684 1524 Του-

2176 1562 2344 1622 τέστι.
2375 1563 2484 1614 Καὶ
2542 1563 2592 1615 οἱ
2653 1563 2846 1632 πρώην
2914 1564 3117 1626 πιστοὶ,
3162 1563 3255 1616 καὶ
3302 1565 3349 1616 οι
3395 1565 3518 1630 μετὰ
3553 1563 3686 1616 ταῦτα

2179 1651 2598 1716 πιστεύσαντες,
2630 1643 2834 1715 πάντες
2862 1653 2996 1723 ὁμοῦ
3046 1656 3347 1725 κροτήσατε
3390 1656 3569 1724 χεῖρας.
3597 1655 3686 1724 Οὐχ

2176 1740 2350 1802 οὕτως
2403 1741 2591 1801 ἁπλῶς
2651 1741 2911 1802 ἀσκόπως
2980 1743 3078 1794 καὶ
3138 1743 3382 1800 ἀτάκτως
3436 1742 3688 1812 κροτήσστε

2177 1829 2274 1890 τὰς
2323 1831 2512 1898 χεῖρας
2560 1828 2736 1897 ὑμῶν,
2768 1829 2882 1881 ἀλλ’
2936 1832 2993 1882 ὲν
3035 1831 3187 1899 φωνῇ
3232 1829 3579 1894 ἀγαλλιάσεως
3614 1827 3691 1878 καὶ

2179 1920 2538 1990 εὐφροσύνης.
2574 1921 2672 1973 Διά
2722 1938 2803 1974 τοι
2849 1921 3004 1974 τοῦτο
3036 1921 3132 1974 καὶ
3164 1922 3191 1973 ό
3240 1922 3504 1988 προφήτης
3543 1918 3696 1978 ἔνθους

2183 2013 2272 2080 ὑφ’
2330 2013 2521 2082 ἡδονῆς
2565 2014 2863 2080 γενόμενος
2920 2013 3101 2079 ἔλεγε,
3153 2034 3171 2064 ε
3225 2013 3458 2066 Ψάλλετε
3495 2012 3564 2080 τῷ
3601 2009 3698 2076 Θεῷ

2178 2107 2359 2177 ήμῶν,
2407 2106 2662 2176 ψάλλετε.
2696 2107 2946 2159 Ψάλλετε
3007 2106 3087 2174 τῷ
3147 2106 3354 2175 βασιλεί
3399 2105 3562 2174 ἡμῶν,
3589 2103 3700 2171 ψάλι

2179 2200 2319 2253 λετε.
2350 2201 2473 2252 Ὀτι
2497 2199 2702 2269 Κύριος
2734 2198 2978 2268 ὕψιστος,
3011 2199 3268 2270 φοϐερὸς,
3295 2197 3529 2268 βασιλεὺς
3557 2195 3700 2263 μέγας

2179 2290 2273 2343 ἐπὶ
2322 2291 2504 2343 πᾶσαν
2561 2290 2659 2358 τὴν
2713 2291 2838 2358 γῆν.
2881 2311 2898 2342 ι
2945 2278 3056 2343 Καῖ
3089 2291 3278 2362 ὥσπερ
3323 2290 3474 2351 αὐτὸς
3517 2286 3704 2356 ὲξηγοὺο

2183 2400 2343 2452 μενος
2397 2385 2464 2436 τὰ
2524 2381 2716 2436 ἑαυτοῦ
2772 2383 3022 2452 ῥήματα,
3063 2383 3236 2450 λέγει,
3290 2401 3309 2433 ι
3372 2379 3703 2433 Ἐϐασίλευσεν

2179 2472 2207 2523 ὁ
2243 2470 2375 2530 Θεὸς
2407 2470 2500 2521 ἐπὶ
2528 2467 2597 2520 τὰ
2625 2468 2750 2538 ἔθνη
2786 2484 2798 2496 ·
2853 2487 2872 2518 ι
2924 2469 3229 2530 τουτέστιν,
3257 2469 3336 2520 ὃτι
3374 2465 3440 2518 τὰ
3482 2464 3704 2532 πρότερον

2183 2562 2288 2614 ὑπὸ
2311 2561 2405 2614 τοῦ
2455 2561 2704 2614 διαϐόλου
2753 2559 3180 2630 τυραννοῦμενα
3213 2559 3360 2629 ἔθνη,
3394 2556 3482 2610 νῦν
3520 2557 3704 2609 καταλι-

2181 2653 2354 2706 πόντα
2399 2654 2525 2716 τοὺς
2568 2653 2856 2724 πατρῴους
2892 2653 3077 2706 αὐτῶν
3120 2653 3298 2713 θεοὺς.
3329 2650 3394 2703 τὰ
3438 2649 3601 2716 ἀψυχα
3640 2645 3702 2698 εἴ·

2179 2745 2326 2798 δωλα
2383 2747 2479 2800 καὶ
2533 2745 2727 2812 κωφὰ.
2784 2743 3082 2796 ὑπέκλιναν
3146 2743 3243 2796 καὶ
3303 2739 3704 2808 προσεκύνησαν,

2181 2832 2276 2886 καὶ
2329 2833 2659 2886 ἐπίστευσαν
2691 2832 2769 2902 τῷ
2829 2833 2976 2900 μόνῳ
3030 2833 3230 2901 ἀληθεῖ
3277 2833 3371 2884 καὶ
3412 2827 3561 2892 ζῶντι
3590 2825 3705 2894 Θεῷ,

2139 2928 2276 2999 ,καὶ
2331 2926 2435 2979 ὑπὸ
2481 2925 2580 2995 τὴν
2628 2925 2793 2978 αὐτοῦ
2843 2925 3128 2994 βασιλείαν
3177 2924 3441 2989 ἐγένοντο.
3476 2917 3592 2972 Οὐδὲ
3622 2915 3708 2981 γὰρ

2181 3017 2322 3082 ἄξιοι
2367 3017 2466 3083 τῆς
2502 3015 2598 3068 τοῦ
2649 3016 2784 3068 Θεοῦ
2824 3015 3108 3085 βασιλείας
3163 3015 3494 3085 εὑρίσκοντο.
3527 3009 3580 3061 '0
3602 3005 3710 3065 Θεδς

2182 3107 2417 3178 κάθηται
2461 3108 2554 3159 ἐπὶ
2585 3107 2775 3177 θρόνου
2825 3106 2982 3174 ἁγίου
3027 3107 3220 3160 αὑτοῦ.
3258 3107 3371 3166 Πᾶς
3400 3103 3570 3174 θρόνος
3589 3097 3712 3164 δηλοί

2180 3199 2338 3265 δόξαν
2392 3200 2485 3250 καὶ
2531 3199 2859 3252 ἀνάπαυσιν.
2914 3199 3027 3251 Καὶ
3087 3198 3218 3250 ἐπεὶ
3275 3197 3528 3265 πρότερον
3578 3187 3712 3259 μὲνὸ

502 3286 764 3342 cedentes
807 3286 1070 3341 fruuntur
1105 3301 1296 3340 omnes
1348 3287 1518 3355 gloria
1555 3285 1683 3350 Dei,
1723 3295 1776 3339 et
1810 3284 2079 3353 requievit

2184 3286 2316 3348 Θεὸς
2365 3285 2465 3336 οὐκ
2511 3284 2796 3348 ἐδοξάζετο
2837 3284 2989 3353 παρὰ
3029 3285 3147 3336 τῶν
3200 3283 3392 3344 ἐθνῶν,
3420 3278 3544 3332 ἀλλὰ
3590 3272 3712 3340 περὶ

505 3377 652 3431 Deus
702 3377 754 3430 in
791 3378 1068 3447 gentibus.
1107 3377 1376 3444 Quoniam
1425 3391 1559 3430 vero
1593 3377 1755 3430 etiam
1792 3374 2079 3428 hominum

2187 3375 2365 3446 μόνων
2420 3375 2529 3428 τῶν
2575 3371 2826 3442 ἀγγέλων
2869 3377 2963 3427 καὶ
3009 3375 3122 3428 τῶν
3178 3373 3370 3440 ἁγίων,
3411 3365 3714 3439 ἐστερεοῦντο

507 3467 741 3523 thronus
769 3469 996 3539 gloriam
1032 3470 1214 3533 habet,
1260 3479 1316 3525 et
1365 3468 1657 3533 honorem,
1712 3467 1843 3536 quin
1889 3475 1945 3519 et
1994 3481 2084 3518 re-

507 3561 719 3629 quiem,
755 3560 1129 3615 innorentiam
1163 3568 1345 3614 autem
1399 3575 1428 3612 a
1461 3543 1700 3628 peccatis
1733 3557 1935 3610 habere
1976 3571 2085 3610 non

509 3649 1014 3720 potest,adjunxit:
1050 3668 1067 3701 ι
1097 3665 1270 3718 super
1292 3649 1552 3702 thronum
1573 3658 1822 3702 sanctum
1848 3661 2032 3699 suum.
2061 3664 2079 3696 ι

485 3742 758 3796 .llumana
790 3742 937 3796 enim
966 3742 1147 3794 omnia
1184 3756 1290 3794 una
1322 3755 1444 3792 cum
1474 3739 1646 3803 lahili,
1679 3747 1734 3792 et
1763 3737 1826 3790 ad
1859 3753 2087 3806 peccan-

509 3830 640 3881 dum
673 3836 921 3896 prompta
951 3836 1143 3879 natura
1173 3827 1334 3878 etiam
1369 3825 1504 3879 illud
1530 3835 1876 3888 extraneum,
1909 3825 2086 3876 incer-

515 3927 631 3971 tum
681 3917 767 3969 vel
815 3915 1123 3983 separabile
1158 3913 1386 3976 habent,
1439 3922 1498 3966 ut
1529 3913 1582 3966 in
1614 3912 1788 3981 prima
1823 3911 2085 3980 Apologia

509 4005 774 4057 diximus.
828 4003 924 4056 Dei
956 4018 1085 4056 vero
1116 4004 1348 4056 thronus
1377 3999 1540 4065 altus‘,
1573 4011 1629 4055 et
1671 4001 1925 4055 sublimis
1958 4017 2087 4056 san-

509 4104 745 4164 ctusque
793 4103 897 4156 est,
946 4105 1002 4148 et
1051 4093 1512 4165 magniﬁcentiam
1560 4093 1896 4162 gloriamque
1932 4083 2086 4146 suam

509 4187 681 4260 habet
731 4185 1038 4240 naturalem
1073 4193 1131 4240 et
1173 4184 1616 4254 inseparabilem.
1671 4183 1953 4252 Principes
1986 4197 2088 4252 po-

512 4278 770 4349 polorum
813 4278 1131 4348 congregati
1166 4288 1293 4333 sunt
1323 4293 1448 4332 cum
1477 4276 1587 4330 Deo
1623 4275 1914 4330 Abraham.
1953 4275 2089 4342 Qui-

510 4384 637 4425 nam
666 4378 798 4424 sunt
823 4369 1138 4440 congregati
1171 4369 1245 4423 illi
1276 4369 1791 4439 principes?Reges
1824 4379 2000 4430 terra},
2034 4376 2091 4421 et

514 4459 778 4526 praesides
830 4468 936 4513 tam
981 4460 1136 4529 parvi
1178 4475 1341 4529 quam
1379 4459 1579 4529 magni.
1616 4459 1680 4512 Et
1712 4460 1967 4527 quisnam
2005 4466 2091 4512 est

515 4550 656 4604 Deus
684 4551 997 4605 Abraham?
1026 4549 1164 4604 Num
1198 4550 1338 4604 alius
1380 4558 1464 4605 est
1501 4560 1700 4619 praeter
1727 4549 1897 4604 Deum
1935 4549 2087 4603 illum

2183 3466 2252 3519 τά
2306 3465 2432 3536 ἔθνη
2489 3467 2588 3535 τῆς
2639 3467 2798 3535 δόξης
2845 3465 2937 3518 τοῦ
2971 3465 3141 3530 Θεοῦ,
3174 3463 3274 3518 νῦν
3302 3463 3356 3517 δὲ
3393 3458 3714 3529 προσελθόντα

2187 3557 2463 3610 ἀπέλαυον
2511 3559 2560 3608 οἱ
2611 3555 2814 3618 πάντες
2848 3556 2948 3624 τῆς
2991 3555 3158 3626 δόξης
3189 3555 3284 3609 τοῦ
3326 3551 3477 3612 Θεοῦ,
3502 3550 3586 3603 καὶ
3610 3548 3717 3598 ἑπα-

2186 3646 2430 3717 νεπαύθη
2463 3649 2490 3700 ό
2523 3646 2658 3710 Θεδς
2689 3649 2745 3699 ἐν
2775 3649 2888 3710 τοῖς
2923 3646 3162 3702 ἔθνεσιν.
3205 3646 3362 3699 Ἐπεὶ
3387 3644 3443 3697 δὲ
3471 3644 3556 3694 καὶ
3583 3641 3608 3691 ό
3629 3636 3716 3688 τῶν

2185 3737 2488 3808 ἀνθρώπων
2535 3737 2726 3807 θρόνος
2775 3739 2890 3807 ἔχει
2928 3737 3028 3807 τὴν
3068 3737 3235 3802 δόξαν
3287 3737 3379 3790 καὶ
3424 3734 3516 3802 τὴν
3556 3727 3718 3798 τιμὴν.

2186 3831 2324 3884 ἀλλὰ
2349 3831 2414 3900 δὴ
2456 3834 2550 3884 καὶ
2589 3831 2688 3901 τὴν
2721 3831 3054 3896 ἀνάπαυσιν,
3095 3832 3202 3900 τὴν
3247 3830 3305 3882 δὲ
3349 3820 3719 3896 ἀναμαρτησξαν

2184 3919 2283 3972 οὐκ
2310 3919 2426 3971 ἐστι
2463 3917 2689 3970 δυνατὸν
2722 3916 2892 3986 ἔχειν,
2931 3916 3257 3985 προσέθηκε
3293 3915 3352 3967 τὸ
3385 3932 3403 3966 ε
3447 3911 3535 3992 ἐπὶ
3559 3907 3717 3991 θρόνου

2187 4011 2342 4078 ἁγίου
2376 4009 2564 4062 αὑτοῦ.
2607 4028 2624 4060 ι
2661 4008 2742 4061 Τά
2790 4008 2900 4078 γὰρ
2944 4007 3278 4079 ἀνθρώπινα
3331 4005 3463 4074 μετὰ
3498 3995 3582 4056 ⁴ὶτοῦ
3605 4013 3718 4066 cava:

2185 4098 2344 4169 λεροῦ
2374 4100 2468 4150 καὶ
2497 4099 2819 4168 ὲφαμάρτου
2851 4099 3034 4169 ἔχουσι
3079 4097 3180 4149 καὶ
3209 4096 3273 4148 τὸ
3317 4092 3635 4163 ἐξωτερικόν,
3658 4084 3718 4141 ὥς

2186 4195 2244 4245 ὲν
2277 4194 2341 4261 τῇ
2377 4191 2572 4261 πρώτῃ
2605 4190 2875 4260 ἀπολογίᾳ
2919 4189 3262 4260 εἰρήκαμεν.
3308 4188 3367 4240 '0
3403 4187 3459 4239 δὲ
3489 4183 3573 4236 τοῦ
3613 4173 3719 4231 Θεοῦ

2188 4285 2376 4354 θρόνος
2406 4283 2502 4336 καὶ
2539 4281 2762 4351 ὑψηλὲς,
2798 4283 2891 4334 καὶ
2923 4280 3270 4351 ἐπηρμένος,
3305 4278 3398 4332 καὶ
3429 4274 3570 4344 ἅγιός
3609 4273 3713 4329 ἐστι»

2189 4375 2282 4430 καὶ
2315 4375 2546 4443 φυσικὸν
2570 4374 2664 4426 καὶ
2683 4375 2986 4444 ἀχώριστον
3020 4371 3140 4441 ἔχει
3166 4371 3231 4424 τὺ
3266 4369 3545 4441 μεγαλεῖον
3568 4357 3719 4418 αὑτοῦ.

2188 4464 2284 4516 καὶ
2316 4463 2413 4532 τὴν
2447 4462 2638 4528 δόξανο
2675 4479 2694 4512 ι
2735 4462 3029 4531 Ἄρχοντες
3061 4460 3217 4513 λαῶν
3246 4457 3579 4528 συνήχθησαν
3604 4446 3717 4518 μετά

2187 4549 2281 4605 τοῦ
2329 4550 2463 4604 Θεοῦ
2504 4550 2777 4621 Ἀϐραάμ.
2828 4569 2846 4600 ι
2909 4548 3068 4610 Τίνες
3120 4549 3269 4601 εἰσιν
3314 4550 3364 4600 οι
3421 4539 3720 4611 συναχθέντες

515 4644 919 4704 universorum,
946 4641 1040 4711 qui
1063 4641 1269 4696 creavit
1295 4641 1519 4703 malum,
1557 4647 1612 4694 et
1635 4649 1834 4693 terram
1853 4639 1875 4691 ?
1891 4649 1944 4692 et
1966 4654 2083 4708 pro-

2194 4643 2487 4711 ἄρχοντεςς
2525 4642 2586 4694 Οἱ
2612 4639 2852 4710 βασιλεῖς
2885 4639 2982 4708 τῆς
3027 4638 3160 4707 γῆς,
3206 4640 3256 4691 οί
3308 4638 3582 4705 τοπάρχαι,
3609 4623 3716 4718 οί

473 4796 480 4802 η
512 4748 700 4805 pterea
729 4735 898 4788 Deum
932 4733 1168 4788 Abrahae
1200 4731 1379 4786 dixit?
1408 4731 1564 4786 Absit
1596 4730 1957 4800 blasphemia.
1993 4729 2091 4783 Mi-

512 4825 683 4878 nime.
710 4823 818 4878 Sed
844 4824 1042 4892 partim
1064 4822 1284 4892 quidem
1308 4821 1600 4875 Dominum
1625 4829 1678 4873 et
1699 4819 1944 4890 judicem
1969 4820 2091 4872 uni-

469 4929 688 4974 _versa:
737 4922 914 4978 terrae,
947 4913 1044 4983 qui
1096 4913 1388 4967 miseretur
1446 4921 1502 4965 et
1548 4910 1824 4972 irascitur,
1874 4909 2090 4964 vocavit

511 5006 684 5068 Deum
708 5005 964 5059 Abrahae.
990 5004 1092 5070 Qui
1127 5005 1201 5058 illi
1236 5005 1290 5057 in
1317 5002 1698 5057 devastatione
1725 5000 2089 5054 Sodomarum

515 5084 795 5160 apparuit,
850 5108 1033 5146 coram
1091 5107 1201 5162 quo
1238 5108 1299 5147 se
1347 5102 1548 5146 terram
1578 5097 1634 5144 et
1679 5090 1920 5143 cinerem
1970 5104 2091 5144 esse

509 5182 799 5253 judicavit,
853 5183 949 5253 qui
998 5183 1210 5238 scilicet
1253 5192 1373 5237 erat
1407 5183 1576 5237 Filius
1608 5191 1664 5237 et
1692 5180 1931 5236 Verbum
1971 5180 2090 5248 Dei,

517 5279 984 5343 quemadmodum
1007 5277 1060 5330 in
1083 5275 1519 5344 praacedentibus
1537 5277 1970 5329 demonstratum
1990 5282 2097 5339 est,

517 5377 576 5420 et
602 5367 786 5422 adhuc
833 5367 1074 5437 patebit:
1121 5368 1319 5437 partim
1357 5385 1509 5432 vero,
1541 5378 1600 5423 ut
1630 5368 2083 5438 quemadmodum

2199 5374 2309 5426 τῶν
2359 5371 2611 5442 Σοδόμων
2653 5370 2888 5440 ὀφθέντα
2931 5369 3102 5438 αὐτῷ,
3141 5369 3243 5421 καὶ
3295 5367 3402 5435 γῆν
3451 5365 3541 5414 καὶ
3583 5354 3749 5410 σποδὸν

2202 5463 2416 5533 ἔκρινεν
2469 5462 2658 5516 ἑαυτὸν
2709 5459 3018 5532 ἔμπροσθεν
3073 5459 3330 5522 ἐκείνου,
3363 5457 3420 5519 ὃς
3471 5451 3536 5523 ἦν
3587 5453 3613 5502 ὁ
3643 5445 3752 5504 Υἱδὶ

2204 5555 2296 5607 καὶ
2343 5555 2514 5623 Λόγος
2565 5553 2657 5607 τοῦ
2691 5552 2849 5613 Θεοῦ,
2882 5551 2955 5614 ὡς
3000 5555 3056 5603 ὲν
3114 5553 3233 5613 τοῖς
3281 5545 3588 5618 ἔμπροσθεν
3633 5540 3752 5591 ἀπε·

2202 5645 2408 5715 δειχθη.
2447 5649 2538 5704 καὶ
2586 5646 2666 5700 ἐτι
2723 5643 3060 5716 φανήσεταιι
3094 5640 3161 5692 τὸ
3213 5641 3295 5705 δὲ,
3339 5641 3423 5693 ὅτι
3469 5634 3649 5700 ὥσπερ
3679 5643 3757 5678 7::-

522 5456 803 5511 Abraham
831 5457 942 5512 Deo
967 5459 1228 5524 credidit,
1263 5467 1318 5513 et
1351 5469 1605 5528 reputata
1640 5467 1723 5514 est
1757 5459 1832 5512 illi
1863 5459 1997 5514 ﬁdes
2029 5458 2097 5512 ad

518 5550 822 5619 justitiam:
878 5554 958 5609 sic
987 5555 1151 5609 etiam
1190 5555 1450 5609 omnibus
1481 5554 1758 5624 gentibus,
1808 5555 1848 5609 si
1881 5553 2098 5609 deserto

525 5642 674 5695 cultu
710 5646 909 5711 patrio,
959 5647 1068 5703 imo
1115 5649 1199 5719 (ut
1250 5664 1378 5704 vera
1414 5648 1616 5718 dicam)
1654 5663 1794 5704 vano
1843 5657 1896 5703 et
1938 5647 2095 5712 falso,

2198 4734 2387 4802 μικροὶ
2431 4733 2526 4785 καὶ
2559 4731 2811 4801 μεγάλοι.
2845 4731 2956 4784 Καὶ
3007 4733 3093 4793 τίς
3146 4732 3304 4782 ἐστιν
3341 4730 3370 4778 ὁ
3400 4725 3492 4780 τοῦ
3523 4715 3726 4785 Ἀὁραᾶμ

2151 4812 2153 4814 ’
2196 4826 2360 4890 Θεός;
2411 4826 2502 4895 Μὴ
2542 4824 2730 4894 ἕτερός
2777 4824 2894 4875 ἐστι
2941 4823 3096 4892 παρά
3154 4821 3255 4873 τὸν
3294 4819 3407 4872 τῶν
3455 4816 3579 4870 ὅλων
3603 4809 3728 4866 Θεδνν

2195 4918 2285 4970 τὸν
2319 4919 2624 4986 ποιήσαντα
2672 4915 2762 4968 τὸν
2809 4915 3039 4984 οὐρανὸν
3089 4913 3194 4966 καὶ
3246 4913 3355 4982 τὴν
3403 4910 3522 4978 γῆν,
3548 4903 3630 4957 καὶ
3667 4895 3737 4949 διὰ

2194 5008 2354 5060 τοῦτο
2393 5007 2523 5060 ἴδιον
2560 5005 2723 5061 αὑτοῦ
2755 5006 2911 5058 καλεῖ
2938 5003 3032 5057 τοῦ
3069 5002 3377 5073 Ἀϐραάμ;
3415 5001 3614 5062 ’Ἄπαγε
3659 4987 3737 5051 τῆς

2198 5073 2583 5167 βλασφημίαςί
2612 5095 2790 5166 Ὀῦχὶ,
2835 5095 2972 5148 ἀλλὰ
3023 5094 3084 5144 τὸ
3145 5095 3272 5162 μὲν,
3315 5093 3396 5144 ὅτι
3447 5091 3624 5157 κύριον
3665 5079 3742 5132 καὶ

2197 5191 2392 5262 κριτὴν
2423 5189 2605 5258 πάσης
2655 5187 2754 5256 τῆς
2802 5188 2933 5256 γῆς,
2982 5186 3074 5239 καὶ
3128 5185 3396 5238 ἐλεοῦντα
3444 5181 3531 5233 καὶ
3562 5171 3745 5245 ὀργιζὸο

2203 5299 2362 5352 μενον
2397 5280 2653 5334 ἐκάλεσεν
2696 5279 2973 5349 Ἀϐραὰμ,
3017 5280 3108 5331 τον
3160 5279 3260 5330 ἐπὶ
3313 5281 3380 5347 τῇ
3431 5265 3745 5335 καταστροφῇ

3853 899 3855 1044 l
