3970 6212
1866 110 1886 140 ι

292 328 397 393 509
1240 335 1540 397 CONTRA
1587 337 2073 404 ΜΛΗΟΜΕΤΕΜ
2110 346 2483 408 APOLOGIA
2528 347 2640 408 ΠΙ.

3441 352 3549 418 Sil!

295 441 618 506 στεῦσαντος
661 443 756 498 τοῦ
793 444 1050 516 Ἀδραάμ
1092 447 1168 518 τῷ
1195 448 1335 518 Θεῷ,
1371 451 1631 521 ἐλογίσθη
1672 457 1704 525 ή
1739 455 1868 508 τού-

1980 472 2264 514 conversa:
2319 461 2525 516 iuerint
2570 461 2636 516 ad
2681 463 2851 517 Dcum
2900 478 3117 530 verum,
3165 473 3222 519 et
3267 465 3546 521 Christum

293 555 386 589 του
445 535 629 599 πίστις
674 540 756 600 είς
806 537 1178 609 δικαιοσύνην,
1222 541 1364 596 οὕτω
1413 546 1506 597 καὶ
1558 546 1737 599 πάντα
1792 548 1861 602 τά

1975 550 2230 604 confessae
2278 552 2486 607 fuerim
2524 554 2719 608 Filium
2776 555 2866 609 Dei
2913 571 3056 619 esse,
3115 558 3282 611 Deum
3332 573 3546 622 verum,

290 628 417 696 ἔθνη
476 627 846 681 καταλιπόντα
885 628 947 682 τὸ
1001 630 1233 700 πάτριον
1291 632 1491 697 σέϐας,
1553 635 1755 702 μᾶλλον
1803 637 1861 689 δὲ

1975 641 2133 694 etiam
2192 643 2300 697 illis
2352 643 2487 700 fides
2539 645 2605 699 ad
2647 646 2912 716 justitiam
2947 648 3313 716 reputabitur,
3376 659 3436 703 nt
3493 659 3549 704 et

289 716 518 786 τάληθὲς
575 719 792 780 εξπεῖν,
843 719 905 772 τὸ
966 720 1199 788 μάταιον
1251 725 1345 776 καὶ
1406 725 1856 795 πεπλανημένον,

1975 733 2216 787 Abrahze.
2245 743 2300 787 et
2329 735 2569 789 remissa:
2586 746 2713 790 sunt
2732 737 2835 792 illis
2857 754 3049 793 omnes
3077 740 3414 808 iniquitates,
3440 739 3545 794 im-

288 809 378 859 καὶ
429 810 832 880 ἐπιστρέψαντα
885 812 978 865 ἐπὶ
1025 814 1117 866 τὸν
1169 816 1342 885 ἀληθῆ
1397 817 1554 879 Θεὸν,
1589 819 1684 870 καὶ
1731 821 1861 887 ἐμο-

1975 822 2146 888 pietas
2177 833 2234 876 et
2268 835 2490 893 peccata
2521 826 2790 895 ipsorum.

290 900 600 970 λογὴσαντα
642 901 736 953 τὸν
782 901 1019 970 Χριστὸν
1067 904 1195 957 Υίὸν
1245 905 1404 970 Θεοῦ,
1472 908 1568 962 καὶ
1635 908 1770 960 Θεὸν
1835 910 2113 978 ἀληθινὸν,
2169 913 2422 984 ἐλογίσθη
2475 917 2568 968 καὶ
2633 917 2815 970 αὐτῶν
2855 921 2889 988 ἠ
2940 920 3125 982 πίστις
3183 924 3265 986 είς
3337 923 3545 974 δικαιο-

289 994 477 1065 σύνην,
547 993 739 1062 ὥσπερ
791 995 870 1067 τῷ
917 997 1170 1070 Ἀδραάμ
1221 999 1316 1053 καὶ
1359 1000 1665 1070 ἀφείθησαν
1712 1003 1887 1056 πᾶσαι
1926 1007 1982 1058 ai
2025 1005 2252 1075 ἀνομίαι
2305 1007 2507 1074 αὐτῶν,
2593 1011 2766 1064 πᾶσαι
2823 1013 2881 1064 αἱ
2933 1012 3207 1077 ἀσέϐειαι,
3260 1017 3429 1068 πᾶσαι
3487 1022 3544 1074 αἱ

287 1087 572 1154 ἁμαρτίαι.

351 1181 414 1234 δ’.
455 1182 574 1232 Ἐτι
623 1181 871 1245 εἰπόντος
913 1183 1006 1237 τοῦ
1037 1183 1170 1238 Θεοῦ
1205 1185 1326 1238 τότε
1349 1186 1428 1257 τῷ
1466 1187 1858 1258 ’Δσραάμ,.ὂτι

2035 1193 2090 1248 4.
2123 1193 2390 1250 Praeterea
2414 1195 2635 1251 dicente
2663 1205 2793 1251 tunc
2821 1197 2934 1250 Deo
2959 1193 3026 1249 ad
3051 1195 3364 1251 Abraham:
3404 1214 3422 1247 ι
3442 1197 3544 1250 Pa-

294 1290 310 1323 ι
350 1272 571 1342 Πατέρα
656 1274 869 1326 πολλῶν
923 1274 1094 1328 ἐθνῶν
1144 1277 1366 1331 τέθεικά
1426 1297 1510 1343 σε,
1550 1299 1568 1330 ι
1627 1281 1718 1334 καὶ
1771 1282 1855 1334 ὅτι

1975 1294 2104 1340 trem
2129 1288 2420 1340 multarum
2440 1289 2678 1357 gentium
2710 1289 2968 1342 constitui
3003 1296 3077 1350 te,
3101 1306 3117 1336 ο
3141 1297 3228 1340 et:
3251 1289 3306 1340 in
3331 1287 3541 1342 semine

295 1362 425 1413 ιἘν
451 1361 527 1430 τῷ
554 1362 829 1432 σπέρματί
885 1378 981 1416 σου
1039 1363 1498 1434 εὐλογηθήσονται
1555 1369 1734 1421 πάντα
1788 1371 1858 1423 τὰ

1975 1387 2061 1430 tuo
2093 1378 2492 1432 benedicentur
2523 1392 2713 1432 omnes
2764 1377 3043 1446 gentes”;
3078 1393 3094 1426 ι
3139 1376 3450 1444 praevidens
3486 1376 3541 1429 id

289 1452 442 1520 ἔθνη,
474 1471 490 1501 ι
551 1451 892 1518 προκατιδὼν
944 1454 972 1504 ὁ
1022 1455 1332 1523 προφήτης,
1382 1458 1464 1509 ὅτι
1520 1459 1644 1511 ὅσον
1704 1459 1860 1512 οΰπω

1975 1468 2188 1537 quidem
2215 1467 2404 1532 David,
2429 1469 2576 1537 quod
2604 1468 2695 1522 Dei
2729 1483 2914 1522 sermo
2945 1468 3010 1521 ad
3039 1467 3314 1522 Abraham
3370 1467 3546 1520 factus

290 1542 592 1612 πληροῦται
648 1543 677 1594 ὁ
722 1542 859 1611 πρὸς
903 1542 996 1594 τὸν
1057 1542 1308 1614 Ἀδραάμ
1343 1545 1434 1598 τοῦ
1487 1547 1622 1600 Θεοῦ
1679 1549 1858 1614 λόγος,

1975 1559 2213 1613 nondum
2242 1559 2502 1627 impletus
2524 1567 2672 1613 esset
2695 1560 2843 1628 (nam
2869 1575 3059 1612 omnes
3080 1567 3270 1628 gentes
3290 1557 3354 1610 ad
3381 1556 3543 1610 fidem

290 1636 692 1704 ἐπιστραφέντα
757 1637 849 1688 καὶ
903 1635 1012 1706 γὰρ
1067 1635 1251 1688 πάντα
1299 1638 1366 1690 τὰ
1420 1638 1546 1705 ἔθνη
1599 1639 1858 1706 γεγόνασι

1975 1664 2260 1711 ronversae,
2309 1649 2400 1702 ﬁlii
2447 1649 2677 1703 Abrahae
2707 1647 2829 1703 facti
2861 1653 3040 1714 sunt‘,
3078 1657 3133 1702 et
3173 1647 3317 1716 quod
3355 1655 3546 1715 gentes

290 1727 451 1778 τέκνα
485 1723 581 1777 τοῦ
626 1723 901 1793 Ἀϐραὰμ,
930 1725 1027 1778 καὶ
1052 1726 1134 1778 ὄτι
1166 1725 1254 1778 διὰ
1283 1727 1379 1795 τῆς
1403 1729 1482 1790 είς
1509 1728 1600 1780 τὸν
1629 1729 1862 1797 Χριστὸν

1975 1751 2072 1805 per
2103 1709 2264 1790 fidem
2296 1736 2350 1790 in
2383 1736 2686 1802 Christum,
2735 1736 2828 1805 qui
2861 1745 2946 1790 est
2979 1709 3164 1790 setnen
3193 1709 3430 1788 Mirabar:
3459 1748 3546 1787 se-

293 1819 548 1881 πίστεως,
598 1817 657 1879 ὃς
686 1818 802 1869 ἐστι
842 1817 1064 1885 σπέρμα
1080 1817 1177 1870 τοῦ
1214 1817 1464 1890 Ἀϐραὰμ
1488 1821 1628 1873 κατὰ
1664 1822 1859 1891 σάρκα,

1975 1826 2211 1880 cundum
2262 1843 2508 1892 carnem,
2557 1829 2649 1898 qui
2699 1837 2755 1882 et
2795 1828 2966 1898 ipsius
3003 1827 3222 1882 Davidis
3271 1827 3413 1897 regis
3458 1833 3547 1880 est

293 1910 420 1963 ἀλλά
459 1907 525 1975 δὴ
550 1909 642 1960 καὶ
672 1908 836 1962 αὐτοῦ
869 1909 964 1961 τοῦ
987 1909 1152 1962 Δαόὶδ
1186 1911 1281 1963 καὶ
1310 1910 1572 1978 βασιλέως
1599 1910 1862 1974 σώζονται

1975 1919 2133 1983 illius,
2161 1920 2433 1973 salvandae
2465 1930 2668 1987 essent,
2707 1921 2881 1975 dixit:
2931 1939 2949 1971 ι
2981 1920 3268 1989 Principes
3314 1919 3547 1986 populo-

295 2003 358 2054 τά
379 2001 535 2069 ἔθνη,
555 2002 676 2054 τότε
690 1997 865 2063 εἶπεν,
893 2002 973 2054 ὅτι
997 2017 1016 2052 ι
1045 2002 1336 2070 Ἄρχοντες
1360 2002 1503 2054 λαῶν
1523 2003 1865 2073 συνήχθησαν

302 2095 426 2162 μετά
449 2091 548 2144 τοῦ
578 2091 716 2144 Θεοῦ
750 2091 1024 2161 Ἀϐραὰμ,
1065 2111 1082 2143 ι
1117 2094 1550 2161 ἀναμιμνήσκων
1586 2096 1754 2146 πᾶσιν
1771 2094 1864 2146 ἀν-

303 2185 531 2254 θρώποις
567 2184 668 2252 τὴν
739 2183 878 2253 πρὸς
904 2184 995 2235 τὸν
1044 2184 1180 2236 Θεὸν
1228 2183 1325 2237 τοῦ
1385 2184 1641 2256 Ἀϐραὰμ
1695 2185 1864 2238 πάλαι

312 2278 684 2346 προσκύνησιν,
711 2279 803 2329 καὶ
853 2278 952 2344 τὴν
989 2279 1096 2329 ἀπὸ
1141 2277 1237 2328 τοῦ
1299 2277 1436 2330 Θεοῦ
1501 2278 1641 2348 πρὸς
1699 2276 1865 2332 αὐτὸν

322 2369 640 2435 ὶπαγγελίαν.
694 2367 801 2419 Καὶ
856 2367 1116 2435 πλησθεὶς
1147 2369 1388 2438 ἀρρήτου
1426 2369 1616 2438 ἡδονῆς
1674 2370 1701 2421 ὁ
1730 2386 1865 2440 προ-

329 2460 483 2525 φήτης
532 2457 678 2524 ἔλεγε
705 2498 720 2522 ,
781 2475 799 2507 ι
827 2456 1073 2510 Ψάλλετε
1100 2455 1178 2526 τῷ
1227 2456 1348 2527 Θεῷ
1404 2458 1583 2526 ἡμῶν,
1605 2458 1859 2526 ψάλλετε.

327 2548 540 2602 Villae:
591 2548 668 2618 τῷ
730 2547 938 2620 βασιλεί
995 2548 1174 2619 ήμῶν,
1238 2549 1496 2618 ψάλλετε.
1558 2549 1742 2602 Πάντα
1794 2549 1864 2602 τὰ

317 2642 454 2707 ἔθνη,
484 2643 786 2712 κροτήσατε
829 2645 1041 2712 χεῖρας.
1074 2661 1092 2694 ›
1125 2642 1292 2695 Πάλιν
1317 2641 1371 2694 δὲ
1394 2641 1656 2694 διδάσκων
1686 2642 1861 2706 ἔλεγε,

317 2752 333 2783 ι
369 2734 608 2788 sum;
639 2734 894 2795 συνετῶς.
925 2754 942 2784 ι
986 2731 1050 2785 Τί
1072 2735 1187 2786 ἐστι
1223 2751 1240 2784 ι
1269 2733 1522 2785 Ψάλλετε
1552 2732 1787 2793 συνετῶς
1809 2748 1859 2796 ;›

307 2828 552 2882 Τουτέστι
571 2827 858 2894 νουνεχῶς,
880 2825 1179 2895 φρονίμως.
1213 2824 1341 2877 Μετ’
1366 2825 1658 2894 έπιστήνης
1693 2825 1864 2891 γνῶτε

304 2922 364 2973 τὰ
387 2921 683 2988 λεγόμενα,
717 2918 892 2985 γνῶτε
931 2917 998 2969 τά
1060 2918 1433 2986 πραττόμενα.
1465 2917 1557 2986 Μὴ
1619 2919 1862 2984 κροτεῑτε

1965 2025 2087 2063 rum
2121 2009 2436 2079 congregati
2469 2019 2599 2063 sunt
2629 2025 2752 2064 cum
2785 2011 2899 2064 Deo
2931 2011 3237 2073 Abraham;
3270 2029 3287 2060 ι
3339 2011 3392 2062 in
3429 2025 3548 2061 mc-

1969 2101 2200 2155 moriam
2239 2115 2504 2155 revocans
2537 2101 2796 2155 omnibus
2829 2103 3148 2156 hominibus
3181 2102 3310 2155 olim
3350 2102 3546 2154 factam

1967 2193 2141 2262 ipsius
2171 2191 2406 2245 Abrahae
2453 2207 2640 2245 coram
2678 2191 2793 2246 Deo
2841 2193 3241 2254 adorationem,
3268 2201 3322 2246 et
3358 2191 3450 2245 Dei
3482 2191 3547 2244 ad

1964 2282 2120 2336 illum
2159 2282 2617 2351 promissionem:
2653 2291 2710 2336 et
2739 2283 2998 2351 impletus
3028 2284 3301 2351 voluptate
3330 2281 3550 2335 inenar-

1963 2375 2122 2429 rabili
2165 2374 2430 2443 propheta
2475 2373 2654 2428 dixit:
2710 2393 2729 2426 ι
2757 2375 2978 2428 Psallite
3012 2375 3123 2428 Deo
3161 2383 3370 2434 nostro,
3405 2373 3549 2442 psal-

1963 2465 2076 2518 lite.
2127 2464 2346 2518 Psallite
2391 2463 2522 2533 Regi
2559 2471 2773 2530 nostro,
2815 2463 3050 2532 psallite.
3086 2461 3288 2517 Omnes
3316 2470 3544 2531 gentes,

1968 2555 2214 2624 plaudite
2269 2554 2549 2608 manibus.
2581 2572 2601 2606 ι
2666 2553 2876 2608 Deinde
2930 2567 3065 2606 vero
3118 2554 3320 2606 docens
3379 2553 3546 2606 dixit:

1974 2667 1992 2699 ι
2024 2645 2243 2701 Psallite
2276 2644 2654 2714 prudenter-»
2683 2643 2964 2709 Quidnam
3001 2643 3105 2697 hoc
3135 2652 3238 2707 est,
3275 2661 3292 2692 ι
3328 2642 3551 2695 Psallite

1966 2739 2311 2811 prudenter?
2340 2756 2360 2790 ›
2416 2736 2473 2790 Id
2511 2745 2616 2800 est,
2651 2735 2896 2799 cordate,
2932 2735 3234 2804 sapienter,
3261 2749 3386 2786 enm
3419 2749 3550 2787 vera

1965 2831 2192 2886 scientia
2225 2827 2542 2899 cognoscite
2593 2842 2713 2896 quae
2757 2826 3039 2891 dicuntur,
3085 2825 3421 2894 cognoscite,
3461 2824 3550 2878 in-

1963 2936 2148 2990 quam,
2163 2936 2225 2973 ea
2241 2934 2360 2988 qua:
2376 2918 2531 2983 fiunt,
2549 2932 2649 2972 nec
2666 2916 2996 2987 comploditc
3016 2927 3226 2970 vestras
3249 2931 3444 2969 manus
3485 2914 3553 2968 it-

304 3016 388 3074 τάς
417 3016 610 3081 χεῖρας
657 3011 812 3080 ὑμῶν
866 3009 1122 3078 ἀθέσμως
1188 3010 1282 3062 καὶ
1340 3009 1609 3071 ἀτάκτως,
1677 3007 1752 3068 ὼς
1803 3010 1862 3060 ἑν

1975 3013 2118 3066 licito
2146 3021 2210 3070 et__
2224 3011 2438 3065 turbato
2472 3010 2654 3071 modo,
2704 3007 2832 3063 utin
2855 3007 3348 3062 comessationihus
3375 3006 3552 3061 mani-

304 3107 403 3165 τοῖς
460 3101 786 3171 συμποσίοις
816 3099 1070 3169 κροτοῦσι
1127 3099 1227 3162 τάς
1260 3100 1450 3170 χεῖρας
1514 3101 1561 3152 οί
1609 3100 1864 3168 ἄφρονες,

304 3194 428 3245 ἀλλά
483 3191 750 3261 μαθόντες
801 3192 964 3244 πόθεν
1009 3192 1042 3260 ἡ
1095 3191 1242 3261 νίκη,
1290 3190 1513 3260 πόθενη
1577 3188 1867 3259 ἐλευθερία

301 3287 456 3338 πιίθεν
516 3286 548 3355 ή
609 3285 872 3354 σωτηρία,
933 3284 1052 3338 δότε
1113 3282 1527 3353 μεγαλωσύνην,
1607 3281 1726 3335 δότε
1779 3281 1870 3333 εὑ-

299 3371 585 3444 καριστίαν
625 3372 702 3440 τῷ
750 3371 1010 3438 νικοποιῷ
1038 3370 1182 3440 Θεῷ·
1217 3389 1238 3422 ι
1271 3371 1589 3441 Κροτήσατε
1626 3369 1724 3430 τάς
1755 3369 1869 3436 χεῖ-

300 3483 412 3534 ρας,
447 3464 572 3516 δότε
621 3461 807 3531 φωνὴν
837 3461 1097 3521 αίνέσεως
1125 3460 1219 3512 καὶ
1235 3459 1609 3526 ἀγαλλιάσεως
1639 3455 1718 3526 τῷ
1747 3455 1864 3525 Θεῷ

296 3555 383 3606 τοῦ
401 3552 682 3621 ⁸Α6ραάμ,
708 3569 726 3600 ι
749 3551 995 3602 τουτέστι
1025 3548 1102 3617 τῷ
1125 3547 1442 3617 γεννηθέντι
1466 3550 1527 3600 ἐκ
1553 3547 1869 3614 σπέρματος

295 3645 384 3698 τοῦ
417 3643 679 3713 Ἀϐραὰμ
704 3641 843 3694 κατά
875 3641 1075 3710 σάρκα,
1133 3640 1194 3694 δν
1241 3639 1515 3710 ἐκήρυξαν
1573 3639 1776 3699 πάντες
1816 3636 1867 3688 οἱ

296 3736 597 3804 τιμωρῆται,
627 3731 688 3784 ὃν
722 3731 1095 3800 ἀπεφήναντο,
1132 3729 1192 3782 ὃν
1231 3729 1591 3797 ὡμολόγησαν
1625 3725 1760 3778 Θεόν
1807 3741 1868 3777 τε

296 3830 384 3880 καὶ
424 3824 739 3892 ἄνθρωπον,
771 3820 835 3880 δς
909 3819 1161 3872 ἐκάθισεν
1193 3819 1285 3871 ἐπὶ
1321 3818 1416 3871 τοῦ
1451 3817 1642 3888 θρόνον
1699 3813 1865 3869 αὑτοῦ

293 3917 384 3969 τοῦ
432 3916 628 3981 ἁγίου,
671 3911 732 3964 ὃν
769 3914 833 3964 ὲκ
879 3910 977 3979 τῆς
1035 3909 1197 3975 ἁγίας
1269 3908 1546 3976 Παρθένου
1609 3905 1872 3959 ἀνέλαϐεν

297 4006 436 4074 ὑπὲρ
469 4003 635 4071 φύσιν
663 4000 964 4070 ἄνθρωπον.
989 4015 1008 4048 ι
1041 3997 1285 4050 Ψάλλετε
1315 3995 1574 4059 συνετῶς.
1607 4013 1626 4046 ι
1667 3994 1872 4062 Ἤγουν

297 4094 576 4163 ἐγκύψατε
597 4081 680 4153 είς
700 4091 757 4142 τὸ
774 4088 936 4156 βάθος
953 4089 1060 4140 τῶν
1084 4105 1180 4157 νἰη
1189 4087 1396 4155 μάτων,
1412 4087 1549 4138 ίδετε
1567 4085 1660 4138 τὸν
1675 4085 1738 4136 ὲν
1757 4085 1871 4145 τοῖς

299 4185 662 4255 προφητικοίς
693 4181 875 4249 λόγοις
901 4178 1349 4248 ἐγκεκρυμμένον
1373 4178 1622 4249 οὐράνιον
1655 4192 1873 4244 μαργα-

299 4272 682 4344 ρίτην,ὥσπερ
732 4273 824 4324 τὸν
853 4271 1006 4340 παρά
1025 4271 1139 4332 τοῖς
1164 4267 1374 4330 πολλοῖς
1405 4271 1462 4321 ὲν
1495 4269 1605 4329 τοῖς
1629 4266 1875 4336 ὀστρέοις

1971 3105 2071 3158 bus
2105 3101 2371 3170 plaudere
2401 3101 2580 3154 solent
2609 3100 2988 3154 insanientes:
3015 3099 3110 3153 sed
3145 3114 3268 3152 cum
3294 3099 3553 3153 didiceri—

1971 3194 2040 3244 tis
2067 3199 2194 3243 ante
2222 3190 2496 3244 undenam
2523 3190 2638 3243 haec
2664 3188 2922 3253 victoria,
2955 3189 3101 3241 unde
3127 3187 3374 3250 libertas,
3405 3186 3552 3241 unde

1971 3283 2082 3337 haec
2107 3283 2273 3346 salus,
2309 3280 2566 3335 exhibete
2599 3280 3080 3350 magnificentiam,
3115 3280 3374 3334 exhibete
3430 3293 3554 3349 gra-

1969 3374 2176 3426 tiarum
2217 3372 2492 3426 actionem
2539 3372 2648 3424 Deo
2690 3371 2902 3425 auctori
2940 3372 3203 3425 victoriaa.
3252 3391 3270 3422 ι
3303 3371 3552 3425 Plaudite

1969 3463 2242 3524 manibus,
2289 3462 2437 3516 edite
2472 3477 2660 3515 vocem
2713 3461 2892 3515 laudis
2928 3468 2984 3514 et
3017 3461 3404 3516 exsultationis
3445 3461 3551 3530 ipsi

1972 3554 2081 3607 Deo
2113 3553 2427 3618 Abraham;
2462 3571 2481 3603 ι
2525 3551 2576 3604 id
2610 3563 2715 3615 est,
2750 3553 2828 3606 illi
2879 3554 2974 3621 qui
3014 3563 3214 3607 enatus
3241 3562 3323 3606 cst
3358 3569 3426 3607 ex
3458 3567 3549 3606 se-

1970 3645 2116 3698 mine
2150 3643 2382 3698 Abraha:
2431 3643 2735 3698 secundum
2767 3658 3009 3709 carnem,
3049 3659 3212 3713 quem
3260 3645 3552 3698 annuntia-

1973 3740 2175 3786 verunt
2228 3744 2422 3785 omnes
2456 3729 2754 3798 prolihetm,
2802 3743 2964 3798 quem
3009 3729 3549 3792 demonstraverunt,

1971 3838 2135 3892 quem
2177 3821 2410 3876 confessi
2457 3830 2586 3873 sunt
2614 3819 2783 3872 Deum
2830 3831 2885 3873 et
2917 3819 3196 3872 hominem
3224 3819 3366 3888 ς·ηυί
3409 3819 3554 3872 sedit

1974 3931 2140 3986 super
2171 3918 2430 3968 thronum
2478 3927 2637 3968 suum
2685 3921 2959 3976 sanctum,
2996 3911 3274 3966 hominem
3317 3912 3551 3974 st-ilicct,

1979 4023 2144 4080 quem
2175 4022 2243 4062 ex
2273 4007 2400 4060 diva
2436 4004 2736 4074 assumpsit
2762 4004 2988 4074 Virgine
3029 4003 3192 4058 modo
3222 4012 3554 4071 supernatu-

1974 4099 2095 4153 rali.
2159 4117 2178 4150 ι
2208 4097 2428 4151 Psallite
2475 4095 2796 4166 prudenter,
2825 4113 2844 4147 ι
2901 4095 2956 4150 in
3009 4093 3340 4165 profundum
3380 4092 3552 4146 animi

1974 4191 2234 4244 nimirum
2264 4187 2435 4244 vestri
2484 4186 2798 4252 recondite,
2847 4187 3107 4256 respicite
3151 4186 3446 4254 repositam
3495 4184 3552 4237 in

1975 4275 2317 4346 prapbeticis
2357 4274 2598 4329 oraculis
2635 4275 2916 4329 caelestem
2965 4275 3340 4343 margaritam,
3373 4287 3493 4342 quae
3522 4289 3552 4327 a

295 4366 632 4435 τιμώμενον.
651 4381 671 4414 ι
690 4361 936 4415 Ψάλλετε
969 4359 1222 4420 συνετῶς.
1254 4378 1272 4410 ι
1292 4360 1352 4412 ὐ
1368 4359 1475 4428 γὰρ
1493 4359 1755 4416 ἀκένωτος
1774 4356 1868 4424 θη-

1981 4365 2168 4418 multis
2211 4373 2472 4434 tanquam
2523 4362 2578 4416 in
2607 4364 2808 4417 ostreis
2848 4364 3114 4417 honorata
3140 4373 3247 4417 est.
3287 4381 3305 4414 ι
3333 4363 3554 4418 Psallite

299 4457 506 4527 σαυρδς
530 4457 607 4506 ἐν
653 4456 770 4515 ταῖς
799 4454 990 4521 χερσὶν
1015 4452 1168 4521 ὑμῶν
1206 4455 1372 4504 ἐστιν.
1426 4451 1864 4514 Ἀναπτύξαντες

297 4553 394 4610 τὰς
424 4548 540 4598 τῶν
592 4545 839 4614 πατέρων
869 4546 1080 4613 ῥήσεις,
1106 4544 1389 4613 εὑρίσκετε
1421 4543 1604 4606 αὐτὸν,
1637 4544 1693 4604 ὃς
1720 4545 1872 4595 ἐστιν

301 4641 330 4690 ὁ
367 4639 606 4708 Χριστὸς
651 4636 827 4697 bris;
884 4636 976 4686 καὶ
1022 4634 1193 4701 Λόγος
1245 4633 1340 4686 τοῦ
1377 4634 1536 4695 Θεοῦ,
1575 4636 1604 4686 ὁ
1644 4635 1874 4701 ποιητὴς

303 4730 491 4796 πάσης
552 4726 800 4786 κτίσεως.
837 4741 856 4775 ι
897 4725 986 4794 Τῷ
1019 4725 1125 4793 γὰρ
1147 4724 1287 4794 λόγῳ
1345 4723 1551 4792 Κυρίου
1581 4727 1628 4777 oi
1660 4725 1879 4793 οὐρανοὶ

299 4819 736 4890 ἐστερεώθησαν,
799 4819 890 4871 καὶ
919 4818 997 4887 τῷ
1026 4817 1296 4886 πνεύματι
1323 4817 1419 4870 τοῦ
1448 4817 1717 4886 στόματος
1771 4817 1873 4869 αὐ·

303 4912 404 4964 τοῦ
457 4912 660 4980 πᾶσαή
685 4910 914 4976 δύναμις
937 4909 1139 4962 αὐτῶν.
1177 4927 1196 4960 ι
1245 4910 1430 4979 Ὁρᾷς,
1466 4908 1584 4972 πῶς
1614 4909 1744 4962 ποτὲ
1777 4910 1876 4976 μὲν

304 5003 440 5056 Θεὸν
464 5003 715 5073 ὀνομάζει
759 5003 922 5054 αὑτὸν
953 5004 981 5054 ὁ
1020 5002 1201 5066 Δαϐὶδ,
1264 5003 1394 5054 ποτὲ
1465 5002 1522 5054 δὲ
1584 5005 1719 5056 Θεὸν
1782 5005 1876 5056 καὶ⁹

302 5093 612 5163 ἄνθρωπον,
671 5095 804 5146 ποτὲ
827 5093 884 5146 δὲ
939 5094 1114 5161 Λόγον
1167 5092 1326 5159 Θεοῦ,
1353 5095 1482 5146 ποτὲ
1528 5095 1585 5148 δὲ
1643 5097 1874 5166 ποιητὴν

303 5186 488 5254 πάσης
522 5185 782 5250 κτίσεως;
831 5185 918 5237 Ἐν
958 5185 1069 5253 γάρ
1106 5185 1181 5252 τῷ
1233 5187 1410 5237 εἰπεῖν
1437 5187 1599 5239 αὐτὸν
1639 5188 1871 5258 ποιητὴν

301 5272 399 5324 τοῦ
427 5273 675 5343 οὐρανοῦ,
708 5275 888 5343 πάσης
919 5274 1152 5336 κτίσεως
1181 5273 1408 5344 ποιητὴν
1454 5275 1618 5328 αὑτὸν
1650 5279 1867 5346 ἀπειρη-

303 5380 459 5418 vnto.
496 5365 553 5418 '0
582 5366 691 5434 γὰρ
716 5367 951 5434 ποιήσας
980 5366 1104 5426 τοὺς
1154 5366 1438 5434 οὐρανοὺς,
1500 5365 1664 5428 αὑτός
1721 5369 1871 5419 ἐστιν

285 5455 340 5508 -ὁ
367 5458 594 5524 ποιήσας
621 5458 746 5518 τοὺς
775 5455 1037 5523 ἀγγέλους
1064 5457 1161 5508 καὶ
1187 5458 1310 5517 τοὺς
1342 5457 1686 5525 ἀνθρώπους.

380 5547 444 5597 ε’.
475 5549 581 5601 Kal.
613 5551 641 5600 6
669 5548 767 5616 μὲν
802 5548 1035 5614 Μωῦσῆς
1063 5547 1227 5616 λέγει,
1267 5566 1285 5598 ι
1326 5549 1411 5601 Ἐν
1437 5551 1581 5620 ἀρχῇ
1615 5549 1870 5620 ἐποίησεν

389 5723 436 5754 ³⁵
467 5724 599 5782 Gen.
633 5743 762 5795 xm,
796 5727 845 5782 5.
926 5729 970 5759 ’⁸ο
1023 5728 1164 5783 Psal.
1209 5746 1378 5796 xxx”,
1409 5730 1460 5784 6.

1978 4459 2311 4526 prudenter;
2344 4473 2363 4506 ι
2399 4455 2694 4510 thesaurus
2712 4455 2858 4511 enim
2886 4455 3246 4510 inexhaustus
3266 4455 3411 4509 intra
3435 4470 3554 4508 ma-

1981 4562 2086 4602 nus
2132 4557 2347 4602 vestras
2387 4555 2504 4612 est,
2551 4561 2714 4616 quem
2745 4547 2982 4600 evolutis
3023 4555 3237 4616 patrum
3273 4547 3557 4601 vaticiniis

1985 4637 2300 4701 invenietis,
2335 4639 2430 4707 qui
2467 4646 2550 4692 est
2584 4637 2838 4692 Christus
2872 4637 3041 4691 Filius
3073 4647 3130 4692 et
3163 4637 3399 4691 Verbum
3437 4636 3555 4700 Dei,

1984 4739 2202 4784 creator
2232 4728 2410 4782 omnis
2441 4736 2730 4782 creaturae.
2763 4747 2781 4779 ι
2813 4722 2992 4782 Verbo
3015 4727 3164 4780 enim
3194 4727 3404 4779 Domini
3433 4723 3558 4778 cmli

1981 4820 2286 4874 conﬁrmati
2321 4832 2470 4883 sunt,
2503 4829 2558 4872 et
2585 4817 2793 4889 Spiritu
2819 4819 2934 4872 oris
2966 4818 3050 4872 sui
3084 4818 3264 4870 omnis
3289 4817 3468 4868 virtus
3494 4815 3560 4868 il-

1979 4912 2158 4966 lorum
2191 4911 2257 4965 ⁸⁸.
2289 4929 2308 4961 ι
2343 4911 2578 4966 Videsne
2618 4910 2894 4980 quomodo
2943 4925 3093 4963 nunc
3128 4907 3349 4976 quidem
3384 4907 3556 4960 Deum

1981 5005 2220 5072 appellat
2253 5002 2445 5068 David,
2475 5018 2620 5057 nunc
2644 5018 2772 5056 vero
2801 5001 2968 5055 Deum
2992 5010 3046 5054 et
3073 5000 3347 5053 hominem
3371 5015 3385 5063 ;
3414 5013 3560 5053 nunc

1981 5098 2146 5150 etiam
2190 5096 2429 5150 Verbum
2480 5096 2599 5159 Dei,
2643 5109 2788 5148 nunc
2823 5095 2989 5148 etiam
3030 5101 3338 5147 creatorem
3377 5091 3560 5144 omnis

1978 5187 2283 5240 creaturae?
2329 5185 2463 5240 Cum
2495 5185 2640 5238 enim
2671 5184 2796 5238 ειείί
2833 5192 3137 5238 creatorem
3183 5182 3344 5246 dixit,
3381 5181 3562 5234 omnis

1979 5288 2244 5334 creatura:
2293 5292 2592 5334 creatorem
2639 5292 2760 5332 esse
2791 5275 3110 5332 declaravit.
3143 5274 3246 5341 Qui
3277 5273 3423 5328 enim
3449 5285 3561 5326 cm:

1980 5372 2064 5427 los
2100 5372 2252 5439 fecit,
2288 5370 2435 5426 idem
2468 5379 2551 5425 est
2579 5371 2674 5440 qui
2704 5371 2915 5425 creavit
2945 5369 3169 5440 angelos
3199 5375 3255 5421 et
3281 5364 3555 5419 homines.

2050 5552 2104 5606 5.
2138 5551 2204 5606 Et
2232 5550 2411 5607 Moses
2443 5549 2667 5621 quidem
2701 5548 2881 5620 inquit
2909 5567 2923 5604 :
2967 5568 2985 5602 ι
3017 5548 3074 5603 In
3106 5544 3374 5620 principio
3405 5509 3555 5599 crea-
