3970 6212
458 320 556 385 511

1624 323 1943 384 JOANNlS
1976 322 2500 383 CANTACUZENI
3540 334 3626 400 ε,ιῖ

460 439 539 491 vit
560 439 704 495 Deus
728 439 927 494 emtum
950 444 1004 492 et
1030 447 1225 491 terram
1250 436 1315 502 ⁶’;
1343 454 1359 488 ι
1395 438 1561 492 David
1586 448 1791 501 autem,
1816 437 2026 493 «Verbo

2134 442 2159 492 ὁ
2198 441 2331 501 Θεὸς
2392 440 2480 491 τὸν
2510 438 2737 508 οὐρανὸν
2785 438 2877 493 καὶ
2918 438 3013 508 τὴν
3071 439 3190 509 γήν·
3226 458 3244 492 ι
3311 442 3337 495 ὁ
3376 442 3425 496 δὲ
3470 447 3623 510 Δαΰιδ,

462 530 681 599 (inquit)
727 529 937 583 Domini
992 527 1113 582 cmli
1168 527 1361 582 firmati
1398 541 1546 583 sunt.
1581 548 1599 581 ι
1653 530 1813 583 Certe
1861 544 2021 598 quem

460 621 769 675 Mahometh
821 618 1058 671 Verbum
1096 618 1189 672 Dei
1230 629 1409 683 vocat,
1445 630 1499 673 et
1537 620 1858 674 Musulmani
1908 636 2026 674 om-

463 726 580 773 nes,
630 724 792 778 quem
834 725 1027 763 omnes
1071 708 1370 763 Christiani
1417 726 1516 765 ceu
1568 712 1805 765 Verbum
1838 713 1931 766 Dei
1972 723 2026 767 et

459 801 627 852 Deum
678 798 927 861 adorant,
983 802 1051 853 de
1104 801 1206 854 hoc
1235 800 1427 855 eodem
1464 802 1630 857 David
1668 802 1822 864 dicit,
1878 802 2024 871 quod

456 890 624 942 «eius
656 889 955 943 ﬁrmaverit
977 931 991 953 ,
1032 891 1082 944 id
1119 900 1225 956 est,
1257 892 1549 946 creaverit.
1600 892 1672 947 De
1707 893 1810 947 hoc
1832 893 2022 946 eodem

455 982 635 1035 Moses
667 982 822 1042 dicit.
855 986 1000 1052 quod
1034 986 1085 1037 in
1116 986 1383 1054 principio
1410 985 1719 1040 condiderit
1748 986 1946 1040 cadum
1970 996 2026 1040 et

458 1084 677 1125 tetram.
736 1074 799 1126 Et
855 1075 979 1144 quis
1034 1086 1137 1128 tam
1194 1076 1395 1131 stultus
1427 1086 1512 1131 cst
1558 1084 1617 1129 ut
1648 1076 1881 1141 dubitet,
1923 1093 2026 1132 nec

453 1182 577 1218 eum
633 1165 847 1224 adoret,
905 1181 1069 1235 quem
1124 1166 1290 1219 David
1334 1168 1501 1221 Deum
1558 1183 1679 1222 esse
1730 1169 2026 1237 pra-dicat?

454 1271 619 1324 quem
667 1256 843 1311 Moses
878 1257 1044 1310 Deum
1080 1273 1198 1311 esse
1234 1258 1474 1312 fatetur?
1511 1260 1589 1313 Tu
1630 1276 1760 1314 vero
1795 1277 1919 1315 cum
1956 1261 2023 1316 de

453 1344 609 1396 C(Blis
640 1344 816 1408 audis,
873 1360 979 1399 non
1019 1355 1104 1400 est
1148 1347 1293 1415 quod
1345 1349 1528 1415 plures
1554 1351 1723 1404 caelos
1752 1366 1871 1406 esse
1904 1353 2023 1405 exi-

457 1435 669 1497 stimes,
720 1434 813 1489 sed
849 1451 1040 1500 unum,
1090 1447 1147 1489 et
1187 1452 1294 1490 non
1332 1439 1537 1506 plures.
1571 1440 1843 1508 Interpres
1877 1445 2024 1497 enim

459 1522 784 1578 llebraicam
828 1526 1070 1594 phrasim
1110 1537 1353 1592 secutus,
1401 1531 1549 1597 juxta
1603 1531 1747 1585 illius
1796 1533 1941 1603 leges
1970 1545 2028 1589 et

457 1615 912 1668 censuctudineni
942 1616 1226 1684 pluraliter
1256 1620 1549 1673 transtulit.
1582 1620 1874 1676 Videamus
1897 1639 2024 1679 vero

458 1706 527 1759 de
552 1707 879 1774 quibusnam
907 1708 1069 1762 David
1094 1709 1208 1763 lucc
1234 1710 1413 1765 dicat:
1446 1711 1643 1783 «Cujus
1666 1712 1835 1769 fortes
1862 1725 2023 1773 terra;

458 1797 616 1850 valde
641 1797 835 1851 clevati
863 1808 1006 1851 sunt.
1036 1818 1054 1849 ι
1082 1797 1357 1864 Quinam?
1385 1781 1647 1871 Discipuli
1676 1805 1822 1859 illius
1845 1810 2025 1875 pauci,
2060 1781 2100 1837 Β

459 1889 554 1956 qui
604 1892 764 1940 modo
812 1899 969 1941 erant
1006 1889 1261 1955 humiles,
1310 1891 1513 1946 indocti
1553 1902 1608 1947 et
1650 1895 1835 1960 rudes,
1883 1913 2030 1953 num

466 1992 593 2029 vero
633 1978 885 2030 doctores
916 1976 1083 2031 totius
1126 1978 1310 2033 orbis:
1344 1981 1435 2049 qui
1471 1986 1902 2049 persecutionem
1934 2002 2031 2040 su-

461 2068 781 2120 stinuerunt
837 2066 905 2120 ab
952 2068 1230 2131 omnibus,
1279 2070 1371 2138 qui
1421 2070 1635 2141 injuriis
1688 2074 1889 2138 affecti,
1938 2078 2030 2145 qui

460 2157 708 2226 colaphis
744 2158 888 2220 (tesi,
927 2157 1020 2226 qui
1076 2175 1182 2212 non
1215 2158 1492 2215 habebant
1533 2177 1642 2230 quo
1671 2174 1832 2233 caput
1870 2169 2030 2222 recti-

460 2254 673 2307 narent,
712 2261 855 2298 nunc
894 2247 1154 2301 sublimes
1183 2257 1237 2301 et
1269 2251 1445 2320 magni
1473 2250 1752 2318 videntur,
1784 2265 1838 2309 et
1864 2256 2030 2314 fortes

462 2334 579 2397 Dei,
617 2344 670 2388 et
712 2337 780 2389 ad
823 2335 1048 2391 honoris
1074 2336 1348 2406 fastigium
1378 2340 1598 2394 elevati.
1632 2340 1835 2399 Omnes
1883 2347 2028 2400 enim

462 2427 757 2495 principes,
800 2441 993 2479 omnes
1020 2439 1272 2498 satrapae,
1310 2445 1501 2484 omnes
1534 2446 1687 2502 reges
1719 2444 1874 2490 terra:
1910 2447 2034 2505 post

462 2517 634 2570 Deum
675 2519 955 2586 aposmlos
1002 2519 1208 2573 habent
1252 2521 1567 2587 advocatos,
1606 2525 1861 2596 ipsosque
1905 2530 2034 2585 doc-

460 2618 611 2662 tores
664 2619 719 2663 ct
771 2610 940 2664 duces
989 2612 1181 2666 salutis
1210 2629 1321 2668 sua:
1373 2616 1726 2669 confitentur.
1782 2620 2030 2687 Apostoli

460 2698 608 2752 enim
664 2699 970 2755 docuerunt
1019 2702 1373 2772 Evangelium
1425 2720 1641 2760 omnem
1697 2722 2029 2778 creaturam,

469 2791 750 2845 miraculis
791 2792 955 2845 simul
991 2792 1123 2847 illud
1171 2795 1613 2863 comprobantes,
1668 2809 1727 2855 ut
1753 2799 2027 2860 diximus:

461 2889 519 2936 et
574 2882 665 2950 qui
724 2882 877 2949 prius
910 2891 1290 2951 persecutores
1340 2895 1498 2939 erant
1539 2889 1777 2944 nominis
1805 2890 2029 2959 Christi,

463 2988 611 3027 nunc
636 2989 732 3042 pro
756 2974 850 3027 illo
874 2974 1043 3028 vitam
1069 2974 1386 3043 deponunt:
1418 2988 1471 3031 et
1497 2978 1591 3047 qui
1618 2981 1770 3048 prius
1796 2982 1847 3035 in
1880 2984 2028 3039 illum

463 3064 768 3119 calumnias
821 3074 876 3119 et
932 3065 1269 3136 tyrannidem
1324 3070 1674 3138 exercebant,
1739 3089 1882 3129 nunc
1935 3091 2029 3145 per

462 3153 743 3209 Christum
768 3163 823 3211 et
852 3157 1129 3226 apostolos
1152 3159 1277 3213 facti
1305 3170 1432 3214 sunt
1456 3171 1723 3229 pastores,
1752 3164 2026 3233 doctores,

464 3254 519 3298 et
550 3244 700 3298 orbis
730 3244 1021 3300 luminaria
1070 3248 1188 3318 ipso
1231 3251 1344 3305 sole
1386 3251 1795 3321 splendidiora:
1840 3266 1897 3313 et
1934 3259 2027 3327 qui

467 3333 635 3391 modo
680 3335 951 3392 idolorum
1001 3348 1157 3393 erant
1191 3342 1449 3409 cultores,
1488 3360 1634 3400 nunc
1663 3346 1865 3403 Christi
1902 3362 2025 3403 sunt

467 3438 761 3498 martyres,
807 3438 863 3483 et
891 3439 1112 3499 accepta
1159 3447 1191 3486 a
1222 3433 1333 3487 Deo
1370 3438 1541 3504 gratia
1579 3436 1660 3507 (ut
1684 3438 1890 3493 dictum
1924 3443 2027 3512 est)

469 3516 729 3571 miracula
760 3518 921 3571 edere
969 3522 1403 3591 conspiciuntur.
1443 3522 1707 3594 Martyres
1738 3530 1882 3581 enim
1921 3548 2029 3586 non

364 3626 369 3629 -
467 3607 578 3660 vivi
627 3608 790 3664 modo
836 3612 1100 3666 miracula
1152 3622 1207 3668 ct
1242 3614 1486 3684 prodigia
1533 3616 1788 3679 edebant.
1831 3622 2031 3689 quibus

465 3700 600 3755 visis
626 3702 928 3757 idololatra:
956 3705 1382 3774 obstupuerunt,
1414 3708 1509 3762 sed
1540 3710 1703 3763 etiatn
1736 3722 1855 3779 post
1885 3730 2032 3767 mor-

467 3802 578 3845 tem
612 3809 807 3864 magna
855 3805 910 3849 et
959 3797 1227 3865 stupenda
1263 3798 1521 3853 miracula
1552 3800 1860 3856 ediderunt.
1911 3804 2028 3858 Vivi

465 3885 613 3938 enim
643 3886 819 3940 adhuc
849 3886 903 3940 in
925 3895 1276 3956 tyrannorum
1303 3900 1601 3956 conspectu
1622 3890 2031 3961 interrogabant

468 3972 632 4037 idola,
682 3975 927 4029 dicentes
987 3994 999 4028 :
1043 3977 1097 4028 In
1151 3978 1371 4031 nomine
1416 3978 1616 4033 Christi
1668 3980 1833 4035 dicite
1890 3985 2031 4038 veri-

471 4071 662 4115 tatem.
701 4062 769 4116 Et
830 4067 1237 4131 responderunt
1290 4067 1454 4130 idola,
1492 4068 1743 4125 Christus
1776 4080 1859 4126 est
1891 4073 2031 4130 Deus

467 4169 651 4207 verus.
701 4152 953 4209 lntideles
982 4166 1166 4210 autem
1204 4157 1288 4211 bis
1320 4158 1525 4214 auditis
1554 4177 1746 4231 magna
1778 4179 1909 4219 voce
1940 4181 2032 4220 ex-

467 4243 806 4299 clamabant:
838 4247 1061 4314 Magnus
1085 4258 1169 4302 est
1192 4249 1334 4303 Deus
1356 4248 1813 4314 Christianorum,
1840 4270 2031 4324 magna

464 4335 633 4389 etiam
681 4337 813 4394 ﬁdes
844 4337 1108 4408 ipsorum,
1140 4349 1196 4394 et
1246 4340 1303 4395 in
1336 4340 1616 4397 Christum
1651 4345 2027 4402 crediderunt.

2136 552 2154 583 ‹
2193 533 2282 599 Τῷ
2306 532 2463 600 Λόγῳ
2498 532 2695 597 Κυρὲου
2718 532 2766 583 οἱ
2789 532 3008 599 οὐρανοὶ
3040 532 3436 603 ἐστερεώθησαν.
3465 553 3481 586 ι
3515 537 3628 590 Πάν-

2126 640 2230 685 τως
2255 624 2313 675 ὃν
2344 623 2489 690 λέγει
2521 626 2546 674 ὁ
2575 621 2817 691 Μωάμεθ
2841 624 3011 689 Λόγον
3063 623 3217 685 Θεοῦ,
3247 627 3335 676 καὶ
3392 628 3563 690 πάντες
3590 629 3630 682 ot

2127 715 2565 781 Μουσουλμάνοι,
2619 714 2677 764 ὃν
2742 711 3103 783 προσκυνοῦσι
3161 713 3349 777 πάντες
3371 716 3414 767 οί
3446 716 3629 785 Χριστι-

2128 808 2243 861 ανοὶ
2270 808 2344 869 ὡς
2369 805 2538 873 Λόγον
2576 803 2712 857 Θεοῦ
2745 805 2838 857 καὶ
2882 802 3033 869 Θεὸν,
3069 805 3159 856 τὸν
3188 804 3342 857 αὑτὸν
3370 805 3503 872 λέγει
3550 810 3626 860 Δα-

2128 898 2232 960 διδ,
2256 898 2338 951 ὅτι
2367 897 2661 965 ὲστερέωσε
2685 897 2808 956 τοὺς
2835 897 3114 966 οὐρανοὺς,
3151 895 3408 949 τουτέστιν
3428 898 3621 965 εποίησε,

2127 989 2230 1042 Τὸν
2258 990 2421 1042 αὑτὸν
2443 989 2592 1055 λέγει
2627 990 2886 1055 Μωῦσῆς,
2919 988 3000 1040 ὅτι
3033 1006 3052 1038 ι
3097 987 3183 1040 Ἑν
3234 987 3370 1057 άρχῇ
3419 989 3627 1059 εποίησεν

2126 1084 2152 1135 ὁ
2181 1082 2311 1143 Θεὸς
2346 1082 2436 1132 τὸν
2462 1082 2691 1149 οὐρανὸν
2722 1080 2817 1131 καὶ
2860 1079 2960 1149 τὴν
3011 1077 3137 1147 γῆν.
3173 1096 3191 1130 ι
3272 1079 3369 1132 Καὶ
3412 1080 3483 1142 τίς
3519 1082 3632 1132 οὕτω

2130 1172 2451 1241 μάταιο;,ὃς
2473 1171 2824 1237 ἀμφιϐάλλει.
2862 1171 2957 1222 καὶ
2998 1170 3059 1222 οὐ
3083 1172 3368 1239 προσκυνεῖ
3398 1171 3452 1222 ὃν
3490 1173 3513 1222 ὁ
3554 1173 3630 1224 Δα-

2126 1262 2211 1315 διδ
2241 1261 2495 1331 κηρύττει
2528 1261 2680 1325 Θεὸν,
2723 1260 2781 1311 ὃν
2807 1262 2834 1312 ὁ
2872 1259 3074 1327 Μωσῆς
3124 1259 3266 1325 λέγει
3308 1260 3459 1326 Θεόν;
3505 1261 3566 1311 Σὺ
3591 1259 3635 1310 δὶ

2126 1355 2389 1423 οὐρανοὺς
2415 1353 2674 1417 ἀκούσας,
2708 1351 2871 1421 μηδὲν
2916 1350 3199 1421 ὑπολάϐῃς
3233 1350 3444 1413 πολλοὺς
3460 1352 3641 1417 γεγονό-

2126 1461 2224 1506 τας
2250 1443 2530 1512 οὖρανοῦς,
2570 1442 2683 1494 ἀλλ’
2706 1441 2826 1499 ἕνα.
2867 1442 2958 1493 καὶ
2997 1441 3059 1492 οὐ
3093 1439 3339 1502 πολλούς.
3393 1439 3447 1494 Ὀ
3493 1442 3539 1495 δὲ
3563 1444 3641 1511 ὲρ-

2131 1532 2334 1602 μηνεὺς
2359 1533 2422 1599 τῇ
2446 1528 2687 1601 Ἐϐραΐδι
2716 1528 3091 1598 ἀκολουθήσας
3146 1528 3421 1599 διαλέκτῳ,
3467 1531 3640 1602 ἔγραψε

2128 1620 2506 1689 πληθυντικῶς
2540 1621 2679 1671 κατὰ
2710 1618 2820 1688 τὴν
2858 1618 3081 1671 ἐκείνων
3111 1617 3263 1682 τάξιν
3289 1636 3345 1671 τε
3375 1622 3465 1672 καὶ
3509 1622 3643 1689 σννὴο

2132 1711 2301 1763 θειαν.
2336 1712 2565 1777 Ἰδωμεν
2607 1710 2665 1763 δὲ
2714 1709 2807 1762 καὶ
2858 1710 2985 1779 περὶ
3026 1711 3197 1772 τίνων,
3226 1711 3366 1776 λέγει
3412 1712 3557 1764 Δαϐὶδ
3580 1714 3647 1775 τὸ,

2138 1795 2245 1855 «οὓ
2268 1803 2317 1853 oi
2357 1800 2607 1868 κραταιοὶ
2632 1801 2727 1869 τῆς
2756 1799 2859 1867 γῆς
2907 1800 3114 1870 σφόδρα
3188 1801 3536 1870 ἐπήρθησαν.»
3573 1802 3650 1852 Τί-

2133 1909 2257 1955 νες;
2298 1893 2362 1945 Οί
2400 1891 2637 1961 μαθηταὶ
2666 1890 2829 1944 αὑτοῦ
2854 1892 2905 1943 ot
2944 1892 3140 1958 ὀλίγοι,
3198 1894 3245 1945 ot
3310 1891 3487 1962 πρώην
3530 1893 3653 1945 εὐτε.

2133 1984 2245 2046 λεῐς
2281 1986 2375 2035 καὶ
2405 1983 2636 2052 ἀμαθεῖς
2671 1985 2764 2035 καὶ
2795 1984 3066 2052 ἄγροικοι,
3126 1981 3220 2035 νῦν
3278 1981 3331 2034 δὲ
3380 1982 3652 2034 διδάσκαλοι

2134 2075 2231 2141 τῆς
2254 2075 2603 2142 οἰκουμένης,
2663 2074 2713 2126 οἱ
2784 2074 3115 2142 διωκόμενοι
3155 2071 3305 2139 παρὰ
3357 2071 3571 2133 πάντων,
3612 2070 3653 2121 oi

2136 2164 2509 2233 ὑϐριζόμενοι,
2544 2166 2592 2216 οἱ
2644 2164 3088 2231 κολαφιζόμενοι,
3140 2162 3189 2215 οί
3224 2160 3296 2231 μὴ
3325 2162 3521 2230 ἔχοντες
3564 2159 3654 2212 ποῦ

2133 2252 2230 2323 τὴν
2258 2251 2496 2319 κεφαλὴν
2534 2252 2731 2311 κλῖναι,
2769 2249 2863 2303 νῦν
2909 2249 3299 2318 ἀναφαίνονται
3348 2248 3524 2317 ὑψηλοὶ
3574 2251 3654 2300 καὶ

2139 2341 2385 2411 μεγάλοι,
2426 2342 2519 2394 καὶ
2553 2340 2648 2393 τοῦ
2678 2339 2813 2393 Θεοῦ
2861 2343 3144 2410 κραταιοὶ,
3202 2343 3295 2393 καὶ
3332 2342 3409 2401 είς
3460 2339 3550 2409 τὴν
3576 2340 3659 2405 τῆς

2135 2432 2298 2500 τιμῆς
2336 2430 2581 2500 κορυφὴν
2632 2430 2977 2500 ἀναχθέντες.
3029 2432 3241 2494 Πάντες
3280 2430 3383 2498 γὰρ
3433 2429 3659 2497 ἄρχοντες

2135 2523 2337 2585 πάντες
2362 2524 2659 2591 σατράπαι,
2696 2523 2896 2584 πάντες
2923 2524 2972 2575 ot
3011 2523 3258 2591 βασιλεῖς
3303 2522 3394 2591 τῆς
3422 2523 3515 2588 γῆς
3545 2519 3660 2589 μετὰ

2134 2612 2268 2665 Θεὸν
2289 2614 2415 2668 τοὺς
2454 2612 2784 2675 ἀποστόλους
2812 2612 2991 2681 έχουσι
3025 2614 3359 2681 προστάτας,
3392 2612 3479 2663 καὶ
3494 2610 3661 2669 αὐτοὺς

2133 2698 2456 2767 ὁμολογοῦσι
2507 2700 2885 2761 διδασκάλους·
2915 2702 3010 2752 καὶ
3052 2701 3282 2769 ὁδηγοὺς
3340 2701 3433 2768 τῆς
3483 2696 3661 2749 ἑαυτῶν

2136 2792 2430 2863 σωτηρίας.
2470 2793 2533 2844 Οἱ
2561 2792 2848 2845 ἀπόστολοι
2912 2794 3014 2861 γὰρ
3068 2792 3315 2857 ἐδίδαξαν
3358 2792 3416 2845 τὸ
3449 2791 3662 2857 Εὐαγγέ-

2134 2881 2249 2935 λιον
2293 2881 2439 2951 πάσῃ
2492 2885 2558 2950 τῇ
2610 2881 2803 2945 κτίσει,
2856 2886 2971 2945 τοῖς
3027 2881 3272 2952 θαύμασι
3333 2882 3659 2950 πιστούμενοι,

2136 2970 2317 3033 καθὼς
2352 2972 2598 3041 εῐπομεν.
2635 2974 2744 3026 Καὶ
2772 2974 2820 3024 ot
2854 2972 3120 3042 προτερον
3140 2973 3476 3041 διῶκται,τοῦ
3499 2973 3663 3038 ὀνόμα-

2136 3078 2225 3124 τος
2257 3060 2353 3114 τοῦ
2382 3061 2622 3131 Χριστοῦ
2652 3060 2747 3114 νῦν
2784 3063 2925 3132 ὑπὲρ
2948 3063 3115 3118 αὐτοῦ
3141 3064 3546 3135 ἀποθνήσκουσι.
3569 3062 3663 3116 Καὶ

2138 3154 2187 3205 οί
2235 3154 2500 3222 πρότερον
2551 3152 2809 3221 ὑϐρισταὶ
2861 3154 2956 3207 καὶ
3007 3154 3306 3223 τύραννοι,’
3338 3154 3428 3207 νῦν
3469 3153 3549 3206 διὰ
3585 3150 3664 3203 τοῦ

2138 3242 2375 3312 Χριστοῦ
2408 3244 2503 3296 καὶ
2552 3244 2660 3296 τῶν
2697 3246 3013 3298 ἀποστόλων
3042 3246 3306 3316 ποιμένες
3341 3246 3430 3299 καὶ
3454 3245 3668 3298 διδάσκα-

2136 3339 2219 3391 λοι
2250 3339 2346 3391 καὶ
2375 3336 2660 3407 φωστῆρες
2680 3338 2777 3408 τῆς
2806 3337 3139 3406 οἰκουμένης
3169 3337 3522 3405 κατέστησαν,
3549 3334 3667 3403 ὑπὲρ

2137 3432 2228 3485 τὸν
2275 3431 2425 3501 ἥλιον
2473 3431 2802 3499 λάμποντες.
2861 3429 2965 3483 Καὶ
2987 3430 3036 3482 οἱ
3088 3429 3202 3482 τῶν
3251 3427 3478 3481 εἰδώλων
3528 3424 3672 3477 πάλαι

2139 3523 2514 3594 προσκυνηταὶ
2553 3521 2645 3576 νῦν
2687 3522 2782 3575 τοῦ
2827 3520 3065 3591 Χριστοῦ
3126 3522 3420 3590 μάρτυρες,
3461 3517 3548 3569 καὶ
3585 3516 3670 3566 λα-

2139 3615 2328 3676 ϐόντες
2359 3614 2457 3684 τὴν
2484 3614 2594 3666 άπὸ
2622 3613 2715 3666 τοῦ
2763 3614 2897 3665 Θεοῦ
2949 3613 3131 3683 χάριν,
3194 3613 3525 3681 εὑρίσκονται
3575 3624 3677 3659 ποι-

2138 3707 2345 3773 οῦντες,
2400 3708 2476 3769 ὡς
2505 3706 2744 3776 εἴρηται,
2786 3705 3062 3773 θαύματα.
3116 3704 3191 3759 Οὐ
3226 3706 3384 3772 μόνον
3419 3703 3518 3770 γὰρ
3560 3699 3672 3762 ζῶν-

2136 3816 2228 3860 τες
2257 3801 2305 3851 οί
2336 3798 2612 3868 μάρτυρες
2644 3797 2917 3865 ἐνήργουν
2962 3795 3221 3863 θαύματα
3272 3794 3363 3847 καὶ
3417 3790 3669 3861 τεράστια.

2134 3891 2281 3961 ⁷ἅπερ
2322 3890 2546 3942 ἔϐλεπον
2570 3890 2619 3941 οἱ
2652 3887 3058 3957 εἰδωλολάτραι,
3108 3890 3203 3941 καὶ
3244 3885 3529 3950 ἐξίσταντο,
3560 3880 3674 3933 ἀλλὰ

2139 3985 2233 4038 καὶ
2264 3982 2399 4053 μετὰ
2427 3983 2654 4036 θάνατον
2701 3979 2913 4050 μεγάλα
2939 3982 3031 4031 καὶ
3071 3978 3290 4043 ἐξαίσια
3349 3976 3585 4044 θαύματα
3602 3974 3674 4023 tv-

2140 4075 2363 4145 ήργουν.
2394 4074 2601 4135 Ζῶντες
2620 4072 2730 4141 γὰρ
2756 4071 2988 4141 ἠρώτων
3010 4069 3323 4138 ἔμπροσθεν
3350 4066 3458 4120 τῶν
3503 4061 3676 4131 τυράν-

2138 4182 2243 4218 νων
2267 4165 2334 4217 τά
2364 4162 2577 4229 εῐδωλα,
2599 4163 2845 4230 λέγοντες
2878 4160 2962 4213 ὅτι
2984 4160 3076 4214 Ἐν
3099 4161 3180 4228 τῷ
3209 4159 3435 4228 ὀνόματι
3456 4156 3543 4209 τοῦ
3566 4156 3679 4223 Χρι-

2142 4255 2269 4307 στοῦ
2319 4256 2517 4309 εἴπατε
2576 4255 2675 4323 τὴν
2747 4251 3027 4321 ἀλήθειαν,
3096 4251 3190 4304 καὶ
3229 4249 3581 4319 ἀπεκρίναντο
3621 4243 3676 4294 τὰ

2140 4346 2361 4413 εῐδωλα,
2389 4346 2545 4399 ὃτιὊ
2567 4344 2797 4416 Χριστὸς
2825 4344 2955 4407 Θεὸς
2978 4344 3228 4414 ἀληθινός
3261 4345 3393 4397 ἐστι.
3420 4342 3513 4396 Καὶ
3532 4336 3675 4393 ταῦτα

469 4424 533 4480 Ει
557 4427 777 4495 quidem
811 4429 959 4499 quod
996 4446 1188 4486 omnes
1226 4442 1495 4504 martyres
1528 4434 1730 4490 Christi
1768 4438 2030 4493 miracula

2137 4437 2425 4499 ἀκούοντες
2445 4438 2494 4489 οί
2523 4437 2760 4501 άσεσεῖς,
2812 4436 2906 4488 καὶ
2934 4435 3227 4505 βλέποντες
3282 4435 3466 4501 ελεγον
3495 4428 3675 4499 μεγάλῃ

460 4518 761 4584 ediderint,
794 4536 915 4590 qua:
946 4532 1171 4593 propter
1203 4523 1427 4580 nimiam
1453 4527 1663 4590 copiam
1700 4544 1846 4585 nunc
1870 4532 2033 4585 omit-

2131 4532 2199 4600 τῇ
2234 4532 2406 4599 φωνῇ,
2446 4528 2638 4595 Μέγας
2693 4531 2721 4581 ὁ
2750 4527 2882 4589 θεὸς
2920 4528 3029 4582 τῶν
3080 4527 3449 4597 Χριστιανῶν,
3492 4521 3665 4593 μεγάλη

467 4618 677 4674 tuntur,
712 4621 950 4668 constat.
986 4615 1371 4671 Verumtamen
1420 4633 1451 4672 e
1490 4618 1678 4673 multis
1725 4636 1832 4675 non
1862 4638 2030 4691 pauca

2134 4621 2165 4688 ἠ
2198 4620 2377 4682 πίστις
2405 4619 2604 4681 αὐτῶν,
2619 4620 2710 4671 καὶ
2727 4618 3008 4671 ἐπίστευον
3028 4619 3105 4680 είς
3131 4618 3224 4669 τὸν
3239 4615 3493 4686 Χριστόν.
3514 4610 3669 4667 Καὶὸτι

465 4700 535 4755 ab
567 4702 715 4757 illius
739 4705 923 4759 saeculi
950 4705 1315 4775 scriptoribus
1337 4707 1567 4762 collecta
1598 4718 1746 4775 sunt,
1778 4726 1809 4765 ε
1830 4712 2033 4780 quibus

459 4805 518 4849 et
551 4795 656 4849 hoc
688 4812 857 4849 unum
905 4796 1093 4852 fuerit.
1121 4797 1327 4853 Christi
1364 4808 1571 4871 martyr
1599 4800 1885 4870 Georgius.
1939 4805 2035 4873 qui

460 4901 492 4939 a
526 4886 685 4942 nobis
712 4884 1046 4943 Christianis
1071 4888 1272 4942 colitur
1299 4889 1485 4958 (quem
1510 4891 1673 4945 etiam
1708 4891 1808 4960 ipsi
1833 4890 2038 4947 Musul-

462 4977 607 5029 mani
663 4978 715 5029 tn
772 4976 982 5031 honore
1019 4978 1243 5044 habent,
1283 4987 1339 5035 et
1372 4978 1441 5033 ab
1496 4980 1603 5035 illis
1648 4980 1851 5036 Cheter
1883 4983 2034 5036 Eliaz

462 5067 709 5137 dicitur),
749 5070 1033 5124 tormentis
1066 5079 1119 5124 et
1152 5071 1546 5140 qurestionibus
1579 5074 1925 5128 excruciatus
1952 5082 2038 5128 est

461 5158 531 5211 ab
564 5158 748 5229 impiis
776 5170 829 5214 et
857 5160 1182 5228 idololatria,
1216 5172 1278 5217 ut
1306 5162 1587 5217 Christum
1628 5164 1947 5233 abnegaret,
1976 5174 2032 5219 et

459 5251 681 5305 illorum
715 5254 845 5307 deos
876 5255 1081 5309 coleret
1108 5254 1491 5325 ador-aretque.
1529 5256 1629 5311 llic
1682 5272 1810 5310 vero
1839 5257 2029 5311 maluit

460 5338 705 5397 infinitas
757 5354 962 5399 mortes
1007 5353 1063 5399 et
1111 5346 1319 5400 infinita
1352 5356 1622 5402 tormenta
1677 5362 1775 5416 pro
1807 5348 2028 5402 nomine

458 5432 663 5489 Christi
722 5436 1016 5499 sustinere,
1049 5452 1210 5505 quam
1266 5437 1426 5493 fidem
1481 5454 1633 5492 suam
1667 5438 1719 5493 in
1750 5439 2029 5494 Christum

462 5530 709 5598 rej‘ccre.
766 5527 949 5584 Multis
984 5528 1147 5599 igitur
1185 5531 1475 5591 tormentis
1513 5539 1569 5586 et
1616 5530 1900 5602 suppliciis
1937 5545 2031 5587 ex-

544 5698 584 5727 “
625 5700 760 5753 Gen.
800 5718 834 5762 ι,
866 5701 911 5753 l.

2136 4708 2236 4779 μὲν
2259 4712 2459 4772 πάντες
2486 4712 2535 4762 oi
2575 4710 2667 4762 τοῦ
2700 4710 2936 4779 Χριστοῦ
2965 4711 3244 4778 μάρτυρες
3275 4709 3523 4777 θαύματα
3548 4706 3677 4769 ὲνὴρι

2132 4816 2262 4869 γουν
2290 4800 2513 4869 ἄπειρα,
2549 4801 2705 4853 ἅτινα
2733 4801 2824 4852 διὰ
2845 4801 2907 4852 τὸ
2954 4799 3158 4868 πλῆθος
3188 4799 3474 4864 εἰάθησαν,
3530 4790 3681 4845 τοιοῦο

2137 4891 2236 4944 τόν
2269 4892 2443 4949 ἐστιν.
2479 4893 2630 4959 ὅμως
2676 4891 2731 4942 δὲ
2768 4891 2831 4943 ὲκ
2862 4890 2968 4943 τῶν
3020 4890 3238 4943 πολλῶν
3305 4884 3685 4956 συνεγράψαντο

2137 4984 2185 5036 oi
2216 4982 2295 5052 τῷ
2320 4983 2495 5051 καιρῷ
2520 4983 2906 5053 εὑρισκόμενοι
2950 4982 3146 5051 ἐκείνῳ
3175 4984 3281 5035 οὐκ
3309 4981 3484 5046 ὀλίγα,
3537 4974 3589 5038 ἐξ
3616 4968 3681 5023 ὦν

2137 5074 2197 5127 ἓν
2224 5077 2339 5127 ἐστι
2359 5073 2538 5127 τοῦτο.
2575 5073 2637 5126 '0
2668 5072 2795 5141 παρ’
2824 5072 2987 5141 ἡμῶν
3018 5074 3124 5125 τῶν
3153 5070 3495 5141 Χριστιανῶν
3534 5060 3685 5133 τιμὼο

2138 5183 2296 5237 μενος
2382 5167 2589 5236 μάρτυς
2660 5166 2752 5218 τοῦ
2812 5165 3048 5235 Χριστοῦ
3104 5165 3401 5232 Γεὼργιος,
3496 5160 3552 5219 ὃς
3605 5153 3685 5207 καὶ

2138 5256 2273 5327 παρ’
2300 5256 2479 5309 αὐτῶν
2548 5258 2656 5308 τῶν
2710 5256 3147 5325 Μ)υσουλμάνσι›ν
3210 5256 3459 5322 τιμᾶται,
3504 5244 3684 5313 ὀνομά-

2136 5349 2288 5412 ζεται
2312 5348 2369 5401 δὲ
2390 5348 2517 5418 παρ’
2538 5347 2712 5399 σύτῶν
2737 5348 2916 5417 Χετὴρ
2939 5346 3143 5409 Ἠλίας,
3176 5343 3586 5414 βασανιζόμενος
3606 5343 3685 5385 καῖ

2140 5439 2536 5509 πειραζόμενος
2567 5439 2718 5507 παρὰ
2747 5439 2856 5490 τῶν
2911 5437 3124 5491 ἀσεϐῶν
3157 5437 3256 5489 καὶ
3289 5426 3685 5496 είδωλολατρῶν.

2139 5532 2223 5585 ἵνα
2270 5530 2362 5585 τὸν
2394 5530 2493 5602 μὲν
2541 5531 2776 5601 Χριστὸν
2845 5532 3170 5602 ἀρνήσηται,
3229 5525 3466 5595 σεὸασθῇ
3498 5521 3555 5575 δὲ
3603 5515 3688 5569 καὶ
