3970 6212
282 307 396 374 εισ

1213 303 1508 364 CONTRA
1551 302 2032 363 MAliOlilliTEM
2074 301 2444 363 APOLOGIA
2489 302 2601 362 Ιῖῐ.

3418 300 3524 366 5M

285 418 630 490 προσκυνήσῃ
669 417 781 480 τοῖς
849 415 1072 468 ἐκείνων
1101 415 1262 479 θεοῖς,
1290 417 1318 466 6
1341 416 1396 468 δὲ
1427 415 1712 484 προείλετο
1753 431 1852 483 μυ-

1960 414 2235 467 cruciatus
2268 423 2494 480 martyr,
2524 412 2658 466 dicit
2683 417 2947 481 tyranno:
2990 411 3198 466 Euntes
3243 411 3526 467 videamus

285 510 422 580 ρίους
453 509 716 570 θανάτους
745 508 836 560 καὶ
868 508 1068 576 μυρίας
1109 508 1373 574 βασάνους
1409 506 1548 574 ὑπὲρ
1584 505 1678 558 τοῦ
1731 505 1852 556 ὀνό-

285 617 446 668 ματος
492 599 585 652 τοῦ
627 599 889 668 Χριστοῦ.
945 599 977 667 ἢ
1032 599 1167 660 ὅλως
1201 598 1462 660 ἀθετῆσαι
1521 599 1620 665 τὴν
1652 598 1734 658 είς
1762 597 1854 649 τὸν

281 691 506 762 Χριστὸν
555 691 740 743 πίστιν
773 689 971 746 αὑτοῦ.
1014 690 1123 743 Καὶ
1172 690 1434 759 ἐποίησαν
1471 687 1622 758 αὑτῷ
1685 705 1856 757 τιμω-

285 786 395 855 ρίας
427 783 692 852 μεγάλας,
731 784 823 835 καὶ
874 783 1234 851 πειρατήρια.
1270 783 1436 848 Λέγει
1488 781 1544 833 δὲ
1575 783 1603 833 6
1636 780 1853 850 μάρτυς

280 875 348 940 τῷ
376 874 648 940 τυράννῳ.
693 871 1049 932 Ἀπελθόντες
1081 869 1283 937 ίδωμεν
1305 869 1432 929 τοὺς
1481 867 1637 928 θεοὺς
1672 866 1848 934 ὑμῶν.

291 964 344 1016 ’0
364 965 417 1015 δὲ
447 964 683 1026 ἀκούσας
710 963 882 1032 ἐχάρη
918 963 1061 1025 λίαν,
1119 959 1408 1013 ὑπολαϐὼν
1438 960 1517 1012 ὅτι
1550 959 1852 1028 ἀπέρχεται

283 1056 453 1106 θύσων
484 1060 594 1116 τοῖς
627 1055 770 1113 θεοῖς
812 1055 998 1106 αὑτοῦ.
1058 1053 1430 1118 Ἀπελθόντων
1476 1050 1658 1102 τοίνυν
1715 1052 1850 1102 πάν-

281 1159 376 1192 των
402 1140 539 1207 ὁμοῦ
567 1141 660 1193 τοῦ
684 1157 741 1192 τε
767 1140 1028 1209 τυράννου
1064 1143 1160 1192 συν
1194 1140 1355 1192 παντὶ
1376 1138 1454 1206 τῷ
1488 1139 1704 1205 πλήθει,
1729 1155 1854 1190 συν-

283 1233 495 1301 εισῆλθε
524 1233 603 1293 είς
648 1233 740 1284 τὸν
771 1232 953 1302 βωμὸν
999 1233 1092 1284 καὶ
1124 1234 1153 1284 6
1196 1233 1401 1302 μάρτυς
1435 1230 1723 1299 Γεώργιος.
1759 1234 1851 1283 καὶ

282 1327 418 1391 λέγει
453 1325 663 1395 μεγάλῃ
693 1329 758 1392 τῇ
797 1328 948 1394 φωνῇ
984 1341 998 1356 ο
1025 1325 1115 1377 Ἐν
1139 1325 1216 1392 τῷ
1237 1325 1464 1392 ὀνόματι
1501 1322 1674 1391 Ἰησοῦ
1712 1323 1850 1392 Χρι-

286 1415 400 1467 στοῦ
433 1414 507 1465 τὰ
547 1415 737 1480 ἄφωνα
771 1414 965 1468 εἴδωλα
1029 1415 1219 1466 εἴπατε
1259 1413 1359 1484 τὴν
1423 1412 1706 1481 ἀλήθειαν,
1765 1412 1849 1475 τίς

284 1507 384 1556 ἐστι
419 1505 557 1565 Θεὸς
604 1505 840 1573 ἁληθής;
901 1505 1002 1558 Καὶ
1059 1504 1342 1572 παρευθὺς
1402 1503 1713 1572 λαλήσαντα
1778 1505 1847 1554 τὰ

282 1596 469 1648 εἴδωλα
498 1591 756 1657 εἷπον,’0
796 1597 1030 1663 Χριστὸς
1086 1597 1114 1647 6
1155 1596 1279 1658 Υἱὸς
1331 1593 1423 1647 τοῦ
1459 1595 1614 1657 Θεοῦ,
1674 1597 1766 1646 καὶ
1822 1595 1850 1647 6

283 1685 460 1737 τούτου
498 1687 686 1752 Πατὴρ
713 1688 740 1737 ὁ
764 1686 913 1746 Θεός.
950 1687 1056 1738 Καὶ
1100 1686 1262 1738 πάλιν
1316 1686 1342 1737 6
1374 1685 1602 1754 μάρτυς,
1637 1685 1725 1736 Ἑν
1773 1685 1849 1754 τῷ

1956 505 2092 560 deos
2127 516 2358 559 vestros.
2418 504 2519 558 Hic
2547 519 2679 557 vero
2732 503 2836 557 hoc
2875 503 3083 562 audito,
3122 502 3278 557 valde
3309 503 3530 572 gavisus

1955 603 2063 655 est,
2095 594 2418 646 existimans
2451 592 2596 644 hunc
2623 591 2730 643 diis
2775 591 2888 644 suis
2917 606 3038 644 esse
3069 592 3526 644 saeriiir-aturmn.

1953 684 2222 739 Omnibus
2273 701 2404 738 vero
2441 683 2602 737 simul
2637 681 2916 751 profectis,
2967 691 3021 735 et
3051 695 3282 752 tyranno
3307 698 3528 750 quoque

1955 788 2078 825 cum
2115 773 2274 826 turba
2311 788 2407 826 sua
2449 772 2596 824 hunc
2649 771 2970 834 comitan'e,
3011 783 3216 840 martyr
3261 770 3527 839 Georgius

1959 865 2024 918 ad
2062 881 2210 917 aram
2245 864 2494 926 accessit,
2526 873 2581 917 et
2617 863 2750 916 dicit
2778 878 2910 916 voce
2942 878 3164 931 magna:
3208 862 3270 915 In
3308 863 3527 917 nomine

1953 955 2182 1016 Christi,
2221 971 2254 1008 o
2302 955 2444 1007 idola
2479 965 2651 1018 muta,
2688 954 2972 1007 veritatem
3027 953 3211 1006 dicite.
3263 955 3524 1015 (fuisnam

1953 1048 2098 1101 Deus
2123 1063 2285 1100 verus
2309 1047 2427 1100 est?
2452 1046 2514 1100 Et
2545 1054 2768 1115 repente
2802 1045 2942 1098 idola
2977 1046 3233 1113 loquendi
3269 1046 3525 1098 facultate

1952 1137 2171 1198 donata,
2227 1138 2507 1198 dixerunt,
2571 1137 2825 1192 Christus
2884 1136 3054 1190 Filius
3095 1137 3207 1189 Dei.
3271 1147 3325 1190 et
3362 1137 3524 1204 hujus

1952 1234 2121 1286 Pater
2155 1232 2316 1284 Deus.
2357 1231 2424 1283 Et
2458 1247 2676 1284 rursum
2710 1230 2913 1298 adjecit
2945 1237 3181 1297 martyr:
3217 1228 3270 1280 1.ι
3308 1230 3524 1280 nomine

1952 1322 2154 1376 Christi
2200 1331 2360 1373 terra:
2400 1321 2540 1374 illisa
2598 1320 3000 1382 conteramini;
3053 1328 3100 1371 et
3154 1320 3268 1388 ipso
3323 1318 3522 1372 c-il‘eetu

1951 1415 2177 1468 verbum
2212 1413 2316 1466 hoc
2351 1412 2671 1475 comitante,
2704 1413 2885 1465 omnia
2915 1410 3056 1464 idola
3092 1412 3144 1463 in
3171 1419 3369 1464 terram
3398 1423 3531 1463 con-

1952 1507 2227 1566 ciderunt,
2289 1515 2342 1558 et
2371 1505 2648 1557 confracta
2678 1512 2822 1557 sunt.
2864 1502 3160 1556 Hominum
3191 1519 3319 1556 vero
3357 1502 3529 1556 turba!

1953 1597 2056 1650 hoc
2113 1596 2378 1649 miraculo
2411 1596 2549 1659 viso,
2595 1610 2784 1663 magna
2825 1606 2880 1648 et
2913 1595 3056 1648 clara
3091 1609 3224 1646 voce
3257 1593 3530 1645 exclama-

1951 1697 2188 1740 verunt:
2221 1687 2405 1753 Magna
2441 1697 2526 1740 est
2563 1686 2694 1740 ﬁdes
2719 1686 3184 1746 Christianorum,
3215 1695 3269 1737 et
3301 1697 3530 1751 magnus

285 1774 500 1841 ὀνόματι
563 1742 920 1840 τοῦΙΧριστσῦ
958 1773 1192 1826 πεσόντα
1222 1788 1307 1836 εις
1341 1742 1597 1842 τίὴνιγῆν,
1635 1742 1850 1842 συντρί-

1960 1783 2037 1827 est
2073 1773 2213 1828 Deus
2243 1742 2484 1844 Georgii.

286 1868 421 1935 Εητε.
455 1868 565 1919 Καὶ
594 1867 1118 1936 ὲπακολουθησάσης
1146 1867 1222 1935 τῷ
1269 1867 1410 1934 λόγῳ
1463 1867 1556 1918 καὶ
1636 1866 1940 1935 ἐνεργείας,
1981 1868 2177 1920 ἔπεσον
2209 1869 2387 1921 πάντα
2421 1868 2488 1919 τὰ
2515 1866 2709 1920 εἴδωλα
2735 1867 2814 1927 είς
2851 1865 2948 1936 τὴν
2978 1866 3102 1936 γὴν,
3154 1865 3244 1918 καὶ
3285 1864 3533 1934 συνετρί-

289 1962 468 2028 ϐησαν.
511 1961 586 2012 Τὸ
615 1959 669 2012 δὲ
701 1959 906 2028 πλῆθος
955 1959 1154 2020 ἰδόντες
1180 1959 1241 2010 ab
1273 1959 1610 2028 τεράστιονέ
1648 1959 1857 2030 μεγάλῃ
1895 1962 1988 2012 καὶ
2025 1962 2257 2033 λαμπρᾷ
2321 1964 2388 2032 τῇ
2453 1963 2604 2031 φωνῇ
2637 1959 2956 2030 ἐξεσόησαν,
2999 1961 3223 2029 Μεγάλη
3255 1961 3290 2026 ὴ
3349 1960 3531 2022 πίστις

288 2053 379 2105 τῶν
408 2051 776 2121 Χριστιανῶν,
813 2050 988 2120 μέγας
1019 2054 1045 2102 6
1074 2050 1206 2112 Θεὸς
1236 2051 1534 2119 Γεωργίου.

355 2187 420 2252 ς’.
451 2187 872 2241 Ἀκουσάτωσαν
892 2189 940 2241 οἱ
971 2188 1043 2257 μὴ
1078 2188 1422 2253 πιστεύοντες
1465 2192 1546 2253 εἰς
1571 2192 1660 2245 τὶν
1686 2191 1853 2260 Χρισ-

304 2283 399 2342 tiro,
423 2283 512 2333 καὶ
535 2280 1004 2350 αἰσχυνθήτωσαν,
1028 2281 1108 2333 ὅτι
1134 2283 1160 2332 6
1181 2281 1354 2352 πατὴρ
1383 2281 1474 2334 τοῦ
1494 2283 1722 2351 ψεύδους
1741 2283 1854 2336 διά-

315 2371 442 2433 δολος
470 2373 564 2424 οὑκ
592 2371 833 2440 ἠδυνήθη
883 2369 1090 2439 κρύψαι
1122 2372 1180 2423 τὸ
1211 2371 1292 2434 ὃν,
1353 2371 1468 2424 ἀλλ’
1508 2373 1853 2442 ἐπιτιμηθεὶς

321 2462 445 2530 παρὰ
471 2461 554 2512 τοῦ
581 2449 756 2528 ἁγίου,
804 2461 896 2514 καὶ
922 2456 1032 2513 οἷον
1057 2461 1246 2522 ὥσπερ
1302 2461 1407 2514 ὑπὸ
1443 2463 1541 2531 τῆς
1589 2462 1850 2532 ἀληθείας

321 2551 625 2621 μαστιχθεὶς,
683 2552 1002 2621 ὡμολόγησε
1054 2553 1146 2604 τὸν
1211 2553 1448 2621 Χριστὸν
1498 2551 1630 2604 Θεὸν
1706 2548 1848 2604 εἶναι

312 2643 552 2710 ἀληθινόν.
586 2645 648 2695 Oi
681 2644 735 2696 δὲ
774 2643 847 2712 μὴ
904 2642 1293 2706 πιστεύσαντες
1327 2642 1408 2694 ἔτι
1454 2643 1530 2705 ὡς
1584 2643 1641 2694 ὲν
1683 2641 1849 2711 βαθυο

305 2737 430 2804 τάτῳ
459 2736 641 2788 σκότει
676 2734 1038 2805 περιπατοῦσι
1094 2735 1462 2804 πλανώμενοι.
1519 2735 1641 2788 Ἔτι
1669 2735 1726 2787 δὲ
1761 2735 1852 2786 τοῦ

302 2825 514 2893 Χριστοῦ
575 2826 668 2878 ἐπὶ
723 2825 822 2894 τῆς
865 2825 969 2894 γῆς
1002 2825 1412 2894 εὑριεκσμένου,
1470 2825 1665 2896 ἔφερον
1719 2825 1852 2892 πρὸς

300 2915 438 2966 αὐτὸν
467 2914 756 2984 ἄνθρωπον
814 2915 865 2968 οἱ
930 2918 1109 2983 γονεῖς
1161 2915 1325 2967 αὑτοῦ
1379 2915 1851 2984 δαιμονιζόμενον,

300 3004 379 3056 καὶ
399 3005 743 3072 παρεκάλουν
772 3006 954 3070 αὑτὸν,
988 3005 1075 3057 ἵνα
1105 3003 1420 3076 θεραπεύσῃ
1452 3005 1658 3059 τοῦτον.
1700 3003 1769 3058 Ὀ
1793 3005 1848 3058 δὲ

2030 2191 2085 2244 6.
2119 2191 2377 2258 Audiant,
2424 2192 2518 2262 qui
2573 2193 2626 2246 in
2683 2191 2960 2246 Christum
3011 2207 3116 2244 non
3173 2193 3424 2254 credunt,
3474 2200 3533 2244 et

1958 2283 2383 2347 confundantur,
2408 2285 2553 2352 quod
2585 2296 2736 2352 paler
2756 2282 3026 2336 mendacii
3061 2281 3310 2336 diabolus
3337 2298 3528 2335 verum

1955 2375 2208 2428 occulere
2249 2389 2354 2428 non
2408 2375 2604 2442 potuit,
2635 2373 2728 2428 sed
2759 2387 2789 2426 a
2821 2382 3012 2426 sancto
3042 2373 3368 2440 inerepatus,
3415 2382 3471 2427 et
3497 2388 3530 2425 a

1956 2467 2183 2519 veritate
2213 2482 2310 2521 ceu
2344 2465 2662 2534 ﬂagellatus.
2694 2464 2974 2520 Christum
3010 2464 3178 2518 Deum
3201 2479 3321 2519 esse
3341 2481 3528 2518 verum

1956 2556 2239 2610 Confessus
2268 2565 2370 2610 est.
2412 2556 2514 2620 Qui
2557 2572 2684 2610 vero
2715 2571 2822 2609 non
2882 2554 3134 2618 credunt,
3186 2565 3441 2623 tanquam
3475 2558 3528 2608 in

1960 2647 2304 2702 densissimis
2357 2649 2600 2702 tenebris
2646 2655 2895 2701 errantes
2941 2647 3314 2701 obambulant.
3360 2647 3532 2701 Porro

1956 2739 2174 2794 Christo
2199 2738 2380 2791 adhuc
2412 2739 2462 2791 in
2501 2739 2662 2791 terris
2709 2747 2926 2806 agente.
2963 2737 3264 2791 attulerunt
3314 2739 3389 2791 illi
3438 2755 3532 2807 pa-

1959 2838 2139 2882 rentes
2169 2831 2391 2898 quidam
2445 2829 2614 2882 lilium
2662 2829 2753 2897 qui
2804 2830 3072 2882 daemonio
3119 2829 3446 2899 agitabatur,
3476 2839 3536 2882 et

1957 2921 2189 2974 orabant
2246 2937 2372 2975 eum
2423 2931 2481 2974 ut
2519 2921 2669 2973 illum
2704 2933 2941 2975 sanaret.
2982 2921 3199 2974 Daemon
3246 2935 3395 2983 vero,
3437 2921 3530 2988 qui

1964 3011 2242 3065 hominem
2304 3023 2686 3080 occupaverat,
2740 3014 2859 3067 viso
2916 3011 3133 3065 Christo
3187 3011 3532 3073 exclamavit,

297 3097 344 3147 ἐν
366 3096 438 3164 τῷ
465 3095 744 3166 ἀνθρώπῳ
767 3096 1157 3165 εὑρισκόμενος
1187 3095 1422 3164 δαίμων,
1452 3095 1573 3149 ίδὼν
1616 3099 1708 3150 τὸν
1752 3097 1852 3166 ’1η-

1960 3104 2190 3157 dicens:
2233 3123 2250 3154 ι
2280 3104 2419 3169 Quid
2455 3105 2586 3156 mihi
2624 3113 2800 3158 tecum
2835 3105 2910 3158 rei
2962 3115 3069 3170 est,
3116 3103 3214 3158 Fili
3260 3104 3388 3157 Dei?
3434 3100 3537 3158 Ve-

305 3188 439 3254 σοῦν,
502 3190 703 3258 ἓκραξε
757 3189 950 3255 λέγων,
991 3207 1007 3238 ι
1043 3188 1106 3240 Τί
1151 3189 1273 3257 ἐμοὶ
1328 3189 1420 3242 καὶ
1473 3190 1576 3250 σοὶ,
1637 3190 1718 3242 υἱὲ
1759 3188 1851 3242 τοῦ

292 3281 408 3334 Θεοῦ
433 3301 447 3348 ;
470 3277 639 3350 ἦλθἐς
673 3281 777 3349 πρὸ
799 3279 991 3351 καιροῦ
1026 3281 1310 3349 βασανίσαι
1334 3282 1500 3349 ἡμᾶς.
1543 3300 1559 3330 ι
1583 3283 1715 3334 Οὐδὲ
1746 3284 1854 3351 γὰρ

292 3369 361 3434 εἷς
384 3374 633 3435 διάϐολος
662 3369 729 3443 ἦν
754 3375 811 3425 ὲν
851 3373 928 3440 τῷ
958 3371 1261 3442 ἀνθρώπῳ,
1301 3374 1437 3426 ἀλλὰ
1493 3373 1700 3426 πολλοί.
1749 3373 1854 3426 Τοῦ

287 3464 336 3516 δὲ
379 3465 561 3534 Ἰησοῦ
637 3467 1064 3535 ἐπιτιμήσαντος
1119 3464 1305 3527 αὑτὸν,
1366 3463 1603 3531 ἐξῆλθον
1636 3470 1699 3516 ἐκ
1759 3463 1854 3516 τοῦ

289 3556 598 3626 ἀνθρώπου,
632 3556 726 3607 καὶ
771 3554 988 3623 ἐγένετο
1060 3554 1239 3622 ὑγιής.
1273 3555 1338 3608 Τί
1388 3556 1464 3621 δὲ,
1517 3554 1576 3606 ὃν
1610 3553 1855 3623 ἐμαρτύ-

289 3662 443 3715 ρησεν
467 3651 497 3700 6
531 3647 689 3709 Θεὸς,
721 3647 780 3698 ὃν
801 3645 1078 3714 ἐκήρυξαν
1107 3646 1158 3698 oi
1191 3647 1491 3716 προφῆται,
1523 3647 1604 3709 εἰς
1638 3645 1698 3698 ὃν
1739 3647 1856 3696 ἐπί-

287 3756 428 3792 στευε
461 3742 615 3792 πᾶσι
650 3740 1025 3809 ήεοίκουμένη,
1078 3738 1139 3791 ὃν
1175 3738 1268 3790 καὶ
1315 3737 1470 3790 αὐτοὶ
1501 3739 1549 3790 oi
1599 3739 1854 3807 δαίμονες

286 3830 354 3899 μὴ
387 3830 712 3899 βουλόμενοι
740 3829 1100 3899 ὡμολόγησαν
1127 3829 1282 3888 Θεὸν.
1337 3829 1622 3898 φρίττουσι
1665 3827 1723 3905 ᾃ
1757 3829 1854 3880 καὶ

282 3924 545 3991 τρέμουσι
579 3921 656 3990 τῷ
678 3922 899 3988 όνόματι
949 3919 1139 3982 αὑτοῦ,
1203 3919 1393 3971 τοῦτον
1434 3919 1483 3970 οι
1540 3919 1614 3986 μὴ
1663 3917 1856 3985 ὁμολοο

284 4012 504 4077 γοῦνται
553 4011 688 4064 Θεὸν
715 4013 816 4064 οὐκ
865 4010 972 4063 sict
1008 4011 1228 4078 μάταιοι
1287 4013 1377 4062 καὶ
1408 4009 1852 4078 πεπλανημένοις

285 4101 446 4152 [lavet
503 4115 610 4152 που
645 4099 823 4166 δῆλον.
853 4099 962 4149 Καὶ
1016 4098 1136 4149 τότε
1195 4096 1607 4165 πλητωθήσεται
1643 4096 1729 4148 ἐπ’
1759 4097 1857 4148 αὺ-

281 4192 396 4250 τοὺς
419 4189 486 4240 τὸ
520 4189 858 4257 προφητικὸν
902 4187 1084 4253 λόγιον
1138 4185 1230 4238 τοῦ
1271 4186 1457 4252 Δαεὶδ,
1527 4189 1609 4239 ὅτι
1665 4205 1684 4236 ι
1727 4187 1856 4238 Ἀν-

281 4281 496 4350 θρωπος
527 4285 586 4333 ἐν
616 4283 752 4348 τιμῇ
792 4277 892 4341 ὢν,
921 4279 982 4330 οὺ
1013 4277 1233 4346 συνῆκε.
1267 4277 1717 4348 Παρεσυνεϐλήθη
1743 4279 1855 4339 τοῖς

281 4374 501 4438 κτήνεσι
566 4369 678 4428 τοῖς
713 4368 984 4436 ἀνοήτοις,
1038 4369 1132 4420 καὶ
1184 4367 1422 4435 ὀμοιώθη
1456 4368 1657 4428 αὐτοῖς·
1700 4383 1718 4417 ι
1760 4367 1855 4420 καὶ⁹

283 4463 558 4531 μακάριον
582 4460 767 4521 αὑτοῖς
791 4454 881 4530 ἦν,
907 4458 1064 4527 εῐτιερ
1103 4458 1400 4528 ἐκρίθησαν
1438 4459 1513 4521 ὼς
1569 4459 1636 4511 τὰ
1684 4458 1854 4525 ἄλογα

282 4549 414 4611 ζῶα.
483 4551 706 4604 Ἐκεῖνα
770 4551 879 4618 γὰρ
936 4551 1060 4602 ἐπεὶ
1103 4550 1200 4618 οὑχ
1259 4549 1684 4618 ἁμαρτάνουσιν,
1731 4549 1852 4603 οὐδδ

281 4640 616 4708 κολασθῆναι
654 4639 958 4709 μέλλουσιν.
991 4639 1126 4693 οὐαὶ
1166 4639 1222 4691 δὲ
1247 4641 1357 4700 τοῖς
1388 4639 1463 4708 μὴ
1495 4639 1852 4692 πιστεύσασιν

281 4739 354 4796 εἰς
384 4737 482 4788 τον
519 4735 756 4804 Χριστόν.
783 4753 796 4768 ο
825 4734 936 4787 εῐθε
963 4733 1038 4806 μὴ
1067 4732 1436 4803 ἐγεννήθησαν
1496 4733 1543 4785 οι
1576 4731 1852 4801 ἄνθρωποι

281 4830 480 4880 ἐκεῖνοι
507 4829 521 4880 ί

351 4940 420 5004 ζ’.
449 4942 610 4995 Μετὰ
629 4941 791 4994 δὲτδν
805 4926 1029 4993 θάνατον
1047 4939 1157 4991 τῶν
1181 4936 1473 5008 μαρτύρων
1491 4937 1855 5007 προσέτρεχον

281 5037 328 5086 οἱ
354 5037 455 5087 ἄνθ
467 5051 640 5102 ρωποι
667 5037 744 5095 εἰς
768 5036 895 5096 τοὺς
923 5033 1124 5100 τάφους
1167 5032 1259 5082 καὶ
1290 5030 1356 5082 τὰ
1385 5031 1623 5100 μνημεῖα
1653 5029 1852 5092 αὐτῶν,

282 5130 376 5181 καὶ
407 5126 814 5196 δθεραπεύοντο
847 5124 945 5185 τὰς
977 5125 1164 5186 νόσους
1187 5122 1388 5175 αὐτῶν.
1435 5122 1593 5175 Ἀλλὰ
1635 5121 1732 5173 καὶ
1762 5120 1856 5191 μὲ-

281 5221 506 5288 χριτῆς
540 5221 779 5288 σήμερον
821 5216 1026 5286 ἄπειρα
1068 5215 1323 5284 θαύματα
1379 5213 1726 5282 ὲνεργοῦνται
1778 5214 1856 5274 είς

284 5315 408 5374 τοὺς
436 5312 648 5377 τάφους
682 5309 790 5361 τῶν
836 5307 1130 5379 μαρτύρων
1169 5304 1400 5358 καὶτῶν
1439 5304 1612 5358 ἄλλων
1662 5304 1853 5370 ἁγίων,

284 5404 393 5453 τῶν
419 5399 898 5470 πολιτευσαμένων
931 5400 1071 5451 κατὰ
1105 5395 1200 5460 τὰς
1230 5397 1451 5458 ἐντολὰς
1481 5395 1576 5448 τοῦ
1607 5396 1856 5462 Εὑαγγε-

286 5491 425 5554 λίου,
460 5491 591 5542 ἔνθα
622 5489 937 5558 εὑρίσκοντο
959 5487 1224 5557 κείμενοι.
1267 5486 1426 5539 Ἀλλὰ
1454 5486 1546 5538 καὶ
1601 5487 1742 5539 κατὰ
1795 5485 1855 5537 τὸ

357 5687 404 5719 ⁸⁸
443 5684 594 5743 Psal.
625 5706 808 5755 xtvm,
843 5690 924 5743 15.

1957 3193 2087 3248 nisti
2133 3205 2259 3248 ante
2289 3205 2502 3262 tempus
2527 3193 2594 3247 ad
2623 3194 2967 3263 aliligendum
3004 3195 3140 3247 nm?
3180 3209 3199 3242 ι
3235 3193 3350 3248 Non
3385 3192 3531 3246 enim

1959 3303 2102 3342 unus
2133 3295 2342 3340 tantum
2378 3288 2431 3340 in
2469 3286 2691 3340 homine
2727 3296 2844 3340 erat
2886 3287 3158 3348 diabolus,
3210 3287 3305 3342 sed
3349 3285 3532 3354 multi.

1955 3379 2093 3434 Cum
2125 3391 2306 3432 autem
2342 3379 2502 3433 Jesus
2538 3379 2684 3432 hunc
2716 3378 3046 3446 increparet,
3085 3394 3150 3430 rx
3181 3378 3403 3432 homine
3449 3377 3534 3432 di-

1956 3471 2130 3541 gressi
2163 3479 2312 3529 sunt,
2355 3479 2410 3523 et
2443 3471 2660 3524 sanitati
2703 3470 2993 3524 restitutus
3029 3478 3132 3524 est.
3165 3470 3335 3534 Quem
3369 3469 3534 3537 igitur

1957 3563 2102 3617 Deus
2130 3562 2247 3631 ipse
2281 3570 2511 3616 testatus
2563 3570 2666 3626 est,
2723 3577 2885 3630 quem
2919 3559 3356 3629 praedicaverunt
3402 3575 3532 3626 pro-

1959 3653 2159 3722 pheta,
2194 3652 2246 3704 in
2278 3667 2441 3720 quem
2487 3651 2776 3706 universus
2805 3649 2953 3704 orbis
2997 3648 3250 3710 credidit,
3285 3664 3446 3718 quem
3477 3657 3537 3704 et

1956 3743 2058 3813 ipsi
2091 3743 2365 3797 dannones
2395 3742 2524 3796 licet
2553 3742 2706 3795 inviti
2757 3743 2926 3795 Deum
2963 3756 3082 3795 esse
3114 3741 3350 3796 confessi
3379 3751 3529 3809 sunt,

1956 3835 2112 3907 cujus
2139 3849 2341 3888 nomen
2377 3834 2602 3888 horrent
2661 3842 2718 3887 et
2771 3840 3032 3899 tremunt,
3087 3833 3231 3888 hunc
3284 3834 3529 3903 inquam,

1957 3927 2050 3993 qui
2086 3941 2196 3980 non
2237 3925 2589 3990 confiteatur,
2652 3939 2835 3978 nonne
2868 3926 3019 3979 stulti
3048 3936 3177 3980 sunt
3205 3936 3252 3980 et
3285 3927 3533 3982 seducti?

1957 4015 2196 4072 Omnino
2229 4024 2397 4069 certe.
2427 4015 2582 4069 Tune
2612 4015 2796 4084 itaque
2833 4016 3151 4086 implebitur
3185 4018 3240 4071 in
3278 4019 3382 4074 illis
3407 4035 3526 4087 pro-

1957 4106 2232 4177 pheticum
2266 4105 2397 4158 illud
2451 4105 2668 4159 Davidis
2709 4111 2988 4160 oraculum
3019 4121 3033 4160 :
3073 4127 3091 4159 ι
3135 4107 3309 4163 Homo
3347 4110 3398 4163 in
3435 4110 3533 4165 ho-

1957 4214 2092 4252 nore
2133 4198 2424 4260 exsistens,
2460 4213 2566 4250 non
2599 4197 2910 4265 intellexit;
2949 4209 3297 4268 comparatus
3335 4211 3414 4256 est
3438 4203 3530 4272 ju-

1959 4287 2159 4342 mentis
2197 4286 2395 4350 brutis,
2428 4295 2482 4339 et
2510 4287 2700 4341 similis
2724 4287 2809 4342 his
2831 4287 3004 4341 factus
3039 4296 3124 4342 est
3146 4289 3213 4342 δ’.
3254 4308 3272 4342 ι
3303 4290 3366 4343 Ει
3400 4305 3531 4346 sane

1959 4377 2143 4432 felices
2173 4385 2377 4438 essent.
2415 4377 2460 4430 si
2519 4393 2614 4446 pro
2673 4379 2851 4433 brutis
2896 4378 3230 4434 haberentur
3284 4379 3533 4436 animali-

1959 4470 2085 4523 bus.
2138 4467 2264 4522 Hzec
2315 4468 2462 4522 enim
2513 4483 2635 4522 cum
2691 4483 2799 4522 non
2857 4481 3110 4539 peccent,
3158 4487 3259 4527 nec
3313 4488 3530 4543 poenam

1960 4559 2126 4614 etiam
2162 4557 2356 4612 datura
2405 4567 2553 4612 sunt.
2591 4557 2681 4612 Vae
2734 4566 2916 4612 autem
2977 4560 3031 4614 in
3080 4559 3363 4617 Christum
3422 4580 3528 4617 non

1961 4650 2341 4718 credentibus;
2378 4651 2586 4706 utinam
2619 4665 2726 4706 non
2756 4653 2868 4708 nati
2897 4663 3083 4709 essent
3118 4655 3368 4710 homines
3400 4656 3526 4711 isti!

2034 4937 2083 4989 7.
2113 4937 2242 4991 Post
2268 4946 2498 4992 mortem
2537 4953 2666 4992 vero
2696 4948 2993 5009 martyrum
3036 4951 3431 4997 concurrerunt
3459 4945 3527 4999 ad

1960 5027 2233 5094 sepulcra,
2258 5035 2312 5080 et
2349 5038 2704 5080 monumenta
2739 5027 2931 5080 horum
2961 5027 3233 5092 homines,
3265 5038 3321 5083 et
3352 5033 3526 5086 sanati

1960 5127 2088 5172 sunt
2118 5133 2146 5170 a
2183 5116 2389 5171 morbis
2433 5118 2570 5172 suis.
2606 5116 2871 5172 Caeterum
2901 5135 3072 5189 usque
3104 5120 3168 5174 ad
3205 5123 3528 5178 hodiernum

1962 5210 2107 5264 diem
2136 5209 2346 5263 inﬁnita
2371 5209 2611 5262 eduntur
2645 5209 2904 5263 miracula
2929 5211 3071 5266 eirea
3103 5215 3353 5284 sepulcra
3386 5233 3540 5269 mar--

1963 5309 2168 5371 tyrum,
2200 5310 2253 5355 et
2299 5300 2530 5353 aliorum
2583 5308 2918 5367 sanctorum,
2949 5305 3040 5372 qui
3071 5306 3218 5376 juxm
3249 5306 3528 5378 Evangelii

1962 5400 2232 5461 pra‘cepta
2281 5392 2447 5446 vitam
2504 5407 2656 5446 suam
2707 5391 3086 5450 instituerunt.
3131 5397 3272 5464 Quin
3302 5409 3356 5453 et
3389 5417 3532 5455 tiunc

1964 5485 2184 5540 modum
2219 5501 2327 5541 non
2357 5485 2561 5540 habent
2605 5483 2695 5538 Dei
2728 5485 2994 5555 homines,
3049 5491 3140 5559 qui
3180 5493 3371 5546 salutis
3419 5505 3533 5547 stu-
