3970 6212
451 272 556 337 515

1605 269 1928 355 JOANNIS
1961 260 2489 330 CANTACUZENI
3529 280 3627 343 Filii

448 385 587 439 ιίίοεί
623 393 770 449 sunt,
804 393 851 438 et
890 383 1106 453 quidam
1149 389 1314 451 agunt
1346 382 1398 434 in
1431 381 1727 434 montibus.
1778 380 1853 434 illi
1886 395 2016 434 vero

2138 384 2313 452 imp?”
2372 382 2470 434 οὐκ
2519 380 2700 451 ἔχουσι
2736 380 2931 453 μέτρον
2986 382 3035 435 οἱ
3084 382 3171 436 τοῦ
3215 384 3339 440 Θεοῦ
3387 388 3621 462 ἂνθρωποι

374 512 377 515 »
453 479 506 530 in
534 477 830 546 speluncis,
866 477 954 530 alii
981 490 1104 528 cum
1141 461 1456 527 hominibus
1502 481 1920 537 conversantur,
1967 481 2023 525 et

450 568 706 620 virtutem
749 566 953 617 habent
981 561 1390 632 potentiamque
1423 561 1620 615 edendi
1657 561 1936 614 miracula.
1965 568 2021 613 et

393 679 401 687 ι
450 658 640 711 edunt.
671 654 808 719 Quid
842 668 969 707 vero
1018 651 1115 705 tibi
1168 651 1421 705 videtur?
1472 650 1612 705 Num
1666 658 1894 720 propter
1929 648 2026 702 ial-

450 761 596 807 sum,
648 745 855 806 ﬁctum,
909 754 965 795 et
1014 742 1180 796 fucati
1225 743 1317 797 Dei
1353 757 1550 795 nomen
1585 750 1912 811 c00peratus
1942 748 2035 792 cst.

453 835 742 890 duodecim
773 834 1033 903 apostolis
1066 833 1226 899 Deus,
1256 833 1490 888 indoctis
1520 834 1647 895 illis,
1680 840 1735 886 et
1766 831 2024 894 rudibus;

453 942 550 994 per
600 926 812 979 intinita
848 925 1133 985 miracula,
1178 934 1234 980 et
1264 924 1533 979 convertit
1581 925 1899 1000 universum
1939 939 2028 977 orv

456 1016 576 1071 hem
602 1016 666 1069 ad
706 1016 864 1070 (idem
895 1014 1120 1078 Christi,
1154 1024 1210 1070 et
1234 1015 1328 1070 Dei
1364 1014 1754 1083 cognitionem,
1788 1017 2029 1069 frenum-

454 1125 563 1178 que
596 1108 783 1178 injecit
814 1108 1130 1161 rhetoribus
1152 1117 1206 1159 ct
1247 1106 1590 1176 philosophis
1616 1106 1638 1158 ?
1668 1106 1734 1159 Et
1763 1106 1885 1174 quis
1918 1114 2025 1157 tam

455 1201 624 1254 misi'r
654 1204 746 1268 qui
782 1200 884 1252 hoc
918 1198 1151 1253 dixerit?
1198 1198 1557 1252 Nobilissima:
1607 1198 1751 1252 enim
1781 1197 2024 1249 oumium

456 1301 836 1344 creaturarum
884 1300 1032 1349 sunt,
1067 1287 1290 1357 angelus
1321 1300 1376 1341 et
1425 1287 1610 1339 homo.
1657 1284 1924 1340 C:eterum
1973 1294 2030 1339 et

456 1382 705 1452 angelus,
756 1396 879 1435 cum
925 1381 1109 1433 animo
1138 1395 1238 1433 suo
1271 1380 1613 1434 divinitatem
1658 1376 1953 1438 allectarct,
1999 1391 2029 1430 a

2125 475 2175 527 οἱ
2211 471 2636 541 ἐπιμελούμενοι
2673 473 2773 542 τῆς
2834 474 3126 543 σωτηρίας,
3174 478 3263 529 καὶ
3286 479 3330 529 οἱ
3382 480 3467 547 μὲν
3501 484 3623 553 εὗρε.

2128 582 2349 619 σκονται
2376 567 2455 627 είς
2487 568 2552 616 τὰ
2580 564 2702 634 ὅρη,
2727 565 2775 617 oi
2806 564 2958 625 δὲεῐς
2982 566 3047 620 τὰ
3086 568 3335 639 σπήλαια,
3364 572 3408 624 οί
3432 572 3483 624 δὲ
3511 578 3625 642 μετᾶ

2125 660 2234 713 τῶν
2261 659 2585 728 ἀνθρώπων,
2613 660 2706 710 καὶ
2757 659 2939 728 ἔχουσι
2966 658 3188 727 δύναμιν
3244 660 3333 713 καὶ
3374 662 3510 732 ἰσχὺν
3534 684 3627 718 ποια

2126 750 2259 820 ἧσαι
2311 750 2567 819 θαύματα
2617 750 2713 802 καὶ
2776 749 3040 802 ποιοῦσιν.
3075 745 3214 819 Ἀρα
3255 752 3303 804 τί
3354 768 3429 805 σοι
3476 754 3621 812 armi;

2129 843 2357 897 Ἕνεκεν
2381 842 2616 912 ψευδοῦς
2648 843 2743 895 καὶ
2773 842 3155 911 πεπλασμένον
3184 844 3269 895 καὶ
3298 843 3516 898 ἀντιθέου
3540 846 3621 897 ὀνό-

2132 948 2300 1001 ματος
2328 935 2671 1000 συνήργησεν
2720 931 2748 981 6
2774 930 2905 992 Bel;
2954 933 3066 992 τοῖς
3098 929 3295 983 δώδεκα
3341 931 3621 995 ἀποστόῖοττ,

2129 1026 2243 1083 τοῖς
2278 1021 2517 1089 ἀμαθέσι
2549 1023 2644 1073 καὶ
2677 1022 2953 1089 ἀγροίκοις
3005 1020 3090 1073 διὰ
3126 1020 3230 1071 τῶν
3279 1021 3497 1092 ἀπείρων
3529 1023 3629 1075 Bau-

2134 1114 2341 1181 μάτων,
2373 1112 2467 1165 καὶ
2526 1111 2868 1180 ἐπέστρεψαν
2905 1111 3085 1163 πᾶσαν
3134 1110 3226 1178 τὴν
3255 1112 3543 1179 οἰκουμένην
3568 1116 3629 1173 εἰς

2130 1206 2229 1271 τὴν
2263 1203 2355 1259 τοῦ
2398 1201 2635 1270 Χριστοῦ
2692 1203 2873 1255 πίστιν
2928 1202 3020 1254 καὶ
3047 1200 3143 1269 τὴν
3196 1202 3516 1269 θεογνωσίαν,
3557 1207 3632 1257 καὶ

2132 1293 2496 1361 ἐπεστόμιζον
2522 1294 2649 1354 τοὺς
2685 1294 2921 1363 ῥήτορας
2948 1293 3041 1344 καὶ
3073 1293 3416 1361 φιλοσόφουςς
3444 1292 3540 1345 Kal
3567 1293 3633 1353 τίς

2131 1384 2303 1442 οὕτως
2334 1384 2541 1448 ἄθλιος,
2577 1384 2725 1445 ὅστις
2752 1385 2897 1437 εἴποι
2927 1384 3093 1446 ali-:6;
3142 1384 3246 1435 Kal
3273 1387 3375 1450 γὰρ
3396 1382 3455 1435 τά
3479 1382 3638 1450 τιμιώ-

456 1474 673 1544 propria
714 1474 887 1543 gloria
927 1472 1147 1534 excidit,
1180 1481 1233 1525 et
1256 1488 1322 1525 ex
1357 1470 1550 1540 angelo
1581 1468 1832 1524 diabolus
1856 1469 2032 1522 lactus

456 1578 563 1631 est,
601 1576 746 1618 etcx
799 1565 918 1618 lucc
964 1565 1019 1617 in
1065 1564 1319 1617 tenebras
1370 1570 1630 1615 mutatus.
1674 1560 1937 1614 Similiter
1977 1569 2033 1612 et

2138 1562 2472 1630 θᾶνθρωπός
2521 1563 2680 1615 εἰσιν.
2722 1561 2882 1613 Ἀλλά
2905 1563 2999 1614 καὶ
3024 1563 3051 1615 6
3090 1558 3312 1629 ἄγγελος
3360 1562 3639 1631 ἐνθυμηθεὶς

457 1654 645 1719 homo,
684 1670 808 1707 cum
850 1664 1071 1714 sanctus
1105 1660 1272 1716 esset,
1309 1660 1367 1706 et
1402 1651 1714 1720 paradisum
1748 1651 2028 1712 incoleret,

2138 1655 2391 1722 γενέσθαι
2444 1654 2602 1719 Θεὸς,
2629 1653 2852 1720 ἐξέπεσε
2877 1656 2973 1723 τῆς
3004 1655 3209 1715 οἰκείας
3237 1655 3405 1723 δόξης,
3439 1655 3521 1707 καὶ
3544 1656 3640 1707 ἀντὶ

457 1756 747 1816 postquam
783 1745 1125 1798 divinitatem
1153 1744 1410 1798 affectare
1438 1742 1631 1811 coepit,
1674 1756 1739 1794 en
1772 1741 1953 1821 statim
1998 1756 2030 1795 θ

2138 1719 2371 1814 ἀγγέλου
2409 1746 2627 1810 ἐγένετο
2653 1719 2941 1809 διάϐολος.-
2969 1748 3064 1800 καὶ
3098 1748 3218 1800 ἀντὶ
3258 1719 3424 1816 φωτὸς
3462 1746 3645 1813 ἐγένετο

457 1851 648 1895 saneto
686 1850 936 1907 peccator
972 1838 1302 1906 comparuit,
1344 1845 1400 1891 et
1444 1836 1698 1906 paradiso
1745 1835 2026 1905 expulsus,

2138 1837 2345 1898 σκότος.
2370 1837 2445 1890 Τὸ
2474 1838 2603 1891 αὐτὸ
2631 1841 2722 1893 καὶ
2762 1840 2790 1890 6
2820 1840 3107 1908 ἄνθρωπος
3147 1840 3294 1908 ἅγιος
3330 1838 3421 1905 ὢν,
3469 1841 3555 1893 καὶ
3578 1841 3642 1891 ὲν-

460 1930 526 1982 ad
576 1938 735 1982 terra:
769 1929 1040 1982 culturam
1078 1928 1475 1981 condemnatus
1505 1936 1607 1981 est.
1646 1927 1727 1988 Et,
1760 1925 1903 1995 quod
1946 1940 2034 1978 ca-

2138 1929 2225 1991 τὸς
2254 1929 2349 1980 τοῦ
2385 1929 2720 1997 παραδείσου
2745 1930 3160 2000 εὑρισκόμενος.
3195 1930 3489 1999 ἐπεθύμησε
3518 1932 3648 1998 γενέο

457 2019 930 2073 lamitosissimum
982 2028 1084 2083 est,
1128 2019 1223 2086 qui
1269 2018 1591 2071 immortalis
1637 2027 1757 2071 erat
1794 2026 2031 2080 creatus,

2138 2016 2259 2068 σθαι
2295 2015 2448 2079 Θεὸς,
2487 2017 2579 2067 καὶ
2608 2017 2887 2086 παρευθὺς
2910 2016 3035 2070 ἀντὶ
3074 2017 3169 2069 τοῦ
3216 2012 3352 2071 εἶναι
3396 2017 3534 2083 ἅγιος
3575 2018 3647 2067 £6-

459 2111 625 2164 πιοτιί
670 2110 951 2179 subjectus
978 2118 1080 2173 cst,
1116 2118 1172 2163 et
1203 2109 1413 2164 audivit
1455 2127 1470 2163 :
1507 2128 1525 2160 ι
1560 2108 1617 2162 In
1664 2110 1863 2162 sudore
1911 2108 2035 2161 vul-

461 2213 550 2255 tus
569 2201 645 2255 tui
666 2201 921 2255 eomedes
941 2215 1134 2270 panem
1165 2208 1355 2253 tuum:
1381 2216 1400 2249 ι
1435 2207 1491 2253 et
1516 2217 1533 2250 ι
1555 2198 1691 2264 Quia
1712 2208 1851 2252 terra
1872 2212 1952 2258 es,
1981 2197 2033 2249 in

460 2303 663 2347 terrain
699 2291 1077 2347 reverteris“.
1110 2309 1128 2341 ι
1160 2290 1262 2345 Sed
1290 2288 1418 2359 quid
1446 2287 1513 2342 de
1539 2288 1729 2358 angelo
1748 2294 1802 2339 ct
1831 2286 2036 2339 Adamo

457 2385 721 2447 dicimus,
767 2384 910 2453 quod
980 2396 1204 2453 propter
1276 2380 1582 2434 divinitatis
1636 2376 2034 2432 all‘ectatinnem

466 2478 580 2530 haec
608 2475 766 2529 modo
795 2475 940 2528 dicta
969 2473 1111 2541 passi
1144 2473 1277 2533 sint,
1309 2486 1435 2526 cum
1470 2471 1555 2523 vel
1582 2470 1638 2522 hi
1676 2469 1768 2538 qui
1801 2467 1931 2521 Mosi
1979 2484 2036 2521 se

462 2580 741 2634 opponere
786 2564 1082 2626 audebant,
1119 2572 1174 2617 et
1207 2562 1492 2615 incensum
1526 2561 1634 2613 Deo
1666 2559 1866 2613 ol‘lerre
1914 2559 2040 2612 reli-

461 2656 638 2725 gionis
665 2656 859 2725 gratia,
890 2655 1034 2723 quod
1065 2668 1172 2706 non
1210 2652 1337 2717 illis,
1364 2652 1458 2705 sed
1483 2652 1613 2706 solis
1637 2650 1835 2705 licebat
1856 2666 2039 2704 sacer-

464 2746 711 2810 dotibus,
743 2756 902 2799 terrac
930 2745 1081 2799 hiatu
1113 2752 1303 2813 aperto
1343 2742 1585 2810 absorpti
1639 2743 1748 2795 sint
1784 2759 1796 2793 :
1828 2741 2035 2795 Dathan

464 2837 747 2900 nimirum,
784 2836 1015 2897 Abiron,
1046 2843 1100 2889 et
1145 2834 1326 2888 Core?
1366 2833 1605 2887 Emicuit
1633 2833 1797 2885 etiam
1838 2832 1977 2902 ignis
2008 2846 2039 2885 e

468 2938 637 2988 terra,
682 2935 738 2980 et
761 2926 1065 2981 combussit
1090 2923 1341 2993 Ophnem
1375 2932 1429 2977 et
1460 2923 1713 2977 Phinces.
1754 2920 2034 2976 Sacriﬁca-

2143 2919 2411 2989 θυμιάσαι
2438 2919 2514 2990 τῷ
2544 2920 2661 2989 Θεῷ
2686 2920 2930 2983 δουλείας
2970 2922 3156 2993 χάριν,
3190 2921 3277 2975 διὰ
3307 2922 3365 2974 τὸ
3400 2908 3471 2991 μῆ
3494 2919 3663 2984 ὲξεῖναι

464 3020 544 3073 vit
571 3018 730 3074 Ozias
754 3018 1067 3073 Iudaeorum
1097 3032 1214 3082 rex,
1251 3024 1305 3069 et
1336 3015 1619 3084 repentina
1658 3015 1803 3082 lepra
1844 3014 2034 3067 multau

2144 3014 2326 3075 αὐτοῖς
2369 3013 2635 3082 θυμιᾶσαι
2658 3014 2772 3067 ἀλλ’
2812 3014 2844 3084 ἢ
2877 3014 3060 3083 μόνοις
3085 3017 3199 3077 τοῖς
3242 3013 3487 3083 ἱερεῦσιν.
3510 3008 3666 3079 ἠνοίχ-

466 3121 556 3166 tus
583 3120 688 3165 est.
725 3110 891 3165 Vides
918 3109 1105 3178 igitur,
1131 3118 1192 3162 ut
1220 3122 1345 3161 cum
1378 3121 1540 3160 omne
1571 3114 1854 3175 peccatum
1899 3106 2034 3159 Deus

2144 3101 2209 3172 οη
2251 3104 2283 3171 ἡ
2320 3102 2414 3171 γῆ,
2446 3104 2540 3157 καὶ
2566 3103 2799 3156 κατέπιε
2826 3104 2916 3156 τὸν
2944 3104 3125 3158 Δαθὰν
3163 3106 3260 3157 καὶ
3307 3104 3392 3157 τὸν
3441 3098 3667 3166 ’Λῦειρὼν

464 3206 532 3259 ad
581 3214 796 3272 tempus
826 3202 973 3256 ferre
1018 3201 1210 3263 soleat,
1241 3208 1293 3254 et
1326 3200 1626 3273 peccatoris
1660 3198 2034 3267 paenitentiam

2145 3197 2239 3249 καὶ
2271 3196 2363 3248 τὸν
2405 3196 2563 3266 Κορὲ.
2604 3194 2828 3264 Ἐξῆλθε
2857 3195 2968 3267 πῦρ
3013 3196 3125 3249 ἀπὸ
3147 3197 3244 3267 τῆς
3277 3196 3396 3265 γῆς,
3422 3193 3508 3265 καὶ
3532 3188 3667 3243 κατέ-

466 3292 809 3360 exspectare,
852 3290 993 3344 hanc
1025 3290 1197 3344 solam
1238 3288 1516 3342 audaciam
1541 3302 1649 3339 non
1687 3286 1809 3346 fert,
1851 3286 1946 3340 sed
1977 3303 2034 3340 eo

2143 3303 2314 3339 καυσε
2371 3287 2461 3338 τὸν
2554 3287 2736 3354 Ὀφνεὶ
2794 3286 2888 3339 καὶ
2978 3288 3189 3351 Φινεές.
3247 3285 3354 3341 Kal
3415 3281 3669 3351 ὲθυμίασεν

468 3383 588 3451 ipso
623 3388 902 3435 momento
944 3380 1040 3434 Dei
1085 3378 1393 3449 indignatio
1422 3386 1478 3433 et
1507 3378 1586 3431 ira
1625 3378 1679 3430 in
1729 3377 2034 3448 hujusmodi

2153 3378 2336 3442 Ὀζίας
2366 3377 2525 3430 ὁτῶν
2572 3378 2844 3431 Ἰουδαίων
2903 3378 3186 3447 βασιλεὺς.
3249 3377 3381 3430 ἀλλὰ
3423 3371 3666 3443 παρευθὺς

469 3474 766 3529 audentem
799 3472 1095 3528 oboritur?

2146 3468 2453 3538 ἐλεπρῶθη.
2490 3469 2719 3532 Βλέπεις
2753 3470 2871 3533 πῶς
2912 3472 3094 3541 πάσης
3132 3471 3405 3541 ἁμαρτίας
3452 3468 3673 3532 ἀνέχεται

460 3568 493 3618 6
518 3565 669 3628 Θεὸς.
703 3565 795 3617 καὶ
825 3566 1087 3633 καρτερεῖ
1113 3563 1213 3627 τὴν
1246 3562 1340 3616 τοῦ
1373 3561 1700 3633 ἁμαρτωλοῦ
1755 3563 2068 3631 μετάνοιαν,
2104 3564 2309 3633 ταύτην
2361 3563 2418 3615 δὲ
2476 3566 2574 3635 τὴν
2606 3564 2814 3633 τόλμαν
2843 3566 2945 3617 οὐκ
2974 3565 3251 3634 ἀνέχεται,
3302 3562 3434 3617 ἀλλὰ
3458 3561 3563 3614 κατ’
3591 3560 3673 3611 a6-

460 3661 566 3730 τὴν
612 3659 711 3730 τὴν
759 3657 907 3728 ὥραν
971 3658 1189 3727 ἔρχεται
1240 3657 1274 3726 ἡ
1331 3656 1426 3709 τοῦ
1466 3655 1604 3708 Θεοῦ
1636 3654 2011 3723 ἀγανάκτησις
2051 3655 2145 3710 καὶ
2178 3655 2315 3728 ὀργὴ
2348 3657 2428 3718 εἰς
2466 3656 2558 3709 τὸν
2596 3655 2661 3708 τὰ
2692 3655 2917 3709 τοιαῦτα
2947 3657 3271 3726 τολμῶντας

2131 1489 2263 1542 τερα
2288 1474 2591 1541 πράγματα
2633 1472 2851 1538 ἀπάσης
2880 1471 2979 1540 τῆς
3006 1472 3239 1535 κτίσεως
3274 1472 3301 1523 6
3331 1470 3533 1539 ἄγγελος
3561 1472 3637 1521 καὶ

2140 2107 2268 2177 ρέθη
2295 2104 2641 2177 ἁμαρτωλός.
2697 2107 2809 2161 Καὶ
2865 2107 3151 2177 ἐκϐληθεὶς
3206 2108 3296 2161 τοῦ
3340 2107 3650 2178 παραδείσου.

2136 2199 2501 2269 κατεδικάσθη
2532 2199 2863 2268 ἐργάζεσθαι
2899 2200 2998 2266 τὴν
3024 2199 3151 2268 γῆν.
3178 2200 3279 2255 Kal
3302 2200 3359 2252 τὸ
3384 2199 3443 2271 δὴ
3475 2202 3648 2269 χεῖρον.

2149 2286 2228 2338 ὅτι
2261 2285 2527 2348 ἀθάνατος
2565 2286 2804 2350 κτισθεὶς
2865 2286 3140 2357 παρεδόθη
3188 2288 3264 2350 είς
3309 2286 3536 2349 θάνατον,
3577 2287 3653 2336 καί

2137 2376 2367 2446 ῆκουσεν
2394 2377 2475 2429 ὅτι
2513 2394 2532 2427 ι
2589 2377 2676 2429 Ἐν
2704 2378 2892 2445 ίδρῶτι
2922 2376 3015 2430 τοῦ
3057 2376 3343 2447 προσώπου
3390 2394 3476 2429 σου
3531 2375 3653 2444 φάγῃ

2136 2466 2226 2518 τὸν
2254 2466 2416 2533 ἄρτον
2440 2483 2556 2528 σου,
2590 2484 2610 2518 ι
2649 2467 2739 2518 καὶ
2766 2468 2849 2519 ὅτι
2892 2483 2910 2517 ι
2940 2466 3013 2536 Γῆ
3070 2463 3145 2532 ei,
3194 2469 3287 2520 καὶ
3330 2466 3401 2528 είς
3429 2465 3525 2533 γῆν
3568 2465 3653 2515 ἀπ-

2138 2557 2353 2630 ελεύσῃ.
2395 2575 2411 2608 ι
2465 2558 2573 2611 Καὶ
2618 2557 2670 2609 τί
2716 2557 2857 2626 λέγω
2904 2559 3031 2630 περὶ
3069 2558 3164 2612 τοῦ
3217 2558 3435 2627 ἀγγέλου
3475 2556 3557 2609 καὶ
3581 2553 3657 2606 τοῦ

2152 2649 2345 2719 Ἀδὰμ,
2380 2649 2461 2701 ὅτι
2507 2648 2946 2720 ἐπιθυμήσαντες
2997 2651 3251 2719 γενέσθαι
3310 2649 3437 2715 θεοὶ,
3492 2645 3659 2699 ἔπαθον

2139 2738 2239 2791 ὅσα
2272 2739 2537 2807 είπομενς
2570 2738 2703 2791 ἀλλὰ
2739 2740 2831 2793 καὶ
2884 2740 2977 2792 ἐπὶ
3030 2741 3127 2793 τοῦ
3155 2739 3447 2802 Μωῦσέως,
3489 2738 3659 2804 τολμη-

2144 2830 2356 2881 σάντων
2390 2828 2552 2881 τινῶν
2601 2830 2824 2897 ποιῆσαι
2879 2828 2914 2883 ἃ
2952 2831 3025 2900 μὴ
3063 2830 3227 2900 Θέμις
3287 2832 3474 2891 ποιεῖν,
3521 2828 3661 2896 ἤγουν

540 3797 595 3852 8.
647 3794 1102 3863 Quandoquidem
1136 3793 1321 3863 igitur,
1370 3801 1432 3847 ut
1469 3794 1903 3848 demonstratum
1933 3803 2040 3860 εει,

466 3889 611 3943 ῡιςιιε
666 3886 930 3954 apostolis
986 3894 1312 3953 occperatus
1362 3893 1467 3949 est,
1503 3893 1560 3938 et
1594 3886 1945 3955 martyribus,
1983 3886 2038 3941 in

471 3978 595 4031 ﬁdei
622 3976 950 4031 Christianae
979 3975 1506 4042 comprobationem,
1538 3976 1629 4045 qui
1666 3978 1719 4030 in
1755 3976 2037 4031 Christum

2217 3795 2287 3867 η’.
2328 3798 2480 3851 Ἐπεὶ
2514 3797 2665 3864 γοῦν,
2698 3798 2773 3860 ὡς
2804 3798 3205 3863 ἀποδέδεικται,
3230 3800 3359 3861 Θεδς
3380 3792 3443 3865 ἦν
3464 3799 3491 3849 6
3515 3812 3677 3863 συνερ-

2145 3887 2259 3954 γῶν
2291 3887 2405 3946 τοῖς
2428 3900 2486 3937 τε
2517 3885 2841 3948 ἀποστόλοις
2890 3887 2985 3938 καὶ
3026 3886 3304 3957 μάρτυσιν
3353 3887 3430 3947 είς
3482 3884 3571 3952 τὴν
3596 3881 3674 3933 τοῦ

2147 3975 2387 4046 Χριστοῦ
2411 3974 2617 4043 πίστιν,
2649 3979 2678 4029 6
2708 3976 2783 4047 μὴ
2808 3977 3087 4031 πιστεύων
3122 3980 3207 4042 είς
3229 3980 3320 4032 τὴν
3353 3976 3590 4048 Χριστὸν,
3624 3973 3677 4025 οὐ

470 4085 579 4123 non
609 4065 807 4129 credit,
837 4080 948 4119 non
981 4065 1156 4120 credit
1188 4065 1320 4119 Deo.
1343 4065 1433 4119 Sic
1467 4066 1614 4119 enim
1647 4067 1759 4135 ipse
1789 4066 2034 4122 Christus

2145 4070 2561 4140 πιστεύειΘεῷ.
2618 4070 2776 4123 Οὕτω
2810 4070 2939 4139 γὰρ.
2972 4071 3069 4124 καὶ
3119 4074 3147 4125 6
3196 4072 3425 4142 Χριστὸς
3478 4070 3531 4121 ὲν
3583 4067 3676 4124 τοῖς

470 4161 525 4212 in
562 4156 872 4226 Evangeliis
907 4156 1045 4210 dixit
1088 4174 1100 4210 :
1143 4174 1161 4207 ι
1205 4156 1308 4222 Qui
1362 4173 1469 4211 non
1508 4158 1687 4212 credit
1739 4158 1894 4225 Filio,
1944 4174 2034 4214 nec

2146 4159 2505 4229 Εὑαγγελίοις
2546 4162 2801 4231 εἴρηκεν,
2850 4163 2931 4214 ὅτι
3000 4181 3019 4213 ι
3076 4162 3137 4217 '0
3171 4165 3247 4231 μὴ
3316 4161 3571 4215 πιστεύων
3615 4155 3678 4225 τῷ

471 4248 617 4303 Patri
668 4248 865 4313 credit,
896 4266 914 4298 ι
945 4256 1050 4302 et:
1096 4265 1114 4297 ι
1169 4246 1271 4312 Qui
1304 4262 1409 4301 non
1464 4247 1627 4302 habet
1676 4248 1895 4313 Filium,
1943 4264 2034 4304 nec

2146 4250 2277 4319 Υίῴ,
2301 4248 2422 4301 οὐδὲ
2442 4248 2518 4317 τῷ
2541 4248 2765 4318 Πατρὶ,ι
2796 4250 2941 4316 καὶ,‹
2963 4248 3020 4303 '0
3040 4251 3118 4323 μὴ
3134 4252 3277 4320 ἔχων
3296 4253 3407 4317 τὸν,
3434 4250 3562 4311 ι’ίὸν,
3578 4246 3674 4297 οὐδὲ

471 4340 688 4393 Patrem
721 4341 906 4394 habet.
950 4357 968 4390 ι
1009 4338 1162 4404 Quod
1194 4338 1238 4393 si
1279 4338 1444 4408 igitur
1490 4338 1743 4395 Christus
1775 4356 1882 4393 non
1925 4348 2034 4393 erat

2147 4341 2239 4395 τὸν
2258 4342 2477 4409 Πατέρα
2511 4340 2646 4410 ἔχει.
2681 4359 2699 4391 ι
2735 4340 2910 4411 Εἴπερ
2955 4341 3086 4407 γοῦν
3121 4343 3227 4395 οὑκ
3278 4339 3348 4413 ἦν
3402 4344 3430 4395 6
3480 4337 3675 4409 Χριστὶς

472 4435 639 4499 Deus,
686 4448 788 4487 nec
819 4433 915 4487 Dei
952 4430 1150 4498 Filius,
1182 4432 1278 4487 sed
1317 4432 1625 4486 temeritate
1650 4431 1883 4501 quadam
1927 4431 2034 4486 hazc

2148 4432 2276 4494 Θεὸς
2304 4434 2395 4484 καὶ
2424 4432 2557 4484 Θεοῦ
2588 4432 2736 4497 Υἱὸς,
2765 4432 2904 4486 ἀλλὰ
2939 4433 3155 4502 τολμῶν
3183 4435 3339 4501 ἔλεγε
3387 4432 3567 4495 ταῦτα,
3594 4428 3674 4481 οὐκ

473 4526 656 4578 dicere
679 4541 845 4592 ausus
869 4523 996 4585 fuit,
1032 4538 1212 4578 annon
1247 4524 1434 4578 eadem
1469 4523 1577 4595 pati
1609 4523 1862 4587 debebat,
1920 4537 2034 4592 qua

2148 4525 2339 4590 ἔμελλε
2368 4522 2583 4585 παθεῖν,
2608 4524 2750 4595 ἀπερ
2810 4524 3011 4577 ἔπαθεν
3059 4526 3088 4579 ὃ
3138 4544 3200 4578 τε
3232 4526 3476 4588 διάϐολος
3525 4521 3603 4575 καὶ
3647 4517 3671 4569 ὁ

474 4618 725 4672 diabolus
752 4627 810 4672 et
839 4616 1010 4671 Adam
1049 4617 1191 4685 passi
1245 4616 1405 4671 sunt?
1436 4615 1541 4671 Sed
1578 4631 1701 4670 cum
1729 4616 1872 4670 Deus
1899 4624 2034 4670 esset

2160 4613 2360 4682 Ἀδάμς
2379 4613 2540 4667 Ἀλλά
2572 4613 2705 4678 Θεὸς
2732 4613 2808 4668 ὢν
2840 4614 3109 4684 ἀληθινὸς,
3144 4617 3302 4685 ἔλεγε
3336 4614 3569 4684 καθαρῶς
3594 4608 3668 4659 καὶ

472 4724 659 4775 verus,
703 4720 891 4779 aperte
932 4723 1126 4762 omnes
1165 4707 1374 4772 docuit,
1430 4719 1487 4759 ut
1533 4723 1721 4775 puram
1760 4708 2034 4760 veritatem

2150 4705 2397 4760 ἐδίδασκε
2420 4708 2529 4768 τοῖς
2556 4708 2746 4767 πᾶσιν,
2797 4708 2883 4761 ἴνα
2934 4708 3107 4775 γνῶσι
3139 4710 3403 4779 καθαρῶς
3456 4707 3546 4775 τὴν
3565 4700 3674 4770 ἀλή⁶

472 4807 859 4870 agnoscerent,
882 4801 1014 4868 quin
1042 4799 1223 4868 potius
1242 4798 1388 4852 illius
1404 4797 1768 4851 divinitatem.
1790 4798 2034 4863 Quando-

2150 4794 2327 4858 θείαν,
2367 4795 2567 4865 μᾶλλον
2593 4796 2647 4849 δὲ
2699 4796 2798 4866 τὴν
2857 4797 3024 4851 αὑτοῦ
3088 4799 3346 4868 θεότητα,
3386 4798 3526 4851 Ἐπεὶ
3570 4788 3679 4860 γοῦν

476 4891 699 4960 quidem
744 4890 911 4960 igitur
945 4890 1103 4960 plane
1141 4900 1196 4945 et
1241 4890 1582 4945 conﬁdenter
1614 4903 1672 4943 se
1720 4888 1887 4943 Deum
1928 4904 2034 4943 εδει

2144 4887 2356 4956 τρανῶς
2396 4889 2491 4940 καὶ
2520 4892 3096 4959 πεπαρῤησιασμένως
3129 4890 3342 4959 ἔλεγεν,
3387 4890 3468 4944 ὅτι
3518 4904 3535 4939 ι
3571 4880 3683 4943 Θεό(

479 4982 638 5049 dixit,
674 4993 732 5037 ct
761 4980 961 5036 Filium
1007 4984 1102 5038 Dei
1131 4982 1379 5038 altissimi
1409 4982 1476 5046 “,
1514 4996 1616 5037 nec
1646 4982 1698 5035 in
1729 4981 2034 5036 absconditt

2147 4978 2262 5044 εἰμι
2281 4976 2374 5028 καὶ
2395 4976 2518 5039 Υἱὸς
2541 4976 2633 5031 τοῦ
2654 4977 2785 5029 Θεοῦ
2808 4977 2901 5030 τοῦ
2926 4978 3172 5046 ὑψίστου,
3187 4999 3205 5032 ι
3226 4982 3323 5034 καὶ
3344 4980 3444 5033 οὐκ
3466 4980 3520 5031 ὲν
3534 4986 3685 5039 παρα-

478 5086 535 5128 et
561 5075 758 5145 angulo
782 5075 1039 5136 obscuro.
1069 5075 1163 5130 sed
1193 5076 1246 5128 in
1270 5074 1450 5129 medio
1470 5073 1715 5128 omnium
1748 5072 1852 5126 hoc
1876 5073 2044 5128 dixit:

481 5182 604 5220 cum
653 5167 890 5236 denique
927 5178 980 5220 et
1016 5169 1131 5237 ipse
1176 5166 1449 5220 Mahomet
1500 5180 1800 5235 omnesque
1841 5165 2045 5219 Musul-

480 5259 628 5313 mani
662 5259 1028 5313 conﬁteantur
1073 5259 1348 5314 Christum
1379 5258 1617 5313 Verbum
1669 5258 1762 5311 Dei
1798 5272 1939 5322 esse,
1986 5266 2043 5311 et

482 5350 747 5419 Spiritum
778 5350 893 5413 Dei,
925 5358 980 5403 et
1013 5350 1247 5405 animam
1280 5349 1399 5412 Dei,
1434 5364 1625 5403 omnes
1650 5347 1814 5403 etiam
1845 5348 2046 5401 Musul-

480 5441 625 5494 maui
659 5441 759 5495 hac
787 5441 1049 5509 religione
1084 5450 1359 5504 tenentur,
1399 5448 1457 5493 ut
1488 5440 1606 5495 sine
1637 5441 1784 5494 omni
1832 5439 2047 5493 duhita-

576 5645 620 5675 ⁸³
657 5644 792 5697 Gen.
820 5661 899 5708 ιιι,
935 5646 1021 5712 IS,
1056 5645 1140 5700 19.
1250 5648 1293 5679 ’⁵⁵
1336 5647 1523 5703 Matth.
1556 5658 1633 5713 Iit,
1668 5650 1770 5714 l7;
1804 5665 1934 5713 xvn,
1964 5651 2014 5703 Ξῖ.

1424 5817 1453 5849 Δ

2155 5069 2339 5139 ϐύστῳ
2380 5071 2476 5124 καὶ
2502 5071 2677 5142 γωνίᾳ
2710 5070 2892 5139 ἔλεγεν
2915 5071 3068 5138 αὐτὶ),
3102 5072 3245 5126 ἀλλὰ
3284 5066 3446 5145 μέσον
3470 5067 3685 5125 πάντων,

2155 5160 2408 5229 ὁμολογεῖ
2431 5161 2488 5216 δὲ
2531 5164 2658 5233 περὶ
2683 5162 2876 5216 τούτου
2903 5165 2930 5216 6
2964 5163 3240 5233 Μωάμεθ,
3322 5164 3415 5216 καὶ
3441 5159 3624 5215 πάντες
3644 5151 3686 5203 οί

2151 5253 2589 5323 Μουσουλμάνοι,
2620 5255 2700 5307 ὃτι
2722 5255 2893 5322 Λόγος
2926 5256 3060 5309 Θεοῦ
3100 5258 3251 5309 ἐστιν
3279 5257 3307 5308 6
3340 5249 3579 5324 Χριστὸς.
3606 5242 3690 5297 καὶ

2152 5345 2371 5415 πνεῦμα
2400 5346 2536 5399 Θεοῦ
2562 5348 2654 5400 καὶ
2685 5346 2830 5417 ψυχὴ
2860 5347 3019 5415 Θεοῦ,
3044 5346 3189 5400 οὕτω
3212 5342 3545 5417 χρεωστοῦσι
3567 5335 3687 5389 πάν-

2152 5454 2241 5500 τες
2276 5438 2325 5490 οἱ
2376 5439 2813 5508 Μουσουλμὰνοι,
2866 5441 2953 5494 ἵνα
2983 5438 3354 5505 ἀνεξετάστως
3382 5436 3473 5491 καὶ
3504 5425 3691 5487 ἀπολυ-
