3970 6212
422 297 528 362 519

1514 256 1521 263 κ
1592 297 1913 358 JOAN’NIS
1953 290 2479 353 CANTACUZENI

3558 287 3660 352 520

427 418 552 471 linis
588 424 643 469 et
674 428 873 485 scopns
919 413 1009 470 hic
1043 421 1148 476 est,
1207 418 1266 467 n‘.
1320 410 1531 467 scilicet
1598 412 1779 466 omnis
1830 414 1987 465 homo

2096 410 2369 477 ἄνθρωποι
2400 408 2490 459 τὸν
2520 405 2679 476 μόνον
2705 405 2800 460 καὶ
2826 405 3083 474 ἀληθινὸν
3109 404 3261 469 Θεὸν,
3290 404 3383 459 καὶ
3415 405 3476 475 ὃν
3508 407 3666 473 ἐγέν-

339 534 344 538 ’
426 523 547 562 sese
572 508 640 561 ab
671 506 946 574 impietate
1000 503 1066 557 ad
1104 502 1197 556 Dei
1233 504 1548 572 religionem
1599 493 1903 568 convertat,
1936 512 1994 555 ut

426 598 633 652 dictum
683 605 784 659 est,
812 604 867 649 et
896 602 955 647 ut
986 592 1237 648 homines
1271 608 1434 663 opera
1467 594 1667 649 faciant
1703 595 1876 648 salute
1907 593 1992 645 di-

425 702 551 755 qna.
580 687 923 752 Quapropter
954 683 1223 759 Christus
1275 684 1518 752 quotidie
1570 685 1671 737 hoc
1731 684 1889 746 dixit,
1939 690 1993 735 et

425 778 633 835 docuit,
676 774 819 842 quod
872 773 940 826 ab
995 773 1087 827 illo
1116 775 1450 843 excipientes
1482 774 1708 843 apostoli
1757 775 1995 842 Evange-

424 865 559 918 lium
587 864 1056 931 conscripserunt,
1088 873 1143 917 et
1185 863 1491 917 docuerunt
1525 865 1577 916 in
1614 864 1745 916 orbe
1777 861 1996 915 univer-

425 973 487 1011 so
523 974 536 1010 :
570 964 625 1009 et
678 965 899 1025 proiitcr
963 955 1103 1007 hanc
1155 955 1484 1020 doctrinam,
1538 955 1889 1024 Evangelium
1937 961 1993 1007 et

425 1045 698 1113 dogmata.
758 1044 1134 1097 occubuerunt
1192 1044 1291 1113 ipsi
1356 1045 1515 1098 simul
1578 1053 1633 1099 et
1704 1052 1991 1113 martyres.

424 1137 593 1191 Porro
633 1146 687 1188 ct
717 1135 805 1188 alii
836 1135 1055 1201 quidam
1087 1135 1465 1188 htPrctit‘orum
1493 1135 1558 1187 de
1602 1133 1819 1189 Christo
1843 1124 1995 1187 dixe-

342 1256 345 1259 λ
425 1234 576 1287 runt,
625 1224 768 1292 quod
804 1224 1054 1278 Christus
1102 1238 1289 1277 revera
1329 1223 1548 1291 quidem
1602 1233 1728 1277 ante
1771 1236 1990 1276 omnem

424 1315 594 1369 fuerit
636 1325 962 1377 creaturam,
1015 1313 1269 1382 quodque
1328 1314 1641 1382 angelorum
1692 1322 1747 1366 et
1800 1311 1991 1365 Adami

390 1408 394 1415 ’
424 1416 643 1462 ereator
674 1406 767 1469 sit,
816 1405 939 1459 cadi
981 1406 1255 1469 etiani,.et
1288 1416 1467 1467 terrm,
1504 1405 1789 1472 omnisque
1842 1419 1995 1457 crea-

425 1507 561 1549 turae
590 1514 602 1546 :
634 1494 776 1563 quod
808 1508 992 1548 revera
1032 1494 1131 1559 sic,
1163 1505 1218 1547 et
1250 1508 1355 1546 non
1395 1494 1552 1545 aliter
1579 1501 1695 1546 est:
1737 1491 1989 1545 eumdem

422 1602 557 1640 vero
592 1585 787 1640 Filium
824 1585 913 1639 Dei
948 1599 1068 1639 esse
1116 1592 1473 1653 negaverunt.
1524 1583 1625 1648 Qui
1660 1597 1791 1636 sane
1821 1582 1993 1634 haere-

424 1681 657 1733 ticorum
706 1678 934 1731 multum
987 1675 1167 1729 damni
1217 1689 1361 1728 verre
1415 1673 1540 1728 ﬁdei
1586 1672 1992 1727 confessoribus

2096 518 2258 571 νησεν
2288 501 2400 554 υίὸν
2431 502 2537 571 πρὸ
2568 503 2788 555 πάντων
2821 500 2930 554 τῶν
2961 501 3176 554 αἰώνων
3208 499 3339 553 Θεὸν
3383 499 3677 569 ἀληθινόν.

2098 595 2279 647 ’Ἅπας
2308 596 2400 645 καὶ
2430 595 2535 661 γὰρ
2559 597 2585 647 ό
2614 595 2814 663 τρόπος
2846 610 2881 645 κ
2906 595 2938 644 ’ὶ
2972 596 2998 645 ό
3025 594 3226 654 σκοπὸς
3281 590 3377 644 τοῦ
3410 592 3669 658 Εὐαγγε-

2096 686 2211 737 λίου
2239 679 2393 750 οὗτός
2424 688 2590 747 ἐστιν,
2638 686 2723 737 ἵνα
2771 685 3016 753 δηλονότι
3060 683 3366 754 ἐπιστρέψῃ
3420 686 3531 747 πᾶς
3571 684 3668 736 ἄν·

2097 776 2311 845 θρωπος
2349 777 2453 829 ἀπὸ
2480 780 2579 846 τῆς
2632 776 2890 838 ἀσεϐείας
2952 776 3032 839 εἰς
3086 775 3417 840 θεοσέϐειαν,
3482 773 3667 838 καθὼς

2096 867 2331 933 εἴρηται,
2370 868 2461 918 καὶ
2496 866 2579 917 ἵνα
2614 866 2927 935 πράττωσιν
2955 867 3000 917 οἱ
3026 865 3300 934 ἅνθρωποι
3324 864 3457 933 ἔργα
3491 881 3661 928 σωτη-

2099 959 2215 1023 ρίας
2258 955 2406 1019 ἀξια,
2438 958 2530 1008 καὶ
2582 957 2669 1009 διά
2727 956 2933 1023 ταύτην
2979 956 3078 1025 τὴν
3133 954 3311 1008 αἰτίαν
3362 954 3511 1017 ἔλεγε
3564 954 3657 1003 καὶ

2096 1046 2376 1097 ἐδίδασκεν
2425 1049 2452 1098 ό
2487 1047 2719 1115 Χριστὸς
2756 1046 3077 1115 καθημέραν
3128 1046 3306 1097 τοῦτο.
3342 1044 3521 1112 "At-rep
3568 1045 3665 1093 καὶ

2096 1133 2507 1201 παραλαϐόντες
2534 1133 2643 1187 άπὸ
2673 1133 2767 1185 τοῦ
2799 1131 3037 1201 Χριστοῦ
3070 1133 3118 1183 οί
3148 1131 3457 1191 ἀπόστολοι,
3500 1147 3665 1181 συνε-

2095 1228 2372 1296 γράψαντο
2438 1226 2499 1277 τὸ
2567 1224 2921 1291 Εὑαγγέλιον,
2990 1223 3084 1276 καὶ
3129 1222 3374 1286 ἐδίδαξαν
3426 1222 3506 1280 είς
3571 1221 3668 1272 τὸν

2098 1321 2315 1374 ἅπαντα
2373 1317 2600 1386 κόσμον,
2647 1317 2742 1369 καὶ
2794 1316 2978 1367 ἕνεκεν
3014 1313 3216 1382 ταύτης
3270 1315 3369 1382 τῆς
3427 1313 3667 1374 πίστεως

2097 1412 2199 1464 καὶ
2222 1411 2317 1462 τοῦ
2362 1408 2695 1477 Εύαγγελίου
2729 1407 2825 1459 καὶ
2886 1407 2996 1458 τῶν
3055 1406 3342 1474 δογμάτων
3390 1404 3669 1457 ἀπέθανον

2093 1496 2240 1555 οὗτοι
2266 1502 2358 1552 καὶ
2403 1502 2449 1551 οἱ
2483 1500 2780 1569 μάρτυρες.
2837 1496 3029 1563 Ὅμως
3059 1494 3203 1555 τινὲς
3238 1492 3344 1545 τῶν
3370 1494 3667 1561 αίρετικῶν

2095 1590 2281 1655 ἔλεγον
2312 1586 2438 1655 περὶ
2474 1585 2565 1637 τοῦ
2599 1584 2839 1654 Χριστοῦ
2881 1584 2962 1636 ὅτι
2996 1583 3097 1652 μὲν
3123 1582 3337 1652 ἀληθῶς
3362 1583 3389 1631 ό
3423 1581 3666 1649 Χριστὸς

2095 1682 2200 1748 πρὸ
2236 1680 2413 1746 πάσης
2482 1677 2735 1737 κτίσεως,
2811 1674 3143 1743 εὑρίσκεται,
3177 1673 3271 1725 καὶ
3323 1672 3486 1733 αὑτός
3531 1674 3659 1723 ἑστι

425 1770 747 1824 intulerunt.
779 1766 881 1833 Qui
912 1767 1059 1820 enim
1084 1765 1177 1818 illo
1204 1772 1451 1833 tempore
1486 1765 1713 1832 imperio
1740 1772 1987 1831 prmerat,

2093 1746 2425 1841 δημιουργὸς
2473 1769 2583 1819 τῶν
2646 1766 2895 1834 ἀγγέλων
2932 1766 3027 1817 καὶ
3065 1762 3160 1816 τοῦ
3202 1763 3375 1831 Ἀδὰμ
3443 1763 3534 1815 καὶ
3563 1760 3665 1814 τοῦ

424 1862 641 1916 illorum
671 1857 1070 1928 astipulabatur
1094 1857 1397 1917 sentcntiae.
1434 1855 1758 1921 illoruinqne
1805 1865 1991 1923 partes

422 1953 664 2014 fovebat.
714 1961 769 2006 et
796 1949 1084 2019 adiuvabat
1115 1950 1168 2003 in
1199 1948 1289 2000 tali
1321 1946 1592 2017 dogmate.
1641 1946 1793 2011 Quod
1828 1947 1869 1997 si
1913 1946 1987 2010 hi,

422 2043 778 2114 Evangelium
812 2055 1023 2095 summa
1053 2037 1408 2093 veneratione
1446 2046 1861 2107 prosequentes.
1894 2036 1988 2089 de-

424 2144 728 2188 monstrare
782 2137 1057 2201 poterant,
1118 2143 1387 2196 nusquam
1444 2127 1511 2180 de
1536 2142 1656 2181 sese
1708 2126 1988 2180 Christum

423 2223 625 2277 dixisse
664 2221 807 2291 quod
838 2218 980 2271 Deus
1025 2217 1116 2279 sit,
1151 2225 1207 2270 et
1254 2215 1345 2269 Dei
1391 2212 1582 2276 Filius,
1612 2229 1845 2291 quanam
1881 2214 1987 2267 alia

422 2288 743 2378 probatione
790 2320 929 2376 opus
981 2313 1099 2359 erat
1150 2318 1311 2373 quam
1366 2302 1509 2355 hac?
1565 2288 1691 2357 llaec
1720 2302 1864 2357 enim
1904 2305 1987 2356 vel

420 2400 534 2455 sola
566 2398 892 2453 servavisset
929 2410 1026 2450 eos
1057 2411 1170 2465 pra:
1201 2393 1413 2449 expleris
1451 2394 1789 2463 argumentis
1815 2392 1990 2446 omni-

424 2493 548 2546 bus.
600 2490 869 2545 Cancrum
907 2487 1261 2558 Evangelium
1317 2486 1370 2540 in
1404 2487 1580 2556 pretio
1608 2485 1901 2549 habebant,
1936 2495 1991 2539 et

421 2578 912 2649 amplectebantur,
970 2586 1331 2644 sanctumque
1387 2574 1763 2637 nominabant,
1805 2581 1861 2627 et
1910 2572 1989 2627 le-

420 2680 612 2736 gentes
649 2668 753 2721 hoc
804 2674 1069 2737 perpetuo
1130 2679 1254 2717 cum
1318 2663 1710 2734 prophetarum
1770 2661 1990 2730 scriptis

421 2759 713 2813 miserrimi
766 2758 1036 2821 homines,
1085 2755 1443 2810 nihilominus
1485 2754 1601 2807 haac
1654 2752 1879 2807 ridicula
1934 2762 1989 2807 et

420 2855 586 2908 stulta
617 2852 983 2922 protulerunt.
1034 2850 1101 2904 Ει
1126 2849 1216 2903 alii
1250 2848 1470 2917 quidem
1532 2847 1584 2900 in
1641 2846 1741 2899 hac
1792 2845 1984 2899 barresi

2093 1860 2347 1929 οὐρανοῦ,
2390 1861 2486 1927 τῆς
2515 1858 2617 1925 γῆς
2651 1873 2708 1907 τε
2736 1858 2829 1909 καὶ
2858 1856 3074 1922 ἁπάσης
3100 1854 3194 1921 τῆς
3228 1854 3475 1914 κτίσεως,
3501 1851 3667 1904 τοῦτο

2095 1948 2267 2009 οὕτως
2299 1947 2467 2015 ἔχειν,
2530 1945 2624 1995 καὶ
2653 1942 2750 1993 οὐκ
2785 1943 2980 2003 ἄλλως·
3020 1942 3099 1992 ὃτι
3125 1940 3181 1992 δὲ
3208 1939 3335 2002 Υἱὸς
3371 1938 3465 1991 τοῦ
3497 1936 3665 2001 Θεοῦ,

2090 2039 2251 2091 τοῦτο
2272 2039 2371 2091 οὐκ
2396 2037 2533 2088 ἔστι.
2570 2033 2682 2087 Καὶ
2729 2034 2993 2102 ἐποίησαν
3031 2033 3077 2085 οἱ
3108 2031 3337 2085 τοιοῦτοι
3392 2030 3670 2100 αίρετικοὶ

2091 2130 2227 2184 πολὺ
2261 2128 2432 2182 κακὸν
2454 2126 2580 2189 τοὺς
2606 2123 2941 2195 όρθοδόξους.
3002 2122 3059 2176 '0
3092 2123 3201 2192 γὰρ
3249 2121 3548 2191 βασιλεύων
3581 2122 3671 2191 τῷ

2088 2221 2207 2273 τότε
2251 2216 2319 2289 ἦν
2348 2215 2560 2288 φρονῶν
2599 2218 2665 2269 τὰ
2723 2214 2968 2279 ἐκείνων,
3011 2217 3107 2268 καὶ
3153 2214 3409 2283 συνήργει
3462 2212 3557 2264 καὶ
3609 2212 3673 2262 ὲ-

2091 2308 2278 2379 ϐοήθει
2313 2307 2498 2367 αὐτοῖς
2538 2305 2633 2358 ἐπὶ
2667 2304 2742 2375 τῷ
2774 2303 2999 2373 τοιούτῳ
3041 2304 3290 2371 δόγματι.
3332 2302 3484 2355 Ἐπεὶ
3530 2301 3672 2368 γοῦν

2088 2397 2231 2471 εἶχον
2246 2398 2305 2451 τὸ
2321 2394 2670 2465 Εὐαγγέλιον,
2690 2394 2883 2463 καὶξὲτί
2889 2412 3004 2463 μων
3033 2394 3183 2459 αὐτὶ),
3202 2394 3357 2461 εἴπερ
3375 2391 3526 2443 οὐδὲν
3545 2392 3672 2442 ἐλα-

2088 2507 2183 2557 γεν
2213 2492 2240 2544 ό
2263 2488 2496 2559 Χριστὸς
2524 2486 2649 2555 περὶ
2686 2483 2879 2537 ἑαυτοῦ
2907 2485 2988 2537 ὅτι
3020 2485 3150 2545 Θεός
3169 2489 3284 2537 ἐστι
3301 2482 3394 2537 καὶ
3407 2480 3667 2551 τοῦξΘεοῦ

2090 2581 2239 2646 Υἱὸς,
2287 2579 2431 2641 τίνος
2481 2578 2646 2648 ἄλλης
2678 2578 3077 2647 παραστάσεως
3107 2576 3334 2639 ἐδέοντο,
3366 2572 3668 2643 ἢταύτηςς

2088 2672 2198 2725 Καὶ
2222 2670 2329 2740 γὰρ
2350 2669 2486 2739 αὕτη
2516 2671 2609 2721 καὶ
2651 2669 2785 2737 μόνη
2815 2668 3015 2730 ἔσωζεν
3041 2667 3169 2720 ’ἀντὶ
3213 2667 3403 2719 πασῶν
3459 2665 3669 2733 ἑτέρων

2088 2763 2451 2834 παραστάσεω
2468 2789 2498 2814 ι.
2520 2761 2677 2813 Ἀλλά
2689 2761 2749 2814 τδ
2769 2762 2865 2830 μὲν
2882 2759 3123 2826 Εὑαγγέ).
3134 2777 3208 2813 ιον
3232 2760 3326 2812 καὶ
3337 2758 3539 2828 ἐτίμων
3564 2758 3667 2809 καὶ

2090 2857 2368 2925 ἔστεργον,
2398 2856 2498 2906 καὶ
2540 2854 2692 2920 ἅγιον
2722 2851 3024 2921 ὠνόμαζον.
3060 2854 3165 2905 Καὶ
3189 2850 3665 2917 ἀναγινώσκοντες

419 2943 563 2998 diem
596 2943 871 3007 obierunt,
913 2949 968 2995 et
996 2940 1343 2994 anathemate
1376 2948 1630 2992 tenentur
1658 2953 1673 2998 ;
1724 2935 1812 2990 alii
1858 2950 1987 2988 vero

2093 2943 2243 2995 τοῦτο
2295 2943 2341 2995 oi
2387 2942 2632 3004 τάλανες.
2697 2942 2794 2994 καὶ
2847 2941 2973 3001 τοὺς
3028 2942 3313 3010 προφήτας
3369 2935 3663 3008 διηνεκῶς,

418 3037 612 3089 vivunt
639 3044 697 3090 et
737 3034 1027 3104 Egyptutn
1073 3031 1337 3098 incolunt,
1382 3028 1674 3103 Arianique
1705 3026 1983 3091 Jacobitaa,

417 3135 474 3181 et
505 3126 811 3181 Nestoriani
867 3126 1147 3179 dii-untur.
1208 3123 1613 3190 lnterrogcntur
1671 3119 1854 3188 itaque
1911 3120 1985 3182 bi,

416 3230 474 3275 et
502 3220 819 3275 fatebuntur
850 3218 1135 3273 veritatem
1172 3231 1413 3276 omnem,
1453 3214 1597 3282 quod
1637 3211 1987 3281 Evangelinm

419 3313 529 3367 tale
572 3312 640 3367 ab
688 3312 849 3367 initio
893 3313 1161 3381 scripturn
1220 3309 1311 3372 sit,
1366 3308 1526 3378 quale
1582 3309 1847 3364 hodierno
1900 3309 1988 3364 die

417 3414 620 3459 exstat.

2095 3034 2281 3100 ἔλεγον
2307 3034 2374 3085 τὰ
2400 3033 2538 3085 αὐτὰ
2580 3032 2968 3100 καταγάλαστα
3002 3034 3093 3085 καὶ
3125 3033 3519 3103 μεμεστωρένα
3551 3048 3671 3096 μω-

2099 3126 2216 3193 ρίας
2247 3125 2424 3191 λόγια.
2478 3126 2588 3178 Καὶ
2628 3126 2674 3176 οἱ
2725 3125 2821 3193 μὲν
2870 3124 3230 3194 ἐτελεύτησαν
3283 3124 3338 3175 ἐν
3372 3124 3547 3194 ταύτῃ
3590 3125 3665 3191 τῇ

2093 3218 2329 3288 αἱρέσει,
2358 3219 2451 3270 καὶ
2477 3218 2613 3269 εἰσὶν
2665 3216 2769 3268 ὑπὸ
2800 3215 3124 3283 ἀναθέματι,
3180 3216 3227 3268 oi
3256 3215 3310 3267 δὲ
3360 3213 3514 3277 (dat,
3565 3232 3669 3267 και

2094 3308 2440 3378 εὑρίσκονται
2491 3308 2631 3361 κατὰ
2711 3307 2812 3377 τὴν
2862 3309 3161 3377 Δίγυπτον,
3213 3310 3309 3360 καὶ
3368 3307 3669 3360 καλοῦνται

2104 3397 2397 3468 Ἀρειανοὶ,
2422 3401 2515 3450 καὶ
2559 3397 2891 3463 Ἰακωϐἰται,
2924 3401 3019 3452 καὶ
3057 3399 3424 3468 Νεστοριανοί.
3497 3400 3672 3465 Ἐρω-

415 3501 741 3572 τηθήτωσαν
808 3500 989 3555 τοίνυν
1032 3492 1205 3566 οὗτοι,
1245 3500 1341 3553 καὶ
1405 3500 1694 3569 μέλλουσιν
1767 3498 2121 3570 ὁμολογήσειν
2157 3498 2255 3568 τὴν
2290 3497 2471 3550 πᾶσαν
2531 3496 2811 3568 ἀλήθειαν,
2849 3495 2930 3547 ὅτι
2989 3492 3161 3557 οὕτως
3232 3498 3378 3545 ἐστὶν
3426 3494 3699 3563 ἑξαρχῆςο

412 3598 476 3651 τὸ
507 3598 840 3667 Εὑαγγέλιον
864 3596 1267 3667 γεγραμμένον,
1299 3595 1374 3658 ὡς
1402 3595 1722 3666 εὑρίσκεται
1759 3595 1852 3648 καὶ
1891 3598 1991 3662 τὴν
2032 3597 2296 3665 σήμερον.
2879 3599 2887 3606 ·

489 3691 543 3747 9.
569 3692 762 3747 Dicitis
808 3704 1098 3762 praeterea,
1147 3692 1487 3748 Christianos
1515 3694 1569 3747 in
1610 3702 1722 3747 tres
1764 3690 1990 3746 credere

414 3798 702 3854 personas.
736 3782 973 3848 Patrem,
1023 3783 1246 3838 Matrem
1283 3793 1341 3872 et
1378 3781 1598 3837 Filium.
1628 3784 1694 3836 Et
1727 3782 1986 3851 quoniam

417 3876 471 3929 in
513 3874 769 3929 omnibus
797 3890 918 3944 qua:
940 3874 1380 3928 Christianorum
1430 3876 1680 3943 dogmata
1715 3882 1984 3942 spectant,

414 3965 674 4037 profanus
701 3979 783 4030 es,
827 3974 885 4019 ut
929 3964 983 4018 in
1015 3965 1159 4028 aliis,
1194 3966 1274 4019 sic
1306 3966 1469 4019 etiam
1517 3966 1605 4019 hic
1659 3979 1829 4019 erras.
1879 3963 1985 4019 Sed

2173 3686 2261 3743 ιθ¹.
2286 3686 2512 3753 Λέγετε,
2546 3687 2627 3739 ὅτι
2651 3686 2979 3756 πιστεύομεν
3005 3688 3053 3740 oi
3077 3687 3393 3757 Χριστιανοὶ
3423 3688 3502 3750 είς
3533 3690 3667 3759 τρέα

2096 3780 2385 3851 πρόσωπα,
2405 3782 2484 3840 είς
2516 3780 2758 3849 Πατέρα,
2799 3780 3051 3849 Μητέρα,
3084 3782 3181 3832 καὶ
3213 3781 3361 3835 Υίόν.
3391 3782 3501 3832 Καὶ
3534 3785 3665 3833 ἐπεὶ

2093 3873 2172 3933 είς
2200 3874 2269 3924 τά
2299 3870 2410 3923 τῶν
2442 3871 2785 3937 Χριστιανῶν
2823 3873 3056 3943 εὑρίσκῃ
3089 3871 3229 3923 κατά
3271 3872 3449 3924 πάντα
3482 3872 3666 3942 ἀμύηο

2090 3980 2202 4027 τος,
2231 3962 2421 4032 ὥσπερ
2473 3964 2567 4013 ἐπὶ
2605 3962 2713 4014 τῶν
2738 3962 2932 4025 ἀλλων,
2959 3964 3225 4016 πλανᾶσαι
3254 3964 3346 4014 καὶ
3381 3964 3513 4027 περὶ
3533 3964 3662 4019 τού-

414 4056 562 4109 andi.
594 4052 703 4109 Nos
731 4054 1006 4123 equidem.
1035 4060 1123 4121 qui
1148 4054 1425 4109 Christum
1452 4055 1790 4121 proﬁtemur,
1818 4068 1985 4108 unum

2093 4066 2199 4103 του.
2227 4051 2335 4103 Καὶ
2371 4051 2603 4105 ἄκουσον
2633 4052 2717 4103 ὅτι
2760 4053 2857 4120 μὲν
2881 4053 3039 4121 ἡμεῖς
3060 4053 3109 4105 oi
3144 4050 3460 4121 Χριστιανοὶ
3488 4069 3667 4121 προσ-

416 4148 588 4202 Dcum
623 4146 937 4209 adoramus,
970 4156 1274 4199 creatoretn
1306 4146 1573 4208 omnium,
1606 4145 1905 4199 visibilium
1932 4155 1990 4201 et

415 4239 770 4294 invisibilium
806 4256 821 4293 :
857 4239 1127 4308 hujusque
1177 4238 1414 4293 Verbum
1461 4246 1515 4291 et
1562 4237 1778 4301 Filium,
1830 4237 1989 4293 Chri-

413 4338 555 4381 stum
588 4329 818 4383 scilicet.
864 4328 989 4383 Haec
1021 4345 1146 4383 vera
1197 4337 1345 4395 sunt,
1381 4344 1481 4383 nec
1510 4330 1777 4384 sentimus
1804 4330 1981 4383 aliter.

2086 4140 2359 4211 κυνοῦμεν
2409 4142 2508 4196 ἕνα
2533 4144 2684 4209 Θεὸν,
2710 4144 2801 4196 τὸν
2823 4144 3055 4213 ποιητὴν
3084 4142 3323 4205 πάντων,
3354 4141 3575 4213 ὁρατῶν
3604 4159 3665 4195 τε

2091 4233 2186 4284 καὶ
2223 4233 2495 4302 ἀοράτων,
2550 4238 2639 4287 καὶ
2685 4236 2776 4287 τὸν
2820 4236 3012 4287 τούτου
3056 4235 3182 4287 Υίὸν
3225 4234 3317 4286 καὶ
3346 4233 3545 4301 Λόγον,
3576 4235 3669 4286 sb:

2092 4325 2324 4395 Χριστὸν
2353 4326 2629 4394 δηλονότι·
2674 4328 2833 4380 τοῦτο
2879 4327 3119 4380 τοιοῦτόν
3146 4329 3283 4392 ἐστι,
3312 4329 3406 4380 καὶ
3434 4328 3537 4379 οὐκ
3569 4329 3669 4381 άλ-

413 4419 599 4473 Taletn
633 4421 782 4474 enim
830 4420 974 4474 hunc
1020 4420 1319 4487 credimus,
1383 4432 1439 4475 et
1484 4420 1740 4474 fatemur.
1797 4422 1981 4474 Divam

2093 4419 2214 4482 λως.
2253 4417 2363 4472 Καὶ
2402 4419 2729 4490 πιστεύομεν
2764 4420 2860 4473 καὶ
2907 4419 3276 4491 ὁμολογοῦμεν
3321 4421 3508 4474 αὐτόν.
3552 4421 3667 4484 Τὴν

412 4525 544 4564 vero
584 4509 857 4580 Virginem
890 4510 1132 4573 Mariam,
1173 4520 1477 4566 creaturam
1522 4511 1617 4566 Dei
1645 4511 1976 4579 iudicamus.

412 4607 468 4652 ct
505 4599 597 4654 Dei
636 4599 907 4653 ani-illam.
939 4598 1225 4654 Credimus
1276 4609 1479 4663 autem,
1532 4610 1588 4655 et
1631 4601 1976 4664 confitemur,

2079 4506 2136 4558 δὲ
2170 4507 2255 4559 ἀεὶ
2308 4506 2582 4576 Παρθένον
2606 4509 2768 4575 ἁγίαν
2800 4510 3016 4577 Μαρίαν
3045 4508 3241 4578 ἔχομεν
3260 4507 3483 4578 πλάσμα
3503 4508 3657 4563 Θεοῦ.

2081 4602 2176 4650 καὶ
2216 4596 2409 4667 δούλην
2440 4598 2599 4652 Θεοῦ.
2637 4602 2747 4652 Καὶ
2778 4600 3107 4669 πιστεύομεν
3137 4604 3233 4653 καὶ
3282 4599 3655 4670 ὁμολογοῦμεν

412 4690 556 4760 quod
588 4689 717 4746 huic
748 4690 947 4749 similis
971 4691 1133 4743 homo
1170 4705 1271 4744 nec
1301 4699 1461 4743 natus
1483 4693 1575 4751 sit.
1608 4705 1708 4745 nec
1754 4690 1980 4759 posthac

2093 4689 2162 4743 5τι
2218 4687 2341 4743 οὔτε
2391 4690 2695 4759 ἐγεννήθη,
2761 4689 2883 4744 οὔτε
2934 4691 3284 4762 ογεννηθῆναι
3348 4692 3540 4761 μέλλει
3602 4690 3661 4753 ξε

410 4799 478 4836 cx
508 4781 631 4836 viro
681 4790 738 4836 et
784 4782 1012 4835 muliere
1045 4782 1359 4835 nasciturus
1397 4796 1567 4848 usque
1614 4782 1680 4834 ad
1728 4795 1981 4834 consum-

2089 4781 2280 4851 ἀνδρὸς
2310 4783 2402 4835 καὶ
2428 4783 2684 4849 γυναικὸς
2708 4782 2990 4853 ἄνθρωπος
3022 4784 3183 4853 μέχρι
3224 4787 3324 4852 τῆς
3351 4783 3664 4845 συντεὶιίας

412 4876 705 4928 mationetn
756 4872 960 4926 saeculi.
1001 4872 1069 4926 Et
1098 4871 1398 4926 secundum
1430 4872 1724 4924 humanam
1758 4869 1979 4938 quidem

2093 4871 2175 4925 τοῦ
2195 4873 2411 4938 αἰῶνος,
2444 4872 2519 4933 ὡς
2553 4872 2843 4942 αῦτη.Καὶ
2876 4875 3023 4925 κατὰ
3064 4873 3163 4941 μὲν
3185 4873 3286 4943 τὴν
3308 4873 3665 4942 ἀνθρωπίνην

336 4951 347 4960 ’
413 4976 689 5029 naturam,
717 4981 837 5019 eam
893 4964 1101 5033 angelis
1148 4963 1462 5018 interiorem
1496 4977 1616 5017 esse
1649 4963 1979 5032 judicamus,

414 5070 668 5126 tanquam
695 5056 1000 5119 hominem;
1035 5055 1241 5109 honore
1276 5064 1458 5109 autem
1507 5063 1562 5109 et
1593 5054 1977 5117 sanctimonia,

414 5148 585 5216 ipsam
649 5148 906 5201 omnibus
958 5146 1166 5215 angelis
1216 5144 1443 5199 indubie
1496 5146 1863 5215 prwlcrimus,
1916 5158 1984 5199 eo

413 5236 559 5306 quod
588 5236 826 5290 Verbum
858 5243 913 5288 et
942 5232 1140 5289 Filium
1173 5235 1267 5288 Dei
1295 5234 1598 5288 secundum
1629 5249 1845 5289 carnem
1892 5250 1987 5303 pe-

416 5324 650 5394 pererit;
683 5338 985 5391 omnesque
1023 5338 1123 5377 nos
1150 5323 1297 5376 illam
1332 5325 1650 5376 advocatam
1682 5331 1739 5377 et
1759 5323 1986 5377 auxilia-

417 5415 608 5468 tricem
652 5414 1023 5484 agnoscimus.
1071 5412 1205 5467 Orat
1235 5423 1294 5468 et
1331 5412 1624 5468 intercedit
1674 5412 1987 5467 indesinen-

418 5518 500 5564 ter
558 5521 657 5578 pro
710 5506 1114 5578 peccatoribus.
1168 5507 1424 5563 Miracula
1467 5508 1581 5562 edit
1627 5518 1682 5561 et
1729 5517 1989 5576 operatur

415 5600 776 5655 admiratione
804 5610 859 5656 et
891 5610 1114 5669 stupore
1140 5600 1321 5669 digna.
1350 5600 1501 5654 lianc
1535 5608 1715 5654 autem
1733 5600 1985 5661 colimus.

417 5706 526 5746 non
578 5701 637 5744 ut
668 5693 858 5756 Deum,
889 5692 984 5746 sed
1030 5700 1090 5745 ut
1125 5692 1349 5747 Matrem
1392 5692 1512 5746 Filii
1551 5691 1641 5747 Dei
1686 5692 1987 5747 secundum

2084 4962 2243 5030 φύσιν
2307 4962 2633 5031 λογιζόμεθα
2675 4964 2846 5032 αὐτὴν
2896 4964 3047 5017 κάτω
3089 4962 3195 5016 τῶν
3240 4964 3539 5030 ἀγγέλων,
3589 4966 3666 5027 ὡς

2084 5052 2389 5121 ἄνθρωπον,
2413 5059 2478 5123 τῇ
2498 5053 2553 5106 δὲ
2577 5056 2706 5123 τιμῇ
2727 5058 2818 5107 καὶ
2837 5059 2900 5124 τῇ
2919 5054 3199 5125 ἁγιωσύνῃ
3234 5056 3416 5108 ἐπάνω
3443 5072 3667 5109 παντων

2087 5143 2193 5196 τῶν
2246 5144 2492 5211 ἀγγέλων
2523 5144 2888 5212 άσυγκρίτως.
2916 5144 2997 5195 ὅτι
3030 5143 3118 5195 τὸν
3171 5144 3298 5197 Υἱὸν
3345 5144 3439 5195 καὶ
3485 5144 3665 5212 Λόγον

2088 5235 2180 5289 τοῦ
2234 5234 2370 5288 Θεοῦ
2418 5235 2676 5303 ἐγέννησε
2711 5237 2853 5288 κατὰ
2894 5235 3097 5305 σάρκα,
3129 5236 3223 5287 καὶ
3260 5236 3459 5304 ἔχομεν
3488 5235 3664 5300 αὐτὴν

2090 5327 2401 5397 προστάτην
2435 5329 2633 5388 πάντες
2664 5327 2759 5379 καὶ
2793 5327 3009 5397 βιηθὸν,
3046 5330 3139 5379 καὶ
3160 5328 3337 5380 δέεται
3360 5328 3453 5379 καὶ
3484 5344 3664 5397 παρα-

2091 5416 2250 5470 κιλεί
2301 5415 2566 5485 διηνεκῶς
2604 5415 2747 5484 ὑπὲρ
2772 5415 2881 5468 τῶν
2932 5415 3292 5484 ἁμαρτωλῶν,
3320 5418 3413 5468 καὶ
3446 5417 3665 5484 ἔνεργεί

2093 5509 2190 5561 καὶ
2249 5508 2478 5577 πράττει
2528 5506 2787 5577 θαύματα
2854 5506 3068 5575 μεγάλα
3135 5507 3229 5561 καὶ
3282 5506 3520 5570 ὶξαίσια.
3555 5509 3665 5560 Καὶ

2093 5600 2506 5668 προσκυνοῦμεν
2552 5600 2722 5665 αὐτὴν
2752 5598 2848 5667 οὐχ
2878 5598 2951 5661 ὡς
2993 5598 3146 5664 Θεὸν,
3181 5596 3295 5652 ἀλλ’
3318 5598 3393 5661 ὡς
3430 5598 3663 5667 Μητέρα

2093 5692 2188 5745 τοῦ
2226 5690 2354 5744 Υίοῦ
2402 5691 2494 5743 τοῦ
2545 5688 2682 5742 Θεοῦ
2726 5690 2867 5743 κατὰ
2899 5690 3104 5759 σάρκα.
3146 5690 3328 5744 Ἔστω
3353 5687 3533 5743 τοίνυν
3556 5689 3661 5743 ὑπὸ
