3970 6212
320 319 427 387 ἶοὲι
1240 321 1535 383 CONTRA
1578 317 1851 379 MAIIOM
1862 318 1905 377 E

2011 319 2063 377 M
2104 316 2480 378 APOLOGIA
2520 318 2639 378 III.
3449 316 3554 381 522

313 442 624 513 ἀναθέματι
651 442 681 495 δ
705 424 1025 514 προσκυνῶν
1046 442 1215 513 eam
1244 443 1412 512 τρεῖς,
1439 441 1472 512 ἦ
1508 443 1602 493 και
1632 438 1885 499 πολλούς.

2009 452 2231 492 mrnem.
2258 437 2531 491 Caeterum
2577 432 2868 491 anathema
2896 434 2987 502 sit,
3021 434 3274 505 quisquis
3304 436 3388 491 vel
3419 437 3559 494 duos

221 527 228 533 ’
326 532 493 587 vim
522 535 939 604 προσκυνοῦμεν
975 533 1071 587 ἕνα
1115 533 1271 599 Θεὸν,
1301 533 1535 603 ποιητὴν
1567 529 1797 601 οὐρανοῦ
1828 545 1886 582 τε

2009 526 2075 581 rel
2122 535 2232 580 tres
2266 526 2349 580 vel
2380 527 2564 596 plures
2597 526 2729 580 deos
2767 524 3096 578 adoraverit.
3132 523 3237 579 Sed
3269 524 3561 581 adoramus

1991 628 2161 667 unum
2196 613 2388 679 Deum,
2425 622 2727 669 creatorem
2778 613 2903 669 coeli
2958 621 3015 668 et
3073 621 3253 681 terrm,
3314 614 3559 671 omnium

1991 702 2287 757 visibilium
2318 713 2373 758 et
2402 702 2781 758 invisibilium.

317 625 415 678 καὶ
441 626 565 694 γῆς,
596 626 691 679 καὶ
722 626 941 679 πάντων
969 624 1180 696 ὁρατῶν
1210 641 1268 677 τε
1302 626 1396 679 καὶ
1420 622 1691 692 ἀοράτων.

389 806 446 856 ι’.
475 798 672 871 Φέρετε
723 800 803 864 εἰς
856 800 1196 871 κατηγορίαν
1221 800 1381 871 ἡμῶν
1407 800 1490 853 ὅτι
1537 796 1835 870 ἐρωτηθεὶς
1864 801 1892 852 6

314 891 555 963 Χριστὸς
574 892 725 963 παρὰ
751 892 859 946 τῶν
876 892 1161 957 Ἰουδαίων,
1188 893 1268 945 ὅτι
1293 911 1312 944 ι
1330 886 1457 955 Υἱὸς
1482 892 1615 946 Θεοῦ
1648 886 1696 944 εἶ
1724 890 1785 944 σύ
1813 908 1829 958 ;
1866 910 1884 942 ι

315 984 615 1053 ἠρνήσατο,
645 986 741 1037 καὶ
765 979 938 1048 εἶπεν,
970 984 1080 1036 ὅτι(
1104 982 1297 1052 Ὑμεῖς
1320 983 1509 1052 λέγετε
1532 982 1745 1038 τοῦτο.»
1785 978 1894 1037 Καὶ

318 1077 517 1147 φέρετε
548 1075 682 1128 αὐτὸ
714 1077 796 1138 είς
833 1075 1141 1145 μαρτυρίαν
1180 1074 1305 1129 καθ’
1338 1076 1515 1145 ἡμῶν,
1558 1074 1643 1128 ἵνα
1684 1070 1893 1143 δείξητε

316 1168 384 1219 τὰ
423 1160 559 1234 παρ’
589 1165 739 1234 ὑμῶν
762 1165 1035 1234 λεγόμενα
1066 1163 1262 1235 ἀληθῆ.
1292 1164 1481 1218 Ταῦτα
1517 1164 1651 1233 γοῦν
1685 1166 1891 1217 ποιεῖτε

316 1258 429 1311 ἀπὸ
461 1256 554 1309 τοῦ
588 1256 663 1325 μὴ
708 1256 1000 1323 γινώσκειν
1054 1258 1198 1327 ὑμᾶς
1258 1257 1357 1319 τὰς
1412 1256 1661 1325 Γραφάς.
1694 1256 1756 1308 Ei
1789 1256 1895 1325 γὰρ

317 1347 642 1417 εὑρίσκεσθε
676 1347 1024 1411 ἐξετάζοντες
1054 1348 1144 1401 καὶ
1168 1348 1501 1419 ἐρευνῶντες
1536 1347 1635 1411 τὰς
1668 1346 1895 1417 Γραφᾶς

317 1437 391 1501 ὡς
431 1439 663 1505 δεῖ,οὐκ
722 1438 788 1491 ἄν
823 1438 1187 1510 ὲκλανήθητε.
1237 1438 1352 1492 Νῦν
1413 1438 1473 1492 δὲ
1534 1439 1895 1509 κατηγορεῖτε

317 1530 501 1599 ἡμῶν,
532 1528 737 1593 είςιοῦ
765 1528 1282 1599 γιη.ὡσκετε.”ομως
1309 1528 1513 1599 ἀφίημι
1542 1529 1720 1598 λέγειν
1750 1528 1894 1582 κατά

319 1620 376 1673 τὸ
409 1614 588 1689 παρὸν
626 1620 726 1681 τὰς
756 1618 850 1673 ἀπ’
885 1620 1060 1690 ἀρχῆς
1088 1619 1183 1673 τοῦ
1215 1621 1421 1689 κόσμου
1461 1619 1788 1689 μαρτυρίας,
1810 1616 1897 1673 αἴ-

320 1727 472 1772 τινες
522 1709 860 1780 ὲλαλήθησαν
916 1714 1047 1780 περὶ
1100 1709 1194 1763 τοῦ
1241 1710 1500 1780 Χριστοῦ,
1556 1708 1897 1763 δεικνύουσαι

323 1802 488 1857 αὑτὸν
546 1800 681 1855 Θεὸν
706 1801 804 1855 καὶ
852 1800 988 1869 Θεοῦ
1022 1801 1148 1854 Υἰὸν
1197 1801 1291 1854 καὶ
1337 1800 1645 1871 ἄνθρωπον,
1698 1800 1899 1863 πολλὰς

322 1894 512 1957 οῧαας.
551 1893 635 1946 Διὸ
665 1894 773 1948 ἀπὸ
806 1892 1009 1946 τούτων
1040 1892 1343 1963 φθάσαντες
1384 1891 1611 1961 εἴπομεν
1665 1889 1899 1961 μερικάς

325 1987 697 2053 τινας.”ομως
723 1984 867 2052 λέγω
882 1987 976 2037 καὶ
1005 1981 1187 2051 τοῦτο,
1204 1982 1286 2036 ὅτι
1312 1980 1371 2036 οὐ
1399 1980 1610 2036 samo
1625 1999 1677 2035 τι
1710 1978 1902 2035 ἐσταύ-

330 2092 509 2145 ρωσαν
566 2078 617 2129 oi
663 2074 907 2129 Ἰουδαῖοι
966 2075 1059 2129 τὸν
1114 2073 1371 2144 Χριστὸν,
1412 2071 1445 2144 ἢ
1492 2073 1575 2127 ὅτι
1630 2071 1901 2126 ἐδείκνυεν

334 2166 525 2219 ἑαυτὸν
552 2152 686 2219 Θεόν
711 2183 771 2219 τε
802 2167 895 2220 καὶ
921 2166 1233 2237 ἄνθρωπον,
1270 2165 1367 2219 καὶ
1401 2164 1537 2217 Θεοῦ
1589 2163 1759 2217 ’Υἱὸν.
1788 2163 1904 2217 Καὶ

339 2260 405 2328 πῆ
421 2259 520 2327 μὲν
548 2251 756 2325 ἔλεγεν,
785 2260 867 2311 ὅτι
901 2275 922 2309 ι
958 2250 1016 2310 Ὅ
1053 2256 1153 2327 ἐμὲ
1185 2252 1408 2326 θεωρῶν
1432 2255 1625 2323 θεωρεῖ
1666 2255 1757 2307 τὸν
1788 2252 1903 2308 Πα-

345 2350 467 2418 τέρα
489 2366 607 2419 μου,
636 2368 654 2401 ι
686 2351 763 2420 πῆ
786 2336 863 2411 δὲ,
883 2350 964 2401 ὅτι
984 2366 1003 2401 ι
1041 2347 1181 2417 Ἐγὼ
1210 2350 1307 2401 καὶ
1324 2349 1351 2402 6
1374 2346 1561 2417 Πατὴρ
1584 2347 1641 2399 ἒν
1668 2350 1854 2415 ἔσμεν,
1878 2363 1898 2398 δ

351 2440 418 2507 πῆ
456 2439 529 2505 δὲ,
551 2442 634 2493 ὅτι
680 2458 698 2492 ι
729 2434 791 2493 Et
824 2439 922 2510 ἐμὲ
954 2440 1271 2507 ἐγνώκειτε,
1306 2440 1400 2491 καὶ
1426 2438 1517 2491 τὸν
1550 2438 1766 2507 Πατέρα
1800 2452 1903 2508 μου

348 2532 630 2599 ἐγνώκειτε
670 2532 768 2585 ἀν’
800 2551 817 2585 ι
847 2532 922 2601 πῆ
946 2529 1023 2597 δὲ,
1058 2533 1141 2585 ὅτι
1172 2548 1193 2583 ε
1232 2531 1355 2584 Ἐάν
1385 2547 1472 2592 τις
1500 2530 1592 2582 τὸν
1617 2528 1774 2596 λόγον
1803 2542 1904 2598 μου

342 2626 576 2695 τηρήσῃ,
623 2624 857 2678 θάνατον
886 2623 946 2676 οὐ
1005 2623 1080 2693 μὴ
1131 2621 1402 2692 θεωρήσει
1433 2622 1512 2683 εἰς
1540 2619 1631 2672 τὸν
1659 2619 1851 2672 αίῶνα.
1877 2634 1899 2670 ι

338 2716 444 2767 Καὶ
500 2714 756 2784 ἀλλαχοῦ,
810 2716 891 2768 ὅτι
937 2732 957 2767 ι
988 2712 1293 2783 Ἀφέωνταί
1322 2729 1415 2765 σου
1460 2713 1518 2764 αἱ
1567 2709 1901 2781 ἁμαρτίαι.)

335 2806 519 2873 ’Λπερ
549 2806 879 2875 θεωροῦντες
918 2805 967 2858 οἱ
1012 2805 1277 2868 Ἰουδαῖοι,
1306 2804 1493 2871 ἔλεγον
1547 2804 1682 2873 πρὸς
1716 2803 1901 2867 αὐτὸν,

335 2896 511 2946 ιΤίνα
546 2895 766 2947 σεαυτὸν
815 2899 1019 2961 neten;
1067 2896 1351 2965 ἄνθρωπος
1405 2893 1500 2960 ὢν,
1538 2895 1713 2957 ποιεῖς
1746 2908 1906 2948 σεαυ-

330 2987 421 3038 τὸν
459 2985 624 3050 Θεόν;
651 3004 671 3039 ι
706 2987 771 3038 Τί
800 2986 854 3039 δὲ
885 2988 911 3040 6
942 2986 1209 3057 Χριστός;
1249 3004 1265 3036 ι
1299 2982 1359 3037 Ὀ
1384 2983 1651 3038 πιστεύων
1680 2985 1758 3045 εἰς
1784 2984 1904 3054 ἐμὲ,

2062 790 2149 848 lo.
2200 792 2421 849 Alienis
2450 793 2504 848 in
2538 796 2942 850 accusationem
2976 792 3173 860 nostri,
3221 794 3365 863 quod
3399 794 3561 850 Chri-

1994 891 2109 939 stus
2138 900 2168 939 a
2193 884 2394 940 ludatis
2424 884 2814 955 interrogatus,
2864 903 2881 936 ι
2910 882 3049 938 Num
3079 884 3250 939 Filius
3286 885 3380 939 Dei
3412 885 3505 940 es?
3538 905 3557 937 ι

1995 977 2293 1047 negaverit,
2334 975 2565 1033 dicens:
2597 994 2616 1028 ι
2654 976 2763 1033 Vos
2794 978 2901 1033 hoc
2925 975 3128 1033 dicitis.
3172 994 3189 1028 ι
3238 969 3306 1033 Et
3351 978 3456 1032 hoc
3485 986 3565 1031 te-

1995 1067 2238 1125 stimonii
2271 1069 2391 1125 loco
2437 1078 2626 1124 contra
2671 1084 2772 1124 nos
2816 1068 3105 1133 adducitis,
3149 1078 3209 1124 ut
3240 1070 3323 1127 iis
3370 1085 3490 1139 qua:
3532 1083 3563 1121 a

1997 1162 2154 1216 vobis
2182 1160 2325 1215 dicta
2362 1169 2512 1225 sunt,
2544 1160 2703 1216 [idem
2735 1159 2913 1219 facere
2946 1161 3186 1230 possitis.
3219 1159 3344 1215 Haec
3382 1171 3564 1215 autem
3613 1160 3657 1227 χ

1997 1262 2221 1322 propter
2250 1252 2653 1321 Scripturarum
2683 1251 3043 1321 ignorantiam
3085 1252 3284 1308 facitis.
3316 1252 3371 1308 Si
3416 1253 3563 1307 enim

1997 1339 2326 1411 Scripturas,
2384 1350 2442 1394 ut
2510 1339 2626 1394 ﬁeri
2680 1341 2903 1394 omnino
2949 1347 3186 1408 Oportet,
3240 1340 3568 1392 excuteretis

1998 1431 2532 1503 investigaretisque,
2570 1444 2915 1501 nequaquam
2948 1427 3374 1484 seduceremini.
3414 1429 3569 1483 Nunc

1998 1534 2180 1579 autem
2219 1538 2321 1578 nos
2349 1518 2620 1578 accusatis
2662 1522 2729 1577 de
2761 1523 2845 1577 his
2872 1536 2991 1593 quae
3021 1535 3119 1576 vos
3141 1520 3243 1590 ipsi
3272 1535 3380 1573 non
3412 1519 3574 1574 intel-

1999 1617 2188 1687 ligitis.
2244 1618 2632 1673 Verumtamen
2685 1616 2930 1671 omittam
2980 1614 3163 1670 dicere
3196 1617 3249 1668 in
3297 1614 3572 1684 praesenti,

2000 1722 2121 1778 quas
2161 1706 2230 1762 ab
2268 1706 2424 1761 initio
2474 1706 2664 1761 mundi
2712 1707 2780 1762 de
2821 1705 3042 1761 Christo
3087 1705 3395 1761 testimonia
3427 1705 3573 1760 dicta

2005 1810 2152 1865 sum,
2186 1798 2363 1869 ipsum
2401 1807 2456 1854 et
2501 1799 2672 1854 Deum
2713 1809 2768 1855 et
2796 1799 2892 1854 Dei
2934 1798 3125 1852 Filium
3187 1798 3576 1867 hominemque

2004 1909 2125 1950 esse
2154 1894 2589 1964 comprobantia,
2641 1896 2770 1964 quia
2822 1894 2990 1949 multa
3050 1902 3196 1949 sunt.
3258 1893 3439 1959 Quare
3491 1893 3577 1947 his

2006 1987 2297 2057 praeteritis
2336 1986 2584 2040 dicemus
2627 1985 2923 2055 singularia
2963 1984 3232 2054 quaedam.
3290 1984 3464 2040 Simul
3520 1996 3577 2039 et

2008 2080 2110 2134 hoc
2164 2080 2310 2144 dico,
2344 2077 2559 2134 Iudaeos
2616 2093 2727 2133 non
2785 2077 2890 2131 alia
2941 2077 3007 2131 de
3072 2091 3234 2131 causa
3293 2075 3573 2131 Christum

2007 2171 2367 2236 cruciﬁxisse,
2397 2186 2558 2241 quam
2590 2170 2733 2239 quod
2764 2183 2823 2224 se
2856 2168 3276 2232 Deum‘diceret,‘
3319 2176 3376 2221 et
3402 2168 3579 2220 homi-

2007 2275 2131 2316 nem
2167 2260 2373 2330 Deique
2406 2256 2627 2314 Filium.
2677 2258 2745 2314 Et
2798 2258 2996 2313 alicubi
3037 2257 3257 2327 quidem
3310 2256 3573 2312 dicebat:

2015 2365 2034 2399 ι
2074 2346 2176 2415 Qui
2217 2362 2303 2402 me
2338 2347 2506 2413 videt,
2548 2346 2696 2402 videt
2745 2348 2959 2400 Patrem
3010 2361 3192 2400 meum
3222 2346 3290 2401 “.
3346 2365 3365 2395 ι
3432 2345 3576 2400 Alibi

2007 2452 2140 2494 vero
2173 2457 2188 2493 :
2224 2457 2243 2489 ι
2277 2438 2389 2508 Ego
2418 2446 2472 2493 et
2518 2437 2678 2493 Pater
2736 2453 2905 2492 unum
2951 2452 3141 2493 sumus
3170 2437 3235 2491 ι’.
3298 2456 3316 2489 ι
3371 2437 3578 2490 Rursus

2009 2531 2115 2585 alio
2146 2529 2201 2583 in
2232 2529 2353 2585 loco
2394 2547 2407 2583 :
2448 2548 2466 2583 ι
2506 2528 2561 2582 Si
2596 2544 2683 2584 me
2716 2528 3023 2592 novissetis,
3049 2536 3105 2583 et
3137 2528 3352 2583 Patrem
3396 2543 3576 2581 meum

2010 2620 2199 2690 utique
2254 2617 2648 2691 cognovissetis
2680 2616 2747 2669 ".
2788 2636 2805 2668 ι
2834 2617 2970 2672 Item
3005 2634 3019 2671 :
3060 2635 3077 2667 ι
3128 2616 3183 2671 Si
3214 2618 3339 2686 quis
3374 2632 3579 2669 sermo-

2010 2724 2134 2765 nem
2167 2724 2348 2764 meurn
2399 2707 2721 2773 servaverit,
2768 2718 2998 2761 mortem
3028 2718 3136 2761 non
3180 2706 3388 2761 videbit
3421 2708 3472 2760 in
3501 2722 3578 2761 ano
3647 2734 3660 2747 -

2010 2811 2228 2856 vernum
2252 2800 2320 2856 “.
2359 2818 2377 2852 ι
2415 2801 2481 2855 Et
2505 2799 2635 2854 alibi
2675 2818 2688 2854 :
2731 2817 2748 2851 ι
2790 2800 3162 2854 Remittentur
3216 2800 3312 2854 tibi
3360 2810 3578 2864 peccata

2013 2903 2101 2949 tua
2130 2893 2194 2947 δ’.
2235 2913 2253 2945 ι
2293 2892 2423 2959 Quae
2454 2892 2635 2947 omnia
2662 2892 3060 2962 perpendentes
3078 2890 3249 2946 Judaei
3280 2892 3533 2946 dicebant
3558 2908 3575 2943 :

2020 3002 2039 3034 ο
2080 2982 2385 3050 Quemnam
2417 2983 2651 3052 teipsum
2676 2982 2848 3036 facis?
2874 2998 2997 3035 cum
3034 2982 3199 3037 homo
3232 2982 3324 3049 sia,
3360 2982 3490 3038 fac's
3524 2993 3577 3065 te

329 3074 429 3127 xiv
451 3073 718 3143 ἀποθάνῃ,
739 3073 1013 3144 ζήσεται.»
1040 3075 1168 3135 Καὶ,
1196 3074 1444 3143 ιὨσπερ
1460 3075 1485 3125 6
1510 3070 1905 3141 Πατὴρὲγείρει

2012 3072 2181 3131 Deum
2208 3076 2289 3129 ”?
2323 3094 2341 3126 ι
2371 3074 2510 3140 Quid
2538 3089 2667 3130 vero
2696 3073 2982 3129 Christus?
3015 3094 3031 3125 ι
3060 3060 3160 3143 Qui
3189 3076 3364 3130 credit
3397 3079 3448 3130 in
3471 3060 3575 3141 mn,

327 3170 455 3227 τοὺς
496 3167 721 3235 νεκροὺς
768 3167 861 3218 καὶ
913 3165 1188 3232 ζωοποιεῖ,
1240 3162 1382 3216 οὕτω
1427 3166 1520 3216 καὶ
1570 3166 1597 3215 6
1632 3162 1757 3225 Υἱὸς
1812 3161 1904 3225 οὒς

256 3268 257 3271 ‘
329 3256 474 3308 θέλει
514 3256 785 3319 ζωοποιεῖ.
824 3275 841 3307 ι
884 3257 1020 3320 Καὶ,
1056 3256 1137 3308 ὅτι
1168 3274 1186 3307 ι
1217 3254 1407 3317 Οὐδεὶς
1444 3250 1548 3305 εἶδε
1590 3254 1679 3305 τὶν
1704 3252 1831 3305 Υίδν
1856 3252 1905 3303 εἰ

333 3346 412 3413 μὴ
446 3346 474 3396 6
506 3345 714 3429 Πατὴρ,
745 3346 867 3397 οὐδὲ
894 3348 983 3397 τὸν
1018 3346 1237 3415 Πατέρα
1286 3362 1367 3407 τις
1422 3343 1670 3413 ἑώρακεν
1727 3344 1773 3394 εἰ
1831 3347 1905 3411 μὴ

302 3430 367 3487 ’ὁ
440 3437 587 3499 Υἱὸς,
646 3440 741 3490 καὶ
888 3435 1134 3507 βούλεται
1160 3439 1186 3490 ὀ
1220 3436 1341 3498 Υἱὸς
1382 3435 1755 3502 ἀποκαλύψαι.
1783 3452 1800 3485 ι
1841 3434 1902 3485 ’0

332 3528 469 3594 γοῦν
500 3529 734 3597 Χριστὸς
764 3534 789 3581 6
822 3531 994 3598 λέγων
1024 3528 1197 3583 ταῦτα
1245 3529 1340 3581 καὶ
1366 3528 1633 3581 διδάσκων
1660 3529 1787 3590 τοὺς
1818 3529 1907 3580 ἀν-

330 3623 608 3690 θρώποδς,
632 3624 924 3691 ἐρωτηθεὶς
946 3622 1138 3691 ἔμελλε
1175 3620 1404 3690 κρύψειν
1450 3620 1549 3687 τὴν
1603 3620 1906 3688 ἀλήθειαν;

331 3717 444 3768 Καὶ
497 3716 645 3774 ποῖος
695 3715 884 3783 ἄφρων
931 3714 1023 3766 καὶ
1062 3713 1263 3782 ἰυήθης
1320 3710 1579 3763 ὑπολάδοι
1620 3709 1807 3773 τοῦτο;
1844 3711 1905 3764 Εἰ

338 3803 454 3869 γὰρ
490 3801 587 3851 οὐκ
620 3797 686 3869 ἢν
716 3801 847 3862 Θεὸς
878 3803 972 3852 καὶ
1006 3800 1036 3850 Ἰ
1056 3800 1131 3861 ίὸς
1163 3797 1319 3860 Θεοῦ,
1351 3798 1449 3849 οὐκ
1485 3798 1551 3849 ἂν
1582 3792 1733 3849 εἷπον
1761 3797 1908 3867 αὐτῷ

328 3892 385 3942 οἱ
420 3891 659 3959 μαθηταὶ
677 3888 861 3953 αὑτοῦ,
884 3889 1247 3958 ἐρωτηθέντες
1279 3887 1405 3955 παρ’
1431 3887 1618 3951 αὐτοῦ,
1644 3904 1662 3936 ι
1690 3886 1825 3940 Τίνα
1842 3903 1908 3955 με

330 3985 583 4048 λέγουσιν
631 3981 681 4032 οι
743 3981 1021 4049 ἅνθρωποι
1066 3976 1205 4031 εἶναι
1256 3978 1345 4031 τὸν
1386 3980 1503 4030 υίθιν
1553 3979 1647 4031 τοῦ
1697 3978 1907 4048 ἀνθρώ·

332 4091 476 4137 ποῦς
510 4091 526 4123 ι
560 4074 654 4125 καὶ
686 4068 841 4124 εἷπον
865 4075 998 4139 πρὸς
1026 4072 1208 4135 αὑτὸν,
1255 4073 1335 4123 ὅτι
1370 4090 1388 4121 ι
1410 4072 1471 4123 Οἱ
1525 4072 1623 4139 μὲν
1654 4072 1907 4138 λέγουσιν

333 4161 479 4217 εἷναί
515 4180 573 4216 σε
612 4164 823 4227 Ἠλίαν,
853 4166 899 4215 oi
927 4164 980 4215 δὲ
1017 4163 1307 4231 Ἱερεμίαν,
1336 4162 1499 4231 ῆνένι
1533 4162 1640 4213 τῶν
1689 4177 1905 4231 προφη-

330 4258 466 4308 τὼν.
495 4274 511 4303 ι
553 4257 661 4309 Καὶ
690 4252 841 4306 εἶπεν
866 4257 1047 4316 αὐτοῖς
1076 4258 1101 4306 6
1130 4255 1383 4321 Χριστὸς,
1419 4273 1434 4304 ι
1473 4254 1659 4322 Ὑμεῖς
1693 4253 1747 4305 δὲ
1784 4253 1906 4304 τίνα

338 4365 408 4416 με
461 4348 647 4413 λέγετε
690 4343 868 4410 εἷναις
909 4363 925 4396 ι
957 4345 1065 4397 Καὶ
1104 4346 1426 4414 ἀποκριθεὶς
1450 4345 1479 4395 6
1512 4345 1716 4413 Πέτρος
1753 4340 1904 4395 εἶπεν

2009 3164 2222 3222 etiarnsi
2259 3165 2544 3227 moriatur,
2577 3166 2805 3219 vivet“.
2831 3183 2848 3216 ι
2899 3165 2965 3219 Ει
2997 3181 3012 3218 :
3051 3184 3069 3215 ι
3110 3164 3577 3230 Quemadmodum

2012 3253 2173 3307 Pater
2202 3252 2429 3307 suscitat
2464 3261 2709 3306 mortuos
2766 3265 2821 3307 ct
2877 3252 3135 3317 viviﬁcat,
3176 3255 3255 3308 sic
3290 3263 3346 3309 et
3386 3256 3579 3315 Filius.

2010 3360 2150 3413 quos
2180 3345 2438 3411 voluerit,
2473 3346 2712 3399 vivilicat
2738 3348 2803 3399 ⁵³.
2836 3365 2854 3397 ι
2914 3346 2979 3400 Et
3025 3362 3039 3400 :
3082 3365 3100 3397 ι
3130 3346 3297 3402 Nemo
3329 3349 3465 3402 vidit
3495 3348 3583 3405 Fi-

2012 3435 2167 3499 lium,
2204 3435 2310 3489 nisi
2347 3436 2532 3501 Pater,
2560 3452 2662 3490 nec
2705 3438 2919 3492 Patrem
2952 3438 3144 3506 aliquis
3180 3439 3335 3505 vidit,
3360 3439 3462 3493 nisi
3498 3440 3581 3493 1ιί-

2009 3527 2136 3590 lius,
2172 3539 2227 3581 et
2263 3529 2350 3581 cui
2389 3527 2559 3583 Filius
2601 3528 2837 3583 voluerit
2863 3529 3104 3582 revelare
3147 3531 3212 3585 ³³.
3266 3550 3285 3580 ι
3332 3531 3606 3585 Christus'

2011 3618 2175 3687 igitur
2210 3619 2321 3671 haec
2349 3618 2559 3682 dicens,
2588 3618 2897 3689 docensque
2924 3621 3189 3688 homines,
3214 3621 3581 3693 interrogatus

2012 3711 2298 3763 veritatem
2336 3711 2574 3764 celaret?
2618 3711 2683 3763 Et
2716 3715 2838 3779 qu;s
2872 3712 2953 3764 ιιι-1
2995 3713 3222 3767 insanus
3254 3714 3336 3767 vel
3381 3715 3581 3768 stultus

2016 3802 2117 3855 hoc
2144 3802 2433 3857 crederet?
2473 3803 2528 3856 Si
2570 3805 2715 3857 enim
2759 3820 2863 3857 non
2896 3815 3013 3858 erat
3042 3805 3204 3868 Deus,
3240 3821 3341 3860 nec
3374 3808 3466 3861 Dei
3498 3808 3584 3861 Fi-

2012 3893 2139 3959 lius,
2184 3909 2291 3947 non
2326 3896 2515 3963 utique
2550 3894 2803 3964 discipuli
2833 3897 2951 3963 ejus
2982 3896 3051 3949 ab
3095 3897 3186 3949 illo
3214 3898 3529 3967 interrogati
3567 3918 3580 3953 :

2021 4004 2037 4034 ι
2078 3985 2249 4051 Quem
2280 4000 2365 4040 me
2397 3986 2591 4040 dicunt
2619 3986 2867 4040 homines
2897 4001 3018 4041 esse
3055 3988 3224 4040 lilium
3247 3988 3526 4043 hominis?
3561 4012 3577 4040 ι

2012 4076 2275 4130 dixissent
2309 4076 2405 4138 illi,
2443 4093 2460 4125 ι
2501 4076 2603 4129 Alii
2646 4078 2866 4144 quidem
2906 4086 2955 4131 te
2993 4078 3182 4132 dicunt
3219 4094 3339 4134 esse
3388 4079 3579 4143 Ellum,

2013 4166 2105 4219 alii
2134 4168 2448 4231 Jeremiam,
2483 4168 2567 4221 vel
2614 4183 2779 4220 unum
2811 4169 3222 4237 prophetarum.
3272 4189 3289 4221 ι
3343 4172 3408 4225 Ει
3447 4174 3585 4225 dixit

2013 4257 2119 4309 illis
2157 4256 2414 4313 Christus
2442 4274 2455 4310 :
2492 4276 2509 4309 ι
2546 4259 2651 4312 Vos
2694 4274 2824 4312 vero
2852 4275 3011 4327 quem
3045 4276 3130 4315 me
3161 4262 3343 4316 dicitis
3373 4266 3524 4318 esse?
3558 4285 3576 4316 ι

2019 4349 2080 4399 Et
2112 4350 2447 4416 respondens
2477 4350 2692 4411 Petrus,
2728 4350 2862 4403 dixit
2894 4351 2970 4404 illi
2999 4367 3017 4409 ;
3052 4371 3070 4402 ι
3109 4353 3188 4406 Tu
3217 4370 3276 4409 es
3306 4356 3578 4418 Christus,

336 4438 511 4506 αὐτῷ,
564 4438 642 4488 δτι
680 4455 696 4487 ι
722 4438 794 4488 Συ
836 4433 885 4489 εἷ
924 4437 950 4487 6
985 4434 1239 4505 Χριστὸς,
1273 4436 1301 4486 6
1339 4435 1462 4495 Υἱὸς
1504 4434 1597 4486 τοῦ
1648 4434 1783 4486 Θεοῦ
1810 4434 1904 4487 τοῦ

2021 4437 2187 4491 Filius
2227 4440 2316 4491 Dei
2348 4440 2581 4493 viventis
2604 4440 2669 4492 “.
2715 4459 2732 4491 ι
2774 4441 3008 4497 Dixisset
3041 4453 3168 4498 tunc
3202 4444 3454 4500 Christus
3487 4450 3583 4502 [³ο-

340 4528 567 4590 ξῶ“οτος.
600 4547 617 4578 ι
654 4528 885 4597 Ἔμελλε
920 4530 1011 4580 καὶ
1044 4530 1152 4597 γὰρ
1182 4528 1353 4579 εἰπεῖν
1384 4528 1411 4578 6
1441 4527 1671 4595 Χριστὸς
1706 4526 1782 4595 τῷ
1808 4529 1913 4579 Πέ-

336 4636 472 4687 τρῳ,
507 4620 588 4671 ὅτι
615 4638 631 4670 ι
668 4620 1046 4687 Πεπλάνησαι,
1086 4620 1422 4688 βλασφήμως
1447 4619 1697 4688 εἴρηκας,
1730 4620 1913 4681 κακῶς

337 4711 667 4780 λελάληκας,
688 4711 787 4762 οὐκ
814 4712 930 4778 εἰμὶ
954 4710 1079 4771 Υἱὸς
1102 4710 1261 4765 Θεοῦ.
1295 4728 1312 4761 r
1341 4710 1449 4761 Καὶ
1479 4710 1587 4777 γὰρ
1610 4710 1733 4761 ἐπεὶ
1760 4711 1905 4763 διδά-

340 4803 539 4864 σκαλος
572 4801 751 4854 αὐτῶν
778 4798 847 4872 ἦν
886 4802 914 4853 6
941 4800 1198 4869 Χριστὸς,
1225 4801 1277 4853 τί
1312 4801 1499 4870 ἕτερον
1532 4801 1725 4871 ἔμελλε
1755 4801 1903 4856 ὃιδά·

343 4908 492 4943 σκειν
528 4894 725 4954 αὐτοὺς
755 4896 800 4945 εί
834 4894 908 4961 μὴ
940 4891 1040 4961 τὴν
1097 4890 1385 4959 ἀλήθειαν;
1429 4892 1493 4942 Τί
1545 4876 1675 4957 γοῦν
1703 4894 1731 4944 6
1761 4894 1901 4961 Χρι-

347 4986 483 5047 στὸς
524 4986 600 5053 τῷ
650 4985 856 5053 Σίμωνι
890 4984 1111 5055 Πέτρῳ;
1150 5003 1167 5036 ι
1195 4984 1479 5054 Μακάριος
1508 4981 1578 5051 εἴ,
1609 4986 1791 5055 Σίμων
1821 4987 1904 5039 υἱὲ

342 5075 434 5125 τοῦ
471 5075 648 5139 Ἰωνᾶ,
693 5078 774 5127 ὅτι
832 5075 972 5145 σὰρξ
1022 5078 1114 5127 καὶ
1150 5070 1287 5144 αἷμα
1317 5077 1416 5128 οὐκ
1446 5076 1762 5145 ἀπεκάλυψέ
1799 5095 1902 5139 σοι,

347 5165 457 5216 ἀλλ’
486 5168 514 5217 6
542 5166 734 5235 Πατήρ
774 5182 876 5233 μου
908 5168 935 5217 6
969 5168 1025 5217 ὲν
1052 5168 1163 5227 τοῖς
1194 5167 1463 5235 οὐρανοῖς.
1491 5184 1510 5217 ι
1544 5169 1658 5219 Οὐκ
1696 5168 1906 5234 ἀγνοῶν

347 5256 399 5307 δὲ
426 5258 608 5325 ἠρώτα
654 5259 681 5307 6
731 5257 964 5326 Χριστὸς
996 5258 1084 5309 τὸν
1133 5258 1334 5326 Πέτρον
1387 5258 1467 5323 τὸ,
1496 5258 1614 5309 τίνα
1658 5258 1909 5324 λέγουσιν

350 5344 481 5399 εἶναι
549 5349 709 5401 αὑτὸν
759 5350 809 5401 οἱ
857 5349 1079 5416 ἄνθρωπ
1115 5366 1150 5413 ι,
1187 5349 1301 5400 ἀλλ’
1336 5349 1525 5419 ὥσπερ
1559 5350 1648 5403 ἐπὶ
1677 5350 1771 5401 τοῦ
1800 5353 1906 5401 Λα-

348 5437 509 5504 ζάρου
542 5440 648 5508 πρὸ
676 5439 769 5491 τοῦ
801 5439 1032 5491 θανάτου
1079 5440 1285 5491 ἐκείνου
1330 5440 1533 5507 ἔλεγεν,
1562 5442 1642 5492 ὅτι
1682 5460 1698 5491 ι
1726 5442 1905 5502 Λάζα-

354 5542 441 5594 ρος
466 5532 491 5580 6
519 5530 668 5595 φίλος
724 5530 883 5598 ἡμῶν
914 5528 1208 5593 ἀπέθανεν,
1262 5530 1396 5581 ἀλλὰ
1430 5530 1736 5599 πορεύομαι
1775 5533 1900 5582 ἁνα-

440 5641 485 5672 “
520 5642 673 5696 Joan.
706 5657 817 5704 xiv,
864 5641 916 5695 9.
996 5641 1040 5672 “
1064 5640 1220 5694 Joan.
1263 5658 1314 5702 κ,
1363 5642 1451 5697 50.
1527 5643 1570 5673 ⁸⁷
1608 5643 1767 5696 Joan.
1822 5644 2053 5707 vm,19.

350 5709 392 5741 "
431 5710 582 5765 Joan.
635 5728 709 5775 xl,
756 5712 845 5764 25.
920 5711 963 5744 ⁸¹
1003 5710 1158 5763 Joan.
1196 5727 1244 5769 v.
1274 5713 1363 5765 2|.
1440 5713 1483 5744 ³³
1522 5712 1708 5765 Matth.
1748 5715 1930 5775 si,27.

636 5808 901 5867 Parnm.
933 5808 1045 5865 Gn.
1091 5802 1262 5863 CLIV

1314 5986 1345 6007 ι,

2006 5718 2051 5745 ⁵³
2089 5715 2274 5768 Matth.
2322 5732 2428 5780 XVI,
2476 5718 2651 5770 13-16.

2017 4539 2102 4583 tro
2138 4548 2151 4583 :
2195 4548 2212 4579 ι
2248 4530 2536 4593 Erravisti,
2593 4531 2759 4600 impie
2804 4532 3021 4587 locutus
3072 4550 3133 4588 es
3193 4547 3247 4590 et
3280 4553 3579 4605 perverso:

2014 4636 2120 4675 non
2145 4623 2290 4675 enim
2314 4623 2481 4677 Filius
2510 4623 2603 4677 Dei
2632 4639 2773 4678 sum.
2805 4643 2823 4675 ι
2858 4624 2990 4679 Cum
3015 4628 3160 4680 enim
3188 4640 3487 4699 pracceptnr
3515 4632 3581 4682 il-

2016 4714 2193 4767 lorum
2222 4715 2477 4769 Christus
2500 4724 2667 4777 esset,
2699 4716 2893 4785 ecquid
2918 4717 3064 4772 aliud
3100 4734 3262 4787 quam
3298 4722 3579 4773 veritatem

2010 4815 2130 4859 erat
2167 4806 2289 4861 illos
2320 4806 2620 4861 docturus?
2669 4807 2808 4874 Quid
2857 4818 3036 4862 autem
3072 4808 3325 4864 Christus
3371 4810 3579 4865 Simoni

2003 4893 2165 4950 Petro
2198 4896 2521 4964 respondet?
2544 4915 2561 4945 ι
2582 4897 2778 4950 Beatus
2802 4912 2882 4961 es,
2921 4896 3108 4951 Simon
3133 4898 3204 4950 ﬁli
3243 4899 3399 4959 Jona,
3443 4914 3582 4966 quo-

2017 4987 2167 5039 niam
2194 5001 2322 5039 caro
2355 4994 2411 5039 et
2444 4987 2663 5056 sanguis
2699 5002 2807 5039 non
2856 4989 3117 5041 revelavit
3151 4987 3265 5049 tibi,
3298 4988 3389 5039 sed
3422 4987 3583 5040 Pater

2007 5091 2189 5137 meus,
2223 5078 2314 5143 qui
2370 5078 2423 5129 in
2481 5077 2635 5131 cmlis
2690 5087 2773 5131 est
2794 5078 2859 5131 ".
2922 5096 2940 5127 ι
2994 5076 3245 5131 Christus
3301 5092 3431 5131 vero
3472 5094 3581 5130 non

2017 5169 2169 5234 quasi
2211 5168 2464 5237 ignorans
2508 5168 2861 5237 interrogavit
2902 5170 3139 5230 Petrum,
3194 5183 3482 5238 quemnam
3521 5168 3585 5222 ii-

2018 5260 2129 5311 lum
2156 5272 2275 5313 esse
2309 5257 2553 5312 dicerent
2588 5259 2857 5324 homines,
2893 5260 2985 5314 sed
3021 5260 3581 5329 quemadmodumdo

2018 5347 2222 5400 Lazaro
2292 5362 2606 5415 priusquam
2656 5360 2958 5402 moreretur
2987 5350 3203 5403 dicebat
3237 5366 3250 5401 :
3292 5368 3308 5400 ι
3346 5349 3581 5403 Lazarus

2012 5439 2219 5492 amicus
2262 5432 2444 5492 noster
2478 5451 2724 5495 mortuus
2753 5448 2856 5497 est.
2897 5439 2989 5493 sed
3019 5443 3171 5502 abeo,
3217 5448 3272 5493 et
3303 5435 3579 5494 suscitabh

2012 5533 2182 5595 illum,
2227 5550 2243 5581 ι
2277 5532 2552 5600 profectus
2589 5548 2718 5586 vero
2780 5533 2905 5586 illuc
2955 5533 3322 5601 interrogabat
3354 5554 3366 5588 :
3401 5552 3417 5585 ι
3477 5534 3579 5589 Ubi

2133 5646 2175 5675 ει
2217 5645 2345 5699 ibid.
2381 5646 2469 5699 δε.
2573 5647 2617 5678 δ’
2659 5646 2851 5701 Matth.
2889 5665 2960 5710 ιτς,
2988 5647 3041 5701 2.
3120 5650 3165 5680 σο
3204 5650 3362 5706 Joan.
3399 5669 3447 5717 χ,
3491 5655 3579 5708 3.3.

2728 5720 2770 5749 "“
2814 5719 2943 5771 ibid.
2984 5720 3069 5771 17.

3201 5822 3269 5877 17
