3970 6212
329 364 434 431 523

1522 355 1843 419 JUANNIS
1891 352 2420 415 CANTACUZENI

3490 355 3599 421 526

324 479 586 551 posuistis
617 478 790 533 eum?
825 492 842 526 ι
906 473 1112 529 Deinde
1163 487 1288 527 cum
1342 468 1665 525 auctoritate
1704 466 1844 521 dixit
1889 482 1897 520 :

2013 466 2228 533 στήσων
2256 465 2452 523 αύτόν;
2481 481 2501 517 ι
2540 464 2829 535 πορευθεὶς
2877 462 2933 519 δὲ
2971 467 3194 539 ἧρὼτα,
3234 487 3253 520 ι
3279 469 3389 524 Ποῦ
3420 470 3599 527 τεθεί-

329 594 347 626 ι
383 574 604 636 Lazare,
639 573 724 625 cxi
757 569 899 622 foras
925 566 990 631 ",
1036 584 1054 616 ι
1090 575 1144 619 et
1177 562 1423 617 ohedhit
1467 561 1734 616 exanimis
1784 576 1905 614 ver-

323 669 395 723 bo
429 664 675 730 Domini;
704 670 784 722 ut,
822 660 1069 727 inquam,
1100 656 1353 712 Christus
1386 655 1501 709 hare
1538 652 1683 718 fecit,
1721 663 1904 707 osten-

320 760 457 814 dens
512 768 666 809 suam
748 750 1089 804 divinitatem
1146 755 1204 801 et
1271 744 1670 799 humanitatem
1738 759 1751 794 :
1824 739 1903 796 sic

318 853 481 905 etiam
513 859 661 900 nunc
688 844 1046 909 interrogavit
1098 839 1422 908 discipulos,
1472 845 1532 891 ut
1584 835 1903 890 ostenderet

318 959 377 997 se
407 941 575 994 Deum
603 936 723 991 esse
749 945 804 989 et
844 934 1145 996 hominem,
1180 940 1236 985 et
1269 941 1328 984 ut
1360 948 1390 985 a
1418 929 1599 999 parvis
1630 928 1803 981 initiis
1833 926 1898 981 ad

318 1033 595 1101 fastigium
627 1030 876 1084 veritatis
932 1018 1390 1097 perducerentar.
1448 1023 1721 1078 Cazterum
1781 1030 1935 1091 post-

318 1125 491 1193 ipsam
542 1134 763 1191 quoque
809 1117 1300 1181 resurrectionem,
1352 1115 1613 1185 quidnam
1664 1112 1902 1167 Thomas

314 1213 475 1281 dixit,
503 1213 597 1282 qui
638 1222 694 1264 et
718 1212 834 1280 ipse
864 1223 1006 1262 unus
1055 1216 1173 1261 erat
1200 1222 1230 1261 e
1256 1205 1545 1260 duodecim
1582 1202 1902 1273 discipulis?

239 1370 253 1383 .
316 1303 422 1370 Qui
482 1309 833 1357 contrectato
891 1298 1100 1354 Christi
1145 1298 1339 1360 latere,
1394 1295 1713 1364 planissime
1756 1293 1898 1348 idem

314 1397 456 1451 dixit
496 1413 513 1451 :
564 1412 583 1447 ι
634 1394 901 1448 Domitius
947 1406 1122 1457 meus,
1151 1400 1209 1445 et
1242 1389 1387 1445 Deus
1417 1403 1573 1444 meus
1599 1388 1666 1441 ".
1702 1407 1720 1438 ι
1758 1384 1899 1453 Quid

314 1495 497 1543 autem
532 1485 610 1540 illi
651 1483 938 1540 Christus?
990 1481 1111 1536 Non
1176 1479 1333 1542 dicit,
1396 1477 1595 1534 Desine
1643 1476 1900 1547 blasphe-

318 1593 489 1640 mare,
516 1576 611 1632 sed
636 1574 804 1645 quid?
854 1593 871 1625 ι
899 1571 1039 1640 Quia
1068 1572 1251 1627 vidisti
1283 1585 1389 1630 me.
1415 1568 1719 1625 credidisti.
1750 1567 1900 1621 Beati

312 1673 405 1742 qui
447 1686 557 1724 non
593 1667 802 1732 vident,
835 1674 892 1721 et
939 1665 1176 1721 credunt
1196 1664 1262 1717 ⁸⁸.
1295 1680 1312 1713 ι
1348 1663 1491 1730 Quin
1534 1664 1588 1717 in
1637 1660 1903 1731 praedica-

314 1763 480 1816 tionis
506 1760 689 1827 initio,
711 1758 973 1829 quidnam
1000 1756 1301 1812 Nathanael
1331 1756 1398 1811 ad
1422 1756 1700 1811 Christum
1732 1752 1904 1808 diett?

2008 573 2142 609 κατε
2166 556 2361 619 αὐτόν;
2397 575 2414 607 ι
2453 551 2572 610 εἶτα
2599 556 2820 629 ἐξουσίᾳ
2849 557 3101 628 ὲλάλησε,
3136 578 3153 611 ι
3176 560 3417 632 Λάζαρε,
3436 562 3601 635 δεῦρο

2007 648 2134 715 ἔξω,
2182 668 2200 701 ι
2242 649 2337 702 καὶ
2399 649 2711 718 ὑπήκουσεν
2762 652 2791 704 6
2841 652 3048 715 ἄπνους
3094 653 3174 723 τῷ
3240 654 3336 707 τοῦ
3386 656 3595 725 Κυρίου

2008 741 2395 810 προστάγματι
2429 758 2442 771 ο
2477 742 2739 796 δεικνύων
2794 745 2892 810 τήν
2934 761 2995 797 τε
3026 745 3193 799 αὐτοῦ
3233 744 3466 817 θεότητα
3500 750 3596 803 καὶ

2013 833 2444 905 ἀνθρωπότητα·
2491 834 2635 888 οὕτω
2684 838 2781 890 καὶ
2830 838 2973 891 κατὰ
3014 838 3074 891 τὸ
3126 839 3304 910 παρὸν
3336 839 3595 911 ἠρώτησε

2007 924 2145 994 πρὸς
2179 926 2302 985 τοὺς
2359 923 2629 993 μαθητὰς,
2674 925 2763 980 ἵνα
2801 926 2952 1000 δείξῃ
2994 929 3158 982 αὑτὸν
3204 930 3341 983 Θεὸν
3367 933 3461 984 καὶ
3496 932 3596 985 ἇν-

2006 1014 2250 1084 θρωπον,
2286 1018 2378 1068 καὶ
2426 1017 2516 1069 ἵνα
2567 1019 2630 1070 ἐκ
2665 1017 2757 1070 τοῦ
2787 1021 3135 1091 καταμικρὺν
3167 1023 3482 1090 ἀνάγωνται
3516 1026 3599 1085 είς

2004 1108 2064 1159 τὸ
2090 1106 2222 1176 Wo;
2246 1108 2343 1177 τῆς
2371 1108 2606 1179 ἀληθοῦς
2643 1110 3089 1178 γνὼσεως.“Αλλὰ
3118 1114 3183 1184 δὴ
3212 1115 3304 1167 καὶ
3333 1116 3474 1185 μετὰ
3494 1116 3599 1186 τὴν

2005 1196 2306 1248 ἀνάστασιν
2343 1197 2397 1248 τί
2447 1193 2601 1250 εἶπεν
2659 1201 2687 1252 6
2737 1199 2977 1268 Θωμᾶς,
3037 1197 3119 1265 εἷς
3161 1200 3239 1256 ὢν
3278 1202 3387 1257 καὶ
3432 1205 3598 1267 αὐτὸς

2004 1286 2113 1342 τῶν
2171 1284 2381 1340 δώδεκα
2439 1290 2719 1360 μαθητῶν,
2784 1291 3117 1362 ψηλαφήσας
3180 1292 3281 1365 τὴν
3350 1296 3596 1367 πλευρὰν

2003 1377 2097 1431 τοῦ
2153 1379 2423 1449 Χριστοῦ;
2477 1382 2699 1445 Πάντως
2759 1384 2853 1436 καὶ
2901 1376 3066 1448 άιτδς
3122 1385 3297 1449 οὓτως
3344 1388 3593 1460 εἴρηκεν,

1970 1524 1975 1527 ,
2010 1490 2030 1523 ι
2064 1471 2123 1524 'O
2184 1472 2389 1543 Κύριός
2451 1491 2555 1544 μου
2605 1477 2699 1529 καὶ
2736 1479 2763 1530 6
2810 1477 2945 1541 Θεός
2998 1496 3161 1549 μου.»
3198 1481 3267 1535 Τί
3292 1481 3426 1548 γοῦν
3456 1500 3595 1551 φησι

2005 1564 2101 1617 καὶ
2127 1564 2265 1634 πρὸς
2296 1567 2461 1622 αὐτὸν
2484 1569 2512 1620 6
2537 1569 2813 1636 Χριστός;
2846 1570 2961 1623 Οὐκ
2991 1566 3147 1626 εἶπεν
3175 1572 3345 1643 αὐτῷ,
3378 1574 3596 1627 Παῦσαι

2006 1657 2368 1728 βλασφημῶν,
2397 1660 2532 1714 ἀλλὰ
2552 1663 2641 1727 τίς
2684 1682 2701 1713 ι
2735 1662 2855 1716 Ὅτι
2881 1662 3130 1737 ἑώρακάς
3174 1684 3263 1737 με,
3300 1668 3597 1720 πεπίστευ-

2006 1764 2135 1811 κας.
2171 1748 2451 1819 Μακάριοι
2485 1752 2533 1803 οί
2582 1750 2664 1822 μὴ,
2709 1751 2931 1818 ἰδόντες,
2982 1757 3077 1808 καὶ
3123 1756 3542 1820 πιστεύσαντες.
3571 1776 3592 1808 ι

312 1855 432 1924 Ipse
465 1854 611 1907 enim
634 1851 936 1907 Nathanael
962 1851 1101 1921 legis
1124 1849 1319 1903 doctor
1344 1857 1459 1903 erat
1493 1845 1636 1918 apud
1659 1845 1897 1910 Judzros,

2021 1838 2182 1894 Ἀλλὰ
2212 1836 2305 1894 καὶ
2339 1842 2396 1894 ἐν
2424 1845 2492 1913 τῇ
2532 1843 2674 1915 ἀρχῇ
2727 1836 2822 1898 τοῦ
2873 1848 3234 1918 κηρύγματος
3263 1851 3317 1902 τί
3367 1848 3522 1904 εἶπεν
3565 1853 3594 1903 6

312 1947 653 2016 veniensque
701 1944 767 1999 ad
800 1944 1108 2010 Christum,
1164 1938 1524 2011 interrogavit
1571 1953 1711 1993 eunt
1751 1952 1899 2007 qum-

311 2052 530 2108 eunque
572 2037 748 2091 voluit
778 2046 834 2091 et
875 2034 1162 2105 cupiebat;
1213 2048 1340 2088 cum
1387 2046 1521 2086 vero
1562 2046 1627 2085 ex
1677 2030 1897 2085 Christo

310 2133 475 2187 etiam
502 2146 565 2184 ea
618 2128 968 2199 COgnevisset
1001 2141 1124 2196 qua:
1150 2127 1339 2179 animo
1370 2139 1471 2181 suo
1501 2124 1769 2178 occultata
1816 2132 1896 2175 te-

310 2221 492 2289 gebat,
529 2217 664 2271 dicit
696 2216 764 2271 ad
798 2216 983 2271 Jesum
1017 2235 1030 2271 :
1069 2234 1088 2267 ‹
1128 2214 1210 2268 Tu
1260 2229 1321 2269 es
1352 2214 1442 2268 ille
1475 2215 1645 2269 Filius
1694 2212 1811 2276 Dei,
1840 2222 1895 2267 tu

310 2325 371 2364 es
427 2309 516 2363 ille
567 2323 659 2362 rex
709 2307 954 2362 lsraelis.
999 2325 1019 2358 ι
1059 2306 1201 2361 Num
1237 2317 1419 2361 autem
1460 2306 1607 2360 hunc
1643 2294 1898 2360 Christus

313 2415 413 2454 ceu
445 2400 586 2455 male
631 2399 909 2454 dicentem
956 2398 1276 2468 increpuit?
1325 2397 1703 2466 Nequaquam.
1757 2396 1898 2462 Quid

313 2492 477 2546 vero?
505 2490 644 2546 Dicit
691 2490 770 2545 illi
810 2490 1121 2545 Christus:
1175 2508 1193 2540 ι
1262 2488 1400 2554 Quia
1456 2488 1569 2541 dixi
1620 2488 1716 2542 tibi
1777 2502 1901 2556 qua:

313 2582 782 2638 cordeoccultata
819 2583 1061 2651 tegebas,
1106 2580 1314 2636 credis.
1368 2579 1571 2651 Majora
1615 2580 1701 2635 his
1749 2580 1900 2634 vide-

314 2677 399 2731 lis
416 2676 483 2730 ⁸⁸.
514 2696 531 2726 ι
568 2676 633 2730 Et
669 2688 793 2729 cum
822 2673 1124 2727 Christusa
1150 2674 1325 2728 Pilato
1347 2674 1716 2743 interrogatus
1738 2672 1897 2738 dixit,

316 2784 334 2817 ι
378 2767 460 2820 Tu
498 2766 685 2819 dixisti
708 2766 787 2829 °°,
831 2782 852 2815 ι
888 2779 998 2818 non
1039 2763 1351 2834 negationis
1401 2763 1634 2818 formula
1664 2770 1769 2826 est,
1802 2763 1899 2817 sed

308 2855 686 2912 atlirmationis
713 2866 770 2912 et
798 2855 1185 2919 eoitfessionis,
1218 2871 1323 2925 qua
1389 2855 1555 2908 etiam
1588 2854 1654 2907 ad
1702 2853 1897 2908 ludam

314 2966 444 3006 usus
471 2959 578 3005 est.
607 2950 745 3004 Cum
780 2950 930 3004 enim
955 2964 1080 3004 cum
1107 2947 1393 3016 discipulis
1421 2948 1537 3001 suis
1587 2946 1901 3001 discubuis-

310 3056 415 3108 set,
453 3044 592 3097 dixit
618 3043 686 3096 ad
716 3058 815 3098 eos
854 3060 866 3097 :
903 3062 921 3094 ι
962 3042 1117 3097 Unus
1163 3051 1408 3095 vestrum
1466 3039 1662 3109 prodet
1710 3054 1815 3093 me.
1873 3057 1892 3090 ι

310 3137 376 3189 Et
406 3136 662 3189 dixerunt
685 3134 986 3204 singuli‘dc
1011 3118 1129 3188 sese
1167 3149 1181 3184 :
1226 3151 1247 3184 ι
1280 3132 1421 3186 Num
1460 3146 1561 3202 ego
1607 3146 1753 3195 sum,
1794 3131 1898 3184 Do-

2003 1928 2296 2004 Ναθαναὴλ
2337 1932 2473 2005 πρὸς
2515 1936 2606 1988 τὸν
2638 1937 2905 2008 Χριστόνς
2945 1941 3054 1993 Kal
3085 1942 3193 2010 γὰρ
3231 1943 3260 1994 6
3282 1943 3444 2005 αὐτὸς
3480 1940 3594 1996 Να-

2007 2023 2215 2095 θαναὴλ
2241 2022 2695 2093 νομοδιδάσκαλος
2728 2028 2804 2084 ὢν
2835 2030 2946 2085 τῶν
2987 2032 3279 2096 Ἰουδαίων,
3314 2034 3484 2088 ἐλθὼν
3508 2039 3593 2098 εἰς

2004 2116 2097 2168 τὸν
2127 2119 2389 2189 Χριστὸν,
2431 2119 2724 2191 ἠρώτησεν
2761 2122 2925 2176 αὑτὸν
2972 2125 3073 2178 ὅσα
3108 2126 3266 2195 ήθελε
3310 2129 3405 2180 καὶ
3432 2127 3594 2182 ἐδού-

2007 2209 2131 2262 λετο
2167 2224 2179 2237 ’
2233 2213 2479 2276 ἀκούσας
2524 2213 2581 2265 δὲ
2632 2216 2766 2285 παρ’
2798 2214 2963 2269 αὑτοῦ
2997 2217 3092 2269 τοῦ
3146 2219 3404 2290 Χριστοῦ,
3443 2222 3593 2292 ἅπερ

2004 2303 2155 2380 εἶχεν
2185 2307 2477 2378 ἀπόρρητα
2510 2307 2569 2359 ὲν
2602 2309 2669 2380 τῇ
2703 2307 2904 2380 καρδίᾳ
2939 2310 3128 2377 αὑτοῦ,
3162 2312 3310 2380 λέγει
3354 2314 3433 2383 τῷ
3483 2315 3593 2385 Ἰη-

2004 2401 2121 2465 σοῦ,
2161 2419 2181 2451 ¢
2205 2400 2276 2453 Σὺ
2309 2398 2359 2452 εί
2412 2402 2439 2453 6
2485 2399 2613 2463 Υἱὸς
2662 2400 2755 2454 τοῦ
2803 2396 2965 2467 Θεοῦ,
2996 2403 3060 2455 σὺ
3081 2397 3130 2455 el
3159 2405 3189 2457 6
3214 2403 3467 2474 βασιλεὺς
3488 2407 3587 2460 τοῦ

2014 2492 2258 2563 Ἰσραήλ.
2298 2510 2317 2542 ι
2364 2491 2699 2563 Ἔπετίμησε
2735 2492 2868 2560 γοῦν
2926 2494 3076 2565 αύτῷ
3133 2496 3161 2547 6
3222 2498 3477 2568 Χριστὸς,
3508 2499 3590 2561 ὡς

2003 2584 2192 2646 κακῶς
2232 2583 2564 2654 λαλήσαντις
2609 2579 2765 2653 υύχί.
2804 2584 2967 2638 ’Λλλὰ
2997 2586 3093 2653 τίς»
3114 2588 3277 2655 Λέγει
3313 2591 3449 2657 πρτς
3480 2591 3589 2641 αὐ-

2000 2678 2093 2753 τὸν
2130 2680 2157 2731 ὁ
2186 2679 2461 2743 Χριστόςο
2502 2696 2520 2728 ι
2564 2680 2687 2730 ’Ὀτι
2721 2675 2875 2731 εἶπόν
2920 2697 3003 2732 σοι
3051 2680 3119 2734 τὰ
3149 2682 3439 2753 ἀπόρρητα
3486 2683 3595 2752 τῆς

2002 2768 2233 2836 καρδίας
2270 2785 2388 2833 σου,
2437 2768 2718 2831 πιστεύεις
2743 2786 2762 2802 σ
2792 2769 2964 2840 μείζω
3012 2771 3219 2824 τούτων
3250 2773 3388 2841 ὄψει.
3421 2793 3439 2825 ι
3474 2776 3590 2827 Kal

2002 2861 2085 2913 ὅτι.
2126 2862 2228 2930 μὲν
2300 2859 2601 2933 ἐρωτηθεὶς
2652 2864 2804 2931 παρὰ
2858 2862 2950 2915 τοῦ
3008 2862 3244 2915 Πιλάτου
3274 2867 3300 2917 6
3331 2863 3586 2934 Χριστὸς,

2001 2950 2176 3013 οὕτως
2236 2951 2482 3022 εἴρηκεν,
2532 2953 2617 3004 ὅτι
2677 2970 2693 3002 ι
2722 2953 2796 3005 Σὺ
2845 2948 3009 3013 εἶπας
3051 2953 3232 3020 τοῦτο,
3262 2974 3280 3005 ι
3346 2955 3588 3007 τοιοῦτόν

2003 3044 2174 3108 ἐστιν,
2207 3043 2323 3096 ἀλλ’
2353 3045 2450 3096 οὐκ
2482 3043 2635 3097 ἔστιν
2690 3046 2977 3116 ἀρνήσεως
2999 3045 3177 3116 λόγος,
3220 3048 3355 3101 ἀλλά
3380 3066 3587 3114 συγκα-

2001 3133 2276 3203 ταθέσεως
2302 3139 2398 3189 καὶ
2426 3136 2742 3206 ὁμολογίας.
2760 3138 2865 3191 Kal
2892 3139 3083 3211 ὥσπερ
3117 3141 3252 3211 πρὸς
3275 3142 3365 3194 τὸν
3380 3141 3587 3195 Ἰούδαν

312 3228 461 3281 tuine
482 3227 504 3280 ἲ
529 3236 581 3281 et
605 3194 833 3288 allusit
860 3226 1001 3282 Num
1034 3240 1135 3294 ego
1166 3226 1326 3282 sum?
1360 3244 1378 3277 ι
1417 3194 1562 3279 Dixit
1592 3194 1813 3278 tandem
1841 3231 1897 3276 et

2002 3197 2156 3274 εἶπεο
2190 3194 2501 3292 καθήμενος
2517 3194 2616 3276 καί
2649 3194 2759 3296 γαρ
2785 3229 2841 3279 ἐν
2868 3229 2967 3298 μιᾷ
2992 3229 3020 3280 6
3048 3194 3281 3296 ligio-c6;
3314 3232 3451 3299 μετὰ
3471 3231 3582 3283 τῶν

307 3318 499 3382 ludas,
546 3337 565 3371 ι
621 3319 761 3374 Num
804 3333 906 3390 ego
952 3317 1112 3372 sum?
1164 3337 1183 3369 ι
1245 3316 1387 3372 Dicit
1418 3316 1692 3377 Christus,
1741 3333 1758 3366 ι
1812 3315 1893 3369 'l‘u

313 3412 521 3468 dixisti.
558 3430 577 3464 ι
611 3410 733 3467 Haec
778 3427 910 3466 sane
954 3426 1064 3466 non
1114 3409 1348 3481 negandi
1378 3408 1571 3479 ﬁgura,
1616 3408 1710 3463 sed
1745 3407 1894 3461 afﬁr-

308 3504 494 3559 mandi
525 3513 665 3569 erat,
699 3518 806 3572 qua
836 3502 1028 3557 eadem
1081 3500 1256 3557 Pilato
1289 3500 1593 3571 reSpondit.
1638 3498 1894 3554 For-mula

310 3600 458 3653 enim
493 3606 610 3652 erat
656 3596 730 3651 illi
761 3595 913 3666 genti
955 3594 1272 3665 peculiaris,
1300 3608 1407 3664 qua
1434 3593 1602 3648 etiam
1641 3607 1741 3647 ceu
1771 3590 1894 3644 vulé

308 3689 419 3760 gari
447 3701 502 3745 et
537 3691 736 3744 usitata
781 3687 1038 3741 Christus
1090 3701 1224 3741 usus
1274 3695 1381 3748 est,
1429 3682 1895 3753 quemadmodum

308 3784 473 3837 etiam
512 3782 656 3851 apud
708 3780 1081 3835 Musulmanos
1120 3777 1437 3847 frequenter
1467 3777 1524 3831 in
1570 3791 1671 3830 usu
1706 3784 1808 3829 cst.
1837 3773 1895 3828 Si

310 3876 458 3930 enim
487 3875 617 3943 quis
645 3872 792 3926 dicat
840 3871 1076 3925 alterum
1122 3867 1482 3931 consulendo,
1538 3865 1896 3921 Faciemusne

312 3967 416 4019 hoc
462 3974 558 4027 aut
596 3962 765 4016 illud?
811 3971 941 4015 tunc
972 3974 1069 4029 pro
1123 3975 1189 4013 eo
1239 3958 1385 4028 quod
1415 3960 1555 4012 alter
1582 3957 1765 4023 dicere
1796 3960 1891 4013 de-

310 4056 495 4119 bebat,
533 4055 689 4119 Fiat,
738 4054 893 4115 dicit,
941 4072 963 4103 ι
999 4051 1078 4105 Tn
1108 4050 1329 4106 novisti.
1374 4070 1394 4102 ι
1428 4050 1617 4119 Neque
1668 4050 1773 4104 hoc
1804 4064 1900 4103 ne-

310 4149 493 4220 gandi,
521 4148 615 4202 sed
651 4145 988 4201 assentiendi
1041 4144 1274 4199 formula
1310 4152 1415 4199 est.
1452 4143 1529 4198 lta
1555 4153 1611 4197 et
1640 4142 1901 4197 Christus

314 4246 414 4297 hac
443 4242 551 4295 illis
581 4242 780 4294 usitata
829 4237 1087 4301 formula,
1128 4255 1146 4286 ι
1188 4234 1270 4290 Tu
1297 4235 1508 4301 dixisti,
1558 4254 1576 4288 ι
1628 4251 1759 4291 usus
1790 4247 1892 4291 est.

313 4334 683 4389 Nihilominus
720 4339 901 4385 tamen
936 4331 1143 4383 Pilatus
1197 4328 1557 4399 interrogavit
1588 4329 1893 4392 Christum,

312 4426 524 4488 dicens,
562 4444 580 4475 ι
609 4424 764 4479 Tune
805 4438 867 4477 es
906 4437 996 4475 rex
1041 4420 1394 4475 Iudaeorum?
1434 4439 1452 4471 ι
1483 4420 1788 4490 Respondit
1820 4420 1897 4474 illi

312 4520 495 4581 .Iesus,
539 4535 556 4568 ι
597 4518 844 4585 Regnum
892 4529 1073 4568 meum
1110 4530 1219 4567 non
1266 4504 1354 4567 est
1406 4529 1473 4567 ex
1521 4513 1627 4567 hoc
1666 4513 1894 4568 mundo.

312 4609 367 4662 Si
397 4624 462 4661 ex
508 4608 613 4661 hoc
661 4606 866 4660 mundo
898 4614 1045 4659 esset
1100 4620 1327 4674 regnum
1387 4620 1591 4671 meum,
1652 4605 1890 4661 ministri

315 4699 504 4767 utique
536 4698 641 4751 mei
673 4704 981 4766 pugnarent
1010 4711 1109 4764 pro
1144 4711 1252 4761 me,
1290 4712 1358 4751 ne
1393 4696 1595 4751 ludatis
1623 4700 1889 4752 traderer.

313 4792 471 4845 Nunc
516 4800 701 4845 autem
754 4802 985 4856 regnum
1037 4803 1218 4842 meum
1251 4805 1358 4841 non
1391 4798 1477 4843 est
1508 4790 1656 4843 hinc.
1693 4808 1714 4840 ι
1748 4790 1894 4845 Dixit

314 4885 389 4937 illi
419 4884 669 4937 Pilatus:
708 4881 896 4945 (Num
924 4881 1091 4951 igitur
1135 4896 1229 4935 rex
1265 4897 1326 4935 es
1375 4883 1466 4935 tu?
1520 4901 1537 4933 ο
1590 4884 1894 4953 Respondit

312 4974 470 5029 Jesus
507 4992 521 5028 :
558 4993 577 5025 ι
623 4972 705 5027 'l'u
750 4971 889 5026 dicis
935 4987 1021 5025 nte
1070 4986 1253 5039 regem
1318 4987 1460 5026 esse.
1518 4973 1630 5043 Ego
1674 4975 1728 5027 in
1789 4975 1894 5027 hoc

316 5077 477 5120 natus
509 5080 655 5128 sum,
690 5073 744 5118 et
778 5074 1062 5133 proiilerca
1111 5063 1171 5116 in.
1206 5063 1470 5117 mundutn
1504 5064 1651 5127 veni,
1696 5074 1755 5118 ut
1815 5075 1891 5119 te-

313 5158 635 5217 stimonium
687 5158 857 5209 feram
910 5155 1149 5209 veritati.
1200 5154 1391 5209 Omnis
1423 5155 1516 5224 qui
1552 5171 1619 5210 ex
1663 5158 1893 5211 veritate

312 5260 419 5314 cst,
447 5250 599 5303 audit
632 5262 820 5302 vocem
858 5263 1053 5303 meam.
1094 5268 1113 5299 ι
1145 5248 1285 5301 Dicit
1315 5248 1390 5301 illi
1424 5249 1651 5313 Pilatus,
1688 5267 1706 5300 ι
1747 5248 1890 5313 Quid

314 5350 400 5393 est
427 5340 715 5393 vcritas‘m
753 5336 984 5392 Videsne
1040 5338 1314 5405 quomodo
1356 5337 1499 5392 idem
1532 5339 1622 5393 hic
1677 5339 1892 5409 planius

319 5432 754 5482 demonstratum
784 5426 903 5479 est?
931 5423 1182 5479 Christus
1214 5425 1442 5479 omnino
1475 5439 1532 5479 se
1564 5441 1747 5495 regem
1770 5440 1893 5480 esse

318 5520 722 5588 coniprohavit,
781 5525 839 5571 et
883 5532 911 5570 a
964 5516 1139 5570 Pilato
1190 5516 1554 5586 interrOgattts
1606 5517 1752 5571 idem
1787 5517 1891 5572 hoc

320 5612 624 5679 resp’oudit.
669 5611 799 5663 Nam
843 5624 943 5678 pro
967 5625 1035 5662 eo
1069 5609 1216 5677 quod
1268 5609 1515 5674 dixisset,
1545 5629 1563 5662 ι
1608 5610 1767 5665 Certe
1796 5624 1917 5665 rex-

1997 3314 2257 3384 μαθητῶν
2273 3315 2625 3383 αὑτοῦ,λέγει
2646 3318 2781 3389 πρὸς
2811 3321 3025 3385 αὐτοὺς,
3060 3340 3078 3372 ι
3105 3315 3198 3385 Εἷς
3216 3323 3271 3388 ἐξ
3296 3326 3451 3393 ὑμῶν
3478 3343 3585 3378 πα-

1998 3406 2224 3476 ραδώσει
2253 3424 2319 3477 με
2346 3424 2363 3441 ο
2403 3427 2425 3461 ι
2455 3410 2550 3463 καὶ
2577 3410 2768 3478 ἔλεγεν
2814 3409 2894 3475 εἷς
2949 3412 3181 3478 ἕκαστος
3222 3419 3349 3486 περὶ
3391 3418 3582 3483 αὑτοῦ,

2004 3519 2023 3553 ι
2049 3502 2198 3570 Μήτι
2220 3501 2331 3570 ἐγώ
2348 3503 2501 3573 eiut;
2531 3522 2551 3555 ι
2576 3504 2671 3559 καὶ
2690 3503 2870 3570 ἄλλος,
2896 3525 2913 3557 ι
2937 3508 3083 3577 Μήτι
3107 3507 3218 3574 ἐγώ
3239 3510 3385 3579 εἱμις
3414 3529 3436 3561 ν
3457 3505 3581 3564 εἷπε

1994 3589 2090 3643 καὶ
2131 3589 2352 3655 Ἰούδας,
2386 3610 2407 3643 ι
2429 3593 2578 3662 Μήτι
2609 3592 2720 3661 ἐγώ
2747 3594 2903 3663 είμις
2932 3593 3080 3662 λέγει
3113 3596 3418 3667 όΧριστὶς.
3455 3616 3474 3648 ι
3507 3599 3583 3652 Σὺ

1974 3674 2194 3744 νεῖπας·
2226 3700 2245 3733 ι
2281 3682 2405 3735 τότε
2448 3686 2668 3749 πάντως
2726 3685 2827 3739 οὐκ
2882 3681 2949 3759 ἦν
3000 3690 3029 3741 6
3087 3688 3244 3757 λόγος
3272 3691 3586 3760 ἀρνήσεως.

1998 3770 2141 3825 ἀλλὰ
2195 3773 2687 3842 συγκαταθέσεως·
2717 3776 2864 3830 οὕτω
2905 3779 2999 3831 καὶ
3034 3780 3128 3832 ἐπὶ
3178 3779 3274 3833 τοῦ
3320 3782 3585 3836 Πιλάτου.

1997 3864 2171 3931 Λόγος
2203 3865 2312 3935 γὰρ
2344 3862 2413 3935 ἦν
2451 3867 2689 3941 συνήθης
2711 3867 2807 3921 τοῦ
2839 3871 3031 3936 τόπου,
3064 3872 3157 3923 καὶ
3189 3871 3264 3933 ὼς
3287 3871 3381 3924 τοῦ
3410 3873 3585 3926 τόπου

1997 3957 2213 4011 ἐκείνου
2245 3957 2392 4029 λόγῳ
2422 3959 2696 4031 ἐχρήσατο
2731 3962 2882 4032 αὐτῷ
2913 3964 2940 4015 6
2971 3964 3229 4034 Χριστός.
3262 3965 3367 4017 Καὶ
3391 3964 3585 4036 ὥσπερ

1998 4050 2205 4121 ἀρτίως
2242 4051 2509 4115 πολλάκις
2548 4053 2645 4105 καὶ
2679 4054 2773 4105 ἐπὶ
2804 4054 2913 4107 τῶν
2952 4056 3398 4127 Μουσουλμὰνων
3432 4058 3585 4127 λέγει

1997 4140 2185 4211 ἕτερος
2214 4141 2350 4211 πρὸς
2384 4142 2571 4213 ἕτερον
2601 4144 2742 4213 μετὰ
2788 4145 3127 4217 συμῦουλῆς⁷
3153 4149 3233 4200 ὅτι
3258 4150 3587 4221 Ποιήσωμεν

1998 4233 2122 4286 τόδε
2165 4235 2262 4286 καὶ
2315 4234 2436 4289 τόδε
2469 4251 2483 4264 ·
2532 4237 2628 4288 καί
2656 4236 2779 4289 ἀντὶ
2807 4237 2901 4290 τοῦ
2932 4240 3113 4292 εἰπεῖν
3138 4240 3228 4292 τὸν
3252 4240 3471 4310 ἕτερον,
3497 4245 3587 4296 ὃτι

1999 4322 2066 4378 ἂν
2096 4325 2351 4396 γένηται,
2378 4327 2742 4396 ἀποκρίνεται
2782 4327 2869 4381 ὅτι
2902 4329 2975 4382 Σὺ
2999 4319 3317 4397 γινώσκεις,
3352 4334 3448 4385 καὶ
3479 4335 3586 4388 οῦκ

2001 4416 2119 4470 ἔστι
2172 4416 2328 4484 λόγος
2369 4416 2679 4487 ἀρνήσεως,
2728 4418 2868 4473 ἀλλὰ
2914 4423 3401 4491 συγκαταθέσεως·
3434 4425 3585 4479 οῦτοι

2004 4510 2097 4560 καὶ
2151 4508 2244 4561 ἐπὶ
2271 4506 2364 4561 τοῦ
2394 4508 2658 4577 Χριστοῦ,
2689 4509 2765 4573 ὡς
2811 4510 2907 4563 τοῦ
2963 4513 3131 4567 τόπου
3174 4513 3389 4568 ἐκείνου
3436 4516 3583 4584 λόγῳ

2002 4599 2278 4668 ἐχρήσατο
2309 4601 2385 4670 τῇ
2416 4600 2647 4671 τοιαύτῃ
2696 4600 2839 4668 λέξει
2866 4603 2893 4653 6
2918 4603 3183 4673 Χριστὸς,
3208 4608 3302 4677 τῇ,
3344 4626 3365 4658 ι
3396 4608 3470 4661 Si.
3500 4605 3578 4661 εἷ-

2002 4707 2131 4754 πας.
2155 4708 2175 4742 ι
2209 4688 2399 4760 ’Ὅμως
2429 4692 2591 4756 αὐτὸς
2615 4693 2643 4745 ὁ
2671 4693 2904 4755 Πιλᾶτος
2921 4696 3178 4767 ἠρώτησε
3206 4699 3299 4751 τὸν
3318 4692 3580 4770 Χριστὸν,

2000 4781 2198 4849 λέγων,
2234 4800 2251 4832 ι
2278 4782 2350 4834 Σὺ
2407 4778 2457 4835 et
2508 4784 2537 4834 6
2565 4782 2818 4853 βασιλεὺς
2852 4785 2967 4837 τῶν
3009 4787 3362 4859 Ἰουδαίωνςιι
3412 4791 3580 4845 ’Λπε-

2002 4871 2167 4942 κρίθη
2198 4874 2226 4924 6
2269 4872 2499 4942 Ἰησοῦς,
2541 4891 2560 4925 ι
2602 4874 2666 4927 Ἠ
2720 4875 2969 4944 βασιλεία
3004 4880 3036 4948 ή
3077 4880 3187 4949 ἐμή
3210 4881 3309 4933 οὐκ
3333 4882 3490 4935 ἔστιν
3518 4888 3585 4937 ἐκ

1999 4963 2095 5017 τοῦ
2132 4966 2340 5036 κόσμου
2366 4966 2582 5023 τούτου.
2615 4968 2679 5021 El
2728 4971 2792 5022 ἐκ
2848 4971 2943 5022 τοῦ
2980 4973 3188 5043 κόσμου
3219 4975 3410 5028 τούτου
3443 4971 3517 5049 ἦν
3548 4981 3582 5048 ή

2002 5056 2307 5129 βασιλείαή
2341 5059 2471 5129 ἐμὴ,
2507 5061 2556 5112 οί
2590 5061 2863 5131 ὑπηρέται
2890 5063 2956 5116 ἂν
2985 5064 3036 5117 οι
3066 5066 3189 5134 ἐμοὶ
3223 5067 3587 5137 ἠγωνίζοντο,

2003 5149 2088 5202 ἵνα
2124 5152 2199 5221 μή
2235 5152 2527 5219 παριδοθῶ
2554 5155 2663 5216 τοῖς
2702 5153 2995 5218 Ἰουδαίοις.
3030 5155 3144 5212 Νῦν
3173 5157 3229 5211 δὲ
3264 5162 3296 5229 ή
3329 5150 3585 5229 βασιλέα

2001 5245 2035 5313 ή
2060 5245 2167 5321 ἐμή
2206 5245 2306 5296 οὐκ
2344 5245 2494 5297 ἔστιν
2543 5246 2815 5301 ἐντεῦθεν.
2847 5268 2865 5299 ι
2905 5244 3074 5302 Εἶπεν
3114 5245 3209 5305 οὖν
3239 5252 3391 5322 αὐτῷ
3421 5256 3449 5305 6
3485 5255 3586 5308 Πι-

2002 5336 2186 5400 λᾶτος,
2221 5354 2239 5387 ι
2265 5335 2475 5390 Οὐκοῦν
2506 5336 2759 5408 βασιλεὺς
2787 5336 2839 5394 εῐ
2869 5342 2932 5394 σύ
2954 5358 2975 5408 ;
2998 5361 3019 5394 ι
3066 5338 3368 5416 ’Λπεκρίθη
3400 5346 3429 5400 6
3476 5346 3586 5416 Ἰη-

2003 5428 2150 5493 σοῦς,
2186 5446 2203 5479 ι
2227 5430 2297 5483 Σὺ
2330 5429 2532 5499 λέγεις,
2568 5434 2650 5486 ὃτι
2689 5433 2943 5503 βασιλεύς
2982 5438 3101 5506 εἰμι
3133 5436 3263 5504 ἐγώ.
3312 5438 3457 5506 Ἐγὼ
3495 5443 3581 5502 εἰς

1998 5520 2159 5573 τοῦτο
2205 5523 2563 5593 γεγέννημαι,
2620 5535 2715 5579 και
2762 5528 2843 5591 εἰς
2896 5528 3055 5596 τρῦτο
3108 5528 3343 5601 ἐλήλυθα
3375 5534 3457 5593 εἰς
3485 5535 3578 5585 τὸν

2002 5613 2230 5685 κόσμον,
2266 5614 2354 5670 ἵνα
2400 5619 2741 5689 μαρτυρήσω
2779 5622 2845 5689 τῇ
2889 5620 3139 5693 ἀληθεία.
3185 5623 3300 5686 lli;
3334 5624 3364 5675 6
3389 5622 3469 5675 ὣν
3512 5626 3578 5675 ἐκ

406 5797 451 5827 ³⁸
492 5795 651 5849 Joan.
683 5809 758 5859 xi,
786 5794 853 5889 ll
890 5809 1044 5863 seqq.
1117 5797 1159 5829 ⁸⁷
1201 5796 1361 5853 Joan.
1396 5812 1485 5866 xx,
1517 5797 1609 5854 28.
1714 5801 1760 5834 ⁵⁸
1797 5798 1897 5856 ibit

2001 5801 2059 5857 :9.
2167 5802 2212 5835 θ’
2256 5801 2413 5858 Joan.
2449 5820 2487 5870 ι,
2519 5805 2603 5859 49.
2682 5806 2724 5837 ⁶⁰
2765 5805 2953 5861 Matth.
2987 5822 3138 5867 xxvn
3164 5810 3247 5863 ϐἀ.
