3970 6212
376 440 482 514 527

1538 442 1860 505 JOANNIS
1898 416 2421 508 CANTACUZENI

3502 443 3608 507 538

376 578 625 637 magnam
664 552 1005 617 dulcedinem
1055 562 1113 615 et
1154 550 1418 612 lzetitiam.
1471 546 1644 610 Porro
1718 562 1937 623 progreo

2044 555 2209 626 μένῳ,
2242 560 2335 611 καὶ
2366 561 2442 632 μὴ
2464 562 2827 632 εὑρισκόντων
2850 557 2993 631 ὕδωρ
3007 558 3146 612 ὥστε
3178 557 3341 621 πιεῖν,
3372 555 3467 611 καὶ
3497 559 3612 629 γαρ

377 660 562 712 diente
586 654 731 726 Mose
761 667 855 722 per
885 650 1165 705 desertum
1192 663 1318 703 cum
1351 645 1556 718 populo
1574 685 1590 711 ,
1617 654 1936 715 serpentum

373 745 667 804 multitudo
692 744 746 798 in
776 742 955 797 locum
992 739 1285 811 quemdam
1325 738 1537 803 incidit,
1568 737 1770 808 quibus
1792 736 1937 807 peri-

376 839 668 893 clitabatur
694 832 947 904 populus.
979 831 1154 887 MoSes
1180 845 1312 887 vero
1344 829 1439 885 Dei
1476 831 1632 902 jussu
1664 827 1793 884 fecit
1820 843 1937 884 ser-

374 914 593 997 pentem
628 938 865 986 aeneum,
908 920 1238 990 'lignumque
1278 926 1487 973 rectum
1530 925 1691 973 terrae
1738 916 1935 981 infixit,

374 1018 463 1073 cui
498 1024 810 1085 serpentem
860 1022 1229 1066 transversum
1256 1008 1447 1073 afﬁxit,
1504 1021 1805 1078 omnesque
1843 1004 1938 1077 qui

374 1128 402 1163 a
431 1105 778 1178 serpentibus
806 1101 897 1156 icti
929 1099 1323 1173 fuerant,viso
1351 1112 1503 1153 teneo
1525 1097 1643 1163 illo,
1667 1095 1940 1152 sanaban-

380 1210 502 1266 ttir;
552 1210 651 1252 nec
689 1197 832 1249 nllus
856 1201 972 1247 erat
1006 1193 1156 1262 quia
1184 1190 1535 1260 serpentibus
1576 1188 1749 1253 ictus,
1785 1200 1939 1242 teneo

373 1272 490 1345 viso
518 1304 625 1344 non
665 1296 971 1343 sanaretur.
1006 1284 1275 1338 Nimirum
1309 1291 1365 1337 et
1390 1279 1483 1336 illo
1538 1278 1805 1333 miraculo
1834 1276 1940 1332 hoc

378 1385 678 1445 innuente,
739 1377 882 1447 quod
936 1384 1178 1431 erectum
1233 1374 1440 1444 lignum
1512 1371 1812 1440 aﬂixusque
1861 1367 1938 1423 illi

376 1485 720 1528 transversus
741 1485 964 1539 serpens
987 1467 1167 1522 crucis
1191 1474 1376 1538 typum
1396 1462 1710 1528 denotahat,
1731 1475 1943 1518 aeneus-

373 1575 482 1635 que
516 1578 742 1633 serpens
773 1548 919 1616 haud
951 1559 1120 1615 dubie
1150 1558 1355 1614 Christi
1388 1566 1552 1628 typus
1576 1564 1711 1611 erat.
1739 1553 1941 1620 Quem-

372 1657 668 1712 admodum
716 1651 862 1711 enim
914 1665 1142 1724 serpens
1170 1652 1264 1706 hic
1300 1651 1527 1705 formam
1558 1648 1779 1720 quidem
1825 1662 1942 1703 ser-

374 1750 556 1819 pentis
575 1747 787 1812 habuit,
812 1760 1084 1800 venenum
1108 1759 1237 1799 vero
1265 1755 1648 1812 nequaquam;
1681 1740 1759 1795 sic
1774 1737 1938 1794 etiam

373 1838 627 1894 Christus
678 1838 839 1891 homo
895 1836 1117 1906 quidem
1167 1842 1287 1888 erat
1333 1833 1574 1895 futurus,
1606 1830 1700 1886 sed
1726 1827 1938 1899 peccati

2040 647 2212 720 πικρὰ
2246 649 2566 719 εὑρίσκοντο
2598 651 2667 704 τὰ
2706 649 2805 721 τῆς
2856 650 3101 719 Μερῤἄς
3134 647 3323 716 ὕδατα,
3353 649 3551 716 ἔδε·ξεν
3579 652 3610 703 6

2038 734 2171 801 Θεὸς
2203 738 2279 809 τῷ
2304 742 2533 795 Μωῦσεῖ
2576 743 2757 808 ξύλον,
2783 742 2879 795 καὶ
2905 740 3084 811 βαλὼν
3108 742 3237 798 αὐτὸ
3260 742 3319 795 εν
3338 743 3452 805 τοῖς
3482 741 3612 795 661-

2040 844 2145 894 σιν,
2177 830 2615 901 ἐγλυκάνθησαν,
2651 835 2745 887 καὶ
2772 832 2927 886 ἔπιεν
2956 832 3103 896 ἅπας
3130 830 3158 885 6
3179 832 3305 895 λαὸς
3335 832 3441 885 τῶν
3475 834 3614 887 ’1ου-

2039 913 2227 986 δαίων,
2264 922 2359 977 καὶ
2404 916 2670 995 ἐκορέσθη
2696 940 2711 955 ο
2749 923 2909 977 τοῦτο
2951 923 3241 996 δηλοῦντος
3266 926 3358 978 τοῦ
3395 927 3610 996 θάύμαο

2036 1028 2152 1077 τος,
2178 1014 2259 1068 ὅτι
2287 1015 2320 1085 ή
2344 1016 2495 1084 παρὰ
2517 1013 2609 1070 τοῦ
2638 1012 2890 1069 διαϐόλου
2940 1016 3203 1085 γεγονυῖα
3233 1016 3291 1068 ἐν
3322 1014 3399 1086 τῷ
3420 1016 3612 1087 κόσμῳ

2039 1104 2240 1174 πικρία
2277 1106 2641 1177 ἀφανισθῆναι
2684 1107 2870 1178 μέλλει
2920 1100 3015 1162 κατ
3064 1108 3476 1179 μεταϐληθῆναι
3520 1110 3613 1162 διὰ

2037 1192 2133 1248 τοῦ
2157 1195 2395 1266 σταυροῦ
2429 1198 2512 1260 el;
2531 1198 2776 1267 μεγάλην
2799 1197 3114 1266 γλυκύτητα
3132 1199 3225 1252 καὶ
3246 1198 3610 1270 εὐφροσύνην.

2045 1284 2179 1339 Ἐπι
2211 1287 2579 1357 πορευομένου
2620 1287 2715 1342 τοῦ
2750 1288 3032 1351 Μωῦσέως
3061 1289 3118 1342 ὲν
3152 1291 3217 1359 τῇ
3249 1289 3442 1362 ἐρήμῳ
3473 1290 3614 1360 μετᾶ

2040 1371 2134 1425 τοῦ
2176 1371 2328 1441 λαοῦ,
2369 1375 2573 1447 εὑρέθη
2611 1376 2669 1430 ἐν
2703 1377 2853 1446 τόπῳ
2906 1377 3014 1431 τινὶ
3045 1376 3249 1447 πλῆθος
3279 1376 3478 1446 ὄφεων,
3517 1378 3616 1430 καὶ

2041 1466 2382 1520 ἐκινδύνευεν
2404 1469 2433 1521 6
2464 1467 2592 1531 λαὸς
2624 1467 2715 1521 ὑπ’
2744 1466 3026 1523 αὑτῶν.⁹0
3041 1467 3098 1521 δὲ
3127 1468 3391 1537 Μωῦσῆς,
3421 1468 3617 1521 κελευ-

2042 1556 2190 1619 σθεὶς
2207 1558 2357 1622 παρὰ
2378 1556 2473 1611 τοῦ
2504 1556 2662 1623 Θεοῦ,
2690 1558 2946 1629 ἐποίησεν
2992 1558 3115 1627 ὄφιν
3144 1558 3401 1629 χαλκοῦν.
3437 1559 3617 1630 Ἐπη-

2044 1646 2103 1711 ξτ
2136 1648 2193 1701 δὲ
2224 1648 2378 1712 ξύλον
2426 1647 2628 1719 ὄρθιον,
2655 1652 2749 1704 καὶ
2776 1649 2975 1719 έθηκεν
3012 1649 3177 1704 αὐτὸν
3217 1650 3515 1721 ὲγκάρσιον
3545 1652 3608 1705 έν

2040 1737 2211 1808 αὐτῷ.
2247 1739 2357 1793 Καὶ
2400 1738 2605 1802 πάντες
2646 1742 2695 1793 οἱ
2750 1739 3070 1811 δακνόμενοι
3107 1740 3214 1794 ὑπὸ
3260 1741 3368 1794 τῶν
3411 1742 3614 1810 ὄςρεων,

2042 1828 2272 1882 ἔϐλεπον
2300 1830 2394 1884 τὸν
2422 1832 2662 1885 τοιοῦτον
2682 1830 2923 1902 χαλκοῦν
2958 1818 3106 1903 ὄφιν,
3141 1832 3235 1886 καὶ
3254 1831 3619 1902 ἐθεραπεύον-

374 1945 591 1999 expers,
642 1937 698 1983 et
742 1904 976 1998 quilibet
1025 1925 1226 1981 diaboli
1281 1938 1469 1979 morsu
1531 1923 1857 1993 impetitus,
1890 1919 1937 1975 si

2037 1937 2125 1983 το,
2156 1920 2249 1975 καὶ
2266 1920 2442 1985 οὐδεὶς
2469 1918 2538 1993 ἧν
2575 1909 2821 1977 ἀπότῶν
2856 1923 3203 1994 δακνομένων
3233 1922 3338 1976 ὑπὸ
3377 1921 3484 1976 τῶν
3512 1923 3616 1976 αύ-

372 2021 592 2076 Christo
630 2027 881 2089 respecto
927 2018 981 2071 in
1024 2017 1178 2071 illum
1230 2013 1549 2081 crediderit,
1599 2012 1937 2077 salvabitur;

373 2111 467 2181 qui
502 2124 631 2165 vero
678 2112 729 2164 iu
765 2111 917 2164 illum
952 2124 1060 2162 non
1109 2105 1432 2176 respexerit,
1476 2118 1579 2159 nec
1621 2101 1936 2166 crediderit,

374 2211 597 2270 pr0pter
630 2209 915 2270 peccatum
965 2198 1254 2253 morietur.
1300 2197 1536 2266 Insuper
1600 2193 1750 2249 bello
1795 2196 1939 2247 inter

370 2289 589 2348 Judaaos
638 2306 762 2346 cum
799 2279 1120 2344 Amalekitis
1139 2298 1351 2352 exerto,
1404 2284 1739 2341 attendente
1783 2282 1933 2338 Mose

373 2384 439 2438 ad
476 2384 644 2437 Deum
678 2396 873 2436 manus
902 2395 1029 2436 suas
1052 2419 1066 2443 ,
1097 2379 1451 2434 llehraiorum
1487 2377 1691 2434 milites
1719 2377 1937 2431 Amale-

374 2475 501 2528 kitis
523 2473 836 2540 superiores
853 2480 1040 2536 erant;
1066 2471 1169 2525 hoc
1184 2479 1365 2525 autem
1384 2484 1578 2524 manus
1594 2467 1938 2534 demittente,

374 2562 690 2617 Amalekitm
722 2560 979 2615 Israelem
1035 2559 1397 2629 repellebant.
1458 2558 1731 2628 Prtecepit
1774 2558 1940 2628 igitur

375 2656 571 2715 Moses,
608 2663 669 2707 ut
699 2665 756 2708 se
785 2666 980 2706 manus
1014 2650 1397 2705 extendentem
1419 2650 1676 2720 iuvarent
1704 2687 1720 2714 ,
1765 2649 1940 2703 donec

378 2744 435 2802 in
468 2746 782 2799 universum
820 2744 1069 2798 devictus
1101 2750 1245 2798 esset
1284 2739 1530 2795 Amalek.
1580 2742 1721 2796 Ecce
1774 2741 1939 2796 etiam

376 2838 476 2891 hac
499 2851 556 2890 re
592 2833 879 2888 manifeste
913 2833 1096 2888 crucis
1143 2842 1328 2901 typum
1359 2830 1683 2901 praeferebat
1712 2831 1940 2901 etejusa

376 2928 499 2982 dem
528 2926 853 2996 potentiam.
883 2922 991 2978 Sed
1022 2932 1080 2978 et
1106 2922 1303 2978 beatus
1333 2922 1424 2978 ille
1442 2922 1613 2979 Jacob
1643 2921 1941 2992 nepotibus

378 3017 497 3071 suis
528 3014 943 3077 henedicturus,
987 3028 1184 3069 manus
1238 3028 1367 3070 suas
1402 3014 1455 3069 in
1505 3013 1726 3068 modum
1757 3013 1940 3067 crucis

376 3118 715 3162 transversas
766 3106 959 3163 iisdem
1009 3105 1311 3176 imposuit,
1378 3103 1556 3159 crucis
1586 3110 1772 3174 typum
1838 3103 1941 3157 hac

376 3201 548 3255 forma
578 3199 894 3254 ostendens.
938 3200 1113 3253 Porro
1139 3196 1483 3252 manifestius
1512 3196 1822 3266 clariusque
1854 3195 1939 3250 his

378 3293 520 3347 Deus
544 3306 638 3361 per
666 3291 979 3360 prophetam
1006 3289 1200 3345 Isaiam
1224 3276 1357 3343 dicit
1381 3306 1395 3341 :
1430 3287 1664 3343 «Gentes
1683 3295 1737 3341 et
1761 3302 1937 3357 reges,

376 3385 467 3453 qui
500 3382 599 3437 tibi
632 3397 740 3436 nun
765 3381 1086 3444 servierint,‘
1119 3380 1400 3451 peribunt,
1443 3389 1499 3435 et
1532 3387 1719 3450 gentes
1749 3378 1941 3433 solitu-

375 3476 498 3528 dine
523 3473 934 3536 desolabuntur,
962 3472 1017 3527 in
1037 3486 1315 3542 cupresso,
1334 3472 1465 3541 pinu
1491 3478 1547 3526 et
1564 3470 1730 3526 cedro
1754 3468 1940 3537 simul,

376 3576 434 3621 ut
462 3565 767 3638 gloriﬁcent
798 3566 974 3620 locum
1009 3574 1256 3620 sanctum
1289 3580 1492 3629 meum,
1532 3573 1587 3619 et
1629 3565 1808 3619 locum
1840 3576 1939 3631 pc-

373 3660 501 3713 dum
519 3657 1241 3728 meorumlgloriiieabo.°lm
1265 3656 1724 3725 «Attendeigitur,
1746 3653 1938 3709 etvide

377 3765 489 3804 rem
526 3764 720 3804 novam
768 3760 822 3804 et
857 3747 1255 3803 admirabilem.
1287 3747 1757 3815 Quemadmodum
1789 3746 1934 3800 enim

374 3842 578 3896 Christi
615 3841 922 3909 passionem
975 3842 1347 3911 praedixerunt
1385 3839 1687 3909 prophetae,
1735 3847 1790 3893 et
1830 3854 1937 3893 non

377 3934 553 3988 solum
611 3934 771 3999 hanc,
823 3946 1011 3986 verum
1076 3932 1237 3986 etiam
1273 3932 1517 4001 ejusdem
1570 3931 1817 4000 Species,
1858 3939 1938 3997 ut,

382 4043 402 4076 ι
433 4025 711 4079 Dederunt
753 4023 886 4077 tnilti
917 4023 971 4077 in
1000 4023 1180 4076 cibum
1209 4022 1300 4089 fel,
1337 4033 1392 4077 et
1422 4022 1475 4076 in
1499 4022 1591 4076 siti
1622 4037 1740 4077 mea
1781 4031 1938 4091 pota-

378 4126 573 4170 veruut
626 4129 712 4169 me
763 4122 939 4178 aceto,
974 4122 1029 4168 et
1077 4114 1430 4184 perfuderunt
1476 4123 1670 4168 manus
1707 4127 1855 4167 meas
1885 4123 1939 4166 et

379 4206 545 4273 pedes
574 4220 745 4269 meos,
779 4214 835 4259 et
862 4204 1166 4259 diviserunt
1195 4204 1515 4259 vestimenta
1542 4219 1680 4270 mea,
1702 4212 1756 4258 et
1775 4218 1940 4273 super

376 4305 584 4352 vestem
612 4312 786 4351 meam
819 4296 1089 4350 miserunt
1109 4306 1366 4360 sortem,»
1401 4304 1455 4350 et
1474 4295 1578 4349 alia
1600 4293 1686 4349 bis
1705 4295 1934 4349 similia:

376 4388 454 4441 sic
487 4387 655 4441 etiam
684 4386 864 4442 crucis
891 4385 1038 4440 illius
1082 4395 1269 4454 typum
1308 4385 1844 4452 demonstraverunt,
1881 4394 1938 4439 et

375 4477 519 4546 quod
566 4488 664 4545 per
721 4476 863 4531 hanc
899 4474 1166 4530 abolenda
1217 4486 1365 4531 esset
1414 4474 1615 4529 diaboli
1670 4466 1932 4546 tyrannis.

2024 2010 2151 2093 :th
2178 2012 2354 2083 ὄφεων
2406 2014 2435 2066 δ
2486 2012 2763 2083 ἐμϐλέψας
2797 2014 2878 2078 είς
2924 2016 3106 2078 αὐτὸν,
3153 2014 3213 2077 ὄς
3264 2013 3363 2068 οὐκ
3419 2013 3618 2083 ἐθερα-

2041 2104 2255 2158 πεύετο.
2277 2103 2449 2158 Τοῦτο
2473 2104 2758 2175 δηλοῦντος
2791 2105 2886 2161 καὶ
2907 2107 2999 2161 τοῦ
3021 2106 3264 2160 τοιούτου
3309 2104 3613 2175 θαύματος,

2039 2196 2121 2250 ὅτι
2166 2196 2228 2249 τὸ
2267 2195 2473 2267 πηχθὲν
2501 2196 2685 2266 ὄρθιον
2723 2198 2903 2266 ξύλον,
2939 2199 3036 2253 καὶ
3080 2200 3110 2252 6
3144 2202 3202 2253 ὲν
3259 2199 3408 2270 αὐτῷ
3434 2199 3617 2263 τεθεὶς

2040 2284 2329 2354 έγκάρσιος
2357 2285 2502 2355 ὄφις,
2524 2287 2617 2340 τὸν
2650 2287 2749 2341 τοῦ
2778 2289 3015 2358 σταυροῦ
3036 2289 3212 2343 τύπον
3230 2289 3515 2354 είκόνιζεν.
3555 2292 3617 2343 '0

2043 2377 2226 2443 μέντοι
2256 2376 2493 2446 χαλκοῦς
2518 2377 2642 2445 ὄφις
2679 2377 2966 2448 προδήλως
3003 2379 3195 2450 ἐδήλου
3230 2379 3320 2432 τὸν
3353 2380 3613 2450 Χριστόν.

2040 2465 2243 2530 Καθὼς
2281 2469 2391 2537 γὰρ
2446 2469 2475 2521 6
2525 2468 2651 2536 ὄφις
2711 2471 2923 2537 ἐκεῖνος
2953 2470 3017 2523 τὸ
3053 2470 3152 2541 μὲν
3189 2466 3327 2533 εἶδος
3371 2466 3485 2541 εἷχε
3518 2470 3617 2525 τοῦ

2040 2557 2240 2625 ὄφεως,
2276 2558 2354 2611 ἱὸν
2387 2558 2442 2612 δὲ
2469 2559 2741 2631 οὐδαμῶς,
2772 2561 2917 2614 οὕτω
2952 2562 3046 2615 καὶ
3076 2565 3102 2616 6
3132 2563 3370 2632 Χριστὸς
3402 2562 3615 2635 ἀνθρω-

2043 2667 2142 2710 πος
2176 2650 2272 2719 μὲν
2315 2651 2497 2720 μέλλει
2544 2652 2818 2719 γενέσθαι,
2878 2653 3154 2724 ἁμαρτίας
3194 2654 3251 2708 δὲ
3303 2655 3458 2709 ἄνευ.
3499 2654 3617 2709 Καὶ

2044 2743 2150 2803 πᾶς
2175 2742 2201 2793 6
2233 2742 2564 2812 δακνόμενος
2602 2743 2709 2795 ύπδ
2732 2743 2827 2797 τοῦ
2857 2745 3134 2810 διαϐόλου,
3162 2747 3257 2799 καὶ
3290 2746 3505 2814 βλέπων
3536 2748 3618 2810 εἰς

2042 2834 2130 2885 τὸν
2160 2833 2416 2911 Χριστὸν,
2455 2835 2548 2887 καὶ
2579 2836 2852 2888 πιστεύων
2902 2838 2981 2897 εἰς
3039 2836 3223 2901 αὐτὸν,
3262 2837 3569 2906 σωθήσεται
3595 2853 3612 2869 ο

2040 2922 2069 2975 6
2107 2924 2163 2976 δὲ
2205 2923 2282 2995 μὴ
2311 2922 2527 2994 βλέπων
2573 2927 2655 2989 ei;
2688 2926 2876 2991 αὐτὸν,
2914 2926 3047 2996 μηδὲ
3074 2927 3370 2993 πιστεύων,
3406 2928 3616 2980 ἀποθα-

2041 3019 2212 3070 νεῖται
2253 3017 2359 3070 ύπὸ
2404 3018 2503 3085 τῆς
2560 3017 2860 3088 ἁμαρτίας.
2898 3017 3020 3072 Ἔτι
3068 3018 3307 3090 πολέμου
3328 3019 3616 3087 γεγονότος

2045 3108 2182 3178 μετὰ
2210 3109 2318 3162 τῶν
2359 3108 2625 3178 Ἐϐραίων
2658 3111 2880 3163 καὶτῶν
2911 3111 3312 3181 Ἀμαληκιτῶν,
3337 3112 3616 3164 ἐκτείναν-

1967 3223 2012 3282 c
2045 3218 2136 3264 τος
2174 3201 2267 3254 τοῦ
2315 3202 2559 3265 Μωσέως
2592 3202 2689 3282 τὰς
2716 3204 2907 3272 χεῖρας
2954 3202 3119 3257 αὑτοῦ
3146 3205 3415 3273 πῴςοτδν
3454 3202 3609 3266 Θεὸν,

2043 3291 2448 3364 κατετροποῦτο
2503 3276 2611 3346 τὸεί
2641 3294 2893 3363 Ἀμαλὴκ
2928 3297 2954 3347 6
2988 3295 3095 3347 τῶν
3140 3295 3409 3366 Ἐϐραίων
3460 3295 3612 3355 λαξςο

2044 3384 2226 3444 θέντος
2254 3385 2296 3436 δ’
2330 3385 2499 3448 αὐτὰς
2531 3385 2707 3450 κάτω,
2746 3386 3148 3456 κατετροποῦτο
3178 3388 3205 3440 6
3246 3386 3491 3456 Ἀμαλὴκ
3520 3386 3614 3440 τὸν

2053 3476 2295 3547 Ἰσραήλ.
2341 3476 2648 3546 Προσὲταξε
2678 3476 2857 3531 τοίνυν
2887 3476 2976 3531 διὸ.
3004 3476 3161 3530 τοῦτο
3190 3479 3217 3529 ὁ
3254 3478 3496 3549 Μωῦσῆς
3518 3478 3615 3531 δύο

2040 3570 2213 3633 τινὰς,
2242 3567 2380 3622 ὥστε
2415 3568 2632 3639 βοηθεῖν
2672 3568 2818 3639 αύτῷ
2865 3569 2959 3622 ἐπὶ
2989 3571 3054 3639 τῇ
3091 3570 3311 3623 ἐκτάσει
3351 3570 3461 3622 τῶν
3487 3570 3616 3622 τού-

2041 3673 2135 3709 του
2167 3656 2385 3727 χειρῶν,
2420 3658 2615 3726 μέχρις
2648 3657 2713 3711 ἂν
2735 3659 2814 3721 είς
2844 3658 2998 3720 τέλος
3039 3660 3247 3730 ἡττήθη
3271 3661 3298 3710 6
3336 3659 3614 3729 ’Δμαλήκ.

2053 3747 2183 3801 Ἰδοὺ
2216 3750 2309 3803 καὶ
2332 3748 2488 3803 τοῦτο
2507 3750 2800 3820 προφανῶς
2817 3750 2908 3803 τὸν
2929 3749 3023 3802 τοῦ
3043 3751 3275 3823 σταυροῦ
3292 3738 3462 3805 τύπον
3483 3754 3611 3822 ὲδήο

2040 3840 2133 3894 λου
2157 3855 2214 3894 τε
2243 3840 2334 3894 καὶ
2356 3841 2455 3912 τὴν
2488 3841 2735 3912 δύναμιν.
2755 3841 2915 3894 Ἀλλὰ
2947 3842 3042 3895 καὶ
3061 3842 3089 3894 6
3128 3844 3615 3913 μακάριοςἹακὼϐ

2019 3934 2430 4014 ⁸τοὺςὲγγόνους
2461 3934 2624 3986 αὑτοῦ
2658 3934 2917 4001 εὐλογῶν,
2954 3933 3182 4002 ἐναλλὰξ
3218 3938 3311 3990 καὶ
3330 3954 3615 4008 σταυροει-

2040 4020 2142 4080 δὼς
2163 4022 2261 4082 τὰς
2290 4023 2482 4091 χεῖρας
2512 4021 2674 4074 αὑτοῦ
2705 4023 2796 4075 ἐπὶ
2821 4025 2927 4074 τῶν
2964 4022 3217 4092 κεφαλῶν
3238 4024 3464 4078 ἐκείνων
3487 4029 3615 4081 ὲπέά

2041 4113 2197 4180 θηκε,
2221 4112 2311 4164 τὸν
2332 4112 2500 4165 τύπον
2528 4111 2622 4165 τοῦ
2648 4111 2882 4181 σταυροῦ
2907 4114 3092 4166 ἔκτοτε
3112 4113 3522 4169 δεικνύων.”Ετι
3557 4117 3615 4170 δὲ

2038 4202 2230 4255 τούτου
2289 4204 2622 4273 σαφέστερόν
2656 4219 2715 4256 τε
2749 4205 2843 4256 καὶ
2875 4202 3263 4275 καθαρώτερον
3291 4208 3318 4257 6
3355 4205 3489 4267 Θεὸς
3523 4208 3614 4261 διὰ

2037 4294 2131 4346 τοῦ
2168 4294 2448 4364 προφήτου
2498 4292 2722 4347 Ἡσαΐου
2764 4296 2963 4348 οὑτωσί
2998 4308 3155 4365 φησι,
3187 4314 3205 4346 ι
3234 4296 3314 4348 Τὰ
3349 4296 3477 4366 ἔθνη
3518 4300 3617 4351 καὶ

2037 4387 2087 4439 οἱ
2106 4384 2369 4455 βασιλεῖς,
2401 4384 2599 4447 οἵτινές
2625 4401 2705 4437 σοι
2735 4387 2794 4437 ού
2828 4384 3227 4450 δουλεύσουσιν,
3258 4387 3613 4455 ἀπολοῦνται,

2038 4476 2134 4527 καὶ
2161 4475 2230 4527 τὰ
2261 4473 2388 4542 ἔθνη
2412 4476 2618 4545 ἐρημίᾳ
2653 4476 3124 4546 ἐρημωθήσονται.
3160 4477 3249 4531 Ἐν
3285 4479 3617 4547 κυπαρίσσῳ

376 4571 482 4624 Sed
529 4577 585 4623 et
613 4582 782 4634 genus
807 4567 939 4638 ligni
977 4566 1137 4621 Isaias
1171 4568 1403 4631 notavit,
1452 4566 1681 4621 dicens:
1716 4566 1805 4621 «In
1839 4582 1935 4621 cu-

2040 4566 2132 4618 καὶ
2160 4565 2337 4636 πεύκῃ
2365 4565 2460 4618 καὶ
2477 4565 2649 4637 κέδρῳ
2665 4565 2780 4636 ἃμα
2806 4566 3025 4631 δοξάσαι
3042 4566 3131 4620 τὸν
3166 4568 3330 4621 τόπον
3349 4546 3617 4635 τὸνᾰγιόν

377 4673 586 4729 presso,
619 4659 749 4728 pinu
781 4669 837 4714 et
865 4660 1031 4714 cedro
1095 4659 1257 4713 simul
1296 4657 1570 4728 gloriﬁces
1595 4657 1771 4713 locum
1811 4673 1936 4712 san-

375 4759 520 4804 ctum
545 4755 836 4814 meum,‘et
863 4750 1043 4806 locum
1076 4748 1274 4817 pedum
1298 4746 1544 4801 meorum
1565 4746 1895 4818 gloriﬁcabo.
1913 4766 1933 4797 ι

377 4843 456 4897 Ex
489 4841 575 4896 his
603 4842 751 4895 enim
788 4838 967 4895 tribus
1002 4840 1130 4909 ligni
1156 4838 1451 4908 generibus
1478 4852 1613 4891 crux
1657 4848 1937 4907 compacta

264 4940 269 4947 λ
374 4940 481 4999 est,
506 4946 674 4985 unum
698 4929 920 5002 quidem
937 4941 1203 4992 erectum,
1223 4926 1935 4990 seeundum'transversum,

379 5024 599 5077 tertium
630 5037 767 5076 vero
791 5021 1040 5087 inferius,
1063 5021 1153 5075 cui
1184 5019 1325 5073 aliisi
1350 5028 1477 5072 sunt
1505 5018 1673 5088 pedes
1709 5017 1934 5073 Christi.

379 5114 543 5168 David
567 5129 697 5168 vero
723 5114 804 5167 sic
822 5113 1126 5168 exclamat:
1158 5110 1434 5164 cEsaltste
1460 5109 1749 5164 Dominum
1767 5109 1937 5163 Deum

376 5212 638 5267 vestrum,
689 5214 745 5257 et
793 5204 1018 5263 adorate
1079 5201 1375 5269 sca‘bellum
1428 5198 1627 5270 pedum
1686 5214 1935 5266 suorum,

376 5299 635 5366 quoniam
675 5306 899 5351 sanctus
928 5306 1012 5350 est
1034 5296 1101 5350 ⁸³.
1137 5313 1156 5347 ι
1192 5293 1346 5348 Nunc
1365 5306 1496 5347 vero
1523 5292 1592 5347 de
1642 5306 1829 5357 cruce,
1873 5307 1937 5346 ea

374 5404 491 5457 qua:
520 5388 665 5441 dicta
707 5397 839 5441 sunt
866 5385 1163 5441 sufﬁciant.
1218 5385 1417 5438 Verum
1465 5393 1521 5439 et
1560 5383 1727 5438 Jacob
1758 5383 1933 5437 bene-

374 5479 583 5544 dicens,
628 5489 686 5532 ut
712 5479 921 5531 dictum
952 5484 1054 5541 est,
1096 5475 1223 5529 ﬁliis
1271 5474 1493 5543 Joseph,
1534 5488 1729 5527 manus
1760 5483 1933 5527 trans-

373 5579 559 5620 versas
603 5548 715 5623 iiiis
754 5564 1034 5633 imposuit,
1070 5574 1125 5618 et
1174 5564 1227 5616 in
1262 5562 1481 5616 modum
1513 5564 1693 5616 erucis
1736 5560 1928 5616 iisdem

372 5654 670 5709 benedixit.
722 5657 1093 5711 Pnevidentes
1119 5653 1264 5708 enim
1307 5651 1610 5725 prophetae,
1639 5650 1788 5721 quod
1830 5666 1928 5720 per

444 5832 561 5871 ⁶¹⁶⁶⁸
603 5834 701 5887 lsa.
741 5847 825 5896 Ls,
862 5832 944 5895 19.,
985 5833 1067 5885 i5.
1142 5834 1187 5865 "
1228 5831 1368 5886 Psal.
1407 5847 1587 5890 xetttt,
1622 5832 1654 5884 5

2000 4678 2009 4681 -
2038 4673 2160 4726 μου,
2180 4657 2275 4709 καὶ
2300 4656 2390 4709 τὸν
2412 4656 2581 4709 τόπον
2597 4657 2704 4709 τῶν
2721 4658 2897 4711 ποδῶν
2929 4675 3029 4728 μου
3050 4658 3309 4723 δοξάσω.»
3336 4659 3607 4728 Πρόσεξον

2034 4747 2239 4811 τοίνυν,
2272 4748 2364 4799 καὶ
2387 4745 2460 4798 ίδε
2489 4747 2724 4816 πρᾶγμά
2746 4763 2799 4799 τι
2837 4748 2988 4813 ξένον
3013 4750 3108 4801 καὶ
3133 4748 3387 4815 ἐξαίσιον.
3400 4751 3613 4820 Ὥσπερ

2034 4842 2144 4910 γὰρ
2176 4841 2305 4909 περὶ
2334 4838 2428 4891 τοῦ
2459 4836 2669 4902 πάθους
2701 4837 2795 4892 τοῦ
2819 4839 3062 4910 Χριστοῦ
3116 4840 3537 4911 προηγόρευσαν
3562 4842 3612 4894 οῖ

2040 4933 2334 5001 προφῆται,
2371 4933 2465 4984 καὶ
2491 4930 2567 5001 μὴ
2600 4931 2762 5001 μόνον
2792 4934 3005 4998 τούτου,
3028 4933 3164 4987 ἀλλὰ
3186 4932 3282 4987 καὶ
3313 4934 3423 4986 τῶν
3452 4934 3615 4987 εἰδῶν

2034 5018 2131 5071 τοῦ
2186 5020 2412 5084 πάθους,
2440 5021 2561 5089 ἢτοι
2592 5018 2707 5084 τοῦ,
2744 5039 2763 5072 ι
2801 5020 3051 5075 Ἐδωκαν
3084 5023 3162 5084 είς
3184 5019 3245 5073 τὸ
3276 5022 3477 5092 βρῶμὰ
3507 5040 3613 5090 μου

2035 5110 2217 5181 χολὴν,
2244 5112 2339 5162 καὶ
2370 5114 2449 5173 εἰς
2477 5110 2783 5183 τὴν-δίψαν
2845 5128 2947 5181 μου
3006 5112 3263 5166 ἐπότισάν
3333 5129 3400 5180 με
3464 5111 3610 5178 ὄξος,

2037 5202 2133 5255 καὶ
2162 5198 2379 5271 ὤρυξαν
2416 5200 2604 5270 χεῖράς
2653 5218 2753 5270 μου
2792 5204 2887 5256 καὶ⁵
2937 5202 3103 5266 πόδας
3138 5220 3261 5272 μου,
3298 5205 3396 5256 καὶ
3423 5203 3614 5273 διεμε⁸

2043 5293 2266 5360 ρίσαντο
2306 5292 2373 5344 τὰ
2396 5292 2593 5360 ἱμάτιά
2637 5306 2762 5361 μου,
2794 5294 2887 5347 καὶ
2918 5295 3007 5345 ἐπὶ
3054 5297 3145 5351 τὸν
3179 5278 3482 5365 ἱματισμόν
3506 5312 3614 5367 μου

2047 5384 2239 5438 ἔϐαλον
2271 5383 2500 5455 κλῆρον,
2529 5401 2547 5434 ι
2584 5384 2679 5436 καὶ
2722 5384 2831 5436 τῶν
2864 5385 3061 5453 ὁμοίων
3090 5384 3323 5448 τούτοις,
3346 5385 3493 5438 οὕτω
3514 5388 3611 5440 καὶ

2039 5474 2131 5525 ἐπὶ
2165 5473 2259 5525 τοῦ
2292 5472 2529 5543 σταυροῦ
2564 5472 2769 5537 ἔδειξαν
2802 5473 2901 5542 μὲν
2922 5474 3013 5526 τὸν
3037 5474 3205 5527 τύπον
3229 5474 3322 5526 τοῦ
3348 5476 3607 5543 σταυροῦ,

2038 5566 2129 5617 καὶ
2151 5565 2232 5617 ὅτι
2256 5562 2324 5617 δι’
2346 5563 2509 5617 αὑτοῦ
2536 5563 2721 5633 μέλλει
2737 5564 3142 5633 καταϐληθῆναι
3172 5567 3206 5635 ἡ
3246 5563 3339 5617 τοῦ
3360 5565 3609 5619 διαϐόλου

2035 5651 2306 5720 ταραννξς.
2334 5649 2495 5702 Ἀλλὰ
2519 5652 2613 5703 καὶ
2658 5650 2757 5721 τὴν
2798 5649 2967 5721 φύσιν
3004 5651 3096 5705 τοῦ
3159 5652 3281 5706 ύλου
3307 5655 3336 5707 6
3376 5652 3609 5721 Ἠσαιας

2734 5903 2781 5913 ε..
