3970 6212
330 277 433 367 529
1263 278 1559 339 CONTRA
1599 280 2084 344 MAHOMETEM
2118 284 2497 346 APOLOGIA
2541 279 2697 367 111.3
3468 286 3576 351 530

328 386 599 458 ἐδήλωσεν
660 388 850 452 εἰπὼν,
930 410 946 442 ι
982 390 1071 446 Ἑν
1124 391 1451 462 κυπαρίσσῳ
1476 392 1572 445 καὶ
1608 392 1786 465 πεύκη
1817 394 1913 447 καὶ

2046 410 2230 457 rucem
2262 411 2407 450 mors
2426 404 2569 450 esset
2592 396 2880 461 abolenda,
2913 407 2970 454 et
3004 392 3346 470 dejiciendus
3377 402 3574 459 diabo-

329 481 504 551 κέδρῳ
530 481 647 549 ἅμα
670 482 887 548 δοξάσαι
916 482 1006 535 τὸν
1020 483 1185 537 τόπον
1227 485 1318 537 τὸν
1350 484 1506 552 ἅγιόν
1540 503 1664 555 μου,
1689 486 1784 538 καὶ
1815 484 1905 537 τὸν

2042 501 2117 548 us,
2150 487 2617 554 prophetaverunt
2651 489 2717 542 de
2762 488 2884 555 hac,
2918 490 3059 545 hanc
3080 491 3488 559 adoraverunt,
3520 505 3579 549 et

331 574 499 627 τόπον
526 573 636 627 τῶν
669 574 849 628 ποδῶν
880 590 981 642 μου
1012 573 1244 638 δοξάσω.
1273 592 1293 627 ι
1345 574 1436 640 Ἐξ
1470 576 1653 629 αὐτῶν
1680 576 1771 630 καὶ
1796 576 1902 645 γὰρ

2046 590 2113 630 eu
2147 590 2178 629 a
2214 576 2513 645 longinquo
2537 576 2686 631 illam
2718 579 2965 635 venerati
2999 590 3150 647 sunt,
3197 582 3367 637 veluti
3397 592 3451 638 et
3481 597 3581 638 nos

328 666 442 720 τῶν
469 667 637 736 τριῶν
685 665 859 731 ξύλων
917 667 1332 739 κατεσκευάσθη
1365 670 1394 723 ό
1427 668 1657 740 σταυρός
1680 686 1694 701 ·
1722 667 1782 722 τδ
1809 668 1905 738 μέν

2042 682 2069 720 n
2098 666 2354 735 praesenti
2392 665 2647 721 facimus.

332 761 395 816 ἓν
425 762 630 831 δρθιον,
660 764 720 815 τὸ
747 762 804 815 δὲ
831 762 1018 832 ἕτερον
1060 763 1379 833 ἐγκάρσιον,
1442 766 1502 818 τὸ
1559 765 1616 818 δέ
1642 764 1833 834 ἕτερον
1898 761 2166 827 κάτωθεν,
2190 762 2249 814 ἐν
2280 754 2323 828 ᾧ
2352 762 2448 815 καὶ
2481 761 2918 834 προσηλώθησαν
2941 765 2992 818 οἱ
3021 766 3179 831 πόδες
3204 766 3299 820 τοῦ
3318 766 3581 837 Χριστοῦ.

342 855 407 907 ’0
437 855 493 907 δὲ
525 853 690 907 Δασιδ
721 854 863 907 οὕτω
912 853 1032 923 βοᾷ,
1075 855 1347 925 «Ὑψοῦτε
1396 859 1604 927 Κύριον
1657 858 1750 911 τὸν
1811 855 1945 909 Θεὸν
1983 854 2163 925 ήμῶν,
2231 854 2326 907 καὶ
2372 857 2729 923 προσκυνεῖτε
2778 855 2859 927 τῷ
2893 857 3172 929 ὑποποδίῳ
3226 860 3336 913 τῶν
3402 860 3582 914 ποδῶν

336 944 527 1009 αἷτοῦ,
559 946 639 999 ὄτι
669 944 829 1012 ama;
858 949 1027 1002 ἐστιν.
1052 965 1070 999 ι
1118 948 1253 1001 Ἰδοὺ
1313 947 1445 1017 γοῦν
1504 950 1599 1004 καὶ
1656 950 1785 1019 περὶ
1812 947 1906 1001 τοῦ
1949 945 2185 1017 σταυροῦ
2230 944 2401 999 ἱκανάι
2448 945 2555 999 aiat
2585 946 2654 999 τὰ
2684 946 2837 1013 παρὰ
2884 948 2995 1001 τῶν
3029 952 3327 1022 προφητῶν
3361 952 3583 1022 λεχθέν-

333 1054 441 1091 τα·
483 1039 621 1092 ἀλλὰ
671 1042 764 1093 καὶ
794 1043 822 1094 ό
870 1039 1063 1095 Ἰακὼὸ
1108 1044 1370 1112 εὐλογῶν,
1439 1047 1514 1108 ὡς
1567 1047 1810 1116 εἴρηται,
1852 1044 1979 1107 τοὺς
2016 1044 2165 1105 υἱοὺς
2205 1041 2427 1111 Ἰωσὴφ,
2453 1040 2679 1105 ἐναλλὰξ
2698 1043 2799 1105 τὰς
2817 1044 3004 1113 χεῖρας
3028 1046 3398 1115 ὲπέθηκε,καλ.
3424 1065 3587 1102 σταυο

339 1131 558 1202 ροειδῶς
591 1132 887 1204 εὐλόγησεν
915 1135 1133 1199 αὐτούς.
1187 1137 1502 1207 Προῖδόντες
1550 1139 1657 1208 γὰρ
1687 1139 1737 1192 οί
1772 1128 2046 1208 προφῆται
2075 1135 2156 1188 ὃτι
2212 1134 2303 1188 διὰ
2356 1133 2451 1187 τοῦ
2512 1133 2752 1204 σταυροῦ
2792 1136 2977 1201 μέλλει
3038 1139 3518 1209 καταργηθήσεθαι
3558 1143 3587 1192 ὁ

338 1228 591 1291 θάνατος,
624 1229 720 1281 καὶ
761 1229 1279 1302 καταϐληθήσεσθαι
1330 1235 1358 1287 ό
1409 1233 1677 1298 διάϐολος,
1751 1234 2014 1304 προεῖπον
2065 1231 2193 1301 περὶ
2232 1227 2421 1295 αὐτοῦ,
2479 1231 2575 1282 καὶ
2633 1229 3060 1300 προσεκύνησαν
3112 1231 3210 1285 καὶ
3267 1232 3581 1300 ἠσπάζοντο

336 1322 503 1375 αἰετὸν
524 1322 821 1390 μακρόθεν,
845 1322 1033 1395 ὥσπερ
1067 1327 1159 1378 καὶ
1184 1327 1351 1395 ἡμεῖς
1388 1325 1531 1380 κατὰ
1555 1326 1615 1380 τὸ
1641 1325 1844 1396 παρόν.

416 1411 501 1481 ιβ’.
539 1413 696 1467 Μετὰ
729 1415 859 1481 γοῦν
884 1416 991 1469 τῶν
1022 1418 1197 1471 ἄλλων
1237 1419 1605 1489 κατηγοριῶν,
1643 1413 1717 1473 ὧν
1759 1418 1909 1489 παρᾶ

335 1503 449 1557 τῶν
492 1505 932 1575 Μουσουλμάνων
991 1509 1447 1580 κατηγορούμεθα
1480 1512 1530 1564 oi
1568 1511 1907 1580 Χριστιανοὶ,

338 1595 797 1666 κατηγορούμεθα
815 1597 907 1650 καὶ
933 1598 1111 1665 τοῦτο,
1142 1601 1222 1653 ὅτι
1250 1600 1664 1669 προσκυνοῦμεν
1690 1599 1786 1662 τὰς
1807 1598 1915 1651 τῶν

340 1686 512 1753 ἁγίων
544 1686 912 1752 είκόναςΛΚαὶ
937 1691 991 1742 τί
1021 1692 1435 1762 προσκυνοῦμεν
1462 1709 1476 1757 ;
1505 1693 1729 1754 Πάντως
1763 1690 1914 1744 οὐδὲν

339 1777 471 1829 ἄλλο
516 1777 549 1846 ἢ
594 1777 725 1843 ξύλα
762 1780 857 1833 καὶ
887 1781 1150 1849 χρώματα
1202 1784 1298 1836 καὶ
1351 1785 1578 1854 πέτρας.
1612 1784 1766 1837 Ἐπεὶ
1789 1781 1920 1850 γοῦν

342 1870 421 1929 είς
452 1869 594 1938 ὅπερ
625 1871 960 1940 κατηγόρουν
1000 1873 1175 1943 ἡμῶν,
1201 1875 1304 1931 οὐκ
1326 1874 1619 1942 ἐγίνωσκον
1647 1874 1789 1944 άπερ
1807 1874 1925 1927 ἐλε-

342 1976 459 2026 γιρν,
480 1959 591 2011 ἀλλ’
608 1962 670 2012 ἐκ
699 1960 806 2012 τῶν
831 1964 1185 2033 γεννημάτων
1207 1964 1316 2018 τῶν
1340 1966 1576 2037 καρδιῶν
1603 1966 1779 2019 αὐτῶν
1803 1963 1922 2017 ἐλε-

343 2068 457 2117 γον,
494 2052 634 2123 ἅπερ
670 2051 877 2119 ἔλεγον,
913 2055 1055 2107 τοῦτ’
1087 2056 1217 2109 αὐτό
1248 2059 1363 2110 ἐστι
1401 2058 1495 2110 καὶ
1526 2056 1618 2109 ἐπὶ
1648 2056 1755 2110 τῶν
1788 2054 1927 2110 εἰκό-

345 2134 590 2194 νων.Καὶ
609 2146 657 2195 εἱ
697 2143 871 2213 βούλει
914 2146 1104 2215 μαθεῖν
1124 2147 1225 2217 τὴν
1250 2149 1530 2217 ἀλήθειαν,
1565 2149 1795 2201 ἄκουσον
1823 2147 1911 2213 δή.

350 2231 486 2286 ιἰνώ
498 2250 634 2285 ςκων
659 2236 686 2287 ό
719 2234 850 2299 Θεὸς
883 2237 941 2288 τ’)
967 2237 1240 2291 εὖόλισθον
1257 2239 1364 2291 τῶν
1389 2238 1710 2307 ἀνθρώπων,
1736 2237 1925 2301 ἔταξεν

358 2326 445 2377 ἐπὶ
472 2325 529 2378 τδ
566 2325 817 2393 παλαιὸν,
858 2326 943 2379 ἵνα
970 2327 1017 2379 οἱ
1080 2327 1243 2396 ἱερεῖς
1273 2328 1525 2398 γράφωσι
1564 2330 1631 2381 τὰ
1666 2328 1925 2395 γινόμενα

366 2416 503 2485 rapi
530 2416 622 2469 τοῦ
663 2416 798 2469 Θεοῦ
848 2417 1123 2486 θαύματα,
1158 2420 1254 2471 xei.
1302 2406 1596 2483 ¹διοιπαντδς
1623 2419 1926 2489 κρέμανται

365 2508 425 2559 τὰ
446 2509 797 2577 γεγραμμένα
818 2510 871 2560 ἐν
906 2512 1024 2571 ταῖς
1054 2510 1212 2579 χερσὶ
1240 2510 1347 2563 τῶν
1384 2510 1596 2581 ἱερέων,
1627 2512 1715 2563 ἵνα
1751 2511 1927 2580 καθη-

360 2604 548 2668 μέραν,
586 2600 786 2667 μᾶλλον
814 2600 869 2652 δὲ
906 2601 1078 2654 διόλου
1108 2600 1439 2670 θεωροῦντες
1462 2601 1515 2653 οἶ
1536 2618 1595 2654 τε
1635 2602 1800 2671 ἱερεῖς
1838 2603 1931 2657 καὶ

352 2690 378 2740 ὁ
418 2690 543 2752 λαός
572 2690 636 2743 τὰ
672 2692 1034 2761 γεγραμμένα
1057 2691 1308 2763 θαύματα
1336 2693 1427 2747 τοῦ
1449 2694 1607 2762 Θεοῦ,
1639 2696 1705 2748 τά
1727 2696 1793 2749 δι’
1829 2698 1931 2750 αύ-

347 2784 478 2846 τοὺς
514 2785 1074 2856 γεγονότα,ἔρχωνται
1108 2787 1185 2849 είς
1218 2787 1436 2858 μνήμην
1463 2788 1647 2855 αὑτοῦ,
1669 2790 1763 2842 καὶ
1798 2792 1933 2843 ἀπο-

348 2877 594 2945 νέμωσιν
612 2878 961 2948 εὐχαριστίαν
981 2881 1075 2932 καὶ
1099 2879 1257 2944 δόξαν
1275 2881 1353 2951 τῷ
1377 2881 1516 2952 Θεῷ,
1534 2882 1611 2949 τῷ
1631 2882 1933 2954 ἐλευθερώ-

347 2985 509 3021 σαντι
537 2969 728 3033 αὐτοὺς
746 2970 807 3022 ἐκ
825 2970 921 3038 τῆς
948 2970 1189 3034 δουλείας
1204 2970 1425 3042 Φαραὼ,
1442 2973 1536 3025 καὶ
1562 2972 1929 3027 καταλύσαντι

2090 1417 2173 1470 12.
2207 1416 2334 1471 Post
2364 1415 2469 1470 alia
2494 1430 2627 1471 vero
2655 1415 2909 1481 crimina,
2940 1416 3143 1485 quibus
3168 1431 3196 1470 a
3231 1416 3589 1471 Musuimanis

2018 1524 2117 1564 nos
2146 1510 2239 1579 qui
2263 1509 2537 1563 Christum
2570 1508 2913 1578 proﬁtemur.
2954 1523 3301 1573 accusamur,
3334 1510 3497 1563 etiam
3533 1510 3587 1563 iu

2025 1601 2125 1655 hoc
2172 1600 2240 1653 ab
2304 1599 2497 1654 iisdem
2554 1600 3009 1664 condemnamur,
3064 1601 3210 1670 quod
3275 1611 3589 1655 sanctorum

2023 1692 2315 1747 adoremus
2356 1691 2640 1759 imagines.
2678 1692 2747 1746 Et
2794 1692 2923 1760 quid
2973 1690 3308 1746 adoramus?
3356 1692 3593 1745 Prorsus

2026 1798 2136 1837 non
2164 1781 2312 1836 aliud
2346 1797 2511 1851 quam
2541 1781 2709 1852 ligna,
2736 1782 2949 1836 colores
2982 1790 3037 1837 et
3060 1782 3289 1850 lapides.
3322 1782 3593 1848 Ononiam

2024 1888 2161 1928 vero
2196 1855 2381 1927 omnia
2411 1873 2479 1927 de
2507 1874 2710 1941 quibus
2742 1884 3144 1928 accusaverunt
3194 1888 3330 1938 nos,
3363 1889 3471 1927 non
3514 1875 3596 1927 iu-

2024 1964 2381 2027 tellexerunt,
2406 1962 2501 2017 sed
2531 1962 2686 2033 juxta
2715 1962 3079 2032 cogitationes
3105 1962 3290 2017 cordis
3319 1963 3403 2017 sui
3440 1962 3597 2016 dixe-

2027 2065 2157 2110 runt
2185 2056 2301 2110 haec
2333 2056 2517 2109 omnia
2539 2094 2555 2119 ,
2600 2056 2743 2111 idem
2780 2070 2928 2109 nunc
2959 2055 3122 2110 etiam
3157 2056 3237 2118 fit,
3283 2056 3427 2125 quod
3466 2057 3598 2109 ima—

2026 2148 2179 2217 gines
2199 2148 2420 2201 attinet.
2458 2146 2613 2212 Quod
2642 2146 2687 2201 si
2716 2161 2850 2201 vero
2878 2146 3127 2202 veritatis
3157 2146 3340 2201 studio
3370 2150 3595 2208 teneris,

2025 2239 2152 2294 audi
2177 2253 2386 2308 quaeso.
2420 2240 2565 2293 Deus
2593 2254 2716 2293 eum
2746 2238 2971 2292 humani
2994 2238 3198 2306 ingenii
3224 2237 3596 2291 lubricitatcm

2027 2332 2301 2400 cognitam
2333 2330 2580 2394 haberet,
2612 2330 2871 2399 prmeepit
2918 2329 2969 2383 in
3023 2329 3205 2384 Veteri
3245 2329 3600 2385 Testamento

2029 2430 2089 2477 ut
2116 2420 2433 2477 sacerdotes
2470 2420 2735 2477 miracula
2769 2422 2838 2476 ab
2878 2420 2972 2477 illo
3021 2420 3167 2475 edita
3197 2421 3597 2489 describerent,

2030 2530 2205 2583 eaque
2254 2513 2529 2584 descripta
2582 2529 2800 2583 semper
2841 2515 3247 2574 asacerdotum
3302 2514 3603 2582 penderent

2032 2606 2283 2661 manibus
2318 2623 2331 2659 :
2367 2614 2423 2658 ut
2457 2606 2703 2675 quotidie
2736 2615 2842 2660 tam
2888 2605 3203 2660 sacerdotes
3231 2621 3393 2674 quam
3429 2621 3603 2675 popu-

2032 2694 2117 2748 lus
2150 2694 2283 2748 visis
2327 2694 2603 2749 miraculis
2651 2695 2745 2749 Dei
2797 2694 3108 2764 descriptis,
3162 2710 3285 2763 quae
3339 2710 3434 2763 per
3484 2695 3605 2749 illos

2031 2787 2397 2855 contigerant,
2433 2784 2488 2840 in
2518 2787 2835 2841 memoriam
2873 2787 2964 2841 Dei
3001 2796 3420 2850 revocarentur,
3468 2786 3607 2842 Deo-

2033 2889 2140 2958 que
2168 2874 2464 2943 gratiarum
2489 2874 2762 2928 actionem
2788 2883 2845 2929 et
2887 2875 3113 2946 gloriam
3150 2875 3467 2937 redderent,
3509 2878 3605 2944 qui

2034 2966 2154 3019 illos
2175 2981 2240 3019 ex
2260 2967 2523 3020 servitute
2543 2967 2843 3021 Pharaonis
2867 2967 3217 3026 liberaverat.
3250 2977 3304 3022 et
3329 2967 3608 3022 devicerat

349 3060 597 3127 βασιλεῖς
643 3060 912 3129 μεγάλους
943 3062 1039 3113 καὶ
1056 3064 1351 3129 κραταιοὺς
1371 3104 1385 3129 ,
1417 3064 1512 3117 καὶ
1543 3063 1673 3135 ἔθνη
1719 3062 1932 3134 ἰσχυρὰ,

2042 3073 2193 3127 reges
2218 3072 2443 3128 magnos
2473 3068 2529 3113 et
2558 3058 2750 3123 fortes,
2785 3067 3082 3128 gentesque
3106 3058 3377 3124 robustas,
3402 3060 3605 3129 quique

346 3153 445 3201 καὶ
470 3149 611 3203 δόντι
635 3150 732 3215 τὰς
752 3152 933 3215 πόλεις
951 3153 1128 3205 αὐτῶν
1149 3154 1225 3223 τῷ
1241 3154 1352 3223 λσῷ
1368 3155 1473 3207 τῶν
1494 3154 1781 3215 Ἰουδαίων.
1801 3155 1935 3210 ἀλλὰ

2044 3149 2211 3203 urbes
2238 3149 2456 3203 illorum
2484 3150 2687 3218 populo
2717 3149 3033 3205 Judmorum
3081 3151 3419 3214 tradiderat,
3472 3153 3603 3219 quin

344 3246 410 3314 δὴ
438 3244 533 3295 καὶ
560 3243 627 3295 τὰ
658 3244 714 3297 ἐν
744 3246 808 3313 τῇ
828 3245 1019 3316 ἐρήμῳ
1048 3246 1308 3314 γεγονότα
1326 3245 1579 3316 Θαύματα
1608 3250 1694 3311 είς
1716 3248 1934 3310 αὐτούς.

350 3336 470 3387 Καὶ
498 3333 713 3401 ἐγένετο
744 3334 923 3399 καθὼς
978 3336 1276 3411 ἐνετείλατο
1327 3336 1508 3400 αὐτοῖς
1550 3339 1577 3391 ὁ
1615 3338 1773 3401 Θεός.
1811 3337 1938 3391 Βλέ-

347 3443 553 3489 ποντες
585 3426 692 3495 γὰρ
725 3427 791 3481 τὰ
819 3427 878 3479 ἐν
913 3427 1073 3498 χερσὶ
1098 3428 1203 3481 τῶν
1241 3428 1430 3499 ἱερέων
1456 3431 1803 3500 κρεμάμενα.
1831 3430 1935 3499 ἦρ’

348 3533 518 3587 χοντο
560 3518 640 3577 είς
672 3519 770 3585 τὴν
801 3520 896 3569 τοῦ
918 3518 1058 3571 Θεοῦ
1089 3520 1342 3590 μνήμην,
1363 3524 1455 3573 καὶ
1486 3500 1688 3577 ἐδίδουν
1716 3520 1936 3589 εὐχαρι-

350 3610 521 3662 στίαν
546 3608 622 3679 τῷ
648 3608 989 3678 Θεῷ.οὖτως
1019 3610 1136 3663 ἐστὶ
1166 3612 1260 3663 καὶ
1281 3611 1377 3663 ἐπὶ
1404 3612 1511 3663 τῶν
1527 3612 1773 3665 εἰκόνων.
1796 3610 1937 3682 Γρά-

353 3718 529 3772 φουσι
576 3702 673 3771 τὴν
703 3687 953 3770 γέννησιν
991 3700 1084 3755 τοῦ
1120 3700 1381 3772 Χριστοῦ,
1413 3702 1510 3772 τὴν
1536 3702 1814 3772 βάπτισιν,
1838 3701 1939 3770 τὴν

352 3788 698 3857 σταύρωσιν,
732 3788 830 3858 τὴν
856 3788 1169 3843 ἀνάστασιν.
1208 3790 1319 3848 Καὶ
1340 3788 1629 3859 βλέποντες
1662 3790 1728 3842 τὰ
1757 3787 1937 3858 πλήθη

347 3880 475 3933 τῶν
504 3876 830 3945 ἀνθρώπιον,
863 3878 1113 3947 ἔρχονται
1145 3880 1226 3943 εἰς
1260 3879 1484 3953 μνήμην
1518 3880 1609 3932 τοῦ
1644 3876 1803 3942 Θεοῦ,
1845 3878 1941 3940 καὶ

350 3968 729 4035 ἐνθυμοῦνται
778 3970 859 4023 ὅτι
890 3970 1007 4032 πῶς
1033 3969 1109 4023 ὣν
1136 3970 1270 4035 Θεὸς
1314 3973 1343 4025 ό
1390 3972 1650 4042 Χριστὸς,
1699 3971 1788 4025 διὰ
1839 3971 1939 4041 τὴν

348 4063 479 4117 τῶν
507 4054 810 4131 ἀνθρώπων
834 4061 1056 4131 ἀγάπην
1090 4060 1608 4133 ἀνελάϐετσσάρκα,
1634 4066 1732 4117 καὶ
1761 4060 1937 4116 ἔπαθε

351 4154 554 4223 σαρκὶ.
593 4154 689 4206 καὶ
722 4154 824 4207 ὅσα
866 4152 1005 4207 ἄλλα
1054 4153 1321 4222 ἐποίησεν,
1348 4156 1375 4208 ὁ
1421 4154 1554 4225 Θεὸς
1592 4154 1681 4211 διὰ
1711 4155 1802 4208 τὸν
1846 4154 1941 4208 ἄν·

351 4242 633 4313 θρωπον,
695 4240 790 4294 καὶ
836 4239 1225 4309 εὐχαριστοῦσι
1282 4240 1378 4301 καὶ
1419 4240 1789 4311 μεγαλύνουσι
1847 4242 1944 4295 καὶ

350 4329 659 4397 δοξάζουσι
687 4327 963 4383 τδνβεόν.
1013 4329 1087 4381 Τὸ
1140 4329 1272 4397 αὐτὸ
1312 4332 1416 4395 ’καλ⁵
1454 4330 1546 4390 ἐπὶ
1593 4330 1692 4393 τῆς
1732 4331 1941 4394 εἰκόνος

2039 3246 2095 3292 et
2124 3238 2381 3291 miracula
2411 3252 2509 3306 per
2533 3237 2654 3292 illos
2678 3237 2730 3291 iu
2755 3237 2975 3291 deserto
2995 3238 3279 3294 edidisset.
3313 3238 3381 3292 Et
3403 3237 3604 3292 iactum

2039 3338 2122 3383 est
2166 3328 2309 3382 sicut
2346 3328 2602 3397 praecepit
2645 3328 2753 3384 illis
2796 3328 3083 3385 Dominus.
3134 3329 3395 3385 Videntes
3432 3331 3605 3391 enim,

2040 3435 2160 3489 quae
2188 3420 2256 3487 ;in
2291 3419 2637 3474 sacerdotum
2671 3419 2925 3474 manibus
2979 3435 3244 3490 suspensa
3286 3429 3464 3484 erant,
3513 3421 3605 3475 Dei

2041 3511 2309 3566 recordati
2332 3519 2482 3577 situt,
2503 3520 2565 3566 et
2588 3511 2666 3565 illi
2690 3512 2893 3582 gratias
2925 3520 3176 3581 egerunt.
3203 3512 3402 3565 Eadem
3423 3521 3605 3566 autem

2043 3604 2338 3674 imaginum
2379 3611 2464 3659 est
2486 3602 2647 3657 ratio.
2670 3602 2978 3672 liepingunt
2999 3601 3211 3656 Christi
3243 3601 3609 3668 nativitatem,

2040 3693 2393 3763 baptismum,
2424 3708 2664 3756 crucem,
2696 3693 3191 3758 resurrectionem;
3240 3703 3297 3748 et
3341 3692 3472 3746 visis
3522 3693 3607 3747 his

2043 3785 2223 3841 turbae
2252 3785 2535 3840 hominum
2573 3785 2627 3840 in
2656 3785 2753 3840 Dei
2784 3784 3221 3841 recordationem
3256 3785 3606 3854 perveniunt,

2040 3885 2097 3932 et
2150 3875 2402 3931 meditari
2462 3876 2763 3951 incipiunt,
2813 3876 3092 3941 quomodo
3142 3875 3416 3941 Christus,
3482 3893 3607 3931 cum

2042 3968 2187 4025 Deus
2205 3978 2371 4033 esset,
2403 3978 2628 4039 propter
2649 3968 2871 4023 humani
2889 3968 3105 4040 generis
3126 3983 3367 4024 amorem
3387 3984 3607 4023 carnem

2043 4061 2421 4130 assumpserit,
2469 4069 2525 4114 et
2574 4060 2630 4114 in
2677 4074 2844 4114 carne
2874 4074 3069 4130 passus
3108 4061 3213 4123 sit,
3268 4076 3611 4130 quaecunque

2046 4149 2175 4204 item
2214 4149 2318 4204 alia
2360 4149 2507 4205 Deus
2541 4158 2768 4219 propter
2802 4149 3082 4204 hominem
3117 4148 3327 4213 fecerit,
3369 4148 3496 4203 hinc
3533 4150 3608 4202 illi

2045 4241 2248 4311 gratias
2275 4248 2463 4311 agunt,
2497 4255 2624 4296 eum
2655 4240 2931 4295 extollunt
2980 4249 3037 4296 et
3086 4240 3414 4313 gloriﬁcant.
3453 4241 3608 4308 Quod
3646 4234 3651 4243 ’

2047 4331 2191 4387 idem
2223 4333 2277 4386 in
2294 4332 2529 4403 imagine
2547 4330 2685 4386 divae
2703 4331 2940 4402 Virginis
2957 4332 3247 4402 contingit,
3267 4348 3389 4402 quae
3412 4333 3611 4387 Filium

351 4428 472 4495 τῆς
511 4421 677 4491 ἁγίας
702 4419 981 4492 Παρθένου
1020 4422 1117 4501 τῆς
1164 4424 1512 4494 γεννησάσης
1548 4424 1641 4479 τὸν
1680 4424 1808 4477 Υίδν
1848 4425 1935 4476 καὶ

2048 4433 2105 4479 et
2154 4422 2393 4479 Verbum
2442 4423 2538 4478 Dei
2569 4421 2872 4478 secundum
2932 4437 3151 4483 carnem
3194 4425 3408 4493 peperit
3447 4442 3461 4477 :
3497 4435 3610 4479 tum

354 4517 549 4582 Λόγον
596 4512 689 4571 τοῦ
731 4512 867 4574 Θεοῦ
915 4513 1067 4579 κατά
1124 4514 1322 4584 σάρκα,
1383 4514 1523 4568 ἀλλὰ
1578 4516 1643 4585 δὴ
1694 4515 1789 4569 καλ⁵
1836 4514 1943 4567 τῶν

361 4606 677 4681 μαρτύρων
741 4607 836 4673 καὶ
898 4607 1010 4660 τῶν
1067 4606 1242 4660 ἄλλων
1312 4607 1529 4662 πάντων
1582 4609 1776 4675 ἁγίων.
1834 4605 1944 4660 Καὶ

358 4700 628 4767 διδόαμεν
678 4698 845 4769 τιμὴν
894 4700 1014 4761 ταῖς
1052 4698 1222 4751 εἰκόσι
1280 4697 1369 4753 διὰ
1427 4698 1545 4771 τὴνρ
1576 4698 1802 4768 ἀγάπην
1854 4699 1949 4751 καὶ

334 4780 473 4863 »τὴν
506 4792 677 4861 τιμὴν
727 4789 837 4843 τῶν
875 4789 1112 4859 ἐχόντων
1155 4790 1318 4858 ἁγίας
1350 4791 1589 4854 είκόνας.
1622 4791 1734 4845 Καὶ
1763 4790 1949 4860 ῶσπερ

366 4886 473 4938 ἐπὶ
528 4882 591 4934 τὸ
643 4882 875 4935 πιλαιδν
923 4879 982 4932 ἐν
1042 4896 1100 4934 τε
1150 4882 1217 4951 τῇ
1254 4880 1462 4953 Ῥώμῃ,
1514 4882 1608 4934 καὶ
1657 4880 1952 4951 ἀλλαχόθεν

365 4977 648 5046 ἐνήργουν
699 4974 1024 5043 ἀνδριάντας
1079 4974 1137 5027 ἐν
1193 4973 1306 5035 τοῖς
1366 4973 1596 5044 ὀνόμασι
1652 4972 1764 5026 τῶν
1812 4974 1955 5026 κατὰ

365 5066 609 5136 καιροὺς
661 5065 951 5133 βασιλέων,
997 5064 1077 5118 ἔτι
1113 5064 1171 5118 δέ
1200 5064 1295 5117 καὶ
1325 5064 1671 5135 στρατηγῶν,
1706 5065 1799 5117 καὶ
1837 5065 1957 5135 βλέ-

371 5175 579 5221 ποντες
619 5156 747 5219 τοὺς
781 5156 1127 5227 ἀνδριάντας,
1160 5154 1395 5224 ἤρχοντο
1455 5155 1536 5216 είς
1591 5155 1815 5223 μνήμην
1843 5153 1954 5206 τῶν

368 5249 828 5320 κατορθωμάτων
903 5246 1013 5315 τῶν
1079 5246 1315 5316 ἐχόντων
1396 5244 1523 5309 τοὺς
1587 5246 1957 5314 ἀνδριάντας,

373 5343 483 5396 καὶ
512 5340 604 5394 διὰ
633 5341 692 5393 τδ
720 5339 1032 5409 μεγαλεῖον,
1075 5337 1156 5390 ἔτι
1186 5337 1243 5389 δὲ
1284 5338 1379 5390 καὶ
1407 5334 1506 5406 τὴν
1535 5335 1758 5388 ἐκείνων
1792 5334 1958 5405 τιμὴν

373 5433 658 5500 ἀνήγοντο
718 5432 799 5493 είς
861 5430 1083 5499 μνήμην
1166 5427 1273 5480 τῶν
1330 5423 1772 5497 κατορθωμάτων
1843 5427 1996 5483 τῶν.

378 5522 625 5592 ἐχόντων
655 5520 782 5582 τοὺς
804 5518 1157 5588 ἀνδριάντας,
1192 5518 1287 5571 καὶ
1325 5517 1532 5587 ἐτίμων
1563 5517 1781 5579 αὐτοὺς.
1816 5515 1960 5579 καθὰ

379 5613 492 5665 καὶ
535 5610 741 5682 ᾁρτίως
795 5609 855 5663 ἐν
891 5610 1012 5672 ταῐς
1044 5608 1267 5677 στήλαις
1320 5608 1431 5660 τῶν
1470 5605 1736 5677 βασιλέων
1768 5621 1781 5635 ·
1814 5606 1959 5660 οὓτω

394 5702 503 5759 καὶ
551 5705 610 5757 ἐν
660 5704 779 5766 ταῖς
826 5703 1030 5756 εἰκόσιν
1074 5701 1374 5769 ἀνάγοντες
1407 5700 1496 5758 τὸν
1526 5698 1651 5763 νοῦν
1689 5700 1845 5779 ήμῶν
1873 5701 1964 5753 ἐπὶ

2047 4529 2265 4585 quoque
2289 4527 2583 4584 martyrum
2614 4521 2670 4567 et
2697 4521 3009 4567 sanctorum
3041 4516 3308 4569 omnium.
3343 4517 3409 4571 Et
3437 4517 3612 4571 houo~

2048 4622 2163 4661 rem
2198 4605 2532 4675 imaginibus
2569 4604 2882 4669 tribuimus,
2931 4616 3155 4676 propter
3200 4606 3522 4661 charitatem
3558 4618 3615 4663 et

2050 4698 2317 4753 honorem
2354 4697 2595 4761 illorum,
2655 4696 2859 4766 quibus
2912 4697 3178 4767 imagines
3223 4707 3353 4751 sunt
3402 4698 3610 4765 positae.

2051 4790 2119 4845 Et
2176 4776 2635 4859 quemadmodum
2713 4787 2843 4840 olim
2893 4787 3080 4849 Roma:
3133 4795 3187 4839 et
3236 4787 3366 4839 alibi
3410 4796 3618 4839 statuas

2055 4883 2329 4951 ponebant
2358 4886 2695 4934 vetustorum
2740 4891 2925 4946 regum
2981 4876 3259 4930 memoria
3285 4885 3339 4929 et
3379 4877 3618 4944 impera-

2057 4979 2262 5034 torum,
2304 4968 2611 5035 statuisque
2639 4965 2772 5019 visis
2803 4964 3239 5019 recordabantur
3269 4964 3615 5033 egregiorum

2059 5056 2383 5123 facinorum,
2442 5072 2564 5127 quze
2614 5070 2711 5125 per
2746 5056 2844 5110 has
2894 5054 3353 5123 suggerebautur,
3411 5063 3465 5109 et
3523 5070 3620 5123 per

2059 5149 2355 5219 imaginum
2385 5144 2845 5214 magniﬁcentiam
2877 5153 2934 5197 et
2967 5143 3232 5197 honorem
3281 5145 3334 5197 in
3368 5144 3623 5199 recorda-

2062 5240 2265 5295 tionem
2297 5236 2522 5292 fortium
2550 5243 2830 5305 gestorum
2862 5233 3209 5289 ducebantur
3230 5272 3245 5297 ,
3299 5234 3496 5303 illaque
3530 5248 3625 5287 ve—

2062 5330 2419 5392 nerabantur,
2441 5328 2580 5383 sicut
2598 5326 2651 5380 in
2672 5339 2861 5395 regum
2894 5326 3108 5389 statuis,
3131 5325 3205 5379 ita
3228 5326 3281 5379 in
3301 5324 3629 5396 imaginibus

2064 5421 2349 5491 contingit.
2393 5418 2487 5473 llis
2519 5417 2667 5471 enim
2706 5414 3071 5486 pertlucentes
3108 5416 3351 5469 animum
3380 5423 3624 5469 nostrum

2064 5515 2129 5570 ad
2164 5516 2279 5583 ipsa
2328 5511 2543 5566 illarum
2603 5506 2961 5577 exemplaria,
3023 5507 3242 5561 illorum
3302 5523 3630 5562 veneramur

2068 5608 2349 5677 imagines.
2394 5603 2462 5658 Et
2496 5599 2955 5673 quemadmodum
3002 5598 3117 5653 fieri
3159 5599 3335 5665 solet,
3385 5600 3429 5654 si
3488 5599 3630 5667 regis

2070 5694 2383 5759 mandatum
2425 5690 2727 5768 perferatur
2755 5688 2821 5744 ad
2859 5689 3092 5765 aliquem
3116 5689 3181 5758 (si
3209 5689 3631 5773 modqmoribus
