3970 6212
373 324 483 389 533

1328 330 1633 391 CONTRA
1667 331 2154 393 ΜΑΗΟΜΕΤΕΜ
2193 334 2565 395 APOLOGIA
2605 336 2704 397 IV.

3532 337 3638 400 534

374 435 482 487 τῶν
514 435 740 505 ἐτέρων.
784 436 941 517 Ἔστι
970 437 1026 490 δὲ
1058 438 1183 493 τάδε
1211 480 1225 505 ,
1276 441 1359 495 ὅτι
1411 436 1567 496 εἶπεν
1622 446 1649 497 6
1701 444 1835 506 Θεὸς
1878 443 1955 512 τῷ

2070 454 2136 499 est
2171 446 2237 499 de
2271 445 2496 515 reliquis
2544 460 2691 500 nunc
2742 445 3044 501 videamus.
3099 447 3238 502 Sunt
3282 463 3413 503 vero
3472 450 3628 505 haec:

376 525 645 595 Μωάμεθ,
683 527 765 587 Td;
806 529 987 582 πάντα
1020 531 1252 602 ἐποίησα
1285 534 1373 588 διὰ
1406 534 1488 593 σέ.
1521 537 1615 589 καὶ
1650 535 1709 587 σέ
1740 535 1805 587 δι’
1835 536 1957 604 ἐμέ.

380 617 494 669 Καὶ
539 616 699 670 τοῦτο
753 620 803 671 οί
839 617 1165 690 Χριστιανοὶ
1221 624 1282 677 οὐ
1339 626 1763 699 παραδέχονται.
1796 627 1961 679 Ἀλλά

380 709 477 761 καὶ
507 708 567 761 τὸ
610 708 703 761 τοῦ
752 710 997 783 Μωάμεθ
1033 714 1206 786 ὄνομα
1244 719 1636 789 γεγραμμένον
1671 719 1961 789 εὑρίσκετο

378 801 440 853 ἐν
468 799 545 869 τῷ
573 801 923 873 Εὖαγγελίῳ,
953 805 1207 871 εἰπόντος
1242 807 1402 862 τοῦτο
1435 810 1530 863 τοῦ
1563 811 1807 881 Χριστοῦ
1843 814 1961 874 τοῖς

392 893 673 957 Ἰουδαίοις
723 896 806 948 ὅτι
834 896 1279 970 Εὑαγγελίξομαι
1312 903 1464 973 ὑμῖν,
1496 904 1583 957 ἵνα
1612 906 1921 976 γινώσκητε
1943 945 1959 971 ,
1984 920 1987 921 ⁷

379 987 461 1039 ὅτι
486 986 605 1056 μετ’
634 987 737 1058 ἐμὲ
782 989 967 1056 μέλλει
998 989 1173 1044 ἐλθεῖν
1217 996 1245 1049 ὁ
1288 995 1593 1061 ἀπόστολος
1623 999 1717 1051 καὶ
1741 1001 1961 1070 προφή-

382 1095 504 1147 της.
557 1076 632 1133 Τδ
681 1080 816 1132 αὐτό
870 1082 986 1135 ἐστι
1050 1089 1439 1155 γεγραμμένον
1496 1090 1591 1142 καὶ
1647 1093 1705 1144 ἐν
1756 1092 1839 1163 ’τῷ
1866 1092 1962 1145 τοῦ

381 1169 626 1234 Μωσέως
683 1171 922 1244 παλαιῷ.
981 1176 1045 1227 Ol
1097 1176 1155 1230 δὲ
1203 1178 1523 1250 Χριστιανοὶ
1594 1183 1964 1255 φθονήσαντες

383 1261 645 1325 ἐξέϐαλον
685 1263 819 1317 αὐτὸ
858 1266 967 1318 ἀπὸ
1007 1266 1103 1319 τοῦ
1156 1268 1490 1339 Εὐαγγελίου
1528 1289 1544 1305 ’
1595 1278 1690 1329 καὶ
1736 1279 1818 1330 ὃτι
1887 1279 1961 1347 μὴ

385 1354 549 1423 μόνον
580 1355 661 1418 είς
692 1356 754 1407 τὸ
810 1357 1146 1426 Εὐαγγὲλιον
1174 1364 1267 1414 καὶ
1318 1364 1380 1417 τὸ
1418 1366 1651 1420 παλαιὸν
1677 1368 1965 1439 εὑρίσκετο

381 1449 772 1516 γεγραμμένον
821 1450 882 1501 τὸ
923 1450 1018 1504 τοῦ
1058 1453 1304 1522 Μωάμεθ
1360 1456 1555 1527 ὄνομα,
1589 1459 1726 1512 ἀλλά
1772 1462 1868 1515 καὶ
1906 1461 1964 1515 ἐν

379 1540 495 1599 τοῖς
534 1538 729 1604 δεξιοῖς
763 1542 955 1611 μέρεσι
978 1544 1075 1597 τοῦ
1109 1544 1300 1616 θρόνου
1334 1547 1427 1601 τοῦ
1468 1550 1605 1603 Θεοῦ
1637 1552 1960 1622 εὑρίσκεται

382 1630 794 1697 γεγραμμένον.
845 1632 956 1686 Καὶ
992 1635 1129 1702 ὅτιὴ
1151 1638 1262 1690 τῶν
1300 1640 1749 1712 Μουσουλμάνων
1779 1644 1965 1708 πίστις

382 1718 493 1771 ἀπὸ
533 1718 627 1771 τοῦ
683 1719 945 1794 Ἀϐραὰμ
993 1726 1334 1797 εὑρίσκεται,
1360 1733 1454 1785 καὶ
1494 1734 1577 1786 ὅτι
1618 1734 1963 1803 παραϐάντες

382 1813 435 1864 οί
488 1812 823 1882 Χριστιανοὶ
876 1816 969 1871 τὸν
1019 1820 1317 1877 Μωσαῖκὸν
1371 1825 1580 1895 νόμον,
1631 1828 1771 1881 εἰσὶν
1822 1828 1965 1894 ἄξιοι

382 1904 728 1973 κατηγορίας
786 1910 881 1963 καὶ
938 1912 1221 1982 μέμψεως.
1276 1915 1659 1986 Καηγοροῦσι
1720 1918 1778 1972 δὲ
1839 1922 1967 1984 τοὺς

378 1991 876 2061 ιέουσουλμάνους,
935 1998 1062 2062 τοὺς
1114 2000 1298 2067 ἀξίους
1348 2004 1574 2057 ἐπαίνου
1616 2007 1708 2059 καὶ
1758 2006 1963 2076 τιμῆς⁸

382 2080 561 2136 ταῦτά
590 2085 732 2136 εἰσιν
760 2085 797 2139 ἃ
832 2089 980 2158 παρά
1013 2089 1123 2145 τῶν
1150 2090 1593 2163 Μουσουλμάνων
1630 2098 1969 2169 κατηγορού-

388 2174 621 2243 μεθα·οί
670 2179 1011 2248 Χριστιανοί.
1084 2185 1535 2258 Ἀπολογούμεθα
1574 2188 1631 2242 δὲ
1660 2188 1856 2259 οὕτως,
1886 2193 1968 2245 ὅτι

388 2269 521 2333 Θεὸς
552 2270 743 2342 ἐνδεὴς
781 2277 875 2328 καὶ
907 2278 1101 2346 χρείαν
1137 2283 1283 2346 τινὸς
1335 2287 1472 2354 ἔχων
1510 2284 1615 2337 οὐκ
1663 2284 1780 2339 ἐστι
1810 2285 1964 2349 Θεός.

407 2357 547 2411 Ἀλλ’
591 2361 623 2413 6
679 2360 891 2432 ἀληθὴς
928 2363 1083 2429 Θεὸς,
1143 2371 1171 2421 6
1211 2374 1440 2440 ποιητὴς
1499 2374 1738 2444 οὐρανοῦ
1775 2394 1833 2429 τε
1875 2380 1969 2433 καὶ

401 2444 524 2513 γῆς,
557 2448 647 2501 καὶ
700 2452 923 2506 πάντων
963 2454 1073 2507 τῶν
1118 2455 1637 2526 δημιουργηθέντων
1671 2464 1731 2518 ἐν
1761 2466 1967 2534 αὐτοῖς,

397 2537 428 2590 6
464 2543 691 2610 ποιήσας
747 2542 878 2608 τοὺς
924 2547 1191 2617 ἀγγέλους
1263 2553 1358 2604 καὶ
1416 2552 1545 2615 τοὺς
1599 2556 1965 2628 ἀνθρώπους.

388 2630 579 2700 χρείαν
616 2634 761 2695 τινὸς
791 2638 892 2689 οὐκ
921 2633 1269 2709 εἶχεν,⁷ἀλλὰ
1315 2641 1405 2697 διὰ
1443 2646 1618 2717 μόνην
1654 2649 1970 2717 ἀγαθότητα

393 2724 490 2774 καὶ
540 2724 763 2793 θέλησιν
814 2729 1041 2801 ἐποίησε
1091 2733 1158 2787 τὰ
1195 2735 1394 2790 πάντα.
1447 2738 1604 2792 Ἐπεὶ
1630 2739 1763 2807 γοῦν
1808 2742 1968 2796 τοῦτο

385 2813 563 2879 οὕτως
618 2817 769 2887 ἔχει,
811 2823 904 2876 καὶ
957 2825 1135 2895 οὐδείς
1188 2827 1340 2884 ἐστιν
1390 2832 1418 2883 6
1479 2831 1801 2900 ἀντιλέγων,
1858 2835 1966 2905 ἄρα

385 2906 576 2999 κακῶς
611 2910 917 2981 ἐφθέγξατο
972 2916 1000 2969 6
1042 2919 1288 2989 Μωάμεθ
1311 2962 1326 2985 ,
1358 2921 1433 2986 ὡς
1462 2924 1626 2993 δῆθεν
1675 2922 1797 2981 εἷπε
1832 2906 1967 2999 προς

384 2998 554 3088 erit?»
586 3003 615 3055 6
645 3003 799 3070 Θεὸς.
834 3007 915 3062 ὅτι
947 3010 1028 3064 Τά
1055 3013 1236 3068 πάντα
1271 3015 1506 3088 ἐποίησα
1536 3019 1624 3073 διὰ
1666 3021 1747 3087 σὲ,
1781 2998 1883 3074 καί
1908 3022 1967 3077 σὲ

2066 537 2212 591 Dixit
2241 540 2385 594 Deus
2414 541 2518 610 ipsi
2560 541 2832 595 Mahomet
2866 559 2878 594 :
2916 541 3109 595 Omnia
3170 541 3273 597 l‘cci
3312 552 3533 613 propter
3564 552 3636 607 te,

2064 637 2117 683 et
2153 638 2205 685 te
2239 640 2465 709 propter
2504 648 2609 687 me.
2654 631 2767 688 lloc
2816 648 2947 687 vero
2983 632 3283 693 Christiani
3316 643 3635 703 pernegaut.

2062 719 2205 787 Quin
2236 730 2292 775 et
2322 722 2495 792 ipsius
2521 723 2799 778 Mahomet
2842 739 3044 778 nomen
3086 722 3346 791 scriptum
3376 723 3430 776 in
3463 723 3641 776 Evan-

2063 812 2207 882 gelio
2241 821 2465 880 exstat,
2498 813 2723 869 Christo
2758 813 3019 869 nimirum
3071 813 3136 867 ad
3182 811 3398 867 Iudaeos
3442 813 3523 866 sie
3550 812 3636 865 di.

2062 913 2226 958 cente
2259 921 2273 959 :
2312 905 2522 960 Bonum
2576 906 2735 962 vobis
2767 905 3024 961 nuntium
3059 905 3298 976 przcdieo
3326 945 3341 969 ,
3400 914 3457 959 ut
3504 903 3636 958 illud

2064 1000 2425 1068 cognoscatis,
2450 980 2710 1068 quo'niam
2744 1008 2868 1069 post
2914 1014 2998 1053 me
3025 1008 3288 1053 venturus
3313 1008 3395 1051 est
3422 1004 3641 1065 aposto-

2062 1087 2151 1142 lus
2190 1096 2247 1143 et
2283 1089 2571 1160 propheta.
2608 1089 2755 1145 Idem
2780 1090 2943 1143 etiam
2977 1089 3030 1142 in
3062 1088 3225 1143 Mosis
3250 1087 3427 1142 Veteri
3453 1086 3640 1138 Testa-

2066 1188 2253 1234 mento
2283 1175 2547 1250 scriptum
2596 1191 2700 1239 est.
2732 1181 3031 1237 Christiani
3064 1196 3193 1234 vero
3231 1179 3433 1232 invidia
3458 1177 3589 1230 moti
3620 1216 3636 1238 ,

2064 1272 2198 1326 illud
2239 1288 2305 1326 ex
2344 1272 2639 1344 Evangelio
2680 1275 2983 1345 eiecerunt,
3029 1288 3153 1326 eum
3209 1282 3389 1324 tamen
3437 1286 3545 1323 non
3583 1273 3653 1325 in'

2064 1364 2360 1433 Evangelio
2393 1374 2603 1420 tantum
2640 1376 2694 1420 et
2724 1364 2906 1420 Veteri
2959 1363 3314 1419 Testamento
3347 1363 3637 1417 Mahometi

2064 1471 2262 1511 nomen
2299 1456 2566 1528 scriptum
2608 1457 2944 1522 inveniatur,
2993 1457 3087 1511 sed
3139 1456 3303 1509 etiam
3356 1470 3385 1508 a
3432 1452 3641 1508 dextris

2064 1547 2250 1602 throni
2311 1547 2483 1603 divini
2534 1548 2805 1618 partibus.
2851 1549 2919 1601 Et
2965 1546 3439 1602 Musulmanorum
3508 1542 3642 1596 ﬁdes

2066 1639 2135 1694 ab
2192 1640 2312 1709 ipso
2372 1640 2648 1695 Abraham
2707 1649 2936 1696 auctore
2987 1639 3282 1708 dependet.
3338 1636 3679 1693 Christiani”

2067 1744 2289 1799 quoque
2327 1729 2456 1799 quia
2487 1730 2652 1786 Mosis
2675 1731 2851 1800 legem
2885 1731 3386 1799 transgrediuntur,
3419 1742 3646 1781 arcusa-

2070 1821 2220 1875 tione
2251 1830 2308 1876 et
2354 1822 2788 1891 reprehensione
2817 1823 2967 1894 digni
3017 1831 3178 1887 sunt;
3224 1821 3325 1890 ipsi
3360 1834 3489 1874 vero
3530 1818 3645 1871 Mu-

2068 1914 2354 1970 sulmanos
2388 1924 2671 1981 accusant,
2697 1914 2857 1971 laude
2883 1915 3079 1986 dignos
3118 1923 3174 1970 et
3214 1914 3447 1968 honore.
3478 1911 3642 1979 Atqui

2069 2004 2183 2063 haac
2235 2015 2404 2068 sunt,
2431 2005 2499 2060 de
2534 2007 2736 2075 quibus
2767 2021 2865 2060 nos
2897 2005 3196 2061 Christiani
3226 2020 3257 2058 a
3286 2001 3646 2058 Musulmanis

2068 2112 2428 2153 accusantur:
2460 2098 2575 2154 haec
2626 2114 2753 2153 vero
2779 2099 2860 2154 sic
2898 2097 3269 2153 eontutamus.
3313 2097 3456 2150 Deus
3502 2093 3647 2146 indi-

2069 2204 2170 2258 gus
2206 2199 2262 2244 et
2294 2191 2533 2260 alicujus
2569 2190 2647 2245 rei
2681 2191 2864 2260 inopia
2904 2189 3186 2251 laborans,
3227 2189 3370 2242 Deus
3399 2201 3507 2239 non
3534 2194 3641 2237 est.

2070 2281 2177 2337 Sed
2215 2297 2385 2337 verus
2418 2283 2581 2347 Deus,
2612 2290 2827 2336 creator
2850 2280 2973 2336 caali
3003 2290 3059 2335 et
3098 2289 3259 2334 terra:
3297 2288 3353 2332 et
3396 2277 3643 2330 omnium

2070 2389 2192 2443 quae
2221 2375 2273 2428 in
2301 2375 2386 2429 bis
2418 2386 2600 2429 creata
2628 2383 2796 2440 sunt,
2826 2375 3031 2444 quique
3075 2374 3288 2429 ereavit
3336 2372 3560 2440 angelos
3592 2381 3649 2426 et

2070 2464 2345 2531 homines,
2380 2467 2527 2521 nulla
2575 2482 2634 2521 re
2666 2481 2892 2536 prorsus
2924 2465 3152 2536 indiget.
3185 2464 3302 2520 sola
3327 2472 3511 2519 autem
3550 2463 3649 2517 bo-

2071 2558 2243 2613 nitate
2274 2574 2370 2613 sua
2416 2566 2473 2612 et
2531 2558 2813 2614 voluntate
2862 2558 3073 2613 ereavit
3102 2557 3311 2611 omnia.
3343 2554 3481 2610 Cum
3513 2570 3648 2609 vero

2071 2649 2175 2705 hoc
2201 2661 2306 2704 tam
2332 2652 2549 2704 ﬁrmum
2583 2650 2677 2715 sit,
2706 2659 2769 2704 ut
2815 2665 2976 2704 nemo
3007 2650 3102 2719 qui
3131 2663 3329 2717 negare
3362 2648 3536 2716 possit
3561 2646 3648 2700 in«

2069 2742 2345 2803 veniatur,
2379 2741 2543 2811 impie
2580 2758 2771 2795 revera
2816 2742 3033 2796 locutus
3058 2749 3142 2796 est
3171 2738 3465 2802 Mahomet,
3499 2737 3646 2808 quod

2071 2831 2216 2886 Deus
2233 2831 2302 2885 ad
2336 2832 2487 2884 illum
2518 2831 2721 2885 dixerit
2753 2847 2767 2885 :
2798 2831 2993 2887 Omnia
3017 2834 3198 2887 creavi
3228 2840 3453 2902 pr0pter
3490 2842 3563 2896 te,
3595 2841 3649 2886 et

2070 2934 2123 2979 te
2154 2932 2382 2994 propter
2417 2939 2522 2976 me.
2547 2923 2691 2977 Deus
2720 2924 2868 2977 enim
2892 2924 3040 2984 nulla
3065 2940 3124 2979 re
3158 2940 3386 2993 prorsus
3417 2919 3644 2994 indiget.

2069 3016 2223 3083 Quod
2253 3031 2387 3071 vero
2415 3015 2881 3070 Musulmanorurn
2911 3018 3043 3069 lides
3073 3020 3136 3069 ad
3157 3017 3428 3071 Abraham
3461 3029 3649 3071 aucto-

384 3086 455 3191 ἤι’
492 3090 613 3191 ἐμέ.
644 3091 705 3191 'O
739 3095 846 3164 γὰρ
880 3096 1013 3161 Θεὸς
1039 3100 1234 3169 χρείαν
1265 3086 1541 3168 τινδςήοὑκ
1577 3107 1712 3178 ἔχει.
1735 3086 1879 3164 νὌτι
1909 3112 1965 3166 δὲ

2072 3124 2186 3163 rem
2230 3124 2340 3163 non
2378 3110 2553 3177 possit
2599 3108 2824 3172 referri,
2856 3110 3023 3163 veluti
3060 3108 3338 3163 Mahomet
3368 3110 3553 3173 tradit,
3580 3126 3645 3165 ex

388 3182 424 3250 ἠ
480 3181 590 3233 τῶν
650 3183 1097 3258 Μουσονλμάνων
1167 3194 1353 3259 πίστις
1403 3198 1505 3251 οὐκ
1568 3195 1635 3270 ἦν
1704 3200 1812 3255 ἀπὸ
1871 3205 1964 3258 τοῦ

2071 3212 2169 3253 sua
2204 3197 2377 3265 ipsius
2408 3213 2638 3267 persona
2693 3200 3066 3267 redarguitnr.
3121 3199 3240 3269 Ipse
3273 3201 3420 3254 enim
3456 3212 3648 3255 auctor

404 3271 681 3344 ’Λόραάμ,
713 3278 789 3341 ὡς
818 3279 846 3331 6
875 3282 1121 3352 Μωάμεθ
1152 3284 1324 3354 λέγει,
1369 3288 1431 3354 ἐξ
1478 3291 1646 3345 αὐτοῦ
1676 3295 1771 3348 τοῦ
1801 3297 1969 3349 Μωά-

396 3366 500 3432 μεθ
534 3365 647 3436 ἔχει
676 3369 769 3421 τὸν
800 3370 1043 3442 ἔλεγχον·
1088 3377 1251 3455 αὐτος
1305 3379 1443 3450 γάρ’
1473 3384 1624 3436 ἐστιν
1651 3385 1681 3437 6
1717 3386 1967 3456 ἀρχηγὸς

387 3456 488 3511 καὶ
520 3458 820 3531 νομοθέτης
846 3462 953 3516 τῶν
992 3465 1250 3520 τοιούτων
1299 3469 1608 3539 δογμάτων.
1639 3474 1699 3527 Ei
1730 3474 1787 3528 δέ
1819 3478 1967 3530 ἐστιν

384 3548 603 3619 ἕτερος,
632 3551 920 3624 δειχθήτω.
980 3558 1087 3612 Καὶ
1132 3560 1243 3629 γὰρ
1275 3563 1382 3615 ἀπὸ
1420 3564 1515 3618 τοῦ
1558 3564 1816 3637 Ἀϐραὰμ
1862 3570 1968 3632 ἕως

385 3642 486 3695 τοῦ
546 3644 795 3716 Μωάμεθ
832 3648 1107 3719 παρῆλθον
1168 3654 1351 3721 χρόνοι
1407 3655 1615 3726 ,βφπβ’,
1680 3660 1775 3712 καὶ
1829 3660 1968 3729 μετά

387 3736 571 3789 ταῦτα
604 3740 778 3810 ἐφάνη
816 3740 845 3792 6
874 3743 1197 3813 Μαχούμετ·
1230 3746 1430 3800 οὐκοῦν
1472 3750 1571 3802 οὐκ
1611 3750 1761 3805 ἔστιν
1800 3754 1833 3822 ἡ
1860 3754 1969 3809 τῶν

384 3831 841 3901 Μουσουλμάνων
875 3834 1061 3899 πίστις
1094 3838 1205 3890 ἀπὸ
1228 3837 1322 3892 τοῦ
1363 3838 1639 3911 Ἀϐραάμ.
1672 3844 1732 3895 Εί
1757 3844 1802 3896 δ’
1837 3845 1970 3907 ἴσως

386 3920 581 3987 λέγετε
615 3922 777 3977 τοῦτο
817 3924 910 3978 διὰ
950 3925 1050 3998 τὴν
1093 3929 1421 4000 περιτομὴν,
1462 3930 1573 3999 ἐγώ
1608 3949 1691 3987 σοι
1736 3934 1848 4005 ἐρῶ
1878 3936 1969 3989 τὸν

392 4014 556 4080 λόγον
587 4016 693 4084 τῆς
724 4021 1054 4089 περιτομῆς.
1682 4084 1691 4087 _

465 4108 533 4175 β’.
565 4107 623 4160 '0
651 4108 905 4180 ’Δὸραὰμ
934 4110 1268 4180 θεασάμενος
1288 4113 1379 4167 τὸν
1404 4113 1654 4183 οὐρανὸν,
1676 4116 1768 4169 τὸν
1794 4116 1967 4187 ἣλιον,

388 4201 525 4263 τοὺς
566 4201 803 4270 ἀστέρας
834 4240 851 4266 ,
891 4202 989 4274 τὴν
1042 4203 1148 4273 γῆν
1175 4245 1190 4268 ,
1244 4205 1346 4275 τὴν
1406 4206 1706 4272 θάλασσαν,
1754 4209 1851 4261 καὶ
1897 4208 1970 4262 τὰ

391 4296 451 4347 ἐν
481 4295 688 4358 αὐτοῖς,
718 4294 1074 4363 ἀνελογίσατο
1105 4296 1228 4350 καθ’
1253 4296 1469 4362 ἐαυτὸν,
1503 4298 1599 4350 καὶ
1623 4294 1969 4368 εἶπενοτΑρα

385 4389 463 4441 τὰ
505 4387 730 4441 τοιαῦτα
769 4387 911 4458 ἔργα
955 4387 1168 4457 μεγάλα
1203 4388 1379 4451 οὕτως
1437 4391 1535 4443 καὶ
1565 4389 1779 4452 ἐξαίσια
1815 4391 1966 4469 ὄντα,

2070 3297 2124 3343 οι
2153 3290 2433 3358 legislator
2490 3298 2576 3343 est
2624 3290 2804 3359 legum
2851 3292 3193 3360 hujusmndi.
3227 3292 3382 3357 Quod
3416 3294 3461 3347 si
3506 3294 3647 3347 alius

2068 3392 2173 3439 est.
2189 3380 2706 3436 demunstreturﬁb
2723 3383 3018 3436 Abrabatui
3041 3384 3187 3437 enim
3212 3395 3456 3453 tempore
3476 3401 3647 3452 usque

2069 3473 2135 3527 ad
2164 3472 2435 3529 Mahomet
2461 3472 2588 3526 anni
2628 3474 2799 3541 elapsi
2822 3483 2950 3526 sunt
2986 3473 3069 3529 his
3103 3474 3249 3528 mille
3282 3476 3564 3544 quingenti
3592 3490 3649 3529 et

2069 3564 2345 3633 octaginta
2412 3564 2545 3627 duo,
2597 3565 2802 3633 quibus
2836 3566 3072 3621 evolutis
3108 3567 3330 3620 demum
3376 3566 3642 3619 Mahomet

2070 3665 2227 3709 ortus
2257 3664 2361 3709 est.
2392 3654 2861 3715 Musulmanorum
2902 3656 3069 3723 igitur
3110 3656 3243 3710 tides
3272 3657 3340 3709 ab
3372 3658 3645 3711 Abraham

2071 3755 2445 3802 auetore‘non
2482 3746 2785 3801 descendit.
2818 3746 2978 3812 Quod
3031 3747 3077 3802 si
3122 3762 3253 3803 vero
3286 3747 3387 3802 hoc
3415 3746 3647 3803 fortasse

2073 3845 2301 3907 propter
2330 3837 2814 3891 circnmeisioncm
2865 3839 3070 3901 dicitis,
3111 3854 3209 3910 age
3244 3838 3362 3899 ipse
3392 3839 3495 3897 tibi
3541 3840 3649 3894 eir-

2069 3929 2431 3985 cumcisionis
2460 3930 2732 3985 rationem
2769 3930 3079 4001 explicabo.

2144 4113 2206 4171 2.
2240 4113 2377 4168 Cum
2404 4114 2633 4168 vidisset
2663 4113 2935 4168 Abraham
2969 4115 3191 4181 caelum,
3221 4116 3415 4184 solem,
3442 4117 3647 4181 sidera,

2072 4214 2304 4270 terram,
2338 4219 2490 4258 mare
2546 4213 2603 4258 et
2636 4220 2757 4273 qua:
2793 4205 2847 4258 in
2878 4206 3013 4275 ipsis
3045 4216 3211 4283 sunt,
3241 4208 3521 4278 reputavit
3564 4224 3651 4265 se-

2071 4312 2194 4351 cum
2226 4296 2417 4351 dicens
2449 4314 2463 4350 :
2498 4296 2693 4352 Utrum
2745 4297 2862 4352 haec
2920 4306 3067 4354 tanta
3100 4310 3157 4355 et
3183 4301 3454 4371 stupenda
3479 4315 3645 4370 Opera

2072 4387 2158 4441 vel
2195 4388 2431 4457 simplici
2483 4388 2647 4441 modo
2687 4395 2744 4441 et
2774 4402 2872 4442 sua
2910 4398 3107 4458 Sponte
3134 4400 3326 4445 exorta
3360 4401 3510 4457 sunt,
3554 4401 3650 4445 aut

390 4479 584 4541 ἀπλῶς
605 4478 750 4532 οὕτω
783 4483 879 4534 καὶ
908 4480 1237 4550 αὐτομάτως
1278 4482 1560 4548 ἐγένοντο,
1591 4482 1625 4549 ἢ
1663 4464 1968 4551 ἔχουσινκαί

2075 4478 2279 4533 habent
2347 4478 2586 4547 aliquem
2627 4478 2720 4546 qui
2776 4464 2893 4547 ipsa
2944 4479 3198 4537 creavit?
3234 4481 3649 4551 Contemplatus

389 4588 520 4624 τινα
553 4571 643 4623 τὸν
679 4572 986 4640 ποιήσαντα
1040 4572 1179 4627 αὐτά
1204 4588 1218 4637 ;
1247 4573 1600 4641 Θεασάμενος
1633 4573 1839 4637 τοίνυν,
1889 4573 1968 4638 ὼς

391 4664 634 4734 εἴρηται,
692 4661 792 4732 τὴν
840 4662 1107 4732 καλλονὴν
1144 4664 1255 4716 τῶν
1297 4664 1654 4734 κτισμάτων,
1686 4665 1966 4735 ἐθαύμαζε

392 4754 495 4807 καὶ
524 4754 902 4823 ἐξεπλήττετο,
935 4754 1032 4807 καὶ
1052 4754 1353 4809 ἐσκέπτετο
1375 4756 1519 4809 κατὰ
1551 4755 1700 4817 νοῦν,
1738 4757 1812 4826 μή
1849 4773 1967 4818 πως

392 4848 498 4900 οὐκ
532 4845 714 4915 ἔχουσί
764 4862 889 4898 τινα
932 4846 1025 4899 τὸν
1065 4848 1373 4917 ποιήσαντα
1400 4847 1564 4912 αὐτὰ,
1591 4847 1729 4902 ἀλλὰ
1765 4848 1968 4918 μᾶλλον

390 4938 568 4991 ταῦτὰ
607 4939 715 4990 είσι
782 4936 916 5001 θεοὶ,
981 4934 1169 4999 καθὼς
1223 4936 1495 5003 ἐνόμιζον·
1530 4937 1627 4990 καὶ
1686 4937 1737 4991 oi
1788 4940 2004 5006 γονεῖς.

391 5024 564 5079 αὐτοῦ
610 5028 709 5077 καὶ
755 5027 955 5087 πάντες
1010 5026 1060 5077 οί
1098 5024 1507 5094 είδωλολάτραι.
1548 5024 1659 5078 Καὶ
1689 5026 1771 5078 ὄτι
1808 5027 1905 5095 μὲν
1941 5028 1969 5079 6

391 5118 528 5178 θεὸς
571 5115 795 5185 ἐποίησε
836 5115 906 5168 τὰ
953 5116 1133 5170 πάντα
1175 5115 1314 5169 καλὰ
1356 5115 1510 5179 λίαν,
1569 5116 1662 5167 καὶ
1704 5115 1833 5180 ἄξια
1868 5116 1967 5183 τῆς

394 5208 567 5262 αὐτοῦ
602 5207 886 5277 ἐνεργείας
913 5246 930 5271 ,
970 5204 1046 5270 ὡς
1092 5205 1159 5259 ἂν
1183 5206 1294 5274 ίδιὰ
1330 5207 1433 5276 τῆς
1486 5207 1725 5277 θεωρίας
1759 5208 1968 5261 τούτων
2012 5256 2013 5259 η

394 5301 711 5366 ἀνάγωνται
765 5298 967 5361 πάντες
1020 5297 1300 5365 ἄνθρωποι
1343 5299 1830 5367 εἰς’θεογνωσίαν.
1875 5301 1970 5352 καὶ

397 5368 783 5467 μεγαλύνωσιν
804 5392 901 5445 καὶ
932 5391 1201 5456 ὁοξάζωσι
1243 5392 1334 5443 τὸν
1365 5390 1572 5444 τούτων
1606 5393 1841 5462 ποιητὴν
1874 5394 1969 5446 καὶ

389 5487 735 5557 δημιουργόν
758 5500 773 5515 ⁸
807 5485 966 5538 τοῦτο
1005 5484 1180 5548 οὕτως
1220 5485 1355 5553 ἔχει,
1403 5485 1497 5537 καὶ
1549 5486 1649 5538 οὐκ
1678 5487 1874 5539 ἄλλως.
1904 5485 1969 5537 Ol

386 5581 435 5634 δ’
462 5579 740 5648 ἄνθρωποι
781 5576 1373 5648 παρατραπέντεςτῆς
1404 5576 1639 5645 ἀληθοῦς
1670 5580 1764 5630 καὶ
1792 5577 1970 5646 ,ὀρθῆς

393 5673 673 5743 γνώσεως,
702 5670 798 5725 καὶ
828 5671 1063 5738 ἀφέντες
1091 5670 1421 5739 προσκυνεῖν
1454 5669 1550 5721 καὶ
1579 5668 1838 5722 σέϐεσθαι
1878 5670 1969 5721 τὸν

398 5764 631 5837 ποιητὴν
664 5764 774 5818 τῶν
813 5762 1033 5819 πάντων
1074 5761 1234 5827 Θεθιν,
1297 5760 1499 5830 μᾶλλον
1553 5761 1967 5832 προσεκύνησαν

2079 4571 2271 4640 igitur,
2319 4579 2379 4624 ut
2411 4569 2573 4624 modo
2602 4570 2810 4625 dictum
2862 4580 2968 4632 est.
3008 4580 3388 4629 creaturarum
3431 4575 3652 4644 elegan-

2072 4659 2226 4721 tiam,
2268 4658 2633 4713 admiratione
2677 4658 2875 4713 durtus
2898 4661 3220 4730 obstupuit,
3244 4671 3303 4717 et
3341 4661 3524 4716 animo
3547 4677 3647 4717 suo

2072 4752 2191 4806 haec
2238 4752 2461 4807 volvere
2510 4751 2678 4820 crrpit
2725 4770 2739 4805 :
2787 4751 3142 4821 Nequaquam
3180 4753 3294 4808 luce
3339 4762 3643 4808 creatorem

2070 4845 2237 4898 alium
2265 4844 2494 4910 habent,
2518 4842 2614 4897 sed
2645 4844 2758 4898 hac
2786 4844 2903 4912 ipsa
2932 4844 3192 4899 nimirum
3216 4844 3290 4897 dii
3322 4854 3469 4897 sunt.
3500 4843 3557 4896 lu
3582 4860 3643 4897 ea

2071 4939 2218 4992 enim
2255 4937 2518 5005 opinione
2547 4944 2602 4987 et
2627 4946 2887 5005 parentes
2919 4936 3086 4998 illius,
3110 4946 3164 4988 et
3193 4951 3382 4990 omnes
3416 4937 3643 4990 simula-
3701 4952 3705 4957 ·

2070 5042 2288 5081 erorum
2321 5026 2563 5080 cultores
2614 5026 2962 5079 tenebantur.
3020 5026 3087 5079 Et
3136 5026 3265 5081 licet
3316 5027 3430 5081 [nec
3460 5028 3641 5080 omnia

2072 5119 2216 5171 Deus
2246 5116 2404 5172 valde
2430 5117 2574 5169 buna
2601 5116 2920 5180 ereavisset,
2945 5125 3001 5170 et
3043 5133 3143 5171 suo
3181 5117 3341 5187 digna
3379 5119 3601 5187 upilicio
3626 5159 3640 5181 ,

2074 5218 2134 5261 ut
2163 5209 2359 5261 horum
2391 5205 2852 5274 contemplatione
2885 5206 3133 5261 homines
3174 5208 3227 5260 in
3256 5208 3346 5260 Dei
3372 5208 3641 5277 cognitio-

2072 5315 2197 5354 nem
2243 5298 2702 5367 perdueerentur,
2750 5297 3059 5367 horumque
3094 5310 3401 5354 creatorem
3427 5309 3481 5353 et
3526 5302 3641 5369 opt-

2074 5391 2231 5445 lieem
2254 5390 2620 5455 celebrarent,
2646 5388 3012 5459 laudibusque
3044 5391 3312 5447 veherent
3345 5393 3485 5460 (qua:
3512 5409 3641 5448 sane

2069 5486 2181 5538 Sola
2209 5492 2266 5537 et
2309 5498 2416 5536 non
2448 5482 2551 5535 alia
2576 5484 2770 5536 borum
2804 5497 2967 5537 causa
2992 5482 3096 5554 est)
3126 5501 3139 5549 ;
3178 5486 3430 5540 homines
3461 5497 3639 5540 lannu

2073 5592 2101 5629 a
2142 5590 2269 5628 vera
2300 5584 2355 5627 et
2393 5583 2538 5627 recta
2587 5574 2901 5644 cognitione
2953 5576 3312 5643 aberrantes,
3343 5588 3400 5631 et
3442 5578 3644 5631 omissa

2072 5666 2336 5721 creatoris
2355 5667 2626 5730 omnium,
2656 5666 2749 5720 Dei
2780 5666 3012 5729 scilicet,
3044 5668 3256 5722 cultura
3280 5677 3336 5723 et
3359 5670 3640 5739 religione,

2074 5770 2377 5815 creaturam
2414 5760 2597 5830 potius
2625 5758 3014 5827 adoraverunt,
3046 5768 3103 5815 et
3141 5760 3281 5816 hanc
3318 5761 3443 5835 plus
3477 5776 3637 5834 quam
