3970 6212
348 329 467 413 ’535

1539 346 1859 409 JOANNlS
1898 349 2421 412 CANTACUZENI

3484 344 3594 411 536

358 468 666 518 creatorem
690 459 998 516 coluerunt.
1033 455 1304 511 Abraham
1334 464 1515 511 autem
1553 458 1713 529 longe
1758 457 1916 511 aliam

2030 461 2127 529 τὴν
2185 460 2403 526 κτίσιν,
2471 458 2564 513 καὶ
2604 456 2984 536 ἐσεϐάσθησαν
3039 460 3244 527 ταύτην
3307 473 3458 526 παρα
3496 459 3593 513 τὸν

359 554 505 610 viam
555 552 833 622 ingressus
891 559 997 604 est.
1059 548 1327 604 Cordatus
1381 549 1528 604 enim
1572 550 1920 619 prudensque

357 658 485 699 eum
550 642 761 713 videret
808 650 863 695 et
916 639 1246 709 intelligeret
1301 638 1501 695 etclam
1535 638 1757 709 quidem
1809 655 1918 694 non

359 734 645 789 immotum
675 729 994 795 consistere,
1023 730 1116 785 sed
1151 730 1357 785 moveri
1387 730 1666 796 continue,
1699 730 1918 785 interim

360 836 493 876 vero
522 820 792 875 solaribus
821 820 990 877 radiis
1012 835 1172 890 egere
1193 860 1207 885 ,
1254 820 1347 891 qui
1376 820 1480 875 hoc
1511 820 1923 886 contemplatio-

358 912 446 966 nis
477 926 639 966 causa
697 910 1070 965 illuminarent
1118 927 1132 963 :
1182 919 1293 964 tum
1350 911 1513 965 etiam
1557 926 1737 965 aerem
1794 910 1922 966 huic

358 1002 664 1073 subjectum
705 1017 956 1066 cernens,
994 1011 1049 1056 et
1093 1002 1261 1057 solem
1298 1018 1443 1057 nunc
1479 1002 1701 1071 quidem
1756 1016 1921 1073 supra

358 1102 559 1148 terram
615 1093 858 1158 exoriri,
892 1109 1039 1148 nunc
1072 1109 1199 1149 vero
1227 1094 1328 1148 sub
1357 1093 1606 1148 eamdem
1638 1092 1919 1159 abscondi,

358 1199 414 1243 ct
460 1189 606 1260 quod
642 1188 729 1242 hic
756 1187 997 1241 nubibus
1025 1202 1291 1257 nusquam
1324 1186 1688 1256 prirsentibus
1720 1186 1918 1251 luceat,

358 1278 467 1331 illis
524 1292 657 1332 vero
720 1276 1090 1332 incidentibus
1152 1277 1548 1332 obtenebretur
1595 1295 1610 1333 :
1663 1286 1920 1349 praeterea

353 1383 506 1423 mare
553 1369 730 1422 ventis
780 1369 994 1438 agitari,
1026 1376 1082 1423 et
1122 1376 1323 1422 terram
1361 1368 1516 1437 aquis
1548 1367 1613 1422 ad
1642 1368 1919 1422 fructuum

350 1467 681 1526 proventum
724 1457 969 1528 indigere
1000 1457 1371 1526 conspicatus,
1396 1458 1581 1512 omnia
1609 1456 1916 1516 damnavit.

354 1555 541 1613 utpote
594 1561 690 1616 per
728 1561 787 1601 se
837 1544 984 1599 omni
1020 1546 1223 1600 virtute
1253 1555 1309 1600 et
1337 1546 1579 1615 potentia
1622 1546 1881 1601 destituta
1905 1584 1919 1608 .

353 1649 583 1703 quaeque
610 1641 798 1689 mutua
837 1650 1000 1704 Opera
1045 1635 1363 1705 indigeant,
1398 1651 1500 1691 nec
1546 1636 1780 1705 aliquam
1822 1639 1921 1691 ha-

354 1740 474 1778 rum
525 1739 591 1779 ex
644 1726 912 1779 creaturis
958 1726 1125 1778 Deum
1189 1741 1309 1781 esse
1370 1726 1727 1781 existimavit.
1775 1728 1919 1781 Deus

354 1816 505 1869 enim
560 1817 765 1871 nullius
798 1800 962 1885 Opera
999 1817 1222 1887 indiget.
1260 1817 1465 1871 Deinde
1497 1818 1915 1888 contemplatus,
1952 1792 1989 1845 Β

351 1922 420 1961 ne
456 1906 590 1961 forte
641 1908 780 1974 dumf
816 1907 1022 1961 nullum
1074 1923 1139 1963 ex
1178 1908 1406 1977 singulis
1462 1907 1611 1962 hisce
1642 1907 1734 1961 Dei
1793 1924 1918 1961 mu-

350 2012 456 2052 nus
511 1999 663 2052 obire
710 1999 920 2067 possit,
985 1998 1167 2053 omnia
1215 1998 1420 2067 pariter
1487 1999 1777 2067 conjuncta
1819 1999 1914 2053 Dei

350 2105 552 2145 nomen
619 2090 1178 2146 obtineantwidens
1237 2098 1417 2145 autem
1489 2104 1706 2143 rursum
1763 2090 1916 2144 arida

351 2196 478 2235 cum
510 2182 753 2236 humidis
786 2198 1053 2252 pugnare.
1088 2182 1282 2253 frigida
1311 2197 1439 2236 vero
1465 2196 1589 2236 eum
1621 2181 1833 2246 calidis,
1863 2189 1919 2236 et

350 2274 492 2343 ignis
552 2274 813 2328 virtutem
852 2274 1029 2343 aquis
1074 2273 1348 2343 opprimi,
1407 2286 1625 2327 rursum
1678 2272 1821 2342 apud
1860 2288 1916 2328 se

352 2365 648 2420 meditatus
675 2372 779 2430 est,
811 2365 984 2420 Deum
1013 2364 1119 2420 sibi
1170 2363 1271 2435 ipsi
1299 2363 1534 2418 divisum
1582 2371 1637 2417 et
1672 2378 1917 2434 pugnan-

354 2463 463 2509 tem
531 2470 717 2509 secum
755 2456 926 2510 Deum
962 2470 1081 2510 esse
1102 2470 1209 2510 non
1234 2468 1414 2525 posse.
1442 2452 1577 2509 Hinc
1606 2468 1735 2508 vero
1768 2467 1920 2508 crea-

353 2554 602 2600 turarum
630 2546 886 2600 ordinem
922 2556 977 2600 et
1011 2546 1531 2615 contemplationem
1578 2546 1737 2616 longe
1779 2544 1919 2614 opti-

353 2652 499 2691 mam
547 2637 948 2707 contemplatus
984 2678 999 2703 ,
1058 2636 1312 2690 dubitare
1372 2636 1515 2706 apud
1561 2635 1915 2705 semetipsum

352 2730 540 2799 carpit,
567 2744 689 2785 esse
723 2729 983 2783 nimirum
1016 2728 1276 2782 virtutem
1309 2725 1624 2795 quamdam,
1655 2742 1777 2794 quae
1798 2741 1916 2781 om-

350 2823 443 2877 nia
490 2821 632 2896 intra
658 2836 716 2876 se
747 2820 1030 2875 contineat
1058 2827 1112 2873 et
1139 2818 1427 2889 gubernet.
1460 2817 1527 2870 Et
1569 2831 1699 2907 'cunt
1727 2832 1917 2872 omnes

352 2914 606 2968 homines
652 2913 824 2967 Deum
854 2926 976 2965 esse
1006 2910 1392 2974 conﬁteantur,
1423 2908 1625 2979 singuli
1656 2922 1788 2963 vero
1819 2923 1917 2977 pro

351 3020 454 3060 suo
482 3004 711 3060 arbitrio
740 3013 793 3059 et
828 3003 1107 3058 voluntate
1151 3002 1318 3057 alium
1365 3001 1644 3071 aliumque
1689 3003 1916 3057 conﬁte-

2026 550 2308 605 κτίσαντα.
2354 550 2495 603 Ἀλλ’
2526 551 2554 603 6
2598 549 2850 620 ’Δϐραὰμ
2902 550 3001 618 οὐχ
3051 548 3247 611 οὕτως,
3295 548 3595 616 ἀλλ’ἀγχί-

2021 658 2146 705 νους
2183 640 2279 707 ὢν,
2315 643 2411 695 καλ⁸
2450 642 2571 696 ίδὼν
2620 643 2715 696 καὶ
2747 643 3095 712 κατανοήσας
3131 643 3214 695 ὅτι
3247 642 3275 694 6
3302 641 3402 711 μὲν
3430 640 3598 710 οὐρα·

2024 735 2112 791 νὸς
2143 734 2239 803 οὐχ
2272 734 2507 799 ἵσταται,
2546 734 2683 788 ἀλλὰ
2716 734 2932 804 κίνησιν
2975 732 3087 805 ἔχει
3116 732 3499 803 διηνεκῆ,’ἕχει
3532 731 3595 784 δὲ

2021 824 2114 878 καὶ
2147 826 2337 895 χρείαν
2394 825 2619 895 ἡλιακοῦ
2671 824 2889 895 τρωτὸς,
2939 824 3264 893 φωτίζοντος
3321 824 3485 876 αὐτόν
3530 840 3591 876 τε

2022 914 2255 984 θεωρίας
2286 915 2491 981 ἕνεκεν,
2525 916 2617 969 καὶ¹
2649 916 2739 969 τὸν
2795 916 2889 969 ὑπ’
2913 916 3074 968 αὐτὸν
3105 916 3265 983 ἀέρα,
3294 916 3322 967 6
3350 916 3407 967 δὲ
3435 913 3592 984 ἣλιος

2027 1005 2153 1058 ποτὲ
2191 1008 2291 1076 μὲν
2321 1006 2461 1077 ὑπὲρ
2492 1007 2594 1078 γῆν
2641 1007 3053 1077 εὑρισκόμενος,
3095 1006 3225 1059 ποτὲ
3272 1006 3328 1058 δὲ
3368 1004 3433 1059 αὖ
3484 1005 3593 1058 ὑπὸ

2021 1098 2126 1166 γῆν
2158 1100 2558 1167 κρυπτόμενος,
2589 1099 2683 1151 καὶ
2703 1099 2786 1153 ὅτι
2813 1098 2888 1167 μὴ
2916 1097 3084 1150 ὄντων
3122 1097 3359 1166 νεφελῶν
3386 1096 3593 1164 φαίνει,

2022 1188 2424 1257 εὑρισκομένων
2479 1189 2524 1240 δ’
2557 1184 2714 1251 αὖθις
2758 1188 3101 1251 σκοτίζεται·
3161 1188 3253 1239 καὶ
3304 1188 3338 1257 ἡ
3392 1186 3592 1256 σελήνη

2022 1278 2117 1331 καὶ
2153 1279 2202 1332 οί
2256 1279 2485 1349 ἀστέρες
2538 1280 2612 1350 μὴ
2672 1280 2826 1343 ὄντος
2874 1278 3027 1347 ἡλίου
3075 1278 3394 1345 φαίνουσιν,
3437 1278 3594 1339 δντος

2022 1368 2078 1421 δὲ
2155 1369 2319 1423 αὐτοῦ
2371 1371 2677 1435 σκοτίςεται
2746 1371 2839 1424 καὶ
2895 1370 3213 1438 ἀφανίζεται
3262 1370 3321 1422 τὸ
3364 1369 3593 1421 ἐκείνων

2024 1462 2139 1530 φῶς
2186 1463 2278 1516 καὶ
2328 1465 2361 1533 ἠ
2411 1463 2634 1535 θεωρία,
2698 1464 2856 1534 καὶὴ
2907 1463 3151 1517 θάλασσα
3204 1460 3592 1531 ἑμπαιζομένη

2023 1553 2129 1607 ὑπὸ
2164 1554 2270 1607 τῶν
2301 1554 2539 1625 ἀνέμων,
2574 1557 2606 1625 ὴ
2643 1555 2712 1624 γῆ
2742 1555 2798 1607 δὲ
2820 1555 3121 1627 -χρῄζουσα
3156 1554 3344 1617 ῦδατος
3385 1555 3594 1623 είςῗτὴν

2021 1644 2133 1695 τῶν
2175 1645 2399 1712 καρπῶν
2438 1647 2708 1715 γέννησιν,
2742 1645 2991 1713 κατέγνω
3019 1646 3253 1709 πάντων,
3284 1644 3359 1708 ὡς
3402 1646 3591 1699 αὐτῶν

2024 1730 2145 1783 καθ’
2200 1730 2338 1783 αὐτὰ
2383 1730 2552 1787 ὄντων
2595 1730 2906 1796 ἀδυνάτων,
2959 1734 3053 1785 καὶ
3112 1734 3301 1802 χρείαν
3354 1732 3595 1801 ἐχόντων

2024 1822 2158 1892 πρὸς
2191 1821 2419 1892 ἄλληλα,
2480 1824 2574 1875 καὶ
2632 1824 2731 1876 οὐκ
2765 1823 3019 1891 ἐλογίσθη
3057 1820 3196 1876 εἶναι
3245 1822 3352 1877 ἀπὸ
3384 1822 3594 1876 τούτων

2018 1914 2150 1966 Θεὸν
2181 1914 2353 1969 οὐδέν.
2380 1914 2514 1977 Θεὸς
2557 1915 2665 1983 γάρ
2713 1932 2860 1971 τινος
2890 1915 3078 1985 χρείαν
3117 1914 3216 1967 οὐκ
3259 1914 3390 1984 ἔχει.
3422 1915 3594 1968 Πάλιν

2018 2005 2075 2058 δὲ
2105 2006 2449 2075 σκεψάμενος
2518 2006 2594 2075 μή
2648 2022 2777 2059 ποτε
2826 2006 2883 2058 ἓν
2938 2005 3169 2058 ἕκαστον
3226 2006 3333 2059 ἀπὸ
3381 2004 3592 2057 τούτοιν

2019 2095 2297 2156 ἀδυνάτως
2356 2095 2489 2165 ἔχει,
2547 2095 2688 2149 ὥστε
2735 2091 2875 2149 εἶναι
2912 2080 3232 2164 μονομερῶς
3267 2095 3418 2160 Θεὸν,
3453 2095 3594 2147 ἀλλὰ

2019 2186 2198 2240 πάντα
2224 2187 2382 2257 ὁμοῦ,
2422 2188 2516 2241 καί⁸
2559 2186 2683 2241 ἰδὼν
2735 2188 2816 2241 ὅτι
2865 2185 2927 2239 τὸ
2957 2187 3056 2257 μὲν
3094 2186 3254 2257 ξηρὸν
3283 2186 3592 2239 ἀντίκειται

2017 2279 2095 2348 τῷ
2122 2280 2295 2350 ὑγρῷ,
2321 2280 2398 2350 τῷ
2430 2280 2486 2333 δὲ
2506 2279 2700 2350 ψυχρῷ
2746 2280 2809 2333 τὸ
2828 2279 3075 2349 θερμὸν,
3112 2280 3205 2332 καὶ
3240 2279 3313 2341 ὡς
3355 2279 3413 2330 τὸ
3444 2278 3591 2346 ὕδωρ

2018 2372 2139 2424 ἐστὶ
2170 2372 2492 2439 φθοροποιὸν
2529 2372 2624 2424 τοῦ
2673 2370 2863 2441 πυρὸς,
2906 2369 3122 2440 ἔκρινεν
3153 2372 3209 2422 ἐν
3250 2368 3448 2437 ἐαυτῷ,
3491 2369 3592 2420 καὶ

2017 2458 2170 2514 εἶπεν
2198 2462 2279 2515 ὅτι
2319 2461 2453 2524 Θεὸς
2504 2459 2812 2527 στασιάζων
2858 2462 2995 2530 πρὸς
3047 2459 3237 2513 ἑαυτὸν
3271 2459 3364 2513 καὶ
3419 2461 3592 2528 μαχὸ-

2024 2570 2186 2624 μενος
2244 2553 2346 2605 οὐκ
2388 2551 2503 2606 ἐστι
2541 2553 2695 2616 Θεός.
2746 2551 3059 2609 Κέιντεῦθεν
3105 2550 3440 2617 θεασάμενος
3486 2550 3589 2618 τὴν

2017 2648 2114 2714 τῆς
2147 2644 2379 2707 κτίσεως
2426 2644 2680 2710 εὐταξίαν
2739 2644 2831 2696 καὶ
2878 2643 3252 2705 κατάστασιν,
3307 2640 3588 2709 διαπορῶν

2015 2730 2083 2806 ἦν
2112 2735 2232 2788 καθ’
2265 2736 2477 2801 ἑαυτὸν,
2505 2735 2580 2797 ὡς
2621 2734 2735 2787 ἔστι
2765 2752 2849 2793 τις
2894 2733 3147 2803 δύναμις,
3194 2735 3226 2801 ἠ
3284 2732 3587 2801 συνέχουσα

2017 2826 2111 2878 καὶ
2144 2823 2466 2894 κυϐερνῶσα
2492 2825 2552 2876 τὸ
2596 2825 2726 2877 πᾶν.
2762 2824 2869 2875 Καὶ
2902 2824 3023 2875 ἐπεὶ
3060 2822 3261 2886 πάντες
3303 2822 3587 2889 ἄνθρωποι

2016 2913 2370 2983 ὁμολογοῦσιν
2395 2910 2539 2966 εἶναι
2570 2912 2723 2977 Θεὸν,
2754 2911 2982 2975 ἕκαστος
3013 2912 3070 2965 δὲ
3099 2913 3353 2982 ὁμολογεί
3397 2914 3584 2965 ὅντινα

2019 3005 2268 3073 βούλεται
2322 3004 2416 3057 καὶ
2472 3004 2844 3072 προαιρεῖται,
2896 3003 3073 3055 ἔοικεν
3103 2998 3184 3055 ὅτι
3213 3005 3415 3066 πάντες
3446 3003 3587 3054 πλα-

350 3105 534 3161 antur,
562 3095 797 3165 coniecit
822 3095 951 3149 hinc
986 3108 1177 3148 omnes
1228 3107 1417 3147 errare
1459 3100 1514 3146 et
1540 3092 1779 3147 mentiri.
1805 3092 1914 3148 Re-

2016 3095 2213 3149 νῶνται
2255 3097 2347 3149 καὶ
2383 3097 2688 3165 ψεύδονται.
2733 3095 2991 3149 Λείπεται
3024 3093 3157 3163 γοῦν
3184 3095 3270 3148 ὅτι
3301 3095 3401 3147 οὐκ
3435 3094 3587 3148 ἐστιν

349 3194 459 3242 stat
484 3186 666 3255 itaque
695 3183 840 3254 quod
864 3200 972 3239 non
1004 3184 1076 3239 sit
1104 3183 1245 3238 alius
1263 3183 1407 3237 Deus
1431 3182 1789 3253 rerus,’quam
1820 3183 1912 3252 qui

349 3281 532 3336 omnia
564 3278 852 3343 condidit,
908 3292 1027 3347 quae
1082 3291 1217 3353 sane
1270 3275 1345 3329 illi
1399 3275 1681 3339 serviunt,
1715 3274 1914 3344 illaque

348 3368 461 3441 agit
487 3379 543 3424 et
595 3378 800 3433 movet,
830 3360 1179 3438 disponitque
1214 3383 1314 3438 pro
1348 3382 1461 3422 suae
1494 3366 1794 3422 voluntatis
1831 3380 1916 3419 ar-

348 3462 541 3517 bitrio.
574 3461 731 3516 Hunc
756 3461 939 3535 itaque
969 3460 1138 3514 Deum
1171 3459 1285 3529 ipse
1313 3459 1502 3512 adoro.
1534 3457 1600 3511 Et
1623 3458 1675 3511 in
1713 3466 1912 3513 terram

347 3552 638 3622 prolapsus
662 3550 958 3614 Abraham,
992 3550 1163 3604 Deum
1204 3550 1384 3605 solum
1448 3563 1746 3618 verumque
1782 3548 1915 3609 ado-

353 3644 514 3699 ravit.
545 3644 691 3698 Deus
739 3649 918 3697 autem
965 3640 1422 3712 benignissimus,
1453 3640 1545 3709 qui
1583 3655 1679 3708 per
1723 3639 1911 3694 Isaiam

350 3735 672 3807 prophetam
697 3734 852 3799 dicit,
884 3751 901 3785 ι
925 3732 1117 3787 Adhuc
1140 3732 1398 3801 loquente
1423 3737 1497 3793 te,
1520 3744 1620 3799 ego
1636 3730 1860 3783 adsum:
1888 3745 1907 3778 ι

351 3829 405 3883 id
433 3836 540 3893 est,
591 3827 911 3898 priusquam
959 3833 1104 3879 tuam
1138 3823 1205 3877 ad
1239 3839 1327 3878 me
1369 3831 1573 3877 rectam
1600 3822 1912 3892 iustamque

349 3918 671 3988 petitionem
703 3912 1006 3969 absolveris
1034 3954 1048 3978 ,
1102 3913 1200 3973 tibi
1240 3912 1429 3965 adsum
1479 3927 1492 3963 :
1531 3910 1713 3964 statim
1746 3910 1909 3963 etiam

350 4006 595 4075 suscepit
656 4002 952 4057 Ahrahami
1007 4001 1401 4055 adorationem
1461 3999 1912 4068 ﬁdemque,quac

346 4100 426 4154 illi
458 4099 524 4153 ad
554 4096 828 4167 justitiam
867 4100 1113 4163 reputate
1145 4102 1229 4147 est
1268 4106 1381 4161 prae
1410 4090 1624 4147 caeteris
1657 4089 1913 4145 omnibus

349 4190 668 4251 \irtutibus,
705 4197 760 4241 et
793 4186 845 4240 in
873 4200 1162 4240 numerum
1194 4184 1497 4238 amicorum
1529 4182 1622 4237 Dei
1657 4188 1913 4250 receptus

347 4290 452 4336 cst.
484 4280 596 4334 Nos
624 4279 769 4335 cnim
790 4292 979 4332 omnes
1002 4276 1307 4347 indigemus
1329 4273 1733 4344 Scripturarum
1757 4273 1913 4328 auxi-

272 4398 275 4403 -
347 4372 442 4436 lio,
478 4382 704 4442 propter
726 4368 1099 4424 inﬁrmitatem
1121 4378 1363 4422 nostram
1392 4384 1407 4421 :
1431 4368 1614 4437 justus
1642 4380 1772 4419 vero
1798 4365 1910 4419 Noe

346 4456 708 4513 et‘Abraham
733 4495 749 4521 ,
783 4466 839 4510 et
885 4454 978 4524 qui
1027 4455 1243 4509 illorum
1287 4462 1529 4524 tempore
1560 4453 1866 4509 ﬂoruerunt
1890 4495 1906 4519 ,

350 4563 483 4616 pura
515 4556 698 4603 mente
731 4547 964 4618 praediti,
993 4546 1290 4616 Scripturis
1318 4562 1426 4601 non
1457 4545 1792 4617 indigebant,
1814 4545 1910 4601 sed

348 4638 465 4691 lucc
513 4636 567 4690 in
603 4635 847 4706 ipsorum
895 4634 1156 4691 cordibus
1214 4635 1470 4706 inscripta
1509 4632 1911 4692 etad‘umbrata

348 4734 497 4780 sunt.
531 4725 686 4781 Tunc
716 4725 881 4794 igitur
930 4724 1067 4779 dixit
1101 4723 1179 4778 illi
1210 4724 1355 4779 Deus
1405 4741 1419 4778 :
1476 4742 1495 4775 ι
1527 4724 1645 4778 Non
1677 4725 1912 4795 amplius

347 4817 639 4873 vocabitur
678 4832 877 4873 nomen
920 4824 1071 4870 tuum
1119 4817 1317 4872 Abram
1340 4854 1353 4879 ,
1384 4814 1477 4869 sed
1508 4815 1817 4879 Abraham,
1844 4831 1911 4871 eo

346 4910 492 4979 quod
548 4918 759 4979 patrem
814 4907 1109 4962 multarum
1166 4906 1405 4976 gentium
1446 4903 1548 4960 ieci
1597 4914 1671 4959 te.
1710 4924 1728 4956 ι
1757 4906 1913 4960 Tunc

345 5001 512 5054 etiam
552 4998 944 5069 promissiones
975 4997 1051 5051 illi
1096 4996 1247 5052 dedit
1281 4996 1463 5061 Deus,
1515 4997 1702 5051 dicens
1742 5013 1757 5050 :
1797 5015 1815 5047 ι
1853 4996 1911 5050 ln

347 5094 559 5147 semine
599 5102 693 5146 tuo
726 5092 1125 5148 benedicentur
1152 5104 1347 5144 omnes
1392 5096 1600 5159 gentes.
1638 5108 1656 5141 ι
1691 5090 1759 5144 Ει
1784 5098 1913 5144 tunc

350 5184 594 5239 ostendit
620 5183 761 5239 Deus
795 5193 996 5241 terram
1019 5182 1248 5240 Abraha:
1270 5180 1497 5237 dicens:
1541 5198 1560 5231 ι
1594 5180 1717 5235 'l‘ibi
1740 5188 1798 5235 et
1829 5194 1915 5235 se.

350 5271 482 5325 mini
535 5283 629 5326 tuo
681 5272 822 5327 dabo
872 5287 1017 5327 eam.
1058 5291 1075 5323 ι
1112 5270 1268 5328 Unde
1328 5269 1602 5325 Abraham
1658 5269 1912 5325 libertate

349 5376 563 5433 sumpta
586 5405 600 5430 ,
658 5380 756 5434 pro
789 5364 1045 5420 Sodomis
1079 5363 1222 5433 apud
1272 5364 1440 5420 Deum
1488 5362 1821 5425 intercessit,
1853 5370 1912 5416 ut

349 5458 605 5526 superius
630 5472 657 5508 a
686 5456 844 5509 nobis
879 5442 1089 5510 dictum
1136 5466 1242 5510 est.
1275 5457 1569 5525 Postquam
1607 5470 1739 5510 vero
1768 5454 1912 5525 judi-

346 5548 450 5602 CliS
482 5548 574 5601 Dei
609 5548 711 5615 ipsi
746 5547 845 5601 soli
884 5547 1026 5601 notis
1052 5545 1196 5615 (quis
1226 5547 1371 5600 enim
1417 5546 1510 5600 Dei
1550 5555 1786 5600 tuentem
1818 5561 1912 5600 co-

348 5637 610 5707 gnovit?)
664 5638 716 5690 in
769 5636 1059 5706 A‘ngptum
1107 5638 1266 5707 paulo
1321 5646 1442 5706 post
1497 5638 1911 5691 transmittenda

346 5738 462 5786 erat
509 5727 742 5785 Abrahae
798 5732 1123 5796 posteritas,
1191 5743 1246 5784 ut
1317 5731 1423 5784 illic
1470 5735 1628 5784 annis
1669 5733 1913 5788 viserent

2018 3187 2204 3258 ἕτερος
2236 3188 2369 3250 Θεὸς
2417 3188 2620 3256 ἀληθὴς
2669 3188 2703 3257 ἢ
2740 3187 2768 3238 6
2798 3188 3028 3256 ποιήσας
3073 3186 3142 3239 τὰ
3206 3186 3405 3247 πάντα,
3436 3186 3584 3255 ἆπερ

2017 3277 2126 3330 εἰσὶ
2152 3277 2312 3331 δοῦλα
2343 3277 2575 3344 ἐκείνου,
2603 3280 2699 3331 καὶ
2736 3278 2860 3345 ἄγει
2886 3277 2980 3329 καὶ
3022 3276 3178 3347 φέρει
3213 3279 3304 3329 καὶ
3329 3276 3586 3329 εὐτακτεί

2014 3368 2089 3432 ὡς
2130 3369 2397 3439 βούλεται.
2430 3369 2633 3424 Τοῦτον
2666 3369 2761 3424 οῦν
2812 3370 2902 3422 τὸν
2938 3369 3071 3422 Θεὸν
3121 3368 3231 3437 ἐγὼ
3262 3370 3580 3439 προσκυνῶ.

2015 3461 2127 3515 Καὶ
2165 3460 2348 3512 πεσὼν
2399 3460 2494 3514 ἐπὶ
2523 3460 2622 3530 τῆς
2656 3459 2762 3528 γῆς
2805 3458 3060 3529 Ἀϐραὰμ
3092 3458 3470 3529 προσεκύνησε
3502 3458 3583 3525 τῷ

2015 3555 2161 3624 μόνῳ
2181 3554 2275 3608 καὶ
2297 3553 2493 3623 ἀληθεῖ
2513 3554 2658 3623 Θεῷ.
2695 3553 2756 3603 '0
2790 3552 2846 3605 δὲ
2885 3551 3200 3618 πανάγαθος
3237 3551 3393 3615 Θεὸς,
3429 3552 3458 3603 6
3489 3550 3582 3603 διὰ

2013 3646 2105 3700 τοῦ
2129 3647 2642 3719 προφήτουἮσαῖου
2670 3645 2857 3711 εἰπὼν,
2883 3645 2964 3699 ὅτι
2988 3663 3005 3697 ι
3023 3645 3144 3699 Ἔτι
3167 3642 3451 3705 λαλοῦντός
3484 3658 3580 3695 σου

2015 3737 2126 3806 ἐγὼ
2160 3738 2436 3808 πάρειμι,
2476 3756 2496 3790 ι
2532 3738 2807 3792 τουτέστιν
2852 3738 2988 3807 Πρὶν
3035 3737 3068 3807 ἢ
3131 3734 3431 3805 πληρώσῃς
3477 3734 3582 3803 τὴν

2013 3826 2152 3895 πρὸς
2184 3825 2285 3894 ἐμέ
2337 3841 2429 3877 σου
2461 3823 2632 3894 ὀρθὴν
2676 3824 2774 3878 καὶ
2798 3823 3011 3877 δικαίαν
3040 3824 3276 3890 αἴτησιν,
3325 3822 3577 3891 πάρειμι,

1950 3922 1963 3932 ‘
2016 3915 2178 3978 αὐτὸς
2239 3913 2519 3984 παρευθὺς
2562 3912 2781 3977 ἐδέξατο
2818 3912 2928 3982 ’τὴν
2978 3910 3071 3965 τοῦ
3111 3909 3362 3981 ’Δϐραὰμ
3407 3924 3581 3973 προσ-

2013 4005 2239 4077 κύνησίν
2271 4021 2331 4059 τε
2361 4005 2455 4058 καὶ
2477 4003 2680 4057 πίστιν.
2725 4001 3012 4071 Ἐλογίσθη
3054 4000 3234 4054 τοίνυν
3262 3996 3411 4067 αὐτῷ
3439 3995 3576 4065 αὕτη

2014 4097 2092 4161 είς
2141 4094 2491 4164 δικαιοσύνην
2539 4096 2661 4148 ἀντὶ
2716 4094 2909 4147 πασῶν
2970 4091 3219 4163 ἀρετῶν,
3275 4088 3369 4143 καὶ
3423 4089 3576 4157 φίλος

2011 4187 2148 4242 Θεοῦ
2200 4187 2451 4255 ἐγένετο⁸
2500 4186 2658 4257 ἡμεῖς
2712 4186 2823 4256 γὰρ
2885 4184 3085 4246 πάντες
3143 4180 3422 4252 χρῄζομεν
3476 4180 3579 4247 τῆς

2011 4278 2119 4332 ἀπὸ
2142 4277 2249 4330 τῶν
2278 4277 2511 4349 Γραφῶν
2544 4275 2799 4346 βοηθείας
2835 4276 2923 4329 διὰ
2953 4274 3050 4344 τὴν
3081 4274 3366 4331 ἀσθένειαν
3392 4270 3575 4342 ἡμῶν.

2025 4367 2086 4421 'O
2134 4367 2192 4420 δὲ
2235 4367 2441 4430 δίκαιος
2472 4367 2595 4420 Νῶε
2628 4369 2720 4421 καὶ
2771 4364 3049 4435 Ἀϐραὰμ,
3084 4365 3179 4416 καὶ
3204 4364 3252 4415 οί
3279 4363 3399 4415 κατ’
3425 4362 3573 4414 ὲκείο

2014 4476 2142 4522 νους
2194 4459 2443 4530 καθαρὰν
2488 4459 2703 4529 ἔχοντες
2770 4458 2867 4527 τὴν
2919 4454 3191 4524 καρδίαν,
3246 4452 3307 4507 o6
3364 4452 3574 4505 δέονται

2012 4551 2377 4622 γραμμάτων,
2409 4550 2523 4605 ἀλλ’
2546 4552 2605 4603 ὲν
2636 4553 2757 4613 ταῖς
2781 4547 2979 4618 καρδία
3007 4565 3033 4609 ς
3068 4546 3247 4599 αὐτῶν
3273 4544 3576 4615 γράφονται

2013 4640 2105 4693 καὶ
2133 4637 2512 4693 ἑντυποῦνται.
2565 4637 2699 4691 Τότε
2749 4636 2883 4703 γοῦν
2931 4631 3085 4688 εἶπεν
3137 4632 3287 4703 αὐτῷ
3345 4636 3373 4687 6
3421 4632 3571 4696 Θεὸς,

2018 4747 2037 4782 ι
2076 4730 2274 4785 Οὐκέτι
2328 4728 2660 4799 κληθήσεται
2692 4726 2752 4780 τὸ
2783 4726 2958 4795 ὄνομα
3002 4741 3095 4780 σου
3149 4725 3391 4795 ’Δϐραμ,
3443 4722 3578 4777 ἀλλὰ

2023 4819 2302 4892 Ἀϐραὰμ.
2337 4820 2473 4874 διότι
2511 4818 2724 4887 πατέρα
2758 4815 2968 4869 πολλῶν
3009 4814 3181 4869 ἐθνῶν
3208 4814 3428 4869 τέθεικά
3459 4830 3573 4867 σε.»

2015 4912 2150 4965 Τότε
2179 4912 2415 4965 δέδωκεν
2470 4909 2621 4979 αὐτῷ
2666 4909 2693 4960 6
2740 4908 2873 4970 Θεὸς
2923 4904 3019 4960 καὶ
3066 4906 3167 4968 τὰς
3219 4904 3576 4973 ἐπαγγελίας,

2012 5002 2183 5056 είπὼν
2211 5003 2291 5054 ὅτι
2316 5019 2335 5053 ι
2386 5001 2473 5053 Ἐν
2506 4998 2581 5068 τῷ
2616 4996 2893 5067 σπέρματί
2934 5013 3029 5050 σου
3062 4995 3579 5066 ὲνευλογηθήσονται

2013 5096 2189 5148 πάντα
2215 5092 2282 5146 τὰ
2322 5092 2471 5162 ἔθνη.
2505 5108 2523 5141 ι
2551 5088 2685 5143 Τότε
2732 5088 2931 5152 ἔδειξεν
2977 5089 3006 5141 6
3053 5089 3184 5151 Θεὸς
3212 5088 3290 5158 τῷ
3324 5087 3578 5157 Ἀϐραὰμ

2013 5185 2194 5238 πᾶσαν
2251 5183 2351 5254 τὴν
2403 5183 2546 5252 γῆν,
2582 5182 2676 5236 καὶ
2727 5175 2882 5234 εἶπεν
2942 5180 3114 5250 αὐτῷ,
3146 5198 3165 5230 ι
3199 5180 3290 5232 Σοὶ
3341 5184 3435 5232 καί
3498 5197 3578 5248 τῳ

2015 5274 2291 5344 σπέρματί
2338 5290 2432 5326 σου
2501 5273 2658 5327 δώσω
2708 5272 2912 5343 αὐτην·
2978 5290 2997 5324 ι
3057 5269 3351 5325 κάντεῦθεν
3398 5271 3577 5324 λαϐὼν

2021 5369 2338 5442 παρρησίαν
2374 5371 2403 5422 6
2443 5368 2719 5438 Ἀϐραὰμ,
2751 5366 3093 5437 παρεκάλεσε
3133 5365 3225 5419 τὸν
3262 5364 3395 5418 Θεὸν
3446 5365 3579 5435 περὶ

2011 5462 2122 5514 τῶν
2177 5461 2426 5530 Σοδόμων
2449 5499 2464 5525 ,
2511 5460 2695 5522 καθὼς
2745 5457 3057 5528 ἔμπροσθεν
3089 5458 3397 5525 φθάσαντες
3426 5456 3578 5509 εἴπο-

2015 5567 2135 5619 μεν.
2179 5550 2332 5603 Ἐπεὶ
2364 5549 2421 5602 δὲ
2454 5548 2720 5619 κρίμασιν
2752 5543 2836 5605 οἷς
2870 5543 2980 5601 οἵδε
3001 5546 3155 5611 Θεὸς,
3187 5546 3272 5609 τίς
3296 5547 3405 5617 γὰρ
3435 5545 3575 5611 ἔγνω

2012 5640 2137 5695 νοῦν
2175 5640 2383 5711 Κυρίου
2411 5680 2425 5705 ,
2467 5643 2549 5694 ὅτι
2592 5641 2875 5708 μετολίγον
2916 5639 3292 5707 ἀποσταλῆναι
3322 5638 3575 5707 μέλλουσι

2010 5734 2076 5787 τὰ
2122 5732 2212 5786 τοῦ
2258 5732 2513 5802 Ἀϐραὰμ
2570 5732 2812 5801 ἀπόγονα
2867 5732 2946 5794 είς
2998 5728 3096 5801 τὴν
3146 5731 3457 5799 Αἴγυπτον,
3498 5727 3572 5790 ὡς
