3970 6212
1660 200 1699 214 .--
1730 200 1806 222 5‘
1904 198 1917 208 ·
1941 198 2047 218 Μ’
2070 212 2073 215 .

1313 320 1617 382 CONTRA
1653 320 2567 387 MAHOMETEM‘APOLOGIA
2612 329 2715 391 ιν.

378 310 486 401 ‘537

3557 337 3663 403 538

388 426 452 480 ἀν
509 424 691 480 ἐκεῖσε
740 424 1103 484 διαϐιϐάσωσι
1160 432 1389 517 χρόνους
1445 438 1839 507 τετρακοσίους
1883 440 1969 491 καὶ

2083 436 2505 510 quadringentis
2536 440 2836 512 ettriginta
2863 442 2967 513 (sic
2992 441 3139 500 enim
3164 443 3335 513 Deum
3355 447 3457 517 ipsi
3487 448 3661 505 Abra-

387 519 717 589 τριάκοντα.
780 522 878 576 καλ⁸
934 523 1044 591 γάρ
1110 524 1281 590 οὕτως
1329 528 1555 600 εἴρηκεν
1620 532 1649 583 6
1712 531 1847 595 Θεδς
1891 532 1970 603 τῷ

398 609 675 683 Ἀϐραὰμ,
708 613 788 666 ὅτι
827 633 846 666 ι
890 616 1088 669 Ἔσται
1135 618 1197 672 τὸ
1228 620 1455 695 σπέρμα
1484 640 1579 677 σου
1623 625 1681 677 ὲν
1712 629 1784 696 γῇ
1814 625 1973 678 ἀλλοο

384 704 532 774 τρία,
589 704 651 756 τὸ
709 705 765 757 δὲ
810 706 985 770 ἔθνος,
1034 709 1064 760 ὃ
1116 710 1219 764 ἐάν
1261 712 1505 786 δουλώσῃ
1538 718 1759 783 αὐτοὺς,
1792 716 1965 788 κρινῶ

384 793 515 858 ἐγὼ.
566 813 583 846 t
615 793 643 846 ὃ
676 797 769 848 καὶ
795 796 1020 866 γέγονεν
1050 801 1141 853 ἐπὶ
1170 803 1265 857 τοῦ
1316 806 1540 875 Φαραὼ,
1562 811 1684 861 "xui.
1727 809 1818 862 διὰ
1871 810 1971 881 τὴν

389 886 748 959 πολυχρόνιον
812 890 1100 964 διατριϐὴν
1153 896 1262 949 τῶν
1338 899 1612 970 Ἐϐραίων
1673 904 1811 972 μετά
1863 904 1971 956 τῶν

384 978 773 1047 Φαραωνιτῶν,
809 980 884 1051 μή
919 999 1051 1035 ποτε
1084 984 1381 1053 ἑνωθέντες
1415 989 1633 1056 μάθωσι
1664 992 1733 1043 τὰ
1764 992 1970 1045 τούτων

383 1067 679 1137 ἔθιμακαὶ
709 1070 1282 1148 τὴνῆείδωλολατρείαν
1311 1094 1326 1110 ο
1360 1080 1563 1152 ἐτάχθη
1604 1084 1637 1152 ἡ
1678 1084 1971 1156 περιτομὴ,

385 1158 461 1222 ὥς
506 1178 560 1213 τι
595 1166 826 1231 σημεῖον
870 1166 965 1218 καὶ
1003 1167 1297 1237 σύμϐολον,
1332 1173 1579 1241 διαιροῦν
1628 1177 1724 1230 καὶ
1768 1177 1972 1247 διαχω-

388 1254 539 1322 ρίζον
572 1257 702 1318 τοὺς
744 1256 1034 1327 Ἐϐραίους
1078 1262 1185 1315 ἀπὸ
1243 1265 1352 1317 τῶν
1409 1269 1747 1337 Αἰγυπτίων,
1786 1273 1865 1332 εἰς
1914 1271 1973 1324 τὸ

387 1343 466 1411 μὴ
500 1345 868 1415 συνέρχεσθαι
908 1350 1132 1415 τούτους
1194 1353 1276 1417 εἰς
1324 1355 1503 1425 γάμου
1537 1360 1829 1413 κοινωνίαν
1878 1362 1973 1413 καὶ

384 1435 604 1498 ἕνωσιν,
638 1439 709 1490 τδ-
731 1439 831 1508 μὲν
880 1442 968 1495 διὰ
1010 1444 1109 1516 τὴν
1149 1446 1349 1512 αἰτίαν,
1382 1448 1450 1518 ἥν
1484 1450 1794 1517 φθάσαντες
1824 1453 1974 1505 εἴπο-

386 1544 511 1595 μεν,
552 1528 612 1581 τὸ
642 1528 686 1581 δ’
728 1531 816 1585 ἵνα
858 1535 950 1587 καὶ
991 1536 1049 1588 ὲν
1076 1536 1153 1607 τῷ
1195 1540 1377 1610 καιρῷ
1406 1541 1506 1609 τῆς
1536 1542 1847 1613 ἐλευθερίας
1878 1544 1974 1596 αὐ-

380 1617 492 1672 τῶν
526 1613 657 1673 ὦσιν
681 1621 891 1694 ἕτοιμοι
925 1628 1018 1680 καὶ
1049 1630 1318 1700 γνώριμοι
1339 1633 1389 1685 οἱ
1421 1632 1685 1705 Ἑϐραῖοι.
1723 1637 1829 1689 Καὶ
1861 1637 1971 1706 γάρ

382 1711 549 1781 εἴπερ
600 1713 829 1781 ήνοῦντο
880 1719 1020 1785 μετὰ
1082 1721 1189 1773 τῶν
1242 1722 1583 1791 ἀλλοφύλων,
1620 1726 1737 1789 πῶς
1767 1726 1963 1794 ἔμελλε

380 1798 755 1863 φυλάττεσθαι
804 1803 866 1855 τὸ
898 1805 991 1858 τοῦ
1030 1796 1292 1879 Ἀϐραὰμ
1321 1812 1547 1883 σπέρμα
1610 1816 1708 1868 καὶ
1772 1818 1972 1885 γένοςς

382 1889 486 1943 Διά
533 1908 616 1944 τοι
668 1892 827 1947 τοῦτο
858 1896 1246 1968 εὑρισκόμενοι
1277 1904 1333 1955 ἐν
1368 1906 1433 1974 τῇ
1472 1907 1666 1977 ἐρήμῳ
1697 1908 1757 1960 οὐ
1792 1925 1978 1979 περιε-

386 1982 655 2050 τέμνοντο
710 1990 1125 2057 τεσσαράκοντα
1210 1994 1437 2062 χρόνους
1512 1998 1974 2063 διαϐιϐάσαντες,

379 2069 500 2122 ἀλλ’
526 2074 588 2124 ἐν
612 2073 676 2141 τῇ
700 2073 962 2145 Αἰγύπτῳ
986 2093 1001 2108 ’
1034 2078 1128 2131 καὶ
1157 2083 1294 2145 μετὰ
1321 2083 1419 2153 τὴν
1445 2083 1543 2153 τῆς
1567 2087 1775 2155 ἐρήμου
1799 2086 1976 2153 ἔξοδον

388 2161 558 2215 πάλιν
592 2162 831 2234 ἤρξαντο
862 2169 1317 2237 περιτέμνεσθαι.
1350 2173 1462 2225 Καὶ
1504 2176 1531 2227 6
1562 2175 1661 2243 μὲν
1697 2178 1795 2244 τῆς
1822 2193 1978 2247 περι-

382 2253 558 2322 τομῆς
614 2256 818 2319 σκοπὸς
864 2256 979 2328 ἔχει
1040 2258 1208 2323 οὕτω,
1243 2262 1430 2327 καθὼς
1475 2265 1724 2332 εἴπομενο
1765 2270 1791 2319 6
1824 2269 1871 2321 δ’
1905 2266 1972 2321 αὖ

388 2347 577 2415 ’ἔτερος
611 2346 728 2416 ἔχει
784 2347 983 2415 οὕτως,
1038 2352 1185 2414 ὅπως
1218 2355 1654 2423 περιτμηθέντες
1684 2362 1749 2429 τῇ
1787 2360 1971 2429 σαρκὶ,

397 2438 617 2493 ἒλθωσιν
672 2441 754 2503 είς
810 2442 1074 2512 συστολὴν
1108 2446 1202 2497 καὶ
1238 2448 1619 2517 σωφρονισμὸν
1676 2453 1775 2519 τῆς
1825 2451 1975 2504 πολι-

396 2532 533 2595 τείας
585 2532 792 2600 αὐτῶν,
854 2535 950 2587 κα)⁸
1006 2537 1106 2590 οὐκ
1157 2531 1262 2592 ὦσι
1319 2540 1510 2609 λάγνοι
1558 2542 1654 2594 καὶ
1685 2544 1970 2612 ἀκρατεῖς,

387 2627 684 2680 κάντεῦθεν
742 2628 1067 2696 λογίζωνται
1119 2630 1217 2694 τάς
1284 2633 1546 2703 πορνείας
1616 2634 1798 2687 αὐτῶν
1855 2634 1971 2687 ἀντ’

386 2719 603 2782 οὐδενὸς
633 2761 648 2784 ,
682 2719 799 2772 ἀλλ’
833 2721 1153 2789 ἀνάγωνται
1205 2724 1551 2794 καταμικρὸν
1600 2726 1679 2787 εἰς
1732 2722 1793 2776 τὸ
1844 2724 1972 2793 ἑξῆς

382 2816 463 2877 εις
521 2813 865 2885 ὑψηλοτέραν
916 2816 1120 2882 γνῶσιν
1171 2817 1265 2869 καὶ
1307 2816 1623 2869 πολιτείανο
1675 2818 1800 2870 ἐπεὶ
1864 2819 1983 2871 οὐκ·

379 2908 542 2976 ἐδόθη
604 2888 917 2976 ὀρθοδοξῖας
969 2907 1133 2978 χάριν
1179 2909 1333 2977 παρὰ
1389 2909 1527 2961 Θεοῦ
1577 2910 1626 2980 ’ὴ
1674 2911 1966 2981 περιτομὴ,

376 3001 519 3055 ἀλλά
551 3001 624 3052 δι’
664 2999 729 3062 ἅς
757 3001 919 3069 μόνον
954 3002 1185 3071 εἴπομεν
1215 3002 1421 3066 αἰτίας.
1458 3002 1586 3056 Ὀτι
1617 3004 1675 3056 δὲ
1714 3003 1967 3066 ἐλθόντος

271 3113 287 3127 ο
375 3093 471 3146 τοῦ
520 3092 762 3160 Χριστοῦ
817 3094 1073 3164 ἡργησεν
1119 3095 1147 3147 6
1185 3095 1373 3164 νόμος,
1408 3096 1501 3147 καὶ
1542 3095 1663 3149 οὐδὲ
1691 3097 1966 3166 περιτομή

375 3184 558 3249 ἔστιν,
603 3181 697 3252 ἀφ’
731 3176 805 3237 ὧν
841 3183 1059 3253 μέλλεις
1103 3182 1380 3248 ἀκούσειν,
1435 3185 1732 3254 πρόσσχες.
1764 3185 1836 3238 T6
1870 3185 1971 3255 μὲν

379 3277 677 3348 βάπτισμα
712 3278 866 3349 παρά
897 3277 1032 3331 Θεοῦ
1057 3277 1233 3341 δοθὲν,
1256 3277 1569 3345 ὀρθοδυξίας
1597 3280 1757 3347 χάριν
1790 3279 1969 3349 ἐδόθη,

376 3368 475 3422 καὶ
514 3367 609 3420 διὰ
662 3367 822 3420 τοῦτο
868 3367 1073 3430 πάντες
1103 3366 1295 3437 ἄνδρες
1350 3366 1444 3419 καὶ
1492 3366 1666 3419 πᾶσαι
1712 3368 1970 3434 γυναῖκες

375 3450 739 3527 βαπτίζονται
768 3472 783 3487 ο
818 3457 846 3509 6
871 3457 939 3510 δὲν
963 3457 1038 3527 μὴ
1073 3456 1398 3527 βαπτισθεὶς
1433 3457 1539 3511 οὐκ
1565 3457 1715 3511 ἔστιν
1744 3457 1968 3528 ὀρθόδο·

371 3547 494 3613 ξος.
543 3542 610 3596 Ἦ
644 3543 702 3597 δὲ
739 3544 1015 3615 περιτομὴ
1057 3545 1157 3614 οὐχ
1186 3543 1382 3609 οὕτως,
1421 3546 1557 3599 ἀλλά
1608 3545 1762 3616 μόνοι
1796 3547 1843 3598 οἱ
1872 3546 1970 3600 ἄν-

373 3636 509 3707 δρες
549 3634 1021 3707 περιτέμνονται,
1067 3636 1123 3689 αἱ
1174 3634 1232 3689 δὲ
1288 3638 1551 3704 γυναῖκες
1599 3636 1745 3706 οὐχί.
1783 3636 1969 3687 Ἔοικε

370 3728 516 3797 γοῦν
545 3770 563 3794 ,
596 3728 685 3782 ἵνα
720 3728 770 3781 οι
814 3727 915 3797 μὲν
958 3726 1150 3797 ἄνδρες
1198 3727 1275 3791 ὡς
1328 3727 1793 3799 περιτετμημένοι
1836 3722 1971 3781 ὦσιν

368 3820 683 3891 ὀρθόδθξοι,
713 3821 771 3873 αι
818 3820 874 3872 δὲ
905 3822 1171 3889 γυναῖκες
1208 3820 1284 3884 ὡς
1324 3820 1696 3892 ἀπερίτμητοι
1728 3820 1968 3885 ἀσεϐεῖς.

369 3913 619 3975 Βλέπεις
648 3910 767 3975 πῶς
815 3910 979 3975 ἄλλος
1014 3911 1165 3965 ἐστὶν
1220 3912 1249 3964 6
1298 3912 1398 3982 τῆς
1452 3912 1761 3982 περιτομῆς
1790 3911 1970 3981 λόγος,

366 4006 473 4059 καὶ
535 4002 717 4065 ἄλλως
764 4000 1017 4055 ποιοῦσιν
1074 4000 1535 4072 Μουσουλμάνοις
1566 4003 1635 4055 Οἱ
1678 4003 1788 4073 γὰρ
1813 4004 1970 4058 αὐτοὶ

366 4096 564 4151 πάντα
618 4092 997 4163 ἀπερίτμητον
1053 4092 1226 4163 ἀσεσῆ
1283 4093 1620 4161 λογίζονται.
1678 4096 1790 4149 Καὶ
1855 4096 1964 4150 ἰδοὺ

366 4187 537 4243 αὐτοὶ
588 4186 805 4249 ἑαυτοῖς
854 4186 1123 4257 μάχεσθε,
1154 4186 1251 4240 καὶ
1283 4187 1430 4256 ἅπερ
1468 4186 1779 4257 ὀρθοδοξίας
1807 4188 1970 4260 χάριν

364 4282 613 4351 τιμᾶτε,
672 4277 847 4332 ταῦτα
903 4279 1013 4333 ἀπὸ
1081 4279 1285 4350 μέρους
1343 4280 1665 4351 ἀτιμάζετε.
1725 4282 1838 4336 Καὶ
1905 4284 1967 4334 οὐ

369 4373 549 4443 μόνον
577 4373 658 4435 εἱς
686 4370 820 4424 αὐτὸ
848 4371 1007 4425 τοῦτο
1036 4371 1432 4445 ἀναφαίνονται
1474 4373 1523 4424 οἱ
1548 4372 1968 4443 Μουσου).μάνοι

2078 529 2159 583 hm
2188 530 2393 586 dixisse
2429 532 2680 602 legimus,
2732 552 2751 585 ι
2794 534 2997 590 Semen
3035 544 3192 592 tttum
3249 540 3356 594 erit
3409 540 3462 594 itt
3515 551 3662 596 terra

2074 620 2274 684 aliena,
2294 630 2507 691 gentem
2533 639 2660 679 vero
2683 625 2770 679 cui
2802 627 3065 691 servient,
3087 628 3455 698 egoﬁudicabo
3474 632 3613 699 “-";
3644 656 3662 683 ι

2078 713 2226 782 quod
2253 724 2310 768 et
2345 714 2546 769 factum
2572 726 2654 771 est
2678 718 2984 775 Pharaonis
3027 723 3411 794 temporibus),
3442 740 3511 777 ne
3541 740 3666 794 pro-

2074 812 2200 873 pter
2258 804 2576 860 diuturnam
2614 808 2969 863 Hebrazorum
3000 826 3122 865 cum
3160 813 3509 868 Pharaonitis
3534 830 3665 869 con-

2079 895 2456 951 versationem
2490 898 2631 953 nniti
2688 900 2980 970 utrinque,
3016 902 3395 975 Egyptiorum
3446 907 3584 961 ritus
3610 916 3666 961 et

2078 986 2447 1041 idololatriam
2480 989 2831 1055 imbiberant,
2877 992 3226 1050 circumcisio
3269 996 3519 1052 instituta
3554 1005 3664 1058 est.

2081 1087 2340 1147 tanquam
2383 1080 2599 1149 signum
2636 1091 2691 1136 et
2718 1085 3029 1153 symbolum
3092 1086 3350 1143 Hebraeos
3390 1089 3466 1159 ab
3498 1087 3665 1159 Egy-

2076 1168 2203 1236 ptiis
2241 1184 2520 1239 separans,
2560 1172 2641 1226 ne
2684 1172 2737 1226 hi
2773 1173 2829 1227 in
2866 1175 3181 1244 nuptiarum
3229 1158 3560 1232 contmercia
3608 1158 3664 1232 et

2077 1272 2410 1313 consensum
2460 1263 2872 1318 convenirent:
2919 1265 3116 1333 partim
3166 1266 3388 1335 quidem
3439 1278 3667 1339 pmpter

2075 1364 2316 1416 causam,
2345 1366 2508 1421 quam
2540 1353 2705 1407 modo
2728 1355 3137 1420 recensuimtts,
3193 1357 3390 1429 partim
3417 1374 3568 1424 vero,
3603 1368 3667 1413 ut

2076 1449 2327 1510 tempore
2381 1441 2727 1497 liberationis
2782 1458 2896 1497 sua:
2936 1442 3145 1499 Hebraei
3181 1447 3421 1515 prompti
3481 1457 3667 1506 essent

2076 1541 2130 1586 ct
2156 1532 2348 1599 agnito
2376 1532 2585 1588 faciles.
2624 1532 2680 1588 Si
2709 1533 2856 1589 enim
2891 1520 3022 1589 cum.
3057 1536 3384 1606 alienigenis
3432 1535 3667 1593 fuissent

2078 1622 2242 1689 uniti,
2296 1624 2577 1692 quomodo
2616 1626 2937 1679 conservari
2988 1626 3259 1695 potuisset
3306 1626 3539 1681 Abrahze
3584 1642 3668 1682 se-

2077 1728 2201 1766 men
2226 1722 2279 1767 et
2312 1714 2526 1781 genus?
2556 1713 2906 1784 Quapropter
2934 1718 3098 1769 etiam
3143 1717 3197 1770 in
3229 1717 3448 1771 deserto
3479 1732 3669 1771 erran-

2011 1782 2049 1834 B
2083 1812 2165 1859 tes
2192 1820 2299 1858 non
2337 1806 2898 1870 circumcidohantur,
2936 1818 3127 1862 annos‘
3155 1808 3235 1862 sic
3278 1819 3504 1877 agentes
3532 1825 3669 1878 qua-

2083 1895 2360 1965 draginta,
2398 1912 2587 1950 verum
2620 1898 2671 1951 in
2698 1898 2953 1971 Egypto,
2991 1908 3046 1954 et
3068 1908 3358 1970 postquam
3385 1901 3664 1956 desertum

2080 1990 2286 2058 egressi
2320 1996 2487 2052 sunt,
2517 2004 2738 2044 rursum
2770 1991 3094 2047 circumcidi
3130 2003 3438 2064 cmpernnt.
3479 1995 3545 2048 Et
3572 1992 3668 2050 hic

2085 2080 2309 2148 quidem
2354 2096 2520 2147 unus,
2555 2089 2615 2135 ut
2644 2081 2908 2147 diximus,
2937 2084 3379 2141 circumcisionis
3410 2085 3532 2139 linis
3558 2094 3663 2141 est.

2075 2172 2230 2227 Alter
2255 2187 2386 2227 vero
2418 2173 2509 2227 hic
2539 2180 2645 2238 est,
2685 2183 2746 2228 ut
2774 2174 3093 2231 circumcisi
3135 2193 3323 2240 carne,
3354 2185 3667 2248 temperan-

2080 2268 2155 2318 tia
2187 2276 2241 2320 et
2276 2265 2659 2322 moderatione
2692 2267 2747 2321 in
2785 2282 2951 2323 unam
2987 2270 3233 2339 politiam
3268 2273 3665 2325 contraheren-

2079 2365 2189 2418 tur,
2240 2371 2342 2411 nec
2372 2356 2564 2410 lascivi
2618 2368 2803 2413 essent
2862 2367 2917 2414 et
2951 2358 3239 2423 molliculi,
3269 2371 3324 2416 et
3374 2370 3662 2431 propterea

2078 2446 2504 2501 fornicationem
2558 2461 2715 2503 suam
2772 2463 2872 2503 ceu
2931 2465 3043 2504 rem
3094 2450 3251 2505 nihili
3286 2461 3607 2521 reputarent
3649 2472 3661 2505 :

2074 2549 2331 2592 caeterum
2360 2548 2420 2593 ut
2437 2538 2567 2592 hinc
2589 2540 2850 2608 paulatim
2875 2540 2941 2595 ad
2965 2542 3340 2612 augustiorem
3368 2544 3657 2604 scientiam

2074 2639 2129 2684 et
2182 2628 2425 2698 politiam
2476 2629 2898 2699 pertingerent,
2970 2646 3095 2686 cum
3148 2632 3411 2687 nimirum
3462 2650 3571 2689 non
3609 2634 3667 2689 in

2072 2734 2215 2771 verae
2234 2719 2520 2790 religionis
2549 2717 2768 2788 signum
2801 2720 3152 2776 circumcisio
3181 2724 3307 2777 data
3339 2724 3432 2788 sit,
3467 2725 3559 2778 sed
3595 2712 3666 2779 iis

2075 2819 2288 2863 tantum
2318 2810 2386 2864 de
2423 2810 2629 2875 causis,
2662 2826 2800 2881 quas
2824 2827 2991 2883 supra
3022 2816 3473 2870 memoravimus.
3505 2816 3661 2881 Quod

2074 2915 2208 2954 vero
2233 2901 2300 2955 ad
2330 2901 2535 2957 Christi
2572 2888 2869 2959 adventum
2899 2907 2985 2960 lex
3023 2905 3281 2976 abrogata
3317 2909 3407 2970 sit,
3440 2920 3494 2964 ct
3517 2909 3663 2963 nulla

2072 3000 2288 3047 maneat
2318 2993 2528 3064 reliqua
2561 2993 2939 3061 circumcisio,
2969 2996 3126 3052 exiis
3156 3014 3277 3068 qua:
3306 3015 3449 3054 nunc
3474 3000 3667 3053 dicun-

2080 3082 2170 3138 tur
2203 3083 2497 3138 attendito.
2534 3085 2851 3155 Baptismus
2879 3087 3101 3157 quidem
3142 3106 3171 3142 a
3202 3090 3314 3144 Deo
3350 3090 3663 3153 institutus,

2076 3174 2129 3230 in
2160 3191 2303 3231 verte
2329 3176 2613 3245 religionis
2643 3178 2859 3247 signum
2890 3179 3176 3234 institutus
3207 3188 3311 3245 est,
3332 3187 3388 3235 et
3412 3190 3663 3250 propter-

2074 3284 2137 3323 ea
2191 3284 2385 3325 omnes
2422 3269 2585 3325 simul
2639 3271 2743 3325 viri
2806 3272 2968 3333 simul
3004 3281 3059 3327 et
3091 3273 3351 3329 mulieres
3380 3273 3666 3344 baptizan-

2075 3371 2163 3415 tur
2204 3378 2218 3416 :
2256 3369 2310 3415 et
2354 3362 2446 3431 qui
2497 3377 2607 3417 non
2640 3361 2960 3433 baptimtus
2999 3363 3188 3430 fuerit,
3220 3380 3352 3421 vera
3391 3367 3663 3436 religione

2071 3460 2245 3507 caret.
2275 3450 2639 3507 Circumcisio
2677 3463 2861 3509 autem
2898 3455 3021 3511 talis
3048 3471 3159 3511 non
3195 3466 3279 3513 est
3319 3476 3333 3511 :
3380 3458 3483 3513 soli
3514 3458 3661 3530 enim

2073 3541 2173 3596 viri
2222 3543 2724 3610 circumciduntur,
2760 3546 3022 3601 mulieres
3053 3559 3236 3602 autem
3285 3563 3659 3617 nequaquam.

2071 3633 2380 3701 Appareret
2412 3633 2559 3688 enim
2608 3634 2780 3702 hinc,
2809 3636 2956 3707 quod
3004 3636 3107 3691 viri
3158 3638 3377 3708 quidem
3409 3653 3508 3692 cett
3550 3639 3660 3694 cir—

2071 3724 2299 3779 cutncisi
2336 3742 2436 3795 pro
2468 3725 2796 3785 orthodmis
2826 3727 3190 3795 haberentur,
3234 3730 3496 3786 mulieres
3525 3746 3663 3789 vero

2071 3829 2171 3871 ceu
2226 3816 2626 3873 incircumcisa:
2678 3832 2779 3888 pro
2828 3819 3034 3889 impiis.
3100 3820 3441 3891 lntclligisne
3492 3835 3661 3892 quam

2074 3905 2238 3978 longe
2263 3906 2371 3961 alia
2403 3907 2476 3962 sit
2505 3907 2949 3965 circumcisionis
2973 3910 3115 3966 ratio
3132 3927 3296 3983 quam
3330 3911 3660 3977 Musulntani

2080 3999 2435 4070 sequantur?
2485 3997 2549 4052 Hi
2588 4002 2736 4055 enim
2787 4015 3008 4056 omnem
3061 4002 3505 4058 incircumcisum
3559 4018 3663 4073 pro

2072 4090 2243 4159 impio
2276 4090 2547 4161 iudicant.
2577 4090 2684 4147 Sed
2721 4108 2850 4148 ecce
2882 4109 2982 4150 vos
3016 4106 3212 4150 contra
3250 4109 3352 4149 vos
3383 4095 3532 4165 ipsos
3556 4110 3663 4163 pu-

2073 4184 2257 4251 gnatis
2283 4223 2298 4248 ,
2340 4192 2397 4239 et
2424 4199 2546 4254 quae
2593 4198 2695 4240 ceu
2744 4202 2887 4240 vera:
2923 4187 3206 4257 religionis
3235 4187 3387 4255 signa
3435 4203 3663 4244 venera-

2074 4274 2233 4342 ntini,
2263 4275 2454 4329 eadem
2485 4292 2551 4331 ex
2587 4286 2746 4345 parte
2776 4278 3154 4335 contemnitis.
3187 4278 3293 4334 Sed
3326 4295 3435 4334 non
3486 4279 3543 4335 in
3572 4280 3662 4343 his

2076 4366 2223 4421 solis
2275 4365 2605 4421 Musulmani
2662 4360 2796 4423 sibi~
2835 4370 2974 4440 ipsis
3024 4369 3323 4425 dissentire
3355 4372 3660 4437 videntur,

367 4461 918 4531 ἐναντιοφωνοῦντες
945 4463 1081 4534 πρὸς
1130 4462 1385 4525 ἑαυτοὺς,
1417 4461 1555 4515 ἀλλά
1601 4463 1697 4516 καὶ⁵
1734 4464 1793 4515 ὲν
1849 4462 1968 4516 ἑτέ-

2077 4458 2175 4513 sed
2204 4459 2371 4514 etiam
2416 4458 2471 4513 in
2506 4458 2631 4514 aliis
2667 4461 2889 4524 multis,
2919 4477 3040 4532 quae
3073 4478 3181 4517 non
3213 4479 3359 4541 opus
3393 4473 3663 4525 estnunc

368 4574 499 4629 ροις
561 4555 777 4618 πολλοῖς
809 4596 824 4619 ,
864 4556 1007 4625 ἆπερ
1060 4554 1159 4608 οὐκ
1207 4554 1325 4608 ἐστι
1378 4572 1465 4618 τις
1510 4556 1673 4626 χρεῐα
1714 4556 1854 4610 κατὰ
1908 4554 1969 4610 τὺ

368 4648 567 4719 παρδν
597 4646 783 4713 λέγειν
807 4646 938 4715 περὶ
969 4648 1219 4702 ἐκείνων.
1256 4646 1447 4716 Ὅμως
1474 4646 1606 4717 περὶ
1641 4642 1758 4711 ἑνδς
1798 4649 1969 4701 είπωο

368 4754 501 4807 μεν.
540 4730 703 4801 Λέγει
726 4736 755 4787 6
775 4732 1092 4804 Χριστὸςεὲν
1122 4734 1202 4804 τῷ
1232 4733 1553 4805 Εὔαγγελίῳ
1577 4736 1659 4788 ὅτι
1684 4752 1707 4787 ε
1730 4735 1857 4789 Ἐάν
1891 4737 1967 4811 μή

377 4847 473 4891 τις
514 4826 813 4898 βαπτισθῇ,
855 4826 954 4880 οὐκ
1007 4825 1125 4879 ἐστι
1174 4825 1459 4891 τοῦκΘεοῦ,
1487 4826 1609 4879 οὐδὲ
1648 4827 1747 4897 τῆς
1788 4844 1968 4890 σωτηο

367 4921 525 4990 ρίας.
569 4938 587 4971 ι
635 4919 695 4972 ’0
746 4918 992 4988 Μωάμεθ
1030 4921 1301 4989 μαρτυρεῖ
1322 4918 1382 4972 τὸ
1411 4918 1746 4986 Εὐαγγὲλιον
1786 4918 1963 4987 ἅγιον,

360 5015 473 5069 καὶ
505 5010 735 5072 τέλειον,
772 5010 869 5063 καὶ
918 5009 1097 5071 εὑθές.
1146 5011 1210 5062 οι
1247 5008 1671 5078 Μουσουλμάνοι
1701 5007 1827 5071 τοὺς
1869 5027 1965 5063 πε-

370 5102 820 5175 ριτετμημένους
851 5101 1162 5170 λογίζονται
1218 5100 1559 5180 ὀρθοδόξους,
1610 5101 1738 5162 τοὺς
1779 5100 1836 5153 δὲ
1873 5101 1963 5169 βε-

369 5194 799 5261 ϐαπτισμέιιους
853 5193 1093 5255 ἀσεϐεῖς.
1144 5192 1209 5245 Ei
1269 5193 1372 5263 μιν
1418 5191 1512 5245 οὖν
1562 5192 1821 5263 στέργετε
1869 5192 1962 5245 τὸν

368 5285 653 5355 Μωάμεθ,
700 5285 785 5338 ὅτι
831 5285 1047 5354 ἀληθῶς
1083 5286 1236 5353 λέγει
1264 5324 1293 5349 ,,
1320 5284 1435 5349 πῶς
1485 5285 1788 5355 ὀνομάζετε
1838 5285 1964 5349 τοὺς

300 5372 303 5375 λ
372 5379 855 5451 βεϐαπτισμένους
908 5377 1168 5442 ἀσεϐεῖς,
1211 5376 1309 5430 καὶ
1361 5377 1463 5430 οῦκ
1516 5376 1864 5430 ἀκολουθεῖτε
1891 5380 1960 5447 τῇ

378 5470 476 5525 τοῦ
541 5469 882 5539 [εὐαγγελίου
957 5468 1301 5540 διδασκαλίᾳ,
1362 5472 1458 5523 καὶ
1495 5467 1781 5537 λογίζεσθε
1830 5469 1961 5531 τοὺς

382 5563 488 5629 μὲν
548 5562 1058 5633 περιτετμημένους
1111 5562 1299 5625 κακῶς
1382 5560 1695 5627 ποιοῦντας,
1747 5561 1872 5624 τοὺς
1901 5562 1956 5614 δὲ

381 5654 857 5725 βεϐαπτισμένους
914 5652 1393 5719 εὐσεϐεῖς;⁴Αλλὰ
1453 5653 1740 5712 τούναντῗα
1814 5670 1943 5723 φρο-

456 5768 575 5805 ⁶³·⁶⁵
612 5769 747 5826 Gen.
781 5786 869 5831 xv.
928 5771 1009 5836 15,
1050 5764 1133 5824 Η.

2071 4551 2141 4606 de
2170 4550 2306 4621 ipsis
2353 4566 2646 4623 exponere.
2694 4553 2952 4610 Dicamus
3009 4565 3192 4611 tamen
3252 4556 3320 4612 de
3372 4557 3478 4613 hoc
3524 4572 3657 4612 uno.

2074 4644 2337 4701 Christus
2368 4644 2422 4700 in
2453 4645 2756 4716 Evangelia
2784 4646 2923 4703 dicit
2956 4665 2972 4703 :
3015 4666 3033 4699 ι
3070 4647 3174 4716 Qui
3206 4665 3316 4704 non
3348 4649 3661 4720 baptizatus

2077 4735 2270 4802 fuerit,
2296 4750 2405 4790 non
2432 4734 2501 4791 ad
2541 4735 2715 4790 Deum
2770 4737 3012 4807 pertinet
3042 4746 3097 4792 et
3129 4738 3385 4792 salutem.
3423 4756 3442 4789 ι
3473 4736 3658 4790 Malm-

2075 4836 2188 4884 met
2224 4837 2408 4883 autem
2455 4841 2581 4882 cum
2634 4828 2995 4898 Evangelium
3045 4839 3317 4891 sanctum,
3346 4827 3657 4882 absolutum

2079 4922 2399 4989 bonumque
2430 4934 2553 4974 esse
2586 4919 2939 4985 conﬁteatur,
2969 4920 3305 4975 Musultnani
3341 4929 3522 4973 tamen
3551 4920 3659 4973 cir-
3722 4910 3729 4917 ’

2073 5007 2347 5063 cumcisos
2375 5007 2811 5061 orthodoxorum
2861 5008 2985 5062 loco
3030 5008 3300 5078 judicant,
3339 5007 3661 5078 baptizatos

2071 5110 2255 5156 autem
2292 5099 2476 5169 impiis
2502 5098 2893 5154 adnumerant.
2927 5099 2985 5154 Si
3015 5100 3185 5171 igitur
3208 5100 3569 5156 Mahometem
3599 5110 3660 5155 ut

2070 5206 2198 5247 vera
2222 5190 2512 5246 docentem
2563 5190 2986 5261 amplectimini,
3035 5207 3143 5261 qua
3176 5192 3390 5248 ratione
3424 5206 3520 5255 eos
3559 5192 3656 5262 qui

2073 5282 2336 5353 baptizati
2374 5288 2541 5349 sunt,
2593 5282 2793 5353 impios
2839 5282 3041 5351 dicitis,
3081 5299 3182 5340 nec
3235 5283 3518 5356 Evangelii
3559 5284 3658 5337 do-

2070 5376 2305 5432 ctrinam
2338 5374 2661 5446 sequimini,
2719 5376 3088 5448 cogitatisque
3130 5376 3492 5432 circumcisos
3523 5375 3655 5446 qui-

2067 5468 2196 5523 dem
2228 5482 2487 5537 perverse
2531 5482 2696 5538 agere
2749 5476 2806 5523 et
2854 5469 3097 5531 sentire.
3128 5468 3438 5540 baptizatos
3464 5476 3651 5529 autem

2066 5575 2195 5613 vere
2250 5557 2540 5629 religiosos
2584 5573 2705 5614 esse
2734 5559 2757 5612 ?
2790 5559 2899 5615 Sed
2961 5560 3048 5615 his
3101 5559 3376 5616 diversum
3409 5560 3648 5617 sentitis.

2066 5652 2258 5707 Nonne
2289 5656 2507 5704 constat
2552 5662 2650 5703 vos
2680 5648 2836 5705 vobis
2864 5650 3000 5721 ipsis
3033 5649 3342 5713 contrarios
3380 5664 3503 5707 esse
3528 5690 3543 5719 ,
3589 5657 3647 5706 et
