3970 6212
200 280 323 345 539

1362 283 1687 345 JOANNIS
1725 283 2259 346 CANTACUZENI

3331 276 3437 341 540

198 407 303 449 vos
348 391 600 464 vosipsos
653 394 987 451 confutare?
1030 392 1138 450 Sed
1191 393 1314 449 hate
1363 395 1493 451 talia
1542 395 1764 465 quidem

1876 376 2039 452 velte:
2070 397 2184 450 Ούκ
2235 396 2351 450 ἐστι
2412 394 2678 465 πρόδηλον
2722 394 2807 448 ὅτι
2859 390 3017 447 αὐτοὶ
3074 390 3289 453 εαυτοῐς
3332 390 3439 461 μά-

203 490 357 539 aunt.
391 483 660 551 Quoniam
692 499 822 557 vero
875 485 1093 550 lsmael,
1137 500 1248 557 quo
1280 484 1608 541 Musulmani
1640 502 1769 556 pro-

203 575 456 646 genitore
494 576 754 647 gaudent,
792 590 917 630 cum
951 574 1197 631 Hebraeis
1234 591 1344 631 non
1392 578 1448 631 in
1476 576 1767 649 Egyptum

205 664 532 731 descendit,
580 669 634 721 in
670 666 763 722 illo
791 668 954 721 etiam
1004 668 1444 724 circumcisionis
1472 670 1619 723 nulla
1652 676 1771 724 erat

206 755 434 820 utilitas,
459 754 919 824 quemadmodum
956 757 1011 812 in
1040 757 1281 815 Hebraeis
1306 777 1323 825 ;
1353 773 1463 814 non
1493 760 1645 814 enim
1676 760 1773 812 ad-

205 852 529 901 numeratur
551 845 781 904 Ahrahae
815 846 1142 905 heredibus.
1165 850 1305 904 Deus
1334 849 1482 904 enim
1516 850 1774 919 praecepit

204 934 469 999 Abrahae,
518 936 708 993 dicens
746 955 762 994 :
814 956 833 990 ι
871 940 1016 1011 Ejice
1038 941 1295 995 ancillam
1326 955 1450 995 cum
1485 940 1598 995 ﬁlio
1631 941 1771 1010 ejus,

204 1038 549 1095 nequaquam
577 1027 722 1082 enim
752 1028 927 1087 haeres
958 1030 1065 1086 erit
1099 1031 1310 1086 ancilla:
1340 1030 1483 1085 ﬁlius
1504 1047 1627 1086 cum
1660 1032 1775 1087 ﬁlio

201 1115 411 1169 liberas.
453 1133 471 1166 ι
512 1116 581 1170 Et
623 1118 831 1188 ejectus
880 1129 966 1174 est
1015 1134 1081 1175 ex
1116 1120 1280 1176 domo
1315 1120 1545 1177 Abrahae
1585 1123 1775 1179 lsmael

202 1220 327 1260 cum
363 1215 537 1262 matre
574 1223 673 1262 sua
696 1210 857 1279 Agar.
890 1210 1046 1277 Quod
1069 1213 1113 1268 si
1146 1221 1327 1269 tamen
1355 1213 1495 1269 forte
1524 1229 1777 1271 nonnun-

204 1313 369 1368 quam
401 1296 467 1352 ad
504 1298 778 1355 Abraham
826 1302 1011 1368 rediit,
1051 1283 1381 1360 visitationis
1409 1320 1575 1361 causa
1604 1305 1775 1372 venit,

202 1403 313 1442 non
351 1397 409 1443 ut
440 1388 585 1445 ﬁlius
628 1400 684 1445 et
721 1406 909 1447 semen
942 1393 1224 1465 hzeresque
1255 1396 1419 1451 illius.
1455 1397 1582 1453 Herc
1614 1400 1778 1469 igitur

202 1494 328 1533 cum
350 1480 431 1536 sic
444 1496 502 1536 se
526 1481 787 1547 habeant,
810 1484 1082 1539 undenam
1098 1484 1258 1541 ﬁdem
1275 1502 1427 1542 suam
1450 1488 1803 1547 Musulmaui,

202 1570 633 1640 desumpserint,
680 1587 789 1627 non
837 1572 1018 1629 video.
1051 1574 1348 1645 Propterea
1391 1577 1542 1632 nullo
1572 1577 1777 1634 indicio

69 1688 77 1696 ι
182 1661 403 1731 4³011]Ῑεί
449 1672 651 1732 potest.
702 1663 1169 1721 Musulmanorum
1213 1666 1376 1723 ﬁdem
1420 1679 1547 1725 ante
1594 1670 1781 1727 Maho—

200 1759 402 1806 netem
440 1753 507 1806 ab
552 1753 826 1810 Abraham
859 1766 1083 1812 auctore
1120 1757 1379 1815 derivari.
1424 1760 1625 1815 Verum
1658 1762 1774 1831 ipse

199 1838 516 1911 huiusmodi
558 1843 870 1913 dogmatum
903 1854 1095 1901 auctor
1127 1857 1233 1912 est,
1274 1857 1329 1902 et
1354 1864 1421 1903 ex
1453 1851 1538 1904 sui
1570 1849 1773 1919 ingenii

200 1934 402 1989 nidulo
422 1934 609 1991 docuit
629 1952 967 2009 quaecunque
996 1938 1205 2005 docuit,
1236 1947 1294 1995 et
1326 1956 1433 1996 non
1466 1957 1530 1997 ex
1568 1941 1699 1997 Deo.

1870 486 2056 560 χεσθε,
2085 490 2179 543 καλ⁸
2205 488 2361 543 αὐτοὶ
2403 488 2602 550 αὐτοὺς
2653 484 3034 557 ἀνατρέπετε;
3079 482 3239 537 Ἀλλὰ
3266 482 3442 536 ταῦτα

1875 579 1975 649 μέν
2033 579 2230 642 οὕτως.
2260 578 2415 631 Ἐπεὶ
2464 578 2523 632 δέ
2576 577 2606 631 δ
2656 576 2925 645 Ἰσμαὴλ,
2970 575 3029 627 ὃν
3086 574 3340 641 λέγουσιν
3391 572 3443 624 οί

1872 670 2288 739 Μουσουλμάνοι
2345 669 2492 739 ἔχειν
2549 667 2895 737 προπάτορα,
2959 664 3085 718 οῦτε
3136 664 3274 732 μετὰ
3325 662 3442 716 τῶν

1884 759 2154 831 Ἐϐραίων
2182 759 2448 829 κατῆλθεν
2481 759 2561 821 είς
2601 759 2899 826 Αἴγυπτον,
2928 757 3013 809 δτι
3059 756 3253 823 ἐκείνῳ
3283 754 3446 824 χρεία

1873 850 1973 903 ούκ
2018 844 2107 921 ἦν,
2141 852 2329 921 ὥσπερ
2364 852 2477 912 τοῖς
2520 848 2824 919 Ἑϐραίοις,
2853 847 2977 900 ούδέ
3032 846 3142 915 γὰρ
3177 861 3447 913 συγκατε·

1874 940 2063 1008 λέγετο
2092 942 2232 1011 μετὰ
2266 940 2373 994 τῶν
2412 939 2768 1009 κληρονόμων
2813 936 2909 992 τοῦ
2952 937 3214 1006 Ἀϐραάμ
3244 952 3257 967 ·
3308 936 3446 988 διότι

1875 1033 1903 1086 6
1931 1031 2062 1095 Θεὸς
2093 1030 2266 1095 οὕτως
2290 1031 2593 1086 ἐνετείλατο
2620 1029 2701 1099 τῷ
2748 1029 3003 1099 Ἀϐραὰμ
3034 1027 3228 1101 εἰπὼν,
3267 1045 3285 1077 ι
3315 1028 3449 1079 Ἔκ-

1876 1123 2007 1176 ϐαλε
2031 1122 2129 1193 τὴν
2154 1122 2449 1195 παιδίσκην
2482 1123 2622 1193 μετά
2663 1120 2757 1175 τοῦ
2791 1120 2981 1181 παιδὸς
3011 1119 3202 1189 αὐτῆς,
3237 1118 3300 1169 ού
3334 1119 3446 1187 γὰρ

1878 1216 1954 1287 μὴ
2001 1216 2405 1286 κληρονομήσει
2459 1216 2488 1268 6
2530 1214 2644 1277 υίὸς
2690 1213 2790 1282 τῆς
2847 1212 3148 1280 παιδίσκης
3176 1210 3319 1278 μετὰ
3349 1208 3446 1261 τοῦ

1876 1306 1995 1360 υἱοῦ
2016 1307 2113 1375 τῆς
2147 1305 2457 1376 ἐλευθέραςο
2496 1325 2515 1359 ι
2554 1306 2652 1358 καὶ
2681 1303 2951 1375 ἐξεϐλήθη
2981 1303 3012 1356 ό
3053 1300 3276 1371 Ἰσμαὴλ
3306 1303 3447 1371 μετὰ

1875 1398 1977 1468 τῆς
2045 1396 2253 1469 μητρὸς
2307 1397 2481 1464 αὐτῆς
2541 1396 2718 1466 ¹Ἀγαρ
2784 1393 2895 1449 ἀπὸ
2954 1392 3052 1446 τοῦ
3128 1393 3280 1446 οίκου
3349 1390 3447 1446 τοῦ

1888 1488 2144 1561 Ἀϐραάμ
2167 1504 2183 1519 ⁸
2224 1489 2271 1542 εί
2302 1488 2350 1541 δ’
2383 1486 2518 1552 ἴσως
2572 1486 2702 1541 ποτέ
2737 1486 2834 1539 καὶ
2880 1484 3016 1555 πρὸς
3048 1484 3140 1536 τὸν
3191 1481 3449 1552 Ἀϐραάμ

1876 1577 2062 1653 ἦλθεν,
2095 1580 2330 1651 θεωρίας
2359 1581 2523 1651 χάριν
2552 1574 2738 1649 ἦλθεν,
2768 1576 2885 1631 ἀλλ’
2914 1577 3014 1646 οὐχ
3067 1575 3142 1638 ὡς
3188 1574 3303 1637 υίὸς
3350 1574 3449 1627 καὶ

1881 1671 2107 1741 σπέρμα
2136 1668 2232 1724 καὶ
2263 1668 2599 1738 κληρονόμος
2644 1666 2834 1720 αὑτοῦ.
2861 1664 3071 1719 Τούτου
3106 1663 3237 1732 γοῦν
3269 1661 3447 1724 οὕτως

1880 1761 2115 1832 ἔχοντος,
2149 1759 2323 1811 πόθεν
2347 1758 2566 1828 ἔχουσιν
2587 1756 2637 1809 οί
2666 1753 3085 1823 Μουσουλμάνοι
3114 1752 3210 1821 τὴν
3239 1750 3447 1812 πίστιν,

1880 1853 1983 1906 οὐκ
2029 1846 2172 1906 οἰδα.
2222 1850 2325 1903 Διὰ
2378 1849 2538 1902 τοῦτο
2585 1847 2685 1901 οὐκ
2744 1845 3100 1914 ἀναφαίνεται
3153 1841 3261 1897 ἀπό
3295 1856 3448 1902 τινος

1881 1945 2209 2015 πράγματος
2239 1941 2348 2012 πρὸ
2373 1942 2468 1995 τοῦ
2496 1939 2740 2010 Μωάμεθ
2778 1940 2844 1992 ἐκ
2874 1938 2970 1991 τοῦ
3019 1936 3273 2006 ’Λϐραὰμ
3305 1931 3443 1987 εἶναι

200 2022 301 2095 τὴν
338 2026 446 2079 τῶν
515 2026 959 2096 Μουσουλμάνων
1011 2029 1216 2092 πίστιν,
1257 2029 1395 2084 ἀλλὰ
1433 2032 1598 2095 αὐτός
1646 2033 1794 2086 ἐστιν
1831 2033 1879 2087 6.
1907 2032 2150 2104 ἀρχηγὸς
2225 2031 2334 2087 τῶν
2386 2029 2647 2085 τοιούτων
2696 2028 3019 2100 δογμάτων,
3072 2032 3167 2083 καὶ
3212 2029 3295 2082 ὅτι
3334 2027 3446 2081 ἀπὸ

203 2120 413 2186 κοιλίας
442 2121 608 2176 αὐτοῦ
639 2122 878 2189 ἐδίδαξεν
926 2126 1027 2180 ὅσα
1060 2126 1325 2195 ἐδίδαξε¹,
1364 2128 1456 2205 καὶ
1507 2128 1611 2182 οὐκ
1655 2129 1766 2182 ἀπὸ
1806 2129 1968 2185 Θεοῦ.

270 2213 325 2269 3.
366 2214 521 2281 Quod
552 2231 684 2271 vero
730 2215 1057 2272 Musulmani
1084 2218 1347 2284 tradunt,
1377 2220 1550 2290 ipsius
1582 2219 1769 2276 Mallo-

200 2306 333 2359 meti
373 2321 576 2362 nomen
611 2307 665 2362 in
707 2306 1007 2376 Evangelia
1038 2308 1196 2364 citari
1224 2308 1473 2379 (dicente
1506 2310 1772 2366 nimirum

200 2396 269 2451 de
307 2394 417 2452 hoc
438 2395 661 2453 Christo
688 2414 703 2452 :
733 2398 1017 2454 Annuutio
1063 2399 1224 2456 vobis
1253 2399 1480 2468 bonum,
1511 2404 1775 2470 quoniam

199 2496 330 2558 post
356 2503 443 2542 me
470 2500 739 2545 venturus
766 2491 1148 2561 estapostolus
1175 2500 1231 2547 et
1251 2492 1540 2564 propheta,
1572 2508 1776 2550 nomen

200 2582 279 2637 illi
318 2582 642 2653 Mahomet),
671 2582 1013 2639 Christianos
1040 2598 1171 2640 vero
1199 2584 1400 2641 invidia
1428 2594 1607 2641 motos
1636 2584 1771 2640 illud

201 2673 533 2744 expunxisse
581 2688 647 2728 ex
696 2673 1047 2744 Evangelio;|
1078 2674 1309 2744 agedum
1351 2674 1519 2729 etiam
1566 2675 1634 2729 de
1668 2675 1773 2730 hoc

199 2762 568 2833 inquiramus,
597 2774 651 2819 et
675 2763 893 2818 videtur
921 2764 1059 2819 mihi
1083 2765 1373 2820 veritatem
1412 2781 1522 2820 non
1545 2766 1775 2821 abscon-

202 2866 317 2905 sam
350 2850 624 2915 futuram;
656 2859 865 2906 attente
897 2850 1065 2922 igitur
1095 2851 1213 2907 haec
1261 2851 1475 2907 audias.
1506 2851 1643 2908 Tres
1690 2852 1773 2908 le-

201 2941 496 3010 gislatorcs
546 2950 719 3004 sunt,
754 2940 850 3011 qui
888 2941 1037 3013 leges
1092 2942 1340 2998 tulerunt
1386 2941 1768 2999 universales:

1936 2230 2008 2293 γ’.
2046 2223 2169 2277 Ὅτι
2215 2221 2296 2287 δὲ,
2324 2221 2401 2285 ὡς
2440 2219 2689 2288 λέγουσιν
2727 2218 2778 2271 οί
2802 2214 3330 2285 Μουσουλμάνοι,ὡς
3351 2232 3447 2285 γε-

1868 2315 2189 2386 γραμμένον
2222 2313 2509 2384 εὑρίσκετο
2555 2310 2617 2368 τὺ
2643 2308 2737 2363 τοῦ
2767 2308 3067 2379 Μαχούμετ
3089 2308 3258 2377 δνομα
3281 2310 3339 2362 ἐν
3366 2306 3446 2378 τῷ

1873 2405 2215 2476 Εύαγγελίῳ,
2272 2403 2521 2466 εἰπόντος
2566 2400 2660 2455 τοῦ
2721 2398 2959 2471 Χριστοῦ
3022 2404 3152 2469 περὶ
3210 2400 3445 2461 ἐκείνου,

1872 2497 1955 2552 ὅτι
2012 2495 2452 2566 Εύαγγελίζομαι
2481 2494 2609 2564 ὑμῖν
2661 2493 2742 2547 ὅτι
2770 2492 2890 2562 μετ’
2920 2490 3020 2561 ἐμέ
3055 2489 3241 2561 μέλλει
3268 2489 3449 2543 ἐλθεῖν

1878 2591 1908 2644 6
1957 2587 2258 2651 ἀπόστολος
2291 2585 2389 2640 καὶ
2424 2584 2734 2656 προφήτης,
2767 2583 2938 2653 ὄνομα
2990 2582 3138 2653 αὐτῷ
3178 2582 3447 2651 Μωάμεθ,

1880 2683 1931 2736 oi
1984 2682 2043 2736 δέ
2088 2681 2409 2751 Χριστιανοὶ
2460 2679 2829 2748 φθονήσαντες
2882 2673 3134 2738 ἐξέϐαλον
3192 2674 3324 2727 αὐτὸ
3378 2675 3447 2727 ἐκ

1872 2772 1969 2829 τοῦ
2005 2772 2358 2842 Εύαγγελίου,
2381 2770 2544 2842 δεῦρο
2580 2767 2913 2837 σκεψώμεθα
2950 2766 3198 2837 καὶπερὶ
3249 2766 3440 2831 αὑτοῦ,

1869 2861 1966 2915 καί
2029 2878 2122 2931 μοι
2163 2860 2307 2913 δοκεῖ
2356 2858 2432 2919 ὡς
2479 2857 2541 2910 ού
2584 2855 2659 2927 μὴ
2694 2854 3034 2925 κρυϐήσεται
3090 2855 3123 2921 η
3177 2853 3442 2923 ἀλήθεια·

1874 2955 2111 3009 ἄκουσον
2136 2953 2318 3006 τοίνυν
2380 2949 2677 3019 νουνεχῶς.
2709 2949 2871 3019 Τρεῖς
2897 2948 3002 3000 εισι
3032 2946 3341 3017 νομοθέται,
3390 2947 3444 2998 οί

202 3031 383 3086 Moses
404 3073 419 3095 ,
452 3046 614 3100 quem
658 3041 843 3086 secuta
874 3042 960 3088 est
1003 3031 1358 3088 llebrzeorum
1390 3050 1566 3106 gens;
1616 3035 1770 3091 Chri-

1877 3038 2190 3110 διδάξαντες
2221 3044 2421 3113 νόμους
2477 3040 2803 3102 καθολικούς
2824 3056 2837 3071 ·
2872 3042 2899 3093 6
2930 3041 3193 3108 Μωῦσῆς,
3248 3032 3292 3106 ᾧ
3316 3040 3449 3108 ἡκο-

202 3133 343 3188 ενιιιε,
378 3138 542 3193 quem
586 3133 790 3179 secutae
820 3132 950 3180 sunt
981 3139 1173 3181 omnes
1213 3133 1427 3196 gentes,
1454 3136 1509 3182 et
1539 3127 1772 3184 maxima

202 3211 565 3268 Hebra'orum
613 3214 669 3268 in
732 3214 887 3269 illum
936 3214 1280 3270 credentium
1329 3217 1626 3272 multitudo
1654 3220 1771 3289 (qui

98 3374 103 3379 ,
200 3306 350 3361 enim
399 3322 463 3361 ex
500 3306 588 3361 bis
628 3321 736 3361 non
768 3306 1163 3374 crediderunt,
1202 3323 1433 3363 numero
1483 3311 1773 3380 pauciores

206 3407 338 3453 sunt
365 3398 476 3454 illis
510 3398 601 3469 qui
646 3398 1021 3465 crediderunt,
1050 3406 1107 3454 et
1130 3400 1653 3473 numeratufaciles)
1676 3420 1691 3471 ;
1718 3412 1774 3459 et

201 3485 519 3550 Mahomet,
556 3504 720 3560 quem
778 3489 1106 3546 Musulmani
1162 3491 1340 3547 secuti
1376 3505 1523 3548 sunt.
1571 3493 1774 3549 Praeter

200 3591 388 3635 autem
436 3581 559 3637 illos
593 3592 721 3646 tres,
748 3583 844 3652 qui
878 3582 1052 3654 legem
1083 3582 1271 3640 tulerit
1314 3585 1499 3641 nullus
1521 3595 1625 3641 est.
1659 3586 1774 3642 Mo-

196 3685 315 3725 sem
348 3684 477 3724 vero
499 3687 526 3724 a
552 3671 665 3725 Deo
705 3672 930 3728 missum
961 3688 1108 3738 esse,
1129 3672 1312 3729 statim
1336 3673 1405 3729 ab
1433 3674 1591 3730 initio
1616 3676 1773 3731 testi-

199 3763 403 3817 moniis
452 3764 863 3833 comprobatur.
895 3763 1031 3819 Cum
1072 3765 1218 3821 enim
1244 3767 1428 3822 adhuc
1460 3767 1514 3822 in
1538 3762 1772 3839 Egypto

196 3864 371 3919 esset,
400 3855 529 3909 fecit
552 3856 706 3927 signa
738 3865 794 3911 et
816 3857 1091 3929 {miracula
1121 3873 1337 3927 magna,
1372 3868 1427 3912 et
1474 3859 1769 3932 IEgyptum

193 3947 514 4018 llagellavit,
546 3948 733 4018 plagas
768 3946 846 4003 illi
880 3949 1146 4005 inducens
1180 3950 1477 4015 terribiles,
1502 3954 1773 4021 percussit

196 4048 255 4095 et
287 4039 534 4106 sanavit,
582 4050 695 4095 tum
728 4040 893 4095 etiam
948 4039 1131 4095 futura
1175 4055 1277 4095 ceu
1309 4040 1602 4111 prophetes
1624 4058 1772 4112 prat-

196 4129 340 4184 dixit
372 4148 386 4185 :
430 4148 450 4183 ι
512 4128 668 4197 Quod
701 4129 746 4184 si
782 4129 1044 4201 populum
1072 4130 1165 4186 Dei
1196 4130 1475 4187 dimittere
1504 4131 1770 4200 volueris,

194 4219 445 4283 dimitte;
475 4218 620 4289 quod
652 4219 701 4273 si
732 4218 898 4285 nolis,
945 4218 1061 4274 haec
1101 4227 1156 4273 et
1180 4219 1273 4274 illa
1302 4218 1401 4275 tibi
1432 4227 1489 4274 et
1535 4220 1638 4274 toti
1674 4236 1771 4290 po-

197 4311 329 4379 pulo
359 4309 576 4383 Egypti
604 4296 879 4373 evenient.
917 4331 937 4367 ι
963 4311 1029 4367 Ει
1060 4311 1272 4369 Pharao
1298 4327 1421 4368 eum
1456 4328 1514 4369 se
1540 4311 1767 4369 verbum

1876 3136 2114 3207 λούθησε
2148 3136 2210 3189 τὸ
2243 3136 2399 3204 γένος
2426 3134 2534 3187 τῶν
2564 3132 2833 3199 Ἐϐραίων
2858 3148 2873 3164 ·
2906 3134 2935 3185 6
2969 3126 3296 3202 Χριστὸς,,ᾧ
3317 3130 3448 3200 ἠκο-

1882 3226 2159 3297 λούθησαν
2196 3226 2375 3282 πάντα
2401 3225 2471 3280 τὰ
2521 3224 2673 3295 ἔθνη,
2702 3225 2801 3277 καὶ
2844 3224 2894 3277 οί
2926 3225 3009 3286 είς
3039 3223 3205 3276 αὐτὸν
3227 3222 3449 3275 πιστεύ-

1884 3336 2076 3383 σαντες
2115 3306 2197 3391 τδ
2233 3319 2419 3371 πλεῖον
2447 3317 2612 3388 μέρος
2653 3316 2764 3371 τῶν
2821 3314 3100 3384 Ἐϐραίων
3142 3330 3157 3345 ο
3192 3316 3314 3367 ἐπεὶ
3336 3316 3450 3369 ἀπὸ

1878 3410 2084 3464 τούτων
2117 3408 2169 3461 οἱ
2224 3407 2300 3479 μὴ
2340 3405 2739 3469 πιστεύσαντες
2788 3402 2979 3473 πολλῷ
2999 3404 3264 3467 ἐλάττους
3306 3404 3448 3457 εἰσιν

1878 3500 2063 3554 αὐτῶν
2088 3500 2152 3568 δὴ
2180 3496 2291 3552 τῶν
2322 3498 2759 3561 πιστευσάντων,
2804 3498 2899 3550 καὶ
2934 3498 3122 3568 σχεδὸν
3149 3496 3447 3567 ἐναρίθμη⁶

1879 3605 1983 3643 τον
2009 3589 2104 3642 καὶ⁴
2127 3590 2156 3642 6
2188 3588 2456 3657 Μωάμεθ,
2508 3580 2555 3655 ᾧ
2585 3586 2960 3657 ἠκολούθησαν
2986 3587 3035 3639 οί
3078 3585 3445 3655 Μουσουλμάο

1876 3695 1980 3732 νοι.
2032 3678 2197 3730 ’Δνευ
2220 3676 2426 3730 τούτων
2476 3677 2541 3745 δὴ
2573 3675 2682 3730 τῶν
2710 3675 2881 3747 τριῶν
2918 3674 3107 3743 ἕτερός
3138 3690 3219 3735 τις
3247 3676 3275 3726 ό
3299 3674 3448 3726 διδά-

1881 3768 1981 3835 ξας
2008 3769 2105 3822 καὶ
2137 3769 2261 3832 δοὺς
2286 3769 2451 3838 νόμον
2476 3767 2576 3821 οὐκ
2614 3768 2783 3821 ἐστιν.
2835 3765 2978 3819 Ἀλλ’
3016 3768 3047 3818 6
3074 3769 3173 3836 μὶν
3202 3765 3445 3835 Μωῦσῆς

1883 3860 2306 3932 μεμαρτύρηται
2354 3858 2767 3928 ἀπεσταλμένος
2823 3854 2962 3911 εἶναι
3010 3852 3328 3927 παρὰ”Θεοῦ
3385 3857 3449 3921 ἐξ

1876 3952 2073 4024 ἀρχῆς.
2106 3952 2225 4005 Ἔτι
2263 3950 2339 4004 ὣν
2370 3953 2428 4005 ἐν
2456 3953 2522 4021 τῇ
2543 3949 2827 4020 Αἰγύπτῳ,
2850 3949 3077 4019 ἐποίησε
3106 3952 3307 4019 σημεῖα
3343 3950 3443 4002 καὶ

1875 4041 2080 4111 τέρατα
2107 4040 2340 4109 μεγάλα,
2358 4040 2450 4095 καὶ
2481 4039 2739 4110 ἐμάστιξε
2764 4039 2863 4110 τὴν
2892 4038 3194 4106 Αἴγυπτον,
3237 4038 3446 4106 ἐπάξας

1876 4133 1933 4186 ἐν
1954 4133 2089 4205 αὐτῇ
2119 4132 2334 4204 πληγὰς
2358 4133 2597 4203 μεγάλας
2619 4134 2821 4203 σφόδρα
2843 4150 2857 4165 ·
2876 4134 2969 4187 καὶ
2980 4132 3179 4203 ἔπληξε
3197 4134 3291 4188 καὶ
3329 4133 3448 4187 ἐθε-

1880 4222 2140 4293 ράπευσε,
2162 4227 2259 4278 καὶ
2289 4225 2548 4296 προέλεγε
2564 4225 2633 4279 τά
2660 4227 3001 4297 γενησόμενα
3028 4226 3105 4289 ὡς
3133 4228 3443 4297 προφήτης,

1877 4312 1961 4365 ὄτι
2002 4331 2021 4364 ι
2066 4314 2128 4365 El
2168 4314 2269 4384 μὲν
2303 4314 2597 4379 ἀπολύσεις
2643 4317 2735 4371 τὸν
2769 4316 2896 4371 λαὸν
2920 4314 3014 4369 τοῦ
3050 4315 3209 4383 Θεοῦ,
3242 4317 3443 4371 ἀπόλυ-

200 4402 421 4459 Domini
454 4403 726 4459 facturum
751 4419 872 4460 esse
918 4405 1282 4475 promisisset,
1312 4421 1343 4461 a
1374 4406 1521 4462 Mose
1540 4415 1770 4462 sanatus

1877 4420 1968 4457 σον
1986 4420 2001 4434 ·
2021 4404 2069 4458 εί
2097 4405 2142 4458 δ’
2168 4405 2284 4473 οῦν,
2309 4407 2380 4460 τὰ
2398 4409 2489 4462 καὶ
2507 4408 2575 4462 τὰ
2595 4424 2659 4459 συ
2668 4408 2969 4479 μϐήσονται
2996 4408 3079 4462 σοί
3099 4424 3158 4462 τε
3176 4408 3267 4463 καὶ
3280 4411 3445 4463 παντὶ

194 4505 323 4561 est,
356 4505 546 4566 utpote
580 4495 674 4567 qui
718 4502 1041 4565 potestatem
1072 4511 1102 4551 a
1143 4496 1254 4552 Deo
1291 4497 1774 4567 accepisset.’Post

196 4590 319 4648 haec
344 4604 474 4644 vero
498 4588 677 4644 Moses
703 4587 897 4643 eduxit
925 4588 1153 4663 brachio
1180 4589 1388 4658 potenti
1420 4598 1637 4659 gentem
1660 4587 1771 4645 He-

199 4682 477 4736 hraeorum
513 4696 581 4737 ex
610 4690 754 4737 terra
786 4678 1032 4752 Egypti,
1068 4689 1125 4737 et
1158 4679 1459 4735 Pharaonis
1482 4680 1768 4736 servitute.

197 4774 309 4836 Eos
343 4785 527 4827 autem
566 4770 847 4828 insecutus
881 4773 1131 4836 Pharao,
1184 4785 1216 4824 a
1258 4770 1407 4825 Mose
1453 4770 1772 4827 submersus

194 4872 285 4918 cst
319 4862 373 4917 in
407 4862 544 4916 mari
582 4863 766 4917 Rubro
796 4878 919 4917 cum
947 4861 1095 4916 omni
1134 4876 1235 4917 suo
1270 4860 1536 4916 exercitu.
1560 4850 1771 4917 Deinde

196 4956 256 5017 in
292 4954 532 5011 desertis
565 4954 941 5011 obambulavit
974 4953 1147 5009 annis
1175 4953 1558 5024 quadraginta,
1611 4954 1774 5009 mira-

195 5047 320 5102 cula
347 5047 519 5103 edens
546 5046 781 5104 inﬁnita.
809 5046 951 5113 Quin
987 5055 1042 5101 et
1071 5060 1254 5102 coram
1295 5054 1407 5101 tota
1452 5043 1768 5102 Iudaeorum

196 5146 359 5204 gente
412 5139 467 5192 in
506 5147 743 5192 montem
776 5137 927 5193 Sinai
961 5138 1251 5203 ascendit,
1294 5137 1376 5193 sic
1404 5137 1470 5192 ad
1499 5138 1651 5214 illum
1684 5138 1769 5193 di-

193 5230 453 5284 centibus
477 5228 681 5284 Judaeis
708 5245 723 5283 :
760 5247 778 5281 ι
811 5227 1058 5284 Ascende
1089 5228 1145 5284 in
1175 5236 1439 5294 montem,
1471 5237 1527 5283 et
1547 5226 1642 5283 Dei
1680 5242 1771 5283 vo-

199 5322 465 5377 luntatem
497 5320 759 5387 ediscito;
786 5334 888 5374 nos
922 5321 1066 5374 enim
1101 5319 1195 5374 Dei
1221 5335 1408 5374 vocem
1438 5318 1626 5373 audire
1658 5332 1766 5372 non

202 5428 516 5481 possumus.
554 5428 625 5467 ne
666 5412 807 5466 forte
830 5412 1150 5466 moriamur.
1182 5428 1199 5462 ι
1231 5408 1470 5479 Pupulus
1509 5423 1635 5463 vero
1660 5416 1769 5461 sta-

201 5504 295 5558 hat
342 5502 531 5574 procul
577 5518 607 5558 a
661 5514 872 5565 monte,
904 5517 1030 5557 cum
1064 5509 1300 5555 tremore
1331 5498 1564 5553 adorans
1596 5498 1767 5579 Deum

200 5611 325 5649 cum
352 5596 499 5652 Mose
528 5596 962 5666 colloquentem.
999 5593 1172 5648 Moses
1204 5602 1386 5647 autem
1420 5590 1516 5645 Dei
1561 5604 1768 5646 sermo-

199 5686 371 5743 nibus
423 5686 645 5746 auditis.
677 5688 905 5744 eosdem
961 5685 1206 5741 Hebraeis
1253 5694 1542 5753 exposuit;
1580 5692 1635 5737 et
1680 5697 1768 5739 re-

1871 4488 1949 4563 τῷ
1971 4491 2086 4561 λαῷ
2113 4492 2213 4556 τῆς
2246 4494 2553 4563 Αἰγύπτου.
2585 4510 2606 4548 s
2644 4495 2755 4548 Καὶ
2783 4495 3215 4564 ὑπισχνούμενος
3241 4497 3444 4567 Φαραὼ

1873 4584 2098 4654 ποιῆσαι
2137 4585 2199 4639 τὺ
2230 4588 2384 4657 ῥῆμα
2417 4587 2650 4656 Κυρίου,
2692 4587 3063 4657 ἐθεραπεύετο
3130 4588 3283 4657 παρὰ
3344 4592 3441 4645 τοῦ

1876 4681 2181 4743 Μωῦσέως,
2209 4682 2284 4743 ὡς
2310 4681 2556 4746 ἐξουσίαν
2582 4681 2842 4744 λαϐόντος
2867 4681 2972 4734 ἀπὸ
3010 4680 3165 4736 Θεοῦ.
3204 4682 3357 4737 una
3386 4683 3442 4735 δέ

1871 4769 2045 4824 ταῦτα
2105 4770 2362 4837 ἐξέϐαλεν
2405 4772 2434 4823 6
2482 4771 2689 4841 Μωσῆς
2726 4770 2865 4840 μετὰ
2898 4771 3180 4842 βραχίονος
3234 4772 3441 4841 ὑψηλοῦ

1871 4863 1933 4915 τὸ
1971 4862 2128 4931 γένος
2156 4863 2263 4916 τῶν
2296 4862 2569 4933 Ἐϐραίων
2626 4864 2690 4917 ἐκ
2738 4863 2841 4933 γῆς
2891 4863 3170 4929 Αἰγύπτου
3222 4864 3317 4915 κα).
3342 4864 3441 4931 τῆς

1869 4954 2112 5017 δουλείας
2142 4953 2367 5025 Φαραώ.
2421 4953 2778 5020 Καταδιώξας
2823 4954 2879 5007 δέ
2909 4955 2937 5007 6
2970 4953 3193 5022 Φαραὼ,
3220 4952 3441 5005 ὲποντί-

1873 5044 1977 5115 σθη
2005 5046 2061 5097 ἐν
2087 5047 2153 5117 τῇ
2202 5045 2439 5117 Ἐρυθρᾷ
2457 5046 2700 5115 θαλάσσῃ
2743 5047 2882 5115 μετὰ
2913 5046 3097 5116 πάσης
3135 5045 3239 5110 τῆς
3271 5061 3441 5111 στρα-

1858 5138 1993 5211 τιάς
2042 5137 2204 5191 αὑτοῦ
2270 5137 2422 5208 παρὰ
2466 5139 2556 5191 τοῦ
2610 5136 2909 5201 Μωϋσὲως.
2962 5137 3118 5201 Μετὰ
3150 5135 3207 5189 δέ
3265 5135 3440 5189 ταῦτα

1873 5228 2195 5298 περιεπάτει
2218 5230 2272 5283 ἐν
2293 5232 2358 5299 τῇ
2373 5230 2562 5300 ἐρήμῳ
2579 5230 2801 5299 χρόνους
2818 5220 3248 5296 τεσσαράκοντα,
3270 5226 3443 5278 ποιῶν

1871 5318 2125 5390 θαύματα
2152 5322 2381 5390 ἄπειρα.
2422 5321 2583 5375 Ἀλλά
2642 5322 2737 5374 καὶ
2776 5318 3008 5373 ἐνώπιον
3065 5319 3282 5370 πάντων
3329 5318 3440 5370 τῶν

1881 5409 2153 5481 Ἐϐραίων
2206 5411 2373 5478 ἀνέϐη
2443 5413 2471 5464 6
2524 5410 2768 5479 Μωῦσῆς
2830 5408 2927 5461 ἐπὶ
2960 5407 3053 5459 τοῦ
3082 5407 3241 5476 ὅρους
3284 5408 3437 5471 Σινᾶ,

1870 5502 2132 5556 εἰπόντων
2180 5503 2336 5557 τοῦτο
2393 5502 2501 5555 τῶν
2571 5500 2843 5555 Ἰουδαίων
2915 5499 3051 5569 πρὸς
3112 5497 3297 5558 αὐτὸν,
3358 5499 3440 5552 ὅτι

1877 5593 2201 5648 «Ἃνᾶιϐαινε
2262 5596 2341 5655 είς
2400 5594 2462 5646 τδ
2516 5593 2665 5663 ὅρος,
2732 5591 2827 5645 καὶ
2867 5590 3035 5658 γνῶθι
3082 5588 3141 5640 τὸ
3175 5587 3268 5639 τοῦ
3302 5587 3438 5641 Θεοῦ

1880 5682 2112 5751 θέλημα.
2160 5686 2349 5749 ’ίίμεῖς
2376 5686 2482 5755 γὰρ
2514 5686 2650 5738 θεοῦ
2682 5683 2865 5755 φωνὴν
2925 5681 3157 5735 ἀκοῦσαι
3189 5680 3249 5733 οὗ
3280 5680 3433 5734 δυνάο
