3970 6212
1768 181 1835 201 η,
1938 179 2010 197 .“

464 287 563 351 Nl

1376 294 1670 354 CONTRA
1712 294 2199 355 MAIIOMETEM
2245 298 2625 363 APOLOGIA
2667 300 2771 364 IV.

3588 308 3697 373 542

464 398 631 469 μεθα,
654 396 729 465 μή
757 413 882 450 ποτε
909 396 1385 470 τελευτήσωμεν.»
1408 404 1516 455 Καὶ
1535 406 1561 455 6
1584 404 1680 472 μὲν
1697 402 1824 467 λαδς
1840 404 1993 456 ἴστστ

2097 451 2099 461 ,
2135 417 2315 474 petite,
2354 409 2500 478 quod
2526 410 2758 478 dixerat,
2783 411 3066 482 impletum
3100 422 3205 470 est.
3247 414 3513 472 Prmterea
3552 432 3695 474 nun-

465 487 741 559 μακρόθεν
761 487 855 542 τοῦ
887 489 1071 557 ὅρους,
1115 491 1545 560 προσκυνοῦντες
1578 494 1655 562 τῷ
1711 495 1829 563 Θεῷ
1889 496 2028 563 μετὰ

461 582 667 651 τρόμου
708 579 785 650 τῷ
810 579 1065 634 λαλοῦντι
1116 582 1337 637 Μωῦσεί
1363 601 1373 613 ·
1400 586 1426 636 6
1457 586 1513 638 δὲ
1551 587 1755 656 Μωσῆς
1808 586 2028 640 ἀκούων

459 689 587 734 τους
647 671 844 739 λόγους
873 671 967 725 τοῦ
994 672 1155 739 Θεοῦ,
1213 674 1366 743 ἔλεγε
1398 661 1623 738 τούτους
1653 680 1762 738 τοῖς
1804 677 2025 746 Ἐϐραί-

458 781 561 845 οις,
592 764 687 816 καὶ
717 764 997 833 παρευοὺς
1019 764 1079 818 τὸ
1120 765 1356 836 λαληθὲν
1406 768 1727 838 ἐπληροῦτο.
1770 769 1911 821 Ἀλλ’
1936 768 2029 821 ού-

458 856 649 907 δέποτε
688 852 950 922 ἐκίνησαν
995 857 1123 918 τοὺς
1176 857 1590 926 τεσσαράκοντα
1641 860 1864 928 χρόνους
1919 858 2027 912 ἀπὸ

458 943 556 996 τοῦ
591 944 757 997 τόπου
789 944 974 998 αὐτῶν
1002 946 1130 999 ἄνευ
1176 947 1335 1013 λόγου
1364 949 1458 1001 τοῦ
1492 949 1650 1004 Θεοῦ.
1686 952 1890 1020 Μωσῆς
1918 952 2027 1022 γάρ

459 1033 661 1095 ἐλάλει,
693 1034 788 1089 καὶ
820 1034 847 1087 6
877 1034 1007 1097 Θεὸς
1038 1034 1366 1103 ἀπεκρίνετο
1386 1041 1557 1107 φωνῇ,
1582 1039 1728 1107 λέγει
1755 1042 1786 1109 ή
1811 1040 2021 1109 Γραφή.

458 1124 617 1178 Μετὰ
648 1123 781 1191 γοῦν
824 1123 935 1177 τῶν
992 1122 1209 1177 πολλῶν
1238 1127 1562 1198 μαρτυριῶν
1600 1146 1657 1181 τε
1690 1134 1781 1184 καὶ
1814 1130 2026 1199 θαυμάέ

456 1233 568 1269 των
598 1214 828 1280 ἐξέδωκε
858 1216 951 1269 τὸν
982 1217 1145 1285 νόμον
1175 1219 1287 1281 τοῖς
1326 1218 1621 1281 Ἰουδαίοις,
1657 1221 1747 1273 καὶ
1779 1220 2026 1286 ἐδέξαντο

325 1348 341 1354 -
454 1306 635 1371 τοῦτο,
667 1308 760 1360 καὶ
796 1308 1236 1379 προσεκύνησαν,
1271 1309 1367 1362 καὶ
1405 1312 1713 1380 παρέλαϐον
1742 1313 1834 1365 τὸν
1869 1314 2022 1383 παρὰ

460 1400 556 1452 τοῦ
588 1400 830 1461 Μωσέως
883 1400 1106 1453 δοθέντα
1162 1401 1347 1470 νόμον,
1376 1405 1454 1466 ῶς
1507 1402 1600 1456 τοῦ
1633 1402 1767 1456 Θεοῦ
1827 1404 2015 1472 νόμον.

457 1486 661 1543 Ἦλθεν
716 1490 1026 1559 όΧριστδς,
1081 1492 1175 1544 καὶ
1217 1487 1329 1560 εἶχε
1384 1492 1481 1554 τάς
1514 1493 1819 1561 μαρτυρίας
1871 1495 2022 1559 παρὰ

2130 514 2293 565 quam
2328 515 2426 569 per
2474 502 2834 572 quadraginta
2874 502 2978 557 bos
3009 519 3183 560 annos
3220 504 3400 560 locum
3451 516 3693 567 mutare.

2130 598 2259 642 runt
2304 589 2441 643 citra
2472 590 2566 645 Dei
2600 592 2905 648 oraculum.
2952 593 3128 649 Moses
3161 595 3309 650 enim
3344 595 3690 665 loquebatur,

2128 686 2179 730 ct
2207 678 2349 732 Deus
2396 693 2531 734 voce
2561 694 2660 737 sua
2686 682 2992 752 respondit,
3021 692 3095 737 ut.
3117 683 3401 753 Scriptura
3437 693 3690 742 testatur.

2128 765 2310 821 Multis
2370 765 2538 836 igitur
2588 769 2917 825 testimoniis
2958 780 3014 827 et
3062 771 3341 828 miraculis
3373 773 3689 839 instructus.

2128 854 2299 924 legem
2358 856 2603 913 Hebraeis
2650 860 2794 926 tulit,
2826 872 2881 915 et
2912 861 3085 929 legem
3118 862 3187 917 ab
3224 862 3330 919 hoc
3378 864 3565 929 latam,
3593 880 3690 921 ceu

2127 942 2366 998 divinam
2451 957 2782 1015 receperunt
2844 957 2901 1004 et
2954 952 3199 1006 venerati
3259 962 3409 1007 sunt.
3460 953 3694 1011 Secutus

2129 1032 2276 1088 hunc
2308 1042 2391 1089 est
2421 1036 2695 1102 Christus,
2731 1040 2976 1094 omnium
3015 1041 3401 1112 prophetarum
3430 1044 3693 1113 probatus

2126 1126 2475 1181 testimoniis.
2515 1129 2582 1185 Et
2628 1129 2808 1186 Moses
2829 1131 3051 1201 quidem
3086 1134 3458 1189 testimonium
3489 1140 3692 1208 recepit

2120 1216 2235 1287 jam
2262 1220 2647 1287 octogenarius
2680 1226 2782 1287 (tot
2809 1222 2956 1277 enim
2978 1223 3093 1293 jam
3128 1237 3302 1281 annos
3340 1234 3499 1282 natus
3529 1236 3687 1286 erat.

2123 1322 2249 1361 cum
2276 1323 2304 1361 a
2335 1309 2448 1363 Deo
2475 1317 2534 1363 ut
2556 1310 2811 1367 lsraelent
2841 1311 3075 1385 Egypto
3100 1314 3384 1381 educeret,
3411 1317 3692 1373 ordinare-

2126 1400 2267 1466 tur),
2303 1398 2555 1455 Christus
2585 1410 2767 1455 autem
2824 1402 3154 1458 testimoniis
3187 1405 3449 1472 probatus
3472 1405 3573 1460 fuit
3621 1408 3689 1461 ab

2123 1488 2243 1559 ipsa
2285 1490 2474 1545 mundi
2502 1492 2848 1557 fundatione,
2880 1503 2937 1549 et
2978 1496 3290 1565 priusquam
3322 1497 3412 1552 ille
3441 1511 3691 1552 nascere-

453 1582 674 1636 πάντων
721 1581 828 1635 τῶν
854 1581 1170 1650 προφητῶν.
1225 1583 1339 1637 Kal
1370 1585 1400 1636 6
1436 1584 1535 1652 μὲν
1567 1585 1810 1652 Μωῦτῆς
1860 1583 1990 1636 ελαὸ

2124 1588 2236 1636 tur.
2294 1579 2489 1636 Statim
2544 1582 2690 1637 enim
2737 1583 2974 1640 Abrahae
3031 1587 3371 1655 temporibus
3423 1587 3687 1643 declarari

448 1672 549 1744 τήν
569 1673 875 1743 μαρτυρίαν
891 1672 1370 1743 ὀγδοηκοντούτης,
1387 1674 1655 1727 τοσούτων
1688 1675 1779 1728 καὶ
1805 1675 1911 1743 γὰρ
1927 1675 1988 1728 εὖ

2125 1679 2412 1740 cmperunt
2442 1673 2591 1729 illius
2624 1675 2937 1731 testimonia
2960 1716 2976 1743 ,
3012 1678 3470 1748 quemadmodum
3510 1680 3565 1734 in
3597 1693 3687 1734 su-

450 1730 673 1834 ρίσκετο
701 1730 862 1830 ἑτῶν,
895 1730 1056 1817 ὁπότε
1116 1730 1428 1835 προσετάγη
1462 1766 1614 1835 παρὰ
1640 1764 1776 1818 Θεοῦ
1815 1730 1988 1835 ίξάρα

2123 1763 2434 1835 perioribus
2467 1763 2901 1820 demonstratum
2917 1730 3175 1822 estilam
3215 1782 3345 1822 vero
3386 1775 3569 1834 natus,
3596 1782 3683 1821 se-

444 1858 574 1920 τοὺς
605 1855 756 1920 υἱοὺς
795 1855 1011 1926 Ἰσραὴλ
1053 1853 1113 1921 ἐξ
1138 1854 1415 1924 Αἰγύπτου
1451 1872 1465 1887 ο
1507 1860 1534 1909 6
1559 1856 1615 1909 δὲ
1643 1855 1879 1927 Χριστὸς
1900 1850 1993 1925 εἶχε

2121 1853 2229 1909 mel
2274 1862 2437 1924 atque
2483 1855 2682 1910 iterum
2714 1854 2810 1911 Dei
2841 1855 3020 1911 Patris
3047 1855 3421 1911 testimonium
3454 1855 3681 1925 accepit.

444 1949 547 2011 τάς
582 1947 892 2019 μαρτυρίας
949 1946 1059 2001 ἀπὸ
1115 1946 1424 2017 καταϐολῆς
1483 1946 1733 2021 κόσμου,
1760 1948 1897 2009 τέως
1952 1946 1993 1999 δί

2115 1944 2387 2001 Praeterea
2410 1946 2673 2005 miracula
2702 1961 2920 2017 quoque
2946 1945 3139 2012 edidit,
3170 1963 3279 2002 non
3311 1948 3477 2002 veluti
3509 1947 3684 2002 Moses

444 2035 581 2109 πρὶν
634 2036 668 2107 ἦ
718 2036 1047 2107 γεννηθῆναι
1087 2035 1249 2089 αὐτόν
1277 2050 1293 2067 ⁶
1333 2035 1440 2088 ἀπὸ
1466 2036 1575 2106 γὰρ
1612 2034 1707 2088 τοῦ
1757 2032 1993 2103 Ἁϐραάμ

2111 2036 2169 2092 in
2193 2035 2426 2108 [Egypto
2450 2048 2507 2093 et
2532 2038 2773 2104 deserto,
2792 2038 2885 2094 sed
2912 2040 3173 2109 ingentia,
3201 2048 3256 2094 et
3282 2055 3499 2095 omnem
3521 2052 3684 2106 supe-

440 2131 684 2199 ῆρξαντο
709 2128 1107 2197 ἀναφαίνεσθαι
1141 2129 1195 2181 al
1252 2126 1348 2181 τοῦ
1383 2128 1623 2197 Χριστοῦ
1682 2126 1993 2198 μαρτυρίαις

2112 2129 2292 2183 rantia
2317 2139 2589 2194 naturam,
2611 2139 2869 2200 tantoque
2890 2131 2998 2185 illis
3020 2131 3246 2201 majora,
3269 2139 3474 2199 quanto
3505 2128 3681 2183 domi-

442 2218 634 2282 καθὼς
658 2220 718 2272 ιν
746 2220 859 2283 τοῖς
905 2218 1218 2291 ἔμπροσθεν
1262 2219 1661 2274 ἀποδέδεικται.
1719 2219 1993 2287 Γεννηθεὶε

2110 2236 2216 2275 nus
2245 2235 2407 2276 servo
2436 2229 2520 2276 est
2555 2221 2926 2291 prestantior.
2955 2222 3024 2277 Et
3052 2229 3175 2290 post
3203 2222 3374 2275 multa
3398 2222 3498 2274 ista
3529 2220 3681 2274 testi-

438 2313 497 2365 δὲ
530 2309 695 2365 πάλιν
721 2310 1079 2381 ἐμαρτυρήθη
1146 2309 1244 2379 τὴν
1284 2311 1435 2381 παρὰ
1465 2311 1557 2364 τοῦ
1587 2310 1723 2364 Θεοῦ
1773 2312 1867 2364 καὶ
1900 2313 1993 2365 [Ia-

2112 2312 2293 2365 mnnia
2322 2351 2337 2374 ,
2366 2320 2491 2382 post
2520 2312 2732 2366 inﬁnita
2784 2320 2840 2366 et
2872 2311 2992 2381 plus
3020 2327 3182 2382 quam
3214 2311 3480 2367 naturalia
3515 2310 3680 2365 mira-

442 2404 564 2474 τρδς
594 2402 905 2472 μαρτυρίαν
956 2401 1108 2473 μίαν⁹
1138 2404 1230 2456 καὶ
1251 2403 1354 2466 δίς.
1390 2402 1645 2471 Ἐποίησε
1670 2403 1725 2456 δὲ
1759 2404 1853 2456 καὶ
1877 2403 1993 2458 θαύ·

2109 2403 2252 2468 cula,
2272 2402 2548 2471 Evangelii
2578 2404 2663 2457 lex
2690 2404 3027 2473 promulgata
3057 2412 3163 2459 est.
3184 2403 3483 2459 Coluerunt
3508 2402 3672 2457 etiam

445 2506 587 2562 ματα
639 2492 703 2547 οὐ
758 2491 900 2547 κατά
947 2492 1039 2547 τὸν
1103 2493 1341 2548 Μωῦσέα
1385 2495 1442 2547 ἐν
1490 2492 1747 2563 Αἰγύπτῳ
1799 2495 1890 2547 καὶ
1936 2497 1993 2564 τῇ

2109 2504 2164 2549 ct
2197 2495 2460 2565 amplexae
2492 2504 2619 2550 sunt
2650 2495 2792 2551 hanc
2847 2510 3039 2551 omnes
3066 2505 3257 2567 gentes
3297 2505 3353 2552 et
3384 2495 3677 2551 universus

438 2586 653 2656 ἐρήμῳ,
681 2583 817 2638 ἀλλὰ
850 2582 1084 2653 μεγάλα,
1114 2584 1207 2637 καὶ
1246 2584 1388 2655 ὑπὲρ
1440 2583 1625 2651 φύσιν,
1660 2585 1755 2636 xal
1810 2580 1993 2637 τοσοῦ-

2109 2584 2281 2647 orbis,
2310 2594 2473 2655 atque
2500 2587 2555 2641 in
2595 2585 2875 2644 Christum
2900 2587 3276 2655 crediderunt,
3302 2587 3398 2657 qui
3430 2587 3673 2656 Evange-

433 2691 528 2727 τον
556 2674 784 2728 ἐκείνων
811 2672 1057 2743 μείζονα,
1104 2671 1229 2725 ὅσον
1279 2672 1530 2742 διαφέρει
1560 2672 1827 2739 δεσπότης
1880 2670 1993 2725 δού-

2107 2672 2241 2727 lium
2269 2673 2518 2733 dederat.

435 2770 554 2819 λου.
582 2765 693 2819 Καὶ
726 2764 867 2836 μετὰ
905 2765 1007 2830 τὰς
1075 2764 1278 2828 πολλὰς
1322 2765 1543 2826 ὲκείνας
1585 2761 1915 2834 μαρτυρίας,
1982 2756 2181 2835 καὶίτά
2208 2764 2412 2837 ἄπειρα
2440 2768 2534 2821 καὶ⁹
2555 2766 2705 2840 ὑπὲρ,
2732 2766 2892 2837 φύσιν
2943 2766 3196 2840 θαύματα
3226 2767 3413 2823 ἔκτοτε
3454 2764 3672 2839 ἐξεδόθη

430 2864 464 2917 6
490 2859 587 2915 τοῦ
646 2858 978 2929 Εὐαγγελίου
1036 2860 1219 2931 νόμος.
1273 2861 1368 2914 καὶ
1424 2860 1841 2931 προσεκύνησαν
1905 2858 1999 2913 καὶ
2035 2860 2355 2932 ἠσπάσαντο
2411 2861 2572 2917 αὑτὸν
2602 2864 2779 2919 πάντα
2800 2865 2870 2919 τὰ
2900 2864 3053 2937 ἔθνη,
3079 2868 3229 2919 πᾶσα
3286 2866 3321 2936 ή
3353 2864 3670 2935 οἰκουμένη,

431 2955 529 3008 καὶ
554 2952 880 3007 ὲπίστευσαν
902 2954 983 3017 είς
1007 2954 1099 3009 τὸν
1129 2954 1383 3024 Χριστὸν,
1413 2954 1506 3009 τὸν
1534 2954 1695 3008 δόντα
1725 2954 1786 3006 τὸ
1825 2953 2177 3037 Εὑαγγέλιον.

416 3102 429 3105 _
502 3049 568 3103 δ’.
609 3045 669 3100 ὐ
705 3046 761 3100 δὲ
802 3046 1042 3118 Minime
1076 3049 1261 3101 οὑτοσὶ
1292 3048 1457 3104 πόθεν
1497 3047 1679 3103 λαϐὼν
1718 3047 1818 3110 τὰς
1858 3064 1993 3117 μαρσ

2164 3049 2218 3105 4.
2258 3049 2533 3107 Mahomet
2561 3059 2741 3108 autem
2773 3050 2974 3119 quibus
3006 3050 3333 3108 testimoniis
3359 3052 3671 3107 instructus

426 3160 495 3194 τυ
503 3141 645 3207 ρίας,
674 3140 877 3205 ἐδίδαξε
900 3141 969 3195 τά
984 3140 1229 3212 δόγματα
1246 3140 1390 3210 άπερ
1406 3140 1637 3207 ἐδίδαξε,
1654 3140 1749 3194 καὶ
1765 3140 1993 3205 ἐξέδωκε

2101 3138 2355 3209 dogmata
2416 3152 2515 3197 sua
2560 3141 2731 3203 dedit,
2774 3150 2829 3195 et
2866 3140 3225 3195 Musulmanis
3282 3141 3456 3211 legem
3512 3154 3669 3196 suam
3762 3168 3773 3179 κ

428 3235 523 3287 τὸν
546 3234 709 3304 νόμον
738 3235 849 3296 τοῖς
876 3232 1350 3302 Μουσουλμάνοις;
1388 3233 1611 3296 Πάντως
1650 3233 1752 3286 οῦκ
1777 3233 1993 3287 ἄλλοθεν

2097 3230 2502 3302 promulgavit?
2538 3231 2753 3286 Nullius
2803 3240 2954 3285 certe
3020 3232 3249 3285 alterius
3318 3230 3665 3295 auctoritate,

425 3326 462 3396 ἢ
489 3326 655 3391 αὐτὸς
682 3326 772 3394 ἀφ’
796 3324 991 3378 ἑαυτοῦ
1022 3326 1169 3379 ἐστιν
1193 3327 1219 3377 6
1238 3325 1533 3395 μαρτυρῶν
1549 3325 1681 3397 περὶ
1696 3323 1882 3379 αὐτοῦ.
1901 3325 1996 3387 Είς

425 3419 537 3488 γὰρ
554 3418 732 3470 πᾶσαν
748 3406 842 3487 τὴν
859 3416 1008 3469 θείαν
1034 3412 1255 3486 Γραφήν
1282 3416 1379 3468 οὐκ
1411 3416 1770 3483 ἀναφαίνεται
1790 3417 1825 3486 ή
1865 3417 1997 3486 περὶ

427 3509 600 3565 αὐτοῦ
632 3509 931 3579 μαρτυρία,
975 3508 1112 3561 ἀλλὰ
1143 3506 1471 3561 τούναντίον.
1522 3508 1583 3561 '0
1620 3509 1729 3578 γάρ
1750 3508 1993 3578 Μωῦσῆς

423 3602 597 3666 οῦτως
611 3600 801 3672 εἴρηκε
822 3618 887 3655 πε
896 3600 948 3672 pl
963 3599 1058 3653 τοῦ
1078 3602 1119 3653 Χ
1130 3582 1311 3669 ριστοῦ
1336 3601 1472 3670 πρὸς
1489 3600 1580 3654 τδν
1594 3600 1700 3654 τῶν
1728 3600 1992 3670 Ἐϐραίων

422 3691 575 3754 λαὸν,
592 3692 674 3744 ὅτι
702 3708 720 3742 ι
744 3691 1064 3760 Ἀναστήσει
1081 3689 1470 3761 ΚύριοςδΘεδς
1493 3691 1781 3763 προφήτην
1803 3693 1865 3745 ἐκ
1880 3690 1991 3746 τῶν

420 3779 670 3850 ἀδελφῶν
692 3778 851 3848 ήμῶν
870 3777 943 3842 ὡς
962 3778 1083 3849 ἐμέ.
1105 3780 1264 3833 Πᾶσα
1283 3775 1429 3850 ψυχὴ
1440 3779 1561 3850 ήτις
1580 3779 1681 3833 οὐκ
1697 3776 1987 3833 ἀκούσεται

420 3868 520 3950 τοῦ
581 3860 889 3941 προφήτου
932 3870 1167 3937 ἐκείνου,
1228 3868 1771 3941 ὲξολοθρευθήσεται.
1810 3889 1829 3923 ι
1868 3871 1987 3926 Κᾶν

418 3958 557 4028 γοῦν
606 3958 707 4014 καὶ
762 3959 821 4012 ἑν
849 3959 960 4021 τοῖς
1017 3957 1327 4032 ἔμπροσθεν
1357 3962 1488 4032 περὶ
1511 3959 1706 4014 τούτου
1736 3962 1983 4031 εἴπομεν,

415 4050 658 4104 ἀλλὀὐκ
682 4050 994 4121 ὀκνήσομεν
1043 4050 1207 4104 πάλιν
1257 4051 1434 4105 εἰπεῖν
1466 4050 1594 4122 περὶ
1644 4050 1846 4106 αὐτῶν.
1893 4051 1983 4106 Ἐν

2096 3321 2190 3377 sed
2225 3338 2321 3378 sua
2351 3322 2574 3392 propria
2610 3323 2751 3378 hanc
2782 3323 3000 3377 statuit.
3040 3323 3109 3377 Et
3146 3322 3237 3377 hic
3274 3323 3387 3392 ipse
3417 3331 3523 3387 est,
3569 3322 3665 3393 qui

2095 3412 2163 3467 de
2202 3427 2261 3467 se
2319 3410 2693 3468 testimonium
2744 3412 2871 3468 t'ert.
2926 3412 2983 3467 In
3014 3412 3266 3468 universa
3316 3414 3465 3469 enim
3506 3428 3666 3472 sacra

2095 3501 2382 3573 Scriptura
2425 3504 2635 3558 nullum
2683 3498 2749 3558 dc
2786 3503 2881 3559 illo
2927 3511 3106 3559 exstat
3135 3503 3534 3567 testimonium,
3566 3503 3662 3558 sed

2091 3607 2213 3661 quae
2244 3592 2318 3647 illi
2347 3591 2624 3647 contraria
2657 3590 2791 3647 sint.
2825 3591 3002 3648 Moses
3038 3591 3186 3647 enim
3233 3591 3304 3647 de
3344 3591 3562 3646 Christo
3593 3592 3661 3647 ad

2092 3680 2446 3735 Hebraeorum
2477 3680 2742 3751 populum
2773 3680 2854 3737 sic
2876 3680 3056 3736 dixit:
3093 3700 3112 3734 ι
3144 3680 3444 3737 Suscitabit
3472 3680 3659 3736 Domi-

2088 3788 2194 3828 nus
2231 3773 2373 3831 Deus
2420 3774 2741 3844 prophetam
2772 3788 2841 3830 ex
2884 3773 3145 3829 fratribus
3169 3772 3374 3829 nostris
3401 3781 3658 3843 tanquam

2087 3878 2198 3918 me.
2242 3860 2433 3919 Omnis
2482 3863 2665 3918 anima
2697 3879 2819 3935 quas
2854 3880 2961 3919 non
3010 3863 3285 3920 audiverit
3332 3864 3656 3935 prophetam
3721 3910 3732 3920 .

2086 3953 2261 4019 illum,
2293 3954 2714 4025 exstirpabitur.
2753 3973 2775 4009 ι
2816 3954 2881 4009 Et
2913 3955 3043 4011 licet
3079 3957 3135 4011 in
3177 3956 3555 4026 superioribus
3587 3955 3656 4011 de

2084 4045 2170 4099 his
2200 4044 2523 4111 dixerimus,
2553 4060 2664 4100 non
2695 4054 2876 4100 tamen
2909 4045 3116 4117 pigebit
3142 4046 3209 4101 de
3244 4047 3436 4102 iisdem
3470 4045 3653 4101 denuo

415 4144 530 4212 γάρ
553 4142 628 4212 τῷ
657 4142 830 4196 είπείν
882 4141 972 4194 τὸν
1031 4143 1319 4214 προφήτην
1354 4142 1619 4210 Μωΰσέα,
1649 4142 1733 4197 ὅτι
1770 4161 1788 4195 ι
1831 4143 1980 4215 Προ-

2097 4135 2287 4193 licere.
2309 4136 2445 4193 Cum
2475 4138 2621 4192 enim
2654 4136 2833 4193 Moses
2862 4137 3126 4208 propheta
3155 4137 3323 4193 dicit:
3358 4157 3377 4190 ι
3409 4139 3657 4209 Pr0phc.

415 4236 597 4304 φήτην
626 4233 925 4304 ἀναστήσει
958 4232 1168 4304 Κύριος
1224 4235 1253 4287 6
1301 4233 1434 4298 Θεὸς
1465 4235 1530 4287 ὲκ
1580 4233 1688 4287 τῶν
1738 4234 1993 4303 ἀδελφῶν·

2097 4243 2190 4283 :am
2214 4227 2501 4284 suscitabit
2526 4227 2792 4283 Dominus
2816 4226 2959 4283 Deus
2982 4242 3049 4282 ex
3072 4227 3340 4284 fratribus
3368 4229 3593 4296 nostris,
3627 4249 3649 4284 ι

412 4323 595 4400 ήμῶν,
631 4343 651 4376 ι
689 4324 889 4391 ἔδειξεν
908 4324 990 4378 ὃτι
1021 4325 1084 4377 ὲκ
1101 4324 1212 4378 τῶν
1252 4322 1524 4379 Ἰουδαίων
1554 4324 1702 4378 ἐστὶν
1722 4326 1750 4378 6
1770 4326 1978 4395 μέλλων

2097 4315 2410 4389 signiﬁcavit
2439 4334 2504 4373 ex
2550 4318 2753 4374 Iudaeis
2800 4317 2949 4373 hunc
2986 4318 3307 4389 prophetam
3359 4320 3651 4376 oriundum

411 4393 589 4465 ἐλθεῖν
620 4411 925 4482 προφήτης.
958 4410 1073 4465 Καὶ
1102 4411 1312 4467 ἐκείνου
1360 4413 1705 4481 ἀκούσονται,
1735 4393 1894 4471 ἄλλου
1925 4416 1983 4470 δὲ

2097 4426 2225 4466 esse.
2278 4409 2347 4465 Et
2401 4409 2546 4464 hunc
2594 4409 2840 4474 audient,
2872 4409 3150 4479 aliumque
3180 4410 3492 4466 venientem
3540 4429 3654 4476 non

408 4503 659 4566 ἐλθόντος
687 4504 747 4556 οῦ
779 4501 1177 4574 παραδέξονται
1212 4504 1396 4571 αὐτὸν,
1449 4506 1585 4561 ἀλλά
1619 4508 1714 4562 καὶ
1762 4508 1981 4579 μακράν

2097 4500 2370 4571 'ecipient,
2403 4502 2533 4571 quin
2565 4499 2861 4570 procul'ab
2900 4499 3032 4567 ipsis
3065 4501 3455 4557 exsibilabunt.
3488 4502 3653 4561 Chri-

407 4612 516 4647 που
564 4592 844 4660 διώξουσιν
893 4593 1057 4648 αὑτὸν
1091 4592 1151 4660 ἐξ
1209 4596 1411 4651 αὐτῶν.
1470 4598 1633 4666 Λέγει
1679 4599 1708 4653 6
1744 4598 1979 4669 Χριστὸς

2097 4603 2198 4649 stus
2218 4592 2483 4649 Joannem
2514 4592 2792 4648 Zachariae
2823 4592 2994 4647 [ilium
3029 4593 3446 4664 prophetam,et
3476 4595 3650 4648 maxi-

406 4689 542 4759 περὶ
581 4688 831 4742 Ἰωάννου
859 4688 951 4743 τοῦ
985 4688 1107 4743 υίοῦ
1136 4692 1431 4761 Ζαχαρίου,
1489 4692 1788 4763 μαρτυρῶν
1812 4692 1976 4747 αὑτὸν

405 4783 713 4851 προφήτην,
744 4780 842 4835 καὶ⁵
875 4780 1138 4852 μέγιστον
1180 4781 1490 4855 προφήτην,
1520 4779 1618 4837 καὶ
1668 4780 1843 4853 λέγων
1889 4784 1973 4838 ὅτι

409 4891 429 4924 ι
466 4872 664 4935 Πάντες
688 4872 735 4926 οἱ
766 4870 1051 4943 προφῆται
1078 4870 1185 4934 ἕως
1225 4871 1469 4927 Ἰωάννου
1528 4874 1966 4945 προεφήτευσαν,

402 4961 517 5014 ἀπὸ
556 4961 610 5015 δὲ
641 4960 734 5014 τοῦ
777 4961 1022 5017 Ἰωάννου
1051 4963 1085 5029 ἡ
1127 4962 1372 5031 βασιλεία
1401 4964 1493 5017 τοῦ
1519 4964 1654 5020 Θεοῦ
1683 4963 1970 5035 εὐαγγελί-

401 5048 578 5110 ζεται.
606 5065 625 5099 ι
678 5046 840 5118 Ὁρᾷς
868 5036 1016 5110 ὅπως
1050 5050 1077 5100 6
1112 5048 1211 5117 μὲν
1251 5049 1491 5120 Μωῦσῆς
1517 5053 1856 5121 παρήγγειλε
1890 5051 1967 5123 τῷ

399 5140 549 5205 γένει
594 5138 702 5193 τῶν
756 5137 1023 5209 Ἐϐραίων
1055 5139 1143 5193 ἵνα
1198 5140 1359 5211 μόνον
1401 5143 1489 5194 τὸν
1521 5144 1585 5195 ἐκ
1617 5141 1713 5197 τοῦ
1768 5144 1957 5212 γένους

400 5230 512 5281 τῶν
554 5229 821 5301 Ἐϐραίων
842 5229 1065 5305 ἐλθόντα
1103 5232 1391 5304 προφήτην
1420 5232 1698 5301 δέξωνται,
1725 5235 1883 5289 ἄλλον
1905 5233 1961 5288 δὲ

398 5319 683 5391 οὐδαμῶς
717 5319 879 5374 Ἀλλὰ
915 5322 1009 5375 καὶ
1034 5322 1236 5386 πάντες
1255 5312 1305 5375 οἱ
1332 5321 1610 5395 προφῆται
1661 5326 1726 5378 ὲκ
1748 5325 1839 5379 τοῦ
1868 5323 1960 5394 γέ-

393 5427 524 5473 νους
570 5410 680 5465 τῶν
748 5410 1015 5467 Ἰουδαίων
1062 5413 1221 5469 είσίν.
1267 5414 1329 5467 Ὀ
1382 5413 1442 5467 δὲ
1496 5414 1732 5484 Χριστὸς
1791 5415 1957 5470 πάλιν

391 5498 780 5571 καθαρώτερον
807 5501 1051 5572 εἴρηκεν,
1076 5502 1160 5557 ὃτι
1188 5522 1205 5554 ι
1244 5502 1450 5568 Πάντες
1477 5504 1527 5557 οί
1555 5504 1830 5575 προφῆται
1853 5504 1958 5569 ἕως

402 5589 679 5656 Ἰωάννου,
724 5587 822 5643 καὶ
874 5590 1039 5644 πλέον
1091 5592 1231 5663 οὐχί.
1271 5611 1291 5647 ι
1328 5594 1427 5647 Διά
1481 5611 1562 5648 τοι
1592 5593 1746 5649 τοῦτο
1788 5598 1816 5651 6
1880 5596 1956 5667 μή

463 5722 511 5755 ⁸⁸
545 5722 741 5783 Matth.
768 5740 845 5794 XI,
874 5724 961 5790 12,
994 5727 1080 5801 13.

2078 4702 2226 4741 mum
2276 4685 2604 4758 prophetam
2676 4685 3090 4748 testiﬁcaturus,
3158 4684 3335 4739 dicit:
3391 4702 3409 4736 ι
3449 4682 3649 4740 Omnes

2075 4776 2354 4847 propheta:
2399 4791 2573 4846 usque
2619 4775 2687 4830 ad
2729 4775 2992 4832 Joannem
3045 4774 3556 4845 prophetaveruut,
3613 4790 3647 4831 a

2071 4868 2282 4925 Joanne
2342 4882 2475 4923 vero
2508 4882 2736 4937 regnum
2784 4865 2879 4922 Dei
2928 4865 3284 4920 annuntiatur
3306 4866 3372 4918 ".
3400 4883 3419 4915 ι
3454 4864 3653 4920 Jamne

2077 4959 2359 5031 intelligis,
2393 4956 2673 5030 quomodo
2715 4957 2891 5013 Moses
2935 4956 3245 5025 Iudaeorum
3276 4956 3481 5026 populo
3508 4972 3646 5026 pra:-

2075 5048 2235 5119 cipit,
2282 5058 2341 5103 ut
2370 5049 2589 5103 unicum
2622 5049 2998 5101 tantummodo
3030 5045 3381 5100 Hebraeorum
3430 5046 3649 5101 semine

2071 5146 2258 5194 natum
2312 5140 2640 5210 prophetam
2685 5138 2983 5207 recipiant,
3024 5136 3191 5191 alium
3250 5152 3382 5193 vero
3431 5153 3642 5209 nequav

2066 5245 2230 5300 quam
2257 5230 2282 5285 ?
2307 5230 2700 5286 Verumtamen
2733 5243 2926 5282 omnes
2957 5228 3237 5299 prophetae
3263 5245 3293 5285 e
3323 5228 3641 5285 Judzeorum

2066 5321 2272 5391 populo
2304 5321 2416 5375 nati
2450 5329 2598 5376 sunt.
2630 5320 2887 5376 Christus
2932 5330 3114 5376 autem
3160 5337 3355 5377 rursus
3387 5322 3492 5376 hoc
3521 5322 3639 5393 pla-

2065 5412 2189 5468 nius
2218 5412 2489 5482 exposuit,
2513 5410 3040 5481 «OmnesprOpheta:
3058 5427 3229 5482 usque
3253 5411 3320 5466 ad
3347 5409 3634 5475 Joannem,

2071 5514 2132 5563 et
2160 5504 2396 5559 ulterius
2422 5520 2530 5559 non
2558 5512 2768 5558 erunt»
2802 5502 3146 5574 Quapropter
3172 5505 3263 5575 qui
3288 5503 3381 5558 Dei
3418 5511 3474 5559 et
3501 5516 3633 5573 pro-

2065 5596 2355 5668 phetarum
2412 5595 2725 5652 testimonio
2778 5595 3021 5651 caruerit
3118 5604 3170 5649 et
3237 5594 3411 5651 iusius
3462 5604 3630 5652 sacrae
