  <div class='ocr_page' id='page_1' title='image "/cluster/home/n/w/nwhite01/storage/ocr_20150623/154/hvd.32044073505299/289.png"; bbox 0 0 3970 6212; ppageno 0'>
   <div class='ocr_carea' id='block_1_1' title="bbox 348 253 457 319">
    <p class='ocr_par' dir='ltr' id='par_1_1' title="bbox 348 253 457 319">
     <span class='ocr_line' id='line_1_1' title="bbox 348 253 457 319; baseline 0 -1"><span class='ocrx_word' id='word_1_1' title='bbox 348 253 457 319; x_wconf 71' lang='grc' dir='ltr'>5ί3</span> 
     </span>
    </p>
   </div>
   <div class='ocr_carea' id='block_1_2' title="bbox 1536 254 2431 321">
    <p class='ocr_par' dir='ltr' id='par_1_2' title="bbox 1536 254 2431 321">
     <span class='ocr_line' id='line_1_2' title="bbox 1536 254 2431 321; baseline 0.003 -5"><span class='ocrx_word' id='word_1_2' title='bbox 1536 254 1863 317; x_wconf 71' lang='grc' dir='ltr'><strong>ῙΟΛΝΝΙΞ</strong></span> <span class='ocrx_word' id='word_1_3' title='bbox 1898 256 2431 321; x_wconf 81' lang='lat' dir='ltr'><strong>CANTACUZENI</strong></span> 
     </span>
    </p>
   </div>
   <div class='ocr_carea' id='block_1_3' title="bbox 3454 265 3543 331">
    <p class='ocr_par' dir='ltr' id='par_1_3' title="bbox 3454 265 3543 331">
     <span class='ocr_line' id='line_1_3' title="bbox 3454 265 3543 331; baseline -0.022 0"><span class='ocrx_word' id='word_1_4' title='bbox 3454 265 3543 331; x_wconf 65' lang='grc'><strong>544</strong></span> 
     </span>
    </p>
   </div>
   <div class='ocr_carea' id='block_1_4' title="bbox 344 370 1929 451">
    <p class='ocr_par' dir='ltr' id='par_1_4' title="bbox 344 370 1917 451">
     <span class='ocr_line' id='line_1_4' title="bbox 344 370 1917 451; baseline -0.003 -20"><span class='ocrx_word' id='word_1_5' title='bbox 344 375 670 451; x_wconf 78' lang='lat' dir='ltr'><strong>Scripturae,</strong></span> <span class='ocrx_word' id='word_1_6' title='bbox 725 386 754 426; x_wconf 89' lang='lat' dir='ltr'><strong>a</strong></span> <span class='ocrx_word' id='word_1_7' title='bbox 799 371 911 427; x_wconf 89' lang='lat' dir='ltr'><strong>Deo</strong></span> <span class='ocrx_word' id='word_1_8' title='bbox 950 384 1058 425; x_wconf 92' lang='lat' dir='ltr'><strong>non</strong></span> <span class='ocrx_word' id='word_1_9' title='bbox 1106 377 1209 425; x_wconf 90' lang='lat' dir='ltr'><strong>est.</strong></span> <span class='ocrx_word' id='word_1_10' title='bbox 1264 370 1541 427; x_wconf 79' lang='lat' dir='ltr'><strong>Mahomet</strong></span> <span class='ocrx_word' id='word_1_11' title='bbox 1585 372 1751 442; x_wconf 77' lang='lat' dir='ltr'><strong>igitur</strong></span> <span class='ocrx_word' id='word_1_12' title='bbox 1792 388 1917 429; x_wconf 91' lang='lat' dir='ltr'><strong>cum</strong></span> 
     </span>
    </p>
   </div>
   <div class='ocr_carea' id='block_1_5' title="bbox 2032 370 3547 451">
    <p class='ocr_par' dir='ltr' id='par_1_5' title="bbox 2032 373 3547 449">
     <span class='ocr_line' id='line_1_5' title="bbox 2032 373 3547 449; baseline 0.007 -23"><span class='ocrx_word' id='word_1_13' title='bbox 2032 373 2159 444; x_wconf 76' lang='grc' dir='ltr'>ἔχων</span> <span class='ocrx_word' id='word_1_14' title='bbox 2194 375 2502 446; x_wconf 72' lang='grc' dir='ltr'><strong>μαρτυρίαν</strong></span> <span class='ocrx_word' id='word_1_15' title='bbox 2533 377 2683 447; x_wconf 79' lang='grc' dir='ltr'>παρὰ</span> <span class='ocrx_word' id='word_1_16' title='bbox 2713 375 2851 430; x_wconf 79' lang='grc' dir='ltr'>Θεοῦ</span> <span class='ocrx_word' id='word_1_17' title='bbox 2879 378 2976 433; x_wconf 73' lang='grc' dir='ltr'>καὶ</span> <span class='ocrx_word' id='word_1_18' title='bbox 3006 376 3111 432; x_wconf 86' lang='grc' dir='ltr'><strong>τῶν</strong></span> <span class='ocrx_word' id='word_1_19' title='bbox 3150 380 3436 449; x_wconf 78' lang='grc' dir='ltr'><strong>προφητῶν,</strong></span> <span class='ocrx_word' id='word_1_20' title='bbox 3462 386 3547 437; x_wconf 74' lang='grc' dir='ltr'>καὶ</span> 
     </span>
    </p>
   </div>
   <div class='ocr_carea' id='block_1_6' title="bbox 350 464 1929 533">
    <p class='ocr_par' dir='ltr' id='par_1_6' title="bbox 350 464 1929 533">
     <span class='ocr_line' id='line_1_6' title="bbox 350 464 1929 533; baseline -0.004 -6"><span class='ocrx_word' id='word_1_21' title='bbox 350 486 465 527; x_wconf 81' lang='lat' dir='ltr'><strong>non</strong></span> <span class='ocrx_word' id='word_1_22' title='bbox 506 469 708 525; x_wconf 87' lang='lat' dir='ltr'><strong>habeat</strong></span> <span class='ocrx_word' id='word_1_23' title='bbox 751 481 921 522; x_wconf 61' lang='lat' dir='ltr'><strong>sacrae</strong></span> <span class='ocrx_word' id='word_1_24' title='bbox 971 464 1267 533; x_wconf 74' lang='lat' dir='ltr'><strong>Scriptum</strong></span> <span class='ocrx_word' id='word_1_25' title='bbox 1296 464 1696 528; x_wconf 83' lang='lat' dir='ltr'><strong>testimonium,</strong></span> <span class='ocrx_word' id='word_1_26' title='bbox 1735 479 1763 518; x_wconf 90' lang='lat' dir='ltr'><strong>a</strong></span> <span class='ocrx_word' id='word_1_27' title='bbox 1818 465 1929 520; x_wconf 85' lang='lat' dir='ltr'><strong>Deo</strong></span> 
     </span>
    </p>
   </div>
   <div class='ocr_carea' id='block_1_7' title="bbox 351 554 1997 615">
    <p class='ocr_par' dir='ltr' id='par_1_7' title="bbox 351 554 1997 615">
     <span class='ocr_line' id='line_1_7' title="bbox 351 554 1997 615; baseline -0.003 0"><span class='ocrx_word' id='word_1_28' title='bbox 351 576 465 615; x_wconf 86' lang='lat' dir='ltr'><strong>non</strong></span> <span class='ocrx_word' id='word_1_29' title='bbox 507 566 593 615; x_wconf 92' lang='lat' dir='ltr'><strong>est</strong></span> <span class='ocrx_word' id='word_1_30' title='bbox 641 558 862 611; x_wconf 88' lang='lat' dir='ltr'><strong>missus.</strong></span> <span class='ocrx_word' id='word_1_31' title='bbox 903 554 1159 610; x_wconf 80' lang='lat' dir='ltr'><strong>Christus</strong></span> <span class='ocrx_word' id='word_1_32' title='bbox 1204 569 1337 609; x_wconf 86' lang='lat' dir='ltr'><strong>vero</strong></span> <span class='ocrx_word' id='word_1_33' title='bbox 1388 570 1498 610; x_wconf 90' lang='lat' dir='ltr'><strong>non</strong></span> <span class='ocrx_word' id='word_1_34' title='bbox 1567 564 1777 610; x_wconf 88' lang='lat' dir='ltr'><strong>tantum</strong></span> <span class='ocrx_word' id='word_1_35' title='bbox 1824 556 1932 611; x_wconf 87' lang='lat' dir='ltr'><strong>hoc</strong></span> <span class='ocrx_word' id='word_1_36' title='bbox 1990 554 1997 561; x_wconf 77' lang='grc'><em>’</em></span> 
     </span>
    </p>
   </div>
   <div class='ocr_carea' id='block_1_8' title="bbox 350 644 1932 715">
    <p class='ocr_par' dir='ltr' id='par_1_8' title="bbox 350 644 1932 715">
     <span class='ocr_line' id='line_1_8' title="bbox 350 644 1932 715; baseline -0.003 -9"><span class='ocrx_word' id='word_1_37' title='bbox 350 652 533 706; x_wconf 83' lang='lat' dir='ltr'><strong>dixit:</strong></span> <span class='ocrx_word' id='word_1_38' title='bbox 573 670 592 702; x_wconf 90' lang='grc'><strong><em>‹</em></strong></span> <span class='ocrx_word' id='word_1_39' title='bbox 633 650 835 704; x_wconf 87' lang='lat' dir='ltr'><strong>Omnes</strong></span> <span class='ocrx_word' id='word_1_40' title='bbox 890 645 1174 715; x_wconf 71' lang='lat' dir='ltr'><strong>propheta:</strong></span> <span class='ocrx_word' id='word_1_41' title='bbox 1218 659 1394 713; x_wconf 87' lang='lat' dir='ltr'><strong>usque</strong></span> <span class='ocrx_word' id='word_1_42' title='bbox 1443 644 1511 698; x_wconf 90' lang='lat' dir='ltr'><strong>ad</strong></span> <span class='ocrx_word' id='word_1_43' title='bbox 1560 645 1848 708; x_wconf 78' lang='lat' dir='ltr'><strong>Joannem,</strong></span> <span class='ocrx_word' id='word_1_44' title='bbox 1878 658 1932 702; x_wconf 90' lang='lat' dir='ltr'><strong>et</strong></span> 
     </span>
    </p>
   </div>
   <div class='ocr_carea' id='block_1_9' title="bbox 349 735 1933 805">
    <p class='ocr_par' dir='ltr' id='par_1_9' title="bbox 349 735 1933 805">
     <span class='ocr_line' id='line_1_9' title="bbox 349 735 1933 805; baseline -0.006 -7"><span class='ocrx_word' id='word_1_45' title='bbox 349 742 588 798; x_wconf 88' lang='lat' dir='ltr'><strong>ulterius</strong></span> <span class='ocrx_word' id='word_1_46' title='bbox 620 754 728 793; x_wconf 94' lang='lat' dir='ltr'><strong>non</strong></span> <span class='ocrx_word' id='word_1_47' title='bbox 764 746 949 803; x_wconf 82' lang='lat' dir='ltr'><strong>erunt,</strong></span> <span class='ocrx_word' id='word_1_48' title='bbox 984 755 1002 789; x_wconf 75' lang='grc' dir='ltr'><strong>ι</strong></span> <span class='ocrx_word' id='word_1_49' title='bbox 1040 736 1137 792; x_wconf 88' lang='lat' dir='ltr'><strong>sed</strong></span> <span class='ocrx_word' id='word_1_50' title='bbox 1178 744 1231 791; x_wconf 90' lang='lat' dir='ltr'><strong>et</strong></span> <span class='ocrx_word' id='word_1_51' title='bbox 1264 736 1478 805; x_wconf 86' lang='lat' dir='ltr'><strong>signum</strong></span> <span class='ocrx_word' id='word_1_52' title='bbox 1518 735 1671 790; x_wconf 89' lang='lat' dir='ltr'><strong>dedit</strong></span> <span class='ocrx_word' id='word_1_53' title='bbox 1704 736 1809 789; x_wconf 92' lang='lat' dir='ltr'><strong>hoc</strong></span> <span class='ocrx_word' id='word_1_54' title='bbox 1838 751 1933 790; x_wconf 81' lang='lat' dir='ltr'><strong>co-</strong></span> 
     </span>
    </p>
   </div>
   <div class='ocr_carea' id='block_1_10' title="bbox 350 824 1933 901">
    <p class='ocr_par' dir='ltr' id='par_1_10' title="bbox 350 824 1933 901">
     <span class='ocr_line' id='line_1_10' title="bbox 350 824 1933 901; baseline -0.004 -15"><span class='ocrx_word' id='word_1_55' title='bbox 350 830 645 901; x_wconf 86' lang='lat' dir='ltr'><strong>gnoscendi</strong></span> <span class='ocrx_word' id='word_1_56' title='bbox 673 828 950 894; x_wconf 87' lang='lat' dir='ltr'><strong>omnibus,</strong></span> <span class='ocrx_word' id='word_1_57' title='bbox 981 827 1207 881; x_wconf 89' lang='lat' dir='ltr'><strong>dicens:</strong></span> <span class='ocrx_word' id='word_1_58' title='bbox 1242 844 1263 877; x_wconf 84' lang='grc'><em>‹</em></span> <span class='ocrx_word' id='word_1_59' title='bbox 1294 824 1495 880; x_wconf 90' lang='lat' dir='ltr'><strong>Cavete</strong></span> <span class='ocrx_word' id='word_1_60' title='bbox 1530 840 1559 878; x_wconf 88' lang='lat' dir='ltr'><strong>a</strong></span> <span class='ocrx_word' id='word_1_61' title='bbox 1596 825 1933 895; x_wconf 86' lang='lat' dir='ltr'><strong>pseudopro—</strong></span> 
     </span>
    </p>
   </div>
   <div class='ocr_carea' id='block_1_11' title="bbox 351 918 1932 992">
    <p class='ocr_par' dir='ltr' id='par_1_11' title="bbox 351 918 1932 992">
     <span class='ocr_line' id='line_1_11' title="bbox 351 918 1932 992; baseline -0.003 -15"><span class='ocrx_word' id='word_1_62' title='bbox 351 924 555 992; x_wconf 88' lang='lat' dir='ltr'><strong>phetis,</strong></span> <span class='ocrx_word' id='word_1_63' title='bbox 600 922 692 992; x_wconf 91' lang='lat' dir='ltr'><strong>qui</strong></span> <span class='ocrx_word' id='word_1_64' title='bbox 726 920 954 974; x_wconf 92' lang='lat' dir='ltr'><strong>veniunt</strong></span> <span class='ocrx_word' id='word_1_65' title='bbox 1001 919 1070 973; x_wconf 90' lang='lat' dir='ltr'><strong>ad</strong></span> <span class='ocrx_word' id='word_1_66' title='bbox 1120 933 1219 974; x_wconf 87' lang='lat' dir='ltr'><strong>vos</strong></span> <span class='ocrx_word' id='word_1_67' title='bbox 1263 918 1464 972; x_wconf 81' lang='lat' dir='ltr'><strong>vestitu</strong></span> <span class='ocrx_word' id='word_1_68' title='bbox 1518 918 1725 984; x_wconf 92' lang='lat' dir='ltr'><strong>ovium,</strong></span> <span class='ocrx_word' id='word_1_69' title='bbox 1783 918 1932 974; x_wconf 90' lang='lat' dir='ltr'><strong>intus</strong></span> 
     </span>
    </p>
   </div>
   <div class='ocr_carea' id='block_1_12' title="bbox 350 1009 1928 1082">
    <p class='ocr_par' dir='ltr' id='par_1_12' title="bbox 350 1009 1928 1082">
     <span class='ocr_line' id='line_1_12' title="bbox 350 1009 1928 1082; baseline -0.001 -15"><span class='ocrx_word' id='word_1_70' title='bbox 350 1030 483 1069; x_wconf 87' lang='lat' dir='ltr'><strong>vero</strong></span> <span class='ocrx_word' id='word_1_71' title='bbox 525 1024 655 1069; x_wconf 88' lang='lat' dir='ltr'><strong>sunt</strong></span> <span class='ocrx_word' id='word_1_72' title='bbox 699 1012 816 1081; x_wconf 91' lang='lat' dir='ltr'><strong>lupi</strong></span> <span class='ocrx_word' id='word_1_73' title='bbox 866 1026 1113 1082; x_wconf 81' lang='lat' dir='ltr'><strong>rapaces.</strong></span> <span class='ocrx_word' id='word_1_74' title='bbox 1165 1014 1211 1065; x_wconf 82' lang='lat' dir='ltr'><strong>A</strong></span> <span class='ocrx_word' id='word_1_75' title='bbox 1254 1009 1521 1064; x_wconf 83' lang='lat' dir='ltr'><strong>fructibus</strong></span> <span class='ocrx_word' id='word_1_76' title='bbox 1556 1009 1799 1078; x_wconf 90' lang='lat' dir='ltr'><strong>ipsorum</strong></span> <span class='ocrx_word' id='word_1_77' title='bbox 1831 1025 1928 1065; x_wconf 87' lang='lat' dir='ltr'><strong>co-</strong></span> 
     </span>
    </p>
   </div>
   <div class='ocr_carea' id='block_1_13' title="bbox 348 1100 1930 1175">
    <p class='ocr_par' dir='ltr' id='par_1_13' title="bbox 348 1100 1930 1175">
     <span class='ocr_line' id='line_1_13' title="bbox 348 1100 1930 1175; baseline -0.002 -15"><span class='ocrx_word' id='word_1_78' title='bbox 348 1106 626 1175; x_wconf 79' lang='lat' dir='ltr'><strong>gnoscetis</strong></span> <span class='ocrx_word' id='word_1_79' title='bbox 667 1105 790 1160; x_wconf 91' lang='lat' dir='ltr'><strong>illos</strong></span> <span class='ocrx_word' id='word_1_80' title='bbox 814 1104 881 1157; x_wconf 82' lang='lat'><strong>“.</strong></span> <span class='ocrx_word' id='word_1_81' title='bbox 937 1122 955 1155; x_wconf 76' lang='grc' dir='ltr'><strong>ι</strong></span> <span class='ocrx_word' id='word_1_82' title='bbox 1001 1101 1373 1173; x_wconf 85' lang='lat' dir='ltr'><strong>Inspiciamus</strong></span> <span class='ocrx_word' id='word_1_83' title='bbox 1420 1100 1588 1170; x_wconf 89' lang='lat' dir='ltr'><strong>igitur</strong></span> <span class='ocrx_word' id='word_1_84' title='bbox 1629 1100 1754 1169; x_wconf 90' lang='lat' dir='ltr'><strong>quis</strong></span> <span class='ocrx_word' id='word_1_85' title='bbox 1794 1100 1930 1171; x_wconf 83' lang='lat' dir='ltr'><strong>legis</strong></span> 
     </span>
    </p>
   </div>
   <div class='ocr_carea' id='block_1_14' title="bbox 348 1192 1931 1261">
    <p class='ocr_par' dir='ltr' id='par_1_14' title="bbox 348 1192 1931 1261">
     <span class='ocr_line' id='line_1_14' title="bbox 348 1192 1931 1261; baseline -0.003 -10"><span class='ocrx_word' id='word_1_86' title='bbox 348 1198 728 1252; x_wconf 67' lang='lat' dir='ltr'><strong>Mahometicm</strong></span> <span class='ocrx_word' id='word_1_87' title='bbox 756 1196 971 1250; x_wconf 80' lang='lat' dir='ltr'><strong>fructus</strong></span> <span class='ocrx_word' id='word_1_88' title='bbox 996 1193 1093 1257; x_wconf 88' lang='lat' dir='ltr'><strong>sit,</strong></span> <span class='ocrx_word' id='word_1_89' title='bbox 1118 1192 1302 1248; x_wconf 89' lang='lat' dir='ltr'><strong>ethoc</strong></span> <span class='ocrx_word' id='word_1_90' title='bbox 1331 1192 1621 1261; x_wconf 79' lang='lat' dir='ltr'><strong>diligenter</strong></span> <span class='ocrx_word' id='word_1_91' title='bbox 1642 1192 1931 1247; x_wconf 86' lang='lat' dir='ltr'><strong>enucleato</strong></span> 
     </span>
    </p>
   </div>
   <div class='ocr_carea' id='block_1_15' title="bbox 316 1284 1927 1353">
    <p class='ocr_par' dir='ltr' id='par_1_15' title="bbox 316 1284 1927 1353">
     <span class='ocr_line' id='line_1_15' title="bbox 316 1284 1927 1353; baseline -0.002 -11"><span class='ocrx_word' id='word_1_92' title='bbox 316 1288 589 1343; x_wconf 77' lang='lat' dir='ltr'><strong>‘eluecbit</strong></span> <span class='ocrx_word' id='word_1_93' title='bbox 620 1288 845 1342; x_wconf 85' lang='lat' dir='ltr'><strong>veritas.</strong></span> <span class='ocrx_word' id='word_1_94' title='bbox 878 1286 1149 1340; x_wconf 82' lang='lat' dir='ltr'><strong>Mahomet</strong></span> <span class='ocrx_word' id='word_1_95' title='bbox 1181 1284 1317 1339; x_wconf 87' lang='lat' dir='ltr'><strong>dicit</strong></span> <span class='ocrx_word' id='word_1_96' title='bbox 1382 1300 1396 1337; x_wconf 88' lang='lat'>:</span> <span class='ocrx_word' id='word_1_97' title='bbox 1450 1284 1568 1339; x_wconf 87' lang='lat' dir='ltr'><strong>Non</strong></span> <span class='ocrx_word' id='word_1_98' title='bbox 1599 1284 1722 1338; x_wconf 88' lang='lat' dir='ltr'><strong>veni</strong></span> <span class='ocrx_word' id='word_1_99' title='bbox 1754 1284 1927 1353; x_wconf 82' lang='lat' dir='ltr'><strong>legem</strong></span> 
     </span>
    </p>
   </div>
   <div class='ocr_carea' id='block_1_16' title="bbox 349 1374 1931 1449">
    <p class='ocr_par' dir='ltr' id='par_1_16' title="bbox 349 1374 1931 1449">
     <span class='ocr_line' id='line_1_16' title="bbox 349 1374 1931 1449; baseline -0.004 -14"><span class='ocrx_word' id='word_1_100' title='bbox 349 1380 566 1435; x_wconf 89' lang='lat' dir='ltr'><strong>laturus</strong></span> <span class='ocrx_word' id='word_1_101' title='bbox 611 1395 709 1449; x_wconf 88' lang='lat' dir='ltr'><strong>per</strong></span> <span class='ocrx_word' id='word_1_102' title='bbox 737 1378 1039 1440; x_wconf 84' lang='lat' dir='ltr'><strong>miracula,</strong></span> <span class='ocrx_word' id='word_1_103' title='bbox 1072 1376 1167 1431; x_wconf 91' lang='lat' dir='ltr'><strong>sed</strong></span> <span class='ocrx_word' id='word_1_104' title='bbox 1209 1391 1333 1430; x_wconf 88' lang='lat' dir='ltr'><strong>cum</strong></span> <span class='ocrx_word' id='word_1_105' title='bbox 1380 1390 1512 1430; x_wconf 91' lang='lat' dir='ltr'><strong>ense</strong></span> <span class='ocrx_word' id='word_1_106' title='bbox 1544 1386 1600 1431; x_wconf 91' lang='lat' dir='ltr'><strong>et</strong></span> <span class='ocrx_word' id='word_1_107' title='bbox 1633 1375 1831 1445; x_wconf 84' lang='lat' dir='ltr'><strong>gladio.</strong></span> <span class='ocrx_word' id='word_1_108' title='bbox 1861 1374 1931 1429; x_wconf 87' lang='lat' dir='ltr'><strong>Et</strong></span> 
     </span>
    </p>
   </div>
   <div class='ocr_carea' id='block_1_17' title="bbox 349 1466 1923 1545">
    <p class='ocr_par' dir='ltr' id='par_1_17' title="bbox 349 1466 1923 1545">
     <span class='ocr_line' id='line_1_17' title="bbox 349 1466 1923 1545; baseline -0.004 -22"><span class='ocrx_word' id='word_1_109' title='bbox 349 1471 443 1539; x_wconf 88' lang='lat' dir='ltr'><strong>qui</strong></span> <span class='ocrx_word' id='word_1_110' title='bbox 492 1478 695 1524; x_wconf 63' lang='lat' dir='ltr'><strong>nostra:</strong></span> <span class='ocrx_word' id='word_1_111' title='bbox 744 1470 874 1538; x_wconf 90' lang='lat' dir='ltr'><strong>legi,</strong></span> <span class='ocrx_word' id='word_1_112' title='bbox 910 1485 1031 1545; x_wconf 74' lang='lat' dir='ltr'><strong>quae</strong></span> <span class='ocrx_word' id='word_1_113' title='bbox 1079 1467 1265 1521; x_wconf 87' lang='lat' dir='ltr'><strong>divina</strong></span> <span class='ocrx_word' id='word_1_114' title='bbox 1309 1474 1415 1533; x_wconf 85' lang='lat' dir='ltr'><strong>est,</strong></span> <span class='ocrx_word' id='word_1_115' title='bbox 1469 1481 1580 1520; x_wconf 90' lang='lat' dir='ltr'><strong>non</strong></span> <span class='ocrx_word' id='word_1_116' title='bbox 1620 1466 1923 1545; x_wconf 87' lang='lat' dir='ltr'><strong>paruerint,</strong></span> 
     </span>
    </p>
   </div>
   <div class='ocr_carea' id='block_1_18' title="bbox 349 1540 1931 1625">
    <p class='ocr_par' dir='ltr' id='par_1_18' title="bbox 349 1540 1931 1625">
     <span class='ocr_line' id='line_1_18' title="bbox 349 1540 1931 1625; baseline -0.003 -11"><span class='ocrx_word' id='word_1_117' title='bbox 349 1570 528 1616; x_wconf 88' lang='lat' dir='ltr'><strong>morte</strong></span> <span class='ocrx_word' id='word_1_118' title='bbox 561 1561 892 1625; x_wconf 89' lang='lat' dir='ltr'><strong>moriantur,</strong></span> <span class='ocrx_word' id='word_1_119' title='bbox 941 1540 1036 1612; x_wconf 84' lang='lat' dir='ltr'><strong>aut</strong></span> <span class='ocrx_word' id='word_1_120' title='bbox 1065 1558 1271 1613; x_wconf 88' lang='lat' dir='ltr'><strong>tributa</strong></span> <span class='ocrx_word' id='word_1_121' title='bbox 1313 1558 1566 1620; x_wconf 88' lang='lat' dir='ltr'><strong>solvant;</strong></span> <span class='ocrx_word' id='word_1_122' title='bbox 1606 1540 1660 1611; x_wconf 84' lang='lat' dir='ltr'><strong>et</strong></span> <span class='ocrx_word' id='word_1_123' title='bbox 1687 1556 1779 1625; x_wconf 90' lang='lat' dir='ltr'><strong>qui</strong></span> <span class='ocrx_word' id='word_1_124' title='bbox 1834 1556 1931 1610; x_wconf 75' lang='lat' dir='ltr'><strong>tri-</strong></span> 
     </span>
    </p>
   </div>
   <div class='ocr_carea' id='block_1_19' title="bbox 348 1650 1922 1720">
    <p class='ocr_par' dir='ltr' id='par_1_19' title="bbox 348 1650 1922 1720">
     <span class='ocr_line' id='line_1_19' title="bbox 348 1650 1922 1720; baseline -0.004 -13"><span class='ocrx_word' id='word_1_125' title='bbox 348 1653 543 1708; x_wconf 87' lang='lat' dir='ltr'><strong>butum</strong></span> <span class='ocrx_word' id='word_1_126' title='bbox 612 1654 853 1717; x_wconf 88' lang='lat' dir='ltr'><strong>solvunt,</strong></span> <span class='ocrx_word' id='word_1_127' title='bbox 896 1651 951 1707; x_wconf 91' lang='lat' dir='ltr'><strong>in</strong></span> <span class='ocrx_word' id='word_1_128' title='bbox 991 1651 1097 1706; x_wconf 79' lang='lat' dir='ltr'><strong>ﬁde</strong></span> <span class='ocrx_word' id='word_1_129' title='bbox 1155 1665 1252 1704; x_wconf 88' lang='lat' dir='ltr'><strong>sua</strong></span> <span class='ocrx_word' id='word_1_130' title='bbox 1293 1650 1512 1720; x_wconf 80' lang='lat' dir='ltr'><strong>prOpria</strong></span> <span class='ocrx_word' id='word_1_131' title='bbox 1546 1656 1922 1718; x_wconf 85' lang='lat' dir='ltr'><strong>permaneant.</strong></span> 
     </span>
    </p>
   </div>
   <div class='ocr_carea' id='block_1_20' title="bbox 348 1716 2003 1815">
    <p class='ocr_par' dir='ltr' id='par_1_20' title="bbox 348 1716 2003 1815">
     <span class='ocr_line' id='line_1_20' title="bbox 348 1716 2003 1815; baseline -0.002 -16"><span class='ocrx_word' id='word_1_132' title='bbox 348 1743 505 1811; x_wconf 88' lang='lat' dir='ltr'><strong>Quod</strong></span> <span class='ocrx_word' id='word_1_133' title='bbox 538 1748 581 1799; x_wconf 91' lang='lat' dir='ltr'><strong>si</strong></span> <span class='ocrx_word' id='word_1_134' title='bbox 616 1743 971 1815; x_wconf 80' lang='lat' dir='ltr'><strong>Evangelium</strong></span> <span class='ocrx_word' id='word_1_135' title='bbox 1005 1758 1116 1797; x_wconf 87' lang='lat' dir='ltr'><strong>non</strong></span> <span class='ocrx_word' id='word_1_136' title='bbox 1159 1716 1364 1813; x_wconf 81' lang='lat' dir='ltr'><strong>justum</strong></span> <span class='ocrx_word' id='word_1_137' title='bbox 1398 1716 1563 1805; x_wconf 62' lang='lat' dir='ltr'><strong>erat,</strong></span> <span class='ocrx_word' id='word_1_138' title='bbox 1593 1749 1841 1795; x_wconf 76' lang='lat' dir='ltr'><strong>sanctum</strong></span> <span class='ocrx_word' id='word_1_139' title='bbox 1874 1749 1929 1795; x_wconf 91' lang='lat' dir='ltr'><strong>et</strong></span> <span class='ocrx_word' id='word_1_140' title='bbox 1961 1716 2003 1774; x_wconf 71' lang='grc' dir='ltr'><strong>θ</strong></span> 
     </span>
    </p>
   </div>
   <div class='ocr_carea' id='block_1_21' title="bbox 352 1832 1933 1901">
    <p class='ocr_par' dir='ltr' id='par_1_21' title="bbox 352 1832 1933 1901">
     <span class='ocr_line' id='line_1_21' title="bbox 352 1832 1933 1901; baseline -0.002 -12"><span class='ocrx_word' id='word_1_141' title='bbox 352 1844 586 1901; x_wconf 84' lang='lat' dir='ltr'><strong>rectum,</strong></span> <span class='ocrx_word' id='word_1_142' title='bbox 616 1836 817 1891; x_wconf 90' lang='lat' dir='ltr'><strong>merito</strong></span> <span class='ocrx_word' id='word_1_143' title='bbox 852 1850 985 1890; x_wconf 85' lang='lat' dir='ltr'><strong>sane</strong></span> <span class='ocrx_word' id='word_1_144' title='bbox 1016 1845 1069 1890; x_wconf 89' lang='lat' dir='ltr'><strong>et</strong></span> <span class='ocrx_word' id='word_1_145' title='bbox 1105 1834 1366 1888; x_wconf 89' lang='lat' dir='ltr'><strong>decenter</strong></span> <span class='ocrx_word' id='word_1_146' title='bbox 1406 1844 1675 1888; x_wconf 89' lang='lat' dir='ltr'><strong>venturus</strong></span> <span class='ocrx_word' id='word_1_147' title='bbox 1707 1841 1825 1888; x_wconf 89' lang='lat' dir='ltr'><strong>erat</strong></span> <span class='ocrx_word' id='word_1_148' title='bbox 1855 1832 1933 1886; x_wconf 82' lang='lat' dir='ltr'><strong>le-</strong></span> 
     </span>
    </p>
   </div>
   <div class='ocr_carea' id='block_1_22' title="bbox 353 1923 1932 1996">
    <p class='ocr_par' dir='ltr' id='par_1_22' title="bbox 353 1923 1932 1996">
     <span class='ocr_line' id='line_1_22' title="bbox 353 1923 1932 1996; baseline -0.001 -17"><span class='ocrx_word' id='word_1_149' title='bbox 353 1926 606 1995; x_wconf 75' lang='lat' dir='ltr'><strong>gIslator,</strong></span> <span class='ocrx_word' id='word_1_150' title='bbox 635 1928 730 1996; x_wconf 87' lang='lat' dir='ltr'><strong>qui</strong></span> <span class='ocrx_word' id='word_1_151' title='bbox 770 1926 1026 1981; x_wconf 81' lang='lat' dir='ltr'><strong>homines</strong></span> <span class='ocrx_word' id='word_1_152' title='bbox 1059 1926 1346 1981; x_wconf 85' lang='lat' dir='ltr'><strong>veritatem</strong></span> <span class='ocrx_word' id='word_1_153' title='bbox 1384 1932 1436 1977; x_wconf 86' lang='lat' dir='ltr'><strong>et</strong></span> <span class='ocrx_word' id='word_1_154' title='bbox 1466 1923 1735 1994; x_wconf 82' lang='lat' dir='ltr'><strong>justitiam</strong></span> <span class='ocrx_word' id='word_1_155' title='bbox 1768 1923 1932 1978; x_wconf 66' lang='lat' dir='ltr'><strong>doceo</strong></span> 
     </span>
    </p>
   </div>
   <div class='ocr_carea' id='block_1_23' title="bbox 352 2015 1931 2087">
    <p class='ocr_par' dir='ltr' id='par_1_23' title="bbox 352 2015 1931 2087">
     <span class='ocr_line' id='line_1_23' title="bbox 352 2015 1931 2087; baseline 0.001 -18"><span class='ocrx_word' id='word_1_156' title='bbox 352 2027 452 2072; x_wconf 82' lang='lat' dir='ltr'><strong>ret.</strong></span> <span class='ocrx_word' id='word_1_157' title='bbox 486 2017 554 2077; x_wconf 25' lang='lat' dir='ltr'><strong>Si.</strong></span> <span class='ocrx_word' id='word_1_158' title='bbox 580 2019 943 2087; x_wconf 88' lang='lat' dir='ltr'><strong>verojustum</strong></span> <span class='ocrx_word' id='word_1_159' title='bbox 1004 2027 1124 2072; x_wconf 88' lang='lat' dir='ltr'><strong>erat</strong></span> <span class='ocrx_word' id='word_1_160' title='bbox 1153 2025 1209 2071; x_wconf 89' lang='lat' dir='ltr'><strong>et</strong></span> <span class='ocrx_word' id='word_1_161' title='bbox 1240 2025 1512 2080; x_wconf 85' lang='lat' dir='ltr'><strong>sanctum,</strong></span> <span class='ocrx_word' id='word_1_162' title='bbox 1551 2015 1931 2084; x_wconf 74' lang='lat' dir='ltr'><strong>imperfectum</strong></span> 
     </span>
    </p>
   </div>
   <div class='ocr_carea' id='block_1_24' title="bbox 352 2104 1933 2180">
    <p class='ocr_par' dir='ltr' id='par_1_24' title="bbox 352 2104 1933 2180">
     <span class='ocr_line' id='line_1_24' title="bbox 352 2104 1933 2180; baseline -0.001 -18"><span class='ocrx_word' id='word_1_163' title='bbox 352 2120 556 2175; x_wconf 85' lang='lat' dir='ltr'><strong>tamen,</strong></span> <span class='ocrx_word' id='word_1_164' title='bbox 613 2109 777 2165; x_wconf 89' lang='lat' dir='ltr'><strong>etiam</strong></span> <span class='ocrx_word' id='word_1_165' title='bbox 819 2110 1126 2180; x_wconf 84' lang='lat' dir='ltr'><strong>sicjustum</strong></span> <span class='ocrx_word' id='word_1_166' title='bbox 1154 2108 1466 2176; x_wconf 87' lang='lat' dir='ltr'><strong>decensque</strong></span> <span class='ocrx_word' id='word_1_167' title='bbox 1499 2104 1640 2170; x_wconf 73' lang='lat' dir='ltr'><strong>erat,</strong></span> <span class='ocrx_word' id='word_1_168' title='bbox 1679 2114 1738 2159; x_wconf 94' lang='lat' dir='ltr'><strong>ut</strong></span> <span class='ocrx_word' id='word_1_169' title='bbox 1765 2105 1933 2173; x_wconf 79' lang='lat' dir='ltr'><strong>legis-</strong></span> 
     </span>
    </p>
   </div>
   <div class='ocr_carea' id='block_1_25' title="bbox 346 2195 1931 2271">
    <p class='ocr_par' dir='ltr' id='par_1_25' title="bbox 346 2195 1931 2271">
     <span class='ocr_line' id='line_1_25' title="bbox 346 2195 1931 2271; baseline -0.002 -15"><span class='ocrx_word' id='word_1_170' title='bbox 346 2202 491 2257; x_wconf 87' lang='lat' dir='ltr'><strong>lalor</strong></span> <span class='ocrx_word' id='word_1_171' title='bbox 520 2202 718 2271; x_wconf 84' lang='lat' dir='ltr'><strong>aliquis</strong></span> <span class='ocrx_word' id='word_1_172' title='bbox 739 2202 969 2257; x_wconf 84' lang='lat' dir='ltr'><strong>veniens</strong></span> <span class='ocrx_word' id='word_1_173' title='bbox 1001 2198 1282 2269; x_wconf 79' lang='lat' dir='ltr'><strong>Evangelii</strong></span> <span class='ocrx_word' id='word_1_174' title='bbox 1310 2196 1587 2252; x_wconf 81' lang='lat' dir='ltr'><strong>deiectum</strong></span> <span class='ocrx_word' id='word_1_175' title='bbox 1609 2195 1931 2263; x_wconf 87' lang='lat' dir='ltr'><strong>compleret.</strong></span> 
     </span>
    </p>
   </div>
   <div class='ocr_carea' id='block_1_26' title="bbox 347 2288 1931 2362">
    <p class='ocr_par' dir='ltr' id='par_1_26' title="bbox 347 2288 1931 2362">
     <span class='ocr_line' id='line_1_26' title="bbox 347 2288 1931 2362; baseline -0.004 -14"><span class='ocrx_word' id='word_1_176' title='bbox 347 2292 486 2348; x_wconf 82' lang='lat' dir='ltr'><strong>Cum</strong></span> <span class='ocrx_word' id='word_1_177' title='bbox 536 2304 718 2348; x_wconf 89' lang='lat' dir='ltr'><strong>autem</strong></span> <span class='ocrx_word' id='word_1_178' title='bbox 775 2304 831 2348; x_wconf 89' lang='lat' dir='ltr'><strong>et</strong></span> <span class='ocrx_word' id='word_1_179' title='bbox 874 2300 1125 2347; x_wconf 89' lang='lat' dir='ltr'><strong>sanctum</strong></span> <span class='ocrx_word' id='word_1_180' title='bbox 1163 2299 1218 2345; x_wconf 91' lang='lat' dir='ltr'><strong>et</strong></span> <span class='ocrx_word' id='word_1_181' title='bbox 1260 2291 1469 2362; x_wconf 86' lang='lat' dir='ltr'><strong>justum</strong></span> <span class='ocrx_word' id='word_1_182' title='bbox 1522 2297 1576 2344; x_wconf 91' lang='lat' dir='ltr'><strong>et</strong></span> <span class='ocrx_word' id='word_1_183' title='bbox 1625 2288 1931 2358; x_wconf 80' lang='lat' dir='ltr'><strong>perfectum</strong></span> 
     </span>
    </p>
   </div>
   <div class='ocr_carea' id='block_1_27' title="bbox 352 2379 1932 2454">
    <p class='ocr_par' dir='ltr' id='par_1_27' title="bbox 352 2379 1932 2454">
     <span class='ocr_line' id='line_1_27' title="bbox 352 2379 1932 2454; baseline -0.003 -17"><span class='ocrx_word' id='word_1_184' title='bbox 352 2394 674 2454; x_wconf 85' lang='lat' dir='ltr'><strong>rectumque</strong></span> <span class='ocrx_word' id='word_1_185' title='bbox 704 2384 919 2439; x_wconf 85' lang='lat' dir='ltr'><strong>dicatur</strong></span> <span class='ocrx_word' id='word_1_186' title='bbox 946 2393 1002 2438; x_wconf 93' lang='lat' dir='ltr'><strong>et</strong></span> <span class='ocrx_word' id='word_1_187' title='bbox 1029 2383 1121 2448; x_wconf 91' lang='lat' dir='ltr'><strong>sit,</strong></span> <span class='ocrx_word' id='word_1_188' title='bbox 1155 2382 1413 2451; x_wconf 86' lang='lat' dir='ltr'><strong>idemque</strong></span> <span class='ocrx_word' id='word_1_189' title='bbox 1444 2381 1511 2435; x_wconf 91' lang='lat' dir='ltr'><strong>de</strong></span> <span class='ocrx_word' id='word_1_190' title='bbox 1540 2379 1643 2433; x_wconf 87' lang='lat' dir='ltr'><strong>hoc</strong></span> <span class='ocrx_word' id='word_1_191' title='bbox 1669 2380 1932 2434; x_wconf 83' lang='lat' dir='ltr'><strong>conﬁtea-</strong></span> 
     </span>
    </p>
   </div>
   <div class='ocr_carea' id='block_1_28' title="bbox 347 2471 1935 2544">
    <p class='ocr_par' dir='ltr' id='par_1_28' title="bbox 347 2471 1935 2544">
     <span class='ocr_line' id='line_1_28' title="bbox 347 2471 1935 2544; baseline -0.003 -15"><span class='ocrx_word' id='word_1_192' title='bbox 347 2483 440 2529; x_wconf 89' lang='lat' dir='ltr'><strong>tur</strong></span> <span class='ocrx_word' id='word_1_193' title='bbox 489 2475 783 2542; x_wconf 81' lang='lat' dir='ltr'><strong>Mahumet,</strong></span> <span class='ocrx_word' id='word_1_194' title='bbox 827 2490 949 2530; x_wconf 90' lang='lat' dir='ltr'><strong>cum</strong></span> <span class='ocrx_word' id='word_1_195' title='bbox 982 2475 1120 2530; x_wconf 89' lang='lat' dir='ltr'><strong>dicit</strong></span> <span class='ocrx_word' id='word_1_196' title='bbox 1160 2489 1173 2526; x_wconf 89' lang='lat'><strong>:</strong></span> <span class='ocrx_word' id='word_1_197' title='bbox 1238 2474 1592 2544; x_wconf 79' lang='lat' dir='ltr'><strong>Evangelium</strong></span> <span class='ocrx_word' id='word_1_198' title='bbox 1629 2487 1659 2526; x_wconf 89' lang='lat' dir='ltr'><strong>a</strong></span> <span class='ocrx_word' id='word_1_199' title='bbox 1701 2473 1811 2527; x_wconf 90' lang='lat' dir='ltr'><strong>Deo</strong></span> <span class='ocrx_word' id='word_1_200' title='bbox 1837 2471 1935 2525; x_wconf 90' lang='lat' dir='ltr'><strong>da-</strong></span> 
     </span>
    </p>
   </div>
   <div class='ocr_carea' id='block_1_29' title="bbox 348 2563 1932 2636">
    <p class='ocr_par' dir='ltr' id='par_1_29' title="bbox 348 2563 1932 2636">
     <span class='ocr_line' id='line_1_29' title="bbox 348 2563 1932 2636; baseline -0.001 -18"><span class='ocrx_word' id='word_1_201' title='bbox 348 2574 464 2620; x_wconf 91' lang='lat' dir='ltr'><strong>tum</strong></span> <span class='ocrx_word' id='word_1_202' title='bbox 507 2576 593 2622; x_wconf 90' lang='lat' dir='ltr'><strong>est</strong></span> <span class='ocrx_word' id='word_1_203' title='bbox 641 2576 695 2621; x_wconf 92' lang='lat' dir='ltr'><strong>et</strong></span> <span class='ocrx_word' id='word_1_204' title='bbox 733 2576 985 2621; x_wconf 89' lang='lat' dir='ltr'><strong>sanctum</strong></span> <span class='ocrx_word' id='word_1_205' title='bbox 1035 2575 1089 2621; x_wconf 92' lang='lat' dir='ltr'><strong>et</strong></span> <span class='ocrx_word' id='word_1_206' title='bbox 1126 2568 1348 2636; x_wconf 88' lang='lat' dir='ltr'><strong>plenum</strong></span> <span class='ocrx_word' id='word_1_207' title='bbox 1382 2578 1439 2619; x_wconf 88' lang='lat' dir='ltr'><strong>et</strong></span> <span class='ocrx_word' id='word_1_208' title='bbox 1487 2573 1722 2628; x_wconf 86' lang='lat' dir='ltr'><strong>rectum,</strong></span> <span class='ocrx_word' id='word_1_209' title='bbox 1772 2563 1932 2632; x_wconf 81' lang='lat' dir='ltr'><strong>quid-</strong></span> 
     </span>
    </p>
   </div>
   <div class='ocr_carea' id='block_1_30' title="bbox 350 2655 1931 2726">
    <p class='ocr_par' dir='ltr' id='par_1_30' title="bbox 350 2655 1931 2726">
     <span class='ocr_line' id='line_1_30' title="bbox 350 2655 1931 2726; baseline 0.001 -16"><span class='ocrx_word' id='word_1_210' title='bbox 350 2672 477 2711; x_wconf 89' lang='lat' dir='ltr'><strong>nam</strong></span> <span class='ocrx_word' id='word_1_211' title='bbox 526 2657 636 2711; x_wconf 90' lang='lat' dir='ltr'><strong>alio</strong></span> <span class='ocrx_word' id='word_1_212' title='bbox 678 2656 997 2726; x_wconf 86' lang='lat' dir='ltr'><strong>legislature</strong></span> <span class='ocrx_word' id='word_1_213' title='bbox 1063 2656 1417 2723; x_wconf 75' lang='lat' dir='ltr'><strong>indigemus?</strong></span> <span class='ocrx_word' id='word_1_214' title='bbox 1465 2655 1614 2711; x_wconf 87' lang='lat' dir='ltr'><strong>Nihil</strong></span> <span class='ocrx_word' id='word_1_215' title='bbox 1682 2671 1931 2724; x_wconf 83' lang='lat' dir='ltr'><strong>prorsus.</strong></span> 
     </span>
    </p>
   </div>
   <div class='ocr_carea' id='block_1_31' title="bbox 350 2746 1932 2818">
    <p class='ocr_par' dir='ltr' id='par_1_31' title="bbox 350 2746 1932 2818">
     <span class='ocr_line' id='line_1_31' title="bbox 350 2746 1932 2818; baseline -0.001 -16"><span class='ocrx_word' id='word_1_216' title='bbox 350 2746 521 2802; x_wconf 86' lang='lat' dir='ltr'><strong>Porro</strong></span> <span class='ocrx_word' id='word_1_217' title='bbox 568 2748 882 2818; x_wconf 89' lang='lat' dir='ltr'><strong>importuna</strong></span> <span class='ocrx_word' id='word_1_218' title='bbox 928 2756 1094 2803; x_wconf 89' lang='lat' dir='ltr'><strong>estet</strong></span> <span class='ocrx_word' id='word_1_219' title='bbox 1140 2748 1349 2801; x_wconf 90' lang='lat' dir='ltr'><strong>inutilis</strong></span> <span class='ocrx_word' id='word_1_220' title='bbox 1388 2747 1766 2801; x_wconf 68' lang='lat' dir='ltr'><strong>Mahometicaa</strong></span> <span class='ocrx_word' id='word_1_221' title='bbox 1795 2746 1932 2815; x_wconf 88' lang='lat' dir='ltr'><strong>legis</strong></span> 
     </span>
    </p>
   </div>
   <div class='ocr_carea' id='block_1_32' title="bbox 347 2839 1927 2912">
    <p class='ocr_par' dir='ltr' id='par_1_32' title="bbox 347 2839 1927 2912">
     <span class='ocr_line' id='line_1_32' title="bbox 347 2839 1927 2912; baseline -0.001 -18"><span class='ocrx_word' id='word_1_222' title='bbox 347 2840 736 2912; x_wconf 78' lang='lat' dir='ltr'><strong>promulgatio.</strong></span> <span class='ocrx_word' id='word_1_223' title='bbox 780 2840 939 2907; x_wconf 83' lang='lat' dir='ltr'><strong>Quod</strong></span> <span class='ocrx_word' id='word_1_224' title='bbox 992 2839 1138 2893; x_wconf 88' lang='lat' dir='ltr'><strong>euitn</strong></span> <span class='ocrx_word' id='word_1_225' title='bbox 1180 2853 1280 2907; x_wconf 86' lang='lat' dir='ltr'><strong>per</strong></span> <span class='ocrx_word' id='word_1_226' title='bbox 1322 2839 1505 2893; x_wconf 86' lang='lat' dir='ltr'><strong>omnia</strong></span> <span class='ocrx_word' id='word_1_227' title='bbox 1561 2846 1774 2893; x_wconf 84' lang='lat' dir='ltr'><strong>rectum</strong></span> <span class='ocrx_word' id='word_1_228' title='bbox 1820 2845 1927 2903; x_wconf 84' lang='lat' dir='ltr'><strong>est,</strong></span> 
     </span>
    </p>
   </div>
   <div class='ocr_carea' id='block_1_33' title="bbox 348 2928 1926 3000">
    <p class='ocr_par' dir='ltr' id='par_1_33' title="bbox 348 2928 1926 3000">
     <span class='ocr_line' id='line_1_33' title="bbox 348 2928 1926 3000; baseline 0 -17"><span class='ocrx_word' id='word_1_229' title='bbox 348 2930 487 2986; x_wconf 85' lang='lat' dir='ltr'><strong>nihil</strong></span> <span class='ocrx_word' id='word_1_230' title='bbox 540 2932 704 2987; x_wconf 85' lang='lat' dir='ltr'><strong>habet</strong></span> <span class='ocrx_word' id='word_1_231' title='bbox 738 2947 799 2987; x_wconf 91' lang='lat' dir='ltr'><strong>se</strong></span> <span class='ocrx_word' id='word_1_232' title='bbox 844 2930 1087 2995; x_wconf 87' lang='lat' dir='ltr'><strong>rectius,</strong></span> <span class='ocrx_word' id='word_1_233' title='bbox 1123 2938 1179 2985; x_wconf 92' lang='lat' dir='ltr'><strong>et</strong></span> <span class='ocrx_word' id='word_1_234' title='bbox 1214 2929 1458 3000; x_wconf 84' lang='lat' dir='ltr'><strong>perfecto</strong></span> <span class='ocrx_word' id='word_1_235' title='bbox 1500 2928 1639 2983; x_wconf 88' lang='lat' dir='ltr'><strong>nihil</strong></span> <span class='ocrx_word' id='word_1_236' title='bbox 1682 2937 1765 2984; x_wconf 88' lang='lat' dir='ltr'><strong>est</strong></span> <span class='ocrx_word' id='word_1_237' title='bbox 1803 2943 1926 2999; x_wconf 81' lang='lat' dir='ltr'><strong>per-</strong></span> 
     </span>
    </p>
   </div>
   <div class='ocr_carea' id='block_1_34' title="bbox 345 2996 1996 3094">
    <p class='ocr_par' dir='ltr' id='par_1_34' title="bbox 345 2996 1996 3094">
     <span class='ocr_line' id='line_1_34' title="bbox 345 2996 1996 3094; baseline -0.002 -17"><span class='ocrx_word' id='word_1_238' title='bbox 345 3024 566 3091; x_wconf 80' lang='lat' dir='ltr'><strong>fcctius,</strong></span> <span class='ocrx_word' id='word_1_239' title='bbox 594 3040 697 3080; x_wconf 88' lang='lat' dir='ltr'><strong>nec</strong></span> <span class='ocrx_word' id='word_1_240' title='bbox 734 3024 853 3094; x_wconf 89' lang='lat' dir='ltr'><strong>ipso</strong></span> <span class='ocrx_word' id='word_1_241' title='bbox 885 3038 1017 3078; x_wconf 90' lang='lat' dir='ltr'><strong>vero</strong></span> <span class='ocrx_word' id='word_1_242' title='bbox 1045 3023 1344 3093; x_wconf 83' lang='lat' dir='ltr'><strong>quidquam</strong></span> <span class='ocrx_word' id='word_1_243' title='bbox 1373 3022 1582 3077; x_wconf 88' lang='lat' dir='ltr'><strong>verius.</strong></span> <span class='ocrx_word' id='word_1_244' title='bbox 1953 2996 1996 3054; x_wconf 68' lang='grc' dir='ltr'>ο</span> 
     </span>
    </p>
   </div>
   <div class='ocr_carea' id='block_1_35' title="bbox 2033 467 3549 541">
    <p class='ocr_par' dir='ltr' id='par_1_35' title="bbox 2033 467 3549 541">
     <span class='ocr_line' id='line_1_35' title="bbox 2033 467 3549 541; baseline 0.007 -23"><span class='ocrx_word' id='word_1_245' title='bbox 2033 468 2204 533; x_wconf 78' lang='grc' dir='ltr'>αὐτῆς</span> <span class='ocrx_word' id='word_1_246' title='bbox 2230 467 2329 539; x_wconf 81' lang='grc' dir='ltr'>τῆς</span> <span class='ocrx_word' id='word_1_247' title='bbox 2358 467 2511 531; x_wconf 89' lang='grc' dir='ltr'>θείας</span> <span class='ocrx_word' id='word_1_248' title='bbox 2544 468 2792 539; x_wconf 80' lang='grc' dir='ltr'>Γραφῆς,</span> <span class='ocrx_word' id='word_1_249' title='bbox 2841 470 2944 523; x_wconf 78' lang='grc' dir='ltr'><strong>οὐκ</strong></span> <span class='ocrx_word' id='word_1_250' title='bbox 3001 468 3114 522; x_wconf 82' lang='grc' dir='ltr'>ἔστι</span> <span class='ocrx_word' id='word_1_251' title='bbox 3145 471 3289 541; x_wconf 87' lang='grc' dir='ltr'>παρὰ</span> <span class='ocrx_word' id='word_1_252' title='bbox 3312 471 3455 529; x_wconf 76' lang='grc' dir='ltr'>Θεοῦ.</span> <span class='ocrx_word' id='word_1_253' title='bbox 3497 475 3549 528; x_wconf 91' lang='lat'><strong>&#39;0</strong></span> 
     </span>
    </p>
   </div>
   <div class='ocr_carea' id='block_1_36' title="bbox 2031 558 3550 633">
    <p class='ocr_par' dir='ltr' id='par_1_36' title="bbox 2031 558 3550 633">
     <span class='ocr_line' id='line_1_36' title="bbox 2031 558 3550 633; baseline 0.003 -21"><span class='ocrx_word' id='word_1_254' title='bbox 2031 558 2277 627; x_wconf 84' lang='grc' dir='ltr'>Μωάμεθ</span> <span class='ocrx_word' id='word_1_255' title='bbox 2304 559 2413 631; x_wconf 83' lang='grc' dir='ltr'>ἄρα</span> <span class='ocrx_word' id='word_1_256' title='bbox 2444 562 2517 629; x_wconf 87' lang='grc' dir='ltr'><strong>μὴ</strong></span> <span class='ocrx_word' id='word_1_257' title='bbox 2548 561 2687 629; x_wconf 79' lang='grc' dir='ltr'>ἔχων</span> <span class='ocrx_word' id='word_1_258' title='bbox 2720 560 2821 629; x_wconf 76' lang='grc' dir='ltr'>τὴν</span> <span class='ocrx_word' id='word_1_259' title='bbox 2855 560 2965 614; x_wconf 84' lang='grc' dir='ltr'>ἀπὸ</span> <span class='ocrx_word' id='word_1_260' title='bbox 3016 562 3113 631; x_wconf 81' lang='grc' dir='ltr'>τῆς</span> <span class='ocrx_word' id='word_1_261' title='bbox 3162 562 3302 624; x_wconf 85' lang='grc' dir='ltr'>θείας</span> <span class='ocrx_word' id='word_1_262' title='bbox 3353 564 3550 633; x_wconf 53' lang='grc' dir='ltr'>Γραφῇ</span> 
     </span>
    </p>
   </div>
   <div class='ocr_carea' id='block_1_37' title="bbox 1980 652 3551 725">
    <p class='ocr_par' dir='ltr' id='par_1_37' title="bbox 1980 652 3551 725">
     <span class='ocr_line' id='line_1_37' title="bbox 1980 652 3551 725; baseline 0.006 -24"><span class='ocrx_word' id='word_1_263' title='bbox 1980 718 1985 721; x_wconf 10' lang='grc' dir='ltr'>ἠ</span> <span class='ocrx_word' id='word_1_264' title='bbox 2036 652 2367 721; x_wconf 82' lang='grc' dir='ltr'><strong>μαρτυρίαν,</strong></span> <span class='ocrx_word' id='word_1_265' title='bbox 2403 652 2501 704; x_wconf 82' lang='grc' dir='ltr'><strong>οὐκ</strong></span> <span class='ocrx_word' id='word_1_266' title='bbox 2529 652 2675 705; x_wconf 78' lang='grc' dir='ltr'>ἔστιν</span> <span class='ocrx_word' id='word_1_267' title='bbox 2710 652 3119 722; x_wconf 80' lang='grc' dir='ltr'><strong>ἀπεσταλμένος</strong></span> <span class='ocrx_word' id='word_1_268' title='bbox 3141 654 3285 725; x_wconf 71' lang='grc' dir='ltr'>παρὰ</span> <span class='ocrx_word' id='word_1_269' title='bbox 3315 655 3458 711; x_wconf 80' lang='grc' dir='ltr'>Θεοῦ.</span> <span class='ocrx_word' id='word_1_270' title='bbox 3487 660 3551 710; x_wconf 74' lang='grc' dir='ltr'>Οὐ</span> 
     </span>
    </p>
   </div>
   <div class='ocr_carea' id='block_1_38' title="bbox 2037 742 3553 813">
    <p class='ocr_par' dir='ltr' id='par_1_38' title="bbox 2037 742 3553 813">
     <span class='ocr_line' id='line_1_38' title="bbox 2037 742 3553 813; baseline 0.005 -19"><span class='ocrx_word' id='word_1_271' title='bbox 2037 742 2201 810; x_wconf 84' lang='grc' dir='ltr'>μόνον</span> <span class='ocrx_word' id='word_1_272' title='bbox 2255 743 2311 796; x_wconf 83' lang='grc' dir='ltr'>δὲ</span> <span class='ocrx_word' id='word_1_273' title='bbox 2344 742 2504 797; x_wconf 79' lang='grc' dir='ltr'>τοῦτο</span> <span class='ocrx_word' id='word_1_274' title='bbox 2531 744 2755 813; x_wconf 80' lang='grc' dir='ltr'>εἴρηκεν</span> <span class='ocrx_word' id='word_1_275' title='bbox 2781 746 2809 797; x_wconf 89' lang='lat'><strong>6</strong></span> <span class='ocrx_word' id='word_1_276' title='bbox 2843 745 3101 813; x_wconf 82' lang='grc' dir='ltr'>Χριστὸς,</span> <span class='ocrx_word' id='word_1_277' title='bbox 3140 746 3216 808; x_wconf 76' lang='grc' dir='ltr'><strong>τὸ,</strong></span> <span class='ocrx_word' id='word_1_278' title='bbox 3245 762 3262 796; x_wconf 85' lang='grc' dir='ltr'><strong>ι</strong></span> <span class='ocrx_word' id='word_1_279' title='bbox 3297 747 3484 810; x_wconf 80' lang='grc' dir='ltr'><strong>Πάντες</strong></span> <span class='ocrx_word' id='word_1_280' title='bbox 3510 749 3553 802; x_wconf 78' lang='grc' dir='ltr'>οι</span> 
     </span>
    </p>
   </div>
   <div class='ocr_carea' id='block_1_39' title="bbox 2033 834 3555 906">
    <p class='ocr_par' dir='ltr' id='par_1_39' title="bbox 2033 834 3555 906">
     <span class='ocr_line' id='line_1_39' title="bbox 2033 834 3555 906; baseline 0.005 -22"><span class='ocrx_word' id='word_1_281' title='bbox 2033 834 2312 903; x_wconf 79' lang='grc' dir='ltr'>προφῆται</span> <span class='ocrx_word' id='word_1_282' title='bbox 2355 834 2463 896; x_wconf 74' lang='grc' dir='ltr'>ἕως</span> <span class='ocrx_word' id='word_1_283' title='bbox 2501 835 2771 896; x_wconf 85' lang='grc' dir='ltr'>Ἰωάννου,</span> <span class='ocrx_word' id='word_1_284' title='bbox 2807 837 2902 889; x_wconf 76' lang='grc' dir='ltr'>καὶ</span> <span class='ocrx_word' id='word_1_285' title='bbox 2948 838 3253 906; x_wconf 81' lang='grc' dir='ltr'>περαιτέρω</span> <span class='ocrx_word' id='word_1_286' title='bbox 3283 838 3375 891; x_wconf 78' lang='grc' dir='ltr'><strong>οὐκ</strong></span> <span class='ocrx_word' id='word_1_287' title='bbox 3425 838 3555 891; x_wconf 72' lang='lat' dir='ltr'><strong>Esuv-</strong></span> 
     </span>
    </p>
   </div>
   <div class='ocr_carea' id='block_1_40' title="bbox 2032 922 3555 994">
    <p class='ocr_par' dir='ltr' id='par_1_40' title="bbox 2032 922 3555 994">
     <span class='ocr_line' id='line_1_40' title="bbox 2032 922 3555 994; baseline 0.003 -20"><span class='ocrx_word' id='word_1_288' title='bbox 2032 938 2143 987; x_wconf 88' lang='grc' dir='ltr'>ται,</span> <span class='ocrx_word' id='word_1_289' title='bbox 2179 940 2198 974; x_wconf 84' lang='grc'><strong>›</strong></span> <span class='ocrx_word' id='word_1_290' title='bbox 2234 922 2369 975; x_wconf 83' lang='grc' dir='ltr'>ἀλλὰ</span> <span class='ocrx_word' id='word_1_291' title='bbox 2407 922 2503 976; x_wconf 77' lang='grc' dir='ltr'><strong>καὶ</strong></span> <span class='ocrx_word' id='word_1_292' title='bbox 2563 924 2645 977; x_wconf 80' lang='grc' dir='ltr'>ἔτι</span> <span class='ocrx_word' id='word_1_293' title='bbox 2690 927 2918 994; x_wconf 78' lang='grc' dir='ltr'>σημεῖον</span> <span class='ocrx_word' id='word_1_294' title='bbox 2977 925 3344 993; x_wconf 85' lang='grc' dir='ltr'>γνωρίσματος</span> <span class='ocrx_word' id='word_1_295' title='bbox 3382 926 3555 979; x_wconf 83' lang='grc' dir='ltr'>δέδωκε</span> 
     </span>
    </p>
   </div>
   <div class='ocr_carea' id='block_1_41' title="bbox 2032 1013 3558 1087">
    <p class='ocr_par' dir='ltr' id='par_1_41' title="bbox 2032 1013 3558 1087">
     <span class='ocr_line' id='line_1_41' title="bbox 2032 1013 3558 1087; baseline 0.003 -22"><span class='ocrx_word' id='word_1_296' title='bbox 2032 1015 2149 1075; x_wconf 84' lang='grc' dir='ltr'>τοῖς</span> <span class='ocrx_word' id='word_1_297' title='bbox 2202 1015 2389 1079; x_wconf 81' lang='grc' dir='ltr'>πᾶσιν,</span> <span class='ocrx_word' id='word_1_298' title='bbox 2443 1013 2619 1079; x_wconf 71' lang='grc' dir='ltr'>οὕτως</span> <span class='ocrx_word' id='word_1_299' title='bbox 2685 1016 2877 1082; x_wconf 88' lang='grc' dir='ltr'>είπὼν,</span> <span class='ocrx_word' id='word_1_300' title='bbox 2913 1035 2933 1069; x_wconf 75' lang='grc' dir='ltr'><strong>ι</strong></span> <span class='ocrx_word' id='word_1_301' title='bbox 2972 1016 3271 1087; x_wconf 79' lang='grc' dir='ltr'>Προσέχετε</span> <span class='ocrx_word' id='word_1_302' title='bbox 3323 1018 3421 1071; x_wconf 70' lang='grc' dir='ltr'>ἀπὸ</span> <span class='ocrx_word' id='word_1_303' title='bbox 3464 1019 3558 1071; x_wconf 87' lang='grc' dir='ltr'><strong>τῶν</strong></span> 
     </span>
    </p>
   </div>
   <div class='ocr_carea' id='block_1_42' title="bbox 2031 1101 3558 1177">
    <p class='ocr_par' dir='ltr' id='par_1_42' title="bbox 2031 1101 3558 1177">
     <span class='ocr_line' id='line_1_42' title="bbox 2031 1101 3558 1177; baseline 0.002 -22"><span class='ocrx_word' id='word_1_304' title='bbox 2031 1101 2516 1174; x_wconf 78' lang='grc' dir='ltr'><strong>ψευδοπροφητῶν,</strong></span> <span class='ocrx_word' id='word_1_305' title='bbox 2551 1104 2751 1168; x_wconf 74' lang='grc' dir='ltr'>οἵτινες</span> <span class='ocrx_word' id='word_1_306' title='bbox 2782 1105 3034 1176; x_wconf 74' lang='grc' dir='ltr'>ἔρχονται</span> <span class='ocrx_word' id='word_1_307' title='bbox 3065 1106 3198 1176; x_wconf 72' lang='grc' dir='ltr'>πρὸς</span> <span class='ocrx_word' id='word_1_308' title='bbox 3229 1106 3363 1177; x_wconf 81' lang='grc' dir='ltr'>ὑμᾶς</span> <span class='ocrx_word' id='word_1_309' title='bbox 3392 1107 3443 1158; x_wconf 85' lang='grc' dir='ltr'>ὲν</span> <span class='ocrx_word' id='word_1_310' title='bbox 3481 1108 3558 1159; x_wconf 82' lang='grc' dir='ltr'>έν-</span> 
     </span>
    </p>
   </div>
   <div class='ocr_carea' id='block_1_43' title="bbox 2032 1190 3557 1265">
    <p class='ocr_par' dir='ltr' id='par_1_43' title="bbox 2032 1190 3557 1265">
     <span class='ocr_line' id='line_1_43' title="bbox 2032 1190 3557 1265; baseline 0.005 -22"><span class='ocrx_word' id='word_1_311' title='bbox 2032 1190 2232 1262; x_wconf 71' lang='grc' dir='ltr'>δόμοισι</span> <span class='ocrx_word' id='word_1_312' title='bbox 2257 1193 2582 1261; x_wconf 75' lang='grc' dir='ltr'>προϐάτων,</span> <span class='ocrx_word' id='word_1_313' title='bbox 2617 1193 2821 1247; x_wconf 70' lang='grc' dir='ltr'>ἔσωθεν</span> <span class='ocrx_word' id='word_1_314' title='bbox 2869 1192 2927 1247; x_wconf 84' lang='grc' dir='ltr'><strong>δέ</strong></span> <span class='ocrx_word' id='word_1_315' title='bbox 2991 1196 3096 1248; x_wconf 88' lang='grc' dir='ltr'>είσι</span> <span class='ocrx_word' id='word_1_316' title='bbox 3125 1195 3272 1250; x_wconf 78' lang='grc' dir='ltr'>λύκοι</span> <span class='ocrx_word' id='word_1_317' title='bbox 3319 1197 3557 1265; x_wconf 74' lang='grc' dir='ltr'>ἅρπαγες.</span> 
     </span>
    </p>
   </div>
   <div class='ocr_carea' id='block_1_44' title="bbox 2044 1283 3554 1355">
    <p class='ocr_par' dir='ltr' id='par_1_44' title="bbox 2044 1283 3554 1355">
     <span class='ocr_line' id='line_1_44' title="bbox 2044 1283 3554 1355; baseline 0.003 -20"><span class='ocrx_word' id='word_1_318' title='bbox 2044 1283 2178 1337; x_wconf 77' lang='grc' dir='ltr'><strong>Ἀπὸ</strong></span> <span class='ocrx_word' id='word_1_319' title='bbox 2214 1284 2323 1336; x_wconf 90' lang='grc' dir='ltr'><strong>τῶν</strong></span> <span class='ocrx_word' id='word_1_320' title='bbox 2380 1285 2611 1355; x_wconf 81' lang='grc' dir='ltr'>καρπῶν</span> <span class='ocrx_word' id='word_1_321' title='bbox 2648 1284 2829 1340; x_wconf 79' lang='grc' dir='ltr'>αὐτῶν</span> <span class='ocrx_word' id='word_1_322' title='bbox 2883 1286 3250 1354; x_wconf 71' lang='grc' dir='ltr'>ἐπιγνώσεσθε</span> <span class='ocrx_word' id='word_1_323' title='bbox 3309 1287 3504 1349; x_wconf 79' lang='grc' dir='ltr'>αὐτούς.</span> <span class='ocrx_word' id='word_1_324' title='bbox 3539 1306 3554 1337; x_wconf 77' lang='grc' dir='ltr'><strong>ι</strong></span> 
     </span>
    </p>
   </div>
   <div class='ocr_carea' id='block_1_45' title="bbox 2032 1374 3559 1446">
    <p class='ocr_par' dir='ltr' id='par_1_45' title="bbox 2032 1374 3559 1446">
     <span class='ocr_line' id='line_1_45' title="bbox 2032 1374 3559 1446; baseline 0.003 -20"><span class='ocrx_word' id='word_1_325' title='bbox 2032 1374 2368 1444; x_wconf 79' lang='grc' dir='ltr'>Σκεψώμεθα</span> <span class='ocrx_word' id='word_1_326' title='bbox 2394 1376 2576 1430; x_wconf 78' lang='grc' dir='ltr'>τοίνυν</span> <span class='ocrx_word' id='word_1_327' title='bbox 2601 1377 2685 1440; x_wconf 86' lang='grc' dir='ltr'><strong>τίς</strong></span> <span class='ocrx_word' id='word_1_328' title='bbox 2721 1379 2872 1431; x_wconf 80' lang='grc' dir='ltr'>ἐστιν</span> <span class='ocrx_word' id='word_1_329' title='bbox 2903 1378 2932 1431; x_wconf 98' lang='lat'><strong>6</strong></span> <span class='ocrx_word' id='word_1_330' title='bbox 2971 1377 3183 1446; x_wconf 73' lang='grc' dir='ltr'>καρπὸς</span> <span class='ocrx_word' id='word_1_331' title='bbox 3210 1377 3300 1431; x_wconf 80' lang='grc' dir='ltr'>τοῦ</span> <span class='ocrx_word' id='word_1_332' title='bbox 3330 1379 3465 1444; x_wconf 81' lang='grc' dir='ltr'>παρὰ</span> <span class='ocrx_word' id='word_1_333' title='bbox 3483 1377 3559 1431; x_wconf 72' lang='grc' dir='ltr'>τοῦ</span> 
     </span>
    </p>
   </div>
   <div class='ocr_carea' id='block_1_46' title="bbox 2031 1464 3561 1537">
    <p class='ocr_par' dir='ltr' id='par_1_46' title="bbox 2031 1464 3561 1537">
     <span class='ocr_line' id='line_1_46' title="bbox 2031 1464 3561 1537; baseline 0.001 -19"><span class='ocrx_word' id='word_1_334' title='bbox 2031 1464 2275 1533; x_wconf 81' lang='grc' dir='ltr'>Μωάμεθ</span> <span class='ocrx_word' id='word_1_335' title='bbox 2313 1465 2558 1529; x_wconf 77' lang='grc' dir='ltr'>δοθέντος</span> <span class='ocrx_word' id='word_1_336' title='bbox 2584 1466 2750 1536; x_wconf 89' lang='grc' dir='ltr'>νόμου</span> <span class='ocrx_word' id='word_1_337' title='bbox 2776 1484 2789 1498; x_wconf 88' lang='grc'><strong>·</strong></span> <span class='ocrx_word' id='word_1_338' title='bbox 2826 1467 2921 1520; x_wconf 75' lang='grc' dir='ltr'><strong>καὶ</strong></span> <span class='ocrx_word' id='word_1_339' title='bbox 2953 1468 3144 1520; x_wconf 82' lang='grc' dir='ltr'>τούτου</span> <span class='ocrx_word' id='word_1_340' title='bbox 3196 1467 3424 1537; x_wconf 78' lang='grc' dir='ltr'>ἀκριϐῶς</span> <span class='ocrx_word' id='word_1_341' title='bbox 3462 1465 3561 1531; x_wconf 75' lang='grc' dir='ltr'>ἒξε-</span> 
     </span>
    </p>
   </div>
   <div class='ocr_carea' id='block_1_47' title="bbox 2032 1554 3567 1629">
    <p class='ocr_par' dir='ltr' id='par_1_47' title="bbox 2032 1554 3567 1629">
     <span class='ocr_line' id='line_1_47' title="bbox 2032 1554 3567 1629; baseline 0.001 -20"><span class='ocrx_word' id='word_1_342' title='bbox 2032 1554 2347 1621; x_wconf 84' lang='grc' dir='ltr'>τασθέντος,</span> <span class='ocrx_word' id='word_1_343' title='bbox 2382 1558 2883 1629; x_wconf 66' lang='grc' dir='ltr'>ᾳανερωθήσεταιή</span> <span class='ocrx_word' id='word_1_344' title='bbox 2918 1558 3167 1626; x_wconf 77' lang='grc' dir='ltr'>ἀλήθεια.</span> <span class='ocrx_word' id='word_1_345' title='bbox 3194 1559 3352 1625; x_wconf 81' lang='grc' dir='ltr'>Λέγει</span> <span class='ocrx_word' id='word_1_346' title='bbox 3403 1558 3567 1612; x_wconf 82' lang='grc' dir='ltr'>ὁΜω-</span> 
     </span>
    </p>
   </div>
   <div class='ocr_carea' id='block_1_48' title="bbox 2033 1643 3564 1719">
    <p class='ocr_par' dir='ltr' id='par_1_48' title="bbox 2033 1643 3564 1719">
     <span class='ocr_line' id='line_1_48' title="bbox 2033 1643 3564 1719; baseline -0.002 -17"><span class='ocrx_word' id='word_1_347' title='bbox 2033 1645 2196 1712; x_wconf 82' lang='grc' dir='ltr'>ἀμεθ,</span> <span class='ocrx_word' id='word_1_348' title='bbox 2245 1645 2386 1714; x_wconf 85' lang='grc' dir='ltr'>Ἐγὼ</span> <span class='ocrx_word' id='word_1_349' title='bbox 2425 1646 2525 1699; x_wconf 79' lang='grc' dir='ltr'><strong>οὐκ</strong></span> <span class='ocrx_word' id='word_1_350' title='bbox 2580 1643 2746 1719; x_wconf 75' lang='grc' dir='ltr'>ἦλθον</span> <span class='ocrx_word' id='word_1_351' title='bbox 2807 1648 2897 1702; x_wconf 73' lang='grc' dir='ltr'><strong>διὰ</strong></span> <span class='ocrx_word' id='word_1_352' title='bbox 2932 1650 3227 1717; x_wconf 77' lang='grc' dir='ltr'>Θαυμάτων</span> <span class='ocrx_word' id='word_1_353' title='bbox 3269 1648 3439 1702; x_wconf 83' lang='grc' dir='ltr'>δοῦναι</span> <span class='ocrx_word' id='word_1_354' title='bbox 3487 1650 3564 1703; x_wconf 77' lang='grc' dir='ltr'>τὸν</span> 
     </span>
    </p>
   </div>
   <div class='ocr_carea' id='block_1_49' title="bbox 2035 1738 3569 1812">
    <p class='ocr_par' dir='ltr' id='par_1_49' title="bbox 2035 1738 3569 1812">
     <span class='ocr_line' id='line_1_49' title="bbox 2035 1738 3569 1812; baseline 0.004 -24"><span class='ocrx_word' id='word_1_355' title='bbox 2035 1738 2220 1807; x_wconf 88' lang='grc' dir='ltr'>νόμον,</span> <span class='ocrx_word' id='word_1_356' title='bbox 2257 1738 2395 1791; x_wconf 79' lang='grc' dir='ltr'>ἀλλὰ</span> <span class='ocrx_word' id='word_1_357' title='bbox 2427 1738 2515 1792; x_wconf 81' lang='grc' dir='ltr'><strong>διὰ</strong></span> <span class='ocrx_word' id='word_1_358' title='bbox 2539 1741 2752 1811; x_wconf 85' lang='grc' dir='ltr'>σπάθης</span> <span class='ocrx_word' id='word_1_359' title='bbox 2784 1742 2875 1795; x_wconf 70' lang='grc' dir='ltr'><strong>καὶ</strong></span> <span class='ocrx_word' id='word_1_360' title='bbox 2907 1742 3119 1811; x_wconf 80' lang='grc' dir='ltr'>ξίφους.</span> <span class='ocrx_word' id='word_1_361' title='bbox 3149 1742 3255 1795; x_wconf 76' lang='grc' dir='ltr'><strong>Καὶ</strong></span> <span class='ocrx_word' id='word_1_362' title='bbox 3281 1744 3327 1794; x_wconf 91' lang='grc' dir='ltr'><strong>οί</strong></span> <span class='ocrx_word' id='word_1_363' title='bbox 3361 1741 3429 1812; x_wconf 85' lang='grc' dir='ltr'><strong>μὴ</strong></span> <span class='ocrx_word' id='word_1_364' title='bbox 3454 1743 3569 1794; x_wconf 78' lang='grc' dir='ltr'>ὐπο-</span> 
     </span>
    </p>
   </div>
   <div class='ocr_carea' id='block_1_50' title="bbox 2034 1828 3566 1903">
    <p class='ocr_par' dir='ltr' id='par_1_50' title="bbox 2034 1828 3566 1903">
     <span class='ocr_line' id='line_1_50' title="bbox 2034 1828 3566 1903; baseline 0.003 -22"><span class='ocrx_word' id='word_1_365' title='bbox 2034 1828 2310 1897; x_wconf 70' lang='grc' dir='ltr'>κύψαντες</span> <span class='ocrx_word' id='word_1_366' title='bbox 2365 1828 2442 1899; x_wconf 84' lang='grc' dir='ltr'>τῷ</span> <span class='ocrx_word' id='word_1_367' title='bbox 2469 1832 2732 1902; x_wconf 82' lang='grc' dir='ltr'>ἡμετέρῳ</span> <span class='ocrx_word' id='word_1_368' title='bbox 2777 1838 2949 1903; x_wconf 84' lang='grc' dir='ltr'>νόμῳ,</span> <span class='ocrx_word' id='word_1_369' title='bbox 2997 1834 3055 1895; x_wconf 86' lang='grc' dir='ltr'>ὃς</span> <span class='ocrx_word' id='word_1_370' title='bbox 3108 1835 3222 1885; x_wconf 77' lang='grc' dir='ltr'>ἔστι</span> <span class='ocrx_word' id='word_1_371' title='bbox 3258 1834 3399 1903; x_wconf 75' lang='grc' dir='ltr'>παρὰ</span> <span class='ocrx_word' id='word_1_372' title='bbox 3431 1832 3566 1896; x_wconf 74' lang='grc' dir='ltr'>Θεοῦ,</span> 
     </span>
    </p>
   </div>
   <div class='ocr_carea' id='block_1_51' title="bbox 2036 1920 3571 1995">
    <p class='ocr_par' dir='ltr' id='par_1_51' title="bbox 2036 1920 3571 1995">
     <span class='ocr_line' id='line_1_51' title="bbox 2036 1920 3571 1995; baseline 0.001 -22"><span class='ocrx_word' id='word_1_373' title='bbox 2036 1920 2248 1991; x_wconf 85' lang='grc' dir='ltr'>θανάτῳ</span> <span class='ocrx_word' id='word_1_374' title='bbox 2276 1921 2718 1989; x_wconf 81' lang='grc' dir='ltr'>ἀποθανέτωσαν,</span> <span class='ocrx_word' id='word_1_375' title='bbox 2750 1924 2781 1992; x_wconf 79' lang='grc' dir='ltr'>ἢ</span> <span class='ocrx_word' id='word_1_376' title='bbox 2808 1925 3008 1995; x_wconf 70' lang='grc' dir='ltr'>φόρους</span> <span class='ocrx_word' id='word_1_377' title='bbox 3032 1924 3317 1978; x_wconf 85' lang='grc' dir='ltr'>διδότωσαν</span> <span class='ocrx_word' id='word_1_378' title='bbox 3343 1939 3357 1955; x_wconf 87' lang='grc'><strong>·</strong></span> <span class='ocrx_word' id='word_1_379' title='bbox 3391 1926 3475 1976; x_wconf 65' lang='grc' dir='ltr'><strong>καὶ</strong></span> <span class='ocrx_word' id='word_1_380' title='bbox 3501 1925 3571 1977; x_wconf 85' lang='grc' dir='ltr'>δι-</span> 
     </span>
    </p>
   </div>
   <div class='ocr_carea' id='block_1_52' title="bbox 2033 2013 3568 2088">
    <p class='ocr_par' dir='ltr' id='par_1_52' title="bbox 2033 2013 3568 2088">
     <span class='ocr_line' id='line_1_52' title="bbox 2033 2013 3568 2088; baseline 0.004 -23"><span class='ocrx_word' id='word_1_381' title='bbox 2033 2013 2274 2082; x_wconf 82' lang='grc' dir='ltr'>δομένων</span> <span class='ocrx_word' id='word_1_382' title='bbox 2295 2015 2404 2067; x_wconf 86' lang='grc' dir='ltr'><strong>τῶν</strong></span> <span class='ocrx_word' id='word_1_383' title='bbox 2437 2016 2637 2085; x_wconf 80' lang='grc' dir='ltr'>φόρων,</span> <span class='ocrx_word' id='word_1_384' title='bbox 2662 2017 2973 2085; x_wconf 72' lang='grc' dir='ltr'>μενέτωσαν</span> <span class='ocrx_word' id='word_1_385' title='bbox 3007 2019 3066 2069; x_wconf 84' lang='grc' dir='ltr'>ὲν</span> <span class='ocrx_word' id='word_1_386' title='bbox 3092 2020 3158 2088; x_wconf 80' lang='grc' dir='ltr'>τῇ</span> <span class='ocrx_word' id='word_1_387' title='bbox 3192 2019 3363 2070; x_wconf 88' lang='grc' dir='ltr'>πίστει</span> <span class='ocrx_word' id='word_1_388' title='bbox 3392 2015 3568 2071; x_wconf 84' lang='grc' dir='ltr'>αὐτῶν.</span> 
     </span>
    </p>
   </div>
   <div class='ocr_carea' id='block_1_53' title="bbox 2034 2093 3570 2177">
    <p class='ocr_par' dir='ltr' id='par_1_53' title="bbox 2034 2093 3570 2177">
     <span class='ocr_line' id='line_1_53' title="bbox 2034 2093 3570 2177; baseline -0.001 -18"><span class='ocrx_word' id='word_1_389' title='bbox 2034 2106 2144 2159; x_wconf 83' lang='grc' dir='ltr'>Καὶ</span> <span class='ocrx_word' id='word_1_390' title='bbox 2170 2107 2218 2157; x_wconf 88' lang='grc' dir='ltr'><strong>εί</strong></span> <span class='ocrx_word' id='word_1_391' title='bbox 2261 2108 2359 2174; x_wconf 79' lang='grc' dir='ltr'>μὲν</span> <span class='ocrx_word' id='word_1_392' title='bbox 2382 2106 2481 2159; x_wconf 73' lang='grc' dir='ltr'><strong>οὐκ</strong></span> <span class='ocrx_word' id='word_1_393' title='bbox 2511 2103 2580 2177; x_wconf 77' lang='grc' dir='ltr'>ἦν</span> <span class='ocrx_word' id='word_1_394' title='bbox 2604 2108 2665 2161; x_wconf 77' lang='grc' dir='ltr'>τὸ</span> <span class='ocrx_word' id='word_1_395' title='bbox 2693 2093 3022 2175; x_wconf 80' lang='grc' dir='ltr'>Εὐαγγέλιόν</span> <span class='ocrx_word' id='word_1_396' title='bbox 3045 2108 3273 2173; x_wconf 84' lang='grc' dir='ltr'>δίκαιον,</span> <span class='ocrx_word' id='word_1_397' title='bbox 3294 2107 3384 2160; x_wconf 71' lang='grc' dir='ltr'>καὶ</span> <span class='ocrx_word' id='word_1_398' title='bbox 3416 2107 3570 2173; x_wconf 82' lang='grc' dir='ltr'>ᾶγιον,</span> 
     </span>
    </p>
   </div>
   <div class='ocr_carea' id='block_1_54' title="bbox 2035 2197 3574 2270">
    <p class='ocr_par' dir='ltr' id='par_1_54' title="bbox 2035 2197 3574 2270">
     <span class='ocr_line' id='line_1_54' title="bbox 2035 2197 3574 2270; baseline -0.001 -19"><span class='ocrx_word' id='word_1_399' title='bbox 2035 2199 2128 2252; x_wconf 81' lang='grc' dir='ltr'><strong>καὶ</strong></span> <span class='ocrx_word' id='word_1_400' title='bbox 2182 2197 2379 2268; x_wconf 76' lang='grc' dir='ltr'>ὀρθὸν,</span> <span class='ocrx_word' id='word_1_401' title='bbox 2420 2200 2644 2263; x_wconf 75' lang='grc' dir='ltr'>δικαίως</span> <span class='ocrx_word' id='word_1_402' title='bbox 2686 2201 2780 2254; x_wconf 66' lang='grc' dir='ltr'><strong>καλ⁸</strong></span> <span class='ocrx_word' id='word_1_403' title='bbox 2824 2201 3143 2270; x_wconf 75' lang='grc' dir='ltr'>πρεπόντως</span> <span class='ocrx_word' id='word_1_404' title='bbox 3200 2200 3574 2270; x_wconf 71' lang='grc' dir='ltr'>ἔμελλενὲλθεῑν</span> 
     </span>
    </p>
   </div>
   <div class='ocr_carea' id='block_1_55' title="bbox 2034 2290 3577 2363">
    <p class='ocr_par' dir='ltr' id='par_1_55' title="bbox 2034 2290 3577 2363">
     <span class='ocr_line' id='line_1_55' title="bbox 2034 2290 3577 2363; baseline 0 -21"><span class='ocrx_word' id='word_1_405' title='bbox 2034 2290 2354 2359; x_wconf 82' lang='grc' dir='ltr'>νομοθέτης,</span> <span class='ocrx_word' id='word_1_406' title='bbox 2373 2291 2429 2355; x_wconf 78' lang='grc' dir='ltr'>ὃς</span> <span class='ocrx_word' id='word_1_407' title='bbox 2448 2291 2647 2357; x_wconf 78' lang='grc' dir='ltr'>διδάξει</span> <span class='ocrx_word' id='word_1_408' title='bbox 2667 2294 2763 2363; x_wconf 78' lang='grc' dir='ltr'><strong>τὴν</strong></span> <span class='ocrx_word' id='word_1_409' title='bbox 2781 2293 3041 2363; x_wconf 72' lang='grc' dir='ltr'>ἀλήθειαν</span> <span class='ocrx_word' id='word_1_410' title='bbox 3062 2295 3174 2355; x_wconf 82' lang='grc' dir='ltr'>τοῖς</span> <span class='ocrx_word' id='word_1_411' title='bbox 3196 2291 3482 2361; x_wconf 83' lang='grc' dir='ltr'>ἀνθρώποις</span> <span class='ocrx_word' id='word_1_412' title='bbox 3496 2292 3577 2343; x_wconf 67' lang='grc' dir='ltr'>καὶ</span> 
     </span>
    </p>
   </div>
   <div class='ocr_carea' id='block_1_56' title="bbox 2032 2378 3575 2462">
    <p class='ocr_par' dir='ltr' id='par_1_56' title="bbox 2032 2378 3575 2462">
     <span class='ocr_line' id='line_1_56' title="bbox 2032 2378 3575 2462; baseline -0.001 -29"><span class='ocrx_word' id='word_1_413' title='bbox 2032 2381 2415 2462; x_wconf 65' lang='grc' dir='ltr'><strong>διιιοειοσὺνην⁸</strong></span> <span class='ocrx_word' id='word_1_414' title='bbox 2458 2382 2597 2434; x_wconf 72' lang='grc' dir='ltr'>είδὲ</span> <span class='ocrx_word' id='word_1_415' title='bbox 2632 2381 2840 2436; x_wconf 86' lang='grc' dir='ltr'>δίκαιον</span> <span class='ocrx_word' id='word_1_416' title='bbox 2882 2384 2975 2435; x_wconf 72' lang='grc' dir='ltr'>καὶ</span> <span class='ocrx_word' id='word_1_417' title='bbox 3017 2383 3177 2450; x_wconf 80' lang='grc' dir='ltr'>ἆγιον</span> <span class='ocrx_word' id='word_1_418' title='bbox 3215 2378 3491 2453; x_wconf 74' lang='grc' dir='ltr'>ἦν,ἀτελὲ;</span> <span class='ocrx_word' id='word_1_419' title='bbox 3528 2381 3575 2432; x_wconf 75' lang='grc' dir='ltr'>δὲ</span> 
     </span>
    </p>
   </div>
   <div class='ocr_carea' id='block_1_57' title="bbox 2033 2472 3576 2545">
    <p class='ocr_par' dir='ltr' id='par_1_57' title="bbox 2033 2472 3576 2545">
     <span class='ocr_line' id='line_1_57' title="bbox 2033 2472 3576 2545; baseline -0.003 -18"><span class='ocrx_word' id='word_1_420' title='bbox 2033 2474 2205 2542; x_wconf 84' lang='grc' dir='ltr'>ὅμως,</span> <span class='ocrx_word' id='word_1_421' title='bbox 2225 2476 2321 2528; x_wconf 71' lang='grc' dir='ltr'><strong>καὶ</strong></span> <span class='ocrx_word' id='word_1_422' title='bbox 2339 2472 2484 2526; x_wconf 78' lang='grc' dir='ltr'>οὕτω</span> <span class='ocrx_word' id='word_1_423' title='bbox 2508 2473 2668 2527; x_wconf 85' lang='grc' dir='ltr'>πάλιν</span> <span class='ocrx_word' id='word_1_424' title='bbox 2690 2474 2750 2527; x_wconf 77' lang='grc' dir='ltr'><strong>τὸ</strong></span> <span class='ocrx_word' id='word_1_425' title='bbox 2791 2475 2925 2528; x_wconf 77' lang='grc' dir='ltr'>αὑτδ</span> <span class='ocrx_word' id='word_1_426' title='bbox 2944 2472 3012 2545; x_wconf 83' lang='grc' dir='ltr'>ἦν</span> <span class='ocrx_word' id='word_1_427' title='bbox 3033 2476 3241 2529; x_wconf 85' lang='grc' dir='ltr'>δίκαιον</span> <span class='ocrx_word' id='word_1_428' title='bbox 3260 2478 3352 2529; x_wconf 69' lang='grc' dir='ltr'>καὶ</span> <span class='ocrx_word' id='word_1_429' title='bbox 3371 2474 3576 2544; x_wconf 79' lang='grc' dir='ltr'>πρέπον,</span> 
     </span>
    </p>
   </div>
   <div class='ocr_carea' id='block_1_58' title="bbox 2036 2563 3577 2639">
    <p class='ocr_par' dir='ltr' id='par_1_58' title="bbox 2036 2563 3577 2639">
     <span class='ocr_line' id='line_1_58' title="bbox 2036 2563 3577 2639; baseline -0.003 -19"><span class='ocrx_word' id='word_1_430' title='bbox 2036 2566 2123 2620; x_wconf 81' lang='grc' dir='ltr'>ἵνα</span> <span class='ocrx_word' id='word_1_431' title='bbox 2145 2565 2313 2619; x_wconf 71' lang='grc' dir='ltr'>ἐλθὼν</span> <span class='ocrx_word' id='word_1_432' title='bbox 2337 2566 2658 2637; x_wconf 82' lang='grc' dir='ltr'>νομοθέτης,</span> <span class='ocrx_word' id='word_1_433' title='bbox 2696 2566 3071 2639; x_wconf 77' lang='grc' dir='ltr'>ἀναπληρώσῃ</span> <span class='ocrx_word' id='word_1_434' title='bbox 3105 2568 3165 2622; x_wconf 77' lang='grc' dir='ltr'><strong>τὸ</strong></span> <span class='ocrx_word' id='word_1_435' title='bbox 3186 2568 3461 2636; x_wconf 80' lang='grc' dir='ltr'>ὑστέρημα</span> <span class='ocrx_word' id='word_1_436' title='bbox 3496 2563 3577 2616; x_wconf 79' lang='grc' dir='ltr'><strong>τοῦ</strong></span> 
     </span>
    </p>
   </div>
   <div class='ocr_carea' id='block_1_59' title="bbox 2033 2657 3579 2727">
    <p class='ocr_par' dir='ltr' id='par_1_59' title="bbox 2033 2657 3579 2727">
     <span class='ocr_line' id='line_1_59' title="bbox 2033 2657 3579 2727; baseline -0.005 -14"><span class='ocrx_word' id='word_1_437' title='bbox 2033 2657 2390 2727; x_wconf 85' lang='grc' dir='ltr'>Εὐαγγελίου.</span> <span class='ocrx_word' id='word_1_438' title='bbox 2422 2658 2582 2711; x_wconf 76' lang='grc' dir='ltr'>Ἐπεὶ</span> <span class='ocrx_word' id='word_1_439' title='bbox 2600 2659 2658 2711; x_wconf 82' lang='grc' dir='ltr'>δὲ</span> <span class='ocrx_word' id='word_1_440' title='bbox 2678 2659 2832 2727; x_wconf 84' lang='grc' dir='ltr'>ἆγιον</span> <span class='ocrx_word' id='word_1_441' title='bbox 2849 2661 2943 2713; x_wconf 75' lang='grc' dir='ltr'><strong>καὶ</strong></span> <span class='ocrx_word' id='word_1_442' title='bbox 2958 2659 3169 2713; x_wconf 87' lang='grc' dir='ltr'>δίκαιον</span> <span class='ocrx_word' id='word_1_443' title='bbox 3184 2659 3275 2712; x_wconf 77' lang='grc' dir='ltr'>καὶ</span> <span class='ocrx_word' id='word_1_444' title='bbox 3291 2658 3480 2711; x_wconf 82' lang='grc' dir='ltr'>τέλειον</span> <span class='ocrx_word' id='word_1_445' title='bbox 3499 2659 3579 2708; x_wconf 76' lang='grc' dir='ltr'><strong>καὶ</strong></span> 
     </span>
    </p>
   </div>
   <div class='ocr_carea' id='block_1_60' title="bbox 2034 2749 3580 2823">
    <p class='ocr_par' dir='ltr' id='par_1_60' title="bbox 2034 2749 3580 2823">
     <span class='ocr_line' id='line_1_60' title="bbox 2034 2749 3580 2823; baseline -0.001 -20"><span class='ocrx_word' id='word_1_446' title='bbox 2034 2750 2193 2819; x_wconf 77' lang='grc' dir='ltr'>ὀρθὸν</span> <span class='ocrx_word' id='word_1_447' title='bbox 2227 2751 2323 2804; x_wconf 58' lang='grc' dir='ltr'><strong>κα)¹</strong></span> <span class='ocrx_word' id='word_1_448' title='bbox 2350 2749 2574 2817; x_wconf 88' lang='grc' dir='ltr'>λέγεται</span> <span class='ocrx_word' id='word_1_449' title='bbox 2602 2751 2696 2803; x_wconf 79' lang='grc' dir='ltr'>καὶ</span> <span class='ocrx_word' id='word_1_450' title='bbox 2722 2750 2859 2816; x_wconf 75' lang='grc' dir='ltr'>ἔστι,</span> <span class='ocrx_word' id='word_1_451' title='bbox 2894 2754 3172 2823; x_wconf 87' lang='grc' dir='ltr'>μαρτυρεῖ</span> <span class='ocrx_word' id='word_1_452' title='bbox 3200 2752 3257 2806; x_wconf 81' lang='grc' dir='ltr'>δὲ</span> <span class='ocrx_word' id='word_1_453' title='bbox 3285 2754 3373 2806; x_wconf 74' lang='grc' dir='ltr'>καὶ</span> <span class='ocrx_word' id='word_1_454' title='bbox 3394 2750 3580 2805; x_wconf 69' lang='grc' dir='ltr'><strong>ὁΜωέ-</strong></span> 
     </span>
    </p>
   </div>
   <div class='ocr_carea' id='block_1_61' title="bbox 2037 2837 3580 2909">
    <p class='ocr_par' dir='ltr' id='par_1_61' title="bbox 2037 2837 3580 2909">
     <span class='ocr_line' id='line_1_61' title="bbox 2037 2837 3580 2909; baseline -0.001 -18"><span class='ocrx_word' id='word_1_455' title='bbox 2037 2839 2141 2908; x_wconf 86' lang='grc' dir='ltr'><strong>μεθ</strong></span> <span class='ocrx_word' id='word_1_456' title='bbox 2184 2839 2315 2909; x_wconf 73' lang='grc' dir='ltr'>περὶ</span> <span class='ocrx_word' id='word_1_457' title='bbox 2353 2838 2545 2903; x_wconf 80' lang='grc' dir='ltr'>αὐτοῦ,</span> <span class='ocrx_word' id='word_1_458' title='bbox 2581 2839 2678 2892; x_wconf 82' lang='grc' dir='ltr'>καὶ</span> <span class='ocrx_word' id='word_1_459' title='bbox 2730 2839 3003 2909; x_wconf 75' lang='grc' dir='ltr'>ὁμολογεῖ,</span> <span class='ocrx_word' id='word_1_460' title='bbox 3065 2841 3162 2895; x_wconf 78' lang='grc' dir='ltr'><strong>καὶ</strong></span> <span class='ocrx_word' id='word_1_461' title='bbox 3212 2840 3359 2908; x_wconf 82' lang='grc' dir='ltr'>λέγει</span> <span class='ocrx_word' id='word_1_462' title='bbox 3412 2839 3486 2892; x_wconf 82' lang='grc' dir='ltr'><strong>ὅτι</strong></span> <span class='ocrx_word' id='word_1_463' title='bbox 3516 2837 3580 2890; x_wconf 83' lang='grc' dir='ltr'><strong>Τδ</strong></span> 
     </span>
    </p>
   </div>
   <div class='ocr_carea' id='block_1_62' title="bbox 2034 2930 3581 3003">
    <p class='ocr_par' dir='ltr' id='par_1_62' title="bbox 2034 2930 3581 3003">
     <span class='ocr_line' id='line_1_62' title="bbox 2034 2930 3581 3003; baseline -0.001 -19"><span class='ocrx_word' id='word_1_464' title='bbox 2034 2930 2372 2999; x_wconf 82' lang='grc' dir='ltr'>Εὐαγγέλιον</span> <span class='ocrx_word' id='word_1_465' title='bbox 2397 2931 2507 2986; x_wconf 78' lang='grc' dir='ltr'><strong>ἀπὸ</strong></span> <span class='ocrx_word' id='word_1_466' title='bbox 2527 2930 2664 2985; x_wconf 82' lang='grc' dir='ltr'>Θεοῦ</span> <span class='ocrx_word' id='word_1_467' title='bbox 2696 2934 2813 2985; x_wconf 79' lang='grc' dir='ltr'>ἐστι</span> <span class='ocrx_word' id='word_1_468' title='bbox 2836 2932 3151 3003; x_wconf 73' lang='grc' dir='ltr'>δεδομένον,</span> <span class='ocrx_word' id='word_1_469' title='bbox 3180 2932 3276 2987; x_wconf 73' lang='grc' dir='ltr'><strong>καὶ</strong></span> <span class='ocrx_word' id='word_1_470' title='bbox 3305 2932 3470 3000; x_wconf 76' lang='grc' dir='ltr'>ἅγιον,</span> <span class='ocrx_word' id='word_1_471' title='bbox 3498 2932 3581 2983; x_wconf 78' lang='grc' dir='ltr'>καὶ</span> 
     </span>
    </p>
   </div>
   <div class='ocr_carea' id='block_1_63' title="bbox 2030 3021 3579 3094">
    <p class='ocr_par' dir='ltr' id='par_1_63' title="bbox 2030 3021 3579 3094">
     <span class='ocr_line' id='line_1_63' title="bbox 2030 3021 3579 3094; baseline 0.001 -20"><span class='ocrx_word' id='word_1_472' title='bbox 2030 3021 2262 3092; x_wconf 82' lang='grc' dir='ltr'>πλῆρες,</span> <span class='ocrx_word' id='word_1_473' title='bbox 2317 3023 2411 3075; x_wconf 71' lang='grc' dir='ltr'>καὶ</span> <span class='ocrx_word' id='word_1_474' title='bbox 2468 3022 2649 3088; x_wconf 77' lang='grc' dir='ltr'>εὒθὲς,</span> <span class='ocrx_word' id='word_1_475' title='bbox 2683 3021 2768 3086; x_wconf 90' lang='grc' dir='ltr'><strong>τίς</strong></span> <span class='ocrx_word' id='word_1_476' title='bbox 2824 3023 2987 3093; x_wconf 83' lang='grc' dir='ltr'>χρεία</span> <span class='ocrx_word' id='word_1_477' title='bbox 3028 3025 3221 3090; x_wconf 78' lang='grc' dir='ltr'>ἐτέρου</span> <span class='ocrx_word' id='word_1_478' title='bbox 3277 3022 3579 3094; x_wconf 78' lang='grc' dir='ltr'>νομοθέτους</span> 
     </span>
    </p>
   </div>
   <div class='ocr_carea' id='block_1_64' title="bbox 347 3114 3584 3191">
    <p class='ocr_par' dir='ltr' id='par_1_64' title="bbox 347 3114 3584 3191">
     <span class='ocr_line' id='line_1_64' title="bbox 347 3114 3584 3191; baseline -0.001 -19"><span class='ocrx_word' id='word_1_479' title='bbox 347 3122 569 3184; x_wconf 79' lang='grc' dir='ltr'>Πάντως</span> <span class='ocrx_word' id='word_1_480' title='bbox 589 3119 679 3174; x_wconf 62' lang='grc' dir='ltr'><strong>οὑξ</strong></span> <span class='ocrx_word' id='word_1_481' title='bbox 717 3120 833 3191; x_wconf 86' lang='grc' dir='ltr'>μία.</span> <span class='ocrx_word' id='word_1_482' title='bbox 884 3118 995 3173; x_wconf 77' lang='grc' dir='ltr'><strong>Καὶ</strong></span> <span class='ocrx_word' id='word_1_483' title='bbox 1022 3117 1207 3171; x_wconf 81' lang='grc' dir='ltr'>λοιπὸν</span> <span class='ocrx_word' id='word_1_484' title='bbox 1234 3117 1458 3185; x_wconf 76' lang='grc' dir='ltr'>ἄκαιρος</span> <span class='ocrx_word' id='word_1_485' title='bbox 1488 3115 1581 3170; x_wconf 74' lang='grc' dir='ltr'>καὶ</span> <span class='ocrx_word' id='word_1_486' title='bbox 1611 3114 1885 3185; x_wconf 76' lang='grc' dir='ltr'>ἄχρηστος</span> <span class='ocrx_word' id='word_1_487' title='bbox 1922 3116 1955 3185; x_wconf 77' lang='grc' dir='ltr'>ἡ</span> <span class='ocrx_word' id='word_1_488' title='bbox 2006 3115 2102 3168; x_wconf 76' lang='grc' dir='ltr'>τοῦ</span> <span class='ocrx_word' id='word_1_489' title='bbox 2127 3114 2370 3187; x_wconf 75' lang='grc' dir='ltr'>Μωάμεθ</span> <span class='ocrx_word' id='word_1_490' title='bbox 2411 3116 2725 3184; x_wconf 85' lang='grc' dir='ltr'>νομοθεσία.</span> <span class='ocrx_word' id='word_1_491' title='bbox 2751 3115 2858 3170; x_wconf 83' lang='grc' dir='ltr'><strong>Τοῦ</strong></span> <span class='ocrx_word' id='word_1_492' title='bbox 2880 3116 2991 3187; x_wconf 79' lang='grc' dir='ltr'>γὰρ</span> <span class='ocrx_word' id='word_1_493' title='bbox 3015 3116 3185 3188; x_wconf 81' lang='grc' dir='ltr'>ὀρθοῦ</span> <span class='ocrx_word' id='word_1_494' title='bbox 3240 3116 3377 3171; x_wconf 84' lang='grc' dir='ltr'><strong>κατά</strong></span> <span class='ocrx_word' id='word_1_495' title='bbox 3426 3115 3584 3170; x_wconf 75' lang='grc' dir='ltr'>πάντα</span> 
     </span>
    </p>
   </div>
   <div class='ocr_carea' id='block_1_65' title="bbox 346 3208 3045 3289">
    <p class='ocr_par' dir='ltr' id='par_1_65' title="bbox 346 3208 3045 3289">
     <span class='ocr_line' id='line_1_65' title="bbox 346 3208 3045 3289; baseline -0.001 -19"><span class='ocrx_word' id='word_1_496' title='bbox 346 3217 498 3271; x_wconf 78' lang='grc' dir='ltr'>οὐδὲν</span> <span class='ocrx_word' id='word_1_497' title='bbox 524 3217 831 3289; x_wconf 85' lang='grc' dir='ltr'>ὀρθότερον,</span> <span class='ocrx_word' id='word_1_498' title='bbox 858 3213 953 3266; x_wconf 75' lang='grc' dir='ltr'><strong>καὶ</strong></span> <span class='ocrx_word' id='word_1_499' title='bbox 985 3211 1079 3265; x_wconf 81' lang='grc' dir='ltr'><strong>τοῦ</strong></span> <span class='ocrx_word' id='word_1_500' title='bbox 1117 3210 1327 3265; x_wconf 84' lang='grc' dir='ltr'>τελείου</span> <span class='ocrx_word' id='word_1_501' title='bbox 1357 3211 1509 3265; x_wconf 78' lang='grc' dir='ltr'>οὐδὲν</span> <span class='ocrx_word' id='word_1_502' title='bbox 1547 3212 1894 3279; x_wconf 79' lang='grc' dir='ltr'>τελεώτερον,</span> <span class='ocrx_word' id='word_1_503' title='bbox 1929 3209 2025 3264; x_wconf 77' lang='grc' dir='ltr'>καὶ</span> <span class='ocrx_word' id='word_1_504' title='bbox 2051 3208 2154 3280; x_wconf 80' lang='grc' dir='ltr'>τῆς</span> <span class='ocrx_word' id='word_1_505' title='bbox 2183 3210 2446 3280; x_wconf 80' lang='grc' dir='ltr'>ἀληθείας</span> <span class='ocrx_word' id='word_1_506' title='bbox 2472 3210 2625 3266; x_wconf 83' lang='grc' dir='ltr'>οὐδὲν</span> <span class='ocrx_word' id='word_1_507' title='bbox 2657 3213 3045 3286; x_wconf 80' lang='grc' dir='ltr'>ἀληθέστερον.</span> 
     </span>
    </p>
   </div>
   <div class='ocr_carea' id='block_1_66' title="bbox 419 3306 1927 3378">
    <p class='ocr_par' dir='ltr' id='par_1_66' title="bbox 419 3306 1927 3378">
     <span class='ocr_line' id='line_1_66' title="bbox 419 3306 1927 3378; baseline -0.005 -11"><span class='ocrx_word' id='word_1_508' title='bbox 419 3312 471 3367; x_wconf 87' lang='lat'><strong>5.</strong></span> <span class='ocrx_word' id='word_1_509' title='bbox 514 3312 906 3367; x_wconf 84' lang='lat' dir='ltr'><strong>Verumtamen</strong></span> <span class='ocrx_word' id='word_1_510' title='bbox 953 3308 1219 3365; x_wconf 89' lang='lat' dir='ltr'><strong>discussis</strong></span> <span class='ocrx_word' id='word_1_511' title='bbox 1266 3306 1516 3377; x_wconf 72' lang='lat' dir='ltr'><strong>singulis,</strong></span> <span class='ocrx_word' id='word_1_512' title='bbox 1558 3307 1927 3378; x_wconf 86' lang='lat' dir='ltr'><strong>inspiciamus</strong></span> 
     </span>
    </p>
   </div>
   <div class='ocr_carea' id='block_1_67' title="bbox 350 3399 1925 3473">
    <p class='ocr_par' dir='ltr' id='par_1_67' title="bbox 350 3399 1925 3473">
     <span class='ocr_line' id='line_1_67' title="bbox 350 3399 1925 3473; baseline -0.001 -16"><span class='ocrx_word' id='word_1_513' title='bbox 350 3402 613 3471; x_wconf 78' lang='lat' dir='ltr'><strong>quidnam</strong></span> <span class='ocrx_word' id='word_1_514' title='bbox 669 3402 1001 3473; x_wconf 87' lang='lat' dir='ltr'><strong>legislatoris</strong></span> <span class='ocrx_word' id='word_1_515' title='bbox 1050 3400 1327 3456; x_wconf 83' lang='lat' dir='ltr'><strong>Mahomet</strong></span> <span class='ocrx_word' id='word_1_516' title='bbox 1360 3399 1526 3455; x_wconf 88' lang='lat' dir='ltr'><strong>verba</strong></span> <span class='ocrx_word' id='word_1_517' title='bbox 1574 3399 1677 3456; x_wconf 87' lang='lat' dir='ltr'><strong>sibi</strong></span> <span class='ocrx_word' id='word_1_518' title='bbox 1729 3400 1925 3457; x_wconf 84' lang='lat' dir='ltr'><strong>velint.</strong></span> 
     </span>
    </p>
   </div>
   <div class='ocr_carea' id='block_1_68' title="bbox 344 3493 1931 3566">
    <p class='ocr_par' dir='ltr' id='par_1_68' title="bbox 344 3493 1931 3566">
     <span class='ocr_line' id='line_1_68' title="bbox 344 3493 1931 3566; baseline -0.003 -14"><span class='ocrx_word' id='word_1_519' title='bbox 344 3497 465 3552; x_wconf 73' lang='lat' dir='ltr'><strong>Non</strong></span> <span class='ocrx_word' id='word_1_520' title='bbox 502 3496 650 3551; x_wconf 87' lang='lat' dir='ltr'><strong>aliud</strong></span> <span class='ocrx_word' id='word_1_521' title='bbox 694 3496 917 3566; x_wconf 88' lang='lat' dir='ltr'><strong>quidem</strong></span> <span class='ocrx_word' id='word_1_522' title='bbox 953 3505 1125 3564; x_wconf 85' lang='lat' dir='ltr'><strong>certe,</strong></span> <span class='ocrx_word' id='word_1_523' title='bbox 1170 3509 1337 3566; x_wconf 90' lang='lat' dir='ltr'><strong>quam</strong></span> <span class='ocrx_word' id='word_1_524' title='bbox 1388 3508 1515 3550; x_wconf 90' lang='lat' dir='ltr'><strong>cum</strong></span> <span class='ocrx_word' id='word_1_525' title='bbox 1571 3508 1630 3547; x_wconf 89' lang='lat' dir='ltr'><strong>se</strong></span> <span class='ocrx_word' id='word_1_526' title='bbox 1678 3493 1746 3548; x_wconf 91' lang='lat' dir='ltr'><strong>ab</strong></span> <span class='ocrx_word' id='word_1_527' title='bbox 1778 3493 1931 3548; x_wconf 90' lang='lat' dir='ltr'><strong>omni</strong></span> 
     </span>
    </p>
   </div>
   <div class='ocr_carea' id='block_1_69' title="bbox 352 3583 1928 3657">
    <p class='ocr_par' dir='ltr' id='par_1_69' title="bbox 352 3583 1928 3657">
     <span class='ocr_line' id='line_1_69' title="bbox 352 3583 1928 3657; baseline -0.004 -15"><span class='ocrx_word' id='word_1_528' title='bbox 352 3588 745 3649; x_wconf 82' lang='lat' dir='ltr'><strong>miraculorum</strong></span> <span class='ocrx_word' id='word_1_529' title='bbox 776 3588 984 3651; x_wconf 87' lang='lat' dir='ltr'><strong>virtute</strong></span> <span class='ocrx_word' id='word_1_530' title='bbox 1037 3595 1095 3642; x_wconf 91' lang='lat' dir='ltr'><strong>et</strong></span> <span class='ocrx_word' id='word_1_531' title='bbox 1144 3584 1472 3657; x_wconf 62' lang='lat' dir='ltr'><strong>paenitentia</strong></span> <span class='ocrx_word' id='word_1_532' title='bbox 1524 3583 1928 3640; x_wconf 90' lang='lat' dir='ltr'><strong>alienissimum</strong></span> 
     </span>
    </p>
   </div>
   <div class='ocr_carea' id='block_1_70' title="bbox 353 3676 1929 3753">
    <p class='ocr_par' dir='ltr' id='par_1_70' title="bbox 353 3676 1929 3753">
     <span class='ocr_line' id='line_1_70' title="bbox 353 3676 1929 3753; baseline -0.004 -16"><span class='ocrx_word' id='word_1_533' title='bbox 353 3696 476 3744; x_wconf 87' lang='lat' dir='ltr'><strong>esse</strong></span> <span class='ocrx_word' id='word_1_534' title='bbox 521 3681 888 3753; x_wconf 83' lang='lat' dir='ltr'><strong>intelligeret,</strong></span> <span class='ocrx_word' id='word_1_535' title='bbox 945 3696 1107 3736; x_wconf 89' lang='lat' dir='ltr'><strong>suam</strong></span> <span class='ocrx_word' id='word_1_536' title='bbox 1176 3680 1351 3749; x_wconf 89' lang='lat' dir='ltr'><strong>ipsius</strong></span> <span class='ocrx_word' id='word_1_537' title='bbox 1410 3677 1688 3733; x_wconf 87' lang='lat' dir='ltr'><strong>occultare</strong></span> <span class='ocrx_word' id='word_1_538' title='bbox 1738 3676 1929 3731; x_wconf 88' lang='lat' dir='ltr'><strong>volens</strong></span> 
     </span>
    </p>
   </div>
   <div class='ocr_carea' id='block_1_71' title="bbox 356 3766 1928 3840">
    <p class='ocr_par' dir='ltr' id='par_1_71' title="bbox 356 3766 1928 3840">
     <span class='ocr_line' id='line_1_71' title="bbox 356 3766 1928 3840; baseline -0.003 -13"><span class='ocrx_word' id='word_1_539' title='bbox 356 3772 807 3839; x_wconf 83' lang='lat' dir='ltr'><strong>imbecillitatem,</strong></span> <span class='ocrx_word' id='word_1_540' title='bbox 851 3772 1107 3829; x_wconf 15' lang='lat' dir='ltr'><strong>neeforte</strong></span> <span class='ocrx_word' id='word_1_541' title='bbox 1151 3768 1446 3840; x_wconf 87' lang='lat' dir='ltr'><strong>aliquando</strong></span> <span class='ocrx_word' id='word_1_542' title='bbox 1492 3767 1562 3823; x_wconf 85' lang='lat' dir='ltr'><strong>ab</strong></span> <span class='ocrx_word' id='word_1_543' title='bbox 1608 3766 1928 3823; x_wconf 88' lang='lat' dir='ltr'><strong>hominibus</strong></span> 
     </span>
    </p>
   </div>
   <div class='ocr_carea' id='block_1_72' title="bbox 294 3857 1922 3928">
    <p class='ocr_par' dir='ltr' id='par_1_72' title="bbox 294 3857 1922 3928">
     <span class='ocr_line' id='line_1_72' title="bbox 294 3857 1922 3928; baseline -0.003 -11"><span class='ocrx_word' id='word_1_544' title='bbox 294 3858 297 3861; x_wconf 55' lang='grc'><strong>⁷</strong></span> <span class='ocrx_word' id='word_1_545' title='bbox 352 3863 846 3927; x_wconf 79' lang='lat' dir='ltr'><strong>condemnaretur,</strong></span> <span class='ocrx_word' id='word_1_546' title='bbox 878 3860 1019 3915; x_wconf 78' lang='lat' dir='ltr'><strong>dixit</strong></span> <span class='ocrx_word' id='word_1_547' title='bbox 1070 3875 1087 3914; x_wconf 88' lang='lat'><strong>:</strong></span> <span class='ocrx_word' id='word_1_548' title='bbox 1148 3858 1264 3914; x_wconf 80' lang='lat' dir='ltr'><strong>Non</strong></span> <span class='ocrx_word' id='word_1_549' title='bbox 1299 3858 1423 3914; x_wconf 85' lang='lat' dir='ltr'><strong>veni</strong></span> <span class='ocrx_word' id='word_1_550' title='bbox 1472 3858 1703 3913; x_wconf 87' lang='lat' dir='ltr'><strong>daturus</strong></span> <span class='ocrx_word' id='word_1_551' title='bbox 1746 3857 1922 3928; x_wconf 88' lang='lat' dir='ltr'><strong>legem</strong></span> 
     </span>
    </p>
   </div>
   <div class='ocr_carea' id='block_1_73' title="bbox 349 3946 1921 4021">
    <p class='ocr_par' dir='ltr' id='par_1_73' title="bbox 349 3946 1921 4021">
     <span class='ocr_line' id='line_1_73' title="bbox 349 3946 1921 4021; baseline -0.001 -19"><span class='ocrx_word' id='word_1_552' title='bbox 349 3966 449 4021; x_wconf 73' lang='lat' dir='ltr'><strong>per</strong></span> <span class='ocrx_word' id='word_1_553' title='bbox 481 3950 763 4014; x_wconf 81' lang='lat' dir='ltr'><strong>miracula,</strong></span> <span class='ocrx_word' id='word_1_554' title='bbox 824 3950 918 4006; x_wconf 89' lang='lat' dir='ltr'><strong>sed</strong></span> <span class='ocrx_word' id='word_1_555' title='bbox 975 3963 1074 4019; x_wconf 89' lang='lat' dir='ltr'><strong>per</strong></span> <span class='ocrx_word' id='word_1_556' title='bbox 1100 3963 1288 4004; x_wconf 89' lang='lat' dir='ltr'><strong>ensem</strong></span> <span class='ocrx_word' id='word_1_557' title='bbox 1319 3959 1373 4004; x_wconf 90' lang='lat' dir='ltr'><strong>et</strong></span> <span class='ocrx_word' id='word_1_558' title='bbox 1401 3946 1639 4018; x_wconf 88' lang='lat' dir='ltr'><strong>gladium</strong></span> <span class='ocrx_word' id='word_1_559' title='bbox 1668 3964 1682 4012; x_wconf 90' lang='lat'><strong>;</strong></span> <span class='ocrx_word' id='word_1_560' title='bbox 1727 3962 1921 4017; x_wconf 82' lang='lat' dir='ltr'><strong>quem-</strong></span> 
     </span>
    </p>
   </div>
   <div class='ocr_carea' id='block_1_74' title="bbox 348 4035 1925 4107">
    <p class='ocr_par' dir='ltr' id='par_1_74' title="bbox 348 4035 1925 4107">
     <span class='ocr_line' id='line_1_74' title="bbox 348 4035 1925 4107; baseline 0.001 -16"><span class='ocrx_word' id='word_1_561' title='bbox 348 4038 642 4093; x_wconf 81' lang='lat' dir='ltr'><strong>admolum</strong></span> <span class='ocrx_word' id='word_1_562' title='bbox 688 4037 853 4092; x_wconf 75' lang='lat' dir='ltr'><strong>etiam</strong></span> <span class='ocrx_word' id='word_1_563' title='bbox 907 4036 963 4092; x_wconf 91' lang='lat' dir='ltr'><strong>in</strong></span> <span class='ocrx_word' id='word_1_564' title='bbox 1013 4036 1147 4107; x_wconf 92' lang='lat' dir='ltr'><strong>ipsis</strong></span> <span class='ocrx_word' id='word_1_565' title='bbox 1174 4036 1310 4107; x_wconf 85' lang='lat' dir='ltr'><strong>legis</strong></span> <span class='ocrx_word' id='word_1_566' title='bbox 1340 4052 1453 4093; x_wconf 87' lang='lat' dir='ltr'><strong>suae</strong></span> <span class='ocrx_word' id='word_1_567' title='bbox 1484 4035 1925 4106; x_wconf 78' lang='lat' dir='ltr'><strong>expositionibus</strong></span> 
     </span>
    </p>
   </div>
   <div class='ocr_carea' id='block_1_75' title="bbox 349 4125 1925 4198">
    <p class='ocr_par' dir='ltr' id='par_1_75' title="bbox 349 4125 1925 4198">
     <span class='ocr_line' id='line_1_75' title="bbox 349 4125 1925 4198; baseline -0.001 -16"><span class='ocrx_word' id='word_1_568' title='bbox 349 4131 562 4192; x_wconf 81' lang='lat' dir='ltr'><strong>statuit,</strong></span> <span class='ocrx_word' id='word_1_569' title='bbox 596 4146 663 4183; x_wconf 89' lang='lat' dir='ltr'><strong>ne</strong></span> <span class='ocrx_word' id='word_1_570' title='bbox 696 4128 1033 4198; x_wconf 88' lang='lat' dir='ltr'><strong>legislatores</strong></span> <span class='ocrx_word' id='word_1_571' title='bbox 1073 4138 1129 4183; x_wconf 90' lang='lat' dir='ltr'><strong>et</strong></span> <span class='ocrx_word' id='word_1_572' title='bbox 1158 4127 1404 4183; x_wconf 68' lang='lat' dir='ltr'><strong>haeredes</strong></span> <span class='ocrx_word' id='word_1_573' title='bbox 1466 4127 1552 4182; x_wconf 84' lang='lat' dir='ltr'><strong>sui</strong></span> <span class='ocrx_word' id='word_1_574' title='bbox 1595 4129 1741 4182; x_wconf 85' lang='lat' dir='ltr'><strong>eum</strong></span> <span class='ocrx_word' id='word_1_575' title='bbox 1766 4125 1925 4183; x_wconf 80' lang='lat' dir='ltr'><strong>Chri-</strong></span> 
     </span>
    </p>
   </div>
   <div class='ocr_carea' id='block_1_76' title="bbox 349 4216 1923 4291">
    <p class='ocr_par' dir='ltr' id='par_1_76' title="bbox 349 4216 1923 4291">
     <span class='ocr_line' id='line_1_76' title="bbox 349 4216 1923 4291; baseline -0.002 -15"><span class='ocrx_word' id='word_1_576' title='bbox 349 4220 542 4276; x_wconf 80' lang='lat' dir='ltr'><strong>stianis</strong></span> <span class='ocrx_word' id='word_1_577' title='bbox 569 4221 866 4291; x_wconf 90' lang='lat' dir='ltr'><strong>disputent.</strong></span> <span class='ocrx_word' id='word_1_578' title='bbox 887 4220 1042 4288; x_wconf 85' lang='lat' dir='ltr'><strong>Quod</strong></span> <span class='ocrx_word' id='word_1_579' title='bbox 1073 4235 1203 4277; x_wconf 86' lang='lat' dir='ltr'><strong>sane</strong></span> <span class='ocrx_word' id='word_1_580' title='bbox 1232 4234 1343 4275; x_wconf 93' lang='lat' dir='ltr'><strong>non</strong></span> <span class='ocrx_word' id='word_1_581' title='bbox 1362 4218 1469 4274; x_wconf 89' lang='lat' dir='ltr'><strong>alia</strong></span> <span class='ocrx_word' id='word_1_582' title='bbox 1490 4218 1558 4274; x_wconf 90' lang='lat' dir='ltr'><strong>de</strong></span> <span class='ocrx_word' id='word_1_583' title='bbox 1578 4233 1744 4275; x_wconf 88' lang='lat' dir='ltr'><strong>causa</strong></span> <span class='ocrx_word' id='word_1_584' title='bbox 1773 4216 1923 4287; x_wconf 79' lang='lat' dir='ltr'><strong>fecit,</strong></span> 
     </span>
    </p>
   </div>
   <div class='ocr_carea' id='block_1_77' title="bbox 350 4310 2003 4388">
    <p class='ocr_par' dir='ltr' id='par_1_77' title="bbox 350 4310 2003 4388">
     <span class='ocr_line' id='line_1_77' title="bbox 350 4310 2003 4388; baseline 0.001 -24"><span class='ocrx_word' id='word_1_585' title='bbox 350 4327 517 4380; x_wconf 89' lang='lat' dir='ltr'><strong>quam</strong></span> <span class='ocrx_word' id='word_1_586' title='bbox 549 4327 621 4368; x_wconf 90' lang='lat' dir='ltr'><strong>ne</strong></span> <span class='ocrx_word' id='word_1_587' title='bbox 654 4313 871 4374; x_wconf 89' lang='lat' dir='ltr'><strong>illorum</strong></span> <span class='ocrx_word' id='word_1_588' title='bbox 898 4313 1320 4374; x_wconf 85' lang='lat' dir='ltr'><strong>convinceretur</strong></span> <span class='ocrx_word' id='word_1_589' title='bbox 1342 4313 1577 4368; x_wconf 88' lang='lat' dir='ltr'><strong>vanitas.</strong></span> <span class='ocrx_word' id='word_1_590' title='bbox 1604 4310 1739 4371; x_wconf 86' lang='lat' dir='ltr'><strong>illud</strong></span> <span class='ocrx_word' id='word_1_591' title='bbox 1771 4325 1923 4378; x_wconf 89' lang='lat' dir='ltr'><strong>vero,</strong></span> <span class='ocrx_word' id='word_1_592' title='bbox 1959 4328 2003 4388; x_wconf 77' lang='grc' dir='ltr'><strong><em>υ</em></strong></span> 
     </span>
    </p>
   </div>
   <div class='ocr_carea' id='block_1_78' title="bbox 352 4403 1924 4476">
    <p class='ocr_par' dir='ltr' id='par_1_78' title="bbox 352 4403 1924 4476">
     <span class='ocr_line' id='line_1_78' title="bbox 352 4403 1924 4476; baseline 0 -19"><span class='ocrx_word' id='word_1_593' title='bbox 352 4403 499 4471; x_wconf 87' lang='lat' dir='ltr'><strong>quod</strong></span> <span class='ocrx_word' id='word_1_594' title='bbox 545 4406 721 4476; x_wconf 86' lang='lat' dir='ltr'><strong>legem</strong></span> <span class='ocrx_word' id='word_1_595' title='bbox 754 4422 886 4462; x_wconf 84' lang='lat' dir='ltr'><strong>ense</strong></span> <span class='ocrx_word' id='word_1_596' title='bbox 934 4415 991 4462; x_wconf 89' lang='lat' dir='ltr'><strong>et</strong></span> <span class='ocrx_word' id='word_1_597' title='bbox 1027 4405 1209 4476; x_wconf 82' lang='lat' dir='ltr'><strong>gladio</strong></span> <span class='ocrx_word' id='word_1_598' title='bbox 1233 4421 1292 4462; x_wconf 89' lang='lat' dir='ltr'><strong>se</strong></span> <span class='ocrx_word' id='word_1_599' title='bbox 1331 4405 1589 4460; x_wconf 88' lang='lat' dir='ltr'><strong>daturum</strong></span> <span class='ocrx_word' id='word_1_600' title='bbox 1632 4404 1924 4474; x_wconf 85' lang='lat' dir='ltr'><strong>promittit,</strong></span> 
     </span>
    </p>
   </div>
   <div class='ocr_carea' id='block_1_79' title="bbox 350 4495 1929 4569">
    <p class='ocr_par' dir='ltr' id='par_1_79' title="bbox 350 4495 1929 4569">
     <span class='ocr_line' id='line_1_79' title="bbox 350 4495 1929 4569; baseline 0.002 -20"><span class='ocrx_word' id='word_1_601' title='bbox 350 4496 529 4552; x_wconf 68' lang='lat' dir='ltr'><strong>caedes</strong></span> <span class='ocrx_word' id='word_1_602' title='bbox 563 4497 725 4553; x_wconf 88' lang='lat' dir='ltr'><strong>docet</strong></span> <span class='ocrx_word' id='word_1_603' title='bbox 766 4506 825 4553; x_wconf 89' lang='lat' dir='ltr'><strong>et</strong></span> <span class='ocrx_word' id='word_1_604' title='bbox 866 4499 1111 4569; x_wconf 83' lang='lat' dir='ltr'><strong>rapinas.</strong></span> <span class='ocrx_word' id='word_1_605' title='bbox 1145 4498 1212 4553; x_wconf 83' lang='lat' dir='ltr'><strong>Et</strong></span> <span class='ocrx_word' id='word_1_606' title='bbox 1249 4499 1373 4568; x_wconf 87' lang='lat' dir='ltr'><strong>quis</strong></span> <span class='ocrx_word' id='word_1_607' title='bbox 1424 4512 1665 4568; x_wconf 90' lang='lat' dir='ltr'><strong>unquam</strong></span> <span class='ocrx_word' id='word_1_608' title='bbox 1717 4495 1929 4552; x_wconf 88' lang='lat' dir='ltr'><strong>audivit</strong></span> 
     </span>
    </p>
   </div>
   <div class='ocr_carea' id='block_1_80' title="bbox 349 4584 1929 4658">
    <p class='ocr_par' dir='ltr' id='par_1_80' title="bbox 349 4584 1929 4658">
     <span class='ocr_line' id='line_1_80' title="bbox 349 4584 1929 4658; baseline 0.001 -18"><span class='ocrx_word' id='word_1_609' title='bbox 349 4586 589 4658; x_wconf 85' lang='lat' dir='ltr'><strong>aliquem</strong></span> <span class='ocrx_word' id='word_1_610' title='bbox 632 4587 916 4642; x_wconf 90' lang='lat' dir='ltr'><strong>hominum</strong></span> <span class='ocrx_word' id='word_1_611' title='bbox 961 4588 1014 4642; x_wconf 89' lang='lat' dir='ltr'><strong>vi</strong></span> <span class='ocrx_word' id='word_1_612' title='bbox 1066 4596 1318 4643; x_wconf 78' lang='lat' dir='ltr'><strong>coactura</strong></span> <span class='ocrx_word' id='word_1_613' title='bbox 1364 4584 1721 4641; x_wconf 75' lang='lat' dir='ltr'><strong>credidisse?</strong></span> <span class='ocrx_word' id='word_1_614' title='bbox 1763 4584 1929 4642; x_wconf 81' lang='lat' dir='ltr'><strong>Fides</strong></span> 
     </span>
    </p>
   </div>
   <div class='ocr_carea' id='block_1_81' title="bbox 348 4674 1928 4746">
    <p class='ocr_par' dir='ltr' id='par_1_81' title="bbox 348 4674 1928 4746">
     <span class='ocr_line' id='line_1_81' title="bbox 348 4674 1928 4746; baseline 0 -17"><span class='ocrx_word' id='word_1_615' title='bbox 348 4676 549 4731; x_wconf 67' lang='lat' dir='ltr'><strong>animae</strong></span> <span class='ocrx_word' id='word_1_616' title='bbox 597 4688 655 4732; x_wconf 88' lang='lat' dir='ltr'><strong>et</strong></span> <span class='ocrx_word' id='word_1_617' title='bbox 685 4676 889 4731; x_wconf 89' lang='lat' dir='ltr'><strong>mentis</strong></span> <span class='ocrx_word' id='word_1_618' title='bbox 915 4690 1043 4746; x_wconf 82' lang='lat' dir='ltr'><strong>pars</strong></span> <span class='ocrx_word' id='word_1_619' title='bbox 1086 4683 1191 4732; x_wconf 89' lang='lat' dir='ltr'><strong>est.</strong></span> <span class='ocrx_word' id='word_1_620' title='bbox 1226 4675 1291 4731; x_wconf 84' lang='lat' dir='ltr'><strong>Et</strong></span> <span class='ocrx_word' id='word_1_621' title='bbox 1317 4674 1580 4746; x_wconf 88' lang='lat' dir='ltr'><strong>quoniam</strong></span> <span class='ocrx_word' id='word_1_622' title='bbox 1631 4675 1813 4730; x_wconf 86' lang='lat' dir='ltr'><strong>anima</strong></span> <span class='ocrx_word' id='word_1_623' title='bbox 1843 4674 1928 4729; x_wconf 85' lang='lat' dir='ltr'><strong>vel</strong></span> 
     </span>
    </p>
   </div>
   <div class='ocr_carea' id='block_1_82' title="bbox 353 4755 1927 4837">
    <p class='ocr_par' dir='ltr' id='par_1_82' title="bbox 353 4755 1927 4837">
     <span class='ocr_line' id='line_1_82' title="bbox 353 4755 1927 4837; baseline -0.001 -14"><span class='ocrx_word' id='word_1_624' title='bbox 353 4784 511 4824; x_wconf 88' lang='lat' dir='ltr'><strong>mens</strong></span> <span class='ocrx_word' id='word_1_625' title='bbox 546 4755 651 4825; x_wconf 47' lang='lat' dir='ltr'><strong>res.</strong></span> <span class='ocrx_word' id='word_1_626' title='bbox 670 4776 801 4825; x_wconf 90' lang='lat' dir='ltr'><strong>sunt</strong></span> <span class='ocrx_word' id='word_1_627' title='bbox 843 4768 1049 4824; x_wconf 89' lang='lat' dir='ltr'><strong>nullius</strong></span> <span class='ocrx_word' id='word_1_628' title='bbox 1095 4766 1322 4823; x_wconf 87' lang='lat' dir='ltr'><strong>servitio</strong></span> <span class='ocrx_word' id='word_1_629' title='bbox 1367 4766 1653 4836; x_wconf 71' lang='lat' dir='ltr'><strong>subjectae,</strong></span> <span class='ocrx_word' id='word_1_630' title='bbox 1688 4780 1927 4837; x_wconf 86' lang='lat' dir='ltr'><strong>quonam</strong></span> 
     </span>
    </p>
   </div>
   <div class='ocr_carea' id='block_1_83' title="bbox 351 4859 1929 4931">
    <p class='ocr_par' dir='ltr' id='par_1_83' title="bbox 351 4859 1929 4931">
     <span class='ocr_line' id='line_1_83' title="bbox 351 4859 1929 4931; baseline -0.002 -17"><span class='ocrx_word' id='word_1_631' title='bbox 351 4860 518 4917; x_wconf 87' lang='lat' dir='ltr'><strong>modo</strong></span> <span class='ocrx_word' id='word_1_632' title='bbox 574 4861 743 4925; x_wconf 88' lang='lat' dir='ltr'><strong>Deus,</strong></span> <span class='ocrx_word' id='word_1_633' title='bbox 789 4861 883 4931; x_wconf 91' lang='lat' dir='ltr'><strong>qui</strong></span> <span class='ocrx_word' id='word_1_634' title='bbox 931 4859 1030 4915; x_wconf 87' lang='lat' dir='ltr'><strong>has</strong></span> <span class='ocrx_word' id='word_1_635' title='bbox 1077 4859 1282 4914; x_wconf 88' lang='lat' dir='ltr'><strong>liberas</strong></span> <span class='ocrx_word' id='word_1_636' title='bbox 1323 4866 1634 4924; x_wconf 88' lang='lat' dir='ltr'><strong>creaverat,</strong></span> <span class='ocrx_word' id='word_1_637' title='bbox 1670 4867 1929 4928; x_wconf 87' lang='lat' dir='ltr'><strong>tanquam</strong></span> 
     </span>
    </p>
   </div>
   <div class='ocr_carea' id='block_1_84' title="bbox 347 4944 1929 5023">
    <p class='ocr_par' dir='ltr' id='par_1_84' title="bbox 347 4944 1929 5023">
     <span class='ocr_line' id='line_1_84' title="bbox 347 4944 1929 5023; baseline -0.003 -12"><span class='ocrx_word' id='word_1_638' title='bbox 347 4968 398 5021; x_wconf 74' lang='grc' dir='ltr'><strong>ο,</strong></span> <span class='ocrx_word' id='word_1_639' title='bbox 420 4954 533 5009; x_wconf 90' lang='lat' dir='ltr'><strong>eris</strong></span> <span class='ocrx_word' id='word_1_640' title='bbox 577 4953 662 5008; x_wconf 93' lang='lat' dir='ltr'><strong>sui</strong></span> <span class='ocrx_word' id='word_1_641' title='bbox 702 4953 908 5009; x_wconf 91' lang='lat' dir='ltr'><strong>oblitus</strong></span> <span class='ocrx_word' id='word_1_642' title='bbox 949 4951 1318 5023; x_wconf 85' lang='lat' dir='ltr'><strong>legislaturem</strong></span> <span class='ocrx_word' id='word_1_643' title='bbox 1354 4962 1474 5006; x_wconf 88' lang='lat' dir='ltr'><strong>erat</strong></span> <span class='ocrx_word' id='word_1_644' title='bbox 1507 4944 1798 5016; x_wconf 71' lang='lat' dir='ltr'><strong>missu&#39;rus,</strong></span> <span class='ocrx_word' id='word_1_645' title='bbox 1834 4951 1929 5021; x_wconf 92' lang='lat' dir='ltr'><strong>qui</strong></span> 
     </span>
    </p>
   </div>
   <div class='ocr_carea' id='block_1_85' title="bbox 348 5043 1928 5117">
    <p class='ocr_par' dir='ltr' id='par_1_85' title="bbox 348 5043 1928 5117">
     <span class='ocr_line' id='line_1_85' title="bbox 348 5043 1928 5117; baseline -0.001 -19"><span class='ocrx_word' id='word_1_646' title='bbox 348 5045 449 5099; x_wconf 90' lang='lat' dir='ltr'><strong>has</strong></span> <span class='ocrx_word' id='word_1_647' title='bbox 484 5045 749 5117; x_wconf 86' lang='lat' dir='ltr'><strong>cogeret?</strong></span> <span class='ocrx_word' id='word_1_648' title='bbox 792 5044 959 5101; x_wconf 82' lang='lat' dir='ltr'><strong>Fides</strong></span> <span class='ocrx_word' id='word_1_649' title='bbox 1001 5046 1150 5100; x_wconf 89' lang='lat' dir='ltr'><strong>enim</strong></span> <span class='ocrx_word' id='word_1_650' title='bbox 1201 5044 1485 5099; x_wconf 88' lang='lat' dir='ltr'><strong>voluntate</strong></span> <span class='ocrx_word' id='word_1_651' title='bbox 1531 5054 1586 5099; x_wconf 90' lang='lat' dir='ltr'><strong>et</strong></span> <span class='ocrx_word' id='word_1_652' title='bbox 1633 5043 1928 5110; x_wconf 90' lang='lat' dir='ltr'><strong>electione,</strong></span> 
     </span>
    </p>
   </div>
   <div class='ocr_carea' id='block_1_86' title="bbox 346 5134 1927 5208">
    <p class='ocr_par' dir='ltr' id='par_1_86' title="bbox 346 5134 1927 5208">
     <span class='ocr_line' id='line_1_86' title="bbox 346 5134 1927 5208; baseline -0.002 -17"><span class='ocrx_word' id='word_1_653' title='bbox 346 5146 461 5192; x_wconf 69' lang='lat' dir='ltr'><strong>tum</strong></span> <span class='ocrx_word' id='word_1_654' title='bbox 489 5137 747 5194; x_wconf 85' lang='lat' dir='ltr'><strong>libertate</strong></span> <span class='ocrx_word' id='word_1_655' title='bbox 774 5136 971 5192; x_wconf 75' lang='lat' dir='ltr'><strong>animae</strong></span> <span class='ocrx_word' id='word_1_656' title='bbox 1000 5147 1056 5193; x_wconf 89' lang='lat' dir='ltr'><strong>et</strong></span> <span class='ocrx_word' id='word_1_657' title='bbox 1085 5137 1259 5208; x_wconf 90' lang='lat' dir='ltr'><strong>ipsius</strong></span> <span class='ocrx_word' id='word_1_658' title='bbox 1282 5136 1600 5207; x_wconf 88' lang='lat' dir='ltr'><strong>cognitione</strong></span> <span class='ocrx_word' id='word_1_659' title='bbox 1632 5134 1927 5201; x_wconf 82' lang='lat' dir='ltr'><strong>consistit;</strong></span> 
     </span>
    </p>
   </div>
   <div class='ocr_carea' id='block_1_87' title="bbox 346 5226 1930 5299">
    <p class='ocr_par' dir='ltr' id='par_1_87' title="bbox 346 5226 1930 5299">
     <span class='ocr_line' id='line_1_87' title="bbox 346 5226 1930 5299; baseline -0.001 -17"><span class='ocrx_word' id='word_1_660' title='bbox 346 5228 511 5284; x_wconf 87' lang='lat' dir='ltr'><strong>aliter</strong></span> <span class='ocrx_word' id='word_1_661' title='bbox 557 5244 694 5285; x_wconf 81' lang='lat' dir='ltr'><strong>vero</strong></span> <span class='ocrx_word' id='word_1_662' title='bbox 756 5244 1130 5299; x_wconf 88' lang='lat' dir='ltr'><strong>nequaquam.</strong></span> <span class='ocrx_word' id='word_1_663' title='bbox 1184 5228 1401 5298; x_wconf 90' lang='lat' dir='ltr'><strong>Corpus</strong></span> <span class='ocrx_word' id='word_1_664' title='bbox 1448 5227 1597 5282; x_wconf 90' lang='lat' dir='ltr'><strong>enim</strong></span> <span class='ocrx_word' id='word_1_665' title='bbox 1657 5226 1826 5281; x_wconf 90' lang='lat' dir='ltr'><strong>servit</strong></span> <span class='ocrx_word' id='word_1_666' title='bbox 1874 5235 1930 5280; x_wconf 92' lang='lat' dir='ltr'><strong>et</strong></span> 
     </span>
    </p>
   </div>
   <div class='ocr_carea' id='block_1_88' title="bbox 347 5317 1927 5392">
    <p class='ocr_par' dir='ltr' id='par_1_88' title="bbox 347 5317 1927 5392">
     <span class='ocr_line' id='line_1_88' title="bbox 347 5317 1927 5392; baseline -0.004 -16"><span class='ocrx_word' id='word_1_667' title='bbox 347 5320 609 5387; x_wconf 88' lang='lat' dir='ltr'><strong>vincitur,</strong></span> <span class='ocrx_word' id='word_1_668' title='bbox 663 5336 1062 5392; x_wconf 85' lang='lat' dir='ltr'><strong>nonnunquam</strong></span> <span class='ocrx_word' id='word_1_669' title='bbox 1110 5319 1274 5376; x_wconf 90' lang='lat' dir='ltr'><strong>etiam</strong></span> <span class='ocrx_word' id='word_1_670' title='bbox 1318 5334 1382 5374; x_wconf 91' lang='lat' dir='ltr'><strong>ea</strong></span> <span class='ocrx_word' id='word_1_671' title='bbox 1426 5319 1565 5388; x_wconf 73' lang='lat' dir='ltr'><strong>‘qum</strong></span> <span class='ocrx_word' id='word_1_672' title='bbox 1628 5333 1739 5373; x_wconf 89' lang='lat' dir='ltr'><strong>non</strong></span> <span class='ocrx_word' id='word_1_673' title='bbox 1788 5317 1927 5382; x_wconf 88' lang='lat' dir='ltr'><strong>vult,</strong></span> 
     </span>
    </p>
   </div>
   <div class='ocr_carea' id='block_1_89' title="bbox 351 5408 1927 5487">
    <p class='ocr_par' dir='ltr' id='par_1_89' title="bbox 351 5408 1927 5487">
     <span class='ocr_line' id='line_1_89' title="bbox 351 5408 1927 5487; baseline -0.004 -18"><span class='ocrx_word' id='word_1_674' title='bbox 351 5413 505 5469; x_wconf 76' lang='lat' dir='ltr'><strong>facit.</strong></span> <span class='ocrx_word' id='word_1_675' title='bbox 556 5413 635 5469; x_wconf 90' lang='lat' dir='ltr'><strong>De</strong></span> <span class='ocrx_word' id='word_1_676' title='bbox 672 5414 856 5469; x_wconf 88' lang='lat' dir='ltr'><strong>anima</strong></span> <span class='ocrx_word' id='word_1_677' title='bbox 886 5428 1020 5469; x_wconf 87' lang='lat' dir='ltr'><strong>vero</strong></span> <span class='ocrx_word' id='word_1_678' title='bbox 1066 5427 1176 5467; x_wconf 85' lang='lat' dir='ltr'><strong>non</strong></span> <span class='ocrx_word' id='word_1_679' title='bbox 1224 5412 1306 5487; x_wconf 84' lang='lat' dir='ltr'><strong>sic</strong></span> <span class='ocrx_word' id='word_1_680' title='bbox 1344 5409 1714 5475; x_wconf 88' lang='lat' dir='ltr'><strong>sentiendum,</strong></span> <span class='ocrx_word' id='word_1_681' title='bbox 1743 5408 1839 5465; x_wconf 89' lang='lat' dir='ltr'><strong>sed</strong></span> <span class='ocrx_word' id='word_1_682' title='bbox 1873 5411 1927 5463; x_wconf 90' lang='lat' dir='ltr'><strong>in</strong></span> 
     </span>
    </p>
   </div>
   <div class='ocr_carea' id='block_1_90' title="bbox 348 5500 1927 5577">
    <p class='ocr_par' dir='ltr' id='par_1_90' title="bbox 348 5500 1927 5577">
     <span class='ocr_line' id='line_1_90' title="bbox 348 5500 1927 5577; baseline 0.002 -23"><span class='ocrx_word' id='word_1_683' title='bbox 348 5503 650 5571; x_wconf 78' lang='lat' dir='ltr'><strong>voluntate,</strong></span> <span class='ocrx_word' id='word_1_684' title='bbox 698 5505 928 5577; x_wconf 82' lang='lat' dir='ltr'><strong>judicio,</strong></span> <span class='ocrx_word' id='word_1_685' title='bbox 972 5503 1286 5575; x_wconf 83' lang='lat' dir='ltr'><strong>cognitiOne</strong></span> <span class='ocrx_word' id='word_1_686' title='bbox 1329 5510 1385 5559; x_wconf 88' lang='lat' dir='ltr'><strong>et</strong></span> <span class='ocrx_word' id='word_1_687' title='bbox 1436 5502 1733 5564; x_wconf 83' lang='lat' dir='ltr'><strong>electione,</strong></span> <span class='ocrx_word' id='word_1_688' title='bbox 1767 5512 1826 5559; x_wconf 91' lang='lat' dir='ltr'><strong>ct</strong></span> <span class='ocrx_word' id='word_1_689' title='bbox 1871 5500 1927 5557; x_wconf 86' lang='lat' dir='ltr'><strong>in</strong></span> 
     </span>
    </p>
   </div>
   <div class='ocr_carea' id='block_1_91' title="bbox 342 5594 1928 5687">
    <p class='ocr_par' dir='ltr' id='par_1_91' title="bbox 342 5594 1928 5687">
     <span class='ocr_line' id='line_1_91' title="bbox 342 5594 1928 5687; baseline 0.003 -39"><span class='ocrx_word' id='word_1_690' title='bbox 342 5594 556 5666; x_wconf 86' lang='lat' dir='ltr'><strong>judicio</strong></span> <span class='ocrx_word' id='word_1_691' title='bbox 597 5607 655 5652; x_wconf 89' lang='lat' dir='ltr'><strong>et</strong></span> <span class='ocrx_word' id='word_1_692' title='bbox 693 5598 927 5653; x_wconf 83' lang='lat' dir='ltr'><strong>veritate</strong></span> <span class='ocrx_word' id='word_1_693' title='bbox 976 5597 1197 5687; x_wconf 80' lang='lat' dir='ltr'><strong>horum,</strong></span> <span class='ocrx_word' id='word_1_694' title='bbox 1246 5595 1340 5667; x_wconf 87' lang='lat' dir='ltr'><strong>qui</strong></span> <span class='ocrx_word' id='word_1_695' title='bbox 1385 5595 1622 5652; x_wconf 80' lang='lat' dir='ltr'><strong>credunt</strong></span> <span class='ocrx_word' id='word_1_696' title='bbox 1654 5594 1755 5662; x_wconf 87' lang='lat' dir='ltr'><strong>illi,</strong></span> <span class='ocrx_word' id='word_1_697' title='bbox 1787 5595 1928 5652; x_wconf 79' lang='lat' dir='ltr'><strong>Deus</strong></span> 
     </span>
    </p>
   </div>
   <div class='ocr_carea' id='block_1_92' title="bbox 426 5704 1059 5768">
    <p class='ocr_par' dir='ltr' id='par_1_92' title="bbox 426 5704 1059 5768">
     <span class='ocr_line' id='line_1_92' title="bbox 426 5704 1059 5768; baseline 0.005 -7"><span class='ocrx_word' id='word_1_698' title='bbox 426 5705 472 5737; x_wconf 85' lang='lat'>“</span> <span class='ocrx_word' id='word_1_699' title='bbox 496 5704 688 5763; x_wconf 71' lang='lat' dir='ltr'><strong>Matth.</strong></span> <span class='ocrx_word' id='word_1_700' title='bbox 720 5723 818 5765; x_wconf 82' lang='lat' dir='ltr'><strong>vn.</strong></span> <span class='ocrx_word' id='word_1_701' title='bbox 851 5709 939 5768; x_wconf 75' lang='lat' dir='ltr'><strong>lii.</strong></span> <span class='ocrx_word' id='word_1_702' title='bbox 974 5710 1059 5766; x_wconf 80' lang='grc'><strong>16.</strong></span> 
     </span>
    </p>
   </div>
   <div class='ocr_carea' id='block_1_93' title="bbox 2102 3305 3583 3383">
    <p class='ocr_par' dir='ltr' id='par_1_93' title="bbox 2102 3305 3583 3383">
     <span class='ocr_line' id='line_1_93' title="bbox 2102 3305 3583 3383; baseline 0.002 -25"><span class='ocrx_word' id='word_1_703' title='bbox 2102 3313 2168 3361; x_wconf 85' lang='grc' dir='ltr'>ε’.</span> <span class='ocrx_word' id='word_1_704' title='bbox 2218 3305 2358 3359; x_wconf 77' lang='grc' dir='ltr'>Ἀλλ’</span> <span class='ocrx_word' id='word_1_705' title='bbox 2388 3308 2539 3378; x_wconf 83' lang='grc' dir='ltr'>ὅμως</span> <span class='ocrx_word' id='word_1_706' title='bbox 2593 3308 2951 3373; x_wconf 78' lang='grc' dir='ltr'>ἐξετάσαντες</span> <span class='ocrx_word' id='word_1_707' title='bbox 3002 3311 3209 3383; x_wconf 87' lang='grc' dir='ltr'>ίδωμεν</span> <span class='ocrx_word' id='word_1_708' title='bbox 3237 3313 3288 3367; x_wconf 89' lang='grc' dir='ltr'><strong>τί</strong></span> <span class='ocrx_word' id='word_1_709' title='bbox 3319 3311 3583 3383; x_wconf 79' lang='grc' dir='ltr'>βούλονται</span> 
     </span>
    </p>
   </div>
   <div class='ocr_carea' id='block_1_94' title="bbox 2032 3397 3587 3472">
    <p class='ocr_par' dir='ltr' id='par_1_94' title="bbox 2032 3397 3587 3472">
     <span class='ocr_line' id='line_1_94' title="bbox 2032 3397 3587 3472; baseline 0.001 -21"><span class='ocrx_word' id='word_1_710' title='bbox 2032 3398 2101 3452; x_wconf 83' lang='grc' dir='ltr'><strong>τά</strong></span> <span class='ocrx_word' id='word_1_711' title='bbox 2125 3397 2220 3451; x_wconf 83' lang='grc' dir='ltr'>τοῦ</span> <span class='ocrx_word' id='word_1_712' title='bbox 2255 3400 2551 3467; x_wconf 82' lang='grc' dir='ltr'>νομοθέτου</span> <span class='ocrx_word' id='word_1_713' title='bbox 2584 3402 2829 3472; x_wconf 80' lang='grc' dir='ltr'>ῥήματα.</span> <span class='ocrx_word' id='word_1_714' title='bbox 2866 3403 3095 3468; x_wconf 85' lang='grc' dir='ltr'>Πάντως</span> <span class='ocrx_word' id='word_1_715' title='bbox 3127 3405 3279 3459; x_wconf 74' lang='grc' dir='ltr'>οὐδὲν</span> <span class='ocrx_word' id='word_1_716' title='bbox 3324 3405 3447 3460; x_wconf 82' lang='grc' dir='ltr'>ἀλλο</span> <span class='ocrx_word' id='word_1_717' title='bbox 3485 3399 3587 3456; x_wconf 85' lang='grc' dir='ltr'>ἀλλ’</span> 
     </span>
    </p>
   </div>
   <div class='ocr_carea' id='block_1_95' title="bbox 2033 3489 3587 3565">
    <p class='ocr_par' dir='ltr' id='par_1_95' title="bbox 2033 3489 3587 3565">
     <span class='ocr_line' id='line_1_95' title="bbox 2033 3489 3587 3565; baseline -0.001 -21"><span class='ocrx_word' id='word_1_718' title='bbox 2033 3489 2066 3559; x_wconf 81' lang='grc' dir='ltr'>ἢ</span> <span class='ocrx_word' id='word_1_719' title='bbox 2105 3492 2458 3559; x_wconf 83' lang='grc' dir='ltr'>κατανοήσας</span> <span class='ocrx_word' id='word_1_720' title='bbox 2507 3492 2702 3547; x_wconf 79' lang='grc' dir='ltr'>ἑαυτὸν</span> <span class='ocrx_word' id='word_1_721' title='bbox 2733 3496 2815 3548; x_wconf 84' lang='grc' dir='ltr'>ὅτι</span> <span class='ocrx_word' id='word_1_722' title='bbox 2853 3494 3074 3564; x_wconf 81' lang='grc' dir='ltr'>μακράν</span> <span class='ocrx_word' id='word_1_723' title='bbox 3137 3513 3240 3551; x_wconf 83' lang='grc' dir='ltr'><strong>που</strong></span> <span class='ocrx_word' id='word_1_724' title='bbox 3294 3496 3587 3565; x_wconf 78' lang='grc' dir='ltr'>εὑρίσκεται</span> 
     </span>
    </p>
   </div>
   <div class='ocr_carea' id='block_1_96' title="bbox 2031 3579 3591 3657">
    <p class='ocr_par' dir='ltr' id='par_1_96' title="bbox 2031 3579 3591 3657">
     <span class='ocr_line' id='line_1_96' title="bbox 2031 3579 3591 3657; baseline 0 -23"><span class='ocrx_word' id='word_1_725' title='bbox 2031 3580 2132 3649; x_wconf 84' lang='grc' dir='ltr'><strong>τῆς</strong></span> <span class='ocrx_word' id='word_1_726' title='bbox 2166 3582 2451 3652; x_wconf 79' lang='grc' dir='ltr'>ἐνεργείας</span> <span class='ocrx_word' id='word_1_727' title='bbox 2497 3584 2609 3637; x_wconf 86' lang='grc' dir='ltr'><strong>τῶν</strong></span> <span class='ocrx_word' id='word_1_728' title='bbox 2664 3579 2978 3655; x_wconf 81' lang='grc' dir='ltr'>θαυμάτων,</span> <span class='ocrx_word' id='word_1_729' title='bbox 3017 3585 3348 3657; x_wconf 86' lang='grc' dir='ltr'>βουλόμενος</span> <span class='ocrx_word' id='word_1_730' title='bbox 3399 3584 3591 3656; x_wconf 68' lang='grc' dir='ltr'>κρύψαι</span> 
     </span>
    </p>
   </div>
   <div class='ocr_carea' id='block_1_97' title="bbox 2032 3672 3591 3750">
    <p class='ocr_par' dir='ltr' id='par_1_97' title="bbox 2032 3672 3591 3750">
     <span class='ocr_line' id='line_1_97' title="bbox 2032 3672 3591 3750; baseline 0 -24"><span class='ocrx_word' id='word_1_731' title='bbox 2032 3673 2131 3744; x_wconf 78' lang='grc' dir='ltr'><strong>τὴν</strong></span> <span class='ocrx_word' id='word_1_732' title='bbox 2158 3672 2359 3728; x_wconf 79' lang='grc' dir='ltr'>ἑαυτοῦ</span> <span class='ocrx_word' id='word_1_733' title='bbox 2420 3675 2729 3742; x_wconf 77' lang='grc' dir='ltr'>ἀσθένειαν,</span> <span class='ocrx_word' id='word_1_734' title='bbox 2786 3678 2860 3749; x_wconf 85' lang='grc' dir='ltr'>μή</span> <span class='ocrx_word' id='word_1_735' title='bbox 2892 3694 3024 3731; x_wconf 86' lang='grc' dir='ltr'>ποτε</span> <span class='ocrx_word' id='word_1_736' title='bbox 3064 3679 3220 3750; x_wconf 86' lang='grc' dir='ltr'>παρὰ</span> <span class='ocrx_word' id='word_1_737' title='bbox 3250 3678 3359 3732; x_wconf 88' lang='grc' dir='ltr'><strong>τῶν</strong></span> <span class='ocrx_word' id='word_1_738' title='bbox 3398 3675 3591 3746; x_wconf 78' lang='grc' dir='ltr'>ἀνθρώσ</span> 
     </span>
    </p>
   </div>
   <div class='ocr_carea' id='block_1_98' title="bbox 2038 3764 3592 3849">
    <p class='ocr_par' dir='ltr' id='par_1_98' title="bbox 2038 3764 3592 3849">
     <span class='ocr_line' id='line_1_98' title="bbox 2038 3764 3592 3849; baseline -0.001 -30"><span class='ocrx_word' id='word_1_739' title='bbox 2038 3783 2155 3849; x_wconf 77' lang='grc' dir='ltr'><strong>πων</strong></span> <span class='ocrx_word' id='word_1_740' title='bbox 2184 3764 2323 3838; x_wconf 77' lang='grc' dir='ltr'>εὕρῃ</span> <span class='ocrx_word' id='word_1_741' title='bbox 2352 3767 2719 3836; x_wconf 79' lang='grc' dir='ltr'>κατάγνωσιν,</span> <span class='ocrx_word' id='word_1_742' title='bbox 2762 3765 2916 3821; x_wconf 79' lang='grc' dir='ltr'>εἶπεν</span> <span class='ocrx_word' id='word_1_743' title='bbox 2942 3769 3024 3822; x_wconf 87' lang='grc' dir='ltr'><strong>ὄτι</strong></span> <span class='ocrx_word' id='word_1_744' title='bbox 3073 3769 3191 3824; x_wconf 76' lang='grc' dir='ltr'>Οὐκ</span> <span class='ocrx_word' id='word_1_745' title='bbox 3241 3764 3403 3840; x_wconf 79' lang='grc' dir='ltr'>ἦλθον</span> <span class='ocrx_word' id='word_1_746' title='bbox 3424 3767 3592 3821; x_wconf 82' lang='grc' dir='ltr'>δοῦναι</span> 
     </span>
    </p>
   </div>
   <div class='ocr_carea' id='block_1_99' title="bbox 2030 3857 3590 3932">
    <p class='ocr_par' dir='ltr' id='par_1_99' title="bbox 2030 3857 3590 3932">
     <span class='ocr_line' id='line_1_99' title="bbox 2030 3857 3590 3932; baseline 0.001 -22"><span class='ocrx_word' id='word_1_747' title='bbox 2030 3857 2124 3910; x_wconf 80' lang='grc' dir='ltr'><strong>τὸν</strong></span> <span class='ocrx_word' id='word_1_748' title='bbox 2147 3858 2311 3929; x_wconf 87' lang='grc' dir='ltr'>νόμον</span> <span class='ocrx_word' id='word_1_749' title='bbox 2344 3860 2431 3913; x_wconf 85' lang='grc' dir='ltr'>διὰ</span> <span class='ocrx_word' id='word_1_750' title='bbox 2463 3859 2783 3931; x_wconf 84' lang='grc' dir='ltr'>θαυμάτων,</span> <span class='ocrx_word' id='word_1_751' title='bbox 2803 3860 2939 3916; x_wconf 79' lang='grc' dir='ltr'>ἀλλὰ</span> <span class='ocrx_word' id='word_1_752' title='bbox 2957 3862 3045 3916; x_wconf 84' lang='grc' dir='ltr'>διὰ</span> <span class='ocrx_word' id='word_1_753' title='bbox 3079 3863 3271 3932; x_wconf 79' lang='grc' dir='ltr'>ξίφους</span> <span class='ocrx_word' id='word_1_754' title='bbox 3319 3863 3407 3915; x_wconf 74' lang='grc' dir='ltr'>καὶ</span> <span class='ocrx_word' id='word_1_755' title='bbox 3461 3859 3590 3912; x_wconf 69' lang='lat' dir='ltr'><strong>cr.ch</strong></span> 
     </span>
    </p>
   </div>
   <div class='ocr_carea' id='block_1_100' title="bbox 2033 3946 3593 4025">
    <p class='ocr_par' dir='ltr' id='par_1_100' title="bbox 2033 3946 3593 4025">
     <span class='ocr_line' id='line_1_100' title="bbox 2033 3946 3593 4025; baseline -0.001 -20"><span class='ocrx_word' id='word_1_756' title='bbox 2033 3950 2158 4021; x_wconf 89' lang='grc' dir='ltr'>θης,</span> <span class='ocrx_word' id='word_1_757' title='bbox 2213 3951 2290 4013; x_wconf 88' lang='grc' dir='ltr'><strong>ώς</strong></span> <span class='ocrx_word' id='word_1_758' title='bbox 2320 3952 2416 4006; x_wconf 70' lang='grc' dir='ltr'>καὶ</span> <span class='ocrx_word' id='word_1_759' title='bbox 2474 3952 2533 4007; x_wconf 73' lang='grc' dir='ltr'><strong>έν</strong></span> <span class='ocrx_word' id='word_1_760' title='bbox 2564 3946 2680 4017; x_wconf 77' lang='grc' dir='ltr'>ταῖς</span> <span class='ocrx_word' id='word_1_761' title='bbox 2702 3952 3005 4019; x_wconf 71' lang='grc' dir='ltr'>διαλέξεσιν</span> <span class='ocrx_word' id='word_1_762' title='bbox 3041 3954 3489 4025; x_wconf 79' lang='grc' dir='ltr'>νενομοθέτηκεν,</span> <span class='ocrx_word' id='word_1_763' title='bbox 3514 3953 3593 4005; x_wconf 82' lang='grc' dir='ltr'><strong>ἵνα</strong></span> 
     </span>
    </p>
   </div>
   <div class='ocr_carea' id='block_1_101' title="bbox 2035 4042 3592 4118">
    <p class='ocr_par' dir='ltr' id='par_1_101' title="bbox 2035 4042 3592 4118">
     <span class='ocr_line' id='line_1_101' title="bbox 2035 4042 3592 4118; baseline -0.001 -21"><span class='ocrx_word' id='word_1_764' title='bbox 2035 4042 2112 4114; x_wconf 75' lang='grc' dir='ltr'>μὴ</span> <span class='ocrx_word' id='word_1_765' title='bbox 2143 4043 2501 4112; x_wconf 87' lang='grc' dir='ltr'>διαλέγωνται</span> <span class='ocrx_word' id='word_1_766' title='bbox 2557 4044 2697 4114; x_wconf 88' lang='grc' dir='ltr'><strong>μετά</strong></span> <span class='ocrx_word' id='word_1_767' title='bbox 2753 4046 2861 4099; x_wconf 89' lang='grc' dir='ltr'><strong>τῶν</strong></span> <span class='ocrx_word' id='word_1_768' title='bbox 2916 4047 3269 4118; x_wconf 85' lang='grc' dir='ltr'>Χριστιανῶν</span> <span class='ocrx_word' id='word_1_769' title='bbox 3316 4049 3365 4101; x_wconf 84' lang='grc' dir='ltr'><strong>οί</strong></span> <span class='ocrx_word' id='word_1_770' title='bbox 3418 4044 3592 4100; x_wconf 84' lang='grc' dir='ltr'>τούτου</span> 
     </span>
    </p>
   </div>
   <div class='ocr_carea' id='block_1_102' title="bbox 2035 4134 3594 4211">
    <p class='ocr_par' dir='ltr' id='par_1_102' title="bbox 2035 4134 3594 4211">
     <span class='ocr_line' id='line_1_102' title="bbox 2035 4134 3594 4211; baseline 0.001 -23"><span class='ocrx_word' id='word_1_771' title='bbox 2035 4134 2270 4206; x_wconf 65' lang='grc' dir='ltr'>μαθηταὶ</span> <span class='ocrx_word' id='word_1_772' title='bbox 2301 4136 2395 4189; x_wconf 78' lang='grc' dir='ltr'><strong>καὶ</strong></span> <span class='ocrx_word' id='word_1_773' title='bbox 2420 4134 2677 4209; x_wconf 80' lang='grc' dir='ltr'>διάδοχοι,</span> <span class='ocrx_word' id='word_1_774' title='bbox 2707 4138 2926 4201; x_wconf 85' lang='grc' dir='ltr'>πάντως</span> <span class='ocrx_word' id='word_1_775' title='bbox 2954 4140 3016 4191; x_wconf 77' lang='grc' dir='ltr'>οὐ</span> <span class='ocrx_word' id='word_1_776' title='bbox 3043 4138 3114 4192; x_wconf 81' lang='grc' dir='ltr'>δι’</span> <span class='ocrx_word' id='word_1_777' title='bbox 3145 4138 3275 4193; x_wconf 83' lang='grc' dir='ltr'>ἄλλο</span> <span class='ocrx_word' id='word_1_778' title='bbox 3295 4156 3347 4194; x_wconf 87' lang='grc' dir='ltr'><strong>τι</strong></span> <span class='ocrx_word' id='word_1_779' title='bbox 3370 4138 3403 4211; x_wconf 80' lang='grc' dir='ltr'>ἦ</span> <span class='ocrx_word' id='word_1_780' title='bbox 3424 4136 3505 4190; x_wconf 83' lang='grc' dir='ltr'>ἵνα</span> <span class='ocrx_word' id='word_1_781' title='bbox 3528 4134 3594 4205; x_wconf 73' lang='grc' dir='ltr'>μὴ</span> 
     </span>
    </p>
   </div>
   <div class='ocr_carea' id='block_1_103' title="bbox 2032 4225 3697 4301">
    <p class='ocr_par' dir='ltr' id='par_1_103' title="bbox 2032 4225 3697 4301">
     <span class='ocr_line' id='line_1_103' title="bbox 2032 4225 3697 4301; baseline -0.001 -21"><span class='ocrx_word' id='word_1_782' title='bbox 2032 4225 2267 4298; x_wconf 73' lang='grc' dir='ltr'>ἐλεγχθῇ</span> <span class='ocrx_word' id='word_1_783' title='bbox 2299 4229 2335 4297; x_wconf 78' lang='grc' dir='ltr'><strong>ἠ</strong></span> <span class='ocrx_word' id='word_1_784' title='bbox 2366 4227 2592 4282; x_wconf 72' lang='grc' dir='ltr'>ἐκείνων</span> <span class='ocrx_word' id='word_1_785' title='bbox 2622 4228 3027 4301; x_wconf 77' lang='grc' dir='ltr'>ματαιότης.Τὸ</span> <span class='ocrx_word' id='word_1_786' title='bbox 3048 4230 3107 4284; x_wconf 80' lang='grc' dir='ltr'>δὲ</span> <span class='ocrx_word' id='word_1_787' title='bbox 3132 4230 3315 4283; x_wconf 79' lang='grc' dir='ltr'>δοῦναι</span> <span class='ocrx_word' id='word_1_788' title='bbox 3338 4231 3426 4283; x_wconf 82' lang='grc' dir='ltr'><strong>τὸν</strong></span> <span class='ocrx_word' id='word_1_789' title='bbox 3447 4227 3594 4296; x_wconf 84' lang='grc' dir='ltr'>νόμον</span> <span class='ocrx_word' id='word_1_790' title='bbox 3696 4232 3697 4235; x_wconf 68' lang='grc'><em>“</em></span> 
     </span>
    </p>
   </div>
   <div class='ocr_carea' id='block_1_104' title="bbox 2038 4318 3595 4390">
    <p class='ocr_par' dir='ltr' id='par_1_104' title="bbox 2038 4318 3595 4390">
     <span class='ocr_line' id='line_1_104' title="bbox 2038 4318 3595 4390; baseline -0.003 -17"><span class='ocrx_word' id='word_1_791' title='bbox 2038 4319 2176 4389; x_wconf 85' lang='grc' dir='ltr'>μετὰ</span> <span class='ocrx_word' id='word_1_792' title='bbox 2218 4320 2409 4389; x_wconf 84' lang='grc' dir='ltr'>ξίφους</span> <span class='ocrx_word' id='word_1_793' title='bbox 2438 4322 2535 4375; x_wconf 84' lang='grc' dir='ltr'>καὶ</span> <span class='ocrx_word' id='word_1_794' title='bbox 2566 4320 2780 4389; x_wconf 83' lang='grc' dir='ltr'>σπάθης</span> <span class='ocrx_word' id='word_1_795' title='bbox 2836 4321 3031 4390; x_wconf 80' lang='grc' dir='ltr'>φόνους</span> <span class='ocrx_word' id='word_1_796' title='bbox 3061 4322 3285 4386; x_wconf 79' lang='grc' dir='ltr'>πάντως</span> <span class='ocrx_word' id='word_1_797' title='bbox 3309 4319 3403 4373; x_wconf 77' lang='grc' dir='ltr'>καὶ</span> <span class='ocrx_word' id='word_1_798' title='bbox 3428 4318 3595 4385; x_wconf 80' lang='grc' dir='ltr'>ἁρπα-</span> 
     </span>
    </p>
   </div>
   <div class='ocr_carea' id='block_1_105' title="bbox 2032 4408 3595 4481">
    <p class='ocr_par' dir='ltr' id='par_1_105' title="bbox 2032 4408 3595 4481">
     <span class='ocr_line' id='line_1_105' title="bbox 2032 4408 3595 4481; baseline -0.005 -18"><span class='ocrx_word' id='word_1_799' title='bbox 2032 4410 2137 4479; x_wconf 78' lang='grc' dir='ltr'>γὰς</span> <span class='ocrx_word' id='word_1_800' title='bbox 2168 4409 2431 4465; x_wconf 86' lang='grc' dir='ltr'>διδάσκει.</span> <span class='ocrx_word' id='word_1_801' title='bbox 2467 4410 2579 4462; x_wconf 77' lang='grc' dir='ltr'><strong>Καὶ</strong></span> <span class='ocrx_word' id='word_1_802' title='bbox 2608 4410 2691 4473; x_wconf 89' lang='grc' dir='ltr'><strong>τίς</strong></span> <span class='ocrx_word' id='word_1_803' title='bbox 2742 4411 2945 4481; x_wconf 69' lang='grc' dir='ltr'>ἤκουσε</span> <span class='ocrx_word' id='word_1_804' title='bbox 2994 4410 3106 4464; x_wconf 86' lang='grc' dir='ltr'><strong>τῶν</strong></span> <span class='ocrx_word' id='word_1_805' title='bbox 3144 4408 3451 4480; x_wconf 84' lang='grc' dir='ltr'>ἀνθρώπων</span> <span class='ocrx_word' id='word_1_806' title='bbox 3512 4422 3595 4456; x_wconf 84' lang='grc' dir='ltr'>πι-</span> 
     </span>
    </p>
   </div>
   <div class='ocr_carea' id='block_1_106' title="bbox 2032 4483 3591 4569">
    <p class='ocr_par' dir='ltr' id='par_1_106' title="bbox 2032 4483 3591 4569">
     <span class='ocr_line' id='line_1_106' title="bbox 2032 4483 3591 4569; baseline -0.006 -16"><span class='ocrx_word' id='word_1_807' title='bbox 2032 4497 2260 4553; x_wconf 80' lang='grc' dir='ltr'>στεῦσαί</span> <span class='ocrx_word' id='word_1_808' title='bbox 2280 4514 2402 4552; x_wconf 89' lang='grc' dir='ltr'>τινα</span> <span class='ocrx_word' id='word_1_809' title='bbox 2441 4497 2534 4569; x_wconf 85' lang='grc' dir='ltr'>βίᾳ</span> <span class='ocrx_word' id='word_1_810' title='bbox 2559 4514 2575 4564; x_wconf 90' lang='lat'><strong>;</strong></span> <span class='ocrx_word' id='word_1_811' title='bbox 2620 4496 2688 4552; x_wconf 85' lang='grc' dir='ltr'>Ἡ</span> <span class='ocrx_word' id='word_1_812' title='bbox 2722 4498 2906 4562; x_wconf 85' lang='grc' dir='ltr'>πίστις</span> <span class='ocrx_word' id='word_1_813' title='bbox 2936 4497 3038 4567; x_wconf 78' lang='grc' dir='ltr'><strong>τῆς</strong></span> <span class='ocrx_word' id='word_1_814' title='bbox 3057 4483 3243 4569; x_wconf 74' lang='grc' dir='ltr'>ψυχῆς</span> <span class='ocrx_word' id='word_1_815' title='bbox 3266 4498 3362 4551; x_wconf 75' lang='grc' dir='ltr'>καὶ</span> <span class='ocrx_word' id='word_1_816' title='bbox 3393 4492 3483 4549; x_wconf 82' lang='grc' dir='ltr'>τοῦ</span> <span class='ocrx_word' id='word_1_817' title='bbox 3512 4490 3591 4545; x_wconf 75' lang='grc' dir='ltr'>νοῦ</span> 
     </span>
    </p>
   </div>
   <div class='ocr_carea' id='block_1_107' title="bbox 2033 4588 3594 4662">
    <p class='ocr_par' dir='ltr' id='par_1_107' title="bbox 2033 4588 3594 4662">
     <span class='ocr_line' id='line_1_107' title="bbox 2033 4588 3594 4662; baseline -0.004 -20"><span class='ocrx_word' id='word_1_818' title='bbox 2033 4590 2152 4645; x_wconf 70' lang='grc' dir='ltr'>ἐστι</span> <span class='ocrx_word' id='word_1_819' title='bbox 2175 4606 2191 4622; x_wconf 77' lang='grc'><strong>⁸</strong></span> <span class='ocrx_word' id='word_1_820' title='bbox 2219 4588 2317 4645; x_wconf 75' lang='grc' dir='ltr'>καὶ</span> <span class='ocrx_word' id='word_1_821' title='bbox 2353 4590 2482 4644; x_wconf 76' lang='grc' dir='ltr'>ἐπεὶ</span> <span class='ocrx_word' id='word_1_822' title='bbox 2508 4591 2543 4662; x_wconf 80' lang='grc' dir='ltr'><strong>ἡ</strong></span> <span class='ocrx_word' id='word_1_823' title='bbox 2577 4589 2727 4661; x_wconf 77' lang='grc' dir='ltr'>ψυχὴ</span> <span class='ocrx_word' id='word_1_824' title='bbox 2776 4591 2871 4643; x_wconf 77' lang='grc' dir='ltr'>καὶ</span> <span class='ocrx_word' id='word_1_825' title='bbox 2928 4590 2958 4643; x_wconf 89' lang='lat'><strong>6</strong></span> <span class='ocrx_word' id='word_1_826' title='bbox 2995 4588 3123 4653; x_wconf 89' lang='grc' dir='ltr'>νοῦς</span> <span class='ocrx_word' id='word_1_827' title='bbox 3164 4588 3406 4660; x_wconf 79' lang='grc' dir='ltr'>πρᾶγμά</span> <span class='ocrx_word' id='word_1_828' title='bbox 3456 4588 3594 4637; x_wconf 77' lang='grc' dir='ltr'>ἐστιν</span> 
     </span>
    </p>
   </div>
   <div class='ocr_carea' id='block_1_108' title="bbox 2033 4676 3596 4752">
    <p class='ocr_par' dir='ltr' id='par_1_108' title="bbox 2033 4676 3596 4752">
     <span class='ocr_line' id='line_1_108' title="bbox 2033 4676 3596 4752; baseline -0.006 -14"><span class='ocrx_word' id='word_1_829' title='bbox 2033 4682 2360 4749; x_wconf 80' lang='grc' dir='ltr'>ἀδούλωτον,</span> <span class='ocrx_word' id='word_1_830' title='bbox 2411 4682 2530 4747; x_wconf 86' lang='grc' dir='ltr'><strong>πῶς</strong></span> <span class='ocrx_word' id='word_1_831' title='bbox 2575 4684 2605 4735; x_wconf 87' lang='grc' dir='ltr'><strong>ό</strong></span> <span class='ocrx_word' id='word_1_832' title='bbox 2658 4683 2896 4752; x_wconf 82' lang='grc' dir='ltr'>ποιήσας</span> <span class='ocrx_word' id='word_1_833' title='bbox 2972 4681 3114 4737; x_wconf 85' lang='grc' dir='ltr'><strong>αὐτά</strong></span> <span class='ocrx_word' id='word_1_834' title='bbox 3166 4680 3302 4745; x_wconf 82' lang='grc' dir='ltr'>Θεὸς</span> <span class='ocrx_word' id='word_1_835' title='bbox 3354 4676 3596 4743; x_wconf 67' lang='grc' dir='ltr'>ἐλεύθερα</span> 
     </span>
    </p>
   </div>
   <div class='ocr_carea' id='block_1_109' title="bbox 2036 4768 3594 4851">
    <p class='ocr_par' dir='ltr' id='par_1_109' title="bbox 2036 4768 3594 4851">
     <span class='ocr_line' id='line_1_109' title="bbox 2036 4768 3594 4851; baseline -0.012 -17"><span class='ocrx_word' id='word_1_836' title='bbox 2036 4779 2278 4851; x_wconf 78' lang='grc' dir='ltr'>πέμψειν</span> <span class='ocrx_word' id='word_1_837' title='bbox 2313 4777 2510 4849; x_wconf 84' lang='grc' dir='ltr'>ἔμελλε</span> <span class='ocrx_word' id='word_1_838' title='bbox 2523 4774 2824 4847; x_wconf 87' lang='grc' dir='ltr'>νομοθέτην</span> <span class='ocrx_word' id='word_1_839' title='bbox 2855 4774 3039 4845; x_wconf 84' lang='grc' dir='ltr'>βιάσαι</span> <span class='ocrx_word' id='word_1_840' title='bbox 3069 4772 3237 4841; x_wconf 80' lang='grc' dir='ltr'>αὐτὰ,</span> <span class='ocrx_word' id='word_1_841' title='bbox 3264 4772 3455 4839; x_wconf 81' lang='grc' dir='ltr'>ὥσπερ</span> <span class='ocrx_word' id='word_1_842' title='bbox 3484 4768 3594 4819; x_wconf 78' lang='grc' dir='ltr'>ὲπι-</span> 
     </span>
    </p>
   </div>
   <div class='ocr_carea' id='block_1_110' title="bbox 2029 4861 3596 4940">
    <p class='ocr_par' dir='ltr' id='par_1_110' title="bbox 2029 4861 3596 4940">
     <span class='ocr_line' id='line_1_110' title="bbox 2029 4861 3596 4940; baseline -0.007 -17"><span class='ocrx_word' id='word_1_843' title='bbox 2029 4868 2329 4940; x_wconf 83' lang='grc' dir='ltr'>λαθόμενος</span> <span class='ocrx_word' id='word_1_844' title='bbox 2354 4866 2449 4921; x_wconf 82' lang='grc' dir='ltr'><strong>τοΰ</strong></span> <span class='ocrx_word' id='word_1_845' title='bbox 2493 4866 2660 4938; x_wconf 73' lang='grc' dir='ltr'>ἔργου</span> <span class='ocrx_word' id='word_1_846' title='bbox 2694 4864 2899 4933; x_wconf 75' lang='grc' dir='ltr'>αὐτοῦς</span> <span class='ocrx_word' id='word_1_847' title='bbox 2935 4861 3001 4921; x_wconf 86' lang='grc' dir='ltr'><strong><em>Ἦ</em></strong></span> <span class='ocrx_word' id='word_1_848' title='bbox 3032 4865 3143 4935; x_wconf 73' lang='grc' dir='ltr'>γὰρ</span> <span class='ocrx_word' id='word_1_849' title='bbox 3178 4866 3366 4929; x_wconf 87' lang='grc' dir='ltr'>πίστις</span> <span class='ocrx_word' id='word_1_850' title='bbox 3394 4863 3596 4931; x_wconf 75' lang='grc' dir='ltr'>θελήσει</span> 
     </span>
    </p>
   </div>
   <div class='ocr_carea' id='block_1_111' title="bbox 2032 4949 3592 5026">
    <p class='ocr_par' dir='ltr' id='par_1_111' title="bbox 2032 4949 3592 5026">
     <span class='ocr_line' id='line_1_111' title="bbox 2032 4949 3592 5026; baseline -0.006 -16"><span class='ocrx_word' id='word_1_851' title='bbox 2032 4957 2129 5010; x_wconf 75' lang='grc' dir='ltr'>καὶ</span> <span class='ocrx_word' id='word_1_852' title='bbox 2154 4959 2501 5026; x_wconf 85' lang='grc' dir='ltr'>προαιρέσει,</span> <span class='ocrx_word' id='word_1_853' title='bbox 2534 4954 2632 5007; x_wconf 81' lang='grc' dir='ltr'>καὶ</span> <span class='ocrx_word' id='word_1_854' title='bbox 2652 4955 2718 5025; x_wconf 75' lang='grc' dir='ltr'>τῇ</span> <span class='ocrx_word' id='word_1_855' title='bbox 2736 4952 3039 5025; x_wconf 60' lang='grc' dir='ltr'>ἐλευθερίᾳ</span> <span class='ocrx_word' id='word_1_856' title='bbox 3068 4952 3173 5024; x_wconf 84' lang='grc' dir='ltr'>τῆς</span> <span class='ocrx_word' id='word_1_857' title='bbox 3194 4952 3397 5024; x_wconf 82' lang='grc' dir='ltr'>ψυχῆς,</span> <span class='ocrx_word' id='word_1_858' title='bbox 3423 4952 3512 5003; x_wconf 72' lang='grc' dir='ltr'>καὶ</span> <span class='ocrx_word' id='word_1_859' title='bbox 3533 4949 3592 5018; x_wconf 77' lang='grc' dir='ltr'>τῇ</span> 
     </span>
    </p>
   </div>
   <div class='ocr_carea' id='block_1_112' title="bbox 2033 5037 3595 5116">
    <p class='ocr_par' dir='ltr' id='par_1_112' title="bbox 2033 5037 3595 5116">
     <span class='ocr_line' id='line_1_112' title="bbox 2033 5037 3595 5116; baseline -0.005 -16"><span class='ocrx_word' id='word_1_860' title='bbox 2033 5045 2235 5115; x_wconf 87' lang='grc' dir='ltr'>γνώσει</span> <span class='ocrx_word' id='word_1_861' title='bbox 2265 5045 2440 5116; x_wconf 81' lang='grc' dir='ltr'>αὐτῆς</span> <span class='ocrx_word' id='word_1_862' title='bbox 2468 5046 2703 5114; x_wconf 88' lang='grc' dir='ltr'>γίνεται,</span> <span class='ocrx_word' id='word_1_863' title='bbox 2730 5044 3079 5111; x_wconf 83' lang='grc' dir='ltr'>ἀλλοτρόπως</span> <span class='ocrx_word' id='word_1_864' title='bbox 3120 5044 3183 5099; x_wconf 72' lang='grc' dir='ltr'>δὲ</span> <span class='ocrx_word' id='word_1_865' title='bbox 3217 5043 3489 5113; x_wconf 80' lang='grc' dir='ltr'>οὐδαμῶς.</span> <span class='ocrx_word' id='word_1_866' title='bbox 3529 5037 3595 5092; x_wconf 80' lang='grc' dir='ltr'><strong>Τὸ</strong></span> 
     </span>
    </p>
   </div>
   <div class='ocr_carea' id='block_1_113' title="bbox 2032 5122 3594 5210">
    <p class='ocr_par' dir='ltr' id='par_1_113' title="bbox 2032 5122 3594 5210">
     <span class='ocr_line' id='line_1_113' title="bbox 2032 5122 3594 5210; baseline -0.007 -18"><span class='ocrx_word' id='word_1_867' title='bbox 2032 5139 2143 5210; x_wconf 84' lang='grc' dir='ltr'><strong>γάρ</strong></span> <span class='ocrx_word' id='word_1_868' title='bbox 2172 5138 2333 5210; x_wconf 87' lang='grc' dir='ltr'>σῶμα</span> <span class='ocrx_word' id='word_1_869' title='bbox 2365 5136 2649 5192; x_wconf 77' lang='grc' dir='ltr'>δουλοῦται</span> <span class='ocrx_word' id='word_1_870' title='bbox 2695 5122 2789 5191; x_wconf 77' lang='grc' dir='ltr'><strong>καὶ</strong></span> <span class='ocrx_word' id='word_1_871' title='bbox 2821 5136 3126 5207; x_wconf 79' lang='grc' dir='ltr'>δεσμείται,</span> <span class='ocrx_word' id='word_1_872' title='bbox 3193 5134 3291 5189; x_wconf 75' lang='grc' dir='ltr'>καὶ</span> <span class='ocrx_word' id='word_1_873' title='bbox 3346 5135 3489 5187; x_wconf 78' lang='grc' dir='ltr'>ἐστιν</span> <span class='ocrx_word' id='word_1_874' title='bbox 3513 5133 3594 5184; x_wconf 85' lang='grc' dir='ltr'><strong>ὅτε</strong></span> 
     </span>
    </p>
   </div>
   <div class='ocr_carea' id='block_1_114' title="bbox 2034 5222 3591 5300">
    <p class='ocr_par' dir='ltr' id='par_1_114' title="bbox 2034 5222 3591 5300">
     <span class='ocr_line' id='line_1_114' title="bbox 2034 5222 3591 5300; baseline -0.001 -18"><span class='ocrx_word' id='word_1_875' title='bbox 2034 5228 2131 5282; x_wconf 73' lang='grc' dir='ltr'><strong>καὶ</strong></span> <span class='ocrx_word' id='word_1_876' title='bbox 2163 5228 2233 5282; x_wconf 79' lang='grc' dir='ltr'>τὰ</span> <span class='ocrx_word' id='word_1_877' title='bbox 2286 5227 2364 5300; x_wconf 85' lang='grc' dir='ltr'>μὴ</span> <span class='ocrx_word' id='word_1_878' title='bbox 2412 5227 2636 5282; x_wconf 85' lang='grc' dir='ltr'>θέλοντα</span> <span class='ocrx_word' id='word_1_879' title='bbox 2698 5228 2951 5297; x_wconf 88' lang='grc' dir='ltr'>πράττει.</span> <span class='ocrx_word' id='word_1_880' title='bbox 3002 5226 3125 5279; x_wconf 78' lang='grc' dir='ltr'><strong>Ἐπὶ</strong></span> <span class='ocrx_word' id='word_1_881' title='bbox 3174 5224 3235 5278; x_wconf 79' lang='grc' dir='ltr'>δὲ</span> <span class='ocrx_word' id='word_1_882' title='bbox 3269 5224 3372 5296; x_wconf 81' lang='grc' dir='ltr'>τῆς</span> <span class='ocrx_word' id='word_1_883' title='bbox 3425 5222 3591 5293; x_wconf 74' lang='grc' dir='ltr'>ψυχῆς</span> 
     </span>
    </p>
   </div>
   <div class='ocr_carea' id='block_1_115' title="bbox 2034 5312 3594 5392">
    <p class='ocr_par' dir='ltr' id='par_1_115' title="bbox 2034 5312 3594 5392">
     <span class='ocr_line' id='line_1_115' title="bbox 2034 5312 3594 5392; baseline -0.008 -17"><span class='ocrx_word' id='word_1_884' title='bbox 2034 5321 2133 5392; x_wconf 80' lang='grc' dir='ltr'><strong>οὐχ</strong></span> <span class='ocrx_word' id='word_1_885' title='bbox 2179 5320 2375 5385; x_wconf 72' lang='grc' dir='ltr'>οὕτως,</span> <span class='ocrx_word' id='word_1_886' title='bbox 2400 5319 2540 5374; x_wconf 80' lang='grc' dir='ltr'>ἀλλὰ</span> <span class='ocrx_word' id='word_1_887' title='bbox 2568 5318 2811 5390; x_wconf 82' lang='grc' dir='ltr'>θελήσει,</span> <span class='ocrx_word' id='word_1_888' title='bbox 2866 5319 2962 5372; x_wconf 79' lang='grc' dir='ltr'>καὶ</span> <span class='ocrx_word' id='word_1_889' title='bbox 3013 5316 3221 5388; x_wconf 85' lang='grc' dir='ltr'>κρίσει,</span> <span class='ocrx_word' id='word_1_890' title='bbox 3260 5317 3357 5369; x_wconf 89' lang='grc' dir='ltr'>καὶ</span> <span class='ocrx_word' id='word_1_891' title='bbox 3381 5312 3594 5382; x_wconf 81' lang='grc' dir='ltr'>γνώσει.</span> 
     </span>
    </p>
   </div>
   <div class='ocr_carea' id='block_1_116' title="bbox 2032 5402 3595 5484">
    <p class='ocr_par' dir='ltr' id='par_1_116' title="bbox 2032 5402 3595 5484">
     <span class='ocr_line' id='line_1_116' title="bbox 2032 5402 3595 5484; baseline -0.009 -18"><span class='ocrx_word' id='word_1_892' title='bbox 2032 5414 2127 5467; x_wconf 71' lang='grc' dir='ltr'>καὶ</span> <span class='ocrx_word' id='word_1_893' title='bbox 2144 5411 2488 5484; x_wconf 73' lang='grc' dir='ltr'>προαιρέσει,</span> <span class='ocrx_word' id='word_1_894' title='bbox 2523 5411 2750 5465; x_wconf 74' lang='grc' dir='ltr'>καὶτῶν</span> <span class='ocrx_word' id='word_1_895' title='bbox 2773 5410 3135 5465; x_wconf 86' lang='grc' dir='ltr'>πιστευόντων</span> <span class='ocrx_word' id='word_1_896' title='bbox 3169 5405 3322 5477; x_wconf 78' lang='grc' dir='ltr'>αὐτῷ</span> <span class='ocrx_word' id='word_1_897' title='bbox 3350 5407 3407 5458; x_wconf 77' lang='grc' dir='ltr'>ἐν</span> <span class='ocrx_word' id='word_1_898' title='bbox 3432 5402 3595 5474; x_wconf 82' lang='grc' dir='ltr'>κρίσει</span> 
     </span>
    </p>
   </div>
   <div class='ocr_carea' id='block_1_117' title="bbox 2031 5496 3595 5575">
    <p class='ocr_par' dir='ltr' id='par_1_117' title="bbox 2031 5496 3595 5575">
     <span class='ocr_line' id='line_1_117' title="bbox 2031 5496 3595 5575; baseline -0.01 -17"><span class='ocrx_word' id='word_1_899' title='bbox 2031 5504 2125 5558; x_wconf 73' lang='grc' dir='ltr'><strong>καὶ</strong></span> <span class='ocrx_word' id='word_1_900' title='bbox 2154 5504 2385 5575; x_wconf 71' lang='grc' dir='ltr'>ἀληθείᾳ</span> <span class='ocrx_word' id='word_1_901' title='bbox 2404 5503 2553 5558; x_wconf 75' lang='grc' dir='ltr'>ἐστὶν</span> <span class='ocrx_word' id='word_1_902' title='bbox 2572 5502 2602 5555; x_wconf 88' lang='lat'><strong>6</strong></span> <span class='ocrx_word' id='word_1_903' title='bbox 2642 5501 2797 5568; x_wconf 78' lang='grc' dir='ltr'>Θεὸς,</span> <span class='ocrx_word' id='word_1_904' title='bbox 2828 5500 3268 5573; x_wconf 82' lang='grc' dir='ltr'>καρδιογνώστης</span> <span class='ocrx_word' id='word_1_905' title='bbox 3305 5496 3412 5568; x_wconf 86' lang='grc' dir='ltr'><strong>γάρ</strong></span> <span class='ocrx_word' id='word_1_906' title='bbox 3442 5496 3595 5546; x_wconf 68' lang='grc' dir='ltr'>ἐστιν.</span> 
     </span>
    </p>
   </div>
   <div class='ocr_carea' id='block_1_118' title="bbox 2035 5580 3594 5666">
    <p class='ocr_par' dir='ltr' id='par_1_118' title="bbox 2035 5580 3594 5666">
     <span class='ocr_line' id='line_1_118' title="bbox 2035 5580 3594 5666; baseline -0.008 -16"><span class='ocrx_word' id='word_1_907' title='bbox 2035 5596 2173 5650; x_wconf 72' lang='grc' dir='ltr'>οὐδὲ</span> <span class='ocrx_word' id='word_1_908' title='bbox 2191 5596 2299 5666; x_wconf 77' lang='grc' dir='ltr'>γὰρ</span> <span class='ocrx_word' id='word_1_909' title='bbox 2322 5594 2509 5666; x_wconf 83' lang='grc' dir='ltr'>βλέπει</span> <span class='ocrx_word' id='word_1_910' title='bbox 2537 5595 2617 5660; x_wconf 82' lang='grc' dir='ltr'><strong>είς</strong></span> <span class='ocrx_word' id='word_1_911' title='bbox 2641 5595 2957 5666; x_wconf 84' lang='grc' dir='ltr'>πρόσωπον,</span> <span class='ocrx_word' id='word_1_912' title='bbox 2978 5590 3094 5647; x_wconf 75' lang='grc' dir='ltr'>ἀλλ’</span> <span class='ocrx_word' id='word_1_913' title='bbox 3114 5591 3197 5654; x_wconf 83' lang='grc' dir='ltr'><strong>είς</strong></span> <span class='ocrx_word' id='word_1_914' title='bbox 3215 5588 3465 5660; x_wconf 80' lang='grc' dir='ltr'>καρδίαν.</span> <span class='ocrx_word' id='word_1_915' title='bbox 3495 5580 3594 5637; x_wconf 76' lang='grc' dir='ltr'><strong>Καὶ</strong></span> 
     </span>
    </p>
   </div>
  </div>
