  <div class='ocr_page' id='page_1' title='image "/cluster/home/n/w/nwhite01/storage/ocr_20150623/154/hvd.32044073505299/290.png"; bbox 0 0 3970 6212; ppageno 0'>
   <div class='ocr_carea' id='block_1_1' title="bbox 378 402 492 465">
    <p class='ocr_par' dir='ltr' id='par_1_1' title="bbox 378 402 492 465">
     <span class='ocr_line' id='line_1_1' title="bbox 378 402 492 465; baseline -0.009 0"><span class='ocrx_word' id='word_1_1' title='bbox 378 402 492 465; x_wconf 68' lang='grc'><strong>545</strong></span> 
     </span>
    </p>
   </div>
   <div class='ocr_carea' id='block_1_2' title="bbox 1327 395 2712 465">
    <p class='ocr_par' dir='ltr' id='par_1_2' title="bbox 1327 395 2712 465">
     <span class='ocr_line' id='line_1_2' title="bbox 1327 395 2712 465; baseline 0.005 -7"><span class='ocrx_word' id='word_1_2' title='bbox 1327 399 1625 460; x_wconf 76' lang='lat' dir='ltr'><strong>CONTRA</strong></span> <span class='ocrx_word' id='word_1_3' title='bbox 1671 395 2160 462; x_wconf 72' lang='grc' dir='ltr'><strong>ΜΑΗΟΜΕΤΕΜ</strong></span> <span class='ocrx_word' id='word_1_4' title='bbox 2199 399 2571 462; x_wconf 81' lang='lat' dir='ltr'><strong>APOLOGIA</strong></span> <span class='ocrx_word' id='word_1_5' title='bbox 2615 401 2712 465; x_wconf 82' lang='lat' dir='ltr'><strong>IV.</strong></span> 
     </span>
    </p>
   </div>
   <div class='ocr_carea' id='block_1_3' title="bbox 3527 399 3634 472">
    <p class='ocr_par' dir='ltr' id='par_1_3' title="bbox 3527 399 3634 472">
     <span class='ocr_line' id='line_1_3' title="bbox 3527 399 3634 472; baseline 0 0"><span class='ocrx_word' id='word_1_6' title='bbox 3527 399 3634 472; x_wconf 68' lang='lat' dir='ltr'><strong>5m</strong></span> 
     </span>
    </p>
   </div>
   <div class='ocr_carea' id='block_1_4' title="bbox 379 510 1955 587">
    <p class='ocr_par' dir='ltr' id='par_1_4' title="bbox 379 510 1941 584">
     <span class='ocr_line' id='line_1_4' title="bbox 379 510 1941 584; baseline -0.004 -14"><span class='ocrx_word' id='word_1_7' title='bbox 379 515 518 584; x_wconf 69' lang='grc' dir='ltr'>ἅπερ</span> <span class='ocrx_word' id='word_1_8' title='bbox 541 513 610 566; x_wconf 84' lang='grc' dir='ltr'>τὰ</span> <span class='ocrx_word' id='word_1_9' title='bbox 631 512 804 582; x_wconf 80' lang='grc' dir='ltr'>άλογα</span> <span class='ocrx_word' id='word_1_10' title='bbox 824 512 939 576; x_wconf 75' lang='grc' dir='ltr'>ζῶα</span> <span class='ocrx_word' id='word_1_11' title='bbox 962 512 1110 582; x_wconf 81' lang='grc' dir='ltr'>νόμῳ</span> <span class='ocrx_word' id='word_1_12' title='bbox 1128 512 1345 581; x_wconf 72' lang='grc' dir='ltr'>φύσεως</span> <span class='ocrx_word' id='word_1_13' title='bbox 1363 513 1427 566; x_wconf 81' lang='grc' dir='ltr'>οὐ</span> <span class='ocrx_word' id='word_1_14' title='bbox 1452 510 1687 576; x_wconf 74' lang='grc' dir='ltr'>ποιοῦσι,</span> <span class='ocrx_word' id='word_1_15' title='bbox 1710 514 1883 566; x_wconf 84' lang='grc' dir='ltr'>ταυτα</span> <span class='ocrx_word' id='word_1_16' title='bbox 1912 513 1941 564; x_wconf 88' lang='grc' dir='ltr'><strong>ό</strong></span> 
     </span>
    </p>
   </div>
   <div class='ocr_carea' id='block_1_5' title="bbox 2062 510 3628 587">
    <p class='ocr_par' dir='ltr' id='par_1_5' title="bbox 2062 513 3628 587">
     <span class='ocr_line' id='line_1_5' title="bbox 2062 513 3628 587; baseline 0.004 -21"><span class='ocrx_word' id='word_1_17' title='bbox 2062 521 2130 566; x_wconf 65' lang='lat' dir='ltr'><strong>est</strong></span> <span class='ocrx_word' id='word_1_18' title='bbox 2169 513 2276 580; x_wconf 89' lang='lat' dir='ltr'><strong>(est</strong></span> <span class='ocrx_word' id='word_1_19' title='bbox 2319 513 2466 566; x_wconf 87' lang='lat' dir='ltr'><strong>enim</strong></span> <span class='ocrx_word' id='word_1_20' title='bbox 2520 513 2770 568; x_wconf 90' lang='lat' dir='ltr'><strong>cordium</strong></span> <span class='ocrx_word' id='word_1_21' title='bbox 2799 513 3126 582; x_wconf 74' lang='lat' dir='ltr'><strong>scrutator),</strong></span> <span class='ocrx_word' id='word_1_22' title='bbox 3169 529 3271 571; x_wconf 90' lang='lat' dir='ltr'><strong>nec</strong></span> <span class='ocrx_word' id='word_1_23' title='bbox 3301 531 3628 587; x_wconf 84' lang='lat' dir='ltr'><strong>personam,</strong></span> 
     </span>
    </p>
   </div>
   <div class='ocr_carea' id='block_1_6' title="bbox 377 601 1948 675">
    <p class='ocr_par' dir='ltr' id='par_1_6' title="bbox 377 601 1948 675">
     <span class='ocr_line' id='line_1_6' title="bbox 377 601 1948 675; baseline -0.003 -13"><span class='ocrx_word' id='word_1_24' title='bbox 377 606 619 675; x_wconf 80' lang='grc' dir='ltr'>Μωάμεθ</span> <span class='ocrx_word' id='word_1_25' title='bbox 659 606 964 675; x_wconf 86' lang='grc' dir='ltr'>νομοθετεῖ.</span> <span class='ocrx_word' id='word_1_26' title='bbox 997 605 1094 668; x_wconf 88' lang='grc' dir='ltr'>Τίς</span> <span class='ocrx_word' id='word_1_27' title='bbox 1127 610 1237 674; x_wconf 83' lang='grc' dir='ltr'>γὰρ</span> <span class='ocrx_word' id='word_1_28' title='bbox 1270 601 1376 657; x_wconf 75' lang='grc' dir='ltr'>εἶδε</span> <span class='ocrx_word' id='word_1_29' title='bbox 1402 605 1595 658; x_wconf 80' lang='grc' dir='ltr'>λέοντα</span> <span class='ocrx_word' id='word_1_30' title='bbox 1613 605 1804 658; x_wconf 78' lang='grc' dir='ltr'>λέοντα</span> <span class='ocrx_word' id='word_1_31' title='bbox 1843 622 1948 673; x_wconf 83' lang='grc' dir='ltr'>φα-</span> 
     </span>
    </p>
   </div>
   <div class='ocr_carea' id='block_1_7' title="bbox 375 688 1949 767">
    <p class='ocr_par' dir='ltr' id='par_1_7' title="bbox 375 688 1949 767">
     <span class='ocr_line' id='line_1_7' title="bbox 375 688 1949 767; baseline -0.002 -18"><span class='ocrx_word' id='word_1_32' title='bbox 375 700 512 766; x_wconf 80' lang='grc' dir='ltr'>γεῖν,</span> <span class='ocrx_word' id='word_1_33' title='bbox 534 697 569 767; x_wconf 79' lang='grc' dir='ltr'><strong>ἢ</strong></span> <span class='ocrx_word' id='word_1_34' title='bbox 591 696 794 767; x_wconf 75' lang='grc' dir='ltr'>ἄρκτον</span> <span class='ocrx_word' id='word_1_35' title='bbox 815 696 1040 766; x_wconf 78' lang='grc' dir='ltr'><strong>ἄρκτον,</strong></span> <span class='ocrx_word' id='word_1_36' title='bbox 1057 696 1092 766; x_wconf 78' lang='grc' dir='ltr'>ἢ</span> <span class='ocrx_word' id='word_1_37' title='bbox 1131 695 1404 763; x_wconf 76' lang='grc' dir='ltr'><strong>πάρδαλιν</strong></span> <span class='ocrx_word' id='word_1_38' title='bbox 1437 695 1702 765; x_wconf 77' lang='grc' dir='ltr'><strong>πάρδαλιν</strong></span> <span class='ocrx_word' id='word_1_39' title='bbox 1727 711 1742 759; x_wconf 92' lang='lat'><strong>;</strong></span> <span class='ocrx_word' id='word_1_40' title='bbox 1776 688 1949 758; x_wconf 75' lang='grc' dir='ltr'>Οὗτος</span> 
     </span>
    </p>
   </div>
   <div class='ocr_carea' id='block_1_8' title="bbox 376 784 1948 855">
    <p class='ocr_par' dir='ltr' id='par_1_8' title="bbox 376 784 1948 855">
     <span class='ocr_line' id='line_1_8' title="bbox 376 784 1948 855; baseline -0.001 -15"><span class='ocrx_word' id='word_1_41' title='bbox 376 787 428 840; x_wconf 78' lang='grc' dir='ltr'>δὲ</span> <span class='ocrx_word' id='word_1_42' title='bbox 450 784 758 852; x_wconf 74' lang='grc' dir='ltr'>ἀναφανδὸν</span> <span class='ocrx_word' id='word_1_43' title='bbox 785 784 1023 838; x_wconf 80' lang='grc' dir='ltr'><strong>διδάσκει</strong></span> <span class='ocrx_word' id='word_1_44' title='bbox 1046 784 1292 852; x_wconf 78' lang='grc' dir='ltr'><strong>φονεύειν</strong></span> <span class='ocrx_word' id='word_1_45' title='bbox 1308 785 1398 838; x_wconf 75' lang='grc' dir='ltr'><strong>τὸν</strong></span> <span class='ocrx_word' id='word_1_46' title='bbox 1421 785 1706 855; x_wconf 75' lang='grc' dir='ltr'>ἄνθρωπον</span> <span class='ocrx_word' id='word_1_47' title='bbox 1735 785 1948 854; x_wconf 79' lang='grc' dir='ltr'>ἀνθρω-</span> 
     </span>
    </p>
   </div>
   <div class='ocr_carea' id='block_1_9' title="bbox 316 874 1949 948">
    <p class='ocr_par' dir='ltr' id='par_1_9' title="bbox 316 874 1949 948">
     <span class='ocr_line' id='line_1_9' title="bbox 316 874 1949 948; baseline -0.001 -17"><span class='ocrx_word' id='word_1_48' title='bbox 316 877 320 881; x_wconf 31' lang='grc' dir='ltr'><strong>λ</strong></span> <span class='ocrx_word' id='word_1_49' title='bbox 379 893 497 931; x_wconf 88' lang='grc' dir='ltr'>πον.</span> <span class='ocrx_word' id='word_1_50' title='bbox 522 877 636 930; x_wconf 74' lang='grc' dir='ltr'><strong>Καὶ</strong></span> <span class='ocrx_word' id='word_1_51' title='bbox 670 874 756 938; x_wconf 87' lang='grc' dir='ltr'><strong>τίς</strong></span> <span class='ocrx_word' id='word_1_52' title='bbox 783 876 1034 946; x_wconf 87' lang='grc' dir='ltr'>μάταιος,</span> <span class='ocrx_word' id='word_1_53' title='bbox 1061 878 1215 940; x_wconf 78' lang='grc' dir='ltr'>ὅστις</span> <span class='ocrx_word' id='word_1_54' title='bbox 1263 876 1452 948; x_wconf 79' lang='grc' dir='ltr'>μέλλει</span> <span class='ocrx_word' id='word_1_55' title='bbox 1490 876 1737 943; x_wconf 77' lang='grc' dir='ltr'><strong>δέξεσθαι</strong></span> <span class='ocrx_word' id='word_1_56' title='bbox 1759 876 1949 930; x_wconf 82' lang='grc' dir='ltr'>τοῦτον</span> 
     </span>
    </p>
   </div>
   <div class='ocr_carea' id='block_1_10' title="bbox 376 966 1950 1040">
    <p class='ocr_par' dir='ltr' id='par_1_10' title="bbox 376 966 1950 1040">
     <span class='ocr_line' id='line_1_10' title="bbox 376 966 1950 1040; baseline 0.003 -20"><span class='ocrx_word' id='word_1_57' title='bbox 376 966 515 1021; x_wconf 79' lang='grc' dir='ltr'>εἶναι</span> <span class='ocrx_word' id='word_1_58' title='bbox 536 967 645 1022; x_wconf 81' lang='grc' dir='ltr'><strong>ἀπὸ</strong></span> <span class='ocrx_word' id='word_1_59' title='bbox 662 967 800 1021; x_wconf 87' lang='grc' dir='ltr'><strong>Θεοῦ</strong></span> <span class='ocrx_word' id='word_1_60' title='bbox 817 985 832 1033; x_wconf 90' lang='grc'><strong>;</strong></span> <span class='ocrx_word' id='word_1_61' title='bbox 849 969 970 1023; x_wconf 77' lang='grc' dir='ltr'>οὐδὲ</span> <span class='ocrx_word' id='word_1_62' title='bbox 989 969 1101 1039; x_wconf 84' lang='grc' dir='ltr'><strong>γὰρ</strong></span> <span class='ocrx_word' id='word_1_63' title='bbox 1116 969 1371 1040; x_wconf 79' lang='grc' dir='ltr'>ἀρπαγάς</span> <span class='ocrx_word' id='word_1_64' title='bbox 1387 970 1481 1023; x_wconf 76' lang='grc' dir='ltr'>καὶ</span> <span class='ocrx_word' id='word_1_65' title='bbox 1499 971 1691 1040; x_wconf 82' lang='grc' dir='ltr'>φόνους</span> <span class='ocrx_word' id='word_1_66' title='bbox 1708 971 1950 1026; x_wconf 73' lang='grc' dir='ltr'><strong>διδάσκει</strong></span> 
     </span>
    </p>
   </div>
   <div class='ocr_carea' id='block_1_11' title="bbox 375 1059 1951 1129">
    <p class='ocr_par' dir='ltr' id='par_1_11' title="bbox 375 1059 1951 1129">
     <span class='ocr_line' id='line_1_11' title="bbox 375 1059 1951 1129; baseline 0.003 -18"><span class='ocrx_word' id='word_1_67' title='bbox 375 1059 527 1122; x_wconf 84' lang='grc' dir='ltr'>Θεός.</span> <span class='ocrx_word' id='word_1_68' title='bbox 565 1059 708 1129; x_wconf 80' lang='grc' dir='ltr'>Πρὸς</span> <span class='ocrx_word' id='word_1_69' title='bbox 731 1060 788 1113; x_wconf 83' lang='grc' dir='ltr'>δὲ</span> <span class='ocrx_word' id='word_1_70' title='bbox 819 1061 1054 1126; x_wconf 77' lang='grc' dir='ltr'><strong>τούτοις,</strong></span> <span class='ocrx_word' id='word_1_71' title='bbox 1081 1061 1166 1114; x_wconf 86' lang='grc' dir='ltr'>ὅτι</span> <span class='ocrx_word' id='word_1_72' title='bbox 1193 1061 1289 1116; x_wconf 69' lang='grc' dir='ltr'>καὶ</span> <span class='ocrx_word' id='word_1_73' title='bbox 1316 1061 1488 1115; x_wconf 88' lang='grc' dir='ltr'>κακία</span> <span class='ocrx_word' id='word_1_74' title='bbox 1520 1061 1720 1126; x_wconf 82' lang='grc' dir='ltr'>κακίας</span> <span class='ocrx_word' id='word_1_75' title='bbox 1748 1062 1951 1116; x_wconf 75' lang='grc' dir='ltr'><strong>ἁλλάσ⁶</strong></span> 
     </span>
    </p>
   </div>
   <div class='ocr_carea' id='block_1_12' title="bbox 382 1151 1948 1226">
    <p class='ocr_par' dir='ltr' id='par_1_12' title="bbox 382 1151 1948 1226">
     <span class='ocr_line' id='line_1_12' title="bbox 382 1151 1948 1226; baseline 0.003 -23"><span class='ocrx_word' id='word_1_76' title='bbox 382 1167 558 1205; x_wconf 86' lang='grc' dir='ltr'>σεται.</span> <span class='ocrx_word' id='word_1_77' title='bbox 591 1151 760 1219; x_wconf 79' lang='grc' dir='ltr'>Λέγει</span> <span class='ocrx_word' id='word_1_78' title='bbox 790 1152 923 1222; x_wconf 83' lang='grc' dir='ltr'>γὰρ,</span> <span class='ocrx_word' id='word_1_79' title='bbox 954 1151 1036 1205; x_wconf 84' lang='grc' dir='ltr'>ὅτι</span> <span class='ocrx_word' id='word_1_80' title='bbox 1071 1151 1145 1206; x_wconf 83' lang='grc' dir='ltr'><strong>Ἦ</strong></span> <span class='ocrx_word' id='word_1_81' title='bbox 1186 1152 1630 1218; x_wconf 73' lang='grc' dir='ltr'>ἀποθανέτωσαν,</span> <span class='ocrx_word' id='word_1_82' title='bbox 1659 1153 1693 1226; x_wconf 72' lang='grc' dir='ltr'>ἢ</span> <span class='ocrx_word' id='word_1_83' title='bbox 1742 1153 1948 1224; x_wconf 87' lang='grc' dir='ltr'>φόρους</span> 
     </span>
    </p>
   </div>
   <div class='ocr_carea' id='block_1_13' title="bbox 375 1242 1947 1318">
    <p class='ocr_par' dir='ltr' id='par_1_13' title="bbox 375 1242 1947 1318">
     <span class='ocr_line' id='line_1_13' title="bbox 375 1242 1947 1318; baseline 0.003 -22"><span class='ocrx_word' id='word_1_84' title='bbox 375 1243 694 1305; x_wconf 81' lang='grc' dir='ltr'><strong>διδότωσαν,</strong></span> <span class='ocrx_word' id='word_1_85' title='bbox 750 1243 844 1296; x_wconf 72' lang='grc' dir='ltr'>καὶ</span> <span class='ocrx_word' id='word_1_86' title='bbox 901 1242 1228 1298; x_wconf 71' lang='grc' dir='ltr'>ἀλλάσσεται</span> <span class='ocrx_word' id='word_1_87' title='bbox 1300 1243 1462 1313; x_wconf 76' lang='grc' dir='ltr'>φόνος</span> <span class='ocrx_word' id='word_1_88' title='bbox 1513 1245 1947 1318; x_wconf 73' lang='grc' dir='ltr'><strong>φιλοχρηματίᾳ.</strong></span> 
     </span>
    </p>
   </div>
   <div class='ocr_carea' id='block_1_14' title="bbox 279 1333 1952 1407">
    <p class='ocr_par' dir='ltr' id='par_1_14' title="bbox 279 1333 1952 1407">
     <span class='ocr_line' id='line_1_14' title="bbox 279 1333 1952 1407; baseline 0.003 -21"><span class='ocrx_word' id='word_1_89' title='bbox 279 1345 286 1351; x_wconf 84' lang='lat'>&#39;</span> <span class='ocrx_word' id='word_1_90' title='bbox 375 1335 451 1387; x_wconf 82' lang='grc' dir='ltr'><strong>Οὐ</strong></span> <span class='ocrx_word' id='word_1_91' title='bbox 487 1334 649 1403; x_wconf 86' lang='grc' dir='ltr'>μόνον</span> <span class='ocrx_word' id='word_1_92' title='bbox 678 1333 737 1387; x_wconf 75' lang='grc' dir='ltr'>δὲ</span> <span class='ocrx_word' id='word_1_93' title='bbox 772 1335 937 1404; x_wconf 79' lang='grc' dir='ltr'>μέχρι</span> <span class='ocrx_word' id='word_1_94' title='bbox 967 1335 1221 1406; x_wconf 80' lang='grc' dir='ltr'>τούτουή</span> <span class='ocrx_word' id='word_1_95' title='bbox 1271 1336 1442 1389; x_wconf 86' lang='grc' dir='ltr'>κακία</span> <span class='ocrx_word' id='word_1_96' title='bbox 1472 1335 1629 1407; x_wconf 64' lang='grc' dir='ltr'>ἔστη,</span> <span class='ocrx_word' id='word_1_97' title='bbox 1679 1336 1818 1391; x_wconf 87' lang='grc' dir='ltr'><strong>ἀλλά</strong></span> <span class='ocrx_word' id='word_1_98' title='bbox 1855 1337 1952 1392; x_wconf 82' lang='grc' dir='ltr'>καὶ</span> 
     </span>
    </p>
   </div>
   <div class='ocr_carea' id='block_1_15' title="bbox 377 1427 1952 1502">
    <p class='ocr_par' dir='ltr' id='par_1_15' title="bbox 377 1427 1952 1502">
     <span class='ocr_line' id='line_1_15' title="bbox 377 1427 1952 1502; baseline 0.004 -24"><span class='ocrx_word' id='word_1_99' title='bbox 377 1427 691 1498; x_wconf 77' lang='grc' dir='ltr'>περαιτέρω</span> <span class='ocrx_word' id='word_1_100' title='bbox 712 1427 946 1498; x_wconf 76' lang='grc' dir='ltr'>προέϐη.</span> <span class='ocrx_word' id='word_1_101' title='bbox 996 1427 1064 1480; x_wconf 85' lang='grc' dir='ltr'>Τί</span> <span class='ocrx_word' id='word_1_102' title='bbox 1093 1429 1201 1498; x_wconf 83' lang='grc' dir='ltr'>γὰρ</span> <span class='ocrx_word' id='word_1_103' title='bbox 1251 1429 1352 1498; x_wconf 83' lang='grc' dir='ltr'>τῆς</span> <span class='ocrx_word' id='word_1_104' title='bbox 1385 1429 1644 1500; x_wconf 79' lang='grc' dir='ltr'>τοιαύτης</span> <span class='ocrx_word' id='word_1_105' title='bbox 1663 1429 1952 1502; x_wconf 80' lang='grc' dir='ltr'>ὠμότητος</span> 
     </span>
    </p>
   </div>
   <div class='ocr_carea' id='block_1_16' title="bbox 377 1510 1948 1592">
    <p class='ocr_par' dir='ltr' id='par_1_16' title="bbox 377 1510 1948 1592">
     <span class='ocr_line' id='line_1_16' title="bbox 377 1510 1948 1592; baseline 0.003 -20"><span class='ocrx_word' id='word_1_106' title='bbox 377 1519 476 1573; x_wconf 70' lang='grc' dir='ltr'>καὶ</span> <span class='ocrx_word' id='word_1_107' title='bbox 518 1510 937 1589; x_wconf 77' lang='grc' dir='ltr'>μισανθρωπίας</span> <span class='ocrx_word' id='word_1_108' title='bbox 963 1521 1146 1590; x_wconf 78' lang='grc' dir='ltr'>χεῖρον</span> <span class='ocrx_word' id='word_1_109' title='bbox 1181 1519 1380 1588; x_wconf 75' lang='grc' dir='ltr'>γένοιτ’</span> <span class='ocrx_word' id='word_1_110' title='bbox 1402 1519 1491 1588; x_wconf 80' lang='grc' dir='ltr'><strong>ἀν,</strong></span> <span class='ocrx_word' id='word_1_111' title='bbox 1523 1521 1666 1576; x_wconf 83' lang='grc' dir='ltr'>ὥστε</span> <span class='ocrx_word' id='word_1_112' title='bbox 1696 1522 1948 1592; x_wconf 88' lang='grc' dir='ltr'>φονεύειν</span> 
     </span>
    </p>
   </div>
   <div class='ocr_carea' id='block_1_17' title="bbox 382 1611 1954 1684">
    <p class='ocr_par' dir='ltr' id='par_1_17' title="bbox 382 1611 1954 1684">
     <span class='ocr_line' id='line_1_17' title="bbox 382 1611 1954 1684; baseline 0.003 -20"><span class='ocrx_word' id='word_1_113' title='bbox 382 1612 554 1683; x_wconf 78' lang='grc' dir='ltr'>μηδὲν</span> <span class='ocrx_word' id='word_1_114' title='bbox 582 1611 920 1682; x_wconf 74' lang='grc' dir='ltr'>ἠδικηκότας</span> <span class='ocrx_word' id='word_1_115' title='bbox 944 1629 962 1679; x_wconf 90' lang='lat'><strong>;</strong></span> <span class='ocrx_word' id='word_1_116' title='bbox 999 1611 1097 1666; x_wconf 77' lang='grc' dir='ltr'>καὶ</span> <span class='ocrx_word' id='word_1_117' title='bbox 1125 1614 1238 1684; x_wconf 81' lang='grc' dir='ltr'><strong>γάρ</strong></span> <span class='ocrx_word' id='word_1_118' title='bbox 1260 1615 1462 1669; x_wconf 77' lang='grc' dir='ltr'>ὁπόταν</span> <span class='ocrx_word' id='word_1_119' title='bbox 1487 1613 1768 1668; x_wconf 70' lang='grc' dir='ltr'>ἀπέλθωσι</span> <span class='ocrx_word' id='word_1_120' title='bbox 1800 1616 1954 1670; x_wconf 78' lang='lat' dir='ltr'><strong>Mou-</strong></span> 
     </span>
    </p>
   </div>
   <div class='ocr_carea' id='block_1_18' title="bbox 379 1703 1954 1779">
    <p class='ocr_par' dir='ltr' id='par_1_18' title="bbox 379 1703 1954 1779">
     <span class='ocr_line' id='line_1_18' title="bbox 379 1703 1954 1779; baseline 0.002 -23"><span class='ocrx_word' id='word_1_121' title='bbox 379 1703 677 1774; x_wconf 83' lang='grc' dir='ltr'>σουλμάνοι</span> <span class='ocrx_word' id='word_1_122' title='bbox 711 1703 852 1776; x_wconf 82' lang='grc' dir='ltr'>πρὸς</span> <span class='ocrx_word' id='word_1_123' title='bbox 907 1703 1172 1774; x_wconf 80' lang='grc' dir='ltr'>πόλεμον,</span> <span class='ocrx_word' id='word_1_124' title='bbox 1205 1705 1314 1759; x_wconf 63' lang='grc' dir='ltr'>καὶ</span> <span class='ocrx_word' id='word_1_125' title='bbox 1349 1705 1410 1759; x_wconf 73' lang='grc' dir='ltr'>ιν</span> <span class='ocrx_word' id='word_1_126' title='bbox 1430 1705 1508 1777; x_wconf 82' lang='grc' dir='ltr'><strong>τῷ</strong></span> <span class='ocrx_word' id='word_1_127' title='bbox 1541 1705 1766 1778; x_wconf 82' lang='grc' dir='ltr'>πολέμῳ</span> <span class='ocrx_word' id='word_1_128' title='bbox 1809 1707 1954 1779; x_wconf 79' lang='grc' dir='ltr'>πέσῃ</span> 
     </span>
    </p>
   </div>
   <div class='ocr_carea' id='block_1_19' title="bbox 377 1791 1950 1866">
    <p class='ocr_par' dir='ltr' id='par_1_19' title="bbox 377 1791 1950 1866">
     <span class='ocr_line' id='line_1_19' title="bbox 377 1791 1950 1866; baseline 0.003 -22"><span class='ocrx_word' id='word_1_129' title='bbox 377 1807 463 1854; x_wconf 85' lang='grc' dir='ltr'><strong>τις</strong></span> <span class='ocrx_word' id='word_1_130' title='bbox 496 1791 558 1855; x_wconf 75' lang='grc' dir='ltr'><strong>ἐξ</strong></span> <span class='ocrx_word' id='word_1_131' title='bbox 595 1791 794 1858; x_wconf 79' lang='grc' dir='ltr'>αὐτῶν,</span> <span class='ocrx_word' id='word_1_132' title='bbox 847 1791 909 1846; x_wconf 80' lang='grc' dir='ltr'>οὔ</span> <span class='ocrx_word' id='word_1_133' title='bbox 949 1792 1248 1862; x_wconf 81' lang='grc' dir='ltr'>λογίζονται</span> <span class='ocrx_word' id='word_1_134' title='bbox 1304 1795 1532 1858; x_wconf 76' lang='grc' dir='ltr'>ἑαυτοὺς</span> <span class='ocrx_word' id='word_1_135' title='bbox 1581 1795 1768 1861; x_wconf 78' lang='grc' dir='ltr'>ἀξίους</span> <span class='ocrx_word' id='word_1_136' title='bbox 1807 1796 1950 1866; x_wconf 80' lang='grc' dir='ltr'>μέμ-</span> 
     </span>
    </p>
   </div>
   <div class='ocr_carea' id='block_1_20' title="bbox 375 1864 2027 1960">
    <p class='ocr_par' dir='ltr' id='par_1_20' title="bbox 375 1864 2027 1960">
     <span class='ocr_line' id='line_1_20' title="bbox 375 1864 2027 1960; baseline 0.004 -24"><span class='ocrx_word' id='word_1_137' title='bbox 375 1883 550 1950; x_wconf 74' lang='grc' dir='ltr'>ψεως,</span> <span class='ocrx_word' id='word_1_138' title='bbox 571 1883 648 1947; x_wconf 83' lang='grc' dir='ltr'><strong>ὡς</strong></span> <span class='ocrx_word' id='word_1_139' title='bbox 685 1885 896 1949; x_wconf 68' lang='grc' dir='ltr'>αἰτίους</span> <span class='ocrx_word' id='word_1_140' title='bbox 954 1885 1054 1940; x_wconf 77' lang='grc' dir='ltr'><strong>τοῦ</strong></span> <span class='ocrx_word' id='word_1_141' title='bbox 1085 1885 1350 1958; x_wconf 71' lang='grc' dir='ltr'>πολέμου,</span> <span class='ocrx_word' id='word_1_142' title='bbox 1379 1887 1496 1941; x_wconf 85' lang='grc' dir='ltr'>ἀλλ’</span> <span class='ocrx_word' id='word_1_143' title='bbox 1518 1889 1612 1943; x_wconf 69' lang='grc' dir='ltr'><strong>ἐπὶ</strong></span> <span class='ocrx_word' id='word_1_144' title='bbox 1656 1889 1718 1943; x_wconf 71' lang='grc' dir='ltr'>τὸ</span> <span class='ocrx_word' id='word_1_145' title='bbox 1755 1864 1954 1960; x_wconf 77' lang='grc' dir='ltr'>νεκρὸν</span> <span class='ocrx_word' id='word_1_146' title='bbox 1984 1864 2027 1919; x_wconf 77' lang='grc' dir='ltr'>Β</span> 
     </span>
    </p>
   </div>
   <div class='ocr_carea' id='block_1_21' title="bbox 378 1975 1954 2049">
    <p class='ocr_par' dir='ltr' id='par_1_21' title="bbox 378 1975 1954 2049">
     <span class='ocr_line' id='line_1_21' title="bbox 378 1975 1954 2049; baseline 0.005 -22"><span class='ocrx_word' id='word_1_147' title='bbox 378 1976 545 2045; x_wconf 88' lang='grc' dir='ltr'>σῶμα</span> <span class='ocrx_word' id='word_1_148' title='bbox 577 1975 672 2029; x_wconf 77' lang='grc' dir='ltr'><strong>τοῦ</strong></span> <span class='ocrx_word' id='word_1_149' title='bbox 726 1978 1080 2043; x_wconf 81' lang='grc' dir='ltr'>πεπτωκότος</span> <span class='ocrx_word' id='word_1_150' title='bbox 1111 1981 1408 2049; x_wconf 76' lang='grc' dir='ltr'>σφάττουσι</span> <span class='ocrx_word' id='word_1_151' title='bbox 1437 1980 1648 2045; x_wconf 78' lang='grc' dir='ltr'>ζῶντας</span> <span class='ocrx_word' id='word_1_152' title='bbox 1693 1982 1853 2047; x_wconf 83' lang='grc' dir='ltr'>ὅσους</span> <span class='ocrx_word' id='word_1_153' title='bbox 1887 1981 1954 2035; x_wconf 79' lang='grc' dir='ltr'>ἂν</span> 
     </span>
    </p>
   </div>
   <div class='ocr_carea' id='block_1_22' title="bbox 374 2065 1955 2144">
    <p class='ocr_par' dir='ltr' id='par_1_22' title="bbox 374 2065 1955 2144">
     <span class='ocr_line' id='line_1_22' title="bbox 374 2065 1955 2144; baseline 0.003 -27"><span class='ocrx_word' id='word_1_154' title='bbox 374 2065 582 2137; x_wconf 79' lang='grc' dir='ltr'>δυνηθῇ</span> <span class='ocrx_word' id='word_1_155' title='bbox 612 2065 865 2144; x_wconf 73' lang='grc' dir='ltr'>ἕκαστος,</span> <span class='ocrx_word' id='word_1_156' title='bbox 895 2068 988 2122; x_wconf 69' lang='grc' dir='ltr'>καὶ</span> <span class='ocrx_word' id='word_1_157' title='bbox 1027 2069 1153 2122; x_wconf 74' lang='grc' dir='ltr'>ὅσον</span> <span class='ocrx_word' id='word_1_158' title='bbox 1189 2069 1408 2134; x_wconf 84' lang='grc' dir='ltr'>πλείους</span> <span class='ocrx_word' id='word_1_159' title='bbox 1447 2070 1670 2135; x_wconf 76' lang='grc' dir='ltr'>κτείνει,</span> <span class='ocrx_word' id='word_1_160' title='bbox 1696 2070 1955 2123; x_wconf 82' lang='grc' dir='ltr'>τοσοῦτον</span> 
     </span>
    </p>
   </div>
   <div class='ocr_carea' id='block_1_23' title="bbox 375 2155 1952 2231">
    <p class='ocr_par' dir='ltr' id='par_1_23' title="bbox 375 2155 1952 2231">
     <span class='ocr_line' id='line_1_23' title="bbox 375 2155 1952 2231; baseline 0.007 -26"><span class='ocrx_word' id='word_1_161' title='bbox 375 2155 654 2226; x_wconf 65' lang='grc' dir='ltr'>ὠφέλειαν</span> <span class='ocrx_word' id='word_1_162' title='bbox 681 2156 960 2224; x_wconf 74' lang='grc' dir='ltr'>λογίζεται</span> <span class='ocrx_word' id='word_1_163' title='bbox 981 2159 1084 2229; x_wconf 49' lang='grc' dir='ltr'>,τῆς</span> <span class='ocrx_word' id='word_1_164' title='bbox 1112 2159 1210 2213; x_wconf 84' lang='grc' dir='ltr'>τοῦ</span> <span class='ocrx_word' id='word_1_165' title='bbox 1241 2161 1542 2225; x_wconf 84' lang='grc' dir='ltr'>τεθνεῶτος</span> <span class='ocrx_word' id='word_1_166' title='bbox 1565 2161 1763 2231; x_wconf 80' lang='grc' dir='ltr'>ψυχῆς.</span> <span class='ocrx_word' id='word_1_167' title='bbox 1807 2161 1872 2216; x_wconf 84' lang='grc' dir='ltr'>Εἰ</span> <span class='ocrx_word' id='word_1_168' title='bbox 1904 2160 1952 2216; x_wconf 82' lang='grc' dir='ltr'>δ’</span> 
     </span>
    </p>
   </div>
   <div class='ocr_carea' id='block_1_24' title="bbox 377 2240 1956 2330">
    <p class='ocr_par' dir='ltr' id='par_1_24' title="bbox 377 2240 1956 2330">
     <span class='ocr_line' id='line_1_24' title="bbox 377 2240 1956 2330; baseline 0.004 -30"><span class='ocrx_word' id='word_1_169' title='bbox 377 2249 514 2311; x_wconf 86' lang='grc' dir='ltr'>ίσως</span> <span class='ocrx_word' id='word_1_170' title='bbox 544 2249 654 2302; x_wconf 82' lang='grc' dir='ltr'>αὐκ</span> <span class='ocrx_word' id='word_1_171' title='bbox 679 2249 793 2319; x_wconf 73' lang='grc' dir='ltr'>ἔχει</span> <span class='ocrx_word' id='word_1_172' title='bbox 819 2250 1020 2314; x_wconf 76' lang='grc' dir='ltr'>αὐτοὺς</span> <span class='ocrx_word' id='word_1_173' title='bbox 1049 2253 1131 2330; x_wconf 72' lang='grc' dir='ltr'><strong>είς</strong></span> <span class='ocrx_word' id='word_1_174' title='bbox 1161 2240 1418 2316; x_wconf 62' lang='grc' dir='ltr'>’ἐξουσίαν</span> <span class='ocrx_word' id='word_1_175' title='bbox 1447 2253 1618 2308; x_wconf 81' lang='grc' dir='ltr'>αὑτοῦ</span> <span class='ocrx_word' id='word_1_176' title='bbox 1640 2257 1668 2308; x_wconf 88' lang='grc' dir='ltr'><strong>ό</strong></span> <span class='ocrx_word' id='word_1_177' title='bbox 1688 2253 1956 2325; x_wconf 77' lang='grc' dir='ltr'>βουλόμε-</span> 
     </span>
    </p>
   </div>
   <div class='ocr_carea' id='block_1_25' title="bbox 373 2329 1957 2418">
    <p class='ocr_par' dir='ltr' id='par_1_25' title="bbox 373 2329 1957 2418">
     <span class='ocr_line' id='line_1_25' title="bbox 373 2329 1957 2418; baseline 0.004 -25"><span class='ocrx_word' id='word_1_178' title='bbox 373 2357 468 2404; x_wconf 77' lang='grc' dir='ltr'><strong>νος</strong></span> <span class='ocrx_word' id='word_1_179' title='bbox 505 2339 770 2411; x_wconf 78' lang='grc' dir='ltr'>βοηθῆσαι</span> <span class='ocrx_word' id='word_1_180' title='bbox 802 2341 980 2414; x_wconf 56' lang='grc' dir='ltr'>τῇητοῦ</span> <span class='ocrx_word' id='word_1_181' title='bbox 1000 2329 1293 2408; x_wconf 83' lang='grc' dir='ltr'>τεθνεῶτος</span> <span class='ocrx_word' id='word_1_182' title='bbox 1321 2344 1493 2416; x_wconf 83' lang='grc' dir='ltr'>ψυχῇ,</span> <span class='ocrx_word' id='word_1_183' title='bbox 1518 2343 1797 2410; x_wconf 67' lang='grc' dir='ltr'>ἐξωνεῖται</span> <span class='ocrx_word' id='word_1_184' title='bbox 1821 2347 1864 2399; x_wconf 86' lang='grc' dir='ltr'><strong>Χ</strong></span> <span class='ocrx_word' id='word_1_185' title='bbox 1874 2363 1957 2418; x_wconf 87' lang='grc' dir='ltr'>ρι-</span> 
     </span>
    </p>
   </div>
   <div class='ocr_carea' id='block_1_26' title="bbox 376 2431 1956 2507">
    <p class='ocr_par' dir='ltr' id='par_1_26' title="bbox 376 2431 1956 2507">
     <span class='ocr_line' id='line_1_26' title="bbox 376 2431 1956 2507; baseline 0.004 -23"><span class='ocrx_word' id='word_1_186' title='bbox 376 2431 658 2499; x_wconf 74' lang='grc' dir='ltr'>στιανοὺς,</span> <span class='ocrx_word' id='word_1_187' title='bbox 683 2432 839 2502; x_wconf 77' lang='grc' dir='ltr'>εἴπερ</span> <span class='ocrx_word' id='word_1_188' title='bbox 863 2431 1036 2502; x_wconf 79' lang='grc' dir='ltr'>εὖροι,</span> <span class='ocrx_word' id='word_1_189' title='bbox 1063 2434 1160 2486; x_wconf 79' lang='grc' dir='ltr'>καὶ</span> <span class='ocrx_word' id='word_1_190' title='bbox 1285 2435 1476 2489; x_wconf 65' lang='grc' dir='ltr'>ἐπάνω</span> <span class='ocrx_word' id='word_1_191' title='bbox 1499 2435 1592 2489; x_wconf 78' lang='grc' dir='ltr'>τοῦ</span> <span class='ocrx_word' id='word_1_192' title='bbox 1623 2437 1820 2507; x_wconf 83' lang='grc' dir='ltr'>νεκροῦ</span> <span class='ocrx_word' id='word_1_193' title='bbox 1851 2437 1956 2491; x_wconf 86' lang='grc' dir='ltr'><strong>σώ-</strong></span> 
     </span>
    </p>
   </div>
   <div class='ocr_carea' id='block_1_27' title="bbox 378 2522 1956 2596">
    <p class='ocr_par' dir='ltr' id='par_1_27' title="bbox 378 2522 1956 2596">
     <span class='ocr_line' id='line_1_27' title="bbox 378 2522 1956 2596; baseline 0.006 -23"><span class='ocrx_word' id='word_1_194' title='bbox 378 2538 554 2592; x_wconf 80' lang='grc' dir='ltr'>ματος</span> <span class='ocrx_word' id='word_1_195' title='bbox 596 2522 821 2589; x_wconf 80' lang='grc' dir='ltr'>σφάττει</span> <span class='ocrx_word' id='word_1_196' title='bbox 845 2523 1069 2590; x_wconf 71' lang='grc' dir='ltr'>αὐτοὺς,</span> <span class='ocrx_word' id='word_1_197' title='bbox 1098 2525 1132 2595; x_wconf 77' lang='grc' dir='ltr'><strong>η</strong></span> <span class='ocrx_word' id='word_1_198' title='bbox 1165 2525 1258 2585; x_wconf 61' lang='grc' dir='ltr'>επὶ</span> <span class='ocrx_word' id='word_1_199' title='bbox 1296 2525 1374 2596; x_wconf 86' lang='grc' dir='ltr'><strong>τῷ</strong></span> <span class='ocrx_word' id='word_1_200' title='bbox 1396 2525 1553 2596; x_wconf 82' lang='grc' dir='ltr'>τάφῳ</span> <span class='ocrx_word' id='word_1_201' title='bbox 1577 2527 1764 2582; x_wconf 82' lang='grc' dir='ltr'>αὑτοῦ.</span> <span class='ocrx_word' id='word_1_202' title='bbox 1795 2529 1906 2582; x_wconf 71' lang='grc' dir='ltr'><strong>Καὶ</strong></span> <span class='ocrx_word' id='word_1_203' title='bbox 1927 2529 1956 2581; x_wconf 87' lang='grc' dir='ltr'><strong>ό</strong></span> 
     </span>
    </p>
   </div>
   <div class='ocr_carea' id='block_1_28' title="bbox 375 2610 1956 2687">
    <p class='ocr_par' dir='ltr' id='par_1_28' title="bbox 375 2610 1956 2687">
     <span class='ocr_line' id='line_1_28' title="bbox 375 2610 1956 2687; baseline 0.005 -24"><span class='ocrx_word' id='word_1_204' title='bbox 375 2610 558 2665; x_wconf 77' lang='grc' dir='ltr'>ταῦτα</span> <span class='ocrx_word' id='word_1_205' title='bbox 610 2613 919 2682; x_wconf 82' lang='grc' dir='ltr'>νομοθετῶν</span> <span class='ocrx_word' id='word_1_206' title='bbox 971 2613 1089 2676; x_wconf 87' lang='grc' dir='ltr'><strong>πῶς</strong></span> <span class='ocrx_word' id='word_1_207' title='bbox 1124 2615 1234 2668; x_wconf 77' lang='grc' dir='ltr'>ἀπὸ</span> <span class='ocrx_word' id='word_1_208' title='bbox 1285 2613 1464 2682; x_wconf 85' lang='grc' dir='ltr'><strong>Θεοῦ;</strong></span> <span class='ocrx_word' id='word_1_209' title='bbox 1498 2618 1620 2670; x_wconf 86' lang='grc' dir='ltr'>Ἔτι</span> <span class='ocrx_word' id='word_1_210' title='bbox 1672 2618 1956 2687; x_wconf 86' lang='grc' dir='ltr'>νομοθετεί</span> 
     </span>
    </p>
   </div>
   <div class='ocr_carea' id='block_1_29' title="bbox 375 2703 1953 2780">
    <p class='ocr_par' dir='ltr' id='par_1_29' title="bbox 375 2703 1953 2780">
     <span class='ocr_line' id='line_1_29' title="bbox 375 2703 1953 2780; baseline 0.005 -25"><span class='ocrx_word' id='word_1_211' title='bbox 375 2703 462 2756; x_wconf 78' lang='grc' dir='ltr'>ὅτι</span> <span class='ocrx_word' id='word_1_212' title='bbox 498 2703 562 2755; x_wconf 87' lang='lat'><strong>&#39;0</strong></span> <span class='ocrx_word' id='word_1_213' title='bbox 587 2703 708 2766; x_wconf 81' lang='grc' dir='ltr'>δοὺς</span> <span class='ocrx_word' id='word_1_214' title='bbox 739 2707 805 2775; x_wconf 73' lang='grc' dir='ltr'>τῇ</span> <span class='ocrx_word' id='word_1_215' title='bbox 836 2704 1011 2777; x_wconf 81' lang='grc' dir='ltr'>πόρνῃ</span> <span class='ocrx_word' id='word_1_216' title='bbox 1043 2705 1324 2776; x_wconf 79' lang='grc' dir='ltr'>μίσθωμα,</span> <span class='ocrx_word' id='word_1_217' title='bbox 1380 2710 1475 2763; x_wconf 76' lang='grc' dir='ltr'><strong>καὶ</strong></span> <span class='ocrx_word' id='word_1_218' title='bbox 1510 2709 1797 2780; x_wconf 76' lang='grc' dir='ltr'>κοιμηθεὶς</span> <span class='ocrx_word' id='word_1_219' title='bbox 1834 2712 1953 2779; x_wconf 82' lang='grc' dir='ltr'>μετ’</span> 
     </span>
    </p>
   </div>
   <div class='ocr_carea' id='block_1_30' title="bbox 375 2796 1948 2871">
    <p class='ocr_par' dir='ltr' id='par_1_30' title="bbox 375 2796 1948 2871">
     <span class='ocr_line' id='line_1_30' title="bbox 375 2796 1948 2871; baseline 0.004 -23"><span class='ocrx_word' id='word_1_220' title='bbox 375 2796 553 2866; x_wconf 77' lang='grc' dir='ltr'>αὐτῆς</span> <span class='ocrx_word' id='word_1_221' title='bbox 581 2796 680 2866; x_wconf 82' lang='grc' dir='ltr'><strong>οὐχ</strong></span> <span class='ocrx_word' id='word_1_222' title='bbox 729 2797 1060 2868; x_wconf 72' lang='grc' dir='ltr'>ἁμαρτάνει.</span> <span class='ocrx_word' id='word_1_223' title='bbox 1107 2800 1216 2853; x_wconf 75' lang='grc' dir='ltr'><strong>Καὶ</strong></span> <span class='ocrx_word' id='word_1_224' title='bbox 1241 2802 1269 2852; x_wconf 85' lang='grc' dir='ltr'><strong>ό</strong></span> <span class='ocrx_word' id='word_1_225' title='bbox 1300 2800 1627 2870; x_wconf 79' lang='grc' dir='ltr'>βιασάμενος</span> <span class='ocrx_word' id='word_1_226' title='bbox 1677 2801 1948 2871; x_wconf 83' lang='grc' dir='ltr'>παρθένον</span> 
     </span>
    </p>
   </div>
   <div class='ocr_carea' id='block_1_31' title="bbox 379 2889 1954 2964">
    <p class='ocr_par' dir='ltr' id='par_1_31' title="bbox 379 2889 1954 2964">
     <span class='ocr_line' id='line_1_31' title="bbox 379 2889 1954 2964; baseline 0.004 -24"><span class='ocrx_word' id='word_1_227' title='bbox 379 2889 718 2958; x_wconf 78' lang='grc' dir='ltr'>ἁμαρτάνει,</span> <span class='ocrx_word' id='word_1_228' title='bbox 745 2890 774 2940; x_wconf 89' lang='grc' dir='ltr'><strong>ό</strong></span> <span class='ocrx_word' id='word_1_229' title='bbox 801 2889 858 2942; x_wconf 79' lang='grc' dir='ltr'>δὲ</span> <span class='ocrx_word' id='word_1_230' title='bbox 899 2890 1040 2959; x_wconf 85' lang='grc' dir='ltr'><strong>μετά</strong></span> <span class='ocrx_word' id='word_1_231' title='bbox 1083 2891 1182 2960; x_wconf 78' lang='grc' dir='ltr'>τῆς</span> <span class='ocrx_word' id='word_1_232' title='bbox 1215 2890 1490 2961; x_wconf 82' lang='grc' dir='ltr'>θελήσεως</span> <span class='ocrx_word' id='word_1_233' title='bbox 1535 2893 1704 2962; x_wconf 77' lang='grc' dir='ltr'>αὐτῆς</span> <span class='ocrx_word' id='word_1_234' title='bbox 1751 2910 1954 2964; x_wconf 83' lang='grc' dir='ltr'>κοιμη-</span> 
     </span>
    </p>
   </div>
   <div class='ocr_carea' id='block_1_32' title="bbox 377 2979 1953 3051">
    <p class='ocr_par' dir='ltr' id='par_1_32' title="bbox 377 2979 1953 3051">
     <span class='ocr_line' id='line_1_32' title="bbox 377 2979 1953 3051; baseline 0.001 -20"><span class='ocrx_word' id='word_1_235' title='bbox 377 2979 498 3042; x_wconf 77' lang='grc' dir='ltr'>θεὶς</span> <span class='ocrx_word' id='word_1_236' title='bbox 535 2979 656 3048; x_wconf 85' lang='grc' dir='ltr'>μετ’</span> <span class='ocrx_word' id='word_1_237' title='bbox 678 2979 848 3048; x_wconf 80' lang='grc' dir='ltr'>αὐτῆς</span> <span class='ocrx_word' id='word_1_238' title='bbox 879 2982 978 3049; x_wconf 80' lang='grc' dir='ltr'><strong>οὐχ</strong></span> <span class='ocrx_word' id='word_1_239' title='bbox 1014 2980 1344 3050; x_wconf 84' lang='grc' dir='ltr'>ἁμαρτάνει.</span> <span class='ocrx_word' id='word_1_240' title='bbox 1388 2983 1498 3034; x_wconf 79' lang='grc' dir='ltr'><strong>Καὶ</strong></span> <span class='ocrx_word' id='word_1_241' title='bbox 1527 2982 1622 3035; x_wconf 74' lang='grc' dir='ltr'>ὲαν</span> <span class='ocrx_word' id='word_1_242' title='bbox 1669 2982 1953 3051; x_wconf 74' lang='grc' dir='ltr'>αἰχμαλω-</span> 
     </span>
    </p>
   </div>
   <div class='ocr_carea' id='block_1_33' title="bbox 377 3070 1955 3142">
    <p class='ocr_par' dir='ltr' id='par_1_33' title="bbox 377 3070 1955 3142">
     <span class='ocr_line' id='line_1_33' title="bbox 377 3070 1955 3142; baseline 0.002 -19"><span class='ocrx_word' id='word_1_243' title='bbox 377 3070 539 3132; x_wconf 79' lang='grc' dir='ltr'>τίδας</span> <span class='ocrx_word' id='word_1_244' title='bbox 598 3087 684 3133; x_wconf 87' lang='grc' dir='ltr'><strong>τις</strong></span> <span class='ocrx_word' id='word_1_245' title='bbox 743 3070 881 3142; x_wconf 78' lang='grc' dir='ltr'>λάϐῃ</span> <span class='ocrx_word' id='word_1_246' title='bbox 930 3074 988 3124; x_wconf 80' lang='grc' dir='ltr'>ὲν</span> <span class='ocrx_word' id='word_1_247' title='bbox 1049 3073 1292 3142; x_wconf 77' lang='grc' dir='ltr'>πολέμῳ,</span> <span class='ocrx_word' id='word_1_248' title='bbox 1333 3072 1546 3137; x_wconf 72' lang='grc' dir='ltr'>ἔξεστιν</span> <span class='ocrx_word' id='word_1_249' title='bbox 1601 3071 1751 3141; x_wconf 81' lang='grc' dir='ltr'><strong>αύτῷ</strong></span> <span class='ocrx_word' id='word_1_250' title='bbox 1781 3075 1955 3126; x_wconf 81' lang='grc' dir='ltr'>ποιεῖν</span> 
     </span>
    </p>
   </div>
   <div class='ocr_carea' id='block_1_34' title="bbox 2052 601 3631 681">
    <p class='ocr_par' dir='ltr' id='par_1_34' title="bbox 2052 601 3631 681">
     <span class='ocr_line' id='line_1_34' title="bbox 2052 601 3631 681; baseline 0.005 -24"><span class='ocrx_word' id='word_1_251' title='bbox 2052 601 2147 658; x_wconf 87' lang='lat' dir='ltr'><strong>sed</strong></span> <span class='ocrx_word' id='word_1_252' title='bbox 2183 617 2284 657; x_wconf 91' lang='lat' dir='ltr'><strong>cor</strong></span> <span class='ocrx_word' id='word_1_253' title='bbox 2313 604 2558 674; x_wconf 75' lang='lat' dir='ltr'><strong>respicit.</strong></span> <span class='ocrx_word' id='word_1_254' title='bbox 2593 605 2662 660; x_wconf 87' lang='lat' dir='ltr'><strong>Et</strong></span> <span class='ocrx_word' id='word_1_255' title='bbox 2689 620 2812 676; x_wconf 66' lang='lat' dir='ltr'><strong>qua:</strong></span> <span class='ocrx_word' id='word_1_256' title='bbox 2843 606 3007 661; x_wconf 86' lang='lat' dir='ltr'><strong>bruta</strong></span> <span class='ocrx_word' id='word_1_257' title='bbox 3035 607 3294 663; x_wconf 75' lang='lat' dir='ltr'><strong>animalia</strong></span> <span class='ocrx_word' id='word_1_258' title='bbox 3324 624 3423 679; x_wconf 90' lang='lat' dir='ltr'><strong>per</strong></span> <span class='ocrx_word' id='word_1_259' title='bbox 3458 610 3631 681; x_wconf 76' lang='lat' dir='ltr'><strong>legem</strong></span> 
     </span>
    </p>
   </div>
   <div class='ocr_carea' id='block_1_35' title="bbox 2055 695 3631 770">
    <p class='ocr_par' dir='ltr' id='par_1_35' title="bbox 2055 695 3631 770">
     <span class='ocr_line' id='line_1_35' title="bbox 2055 695 3631 770; baseline 0.007 -23"><span class='ocrx_word' id='word_1_260' title='bbox 2055 703 2266 750; x_wconf 71' lang='lat' dir='ltr'><strong>natura:</strong></span> <span class='ocrx_word' id='word_1_261' title='bbox 2306 710 2417 750; x_wconf 92' lang='lat' dir='ltr'><strong>non</strong></span> <span class='ocrx_word' id='word_1_262' title='bbox 2465 695 2696 762; x_wconf 83' lang='lat' dir='ltr'><strong>faciunt,</strong></span> <span class='ocrx_word' id='word_1_263' title='bbox 2742 713 2808 752; x_wconf 85' lang='lat' dir='ltr'><strong>ea</strong></span> <span class='ocrx_word' id='word_1_264' title='bbox 2855 697 3074 769; x_wconf 88' lang='lat' dir='ltr'><strong>legibus</strong></span> <span class='ocrx_word' id='word_1_265' title='bbox 3117 699 3284 770; x_wconf 90' lang='lat' dir='ltr'><strong>exigit</strong></span> <span class='ocrx_word' id='word_1_266' title='bbox 3331 701 3631 760; x_wconf 85' lang='lat' dir='ltr'><strong>Mabomet.</strong></span> 
     </span>
    </p>
   </div>
   <div class='ocr_carea' id='block_1_36' title="bbox 2051 780 3625 858">
    <p class='ocr_par' dir='ltr' id='par_1_36' title="bbox 2051 780 3625 858">
     <span class='ocr_line' id='line_1_36' title="bbox 2051 780 3625 858; baseline 0.008 -20"><span class='ocrx_word' id='word_1_267' title='bbox 2051 780 2188 851; x_wconf 82' lang='lat' dir='ltr'><strong>Quis</strong></span> <span class='ocrx_word' id='word_1_268' title='bbox 2233 787 2644 844; x_wconf 69' lang='lat' dir='ltr'><strong>cuimJeonem</strong></span> <span class='ocrx_word' id='word_1_269' title='bbox 2681 801 2711 842; x_wconf 75' lang='grc' dir='ltr'><strong>κ</strong></span> <span class='ocrx_word' id='word_1_270' title='bbox 2741 789 2908 844; x_wconf 81' lang='lat' dir='ltr'><strong>leone</strong></span> <span class='ocrx_word' id='word_1_271' title='bbox 2946 790 3203 847; x_wconf 80' lang='lat' dir='ltr'><strong>devorari</strong></span> <span class='ocrx_word' id='word_1_272' title='bbox 3235 793 3394 858; x_wconf 84' lang='lat' dir='ltr'><strong>vidit,</strong></span> <span class='ocrx_word' id='word_1_273' title='bbox 3427 800 3523 849; x_wconf 88' lang='lat' dir='ltr'><strong>aut</strong></span> <span class='ocrx_word' id='word_1_274' title='bbox 3550 796 3625 850; x_wconf 89' lang='lat' dir='ltr'><strong>ab</strong></span> 
     </span>
    </p>
   </div>
   <div class='ocr_carea' id='block_1_37' title="bbox 2052 876 3634 948">
    <p class='ocr_par' dir='ltr' id='par_1_37' title="bbox 2052 876 3634 948">
     <span class='ocr_line' id='line_1_37' title="bbox 2052 876 3634 948; baseline 0.008 -20"><span class='ocrx_word' id='word_1_275' title='bbox 2052 889 2183 931; x_wconf 88' lang='lat' dir='ltr'><strong>urso</strong></span> <span class='ocrx_word' id='word_1_276' title='bbox 2211 889 2424 942; x_wconf 88' lang='lat' dir='ltr'><strong>ursum,</strong></span> <span class='ocrx_word' id='word_1_277' title='bbox 2462 884 2558 930; x_wconf 85' lang='lat' dir='ltr'><strong>aut</strong></span> <span class='ocrx_word' id='word_1_278' title='bbox 2582 889 2613 930; x_wconf 85' lang='lat' dir='ltr'><strong>a</strong></span> <span class='ocrx_word' id='word_1_279' title='bbox 2639 876 2852 947; x_wconf 85' lang='lat' dir='ltr'><strong>pardali</strong></span> <span class='ocrx_word' id='word_1_280' title='bbox 2886 879 3153 948; x_wconf 80' lang='lat' dir='ltr'><strong>pardalim</strong></span> <span class='ocrx_word' id='word_1_281' title='bbox 3175 881 3206 936; x_wconf 62' lang='grc' dir='ltr'>ἴ</span> <span class='ocrx_word' id='word_1_282' title='bbox 3225 882 3326 939; x_wconf 79' lang='lat' dir='ltr'><strong>llic</strong></span> <span class='ocrx_word' id='word_1_283' title='bbox 3357 897 3490 939; x_wconf 88' lang='lat' dir='ltr'><strong>vero</strong></span> <span class='ocrx_word' id='word_1_284' title='bbox 3518 901 3634 940; x_wconf 88' lang='lat' dir='ltr'><strong>ma-</strong></span> 
     </span>
    </p>
   </div>
   <div class='ocr_carea' id='block_1_38' title="bbox 2052 964 3630 1045">
    <p class='ocr_par' dir='ltr' id='par_1_38' title="bbox 2052 964 3630 1045">
     <span class='ocr_line' id='line_1_38' title="bbox 2052 964 3630 1045; baseline 0.006 -25"><span class='ocrx_word' id='word_1_285' title='bbox 2052 964 2250 1020; x_wconf 84' lang='lat' dir='ltr'><strong>nifeste</strong></span> <span class='ocrx_word' id='word_1_286' title='bbox 2296 965 2529 1028; x_wconf 88' lang='lat' dir='ltr'><strong>homini,</strong></span> <span class='ocrx_word' id='word_1_287' title='bbox 2571 974 2632 1021; x_wconf 91' lang='lat' dir='ltr'><strong>ut</strong></span> <span class='ocrx_word' id='word_1_288' title='bbox 2666 967 2947 1023; x_wconf 78' lang='lat' dir='ltr'><strong>hominem</strong></span> <span class='ocrx_word' id='word_1_289' title='bbox 2986 970 3226 1037; x_wconf 82' lang='lat' dir='ltr'><strong>occidat,</strong></span> <span class='ocrx_word' id='word_1_290' title='bbox 3263 973 3531 1045; x_wconf 66' lang='lat' dir='ltr'><strong>praciplt.</strong></span> <span class='ocrx_word' id='word_1_291' title='bbox 3563 976 3630 1030; x_wconf 82' lang='lat' dir='ltr'><strong>Et</strong></span> 
     </span>
    </p>
   </div>
   <div class='ocr_carea' id='block_1_39' title="bbox 2052 1056 3634 1125">
    <p class='ocr_par' dir='ltr' id='par_1_39' title="bbox 2052 1056 3634 1125">
     <span class='ocr_line' id='line_1_39' title="bbox 2052 1056 3634 1125; baseline 0.006 -16"><span class='ocrx_word' id='word_1_292' title='bbox 2052 1056 2179 1125; x_wconf 84' lang='lat' dir='ltr'><strong>quis</strong></span> <span class='ocrx_word' id='word_1_293' title='bbox 2206 1062 2314 1110; x_wconf 85' lang='lat' dir='ltr'><strong>tam</strong></span> <span class='ocrx_word' id='word_1_294' title='bbox 2341 1065 2540 1121; x_wconf 67' lang='lat' dir='ltr'><strong>unus,</strong></span> <span class='ocrx_word' id='word_1_295' title='bbox 2566 1059 2626 1110; x_wconf 86' lang='lat' dir='ltr'><strong>ut</strong></span> <span class='ocrx_word' id='word_1_296' title='bbox 2651 1056 2800 1112; x_wconf 88' lang='lat' dir='ltr'><strong>hunc</strong></span> <span class='ocrx_word' id='word_1_297' title='bbox 2820 1071 2854 1112; x_wconf 66' lang='grc' dir='ltr'><strong>ε</strong></span> <span class='ocrx_word' id='word_1_298' title='bbox 2881 1057 2994 1113; x_wconf 78' lang='lat' dir='ltr'><strong>Deo</strong></span> <span class='ocrx_word' id='word_1_299' title='bbox 3022 1073 3143 1115; x_wconf 79' lang='lat' dir='ltr'><strong>esse</strong></span> <span class='ocrx_word' id='word_1_300' title='bbox 3173 1062 3489 1119; x_wconf 85' lang='lat' dir='ltr'><strong>crediturus</strong></span> <span class='ocrx_word' id='word_1_301' title='bbox 3517 1064 3634 1119; x_wconf 75' lang='lat' dir='ltr'><strong>sit?</strong></span> 
     </span>
    </p>
   </div>
   <div class='ocr_carea' id='block_1_40' title="bbox 2054 1145 3631 1222">
    <p class='ocr_par' dir='ltr' id='par_1_40' title="bbox 2054 1145 3631 1222">
     <span class='ocr_line' id='line_1_40' title="bbox 2054 1145 3631 1222; baseline 0.007 -22"><span class='ocrx_word' id='word_1_302' title='bbox 2054 1145 2199 1202; x_wconf 90' lang='lat' dir='ltr'><strong>Deus</strong></span> <span class='ocrx_word' id='word_1_303' title='bbox 2219 1146 2368 1202; x_wconf 90' lang='lat' dir='ltr'><strong>enim</strong></span> <span class='ocrx_word' id='word_1_304' title='bbox 2397 1147 2622 1216; x_wconf 80' lang='lat' dir='ltr'><strong>rapinas</strong></span> <span class='ocrx_word' id='word_1_305' title='bbox 2653 1157 2711 1203; x_wconf 90' lang='lat' dir='ltr'><strong>et</strong></span> <span class='ocrx_word' id='word_1_306' title='bbox 2749 1146 2927 1204; x_wconf 67' lang='lat' dir='ltr'><strong>caedes</strong></span> <span class='ocrx_word' id='word_1_307' title='bbox 2954 1163 3065 1204; x_wconf 85' lang='lat' dir='ltr'><strong>non</strong></span> <span class='ocrx_word' id='word_1_308' title='bbox 3095 1152 3366 1222; x_wconf 68' lang='lat' dir='ltr'><strong>praecipit.</strong></span> <span class='ocrx_word' id='word_1_309' title='bbox 3400 1153 3483 1209; x_wconf 81' lang='lat' dir='ltr'><strong>Ad</strong></span> <span class='ocrx_word' id='word_1_310' title='bbox 3513 1155 3631 1210; x_wconf 60' lang='lat' dir='ltr'><strong>hac</strong></span> 
     </span>
    </p>
   </div>
   <div class='ocr_carea' id='block_1_41' title="bbox 2051 1238 3602 1309">
    <p class='ocr_par' dir='ltr' id='par_1_41' title="bbox 2051 1238 3602 1309">
     <span class='ocr_line' id='line_1_41' title="bbox 2051 1238 3602 1309; baseline 0.004 -14"><span class='ocrx_word' id='word_1_311' title='bbox 2051 1239 2237 1295; x_wconf 77' lang='lat' dir='ltr'><strong>scelus</strong></span> <span class='ocrx_word' id='word_1_312' title='bbox 2278 1238 2474 1295; x_wconf 86' lang='lat' dir='ltr'><strong>sceleri</strong></span> <span class='ocrx_word' id='word_1_313' title='bbox 2506 1248 2875 1309; x_wconf 86' lang='lat' dir='ltr'><strong>permutatur.</strong></span> <span class='ocrx_word' id='word_1_314' title='bbox 2909 1241 3057 1297; x_wconf 85' lang='lat' dir='ltr'><strong>Dicit</strong></span> <span class='ocrx_word' id='word_1_315' title='bbox 3083 1242 3232 1296; x_wconf 85' lang='lat' dir='ltr'><strong>enim</strong></span> <span class='ocrx_word' id='word_1_316' title='bbox 3293 1261 3309 1299; x_wconf 90' lang='lat'><strong>:</strong></span> <span class='ocrx_word' id='word_1_317' title='bbox 3365 1244 3477 1300; x_wconf 79' lang='lat' dir='ltr'><strong>Aut</strong></span> <span class='ocrx_word' id='word_1_318' title='bbox 3510 1261 3602 1301; x_wconf 89' lang='lat' dir='ltr'><strong>mo</strong></span> 
     </span>
    </p>
   </div>
   <div class='ocr_carea' id='block_1_42' title="bbox 2053 1330 3632 1396">
    <p class='ocr_par' dir='ltr' id='par_1_42' title="bbox 2053 1330 3632 1396">
     <span class='ocr_line' id='line_1_42' title="bbox 2053 1330 3632 1396; baseline 0.006 -13"><span class='ocrx_word' id='word_1_319' title='bbox 2053 1330 2288 1396; x_wconf 88' lang='lat' dir='ltr'><strong>riantur,</strong></span> <span class='ocrx_word' id='word_1_320' title='bbox 2366 1337 2462 1384; x_wconf 89' lang='lat' dir='ltr'><strong>aut</strong></span> <span class='ocrx_word' id='word_1_321' title='bbox 2516 1331 2784 1386; x_wconf 88' lang='lat' dir='ltr'><strong>tributum</strong></span> <span class='ocrx_word' id='word_1_322' title='bbox 2827 1330 3064 1389; x_wconf 84' lang='lat' dir='ltr'><strong>solvant.</strong></span> <span class='ocrx_word' id='word_1_323' title='bbox 3137 1331 3421 1391; x_wconf 79' lang='lat' dir='ltr'><strong>Sicenim</strong></span> <span class='ocrx_word' id='word_1_324' title='bbox 3455 1337 3632 1392; x_wconf 66' lang='lat' dir='ltr'><strong>caedes</strong></span> 
     </span>
    </p>
   </div>
   <div class='ocr_carea' id='block_1_43' title="bbox 2051 1421 3631 1492">
    <p class='ocr_par' dir='ltr' id='par_1_43' title="bbox 2051 1421 3631 1492">
     <span class='ocr_line' id='line_1_43' title="bbox 2051 1421 3631 1492; baseline 0.005 -16"><span class='ocrx_word' id='word_1_325' title='bbox 2051 1430 2400 1492; x_wconf 87' lang='lat' dir='ltr'><strong>permutatur</strong></span> <span class='ocrx_word' id='word_1_326' title='bbox 2427 1421 2682 1478; x_wconf 81' lang='lat' dir='ltr'><strong>avaritia.</strong></span> <span class='ocrx_word' id='word_1_327' title='bbox 2704 1421 2826 1478; x_wconf 82' lang='lat' dir='ltr'><strong>Non</strong></span> <span class='ocrx_word' id='word_1_328' title='bbox 2853 1430 3036 1478; x_wconf 83' lang='lat' dir='ltr'><strong>tamen</strong></span> <span class='ocrx_word' id='word_1_329' title='bbox 3066 1421 3214 1480; x_wconf 83' lang='lat' dir='ltr'><strong>inter</strong></span> <span class='ocrx_word' id='word_1_330' title='bbox 3237 1424 3340 1481; x_wconf 85' lang='lat' dir='ltr'><strong>hos</strong></span> <span class='ocrx_word' id='word_1_331' title='bbox 3363 1429 3631 1484; x_wconf 83' lang='lat' dir='ltr'><strong>terminos</strong></span> 
     </span>
    </p>
   </div>
   <div class='ocr_carea' id='block_1_44' title="bbox 2053 1510 3633 1585">
    <p class='ocr_par' dir='ltr' id='par_1_44' title="bbox 2053 1510 3633 1585">
     <span class='ocr_line' id='line_1_44' title="bbox 2053 1510 3633 1585; baseline 0.005 -20"><span class='ocrx_word' id='word_1_332' title='bbox 2053 1512 2236 1567; x_wconf 81' lang='lat' dir='ltr'><strong>scelus</strong></span> <span class='ocrx_word' id='word_1_333' title='bbox 2256 1510 2532 1578; x_wconf 76' lang='lat' dir='ltr'><strong>consistit,</strong></span> <span class='ocrx_word' id='word_1_334' title='bbox 2560 1512 2656 1568; x_wconf 85' lang='lat' dir='ltr'><strong>sed</strong></span> <span class='ocrx_word' id='word_1_335' title='bbox 2695 1512 3015 1568; x_wconf 78' lang='lat' dir='ltr'><strong>extenditur</strong></span> <span class='ocrx_word' id='word_1_336' title='bbox 3041 1514 3281 1585; x_wconf 78' lang='lat' dir='ltr'><strong>longius.</strong></span> <span class='ocrx_word' id='word_1_337' title='bbox 3312 1515 3455 1583; x_wconf 84' lang='lat' dir='ltr'><strong>Quid</strong></span> <span class='ocrx_word' id='word_1_338' title='bbox 3481 1519 3633 1573; x_wconf 89' lang='lat' dir='ltr'><strong>enim</strong></span> 
     </span>
    </p>
   </div>
   <div class='ocr_carea' id='block_1_45' title="bbox 2057 1603 3635 1682">
    <p class='ocr_par' dir='ltr' id='par_1_45' title="bbox 2057 1603 3635 1682">
     <span class='ocr_line' id='line_1_45' title="bbox 2057 1603 3635 1682; baseline 0.003 -24"><span class='ocrx_word' id='word_1_339' title='bbox 2057 1612 2210 1659; x_wconf 84' lang='lat' dir='ltr'><strong>tanta</strong></span> <span class='ocrx_word' id='word_1_340' title='bbox 2261 1603 2592 1660; x_wconf 82' lang='lat' dir='ltr'><strong>crudelitate</strong></span> <span class='ocrx_word' id='word_1_341' title='bbox 2641 1613 2699 1660; x_wconf 90' lang='lat' dir='ltr'><strong>et</strong></span> <span class='ocrx_word' id='word_1_342' title='bbox 2746 1605 2878 1661; x_wconf 86' lang='lat' dir='ltr'><strong>odio</strong></span> <span class='ocrx_word' id='word_1_343' title='bbox 2929 1605 3159 1662; x_wconf 79' lang='lat' dir='ltr'><strong>humani</strong></span> <span class='ocrx_word' id='word_1_344' title='bbox 3205 1610 3426 1680; x_wconf 89' lang='lat' dir='ltr'><strong>generis</strong></span> <span class='ocrx_word' id='word_1_345' title='bbox 3475 1612 3635 1682; x_wconf 53' lang='lat' dir='ltr'><strong>peius</strong></span> 
     </span>
    </p>
   </div>
   <div class='ocr_carea' id='block_1_46' title="bbox 2054 1695 3636 1767">
    <p class='ocr_par' dir='ltr' id='par_1_46' title="bbox 2054 1695 3636 1767">
     <span class='ocr_line' id='line_1_46' title="bbox 2054 1695 3636 1767; baseline 0.004 -17"><span class='ocrx_word' id='word_1_346' title='bbox 2054 1703 2161 1758; x_wconf 89' lang='lat' dir='ltr'><strong>est,</strong></span> <span class='ocrx_word' id='word_1_347' title='bbox 2187 1703 2248 1750; x_wconf 92' lang='lat' dir='ltr'><strong>ut</strong></span> <span class='ocrx_word' id='word_1_348' title='bbox 2276 1696 2446 1750; x_wconf 82' lang='lat' dir='ltr'><strong>etiam</strong></span> <span class='ocrx_word' id='word_1_349' title='bbox 2479 1695 2604 1751; x_wconf 91' lang='lat' dir='ltr'><strong>illos</strong></span> <span class='ocrx_word' id='word_1_350' title='bbox 2641 1697 2906 1765; x_wconf 86' lang='lat' dir='ltr'><strong>trucidet,</strong></span> <span class='ocrx_word' id='word_1_351' title='bbox 2937 1697 3030 1767; x_wconf 85' lang='lat' dir='ltr'><strong>qui</strong></span> <span class='ocrx_word' id='word_1_352' title='bbox 3064 1699 3203 1754; x_wconf 84' lang='lat' dir='ltr'><strong>nihil</strong></span> <span class='ocrx_word' id='word_1_353' title='bbox 3235 1700 3364 1755; x_wconf 88' lang='lat' dir='ltr'><strong>mali</strong></span> <span class='ocrx_word' id='word_1_354' title='bbox 3394 1701 3636 1757; x_wconf 83' lang='lat' dir='ltr'><strong>admisc-</strong></span> 
     </span>
    </p>
   </div>
   <div class='ocr_carea' id='block_1_47' title="bbox 2057 1775 3635 1863">
    <p class='ocr_par' dir='ltr' id='par_1_47' title="bbox 2057 1775 3635 1863">
     <span class='ocr_line' id='line_1_47' title="bbox 2057 1775 3635 1863; baseline 0.004 -23"><span class='ocrx_word' id='word_1_355' title='bbox 2057 1788 2232 1857; x_wconf 81' lang='lat' dir='ltr'><strong>runt?</strong></span> <span class='ocrx_word' id='word_1_356' title='bbox 2261 1786 2319 1842; x_wconf 93' lang='lat' dir='ltr'><strong>Si</strong></span> <span class='ocrx_word' id='word_1_357' title='bbox 2360 1787 2510 1842; x_wconf 92' lang='lat' dir='ltr'><strong>enim</strong></span> <span class='ocrx_word' id='word_1_358' title='bbox 2564 1787 2931 1845; x_wconf 82' lang='lat' dir='ltr'><strong>Musulmanis</strong></span> <span class='ocrx_word' id='word_1_359' title='bbox 2973 1790 3030 1845; x_wconf 92' lang='lat' dir='ltr'><strong>in</strong></span> <span class='ocrx_word' id='word_1_360' title='bbox 3080 1775 3306 1847; x_wconf 29' lang='lat' dir='ltr'><strong>bellum.</strong></span> <span class='ocrx_word' id='word_1_361' title='bbox 3345 1793 3635 1863; x_wconf 76' lang='lat' dir='ltr'><strong>profectis,</strong></span> 
     </span>
    </p>
   </div>
   <div class='ocr_carea' id='block_1_48' title="bbox 2057 1877 3636 1953">
    <p class='ocr_par' dir='ltr' id='par_1_48' title="bbox 2057 1877 3636 1953">
     <span class='ocr_line' id='line_1_48' title="bbox 2057 1877 3636 1953; baseline 0.003 -22"><span class='ocrx_word' id='word_1_362' title='bbox 2057 1878 2255 1948; x_wconf 79' lang='lat' dir='ltr'><strong>aliquis</strong></span> <span class='ocrx_word' id='word_1_363' title='bbox 2295 1877 2517 1934; x_wconf 91' lang='lat' dir='ltr'><strong>illorum</strong></span> <span class='ocrx_word' id='word_1_364' title='bbox 2561 1878 2850 1945; x_wconf 89' lang='lat' dir='ltr'><strong>ceciderit,</strong></span> <span class='ocrx_word' id='word_1_365' title='bbox 2884 1893 3237 1952; x_wconf 81' lang='lat' dir='ltr'><strong>nequaquam</strong></span> <span class='ocrx_word' id='word_1_366' title='bbox 3285 1883 3520 1953; x_wconf 85' lang='lat' dir='ltr'><strong>seipsos,</strong></span> <span class='ocrx_word' id='word_1_367' title='bbox 3573 1893 3636 1936; x_wconf 91' lang='lat' dir='ltr'><strong>ut</strong></span> 
     </span>
    </p>
   </div>
   <div class='ocr_carea' id='block_1_49' title="bbox 2057 1967 3640 2040">
    <p class='ocr_par' dir='ltr' id='par_1_49' title="bbox 2057 1967 3640 2040">
     <span class='ocr_line' id='line_1_49' title="bbox 2057 1967 3640 2040; baseline 0.001 -17"><span class='ocrx_word' id='word_1_368' title='bbox 2057 1967 2184 2024; x_wconf 86' lang='lat' dir='ltr'><strong>belli</strong></span> <span class='ocrx_word' id='word_1_369' title='bbox 2215 1978 2490 2037; x_wconf 81' lang='lat' dir='ltr'><strong>auctores,</strong></span> <span class='ocrx_word' id='word_1_370' title='bbox 2520 1969 3000 2040; x_wconf 80' lang='lat' dir='ltr'><strong>reprehendendos</strong></span> <span class='ocrx_word' id='word_1_371' title='bbox 3029 1971 3368 2040; x_wconf 83' lang='lat' dir='ltr'><strong>existimant,</strong></span> <span class='ocrx_word' id='word_1_372' title='bbox 3405 1969 3502 2028; x_wconf 84' lang='lat' dir='ltr'><strong>sed</strong></span> <span class='ocrx_word' id='word_1_373' title='bbox 3543 1987 3640 2027; x_wconf 76' lang='lat' dir='ltr'><strong>su-</strong></span> 
     </span>
    </p>
   </div>
   <div class='ocr_carea' id='block_1_50' title="bbox 2057 2061 3636 2133">
    <p class='ocr_par' dir='ltr' id='par_1_50' title="bbox 2057 2061 3636 2133">
     <span class='ocr_line' id='line_1_50' title="bbox 2057 2061 3636 2133; baseline 0.003 -19"><span class='ocrx_word' id='word_1_374' title='bbox 2057 2076 2156 2131; x_wconf 90' lang='lat' dir='ltr'><strong>per</strong></span> <span class='ocrx_word' id='word_1_375' title='bbox 2203 2061 2372 2117; x_wconf 86' lang='lat' dir='ltr'><strong>occisi</strong></span> <span class='ocrx_word' id='word_1_376' title='bbox 2408 2062 2646 2118; x_wconf 79' lang='lat' dir='ltr'><strong>cadaver</strong></span> <span class='ocrx_word' id='word_1_377' title='bbox 2680 2061 2885 2133; x_wconf 87' lang='lat' dir='ltr'><strong>singuli</strong></span> <span class='ocrx_word' id='word_1_378' title='bbox 2935 2071 3015 2118; x_wconf 93' lang='lat' dir='ltr'><strong>tot</strong></span> <span class='ocrx_word' id='word_1_379' title='bbox 3046 2062 3296 2119; x_wconf 79' lang='lat' dir='ltr'><strong>viventes</strong></span> <span class='ocrx_word' id='word_1_380' title='bbox 3333 2064 3636 2128; x_wconf 89' lang='lat' dir='ltr'><strong>trucidant,</strong></span> 
     </span>
    </p>
   </div>
   <div class='ocr_carea' id='block_1_51' title="bbox 2055 2153 3637 2225">
    <p class='ocr_par' dir='ltr' id='par_1_51' title="bbox 2055 2153 3637 2225">
     <span class='ocr_line' id='line_1_51' title="bbox 2055 2153 3637 2225; baseline 0.003 -19"><span class='ocrx_word' id='word_1_381' title='bbox 2055 2165 2190 2222; x_wconf 87' lang='lat' dir='ltr'><strong>quo:</strong></span> <span class='ocrx_word' id='word_1_382' title='bbox 2215 2154 2504 2224; x_wconf 82' lang='lat' dir='ltr'><strong>acquirere</strong></span> <span class='ocrx_word' id='word_1_383' title='bbox 2529 2153 2754 2209; x_wconf 84' lang='lat' dir='ltr'><strong>licuerit</strong></span> <span class='ocrx_word' id='word_1_384' title='bbox 2781 2171 2796 2208; x_wconf 92' lang='lat'><strong>:</strong></span> <span class='ocrx_word' id='word_1_385' title='bbox 2825 2165 2878 2209; x_wconf 89' lang='lat' dir='ltr'><strong>et</strong></span> <span class='ocrx_word' id='word_1_386' title='bbox 2915 2169 3024 2224; x_wconf 91' lang='lat' dir='ltr'><strong>quo</strong></span> <span class='ocrx_word' id='word_1_387' title='bbox 3062 2154 3187 2225; x_wconf 88' lang='lat' dir='ltr'><strong>plus</strong></span> <span class='ocrx_word' id='word_1_388' title='bbox 3214 2155 3538 2219; x_wconf 87' lang='lat' dir='ltr'><strong>occiderint,</strong></span> <span class='ocrx_word' id='word_1_389' title='bbox 3568 2171 3637 2210; x_wconf 81' lang='lat' dir='ltr'><strong>eo</strong></span> 
     </span>
    </p>
   </div>
   <div class='ocr_carea' id='block_1_52' title="bbox 2057 2245 3634 2317">
    <p class='ocr_par' dir='ltr' id='par_1_52' title="bbox 2057 2245 3634 2317">
     <span class='ocr_line' id='line_1_52' title="bbox 2057 2245 3634 2317; baseline 0.003 -19"><span class='ocrx_word' id='word_1_390' title='bbox 2057 2245 2229 2314; x_wconf 84' lang='lat' dir='ltr'><strong>magis</strong></span> <span class='ocrx_word' id='word_1_391' title='bbox 2268 2245 2437 2300; x_wconf 85' lang='lat' dir='ltr'><strong>occisi</strong></span> <span class='ocrx_word' id='word_1_392' title='bbox 2498 2245 2738 2300; x_wconf 88' lang='lat' dir='ltr'><strong>animam</strong></span> <span class='ocrx_word' id='word_1_393' title='bbox 2793 2255 2988 2316; x_wconf 87' lang='lat' dir='ltr'><strong>putant</strong></span> <span class='ocrx_word' id='word_1_394' title='bbox 3012 2261 3134 2302; x_wconf 86' lang='lat' dir='ltr'><strong>esse</strong></span> <span class='ocrx_word' id='word_1_395' title='bbox 3169 2245 3436 2317; x_wconf 76' lang='lat' dir='ltr'><strong>adiutam.</strong></span> <span class='ocrx_word' id='word_1_396' title='bbox 3477 2246 3634 2314; x_wconf 84' lang='lat' dir='ltr'><strong>Quod</strong></span> 
     </span>
    </p>
   </div>
   <div class='ocr_carea' id='block_1_53' title="bbox 2057 2335 3637 2408">
    <p class='ocr_par' dir='ltr' id='par_1_53' title="bbox 2057 2335 3637 2408">
     <span class='ocr_line' id='line_1_53' title="bbox 2057 2335 3637 2408; baseline 0.003 -18"><span class='ocrx_word' id='word_1_397' title='bbox 2057 2337 2102 2390; x_wconf 89' lang='lat' dir='ltr'><strong>si</strong></span> <span class='ocrx_word' id='word_1_398' title='bbox 2136 2352 2267 2392; x_wconf 88' lang='lat' dir='ltr'><strong>vero</strong></span> <span class='ocrx_word' id='word_1_399' title='bbox 2302 2335 2560 2392; x_wconf 86' lang='lat' dir='ltr'><strong>homines</strong></span> <span class='ocrx_word' id='word_1_400' title='bbox 2589 2337 2844 2408; x_wconf 88' lang='lat' dir='ltr'><strong>proprios</strong></span> <span class='ocrx_word' id='word_1_401' title='bbox 2871 2353 2983 2392; x_wconf 91' lang='lat' dir='ltr'><strong>non</strong></span> <span class='ocrx_word' id='word_1_402' title='bbox 3020 2338 3301 2404; x_wconf 85' lang='lat' dir='ltr'><strong>habuerit,</strong></span> <span class='ocrx_word' id='word_1_403' title='bbox 3326 2338 3424 2407; x_wconf 85' lang='lat' dir='ltr'><strong>qui</strong></span> <span class='ocrx_word' id='word_1_404' title='bbox 3466 2339 3637 2394; x_wconf 88' lang='lat' dir='ltr'><strong>occisi</strong></span> 
     </span>
    </p>
   </div>
   <div class='ocr_carea' id='block_1_54' title="bbox 2057 2426 3640 2498">
    <p class='ocr_par' dir='ltr' id='par_1_54' title="bbox 2057 2426 3640 2498">
     <span class='ocr_line' id='line_1_54' title="bbox 2057 2426 3640 2498; baseline 0.001 -17"><span class='ocrx_word' id='word_1_405' title='bbox 2057 2426 2295 2481; x_wconf 86' lang='lat' dir='ltr'><strong>animam</strong></span> <span class='ocrx_word' id='word_1_406' title='bbox 2338 2427 2535 2497; x_wconf 86' lang='lat' dir='ltr'><strong>juvare</strong></span> <span class='ocrx_word' id='word_1_407' title='bbox 2569 2427 2749 2498; x_wconf 87' lang='lat' dir='ltr'><strong>cupit,</strong></span> <span class='ocrx_word' id='word_1_408' title='bbox 2795 2426 3140 2483; x_wconf 73' lang='lat' dir='ltr'><strong>Cbrisdanos</strong></span> <span class='ocrx_word' id='word_1_409' title='bbox 3186 2427 3505 2498; x_wconf 81' lang='lat' dir='ltr'><strong>ubicunque</strong></span> <span class='ocrx_word' id='word_1_410' title='bbox 3552 2429 3640 2482; x_wconf 87' lang='lat' dir='ltr'><strong>in-</strong></span> 
     </span>
    </p>
   </div>
   <div class='ocr_carea' id='block_1_55' title="bbox 2059 2517 3639 2588">
    <p class='ocr_par' dir='ltr' id='par_1_55' title="bbox 2059 2517 3639 2588">
     <span class='ocr_line' id='line_1_55' title="bbox 2059 2517 3639 2588; baseline 0.001 -17"><span class='ocrx_word' id='word_1_411' title='bbox 2059 2525 2250 2573; x_wconf 83' lang='lat' dir='ltr'><strong>ventos</strong></span> <span class='ocrx_word' id='word_1_412' title='bbox 2292 2517 2448 2583; x_wconf 90' lang='lat' dir='ltr'><strong>emit,</strong></span> <span class='ocrx_word' id='word_1_413' title='bbox 2499 2531 2707 2588; x_wconf 89' lang='lat' dir='ltr'><strong>eosque</strong></span> <span class='ocrx_word' id='word_1_414' title='bbox 2737 2526 2832 2574; x_wconf 87' lang='lat' dir='ltr'><strong>aut</strong></span> <span class='ocrx_word' id='word_1_415' title='bbox 2865 2532 3034 2586; x_wconf 88' lang='lat' dir='ltr'><strong>super</strong></span> <span class='ocrx_word' id='word_1_416' title='bbox 3063 2532 3269 2587; x_wconf 87' lang='lat' dir='ltr'><strong>corpus</strong></span> <span class='ocrx_word' id='word_1_417' title='bbox 3309 2517 3511 2583; x_wconf 87' lang='lat' dir='ltr'><strong>occisi,</strong></span> <span class='ocrx_word' id='word_1_418' title='bbox 3543 2528 3639 2573; x_wconf 91' lang='lat' dir='ltr'><strong>aut</strong></span> 
     </span>
    </p>
   </div>
   <div class='ocr_carea' id='block_1_56' title="bbox 2059 2607 3640 2680">
    <p class='ocr_par' dir='ltr' id='par_1_56' title="bbox 2059 2607 3640 2680">
     <span class='ocr_line' id='line_1_56' title="bbox 2059 2607 3640 2680; baseline 0.003 -17"><span class='ocrx_word' id='word_1_419' title='bbox 2059 2623 2226 2678; x_wconf 89' lang='lat' dir='ltr'><strong>super</strong></span> <span class='ocrx_word' id='word_1_420' title='bbox 2255 2609 2571 2678; x_wconf 87' lang='lat' dir='ltr'><strong>sepulcrum</strong></span> <span class='ocrx_word' id='word_1_421' title='bbox 2607 2609 2755 2664; x_wconf 88' lang='lat' dir='ltr'><strong>illius</strong></span> <span class='ocrx_word' id='word_1_422' title='bbox 2778 2609 3014 2680; x_wconf 86' lang='lat' dir='ltr'><strong>jugulat.</strong></span> <span class='ocrx_word' id='word_1_423' title='bbox 3045 2607 3112 2662; x_wconf 87' lang='lat' dir='ltr'><strong>Et</strong></span> <span class='ocrx_word' id='word_1_424' title='bbox 3138 2625 3167 2663; x_wconf 89' lang='lat' dir='ltr'><strong>a</strong></span> <span class='ocrx_word' id='word_1_425' title='bbox 3200 2611 3310 2665; x_wconf 93' lang='lat' dir='ltr'><strong>Deo</strong></span> <span class='ocrx_word' id='word_1_426' title='bbox 3337 2624 3456 2666; x_wconf 90' lang='lat' dir='ltr'><strong>esse</strong></span> <span class='ocrx_word' id='word_1_427' title='bbox 3487 2610 3640 2666; x_wconf 82' lang='lat' dir='ltr'><strong>dice-</strong></span> 
     </span>
    </p>
   </div>
   <div class='ocr_carea' id='block_1_57' title="bbox 2061 2701 3636 2773">
    <p class='ocr_par' dir='ltr' id='par_1_57' title="bbox 2061 2701 3636 2773">
     <span class='ocr_line' id='line_1_57' title="bbox 2061 2701 3636 2773; baseline 0.003 -19"><span class='ocrx_word' id='word_1_428' title='bbox 2061 2710 2168 2767; x_wconf 90' lang='lat' dir='ltr'><strong>tur,</strong></span> <span class='ocrx_word' id='word_1_429' title='bbox 2221 2703 2315 2772; x_wconf 91' lang='lat' dir='ltr'><strong>qui</strong></span> <span class='ocrx_word' id='word_1_430' title='bbox 2370 2702 2497 2756; x_wconf 88' lang='lat' dir='ltr'><strong>talia</strong></span> <span class='ocrx_word' id='word_1_431' title='bbox 2541 2701 2758 2773; x_wconf 90' lang='lat' dir='ltr'><strong>legibus</strong></span> <span class='ocrx_word' id='word_1_432' title='bbox 2808 2703 2925 2758; x_wconf 89' lang='lat' dir='ltr'><strong>suis</strong></span> <span class='ocrx_word' id='word_1_433' title='bbox 2975 2702 3215 2758; x_wconf 83' lang='lat' dir='ltr'><strong>statuit?</strong></span> <span class='ocrx_word' id='word_1_434' title='bbox 3254 2703 3404 2758; x_wconf 84' lang='lat' dir='ltr'><strong>Idem</strong></span> <span class='ocrx_word' id='word_1_435' title='bbox 3459 2703 3636 2760; x_wconf 88' lang='lat' dir='ltr'><strong>dicit:</strong></span> 
     </span>
    </p>
   </div>
   <div class='ocr_carea' id='block_1_58' title="bbox 2064 2791 3640 2864">
    <p class='ocr_par' dir='ltr' id='par_1_58' title="bbox 2064 2791 3640 2864">
     <span class='ocr_line' id='line_1_58' title="bbox 2064 2791 3640 2864; baseline 0.004 -20"><span class='ocrx_word' id='word_1_436' title='bbox 2064 2811 2082 2844; x_wconf 81' lang='grc' dir='ltr'><strong>ι</strong></span> <span class='ocrx_word' id='word_1_437' title='bbox 2121 2791 2225 2859; x_wconf 90' lang='lat' dir='ltr'><strong>Qui</strong></span> <span class='ocrx_word' id='word_1_438' title='bbox 2257 2808 2381 2847; x_wconf 89' lang='lat' dir='ltr'><strong>cum</strong></span> <span class='ocrx_word' id='word_1_439' title='bbox 2407 2801 2592 2848; x_wconf 85' lang='lat' dir='ltr'><strong>scorto</strong></span> <span class='ocrx_word' id='word_1_440' title='bbox 2621 2792 2880 2850; x_wconf 89' lang='lat' dir='ltr'><strong>mercede</strong></span> <span class='ocrx_word' id='word_1_441' title='bbox 2911 2794 3092 2849; x_wconf 89' lang='lat' dir='ltr'><strong>soluta</strong></span> <span class='ocrx_word' id='word_1_442' title='bbox 3119 2794 3505 2864; x_wconf 81' lang='lat' dir='ltr'><strong>concubuerit,</strong></span> <span class='ocrx_word' id='word_1_443' title='bbox 3525 2811 3640 2850; x_wconf 88' lang='lat' dir='ltr'><strong>non</strong></span> 
     </span>
    </p>
   </div>
   <div class='ocr_carea' id='block_1_59' title="bbox 2057 2873 3640 2960">
    <p class='ocr_par' dir='ltr' id='par_1_59' title="bbox 2057 2873 3640 2960">
     <span class='ocr_line' id='line_1_59' title="bbox 2057 2873 3640 2960; baseline 0.002 -20"><span class='ocrx_word' id='word_1_444' title='bbox 2057 2894 2290 2956; x_wconf 87' lang='lat' dir='ltr'><strong>peccat;</strong></span> <span class='ocrx_word' id='word_1_445' title='bbox 2328 2891 2383 2940; x_wconf 89' lang='lat' dir='ltr'><strong>at</strong></span> <span class='ocrx_word' id='word_1_446' title='bbox 2413 2885 2507 2955; x_wconf 89' lang='lat' dir='ltr'><strong>qui</strong></span> <span class='ocrx_word' id='word_1_447' title='bbox 2537 2885 2810 2956; x_wconf 81' lang='lat' dir='ltr'><strong>virginem</strong></span> <span class='ocrx_word' id='word_1_448' title='bbox 2844 2885 2899 2940; x_wconf 86' lang='lat' dir='ltr'><strong>vi</strong></span> <span class='ocrx_word' id='word_1_449' title='bbox 2933 2873 3245 2954; x_wconf 79' lang='lat' dir='ltr'><strong>violaverit,</strong></span> <span class='ocrx_word' id='word_1_450' title='bbox 3283 2896 3512 2960; x_wconf 86' lang='lat' dir='ltr'><strong>peccat;</strong></span> <span class='ocrx_word' id='word_1_451' title='bbox 3543 2887 3640 2958; x_wconf 83' lang='lat' dir='ltr'><strong>qui</strong></span> 
     </span>
    </p>
   </div>
   <div class='ocr_carea' id='block_1_60' title="bbox 2057 2975 3638 3045">
    <p class='ocr_par' dir='ltr' id='par_1_60' title="bbox 2057 2975 3638 3045">
     <span class='ocr_line' id='line_1_60' title="bbox 2057 2975 3638 3045; baseline 0.002 -15"><span class='ocrx_word' id='word_1_452' title='bbox 2057 2984 2244 3030; x_wconf 86' lang='lat' dir='ltr'><strong>autem</strong></span> <span class='ocrx_word' id='word_1_453' title='bbox 2279 2988 2406 3030; x_wconf 92' lang='lat' dir='ltr'><strong>cum</strong></span> <span class='ocrx_word' id='word_1_454' title='bbox 2441 2975 2532 3030; x_wconf 90' lang='lat' dir='ltr'><strong>illa</strong></span> <span class='ocrx_word' id='word_1_455' title='bbox 2565 2975 2674 3031; x_wconf 84' lang='lat' dir='ltr'><strong>sibi</strong></span> <span class='ocrx_word' id='word_1_456' title='bbox 2705 2978 3090 3033; x_wconf 81' lang='lat' dir='ltr'><strong>consentiente</strong></span> <span class='ocrx_word' id='word_1_457' title='bbox 3117 2979 3499 3045; x_wconf 84' lang='lat' dir='ltr'><strong>concubuerit,</strong></span> <span class='ocrx_word' id='word_1_458' title='bbox 3529 2994 3638 3034; x_wconf 88' lang='lat' dir='ltr'><strong>non</strong></span> 
     </span>
    </p>
   </div>
   <div class='ocr_carea' id='block_1_61' title="bbox 2059 3068 3641 3141">
    <p class='ocr_par' dir='ltr' id='par_1_61' title="bbox 2059 3068 3641 3141">
     <span class='ocr_line' id='line_1_61' title="bbox 2059 3068 3641 3141; baseline 0.002 -19"><span class='ocrx_word' id='word_1_459' title='bbox 2059 3077 2268 3138; x_wconf 89' lang='lat' dir='ltr'><strong>peccat.</strong></span> <span class='ocrx_word' id='word_1_460' title='bbox 2311 3068 2379 3123; x_wconf 83' lang='lat' dir='ltr'><strong>Et</strong></span> <span class='ocrx_word' id='word_1_461' title='bbox 2407 3069 2503 3138; x_wconf 91' lang='lat' dir='ltr'><strong>qui</strong></span> <span class='ocrx_word' id='word_1_462' title='bbox 2555 3069 2804 3139; x_wconf 84' lang='lat' dir='ltr'><strong>captivas</strong></span> <span class='ocrx_word' id='word_1_463' title='bbox 2858 3070 2911 3124; x_wconf 89' lang='lat' dir='ltr'><strong>in</strong></span> <span class='ocrx_word' id='word_1_464' title='bbox 2955 3069 3099 3126; x_wconf 76' lang='lat' dir='ltr'><strong>bello</strong></span> <span class='ocrx_word' id='word_1_465' title='bbox 3133 3071 3363 3140; x_wconf 89' lang='lat' dir='ltr'><strong>ceperit,</strong></span> <span class='ocrx_word' id='word_1_466' title='bbox 3415 3071 3502 3126; x_wconf 91' lang='lat' dir='ltr'><strong>his</strong></span> <span class='ocrx_word' id='word_1_467' title='bbox 3539 3085 3641 3141; x_wconf 90' lang='lat' dir='ltr'><strong>pro</strong></span> 
     </span>
    </p>
   </div>
   <div class='ocr_carea' id='block_1_62' title="bbox 378 3159 1955 3256">
    <p class='ocr_par' dir='ltr' id='par_1_62' title="bbox 378 3161 1950 3233">
     <span class='ocr_line' id='line_1_62' title="bbox 378 3161 1950 3233; baseline 0.002 -19"><span class='ocrx_word' id='word_1_468' title='bbox 378 3162 470 3215; x_wconf 79' lang='grc' dir='ltr'><strong>ἐπ’</strong></span> <span class='ocrx_word' id='word_1_469' title='bbox 502 3161 697 3225; x_wconf 80' lang='grc' dir='ltr'>αὑταῖς</span> <span class='ocrx_word' id='word_1_470' title='bbox 721 3163 749 3214; x_wconf 84' lang='grc' dir='ltr'>ὃ</span> <span class='ocrx_word' id='word_1_471' title='bbox 772 3162 1024 3232; x_wconf 77' lang='grc' dir='ltr'>βούλεται</span> <span class='ocrx_word' id='word_1_472' title='bbox 1075 3163 1394 3224; x_wconf 84' lang='grc' dir='ltr'>ἀκωλύτως.</span> <span class='ocrx_word' id='word_1_473' title='bbox 1446 3164 1504 3215; x_wconf 86' lang='grc' dir='ltr'><strong>Ὀ</strong></span> <span class='ocrx_word' id='word_1_474' title='bbox 1533 3163 1666 3231; x_wconf 80' lang='grc' dir='ltr'>γοῦν</span> <span class='ocrx_word' id='word_1_475' title='bbox 1696 3163 1950 3233; x_wconf 77' lang='grc' dir='ltr'>πορνείας</span> 
     </span>
    </p>
   </div>
   <div class='ocr_carea' id='block_1_63' title="bbox 2062 3159 3640 3256">
    <p class='ocr_par' dir='ltr' id='par_1_63' title="bbox 2062 3159 3640 3231">
     <span class='ocr_line' id='line_1_63' title="bbox 2062 3159 3640 3231; baseline 0.002 -17"><span class='ocrx_word' id='word_1_476' title='bbox 2062 3175 2160 3214; x_wconf 88' lang='lat' dir='ltr'><strong>sua</strong></span> <span class='ocrx_word' id='word_1_477' title='bbox 2207 3159 2442 3214; x_wconf 90' lang='lat' dir='ltr'><strong>libidine</strong></span> <span class='ocrx_word' id='word_1_478' title='bbox 2487 3160 2641 3215; x_wconf 91' lang='lat' dir='ltr'><strong>nullo</strong></span> <span class='ocrx_word' id='word_1_479' title='bbox 2715 3161 3042 3231; x_wconf 86' lang='lat' dir='ltr'><strong>prohibente</strong></span> <span class='ocrx_word' id='word_1_480' title='bbox 3085 3169 3289 3216; x_wconf 89' lang='lat' dir='ltr'><strong>utatur.</strong></span> <span class='ocrx_word' id='word_1_481' title='bbox 3351 3161 3640 3228; x_wconf 85' lang='lat' dir='ltr'><strong>Quomodo</strong></span> 
     </span>
    </p>
   </div>
   <div class='ocr_carea' id='block_1_64' title="bbox 377 3250 1955 3325">
    <p class='ocr_par' dir='ltr' id='par_1_64' title="bbox 377 3253 1951 3325">
     <span class='ocr_line' id='line_1_64' title="bbox 377 3253 1951 3325; baseline 0 -17"><span class='ocrx_word' id='word_1_482' title='bbox 377 3255 474 3308; x_wconf 80' lang='grc' dir='ltr'>καὶ</span> <span class='ocrx_word' id='word_1_483' title='bbox 505 3254 985 3325; x_wconf 80' lang='grc' dir='ltr'>παρθενοφθορίας</span> <span class='ocrx_word' id='word_1_484' title='bbox 1008 3253 1321 3324; x_wconf 77' lang='grc' dir='ltr'>νομοθετῶν</span> <span class='ocrx_word' id='word_1_485' title='bbox 1351 3253 1467 3316; x_wconf 83' lang='grc' dir='ltr'><strong>πῶς</strong></span> <span class='ocrx_word' id='word_1_486' title='bbox 1497 3254 1606 3307; x_wconf 82' lang='grc' dir='ltr'>ἀπὸ</span> <span class='ocrx_word' id='word_1_487' title='bbox 1639 3253 1813 3321; x_wconf 75' lang='lat'><strong>8506;</strong></span> <span class='ocrx_word' id='word_1_488' title='bbox 1847 3256 1951 3308; x_wconf 80' lang='lat' dir='ltr'><strong>Kal</strong></span> 
     </span>
    </p>
   </div>
   <div class='ocr_carea' id='block_1_65' title="bbox 2062 3250 3644 3325">
    <p class='ocr_par' dir='ltr' id='par_1_65' title="bbox 2062 3250 3644 3320">
     <span class='ocr_line' id='line_1_65' title="bbox 2062 3250 3644 3320; baseline 0.001 -16"><span class='ocrx_word' id='word_1_489' title='bbox 2062 3250 2232 3320; x_wconf 80' lang='lat' dir='ltr'><strong>igitur</strong></span> <span class='ocrx_word' id='word_1_490' title='bbox 2265 3251 2379 3306; x_wconf 90' lang='lat' dir='ltr'><strong>Deo</strong></span> <span class='ocrx_word' id='word_1_491' title='bbox 2410 3260 2639 3315; x_wconf 77' lang='lat' dir='ltr'><strong>auctore</strong></span> <span class='ocrx_word' id='word_1_492' title='bbox 2688 3250 2743 3305; x_wconf 89' lang='lat' dir='ltr'><strong>id</strong></span> <span class='ocrx_word' id='word_1_493' title='bbox 2800 3251 2989 3319; x_wconf 77' lang='lat' dir='ltr'><strong>faciet,</strong></span> <span class='ocrx_word' id='word_1_494' title='bbox 3039 3252 3132 3320; x_wconf 91' lang='lat' dir='ltr'><strong>qui</strong></span> <span class='ocrx_word' id='word_1_495' title='bbox 3187 3251 3553 3307; x_wconf 88' lang='lat' dir='ltr'><strong>scortationes</strong></span> <span class='ocrx_word' id='word_1_496' title='bbox 3585 3261 3644 3306; x_wconf 90' lang='lat' dir='ltr'><strong>et</strong></span> 
     </span>
    </p>
   </div>
   <div class='ocr_carea' id='block_1_66' title="bbox 375 3343 1954 3416">
    <p class='ocr_par' dir='ltr' id='par_1_66' title="bbox 375 3343 1954 3416">
     <span class='ocr_line' id='line_1_66' title="bbox 375 3343 1954 3416; baseline 0.001 -19"><span class='ocrx_word' id='word_1_497' title='bbox 375 3347 436 3398; x_wconf 77' lang='grc' dir='ltr'>τὸ</span> <span class='ocrx_word' id='word_1_498' title='bbox 472 3345 544 3412; x_wconf 81' lang='grc' dir='ltr'>δὴ</span> <span class='ocrx_word' id='word_1_499' title='bbox 570 3345 868 3416; x_wconf 84' lang='grc' dir='ltr'>χείριστον,</span> <span class='ocrx_word' id='word_1_500' title='bbox 923 3345 1009 3398; x_wconf 82' lang='grc' dir='ltr'>ὅτι</span> <span class='ocrx_word' id='word_1_501' title='bbox 1047 3345 1176 3408; x_wconf 78' lang='grc' dir='ltr'>τοὺς</span> <span class='ocrx_word' id='word_1_502' title='bbox 1227 3345 1370 3398; x_wconf 86' lang='grc' dir='ltr'>κατὰ</span> <span class='ocrx_word' id='word_1_503' title='bbox 1422 3343 1520 3416; x_wconf 74' lang='grc' dir='ltr'>τὴν</span> <span class='ocrx_word' id='word_1_504' title='bbox 1548 3344 1822 3416; x_wconf 74' lang='grc' dir='ltr'>ἀποδοχὴν</span> <span class='ocrx_word' id='word_1_505' title='bbox 1859 3345 1954 3398; x_wconf 76' lang='grc' dir='ltr'><strong>τοῦ</strong></span> 
     </span>
    </p>
   </div>
   <div class='ocr_carea' id='block_1_67' title="bbox 376 3437 1957 3509">
    <p class='ocr_par' dir='ltr' id='par_1_67' title="bbox 376 3437 1957 3509">
     <span class='ocr_line' id='line_1_67' title="bbox 376 3437 1957 3509; baseline 0.002 -18"><span class='ocrx_word' id='word_1_506' title='bbox 376 3438 514 3492; x_wconf 78' lang='grc' dir='ltr'>Θεοῦ</span> <span class='ocrx_word' id='word_1_507' title='bbox 555 3440 1042 3509; x_wconf 81' lang='grc' dir='ltr'>περιπατήσαντας</span> <span class='ocrx_word' id='word_1_508' title='bbox 1101 3440 1161 3490; x_wconf 81' lang='grc' dir='ltr'>ἐν</span> <span class='ocrx_word' id='word_1_509' title='bbox 1214 3437 1291 3506; x_wconf 85' lang='grc' dir='ltr'>τῷ</span> <span class='ocrx_word' id='word_1_510' title='bbox 1347 3439 1575 3509; x_wconf 83' lang='grc' dir='ltr'>παρόντι</span> <span class='ocrx_word' id='word_1_511' title='bbox 1615 3440 1771 3492; x_wconf 79' lang='grc' dir='ltr'>αἰῶνι</span> <span class='ocrx_word' id='word_1_512' title='bbox 1817 3440 1957 3508; x_wconf 81' lang='grc' dir='ltr'>μετὰ</span> 
     </span>
    </p>
   </div>
   <div class='ocr_carea' id='block_1_68' title="bbox 374 3530 1958 3603">
    <p class='ocr_par' dir='ltr' id='par_1_68' title="bbox 374 3530 1958 3603">
     <span class='ocr_line' id='line_1_68' title="bbox 374 3530 1958 3603; baseline -0.001 -18"><span class='ocrx_word' id='word_1_513' title='bbox 374 3535 476 3603; x_wconf 70' lang='grc' dir='ltr'>τὴν</span> <span class='ocrx_word' id='word_1_514' title='bbox 531 3531 740 3585; x_wconf 74' lang='grc' dir='ltr'>ἐνθένδε</span> <span class='ocrx_word' id='word_1_515' title='bbox 800 3530 1101 3584; x_wconf 77' lang='grc' dir='ltr'>άποόίωσιν</span> <span class='ocrx_word' id='word_1_516' title='bbox 1160 3531 1342 3584; x_wconf 77' lang='grc' dir='ltr'>αὐτῶν</span> <span class='ocrx_word' id='word_1_517' title='bbox 1379 3531 1581 3601; x_wconf 71' lang='grc' dir='ltr'>λουτρὰ</span> <span class='ocrx_word' id='word_1_518' title='bbox 1635 3533 1727 3584; x_wconf 79' lang='grc' dir='ltr'>καὶ</span> <span class='ocrx_word' id='word_1_519' title='bbox 1772 3532 1958 3594; x_wconf 71' lang='grc' dir='ltr'>οἴκους</span> 
     </span>
    </p>
   </div>
   <div class='ocr_carea' id='block_1_69' title="bbox 377 3623 1958 3693">
    <p class='ocr_par' dir='ltr' id='par_1_69' title="bbox 377 3623 1958 3693">
     <span class='ocr_line' id='line_1_69' title="bbox 377 3623 1958 3693; baseline -0.001 -18"><span class='ocrx_word' id='word_1_520' title='bbox 377 3623 734 3693; x_wconf 81' lang='grc' dir='ltr'>περικαλλεῖς</span> <span class='ocrx_word' id='word_1_521' title='bbox 790 3623 886 3676; x_wconf 73' lang='grc' dir='ltr'>καὶ</span> <span class='ocrx_word' id='word_1_522' title='bbox 941 3623 1209 3690; x_wconf 83' lang='grc' dir='ltr'>γυναῖκας</span> <span class='ocrx_word' id='word_1_523' title='bbox 1269 3623 1578 3693; x_wconf 83' lang='grc' dir='ltr'>παρθένους</span> <span class='ocrx_word' id='word_1_524' title='bbox 1625 3623 1707 3676; x_wconf 83' lang='grc' dir='ltr'>ὅτι</span> <span class='ocrx_word' id='word_1_525' title='bbox 1757 3624 1958 3686; x_wconf 61' lang='grc' dir='ltr'>πολλὰς</span> 
     </span>
    </p>
   </div>
   <div class='ocr_carea' id='block_1_70' title="bbox 377 3711 1954 3783">
    <p class='ocr_par' dir='ltr' id='par_1_70' title="bbox 377 3711 1954 3783">
     <span class='ocr_line' id='line_1_70' title="bbox 377 3711 1954 3783; baseline 0.001 -17"><span class='ocrx_word' id='word_1_526' title='bbox 377 3715 730 3782; x_wconf 80' lang='grc' dir='ltr'>ὕπισχνείται</span> <span class='ocrx_word' id='word_1_527' title='bbox 793 3711 1118 3781; x_wconf 85' lang='grc' dir='ltr'>δοθήσεσθαι</span> <span class='ocrx_word' id='word_1_528' title='bbox 1168 3711 1252 3765; x_wconf 66' lang='grc' dir='ltr'>ἑνὶ</span> <span class='ocrx_word' id='word_1_529' title='bbox 1311 3711 1527 3779; x_wconf 78' lang='grc' dir='ltr'>ἑκάστῳ</span> <span class='ocrx_word' id='word_1_530' title='bbox 1588 3714 1738 3783; x_wconf 79' lang='grc' dir='ltr'>παρὰ</span> <span class='ocrx_word' id='word_1_531' title='bbox 1797 3713 1954 3767; x_wconf 71' lang='grc' dir='ltr'>Θεοῦ.</span> 
     </span>
    </p>
   </div>
   <div class='ocr_carea' id='block_1_71' title="bbox 375 3803 1959 3874">
    <p class='ocr_par' dir='ltr' id='par_1_71' title="bbox 375 3803 1959 3874">
     <span class='ocr_line' id='line_1_71' title="bbox 375 3803 1959 3874; baseline -0.003 -15"><span class='ocrx_word' id='word_1_532' title='bbox 375 3807 487 3860; x_wconf 71' lang='grc' dir='ltr'><strong>Καὶ</strong></span> <span class='ocrx_word' id='word_1_533' title='bbox 513 3806 656 3874; x_wconf 82' lang='grc' dir='ltr'>ὅπερ</span> <span class='ocrx_word' id='word_1_534' title='bbox 693 3804 742 3856; x_wconf 82' lang='grc' dir='ltr'>οἱ</span> <span class='ocrx_word' id='word_1_535' title='bbox 800 3803 910 3856; x_wconf 87' lang='grc' dir='ltr'><strong>τῶν</strong></span> <span class='ocrx_word' id='word_1_536' title='bbox 966 3803 1372 3874; x_wconf 82' lang='grc' dir='ltr'>είδωλολατρῶν</span> <span class='ocrx_word' id='word_1_537' title='bbox 1432 3803 1700 3873; x_wconf 71' lang='grc' dir='ltr'>Ἑλλήνων</span> <span class='ocrx_word' id='word_1_538' title='bbox 1761 3805 1959 3872; x_wconf 69' lang='grc' dir='ltr'>ὀνομα-</span> 
     </span>
    </p>
   </div>
   <div class='ocr_carea' id='block_1_72' title="bbox 375 3887 1954 3964">
    <p class='ocr_par' dir='ltr' id='par_1_72' title="bbox 375 3887 1954 3964">
     <span class='ocr_line' id='line_1_72' title="bbox 375 3887 1954 3964; baseline -0.001 -18"><span class='ocrx_word' id='word_1_539' title='bbox 375 3897 607 3964; x_wconf 78' lang='grc' dir='ltr'>ζόμενοι</span> <span class='ocrx_word' id='word_1_540' title='bbox 640 3893 880 3962; x_wconf 84' lang='grc' dir='ltr'>θεολόγοι</span> <span class='ocrx_word' id='word_1_541' title='bbox 929 3893 1030 3947; x_wconf 76' lang='grc' dir='ltr'>οὐκ</span> <span class='ocrx_word' id='word_1_542' title='bbox 1079 3887 1255 3957; x_wconf 72' lang='grc' dir='ltr'>εἷπον,</span> <span class='ocrx_word' id='word_1_543' title='bbox 1303 3892 1424 3945; x_wconf 76' lang='grc' dir='ltr'>οὐδὲ</span> <span class='ocrx_word' id='word_1_544' title='bbox 1483 3893 1739 3962; x_wconf 74' lang='grc' dir='ltr'>ἐνόμισαν</span> <span class='ocrx_word' id='word_1_545' title='bbox 1787 3888 1954 3958; x_wconf 73' lang='grc' dir='ltr'>εἶναι,</span> 
     </span>
    </p>
   </div>
   <div class='ocr_carea' id='block_1_73' title="bbox 371 3980 1956 4054">
    <p class='ocr_par' dir='ltr' id='par_1_73' title="bbox 371 3980 1956 4054">
     <span class='ocr_line' id='line_1_73' title="bbox 371 3980 1956 4054; baseline -0.003 -15"><span class='ocrx_word' id='word_1_546' title='bbox 371 3988 558 4039; x_wconf 83' lang='grc' dir='ltr'>ταῦτα</span> <span class='ocrx_word' id='word_1_547' title='bbox 591 3985 620 4036; x_wconf 85' lang='grc' dir='ltr'>ὁ</span> <span class='ocrx_word' id='word_1_548' title='bbox 643 3984 886 4054; x_wconf 80' lang='grc' dir='ltr'>Μωάμεθ</span> <span class='ocrx_word' id='word_1_549' title='bbox 910 3983 1422 4054; x_wconf 79' lang='grc' dir='ltr'>ἀνακεκαλυμμένῳ</span> <span class='ocrx_word' id='word_1_550' title='bbox 1450 3983 1528 4054; x_wconf 82' lang='grc' dir='ltr'>τῷ</span> <span class='ocrx_word' id='word_1_551' title='bbox 1559 3980 1845 4054; x_wconf 84' lang='grc' dir='ltr'>προσώπῳ</span> <span class='ocrx_word' id='word_1_552' title='bbox 1869 3999 1956 4036; x_wconf 48' lang='lat' dir='ltr'><strong>von</strong></span> 
     </span>
    </p>
   </div>
   <div class='ocr_carea' id='block_1_74' title="bbox 376 4073 1959 4148">
    <p class='ocr_par' dir='ltr' id='par_1_74' title="bbox 376 4073 1959 4148">
     <span class='ocr_line' id='line_1_74' title="bbox 376 4073 1959 4148; baseline -0.003 -17"><span class='ocrx_word' id='word_1_553' title='bbox 376 4079 634 4148; x_wconf 83' lang='grc' dir='ltr'>μοθετεῖ.</span> <span class='ocrx_word' id='word_1_554' title='bbox 678 4074 909 4128; x_wconf 84' lang='grc' dir='ltr'>Ἐκεῖνοι</span> <span class='ocrx_word' id='word_1_555' title='bbox 949 4075 1058 4145; x_wconf 78' lang='grc' dir='ltr'><strong>γὰρ</strong></span> <span class='ocrx_word' id='word_1_556' title='bbox 1115 4073 1258 4128; x_wconf 79' lang='grc' dir='ltr'>οὕτω</span> <span class='ocrx_word' id='word_1_557' title='bbox 1290 4075 1566 4143; x_wconf 77' lang='grc' dir='ltr'>λέγουσιν,</span> <span class='ocrx_word' id='word_1_558' title='bbox 1600 4075 1685 4127; x_wconf 79' lang='grc' dir='ltr'>ὅτι</span> <span class='ocrx_word' id='word_1_559' title='bbox 1745 4075 1794 4127; x_wconf 89' lang='grc' dir='ltr'><strong>οί</strong></span> <span class='ocrx_word' id='word_1_560' title='bbox 1859 4075 1959 4144; x_wconf 82' lang='grc' dir='ltr'>μὲν</span> 
     </span>
    </p>
   </div>
   <div class='ocr_carea' id='block_1_75' title="bbox 374 4166 1960 4244">
    <p class='ocr_par' dir='ltr' id='par_1_75' title="bbox 374 4166 1960 4244">
     <span class='ocr_line' id='line_1_75' title="bbox 374 4166 1960 4244; baseline -0.003 -21"><span class='ocrx_word' id='word_1_561' title='bbox 374 4171 566 4232; x_wconf 80' lang='grc' dir='ltr'>καλῶς</span> <span class='ocrx_word' id='word_1_562' title='bbox 621 4169 809 4222; x_wconf 72' lang='grc' dir='ltr'>ἐνθάδε</span> <span class='ocrx_word' id='word_1_563' title='bbox 843 4168 1160 4238; x_wconf 81' lang='grc' dir='ltr'>βιώσοντες,</span> <span class='ocrx_word' id='word_1_564' title='bbox 1212 4167 1352 4221; x_wconf 82' lang='grc' dir='ltr'>ὲπάν</span> <span class='ocrx_word' id='word_1_565' title='bbox 1385 4166 1700 4221; x_wconf 83' lang='grc' dir='ltr'>ἀποθάνωσι</span> <span class='ocrx_word' id='word_1_566' title='bbox 1735 4167 1830 4220; x_wconf 69' lang='grc' dir='ltr'>καὶ</span> <span class='ocrx_word' id='word_1_567' title='bbox 1860 4184 1960 4244; x_wconf 61' lang='grc' dir='ltr'>κα-</span> 
     </span>
    </p>
   </div>
   <div class='ocr_carea' id='block_1_76' title="bbox 375 4259 1955 4334">
    <p class='ocr_par' dir='ltr' id='par_1_76' title="bbox 375 4259 1955 4334">
     <span class='ocr_line' id='line_1_76' title="bbox 375 4259 1955 4334; baseline -0.003 -19"><span class='ocrx_word' id='word_1_568' title='bbox 375 4263 569 4334; x_wconf 83' lang='grc' dir='ltr'>θαρῶς</span> <span class='ocrx_word' id='word_1_569' title='bbox 597 4261 1030 4332; x_wconf 79' lang='grc' dir='ltr'>ἀποδημήσωσιν</span> <span class='ocrx_word' id='word_1_570' title='bbox 1059 4261 1115 4314; x_wconf 79' lang='grc' dir='ltr'>αἱ</span> <span class='ocrx_word' id='word_1_571' title='bbox 1169 4259 1343 4329; x_wconf 76' lang='grc' dir='ltr'>ψυχαὶ</span> <span class='ocrx_word' id='word_1_572' title='bbox 1360 4269 1372 4277; x_wconf 81' lang='grc'><strong>”</strong></span> <span class='ocrx_word' id='word_1_573' title='bbox 1389 4260 1497 4313; x_wconf 76' lang='grc' dir='ltr'>ἀπὸ</span> <span class='ocrx_word' id='word_1_574' title='bbox 1523 4259 1631 4313; x_wconf 88' lang='grc' dir='ltr'><strong>τῶν</strong></span> <span class='ocrx_word' id='word_1_575' title='bbox 1663 4261 1955 4331; x_wconf 86' lang='grc' dir='ltr'>σωμάτων,</span> 
     </span>
    </p>
   </div>
   <div class='ocr_carea' id='block_1_77' title="bbox 375 4352 1955 4423">
    <p class='ocr_par' dir='ltr' id='par_1_77' title="bbox 375 4352 1955 4423">
     <span class='ocr_line' id='line_1_77' title="bbox 375 4352 1955 4423; baseline -0.002 -15"><span class='ocrx_word' id='word_1_576' title='bbox 375 4359 459 4419; x_wconf 84' lang='grc' dir='ltr'><strong>εἰς</strong></span> <span class='ocrx_word' id='word_1_577' title='bbox 512 4357 643 4418; x_wconf 76' lang='grc' dir='ltr'>τοὺς</span> <span class='ocrx_word' id='word_1_578' title='bbox 697 4353 854 4416; x_wconf 80' lang='grc' dir='ltr'>θεοὺς</span> <span class='ocrx_word' id='word_1_579' title='bbox 910 4354 1271 4423; x_wconf 84' lang='grc' dir='ltr'>ἀπέρχονται,</span> <span class='ocrx_word' id='word_1_580' title='bbox 1333 4357 1429 4406; x_wconf 77' lang='grc' dir='ltr'>καὶ</span> <span class='ocrx_word' id='word_1_581' title='bbox 1482 4354 1619 4421; x_wconf 82' lang='grc' dir='ltr'>μετὰ</span> <span class='ocrx_word' id='word_1_582' title='bbox 1657 4352 1764 4406; x_wconf 87' lang='grc' dir='ltr'><strong>τῶν</strong></span> <span class='ocrx_word' id='word_1_583' title='bbox 1815 4353 1955 4406; x_wconf 87' lang='grc' dir='ltr'>θεῶν</span> 
     </span>
    </p>
   </div>
   <div class='ocr_carea' id='block_1_78' title="bbox 374 4444 1957 4516">
    <p class='ocr_par' dir='ltr' id='par_1_78' title="bbox 374 4444 1957 4516">
     <span class='ocr_line' id='line_1_78' title="bbox 374 4444 1957 4516; baseline -0.003 -16"><span class='ocrx_word' id='word_1_584' title='bbox 374 4447 733 4516; x_wconf 79' lang='grc' dir='ltr'>εὑρίσκονται</span> <span class='ocrx_word' id='word_1_585' title='bbox 779 4445 858 4505; x_wconf 79' lang='grc' dir='ltr'><strong>εἰς</strong></span> <span class='ocrx_word' id='word_1_586' title='bbox 893 4445 990 4506; x_wconf 76' lang='grc' dir='ltr'>τὰς</span> <span class='ocrx_word' id='word_1_587' title='bbox 1015 4444 1127 4497; x_wconf 87' lang='grc' dir='ltr'><strong>τῶν</strong></span> <span class='ocrx_word' id='word_1_588' title='bbox 1158 4445 1422 4514; x_wconf 84' lang='grc' dir='ltr'>μακάρων</span> <span class='ocrx_word' id='word_1_589' title='bbox 1451 4447 1672 4513; x_wconf 78' lang='grc' dir='ltr'>νήσους,</span> <span class='ocrx_word' id='word_1_590' title='bbox 1718 4444 1814 4497; x_wconf 74' lang='grc' dir='ltr'>καὶ</span> <span class='ocrx_word' id='word_1_591' title='bbox 1839 4445 1957 4514; x_wconf 82' lang='grc' dir='ltr'>μετ’</span> 
     </span>
    </p>
   </div>
   <div class='ocr_carea' id='block_1_79' title="bbox 376 4536 1951 4607">
    <p class='ocr_par' dir='ltr' id='par_1_79' title="bbox 376 4536 1951 4607">
     <span class='ocr_line' id='line_1_79' title="bbox 376 4536 1951 4607; baseline -0.001 -17"><span class='ocrx_word' id='word_1_592' title='bbox 376 4538 564 4591; x_wconf 71' lang='grc' dir='ltr'>αὐτῶν</span> <span class='ocrx_word' id='word_1_593' title='bbox 621 4536 1089 4603; x_wconf 61' lang='grc' dir='ltr'>συναγάλλονταιί</span> <span class='ocrx_word' id='word_1_594' title='bbox 1117 4536 1230 4595; x_wconf 81' lang='grc' dir='ltr'><strong>τῶν</strong></span> <span class='ocrx_word' id='word_1_595' title='bbox 1257 4536 1312 4589; x_wconf 80' lang='grc' dir='ltr'>δὲ</span> <span class='ocrx_word' id='word_1_596' title='bbox 1367 4536 1553 4600; x_wconf 89' lang='grc' dir='ltr'>κακῶς</span> <span class='ocrx_word' id='word_1_597' title='bbox 1586 4537 1774 4591; x_wconf 69' lang='grc' dir='ltr'>ἐνθάδε</span> <span class='ocrx_word' id='word_1_598' title='bbox 1827 4536 1951 4607; x_wconf 73' lang='grc' dir='ltr'>βιωο</span> 
     </span>
    </p>
   </div>
   <div class='ocr_carea' id='block_1_80' title="bbox 349 4613 1959 4701">
    <p class='ocr_par' dir='ltr' id='par_1_80' title="bbox 349 4613 1959 4701">
     <span class='ocr_line' id='line_1_80' title="bbox 349 4613 1959 4701; baseline -0.002 -17"><span class='ocrx_word' id='word_1_599' title='bbox 349 4631 621 4694; x_wconf 79' lang='grc' dir='ltr'>’σάντων,</span> <span class='ocrx_word' id='word_1_600' title='bbox 657 4632 752 4684; x_wconf 76' lang='grc' dir='ltr'>καὶ</span> <span class='ocrx_word' id='word_1_601' title='bbox 779 4629 1132 4699; x_wconf 83' lang='grc' dir='ltr'>ἀκαθάρτων,</span> <span class='ocrx_word' id='word_1_602' title='bbox 1163 4632 1258 4683; x_wconf 71' lang='grc' dir='ltr'>καὶ</span> <span class='ocrx_word' id='word_1_603' title='bbox 1314 4613 1740 4701; x_wconf 76' lang='grc' dir='ltr'>μεμολυσμένων</span> <span class='ocrx_word' id='word_1_604' title='bbox 1789 4629 1959 4684; x_wconf 87' lang='grc' dir='ltr'>ἀπελ-</span> 
     </span>
    </p>
   </div>
   <div class='ocr_carea' id='block_1_81' title="bbox 377 4719 1959 4793">
    <p class='ocr_par' dir='ltr' id='par_1_81' title="bbox 377 4719 1959 4793">
     <span class='ocr_line' id='line_1_81' title="bbox 377 4719 1959 4793; baseline -0.003 -16"><span class='ocrx_word' id='word_1_605' title='bbox 377 4725 610 4788; x_wconf 83' lang='grc' dir='ltr'>θόντων,</span> <span class='ocrx_word' id='word_1_606' title='bbox 641 4725 698 4776; x_wconf 81' lang='grc' dir='ltr'><strong>αι</strong></span> <span class='ocrx_word' id='word_1_607' title='bbox 727 4722 933 4777; x_wconf 80' lang='grc' dir='ltr'>τούτων</span> <span class='ocrx_word' id='word_1_608' title='bbox 964 4721 1136 4793; x_wconf 74' lang='grc' dir='ltr'>ψυχαὶ</span> <span class='ocrx_word' id='word_1_609' title='bbox 1186 4721 1267 4784; x_wconf 80' lang='grc' dir='ltr'><strong>είς</strong></span> <span class='ocrx_word' id='word_1_610' title='bbox 1299 4719 1562 4791; x_wconf 73' lang='grc' dir='ltr'>ζοφώδεις</span> <span class='ocrx_word' id='word_1_611' title='bbox 1597 4721 1692 4784; x_wconf 81' lang='grc' dir='ltr'>καὶ</span> <span class='ocrx_word' id='word_1_612' title='bbox 1747 4735 1959 4774; x_wconf 79' lang='grc' dir='ltr'>σκοτει-</span> 
     </span>
    </p>
   </div>
   <div class='ocr_carea' id='block_1_82' title="bbox 375 4810 1953 4884">
    <p class='ocr_par' dir='ltr' id='par_1_82' title="bbox 375 4810 1953 4884">
     <span class='ocr_line' id='line_1_82' title="bbox 375 4810 1953 4884; baseline -0.002 -18"><span class='ocrx_word' id='word_1_613' title='bbox 375 4815 508 4876; x_wconf 79' lang='grc' dir='ltr'>νοὺς</span> <span class='ocrx_word' id='word_1_614' title='bbox 543 4813 878 4884; x_wconf 82' lang='grc' dir='ltr'>ἀπέρχονται</span> <span class='ocrx_word' id='word_1_615' title='bbox 910 4815 1136 4880; x_wconf 83' lang='grc' dir='ltr'>τόπους,</span> <span class='ocrx_word' id='word_1_616' title='bbox 1165 4813 1261 4867; x_wconf 76' lang='grc' dir='ltr'>καὶ</span> <span class='ocrx_word' id='word_1_617' title='bbox 1311 4814 1392 4876; x_wconf 83' lang='grc' dir='ltr'><strong>είς</strong></span> <span class='ocrx_word' id='word_1_618' title='bbox 1421 4813 1514 4866; x_wconf 85' lang='grc' dir='ltr'>τὸν</span> <span class='ocrx_word' id='word_1_619' title='bbox 1573 4811 1817 4882; x_wconf 79' lang='grc' dir='ltr'>ποταμὸν</span> <span class='ocrx_word' id='word_1_620' title='bbox 1859 4810 1953 4864; x_wconf 79' lang='grc' dir='ltr'>τὸν</span> 
     </span>
    </p>
   </div>
   <div class='ocr_carea' id='block_1_83' title="bbox 379 4905 892 4974">
    <p class='ocr_par' dir='ltr' id='par_1_83' title="bbox 379 4905 892 4974">
     <span class='ocr_line' id='line_1_83' title="bbox 379 4905 892 4974; baseline 0.006 -17"><span class='ocrx_word' id='word_1_621' title='bbox 379 4905 892 4974; x_wconf 78' lang='grc' dir='ltr'>Πυριφλεγέθοντα.</span> 
     </span>
    </p>
   </div>
   <div class='ocr_carea' id='block_1_84' title="bbox 458 4996 1954 5072">
    <p class='ocr_par' dir='ltr' id='par_1_84' title="bbox 458 4996 1954 5072">
     <span class='ocr_line' id='line_1_84' title="bbox 458 4996 1954 5072; baseline 0.007 -22"><span class='ocrx_word' id='word_1_622' title='bbox 458 4999 538 5062; x_wconf 86' lang='grc' dir='ltr'><strong>ς’.</strong></span> <span class='ocrx_word' id='word_1_623' title='bbox 596 5000 705 5052; x_wconf 78' lang='grc' dir='ltr'><strong>Καὶ</strong></span> <span class='ocrx_word' id='word_1_624' title='bbox 753 4999 802 5051; x_wconf 84' lang='lat' dir='ltr'><strong>oi</strong></span> <span class='ocrx_word' id='word_1_625' title='bbox 842 4999 940 5068; x_wconf 82' lang='grc' dir='ltr'>μὲν</span> <span class='ocrx_word' id='word_1_626' title='bbox 993 4996 1382 5069; x_wconf 75' lang='grc' dir='ltr'>εἰδωλολάτραι</span> <span class='ocrx_word' id='word_1_627' title='bbox 1410 4997 1670 5069; x_wconf 68' lang='grc' dir='ltr'>Ἕλληνες</span> <span class='ocrx_word' id='word_1_628' title='bbox 1732 5001 1954 5072; x_wconf 78' lang='grc' dir='ltr'>λέγουσι</span> 
     </span>
    </p>
   </div>
   <div class='ocr_carea' id='block_1_85' title="bbox 377 5088 1959 5164">
    <p class='ocr_par' dir='ltr' id='par_1_85' title="bbox 377 5088 1959 5164">
     <span class='ocr_line' id='line_1_85' title="bbox 377 5088 1959 5164; baseline 0.004 -20"><span class='ocrx_word' id='word_1_629' title='bbox 377 5093 596 5144; x_wconf 79' lang='grc' dir='ltr'>ταῦτα’</span> <span class='ocrx_word' id='word_1_630' title='bbox 639 5095 666 5144; x_wconf 86' lang='grc' dir='ltr'><strong>ό</strong></span> <span class='ocrx_word' id='word_1_631' title='bbox 697 5092 751 5143; x_wconf 84' lang='grc' dir='ltr'>δὲ</span> <span class='ocrx_word' id='word_1_632' title='bbox 775 5089 1020 5159; x_wconf 83' lang='grc' dir='ltr'>Μωάμεθ</span> <span class='ocrx_word' id='word_1_633' title='bbox 1053 5090 1166 5153; x_wconf 86' lang='grc' dir='ltr'><strong>πῶς</strong></span> <span class='ocrx_word' id='word_1_634' title='bbox 1200 5089 1462 5158; x_wconf 67' lang='grc' dir='ltr'>ὀνομάζει</span> <span class='ocrx_word' id='word_1_635' title='bbox 1495 5091 1686 5146; x_wconf 69' lang='grc' dir='ltr'>ἑαυτὸν</span> <span class='ocrx_word' id='word_1_636' title='bbox 1737 5088 1959 5164; x_wconf 58' lang='lat'><strong>690680-</strong></span> 
     </span>
    </p>
   </div>
   <div class='ocr_carea' id='block_1_86' title="bbox 382 5177 1964 5254">
    <p class='ocr_par' dir='ltr' id='par_1_86' title="bbox 382 5177 1964 5254">
     <span class='ocr_line' id='line_1_86' title="bbox 382 5177 1964 5254; baseline 0.004 -20"><span class='ocrx_word' id='word_1_637' title='bbox 382 5186 499 5251; x_wconf 75' lang='grc' dir='ltr'>ξον,</span> <span class='ocrx_word' id='word_1_638' title='bbox 535 5187 629 5239; x_wconf 76' lang='grc' dir='ltr'>καὶ</span> <span class='ocrx_word' id='word_1_639' title='bbox 651 5181 880 5252; x_wconf 76' lang='grc' dir='ltr'>πλησίον</span> <span class='ocrx_word' id='word_1_640' title='bbox 914 5177 1008 5235; x_wconf 62' lang='grc' dir='ltr'><strong>τοῦ</strong></span> <span class='ocrx_word' id='word_1_641' title='bbox 1041 5182 1176 5236; x_wconf 82' lang='grc' dir='ltr'>Θεοῦ</span> <span class='ocrx_word' id='word_1_642' title='bbox 1213 5182 1644 5252; x_wconf 78' lang='grc' dir='ltr'>εὑρισκόμενον;</span> <span class='ocrx_word' id='word_1_643' title='bbox 1679 5185 1840 5254; x_wconf 82' lang='grc' dir='ltr'>Λέγει</span> <span class='ocrx_word' id='word_1_644' title='bbox 1868 5190 1964 5241; x_wconf 73' lang='grc' dir='ltr'>καὶ</span> 
     </span>
    </p>
   </div>
   <div class='ocr_carea' id='block_1_87' title="bbox 379 5274 1963 5349">
    <p class='ocr_par' dir='ltr' id='par_1_87' title="bbox 379 5274 1963 5349">
     <span class='ocr_line' id='line_1_87' title="bbox 379 5274 1963 5349; baseline 0.003 -21"><span class='ocrx_word' id='word_1_645' title='bbox 379 5275 938 5345; x_wconf 64' lang='grc' dir='ltr'>νομοθετείτοεαῦτα</span> <span class='ocrx_word' id='word_1_646' title='bbox 995 5274 1328 5344; x_wconf 77' lang='grc' dir='ltr'>ἀτοπὴματα</span> <span class='ocrx_word' id='word_1_647' title='bbox 1385 5277 1608 5346; x_wconf 76' lang='grc' dir='ltr'>αἰσχρά.</span> <span class='ocrx_word' id='word_1_648' title='bbox 1675 5278 1790 5331; x_wconf 81' lang='grc' dir='ltr'><strong>Οὐκ</strong></span> <span class='ocrx_word' id='word_1_649' title='bbox 1847 5279 1963 5349; x_wconf 74' lang='grc' dir='ltr'>ἔχει</span> 
     </span>
    </p>
   </div>
   <div class='ocr_carea' id='block_1_88' title="bbox 380 5361 1961 5434">
    <p class='ocr_par' dir='ltr' id='par_1_88' title="bbox 380 5361 1961 5434">
     <span class='ocr_line' id='line_1_88' title="bbox 380 5361 1961 5434; baseline 0.003 -18"><span class='ocrx_word' id='word_1_650' title='bbox 380 5363 690 5434; x_wconf 75' lang='grc' dir='ltr'>ἐνθύμησιν</span> <span class='ocrx_word' id='word_1_651' title='bbox 719 5363 857 5424; x_wconf 79' lang='grc' dir='ltr'>ὅλως</span> <span class='ocrx_word' id='word_1_652' title='bbox 911 5361 993 5413; x_wconf 83' lang='grc' dir='ltr'>ὅτι</span> <span class='ocrx_word' id='word_1_653' title='bbox 1026 5361 1201 5416; x_wconf 83' lang='grc' dir='ltr'>ταῦτα</span> <span class='ocrx_word' id='word_1_654' title='bbox 1233 5363 1410 5416; x_wconf 85' lang='grc' dir='ltr'>πάντα</span> <span class='ocrx_word' id='word_1_655' title='bbox 1450 5364 1622 5432; x_wconf 76' lang='grc' dir='ltr'>ὀργῆς</span> <span class='ocrx_word' id='word_1_656' title='bbox 1669 5368 1762 5417; x_wconf 78' lang='grc' dir='ltr'>καὶ</span> <span class='ocrx_word' id='word_1_657' title='bbox 1825 5369 1961 5420; x_wconf 80' lang='grc' dir='ltr'>ἁπο-</span> 
     </span>
    </p>
   </div>
   <div class='ocr_carea' id='block_1_89' title="bbox 383 5453 1963 5528">
    <p class='ocr_par' dir='ltr' id='par_1_89' title="bbox 383 5453 1963 5528">
     <span class='ocr_line' id='line_1_89' title="bbox 383 5453 1963 5528; baseline 0.004 -22"><span class='ocrx_word' id='word_1_658' title='bbox 383 5457 634 5525; x_wconf 78' lang='grc' dir='ltr'>στροφῆς</span> <span class='ocrx_word' id='word_1_659' title='bbox 672 5455 836 5523; x_wconf 75' lang='grc' dir='ltr'>ἔργα,</span> <span class='ocrx_word' id='word_1_660' title='bbox 894 5456 989 5508; x_wconf 74' lang='grc' dir='ltr'>καὶ</span> <span class='ocrx_word' id='word_1_661' title='bbox 1045 5453 1146 5522; x_wconf 76' lang='grc' dir='ltr'>τῆς</span> <span class='ocrx_word' id='word_1_662' title='bbox 1208 5454 1486 5524; x_wconf 85' lang='grc' dir='ltr'>ἁμαρτίας</span> <span class='ocrx_word' id='word_1_663' title='bbox 1541 5457 1963 5528; x_wconf 80' lang='grc' dir='ltr'>ἁποτελέσματά</span> 
     </span>
    </p>
   </div>
   <div class='ocr_carea' id='block_1_90' title="bbox 383 5545 1962 5619">
    <p class='ocr_par' dir='ltr' id='par_1_90' title="bbox 383 5545 1962 5619">
     <span class='ocr_line' id='line_1_90' title="bbox 383 5545 1962 5619; baseline 0.003 -20"><span class='ocrx_word' id='word_1_664' title='bbox 383 5551 526 5599; x_wconf 78' lang='grc' dir='ltr'>εἱσι.</span> <span class='ocrx_word' id='word_1_665' title='bbox 553 5547 661 5618; x_wconf 80' lang='grc' dir='ltr'><strong>Πρὸ</strong></span> <span class='ocrx_word' id='word_1_666' title='bbox 702 5547 813 5616; x_wconf 71' lang='grc' dir='ltr'>γὰρ</span> <span class='ocrx_word' id='word_1_667' title='bbox 844 5546 942 5616; x_wconf 83' lang='grc' dir='ltr'>τῆς</span> <span class='ocrx_word' id='word_1_668' title='bbox 1005 5545 1372 5616; x_wconf 79' lang='grc' dir='ltr'>παραϐάσεως</span> <span class='ocrx_word' id='word_1_669' title='bbox 1419 5548 1513 5599; x_wconf 75' lang='grc' dir='ltr'>καὶ</span> <span class='ocrx_word' id='word_1_670' title='bbox 1559 5550 1838 5619; x_wconf 73' lang='grc' dir='ltr'>ἁμαρτῖας</span> <span class='ocrx_word' id='word_1_671' title='bbox 1868 5551 1962 5604; x_wconf 73' lang='grc' dir='ltr'>τοῦ</span> 
     </span>
    </p>
   </div>
   <div class='ocr_carea' id='block_1_91' title="bbox 395 5637 1964 5709">
    <p class='ocr_par' dir='ltr' id='par_1_91' title="bbox 395 5637 1964 5709">
     <span class='ocr_line' id='line_1_91' title="bbox 395 5637 1964 5709; baseline 0.003 -18"><span class='ocrx_word' id='word_1_672' title='bbox 395 5637 576 5705; x_wconf 71' lang='grc' dir='ltr'>Ἀδὰμ</span> <span class='ocrx_word' id='word_1_673' title='bbox 603 5638 704 5690; x_wconf 88' lang='lat'><strong>1:06</strong></span> <span class='ocrx_word' id='word_1_674' title='bbox 761 5639 1001 5708; x_wconf 85' lang='grc' dir='ltr'>λουτρά;</span> <span class='ocrx_word' id='word_1_675' title='bbox 1035 5637 1140 5690; x_wconf 82' lang='grc' dir='ltr'><strong>ποῦ</strong></span> <span class='ocrx_word' id='word_1_676' title='bbox 1186 5637 1324 5699; x_wconf 84' lang='grc' dir='ltr'>ὂλως</span> <span class='ocrx_word' id='word_1_677' title='bbox 1374 5639 1688 5709; x_wconf 74' lang='grc' dir='ltr'>οἷκὴμστα;</span> <span class='ocrx_word' id='word_1_678' title='bbox 1750 5643 1852 5695; x_wconf 85' lang='lat'><strong>1:06</strong></span> <span class='ocrx_word' id='word_1_679' title='bbox 1907 5643 1964 5696; x_wconf 78' lang='grc' dir='ltr'><strong>αἱ</strong></span> 
     </span>
    </p>
   </div>
   <div class='ocr_carea' id='block_1_92' title="bbox 386 5713 1958 5800">
    <p class='ocr_par' dir='ltr' id='par_1_92' title="bbox 386 5713 1958 5800">
     <span class='ocr_line' id='line_1_92' title="bbox 386 5713 1958 5800; baseline 0.003 -18"><span class='ocrx_word' id='word_1_680' title='bbox 386 5713 590 5782; x_wconf 68' lang='grc' dir='ltr'>πολλαὶ</span> <span class='ocrx_word' id='word_1_681' title='bbox 619 5733 919 5799; x_wconf 81' lang='grc' dir='ltr'>γυναῖκες;</span> <span class='ocrx_word' id='word_1_682' title='bbox 991 5729 1155 5784; x_wconf 83' lang='grc' dir='ltr'>Ἀλλά</span> <span class='ocrx_word' id='word_1_683' title='bbox 1216 5729 1354 5798; x_wconf 78' lang='grc' dir='ltr'>μετὰ</span> <span class='ocrx_word' id='word_1_684' title='bbox 1387 5730 1487 5796; x_wconf 79' lang='grc' dir='ltr'>τὴν</span> <span class='ocrx_word' id='word_1_685' title='bbox 1550 5732 1828 5800; x_wconf 79' lang='grc' dir='ltr'>ἁμαρτίαν</span> <span class='ocrx_word' id='word_1_686' title='bbox 1864 5735 1958 5787; x_wconf 79' lang='grc' dir='ltr'>καὶ</span> 
     </span>
    </p>
   </div>
   <div class='ocr_carea' id='block_1_93' title="bbox 386 5822 1956 5896">
    <p class='ocr_par' dir='ltr' id='par_1_93' title="bbox 386 5822 1956 5896">
     <span class='ocr_line' id='line_1_93' title="bbox 386 5822 1956 5896; baseline 0.004 -21"><span class='ocrx_word' id='word_1_687' title='bbox 386 5822 493 5891; x_wconf 68' lang='grc' dir='ltr'>τὴν</span> <span class='ocrx_word' id='word_1_688' title='bbox 527 5826 762 5896; x_wconf 78' lang='grc' dir='ltr'>κατάραν</span> <span class='ocrx_word' id='word_1_689' title='bbox 796 5825 1071 5896; x_wconf 73' lang='grc' dir='ltr'>ἐπανέστη</span> <span class='ocrx_word' id='word_1_690' title='bbox 1101 5826 1158 5878; x_wconf 74' lang='grc' dir='ltr'><strong>τὸ</strong></span> <span class='ocrx_word' id='word_1_691' title='bbox 1185 5824 1344 5893; x_wconf 85' lang='grc' dir='ltr'>σῶμα</span> <span class='ocrx_word' id='word_1_692' title='bbox 1369 5823 1559 5895; x_wconf 82' lang='grc' dir='ltr'>ὥσπερ</span> <span class='ocrx_word' id='word_1_693' title='bbox 1589 5824 1778 5896; x_wconf 81' lang='grc' dir='ltr'>θηρίον</span> <span class='ocrx_word' id='word_1_694' title='bbox 1815 5828 1956 5881; x_wconf 80' lang='grc' dir='ltr'>κατὰ</span> 
     </span>
    </p>
   </div>
   <div class='ocr_carea' id='block_1_94' title="bbox 2060 3344 3639 3415">
    <p class='ocr_par' dir='ltr' id='par_1_94' title="bbox 2060 3344 3639 3415">
     <span class='ocr_line' id='line_1_94' title="bbox 2060 3344 3639 3415; baseline -0.001 -17"><span class='ocrx_word' id='word_1_695' title='bbox 2060 3347 2339 3414; x_wconf 81' lang='lat' dir='ltr'><strong>virginum</strong></span> <span class='ocrx_word' id='word_1_696' title='bbox 2379 3345 2707 3401; x_wconf 83' lang='lat' dir='ltr'><strong>violationes</strong></span> <span class='ocrx_word' id='word_1_697' title='bbox 2761 3345 2976 3414; x_wconf 78' lang='lat' dir='ltr'><strong>legibus</strong></span> <span class='ocrx_word' id='word_1_698' title='bbox 3021 3344 3352 3399; x_wconf 79' lang='lat' dir='ltr'><strong>conﬁrmat?</strong></span> <span class='ocrx_word' id='word_1_699' title='bbox 3382 3345 3450 3400; x_wconf 85' lang='lat' dir='ltr'><strong>Et</strong></span> <span class='ocrx_word' id='word_1_700' title='bbox 3491 3346 3639 3415; x_wconf 88' lang='lat' dir='ltr'><strong>quod</strong></span> 
     </span>
    </p>
   </div>
   <div class='ocr_carea' id='block_1_95' title="bbox 2058 3441 3640 3512">
    <p class='ocr_par' dir='ltr' id='par_1_95' title="bbox 2058 3441 3640 3512">
     <span class='ocr_line' id='line_1_95' title="bbox 2058 3441 3640 3512; baseline 0 -16"><span class='ocrx_word' id='word_1_701' title='bbox 2058 3443 2219 3511; x_wconf 87' lang='lat' dir='ltr'><strong>longe</strong></span> <span class='ocrx_word' id='word_1_702' title='bbox 2246 3441 2694 3500; x_wconf 75' lang='lat' dir='ltr'><strong>scelestissimum</strong></span> <span class='ocrx_word' id='word_1_703' title='bbox 2716 3449 2822 3508; x_wconf 89' lang='lat' dir='ltr'><strong>est,</strong></span> <span class='ocrx_word' id='word_1_704' title='bbox 2853 3441 2939 3495; x_wconf 88' lang='lat' dir='ltr'><strong>his</strong></span> <span class='ocrx_word' id='word_1_705' title='bbox 2961 3442 3054 3510; x_wconf 87' lang='lat' dir='ltr'><strong>qui</strong></span> <span class='ocrx_word' id='word_1_706' title='bbox 3072 3442 3227 3512; x_wconf 84' lang='lat' dir='ltr'><strong>juxta</strong></span> <span class='ocrx_word' id='word_1_707' title='bbox 3252 3442 3345 3495; x_wconf 88' lang='lat' dir='ltr'><strong>Dei</strong></span> <span class='ocrx_word' id='word_1_708' title='bbox 3371 3451 3640 3512; x_wconf 74' lang='lat' dir='ltr'><strong>praecepta</strong></span> 
     </span>
    </p>
   </div>
   <div class='ocr_carea' id='block_1_96' title="bbox 2062 3533 3637 3604">
    <p class='ocr_par' dir='ltr' id='par_1_96' title="bbox 2062 3533 3637 3604">
     <span class='ocr_line' id='line_1_96' title="bbox 2062 3533 3637 3604; baseline -0.001 -15"><span class='ocrx_word' id='word_1_709' title='bbox 2062 3537 2116 3590; x_wconf 89' lang='lat' dir='ltr'><strong>in</strong></span> <span class='ocrx_word' id='word_1_710' title='bbox 2162 3535 2266 3589; x_wconf 88' lang='lat' dir='ltr'><strong>hoc</strong></span> <span class='ocrx_word' id='word_1_711' title='bbox 2297 3533 2498 3588; x_wconf 68' lang='lat' dir='ltr'><strong>saeculo</strong></span> <span class='ocrx_word' id='word_1_712' title='bbox 2529 3535 2787 3601; x_wconf 82' lang='lat' dir='ltr'><strong>vixerint,</strong></span> <span class='ocrx_word' id='word_1_713' title='bbox 2837 3534 2943 3590; x_wconf 87' lang='lat' dir='ltr'><strong>illis</strong></span> <span class='ocrx_word' id='word_1_714' title='bbox 2989 3534 3221 3603; x_wconf 81' lang='lat' dir='ltr'><strong>singulis</strong></span> <span class='ocrx_word' id='word_1_715' title='bbox 3257 3545 3379 3604; x_wconf 86' lang='lat' dir='ltr'><strong>post</strong></span> <span class='ocrx_word' id='word_1_716' title='bbox 3425 3535 3637 3588; x_wconf 89' lang='lat' dir='ltr'><strong>obitum</strong></span> 
     </span>
    </p>
   </div>
   <div class='ocr_carea' id='block_1_97' title="bbox 2060 3621 3643 3697">
    <p class='ocr_par' dir='ltr' id='par_1_97' title="bbox 2060 3621 3643 3697">
     <span class='ocr_line' id='line_1_97' title="bbox 2060 3621 3643 3697; baseline -0.001 -15"><span class='ocrx_word' id='word_1_717' title='bbox 2060 3631 2306 3697; x_wconf 82' lang='lat' dir='ltr'><strong>ipsorum</strong></span> <span class='ocrx_word' id='word_1_718' title='bbox 2338 3625 2530 3680; x_wconf 85' lang='lat' dir='ltr'><strong>baiuea</strong></span> <span class='ocrx_word' id='word_1_719' title='bbox 2558 3635 2614 3681; x_wconf 90' lang='lat' dir='ltr'><strong>et</strong></span> <span class='ocrx_word' id='word_1_720' title='bbox 2641 3625 2858 3690; x_wconf 82' lang='lat' dir='ltr'><strong>domus,</strong></span> <span class='ocrx_word' id='word_1_721' title='bbox 2893 3634 3169 3693; x_wconf 85' lang='lat' dir='ltr'><strong>augustas,</strong></span> <span class='ocrx_word' id='word_1_722' title='bbox 3198 3621 3456 3680; x_wconf 78' lang='lat' dir='ltr'><strong>mulieres</strong></span> <span class='ocrx_word' id='word_1_723' title='bbox 3486 3627 3643 3680; x_wconf 80' lang='lat' dir='ltr'><strong>deni-</strong></span> 
     </span>
    </p>
   </div>
   <div class='ocr_carea' id='block_1_98' title="bbox 2061 3711 3640 3786">
    <p class='ocr_par' dir='ltr' id='par_1_98' title="bbox 2061 3711 3640 3786">
     <span class='ocr_line' id='line_1_98' title="bbox 2061 3711 3640 3786; baseline 0 -17"><span class='ocrx_word' id='word_1_724' title='bbox 2061 3731 2168 3786; x_wconf 89' lang='lat' dir='ltr'><strong>que</strong></span> <span class='ocrx_word' id='word_1_725' title='bbox 2198 3725 2253 3770; x_wconf 90' lang='lat' dir='ltr'><strong>et</strong></span> <span class='ocrx_word' id='word_1_726' title='bbox 2282 3715 2526 3784; x_wconf 85' lang='lat' dir='ltr'><strong>virgines</strong></span> <span class='ocrx_word' id='word_1_727' title='bbox 2569 3727 2731 3786; x_wconf 89' lang='lat' dir='ltr'><strong>quam</strong></span> <span class='ocrx_word' id='word_1_728' title='bbox 2762 3714 3026 3784; x_wconf 87' lang='lat' dir='ltr'><strong>plurimas</strong></span> <span class='ocrx_word' id='word_1_729' title='bbox 3059 3727 3087 3767; x_wconf 69' lang='grc' dir='ltr'><strong>ο</strong></span> <span class='ocrx_word' id='word_1_730' title='bbox 3121 3711 3234 3769; x_wconf 91' lang='lat' dir='ltr'><strong>Deo</strong></span> <span class='ocrx_word' id='word_1_731' title='bbox 3273 3714 3482 3769; x_wconf 89' lang='lat' dir='ltr'><strong>dandas</strong></span> <span class='ocrx_word' id='word_1_732' title='bbox 3521 3714 3640 3769; x_wconf 80' lang='lat' dir='ltr'><strong>fore</strong></span> 
     </span>
    </p>
   </div>
   <div class='ocr_carea' id='block_1_99' title="bbox 2062 3805 3643 3879">
    <p class='ocr_par' dir='ltr' id='par_1_99' title="bbox 2062 3805 3643 3879">
     <span class='ocr_line' id='line_1_99' title="bbox 2062 3805 3643 3879; baseline 0 -17"><span class='ocrx_word' id='word_1_733' title='bbox 2062 3809 2377 3879; x_wconf 84' lang='lat' dir='ltr'><strong>promittit:</strong></span> <span class='ocrx_word' id='word_1_734' title='bbox 2428 3817 2483 3862; x_wconf 90' lang='lat' dir='ltr'><strong>et</strong></span> <span class='ocrx_word' id='word_1_735' title='bbox 2529 3807 2675 3877; x_wconf 87' lang='lat' dir='ltr'><strong>quod</strong></span> <span class='ocrx_word' id='word_1_736' title='bbox 2722 3807 3129 3862; x_wconf 68' lang='lat' dir='ltr'><strong>idololatrarunt</strong></span> <span class='ocrx_word' id='word_1_737' title='bbox 3189 3805 3500 3861; x_wconf 61' lang='lat' dir='ltr'><strong>Graecorum</strong></span> <span class='ocrx_word' id='word_1_738' title='bbox 3543 3823 3643 3872; x_wconf 52' lang='grc' dir='ltr'>ηοξ-</span> 
     </span>
    </p>
   </div>
   <div class='ocr_carea' id='block_1_100' title="bbox 2062 3899 3641 3969">
    <p class='ocr_par' dir='ltr' id='par_1_100' title="bbox 2062 3899 3641 3969">
     <span class='ocr_line' id='line_1_100' title="bbox 2062 3899 3641 3969; baseline 0 -15"><span class='ocrx_word' id='word_1_739' title='bbox 2062 3899 2254 3955; x_wconf 89' lang='lat' dir='ltr'><strong>minati</strong></span> <span class='ocrx_word' id='word_1_740' title='bbox 2298 3901 2536 3969; x_wconf 87' lang='lat' dir='ltr'><strong>theologi</strong></span> <span class='ocrx_word' id='word_1_741' title='bbox 2588 3899 2773 3954; x_wconf 90' lang='lat' dir='ltr'><strong>dicere</strong></span> <span class='ocrx_word' id='word_1_742' title='bbox 2823 3914 2922 3954; x_wconf 89' lang='lat' dir='ltr'><strong>nec</strong></span> <span class='ocrx_word' id='word_1_743' title='bbox 2978 3899 3092 3954; x_wconf 88' lang='lat' dir='ltr'><strong>ausi</strong></span> <span class='ocrx_word' id='word_1_744' title='bbox 3143 3907 3306 3964; x_wconf 90' lang='lat' dir='ltr'><strong>sunt,</strong></span> <span class='ocrx_word' id='word_1_745' title='bbox 3355 3915 3457 3954; x_wconf 90' lang='lat' dir='ltr'><strong>nec</strong></span> <span class='ocrx_word' id='word_1_746' title='bbox 3513 3900 3641 3954; x_wconf 81' lang='lat' dir='ltr'><strong>talia</strong></span> 
     </span>
    </p>
   </div>
   <div class='ocr_carea' id='block_1_101' title="bbox 2061 3989 3642 4061">
    <p class='ocr_par' dir='ltr' id='par_1_101' title="bbox 2061 3989 3642 4061">
     <span class='ocr_line' id='line_1_101' title="bbox 2061 3989 3642 4061; baseline -0.001 -14"><span class='ocrx_word' id='word_1_747' title='bbox 2061 4005 2184 4047; x_wconf 85' lang='lat' dir='ltr'><strong>esse</strong></span> <span class='ocrx_word' id='word_1_748' title='bbox 2213 3993 2591 4058; x_wconf 82' lang='lat' dir='ltr'><strong>crediderunt,</strong></span> <span class='ocrx_word' id='word_1_749' title='bbox 2625 3991 2744 4046; x_wconf 70' lang='lat' dir='ltr'><strong>haec</strong></span> <span class='ocrx_word' id='word_1_750' title='bbox 2771 3989 3048 4046; x_wconf 89' lang='lat' dir='ltr'><strong>Mabomet</strong></span> <span class='ocrx_word' id='word_1_751' title='bbox 3085 3999 3276 4060; x_wconf 80' lang='lat' dir='ltr'><strong>aperto</strong></span> <span class='ocrx_word' id='word_1_752' title='bbox 3307 4005 3400 4045; x_wconf 89' lang='lat' dir='ltr'><strong>ore</strong></span> <span class='ocrx_word' id='word_1_753' title='bbox 3427 3989 3642 4061; x_wconf 86' lang='lat' dir='ltr'><strong>legibus</strong></span> 
     </span>
    </p>
   </div>
   <div class='ocr_carea' id='block_1_102' title="bbox 2065 4080 3642 4144">
    <p class='ocr_par' dir='ltr' id='par_1_102' title="bbox 2065 4080 3642 4144">
     <span class='ocr_line' id='line_1_102' title="bbox 2065 4080 3642 4144; baseline -0.003 -6"><span class='ocrx_word' id='word_1_754' title='bbox 2065 4085 2183 4138; x_wconf 91' lang='lat' dir='ltr'><strong>suis</strong></span> <span class='ocrx_word' id='word_1_755' title='bbox 2237 4084 2454 4138; x_wconf 88' lang='lat' dir='ltr'><strong>sancire</strong></span> <span class='ocrx_word' id='word_1_756' title='bbox 2508 4098 2614 4138; x_wconf 89' lang='lat' dir='ltr'><strong>non</strong></span> <span class='ocrx_word' id='word_1_757' title='bbox 2668 4081 2963 4137; x_wconf 82' lang='lat' dir='ltr'><strong>erubescit.</strong></span> <span class='ocrx_word' id='word_1_758' title='bbox 3024 4080 3088 4135; x_wconf 87' lang='lat' dir='ltr'><strong>lli</strong></span> <span class='ocrx_word' id='word_1_759' title='bbox 3145 4081 3284 4136; x_wconf 86' lang='lat' dir='ltr'><strong>enim</strong></span> <span class='ocrx_word' id='word_1_760' title='bbox 3367 4081 3642 4144; x_wconf 81' lang='lat' dir='ltr'><strong>sentiunt,</strong></span> 
     </span>
    </p>
   </div>
   <div class='ocr_carea' id='block_1_103' title="bbox 2063 4169 3644 4246">
    <p class='ocr_par' dir='ltr' id='par_1_103' title="bbox 2063 4169 3644 4246">
     <span class='ocr_line' id='line_1_103' title="bbox 2063 4169 3644 4246; baseline -0.003 -16"><span class='ocrx_word' id='word_1_761' title='bbox 2063 4174 2211 4246; x_wconf 90' lang='lat' dir='ltr'><strong>quod</strong></span> <span class='ocrx_word' id='word_1_762' title='bbox 2245 4177 2341 4246; x_wconf 87' lang='lat' dir='ltr'><strong>qui</strong></span> <span class='ocrx_word' id='word_1_763' title='bbox 2365 4177 2534 4230; x_wconf 83' lang='lat' dir='ltr'><strong>vitam</strong></span> <span class='ocrx_word' id='word_1_764' title='bbox 2567 4189 2722 4229; x_wconf 86' lang='lat' dir='ltr'><strong>suam</strong></span> <span class='ocrx_word' id='word_1_765' title='bbox 2754 4173 2985 4228; x_wconf 86' lang='lat' dir='ltr'><strong>honeste</strong></span> <span class='ocrx_word' id='word_1_766' title='bbox 3017 4171 3071 4227; x_wconf 91' lang='lat' dir='ltr'><strong>in</strong></span> <span class='ocrx_word' id='word_1_767' title='bbox 3103 4172 3207 4227; x_wconf 87' lang='lat' dir='ltr'><strong>hoc</strong></span> <span class='ocrx_word' id='word_1_768' title='bbox 3234 4169 3440 4227; x_wconf 87' lang='lat' dir='ltr'><strong>mundo</strong></span> <span class='ocrx_word' id='word_1_769' title='bbox 3465 4182 3644 4227; x_wconf 81' lang='lat' dir='ltr'><strong>trans-</strong></span> 
     </span>
    </p>
   </div>
   <div class='ocr_carea' id='block_1_104' title="bbox 2065 4263 3641 4336">
    <p class='ocr_par' dir='ltr' id='par_1_104' title="bbox 2065 4263 3641 4336">
     <span class='ocr_line' id='line_1_104' title="bbox 2065 4263 3641 4336; baseline -0.003 -17"><span class='ocrx_word' id='word_1_770' title='bbox 2065 4266 2300 4336; x_wconf 83' lang='lat' dir='ltr'><strong>egerint,</strong></span> <span class='ocrx_word' id='word_1_771' title='bbox 2336 4279 2483 4332; x_wconf 92' lang='lat' dir='ltr'><strong>cum,</strong></span> <span class='ocrx_word' id='word_1_772' title='bbox 2515 4270 2638 4335; x_wconf 86' lang='lat' dir='ltr'><strong>post</strong></span> <span class='ocrx_word' id='word_1_773' title='bbox 2659 4264 2866 4319; x_wconf 90' lang='lat' dir='ltr'><strong>obitum</strong></span> <span class='ocrx_word' id='word_1_774' title='bbox 2905 4265 3173 4333; x_wconf 87' lang='lat' dir='ltr'><strong>ipsorum,</strong></span> <span class='ocrx_word' id='word_1_775' title='bbox 3198 4263 3391 4317; x_wconf 68' lang='lat' dir='ltr'><strong>anima:</strong></span> <span class='ocrx_word' id='word_1_776' title='bbox 3424 4263 3641 4318; x_wconf 86' lang='lat' dir='ltr'><strong>illorum</strong></span> 
     </span>
    </p>
   </div>
   <div class='ocr_carea' id='block_1_105' title="bbox 2062 4355 3644 4426">
    <p class='ocr_par' dir='ltr' id='par_1_105' title="bbox 2062 4355 3644 4426">
     <span class='ocr_line' id='line_1_105' title="bbox 2062 4355 3644 4426; baseline 0 -18"><span class='ocrx_word' id='word_1_777' title='bbox 2062 4373 2200 4426; x_wconf 88' lang='lat' dir='ltr'><strong>pure</strong></span> <span class='ocrx_word' id='word_1_778' title='bbox 2234 4373 2264 4410; x_wconf 89' lang='lat' dir='ltr'><strong>a</strong></span> <span class='ocrx_word' id='word_1_779' title='bbox 2298 4357 2622 4426; x_wconf 88' lang='lat' dir='ltr'><strong>corporibus</strong></span> <span class='ocrx_word' id='word_1_780' title='bbox 2667 4355 2913 4411; x_wconf 69' lang='lat' dir='ltr'><strong>liberata:</strong></span> <span class='ocrx_word' id='word_1_781' title='bbox 2957 4356 3092 4420; x_wconf 91' lang='lat' dir='ltr'><strong>sint,</strong></span> <span class='ocrx_word' id='word_1_782' title='bbox 3133 4365 3261 4411; x_wconf 87' lang='lat' dir='ltr'><strong>tunc</strong></span> <span class='ocrx_word' id='word_1_783' title='bbox 3291 4369 3383 4410; x_wconf 85' lang='lat' dir='ltr'><strong>eos</strong></span> <span class='ocrx_word' id='word_1_784' title='bbox 3418 4356 3473 4408; x_wconf 89' lang='lat' dir='ltr'><strong>in</strong></span> <span class='ocrx_word' id='word_1_785' title='bbox 3511 4355 3644 4410; x_wconf 84' lang='lat' dir='ltr'><strong>deo-</strong></span> 
     </span>
    </p>
   </div>
   <div class='ocr_carea' id='block_1_106' title="bbox 2065 4444 3651 4516">
    <p class='ocr_par' dir='ltr' id='par_1_106' title="bbox 2065 4444 3651 4516">
     <span class='ocr_line' id='line_1_106' title="bbox 2065 4444 3651 4516; baseline 0.001 -17"><span class='ocrx_word' id='word_1_786' title='bbox 2065 4457 2187 4500; x_wconf 88' lang='lat' dir='ltr'><strong>rum</strong></span> <span class='ocrx_word' id='word_1_787' title='bbox 2242 4456 2532 4500; x_wconf 85' lang='lat' dir='ltr'><strong>numerum</strong></span> <span class='ocrx_word' id='word_1_788' title='bbox 2595 4444 2828 4514; x_wconf 81' lang='lat' dir='ltr'><strong>referri,</strong></span> <span class='ocrx_word' id='word_1_789' title='bbox 2876 4447 3129 4516; x_wconf 85' lang='lat' dir='ltr'><strong>interque</strong></span> <span class='ocrx_word' id='word_1_790' title='bbox 3175 4446 3300 4501; x_wconf 89' lang='lat' dir='ltr'><strong>illos</strong></span> <span class='ocrx_word' id='word_1_791' title='bbox 3341 4447 3651 4501; x_wconf 82' lang='lat' dir='ltr'><strong>fortunatas</strong></span> 
     </span>
    </p>
   </div>
   <div class='ocr_carea' id='block_1_107' title="bbox 1997 4533 3646 4628">
    <p class='ocr_par' dir='ltr' id='par_1_107' title="bbox 1997 4533 3646 4628">
     <span class='ocr_line' id='line_1_107' title="bbox 1997 4533 3646 4628; baseline -0.002 -39"><span class='ocrx_word' id='word_1_792' title='bbox 1997 4535 2275 4628; x_wconf 62' lang='lat' dir='ltr'><strong>l)insulas</strong></span> <span class='ocrx_word' id='word_1_793' title='bbox 2323 4535 2587 4600; x_wconf 85' lang='lat' dir='ltr'><strong>incolere,</strong></span> <span class='ocrx_word' id='word_1_794' title='bbox 2637 4545 2693 4591; x_wconf 90' lang='lat' dir='ltr'><strong>et</strong></span> <span class='ocrx_word' id='word_1_795' title='bbox 2745 4551 2870 4590; x_wconf 91' lang='lat' dir='ltr'><strong>cum</strong></span> <span class='ocrx_word' id='word_1_796' title='bbox 2926 4535 3036 4590; x_wconf 84' lang='lat' dir='ltr'><strong>illis</strong></span> <span class='ocrx_word' id='word_1_797' title='bbox 3079 4535 3380 4590; x_wconf 74' lang='lat' dir='ltr'><strong>exsultare.</strong></span> <span class='ocrx_word' id='word_1_798' title='bbox 3439 4533 3646 4588; x_wconf 87' lang='lat' dir='ltr'><strong>Eorum</strong></span> 
     </span>
    </p>
   </div>
   <div class='ocr_carea' id='block_1_108' title="bbox 2066 4623 3648 4698">
    <p class='ocr_par' dir='ltr' id='par_1_108' title="bbox 2066 4623 3648 4698">
     <span class='ocr_line' id='line_1_108' title="bbox 2066 4623 3648 4698; baseline -0.001 -17"><span class='ocrx_word' id='word_1_799' title='bbox 2066 4642 2199 4682; x_wconf 89' lang='lat' dir='ltr'><strong>vero</strong></span> <span class='ocrx_word' id='word_1_800' title='bbox 2246 4626 2342 4698; x_wconf 88' lang='lat' dir='ltr'><strong>qui</strong></span> <span class='ocrx_word' id='word_1_801' title='bbox 2381 4628 2577 4698; x_wconf 51' lang='lat' dir='ltr'><strong>,impie</strong></span> <span class='ocrx_word' id='word_1_802' title='bbox 2626 4627 2719 4682; x_wconf 89' lang='lat' dir='ltr'><strong>hic</strong></span> <span class='ocrx_word' id='word_1_803' title='bbox 2765 4628 3054 4692; x_wconf 80' lang='lat' dir='ltr'><strong>viventes,</strong></span> <span class='ocrx_word' id='word_1_804' title='bbox 3108 4629 3325 4698; x_wconf 87' lang='lat' dir='ltr'><strong>impure</strong></span> <span class='ocrx_word' id='word_1_805' title='bbox 3377 4623 3543 4681; x_wconf 75' lang='lat' dir='ltr'><strong>simul</strong></span> <span class='ocrx_word' id='word_1_806' title='bbox 3591 4633 3648 4681; x_wconf 87' lang='lat' dir='ltr'><strong>et</strong></span> 
     </span>
    </p>
   </div>
   <div class='ocr_carea' id='block_1_109' title="bbox 2067 4714 3646 4787">
    <p class='ocr_par' dir='ltr' id='par_1_109' title="bbox 2067 4714 3646 4787">
     <span class='ocr_line' id='line_1_109' title="bbox 2067 4714 3646 4787; baseline -0.002 -16"><span class='ocrx_word' id='word_1_807' title='bbox 2067 4717 2278 4787; x_wconf 89' lang='lat' dir='ltr'><strong>pollute</strong></span> <span class='ocrx_word' id='word_1_808' title='bbox 2315 4717 2582 4783; x_wconf 86' lang='lat' dir='ltr'><strong>obierint,</strong></span> <span class='ocrx_word' id='word_1_809' title='bbox 2616 4719 2830 4772; x_wconf 85' lang='lat' dir='ltr'><strong>animas</strong></span> <span class='ocrx_word' id='word_1_810' title='bbox 2859 4716 2916 4771; x_wconf 91' lang='lat' dir='ltr'><strong>in</strong></span> <span class='ocrx_word' id='word_1_811' title='bbox 2952 4716 3219 4772; x_wconf 86' lang='lat' dir='ltr'><strong>obscuros</strong></span> <span class='ocrx_word' id='word_1_812' title='bbox 3243 4725 3297 4771; x_wconf 92' lang='lat' dir='ltr'><strong>et</strong></span> <span class='ocrx_word' id='word_1_813' title='bbox 3333 4714 3646 4770; x_wconf 85' lang='lat' dir='ltr'><strong>tenebrico-</strong></span> 
     </span>
    </p>
   </div>
   <div class='ocr_carea' id='block_1_110' title="bbox 2069 4805 3649 4878">
    <p class='ocr_par' dir='ltr' id='par_1_110' title="bbox 2069 4805 3649 4878">
     <span class='ocr_line' id='line_1_110' title="bbox 2069 4805 3649 4878; baseline -0.002 -15"><span class='ocrx_word' id='word_1_814' title='bbox 2069 4823 2161 4863; x_wconf 86' lang='lat' dir='ltr'><strong>sos</strong></span> <span class='ocrx_word' id='word_1_815' title='bbox 2189 4809 2342 4865; x_wconf 84' lang='lat' dir='ltr'><strong>locos</strong></span> <span class='ocrx_word' id='word_1_816' title='bbox 2369 4808 2683 4876; x_wconf 83' lang='lat' dir='ltr'><strong>discedere,</strong></span> <span class='ocrx_word' id='word_1_817' title='bbox 2709 4819 2766 4866; x_wconf 92' lang='lat' dir='ltr'><strong>et</strong></span> <span class='ocrx_word' id='word_1_818' title='bbox 2800 4809 2857 4864; x_wconf 89' lang='lat' dir='ltr'><strong>in</strong></span> <span class='ocrx_word' id='word_1_819' title='bbox 2884 4807 3110 4864; x_wconf 81' lang='lat' dir='ltr'><strong>ﬂuvium</strong></span> <span class='ocrx_word' id='word_1_820' title='bbox 3143 4805 3426 4878; x_wconf 83' lang='lat' dir='ltr'><strong>perpetuis</strong></span> <span class='ocrx_word' id='word_1_821' title='bbox 3449 4805 3649 4861; x_wconf 86' lang='lat' dir='ltr'><strong>arden-</strong></span> 
     </span>
    </p>
   </div>
   <div class='ocr_carea' id='block_1_111' title="bbox 2069 4889 3554 4971">
    <p class='ocr_par' dir='ltr' id='par_1_111' title="bbox 2069 4889 3554 4971">
     <span class='ocr_line' id='line_1_111' title="bbox 2069 4889 3554 4971; baseline 0 -14"><span class='ocrx_word' id='word_1_822' title='bbox 2069 4911 2177 4957; x_wconf 88' lang='lat' dir='ltr'><strong>tem</strong></span> <span class='ocrx_word' id='word_1_823' title='bbox 2211 4900 2454 4971; x_wconf 77' lang='lat' dir='ltr'><strong>ignibus‘.</strong></span> <span class='ocrx_word' id='word_1_824' title='bbox 2502 4909 2508 4916; x_wconf 89' lang='lat'><strong><em>&#39;</em></strong></span> <span class='ocrx_word' id='word_1_825' title='bbox 3549 4889 3554 4892; x_wconf 55' lang='grc'><em>’</em></span> 
     </span>
    </p>
   </div>
   <div class='ocr_carea' id='block_1_112' title="bbox 2143 5014 3647 5085">
    <p class='ocr_par' dir='ltr' id='par_1_112' title="bbox 2143 5014 3647 5085">
     <span class='ocr_line' id='line_1_112' title="bbox 2143 5014 3647 5085; baseline 0.003 -16"><span class='ocrx_word' id='word_1_826' title='bbox 2143 5016 2195 5069; x_wconf 89' lang='lat'><strong>6.</strong></span> <span class='ocrx_word' id='word_1_827' title='bbox 2242 5016 2311 5070; x_wconf 81' lang='lat' dir='ltr'><strong>Et</strong></span> <span class='ocrx_word' id='word_1_828' title='bbox 2342 5015 2457 5071; x_wconf 75' lang='lat' dir='ltr'><strong>haec</strong></span> <span class='ocrx_word' id='word_1_829' title='bbox 2486 5016 2710 5085; x_wconf 89' lang='lat' dir='ltr'><strong>quidem</strong></span> <span class='ocrx_word' id='word_1_830' title='bbox 2733 5015 3030 5070; x_wconf 82' lang='lat' dir='ltr'><strong>idololalrae</strong></span> <span class='ocrx_word' id='word_1_831' title='bbox 3049 5014 3224 5071; x_wconf 65' lang='lat' dir='ltr'><strong>Graeci</strong></span> <span class='ocrx_word' id='word_1_832' title='bbox 3257 5017 3502 5072; x_wconf 81' lang='lat' dir='ltr'><strong>tradunt.</strong></span> <span class='ocrx_word' id='word_1_833' title='bbox 3531 5019 3647 5074; x_wconf 78' lang='lat' dir='ltr'><strong>Ma-</strong></span> 
     </span>
    </p>
   </div>
   <div class='ocr_carea' id='block_1_113' title="bbox 2070 5103 3650 5174">
    <p class='ocr_par' dir='ltr' id='par_1_113' title="bbox 2070 5103 3650 5174">
     <span class='ocr_line' id='line_1_113' title="bbox 2070 5103 3650 5174; baseline 0.003 -16"><span class='ocrx_word' id='word_1_834' title='bbox 2070 5103 2260 5159; x_wconf 88' lang='lat' dir='ltr'><strong>bomet</strong></span> <span class='ocrx_word' id='word_1_835' title='bbox 2312 5121 2493 5170; x_wconf 89' lang='lat' dir='ltr'><strong>vero,</strong></span> <span class='ocrx_word' id='word_1_836' title='bbox 2547 5106 2642 5174; x_wconf 91' lang='lat' dir='ltr'><strong>qui</strong></span> <span class='ocrx_word' id='word_1_837' title='bbox 2707 5120 2765 5159; x_wconf 89' lang='lat' dir='ltr'><strong>se</strong></span> <span class='ocrx_word' id='word_1_838' title='bbox 2834 5104 3184 5160; x_wconf 68' lang='lat' dir='ltr'><strong>orthodoxou</strong></span> <span class='ocrx_word' id='word_1_839' title='bbox 3242 5120 3362 5162; x_wconf 87' lang='lat' dir='ltr'><strong>esse</strong></span> <span class='ocrx_word' id='word_1_840' title='bbox 3420 5114 3477 5163; x_wconf 89' lang='lat' dir='ltr'><strong>et</strong></span> <span class='ocrx_word' id='word_1_841' title='bbox 3536 5108 3650 5164; x_wconf 90' lang='lat' dir='ltr'><strong>Deo</strong></span> 
     </span>
    </p>
   </div>
   <div class='ocr_carea' id='block_1_114' title="bbox 2073 5194 3648 5268">
    <p class='ocr_par' dir='ltr' id='par_1_114' title="bbox 2073 5194 3648 5268">
     <span class='ocr_line' id='line_1_114' title="bbox 2073 5194 3648 5268; baseline 0.004 -21"><span class='ocrx_word' id='word_1_842' title='bbox 2073 5196 2387 5264; x_wconf 82' lang='lat' dir='ltr'><strong>proximum</strong></span> <span class='ocrx_word' id='word_1_843' title='bbox 2455 5196 2620 5261; x_wconf 89' lang='lat' dir='ltr'><strong>dicit,</strong></span> <span class='ocrx_word' id='word_1_844' title='bbox 2685 5194 3000 5266; x_wconf 85' lang='lat' dir='ltr'><strong>bujusmodi</strong></span> <span class='ocrx_word' id='word_1_845' title='bbox 3057 5195 3294 5250; x_wconf 82' lang='lat' dir='ltr'><strong>absurda</strong></span> <span class='ocrx_word' id='word_1_846' title='bbox 3347 5207 3403 5259; x_wconf 69' lang='lat' dir='ltr'><strong>ct</strong></span> <span class='ocrx_word' id='word_1_847' title='bbox 3467 5198 3648 5268; x_wconf 87' lang='lat' dir='ltr'><strong>turpia</strong></span> 
     </span>
    </p>
   </div>
   <div class='ocr_carea' id='block_1_115' title="bbox 2070 5281 3650 5357">
    <p class='ocr_par' dir='ltr' id='par_1_115' title="bbox 2070 5281 3650 5357">
     <span class='ocr_line' id='line_1_115' title="bbox 2070 5281 3650 5357; baseline 0.004 -20"><span class='ocrx_word' id='word_1_848' title='bbox 2070 5284 2287 5354; x_wconf 75' lang='lat' dir='ltr'><strong>legibus</strong></span> <span class='ocrx_word' id='word_1_849' title='bbox 2318 5284 2658 5339; x_wconf 85' lang='lat' dir='ltr'><strong>constituit?</strong></span> <span class='ocrx_word' id='word_1_850' title='bbox 2687 5284 2910 5338; x_wconf 80' lang='lat' dir='ltr'><strong>Minime</strong></span> <span class='ocrx_word' id='word_1_851' title='bbox 2941 5294 3090 5340; x_wconf 86' lang='lat' dir='ltr'><strong>certe</strong></span> <span class='ocrx_word' id='word_1_852' title='bbox 3139 5281 3463 5356; x_wconf 83' lang='lat' dir='ltr'><strong>perpendit,</strong></span> <span class='ocrx_word' id='word_1_853' title='bbox 3500 5290 3650 5357; x_wconf 86' lang='lat' dir='ltr'><strong>quod</strong></span> 
     </span>
    </p>
   </div>
   <div class='ocr_carea' id='block_1_116' title="bbox 2071 5375 3652 5445">
    <p class='ocr_par' dir='ltr' id='par_1_116' title="bbox 2071 5375 3652 5445">
     <span class='ocr_line' id='line_1_116' title="bbox 2071 5375 3652 5445; baseline 0.004 -17"><span class='ocrx_word' id='word_1_854' title='bbox 2071 5375 2258 5428; x_wconf 87' lang='lat' dir='ltr'><strong>omnia</strong></span> <span class='ocrx_word' id='word_1_855' title='bbox 2303 5375 2422 5430; x_wconf 76' lang='lat' dir='ltr'><strong>hzec</strong></span> <span class='ocrx_word' id='word_1_856' title='bbox 2461 5375 2600 5440; x_wconf 90' lang='lat' dir='ltr'><strong>odii,</strong></span> <span class='ocrx_word' id='word_1_857' title='bbox 2640 5376 2735 5431; x_wconf 75' lang='lat' dir='ltr'><strong>ira:</strong></span> <span class='ocrx_word' id='word_1_858' title='bbox 2763 5386 2819 5432; x_wconf 88' lang='lat' dir='ltr'><strong>et</strong></span> <span class='ocrx_word' id='word_1_859' title='bbox 2852 5376 3062 5445; x_wconf 84' lang='lat' dir='ltr'><strong>peccati</strong></span> <span class='ocrx_word' id='word_1_860' title='bbox 3109 5375 3337 5432; x_wconf 81' lang='lat' dir='ltr'><strong>eil‘ectus</strong></span> <span class='ocrx_word' id='word_1_861' title='bbox 3394 5378 3524 5432; x_wconf 86' lang='lat' dir='ltr'><strong>sint.</strong></span> <span class='ocrx_word' id='word_1_862' title='bbox 3562 5378 3652 5434; x_wconf 87' lang='lat' dir='ltr'><strong>Si-</strong></span> 
     </span>
    </p>
   </div>
   <div class='ocr_carea' id='block_1_117' title="bbox 2073 5466 3649 5536">
    <p class='ocr_par' dir='ltr' id='par_1_117' title="bbox 2073 5466 3649 5536">
     <span class='ocr_line' id='line_1_117' title="bbox 2073 5466 3649 5536; baseline 0.004 -16"><span class='ocrx_word' id='word_1_863' title='bbox 2073 5466 2296 5532; x_wconf 86' lang='lat' dir='ltr'><strong>quidem</strong></span> <span class='ocrx_word' id='word_1_864' title='bbox 2358 5476 2485 5522; x_wconf 85' lang='lat' dir='ltr'><strong>ante</strong></span> <span class='ocrx_word' id='word_1_865' title='bbox 2537 5467 2730 5522; x_wconf 83' lang='lat' dir='ltr'><strong>Adami</strong></span> <span class='ocrx_word' id='word_1_866' title='bbox 2786 5467 3313 5536; x_wconf 86' lang='lat' dir='ltr'><strong>transgressionem,</strong></span> <span class='ocrx_word' id='word_1_867' title='bbox 3362 5468 3458 5524; x_wconf 91' lang='lat' dir='ltr'><strong>ubi</strong></span> <span class='ocrx_word' id='word_1_868' title='bbox 3515 5479 3649 5528; x_wconf 88' lang='lat' dir='ltr'><strong>tunc</strong></span> 
     </span>
    </p>
   </div>
   <div class='ocr_carea' id='block_1_118' title="bbox 2077 5559 3658 5630">
    <p class='ocr_par' dir='ltr' id='par_1_118' title="bbox 2077 5559 3658 5630">
     <span class='ocr_line' id='line_1_118' title="bbox 2077 5559 3658 5630; baseline 0.002 -17"><span class='ocrx_word' id='word_1_869' title='bbox 2077 5562 2264 5615; x_wconf 84' lang='lat' dir='ltr'><strong>balnea</strong></span> <span class='ocrx_word' id='word_1_870' title='bbox 2283 5561 2308 5613; x_wconf 81' lang='lat'><strong>?</strong></span> <span class='ocrx_word' id='word_1_871' title='bbox 2353 5559 2443 5615; x_wconf 89' lang='lat' dir='ltr'><strong>ubi</strong></span> <span class='ocrx_word' id='word_1_872' title='bbox 2475 5560 2711 5615; x_wconf 84' lang='lat' dir='ltr'><strong>domus?</strong></span> <span class='ocrx_word' id='word_1_873' title='bbox 2740 5560 2830 5614; x_wconf 88' lang='lat' dir='ltr'><strong>ubi</strong></span> <span class='ocrx_word' id='word_1_874' title='bbox 2856 5559 3156 5614; x_wconf 84' lang='lat' dir='ltr'><strong>mulieres?</strong></span> <span class='ocrx_word' id='word_1_875' title='bbox 3205 5559 3339 5615; x_wconf 87' lang='lat' dir='ltr'><strong>Post</strong></span> <span class='ocrx_word' id='word_1_876' title='bbox 3363 5571 3658 5630; x_wconf 66' lang='lat' dir='ltr'><strong>peccatum»</strong></span> 
     </span>
    </p>
   </div>
   <div class='ocr_carea' id='block_1_119' title="bbox 2075 5647 3654 5719">
    <p class='ocr_par' dir='ltr' id='par_1_119' title="bbox 2075 5647 3654 5719">
     <span class='ocr_line' id='line_1_119' title="bbox 2075 5647 3654 5719; baseline 0.001 -17"><span class='ocrx_word' id='word_1_877' title='bbox 2075 5665 2209 5704; x_wconf 87' lang='lat' dir='ltr'><strong>vero</strong></span> <span class='ocrx_word' id='word_1_878' title='bbox 2243 5659 2298 5704; x_wconf 90' lang='lat' dir='ltr'><strong>ct</strong></span> <span class='ocrx_word' id='word_1_879' title='bbox 2323 5650 2765 5705; x_wconf 84' lang='lat' dir='ltr'><strong>maledictionem</strong></span> <span class='ocrx_word' id='word_1_880' title='bbox 2795 5689 2808 5714; x_wconf 88' lang='lat'><strong>,</strong></span> <span class='ocrx_word' id='word_1_881' title='bbox 2840 5663 3044 5719; x_wconf 88' lang='lat' dir='ltr'><strong>corpus</strong></span> <span class='ocrx_word' id='word_1_882' title='bbox 3073 5656 3264 5704; x_wconf 89' lang='lat' dir='ltr'><strong>contra</strong></span> <span class='ocrx_word' id='word_1_883' title='bbox 3295 5651 3538 5704; x_wconf 87' lang='lat' dir='ltr'><strong>animam</strong></span> <span class='ocrx_word' id='word_1_884' title='bbox 3562 5647 3654 5704; x_wconf 56' lang='lat' dir='ltr'><strong>in;</strong></span> 
     </span>
    </p>
   </div>
   <div class='ocr_carea' id='block_1_120' title="bbox 2069 5736 3703 5808">
    <p class='ocr_par' dir='ltr' id='par_1_120' title="bbox 2069 5736 3703 5808">
     <span class='ocr_line' id='line_1_120' title="bbox 2069 5736 3703 5808; baseline 0 -17"><span class='ocrx_word' id='word_1_885' title='bbox 2069 5746 2185 5792; x_wconf 88' lang='lat' dir='ltr'><strong>star</strong></span> <span class='ocrx_word' id='word_1_886' title='bbox 2218 5737 2346 5794; x_wconf 71' lang='lat' dir='ltr'><strong>lem</strong></span> <span class='ocrx_word' id='word_1_887' title='bbox 2392 5739 2675 5808; x_wconf 80' lang='lat' dir='ltr'><strong>cujusdam</strong></span> <span class='ocrx_word' id='word_1_888' title='bbox 2713 5737 3011 5793; x_wconf 76' lang='lat' dir='ltr'><strong>insurrexit</strong></span> <span class='ocrx_word' id='word_1_889' title='bbox 3044 5753 3061 5792; x_wconf 91' lang='lat'><strong>:</strong></span> <span class='ocrx_word' id='word_1_890' title='bbox 3095 5746 3151 5804; x_wconf 72' lang='lat' dir='ltr'><strong>et</strong></span> <span class='ocrx_word' id='word_1_891' title='bbox 3182 5751 3309 5791; x_wconf 89' lang='lat' dir='ltr'><strong>cum</strong></span> <span class='ocrx_word' id='word_1_892' title='bbox 3342 5736 3458 5791; x_wconf 71' lang='lat' dir='ltr'><strong>hazc</strong></span> <span class='ocrx_word' id='word_1_893' title='bbox 3489 5737 3652 5791; x_wconf 68' lang='lat' dir='ltr'><strong>abso«</strong></span> <span class='ocrx_word' id='word_1_894' title='bbox 3681 5738 3703 5768; x_wconf 79' lang='lat'><strong><em>‘</em></strong></span> 
     </span>
    </p>
   </div>
   <div class='ocr_carea' id='block_1_121' title="bbox 2067 5827 3646 5900">
    <p class='ocr_par' dir='ltr' id='par_1_121' title="bbox 2067 5827 3646 5900">
     <span class='ocr_line' id='line_1_121' title="bbox 2067 5827 3646 5900; baseline -0.003 -16"><span class='ocrx_word' id='word_1_895' title='bbox 2067 5829 2183 5886; x_wconf 80' lang='lat' dir='ltr'><strong>luta-</strong></span> <span class='ocrx_word' id='word_1_896' title='bbox 2207 5831 2300 5886; x_wconf 83' lang='lat' dir='ltr'><strong>Dei</strong></span> <span class='ocrx_word' id='word_1_897' title='bbox 2351 5831 2792 5889; x_wconf 86' lang='lat' dir='ltr'><strong>consideratione</strong></span> <span class='ocrx_word' id='word_1_898' title='bbox 2835 5839 3072 5898; x_wconf 84' lang='lat' dir='ltr'><strong>careret,</strong></span> <span class='ocrx_word' id='word_1_899' title='bbox 3110 5843 3311 5900; x_wconf 90' lang='lat' dir='ltr'><strong>corpus</strong></span> <span class='ocrx_word' id='word_1_900' title='bbox 3342 5827 3495 5895; x_wconf 87' lang='lat' dir='ltr'><strong>vicit,</strong></span> <span class='ocrx_word' id='word_1_901' title='bbox 3529 5827 3646 5880; x_wconf 83' lang='lat' dir='ltr'><strong>ani-</strong></span> 
     </span>
    </p>
   </div>
  </div>
