  <div class='ocr_page' id='page_1' title='image "/cluster/home/n/w/nwhite01/storage/ocr_20150623/154/hvd.32044073505299/293.png"; bbox 0 0 3970 6212; ppageno 0'>
   <div class='ocr_carea' id='block_1_1' title="bbox 357 314 3550 387">
    <p class='ocr_par' dir='ltr' id='par_1_1' title="bbox 357 314 3550 387">
     <span class='ocr_line' id='line_1_1' title="bbox 357 314 3550 387; baseline 0 -3"><span class='ocrx_word' id='word_1_1' title='bbox 357 316 458 384; x_wconf 74' lang='grc'><strong>551</strong></span> <span class='ocrx_word' id='word_1_2' title='bbox 1526 314 1848 381; x_wconf 79' lang='lat' dir='ltr'><strong>JOANNIS</strong></span> <span class='ocrx_word' id='word_1_3' title='bbox 1887 317 2419 384; x_wconf 82' lang='lat' dir='ltr'><strong>CANTACUZENI</strong></span> <span class='ocrx_word' id='word_1_4' title='bbox 3461 321 3550 387; x_wconf 73' lang='lat'><strong>55?.</strong></span> 
     </span>
    </p>
   </div>
   <div class='ocr_carea' id='block_1_2' title="bbox 362 428 1930 509">
    <p class='ocr_par' dir='ltr' id='par_1_2' title="bbox 362 428 1927 498">
     <span class='ocr_line' id='line_1_2' title="bbox 362 428 1927 498; baseline 0 -11"><span class='ocrx_word' id='word_1_5' title='bbox 362 447 512 487; x_wconf 92' lang='lat' dir='ltr'><strong>mum</strong></span> <span class='ocrx_word' id='word_1_6' title='bbox 547 438 652 498; x_wconf 90' lang='lat' dir='ltr'><strong>est,</strong></span> <span class='ocrx_word' id='word_1_7' title='bbox 681 444 806 485; x_wconf 89' lang='lat' dir='ltr'><strong>cum</strong></span> <span class='ocrx_word' id='word_1_8' title='bbox 847 428 1055 484; x_wconf 86' lang='lat' dir='ltr'><strong>malitia</strong></span> <span class='ocrx_word' id='word_1_9' title='bbox 1083 428 1334 484; x_wconf 73' lang='lat' dir='ltr'><strong>laudatur</strong></span> <span class='ocrx_word' id='word_1_10' title='bbox 1360 472 1373 496; x_wconf 94' lang='lat'><strong>,</strong></span> <span class='ocrx_word' id='word_1_11' title='bbox 1426 444 1526 485; x_wconf 89' lang='lat' dir='ltr'><strong>nec</strong></span> <span class='ocrx_word' id='word_1_12' title='bbox 1564 433 1773 490; x_wconf 75' lang='lat' dir='ltr'><strong>malitia</strong></span> <span class='ocrx_word' id='word_1_13' title='bbox 1806 447 1927 487; x_wconf 81' lang='lat' dir='ltr'><strong>esse.</strong></span> 
     </span>
    </p>
   </div>
   <div class='ocr_carea' id='block_1_3' title="bbox 1990 428 3558 509">
    <p class='ocr_par' dir='ltr' id='par_1_3' title="bbox 1990 430 3558 509">
     <span class='ocr_line' id='line_1_3' title="bbox 1990 430 3558 509; baseline 0.005 -24"><span class='ocrx_word' id='word_1_14' title='bbox 1990 470 1996 493; x_wconf 82' lang='grc'><em>.</em></span> <span class='ocrx_word' id='word_1_15' title='bbox 2027 432 2108 487; x_wconf 80' lang='grc' dir='ltr'><strong>ὅτι</strong></span> <span class='ocrx_word' id='word_1_16' title='bbox 2144 450 2163 484; x_wconf 81' lang='grc' dir='ltr'><strong>ε</strong></span> <span class='ocrx_word' id='word_1_17' title='bbox 2222 433 2557 485; x_wconf 76' lang='grc' dir='ltr'><strong>Ἐπαινεῖται</strong></span> <span class='ocrx_word' id='word_1_18' title='bbox 2600 432 2629 485; x_wconf 83' lang='grc' dir='ltr'><strong>ό</strong></span> <span class='ocrx_word' id='word_1_19' title='bbox 2655 430 2978 502; x_wconf 78' lang='grc' dir='ltr'><strong>ἁμαρτωλὸς</strong></span> <span class='ocrx_word' id='word_1_20' title='bbox 3023 434 3080 487; x_wconf 71' lang='grc' dir='ltr'><strong>ἐν</strong></span> <span class='ocrx_word' id='word_1_21' title='bbox 3122 434 3235 499; x_wconf 75' lang='grc' dir='ltr'><strong>ταῖς</strong></span> <span class='ocrx_word' id='word_1_22' title='bbox 3272 436 3558 509; x_wconf 75' lang='grc' dir='ltr'><strong>ἐπιθυμίαις</strong></span> 
     </span>
    </p>
   </div>
   <div class='ocr_carea' id='block_1_4' title="bbox 364 520 1932 594">
    <p class='ocr_par' dir='ltr' id='par_1_4' title="bbox 364 520 1927 592">
     <span class='ocr_line' id='line_1_4' title="bbox 364 520 1927 592; baseline 0 -13"><span class='ocrx_word' id='word_1_23' title='bbox 364 524 633 581; x_wconf 89' lang='lat' dir='ltr'><strong>creditur.</strong></span> <span class='ocrx_word' id='word_1_24' title='bbox 666 523 939 578; x_wconf 79' lang='lat' dir='ltr'><strong>Mahomet</strong></span> <span class='ocrx_word' id='word_1_25' title='bbox 974 520 1145 585; x_wconf 89' lang='lat' dir='ltr'><strong>enim,</strong></span> <span class='ocrx_word' id='word_1_26' title='bbox 1170 520 1238 576; x_wconf 89' lang='lat' dir='ltr'><strong>de</strong></span> <span class='ocrx_word' id='word_1_27' title='bbox 1261 538 1372 592; x_wconf 89' lang='lat' dir='ltr'><strong>quo</strong></span> <span class='ocrx_word' id='word_1_28' title='bbox 1398 536 1581 578; x_wconf 87' lang='lat' dir='ltr'><strong>sermo</strong></span> <span class='ocrx_word' id='word_1_29' title='bbox 1609 532 1716 589; x_wconf 89' lang='lat' dir='ltr'><strong>est,</strong></span> <span class='ocrx_word' id='word_1_30' title='bbox 1751 523 1927 579; x_wconf 86' lang='lat' dir='ltr'><strong>homi-</strong></span> 
     </span>
    </p>
   </div>
   <div class='ocr_carea' id='block_1_5' title="bbox 1988 520 3556 594">
    <p class='ocr_par' dir='ltr' id='par_1_5' title="bbox 2026 523 3556 594">
     <span class='ocr_line' id='line_1_5' title="bbox 2026 523 3556 594; baseline 0.005 -18"><span class='ocrx_word' id='word_1_31' title='bbox 2026 525 2126 594; x_wconf 90' lang='grc' dir='ltr'><strong>τῆς</strong></span> <span class='ocrx_word' id='word_1_32' title='bbox 2158 524 2336 594; x_wconf 81' lang='grc' dir='ltr'><strong>ψυχῆς</strong></span> <span class='ocrx_word' id='word_1_33' title='bbox 2363 523 2555 589; x_wconf 79' lang='grc' dir='ltr'><strong>αὐτοῦ,</strong></span> <span class='ocrx_word' id='word_1_34' title='bbox 2574 524 2669 578; x_wconf 77' lang='grc' dir='ltr'><strong>καὶ</strong></span> <span class='ocrx_word' id='word_1_35' title='bbox 2696 526 2724 577; x_wconf 86' lang='grc' dir='ltr'><strong>ό</strong></span> <span class='ocrx_word' id='word_1_36' title='bbox 2752 523 2953 578; x_wconf 83' lang='grc' dir='ltr'><strong>ἀδικῶν</strong></span> <span class='ocrx_word' id='word_1_37' title='bbox 2977 525 3340 594; x_wconf 74' lang='grc' dir='ltr'><strong>ἑνευλογείται,</strong></span> <span class='ocrx_word' id='word_1_38' title='bbox 3368 546 3387 581; x_wconf 75' lang='grc' dir='ltr'><strong>ι</strong></span> <span class='ocrx_word' id='word_1_39' title='bbox 3417 547 3556 583; x_wconf 85' lang='grc' dir='ltr'><strong>τουτ-</strong></span> 
     </span>
    </p>
   </div>
   <div class='ocr_carea' id='block_1_6' title="bbox 358 612 1926 687">
    <p class='ocr_par' dir='ltr' id='par_1_6' title="bbox 358 612 1926 685">
     <span class='ocr_line' id='line_1_6' title="bbox 358 612 1926 685; baseline 0.002 -16"><span class='ocrx_word' id='word_1_40' title='bbox 358 630 497 671; x_wconf 81' lang='lat' dir='ltr'><strong>1mm</strong></span> <span class='ocrx_word' id='word_1_41' title='bbox 522 614 790 670; x_wconf 84' lang='lat' dir='ltr'><strong>voluntati</strong></span> <span class='ocrx_word' id='word_1_42' title='bbox 820 620 876 667; x_wconf 88' lang='lat' dir='ltr'><strong>et</strong></span> <span class='ocrx_word' id='word_1_43' title='bbox 910 612 1176 683; x_wconf 89' lang='lat' dir='ltr'><strong>voluptati</strong></span> <span class='ocrx_word' id='word_1_44' title='bbox 1236 612 1289 667; x_wconf 91' lang='lat' dir='ltr'><strong>in</strong></span> <span class='ocrx_word' id='word_1_45' title='bbox 1340 614 1536 685; x_wconf 80' lang='lat' dir='ltr'><strong>primis</strong></span> <span class='ocrx_word' id='word_1_46' title='bbox 1573 615 1818 683; x_wconf 90' lang='lat' dir='ltr'><strong>studuit,</strong></span> <span class='ocrx_word' id='word_1_47' title='bbox 1870 625 1926 672; x_wconf 90' lang='lat' dir='ltr'><strong>et</strong></span> 
     </span>
    </p>
   </div>
   <div class='ocr_carea' id='block_1_7' title="bbox 1992 612 3560 687">
    <p class='ocr_par' dir='ltr' id='par_1_7' title="bbox 2029 614 3560 687">
     <span class='ocr_line' id='line_1_7' title="bbox 2029 614 3560 687; baseline 0.002 -18"><span class='ocrx_word' id='word_1_48' title='bbox 2029 615 2198 681; x_wconf 78' lang='grc' dir='ltr'><strong>ἐστιν,</strong></span> <span class='ocrx_word' id='word_1_49' title='bbox 2232 616 2538 669; x_wconf 69' lang='grc' dir='ltr'><strong>ἐπαινεῖται</strong></span> <span class='ocrx_word' id='word_1_50' title='bbox 2583 614 2679 667; x_wconf 77' lang='grc' dir='ltr'><strong>καὶ</strong></span> <span class='ocrx_word' id='word_1_51' title='bbox 2742 614 3147 683; x_wconf 70' lang='grc' dir='ltr'><strong>ὲγκωμιάζεται</strong></span> <span class='ocrx_word' id='word_1_52' title='bbox 3192 619 3332 687; x_wconf 88' lang='grc' dir='ltr'><strong>παρά</strong></span> <span class='ocrx_word' id='word_1_53' title='bbox 3356 619 3455 671; x_wconf 84' lang='grc' dir='ltr'><strong>τῶν</strong></span> <span class='ocrx_word' id='word_1_54' title='bbox 3479 637 3560 672; x_wconf 81' lang='grc' dir='ltr'><strong>κο-</strong></span> 
     </span>
    </p>
   </div>
   <div class='ocr_carea' id='block_1_8' title="bbox 364 704 1932 781">
    <p class='ocr_par' dir='ltr' id='par_1_8' title="bbox 364 704 1930 778">
     <span class='ocr_line' id='line_1_8' title="bbox 364 704 1930 778; baseline -0.001 -15"><span class='ocrx_word' id='word_1_55' title='bbox 364 707 666 764; x_wconf 85' lang='lat' dir='ltr'><strong>secundum</strong></span> <span class='ocrx_word' id='word_1_56' title='bbox 696 706 796 759; x_wconf 85' lang='lat' dir='ltr'><strong>has</strong></span> <span class='ocrx_word' id='word_1_57' title='bbox 832 704 1042 769; x_wconf 88' lang='lat' dir='ltr'><strong>docuit,</strong></span> <span class='ocrx_word' id='word_1_58' title='bbox 1072 713 1132 760; x_wconf 91' lang='lat' dir='ltr'><strong>ut</strong></span> <span class='ocrx_word' id='word_1_59' title='bbox 1160 705 1454 775; x_wconf 75' lang='lat' dir='ltr'><strong>voluptatis</strong></span> <span class='ocrx_word' id='word_1_60' title='bbox 1481 706 1534 761; x_wconf 94' lang='lat' dir='ltr'><strong>vi</strong></span> <span class='ocrx_word' id='word_1_61' title='bbox 1559 722 1721 776; x_wconf 90' lang='lat' dir='ltr'><strong>quam</strong></span> <span class='ocrx_word' id='word_1_62' title='bbox 1754 707 1930 778; x_wconf 87' lang='lat' dir='ltr'><strong>pluri-</strong></span> 
     </span>
    </p>
   </div>
   <div class='ocr_carea' id='block_1_9' title="bbox 1993 704 3561 781">
    <p class='ocr_par' dir='ltr' id='par_1_9' title="bbox 2028 706 3561 781">
     <span class='ocr_line' id='line_1_9' title="bbox 2028 706 3561 781; baseline 0.003 -20"><span class='ocrx_word' id='word_1_63' title='bbox 2028 708 2366 761; x_wconf 89' lang='grc' dir='ltr'><strong>λακευόντων</strong></span> <span class='ocrx_word' id='word_1_64' title='bbox 2398 707 2582 774; x_wconf 81' lang='grc' dir='ltr'><strong>αὑτὸν,</strong></span> <span class='ocrx_word' id='word_1_65' title='bbox 2614 706 2710 760; x_wconf 73' lang='grc' dir='ltr'><strong>καὶ</strong></span> <span class='ocrx_word' id='word_1_66' title='bbox 2760 707 3117 781; x_wconf 61' lang='grc' dir='ltr'><strong>ἐρεθιζόνςτων</strong></span> <span class='ocrx_word' id='word_1_67' title='bbox 3176 710 3335 765; x_wconf 74' lang='grc' dir='ltr'><strong>αυτοῦ</strong></span> <span class='ocrx_word' id='word_1_68' title='bbox 3361 710 3452 781; x_wconf 78' lang='grc' dir='ltr'><strong>τὴν</strong></span> <span class='ocrx_word' id='word_1_69' title='bbox 3477 728 3561 765; x_wconf 73' lang='grc' dir='ltr'><strong>και-</strong></span> 
     </span>
    </p>
   </div>
   <div class='ocr_carea' id='block_1_10' title="bbox 305 794 1873 877">
    <p class='ocr_par' dir='ltr' id='par_1_10' title="bbox 305 794 1873 867">
     <span class='ocr_line' id='line_1_10' title="bbox 305 794 1873 867; baseline 0.001 -15"><span class='ocrx_word' id='word_1_70' title='bbox 305 824 311 833; x_wconf 90' lang='grc'><strong>·</strong></span> <span class='ocrx_word' id='word_1_71' title='bbox 367 814 486 853; x_wconf 89' lang='lat' dir='ltr'><strong>mos</strong></span> <span class='ocrx_word' id='word_1_72' title='bbox 510 794 797 852; x_wconf 87' lang='lat' dir='ltr'><strong>stultorum</strong></span> <span class='ocrx_word' id='word_1_73' title='bbox 847 795 1173 851; x_wconf 88' lang='lat' dir='ltr'><strong>attraheret.</strong></span> <span class='ocrx_word' id='word_1_74' title='bbox 1231 795 1463 867; x_wconf 85' lang='lat' dir='ltr'><strong>Insuper</strong></span> <span class='ocrx_word' id='word_1_75' title='bbox 1507 814 1638 853; x_wconf 92' lang='lat' dir='ltr'><strong>num</strong></span> <span class='ocrx_word' id='word_1_76' title='bbox 1675 798 1776 854; x_wconf 90' lang='lat' dir='ltr'><strong>soli</strong></span> <span class='ocrx_word' id='word_1_77' title='bbox 1824 799 1873 853; x_wconf 91' lang='lat' dir='ltr'><strong>vi</strong></span> 
     </span>
    </p>
   </div>
   <div class='ocr_carea' id='block_1_11' title="bbox 2094 794 3662 877">
    <p class='ocr_par' dir='ltr' id='par_1_11' title="bbox 2098 796 3662 877">
     <span class='ocr_line' id='line_1_11' title="bbox 2098 796 3662 877; baseline -0.001 -27"><span class='ocrx_word' id='word_1_78' title='bbox 2098 814 2185 861; x_wconf 88' lang='grc' dir='ltr'><strong>αν,</strong></span> <span class='ocrx_word' id='word_1_79' title='bbox 2239 798 2333 850; x_wconf 75' lang='grc' dir='ltr'><strong>καὶ</strong></span> <span class='ocrx_word' id='word_1_80' title='bbox 2370 796 2505 866; x_wconf 69' lang='grc' dir='ltr'><strong>μηδὲ</strong></span> <span class='ocrx_word' id='word_1_81' title='bbox 2545 796 2801 862; x_wconf 81' lang='grc' dir='ltr'><strong>αίσθησιν</strong></span> <span class='ocrx_word' id='word_1_82' title='bbox 2850 797 2947 865; x_wconf 90' lang='grc' dir='ltr'><strong>τῆς</strong></span> <span class='ocrx_word' id='word_1_83' title='bbox 2985 796 3139 850; x_wconf 84' lang='grc' dir='ltr'>νόσου</span> <span class='ocrx_word' id='word_1_84' title='bbox 3188 796 3313 865; x_wconf 81' lang='grc' dir='ltr'><strong>γοῦν</strong></span> <span class='ocrx_word' id='word_1_85' title='bbox 3345 798 3425 852; x_wconf 80' lang='grc' dir='ltr'><strong>διὰ</strong></span> <span class='ocrx_word' id='word_1_86' title='bbox 3452 814 3562 877; x_wconf 62' lang='lat' dir='ltr'><strong>stata</strong></span> <span class='ocrx_word' id='word_1_87' title='bbox 3646 848 3662 873; x_wconf 44' lang='grc' dir='ltr'><em>ι</em></span> 
     </span>
    </p>
   </div>
   <div class='ocr_carea' id='block_1_12' title="bbox 367 886 1935 957">
    <p class='ocr_par' dir='ltr' id='par_1_12' title="bbox 367 887 1929 957">
     <span class='ocr_line' id='line_1_12' title="bbox 367 887 1929 957; baseline -0.001 -16"><span class='ocrx_word' id='word_1_88' title='bbox 367 888 477 942; x_wconf 86' lang='lat' dir='ltr'><strong>Deo</strong></span> <span class='ocrx_word' id='word_1_89' title='bbox 507 902 653 942; x_wconf 75' lang='lat' dir='ltr'><strong>cura:</strong></span> <span class='ocrx_word' id='word_1_90' title='bbox 681 895 829 951; x_wconf 88' lang='lat' dir='ltr'><strong>sunt,</strong></span> <span class='ocrx_word' id='word_1_91' title='bbox 864 894 1122 956; x_wconf 87' lang='lat' dir='ltr'><strong>tanquam</strong></span> <span class='ocrx_word' id='word_1_92' title='bbox 1149 898 1417 942; x_wconf 63' lang='lat' dir='ltr'><strong>creatura</strong></span> <span class='ocrx_word' id='word_1_93' title='bbox 1455 887 1649 957; x_wconf 85' lang='lat' dir='ltr'><strong>ipsius,</strong></span> <span class='ocrx_word' id='word_1_94' title='bbox 1670 887 1929 941; x_wconf 86' lang='lat' dir='ltr'><strong>mulieres</strong></span> 
     </span>
    </p>
   </div>
   <div class='ocr_carea' id='block_1_13' title="bbox 1996 886 3564 957">
    <p class='ocr_par' dir='ltr' id='par_1_13' title="bbox 2033 886 3564 957">
     <span class='ocr_line' id='line_1_13' title="bbox 2033 886 3564 957; baseline 0.001 -19"><span class='ocrx_word' id='word_1_95' title='bbox 2033 887 2143 955; x_wconf 88' lang='grc' dir='ltr'><strong>πῆς</strong></span> <span class='ocrx_word' id='word_1_96' title='bbox 2175 887 2473 957; x_wconf 73' lang='grc' dir='ltr'><strong>ἐμποιῆσαι</strong></span> <span class='ocrx_word' id='word_1_97' title='bbox 2504 886 2873 955; x_wconf 84' lang='grc' dir='ltr'><strong>ἀνεχομένων.</strong></span> <span class='ocrx_word' id='word_1_98' title='bbox 2926 886 3017 939; x_wconf 69' lang='grc' dir='ltr'><strong>Διὸ</strong></span> <span class='ocrx_word' id='word_1_99' title='bbox 3062 887 3154 939; x_wconf 78' lang='grc' dir='ltr'><strong>καὶ</strong></span> <span class='ocrx_word' id='word_1_100' title='bbox 3182 888 3387 948; x_wconf 85' lang='grc' dir='ltr'><strong>ἀνίατος</strong></span> <span class='ocrx_word' id='word_1_101' title='bbox 3415 890 3440 940; x_wconf 85' lang='grc' dir='ltr'>ὁ</span> <span class='ocrx_word' id='word_1_102' title='bbox 3467 904 3564 941; x_wconf 87' lang='grc' dir='ltr'><strong>τοι-</strong></span> 
     </span>
    </p>
   </div>
   <div class='ocr_carea' id='block_1_14' title="bbox 369 973 1937 1049">
    <p class='ocr_par' dir='ltr' id='par_1_14' title="bbox 369 976 1930 1049">
     <span class='ocr_line' id='line_1_14' title="bbox 369 976 1930 1049; baseline 0.001 -21"><span class='ocrx_word' id='word_1_103' title='bbox 369 992 498 1033; x_wconf 81' lang='lat' dir='ltr'><strong>vero</strong></span> <span class='ocrx_word' id='word_1_104' title='bbox 552 991 929 1047; x_wconf 78' lang='lat' dir='ltr'><strong>nequaquam,</strong></span> <span class='ocrx_word' id='word_1_105' title='bbox 973 991 1097 1031; x_wconf 90' lang='lat' dir='ltr'><strong>cum</strong></span> <span class='ocrx_word' id='word_1_106' title='bbox 1124 991 1234 1031; x_wconf 93' lang='lat' dir='ltr'><strong>non</strong></span> <span class='ocrx_word' id='word_1_107' title='bbox 1288 977 1397 1032; x_wconf 87' lang='lat' dir='ltr'><strong>sint</strong></span> <span class='ocrx_word' id='word_1_108' title='bbox 1430 976 1526 1033; x_wconf 87' lang='lat' dir='ltr'><strong>Dei</strong></span> <span class='ocrx_word' id='word_1_109' title='bbox 1569 977 1930 1049; x_wconf 76' lang='lat' dir='ltr'><strong>ﬁgmentum?</strong></span> 
     </span>
    </p>
   </div>
   <div class='ocr_carea' id='block_1_15' title="bbox 1998 973 3566 1049">
    <p class='ocr_par' dir='ltr' id='par_1_15' title="bbox 2034 973 3566 1047">
     <span class='ocr_line' id='line_1_15' title="bbox 2034 973 3566 1047; baseline 0.001 -18"><span class='ocrx_word' id='word_1_110' title='bbox 2034 975 2191 1039; x_wconf 78' lang='grc' dir='ltr'><strong>οὗτος</strong></span> <span class='ocrx_word' id='word_1_111' title='bbox 2225 975 2567 1045; x_wconf 83' lang='grc' dir='ltr'><strong>εὑρίσκεται.</strong></span> <span class='ocrx_word' id='word_1_112' title='bbox 2601 973 2676 1028; x_wconf 79' lang='grc' dir='ltr'><strong>Τὸ</strong></span> <span class='ocrx_word' id='word_1_113' title='bbox 2695 977 2807 1045; x_wconf 78' lang='grc' dir='ltr'><strong>γὰρ</strong></span> <span class='ocrx_word' id='word_1_114' title='bbox 2839 975 2975 1046; x_wconf 83' lang='grc' dir='ltr'><strong>μηδὲ</strong></span> <span class='ocrx_word' id='word_1_115' title='bbox 2999 974 3246 1047; x_wconf 73' lang='grc' dir='ltr'><strong>αἴσθησιν</strong></span> <span class='ocrx_word' id='word_1_116' title='bbox 3272 975 3359 1037; x_wconf 79' lang='grc' dir='ltr'><strong>τοῦ</strong></span> <span class='ocrx_word' id='word_1_117' title='bbox 3386 977 3566 1041; x_wconf 77' lang='grc' dir='ltr'><strong>πάθους</strong></span> 
     </span>
    </p>
   </div>
   <div class='ocr_carea' id='block_1_16' title="bbox 364 1064 1932 1138">
    <p class='ocr_par' dir='ltr' id='par_1_16' title="bbox 364 1067 1923 1138">
     <span class='ocr_line' id='line_1_16' title="bbox 364 1067 1923 1138; baseline 0.001 -15"><span class='ocrx_word' id='word_1_118' title='bbox 364 1069 614 1138; x_wconf 80' lang='lat' dir='ltr'><strong>Numque</strong></span> <span class='ocrx_word' id='word_1_119' title='bbox 643 1069 809 1138; x_wconf 78' lang='lat' dir='ltr'><strong>igitur</strong></span> <span class='ocrx_word' id='word_1_120' title='bbox 869 1067 975 1122; x_wconf 90' lang='lat' dir='ltr'><strong>viri</strong></span> <span class='ocrx_word' id='word_1_121' title='bbox 1004 1078 1213 1122; x_wconf 87' lang='lat' dir='ltr'><strong>tantum</strong></span> <span class='ocrx_word' id='word_1_122' title='bbox 1246 1069 1450 1124; x_wconf 79' lang='lat' dir='ltr'><strong>talibus</strong></span> <span class='ocrx_word' id='word_1_123' title='bbox 1476 1085 1504 1123; x_wconf 91' lang='lat' dir='ltr'><strong>a</strong></span> <span class='ocrx_word' id='word_1_124' title='bbox 1537 1070 1646 1125; x_wconf 90' lang='lat' dir='ltr'><strong>Deo</strong></span> <span class='ocrx_word' id='word_1_125' title='bbox 1680 1069 1923 1138; x_wconf 85' lang='lat' dir='ltr'><strong>acceptis</strong></span> 
     </span>
    </p>
   </div>
   <div class='ocr_carea' id='block_1_17' title="bbox 2001 1064 3569 1138">
    <p class='ocr_par' dir='ltr' id='par_1_17' title="bbox 2033 1064 3569 1138">
     <span class='ocr_line' id='line_1_17' title="bbox 2033 1064 3569 1138; baseline 0 -17"><span class='ocrx_word' id='word_1_126' title='bbox 2033 1068 2155 1138; x_wconf 70' lang='grc' dir='ltr'><strong>ἔχον</strong></span> <span class='ocrx_word' id='word_1_127' title='bbox 2211 1067 2507 1135; x_wconf 72' lang='grc' dir='ltr'><strong>θεραπείαν</strong></span> <span class='ocrx_word' id='word_1_128' title='bbox 2556 1064 2683 1120; x_wconf 75' lang='grc' dir='ltr'><strong>οὔτε</strong></span> <span class='ocrx_word' id='word_1_129' title='bbox 2734 1067 2909 1136; x_wconf 78' lang='grc' dir='ltr'><strong>ζητεῖ,</strong></span> <span class='ocrx_word' id='word_1_130' title='bbox 2963 1066 3087 1120; x_wconf 74' lang='grc' dir='ltr'><strong>οὔτε</strong></span> <span class='ocrx_word' id='word_1_131' title='bbox 3140 1068 3429 1137; x_wconf 85' lang='grc' dir='ltr'><strong>προσίεται.</strong></span> <span class='ocrx_word' id='word_1_132' title='bbox 3476 1071 3569 1122; x_wconf 81' lang='grc' dir='ltr'><strong>Καὶ</strong></span> 
     </span>
    </p>
   </div>
   <div class='ocr_carea' id='block_1_18' title="bbox 365 1157 1933 1229">
    <p class='ocr_par' dir='ltr' id='par_1_18' title="bbox 365 1158 1933 1225">
     <span class='ocr_line' id='line_1_18' title="bbox 365 1158 1933 1225; baseline 0.001 -13"><span class='ocrx_word' id='word_1_133' title='bbox 365 1160 521 1213; x_wconf 86' lang='lat' dir='ltr'><strong>bouis</strong></span> <span class='ocrx_word' id='word_1_134' title='bbox 548 1160 819 1223; x_wconf 72' lang='lat' dir='ltr'><strong>fruentur,</strong></span> <span class='ocrx_word' id='word_1_135' title='bbox 843 1158 1102 1214; x_wconf 81' lang='lat' dir='ltr'><strong>mulieres</strong></span> <span class='ocrx_word' id='word_1_136' title='bbox 1120 1173 1251 1213; x_wconf 84' lang='lat' dir='ltr'><strong>vero</strong></span> <span class='ocrx_word' id='word_1_137' title='bbox 1272 1160 1436 1214; x_wconf 90' lang='lat' dir='ltr'><strong>nullis</strong></span> <span class='ocrx_word' id='word_1_138' title='bbox 1464 1160 1724 1215; x_wconf 81' lang='lat' dir='ltr'><strong>omnino?</strong></span> <span class='ocrx_word' id='word_1_139' title='bbox 1752 1158 1933 1225; x_wconf 83' lang='lat' dir='ltr'><strong>Quan-</strong></span> 
     </span>
    </p>
   </div>
   <div class='ocr_carea' id='block_1_19' title="bbox 2004 1157 3572 1229">
    <p class='ocr_par' dir='ltr' id='par_1_19' title="bbox 2033 1157 3572 1229">
     <span class='ocr_line' id='line_1_19' title="bbox 2033 1157 3572 1229; baseline 0.001 -17"><span class='ocrx_word' id='word_1_140' title='bbox 2033 1159 2193 1213; x_wconf 75' lang='grc' dir='ltr'><strong>τοῦτό</strong></span> <span class='ocrx_word' id='word_1_141' title='bbox 2213 1159 2331 1212; x_wconf 68' lang='grc' dir='ltr'><strong>ἔστι</strong></span> <span class='ocrx_word' id='word_1_142' title='bbox 2358 1158 2419 1211; x_wconf 80' lang='grc' dir='ltr'><strong>τὸ</strong></span> <span class='ocrx_word' id='word_1_143' title='bbox 2441 1158 2659 1211; x_wconf 82' lang='grc' dir='ltr'><strong>πάντων</strong></span> <span class='ocrx_word' id='word_1_144' title='bbox 2680 1157 3009 1224; x_wconf 78' lang='grc' dir='ltr'><strong>δεινότατον,</strong></span> <span class='ocrx_word' id='word_1_145' title='bbox 3038 1159 3215 1229; x_wconf 81' lang='grc' dir='ltr'><strong>ὃτανὴ</strong></span> <span class='ocrx_word' id='word_1_146' title='bbox 3248 1160 3406 1214; x_wconf 78' lang='grc' dir='ltr'><strong>κακία</strong></span> <span class='ocrx_word' id='word_1_147' title='bbox 3435 1161 3572 1214; x_wconf 62' lang='grc' dir='ltr'><strong>ἐπαι-</strong></span> 
     </span>
    </p>
   </div>
   <div class='ocr_carea' id='block_1_20' title="bbox 368 1240 1936 1322">
    <p class='ocr_par' dir='ltr' id='par_1_20' title="bbox 368 1240 1932 1317">
     <span class='ocr_line' id='line_1_20' title="bbox 368 1240 1932 1317; baseline 0.001 -17"><span class='ocrx_word' id='word_1_148' title='bbox 368 1240 670 1317; x_wconf 74' lang='grc' dir='ltr'><strong>ῑιοιιιιίύοω</strong></span> <span class='ocrx_word' id='word_1_149' title='bbox 701 1255 882 1301; x_wconf 89' lang='lat' dir='ltr'><strong>autem</strong></span> <span class='ocrx_word' id='word_1_150' title='bbox 913 1263 1019 1302; x_wconf 90' lang='lat' dir='ltr'><strong>una</strong></span> <span class='ocrx_word' id='word_1_151' title='bbox 1041 1257 1291 1303; x_wconf 82' lang='lat' dir='ltr'><strong>creatura</strong></span> <span class='ocrx_word' id='word_1_152' title='bbox 1321 1256 1404 1304; x_wconf 88' lang='lat' dir='ltr'><strong>est</strong></span> <span class='ocrx_word' id='word_1_153' title='bbox 1452 1247 1560 1303; x_wconf 90' lang='lat' dir='ltr'><strong>viri</strong></span> <span class='ocrx_word' id='word_1_154' title='bbox 1582 1256 1638 1304; x_wconf 90' lang='lat' dir='ltr'><strong>et</strong></span> <span class='ocrx_word' id='word_1_155' title='bbox 1666 1247 1932 1313; x_wconf 83' lang='lat' dir='ltr'><strong>mulieris,</strong></span> 
     </span>
    </p>
   </div>
   <div class='ocr_carea' id='block_1_21' title="bbox 2000 1240 3568 1322">
    <p class='ocr_par' dir='ltr' id='par_1_21' title="bbox 2034 1243 3568 1322">
     <span class='ocr_line' id='line_1_21' title="bbox 2034 1243 3568 1322; baseline 0.002 -21"><span class='ocrx_word' id='word_1_156' title='bbox 2034 1250 2213 1319; x_wconf 83' lang='grc' dir='ltr'><strong>νῆται,</strong></span> <span class='ocrx_word' id='word_1_157' title='bbox 2245 1249 2340 1303; x_wconf 78' lang='grc' dir='ltr'><strong>καὶ</strong></span> <span class='ocrx_word' id='word_1_158' title='bbox 2377 1249 2509 1318; x_wconf 76' lang='grc' dir='ltr'><strong>μηδὲ</strong></span> <span class='ocrx_word' id='word_1_159' title='bbox 2548 1249 2717 1302; x_wconf 79' lang='grc' dir='ltr'><strong>κακία</strong></span> <span class='ocrx_word' id='word_1_160' title='bbox 2750 1243 2892 1304; x_wconf 79' lang='grc' dir='ltr'><strong>εἶναι</strong></span> <span class='ocrx_word' id='word_1_161' title='bbox 2918 1249 3224 1320; x_wconf 72' lang='grc' dir='ltr'><strong>νομίζηται.</strong></span> <span class='ocrx_word' id='word_1_162' title='bbox 3265 1250 3323 1303; x_wconf 88' lang='lat'><strong>&#39;0</strong></span> <span class='ocrx_word' id='word_1_163' title='bbox 3360 1250 3463 1321; x_wconf 73' lang='grc' dir='ltr'><strong>γὰρ</strong></span> <span class='ocrx_word' id='word_1_164' title='bbox 3488 1252 3568 1322; x_wconf 84' lang='grc' dir='ltr'><strong>δη-</strong></span> 
     </span>
    </p>
   </div>
   <div class='ocr_carea' id='block_1_22' title="bbox 368 1337 1936 1413">
    <p class='ocr_par' dir='ltr' id='par_1_22' title="bbox 368 1337 1936 1410">
     <span class='ocr_line' id='line_1_22' title="bbox 368 1337 1936 1410; baseline 0.002 -20"><span class='ocrx_word' id='word_1_165' title='bbox 368 1338 628 1408; x_wconf 83' lang='lat' dir='ltr'><strong>idemque</strong></span> <span class='ocrx_word' id='word_1_166' title='bbox 680 1337 844 1392; x_wconf 92' lang='lat' dir='ltr'><strong>homo</strong></span> <span class='ocrx_word' id='word_1_167' title='bbox 871 1346 957 1392; x_wconf 91' lang='lat' dir='ltr'><strong>est</strong></span> <span class='ocrx_word' id='word_1_168' title='bbox 984 1339 1161 1394; x_wconf 90' lang='lat' dir='ltr'><strong>omnis</strong></span> <span class='ocrx_word' id='word_1_169' title='bbox 1200 1339 1385 1405; x_wconf 86' lang='lat' dir='ltr'><strong>homo,</strong></span> <span class='ocrx_word' id='word_1_170' title='bbox 1437 1340 1594 1410; x_wconf 89' lang='lat' dir='ltr'><strong>sique</strong></span> <span class='ocrx_word' id='word_1_171' title='bbox 1640 1355 1830 1395; x_wconf 86' lang='lat' dir='ltr'><strong>omnes</strong></span> <span class='ocrx_word' id='word_1_172' title='bbox 1861 1339 1936 1394; x_wconf 89' lang='lat' dir='ltr'><strong>si-</strong></span> 
     </span>
    </p>
   </div>
   <div class='ocr_carea' id='block_1_23' title="bbox 2062 1337 3630 1413">
    <p class='ocr_par' dir='ltr' id='par_1_23' title="bbox 2062 1340 3630 1413">
     <span class='ocr_line' id='line_1_23' title="bbox 2062 1340 3630 1413; baseline 0.002 -21"><span class='ocrx_word' id='word_1_173' title='bbox 2062 1341 2229 1405; x_wconf 78' lang='grc' dir='ltr'><strong>ωθεὶς</strong></span> <span class='ocrx_word' id='word_1_174' title='bbox 2276 1340 2526 1411; x_wconf 83' lang='grc' dir='ltr'><strong>Μωάμεθ</strong></span> <span class='ocrx_word' id='word_1_175' title='bbox 2565 1340 2634 1394; x_wconf 85' lang='grc' dir='ltr'><strong>τὰ</strong></span> <span class='ocrx_word' id='word_1_176' title='bbox 2666 1340 2800 1413; x_wconf 78' lang='grc' dir='ltr'><strong>πρὸς</strong></span> <span class='ocrx_word' id='word_1_177' title='bbox 2829 1342 2990 1412; x_wconf 83' lang='grc' dir='ltr'><strong>χάριν</strong></span> <span class='ocrx_word' id='word_1_178' title='bbox 3013 1345 3110 1397; x_wconf 73' lang='grc' dir='ltr'><strong>καὶ</strong></span> <span class='ocrx_word' id='word_1_179' title='bbox 3140 1342 3334 1412; x_wconf 71' lang='grc' dir='ltr'><strong>τέρψιν</strong></span> <span class='ocrx_word' id='word_1_180' title='bbox 3364 1342 3464 1396; x_wconf 80' lang='grc' dir='ltr'><strong>τῶν</strong></span> <span class='ocrx_word' id='word_1_181' title='bbox 3486 1345 3572 1395; x_wconf 74' lang='grc' dir='ltr'><strong>ἀν·</strong></span> <span class='ocrx_word' id='word_1_182' title='bbox 3626 1366 3630 1369; x_wconf 77' lang='grc'><strong>-</strong></span> 
     </span>
    </p>
   </div>
   <div class='ocr_carea' id='block_1_24' title="bbox 366 1424 1934 1504">
    <p class='ocr_par' dir='ltr' id='par_1_24' title="bbox 366 1424 1934 1496">
     <span class='ocr_line' id='line_1_24' title="bbox 366 1424 1934 1496; baseline 0.001 -13"><span class='ocrx_word' id='word_1_183' title='bbox 366 1427 482 1483; x_wconf 90' lang='lat' dir='ltr'><strong>mili</strong></span> <span class='ocrx_word' id='word_1_184' title='bbox 514 1427 723 1481; x_wconf 85' lang='lat' dir='ltr'><strong>ratione</strong></span> <span class='ocrx_word' id='word_1_185' title='bbox 746 1424 1026 1496; x_wconf 88' lang='lat' dir='ltr'><strong>judicandi</strong></span> <span class='ocrx_word' id='word_1_186' title='bbox 1061 1436 1213 1492; x_wconf 90' lang='lat' dir='ltr'><strong>sunt,</strong></span> <span class='ocrx_word' id='word_1_187' title='bbox 1256 1436 1311 1483; x_wconf 90' lang='lat' dir='ltr'><strong>et</strong></span> <span class='ocrx_word' id='word_1_188' title='bbox 1355 1426 1525 1483; x_wconf 88' lang='lat' dir='ltr'><strong>simili</strong></span> <span class='ocrx_word' id='word_1_189' title='bbox 1552 1429 1767 1484; x_wconf 83' lang='lat' dir='ltr'><strong>ratione</strong></span> <span class='ocrx_word' id='word_1_190' title='bbox 1789 1444 1934 1484; x_wconf 88' lang='lat' dir='ltr'><strong>rece-</strong></span> 
     </span>
    </p>
   </div>
   <div class='ocr_carea' id='block_1_25' title="bbox 2007 1424 3575 1504">
    <p class='ocr_par' dir='ltr' id='par_1_25' title="bbox 2038 1432 3575 1504">
     <span class='ocr_line' id='line_1_25' title="bbox 2038 1432 3575 1504; baseline 0.001 -20"><span class='ocrx_word' id='word_1_191' title='bbox 2038 1432 2272 1502; x_wconf 84' lang='grc' dir='ltr'><strong>θρώπων</strong></span> <span class='ocrx_word' id='word_1_192' title='bbox 2309 1433 2610 1486; x_wconf 69' lang='grc' dir='ltr'><strong>ἐσπούδασε</strong></span> <span class='ocrx_word' id='word_1_193' title='bbox 2653 1433 2748 1486; x_wconf 86' lang='grc' dir='ltr'><strong>καὶ</strong></span> <span class='ocrx_word' id='word_1_194' title='bbox 2798 1433 3061 1502; x_wconf 74' lang='grc' dir='ltr'><strong>ἐδίδαξεν,</strong></span> <span class='ocrx_word' id='word_1_195' title='bbox 3103 1432 3192 1488; x_wconf 75' lang='grc' dir='ltr'><strong>ἵνα</strong></span> <span class='ocrx_word' id='word_1_196' title='bbox 3221 1434 3307 1489; x_wconf 85' lang='grc' dir='ltr'><strong>διά</strong></span> <span class='ocrx_word' id='word_1_197' title='bbox 3332 1434 3425 1504; x_wconf 89' lang='grc' dir='ltr'><strong>τῆς</strong></span> <span class='ocrx_word' id='word_1_198' title='bbox 3469 1435 3575 1504; x_wconf 75' lang='grc' dir='ltr'><strong>ἠδο-</strong></span> 
     </span>
    </p>
   </div>
   <div class='ocr_carea' id='block_1_26' title="bbox 368 1504 1936 1598">
    <p class='ocr_par' dir='ltr' id='par_1_26' title="bbox 368 1510 1934 1588">
     <span class='ocr_line' id='line_1_26' title="bbox 368 1510 1934 1588; baseline 0.003 -19"><span class='ocrx_word' id='word_1_199' title='bbox 368 1516 538 1586; x_wconf 87' lang='lat' dir='ltr'><strong>pturi,</strong></span> <span class='ocrx_word' id='word_1_200' title='bbox 570 1517 664 1585; x_wconf 90' lang='lat' dir='ltr'><strong>qui</strong></span> <span class='ocrx_word' id='word_1_201' title='bbox 690 1515 912 1583; x_wconf 83' lang='lat' dir='ltr'><strong>quidem</strong></span> <span class='ocrx_word' id='word_1_202' title='bbox 945 1510 1174 1571; x_wconf 79' lang='lat' dir='ltr'><strong>honeste</strong></span> <span class='ocrx_word' id='word_1_203' title='bbox 1192 1516 1467 1583; x_wconf 77' lang='lat' dir='ltr'><strong>vixerunt,</strong></span> <span class='ocrx_word' id='word_1_204' title='bbox 1492 1518 1657 1584; x_wconf 89' lang='lat' dir='ltr'><strong>bona,</strong></span> <span class='ocrx_word' id='word_1_205' title='bbox 1684 1518 1780 1588; x_wconf 87' lang='lat' dir='ltr'><strong>qui</strong></span> <span class='ocrx_word' id='word_1_206' title='bbox 1801 1533 1934 1574; x_wconf 90' lang='lat' dir='ltr'><strong>vero</strong></span> 
     </span>
    </p>
   </div>
   <div class='ocr_carea' id='block_1_27' title="bbox 2009 1504 3577 1598">
    <p class='ocr_par' dir='ltr' id='par_1_27' title="bbox 2038 1504 3577 1598">
     <span class='ocr_line' id='line_1_27' title="bbox 2038 1504 3577 1598; baseline 0.002 -22"><span class='ocrx_word' id='word_1_207' title='bbox 2038 1524 2135 1593; x_wconf 87' lang='grc' dir='ltr'><strong>νῆς</strong></span> <span class='ocrx_word' id='word_1_208' title='bbox 2169 1524 2546 1594; x_wconf 65' lang='grc' dir='ltr'><strong>ἐπισπάσηται</strong></span> <span class='ocrx_word' id='word_1_209' title='bbox 2578 1524 2640 1579; x_wconf 83' lang='grc' dir='ltr'><strong>τὸ</strong></span> <span class='ocrx_word' id='word_1_210' title='bbox 2661 1504 2866 1595; x_wconf 68' lang='grc' dir='ltr'><strong>πλῆθδς</strong></span> <span class='ocrx_word' id='word_1_211' title='bbox 2886 1526 2995 1578; x_wconf 85' lang='grc' dir='ltr'><strong>τῶν</strong></span> <span class='ocrx_word' id='word_1_212' title='bbox 3016 1526 3287 1598; x_wconf 82' lang='grc' dir='ltr'><strong>ἀφρόνων.</strong></span> <span class='ocrx_word' id='word_1_213' title='bbox 3320 1526 3434 1579; x_wconf 84' lang='grc' dir='ltr'><strong>Ἐτι</strong></span> <span class='ocrx_word' id='word_1_214' title='bbox 3462 1526 3577 1595; x_wconf 72' lang='grc' dir='ltr'><strong>περὶ</strong></span> 
     </span>
    </p>
   </div>
   <div class='ocr_carea' id='block_1_28' title="bbox 368 1605 1936 1690">
    <p class='ocr_par' dir='ltr' id='par_1_28' title="bbox 368 1605 1935 1690">
     <span class='ocr_line' id='line_1_28' title="bbox 368 1605 1935 1690; baseline 0.004 -30"><span class='ocrx_word' id='word_1_215' title='bbox 368 1608 532 1673; x_wconf 83' lang='lat' dir='ltr'><strong>male,</strong></span> <span class='ocrx_word' id='word_1_216' title='bbox 558 1606 693 1660; x_wconf 88' lang='lat' dir='ltr'><strong>iram</strong></span> <span class='ocrx_word' id='word_1_217' title='bbox 722 1605 837 1668; x_wconf 86' lang='lat' dir='ltr'><strong>Dei.</strong></span> <span class='ocrx_word' id='word_1_218' title='bbox 879 1608 1153 1690; x_wconf 80' lang='lat' dir='ltr'><strong>repulsam</strong></span> <span class='ocrx_word' id='word_1_219' title='bbox 1180 1622 1529 1678; x_wconf 77' lang='lat' dir='ltr'><strong>poenamque,</strong></span> <span class='ocrx_word' id='word_1_220' title='bbox 1563 1611 1788 1664; x_wconf 89' lang='lat' dir='ltr'><strong>omnino</strong></span> <span class='ocrx_word' id='word_1_221' title='bbox 1820 1627 1935 1666; x_wconf 85' lang='lat' dir='ltr'><strong>ma-</strong></span> 
     </span>
    </p>
   </div>
   <div class='ocr_carea' id='block_1_29' title="bbox 2012 1605 3580 1690">
    <p class='ocr_par' dir='ltr' id='par_1_29' title="bbox 2037 1613 3580 1686">
     <span class='ocr_line' id='line_1_29' title="bbox 2037 1613 3580 1686; baseline 0.001 -19"><span class='ocrx_word' id='word_1_222' title='bbox 2037 1614 2143 1667; x_wconf 86' lang='grc' dir='ltr'><strong>τῶν</strong></span> <span class='ocrx_word' id='word_1_223' title='bbox 2185 1613 2393 1685; x_wconf 85' lang='grc' dir='ltr'><strong>ἀνδρῶν</strong></span> <span class='ocrx_word' id='word_1_224' title='bbox 2446 1614 2608 1682; x_wconf 88' lang='grc' dir='ltr'><strong>μόνον</strong></span> <span class='ocrx_word' id='word_1_225' title='bbox 2644 1614 2798 1685; x_wconf 80' lang='grc' dir='ltr'><strong>μέλει</strong></span> <span class='ocrx_word' id='word_1_226' title='bbox 2844 1615 2921 1686; x_wconf 83' lang='grc' dir='ltr'><strong>τῷ</strong></span> <span class='ocrx_word' id='word_1_227' title='bbox 2962 1616 3103 1685; x_wconf 79' lang='grc' dir='ltr'><strong>Θεῷ,</strong></span> <span class='ocrx_word' id='word_1_228' title='bbox 3148 1617 3223 1680; x_wconf 84' lang='grc' dir='ltr'><strong>ὡς</strong></span> <span class='ocrx_word' id='word_1_229' title='bbox 3268 1616 3580 1685; x_wconf 77' lang='grc' dir='ltr'><strong>πλασμάτων</strong></span> 
     </span>
    </p>
   </div>
   <div class='ocr_carea' id='block_1_30' title="bbox 375 1696 1943 1777">
    <p class='ocr_par' dir='ltr' id='par_1_30' title="bbox 375 1696 1939 1775">
     <span class='ocr_line' id='line_1_30' title="bbox 375 1696 1939 1775; baseline 0.003 -20"><span class='ocrx_word' id='word_1_230' title='bbox 375 1696 575 1757; x_wconf 78' lang='lat' dir='ltr'><strong>uireste</strong></span> <span class='ocrx_word' id='word_1_231' title='bbox 605 1708 820 1756; x_wconf 83' lang='lat' dir='ltr'><strong>constat</strong></span> <span class='ocrx_word' id='word_1_232' title='bbox 841 1716 1031 1756; x_wconf 87' lang='lat' dir='ltr'><strong>omnes</strong></span> <span class='ocrx_word' id='word_1_233' title='bbox 1066 1702 1313 1758; x_wconf 83' lang='lat' dir='ltr'><strong>homines</strong></span> <span class='ocrx_word' id='word_1_234' title='bbox 1344 1703 1486 1759; x_wconf 90' lang='lat' dir='ltr'><strong>idem</strong></span> <span class='ocrx_word' id='word_1_235' title='bbox 1505 1704 1775 1775; x_wconf 86' lang='lat' dir='ltr'><strong>judicium</strong></span> <span class='ocrx_word' id='word_1_236' title='bbox 1805 1706 1939 1761; x_wconf 89' lang='lat' dir='ltr'><strong>sub-</strong></span> 
     </span>
    </p>
   </div>
   <div class='ocr_carea' id='block_1_31' title="bbox 2009 1696 3577 1777">
    <p class='ocr_par' dir='ltr' id='par_1_31' title="bbox 2040 1702 3577 1777">
     <span class='ocr_line' id='line_1_31' title="bbox 2040 1702 3577 1777; baseline 0.002 -22"><span class='ocrx_word' id='word_1_237' title='bbox 2040 1702 2228 1768; x_wconf 83' lang='grc' dir='ltr'><strong>αὑτοῦ,</strong></span> <span class='ocrx_word' id='word_1_238' title='bbox 2260 1706 2387 1777; x_wconf 76' lang='grc' dir='ltr'><strong>περὶ</strong></span> <span class='ocrx_word' id='word_1_239' title='bbox 2423 1704 2482 1757; x_wconf 75' lang='grc' dir='ltr'><strong>δὲ</strong></span> <span class='ocrx_word' id='word_1_240' title='bbox 2530 1703 2639 1758; x_wconf 84' lang='grc' dir='ltr'><strong>τῶν</strong></span> <span class='ocrx_word' id='word_1_241' title='bbox 2670 1705 2943 1773; x_wconf 82' lang='grc' dir='ltr'><strong>γυναικῶν</strong></span> <span class='ocrx_word' id='word_1_242' title='bbox 2998 1707 3268 1776; x_wconf 73' lang='grc' dir='ltr'><strong>οὐδαμῶς,</strong></span> <span class='ocrx_word' id='word_1_243' title='bbox 3321 1707 3404 1761; x_wconf 79' lang='grc' dir='ltr'><strong>διὰ</strong></span> <span class='ocrx_word' id='word_1_244' title='bbox 3428 1706 3482 1760; x_wconf 81' lang='grc' dir='ltr'><strong>τὸ</strong></span> <span class='ocrx_word' id='word_1_245' title='bbox 3510 1706 3577 1777; x_wconf 69' lang='grc' dir='ltr'><strong>μὴ</strong></span> 
     </span>
    </p>
   </div>
   <div class='ocr_carea' id='block_1_32' title="bbox 344 1769 1912 1867">
    <p class='ocr_par' dir='ltr' id='par_1_32' title="bbox 344 1795 1912 1867">
     <span class='ocr_line' id='line_1_32' title="bbox 344 1795 1912 1867; baseline 0.003 -20"><span class='ocrx_word' id='word_1_246' title='bbox 344 1864 345 1867; x_wconf 16' lang='grc' dir='ltr'><strong>η</strong></span> <span class='ocrx_word' id='word_1_247' title='bbox 371 1795 565 1857; x_wconf 84' lang='lat' dir='ltr'><strong>ituros,</strong></span> <span class='ocrx_word' id='word_1_248' title='bbox 618 1803 725 1849; x_wconf 90' lang='lat' dir='ltr'><strong>tam</strong></span> <span class='ocrx_word' id='word_1_249' title='bbox 778 1795 922 1851; x_wconf 87' lang='lat' dir='ltr'><strong>viros</strong></span> <span class='ocrx_word' id='word_1_250' title='bbox 941 1810 1102 1865; x_wconf 90' lang='lat' dir='ltr'><strong>quam</strong></span> <span class='ocrx_word' id='word_1_251' title='bbox 1126 1796 1406 1863; x_wconf 74' lang='lat' dir='ltr'><strong>mulienes,</strong></span> <span class='ocrx_word' id='word_1_252' title='bbox 1438 1812 1563 1853; x_wconf 91' lang='lat' dir='ltr'><strong>cum</strong></span> <span class='ocrx_word' id='word_1_253' title='bbox 1588 1812 1697 1852; x_wconf 86' lang='lat' dir='ltr'><strong>una</strong></span> <span class='ocrx_word' id='word_1_254' title='bbox 1721 1796 1912 1852; x_wconf 89' lang='lat' dir='ltr'><strong>eadem</strong></span> 
     </span>
    </p>
   </div>
   <div class='ocr_carea' id='block_1_33' title="bbox 2008 1769 3576 1867">
    <p class='ocr_par' dir='ltr' id='par_1_33' title="bbox 2008 1769 3576 1864">
     <span class='ocr_line' id='line_1_33' title="bbox 2008 1769 3576 1864; baseline 0.001 -19"><span class='ocrx_word' id='word_1_255' title='bbox 2008 1776 2180 1847; x_wconf 57' lang='grc' dir='ltr'><strong>ίεῐναι</strong></span> <span class='ocrx_word' id='word_1_256' title='bbox 2236 1769 2406 1856; x_wconf 71' lang='grc' dir='ltr'><strong>αύτάς</strong></span> <span class='ocrx_word' id='word_1_257' title='bbox 2452 1769 2690 1863; x_wconf 30' lang='grc' dir='ltr'><strong>πλάσμα-</strong></span> <span class='ocrx_word' id='word_1_258' title='bbox 2725 1794 2886 1848; x_wconf 82' lang='grc' dir='ltr'><strong>Θεοῦ.</strong></span> <span class='ocrx_word' id='word_1_259' title='bbox 2952 1796 3064 1850; x_wconf 77' lang='grc' dir='ltr'><strong>Καὶ</strong></span> <span class='ocrx_word' id='word_1_260' title='bbox 3111 1769 3198 1850; x_wconf 75' lang='grc' dir='ltr'><strong>διὰ</strong></span> <span class='ocrx_word' id='word_1_261' title='bbox 3228 1769 3381 1850; x_wconf 78' lang='grc' dir='ltr'><strong>τοῦτυ</strong></span> <span class='ocrx_word' id='word_1_262' title='bbox 3410 1769 3576 1864; x_wconf 54' lang='lat' dir='ltr'><strong>cipit;</strong></span> 
     </span>
    </p>
   </div>
   <div class='ocr_carea' id='block_1_34' title="bbox 369 1882 1937 1956">
    <p class='ocr_par' dir='ltr' id='par_1_34' title="bbox 369 1887 1937 1955">
     <span class='ocr_line' id='line_1_34' title="bbox 369 1887 1937 1955; baseline 0.004 -17"><span class='ocrx_word' id='word_1_263' title='bbox 369 1903 477 1955; x_wconf 83' lang='lat' dir='ltr'><strong>que</strong></span> <span class='ocrx_word' id='word_1_264' title='bbox 512 1887 707 1942; x_wconf 89' lang='lat' dir='ltr'><strong>horum</strong></span> <span class='ocrx_word' id='word_1_265' title='bbox 738 1895 930 1941; x_wconf 87' lang='lat' dir='ltr'><strong>natura</strong></span> <span class='ocrx_word' id='word_1_266' title='bbox 963 1888 1038 1943; x_wconf 88' lang='lat' dir='ltr'><strong>sit</strong></span> <span class='ocrx_word' id='word_1_267' title='bbox 1068 1887 1302 1943; x_wconf 88' lang='lat' dir='ltr'><strong>:codem</strong></span> <span class='ocrx_word' id='word_1_268' title='bbox 1342 1889 1507 1944; x_wconf 87' lang='lat' dir='ltr'><strong>etiam</strong></span> <span class='ocrx_word' id='word_1_269' title='bbox 1555 1888 1719 1944; x_wconf 87' lang='lat' dir='ltr'><strong>modo</strong></span> <span class='ocrx_word' id='word_1_270' title='bbox 1750 1904 1937 1945; x_wconf 88' lang='lat' dir='ltr'><strong>omnes</strong></span> 
     </span>
    </p>
   </div>
   <div class='ocr_carea' id='block_1_35' title="bbox 2062 1882 3630 1956">
    <p class='ocr_par' dir='ltr' id='par_1_35' title="bbox 2062 1882 3630 1956">
     <span class='ocr_line' id='line_1_35' title="bbox 2062 1882 3630 1956; baseline 0.001 -21"><span class='ocrx_word' id='word_1_271' title='bbox 2062 1882 2238 1953; x_wconf 84' lang='grc' dir='ltr'><strong>ἱνδρες</strong></span> <span class='ocrx_word' id='word_1_272' title='bbox 2298 1882 2588 1953; x_wconf 82' lang='grc' dir='ltr'><strong>μέλλουσιν</strong></span> <span class='ocrx_word' id='word_1_273' title='bbox 2647 1884 2945 1939; x_wconf 75' lang='grc' dir='ltr'><strong>ἀπολαύειν</strong></span> <span class='ocrx_word' id='word_1_274' title='bbox 3000 1884 3113 1939; x_wconf 84' lang='grc' dir='ltr'><strong>τῶν</strong></span> <span class='ocrx_word' id='word_1_275' title='bbox 3158 1885 3303 1956; x_wconf 80' lang='grc' dir='ltr'><strong>παρὰ</strong></span> <span class='ocrx_word' id='word_1_276' title='bbox 3342 1884 3431 1939; x_wconf 75' lang='grc' dir='ltr'><strong>τοῦ</strong></span> <span class='ocrx_word' id='word_1_277' title='bbox 3457 1882 3578 1937; x_wconf 79' lang='grc' dir='ltr'><strong>Θεοῦ</strong></span> <span class='ocrx_word' id='word_1_278' title='bbox 3625 1894 3630 1900; x_wconf 91' lang='grc'><strong>·</strong></span> 
     </span>
    </p>
   </div>
   <div class='ocr_carea' id='block_1_36' title="bbox 370 1971 1938 2050">
    <p class='ocr_par' dir='ltr' id='par_1_36' title="bbox 370 1982 1938 2050">
     <span class='ocr_line' id='line_1_36' title="bbox 370 1982 1938 2050; baseline 0.003 -17"><span class='ocrx_word' id='word_1_279' title='bbox 370 1983 525 2046; x_wconf 78' lang='lat' dir='ltr'><strong>jtuta</strong></span> <span class='ocrx_word' id='word_1_280' title='bbox 553 1993 719 2049; x_wconf 82' lang='lat' dir='ltr'><strong>Opera</strong></span> <span class='ocrx_word' id='word_1_281' title='bbox 775 1994 895 2043; x_wconf 85' lang='lat' dir='ltr'><strong>sua,</strong></span> <span class='ocrx_word' id='word_1_282' title='bbox 953 1995 1074 2050; x_wconf 63' lang='lat' dir='ltr'><strong>qua</strong></span> <span class='ocrx_word' id='word_1_283' title='bbox 1118 1989 1503 2050; x_wconf 85' lang='lat' dir='ltr'><strong>patraverunt,</strong></span> <span class='ocrx_word' id='word_1_284' title='bbox 1544 1982 1628 2037; x_wconf 89' lang='lat' dir='ltr'><strong>vel</strong></span> <span class='ocrx_word' id='word_1_285' title='bbox 1678 1982 1821 2037; x_wconf 90' lang='lat' dir='ltr'><strong>bona</strong></span> <span class='ocrx_word' id='word_1_286' title='bbox 1855 1982 1938 2037; x_wconf 88' lang='lat' dir='ltr'><strong>vel</strong></span> 
     </span>
    </p>
   </div>
   <div class='ocr_carea' id='block_1_37' title="bbox 2012 1971 3580 2050">
    <p class='ocr_par' dir='ltr' id='par_1_37' title="bbox 2043 1971 3580 2045">
     <span class='ocr_line' id='line_1_37' title="bbox 2043 1971 3580 2045; baseline 0 -18"><span class='ocrx_word' id='word_1_287' title='bbox 2043 1972 2300 2027; x_wconf 79' lang='grc' dir='ltr'><strong>τοιούτων</strong></span> <span class='ocrx_word' id='word_1_288' title='bbox 2339 1974 2582 2042; x_wconf 84' lang='grc' dir='ltr'><strong>ἀγαθῶν,</strong></span> <span class='ocrx_word' id='word_1_289' title='bbox 2613 1976 2669 2027; x_wconf 87' lang='grc' dir='ltr'><strong>αί</strong></span> <span class='ocrx_word' id='word_1_290' title='bbox 2697 1974 2756 2028; x_wconf 77' lang='grc' dir='ltr'><strong>δὲ</strong></span> <span class='ocrx_word' id='word_1_291' title='bbox 2791 1977 3053 2045; x_wconf 84' lang='grc' dir='ltr'><strong>γυναῖκες</strong></span> <span class='ocrx_word' id='word_1_292' title='bbox 3087 1975 3345 2041; x_wconf 77' lang='grc' dir='ltr'><strong>οὐδόλως;</strong></span> <span class='ocrx_word' id='word_1_293' title='bbox 3376 1971 3451 2029; x_wconf 83' lang='grc' dir='ltr'><strong>Ἦ</strong></span> <span class='ocrx_word' id='word_1_294' title='bbox 3472 1974 3580 2028; x_wconf 65' lang='lat' dir='ltr'><strong>lusi</strong></span> 
     </span>
    </p>
   </div>
   <div class='ocr_carea' id='block_1_38' title="bbox 373 2057 1941 2145">
    <p class='ocr_par' dir='ltr' id='par_1_38' title="bbox 373 2069 1940 2145">
     <span class='ocr_line' id='line_1_38' title="bbox 373 2069 1940 2145; baseline 0.004 -22"><span class='ocrx_word' id='word_1_295' title='bbox 373 2070 515 2124; x_wconf 86' lang='lat' dir='ltr'><strong>mala</strong></span> <span class='ocrx_word' id='word_1_296' title='bbox 546 2080 676 2125; x_wconf 90' lang='lat' dir='ltr'><strong>sunt</strong></span> <span class='ocrx_word' id='word_1_297' title='bbox 699 2071 998 2141; x_wconf 88' lang='lat' dir='ltr'><strong>recepturi.</strong></span> <span class='ocrx_word' id='word_1_298' title='bbox 1032 2069 1222 2127; x_wconf 80' lang='lat' dir='ltr'><strong>Restat</strong></span> <span class='ocrx_word' id='word_1_299' title='bbox 1255 2071 1442 2143; x_wconf 77' lang='lat' dir='ltr'><strong>igitur,</strong></span> <span class='ocrx_word' id='word_1_300' title='bbox 1478 2077 1621 2144; x_wconf 87' lang='lat' dir='ltr'><strong>quod</strong></span> <span class='ocrx_word' id='word_1_301' title='bbox 1648 2083 1705 2129; x_wconf 89' lang='lat' dir='ltr'><strong>et</strong></span> <span class='ocrx_word' id='word_1_302' title='bbox 1729 2074 1940 2145; x_wconf 87' lang='lat' dir='ltr'><strong>justum</strong></span> 
     </span>
    </p>
   </div>
   <div class='ocr_carea' id='block_1_39' title="bbox 2011 2057 3579 2145">
    <p class='ocr_par' dir='ltr' id='par_1_39' title="bbox 2047 2057 3579 2135">
     <span class='ocr_line' id='line_1_39' title="bbox 2047 2057 3579 2135; baseline 0.003 -20"><span class='ocrx_word' id='word_1_303' title='bbox 2047 2062 2145 2133; x_wconf 90' lang='grc' dir='ltr'><strong>μία</strong></span> <span class='ocrx_word' id='word_1_304' title='bbox 2178 2061 2337 2132; x_wconf 79' lang='grc' dir='ltr'><strong>φύσις</strong></span> <span class='ocrx_word' id='word_1_305' title='bbox 2391 2064 2540 2117; x_wconf 61' lang='grc' dir='ltr'><strong>ἔστὶν</strong></span> <span class='ocrx_word' id='word_1_306' title='bbox 2585 2064 2779 2135; x_wconf 84' lang='grc' dir='ltr'><strong>ἀνδρὸς</strong></span> <span class='ocrx_word' id='word_1_307' title='bbox 2808 2057 2905 2119; x_wconf 70' lang='grc' dir='ltr'><strong>καὶ</strong></span> <span class='ocrx_word' id='word_1_308' title='bbox 2955 2066 3236 2135; x_wconf 74' lang='grc' dir='ltr'><strong>γυναικὸς,</strong></span> <span class='ocrx_word' id='word_1_309' title='bbox 3280 2069 3371 2121; x_wconf 74' lang='grc' dir='ltr'><strong>καὶ</strong></span> <span class='ocrx_word' id='word_1_310' title='bbox 3391 2061 3464 2128; x_wconf 75' lang='grc' dir='ltr'><strong>εἷς</strong></span> <span class='ocrx_word' id='word_1_311' title='bbox 3495 2066 3579 2120; x_wconf 76' lang='grc' dir='ltr'><strong>ἄν·</strong></span> 
     </span>
    </p>
   </div>
   <div class='ocr_carea' id='block_1_40' title="bbox 370 2153 1938 2234">
    <p class='ocr_par' dir='ltr' id='par_1_40' title="bbox 370 2158 1938 2234">
     <span class='ocr_line' id='line_1_40' title="bbox 370 2158 1938 2234; baseline 0.006 -23"><span class='ocrx_word' id='word_1_312' title='bbox 370 2169 427 2212; x_wconf 87' lang='lat' dir='ltr'><strong>et</strong></span> <span class='ocrx_word' id='word_1_313' title='bbox 454 2158 714 2214; x_wconf 88' lang='lat' dir='ltr'><strong>decorum</strong></span> <span class='ocrx_word' id='word_1_314' title='bbox 741 2171 845 2225; x_wconf 70' lang='grc' dir='ltr'><strong>εει,</strong></span> <span class='ocrx_word' id='word_1_315' title='bbox 879 2170 938 2214; x_wconf 85' lang='grc' dir='ltr'><strong>ιιι</strong></span> <span class='ocrx_word' id='word_1_316' title='bbox 959 2160 1220 2217; x_wconf 88' lang='lat' dir='ltr'><strong>mulieres</strong></span> <span class='ocrx_word' id='word_1_317' title='bbox 1267 2162 1457 2218; x_wconf 88' lang='lat' dir='ltr'><strong>eadem</strong></span> <span class='ocrx_word' id='word_1_318' title='bbox 1485 2203 1500 2229; x_wconf 96' lang='lat'><strong>,</strong></span> <span class='ocrx_word' id='word_1_319' title='bbox 1535 2178 1657 2234; x_wconf 68' lang='lat' dir='ltr'><strong>quae</strong></span> <span class='ocrx_word' id='word_1_320' title='bbox 1681 2163 1815 2230; x_wconf 88' lang='lat' dir='ltr'><strong>viri,</strong></span> <span class='ocrx_word' id='word_1_321' title='bbox 1852 2179 1938 2220; x_wconf 81' lang='lat' dir='ltr'><strong>a0-</strong></span> 
     </span>
    </p>
   </div>
   <div class='ocr_carea' id='block_1_41' title="bbox 2012 2153 3580 2234">
    <p class='ocr_par' dir='ltr' id='par_1_41' title="bbox 2044 2153 3580 2229">
     <span class='ocr_line' id='line_1_41' title="bbox 2044 2153 3580 2229; baseline 0.001 -22"><span class='ocrx_word' id='word_1_322' title='bbox 2044 2153 2263 2224; x_wconf 86' lang='grc' dir='ltr'><strong>θρωπός</strong></span> <span class='ocrx_word' id='word_1_323' title='bbox 2299 2155 2416 2207; x_wconf 69' lang='grc' dir='ltr'><strong>ἐστι</strong></span> <span class='ocrx_word' id='word_1_324' title='bbox 2449 2156 2558 2219; x_wconf 78' lang='grc' dir='ltr'><strong>πᾶς</strong></span> <span class='ocrx_word' id='word_1_325' title='bbox 2608 2156 2917 2228; x_wconf 71' lang='grc' dir='ltr'><strong>ἄνθρωπος,</strong></span> <span class='ocrx_word' id='word_1_326' title='bbox 2966 2158 3064 2211; x_wconf 80' lang='grc' dir='ltr'><strong>καὶ</strong></span> <span class='ocrx_word' id='word_1_327' title='bbox 3121 2159 3317 2229; x_wconf 83' lang='grc' dir='ltr'><strong>ὁμοίως</strong></span> <span class='ocrx_word' id='word_1_328' title='bbox 3352 2157 3580 2228; x_wconf 70' lang='grc' dir='ltr'><strong>μιλλουσι</strong></span> 
     </span>
    </p>
   </div>
   <div class='ocr_carea' id='block_1_42' title="bbox 372 2245 1940 2326">
    <p class='ocr_par' dir='ltr' id='par_1_42' title="bbox 372 2250 1940 2326">
     <span class='ocr_line' id='line_1_42' title="bbox 372 2250 1940 2326; baseline 0.006 -23"><span class='ocrx_word' id='word_1_329' title='bbox 372 2250 602 2319; x_wconf 80' lang='lat' dir='ltr'><strong>cipiant.</strong></span> <span class='ocrx_word' id='word_1_330' title='bbox 632 2250 699 2305; x_wconf 85' lang='lat' dir='ltr'><strong>Et</strong></span> <span class='ocrx_word' id='word_1_331' title='bbox 734 2251 1195 2320; x_wconf 86' lang='lat' dir='ltr'><strong>quemadmodum</strong></span> <span class='ocrx_word' id='word_1_332' title='bbox 1219 2253 1545 2326; x_wconf 82' lang='lat' dir='ltr'><strong>unicuique,</strong></span> <span class='ocrx_word' id='word_1_333' title='bbox 1570 2255 1667 2326; x_wconf 85' lang='lat' dir='ltr'><strong>qui</strong></span> <span class='ocrx_word' id='word_1_334' title='bbox 1707 2256 1940 2313; x_wconf 85' lang='lat' dir='ltr'><strong>honeste</strong></span> 
     </span>
    </p>
   </div>
   <div class='ocr_carea' id='block_1_43' title="bbox 2013 2245 3581 2326">
    <p class='ocr_par' dir='ltr' id='par_1_43' title="bbox 2043 2245 3581 2321">
     <span class='ocr_line' id='line_1_43' title="bbox 2043 2245 3581 2321; baseline 0.003 -24"><span class='ocrx_word' id='word_1_335' title='bbox 2043 2245 2300 2316; x_wconf 81' lang='grc' dir='ltr'><strong>κριθῆναι</strong></span> <span class='ocrx_word' id='word_1_336' title='bbox 2350 2248 2397 2300; x_wconf 80' lang='grc' dir='ltr'><strong>οἱ</strong></span> <span class='ocrx_word' id='word_1_337' title='bbox 2449 2246 2672 2314; x_wconf 82' lang='grc' dir='ltr'><strong>πάντες,</strong></span> <span class='ocrx_word' id='word_1_338' title='bbox 2706 2250 2803 2303; x_wconf 76' lang='grc' dir='ltr'><strong>καὶ</strong></span> <span class='ocrx_word' id='word_1_339' title='bbox 2836 2250 3041 2319; x_wconf 83' lang='grc' dir='ltr'><strong>ὁμοίως</strong></span> <span class='ocrx_word' id='word_1_340' title='bbox 3074 2250 3353 2321; x_wconf 83' lang='grc' dir='ltr'><strong>μέλλουσιν</strong></span> <span class='ocrx_word' id='word_1_341' title='bbox 3396 2249 3581 2302; x_wconf 81' lang='grc' dir='ltr'><strong>ἀπολα-</strong></span> 
     </span>
    </p>
   </div>
   <div class='ocr_carea' id='block_1_44' title="bbox 373 2336 1941 2419">
    <p class='ocr_par' dir='ltr' id='par_1_44' title="bbox 373 2343 1941 2419">
     <span class='ocr_line' id='line_1_44' title="bbox 373 2343 1941 2419; baseline 0.007 -27"><span class='ocrx_word' id='word_1_342' title='bbox 373 2343 539 2396; x_wconf 86' lang='lat' dir='ltr'><strong>vitam</strong></span> <span class='ocrx_word' id='word_1_343' title='bbox 573 2358 728 2397; x_wconf 87' lang='lat' dir='ltr'><strong>suam</strong></span> <span class='ocrx_word' id='word_1_344' title='bbox 755 2344 1041 2413; x_wconf 78' lang='lat' dir='ltr'><strong>transegit,</strong></span> <span class='ocrx_word' id='word_1_345' title='bbox 1084 2346 1239 2417; x_wconf 81' lang='lat' dir='ltr'><strong>juxta</strong></span> <span class='ocrx_word' id='word_1_346' title='bbox 1266 2346 1564 2404; x_wconf 78' lang='lat' dir='ltr'><strong>Mahometi</strong></span> <span class='ocrx_word' id='word_1_347' title='bbox 1613 2346 1762 2419; x_wconf 75' lang='lat' dir='ltr'><strong>leges</strong></span> <span class='ocrx_word' id='word_1_348' title='bbox 1798 2363 1941 2403; x_wconf 87' lang='lat' dir='ltr'><strong>mer-</strong></span> 
     </span>
    </p>
   </div>
   <div class='ocr_carea' id='block_1_45' title="bbox 2018 2336 3586 2419">
    <p class='ocr_par' dir='ltr' id='par_1_45' title="bbox 2043 2336 3586 2411">
     <span class='ocr_line' id='line_1_45' title="bbox 2043 2336 3586 2411; baseline 0.004 -23"><span class='ocrx_word' id='word_1_349' title='bbox 2043 2336 2182 2401; x_wconf 81' lang='grc' dir='ltr'><strong>6εῐν,</strong></span> <span class='ocrx_word' id='word_1_350' title='bbox 2211 2339 2263 2390; x_wconf 90' lang='grc' dir='ltr'><strong>οί</strong></span> <span class='ocrx_word' id='word_1_351' title='bbox 2292 2337 2390 2407; x_wconf 68' lang='grc' dir='ltr'><strong>μὲν</strong></span> <span class='ocrx_word' id='word_1_352' title='bbox 2418 2338 2601 2403; x_wconf 80' lang='grc' dir='ltr'><strong>καλῶς</strong></span> <span class='ocrx_word' id='word_1_353' title='bbox 2631 2339 3086 2411; x_wconf 88' lang='grc' dir='ltr'><strong>πολιτευσάμενοι</strong></span> <span class='ocrx_word' id='word_1_354' title='bbox 3120 2341 3318 2411; x_wconf 73' lang='grc' dir='ltr'><strong>ἀγαθά,</strong></span> <span class='ocrx_word' id='word_1_355' title='bbox 3344 2342 3390 2395; x_wconf 87' lang='grc' dir='ltr'><strong>οί</strong></span> <span class='ocrx_word' id='word_1_356' title='bbox 3420 2340 3472 2395; x_wconf 85' lang='grc' dir='ltr'><strong>δὲ</strong></span> <span class='ocrx_word' id='word_1_357' title='bbox 3500 2358 3586 2394; x_wconf 82' lang='grc' dir='ltr'><strong>κα·</strong></span> 
     </span>
    </p>
   </div>
   <div class='ocr_carea' id='block_1_46' title="bbox 372 2426 1940 2504">
    <p class='ocr_par' dir='ltr' id='par_1_46' title="bbox 372 2432 1940 2504">
     <span class='ocr_line' id='line_1_46' title="bbox 372 2432 1940 2504; baseline 0.005 -19"><span class='ocrx_word' id='word_1_358' title='bbox 372 2434 523 2487; x_wconf 85' lang='lat' dir='ltr'><strong>cedis</strong></span> <span class='ocrx_word' id='word_1_359' title='bbox 550 2432 671 2487; x_wconf 90' lang='lat' dir='ltr'><strong>loco</strong></span> <span class='ocrx_word' id='word_1_360' title='bbox 702 2434 888 2489; x_wconf 78' lang='lat' dir='ltr'><strong>multa:</strong></span> <span class='ocrx_word' id='word_1_361' title='bbox 918 2436 1184 2492; x_wconf 89' lang='lat' dir='ltr'><strong>mulieres</strong></span> <span class='ocrx_word' id='word_1_362' title='bbox 1214 2437 1619 2504; x_wconf 87' lang='lat' dir='ltr'><strong>retribuuntur,</strong></span> <span class='ocrx_word' id='word_1_363' title='bbox 1642 2439 1723 2494; x_wconf 90' lang='lat' dir='ltr'><strong>sic</strong></span> <span class='ocrx_word' id='word_1_364' title='bbox 1744 2439 1940 2495; x_wconf 90' lang='lat' dir='ltr'><strong>dentur</strong></span> 
     </span>
    </p>
   </div>
   <div class='ocr_carea' id='block_1_47' title="bbox 2017 2426 3585 2504">
    <p class='ocr_par' dir='ltr' id='par_1_47' title="bbox 2042 2426 3585 2503">
     <span class='ocr_line' id='line_1_47' title="bbox 2042 2426 3585 2503; baseline 0.003 -24"><span class='ocrx_word' id='word_1_365' title='bbox 2042 2427 2153 2491; x_wconf 83' lang='grc' dir='ltr'><strong>κῶς</strong></span> <span class='ocrx_word' id='word_1_366' title='bbox 2177 2426 2348 2497; x_wconf 78' lang='grc' dir='ltr'><strong>ὀργὴν</strong></span> <span class='ocrx_word' id='word_1_367' title='bbox 2377 2427 2511 2483; x_wconf 88' lang='grc' dir='ltr'><strong>Θεοῦ</strong></span> <span class='ocrx_word' id='word_1_368' title='bbox 2542 2428 2637 2482; x_wconf 69' lang='grc' dir='ltr'><strong>καὶ</strong></span> <span class='ocrx_word' id='word_1_369' title='bbox 2666 2430 3020 2503; x_wconf 80' lang='grc' dir='ltr'><strong>ἀποστροφὴν</strong></span> <span class='ocrx_word' id='word_1_370' title='bbox 3054 2432 3155 2487; x_wconf 74' lang='grc' dir='ltr'><strong>καὶ</strong></span> <span class='ocrx_word' id='word_1_371' title='bbox 3182 2432 3417 2496; x_wconf 78' lang='grc' dir='ltr'><strong>κόλασιν,</strong></span> <span class='ocrx_word' id='word_1_372' title='bbox 3464 2431 3585 2485; x_wconf 68' lang='grc' dir='ltr'><strong>πάνι</strong></span> 
     </span>
    </p>
   </div>
   <div class='ocr_carea' id='block_1_48' title="bbox 371 2521 1939 2599">
    <p class='ocr_par' dir='ltr' id='par_1_48' title="bbox 371 2523 1939 2599">
     <span class='ocr_line' id='line_1_48' title="bbox 371 2523 1939 2599; baseline 0.01 -27"><span class='ocrx_word' id='word_1_373' title='bbox 371 2524 535 2578; x_wconf 76' lang='grc' dir='ltr'><strong>υιὶιιιιι</strong></span> <span class='ocrx_word' id='word_1_374' title='bbox 569 2523 823 2593; x_wconf 80' lang='lat' dir='ltr'><strong>singulis,</strong></span> <span class='ocrx_word' id='word_1_375' title='bbox 870 2541 993 2595; x_wconf 72' lang='lat' dir='ltr'><strong>qua:</strong></span> <span class='ocrx_word' id='word_1_376' title='bbox 1021 2526 1253 2585; x_wconf 86' lang='lat' dir='ltr'><strong>honeste</strong></span> <span class='ocrx_word' id='word_1_377' title='bbox 1281 2530 1558 2597; x_wconf 78' lang='lat' dir='ltr'><strong>vixerunt,</strong></span> <span class='ocrx_word' id='word_1_378' title='bbox 1586 2531 1939 2599; x_wconf 83' lang='lat' dir='ltr'><strong>mulieribus,</strong></span> 
     </span>
    </p>
   </div>
   <div class='ocr_carea' id='block_1_49' title="bbox 2015 2521 3583 2599">
    <p class='ocr_par' dir='ltr' id='par_1_49' title="bbox 2040 2521 3583 2594">
     <span class='ocr_line' id='line_1_49' title="bbox 2040 2521 3583 2594; baseline 0.003 -22"><span class='ocrx_word' id='word_1_379' title='bbox 2040 2535 2151 2583; x_wconf 82' lang='grc' dir='ltr'><strong>τως</strong></span> <span class='ocrx_word' id='word_1_380' title='bbox 2197 2538 2300 2573; x_wconf 88' lang='grc' dir='ltr'><strong>που</strong></span> <span class='ocrx_word' id='word_1_381' title='bbox 2341 2521 2504 2574; x_wconf 87' lang='grc' dir='ltr'><strong>παντί</strong></span> <span class='ocrx_word' id='word_1_382' title='bbox 2561 2538 2664 2575; x_wconf 89' lang='grc' dir='ltr'><strong>που</strong></span> <span class='ocrx_word' id='word_1_383' title='bbox 2712 2522 2871 2594; x_wconf 89' lang='grc' dir='ltr'><strong>δῆλον</strong></span> <span class='ocrx_word' id='word_1_384' title='bbox 2920 2524 3004 2578; x_wconf 84' lang='grc' dir='ltr'><strong>ὃτι</strong></span> <span class='ocrx_word' id='word_1_385' title='bbox 3062 2524 3270 2589; x_wconf 82' lang='grc' dir='ltr'><strong>πάντες</strong></span> <span class='ocrx_word' id='word_1_386' title='bbox 3334 2524 3583 2594; x_wconf 76' lang='grc' dir='ltr'><strong>ἀνθρωττοι</strong></span> 
     </span>
    </p>
   </div>
   <div class='ocr_carea' id='block_1_50' title="bbox 374 2606 1942 2692">
    <p class='ocr_par' dir='ltr' id='par_1_50' title="bbox 374 2606 1942 2689">
     <span class='ocr_line' id='line_1_50' title="bbox 374 2606 1942 2689; baseline 0.007 -23"><span class='ocrx_word' id='word_1_387' title='bbox 374 2606 561 2679; x_wconf 82' lang='lat' dir='ltr'><strong>plures</strong></span> <span class='ocrx_word' id='word_1_388' title='bbox 620 2614 745 2669; x_wconf 75' lang='lat' dir='ltr'><strong>viri.</strong></span> <span class='ocrx_word' id='word_1_389' title='bbox 796 2614 951 2681; x_wconf 82' lang='lat' dir='ltr'><strong>Quod</strong></span> <span class='ocrx_word' id='word_1_390' title='bbox 978 2617 1024 2671; x_wconf 89' lang='lat' dir='ltr'><strong>si</strong></span> <span class='ocrx_word' id='word_1_391' title='bbox 1052 2618 1156 2672; x_wconf 89' lang='lat' dir='ltr'><strong>hoc</strong></span> <span class='ocrx_word' id='word_1_392' title='bbox 1196 2627 1451 2689; x_wconf 85' lang='lat' dir='ltr'><strong>tanquam</strong></span> <span class='ocrx_word' id='word_1_393' title='bbox 1485 2620 1786 2677; x_wconf 86' lang='lat' dir='ltr'><strong>absurdum</strong></span> <span class='ocrx_word' id='word_1_394' title='bbox 1812 2624 1942 2677; x_wconf 86' lang='lat' dir='ltr'><strong>reti-</strong></span> 
     </span>
    </p>
   </div>
   <div class='ocr_carea' id='block_1_51' title="bbox 2114 2606 3682 2692">
    <p class='ocr_par' dir='ltr' id='par_1_51' title="bbox 2116 2612 3682 2692">
     <span class='ocr_line' id='line_1_51' title="bbox 2116 2612 3682 2692; baseline 0.002 -27"><span class='ocrx_word' id='word_1_395' title='bbox 2116 2612 2243 2677; x_wconf 84' lang='grc' dir='ltr'><strong>οίως</strong></span> <span class='ocrx_word' id='word_1_396' title='bbox 2317 2615 2572 2683; x_wconf 84' lang='grc' dir='ltr'><strong>μέλλουσι</strong></span> <span class='ocrx_word' id='word_1_397' title='bbox 2642 2616 2918 2687; x_wconf 83' lang='grc' dir='ltr'><strong>κριθῆναι,</strong></span> <span class='ocrx_word' id='word_1_398' title='bbox 2970 2619 3165 2690; x_wconf 77' lang='grc' dir='ltr'><strong>ἄνδρες</strong></span> <span class='ocrx_word' id='word_1_399' title='bbox 3210 2636 3269 2671; x_wconf 86' lang='grc' dir='ltr'><strong>τε</strong></span> <span class='ocrx_word' id='word_1_400' title='bbox 3299 2620 3388 2672; x_wconf 76' lang='grc' dir='ltr'><strong>καὶ</strong></span> <span class='ocrx_word' id='word_1_401' title='bbox 3418 2619 3586 2685; x_wconf 83' lang='grc' dir='ltr'><strong>γυναὶ-</strong></span> <span class='ocrx_word' id='word_1_402' title='bbox 3678 2688 3682 2692; x_wconf 24' lang='grc' dir='ltr'><strong>η</strong></span> 
     </span>
    </p>
   </div>
   <div class='ocr_carea' id='block_1_52' title="bbox 370 2704 1938 2782">
    <p class='ocr_par' dir='ltr' id='par_1_52' title="bbox 370 2704 1938 2782">
     <span class='ocr_line' id='line_1_52' title="bbox 370 2704 1938 2782; baseline 0.007 -24"><span class='ocrx_word' id='word_1_403' title='bbox 370 2705 509 2771; x_wconf 84' lang='lat' dir='ltr'><strong>cuit,</strong></span> <span class='ocrx_word' id='word_1_404' title='bbox 530 2704 720 2760; x_wconf 90' lang='lat' dir='ltr'><strong>eadem</strong></span> <span class='ocrx_word' id='word_1_405' title='bbox 747 2714 928 2761; x_wconf 88' lang='lat' dir='ltr'><strong>mente</strong></span> <span class='ocrx_word' id='word_1_406' title='bbox 960 2717 1015 2763; x_wconf 91' lang='lat' dir='ltr'><strong>et</strong></span> <span class='ocrx_word' id='word_1_407' title='bbox 1032 2708 1245 2778; x_wconf 86' lang='lat' dir='ltr'><strong>judicio</strong></span> <span class='ocrx_word' id='word_1_408' title='bbox 1280 2711 1349 2766; x_wconf 90' lang='lat' dir='ltr'><strong>de</strong></span> <span class='ocrx_word' id='word_1_409' title='bbox 1376 2712 1512 2767; x_wconf 87' lang='lat' dir='ltr'><strong>viris</strong></span> <span class='ocrx_word' id='word_1_410' title='bbox 1537 2727 1757 2782; x_wconf 90' lang='lat' dir='ltr'><strong>quoque</strong></span> <span class='ocrx_word' id='word_1_411' title='bbox 1788 2714 1938 2769; x_wconf 89' lang='lat' dir='ltr'><strong>illum</strong></span> 
     </span>
    </p>
   </div>
   <div class='ocr_carea' id='block_1_53' title="bbox 2020 2704 3588 2782">
    <p class='ocr_par' dir='ltr' id='par_1_53' title="bbox 2043 2704 3588 2781">
     <span class='ocr_line' id='line_1_53' title="bbox 2043 2704 3588 2781; baseline 0.001 -25"><span class='ocrx_word' id='word_1_412' title='bbox 2043 2720 2178 2768; x_wconf 87' lang='grc' dir='ltr'><strong>κες,</strong></span> <span class='ocrx_word' id='word_1_413' title='bbox 2238 2704 2360 2758; x_wconf 71' lang='grc' dir='ltr'><strong>ἐπεὶ</strong></span> <span class='ocrx_word' id='word_1_414' title='bbox 2414 2708 2509 2760; x_wconf 77' lang='grc' dir='ltr'><strong>καὶ</strong></span> <span class='ocrx_word' id='word_1_415' title='bbox 2557 2709 2656 2777; x_wconf 92' lang='grc' dir='ltr'><strong>μία</strong></span> <span class='ocrx_word' id='word_1_416' title='bbox 2714 2708 2809 2762; x_wconf 83' lang='grc' dir='ltr'><strong>καὶ</strong></span> <span class='ocrx_word' id='word_1_417' title='bbox 2848 2712 2882 2780; x_wconf 73' lang='grc' dir='ltr'>ἡ</span> <span class='ocrx_word' id='word_1_418' title='bbox 2930 2710 3074 2781; x_wconf 81' lang='grc' dir='ltr'><strong>αὐτὴ</strong></span> <span class='ocrx_word' id='word_1_419' title='bbox 3131 2709 3287 2781; x_wconf 81' lang='grc' dir='ltr'><strong>φύσις</strong></span> <span class='ocrx_word' id='word_1_420' title='bbox 3346 2708 3457 2763; x_wconf 68' lang='grc' dir='ltr'><strong>ἐστὶ</strong></span> <span class='ocrx_word' id='word_1_421' title='bbox 3509 2708 3588 2759; x_wconf 80' lang='grc' dir='ltr'><strong>καὶ</strong></span> 
     </span>
    </p>
   </div>
   <div class='ocr_carea' id='block_1_54' title="bbox 371 2793 1939 2873">
    <p class='ocr_par' dir='ltr' id='par_1_54' title="bbox 371 2795 1939 2873">
     <span class='ocr_line' id='line_1_54' title="bbox 371 2795 1939 2873; baseline 0.006 -23"><span class='ocrx_word' id='word_1_422' title='bbox 371 2798 579 2852; x_wconf 85' lang='lat' dir='ltr'><strong>sentire</strong></span> <span class='ocrx_word' id='word_1_423' title='bbox 629 2806 686 2851; x_wconf 89' lang='lat' dir='ltr'><strong>et</strong></span> <span class='ocrx_word' id='word_1_424' title='bbox 723 2795 975 2867; x_wconf 79' lang='lat' dir='ltr'><strong>judicare</strong></span> <span class='ocrx_word' id='word_1_425' title='bbox 1023 2799 1403 2857; x_wconf 81' lang='lat' dir='ltr'><strong>conveniebat.</strong></span> <span class='ocrx_word' id='word_1_426' title='bbox 1446 2802 1719 2858; x_wconf 79' lang='lat' dir='ltr'><strong>Praeterea</strong></span> <span class='ocrx_word' id='word_1_427' title='bbox 1756 2804 1939 2873; x_wconf 83' lang='lat' dir='ltr'><strong>plures</strong></span> 
     </span>
    </p>
   </div>
   <div class='ocr_carea' id='block_1_55' title="bbox 2022 2793 3590 2873">
    <p class='ocr_par' dir='ltr' id='par_1_55' title="bbox 2042 2793 3590 2866">
     <span class='ocr_line' id='line_1_55' title="bbox 2042 2793 3590 2866; baseline 0.002 -19"><span class='ocrx_word' id='word_1_428' title='bbox 2042 2793 2243 2865; x_wconf 82' lang='grc' dir='ltr'><strong>ὁμοίως</strong></span> <span class='ocrx_word' id='word_1_429' title='bbox 2311 2795 2593 2866; x_wconf 82' lang='grc' dir='ltr'><strong>μέλλουσιν</strong></span> <span class='ocrx_word' id='word_1_430' title='bbox 2650 2798 2964 2863; x_wconf 69' lang='grc' dir='ltr'><strong>ἀπολαϐεῖν,</strong></span> <span class='ocrx_word' id='word_1_431' title='bbox 3021 2800 3101 2864; x_wconf 84' lang='grc' dir='ltr'><strong>ὡς</strong></span> <span class='ocrx_word' id='word_1_432' title='bbox 3146 2796 3371 2863; x_wconf 78' lang='grc' dir='ltr'><strong>ἰκαστος</strong></span> <span class='ocrx_word' id='word_1_433' title='bbox 3430 2798 3590 2853; x_wconf 77' lang='grc' dir='ltr'><strong>αὐτῶν</strong></span> 
     </span>
    </p>
   </div>
   <div class='ocr_carea' id='block_1_56' title="bbox 378 2884 1946 2965">
    <p class='ocr_par' dir='ltr' id='par_1_56' title="bbox 378 2885 1943 2965">
     <span class='ocr_line' id='line_1_56' title="bbox 378 2885 1943 2965; baseline 0.007 -26"><span class='ocrx_word' id='word_1_434' title='bbox 378 2887 455 2941; x_wconf 91' lang='lat' dir='ltr'><strong>illi</strong></span> <span class='ocrx_word' id='word_1_435' title='bbox 486 2885 589 2941; x_wconf 87' lang='lat' dir='ltr'><strong>viri</strong></span> <span class='ocrx_word' id='word_1_436' title='bbox 637 2887 812 2943; x_wconf 69' lang='lat' dir='ltr'><strong>unica:</strong></span> <span class='ocrx_word' id='word_1_437' title='bbox 864 2887 977 2943; x_wconf 87' lang='lat' dir='ltr'><strong>dati</strong></span> <span class='ocrx_word' id='word_1_438' title='bbox 1008 2889 1265 2955; x_wconf 87' lang='lat' dir='ltr'><strong>mulieri,</strong></span> <span class='ocrx_word' id='word_1_439' title='bbox 1311 2892 1398 2946; x_wconf 91' lang='lat' dir='ltr'><strong>vel</strong></span> <span class='ocrx_word' id='word_1_440' title='bbox 1451 2891 1632 2948; x_wconf 89' lang='lat' dir='ltr'><strong>laudis</strong></span> <span class='ocrx_word' id='word_1_441' title='bbox 1657 2895 1831 2965; x_wconf 82' lang='lat' dir='ltr'><strong>gratia</strong></span> <span class='ocrx_word' id='word_1_442' title='bbox 1864 2895 1943 2950; x_wconf 89' lang='lat' dir='ltr'><strong>illi</strong></span> 
     </span>
    </p>
   </div>
   <div class='ocr_carea' id='block_1_57' title="bbox 2019 2884 3587 2965">
    <p class='ocr_par' dir='ltr' id='par_1_57' title="bbox 2044 2884 3587 2959">
     <span class='ocr_line' id='line_1_57' title="bbox 2044 2884 3587 2959; baseline 0.003 -22"><span class='ocrx_word' id='word_1_443' title='bbox 2044 2884 2249 2955; x_wconf 72' lang='grc' dir='ltr'><strong>ἔπραξε</strong></span> <span class='ocrx_word' id='word_1_444' title='bbox 2273 2889 2421 2942; x_wconf 87' lang='grc' dir='ltr'><strong>κακά</strong></span> <span class='ocrx_word' id='word_1_445' title='bbox 2445 2904 2502 2941; x_wconf 90' lang='grc' dir='ltr'><strong>τε</strong></span> <span class='ocrx_word' id='word_1_446' title='bbox 2532 2888 2625 2942; x_wconf 80' lang='grc' dir='ltr'><strong>καὶ</strong></span> <span class='ocrx_word' id='word_1_447' title='bbox 2664 2889 2868 2959; x_wconf 84' lang='grc' dir='ltr'><strong>ἀγαθά.</strong></span> <span class='ocrx_word' id='word_1_448' title='bbox 2913 2892 3023 2945; x_wconf 74' lang='grc' dir='ltr'><strong>Καὶ</strong></span> <span class='ocrx_word' id='word_1_449' title='bbox 3058 2892 3251 2947; x_wconf 73' lang='grc' dir='ltr'><strong>λοιπὸν</strong></span> <span class='ocrx_word' id='word_1_450' title='bbox 3276 2892 3335 2946; x_wconf 88' lang='grc' dir='ltr'><strong>τδ</strong></span> <span class='ocrx_word' id='word_1_451' title='bbox 3367 2891 3492 2945; x_wconf 77' lang='grc' dir='ltr'><strong>αὐτὸ</strong></span> <span class='ocrx_word' id='word_1_452' title='bbox 3517 2890 3587 2942; x_wconf 86' lang='grc' dir='ltr'><strong>δί-</strong></span> 
     </span>
    </p>
   </div>
   <div class='ocr_carea' id='block_1_58' title="bbox 374 2978 1942 3059">
    <p class='ocr_par' dir='ltr' id='par_1_58' title="bbox 374 2982 1942 3059">
     <span class='ocr_line' id='line_1_58' title="bbox 374 2982 1942 3059; baseline 0.006 -24"><span class='ocrx_word' id='word_1_453' title='bbox 374 2982 657 3036; x_wconf 84' lang='lat' dir='ltr'><strong>dabuntur</strong></span> <span class='ocrx_word' id='word_1_454' title='bbox 714 2982 903 3053; x_wconf 90' lang='lat' dir='ltr'><strong>(quod</strong></span> <span class='ocrx_word' id='word_1_455' title='bbox 964 2984 1177 3041; x_wconf 89' lang='lat' dir='ltr'><strong>scilicet</strong></span> <span class='ocrx_word' id='word_1_456' title='bbox 1238 2986 1471 3044; x_wconf 88' lang='lat' dir='ltr'><strong>honeste</strong></span> <span class='ocrx_word' id='word_1_457' title='bbox 1531 2988 1816 3059; x_wconf 81' lang='lat' dir='ltr'><strong>vixerint)</strong></span> <span class='ocrx_word' id='word_1_458' title='bbox 1858 2990 1942 3045; x_wconf 88' lang='lat' dir='ltr'><strong>vel</strong></span> 
     </span>
    </p>
   </div>
   <div class='ocr_carea' id='block_1_59' title="bbox 2020 2978 3588 3059">
    <p class='ocr_par' dir='ltr' id='par_1_59' title="bbox 2045 2978 3588 3053">
     <span class='ocr_line' id='line_1_59' title="bbox 2045 2978 3588 3053; baseline 0.003 -22"><span class='ocrx_word' id='word_1_459' title='bbox 2045 2978 2202 3031; x_wconf 82' lang='grc' dir='ltr'><strong>καιόν</strong></span> <span class='ocrx_word' id='word_1_460' title='bbox 2234 2980 2348 3032; x_wconf 80' lang='grc' dir='ltr'><strong>ἐστι</strong></span> <span class='ocrx_word' id='word_1_461' title='bbox 2384 2982 2477 3033; x_wconf 73' lang='grc' dir='ltr'><strong>καὶ</strong></span> <span class='ocrx_word' id='word_1_462' title='bbox 2512 2981 2745 3052; x_wconf 80' lang='grc' dir='ltr'><strong>πρέπον,</strong></span> <span class='ocrx_word' id='word_1_463' title='bbox 2778 2982 2865 3036; x_wconf 85' lang='grc' dir='ltr'><strong>ίνα</strong></span> <span class='ocrx_word' id='word_1_464' title='bbox 2895 2983 3106 3039; x_wconf 74' lang='grc' dir='ltr'><strong>λάϐωσι</strong></span> <span class='ocrx_word' id='word_1_465' title='bbox 3146 2986 3238 3040; x_wconf 77' lang='grc' dir='ltr'><strong>καὶ</strong></span> <span class='ocrx_word' id='word_1_466' title='bbox 3270 2987 3321 3040; x_wconf 78' lang='grc' dir='ltr'><strong>αἱ</strong></span> <span class='ocrx_word' id='word_1_467' title='bbox 3353 2985 3588 3053; x_wconf 86' lang='grc' dir='ltr'><strong>γυναῖκες</strong></span> 
     </span>
    </p>
   </div>
   <div class='ocr_carea' id='block_1_60' title="bbox 376 3071 1944 3148">
    <p class='ocr_par' dir='ltr' id='par_1_60' title="bbox 376 3073 1942 3139">
     <span class='ocr_line' id='line_1_60' title="bbox 376 3073 1942 3139; baseline 0.006 -14"><span class='ocrx_word' id='word_1_468' title='bbox 376 3073 771 3130; x_wconf 86' lang='lat' dir='ltr'><strong>damnationis.</strong></span> <span class='ocrx_word' id='word_1_469' title='bbox 843 3074 1052 3139; x_wconf 78' lang='lat' dir='ltr'><strong>Quodsi</strong></span> <span class='ocrx_word' id='word_1_470' title='bbox 1099 3090 1198 3131; x_wconf 87' lang='lat' dir='ltr'><strong>ceu</strong></span> <span class='ocrx_word' id='word_1_471' title='bbox 1232 3077 1461 3133; x_wconf 84' lang='lat' dir='ltr'><strong>honeste</strong></span> <span class='ocrx_word' id='word_1_472' title='bbox 1497 3078 1609 3134; x_wconf 86' lang='lat' dir='ltr'><strong>vita</strong></span> <span class='ocrx_word' id='word_1_473' title='bbox 1637 3094 1735 3134; x_wconf 87' lang='lat' dir='ltr'><strong>sua</strong></span> <span class='ocrx_word' id='word_1_474' title='bbox 1768 3078 1942 3135; x_wconf 80' lang='lat' dir='ltr'><strong>functi</strong></span> 
     </span>
    </p>
   </div>
   <div class='ocr_carea' id='block_1_61' title="bbox 2024 3071 3592 3148">
    <p class='ocr_par' dir='ltr' id='par_1_61' title="bbox 2046 3071 3592 3148">
     <span class='ocr_line' id='line_1_61' title="bbox 2046 3071 3592 3148; baseline 0.003 -24"><span class='ocrx_word' id='word_1_475' title='bbox 2046 3072 2183 3141; x_wconf 85' lang='grc' dir='ltr'><strong>ὅπερ</strong></span> <span class='ocrx_word' id='word_1_476' title='bbox 2208 3071 2257 3123; x_wconf 89' lang='grc' dir='ltr'><strong>οί</strong></span> <span class='ocrx_word' id='word_1_477' title='bbox 2286 3071 2474 3141; x_wconf 76' lang='grc' dir='ltr'><strong>ἄνδρες</strong></span> <span class='ocrx_word' id='word_1_478' title='bbox 2505 3088 2521 3103; x_wconf 82' lang='lat'><strong><em>°</em></strong></span> <span class='ocrx_word' id='word_1_479' title='bbox 2573 3072 2669 3125; x_wconf 80' lang='grc' dir='ltr'><strong>καὶ</strong></span> <span class='ocrx_word' id='word_1_480' title='bbox 2701 3072 2889 3146; x_wconf 83' lang='grc' dir='ltr'><strong>ὥσπερ</strong></span> <span class='ocrx_word' id='word_1_481' title='bbox 2920 3076 3157 3132; x_wconf 84' lang='grc' dir='ltr'><strong>δίδονται</strong></span> <span class='ocrx_word' id='word_1_482' title='bbox 3203 3076 3336 3148; x_wconf 76' lang='grc' dir='ltr'><strong>πρὸς</strong></span> <span class='ocrx_word' id='word_1_483' title='bbox 3356 3078 3473 3139; x_wconf 65' lang='grc' dir='ltr'><strong>τοῦς</strong></span> <span class='ocrx_word' id='word_1_484' title='bbox 3508 3092 3592 3128; x_wconf 66' lang='grc' dir='ltr'><strong>καί·</strong></span> 
     </span>
    </p>
   </div>
   <div class='ocr_carea' id='block_1_62' title="bbox 375 3130 1943 3240">
    <p class='ocr_par' dir='ltr' id='par_1_62' title="bbox 375 3166 1943 3240">
     <span class='ocr_line' id='line_1_62' title="bbox 375 3166 1943 3240; baseline 0.004 -21"><span class='ocrx_word' id='word_1_485' title='bbox 375 3166 456 3219; x_wconf 82' lang='lat' dir='ltr'><strong>sic</strong></span> <span class='ocrx_word' id='word_1_486' title='bbox 490 3176 931 3234; x_wconf 84' lang='lat' dir='ltr'><strong>remunerantur,</strong></span> <span class='ocrx_word' id='word_1_487' title='bbox 989 3184 1089 3223; x_wconf 81' lang='lat' dir='ltr'><strong>cur</strong></span> <span class='ocrx_word' id='word_1_488' title='bbox 1117 3168 1203 3225; x_wconf 90' lang='lat' dir='ltr'><strong>his</strong></span> <span class='ocrx_word' id='word_1_489' title='bbox 1228 3184 1338 3224; x_wconf 89' lang='lat' dir='ltr'><strong>non</strong></span> <span class='ocrx_word' id='word_1_490' title='bbox 1392 3169 1579 3240; x_wconf 86' lang='lat' dir='ltr'><strong>plures</strong></span> <span class='ocrx_word' id='word_1_491' title='bbox 1631 3171 1769 3226; x_wconf 80' lang='lat' dir='ltr'><strong>datae</strong></span> <span class='ocrx_word' id='word_1_492' title='bbox 1818 3180 1943 3226; x_wconf 89' lang='lat' dir='ltr'><strong>sunt</strong></span> 
     </span>
    </p>
   </div>
   <div class='ocr_carea' id='block_1_63' title="bbox 2023 3130 3591 3240">
    <p class='ocr_par' dir='ltr' id='par_1_63' title="bbox 2047 3130 3591 3237">
     <span class='ocr_line' id='line_1_63' title="bbox 2047 3130 3591 3237; baseline 0.003 -25"><span class='ocrx_word' id='word_1_493' title='bbox 2047 3130 2165 3224; x_wconf 46' lang='lat' dir='ltr'><strong>Mig-</strong></span> <span class='ocrx_word' id='word_1_494' title='bbox 2205 3130 2697 3232; x_wconf 68' lang='grc' dir='ltr'><strong>πολιτευσαμένους</strong></span> <span class='ocrx_word' id='word_1_495' title='bbox 2740 3165 2821 3217; x_wconf 77' lang='grc' dir='ltr'><strong>ἑνὶ</strong></span> <span class='ocrx_word' id='word_1_496' title='bbox 2860 3130 3118 3237; x_wconf 36' lang='grc' dir='ltr'><strong>’ἑκάστῳ-</strong></span> <span class='ocrx_word' id='word_1_497' title='bbox 3144 3130 3334 3221; x_wconf 62' lang='grc' dir='ltr'><strong>πολλαί</strong></span> <span class='ocrx_word' id='word_1_498' title='bbox 3359 3130 3591 3236; x_wconf 70' lang='grc' dir='ltr'><strong>γυναῖκες</strong></span> 
     </span>
    </p>
   </div>
   <div class='ocr_carea' id='block_1_64' title="bbox 382 3251 1950 3330">
    <p class='ocr_par' dir='ltr' id='par_1_64' title="bbox 382 3255 1936 3330">
     <span class='ocr_line' id='line_1_64' title="bbox 382 3255 1936 3330; baseline 0.003 -22"><span class='ocrx_word' id='word_1_499' title='bbox 382 3255 672 3320; x_wconf 73' lang='lat' dir='ltr'><strong>mulieres,</strong></span> <span class='ocrx_word' id='word_1_500' title='bbox 729 3255 979 3312; x_wconf 79' lang='lat' dir='ltr'><strong>beneﬁcii</strong></span> <span class='ocrx_word' id='word_1_501' title='bbox 1005 3267 1059 3313; x_wconf 86' lang='lat' dir='ltr'><strong>et</strong></span> <span class='ocrx_word' id='word_1_502' title='bbox 1080 3259 1348 3314; x_wconf 86' lang='lat' dir='ltr'><strong>mercedis</strong></span> <span class='ocrx_word' id='word_1_503' title='bbox 1370 3260 1575 3330; x_wconf 81' lang='lat' dir='ltr'><strong>gratia,</strong></span> <span class='ocrx_word' id='word_1_504' title='bbox 1629 3268 1689 3314; x_wconf 86' lang='lat' dir='ltr'><strong>ut</strong></span> <span class='ocrx_word' id='word_1_505' title='bbox 1729 3258 1936 3315; x_wconf 89' lang='lat' dir='ltr'><strong>dictum</strong></span> 
     </span>
    </p>
   </div>
   <div class='ocr_carea' id='block_1_65' title="bbox 2026 3251 3594 3330">
    <p class='ocr_par' dir='ltr' id='par_1_65' title="bbox 2048 3251 3594 3328">
     <span class='ocr_line' id='line_1_65' title="bbox 2048 3251 3594 3328; baseline 0.003 -24"><span class='ocrx_word' id='word_1_506' title='bbox 2048 3251 2385 3320; x_wconf 85' lang='grc' dir='ltr'><strong>ἀντιμισθία,</strong></span> <span class='ocrx_word' id='word_1_507' title='bbox 2435 3251 2617 3317; x_wconf 85' lang='grc' dir='ltr'><strong>καθὼς</strong></span> <span class='ocrx_word' id='word_1_508' title='bbox 2645 3255 2673 3307; x_wconf 85' lang='grc' dir='ltr'><strong>ό</strong></span> <span class='ocrx_word' id='word_1_509' title='bbox 2736 3256 2983 3326; x_wconf 87' lang='grc' dir='ltr'><strong>Μωάμεθ</strong></span> <span class='ocrx_word' id='word_1_510' title='bbox 3031 3259 3332 3328; x_wconf 71' lang='grc' dir='ltr'><strong>νομοθετεῖ,</strong></span> <span class='ocrx_word' id='word_1_511' title='bbox 3368 3256 3594 3311; x_wconf 79' lang='grc' dir='ltr'><strong>διδόσθω·</strong></span> 
     </span>
    </p>
   </div>
   <div class='ocr_carea' id='block_1_66' title="bbox 379 3344 1947 3420">
    <p class='ocr_par' dir='ltr' id='par_1_66' title="bbox 379 3346 1947 3416">
     <span class='ocr_line' id='line_1_66' title="bbox 379 3346 1947 3416; baseline 0.003 -17"><span class='ocrx_word' id='word_1_512' title='bbox 379 3354 502 3411; x_wconf 89' lang='lat' dir='ltr'><strong>est,</strong></span> <span class='ocrx_word' id='word_1_513' title='bbox 553 3346 647 3401; x_wconf 92' lang='lat' dir='ltr'><strong>sed</strong></span> <span class='ocrx_word' id='word_1_514' title='bbox 674 3347 853 3416; x_wconf 87' lang='lat' dir='ltr'><strong>potius</strong></span> <span class='ocrx_word' id='word_1_515' title='bbox 885 3347 1015 3402; x_wconf 85' lang='lat' dir='ltr'><strong>viris</strong></span> <span class='ocrx_word' id='word_1_516' title='bbox 1059 3348 1246 3404; x_wconf 90' lang='lat' dir='ltr'><strong>multis</strong></span> <span class='ocrx_word' id='word_1_517' title='bbox 1286 3349 1483 3403; x_wconf 87' lang='lat' dir='ltr'><strong>mulier</strong></span> <span class='ocrx_word' id='word_1_518' title='bbox 1516 3348 1668 3403; x_wconf 88' lang='lat' dir='ltr'><strong>una?</strong></span> <span class='ocrx_word' id='word_1_519' title='bbox 1713 3348 1770 3404; x_wconf 89' lang='lat' dir='ltr'><strong>Si</strong></span> <span class='ocrx_word' id='word_1_520' title='bbox 1818 3363 1947 3404; x_wconf 69' lang='lat' dir='ltr'><strong>vero</strong></span> 
     </span>
    </p>
   </div>
   <div class='ocr_carea' id='block_1_67' title="bbox 2025 3344 3593 3420">
    <p class='ocr_par' dir='ltr' id='par_1_67' title="bbox 2052 3344 3593 3420">
     <span class='ocr_line' id='line_1_67' title="bbox 2052 3344 3593 3420; baseline 0.002 -25"><span class='ocrx_word' id='word_1_521' title='bbox 2052 3360 2152 3395; x_wconf 91' lang='grc' dir='ltr'><strong>σαν</strong></span> <span class='ocrx_word' id='word_1_522' title='bbox 2180 3344 2275 3396; x_wconf 77' lang='grc' dir='ltr'><strong>καὶ</strong></span> <span class='ocrx_word' id='word_1_523' title='bbox 2309 3344 2447 3414; x_wconf 83' lang='grc' dir='ltr'><strong>πρὸς</strong></span> <span class='ocrx_word' id='word_1_524' title='bbox 2482 3346 2582 3407; x_wconf 88' lang='grc' dir='ltr'><strong>τάς</strong></span> <span class='ocrx_word' id='word_1_525' title='bbox 2615 3346 2797 3410; x_wconf 83' lang='grc' dir='ltr'><strong>καλῶς</strong></span> <span class='ocrx_word' id='word_1_526' title='bbox 2841 3348 3316 3420; x_wconf 82' lang='grc' dir='ltr'><strong>πολιτευσαμένας</strong></span> <span class='ocrx_word' id='word_1_527' title='bbox 3349 3350 3593 3417; x_wconf 82' lang='grc' dir='ltr'><strong>γυναῖκας</strong></span> 
     </span>
    </p>
   </div>
   <div class='ocr_carea' id='block_1_68' title="bbox 382 3430 1950 3509">
    <p class='ocr_par' dir='ltr' id='par_1_68' title="bbox 382 3436 1948 3509">
     <span class='ocr_line' id='line_1_68' title="bbox 382 3436 1948 3509; baseline 0.003 -20"><span class='ocrx_word' id='word_1_528' title='bbox 382 3436 513 3490; x_wconf 82' lang='lat' dir='ltr'><strong>illud</strong></span> <span class='ocrx_word' id='word_1_529' title='bbox 544 3450 644 3490; x_wconf 91' lang='lat' dir='ltr'><strong>ceu</strong></span> <span class='ocrx_word' id='word_1_530' title='bbox 677 3436 1053 3492; x_wconf 87' lang='lat' dir='ltr'><strong>condemnatis</strong></span> <span class='ocrx_word' id='word_1_531' title='bbox 1100 3438 1403 3509; x_wconf 75' lang='lat' dir='ltr'><strong>contingit,</strong></span> <span class='ocrx_word' id='word_1_532' title='bbox 1457 3438 1573 3493; x_wconf 66' lang='lat' dir='ltr'><strong>haec</strong></span> <span class='ocrx_word' id='word_1_533' title='bbox 1600 3437 1790 3493; x_wconf 87' lang='lat' dir='ltr'><strong>eadem</strong></span> <span class='ocrx_word' id='word_1_534' title='bbox 1817 3451 1948 3493; x_wconf 84' lang='lat' dir='ltr'><strong>sane</strong></span> 
     </span>
    </p>
   </div>
   <div class='ocr_carea' id='block_1_69' title="bbox 2027 3430 3595 3509">
    <p class='ocr_par' dir='ltr' id='par_1_69' title="bbox 2054 3430 3595 3505">
     <span class='ocr_line' id='line_1_69' title="bbox 2054 3430 3595 3505; baseline 0.003 -24"><span class='ocrx_word' id='word_1_535' title='bbox 2054 3432 2155 3501; x_wconf 83' lang='grc' dir='ltr'><strong>μιᾷ</strong></span> <span class='ocrx_word' id='word_1_536' title='bbox 2184 3430 2391 3502; x_wconf 77' lang='grc' dir='ltr'><strong>ἑκάστῃ</strong></span> <span class='ocrx_word' id='word_1_537' title='bbox 2419 3431 2602 3485; x_wconf 75' lang='grc' dir='ltr'><strong>πολλοὶ</strong></span> <span class='ocrx_word' id='word_1_538' title='bbox 2623 3433 2836 3503; x_wconf 76' lang='grc' dir='ltr'><strong>ἄνδρες.</strong></span> <span class='ocrx_word' id='word_1_539' title='bbox 2861 3436 2923 3488; x_wconf 84' lang='grc' dir='ltr'>Εἰ</span> <span class='ocrx_word' id='word_1_540' title='bbox 2946 3436 2994 3489; x_wconf 77' lang='grc' dir='ltr'><strong>δ’</strong></span> <span class='ocrx_word' id='word_1_541' title='bbox 3018 3436 3097 3500; x_wconf 80' lang='grc' dir='ltr'><strong>ὼς</strong></span> <span class='ocrx_word' id='word_1_542' title='bbox 3121 3438 3319 3491; x_wconf 86' lang='grc' dir='ltr'><strong>άτοπον</strong></span> <span class='ocrx_word' id='word_1_543' title='bbox 3341 3434 3595 3505; x_wconf 75' lang='grc' dir='ltr'><strong>παρεσιὼ-</strong></span> 
     </span>
    </p>
   </div>
   <div class='ocr_carea' id='block_1_70' title="bbox 381 3524 1949 3600">
    <p class='ocr_par' dir='ltr' id='par_1_70' title="bbox 381 3525 1947 3591">
     <span class='ocr_line' id='line_1_70' title="bbox 381 3525 1947 3591; baseline 0.003 -13"><span class='ocrx_word' id='word_1_544' title='bbox 381 3525 643 3581; x_wconf 81' lang='lat' dir='ltr'><strong>beneiicia</strong></span> <span class='ocrx_word' id='word_1_545' title='bbox 690 3525 906 3591; x_wconf 86' lang='lat' dir='ltr'><strong>laudis,</strong></span> <span class='ocrx_word' id='word_1_546' title='bbox 962 3536 1018 3581; x_wconf 91' lang='lat' dir='ltr'><strong>et</strong></span> <span class='ocrx_word' id='word_1_547' title='bbox 1040 3527 1198 3582; x_wconf 72' lang='lat' dir='ltr'><strong>bonae</strong></span> <span class='ocrx_word' id='word_1_548' title='bbox 1248 3527 1627 3583; x_wconf 87' lang='lat' dir='ltr'><strong>retributionis</strong></span> <span class='ocrx_word' id='word_1_549' title='bbox 1670 3526 1947 3582; x_wconf 86' lang='lat' dir='ltr'><strong>domicilia</strong></span> 
     </span>
    </p>
   </div>
   <div class='ocr_carea' id='block_1_71' title="bbox 2026 3524 3594 3600">
    <p class='ocr_par' dir='ltr' id='par_1_71' title="bbox 2050 3524 3594 3600">
     <span class='ocr_line' id='line_1_71' title="bbox 2050 3524 3594 3600; baseline 0.001 -25"><span class='ocrx_word' id='word_1_550' title='bbox 2050 3541 2223 3592; x_wconf 77' lang='grc' dir='ltr'><strong>πησεν</strong></span> <span class='ocrx_word' id='word_1_551' title='bbox 2261 3524 2411 3591; x_wconf 82' lang='grc' dir='ltr'><strong>αὐτὸ,</strong></span> <span class='ocrx_word' id='word_1_552' title='bbox 2448 3525 2547 3595; x_wconf 83' lang='grc' dir='ltr'><strong>τὴν</strong></span> <span class='ocrx_word' id='word_1_553' title='bbox 2594 3526 2762 3596; x_wconf 84' lang='grc' dir='ltr'><strong>αὐτὴν</strong></span> <span class='ocrx_word' id='word_1_554' title='bbox 2787 3526 2994 3581; x_wconf 76' lang='grc' dir='ltr'><strong>ἔννοιαν</strong></span> <span class='ocrx_word' id='word_1_555' title='bbox 3039 3530 3138 3581; x_wconf 75' lang='grc' dir='ltr'><strong>καὶ</strong></span> <span class='ocrx_word' id='word_1_556' title='bbox 3162 3530 3339 3600; x_wconf 86' lang='grc' dir='ltr'><strong>κρίσιν</strong></span> <span class='ocrx_word' id='word_1_557' title='bbox 3376 3527 3594 3596; x_wconf 77' lang='grc' dir='ltr'><strong>ἔπρεπεν</strong></span> 
     </span>
    </p>
   </div>
   <div class='ocr_carea' id='block_1_72' title="bbox 379 3614 1947 3692">
    <p class='ocr_par' dir='ltr' id='par_1_72' title="bbox 379 3615 1947 3683">
     <span class='ocr_line' id='line_1_72' title="bbox 379 3615 1947 3683; baseline 0.001 -15"><span class='ocrx_word' id='word_1_558' title='bbox 379 3628 529 3679; x_wconf 88' lang='lat' dir='ltr'><strong>sunt,</strong></span> <span class='ocrx_word' id='word_1_559' title='bbox 562 3615 733 3670; x_wconf 88' lang='lat' dir='ltr'><strong>veluti</strong></span> <span class='ocrx_word' id='word_1_560' title='bbox 760 3615 1035 3670; x_wconf 80' lang='lat' dir='ltr'><strong>Mabomet</strong></span> <span class='ocrx_word' id='word_1_561' title='bbox 1069 3627 1312 3672; x_wconf 87' lang='lat' dir='ltr'><strong>enarrat.</strong></span> <span class='ocrx_word' id='word_1_562' title='bbox 1343 3617 1498 3683; x_wconf 87' lang='lat' dir='ltr'><strong>Quod</strong></span> <span class='ocrx_word' id='word_1_563' title='bbox 1524 3617 1669 3672; x_wconf 90' lang='lat' dir='ltr'><strong>idem</strong></span> <span class='ocrx_word' id='word_1_564' title='bbox 1704 3616 1771 3671; x_wconf 91' lang='lat' dir='ltr'><strong>dc</strong></span> <span class='ocrx_word' id='word_1_565' title='bbox 1808 3618 1947 3670; x_wconf 85' lang='lat' dir='ltr'><strong>mul-</strong></span> 
     </span>
    </p>
   </div>
   <div class='ocr_carea' id='block_1_73' title="bbox 2024 3614 3592 3692">
    <p class='ocr_par' dir='ltr' id='par_1_73' title="bbox 2052 3614 3592 3692">
     <span class='ocr_line' id='line_1_73' title="bbox 2052 3614 3592 3692; baseline 0 -24"><span class='ocrx_word' id='word_1_566' title='bbox 2052 3614 2140 3669; x_wconf 75' lang='grc' dir='ltr'><strong>ἵνα</strong></span> <span class='ocrx_word' id='word_1_567' title='bbox 2167 3615 2559 3688; x_wconf 83' lang='grc' dir='ltr'><strong>ἀναλογίσηται</strong></span> <span class='ocrx_word' id='word_1_568' title='bbox 2608 3621 2705 3673; x_wconf 75' lang='grc' dir='ltr'><strong>καὶ</strong></span> <span class='ocrx_word' id='word_1_569' title='bbox 2756 3620 2917 3690; x_wconf 81' lang='grc' dir='ltr'><strong>κρίνῃ</strong></span> <span class='ocrx_word' id='word_1_570' title='bbox 2942 3620 3037 3673; x_wconf 79' lang='grc' dir='ltr'><strong>καὶ</strong></span> <span class='ocrx_word' id='word_1_571' title='bbox 3073 3624 3206 3692; x_wconf 81' lang='grc' dir='ltr'><strong>περὶ</strong></span> <span class='ocrx_word' id='word_1_572' title='bbox 3246 3621 3351 3674; x_wconf 82' lang='grc' dir='ltr'><strong>τῶν</strong></span> <span class='ocrx_word' id='word_1_573' title='bbox 3384 3618 3592 3688; x_wconf 82' lang='grc' dir='ltr'><strong>ἀνδρῶν.</strong></span> 
     </span>
    </p>
   </div>
   <div class='ocr_carea' id='block_1_74' title="bbox 379 3705 1947 3782">
    <p class='ocr_par' dir='ltr' id='par_1_74' title="bbox 379 3705 1946 3765">
     <span class='ocr_line' id='line_1_74' title="bbox 379 3705 1946 3765; baseline 0.002 -8"><span class='ocrx_word' id='word_1_574' title='bbox 379 3705 449 3759; x_wconf 92' lang='lat' dir='ltr'><strong>tis</strong></span> <span class='ocrx_word' id='word_1_575' title='bbox 479 3706 798 3761; x_wconf 74' lang='lat' dir='ltr'><strong>mul‘eribus</strong></span> <span class='ocrx_word' id='word_1_576' title='bbox 849 3705 941 3760; x_wconf 92' lang='lat' dir='ltr'><strong>uni</strong></span> <span class='ocrx_word' id='word_1_577' title='bbox 978 3705 1097 3761; x_wconf 89' lang='lat' dir='ltr'><strong>viro</strong></span> <span class='ocrx_word' id='word_1_578' title='bbox 1143 3706 1287 3762; x_wconf 83' lang='lat' dir='ltr'><strong>datis</strong></span> <span class='ocrx_word' id='word_1_579' title='bbox 1330 3706 1676 3765; x_wconf 85' lang='lat' dir='ltr'><strong>sentiendum</strong></span> <span class='ocrx_word' id='word_1_580' title='bbox 1727 3717 1832 3762; x_wconf 86' lang='lat' dir='ltr'><strong>est.</strong></span> <span class='ocrx_word' id='word_1_581' title='bbox 1890 3706 1946 3763; x_wconf 92' lang='lat' dir='ltr'><strong>Si</strong></span> 
     </span>
    </p>
   </div>
   <div class='ocr_carea' id='block_1_75' title="bbox 2027 3705 3595 3782">
    <p class='ocr_par' dir='ltr' id='par_1_75' title="bbox 2054 3707 3595 3782">
     <span class='ocr_line' id='line_1_75' title="bbox 2054 3707 3595 3782; baseline -0.001 -23"><span class='ocrx_word' id='word_1_582' title='bbox 2054 3707 2173 3760; x_wconf 87' lang='grc' dir='ltr'><strong>Ἔτι</strong></span> <span class='ocrx_word' id='word_1_583' title='bbox 2207 3709 2255 3760; x_wconf 86' lang='grc' dir='ltr'><strong>οί</strong></span> <span class='ocrx_word' id='word_1_584' title='bbox 2310 3709 2495 3761; x_wconf 81' lang='grc' dir='ltr'><strong>πολλοὶ</strong></span> <span class='ocrx_word' id='word_1_585' title='bbox 2542 3710 2732 3781; x_wconf 76' lang='grc' dir='ltr'><strong>ἄνδρες</strong></span> <span class='ocrx_word' id='word_1_586' title='bbox 2778 3712 2827 3764; x_wconf 87' lang='grc' dir='ltr'><strong>οί</strong></span> <span class='ocrx_word' id='word_1_587' title='bbox 2873 3710 3226 3782; x_wconf 82' lang='grc' dir='ltr'><strong>δοθησόμενοι</strong></span> <span class='ocrx_word' id='word_1_588' title='bbox 3266 3712 3361 3782; x_wconf 78' lang='grc' dir='ltr'><strong>μιᾷ</strong></span> <span class='ocrx_word' id='word_1_589' title='bbox 3398 3709 3595 3779; x_wconf 80' lang='grc' dir='ltr'><strong>γυναικί</strong></span> 
     </span>
    </p>
   </div>
   <div class='ocr_carea' id='block_1_76' title="bbox 374 3795 1942 3871">
    <p class='ocr_par' dir='ltr' id='par_1_76' title="bbox 374 3795 1942 3862">
     <span class='ocr_line' id='line_1_76' title="bbox 374 3795 1942 3862; baseline 0.003 -13"><span class='ocrx_word' id='word_1_590' title='bbox 374 3797 526 3849; x_wconf 77' lang='lat' dir='ltr'><strong>enim</strong></span> <span class='ocrx_word' id='word_1_591' title='bbox 558 3796 693 3851; x_wconf 89' lang='lat' dir='ltr'><strong>viris</strong></span> <span class='ocrx_word' id='word_1_592' title='bbox 732 3796 931 3852; x_wconf 89' lang='lat' dir='ltr'><strong>dantur</strong></span> <span class='ocrx_word' id='word_1_593' title='bbox 959 3812 1060 3853; x_wconf 88' lang='lat' dir='ltr'><strong>ceu</strong></span> <span class='ocrx_word' id='word_1_594' title='bbox 1103 3795 1514 3854; x_wconf 88' lang='lat' dir='ltr'><strong>damnationem</strong></span> <span class='ocrx_word' id='word_1_595' title='bbox 1545 3798 1755 3853; x_wconf 64' lang='lat' dir='ltr'><strong>meritae</strong></span> <span class='ocrx_word' id='word_1_596' title='bbox 1779 3836 1795 3862; x_wconf 88' lang='lat'><strong>,</strong></span> <span class='ocrx_word' id='word_1_597' title='bbox 1849 3813 1942 3853; x_wconf 87' lang='lat' dir='ltr'><strong>cur</strong></span> 
     </span>
    </p>
   </div>
   <div class='ocr_carea' id='block_1_77' title="bbox 2028 3795 3596 3871">
    <p class='ocr_par' dir='ltr' id='par_1_77' title="bbox 2049 3795 3596 3871">
     <span class='ocr_line' id='line_1_77' title="bbox 2049 3795 3596 3871; baseline 0.001 -23"><span class='ocrx_word' id='word_1_598' title='bbox 2049 3795 2125 3859; x_wconf 85' lang='grc' dir='ltr'><strong>ὡς</strong></span> <span class='ocrx_word' id='word_1_599' title='bbox 2158 3797 2426 3868; x_wconf 84' lang='grc' dir='ltr'><strong>ἀποδοχῆς</strong></span> <span class='ocrx_word' id='word_1_600' title='bbox 2464 3799 2604 3863; x_wconf 78' lang='grc' dir='ltr'><strong>ἄξιοι</strong></span> <span class='ocrx_word' id='word_1_601' title='bbox 2656 3799 2910 3869; x_wconf 72' lang='grc' dir='ltr'><strong>μέλλουσι</strong></span> <span class='ocrx_word' id='word_1_602' title='bbox 2949 3801 3173 3871; x_wconf 83' lang='grc' dir='ltr'><strong>δοθῆναι</strong></span> <span class='ocrx_word' id='word_1_603' title='bbox 3234 3802 3321 3855; x_wconf 68' lang='grc' dir='ltr'><strong>διὰ</strong></span> <span class='ocrx_word' id='word_1_604' title='bbox 3349 3801 3407 3854; x_wconf 88' lang='grc' dir='ltr'><strong>τὸ</strong></span> <span class='ocrx_word' id='word_1_605' title='bbox 3437 3798 3596 3859; x_wconf 85' lang='grc' dir='ltr'><strong>καλῶς</strong></span> 
     </span>
    </p>
   </div>
   <div class='ocr_carea' id='block_1_78' title="bbox 376 3884 1944 3961">
    <p class='ocr_par' dir='ltr' id='par_1_78' title="bbox 376 3886 1944 3944">
     <span class='ocr_line' id='line_1_78' title="bbox 376 3886 1944 3944; baseline 0.002 -3"><span class='ocrx_word' id='word_1_606' title='bbox 376 3890 432 3942; x_wconf 91' lang='lat' dir='ltr'><strong>in</strong></span> <span class='ocrx_word' id='word_1_607' title='bbox 468 3888 686 3942; x_wconf 85' lang='lat' dir='ltr'><strong>easdem</strong></span> <span class='ocrx_word' id='word_1_608' title='bbox 724 3886 841 3942; x_wconf 72' lang='lat' dir='ltr'><strong>haec</strong></span> <span class='ocrx_word' id='word_1_609' title='bbox 889 3887 1247 3943; x_wconf 79' lang='lat' dir='ltr'><strong>conferuntur</strong></span> <span class='ocrx_word' id='word_1_610' title='bbox 1291 3887 1597 3943; x_wconf 82' lang='lat' dir='ltr'><strong>beneﬁcia?</strong></span> <span class='ocrx_word' id='word_1_611' title='bbox 1648 3889 1706 3943; x_wconf 91' lang='lat' dir='ltr'><strong>Si</strong></span> <span class='ocrx_word' id='word_1_612' title='bbox 1759 3897 1944 3944; x_wconf 87' lang='lat' dir='ltr'><strong>autem</strong></span> 
     </span>
    </p>
   </div>
   <div class='ocr_carea' id='block_1_79' title="bbox 2028 3884 3596 3961">
    <p class='ocr_par' dir='ltr' id='par_1_79' title="bbox 2049 3884 3596 3961">
     <span class='ocr_line' id='line_1_79' title="bbox 2049 3884 3596 3961; baseline 0.002 -25"><span class='ocrx_word' id='word_1_613' title='bbox 2049 3884 2245 3947; x_wconf 77' lang='grc' dir='ltr'><strong>αὐτοὺς</strong></span> <span class='ocrx_word' id='word_1_614' title='bbox 2284 3886 2682 3958; x_wconf 79' lang='grc' dir='ltr'><strong>πολιτευθῆναι,</strong></span> <span class='ocrx_word' id='word_1_615' title='bbox 2723 3890 2755 3957; x_wconf 79' lang='grc' dir='ltr'>ἢ</span> <span class='ocrx_word' id='word_1_616' title='bbox 2797 3888 2872 3951; x_wconf 86' lang='grc' dir='ltr'><strong>ὡς</strong></span> <span class='ocrx_word' id='word_1_617' title='bbox 2908 3890 3214 3961; x_wconf 78' lang='grc' dir='ltr'><strong>καταδίκης</strong></span> <span class='ocrx_word' id='word_1_618' title='bbox 3250 3908 3263 3922; x_wconf 79' lang='lat'><strong>-</strong></span> <span class='ocrx_word' id='word_1_619' title='bbox 3305 3889 3398 3944; x_wconf 81' lang='grc' dir='ltr'><strong>καὶ</strong></span> <span class='ocrx_word' id='word_1_620' title='bbox 3427 3892 3471 3941; x_wconf 79' lang='grc' dir='ltr'><strong>εἰ</strong></span> <span class='ocrx_word' id='word_1_621' title='bbox 3510 3889 3596 3957; x_wconf 79' lang='grc' dir='ltr'><strong>μὲν</strong></span> 
     </span>
    </p>
   </div>
   <div class='ocr_carea' id='block_1_80' title="bbox 376 3974 1944 4050">
    <p class='ocr_par' dir='ltr' id='par_1_80' title="bbox 376 3977 1944 4043">
     <span class='ocr_line' id='line_1_80' title="bbox 376 3977 1944 4043; baseline 0.002 -12"><span class='ocrx_word' id='word_1_622' title='bbox 376 3977 594 4031; x_wconf 83' lang='lat' dir='ltr'><strong>laudem</strong></span> <span class='ocrx_word' id='word_1_623' title='bbox 626 3986 965 4042; x_wconf 85' lang='lat' dir='ltr'><strong>meruerunt,</strong></span> <span class='ocrx_word' id='word_1_624' title='bbox 992 3992 1092 4031; x_wconf 91' lang='lat' dir='ltr'><strong>cur</strong></span> <span class='ocrx_word' id='word_1_625' title='bbox 1112 3979 1205 4032; x_wconf 91' lang='lat' dir='ltr'><strong>uni</strong></span> <span class='ocrx_word' id='word_1_626' title='bbox 1236 3978 1354 4032; x_wconf 87' lang='lat' dir='ltr'><strong>viro</strong></span> <span class='ocrx_word' id='word_1_627' title='bbox 1380 3978 1566 4043; x_wconf 73' lang='lat' dir='ltr'><strong>multae</strong></span> <span class='ocrx_word' id='word_1_628' title='bbox 1594 3977 1944 4034; x_wconf 76' lang='lat' dir='ltr'><strong>tribuuntur?</strong></span> 
     </span>
    </p>
   </div>
   <div class='ocr_carea' id='block_1_81' title="bbox 2028 3974 3596 4050">
    <p class='ocr_par' dir='ltr' id='par_1_81' title="bbox 2048 3974 3596 4050">
     <span class='ocr_line' id='line_1_81' title="bbox 2048 3974 3596 4050; baseline 0.003 -24"><span class='ocrx_word' id='word_1_629' title='bbox 2048 3974 2123 4037; x_wconf 82' lang='grc' dir='ltr'><strong>ὡς</strong></span> <span class='ocrx_word' id='word_1_630' title='bbox 2150 3974 2331 4038; x_wconf 86' lang='grc' dir='ltr'><strong>καλῶς</strong></span> <span class='ocrx_word' id='word_1_631' title='bbox 2378 3976 2574 4040; x_wconf 81' lang='grc' dir='ltr'><strong>αὐτοὺς</strong></span> <span class='ocrx_word' id='word_1_632' title='bbox 2622 3977 3139 4050; x_wconf 79' lang='grc' dir='ltr'><strong>πολιτευσαμένους,</strong></span> <span class='ocrx_word' id='word_1_633' title='bbox 3195 3980 3337 4034; x_wconf 88' lang='grc' dir='ltr'><strong>διατί</strong></span> <span class='ocrx_word' id='word_1_634' title='bbox 3380 3981 3473 4034; x_wconf 80' lang='grc' dir='ltr'><strong>οὐκ</strong></span> <span class='ocrx_word' id='word_1_635' title='bbox 3496 3978 3596 4032; x_wconf 79' lang='grc' dir='ltr'><strong>ἐδό-</strong></span> 
     </span>
    </p>
   </div>
   <div class='ocr_carea' id='block_1_82' title="bbox 382 4062 1950 4142">
    <p class='ocr_par' dir='ltr' id='par_1_82' title="bbox 382 4067 1948 4142">
     <span class='ocr_line' id='line_1_82' title="bbox 382 4067 1948 4142; baseline 0.004 -21"><span class='ocrx_word' id='word_1_636' title='bbox 382 4068 447 4122; x_wconf 76' lang='grc' dir='ltr'><strong>Ει</strong></span> <span class='ocrx_word' id='word_1_637' title='bbox 476 4070 734 4138; x_wconf 81' lang='lat' dir='ltr'><strong>quidnam</strong></span> <span class='ocrx_word' id='word_1_638' title='bbox 766 4068 870 4123; x_wconf 91' lang='lat' dir='ltr'><strong>hac</strong></span> <span class='ocrx_word' id='word_1_639' title='bbox 904 4067 1226 4124; x_wconf 78' lang='lat' dir='ltr'><strong>confusione</strong></span> <span class='ocrx_word' id='word_1_640' title='bbox 1254 4079 1337 4124; x_wconf 93' lang='lat' dir='ltr'><strong>est</strong></span> <span class='ocrx_word' id='word_1_641' title='bbox 1357 4068 1656 4125; x_wconf 64' lang='lat' dir='ltr'><strong>absurdius</strong></span> <span class='ocrx_word' id='word_1_642' title='bbox 1699 4080 1755 4126; x_wconf 91' lang='lat' dir='ltr'><strong>et</strong></span> <span class='ocrx_word' id='word_1_643' title='bbox 1778 4072 1948 4142; x_wconf 80' lang='lat' dir='ltr'><strong>magis</strong></span> 
     </span>
    </p>
   </div>
   <div class='ocr_carea' id='block_1_83' title="bbox 2026 4062 3594 4142">
    <p class='ocr_par' dir='ltr' id='par_1_83' title="bbox 2051 4062 3594 4141">
     <span class='ocr_line' id='line_1_83' title="bbox 2051 4062 3594 4141; baseline 0.002 -26"><span class='ocrx_word' id='word_1_644' title='bbox 2051 4062 2221 4133; x_wconf 83' lang='grc' dir='ltr'><strong>θησαν</strong></span> <span class='ocrx_word' id='word_1_645' title='bbox 2255 4064 2438 4128; x_wconf 84' lang='grc' dir='ltr'><strong>αὐτοῖς</strong></span> <span class='ocrx_word' id='word_1_646' title='bbox 2492 4066 2573 4119; x_wconf 76' lang='grc' dir='ltr'><strong>ἐνὶ</strong></span> <span class='ocrx_word' id='word_1_647' title='bbox 2619 4067 2835 4138; x_wconf 80' lang='grc' dir='ltr'><strong>ἑκάστῳ</strong></span> <span class='ocrx_word' id='word_1_648' title='bbox 2865 4072 3128 4137; x_wconf 80' lang='grc' dir='ltr'><strong>γυναῖκες</strong></span> <span class='ocrx_word' id='word_1_649' title='bbox 3156 4071 3349 4125; x_wconf 84' lang='grc' dir='ltr'><strong>πολλαὶ</strong></span> <span class='ocrx_word' id='word_1_650' title='bbox 3399 4070 3594 4141; x_wconf 59' lang='grc' dir='ltr'><strong>εύεργεέ</strong></span> 
     </span>
    </p>
   </div>
   <div class='ocr_carea' id='block_1_84' title="bbox 378 4156 1946 4232">
    <p class='ocr_par' dir='ltr' id='par_1_84' title="bbox 378 4156 1946 4227">
     <span class='ocr_line' id='line_1_84' title="bbox 378 4156 1946 4227; baseline 0.003 -17"><span class='ocrx_word' id='word_1_651' title='bbox 378 4158 661 4212; x_wconf 78' lang='lat' dir='ltr'><strong>deforme?</strong></span> <span class='ocrx_word' id='word_1_652' title='bbox 706 4156 934 4212; x_wconf 83' lang='lat' dir='ltr'><strong>Videsne</strong></span> <span class='ocrx_word' id='word_1_653' title='bbox 968 4157 1023 4211; x_wconf 90' lang='lat' dir='ltr'><strong>in</strong></span> <span class='ocrx_word' id='word_1_654' title='bbox 1060 4167 1192 4227; x_wconf 90' lang='lat' dir='ltr'><strong>quot</strong></span> <span class='ocrx_word' id='word_1_655' title='bbox 1223 4157 1461 4214; x_wconf 85' lang='lat' dir='ltr'><strong>absurda</strong></span> <span class='ocrx_word' id='word_1_656' title='bbox 1502 4159 1588 4214; x_wconf 86' lang='lat' dir='ltr'><strong>vel</strong></span> <span class='ocrx_word' id='word_1_657' title='bbox 1630 4160 1837 4216; x_wconf 88' lang='lat' dir='ltr'><strong>invitus</strong></span> <span class='ocrx_word' id='word_1_658' title='bbox 1866 4161 1946 4215; x_wconf 90' lang='lat' dir='ltr'><strong>in-</strong></span> 
     </span>
    </p>
   </div>
   <div class='ocr_carea' id='block_1_85' title="bbox 2031 4156 3599 4232">
    <p class='ocr_par' dir='ltr' id='par_1_85' title="bbox 2051 4156 3599 4232">
     <span class='ocr_line' id='line_1_85' title="bbox 2051 4156 3599 4232; baseline 0.003 -24"><span class='ocrx_word' id='word_1_659' title='bbox 2051 4156 2171 4218; x_wconf 86' lang='grc' dir='ltr'><strong>σίας</strong></span> <span class='ocrx_word' id='word_1_660' title='bbox 2201 4157 2360 4227; x_wconf 82' lang='grc' dir='ltr'><strong>χάριν</strong></span> <span class='ocrx_word' id='word_1_661' title='bbox 2388 4158 2482 4211; x_wconf 75' lang='grc' dir='ltr'><strong>καὶ</strong></span> <span class='ocrx_word' id='word_1_662' title='bbox 2502 4159 2866 4228; x_wconf 87' lang='grc' dir='ltr'><strong>ἀντιμισθίας,</strong></span> <span class='ocrx_word' id='word_1_663' title='bbox 2910 4161 2985 4224; x_wconf 82' lang='grc' dir='ltr'><strong>ὡς</strong></span> <span class='ocrx_word' id='word_1_664' title='bbox 3032 4163 3223 4232; x_wconf 69' lang='grc' dir='ltr'><strong>λέγετε</strong></span> <span class='ocrx_word' id='word_1_665' title='bbox 3247 4202 3262 4227; x_wconf 90' lang='grc'><strong>,</strong></span> <span class='ocrx_word' id='word_1_666' title='bbox 3296 4162 3429 4216; x_wconf 86' lang='grc' dir='ltr'><strong>ἀλλὰ</strong></span> <span class='ocrx_word' id='word_1_667' title='bbox 3482 4160 3599 4231; x_wconf 78' lang='grc' dir='ltr'><strong>μᾶλ-</strong></span> 
     </span>
    </p>
   </div>
   <div class='ocr_carea' id='block_1_86' title="bbox 376 4246 1944 4322">
    <p class='ocr_par' dir='ltr' id='par_1_86' title="bbox 376 4248 1944 4317">
     <span class='ocr_line' id='line_1_86' title="bbox 376 4248 1944 4317; baseline 0.003 -16"><span class='ocrx_word' id='word_1_668' title='bbox 376 4249 533 4311; x_wconf 84' lang='lat' dir='ltr'><strong>eidit.</strong></span> <span class='ocrx_word' id='word_1_669' title='bbox 560 4249 652 4317; x_wconf 90' lang='lat' dir='ltr'><strong>qui</strong></span> <span class='ocrx_word' id='word_1_670' title='bbox 678 4264 708 4303; x_wconf 90' lang='lat' dir='ltr'><strong>a</strong></span> <span class='ocrx_word' id='word_1_671' title='bbox 728 4248 813 4302; x_wconf 86' lang='lat' dir='ltr'><strong>via</strong></span> <span class='ocrx_word' id='word_1_672' title='bbox 837 4264 967 4302; x_wconf 85' lang='lat' dir='ltr'><strong>vera</strong></span> <span class='ocrx_word' id='word_1_673' title='bbox 991 4248 1308 4304; x_wconf 84' lang='lat' dir='ltr'><strong>aberravit?</strong></span> <span class='ocrx_word' id='word_1_674' title='bbox 1340 4248 1446 4303; x_wconf 91' lang='lat' dir='ltr'><strong>Sed</strong></span> <span class='ocrx_word' id='word_1_675' title='bbox 1482 4248 1705 4305; x_wconf 89' lang='lat' dir='ltr'><strong>minime</strong></span> <span class='ocrx_word' id='word_1_676' title='bbox 1734 4252 1850 4306; x_wconf 71' lang='lat' dir='ltr'><strong>haec</strong></span> <span class='ocrx_word' id='word_1_677' title='bbox 1875 4251 1944 4306; x_wconf 88' lang='lat' dir='ltr'><strong>ita</strong></span> 
     </span>
    </p>
   </div>
   <div class='ocr_carea' id='block_1_87' title="bbox 2030 4246 3598 4322">
    <p class='ocr_par' dir='ltr' id='par_1_87' title="bbox 2048 4246 3598 4322">
     <span class='ocr_line' id='line_1_87' title="bbox 2048 4246 3598 4322; baseline 0.003 -24"><span class='ocrx_word' id='word_1_678' title='bbox 2048 4246 2139 4299; x_wconf 72' lang='grc' dir='ltr'><strong>λον</strong></span> <span class='ocrx_word' id='word_1_679' title='bbox 2177 4250 2289 4310; x_wconf 87' lang='grc' dir='ltr'><strong>τοῖς</strong></span> <span class='ocrx_word' id='word_1_680' title='bbox 2318 4247 2531 4311; x_wconf 85' lang='grc' dir='ltr'><strong>πολλοῖς</strong></span> <span class='ocrx_word' id='word_1_681' title='bbox 2555 4250 2780 4318; x_wconf 85' lang='grc' dir='ltr'><strong>ἀνδράσι</strong></span> <span class='ocrx_word' id='word_1_682' title='bbox 2815 4250 2955 4322; x_wconf 79' lang='grc' dir='ltr'><strong>γυνὴ</strong></span> <span class='ocrx_word' id='word_1_683' title='bbox 3004 4254 3139 4322; x_wconf 62' lang='lat' dir='ltr'><strong>pia;</strong></span> <span class='ocrx_word' id='word_1_684' title='bbox 3180 4254 3245 4307; x_wconf 85' lang='grc' dir='ltr'><strong>Εί</strong></span> <span class='ocrx_word' id='word_1_685' title='bbox 3277 4254 3324 4307; x_wconf 84' lang='grc' dir='ltr'><strong>δ’</strong></span> <span class='ocrx_word' id='word_1_686' title='bbox 3348 4253 3422 4317; x_wconf 85' lang='grc' dir='ltr'><strong>ὡς</strong></span> <span class='ocrx_word' id='word_1_687' title='bbox 3450 4266 3598 4304; x_wconf 85' lang='grc' dir='ltr'><strong>κατα-</strong></span> 
     </span>
    </p>
   </div>
   <div class='ocr_carea' id='block_1_88' title="bbox 378 4337 1946 4414">
    <p class='ocr_par' dir='ltr' id='par_1_88' title="bbox 378 4339 1946 4409">
     <span class='ocr_line' id='line_1_88' title="bbox 378 4339 1946 4409; baseline 0.003 -16"><span class='ocrx_word' id='word_1_688' title='bbox 378 4349 539 4404; x_wconf 78' lang='lat' dir='ltr'><strong>sunt;</strong></span> <span class='ocrx_word' id='word_1_689' title='bbox 568 4356 673 4393; x_wconf 85' lang='lat' dir='ltr'><strong>non</strong></span> <span class='ocrx_word' id='word_1_690' title='bbox 710 4348 864 4403; x_wconf 92' lang='lat' dir='ltr'><strong>sunt,</strong></span> <span class='ocrx_word' id='word_1_691' title='bbox 896 4340 1152 4409; x_wconf 89' lang='lat' dir='ltr'><strong>inquam,</strong></span> <span class='ocrx_word' id='word_1_692' title='bbox 1182 4341 1317 4394; x_wconf 73' lang='lat' dir='ltr'><strong>hac.</strong></span> <span class='ocrx_word' id='word_1_693' title='bbox 1372 4339 1504 4406; x_wconf 77' lang='lat' dir='ltr'><strong>Qua:</strong></span> <span class='ocrx_word' id='word_1_694' title='bbox 1553 4342 1700 4397; x_wconf 91' lang='lat' dir='ltr'><strong>enim</strong></span> <span class='ocrx_word' id='word_1_695' title='bbox 1743 4343 1946 4397; x_wconf 88' lang='lat' dir='ltr'><strong>sanctis</strong></span> 
     </span>
    </p>
   </div>
   <div class='ocr_carea' id='block_1_89' title="bbox 2032 4337 3600 4414">
    <p class='ocr_par' dir='ltr' id='par_1_89' title="bbox 2052 4337 3600 4414">
     <span class='ocr_line' id='line_1_89' title="bbox 2052 4337 3600 4414; baseline 0.008 -25"><span class='ocrx_word' id='word_1_696' title='bbox 2052 4338 2283 4406; x_wconf 78' lang='grc' dir='ltr'><strong>κρίτοις,</strong></span> <span class='ocrx_word' id='word_1_697' title='bbox 2321 4339 2415 4392; x_wconf 82' lang='grc' dir='ltr'><strong>καὶ</strong></span> <span class='ocrx_word' id='word_1_698' title='bbox 2470 4337 2578 4409; x_wconf 84' lang='grc' dir='ltr'><strong>μὴν</strong></span> <span class='ocrx_word' id='word_1_699' title='bbox 2610 4342 2662 4393; x_wconf 83' lang='grc' dir='ltr'>αί</span> <span class='ocrx_word' id='word_1_700' title='bbox 2710 4342 2957 4394; x_wconf 83' lang='grc' dir='ltr'><strong>τοιαῦται</strong></span> <span class='ocrx_word' id='word_1_701' title='bbox 3006 4344 3322 4414; x_wconf 79' lang='grc' dir='ltr'><strong>εὐεργεσίαι</strong></span> <span class='ocrx_word' id='word_1_702' title='bbox 3355 4343 3600 4410; x_wconf 75' lang='grc' dir='ltr'><strong>ἀποδοχῆς</strong></span> 
     </span>
    </p>
   </div>
   <div class='ocr_carea' id='block_1_90' title="bbox 375 4427 1943 4513">
    <p class='ocr_par' dir='ltr' id='par_1_90' title="bbox 375 4427 1943 4503">
     <span class='ocr_line' id='line_1_90' title="bbox 375 4427 1943 4503; baseline 0.003 -20"><span class='ocrx_word' id='word_1_703' title='bbox 375 4432 674 4485; x_wconf 76' lang='lat' dir='ltr'><strong>exsolvitur</strong></span> <span class='ocrx_word' id='word_1_704' title='bbox 698 4432 1010 4497; x_wconf 89' lang='lat' dir='ltr'><strong>retributio,</strong></span> <span class='ocrx_word' id='word_1_705' title='bbox 1036 4447 1143 4486; x_wconf 92' lang='lat' dir='ltr'><strong>non</strong></span> <span class='ocrx_word' id='word_1_706' title='bbox 1170 4432 1226 4486; x_wconf 92' lang='lat' dir='ltr'><strong>in</strong></span> <span class='ocrx_word' id='word_1_707' title='bbox 1254 4427 1468 4489; x_wconf 84' lang='lat' dir='ltr'><strong>deliciis</strong></span> <span class='ocrx_word' id='word_1_708' title='bbox 1490 4442 1763 4499; x_wconf 87' lang='lat' dir='ltr'><strong>versatur,</strong></span> <span class='ocrx_word' id='word_1_709' title='bbox 1794 4442 1943 4503; x_wconf 85' lang='lat' dir='ltr'><strong>pota-</strong></span> 
     </span>
    </p>
   </div>
   <div class='ocr_carea' id='block_1_91' title="bbox 2029 4427 3597 4513">
    <p class='ocr_par' dir='ltr' id='par_1_91' title="bbox 2052 4427 3597 4501">
     <span class='ocr_line' id='line_1_91' title="bbox 2052 4427 3597 4501; baseline 0.003 -22"><span class='ocrx_word' id='word_1_710' title='bbox 2052 4427 2145 4479; x_wconf 74' lang='grc' dir='ltr'><strong>καὶ</strong></span> <span class='ocrx_word' id='word_1_711' title='bbox 2176 4428 2390 4497; x_wconf 79' lang='grc' dir='ltr'><strong>ἀγαθῆς</strong></span> <span class='ocrx_word' id='word_1_712' title='bbox 2423 4430 2771 4498; x_wconf 86' lang='grc' dir='ltr'><strong>ἀντιμισθίας</strong></span> <span class='ocrx_word' id='word_1_713' title='bbox 2805 4430 3018 4501; x_wconf 83' lang='grc' dir='ltr'><strong>δόματά</strong></span> <span class='ocrx_word' id='word_1_714' title='bbox 3055 4436 3217 4500; x_wconf 81' lang='grc' dir='ltr'><strong>εἰσιν,</strong></span> <span class='ocrx_word' id='word_1_715' title='bbox 3249 4436 3325 4499; x_wconf 85' lang='grc' dir='ltr'><strong>ὡς</strong></span> <span class='ocrx_word' id='word_1_716' title='bbox 3380 4438 3408 4488; x_wconf 87' lang='grc' dir='ltr'><strong>ό</strong></span> <span class='ocrx_word' id='word_1_717' title='bbox 3450 4432 3597 4488; x_wconf 68' lang='lat' dir='ltr'><strong>Muti-</strong></span> 
     </span>
    </p>
   </div>
   <div class='ocr_carea' id='block_1_92' title="bbox 380 4520 1948 4594">
    <p class='ocr_par' dir='ltr' id='par_1_92' title="bbox 380 4521 1948 4594">
     <span class='ocr_line' id='line_1_92' title="bbox 380 4521 1948 4594; baseline 0.006 -21"><span class='ocrx_word' id='word_1_718' title='bbox 380 4521 643 4585; x_wconf 90' lang='lat' dir='ltr'><strong>tionihus,</strong></span> <span class='ocrx_word' id='word_1_719' title='bbox 685 4523 891 4578; x_wconf 88' lang='lat' dir='ltr'><strong>balneis</strong></span> <span class='ocrx_word' id='word_1_720' title='bbox 938 4532 991 4578; x_wconf 86' lang='lat' dir='ltr'><strong>ct</strong></span> <span class='ocrx_word' id='word_1_721' title='bbox 1022 4522 1380 4589; x_wconf 90' lang='lat' dir='ltr'><strong>mulieribus,</strong></span> <span class='ocrx_word' id='word_1_722' title='bbox 1442 4539 1565 4593; x_wconf 70' lang='lat' dir='ltr'><strong>qua:</strong></span> <span class='ocrx_word' id='word_1_723' title='bbox 1603 4525 1786 4579; x_wconf 88' lang='lat' dir='ltr'><strong>omnia</strong></span> <span class='ocrx_word' id='word_1_724' title='bbox 1822 4541 1948 4594; x_wconf 85' lang='lat' dir='ltr'><strong>pec-</strong></span> 
     </span>
    </p>
   </div>
   <div class='ocr_carea' id='block_1_93' title="bbox 2029 4520 3597 4594">
    <p class='ocr_par' dir='ltr' id='par_1_93' title="bbox 2054 4520 3597 4593">
     <span class='ocr_line' id='line_1_93' title="bbox 2054 4520 3597 4593; baseline 0.002 -22"><span class='ocrx_word' id='word_1_725' title='bbox 2054 4520 2153 4589; x_wconf 63' lang='lat' dir='ltr'><strong>p.50</strong></span> <span class='ocrx_word' id='word_1_726' title='bbox 2184 4520 2515 4589; x_wconf 79' lang='grc' dir='ltr'><strong>διαγορεύει.</strong></span> <span class='ocrx_word' id='word_1_727' title='bbox 2548 4522 2621 4575; x_wconf 87' lang='grc' dir='ltr'><strong>Τὸ</strong></span> <span class='ocrx_word' id='word_1_728' title='bbox 2656 4522 2793 4575; x_wconf 81' lang='grc' dir='ltr'><strong>αύτδ</strong></span> <span class='ocrx_word' id='word_1_729' title='bbox 2828 4524 2922 4578; x_wconf 79' lang='grc' dir='ltr'><strong>καὶ</strong></span> <span class='ocrx_word' id='word_1_730' title='bbox 2950 4526 3041 4577; x_wconf 68' lang='grc' dir='ltr'><strong>ἐπὶ</strong></span> <span class='ocrx_word' id='word_1_731' title='bbox 3068 4524 3181 4580; x_wconf 80' lang='grc' dir='ltr'><strong>τῶν</strong></span> <span class='ocrx_word' id='word_1_732' title='bbox 3206 4526 3414 4582; x_wconf 87' lang='grc' dir='ltr'><strong>πολλῶν</strong></span> <span class='ocrx_word' id='word_1_733' title='bbox 3436 4539 3597 4593; x_wconf 89' lang='grc' dir='ltr'><strong>γυναι-</strong></span> 
     </span>
    </p>
   </div>
   <div class='ocr_carea' id='block_1_94' title="bbox 378 4610 1946 4687">
    <p class='ocr_par' dir='ltr' id='par_1_94' title="bbox 378 4611 1946 4677">
     <span class='ocr_line' id='line_1_94' title="bbox 378 4611 1946 4677; baseline 0.003 -14"><span class='ocrx_word' id='word_1_734' title='bbox 378 4611 485 4665; x_wconf 81' lang='lat' dir='ltr'><strong>cati</strong></span> <span class='ocrx_word' id='word_1_735' title='bbox 518 4622 570 4665; x_wconf 88' lang='lat' dir='ltr'><strong>ct</strong></span> <span class='ocrx_word' id='word_1_736' title='bbox 605 4614 697 4665; x_wconf 70' lang='lat' dir='ltr'><strong>ira:</strong></span> <span class='ocrx_word' id='word_1_737' title='bbox 729 4612 942 4666; x_wconf 81' lang='lat' dir='ltr'><strong>fructus</strong></span> <span class='ocrx_word' id='word_1_738' title='bbox 981 4621 1130 4673; x_wconf 85' lang='lat' dir='ltr'><strong>sunt,</strong></span> <span class='ocrx_word' id='word_1_739' title='bbox 1166 4621 1225 4665; x_wconf 92' lang='lat' dir='ltr'><strong>ut</strong></span> <span class='ocrx_word' id='word_1_740' title='bbox 1255 4611 1463 4666; x_wconf 91' lang='lat' dir='ltr'><strong>dictum</strong></span> <span class='ocrx_word' id='word_1_741' title='bbox 1493 4620 1615 4677; x_wconf 90' lang='lat' dir='ltr'><strong>est;</strong></span> <span class='ocrx_word' id='word_1_742' title='bbox 1646 4628 1836 4668; x_wconf 88' lang='lat' dir='ltr'><strong>verum</strong></span> <span class='ocrx_word' id='word_1_743' title='bbox 1866 4630 1946 4669; x_wconf 88' lang='lat' dir='ltr'><strong>re-</strong></span> 
     </span>
    </p>
   </div>
   <div class='ocr_carea' id='block_1_95' title="bbox 2030 4610 3598 4687">
    <p class='ocr_par' dir='ltr' id='par_1_95' title="bbox 2052 4610 3598 4687">
     <span class='ocr_line' id='line_1_95' title="bbox 2052 4610 3598 4687; baseline 0.008 -26"><span class='ocrx_word' id='word_1_744' title='bbox 2052 4610 2163 4664; x_wconf 85' lang='grc' dir='ltr'><strong>κῶν</strong></span> <span class='ocrx_word' id='word_1_745' title='bbox 2186 4611 2294 4663; x_wconf 83' lang='grc' dir='ltr'><strong>τῶν</strong></span> <span class='ocrx_word' id='word_1_746' title='bbox 2317 4610 2691 4682; x_wconf 83' lang='grc' dir='ltr'><strong>δοθησομένων</strong></span> <span class='ocrx_word' id='word_1_747' title='bbox 2716 4614 2797 4667; x_wconf 71' lang='grc' dir='ltr'><strong>ἑνὶ</strong></span> <span class='ocrx_word' id='word_1_748' title='bbox 2816 4614 2972 4686; x_wconf 78' lang='grc' dir='ltr'><strong>ἀνδρί</strong></span> <span class='ocrx_word' id='word_1_749' title='bbox 2992 4632 3005 4646; x_wconf 89' lang='grc'><strong>·</strong></span> <span class='ocrx_word' id='word_1_750' title='bbox 3033 4619 3081 4670; x_wconf 86' lang='grc' dir='ltr'><strong>εί</strong></span> <span class='ocrx_word' id='word_1_751' title='bbox 3110 4618 3212 4687; x_wconf 75' lang='grc' dir='ltr'><strong>μὲν</strong></span> <span class='ocrx_word' id='word_1_752' title='bbox 3234 4617 3311 4683; x_wconf 83' lang='grc' dir='ltr'><strong>ὡς</strong></span> <span class='ocrx_word' id='word_1_753' title='bbox 3328 4618 3598 4681; x_wconf 81' lang='grc' dir='ltr'><strong>καταδίκης</strong></span> 
     </span>
    </p>
   </div>
   <div class='ocr_carea' id='block_1_96' title="bbox 385 4700 1953 4783">
    <p class='ocr_par' dir='ltr' id='par_1_96' title="bbox 385 4700 1943 4771">
     <span class='ocr_line' id='line_1_96' title="bbox 385 4700 1943 4771; baseline 0.002 -18"><span class='ocrx_word' id='word_1_754' title='bbox 385 4701 608 4755; x_wconf 84' lang='lat' dir='ltr'><strong>tributio</strong></span> <span class='ocrx_word' id='word_1_755' title='bbox 641 4701 757 4756; x_wconf 72' lang='lat' dir='ltr'><strong>hmc</strong></span> <span class='ocrx_word' id='word_1_756' title='bbox 781 4700 1046 4757; x_wconf 84' lang='lat' dir='ltr'><strong>sanctitas</strong></span> <span class='ocrx_word' id='word_1_757' title='bbox 1072 4710 1174 4767; x_wconf 89' lang='lat' dir='ltr'><strong>est,</strong></span> <span class='ocrx_word' id='word_1_758' title='bbox 1207 4701 1416 4771; x_wconf 88' lang='lat' dir='ltr'><strong>puritas</strong></span> <span class='ocrx_word' id='word_1_759' title='bbox 1438 4710 1492 4755; x_wconf 90' lang='lat' dir='ltr'><strong>et</strong></span> <span class='ocrx_word' id='word_1_760' title='bbox 1520 4701 1629 4755; x_wconf 87' lang='lat' dir='ltr'><strong>vita</strong></span> <span class='ocrx_word' id='word_1_761' title='bbox 1680 4702 1943 4771; x_wconf 83' lang='lat' dir='ltr'><strong>angelica,</strong></span> 
     </span>
    </p>
   </div>
   <div class='ocr_carea' id='block_1_97' title="bbox 2026 4700 3594 4783">
    <p class='ocr_par' dir='ltr' id='par_1_97' title="bbox 2055 4700 3594 4783">
     <span class='ocr_line' id='line_1_97' title="bbox 2055 4700 3594 4783; baseline 0.001 -26"><span class='ocrx_word' id='word_1_762' title='bbox 2055 4703 2224 4770; x_wconf 79' lang='grc' dir='ltr'><strong>ἄξιαι,</strong></span> <span class='ocrx_word' id='word_1_763' title='bbox 2278 4700 2405 4767; x_wconf 81' lang='grc' dir='ltr'><strong>’πῶς</strong></span> <span class='ocrx_word' id='word_1_764' title='bbox 2451 4706 2686 4759; x_wconf 86' lang='grc' dir='ltr'><strong>δίδονται</strong></span> <span class='ocrx_word' id='word_1_765' title='bbox 2738 4708 2875 4777; x_wconf 78' lang='grc' dir='ltr'><strong>πρὸς</strong></span> <span class='ocrx_word' id='word_1_766' title='bbox 2923 4711 3098 4775; x_wconf 80' lang='grc' dir='ltr'><strong>αὐτὰς</strong></span> <span class='ocrx_word' id='word_1_767' title='bbox 3158 4714 3502 4783; x_wconf 74' lang='grc' dir='ltr'><strong>εὐεργεσίαις</strong></span> <span class='ocrx_word' id='word_1_768' title='bbox 3554 4709 3594 4759; x_wconf 90' lang='grc' dir='ltr'><strong>εί</strong></span> 
     </span>
    </p>
   </div>
   <div class='ocr_carea' id='block_1_98' title="bbox 377 4792 1945 4865">
    <p class='ocr_par' dir='ltr' id='par_1_98' title="bbox 377 4792 1945 4862">
     <span class='ocr_line' id='line_1_98' title="bbox 377 4792 1945 4862; baseline 0.001 -17"><span class='ocrx_word' id='word_1_769' title='bbox 377 4792 631 4861; x_wconf 78' lang='lat' dir='ltr'><strong>gaudium</strong></span> <span class='ocrx_word' id='word_1_770' title='bbox 652 4801 704 4846; x_wconf 88' lang='lat' dir='ltr'><strong>et</strong></span> <span class='ocrx_word' id='word_1_771' title='bbox 720 4792 991 4859; x_wconf 89' lang='lat' dir='ltr'><strong>hilaritas,</strong></span> <span class='ocrx_word' id='word_1_772' title='bbox 1008 4802 1063 4847; x_wconf 92' lang='lat' dir='ltr'><strong>et</strong></span> <span class='ocrx_word' id='word_1_773' title='bbox 1078 4792 1422 4857; x_wconf 71' lang='lat' dir='ltr'><strong>exsultatio,t</strong></span> <span class='ocrx_word' id='word_1_774' title='bbox 1447 4807 1610 4862; x_wconf 86' lang='lat' dir='ltr'><strong>quam</strong></span> <span class='ocrx_word' id='word_1_775' title='bbox 1626 4792 1818 4849; x_wconf 89' lang='lat' dir='ltr'><strong>oculus</strong></span> <span class='ocrx_word' id='word_1_776' title='bbox 1835 4808 1945 4848; x_wconf 92' lang='lat' dir='ltr'><strong>non</strong></span> 
     </span>
    </p>
   </div>
   <div class='ocr_carea' id='block_1_99' title="bbox 2031 4792 3599 4865">
    <p class='ocr_par' dir='ltr' id='par_1_99' title="bbox 2051 4794 3599 4865">
     <span class='ocr_line' id='line_1_99' title="bbox 2051 4794 3599 4865; baseline 0.005 -19"><span class='ocrx_word' id='word_1_777' title='bbox 2051 4794 2096 4847; x_wconf 76' lang='grc' dir='ltr'><strong>δ’</strong></span> <span class='ocrx_word' id='word_1_778' title='bbox 2126 4794 2394 4865; x_wconf 73' lang='grc' dir='ltr'><strong>ἀποδοχῆς</strong></span> <span class='ocrx_word' id='word_1_779' title='bbox 2454 4796 2639 4865; x_wconf 78' lang='grc' dir='ltr'><strong>ἄξιαι,</strong></span> <span class='ocrx_word' id='word_1_780' title='bbox 2686 4799 2829 4854; x_wconf 80' lang='grc' dir='ltr'><strong>διατί</strong></span> <span class='ocrx_word' id='word_1_781' title='bbox 2892 4801 3123 4858; x_wconf 76' lang='grc' dir='ltr'><strong>δίδονται</strong></span> <span class='ocrx_word' id='word_1_782' title='bbox 3181 4807 3239 4859; x_wconf 89' lang='grc' dir='ltr'>αί</span> <span class='ocrx_word' id='word_1_783' title='bbox 3297 4803 3483 4858; x_wconf 80' lang='grc' dir='ltr'><strong>πολλαὶ</strong></span> <span class='ocrx_word' id='word_1_784' title='bbox 3531 4800 3599 4852; x_wconf 78' lang='grc' dir='ltr'><strong>ἑνὶ</strong></span> 
     </span>
    </p>
   </div>
   <div class='ocr_carea' id='block_1_100' title="bbox 380 4880 1948 4965">
    <p class='ocr_par' dir='ltr' id='par_1_100' title="bbox 380 4880 1947 4951">
     <span class='ocr_line' id='line_1_100' title="bbox 380 4880 1947 4951; baseline 0.003 -18"><span class='ocrx_word' id='word_1_785' title='bbox 380 4880 533 4947; x_wconf 82' lang='lat' dir='ltr'><strong>vidit,</strong></span> <span class='ocrx_word' id='word_1_786' title='bbox 554 4890 609 4935; x_wconf 89' lang='lat' dir='ltr'><strong>et</strong></span> <span class='ocrx_word' id='word_1_787' title='bbox 623 4882 772 4936; x_wconf 88' lang='lat' dir='ltr'><strong>auris</strong></span> <span class='ocrx_word' id='word_1_788' title='bbox 789 4897 897 4935; x_wconf 92' lang='lat' dir='ltr'><strong>non</strong></span> <span class='ocrx_word' id='word_1_789' title='bbox 913 4882 1143 4946; x_wconf 85' lang='lat' dir='ltr'><strong>audivit,</strong></span> <span class='ocrx_word' id='word_1_790' title='bbox 1164 4898 1266 4937; x_wconf 88' lang='lat' dir='ltr'><strong>nec</strong></span> <span class='ocrx_word' id='word_1_791' title='bbox 1283 4882 1337 4936; x_wconf 91' lang='lat' dir='ltr'><strong>in</strong></span> <span class='ocrx_word' id='word_1_792' title='bbox 1350 4897 1443 4937; x_wconf 91' lang='lat' dir='ltr'><strong>cor</strong></span> <span class='ocrx_word' id='word_1_793' title='bbox 1458 4882 1697 4938; x_wconf 87' lang='lat' dir='ltr'><strong>hominis</strong></span> <span class='ocrx_word' id='word_1_794' title='bbox 1710 4898 1947 4951; x_wconf 86' lang='lat' dir='ltr'><strong>unquam</strong></span> 
     </span>
    </p>
   </div>
   <div class='ocr_carea' id='block_1_101' title="bbox 2032 4880 3600 4965">
    <p class='ocr_par' dir='ltr' id='par_1_101' title="bbox 2050 4883 3600 4965">
     <span class='ocr_line' id='line_1_101' title="bbox 2050 4883 3600 4965; baseline 0.006 -28"><span class='ocrx_word' id='word_1_795' title='bbox 2050 4883 2242 4954; x_wconf 72' lang='grc' dir='ltr'><strong>ἀνδρες</strong></span> <span class='ocrx_word' id='word_1_796' title='bbox 2276 4887 2386 4941; x_wconf 70' lang='grc' dir='ltr'><strong>Καὶ</strong></span> <span class='ocrx_word' id='word_1_797' title='bbox 2412 4888 2464 4940; x_wconf 89' lang='grc' dir='ltr'><strong>τί</strong></span> <span class='ocrx_word' id='word_1_798' title='bbox 2513 4889 2610 4958; x_wconf 89' lang='grc' dir='ltr'><strong>τῆς</strong></span> <span class='ocrx_word' id='word_1_799' title='bbox 2642 4891 2901 4963; x_wconf 87' lang='grc' dir='ltr'><strong>τοιαύτης</strong></span> <span class='ocrx_word' id='word_1_800' title='bbox 2931 4895 3247 4965; x_wconf 85' lang='grc' dir='ltr'><strong>συγχύσεως</strong></span> <span class='ocrx_word' id='word_1_801' title='bbox 3282 4892 3600 4961; x_wconf 76' lang='grc' dir='ltr'><strong>ἀτοπώτερόν</strong></span> 
     </span>
    </p>
   </div>
   <div class='ocr_carea' id='block_1_102' title="bbox 374 4962 1942 5058">
    <p class='ocr_par' dir='ltr' id='par_1_102' title="bbox 374 4962 1942 5044">
     <span class='ocr_line' id='line_1_102' title="bbox 374 4962 1942 5044; baseline 0.004 -23"><span class='ocrx_word' id='word_1_802' title='bbox 374 4962 705 5026; x_wconf 75' lang='lat' dir='ltr'><strong>ascendit&quot;.</strong></span> <span class='ocrx_word' id='word_1_803' title='bbox 738 4990 756 5023; x_wconf 83' lang='grc'>›</span> <span class='ocrx_word' id='word_1_804' title='bbox 793 4972 957 5029; x_wconf 83' lang='lat' dir='ltr'><strong>Vides</strong></span> <span class='ocrx_word' id='word_1_805' title='bbox 995 4973 1182 5043; x_wconf 89' lang='lat' dir='ltr'><strong>itaque</strong></span> <span class='ocrx_word' id='word_1_806' title='bbox 1210 4972 1452 5027; x_wconf 77' lang='lat' dir='ltr'><strong>fructum</strong></span> <span class='ocrx_word' id='word_1_807' title='bbox 1484 4972 1782 5044; x_wconf 75' lang='lat' dir='ltr'><strong>legislatori</strong></span> <span class='ocrx_word' id='word_1_808' title='bbox 1817 4973 1942 5028; x_wconf 88' lang='lat' dir='ltr'><strong>huic</strong></span> 
     </span>
    </p>
   </div>
   <div class='ocr_carea' id='block_1_103' title="bbox 2028 4962 3596 5058">
    <p class='ocr_par' dir='ltr' id='par_1_103' title="bbox 2053 4962 3596 5058">
     <span class='ocr_line' id='line_1_103' title="bbox 2053 4962 3596 5058; baseline 0.012 -34"><span class='ocrx_word' id='word_1_809' title='bbox 2053 4989 2109 5024; x_wconf 78' lang='grc' dir='ltr'><strong>τε</strong></span> <span class='ocrx_word' id='word_1_810' title='bbox 2145 4974 2241 5027; x_wconf 78' lang='grc' dir='ltr'><strong>καὶ</strong></span> <span class='ocrx_word' id='word_1_811' title='bbox 2267 4976 2632 5049; x_wconf 78' lang='grc' dir='ltr'><strong>ἀηδέστερονς</strong></span> <span class='ocrx_word' id='word_1_812' title='bbox 2663 4962 2888 5046; x_wconf 81' lang='grc' dir='ltr'><strong>Βλέπεις</strong></span> <span class='ocrx_word' id='word_1_813' title='bbox 3110 4985 3487 5058; x_wconf 79' lang='grc' dir='ltr'><strong>παρατραπεὶς</strong></span> <span class='ocrx_word' id='word_1_814' title='bbox 3509 4982 3596 5049; x_wconf 80' lang='grc' dir='ltr'><strong>τῆς</strong></span> 
     </span>
    </p>
   </div>
   <div class='ocr_carea' id='block_1_104' title="bbox 344 5062 1912 5147">
    <p class='ocr_par' dir='ltr' id='par_1_104' title="bbox 344 5062 1906 5135">
     <span class='ocr_line' id='line_1_104' title="bbox 344 5062 1906 5135; baseline 0.004 -23"><span class='ocrx_word' id='word_1_815' title='bbox 344 5124 357 5131; x_wconf 26' lang='grc' dir='ltr'><strong><em>ί</em></strong></span> <span class='ocrx_word' id='word_1_816' title='bbox 372 5077 438 5113; x_wconf 81' lang='lat' dir='ltr'><strong>ex</strong></span> <span class='ocrx_word' id='word_1_817' title='bbox 460 5076 555 5114; x_wconf 85' lang='lat' dir='ltr'><strong>sua</strong></span> <span class='ocrx_word' id='word_1_818' title='bbox 578 5063 693 5131; x_wconf 77' lang='lat' dir='ltr'><strong>lege</strong></span> <span class='ocrx_word' id='word_1_819' title='bbox 714 5063 1509 5135; x_wconf 78' lang='lat' dir='ltr'><strong>provenientem.Cognoscitur</strong></span> <span class='ocrx_word' id='word_1_820' title='bbox 1522 5073 1703 5119; x_wconf 88' lang='lat' dir='ltr'><strong>autem</strong></span> <span class='ocrx_word' id='word_1_821' title='bbox 1718 5080 1747 5118; x_wconf 89' lang='lat' dir='ltr'><strong>a</strong></span> <span class='ocrx_word' id='word_1_822' title='bbox 1762 5062 1906 5119; x_wconf 79' lang='lat' dir='ltr'><strong>fruct</strong></span> 
     </span>
    </p>
   </div>
   <div class='ocr_carea' id='block_1_105' title="bbox 2028 5062 3596 5147">
    <p class='ocr_par' dir='ltr' id='par_1_105' title="bbox 2050 5062 3596 5147">
     <span class='ocr_line' id='line_1_105' title="bbox 2050 5062 3596 5147; baseline 0.015 -34"><span class='ocrx_word' id='word_1_823' title='bbox 2050 5062 2266 5127; x_wconf 71' lang='grc' dir='ltr'><strong>εὐθείας</strong></span> <span class='ocrx_word' id='word_1_824' title='bbox 2293 5066 2416 5120; x_wconf 82' lang='grc' dir='ltr'><strong>ὁδοῦ</strong></span> <span class='ocrx_word' id='word_1_825' title='bbox 2438 5071 2516 5131; x_wconf 82' lang='grc' dir='ltr'><strong>εἰς</strong></span> <span class='ocrx_word' id='word_1_826' title='bbox 2539 5072 2679 5124; x_wconf 89' lang='grc' dir='ltr'><strong>πόσα</strong></span> <span class='ocrx_word' id='word_1_827' title='bbox 2702 5073 2879 5127; x_wconf 85' lang='grc' dir='ltr'><strong>άτοπα</strong></span> <span class='ocrx_word' id='word_1_828' title='bbox 2911 5078 3294 5147; x_wconf 79' lang='grc' dir='ltr'><strong>παρεμπίπτει</strong></span> <span class='ocrx_word' id='word_1_829' title='bbox 3316 5077 3408 5131; x_wconf 77' lang='grc' dir='ltr'><strong>καὶ</strong></span> <span class='ocrx_word' id='word_1_830' title='bbox 3434 5077 3596 5136; x_wconf 76' lang='grc' dir='ltr'><strong>ἀκωνῖ</strong></span> 
     </span>
    </p>
   </div>
   <div class='ocr_carea' id='block_1_106' title="bbox 372 5153 1940 5241">
    <p class='ocr_par' dir='ltr' id='par_1_106' title="bbox 372 5154 1940 5225">
     <span class='ocr_line' id='line_1_106' title="bbox 372 5154 1940 5225; baseline 0.005 -24"><span class='ocrx_word' id='word_1_831' title='bbox 372 5166 596 5218; x_wconf 81' lang='lat' dir='ltr'><strong>operum</strong></span> <span class='ocrx_word' id='word_1_832' title='bbox 628 5154 766 5206; x_wconf 83' lang='lat' dir='ltr'><strong>ratio</strong></span> <span class='ocrx_word' id='word_1_833' title='bbox 795 5154 963 5219; x_wconf 90' lang='lat' dir='ltr'><strong>illius,</strong></span> <span class='ocrx_word' id='word_1_834' title='bbox 985 5164 1079 5208; x_wconf 89' lang='lat' dir='ltr'><strong>aut</strong></span> <span class='ocrx_word' id='word_1_835' title='bbox 1118 5156 1265 5210; x_wconf 89' lang='lat' dir='ltr'><strong>non?</strong></span> <span class='ocrx_word' id='word_1_836' title='bbox 1303 5156 1367 5209; x_wconf 84' lang='lat' dir='ltr'><strong>Et</strong></span> <span class='ocrx_word' id='word_1_837' title='bbox 1392 5156 1514 5224; x_wconf 82' lang='lat' dir='ltr'><strong>quis</strong></span> <span class='ocrx_word' id='word_1_838' title='bbox 1543 5165 1649 5210; x_wconf 86' lang='lat' dir='ltr'><strong>tam</strong></span> <span class='ocrx_word' id='word_1_839' title='bbox 1686 5155 1940 5225; x_wconf 85' lang='lat' dir='ltr'><strong>stupidus</strong></span> 
     </span>
    </p>
   </div>
   <div class='ocr_carea' id='block_1_107' title="bbox 2027 5153 3595 5241">
    <p class='ocr_par' dir='ltr' id='par_1_107' title="bbox 2059 5153 3595 5241">
     <span class='ocr_line' id='line_1_107' title="bbox 2059 5153 3595 5241; baseline 0.007 -35"><span class='ocrx_word' id='word_1_840' title='bbox 2059 5153 2199 5207; x_wconf 78' lang='grc' dir='ltr'><strong>Ἀλλ’</strong></span> <span class='ocrx_word' id='word_1_841' title='bbox 2227 5157 2327 5209; x_wconf 72' lang='grc' dir='ltr'><strong>οὐκ</strong></span> <span class='ocrx_word' id='word_1_842' title='bbox 2351 5158 2467 5213; x_wconf 76' lang='grc' dir='ltr'><strong>ἔστι</strong></span> <span class='ocrx_word' id='word_1_843' title='bbox 2495 5160 2674 5227; x_wconf 75' lang='grc' dir='ltr'><strong>τοῦτο,</strong></span> <span class='ocrx_word' id='word_1_844' title='bbox 2700 5165 2800 5218; x_wconf 90' lang='grc' dir='ltr'><strong>ούκ</strong></span> <span class='ocrx_word' id='word_1_845' title='bbox 2830 5164 2997 5222; x_wconf 79' lang='grc' dir='ltr'><strong>ἐστιν.</strong></span> <span class='ocrx_word' id='word_1_846' title='bbox 3034 5168 3107 5221; x_wconf 87' lang='grc' dir='ltr'><strong>Ού</strong></span> <span class='ocrx_word' id='word_1_847' title='bbox 3141 5170 3251 5241; x_wconf 87' lang='grc' dir='ltr'><strong>γάρ</strong></span> <span class='ocrx_word' id='word_1_848' title='bbox 3289 5172 3429 5222; x_wconf 83' lang='grc' dir='ltr'><strong>ἐστιν</strong></span> <span class='ocrx_word' id='word_1_849' title='bbox 3458 5170 3488 5237; x_wconf 79' lang='grc' dir='ltr'><strong>η</strong></span> <span class='ocrx_word' id='word_1_850' title='bbox 3514 5162 3595 5217; x_wconf 78' lang='grc' dir='ltr'><strong>τοῦ</strong></span> 
     </span>
    </p>
   </div>
   <div class='ocr_carea' id='block_1_108' title="bbox 369 5244 1937 5331">
    <p class='ocr_par' dir='ltr' id='par_1_108' title="bbox 369 5244 1937 5316">
     <span class='ocr_line' id='line_1_108' title="bbox 369 5244 1937 5316; baseline 0.006 -25"><span class='ocrx_word' id='word_1_851' title='bbox 369 5249 425 5290; x_wconf 83' lang='lat' dir='ltr'><strong>et</strong></span> <span class='ocrx_word' id='word_1_852' title='bbox 454 5251 777 5305; x_wconf 56' lang='lat' dir='ltr'><strong>eaea-catus,</strong></span> <span class='ocrx_word' id='word_1_853' title='bbox 816 5244 1006 5298; x_wconf 74' lang='lat' dir='ltr'><strong>utlnec</strong></span> <span class='ocrx_word' id='word_1_854' title='bbox 1023 5261 1144 5313; x_wconf 67' lang='lat' dir='ltr'><strong>qua:</strong></span> <span class='ocrx_word' id='word_1_855' title='bbox 1164 5246 1309 5301; x_wconf 88' lang='lat' dir='ltr'><strong>dicta</strong></span> <span class='ocrx_word' id='word_1_856' title='bbox 1332 5256 1462 5301; x_wconf 91' lang='lat' dir='ltr'><strong>sunt</strong></span> <span class='ocrx_word' id='word_1_857' title='bbox 1491 5262 1599 5301; x_wconf 89' lang='lat' dir='ltr'><strong>non</strong></span> <span class='ocrx_word' id='word_1_858' title='bbox 1628 5246 1937 5316; x_wconf 81' lang='lat' dir='ltr'><strong>intelligat?</strong></span> 
     </span>
    </p>
   </div>
   <div class='ocr_carea' id='block_1_109' title="bbox 2028 5244 3596 5331">
    <p class='ocr_par' dir='ltr' id='par_1_109' title="bbox 2048 5244 3596 5331">
     <span class='ocr_line' id='line_1_109' title="bbox 2048 5244 3596 5331; baseline 0.012 -35"><span class='ocrx_word' id='word_1_859' title='bbox 2048 5244 2185 5298; x_wconf 80' lang='grc' dir='ltr'><strong>Θεοῦ</strong></span> <span class='ocrx_word' id='word_1_860' title='bbox 2222 5248 2355 5317; x_wconf 79' lang='grc' dir='ltr'><strong>πρὸς</strong></span> <span class='ocrx_word' id='word_1_861' title='bbox 2415 5253 2538 5316; x_wconf 71' lang='grc' dir='ltr'><strong>τοὺς</strong></span> <span class='ocrx_word' id='word_1_862' title='bbox 2590 5255 2777 5323; x_wconf 80' lang='grc' dir='ltr'><strong>ἁγίους</strong></span> <span class='ocrx_word' id='word_1_863' title='bbox 2831 5258 3227 5327; x_wconf 82' lang='grc' dir='ltr'><strong>μισθαποδοσία</strong></span> <span class='ocrx_word' id='word_1_864' title='bbox 3281 5261 3469 5331; x_wconf 82' lang='grc' dir='ltr'><strong>τροφαὶ</strong></span> <span class='ocrx_word' id='word_1_865' title='bbox 3509 5256 3596 5309; x_wconf 69' lang='grc' dir='ltr'><strong>καὶ</strong></span> 
     </span>
    </p>
   </div>
   <div class='ocr_carea' id='block_1_110' title="bbox 371 5328 1939 5420">
    <p class='ocr_par' dir='ltr' id='par_1_110' title="bbox 371 5328 1939 5411">
     <span class='ocr_line' id='line_1_110' title="bbox 371 5328 1939 5411; baseline 0.009 -34"><span class='ocrx_word' id='word_1_866' title='bbox 371 5328 659 5390; x_wconf 75' lang='lat' dir='ltr'><strong>Quomodo</strong></span> <span class='ocrx_word' id='word_1_867' title='bbox 690 5331 853 5400; x_wconf 81' lang='lat' dir='ltr'><strong>igitur</strong></span> <span class='ocrx_word' id='word_1_868' title='bbox 882 5332 1052 5386; x_wconf 84' lang='lat' dir='ltr'><strong>Deum</strong></span> <span class='ocrx_word' id='word_1_869' title='bbox 1088 5335 1600 5411; x_wconf 56' lang='lat' dir='ltr'><strong>auctoremrefcret,</strong></span> <span class='ocrx_word' id='word_1_870' title='bbox 1632 5336 1725 5403; x_wconf 91' lang='lat' dir='ltr'><strong>qui</strong></span> <span class='ocrx_word' id='word_1_871' title='bbox 1754 5336 1939 5406; x_wconf 88' lang='lat' dir='ltr'><strong>hujus-</strong></span> 
     </span>
    </p>
   </div>
   <div class='ocr_carea' id='block_1_111' title="bbox 2029 5328 3597 5420">
    <p class='ocr_par' dir='ltr' id='par_1_111' title="bbox 2054 5336 3597 5420">
     <span class='ocr_line' id='line_1_111' title="bbox 2054 5336 3597 5420; baseline 0.014 -33"><span class='ocrx_word' id='word_1_872' title='bbox 2054 5336 2256 5405; x_wconf 78' lang='grc' dir='ltr'><strong>πόσεις,</strong></span> <span class='ocrx_word' id='word_1_873' title='bbox 2288 5343 2379 5393; x_wconf 74' lang='grc' dir='ltr'><strong>καὶ</strong></span> <span class='ocrx_word' id='word_1_874' title='bbox 2410 5342 2612 5414; x_wconf 72' lang='grc' dir='ltr'><strong>λουτρὰ</strong></span> <span class='ocrx_word' id='word_1_875' title='bbox 2651 5348 2747 5400; x_wconf 74' lang='grc' dir='ltr'><strong>καὶ</strong></span> <span class='ocrx_word' id='word_1_876' title='bbox 2770 5354 3050 5418; x_wconf 85' lang='grc' dir='ltr'><strong>γυναῖκες,</strong></span> <span class='ocrx_word' id='word_1_877' title='bbox 3092 5355 3252 5409; x_wconf 80' lang='grc' dir='ltr'><strong>ἅτινά</strong></span> <span class='ocrx_word' id='word_1_878' title='bbox 3274 5357 3408 5408; x_wconf 77' lang='grc' dir='ltr'><strong>εἰσιν</strong></span> <span class='ocrx_word' id='word_1_879' title='bbox 3433 5352 3597 5420; x_wconf 77' lang='grc' dir='ltr'><strong>ἀμαρ-</strong></span> 
     </span>
    </p>
   </div>
   <div class='ocr_carea' id='block_1_112' title="bbox 372 5414 1940 5518">
    <p class='ocr_par' dir='ltr' id='par_1_112' title="bbox 372 5414 1940 5495">
     <span class='ocr_line' id='line_1_112' title="bbox 372 5414 1940 5495; baseline 0.012 -33"><span class='ocrx_word' id='word_1_880' title='bbox 372 5414 517 5467; x_wconf 81' lang='lat' dir='ltr'><strong>modi</strong></span> <span class='ocrx_word' id='word_1_881' title='bbox 548 5419 773 5474; x_wconf 87' lang='lat' dir='ltr'><strong>statuit?</strong></span> <span class='ocrx_word' id='word_1_882' title='bbox 800 5419 867 5473; x_wconf 83' lang='lat' dir='ltr'><strong>Et</strong></span> <span class='ocrx_word' id='word_1_883' title='bbox 888 5421 954 5475; x_wconf 88' lang='lat' dir='ltr'><strong>de</strong></span> <span class='ocrx_word' id='word_1_884' title='bbox 982 5421 1067 5476; x_wconf 90' lang='lat' dir='ltr'><strong>his</strong></span> <span class='ocrx_word' id='word_1_885' title='bbox 1093 5423 1354 5492; x_wconf 87' lang='lat' dir='ltr'><strong>quidnam</strong></span> <span class='ocrx_word' id='word_1_886' title='bbox 1386 5425 1633 5493; x_wconf 90' lang='lat' dir='ltr'><strong>pluribus</strong></span> <span class='ocrx_word' id='word_1_887' title='bbox 1656 5442 1795 5495; x_wconf 85' lang='lat' dir='ltr'><strong>opus</strong></span> <span class='ocrx_word' id='word_1_888' title='bbox 1823 5426 1940 5482; x_wconf 87' lang='lat' dir='ltr'><strong>est?</strong></span> 
     </span>
    </p>
   </div>
   <div class='ocr_carea' id='block_1_113' title="bbox 2029 5414 3597 5518">
    <p class='ocr_par' dir='ltr' id='par_1_113' title="bbox 2050 5414 3597 5518">
     <span class='ocr_line' id='line_1_113' title="bbox 2050 5414 3597 5518; baseline 0.008 -37"><span class='ocrx_word' id='word_1_889' title='bbox 2050 5430 2170 5492; x_wconf 86' lang='grc' dir='ltr'><strong>τίας</strong></span> <span class='ocrx_word' id='word_1_890' title='bbox 2196 5433 2291 5485; x_wconf 79' lang='grc' dir='ltr'><strong>καὶ</strong></span> <span class='ocrx_word' id='word_1_891' title='bbox 2342 5435 2509 5506; x_wconf 73' lang='grc' dir='ltr'><strong>ὀργῆς</strong></span> <span class='ocrx_word' id='word_1_892' title='bbox 2566 5414 3046 5513; x_wconf 69' lang='grc' dir='ltr'><strong>ἀποτελέσματα</strong></span> <span class='ocrx_word' id='word_1_893' title='bbox 3080 5446 3157 5510; x_wconf 85' lang='grc' dir='ltr'><strong>ὡς</strong></span> <span class='ocrx_word' id='word_1_894' title='bbox 3212 5448 3440 5518; x_wconf 80' lang='grc' dir='ltr'><strong>είρηται,</strong></span> <span class='ocrx_word' id='word_1_895' title='bbox 3471 5414 3597 5512; x_wconf 62' lang='grc' dir='ltr'><strong>ἀλλὰ</strong></span> 
     </span>
    </p>
   </div>
   <div class='ocr_carea' id='block_1_114' title="bbox 380 5508 3597 5615">
    <p class='ocr_par' dir='ltr' id='par_1_114' title="bbox 380 5508 3597 5615">
     <span class='ocr_line' id='line_1_114' title="bbox 380 5508 3597 5615; baseline 0.011 -59"><span class='ocrx_word' id='word_1_896' title='bbox 380 5508 638 5581; x_wconf 70' lang='grc' dir='ltr'><strong>ἀγιοσύνη</strong></span> <span class='ocrx_word' id='word_1_897' title='bbox 670 5512 765 5565; x_wconf 81' lang='grc' dir='ltr'><strong>καὶ</strong></span> <span class='ocrx_word' id='word_1_898' title='bbox 794 5514 1121 5587; x_wconf 81' lang='grc' dir='ltr'><strong>καθαρότης,</strong></span> <span class='ocrx_word' id='word_1_899' title='bbox 1159 5520 1252 5573; x_wconf 70' lang='grc' dir='ltr'><strong>καὶ</strong></span> <span class='ocrx_word' id='word_1_900' title='bbox 1282 5522 1549 5595; x_wconf 79' lang='grc' dir='ltr'><strong>ἀγγελικὴ</strong></span> <span class='ocrx_word' id='word_1_901' title='bbox 1586 5523 1849 5594; x_wconf 80' lang='grc' dir='ltr'><strong>πολιτεία,</strong></span> <span class='ocrx_word' id='word_1_902' title='bbox 1893 5526 2036 5598; x_wconf 82' lang='grc' dir='ltr'><strong>χαρὰ</strong></span> <span class='ocrx_word' id='word_1_903' title='bbox 2076 5546 2133 5582; x_wconf 85' lang='grc' dir='ltr'><strong>τε</strong></span> <span class='ocrx_word' id='word_1_904' title='bbox 2161 5533 2256 5586; x_wconf 74' lang='grc' dir='ltr'><strong>καὶ</strong></span> <span class='ocrx_word' id='word_1_905' title='bbox 2288 5532 2596 5607; x_wconf 61' lang='grc' dir='ltr'><strong>εὐφροσύνη</strong></span> <span class='ocrx_word' id='word_1_906' title='bbox 2621 5539 2715 5592; x_wconf 68' lang='grc' dir='ltr'><strong>καὶ</strong></span> <span class='ocrx_word' id='word_1_907' title='bbox 2742 5508 3083 5611; x_wconf 74' lang='grc' dir='ltr'><strong>ἀγαλλίασις,</strong></span> <span class='ocrx_word' id='word_1_908' title='bbox 3200 5508 3597 5615; x_wconf 35' lang='lat' dir='ltr'><strong>ﬁve-6396a,).pr</strong></span> 
     </span>
    </p>
   </div>
   <div class='ocr_carea' id='block_1_115' title="bbox 442 5681 1282 5756">
    <p class='ocr_par' dir='ltr' id='par_1_115' title="bbox 442 5681 1282 5756">
     <span class='ocr_line' id='line_1_115' title="bbox 442 5681 1282 5756; baseline 0.014 -20"><span class='ocrx_word' id='word_1_909' title='bbox 442 5681 489 5713; x_wconf 71' lang='lat'>“</span> <span class='ocrx_word' id='word_1_910' title='bbox 532 5682 636 5736; x_wconf 82' lang='lat' dir='ltr'><strong>lsa.</strong></span> <span class='ocrx_word' id='word_1_911' title='bbox 677 5697 817 5748; x_wconf 73' lang='lat' dir='ltr'><strong>utv,</strong></span> <span class='ocrx_word' id='word_1_912' title='bbox 852 5688 904 5753; x_wconf 63' lang='lat'><strong>4;</strong></span> <span class='ocrx_word' id='word_1_913' title='bbox 936 5688 953 5741; x_wconf 91' lang='lat' dir='ltr'><strong>l</strong></span> <span class='ocrx_word' id='word_1_914' title='bbox 984 5688 1108 5743; x_wconf 90' lang='lat' dir='ltr'><strong>Cor.</strong></span> <span class='ocrx_word' id='word_1_915' title='bbox 1142 5706 1202 5756; x_wconf 88' lang='grc' dir='ltr'><strong>ιι,</strong></span> <span class='ocrx_word' id='word_1_916' title='bbox 1228 5693 1282 5751; x_wconf 87' lang='lat'><strong>9.</strong></span> 
     </span>
    </p>
   </div>
  </div>
