3970 6212
384 270 508 337 εὖτ)

1583 275 1907 335 JOANNIS
1943 277 2461 337 CANTACUZEVI

3474 283 3564 345 556

396 403 532 454 guns
567 394 621 441 et
652 387 982 452 misericors,
1013 387 1250 457 ipsarum
1277 386 1515 455 suscepit
1545 389 1940 456 ραιιιίιι-ηιίιιιιι,

2070 392 2199 443 rava.
2245 392 2303 442 Ὀ
2340 391 2397 442 δὲ
2450 387 2760 456 πινάγαθος
2796 388 2925 450 Θεὸς
2972 392 3064 442 καὶ
3121 389 3352 460 ἐλεήμων
3379 395 3573 460 ἐδέξατο

393 473 655 543 ipsosque
679 473 975 530 Chrisdani
1002 475 1237 527 nominis
1267 485 1648 543 persecutores
1673 490 1953 544 pastorum

387 564 573 618 a‘ﬂicio
601 564 852 635 dignatus
883 574 983 626 est,
1005 573 1060 620 et
1081 562 1332 619 doctores
1363 579 1748 634 praeconesque
1776 567 1955 620 Evan-

393 655 518 723 gelii
555 667 602 710 el
653 656 891 710 nominis
942 656 1025 709 sui
1077 655 1228 710 fecit.
1277 655 1479 711 Omnes
1510 659 1672 711 etiam
1711 658 1953 728 Evange-

389 744 526 798 liinn
566 746 912 814 recipientes,
964 745 1350 801 describebant
1395 747 1522 801 illud
1559 748 1779 817 singuli.
1812 749 1958 815 lege-

398 835 550 896 bant,
605 835 916 900 discebant,
963 847 1018 890 et
1065 837 1119 890 in
1173 837 1266 891 illo
1319 837 1765 899 instituebantur,
1813 839 1959 892 cale-

396 927 631 993 bantqne
684 941 806 995 quae
851 925 904 980 in
962 941 1029 980 ea
1070 937 1226 980 erant
1280 928 1504 997 scripta,
1567 936 1676 982 tum
1722 927 1959 996 denique

283 1030 287 1031 ί
394 1031 609 1069 summa
641 1015 824 1071 studio
871 1017 1093 1087 ignaros
1131 1018 1323 1073 barum
1372 1019 1721 1074 erudiebant.
1761 1021 1824 1074 lit
1857 1021 1960 1075 hac

396 1107 557 1159 modo
590 1107 952 1176 "Evangelium
989 1107 1040 1161 in
1085 1107 1272 1162 orbem
1305 1108 1619 1164 universum
1652 1109 1960 1179 dispersum

393 1202 494 1252 est.
533 1209 830 1263 omnesque
865 1196 996 1250 illud
1030 1197 1300 1251 habebant
1346 1198 1514 1252 totius
1553 1207 1710 1252 terra:
1750 1199 1956 1254 incolae.

393 1287 439 1339 Α
467 1285 670 1340 Christi
712 1287 1048 1355 temporibus
1099 1288 1278 1356 itaque
1305 1290 1370 1342 ad
1421 1303 1482 1342 ea
1515 1289 1717 1358 quibus
1763 1289 1961 1344 docere

393 1380 554 1446 cmpit
600 1378 893 1443 Mahamet,
923 1379 1049 1432 anni
1094 1380 1261 1448 elapsi
1312 1391 1440 1434 sunt
1470 1380 1592 1449 plus
1627 1382 1959 1450 quingentis.

393 1465 532 1532 Quis
573 1482 702 1520 vero
730 1477 852 1535 post
897 1467 1173 1537 Evangelii
1217 1468 1583 1538 cognitionem
1632 1471 1774 1524 intra
1805 1466 1966 1539 quin-

396 1566 679 1625 gentorum
711 1571 976 1609 annorum
1027 1555 1264 1625 spatium
1316 1571 1484 1611 ausus
1532 1559 1721 1612 fuisset
1755 1575 1960 1628 expnn~

396 1660 524 1713 gere
566 1645 888 1699 Maltometis
934 1660 1134 1700 nomen
1186 1661 1250 1700 ex
1282 1646 1594 1716 Evangelia,
1631 1649 1678 1700 si
1721 1650 1879 1702 modo
1909 1647 1964 1701 in

2056 481 2234 532 αὑτῶν
2255 481 2353 550 τὴν
2387 481 2696 549 μετάνοιαν,
2729 482 2822 532 καὶ
2852 480 3051 543 αότοὺς
3075 482 3198 543 τοὺς
3225 481 3489 546 διώκοντας
3520 485 3575 537 τὸ

2054 572 2146 626 τοῦ
2175 571 2414 643 Χριστοῦ
2473 574 2645 640 ὄνομα
2695 571 2992 640 κατέστησε
3042 573 3296 641 ποιμένας
3333 576 3572 628 itala-.61-

2059 661 2289 724 σκάλους
2318 663 2414 713 καὶ
2450 662 2697 728 κήρυκας
2733 659 2825 711 τοῦ
2861 659 3192 727 Εὐαγγελίου
3221 663 3307 714 καὶ
3349 661 3437 713 τοὺ
3476 665 3578 714 ἁδό-

2063 768 2235 821 ματος
2260 750 2449 806 αὑτοῦ.
2485 752 2592 804 Καὶ
2642 749 2902 814 λαϐόντες
2940 752 2989 802 οἱ
3025 750 3221 811 πάντες
3271 750 3328 802 τὸ
3360 752 3576 819 Εὐαγγέ-

2059 839 2192 906 λιον,
2223 839 2578 908 μετέγραψαν
2623 840 2715 891 καὶ
2747 834 2890 908 εῐχον
2936 837 3070 891 αὑτδ
3097 833 3174 898 εἷς
3228 837 3458 900 ἕκαστος,
3499 843 3581 891 καὶ

2059 929 2412 997 ἀνεγίνωσκε,
2430 931 2520 983 καὶ
2546 927 2816 998 ἐμάνθανε
2845 929 2937 981 καὶ
2970 927 3296 991 ὲδιδάσκετο,
3320 928 3408 980 καὶ
3433 945 3501 996 πρ
3531 944 3582 980 σο

2060 1020 2240 1074 εκὺνει
2291 1023 2357 1075 τὰ
2415 1024 2473 1073 ὲν
2503 1019 2649 1088 αὑτῷ
2711 1017 3089 1088 γεγραμμένα,
3146 1019 3238 1071 καὶΙ
3299 1017 3493 1090 μεγάλῃ
3527 1021 3584 1086 τῇ

2064 1110 2268 1180 σπουδῇ
2296 1109 2542 1162 ἐδίδασκε
2589 1108 2660 1164 τὰ
2687 1107 2779 1160 τοῦ
2813 1107 3150 1174 Εὑαγγελίου
3194 1110 3303 1169 τοῖς
3345 1108 3414 1176 μὴ
3441 1108 3582 1174 γινὼο

2064 1218 2254 1254 σκουσι
2273 1202 2338 1254 τὰ
2357 1201 2646 1269 λεγόμενα.
2675 1201 2781 1252 Καὶ
2807 1198 2950 1251 οὑτω
2965 1197 3170 1267 διεδόθη
3199 1198 3276 1260 είς
3293 1198 3380 1250 τὸν
3401 1197 3590 1251 ἅπαντα

2064 1290 2266 1354 κόσμον
2294 1289 2351 1340 τὺ
2375 1287 2724 1354 Εὑαγγέλιον,
2745 1285 2996 1355 καὶεῐχον
3017 1285 3146 1353 αὐτὸ
3159 1286 3346 1347 πάντες
3361 1286 3406 1337 οι
3428 1303 3592 1338 κατοι-

2065 1378 2286 1440 κοῦντες
2331 1379 2426 1447 τὴν
2481 1377 2606 1446 γῆν.
2665 1377 2800 1430 Ἀπὸ
2850 1376 2982 1441 γοῦν
3027 1377 3122 1428 τοῦ
3170 1374 3398 1443 Χριστοῦ
3425 1375 3516 1437 ἕως
3537 1369 3590 1430 οὑ

2071 1466 2276 1536 ἤρξατο
2314 1465 2588 1519 διδάσκειν
2617 1467 2644 1518 6
2675 1465 2918 1535 Μωάμεθ
2971 1465 3245 1534 παρῆλθον
3287 1465 3456 1536 χρόνοι
3485 1467 3591 1518 ἐπέ-

2065 1574 2220 1610 κεινα
2265 1557 2374 1610 τῶν
2426 1556 2820 1612 πεντακοσίων.
2871 1557 3027 1610 Μετὰ
3078 1557 3136 1610 δὲ
3182 1556 3276 1628 τὴν
3318 1555 3591 1623 ἀνάγνωσιν

2066 1649 2160 1700 τοῦ
2198 1647 2533 1715 Εὑαγγελίου
2569 1647 2676 1700 τῶν
2703 1648 3073 1700 πεντακοσίων
3097 1649 3297 1717 χρόνων
3325 1646 3402 1702 τίς
3427 1644 3594 1714 ἔμελλε

393 1733 492 1788 illo
525 1735 788 1804 scriptum
831 1735 1269 1790 inveniebatur?
1309 1738 1506 1806 partim
1549 1738 1767 1806 quidem
1815 1739 1960 1808 quod

2070 1739 2360 1809 τολμήσειν
2394 1737 2644 1792 ἐκϐαλεῖν
2668 1738 2728 1791 τὸ
2760 1737 2854 1791 τοῦ
2885 1738 3131 1807 Μωάμεθ
3181 1737 3347 1805 ὃνομα
3392 1736 3490 1792 ἀπὸ
3512 1734 3592 1788 τοῦ

397 1825 487 1892 qui
519 1841 678 1878 unam
721 1833 930 1880 tantum
966 1826 1259 1880 dictionem
1288 1828 1371 1881 vel
1407 1827 1607 1882 addere
1633 1828 1717 1881 vel
1746 1829 1962 1884 demere

398 1930 562 1969 ausus
587 1913 799 1979 inisset,
832 1914 1059 1983 paschae
1080 1913 1386 1970 Christiani
1416 1929 1610 1969 nomen
1646 1915 1960 1972 amisisset:

395 2009 598 2078 partim
637 2021 878 2073 vei-0,111
919 2008 1116 2063 demus
1149 2008 1377 2077 impium
1409 2008 1706 2077 quemdam
1727 2007 1962 2076 aliquam

399 2099 676 2169 Evangelii
701 2098 996 2153 dictionem
1029 2113 1345 2168 expungere
1379 2113 1570 2152 ausum
1604 2099 1796 2164 fuisse,
1827 2113 1958 2151 num

389 2186 713 2240 stniversum
746 2188 932 2240 orbem
973 2188 1138 2240 unius
1168 2186 1403 2255 ineptias
1436 2196 1750 2240 secuturum
1798 2187 1964 2241 fuisse

391 2275 762 2346 putabimus?
789 2278 1168 2346 Nequaquam.
1209 2277 1345 2331 Hinc
1369 2276 1534 2345 igitur
1554 2276 1754 2341 elucet,
1783 2275 1967 2331 Maha-

301 2400 306 2406 -
396 2371 562 2422 metis
591 2383 788 2423 nomen
836 2383 1106 2438 nusquam
1171 2367 1226 2421 in
1281 2367 1576 2438 Evangelia
1631 2368 1963 2437 descriptum

399 2459 588 2514 misse.
661 2460 930 2514 Praeterea
972 2458 1016 2513 si
1060 2457 1381 2512 Mabametis
1431 2473 1627 2512 nomen
1688 2457 1965 2528 Evangelii

394 2547 560 2601 libris
602 2549 799 2609 inerat,
834 2547 985 2601 illum
1018 2562 1149 2601 sane
1195 2546 1449 2602 Christus
1494 2547 1576 2602 vel
1609 2548 1832 2610 bonum,
1880 2550 1962 2604 vel

398 2639 605 2693 malum
653 2650 774 2691 esse
816 2637 992 2692 fuerat
1040 2637 1452 2692 testiﬁcaturus.
1485 2639 1541 2691 Si
1593 2641 1818 2699 bonum.
1869 2655 1956 2694 re-

401 2729 612 2799 cepturi
673 2729 819 2782 hunc
877 2736 1027 2782 certe
1087 2738 1244 2782 erant
1306 2744 1496 2783 omnes
1571 2745 1724 2799 reges
1788 2741 1964 2795 terras,

397 2836 594 2875 ainnes
666 2820 961 2889 priesidcs,
1027 2833 1216 2873 omnes
1283 2818 1614 2877 Christiani.
1689 2837 1814 2875 cum
1884 2823 1969 2876 ni-

405 2913 602 2965 mirum
669 2914 761 2979 qui
816 2909 1022 2964 .Cbristi
1097 2910 1410 2964 testimOnio
1495 2921 1639 2966 esset
1717 2928 1969 2981 compro-

405 3001 584 3063 batus,
623 3011 683 3055 ut
739 3001 949 3055 scilicet
1002 2999 1149 3053 illius
1200 2999 1364 3055 etiam
1429 3003 1664 3056 utilitate
1721 3004 1968 3071 perfrue-

405 3102 617 3146 iaentur.
659 3091 716 3145 Si
752 3106 882 3146 vero
912 3091 1112 3143 malum
1148 3091 1306 3156 dixit,
1338 3093 1692 3147 retinuissent
1715 3097 1970 3149 nimirum

406 3185 552 3238 illius
601 3185 756 3253 signa
790 3195 845 3237 et
899 3182 1122 3246 indicia,
1170 3193 1224 3237 et
1268 3199 1336 3236 ne
1381 3184 1448 3236 al)
1497 3184 1598 3238 hac
1647 3186 1975 3239 laederentur

407 3274 848 3330 austadivissent.
888 3272 1041 3337 Quod
1092 3271 1135 3327 si
1179 3272 1347 3340 igitur
1392 3273 1478 3327 vel
1533 3281 1588 3325 nt
1636 3273 1837 3327 bonum
1886 3290 1974 3328 re-

406 3365 648 3434 cepturi,
684 3365 764 3418 vel
815 3373 874 3417 ut
925 3363 1124 3416 malum
1190 3363 1514 3426 aversaturi,
1567 3379 1674 3416 non
1722 3364 1976 3432 ejecisset

411 3457 701 3511 universus
732 3454 885 3509 orbis
929 3469 994 3508 ex
1049 3454 1344 3522 Evangelia
1389 3454 1708 3509 Mahametis
1754 3471 1972 3521 nomen,

407 3550 571 3603 etiam
637 3546 762 3600 hinc
821 3557 1039 3615 apparet
1103 3545 1264 3614 hujus
1297 3561 1496 3600 nomen
1567 3548 1619 3601 in
1680 3548 1974 3618 Evangelia

406 3641 670 3707 scriptum
699 3652 808 3690 non
861 3636 1050 3690 fuisse.
1111 3637 1280 3691 Porro
1316 3654 1476 3692 nemo
1528 3647 1612 3692 est
1650 3639 1742 3707 qui
1791 3641 1970 3705 alteri,

409 3729 724 3796 priusquam
755 3725 800 3778 is
828 3725 1108 3787 natus-sit,
1156 3725 1416 3779 invideat.
1471 3725 1606 3791 Quis
1656 3726 1822 3795 igitur
1859 3726 1970 3780 Ma-

414 3822 681 3872 lwmetem
731 3815 934 3869 invidia
974 3825 1118 3868 esset
1168 3824 1512 3884 prosecutus,
1559 3818 1876 3887 priusquam
1927 3820 1974 3874 is

413 3906 773 3963 nasceretur?
821 3904 992 3960 Nemo
1040 3919 1286 3973 prorsus.
1319 3906 1386 3960 Et
1431 3907 1560 3961 licet
1608 3908 1806 3976 aliquis
1853 3920 1974 3980 post

413 4002 754 4057 nativitatem
807 3996 954 4050 illius
997 3995 1144 4050 hunc
1192 3995 1395 4050 invidia
1433 4007 1583 4052 esset
1628 4011 1972 4070 prosecutus,

413 4110 544 4148 num
587 4102 731 4147 totus
771 4089 921 4142 orbis
950 4087 1113 4141 unius
1149 4097 1340 4142 contra
1371 4088 1730 4146 Mabametem
1761 4089 1975 4147 invidiae

411 4194 531 4238 erat
559 4177 1008 4248 subscripturus?
1035 4177 1100 4230 Et
1120 4178 1243 4246 quis
1269 4189 1376 4232 tam
1402 4178 1744 4249 imprudens,
1776 4190 1837 4236 ut
1870 4182 1974 4239 hac

413 4290 522 4329 non
559 4270 894 4342 impossibile
932 4270 1104 4324 Fuisse
1140 4268 1387 4339 indicet?
1421 4270 1599 4336 Quare
1639 4271 1804 4327 etiam
1847 4273 1975 4328 hinc

412 4364 734 4434 colligitur,
792 4358 1113 4413 Maliametis
1158 4374 1355 4413 nomen
1408 4359 1461 4413 in
1523 4361 1814 4432 Evangelia
1865 4379 1973 4419 non

413 4457 584 4510 fuisse
645 4451 1004 4519 descriptum.
1077 4449 1345 4504 Praeterea
1403 4450 1673 4520 siquidem
1727 4455 1975 4508 dicerent

414 4541 735 4604 lsmz-elitie,
794 4539 942 4610 quod
1020 4539 1076 4592 in
1140 4539 1258 4594 sala
1311 4540 1599 4610 Evangelia
1653 4543 1974 4602 Mahometis

413 4650 614 4690 nomen
644 4633 910 4700 scriptum
955 4629 1324 4694 inveniretur,
1357 4632 1613 4699 quodque
1648 4633 1777 4688 illud
1813 4635 1978 4690 Chri-

409 4723 577 4782 stiani
630 4723 923 4782 eraserim,
961 4717 1296 4774 sttﬂicientes
1333 4731 1518 4774 essent
1564 4721 1644 4774 bas
1674 4739 1810 4790 quas
1835 4726 1974 4780 dixi-

411 4835 556 4880 mus,
613 4813 1109 4870 demonstrationes
1159 4813 1223 4863 ait
1283 4815 1560 4864 veritatem
1613 4817 1974 4883 comproban-

402 4908 564 4966 dum.
593 4913 648 4958 et
693 4903 909 4957 illorum
947 4898 1293 4954 refutandum
1343 4905 1644 4955 mendacia.
1679 4902 1814 4957 Cum
1844 4921 1974 4962 vero

409 4999 638 5058 addunt.
682 4993 822 5051 illud
853 4993 1018 5047 etiam
1065 4992 1121 5045 in
1173 4991 1344 5045 veteri
1384 4990 1734 5049 Testamento
1766 5011 1796 5050 a
1827 4997 1972 5054 Mose

409 5085 722 5151 conscripta
770 5091 1024 5148 exstare,
1079 5082 1355 5150 quomodo
1410 5082 1540 5137 illud
1593 5096 1972 5155 expunxernnt

404 5177 620 5234 Hebr-.17
651 5178 678 5230 ?.
703 5176 820 5229 illic
860 5175 1060 5228 etenim
1095 5188 1162 5226 ne
1191 5173 1404 5242 signum
1435 5176 1652 5242 quidem
1686 5178 1753 5233 de
1786 5180 1970 5235 Malia-

408 5279 554 5322 mete
594 5265 900 5320 invenitur.
945 5261 1245 5316 Considera
1285 5262 1452 5329 igitur
1497 5281 1602 5334 qua
1636 5267 1812 5324 fronte
1853 5273 1972 5325 Mu-

406 5359 644 5416 snlmani
697 5358 882 5410 dicant
928 5354 1274 5408 Christianos
1317 5370 1511 5409 nomen
1563 5358 1708 5413 illius
1768 5362 1967 5416 invidia

411 5467 589 5505 motos
658 5465 720 5502 ex
781 5445 1075 5514 Evangelia
1137 5446 1503 5513 expuuxisse?
1572 5447 1778 5504 llebrzei
1841 5470 1970 5507 vero

401 5557 568 5608 quant
599 5541 669 5593 ob
696 5551 917 5592 causam
947 5535 1090 5588 idem
1132 5532 1426 5589 fecerunt?
1459 5537 1511 5590 in
1544 5539 1966 5598 circumcisione

395 5629 644 5699 (μίγμα,
697 5634 754 5679 et
808 5626 862 5678 in
914 5624 1040 5678 aliis
1094 5622 1460 5692 quibusdam,
1511 5627 1646 5682 cibis
1715 5632 1964 5690 videlicet

1999 3063 2040 3120 C

2069 1829 2423 1898 Εὑαγγελίου,
2467 1831 2628 1900 εἴπερ
2685 1829 2969 1900 εὑρίσκετο
3023 1830 3082 1881 ἐν
3111 1828 3257 1896 αὑτῷ
3295 1828 3594 1898 γεγραμμέ-

2069 1938 2160 1975 νον
2191 1939 2206 1986 ;
2233 1922 2296 1975 τὸ
2352 1921 2473 1992 μιν,
2514 1921 2595 1976 ὅτι
2632 1922 2762 1991 μίαν
2794 1921 2890 1975 καὶ
2930 1922 3100 1990 μόνην
3127 1920 3270 1985 λέξιν
3295 1921 3322 1972 6
3347 1919 3593 1989 τολμήσας

2069 2012 2412 2081 προσθήσειν
2464 2013 2498 2083 ἢ
2535 2011 2783 2066 ἐκϐαλεῖν
2833 2013 2892 2065 οὑ
2921 2011 3149 2066 δύναται
3205 2011 3361 2065 πλέον
3415 2012 3595 2071 insitio;

2067 2103 2434 2172 ὀνομάζεσθαι
2485 2103 2810 2174 Χριστιανός
2843 2119 2857 2134 ·
2902 2104 2964 2155 τὺ
2989 2103 3067 2165 δὲ,
3119 2103 3199 2156 δτι
3237 2103 3387 2170 εἰπερ
3413 2100 3497 2155 καί
3523 2115 3594 2163 τις

2068 2197 2264 2260 κακὸς,
2327 2193 2676 2264 ὑποθιὺμεθα,
2733 2193 2955 2260 ἐξέϐαλέ
3008 2210 3134 2248 τινα
3188 2192 3330 2258 λέξιν
3385 2194 3482 2245 aut
3513 2189 3596 2242 τοῦ

2076 2286 2434 2354 Εὑαγγελίου,
2483 2288 2512 2340 6
2541 2286 2725 2355 ἔτερος
2792 2284 2937 2347 ἆπας
2995 2285 3201 2354 κόσμος
3249 2281 3598 2352 ἀκολουθήσειν

2069 2377 2260 2447 ἔμελλε
2293 2377 2376 2446 τῷ
2401 2375 2494 2430 τοῦ
2524 2377 2640 2440 ὲνὺς
2667 2376 2977 2444 ἀτοπήματι
3003 2393 3017 2439 ς
3045 2376 3266 2438 Πάντως
3300 2375 3433 2443 οὑχί.
3477 2372 3596 2424 Ἀπὸ

2071 2468 2200 2537 γοῦν
2229 2469 2418 2522 τούτου
2475 2467 2836 2530 ἀναφαίνεται
2869 2467 2953 2520 ὅτι
2985 2466 3085 2519 οὑκ
3133 2463 3201 2536 ἦν
3245 2480 3596 2532 καταγεγραμο

2073 2561 2232 2626 μένον
2259 2559 2318 2612 τὸ
2366 2557 2461 2611 τοῦ
2507 2556 2750 2626 Μωάμεθ
2811 2557 2984 2625 ὄνομα
3040 2559 3102 2609 ὲν
3172 2556 3248 2626 τῷ
3297 2555 3596 2622 Εὑαγγελλῳ.

2076 2653 2215 2713 Ἔτι,
2248 2653 2404 2722 εἰπερ
2429 2650 2715 2721 εὑρίσκετο
2736 2649 2797 2701 τὸ
2851 2648 2945 2702 τοῦ
2999 2649 3244 2714 Μωάμεθ
3277 2649 3434 2717 ὄνομα
3462 2651 3512 2700 ὲν
3532 2647 3598 2714 τῷ

2074 2743 2407 2815 Εὑαγγελίῳ,
2440 2741 2472 2811 ἢ
2509 2741 2596 2804 ὡς.
2613 2740 2775 2793 καλὸν
2800 2739 2993 2810 ἔμελλε
3027 2742 3399 2810 μαρτυρήσειν
3426 2741 3452 2791 6
3478 2739 3599 2806 Χρι-

2074 2833 2197 2895 στὸς
2258 2833 2487 2892 ἐκεῖνον,
2552 2829 2584 2900 ἢ
2617 2829 2689 2892 ὡς
2724 2831 2895 2883 κακόν
2921 2845 2933 2859 ·
2989 2831 3084 2883 καὶ
3114 2833 3161 2883 εί
3197 2829 3293 2900 μὲν
3341 2829 3410 2890 ὡς
3438 2828 3597 2889 καλὸν,

2072 2925 2296 2994 ἔμελλον
2358 2921 2670 2992 ἐκδέχεσθαι
2726 2923 2923 2983 πάντες
2979 2923 3028 2974 oi
3087 2922 3319 2992 βασιλεῖς
3355 2921 3446 2989 τῆς
3494 2921 3598 2985 γῆς,

2075 3016 2274 3077 πάντες
2340 3016 2390 3067 οἱ
2444 3015 2738 3082 τοπάρχαι,
2796 3012 3001 3074 πάντες
3049 3014 3102 3065 al
3157 3013 3476 3083 Χριστιανοὶ,
3521 3010 3642 3061 τδν’

2077 3104 2226 3173 παρὰ
2253 3103 2344 3156 τοῦ
2379 3104 2615 3173 Χριστοῦ
2670 3103 3115 3172 μαρτυρηθέντα,
3174 3103 3262 3156 ἵνα
3293 3104 3484 3156 λάϐωσι
3515 3103 3600 3167 τὴν

2076 3195 2184 3248 ἀπὸ
2212 3193 2402 3246 τούτου
2431 3193 2702 3261 ὠφέλειαν
2730 3209 2744 3222 ·
2781 3194 2829 3245 εί
2858 3193 2902 3245 δ’
2928 3193 3008 3255 ὡς
3040 3194 3234 3260 κακὸν,
3282 3194 3434 3247 πάλιν
3461 3190 3600 3258 ἐμελ-

2075 3287 2165 3339 λον
2201 3286 2344 3355 ἔχειν
2385 3283 2454 3337 τὰ
2488 3285 2695 3337 ἐκείνου
2740 3283 3118 3352 γνωρίσματα,
3151 3285 3244 3336 καὶ
3273 3280 3600 3351 φυλάττεσθαι

2075 3379 2132 3442 ἐξ
2163 3377 2350 3434 αὑτοῦ,
2389 3377 2475 3428 ἴνα
2512 3376 2603 3445 -μὴ
2635 3375 2894 3444 βλαϐῶσι.
2940 3376 3048 3428 Καὶ
3098 3376 3208 3428 εἴτε
3237 3375 3307 3437 ὡς
3350 3371 3604 3439 ἐκδεχόμε-

2075 3484 2154 3521 νοι
2208 3469 2295 3519 τὸν
2331 3466 2515 3530 καλὸν,
2544 3466 2653 3518 εἴτε
2688 3466 2764 3528 ὡς
2813 3467 3284 3534 ἀποστρεφόμενοι
3322 3465 3407 3516 τὸν
3437 3462 3600 3523 κακὸν,

2073 3557 2226 3612 οὐδὲν
2263 3558 2491 3626 ἔμελλεν
2518 3557 2764 3610 ἐκϐαλεῖν
2828 3557 2971 3617 ἅπας
3011 3558 3039 3608 6
3072 3559 3286 3626 «κόσμος
3319 3559 3377 3608 ὲκ
3404 3553 3489 3605 τοῦ
3513 3551 3602 3602 E6-

2074 3649 2326 3718 αγγελίου
2380 3651 2440 3701 τὸ
2498 3649 2600 3722 τοιῖι¹
2629 3649 2870 3716 Μωάμεθ
2929 3648 3125 3718 ὄνομα,
3174 3649 3267 3702 καὶ
3311 3647 3411 3700 ἀπὸ
3437 3645 3601 3698 τούτου

2075 3740 2453 3808 ἀναφαίνεται,
2505 3738 2587 3791 ὅτι
2630 3740 2729 3790 οὑκ
2767 3734 2834 3808 ἦν
2886 3740 3270 3806 γεγραμμένον
3313 3739 3368 3790 ὲν
3420 3735 3488 3802 τῷ
3517 3734 3603 3785 Eti-

2075 3831 2315 3900 αγγελίῳ
2343 3832 2401 3882 τὸ
2428 3829 2619 3881 τούτου
2668 3829 2857 3898 ὄνομα.
2899 3830 3024 3882 Ἔτι
3058 3831 3236 3891 οὐδείς
3267 3831 3410 3881 ἔστιν
3435 3830 3462 3880 6
3489 3825 3601 3891 φθο-

2075 3923 2179 3975 νῶν
2211 3922 2400 3993 ἑτέρῳ,
2433 3917 2569 3990 πρὶν
2591 3922 2896 3990 γεννήσεως
2918 3919 3107 3974 αὑτοῦ.
3138 3922 3232 3984 Τίς
3268 3918 3392 3988 γοῦν
3436 3915 3602 3986 ἔμελλε

2075 4011 2360 4081 φθονήσειν
2393 4012 2470 4081 τῷ
2516 4011 2782 4086 Μωιίμεθ⁵
2814 4011 2919 4080 πρὸ
2950 4011 3052 4081 τῆς
3100 4014 3262 4065 αὑτοῦ
3291 4011 3598 4080 γεννήσεωςς

2075 4103 2297 4165 Πάντως
2329 4103 2522 4164 οὐδείς.
2549 4104 2610 4154 Et
2649 4101 2694 4154 δ’
2724 4102 2851 4163 ῐσως
2882 4102 3182 4170 ἐφθόνησεν
3211 4102 3354 4170 αὑτῷ
3381 4117 3458 4160 τις
3482 4098 3600 4166 μετὰ

2073 4192 2172 4262 τὴν
2202 4191 2366 4244 αὑτοῦ
2401 4191 2673 4260 γέννησιν,
2695 4190 3047 4260 πῶςὲμελλεν
3075 4192 3450 4258 ἀκολουθήσειν
3478 4188 3601 4243 ἄπας

2074 4287 2102 4338 6
2140 4283 2341 4352 κόσμος
2371 4283 2448 4352 τῷ
2480 4283 2612 4354 πρὸς
2650 4283 2742 4334 τὸν
2799 4282 3050 4352 Μωάμεθ
3101 4283 3219 4345 ἑνὸς
3271 4282 3475 4350 φθόνῳς
3511 4275 3601 4329 Καὶ

2006 4373 2160 4450 υτίς
2213 4373 2521 4443 παράφρων
2575 4372 2767 4438 οὑτως.
2796 4373 2937 4427 ὥστε
2991 4375 3069 4444 μὴ
3129 4373 3440 4443 λογίσασθαι
3469 4369 3602 4421 τοῦτο

2075 4461 2333 4515 ἀδύνατον
2359 4481 2374 4529 ;
2419 4464 2526 4516 Καὶ
2572 4464 2678 4515 ἀπὸ
2709 4463 2899 4516 τούτου
2929 4465 3283 4530 ἀναφαίνεται
3330 4465 3406 4516 ὅτι
3432 4460 3520 4514 οὑκ
3545 4453 3600 4524 ἦν

2077 4555 2604 4622 καταγεγραμμένον
2628 4556 2688 4605 τὸ
2714 4554 2809 4606 τοῦ
2866 4554 3108 4623 Μωὰμεθ
3150 4555 3314 4622 ὄνομα
3337 4555 3391 4605 ἐν
3409 4553 3480 4620 τῷ
3513 4549 3598 4601 Εὐ·

2076 4641 2337 4711 αγγελίῳ.
2375 4641 2517 4706 Ἔτι,
2576 4644 2625 4694 εἰ
2669 4643 2767 4709 μὲν
2828 4642 3012 4710 ἔλεγον
3050 4645 3099 4695 οί
3163 4643 3488 4710 Ἰσμαηλῐται
3533 4640 3596 4687 ὁτι

2080 4734 2240 4803 μόνον
2271 4736 2326 4784 ὲν
2356 4733 2432 4803 τῷ
2469 4732 2787 4802 Εὑαγγελὶῳ
2815 4732 3105 4800 εὑρίσκετο
3134 4732 3509 4801 γεγραμμένον
3550 4724 3598 4776 τὺ

2075 4822 2170 4876 τοὺ
2222 4823 2464 4892 Μωάμεθ
2497 4823 2684 4891 ὄνομα.
2718 4823 2809 4874 καὶ
2834 4822 3083 4886 ἐξέϐαλον
3119 4824 3250 4876 αὑτὸ
3295 4823 3343 4874 si
3370 4823 3596 4888 Χριστια-

2075 4917 2176 4977 νοὶ,
2209 4915 2300 4966 καὶ
2331 4914 2502 4974 οὕτως
2530 4913 2760 4981 ἁρκεταί
2810 4916 2947 4966 εἰσιν
2977 4915 3034 4966 αἱ
3083 4911 3480 4976 ἁποδείξεις,ἃς
3521 4906 3596 4958 7-i-

2075 5017 2264 5070 γομεν,
2289 5003 2374 5054 ἵνα
2405 5004 2543 5070 φανῇ
2569 5003 2629 5054 τὸ
2660 5001 2876 5071 amen,
2913 5003 2993 5054 ὅτι
3032 5003 3184 5056 οὐδὲν
3222 5004 3456 5070 λέγουσιν
3479 4997 3596 5063 ἁλή-

2080 5088 2231 5142 θειαν
2256 5105 2270 5119 ο
2313 5091 2434 5141 ἐπεὶ
2463 5089 2520 5141 δὲ
2550 5090 2796 5156 λέγουσιν
2821 5091 2902 5142 ὅτι
2933 5094 2990 5143 ἐν
3021 5090 3097 5161 τῷ
3129 5091 3341 5160 παλαιῷ
3363 5089 3435 5157 τῷ
3479 5100 3595 5150 συγ·

2075 5181 2336 5249 γραφέντι
2375 5182 2526 5251 παρὰ
2583 5182 2676 5233 τοὺ
2735 5183 3013 5246 Μωῡσέως
3065 5187 3348 5252 εὑρίσκετο
3381 5194 3593 5248 γεγραμ-

2078 5274 2257 5340 μένον,
2327 5271 2442 5333 πῶς
2509 5271 2762 5338 ἐξέϐαλον
2832 5275 2961 5326 αὐτὸ
3019 5280 3081 5326 εκ
3137 5275 3230 5326 τοῦ
3295 5270 3508 5326 παλαιοῦ
3548 5265 3592 5319 οι

2085 5359 2360 5429 Ἐϐραίοι;
2391 5361 2509 5413 οὐδὲ
2557 5366 2666 5430 γαρ
2695 5361 3008 5430 εὑρίσκεται
3065 5365 3244 5416 ἐκεῖσε
3297 5362 3424 5422 ὅλως
3466 5361 3591 5430 τινος

2073 5456 2302 5520 σημείου
2355 5453 2480 5518 περὶ
2554 5451 2647 5503 τοῦ
2696 5453 2963 5514 Μυιάμεθ.
3008 5455 3116 5507 Καὶ
3148 5453 3255 5506 ἰδοὺ
3284 5453 3351 5513 ὠς
3381 5452 3426 5502 οἱ
3467 5447 3591 5501 Μον-

2075 5545 2362 5609 σουλμάνοι
2400 5543 2639 5609 λέγουσι,
2665 5544 3035 5614 Φθονήσαντες
3062 5546 3112 5596 οί
3145 5544 3461 5610 Χριστιανοὶ.
3486 5537 3586 5597 ἐξέ-

2073 5635 2232 5686 ϐαλον
2257 5635 2312 5685 τὸ
2342 5634 2511 5703 ὖνομα
2549 5633 2781 5689 ἐκείνου.
2812 5635 2875 5688 Ol
2900 5634 2954 5688 δὲ
2999 5634 3238 5704 Ἑϐραῖοι
3269 5632 3439 5694 διατι,
3471 5625 3589 5678 Καί·
