3928 6212
283 265 391 328 55’)

265 374 639 448 .eijudica‘tur,
695 371 775 426 sic
827 386 892 425 ex
933 367 1042 422 'his
1119 366 1511 437 singularibus,

285 470 422 539 legis
448 478 502 522 et
527 465 801 533 Evangelii
829 477 1026 530 scopus
1049 459 1139 520 sit,
1164 474 1495 529 cognoscere
1529 460 1854 528 poterimus,

286 570 343 615 et
373 576 500 612 num
536 559 764 611 alterum
813 552 1156 607 contradicat
1193 552 1372 605 alteri.
1418 551 1713 621 Diligenter
1759 552 1857 606 ita-

289 669 394 722 que
449 651 533 704 his
589 664 707 716 qua:
764 646 1026 698 dicuntur
1082 643 1372 696 attendite.
1427 641 1605 696 Moses
1677 643 1855 696 dicit:

296 765 313 797 ι
353 747 463 796 Non
493 741 768 794 occides”
795 779 809 802 ,
851 757 868 788 ι
920 737 1053 790 dicit
1085 735 1339 789 Christus
1369 751 1380 786 :
1421 753 1439 784 ι
1468 735 1569 799 Qui
1604 734 1861 788 irascitur

290 834 444 888 fratri
475 847 574 885 Suo
618 830 756 899 ignis
789 843 1002 897 pcenam
1029 825 1233 879 subibit
1264 826 1330 877 ⁷⁸.
1367 843 1383 875 ι
1431 824 1496 880 Ει
1535 825 1710 880 Moses
1739 825 1862 892 qui-

288 929 410 981 dem
448 926 583 978 dixit
618 940 631 979 :
676 941 693 973 ι
721 922 836 997 Non
869 918 1088 973 occides
1117 935 1130 970 :
1159 937 1175 967 ι
1212 916 1467 972 Christus
1503 930 1655 981 vero,
1691 935 1708 966 ι
1737 917 1856 970 Non

289 1015 564 1069 irascaris.
607 1032 624 1062 ι
670 1011 882 1066 Novisti
944 1011 1145 1079 igitur,
1206 1007 1351 1077 quod
1407 1007 1583 1075 primo
1639 1007 1861 1077 quidem

290 1109 592 1179 sanguinis,
649 1105 742 1174 qui
799 1105 944 1156 circa
977 1119 1072 1157 cor
1124 1111 1208 1154 est
1267 1101 1321 1154 in
1388 1100 1642 1164 homine,
1702 1100 1865 1154 effer-

291 1199 566 1253 vescentia
598 1197 868 1255 oboritur,
904 1209 1010 1264 qua
1054 1193 1218 1246 homo
1244 1192 1506 1246 incitatur
1547 1190 1613 1245 ad
1645 1191 1866 1245 iracun-

294 1291 463 1351 diam,
501 1305 566 1342 ex
611 1288 813 1357 quibus
845 1299 900 1340 et
935 1287 1048 1353 ipsa
1081 1284 1257 1338 caedes
1294 1284 1564 1354 sequitur.
1595 1282 1698 1349 Qui
1737 1298 1867 1336 vero

288 1385 508 1436 ratione
545 1380 712 1434 animi
755 1388 947 1432 mstum
994 1375 1381 1438 refrenaverit,
1414 1374 1458 1429 si
1491 1390 1599 1428 non
1636 1375 1701 1428 ad
1727 1375 1867 1427 iram

289 1483 599 1529 commotus
637 1470 822 1528 fuerit,
872 1467 1148 1538 quomodo
1189 1467 1241 1520 iu
1279 1466 1442 1521 caedis
1473 1470 1682 1519 crimen
1734 1467 1872 1519 inci-

296 1565 469 1618 dera?
501 1565 564 1616 Et
594 1564 768 1617 Moses
799 1560 1021 1628 quidem
1057 1558 1315 1622 dicendo,
1358 1578 1374 1608 ι
1403 1558 1519 1611 Non
1567 1556 1807 1620 occides,
1846 1577 1864 1609 ι

301 1657 578 1710 hominem
613 1671 642 1708 a
669 1655 812 1709 malo
843 1664 896 1710 et
925 1654 1044 1722 ipso
1075 1659 1300 1720 peccato
1327 1649 1650 1712 absterruit,
1694 1650 1869 1717 ipsum

301 1767 430 1803 vero
458 1765 562 1803 non
589 1747 824 1802 reddidit
850 1747 1152 1814 perfectum
1177 1760 1190 1808 ;
1224 1757 1329 1794 non
1362 1741 1509 1794 enim
1545 1741 1645 1794 hoc
1668 1740 1876 1794 homini

303 1844 532 1896 multum
581 1840 868 1910 profuerit,
900 1840 941 1893 si
978 1854 1006 1891 a
1052 1836 1195 1890 malo
1245 1835 1540 1897 abstineat,
1576 1833 1679 1886 nisi
1712 1832 1878 1887 etiam

301 1935 505 1987 bonum
549 1941 827 2001 operetur.
878 1929 1231 1998 Quapropter
1274 1925 1533 1979 Christus
1577 1939 1684 1977 non
1716 1923 1877 1984 dixit,

211 2057 224 2070 ι
299 2046 326 2076 ιι
363 2027 477 2080 Non
525 2025 764 2086 occides,
806 2043 822 2073 ι
881 2021 1000 2084 sed,
1059 2039 1075 2070 ι
1116 2020 1442 2085 Quicunque
1499 2016 1670 2070 iratus
1715 2015 1884 2069 fuerit

303 2121 459 2173 fratri
497 2135 615 2172 suo.
655 2137 673 2169 ι
703 2127 834 2181 etc.,
873 2114 1137 2168 radicitus
1171 2114 1344 2180 ipsum
1376 2111 1584 2163 crimen
1615 2108 1879 2162 erellens.

297 2213 367 2266 Et
410 2213 494 2265 lex
543 2206 945 2278 quodammodo
994 2205 1232 2257 fructum
1276 2203 1452 2254 aul‘erl
1503 2200 1700 2267 (caedes
1732 2198 1880 2252 enim

303 2307 400 2359 ita:
442 2304 649 2357 fructus
676 2310 779 2366 est)
804 2342 819 2365 ,
857 2297 1112 2355 Christus
1145 2309 1275 2349 vero
1322 2294 1492 2362 ipsam
1540 2290 1748 2360 peccati
1789 2305 1884 2343 ar-

307 2398 494 2451 1ωιϊιη
534 2397 822 2463 exstErpat,
866 2390 919 2445 id
956 2399 1039 2444 est
1077 2387 1244 2442 animi
1281 2396 1472 2440 mstum
1508 2394 1562 2438 et
1606 2383 1762 2438 iram.
1816 2382 1887 2436 Et

309 2492 485 2544 Moses
511 2490 725 2560 quidem
756 2486 964 2548 dicens,
1013 2502 1032 2533 ι
1064 2482 1180 2535 Non
1209 2479 1447 2541 occides,
1478 2496 1494 2527 ι
1532 2477 1584 2531 in
1617 2478 1719 2530 hoc
1752 2491 1884 2530 con-

301 2585 471 2642 stitit,
507 2598 605 2635 nec
643 2580 788 2632 ultro
819 2590 1142 2646 progressus
1170 2582 1301 2642 εει,
1320 2572 1576 2638 Christus
1607 2584 1738 2625 vero
1775 2585 1886 2623 non

300 2681 430 2732 sic:
479 2677 569 2729 sed
616 2689 740 2726 cum
779 2670 957 2724 dicit:
997 2688 1014 2719 ι
1056 2669 1384 2735 Quicunque
1431 2665 1688 2719 irascitur
1731 2661 1887 2717 fratri

313 2785 434 2830 suo.
469 2766 740 2820 obnoxius
809 2771 896 2817 est
959 2761 1218 2830 gehennae
1281 2757 1447 2827 ignis,
1495 2776 1514 2807 δ
1558 2757 1639 2810 sic
1689 2755 1885 2809 addit:

317 2882 342 2911 4
381 2861 514 2914 Cum
545 2856 812 2910 obtulerts
837 2867 1034 2906 munus
1060 2861 1211 2905 tuum
1238 2851 1301 2904 ad
1335 2848 1529 2910 altare,
1557 2857 1612 2900 et
1653 2846 1764 2900 illic
1801 2859 1889 2899 re-

301 2952 561 3006 cordaris
587 2946 732 3018 quod
766 2946 936 2999 frater
967 2953 1093 2996 tuus
1131 2941 1336 3008 aliquid
1365 2939 1563 2992 habeat
1592 2945 1781 2990 contra
1812 2944 1885 2996 te,

1470 256 1798 317 JOANNIS
1835 257 2365 317 CANTACUZENI

3403 255 3494 315 5ἒο

1607 368 1861 435 quisnam
1891 371 1938 430 Α
1967 386 2060 432 κος
2098 371 2239 430 ἄπας
2271 373 2298 423 6
2341 373 2397 421 ἐν
2429 366 2503 438 τῷ
2534 366 2675 436 πίθῳ
2700 359 2840 427 οἶνος
2882 364 3223 434 γινώσκεται,
3250 363 3381 419 οὕτω
3415 367 3498 420 καὶ

1959 459 2067 511 ἀπὸ
2095 459 2300 512 τούτων
2322 459 2429 511 τῶν
2453 457 2692 529 μερικῶν
2707 454 2980 522 δυνάμεθα
3007 454 3223 522 γνῶναι,
3249 454 3326 520 τίς
3367 458 3454 510 ἐστ
3477 473 3502 508 ν

1957 551 1987 603 6
2029 548 2121 602 τοῦ
2172 550 2338 619 νόμου
2397 549 2598 612 σκοπὸς
2651 547 2746 599 καὶ
2797 545 2894 599 τοῦ
2949 544 3293 612 Εὐαγγελίου,
3331 548 3414 598 καὶ
3461 547 3506 598 εί

1959 638 2070 709 ἄρα
2127 639 2430 693 ἀντίκειται
2485 638 2564 708 τῷ
2619 637 2790 705 ἑτέρῳ
2828 635 2889 688 τὸ
2921 635 3124 705 ἕτερον.
3177 635 3281 686 Kal
3333 639 3508 688 σκόπει

1962 731 2205 799 ἀκριϐῶς
2227 733 2290 783 τὰ
2308 717 2776 800 λεγόμενα.Λέγει
2794 726 2996 795 Μωσῆς
3019 742 3032 755 ⁸
3057 743 3076 778 ι
3103 726 3175 779 Οὐ
3194 726 3502 793 φονεύσεις.»

1962 823 2124 889 Λέγει
2150 823 2176 874 ὁ
2205 821 2462 888 Χριστὸς,
2498 839 2517 871 ι
2568 821 2625 874 Ὀ
2655 820 3012 889 ὀργιζόμενος
3034 817 3111 886 τῷ
3134 816 3336 884 ἀδελφῷ
3362 819 3509 870 αξιτοῦ

1964 911 2044 970 εἰς
2069 908 2166 978 τὴν
2194 907 2287 960 τοῦ
2311 909 2482 978 πυρὸς
2515 909 2738 962 κόλασιν
2767 906 3147 960 ἀπελεύσεται.
3193 925 3211 956 ι
3243 906 3347 958 Καὶ
3373 909 3398 957 ό
3427 908 3513 975 μὲν

1963 997 2167 1068 Μωσῆς
2229 991 2418 1061 εἶπεν,
2458 1015 2477 1048 ι
2529 997 2601 1050 Οὐ
2669 995 2982 1063 φονεύσεις·
3037 1014 3054 1046 ι
3106 999 3133 1048 6
3175 996 3230 1048 δὲ
3281 996 3516 1064 Χριστδς,

1973 1107 1992 1142 ι
2040 1088 2193 1154 Μηδὲ
2247 1088 2530 1158 ὀργισθῇς.
2563 1107 2582 1138 ι
2635 1083 2795 1150 Οἶδας
2846 1089 2975 1156 γοῦν
3005 1089 3085 1142 ὅτι
3133 1088 3391 1156 πρότερον
3430 1089 3516 1155 μὲν

1968 1181 2173 1251 γίνεται
2219 1181 2366 1245 ζέσις
2410 1179 2505 1233 τοῦ
2554 1179 2911 1250 περικαρόίου
2959 1181 3190 1249 αἵματος
3233 1181 3288 1231 ὲν
3332 1180 3404 1249 τῷ
3437 1182 3519 1232 ἀν-

1970 1270 2192 1342 θρώπῳ,
2226 1273 2319 1325 καὶ
2350 1271 2635 1340 θυμοῦται,
2668 1271 2858 1324 ἔπειτα
2892 1271 3244 1324 ἐπακολουθεῖ
3268 1273 3438 1339 φόνος.
3469 1272 3522 1322 'U

1967 1365 2024 1418 δὲ
2055 1364 2133 1434 τῷ
2164 1364 2309 1434 λόγῳ
2347 1364 2438 1417 τὸν
2473 1365 2644 1433 θυμδν
2677 1365 3004 1435 χαλινώσας,
3034 1365 3131 1418 ἐὰν
3161 1364 3258 1418 οὐκ
3287 1364 3523 1433 ὀργισθῇ,

1972 1456 2090 1518 πῶς
2127 1455 2279 1518 οὗτος
2330 1457 2410 1517 εἰς
2443 1455 2502 1508 τὺ
2545 1456 2639 1509 τοῦ
2686 1456 2845 1520 φόνου
2887 1457 3212 1526 ἐμπεσεῖται
3263 1455 3528 1522 ἐγκλημις

1973 1549 2084 1601 Καὶ
2131 1545 2302 1600 εἰπὼν
2355 1547 2382 1598 6
2413 1546 2642 1615 Μωσῆς,
2684 1564 2700 1596 ι
2752 1547 2827 1598 Οὐ
2867 1545 3170 1614 φονεύσεις,
3204 1563 3223 1596 ι
3277 1547 3530 1613 ἀπέστησε

1981 1638 2080 1704 μὲν
2104 1639 2198 1691 τοῦ
2223 1637 2396 1691 κακοῦ
2428 1638 2518 1691 τὸν
2547 1638 2834 1708 ἄνθρωπον
2864 1638 2957 1689 καὶ
2980 1637 3080 1705 τῆς
3106 1636 3392 1706 ἁμαρτίας,
3427 1635 3530 1687 ἀλλ’

1980 1728 2080 1780 οὐκ
2112 1727 2366 1798 ἐποίησεν
2393 1727 2554 1794 αὐτὸν
2584 1727 2810 1779 τέλειον.
2843 1728 2918 1779 οὐ
2938 1727 3046 1796 γὰρ
3079 1727 3309 1794 ἀρκετόν
3340 1724 3531 1794 ἐστιτῷ

1983 1818 2258 1888 ἀνθρώπῳ
2291 1818 2547 1885 γενέσθαι
2583 1817 2758 1886 μέγαν
2801 1818 2838 1884 ἠ
2867 1814 2960 1870 τοῦ
2996 1815 3170 1870 κακοῦ
3205 1815 3397 1884 ἀποχὴ,
3431 1815 3534 1869 ἀλλ’

1982 1915 2015 1983 ὴ
2049 1912 2248 1984 πρᾶξις
2294 1912 2387 1965 τοῦ
2419 1911 2646 1981 ἀγαθοῦ.
2682 1911 2783 1965 Διά
2811 1929 2892 1965 τοι
2943 1910 3107 1964 τοῦτο
3145 1913 3238 1964 καὶ
3265 1913 3292 1964 6
3321 1909 3536 1979 Χριστὶς

1982 2004 2082 2056 οὐκ
2109 1998 2282 2069 εἶπεν,
2307 2005 2386 2057 ὅτι
2411 2023 2428 2053 ι
2459 2004 2534 2057 Οὐ
2564 2003 2864 2072 φονεύσεις,
2891 2021 2910 2055 ι
2941 2003 3076 2056 ἀλλά
3114 2021 3133 2053 ι
3161 2003 3272 2064 Πᾶς
3296 2005 3321 2054 6
3343 2001 3541 2074 ὀργιζί-

1987 2112 2146 2164 μενος
2173 2096 2251 2165 τῷ
2273 2095 2436 2148 αὑτοῦ
2460 2094 2696 2165 ἀδελφῷ,
2721 2113 2739 2146 ι
2767 2096 3061 2165 πρόρριζον
3079 2094 3332 2148 ἀνασπῶν
3351 2097 3442 2162 τὴν
3459 2108 3544 2146 κα-

1987 2187 2134 2239 κίαν.
2166 2188 2273 2240 Καὶ
2297 2179 2407 2239 οἷον
2430 2188 2457 2240 6
2488 2187 2586 2255 μὲν
2611 2187 2774 2255 νόμος
2807 2187 2896 2239 τὸν
2922 2187 3135 2257 καρπὸν
3161 2187 3372 2252 ἀναιρεῖ
3402 2185 3546 2256 (καρ-

1986 2277 2085 2338 πὸς
2119 2277 2228 2347 γὰρ
2259 2276 2353 2329 τοῦ
2386 2275 2558 2345 θυμοῦ
2586 2278 2733 2330 ἐστιν
2772 2276 2801 2328 6
2832 2276 3014 2343 φόνος)
3043 2293 3056 2308 ·
3091 2279 3120 2330 6
3153 2276 3210 2328 δὲ
3240 2276 3459 2343 Χριστὸς
3489 2273 3548 2326 τὺ

1983 2367 2199 2436 δένδρον
2246 2366 2460 2438 φθείρει
2509 2367 2603 2436 τῆς
2640 2367 2939 2436 ἁμαρτίας,
2987 2367 3238 2420 τουτέστι
3269 2365 3430 2434 θυμὸν
3457 2365 3543 2418 καὶ

1987 2460 2182 2530 ὀργήν.
2215 2460 2328 2513 Καὶ
2355 2460 2382 2512 ὁ
2434 2458 2533 2528 μὲν
2561 2461 2767 2530 Μωσῆς
2797 2460 2986 2522 εἰπὼν,
3017 2479 3038 2512 ι
3094 2461 3170 2514 Ού
3200 2459 3487 2530 φονεύσεις,
3527 2478 3543 2510 ι

1990 2553 2151 2622 μέχρι
2182 2551 2370 2604 τούτου
2409 2551 2535 2622 ἔστη
2560 2564 2578 2582 °
2611 2551 2638 2602 6
2682 2550 2739 2603 δὲ
2783 2551 3019 2620 Χριστὸς
3065 2551 3167 2620 οὐχ
3202 2550 3390 2612 οὕτως,
3420 2549 3542 2602 ἀλλά

1993 2644 2133 2713 μετὰ
2147 2642 2206 2695 τὸ
2229 2643 2422 2706 εἰπεῖν,
2453 2643 2534 2695 ὅτι
2559 2660 2575 2692 ι
2597 2641 2657 2694 '0
2680 2641 3036 2712 ὀργιζόμενος
3053 2642 3136 2712 τῷ
3164 2641 3371 2711 ἁδελφῷ
3392 2641 3544 2692 αὐτοῦ

1987 2731 2166 2802 ἔνοχός
2185 2733 2331 2784 ἐστιν
2358 2733 2439 2794 είς
2472 2734 2569 2800 τὴν
2598 2733 2816 2798 γέενναν
2842 2731 2935 2786 τοῦ
2955 2729 3186 2799 πυρδ;,›
3223 2730 3392 2792 οὕτως
3413 2731 3551 2797 εἴρη-

1990 2842 2106 2890 κεν,
2136 2826 2218 2877 ὅτι
2248 2841 2268 2874 ι
2293 2824 2417 2876 Ἐὰν
2448 2825 2765 2895 προσφέρῃς
2787 2823 2845 2876 τὸ
2867 2823 3035 2891 δῶρόν
3055 2838 3155 2874 σου
3193 2821 3283 2874 ἐπὶ
3310 2821 3366 2874 τὸ
3387 2821 3553 2872 θυσια-

1993 2917 2237 2985 στήριον,
2255 2915 2417 2968 κάκεῖ
2441 2913 2685 2984 μνησθῇς
2708 2914 2788 2966 ὅτι
2815 2913 2841 2964 6
2865 2911 3093 2979 ἀδελφός
3124 2929 3217 2964 σου
3232 2911 3339 2980 ἔχει
3353 2927 3403 2962 τι
3427 2909 3553 2962 κατᾶ

319 3042 566 3108 relinque
601 3050 802 3090 munus
834 3044 988 3088 tuum
1019 3046 1202 3086 coram
1235 3029 1415 3092 altari,
1447 3038 1502 3082 et
1529 3027 1616 3080 abi
1644 3027 1880 3094 primum

1994 3005 2110 3069 σοῦ,
2134 3007 2268 3074 ἄφες
2292 3007 2408 3059 ἐκεῖ
2427 3007 2487 3058 τὸ
2504 3006 2673 3075 δῶρόν
2712 3021 2806 3057 σου
2829 3003 3140 3071 ἔμπροσθεν
3163 3003 3258 3056 τοῦ
3289 3003 3558 3073 θυσιαστη-

309 3142 374 3186 et
409 3128 778 3184 reconcilieris
825 3140 950 3177 cum
1003 3123 1169 3176 fratre
1207 3131 1320 3184 tuo,
1357 3126 1412 3172 et
1459 3127 1589 3171 tunc
1635 3128 1886 3170 reversus

318 3226 457 3278 clior
499 3235 699 3277 munus
751 3228 904 3272 tutmi
936 3217 1022 3278 7';
1068 3234 1086 3266 ι
1132 3213 1453 3267 charitatem
1499 3209 1682 3263 fratris
1715 3207 1886 3262 sacri-

316 3317 446 3370 ficio
485 3315 762 3368 utiliorem
798 3310 1068 3377 iudicans.
1111 3307 1176 3360 Et
1216 3319 1345 3358 sane
1379 3318 1483 3356 non
1529 3302 1666 3354 dixit
1699 3318 1712 3354 :
1749 3299 1805 3354 Si
1833 3307 1888 3351 tu

1993 3097 2130 3166 ρίου,
2142 3099 2232 3152 καὶ
2246 3099 2444 3165 ὕπαγε,
2467 3097 2682 3168 πρῶτον
2700 3095 3014 3165 διαλλάγηθι
3032 3097 3112 3167 τῷ
3126 3094 3333 3162 ἀδελφῷ
3351 3111 3456 3153 σου,
3476 3095 3555 3145 καὶ

1989 3191 2107 3243 τότε
2133 3191 2322 3254 ἐλθὼν,
2362 3189 2640 3261 πρόσφερε
2678 3191 2739 3243 τὸ
2761 3189 2932 3260 δῶρόν
2980 3205 3072 3241 σου
3095 3205 3112 3220 ⁶
3153 3209 3170 3242 ι
3198 3189 3293 3259 τὴν
3317 3187 3449 3258 μετὰ
3475 3184 3556 3237 τοῦ

1992 3282 2221 3351 ἀδελφοῦ
2269 3283 2486 3352 ἀγάπην
2514 3283 2612 3352 τῆς
2649 3282 2837 3344 θυσίας
2871 3280 3072 3349 κρίνων
3133 3282 3558 3350 συμφερωτέραν.

321 3407 583 3461 habueris
631 3402 835 3470 aliquid
884 3407 1074 3454 eontra
1119 3397 1341 3452 fratrem
1379 3406 1529 3448 tuum
1576 3392 1702 3462 (hoc
1742 3389 1882 3444 enim

1995 3374 2188 3428 Καίτοι
2203 3389 2266 3441 γε
2294 3374 2392 3426 οὐκ
2413 3369 2588 3440 εἶπεν,
2625 3373 2749 3427 Ἐἀν
2781 3373 2906 3443 ἔχῃς
2930 3372 3072 3425 κατά
3098 3371 3193 3424 τοῦ
3215 3368 3436 3439 ἀδελφοῦ
3454 3385 3558 3429 σου,
3591 3364 3602 3384 "

317 3510 444 3552 ante
467 3461 773 3565 prohibuit)
798 3511 810 3558 ;
837 3491 964 3561 quid
1008 3489 1218 3558 igitur?
1255 3505 1272 3535 ι
1327 3485 1382 3540 Si
1422 3461 1676 3538 habuerit
1726 3480 1882 3534 fratet

2002 3464 2162 3518 τοῦτο
2200 3465 2304 3532 γὰρ
2335 3464 2717 3536 προεκώλυσεν
2736 3480 2750 3494 °
2782 3465 2918 3524 ἀλλά
2934 3464 3019 3530 τίς
3054 3480 3075 3514 ι
3099 3464 3229 3517 Ἐὰν
3253 3464 3348 3532 ἔχῃ
3369 3466 3394 3514 6
3412 3461 3562 3515 ἀδελ-

311 3600 450 3644 tnus
491 3597 681 3642 centra
731 3595 801 3638 te.
841 3603 858 3635 ι
913 3583 1028 3637 Non
1071 3581 1218 3634 enim
1274 3580 1421 3633 hunc
1460 3576 1624 3630 modo
1669 3589 1698 3627 a
1751 3572 1882 3625 male

1998 3557 2096 3626 φός
2125 3575 2216 3611 σου
2237 3561 2375 3612 κατά
2390 3557 2506 3610 σοῦ.
2529 3575 2547 3609 ι
2577 3557 2649 3609 Οὐ
2681 3556 2839 3626 μόνον
2859 3555 2966 3624 γὰρ
2983 3553 3175 3609 τοῦτον
3193 3555 3461 3623 ἀπέστησε
3480 3550 3562 3603 τοῦ

307 3681 637 3742 absterruit,
678 3677 773 3733 sed
816 3687 870 3730 et
897 3675 1119 3729 fratrem
1155 3671 1337 3726 curari
1373 3669 1649 3738 pnecepit.

2003 3648 2202 3715 κακοῦ,
2227 3649 2364 3702 ἀλλά
2389 3649 2481 3700 καὶ
2511 3648 2604 3700 τὸν
2633 3647 2861 3714 ἀδελφὸν
2889 3645 3230 3715 θεραπεῦσαι
3257 3646 3562 3714 πεποίηκεν.

393 3775 446 3826 9.
497 3739 639 3825 Dicit
687 3770 740 3823 in
791 3769 908 3837 lege
956 3765 1174 3826 Moses,
1221 3779 1238 3812 ι
1283 3761 1400 3814 Non
1455 3761 1746 3830 peierabis,
1802 3762 1882 3816 set‘

2073 3743 2137 3794 θ’.
2169 3742 2334 3809 Λέγει
2357 3741 2595 3807 Μωῦσῆς
2623 3742 2681 3792 ἐν
2705 3740 2782 3808 τῷ
2814 3741 2984 3808 νόμῳ,
3020 3758 3038 3790 ι
3065 3741 3185 3793 Οὐκ
3208 3739 3512 3816 ἐπιορκήσει
3547 3771 3562 3797 .

325 3866 522 3922 reddes
542 3864 781 3946 .Domino
805 3863 1110 3931 juraineuta
1149 3866 1239 3910 tua
1257 3855 1325 3906 ⁷⁸.
1367 3873 1385 3905 ι
1421 3855 1733 3924 Perjurium
1777 3870 1882 3925 pro

2002 3831 2303 3894 ἀποδώσεις
2337 3831 2393 3884 δὲ
2414 3829 2491 3899 τῷ
2522 3830 2712 3899 Κυρίῳ
2735 3829 2860 3890 τοὺς
2887 3830 3084 3898 ὅρκους
3117 3846 3236 3894 σου,
3281 3848 3300 3880 ι
3334 3829 3428 3896 τὴν
3457 3829 3566 3878 ὲπι-

2007 3941 2025 3946 -
2046 3924 2192 3946 --_l--_,
2223 3925 2446 3946 ----\-'_-_--
2520 3924 2609 3946 _X-.
2645 3923 2697 3946 rx
2724 3922 2882 3946 2-.---.
2917 3922 3217 3946 _....---.--"...
3279 3921 3336 3946 'n
3367 3921 3417 3946 ,τι
3449 3920 3482 3946 ι’
3498 3935 3562 3946 ,μω

315 3925 554 4019 -Ιιὶιμξιιε,⁸
583 3958 956 4026 iuramentqu
997 3947 1272 4002 concedit.
1318 3945 1574 4000 Christus
1613 3954 1793 3999 autem
1843 3946 1882 3998 it

2002 3924 2194 3994 ορκίαν
2223 3925 2466 3986 κωλύων,
2518 3924 2609 3976 τὸν
2643 3923 2699 3974 δὲ
2722 3922 2882 3991 ὅρκον
2915 3922 3240 3990 συγχωρῶν.
3279 3921 3336 3973 '0
3366 3921 3418 3972 δὲ
3446 3920 3564 3987 Χρι-

329 4047 665 4118 Ιιᾷνοιιςοιίυε
710 4063 730 4094 ι
770 4043 847 4096 Ne
880 4043 1028 4109 iures
1079 4037 1326 4100 omnino,
1373 4035 1469 4089 sed
1509 4035 1581 4090 sit
1624 4036 1781 4089 vobis
1824 4037 1882 4089 lt:

2010 4016 2133 4078 στδς
2164 4017 2223 4068 έν
2245 4015 2320 4084 τῷ
2354 4013 2689 4083 Εὐαγγελίῳ.
2716 4031 2734 4064 ι
2767 4013 2858 4082 Μὴ
2887 4013 3081 4081 ὀμόσαι
3111 4011 3270 4072 ὅλως.
3292 4009 3422 4064 Ἀλλ’
3443 4009 3567 4061 ἔστω

655 4098 661 4099 ,
880 4098 895 4109 ,
1314 4098 1320 4100 _

329 4143 429 4202 ita,
457 4148 513 4190 et
538 4136 655 4190 Non
685 4125 793 4185 lion
819 4131 862 4162 ’9
891 4147 905 4193 ;
939 4147 959 4179 ο
985 4121 1242 4196 quidnam
1279 4125 1541 4179 innuente
1567 4125 1671 4180 hoc
1700 4127 1867 4179 verbo

2007 4107 2134 4175 ὑμῖν
2165 4106 2225 4158 τὸ
2256 4106 2364 4158 Ναὶ
2391 4104 2500 4166 ναὶ,
2537 4105 2634 4156 καὶ
2677 4102 2736 4154 τὸ
2765 4099 2840 4154 Οὒ
2879 4100 2940 4153 οὔ
2965 4117 3010 4150 ἰ
3061 4103 3117 4153 τί
3173 4101 3451 4172 δηλοῦντος
3481 4098 3564 4149 τοῦ

324 4246 438 4284 non
480 4227 625 4281 aliud
665 4238 828 4293 quam
871 4229 929 4274 ut
971 4233 1197 4272 veraces
1249 4218 1442 4279 simus,
1488 4225 1544 4270 et
1589 4215 1694 4271 fide
1729 4217 1875 4284 digni

2005 4201 2196 4266 λόγου;
2223 4197 2387 4252 Οὐδὲν
2418 4196 2604 4266 ἕτερον
2631 4195 2665 4266 ἢ
2695 4195 2756 4248 τὺ
2784 4195 3038 4262 γενέσθαι
3065 4195 3292 4261 ἀληθεῖς
3315 4196 3405 4248 καὶ
3435 4193 3567 4256 ἀξιο-

316 4335 387 4378 ιθῑ
436 4332 492 4376 ut
539 4323 662 4375 loco
708 4318 1004 4372 multorum
1041 4315 1480 4383 juratnentorum
1516 4308 1680 4364 verba
1715 4320 1882 4362 nostr:

2012 4293 2260 4355 πίστους,
2305 4291 2401 4343 καὶ
2433 4289 2519 4343 ἵνα
2555 4289 2677 4342 ἀντὶ
2721 4289 2900 4359 ὅρκων
2936 4286 3148 4339 πολλῶν
3183 4283 3286 4340 ῶσι
3321 4286 3478 4339 πιστά
3511 4283 3566 4333 τὰ

325 4415 460 4468 -ιαιίο
503 4411 616 4465 siut
645 4425 765 4478 quae
813 4407 968 4460 fidem
1025 4405 1234 4470 possint
1267 4399 1482 4454 mereri.
1539 4399 1602 4453 Et
1648 4414 1778 4452 sane
1809 4415 1878 4466 qu

2009 4384 2228 4452 ῥήματα
2261 4381 2439 4451 ἡμῶν.
2492 4381 2600 4434 Καὶ
2627 4382 2655 4433 6
2697 4379 2794 4449 μὲν
2829 4380 3046 4449 ὀμνύων
3078 4381 3210 4439 ἴσως
3242 4379 3383 4432 ἑκὼν
3421 4378 3452 4446 ἢ
3484 4375 3569 4426 καὶ

329 4510 500 4576 jurat,
536 4505 619 4558 vel
654 4503 842 4555 Volms
871 4499 953 4552 vel
977 4497 1206 4554 invitus.
1235 4495 1473 4562 iurando
1504 4500 1682 4561 potest
1715 4465 1882 4544 fallen

2000 4473 2149 4525 ἄκων
2201 4471 2348 4524 ἔστιν
2382 4471 2470 4523 ὅτε
2521 4470 2902 4540 παρασφάλλει
2931 4473 2988 4522 ἐν
3018 4469 3096 4539 τῷ
3125 4472 3278 4540 ὅρκῳ
3300 4485 3314 4498 ·
3349 4469 3378 4520 6
3415 4467 3467 4518 δὲ
3501 4465 3566 4535 μὴ

329 4558 408 4576 ..μ
467 4558 500 4566 η
1235 4558 1248 4562 —
1504 4558 1519 4561 —

291 4621 296 4626 ·
326 4606 432 4652 aut
467 4595 577 4649 falli
607 4609 622 4657 ;
660 4593 750 4660 qui
787 4605 914 4643 vero
948 4589 1000 4640 in
1053 4585 1368 4638 universum
1403 4599 1512 4635 nou
1557 4581 1728 4650 jurat,
1783 4596 1878 4649 per

2001 4558 2216 4629 ὀμνύων
2239 4559 2331 4611 τὸν
2358 4560 2456 4628 τῆς
2491 4560 2772 4628 ἐπιορκίας
2801 4559 3135 4627 διαπέφευγε
3168 4558 3435 4611 κίνδυνον.

323 4690 460 4758 .jurii
491 4683 792 4754 periculum
825 4678 1043 4744 eﬂ‘ugit.

414 4780 494 4831 l0.
529 4775 704 4830 Moses
741 4773 882 4826 idem
927 4768 1084 4828 dicit,
1118 4784 1134 4815 ι
1172 4762 1404 4818 Oculum
1441 4776 1538 4828 pro
1565 4760 1744 4824 oeulo,
1779 4759 1913 4810 den-

335 4879 446 4922 tem
495 4882 594 4937 pro
647 4865 809 4918 dente
838 4859 923 4924 3°;
959 4877 978 4908 ι
1044 4871 1145 4910 nec
1179 4853 1321 4908 aliud
1379 4851 1599 4919 reSpicit
1654 4865 1814 4915 quam
1849 4856 1909 4902 ut

331 4966 540 5017 timore
582 4952 967 5011 contentiones
995 4957 1050 5002 et
1083 4961 1294 5017 pugnas
1329 4953 1550 4996 tuutuas
1595 4940 1904 5010 prohibeat.

339 5055 592 5107 Christus
631 5055 814 5100 autem
867 5044 918 5096 iu
973 5038 1305 5108 Evangelio:
1358 5053 1376 5086 ι
1426 5034 1751 5101 Quicunque
1812 5029 1930 5104 tibi\

339 5146 547 5210 alapam
585 5133 848 5190 iullixerit
884 5131 937 5183 in
981 5132 1226 5182 dextram
1277 5125 1549 5179 maxillam
1587 5133 1756 5181 tuam,
1807 5121 1910 5170 ob-

337 5243 489 5286 verte
523 5232 687 5283 iiii—et
739 5227 1004 5283 alterunt;
1046 5231 1100 5273 et
1147 5219 1237 5286 qui
1297 5227 1347 5271 te
1375 5218 1427 5270 in
1459 5213 1727 5284 judicium
1762 5210 1909 5263 volet

340 5340 559 5392 rapere.
607 5330 662 5371 ‹-ι
714 5318 952 5369 tunicam
1006 5322 1150 5364 tuam
1189 5311 1403 5370 tollere,
1458 5308 1673 5360 dimitte
1729 5303 1804 5357 illi
1856 5311 1910 5354 et

345 5417 590 5486 pallium.
659 5412 720 5462 lit
780 5406 1096 5475 quicunque
1163 5413 1213 5455 te
1265 5400 1511 5468 adegerit
1562 5400 1626 5450 ad
1682 5394 1912 5447 Iuilliare

312 5485 540 5565 tollunt,
592 5504 675 5553 alii
719 5513 840 5558 cum
886 5495 977 5548 illo
1016 5494 1125 5546 duo
1159 5491 1224 5544 η’.
1269 5510 1286 5541 ι
1327 5491 1483 5543 Νηιο
1519 5489 1699 5554 itaque,
1745 5495 1794 5536 Ie
1830 5485 1908 5534 iu-

1008 5611 1054 5641 ’¹⁶
1094 5609 1281 5665 Mulli.
1317 5625 1366 5675 ν,
1405 5609 1493 5661 ill.
1601 5607 1645 5636 ⁷⁷
1687 5604 1817 5659 ibid.
1850 5603 1939 5656 “25.

2083 4745 2134 4794 t'.
2184 4739 2351 4805 Λέγει
2389 4737 2416 4788 6
2450 4737 2612 4798 αὐτὸς
2649 4736 2873 4804 Μωσῆς,
2912 4752 2931 4785 ι
2991 4734 3304 4803 Ὀφθαλμὸν
3366 4733 3479 4786 ἀντὶ
3518 4730 3569 4782 ὁ·

2013 4829 2286 4898 φθαλμίιῦ,
2305 4829 2396 4881 καὶ
2426 4829 2611 4881 ὀδόντα
2645 4829 2763 4879 ἀντὶ
2795 4827 3026 4888 ὀδόντος,
3050 4843 3068 4876 ι
3101 4827 3256 4880 οὐδὲν
3278 4825 3403 4877 ἄλλο
3435 4823 3463 4890 ἦ
3489 4821 3566 4872 ἵνα

2011 4924 2089 4993 τῷ
2125 4925 2272 4992 φόϐῳ
2303 4923 2402 4985 τὰς
2436 4923 2569 4990 πρὸς
2607 4921 2872 4990 ἀλλήλους
2909 4920 3082 4988 μάχας
3115 4921 3210 4972 καὶ
3241 4917 3420 4987 ἔριδας
3448 4915 3568 4966 6v:-

2013 5017 2210 5088 τρέψῃ.
2249 5016 2310 5068 '0
2342 5014 2398 5068 δὲ
2428 5015 2660 5083 Χριστὸς
2693 5016 2750 5066 ὲν
2778 5012 2856 5071 τῷ
2884 5011 3222 5079 Εὑαγγελίῳ,
3264 5029 3284 5060 ι
3319 5009 3496 5065 Ὀστις
3514 5017 3564 5053 σε

2022 5108 2226 5179 ῥαπίσῃ
2273 5108 2366 5160 ἐπὶ
2407 5106 2506 5171 τὴν
2535 5105 2712 5171 δεξιὰν
2750 5106 2995 5170 σιαγόνα,
3042 5103 3271 5171 στρέψον
3297 5099 3439 5168 αὑτῷ
3483 5093 3569 5148 καὶ

2021 5200 2117 5270 τὴν
2149 5201 2333 5266 ἄλλην.
2365 5197 2473 5250 Καὶ
2508 5198 2584 5266 τῷ
2616 5197 2819 5249 θέλοντί
2846 5211 2927 5248 σοι
2961 5195 3236 5263 κριθῆναι,
3269 5196 3359 5243 καὶ
3387 5189 3471 5239 τὸν
3494 5202 3568 5254 χιο

2023 5293 2167 5345 τῶνά
2201 5309 2291 5344 σου
2322 5291 2528 5347 λαϐεῖν.
2560 5292 2693 5358 ἄφες
2719 5287 2863 5357 αύτῷ
2887 5291 2978 5340 καὶ
3009 5291 3066 5338 τὸ
3100 5287 3332 5350 ἱμάτιον.
3361 5283 3462 5333 Καὶ
3481 5279 3566 5330 ὅσ-

2021 5403 2100 5442 τις
2129 5402 2185 5437 σε
2211 5382 2526 5452 ἀγγαρεύση
2557 5383 2730 5450 μίλιον
2751 5380 2828 5441 ἒν,
2860 5378 3033 5446 ὕπαγε
3062 5377 3179 5442 μετ’
3205 5375 3366 5427 αύτοῦ
3403 5369 3507 5423 δύο.
3543 5383 3560 5417 ι

2033 5477 2102 5542 Ἑ,
2128 5477 2250 5528 torti:
2269 5492 2350 5537 σε,
2379 5477 2529 5526 ποῖον
2549 5477 2610 5525 ὲκ
2640 5473 2746 5523 τῶν
2774 5471 2865 5524 δύο
2893 5466 3363 5538 παραγγελμάτων
3387 5458 3567 5528 πληροῖ

415 5624 459 5650 ⁷⁸
505 5620 670 5671 Exod.
708 5633 792 5675 χχ,
830 5616 912 5668 13.
1008 5611 1054 5641 ⁷⁸
1094 5609 1281 5665 Mittit.
1317 5625 1366 5675 ν,
1405 5609 1493 5661 ill.
1601 5607 1645 5636 ⁷⁷
1687 5604 1817 5659 ibid.
1850 5603 1882 5655 ‘2

2016 5603 2060 5634 ⁷⁸
2101 5599 2267 5654 Exod.
2299 5613 2387 5662 xx,
2429 5595 2506 5651 16.
2583 5595 2626 5625 ⁷³
2671 5593 2857 5647 Matth.
2903 5607 2953 5657 ν,
2982 5591 3070 5664 ὃξ.
3179 5585 3225 5618 ⁸⁰
3270 5579 3435 5636 Exul.
3465 5585 3568 5640 xm

333 5696 390 5746 *5
431 5692 621 5752 Matth.
655 5705 708 5752 ν,
739 5687 927 5740 5961.
