3928 6212
413 359 515 426 565

1321 362 1619 426 CONTRA
1657 357 2143 421 MAHOMETEM
2187 355 2554 417 APOLUGIA
2600 358 2692 418 IV.

3512 335 3630 422 566

414 472 569 539 ἐδόθη
621 470 718 540 μὲν
766 467 948 537 ιη’-ὀἶς
998 474 1185 543 νόμος,
1236 474 1593 541 παιδαγωγῶν
1638 472 1834 532 αὐτοὺς
1885 470 1975 522 καὶ

2080 484 2266 535 agens.
2299 478 2355 522 et
2384 469 2505 522 illos
2532 482 2560 519 ιι
2591 477 2731 521 terra
2772 466 3087 522 subducens
3116 467 3271 537 quasi
3314 467 3367 521 in
3399 467 3636 537 primum

414 563 626 629 ἀνάγον
656 566 761 617 ὀ.πὸ
790 567 889 635 τῆς
922 567 1025 635 γῆς
1050 607 1064 629 ,
1097 567 1284 638 ὥσπερ
1318 568 1410 620 ἐπὶ
1440 568 1537 634 τὴν
1573 566 1793 633 πρώτην
1826 562 1970 633 βαθ-

415 653 541 722 μίδα
572 655 670 723 τῆς
705 656 970 725 κλίμακος
990 698 1004 719 ,
1038 658 1319 711 τουτέστιν
1353 654 1606 709 ἀνασπῶν
1638 655 1835 715 αὐτοτις
1867 651 1972 705 ἀπὸ

414 746 522 799 τῶν
553 746 763 798 πολλῶν
796 749 888 801 καὶ
927 750 1175 816 μεγάλων
1209 748 1447 811 κακιῶν,
1485 750 1578 800 καὶ
1607 749 1706 816 τῆς
1740 748 1870 814 γῆς,
1905 741 1972 815 ἦς

414 837 804 897 ἐκυλινδοῦντο.
831 840 929 891 οὐκ
952 839 1182 908 ἠδύνατο
1206 841 1261 893 δὲ
1287 842 1433 908 ὅμως
1461 841 1755 905 ἀναγαγεῖν
1778 837 1972 897 αὐτοὺς

415 928 501 993 ἐφ’
528 928 658 997 ὃλην
689 930 787 996 τὴν
821 929 1085 998 κλίμακα.
1121 932 1195 983 Τὸ
1228 932 1283 983 δὲ
1319 931 1651 999 Εὐαγγέλιον
1684 929 1971 981 ἀνεὸίεασε

412 1023 501 1071 την
530 1020 815 1089 ἄνθρωπον
834 1061 848 1085 ,
882 1021 975 1074 καὶ
1005 1023 1256 1074 ἐκάθισεν
1288 1022 1451 1074 αὑτὸν
1482 1021 1572 1074 ἐπὶ
1601 1021 1699 1088 τὴν
1729 1020 1826 1086 τῆς
1856 1018 1974 1069 κλί-

414 1124 590 1175 μῑκος
618 1111 880 1179 κορυφὴν,
907 1111 1023 1179 ἥτις
1055 1112 1352 1178 ἐφικνεῖται
1380 1111 1483 1172 ἕως
1508 1109 1603 1162 τοῦ
1629 1109 1874 1177 οὐρανοῦ.
1903 1110 1974 1160 Τὸ

412 1204 524 1264 γὶρ
558 1200 777 1262 ἀσθενὲς
810 1200 902 1252 τοῦ
937 1202 1101 1269 νόμου
1132 1205 1226 1253 καὶ
1258 1201 1514 1253 ἀδύνατον
1546 1200 1606 1252 τὸ
1643 1199 1974 1265 Εὑαγγέλιον

411 1290 785 1357 ἀνεπλήρωσε,
816 1291 998 1345 καθὼς
1030 1292 1427 1344 ἀποδέδεικται.
1463 1293 1520 1343 ’0
1551 1291 1658 1357 γὰρ
1689 1290 1886 1357 Κύριος
1918 1291 1975 1340 ἐν

409 1382 522 1439 τοῖς
564 1381 910 1446 Εὑαγγελῖοις
952 1382 1149 1434 οὑτωσί
1196 1400 1379 1451 φησιν.
1430 1400 1449 1433 ι
1497 1381 1638 1449 Ἐγὼ
1676 1382 1775 1435 οὐκ
1814 1376 1976 1449 ἦλθον

408 1468 709 1522 καταλῦσαι
734 1474 823 1522 τὸν
848 1472 1032 1539 νόμον,
1061 1474 1194 1525 ἀλλὰ
1222 1473 1527 1541 πληρῶσαι.
1562 1490 1578 1521 ι
1613 1472 1724 1539 Πρὸ
1748 1471 1856 1540 γὰρ
1881 1471 1974 1523 τοῦ

414 1555 747 1620 Εὑαγγελίου
797 1558 1223 1624 συνεγινώσκετο
1264 1561 1291 1611 6
1336 1559 1475 1627 ἔχων
1518 1558 1721 1625 πλῆθος
1767 1558 1975 1609 κακῶν

415 1646 555 1711 μετά
581 1646 635 1698 δὲ
674 1646 733 1698 τὸ
766 1648 1089 1715 Εὑαγγέλιον
1116 1651 1560 1720 ἐπαρρησιάσατο
1589 1652 1622 1718 ή
1650 1649 1745 1717 τῆς
1778 1649 1979 1718 παρθε-

409 1735 529 1797 νίας
559 1737 817 1802 πολιτεία,
847 1741 939 1791 καὶ
966 1741 1306 1821 εὑρίσκονται
1335 1741 1508 1809 πλήθη
1537 1740 1740 1811 ἄπειρα
1769 1739 1976 1807 ἀνθρώ-

412 1842 531 1878 πων
565 1828 873 1894 παρθένων,
912 1832 1184 1896 γυναικῶν
1217 1848 1276 1883 τε
1318 1834 1409 1883 καὶ
1450 1831 1678 1898 ἀνδρῶν.
1721 1831 1823 1882 Ἐῶ
1864 1833 1971 1901 γὰρ

410 1914 589 1981 λέγειν
624 1919 751 1985 περὶ
785 1919 892 1970 τῶν
923 1920 1185 1974 τοιούτων
1217 1922 1303 1975 διὰ
1339 1922 1398 1973 τὸ
1432 1921 1563 1975 πολὺ
1598 1922 1696 1989 τῆς
1729 1924 1907 1991 γραφῖ
1921 1940 1967 1985 ς.

415 2006 598 2075 Πλήθη
638 2008 742 2075 γὰρ
780 2010 1115 2077 Χριστιανῶν
1149 2012 1281 2076 ζῶσι
1320 2012 1434 2081 βίον
1468 2013 1774 2079 ἀγγελικόν.
1811 2009 1972 2075 Οἶδας

416 2096 533 2157 πῶς
567 2098 593 2146 ὁ
629 2098 787 2160 αὐτὸς
825 2102 913 2151 καὶ
947 2095 1024 2162 εἷς
1061 2103 1221 2168 νόμω
1256 2106 1403 2154 ἐστὶν
1449 2105 1476 2155 ὁ
1532 2102 1682 2169 παρά
1714 2102 1807 2155 τοῦ
1842 2104 1972 2156 Μω-

414 2190 552 2250 σέως
582 2190 753 2253 δοθεὶς
784 2192 1030 2254 παλαιὸς,
1062 2196 1153 2245 καὶ
1183 2196 1210 2245 6
1240 2194 1390 2264 παρὰ
1419 2195 1510 2247 τοῦ
1541 2195 1776 2264 Χριστοῦ
1808 2197 1865 2247 ἐν
1898 2195 1972 2265 τῷ

420 2282 769 2351 Εὑαγγελίῳς
814 2287 912 2336 Καὶ
958 2284 1145 2355 ὥσπερ
1185 2303 1266 2346 τις
1308 2286 1560 2351 βασιλεὺς
1605 2286 1827 2353 πέμψας
1868 2286 1973 2336 τινὶ

424 2373 581 2441 δούλῳ
614 2376 921 2441 νομίσματα
956 2377 1110 2428 πέντε
1132 2416 1146 2438 ,
1180 2372 1329 2430 εἶπεν
1359 2376 1506 2445 αὐτῷ
1526 2419 1539 2440 ,
1574 2376 1972 2445 Πραγματεῦου

430 2467 511 2513 καὶ
538 2465 745 2531 ἐνέργει
775 2465 839 2516 δι’
863 2467 1061 2532 αὐτῶν,
1088 2467 1189 2528 ἓως
1218 2470 1282 2520 ἂν
1310 2468 1647 2536 ἐπιδημήσω’
1678 2468 1706 2519 ὁ
1732 2468 1787 2519 δὲ
1817 2468 1974 2536 εὐχα-

424 2555 675 2621 ριστήσας
707 2556 798 2605 καὶ
828 2555 1006 2607 λαϐὼν
1026 2597 1041 2621 ,
1076 2558 1291 2627 ἐνήργει
1315 2574 1331 2589 ’
1367 2559 1505 2626 μετὰ
1534 2558 1591 2610 δὲ
1624 2559 1679 2611 τὸ
1708 2559 1974 2629 ἐπιδημῆ-

419 2658 545 2706 σαι,
578 2645 738 2696 πάλιν
773 2646 969 2699 δέδωκε
1003 2649 1135 2717 πρὸς
1166 2649 1256 2701 τὸν
1288 2650 1449 2702 αὐτὸν
1477 2650 1660 2703 δοῦλον
1689 2652 1779 2702 καὶ
1811 2652 1974 2720 ἕτερα

416 2735 632 2795 ἑκατὸν,
676 2739 767 2788 καὶ
809 2740 869 2790 οὐ
916 2742 1064 2806 παρὰ
1107 2738 1265 2792 τοῦτο
1308 2740 1574 2810 ἐστερήθη
1619 2743 1825 2803 ἐκεῖνος
1866 2743 1973 2793 τῶν

416 2826 601 2887 πέντε,
631 2828 762 2879 ἀλλά
790 2830 846 2879 τὸ
877 2830 975 2897 μὲν
1001 2831 1171 2899 ὄνομα
1195 2833 1302 2885 τῶν
1334 2833 1491 2884 πέντε
1527 2833 1757 2901 ἐλειψεν,
1785 2835 1887 2885 είσ“.
1918 2834 1974 2887 δὲ

411 2911 567 2975 ὅμως
610 2915 702 2964 καὶ
742 2915 879 2965 αὐτὰ
911 2916 977 2967 τὰ
1024 2918 1182 2969 πέντε
1228 2919 1375 2980 ἐντὸς
1410 2919 1513 2969 τῶν
1548 2921 1739 2972 ἐκατδν
1772 2920 1972 2971 πολλα·

413 2999 564 3058 πλῶς
591 3016 604 3029 ’
649 3002 740 3052 καὶ
781 3002 867 3053 ὅτε
908 3003 1231 3071 ὀνομάζεται
1270 3006 1298 3057 ὁ
1338 3005 1444 3058 τῶν
1487 3007 1678 3060 ἑκατὸν
1720 3007 1972 3075 ἀριθμδς,

411 3091 722 3158 ἐξαιάγκης
751 3092 962 3145 σύνεστι
990 3096 1081 3146 καὶ
1100 3099 1295 3148 νοεῖται
1327 3099 1418 3149 καὶ
1448 3096 1475 3147 6
1503 3095 1607 3148 τῶν
1640 3096 1795 3149 πέντε
1814 3097 1967 3164 ἀριθ-

412 3181 523 3248 μὸς
574 3181 709 3247 μετά
750 3181 857 3234 τῶν
896 3183 1091 3236 ἑκατόν
1114 3200 1127 3213 ’
1158 3184 1300 3237 οὕτω
1331 3186 1421 3235 καὶ
1452 3184 1543 3236 ἐπὶ
1570 3185 1661 3236 τοῦ
1689 3187 1852 3253 νόμου
1883 3185 1975 3239 καὶ

405 3269 508 3321 τοῦ
538 3271 889 3338 Εὐαγγελίου.
920 3273 977 3326 '0
1005 3274 1103 3342 μὲν
1130 3276 1289 3342 νόμος
1315 3276 1553 3345 ἧργησεν
1579 3275 1937 3343 ὀνομάζεσθαι
1956 3287 1971 3304 ⁸

408 3360 532 3413 ἐστι
567 3361 623 3414 δὲ
654 3363 1095 3432 ὁμολογουμένως
1130 3368 1277 3426 ἐντδς
1311 3364 1404 3417 τοῦ
1450 3364 1787 3432 Εὐαγγελίου
1823 3368 1850 3418 6
1878 3364 1973 3417 τοῦ

406 3453 585 3522 νόμου
615 3456 835 3517 σκοπὸς,
864 3456 955 3509 καὶ
981 3457 1279 3524 ἐνεργεῖται
1308 3440 1644 3518 πολλαπλῶς,
1676 3454 1859 3516 καθὼς
1884 3455 1977 3508 καὶ

406 3548 469 3597 ἐν
502 3548 617 3607 τοῖς
650 3546 958 3615 ἔμπροσθεν
990 3548 1095 3618 πρὸ
1126 3547 1308 3614 ὀλίγου
1344 3548 1589 3614 ιῐπομεν.
1623 3546 1738 3599 Κᾶν
1771 3548 1978 3609 ἐκεῖνος

408 3638 521 3707 μὲν
547 3638 809 3706 ήργησεν,
837 3638 896 3690 οὐ
932 3637 1036 3707 μὴν
1061 3638 1137 3701 ὡς
1162 3638 1349 3703 κακὸς,
1380 3636 1493 3690 ἀλλ’
1517 3636 1591 3699 ὡς
1617 3636 1758 3689 κατὰ
1786 3636 1845 3690 τὸ
1876 3652 1979 3688 πα-

408 3733 512 3800 ρὸν
544 3730 822 3799 ἀνωφελὴς
844 3771 858 3795 ,
893 3732 987 3783 καὶ
1020 3732 1214 3800 χρῆσιν
1251 3731 1326 3800 μὴ
1362 3732 1519 3800 ἔχων.
1557 3731 1665 3784 Καὶ
1698 3730 1887 3799 ὥσπερ
1918 3732 1977 3784 ἐν

409 3821 697 3892 βαθυτάτῃ
741 3822 929 3892 σκοτίᾳ
972 3822 1143 3892 μέση;
1184 3824 1375 3884 νυκτὸς
1416 3821 1613 3890 σελήνη
1653 3822 1881 3887 φανεῖσα
1920 3820 1979 3872 τὸ

408 3913 519 3982 μὲν
559 3912 696 3981 βαθὺ
734 3914 829 3964 τοῦ
868 3913 1093 3975 σκότους
1130 3912 1579 3982 παρεμυθήσατο,
1616 3910 1708 3963 τὸν
1745 3910 1800 3963 δὲ
1840 3911 1979 3978 ἀέρα

406 4002 677 4070 φωτεινδν
702 4002 802 4056 οὐκ
830 4004 1087 4072 ἐποίησεν
1116 4021 1129 4033 ·
1160 4006 1187 4057 6
1214 4003 1361 4074 ἥλιος
1389 4002 1445 4056 δέ
1476 4003 1759 4065 ἀνατείλας
1787 4001 1976 4054 τοσοῦ-

403 4109 508 4147 Ιιον
545 4093 644 4162 τὴν
681 4094 1010 4162 οἰκουμένην
1050 4094 1336 4162 ἐφώτισεν,
1370 4093 1507 4147 ὥστε
1549 4096 1641 4147 καὶ
1679 4093 1771 4145 τὸν
1812 4094 1869 4145 ἐν
1903 4090 1978 4161 τῷ

403 4190 537 4255 ἀέρι
569 4188 894 4240 λεπτότατον
925 4186 1200 4255 κονιορτὸν
1232 4187 1294 4238 ἐκ
1322 4187 1421 4255 τῆς
1450 4183 1543 4236 τοῦ
1579 4184 1727 4253 ήλίου
1763 4185 1978 4241 ἀκτῖνος

401 4280 572 4347 δῆλον
608 4278 899 4345 γενέσθαι·
948 4280 1038 4330 καὶ
1081 4278 1115 4347 ή
1163 4276 1263 4345 μὲν
1301 4277 1498 4345 σελήνη
1540 4275 1599 4327 τὸ
1640 4274 1771 4329 ίδιον
1807 4274 1979 4342 αὐτῆς

2003 1789 2047 1849 Β

2073 559 2232 612 scala:
2273 559 2522 627 gradum,
2556 558 2657 611 hoc
2702 568 2786 611 est
2835 558 3161 612 abstrahens
3213 558 3334 612 illos
3373 572 3400 610 a
3451 558 3637 611 multis

2071 656 2125 700 et
2150 648 2458 716 ingentibus
2480 647 2649 707 vitiis,
2675 656 2727 699 et
2752 662 2780 699 a
2812 657 2954 701 terra
2984 650 3034 700 in
3071 663 3176 716 qua
3207 648 3600 701 volutabantur
3622 687 3634 706 .

2075 750 2180 789 non
2232 745 2409 789 tamen
2460 736 2582 791 illos
2633 738 2700 791 ad
2724 737 2880 791 scala:
2927 739 3292 793 summitatem
3340 737 3640 806 perducere

2075 827 2269 893 potuit.
2324 826 2678 896 Evangelium
2731 843 2862 880 vero
2910 828 3183 881 hominem
3234 828 3429 891 evexit,
3484 837 3537 879 et
3582 828 3637 880 in

2073 930 2346 968 summum
2376 915 2658 969 collocavit
2686 917 2844 970 scala:
2868 915 3319 985 fastigium,quod
3349 917 3415 969 ad
3439 917 3637 969 calum

2076 1021 2245 1072 usque
2295 1006 2571 1075 pertingit.
2616 1006 2768 1071 Quod
2801 1010 2944 1060 enim
2982 1007 3035 1059 in
3064 1008 3177 1076 lege
3210 1008 3485 1059 inﬁrmum
3522 1016 3641 1059 erat

2073 1102 2129 1147 et
2178 1095 2547 1161 impossibile,
2607 1095 2963 1164 Erangelium
3010 1096 3279 1164 implevit,
3329 1097 3487 1149 sicuti
3545 1096 3642 1148 de-

2078 1194 2439 1238 monstratum
2478 1195 2584 1239 est.
2633 1187 2893 1240 Dominus
2946 1189 3088 1240 enim
3126 1187 3179 1240 in
3216 1187 3521 1255 Evangeliis
3563 1190 3642 1242 sic

2075 1274 2187 1326 ait:
2230 1293 2248 1325 ι
2287 1274 2409 1328 Non
2439 1276 2563 1329 veni
2610 1286 2668 1329 ut
2712 1277 2884 1345 legem
2934 1276 3235 1339 destruam,
3285 1278 3378 1330 sed
3429 1287 3487 1330 ut
3541 1278 3641 1345 im-

2076 1367 2252 1435 pleam
2286 1368 2350 1420 “.
2393 1385 2411 1418 ι
2467 1368 2608 1423 Ante
2654 1368 2932 1438 Evangelii
2976 1370 3123 1424 enim
3186 1381 3433 1440 tempora
3479 1371 3643 1425 simul

2075 1459 2506 1525 cognoscebatur
2530 1462 2755 1529 quinam
2822 1460 3077 1515 vitiorum
3116 1462 3465 1517 multitudine
3495 1474 3642 1518 esset

2076 1544 2329 1604 obrutus.
2375 1551 2504 1604 Post
2556 1551 2720 1621 hujus
2749 1567 2876 1606 vero
2916 1554 3390 1607 annuntiationem
3419 1594 3432 1614 ,
3470 1554 3643 1607 libere

2052 1634 2197 1694 sese
2240 1640 2570 1709 virginitatis
2623 1644 2807 1709 politia
2860 1644 3101 1712 protulit,
3144 1653 3201 1697 et
3249 1644 3523 1696 innumeri
3574 1659 3642 1696 ex

2080 1728 2397 1785 hominibus
2459 1731 2700 1801 virgines
2745 1734 3102 1787 inveniuntur
3149 1744 3205 1788 et
3253 1733 3537 1787 muliebris
3587 1746 3642 1787 et

2077 1822 2251 1876 virilis
2283 1836 2462 1876 sexus.
2486 1822 2673 1878 Cesso
2721 1834 2898 1878 tamen
2946 1826 3013 1879 de
3066 1826 3150 1879 his
3199 1826 3381 1879 dicere
3418 1836 3643 1894 propter

2075 1912 2297 1969 nimiam
2324 1913 2730 1968 verbositatem.
2763 1916 2986 1970 Plurimi
3027 1917 3172 1969 enim
3202 1914 3640 1967 Christianorum

2074 2005 2238 2054 vitam
2292 2013 2457 2072 agunt
2512 2004 2835 2072 angelicam.
2884 2004 3167 2059 Novistine
3242 2014 3422 2057 autem
3492 2019 3640 2056 nunc

2074 2090 2349 2157 quomodo
2380 2107 2487 2143 una
2533 2092 2830 2158 eademque
2882 2092 2966 2145 lex
3017 2094 3087 2146 sit
3135 2093 3222 2146 illa
3272 2109 3299 2143 τι
3355 2092 3496 2145 Mose
3530 2094 3639 2144 lata

2074 2183 2400 2251 antiquitus,
2440 2192 2495 2236 et
2524 2198 2686 2250 quam
2731 2183 2985 2236 Christus
3033 2184 3083 2235 iu
3138 2182 3433 2251 Evangelia
3480 2182 3642 2235 tulit?

2077 2270 2142 2322 Et
2188 2271 2649 2338 quemadmodum
2714 2287 2806 2323 rex
2861 2271 3060 2339 aliquis
3113 2273 3294 2324 missis
3326 2286 3486 2323 servo
3537 2286 3639 2324 suo

2075 2368 2312 2415 nummis
2352 2363 2594 2431 quinque
2639 2363 2771 2416 dicit
2819 2362 2917 2423 illi,
2967 2362 3257 2430 Negotiare
3308 2371 3365 2414 et
3409 2376 3573 2430 Opera
3608 2379 3640 2417 e

2075 2469 2197 2507 cum
2232 2453 2335 2518 his,
2371 2454 2609 2521 quandiu
2644 2468 2866 2521 peregre
2898 2450 3143 2505 abluero.
3176 2448 3273 2504 llic
3298 2466 3425 2504 vero
3451 2452 3641 2517 gratiis

2075 2544 2227 2598 actis-
2253 2543 2468 2612 aecipit,
2501 2550 2557 2597 et
2578 2544 2905 2611 negotiatur.
2937 2541 3071 2596 Cum
3103 2555 3230 2594 vero
3275 2540 3457 2593 denuo
3498 2559 3632 2611 per-

2074 2651 2199 2704 egre
2237 2629 2513 2704 profectus
2541 2634 2714 2688 fuerit.
2743 2650 2862 2697 rex,
2937 2632 3113 2686 eidem
3148 2646 3304 2685 servo
3344 2632 3481 2685 alios
3514 2648 3642 2686 ceno

2078 2738 2190 2781 tum
2221 2727 2465 2791 tradidit,
2496 2743 2596 2782 nec
2630 2739 2917 2796 propterea
2947 2728 3187 2796 quinque
3219 2729 3305 2782 his
3341 2728 3429 2782 ille
3458 2730 3642 2798 priva-

2078 2827 2164 2871 tus
2210 2827 2342 2872 est:
2390 2817 2484 2872 sed
2531 2832 2725 2871 nomen
2766 2816 2985 2885 quidem
3020 2821 3261 2886 qu‘nque
3296 2834 3640 2873 nummorum

2076 2908 2296 2971 defecit,
2331 2909 2695 2962 nihilominus
2731 2919 2910 2961 tamen
2962 2909 3017 2962 lti
3049 2910 3292 2979 quinque
3330 2910 3643 2980 multiplici-

2077 3009 2159 3053 ter
2206 3001 2257 3052 in
2292 2998 2423 3067 ipsis
2462 3006 2682 3051 centum
2726 3000 3114 3062 continentur;
3144 3009 3200 3053 et
3250 3014 3373 3053 cum
3422 3009 3639 3055 centum

2080 3104 2425 3142 nummorum
2474 3104 2740 3142 numerus
2781 3090 3114 3154 nominatur,
3163 3091 3473 3145 necessario
3516 3104 3639 3144 cum

2080 3180 2166 3233 his
2190 3178 2519 3246 coniunctus
2544 3189 2624 3234 est
2652 3190 2706 3233 et
2733 3195 2837 3233 una
2868 3180 3192 3249 intelligitur
3213 3181 3449 3248 ipsorum
3480 3181 3643 3249 quin-

2077 3280 2184 3334 que
2228 3255 2489 3321 tiumerus
2523 3283 2628 3320 una
2659 3283 2781 3321 cum
2825 3269 3110 3321 centenis:
3143 3270 3255 3329 sic.
3294 3269 3536 3337 inquam,
3585 3270 3640 3324 in

2038 3350 2041 3353 ’
2077 3356 2193 3427 lege
2240 3365 2297 3412 et
2345 3358 2638 3427 Evangelia
2667 3359 2955 3427 contingit.
2986 3359 3095 3413 Lex
3131 3360 3351 3428 quidem
3385 3359 3642 3430 abrogata

403 4370 528 4437 φῶς
556 4368 657 4419 οὐκ
687 4367 995 4429 ἀπώλεσεν,
1025 4364 1231 4435 ἀφανὲς
1261 4364 1317 4417 δέ
1348 4364 1497 4433 ὅμως
1529 4363 1743 4431 ἐγένετο
1768 4362 1853 4414 διὰ
1879 4362 1978 4431 τὴν
2014 4386 2021 4392 υ

402 4461 508 4514 τοῦ
548 4460 699 4528 ἡλίου
736 4459 1132 4527 λαμπρότητα·
1174 4455 1316 4508 οὓτω
1352 4456 1443 4506 καὶ
1485 4455 1578 4505 ἐπὶ
1613 4451 1705 4505 τοῦ
1746 4451 1975 4504 παλαιοῦ

2081 4442 2208 4495 luna
2236 4442 2456 4511 quidem
2493 4444 2717 4497 insitum
2750 4445 2855 4498 sibi
2891 4447 3282 4514 propriumque
3315 4446 3500 4499 lumen
3538 4461 3645 4499 non

404 4554 601 4620 νόμου,
629 4554 721 4603 καὶ
748 4550 840 4603 τοῦ
871 4547 1224 4616 Εὑαγγελίου.
1261 4546 1319 4599 ’0
1350 4546 1447 4614 μὲν
1476 4544 1701 4604 παλαιὸς
1727 4545 1890 4612 νόμος
1916 4543 1976 4595 τὸ

402 4648 512 4713 τῆς
561 4643 999 4711 εἰδωλολατρείας
1048 4640 1235 4701 σκότος
1288 4635 1611 4701 ἀπεδίωξεν,
1657 4636 1716 4687 οὐ
1765 4637 1871 4704 μὴν
1916 4633 1975 4687 δὲ

405 4736 647 4804 ὴδ,νατο
687 4734 919 4802 φωτίσαι
961 4733 1053 4785 καὶ
1086 4729 1368 4782 τελειῶσαι
1401 4730 1496 4791 τὰς
1530 4728 1637 4779 τῶν
1672 4726 1975 4794 ἀνθρώπων

404 4826 587 4893 ψυχάς
617 4839 632 4852 ο
666 4824 726 4874 τὸ
755 4822 813 4873 δὲ
850 4821 1178 4886 Εὑαγγέλιον
1206 4818 1464 4885 ἐφώτισε,
1499 4816 1591 4868 καὶ
1626 4814 1849 4878 ἐδίδαξε,
1883 4815 1977 4868 καὶ

407 4912 721 4973 ἐτελείωσε,
751 4909 843 4961 καὶ
874 4911 951 4970 εἰς
981 4910 1070 4959 τὸν
1096 4908 1323 4975 οὐρανὸν
1348 4905 1590 4974 ἀνήγαγε
1619 4905 1743 4965 τοὺς
1772 4901 1982 4969 ἀνθρώ·

408 5020 572 5063 reo-4;,
618 5001 715 5053 καὶ
754 5002 846 5052 τὸν
895 4998 1243 5066 παράδεισον,
1288 4995 1347 5047 ὃν
1393 4996 1421 5044 ὁ
1474 4994 1771 5061 προπάτωρ
1812 4991 1980 5060 Ἀδὰμ

407 5093 687 5153 ἀπώλεσε,
726 5090 914 5143 τοῦτον
952 5090 1132 5149 αὐτοῖς
1172 5084 1484 5156 ἐχαρίσατο.
1528 5084 1638 5135 Καὶ
1676 5083 1761 5144 τίς
1801 5080 1977 5142 οὕτως

409 5183 618 5244 ἄθλιος,
646 5183 729 5234 ὅτι
756 5182 814 5233 τὸ
847 5182 943 5248 μὲν
974 5179 1299 5245 Εὐαγγέλιον
1326 5178 1501 5245 ἀφεὶς,
1534 5172 1852 5242 ἐπιστρέψει
1883 5170 1977 5222 ἐπὶ

408 5279 509 5327 τὴν
535 5275 715 5343 νόμον,
744 5275 837 5325 καὶ
861 5266 972 5324 οἷον
997 5271 1184 5338 ὥσπερ
1209 5271 1289 5322 ἐτι
1316 5268 1375 5331 ἐξ
1404 5267 1565 5335 ἄλλης
1590 5265 1765 5335 ἀρχῆς
1791 5262 1976 5315 ἐπιθυ-

415 5370 586 5435 μήσει
615 5363 909 5435 τρέφεσθαι
938 5363 1168 5429 γάλακτι
1196 5361 1268 5423 ὡς
1303 5359 1501 5429 βρέφος
1523 5397 1539 5422 ,
1570 5358 1661 5409 καὶ
1691 5357 1751 5406 οὐ
1786 5352 1981 5422 στερεᾷ

409 5460 590 5525 τροφῇ
634 5459 703 5519 ὡς
746 5458 880 5524 ἀνὴρ
902 5497 917 5520 ,
950 5455 982 5524 ἢ
1016 5454 1091 5516 ὡς
1127 5454 1334 5505 παιδίον
1368 5451 1468 5519 τὴν
1502 5447 1837 5517 στοιχείωσιν
1871 5444 1981 5495 τῶν

415 5550 763 5617 γραμμάτων
789 5549 1034 5616 ζητήσει,
1058 5546 1155 5598 καὶ
1181 5545 1277 5613 οὐχ
1303 5542 1377 5605 ὡς
1401 5540 1605 5595 τελείου
1636 5538 1982 5608 φρονήματος

494 5728 537 5760 ⁸⁸
571 5728 759 5783 Matth.
798 5743 849 5793 ν,
896 5726 975 5781 l7.

2078 3447 2299 3508 dicitur.
2331 3448 2469 3501 citra
2500 3449 2936 3503 controversiam
2974 3458 3151 3502 tamen
3204 3450 3255 3501 in
3293 3450 3411 3517 ipso
3464 3449 3645 3501 Evan-

2080 3538 2219 3607 gelio
2250 3539 2563 3592 continetur
2591 3538 2761 3606 ipsius
2806 3538 2941 3607 legis
2994 3538 3140 3602 ﬁnis,
3170 3548 3227 3593 et
3268 3538 3644 3606 multipliciter

2080 3627 2134 3681 in
2170 3628 2273 3681 hoc
2310 3637 2590 3696 operatur,
2637 3626 3102 3696 quemadmodum
3144 3627 3304 3694 paulo
3344 3635 3471 3681 ante
3503 3627 3642 3682 dixi-

2079 3734 2220 3774 mus.
2256 3721 2324 3774 Et
2358 3721 2472 3775 haec
2499 3720 2721 3790 quidem
2754 3720 3012 3789 abrogata
3033 3728 3137 3782 est,
3178 3733 3285 3772 non
3325 3733 3425 3773 ceu
3476 3722 3638 3784 mala,

2080 3810 2174 3865 sed
2208 3811 2417 3865 inutilis
2434 3811 2579 3879 quod
2609 3826 2848 3880 praesens
2874 3823 3088 3879 tempus
3114 3810 3330 3871 attinet.
3357 3827 3456 3865 nec
3481 3828 3641 3866 usqu

2081 3902 2291 3955 habens
2321 3902 2581 3971 aliquem.
2619 3903 2684 3956 Et
2718 3900 3179 3971 quemadmodum
3212 3902 3264 3954 in
3299 3900 3644 3959 densissimis

2082 3991 2325 4047 tenebris
2356 3992 2531 4045 media
2564 4001 2728 4047 nocte
2756 3993 2881 4045 luna
2911 4002 3101 4046 exorta
3133 3991 3480 4046 tenebrarum
3517 4007 3649 4061 pro-

2080 4081 2407 4137 funditatem
2442 4082 2596 4152 quasi
2635 4090 2904 4145 attenuat,
2934 4098 3115 4136 aerem
3167 4093 3346 4137 tamen
3382 4098 3486 4137 non
3527 4098 3645 4136 om-

2082 4175 2211 4227 nino
2236 4172 2539 4227 dilucidum
2577 4173 2784 4228 reddit:
2817 4175 2896 4228 sol
2938 4189 3072 4228 vero
3095 4183 3317 4228 exortus
3347 4174 3398 4228 in
3433 4183 3642 4227 tantum

2082 4264 2395 4318 universum
2425 4264 2613 4318 orbem
2663 4265 2955 4327 illuminat,
3002 4277 3062 4319 ut
3098 4267 3263 4319 etiam
3298 4266 3558 4320 minimus
3590 4266 3644 4319 in

2081 4368 2209 4407 aere
2258 4354 2589 4422 pulvisculus
2620 4370 2713 4422 per
2744 4355 2878 4409 solis
2929 4356 3109 4410 radios
3144 4357 3554 4424 conspiciatur:
3591 4364 3648 4411 et

2080 4532 2299 4597 amisit,
2337 4534 2615 4603 di<paruit
2671 4543 2855 4589 tamen
2916 4545 2973 4589 et
3015 4534 3229 4589 obtecta
3292 4547 3376 4590 est
3426 4546 3649 4603 propter

2084 4624 2217 4677 solis
2238 4623 2619 4688 splendorem:
2647 4623 2727 4677 sic
2759 4624 3011 4683 etiamin
3038 4625 3209 4678 veteri
3240 4624 3356 4692 lege
3389 4632 3443 4675 et
3473 4624 3648 4676 Evan-

2082 4712 2227 4782 gelio
2253 4714 2541 4783 centiugit.
2580 4712 2687 4767 Lex
2711 4715 2858 4769 enim
2892 4724 3049 4769 vetus
3084 4714 3403 4768 idololatriae
3425 4712 3645 4779 quidem

2082 4804 2339 4859 tenebras
2400 4804 2629 4871 depulit,
2678 4819 2783 4857 non
2849 4813 3025 4858 tamen
3067 4804 3119 4856 in
3164 4805 3476 4857 universum
3530 4800 3652 4853 illu-

2082 4896 2293 4948 minare
2355 4905 2411 4950 et
2468 4895 2752 4949 absolvere
2806 4894 2983 4963 potuit
3037 4893 3322 4946 limuinum
3390 4892 3647 4952 animas;

2083 4984 2438 5053 Evangelium
2473 4998 2600 5038 vero
2648 4983 2997 5043 illuminavit,
3033 4983 3242 5043 docuit,
3291 4980 3546 5040 absolvit,
3595 4989 3650 5032 et

2084 5074 2335 5128 homines
2381 5076 2435 5127 in
2494 5075 2693 5129 cadum
2747 5073 2947 5134 evexit,
3002 5070 3424 5140 paradisumque
3480 5084 3648 5137 quem

2083 5167 2402 5237 progenitor
2428 5166 2599 5219 Adam
2649 5166 2929 5225 amiserat,
2968 5164 3207 5232 gratuito
3259 5161 3551 5215 concessit.
3585 5160 3650 5215 Et

2083 5261 2209 5326 quis
2243 5266 2349 5309 tam
2389 5256 2600 5321 infelix,
2634 5265 2695 5309 ut
2769 5256 3060 5325 Evangelio
3114 5254 3304 5307 relicto
3363 5252 3428 5305 ad
3480 5252 3650 5320 legem

2089 5360 2421 5412 revertatur,
2456 5359 2512 5403 et
2546 5349 2700 5417 quasi
2729 5348 2911 5402 denuo
2944 5363 3043 5401 ceu
3088 5346 3264 5399 infans
3291 5344 3448 5397 lactis
3476 5343 3654 5395 nutri-

2090 5451 2333 5495 mentum
2374 5441 2751 5509 coucupiscat,
2790 5455 2891 5492 nec
2927 5439 3100 5491 instar
3135 5437 3237 5489 viri
3284 5436 3467 5489 cibum
3515 5434 3649 5487 soli-

2090 5531 2343 5587 diorem?
2386 5528 2478 5585 Vel
2524 5536 2648 5600 quis
2699 5544 2800 5584 ceu
2846 5543 2983 5598 puer
3034 5528 3337 5580 litterarum
3383 5516 3653 5577 elementa
