  <div class='ocr_page' id='page_1' title='image "/cluster/home/n/w/nwhite01/storage/ocr_20150623/154/hvd.32044073505299/301.png"; bbox 0 0 3928 6212; ppageno 0'>
   <div class='ocr_carea' id='block_1_1' title="bbox 337 274 449 343">
    <p class='ocr_par' dir='ltr' id='par_1_1' title="bbox 337 274 449 343">
     <span class='ocr_line' id='line_1_1' title="bbox 337 274 449 343; baseline -0.045 0"><span class='ocrx_word' id='word_1_1' title='bbox 337 274 449 343; x_wconf 74' lang='lat'><strong>567.</strong></span> 
     </span>
    </p>
   </div>
   <div class='ocr_carea' id='block_1_2' title="bbox 1422 298 2402 367">
    <p class='ocr_par' dir='ltr' id='par_1_2' title="bbox 1422 298 2402 367">
     <span class='ocr_line' id='line_1_2' title="bbox 1422 298 2402 367; baseline 0.006 -5"><span class='ocrx_word' id='word_1_2' title='bbox 1422 356 1427 362; x_wconf 83' lang='lat'><strong><em>.</em></strong></span> <span class='ocrx_word' id='word_1_3' title='bbox 1513 298 1839 359; x_wconf 69' lang='lat' dir='ltr'>JOANNIS</span> <span class='ocrx_word' id='word_1_4' title='bbox 1876 298 2402 367; x_wconf 73' lang='lat' dir='ltr'><strong>CANTACUZENI</strong></span> 
     </span>
    </p>
   </div>
   <div class='ocr_carea' id='block_1_3' title="bbox 3442 310 3533 377">
    <p class='ocr_par' dir='ltr' id='par_1_3' title="bbox 3442 310 3533 377">
     <span class='ocr_line' id='line_1_3' title="bbox 3442 310 3533 377; baseline -0.011 0"><span class='ocrx_word' id='word_1_5' title='bbox 3442 310 3533 377; x_wconf 66' lang='lat'><strong>568</strong></span> 
     </span>
    </p>
   </div>
   <div class='ocr_carea' id='block_1_4' title="bbox 331 403 1872 492">
    <p class='ocr_par' dir='ltr' id='par_1_4' title="bbox 331 403 1872 482">
     <span class='ocr_line' id='line_1_4' title="bbox 331 403 1872 482; baseline 0.012 -32"><span class='ocrx_word' id='word_1_6' title='bbox 331 403 615 465; x_wconf 75' lang='lat' dir='ltr'><strong>requirat.</strong></span> <span class='ocrx_word' id='word_1_7' title='bbox 667 412 723 457; x_wconf 87' lang='lat' dir='ltr'><strong>et</strong></span> <span class='ocrx_word' id='word_1_8' title='bbox 767 420 876 459; x_wconf 88' lang='lat' dir='ltr'><strong>non</strong></span> <span class='ocrx_word' id='word_1_9' title='bbox 927 407 1105 475; x_wconf 89' lang='lat' dir='ltr'><strong>potius</strong></span> <span class='ocrx_word' id='word_1_10' title='bbox 1156 424 1254 463; x_wconf 89' lang='lat' dir='ltr'><strong>ceu</strong></span> <span class='ocrx_word' id='word_1_11' title='bbox 1307 410 1555 466; x_wconf 85' lang='lat' dir='ltr'><strong>absoluta</strong></span> <span class='ocrx_word' id='word_1_12' title='bbox 1606 414 1872 482; x_wconf 74' lang='lat' dir='ltr'><strong>prudenti:</strong></span> 
     </span>
    </p>
   </div>
   <div class='ocr_carea' id='block_1_5' title="bbox 1978 403 3537 492">
    <p class='ocr_par' dir='ltr' id='par_1_5' title="bbox 2000 418 3537 492">
     <span class='ocr_line' id='line_1_5' title="bbox 2000 418 3537 492; baseline 0.008 -27"><span class='ocrx_word' id='word_1_13' title='bbox 2000 418 2096 485; x_wconf 79' lang='grc' dir='ltr'>τὴν</span> <span class='ocrx_word' id='word_1_14' title='bbox 2132 418 2451 486; x_wconf 79' lang='grc' dir='ltr'><strong>φιλοσοφίαν</strong></span> <span class='ocrx_word' id='word_1_15' title='bbox 2474 458 2489 482; x_wconf 90' lang='grc'><strong>,</strong></span> <span class='ocrx_word' id='word_1_16' title='bbox 2524 418 2557 490; x_wconf 74' lang='grc' dir='ltr'><strong>ἢ</strong></span> <span class='ocrx_word' id='word_1_17' title='bbox 2590 418 2649 474; x_wconf 85' lang='grc' dir='ltr'><strong>τὸ</strong></span> <span class='ocrx_word' id='word_1_18' title='bbox 2692 420 2914 491; x_wconf 77' lang='grc' dir='ltr'><strong>ἡλιακὸν</strong></span> <span class='ocrx_word' id='word_1_19' title='bbox 2950 419 3079 492; x_wconf 84' lang='grc' dir='ltr'>φῶς·</span> <span class='ocrx_word' id='word_1_20' title='bbox 3108 422 3455 492; x_wconf 75' lang='grc' dir='ltr'>ἀποστραφεὶς</span> <span class='ocrx_word' id='word_1_21' title='bbox 3484 428 3537 479; x_wconf 86' lang='grc' dir='ltr'><strong>τὸ</strong></span> 
     </span>
    </p>
   </div>
   <div class='ocr_carea' id='block_1_6' title="bbox 335 489 1897 569">
    <p class='ocr_par' dir='ltr' id='par_1_6' title="bbox 335 489 1897 569">
     <span class='ocr_line' id='line_1_6' title="bbox 335 489 1897 569; baseline 0.013 -29"><span class='ocrx_word' id='word_1_22' title='bbox 335 489 595 555; x_wconf 67' lang='grc' dir='ltr'>ιιιωάὶιυε</span> <span class='ocrx_word' id='word_1_23' title='bbox 625 494 1069 565; x_wconf 83' lang='lat' dir='ltr'><strong>phil050phiam?</strong></span> <span class='ocrx_word' id='word_1_24' title='bbox 1098 497 1192 552; x_wconf 80' lang='lat' dir='ltr'><strong>Vel</strong></span> <span class='ocrx_word' id='word_1_25' title='bbox 1223 502 1346 569; x_wconf 83' lang='lat' dir='ltr'><strong>quis</strong></span> <span class='ocrx_word' id='word_1_26' title='bbox 1373 503 1536 557; x_wconf 83' lang='lat' dir='ltr'><strong>solari</strong></span> <span class='ocrx_word' id='word_1_27' title='bbox 1572 504 1777 560; x_wconf 84' lang='lat' dir='ltr'><strong>lumine</strong></span> <span class='ocrx_word' id='word_1_28' title='bbox 1809 523 1897 560; x_wconf 89' lang='lat' dir='ltr'><strong>re-</strong></span> 
     </span>
    </p>
   </div>
   <div class='ocr_carea' id='block_1_7' title="bbox 339 581 1898 666">
    <p class='ocr_par' dir='ltr' id='par_1_7' title="bbox 339 581 1898 666">
     <span class='ocr_line' id='line_1_7' title="bbox 339 581 1898 666; baseline 0.016 -34"><span class='ocrx_word' id='word_1_29' title='bbox 339 581 583 648; x_wconf 83' lang='lat' dir='ltr'><strong>pudiato,</strong></span> <span class='ocrx_word' id='word_1_30' title='bbox 608 584 857 642; x_wconf 86' lang='lat' dir='ltr'><strong>lunarem</strong></span> <span class='ocrx_word' id='word_1_31' title='bbox 894 590 1320 658; x_wconf 69' lang='lat' dir='ltr'><strong>amplectatur?</strong></span> <span class='ocrx_word' id='word_1_32' title='bbox 1353 594 1481 649; x_wconf 71' lang='lat' dir='ltr'><strong>Mihi</strong></span> <span class='ocrx_word' id='word_1_33' title='bbox 1517 612 1647 653; x_wconf 91' lang='lat' dir='ltr'><strong>sane</strong></span> <span class='ocrx_word' id='word_1_34' title='bbox 1674 615 1737 654; x_wconf 90' lang='lat' dir='ltr'><strong>ea</strong></span> <span class='ocrx_word' id='word_1_35' title='bbox 1778 616 1898 666; x_wconf 63' lang='lat' dir='ltr'><strong>quae</strong></span> 
     </span>
    </p>
   </div>
   <div class='ocr_carea' id='block_1_8' title="bbox 335 675 1896 761">
    <p class='ocr_par' dir='ltr' id='par_1_8' title="bbox 335 675 1896 761">
     <span class='ocr_line' id='line_1_8' title="bbox 335 675 1896 761; baseline 0.013 -35"><span class='ocrx_word' id='word_1_36' title='bbox 335 675 657 741; x_wconf 74' lang='lat' dir='ltr'><strong>scripsimus</strong></span> <span class='ocrx_word' id='word_1_37' title='bbox 688 675 936 732; x_wconf 70' lang='lat' dir='ltr'><strong>sufﬁcere</strong></span> <span class='ocrx_word' id='word_1_38' title='bbox 960 681 1241 747; x_wconf 86' lang='lat' dir='ltr'><strong>videntur,</strong></span> <span class='ocrx_word' id='word_1_39' title='bbox 1280 696 1337 740; x_wconf 91' lang='lat' dir='ltr'><strong>ut</strong></span> <span class='ocrx_word' id='word_1_40' title='bbox 1375 687 1551 753; x_wconf 81' lang='lat' dir='ltr'><strong>facile,</strong></span> <span class='ocrx_word' id='word_1_41' title='bbox 1581 691 1896 761; x_wconf 85' lang='lat' dir='ltr'><strong>quicunque</strong></span> 
     </span>
    </p>
   </div>
   <div class='ocr_carea' id='block_1_9' title="bbox 246 763 1893 849">
    <p class='ocr_par' dir='ltr' id='par_1_9' title="bbox 246 763 1893 849">
     <span class='ocr_line' id='line_1_9' title="bbox 246 763 1893 849; baseline 0.016 -38"><span class='ocrx_word' id='word_1_42' title='bbox 246 765 250 768; x_wconf 83' lang='lat'>&#39;</span> <span class='ocrx_word' id='word_1_43' title='bbox 331 763 564 817; x_wconf 76' lang='lat' dir='ltr'><strong>voluerit</strong></span> <span class='ocrx_word' id='word_1_44' title='bbox 593 764 758 830; x_wconf 85' lang='lat' dir='ltr'><strong>hujus</strong></span> <span class='ocrx_word' id='word_1_45' title='bbox 786 768 862 822; x_wconf 93' lang='lat' dir='ltr'><strong>rei</strong></span> <span class='ocrx_word' id='word_1_46' title='bbox 898 772 1183 827; x_wconf 89' lang='lat' dir='ltr'><strong>veritatem</strong></span> <span class='ocrx_word' id='word_1_47' title='bbox 1218 790 1529 846; x_wconf 76' lang='lat' dir='ltr'><strong>cognoscat,</strong></span> <span class='ocrx_word' id='word_1_48' title='bbox 1578 781 1709 849; x_wconf 87' lang='lat' dir='ltr'><strong>quin</strong></span> <span class='ocrx_word' id='word_1_49' title='bbox 1745 793 1799 836; x_wconf 90' lang='lat' dir='ltr'><strong>et</strong></span> <span class='ocrx_word' id='word_1_50' title='bbox 1839 791 1893 837; x_wconf 93' lang='lat' dir='ltr'><strong>tu</strong></span> 
     </span>
    </p>
   </div>
   <div class='ocr_carea' id='block_1_10' title="bbox 330 849 1892 937">
    <p class='ocr_par' dir='ltr' id='par_1_10' title="bbox 330 849 1892 937">
     <span class='ocr_line' id='line_1_10' title="bbox 330 849 1892 937; baseline 0.015 -32"><span class='ocrx_word' id='word_1_51' title='bbox 330 849 468 920; x_wconf 84' lang='lat' dir='ltr'><strong>ipse.</strong></span> <span class='ocrx_word' id='word_1_52' title='bbox 500 851 554 906; x_wconf 90' lang='lat' dir='ltr'><strong>Si</strong></span> <span class='ocrx_word' id='word_1_53' title='bbox 608 865 790 910; x_wconf 90' lang='lat' dir='ltr'><strong>autem</strong></span> <span class='ocrx_word' id='word_1_54' title='bbox 842 858 1093 937; x_wconf 75' lang='lat' dir='ltr'><strong>fortassis</strong></span> <span class='ocrx_word' id='word_1_55' title='bbox 1139 864 1319 919; x_wconf 88' lang='lat' dir='ltr'><strong>adhuc</strong></span> <span class='ocrx_word' id='word_1_56' title='bbox 1355 879 1577 937; x_wconf 84' lang='lat' dir='ltr'><strong>propter</strong></span> <span class='ocrx_word' id='word_1_57' title='bbox 1607 873 1892 937; x_wconf 75' lang='lat' dir='ltr'><strong>sacrificia,</strong></span> 
     </span>
    </p>
   </div>
   <div class='ocr_carea' id='block_1_11' title="bbox 328 936 1895 1020">
    <p class='ocr_par' dir='ltr' id='par_1_11' title="bbox 328 936 1895 1020">
     <span class='ocr_line' id='line_1_11' title="bbox 328 936 1895 1020; baseline 0.016 -25"><span class='ocrx_word' id='word_1_58' title='bbox 328 945 824 1011; x_wconf 76' lang='lat' dir='ltr'><strong>circumcisiouem,</strong></span> <span class='ocrx_word' id='word_1_59' title='bbox 855 936 1079 1009; x_wconf 80' lang='lat' dir='ltr'><strong>Sahbati</strong></span> <span class='ocrx_word' id='word_1_60' title='bbox 1113 958 1306 1019; x_wconf 89' lang='lat' dir='ltr'><strong>otium.</strong></span> <span class='ocrx_word' id='word_1_61' title='bbox 1338 969 1391 1013; x_wconf 88' lang='lat' dir='ltr'><strong>et</strong></span> <span class='ocrx_word' id='word_1_62' title='bbox 1417 963 1667 1017; x_wconf 82' lang='lat' dir='ltr'><strong>ciborum</strong></span> <span class='ocrx_word' id='word_1_63' title='bbox 1701 966 1895 1020; x_wconf 85' lang='lat' dir='ltr'><strong>discri—</strong></span> 
     </span>
    </p>
   </div>
   <div class='ocr_carea' id='block_1_12' title="bbox 328 1038 1892 1116">
    <p class='ocr_par' dir='ltr' id='par_1_12' title="bbox 328 1038 1892 1116">
     <span class='ocr_line' id='line_1_12' title="bbox 328 1038 1892 1116; baseline 0.019 -32"><span class='ocrx_word' id='word_1_64' title='bbox 328 1048 447 1088; x_wconf 73' lang='lat' dir='ltr'><strong>men</strong></span> <span class='ocrx_word' id='word_1_65' title='bbox 500 1038 641 1093; x_wconf 85' lang='lat' dir='ltr'><strong>ratio</strong></span> <span class='ocrx_word' id='word_1_66' title='bbox 680 1048 770 1095; x_wconf 89' lang='lat' dir='ltr'><strong>tua</strong></span> <span class='ocrx_word' id='word_1_67' title='bbox 800 1043 1017 1100; x_wconf 84' lang='lat' dir='ltr'><strong>dubitat</strong></span> <span class='ocrx_word' id='word_1_68' title='bbox 1048 1057 1102 1102; x_wconf 93' lang='lat' dir='ltr'><strong>et</strong></span> <span class='ocrx_word' id='word_1_69' title='bbox 1151 1052 1391 1116; x_wconf 87' lang='lat' dir='ltr'><strong>vacillat,</strong></span> <span class='ocrx_word' id='word_1_70' title='bbox 1442 1055 1667 1112; x_wconf 90' lang='lat' dir='ltr'><strong>minime</strong></span> <span class='ocrx_word' id='word_1_71' title='bbox 1712 1066 1892 1114; x_wconf 86' lang='lat' dir='ltr'><strong>tamen</strong></span> 
     </span>
    </p>
   </div>
   <div class='ocr_carea' id='block_1_13' title="bbox 323 1120 1894 1207">
    <p class='ocr_par' dir='ltr' id='par_1_13' title="bbox 323 1120 1894 1207">
     <span class='ocr_line' id='line_1_13' title="bbox 323 1120 1894 1207; baseline 0.019 -31"><span class='ocrx_word' id='word_1_72' title='bbox 323 1120 426 1179; x_wconf 57' lang='lat' dir='ltr'><strong>huc</strong></span> <span class='ocrx_word' id='word_1_73' title='bbox 485 1127 600 1183; x_wconf 85' lang='lat' dir='ltr'><strong>ﬂeri</strong></span> <span class='ocrx_word' id='word_1_74' title='bbox 656 1136 1038 1202; x_wconf 77' lang='lat' dir='ltr'><strong>conveniebat,</strong></span> <span class='ocrx_word' id='word_1_75' title='bbox 1092 1155 1213 1195; x_wconf 92' lang='lat' dir='ltr'><strong>cum</strong></span> <span class='ocrx_word' id='word_1_76' title='bbox 1269 1142 1335 1198; x_wconf 89' lang='lat' dir='ltr'><strong>de</strong></span> <span class='ocrx_word' id='word_1_77' title='bbox 1392 1147 1644 1202; x_wconf 81' lang='lat' dir='ltr'><strong>maximis</strong></span> <span class='ocrx_word' id='word_1_78' title='bbox 1683 1149 1792 1203; x_wconf 87' lang='lat' dir='ltr'><strong>illis</strong></span> <span class='ocrx_word' id='word_1_79' title='bbox 1837 1161 1894 1207; x_wconf 89' lang='lat' dir='ltr'><strong>et</strong></span> 
     </span>
    </p>
   </div>
   <div class='ocr_carea' id='block_1_14' title="bbox 325 1220 1890 1299">
    <p class='ocr_par' dir='ltr' id='par_1_14' title="bbox 325 1220 1890 1299">
     <span class='ocr_line' id='line_1_14' title="bbox 325 1220 1890 1299; baseline 0.017 -30"><span class='ocrx_word' id='word_1_80' title='bbox 325 1220 655 1275; x_wconf 74' lang='lat' dir='ltr'><strong>Necessariis</strong></span> <span class='ocrx_word' id='word_1_81' title='bbox 707 1224 1043 1283; x_wconf 83' lang='lat' dir='ltr'><strong>sullicienter</strong></span> <span class='ocrx_word' id='word_1_82' title='bbox 1103 1231 1447 1299; x_wconf 64' lang='lat' dir='ltr'><strong>dixerimus;</strong></span> <span class='ocrx_word' id='word_1_83' title='bbox 1517 1252 1890 1296; x_wconf 79' lang='lat' dir='ltr'><strong>verumtamen</strong></span> 
     </span>
    </p>
   </div>
   <div class='ocr_carea' id='block_1_15' title="bbox 318 1309 1889 1388">
    <p class='ocr_par' dir='ltr' id='par_1_15' title="bbox 318 1309 1889 1388">
     <span class='ocr_line' id='line_1_15' title="bbox 318 1309 1889 1388; baseline 0.02 -32"><span class='ocrx_word' id='word_1_84' title='bbox 318 1310 482 1362; x_wconf 70' lang='lat' dir='ltr'><strong>etiam</strong></span> <span class='ocrx_word' id='word_1_85' title='bbox 514 1309 581 1365; x_wconf 91' lang='lat' dir='ltr'><strong>de</strong></span> <span class='ocrx_word' id='word_1_86' title='bbox 616 1311 725 1375; x_wconf 89' lang='lat' dir='ltr'><strong>his,</strong></span> <span class='ocrx_word' id='word_1_87' title='bbox 761 1322 818 1366; x_wconf 91' lang='lat' dir='ltr'><strong>ut</strong></span> <span class='ocrx_word' id='word_1_88' title='bbox 840 1327 895 1369; x_wconf 88' lang='lat' dir='ltr'><strong>et</strong></span> <span class='ocrx_word' id='word_1_89' title='bbox 924 1318 1169 1388; x_wconf 85' lang='lat' dir='ltr'><strong>reliquis,</strong></span> <span class='ocrx_word' id='word_1_90' title='bbox 1202 1324 1516 1382; x_wconf 81' lang='lat' dir='ltr'><strong>brevissime</strong></span> <span class='ocrx_word' id='word_1_91' title='bbox 1535 1328 1889 1387; x_wconf 88' lang='lat' dir='ltr'><strong>disseramus.</strong></span> 
     </span>
    </p>
   </div>
   <div class='ocr_carea' id='block_1_16' title="bbox 302 1392 1891 1481">
    <p class='ocr_par' dir='ltr' id='par_1_16' title="bbox 302 1392 1891 1481">
     <span class='ocr_line' id='line_1_16' title="bbox 302 1392 1891 1481; baseline 0.02 -34"><span class='ocrx_word' id='word_1_92' title='bbox 302 1420 305 1423; x_wconf 58' lang='grc' dir='ltr'><strong>λ</strong></span> <span class='ocrx_word' id='word_1_93' title='bbox 399 1392 484 1452; x_wconf 76' lang='grc'><strong>13.</strong></span> <span class='ocrx_word' id='word_1_94' title='bbox 524 1398 806 1470; x_wconf 81' lang='lat' dir='ltr'><strong>Homines,</strong></span> <span class='ocrx_word' id='word_1_95' title='bbox 841 1414 899 1459; x_wconf 88' lang='lat' dir='ltr'><strong>ut</strong></span> <span class='ocrx_word' id='word_1_96' title='bbox 931 1423 1095 1477; x_wconf 86' lang='lat' dir='ltr'><strong>supra</strong></span> <span class='ocrx_word' id='word_1_97' title='bbox 1140 1412 1399 1481; x_wconf 77' lang='lat' dir='ltr'><strong>diximus,</strong></span> <span class='ocrx_word' id='word_1_98' title='bbox 1434 1418 1696 1476; x_wconf 89' lang='lat' dir='ltr'><strong>humanas</strong></span> <span class='ocrx_word' id='word_1_99' title='bbox 1730 1423 1891 1479; x_wconf 79' lang='lat' dir='ltr'><strong>idolis</strong></span> 
     </span>
    </p>
   </div>
   <div class='ocr_carea' id='block_1_17' title="bbox 325 1488 1886 1578">
    <p class='ocr_par' dir='ltr' id='par_1_17' title="bbox 325 1488 1886 1578">
     <span class='ocr_line' id='line_1_17' title="bbox 325 1488 1886 1578; baseline 0.02 -38"><span class='ocrx_word' id='word_1_100' title='bbox 325 1488 573 1546; x_wconf 69' lang='lat' dir='ltr'><strong>victimas</strong></span> <span class='ocrx_word' id='word_1_101' title='bbox 606 1492 980 1565; x_wconf 85' lang='lat' dir='ltr'><strong>immolabant,</strong></span> <span class='ocrx_word' id='word_1_102' title='bbox 1027 1519 1130 1558; x_wconf 89' lang='lat' dir='ltr'><strong>nec</strong></span> <span class='ocrx_word' id='word_1_103' title='bbox 1171 1507 1503 1578; x_wconf 76' lang='lat' dir='ltr'><strong>alienigenas</strong></span> <span class='ocrx_word' id='word_1_104' title='bbox 1531 1522 1760 1578; x_wconf 88' lang='lat' dir='ltr'><strong>tantum,</strong></span> <span class='ocrx_word' id='word_1_105' title='bbox 1792 1518 1886 1571; x_wconf 87' lang='lat' dir='ltr'><strong>sed</strong></span> 
     </span>
    </p>
   </div>
   <div class='ocr_carea' id='block_1_18' title="bbox 322 1583 1884 1676">
    <p class='ocr_par' dir='ltr' id='par_1_18' title="bbox 322 1583 1884 1676">
     <span class='ocr_line' id='line_1_18' title="bbox 322 1583 1884 1676; baseline 0.022 -49"><span class='ocrx_word' id='word_1_106' title='bbox 322 1583 483 1635; x_wconf 65' lang='lat' dir='ltr'><strong>etiam</strong></span> <span class='ocrx_word' id='word_1_107' title='bbox 524 1588 1033 1654; x_wconf 83' lang='lat' dir='ltr'><strong>proprios‘liheros.</strong></span> <span class='ocrx_word' id='word_1_108' title='bbox 1072 1596 1139 1649; x_wconf 88' lang='lat' dir='ltr'><strong>Et</strong></span> <span class='ocrx_word' id='word_1_109' title='bbox 1179 1602 1641 1665; x_wconf 67' lang='lat' dir='ltr'><strong>quemadmodum</strong></span> <span class='ocrx_word' id='word_1_110' title='bbox 1677 1606 1884 1676; x_wconf 84' lang='lat' dir='ltr'><strong>lignum</strong></span> 
     </span>
    </p>
   </div>
   <div class='ocr_carea' id='block_1_19' title="bbox 322 1678 1886 1754">
    <p class='ocr_par' dir='ltr' id='par_1_19' title="bbox 322 1678 1886 1754">
     <span class='ocr_line' id='line_1_19' title="bbox 322 1678 1886 1754; baseline 0.018 -29"><span class='ocrx_word' id='word_1_111' title='bbox 322 1678 623 1731; x_wconf 75' lang='lat' dir='ltr'><strong>tortuosum</strong></span> <span class='ocrx_word' id='word_1_112' title='bbox 677 1678 938 1751; x_wconf 72' lang='lat' dir='ltr'><strong>integram</strong></span> <span class='ocrx_word' id='word_1_113' title='bbox 969 1698 1022 1740; x_wconf 87' lang='lat' dir='ltr'><strong>et</strong></span> <span class='ocrx_word' id='word_1_114' title='bbox 1055 1688 1274 1743; x_wconf 82' lang='lat' dir='ltr'><strong>nimiam</strong></span> <span class='ocrx_word' id='word_1_115' title='bbox 1328 1692 1671 1749; x_wconf 78' lang='lat' dir='ltr'><strong>inﬂexionem</strong></span> <span class='ocrx_word' id='word_1_116' title='bbox 1721 1701 1886 1754; x_wconf 85' lang='lat' dir='ltr'><strong>susti-</strong></span> 
     </span>
    </p>
   </div>
   <div class='ocr_carea' id='block_1_20' title="bbox 321 1776 1882 1855">
    <p class='ocr_par' dir='ltr' id='par_1_20' title="bbox 321 1776 1882 1855">
     <span class='ocr_line' id='line_1_20' title="bbox 321 1776 1882 1855; baseline 0.017 -38"><span class='ocrx_word' id='word_1_117' title='bbox 321 1776 452 1820; x_wconf 86' lang='lat' dir='ltr'><strong>nere</strong></span> <span class='ocrx_word' id='word_1_118' title='bbox 482 1783 589 1823; x_wconf 87' lang='lat' dir='ltr'><strong>non</strong></span> <span class='ocrx_word' id='word_1_119' title='bbox 622 1781 822 1839; x_wconf 64' lang='lat' dir='ltr'><strong>potem,</strong></span> <span class='ocrx_word' id='word_1_120' title='bbox 847 1778 939 1829; x_wconf 83' lang='lat' dir='ltr'><strong>sed</strong></span> <span class='ocrx_word' id='word_1_121' title='bbox 980 1778 1109 1832; x_wconf 86' lang='lat' dir='ltr'><strong>illud</strong></span> <span class='ocrx_word' id='word_1_122' title='bbox 1143 1784 1400 1849; x_wconf 74' lang='lat' dir='ltr'><strong>paulatim</strong></span> <span class='ocrx_word' id='word_1_123' title='bbox 1438 1787 1711 1855; x_wconf 90' lang='lat' dir='ltr'><strong>principio</strong></span> <span class='ocrx_word' id='word_1_124' title='bbox 1744 1790 1882 1844; x_wconf 88' lang='lat' dir='ltr'><strong>arti-</strong></span> 
     </span>
    </p>
   </div>
   <div class='ocr_carea' id='block_1_21' title="bbox 321 1856 1884 1949">
    <p class='ocr_par' dir='ltr' id='par_1_21' title="bbox 321 1856 1884 1949">
     <span class='ocr_line' id='line_1_21' title="bbox 321 1856 1884 1949; baseline 0.019 -42"><span class='ocrx_word' id='word_1_125' title='bbox 321 1856 436 1911; x_wconf 82' lang='lat' dir='ltr'><strong>llcls</strong></span> <span class='ocrx_word' id='word_1_126' title='bbox 464 1870 582 1915; x_wconf 82' lang='lat' dir='ltr'><strong>arte</strong></span> <span class='ocrx_word' id='word_1_127' title='bbox 615 1873 668 1915; x_wconf 92' lang='lat' dir='ltr'><strong>et</strong></span> <span class='ocrx_word' id='word_1_128' title='bbox 707 1870 1122 1932; x_wconf 83' lang='lat' dir='ltr'><strong>Opportunitate</strong></span> <span class='ocrx_word' id='word_1_129' title='bbox 1166 1874 1234 1926; x_wconf 91' lang='lat' dir='ltr'><strong>ab</strong></span> <span class='ocrx_word' id='word_1_130' title='bbox 1287 1874 1653 1945; x_wconf 72' lang='lat' dir='ltr'><strong>intrqualitate</strong></span> <span class='ocrx_word' id='word_1_131' title='bbox 1704 1882 1884 1949; x_wconf 87' lang='lat' dir='ltr'><strong>priore</strong></span> 
     </span>
    </p>
   </div>
   <div class='ocr_carea' id='block_1_22' title="bbox 318 1944 1885 2026">
    <p class='ocr_par' dir='ltr' id='par_1_22' title="bbox 318 1944 1885 2026">
     <span class='ocr_line' id='line_1_22' title="bbox 318 1944 1885 2026; baseline 0.022 -34"><span class='ocrx_word' id='word_1_132' title='bbox 318 1944 659 2013; x_wconf 83' lang='lat' dir='ltr'><strong>immutatur,</strong></span> <span class='ocrx_word' id='word_1_133' title='bbox 691 1950 890 2009; x_wconf 85' lang='lat' dir='ltr'><strong>deinde</strong></span> <span class='ocrx_word' id='word_1_134' title='bbox 932 1961 1155 2013; x_wconf 87' lang='lat' dir='ltr'><strong>omnino</strong></span> <span class='ocrx_word' id='word_1_135' title='bbox 1207 1964 1258 2016; x_wconf 91' lang='lat' dir='ltr'><strong>in</strong></span> <span class='ocrx_word' id='word_1_136' title='bbox 1313 1976 1519 2020; x_wconf 86' lang='lat' dir='ltr'><strong>rectum</strong></span> <span class='ocrx_word' id='word_1_137' title='bbox 1571 1971 1885 2026; x_wconf 80' lang='lat' dir='ltr'><strong>extenditur</strong></span> 
     </span>
    </p>
   </div>
   <div class='ocr_carea' id='block_1_23' title="bbox 318 2039 1883 2117">
    <p class='ocr_par' dir='ltr' id='par_1_23' title="bbox 318 2039 1883 2117">
     <span class='ocr_line' id='line_1_23' title="bbox 318 2039 1883 2117; baseline 0.022 -35"><span class='ocrx_word' id='word_1_138' title='bbox 318 2040 417 2084; x_wconf 82' lang='lat' dir='ltr'><strong>ceu</strong></span> <span class='ocrx_word' id='word_1_139' title='bbox 458 2039 639 2101; x_wconf 76' lang='lat' dir='ltr'><strong>regula</strong></span> <span class='ocrx_word' id='word_1_140' title='bbox 674 2040 899 2110; x_wconf 88' lang='lat' dir='ltr'><strong>aliqua:</strong></span> <span class='ocrx_word' id='word_1_141' title='bbox 943 2047 1015 2100; x_wconf 90' lang='lat' dir='ltr'><strong>ita</strong></span> <span class='ocrx_word' id='word_1_142' title='bbox 1066 2051 1232 2104; x_wconf 89' lang='lat' dir='ltr'><strong>etiam</strong></span> <span class='ocrx_word' id='word_1_143' title='bbox 1268 2054 1319 2106; x_wconf 92' lang='lat' dir='ltr'><strong>in</strong></span> <span class='ocrx_word' id='word_1_144' title='bbox 1368 2056 1652 2112; x_wconf 69' lang='lat' dir='ltr'><strong>sacrificiis</strong></span> <span class='ocrx_word' id='word_1_145' title='bbox 1681 2059 1883 2117; x_wconf 80' lang='lat' dir='ltr'><strong>factum</strong></span> 
     </span>
    </p>
   </div>
   <div class='ocr_carea' id='block_1_24' title="bbox 313 2122 1880 2215">
    <p class='ocr_par' dir='ltr' id='par_1_24' title="bbox 313 2122 1880 2215">
     <span class='ocr_line' id='line_1_24' title="bbox 313 2122 1880 2215; baseline 0.02 -42"><span class='ocrx_word' id='word_1_146' title='bbox 313 2131 418 2176; x_wconf 65' lang='lat' dir='ltr'><strong>est.</strong></span> <span class='ocrx_word' id='word_1_147' title='bbox 449 2122 736 2184; x_wconf 86' lang='lat' dir='ltr'><strong>Concessit</strong></span> <span class='ocrx_word' id='word_1_148' title='bbox 770 2136 916 2189; x_wconf 90' lang='lat' dir='ltr'><strong>enim</strong></span> <span class='ocrx_word' id='word_1_149' title='bbox 968 2138 1112 2193; x_wconf 88' lang='lat' dir='ltr'><strong>Deus</strong></span> <span class='ocrx_word' id='word_1_150' title='bbox 1160 2142 1339 2209; x_wconf 87' lang='lat' dir='ltr'><strong>primo</strong></span> <span class='ocrx_word' id='word_1_151' title='bbox 1372 2154 1556 2200; x_wconf 85' lang='lat' dir='ltr'><strong>tauros</strong></span> <span class='ocrx_word' id='word_1_152' title='bbox 1588 2148 1880 2215; x_wconf 88' lang='lat' dir='ltr'><strong>immolari,</strong></span> 
     </span>
    </p>
   </div>
   <div class='ocr_carea' id='block_1_25' title="bbox 311 2219 1879 2302">
    <p class='ocr_par' dir='ltr' id='par_1_25' title="bbox 311 2219 1879 2302">
     <span class='ocr_line' id='line_1_25' title="bbox 311 2219 1879 2302; baseline 0.022 -39"><span class='ocrx_word' id='word_1_153' title='bbox 311 2226 441 2269; x_wconf 84' lang='lat' dir='ltr'><strong>oves</strong></span> <span class='ocrx_word' id='word_1_154' title='bbox 470 2225 525 2272; x_wconf 91' lang='lat' dir='ltr'><strong>et</strong></span> <span class='ocrx_word' id='word_1_155' title='bbox 553 2219 755 2288; x_wconf 91' lang='lat' dir='ltr'><strong>hircos,</strong></span> <span class='ocrx_word' id='word_1_156' title='bbox 793 2235 851 2280; x_wconf 88' lang='lat' dir='ltr'><strong>ut</strong></span> <span class='ocrx_word' id='word_1_157' title='bbox 885 2229 1002 2283; x_wconf 90' lang='lat' dir='ltr'><strong>illos</strong></span> <span class='ocrx_word' id='word_1_158' title='bbox 1057 2231 1126 2284; x_wconf 91' lang='lat' dir='ltr'><strong>ab</strong></span> <span class='ocrx_word' id='word_1_159' title='bbox 1174 2232 1355 2302; x_wconf 84' lang='lat' dir='ltr'><strong>impiis</strong></span> <span class='ocrx_word' id='word_1_160' title='bbox 1393 2237 1543 2292; x_wconf 92' lang='lat' dir='ltr'><strong>hisce</strong></span> <span class='ocrx_word' id='word_1_161' title='bbox 1592 2240 1879 2297; x_wconf 82' lang='lat' dir='ltr'><strong>hominum</strong></span> 
     </span>
    </p>
   </div>
   <div class='ocr_carea' id='block_1_26' title="bbox 311 2302 1881 2389">
    <p class='ocr_par' dir='ltr' id='par_1_26' title="bbox 311 2302 1881 2389">
     <span class='ocr_line' id='line_1_26' title="bbox 311 2302 1881 2389; baseline 0.021 -35"><span class='ocrx_word' id='word_1_162' title='bbox 311 2302 781 2368; x_wconf 88' lang='lat' dir='ltr'><strong>immolationibus</strong></span> <span class='ocrx_word' id='word_1_163' title='bbox 813 2316 1128 2375; x_wconf 80' lang='lat' dir='ltr'><strong>abduceret.</strong></span> <span class='ocrx_word' id='word_1_164' title='bbox 1158 2323 1298 2388; x_wconf 85' lang='lat' dir='ltr'><strong>Quid</strong></span> <span class='ocrx_word' id='word_1_165' title='bbox 1335 2327 1485 2381; x_wconf 89' lang='lat' dir='ltr'><strong>enim</strong></span> <span class='ocrx_word' id='word_1_166' title='bbox 1520 2329 1607 2383; x_wconf 85' lang='lat' dir='ltr'><strong>his</strong></span> <span class='ocrx_word' id='word_1_167' title='bbox 1637 2331 1881 2389; x_wconf 87' lang='lat' dir='ltr'><strong>deterius</strong></span> 
     </span>
    </p>
   </div>
   <div class='ocr_carea' id='block_1_27' title="bbox 309 2574 1877 2671">
    <p class='ocr_par' dir='ltr' id='par_1_27' title="bbox 309 2574 1877 2671">
     <span class='ocr_line' id='line_1_27' title="bbox 309 2574 1877 2671; baseline 0.024 -47"><span class='ocrx_word' id='word_1_168' title='bbox 309 2574 588 2632; x_wconf 81' lang='lat' dir='ltr'><strong>ctiﬂeandi</strong></span> <span class='ocrx_word' id='word_1_169' title='bbox 622 2580 835 2638; x_wconf 85' lang='lat' dir='ltr'><strong>laudem</strong></span> <span class='ocrx_word' id='word_1_170' title='bbox 864 2586 1174 2647; x_wconf 88' lang='lat' dir='ltr'><strong>induceret.</strong></span> <span class='ocrx_word' id='word_1_171' title='bbox 1206 2594 1294 2650; x_wconf 84' lang='lat' dir='ltr'><strong>Sic</strong></span> <span class='ocrx_word' id='word_1_172' title='bbox 1321 2598 1468 2653; x_wconf 85' lang='lat' dir='ltr'><strong>enim</strong></span> <span class='ocrx_word' id='word_1_173' title='bbox 1501 2615 1599 2671; x_wconf 82' lang='lat' dir='ltr'><strong>per</strong></span> <span class='ocrx_word' id='word_1_174' title='bbox 1622 2603 1877 2661; x_wconf 89' lang='lat' dir='ltr'><strong>Davidem</strong></span> 
     </span>
    </p>
   </div>
   <div class='ocr_carea' id='block_1_28' title="bbox 308 2655 1878 2754">
    <p class='ocr_par' dir='ltr' id='par_1_28' title="bbox 308 2655 1878 2754">
     <span class='ocr_line' id='line_1_28' title="bbox 308 2655 1878 2754; baseline 0.023 -39"><span class='ocrx_word' id='word_1_175' title='bbox 308 2655 454 2719; x_wconf 79' lang='lat' dir='ltr'><strong>Deus</strong></span> <span class='ocrx_word' id='word_1_176' title='bbox 489 2668 708 2723; x_wconf 85' lang='lat' dir='ltr'><strong>locutus</strong></span> <span class='ocrx_word' id='word_1_177' title='bbox 758 2683 880 2726; x_wconf 66' lang='lat' dir='ltr'><strong>est:</strong></span> <span class='ocrx_word' id='word_1_178' title='bbox 921 2696 938 2727; x_wconf 78' lang='grc' dir='ltr'><strong>ι</strong></span> <span class='ocrx_word' id='word_1_179' title='bbox 980 2678 1097 2734; x_wconf 83' lang='lat' dir='ltr'><strong>Non</strong></span> <span class='ocrx_word' id='word_1_180' title='bbox 1133 2686 1425 2754; x_wconf 88' lang='lat' dir='ltr'><strong>suscipiam</strong></span> <span class='ocrx_word' id='word_1_181' title='bbox 1473 2706 1539 2744; x_wconf 81' lang='lat' dir='ltr'><strong>ex</strong></span> <span class='ocrx_word' id='word_1_182' title='bbox 1581 2693 1742 2746; x_wconf 87' lang='lat' dir='ltr'><strong>domo</strong></span> <span class='ocrx_word' id='word_1_183' title='bbox 1789 2706 1878 2750; x_wconf 89' lang='lat' dir='ltr'><strong>tua</strong></span> 
     </span>
    </p>
   </div>
   <div class='ocr_carea' id='block_1_29' title="bbox 306 2750 1877 2846">
    <p class='ocr_par' dir='ltr' id='par_1_29' title="bbox 306 2750 1877 2846">
     <span class='ocr_line' id='line_1_29' title="bbox 306 2750 1877 2846; baseline 0.022 -41"><span class='ocrx_word' id='word_1_184' title='bbox 306 2750 532 2820; x_wconf 56' lang='lat' dir='ltr'><strong>titulos,</strong></span> <span class='ocrx_word' id='word_1_185' title='bbox 560 2776 737 2829; x_wconf 86' lang='lat' dir='ltr'><strong>neque</strong></span> <span class='ocrx_word' id='word_1_186' title='bbox 769 2764 837 2817; x_wconf 86' lang='lat' dir='ltr'><strong>de</strong></span> <span class='ocrx_word' id='word_1_187' title='bbox 864 2769 1124 2837; x_wconf 79' lang='lat' dir='ltr'><strong>gregibus</strong></span> <span class='ocrx_word' id='word_1_188' title='bbox 1153 2775 1261 2828; x_wconf 92' lang='lat' dir='ltr'><strong>tuis</strong></span> <span class='ocrx_word' id='word_1_189' title='bbox 1284 2750 1539 2846; x_wconf 79' lang='lat' dir='ltr'><strong>capellas.</strong></span> <span class='ocrx_word' id='word_1_190' title='bbox 1558 2781 1694 2834; x_wconf 81' lang='lat' dir='ltr'><strong>Num</strong></span> <span class='ocrx_word' id='word_1_191' title='bbox 1716 2784 1877 2841; x_wconf 68' lang='lat' dir='ltr'><strong>edam</strong></span> 
     </span>
    </p>
   </div>
   <div class='ocr_carea' id='block_1_30' title="bbox 307 2850 1879 2937">
    <p class='ocr_par' dir='ltr' id='par_1_30' title="bbox 307 2850 1879 2937">
     <span class='ocr_line' id='line_1_30' title="bbox 307 2850 1879 2937; baseline 0.02 -41"><span class='ocrx_word' id='word_1_192' title='bbox 307 2850 590 2902; x_wconf 80' lang='lat' dir='ltr'><strong>taurorum</strong></span> <span class='ocrx_word' id='word_1_193' title='bbox 634 2867 847 2919; x_wconf 82' lang='lat' dir='ltr'><strong>carnes,</strong></span> <span class='ocrx_word' id='word_1_194' title='bbox 879 2869 935 2913; x_wconf 90' lang='lat' dir='ltr'><strong>et</strong></span> <span class='ocrx_word' id='word_1_195' title='bbox 983 2861 1264 2918; x_wconf 80' lang='lat' dir='ltr'><strong>hircorum</strong></span> <span class='ocrx_word' id='word_1_196' title='bbox 1295 2869 1616 2937; x_wconf 80' lang='lat' dir='ltr'><strong>sanguinein</strong></span> <span class='ocrx_word' id='word_1_197' title='bbox 1657 2874 1879 2929; x_wconf 82' lang='lat' dir='ltr'><strong>bibam?</strong></span> 
     </span>
    </p>
   </div>
   <div class='ocr_carea' id='block_1_31' title="bbox 304 2932 1879 3029">
    <p class='ocr_par' dir='ltr' id='par_1_31' title="bbox 304 2932 1879 3029">
     <span class='ocr_line' id='line_1_31' title="bbox 304 2932 1879 3029; baseline 0.02 -41"><span class='ocrx_word' id='word_1_198' title='bbox 304 2932 454 2989; x_wconf 75' lang='lat' dir='ltr'><strong>(Hier</strong></span> <span class='ocrx_word' id='word_1_199' title='bbox 489 2937 599 2993; x_wconf 86' lang='lat' dir='ltr'><strong>Deo</strong></span> <span class='ocrx_word' id='word_1_200' title='bbox 633 2945 964 3001; x_wconf 77' lang='lat' dir='ltr'><strong>sacrificium</strong></span> <span class='ocrx_word' id='word_1_201' title='bbox 997 2952 1174 3008; x_wconf 83' lang='lat' dir='ltr'><strong>laudis</strong></span> <span class='ocrx_word' id='word_1_202' title='bbox 1214 2956 1288 3025; x_wconf 92' lang='lat' dir='ltr'><strong>(id</strong></span> <span class='ocrx_word' id='word_1_203' title='bbox 1330 2932 1438 3023; x_wconf 67' lang='lat' dir='ltr'><strong>est,</strong></span> <span class='ocrx_word' id='word_1_204' title='bbox 1473 2961 1731 3029; x_wconf 88' lang='lat' dir='ltr'><strong>hymnum</strong></span> <span class='ocrx_word' id='word_1_205' title='bbox 1766 2969 1879 3020; x_wconf 88' lang='lat' dir='ltr'><strong>oris</strong></span> 
     </span>
    </p>
   </div>
   <div class='ocr_carea' id='block_1_32' title="bbox 1998 512 3541 590">
    <p class='ocr_par' dir='ltr' id='par_1_32' title="bbox 1998 512 3541 590">
     <span class='ocr_line' id='line_1_32' title="bbox 1998 512 3541 590; baseline 0.007 -26"><span class='ocrx_word' id='word_1_206' title='bbox 1998 512 2096 579; x_wconf 84' lang='grc' dir='ltr'>τῆς</span> <span class='ocrx_word' id='word_1_207' title='bbox 2139 512 2369 581; x_wconf 81' lang='grc' dir='ltr'><strong>σελήνης</strong></span> <span class='ocrx_word' id='word_1_208' title='bbox 2409 514 2759 583; x_wconf 62' lang='lat' dir='ltr'><strong>donassem;</strong></span> <span class='ocrx_word' id='word_1_209' title='bbox 2807 518 3033 587; x_wconf 82' lang='grc' dir='ltr'><strong>Ἔμοιγε</strong></span> <span class='ocrx_word' id='word_1_210' title='bbox 3076 517 3219 571; x_wconf 88' lang='grc' dir='ltr'>δοκεῖ</span> <span class='ocrx_word' id='word_1_211' title='bbox 3239 521 3316 572; x_wconf 80' lang='grc' dir='ltr'><strong>ὅτι</strong></span> <span class='ocrx_word' id='word_1_212' title='bbox 3356 522 3541 590; x_wconf 76' lang='grc' dir='ltr'>ἁρκετά</span> 
     </span>
    </p>
   </div>
   <div class='ocr_carea' id='block_1_33' title="bbox 1998 601 3537 679">
    <p class='ocr_par' dir='ltr' id='par_1_33' title="bbox 1998 601 3537 679">
     <span class='ocr_line' id='line_1_33' title="bbox 1998 601 3537 679; baseline 0.008 -27"><span class='ocrx_word' id='word_1_213' title='bbox 1998 603 2135 653; x_wconf 82' lang='grc' dir='ltr'>εἰσιν</span> <span class='ocrx_word' id='word_1_214' title='bbox 2165 601 2309 672; x_wconf 73' lang='grc' dir='ltr'>ἅπερ</span> <span class='ocrx_word' id='word_1_215' title='bbox 2338 604 2650 672; x_wconf 57' lang='grc' dir='ltr'>γράψαντές</span> <span class='ocrx_word' id='word_1_216' title='bbox 2682 607 2851 675; x_wconf 74' lang='grc' dir='ltr'>ἐσμεν</span> <span class='ocrx_word' id='word_1_217' title='bbox 2878 646 2892 670; x_wconf 92' lang='grc'><strong>,</strong></span> <span class='ocrx_word' id='word_1_218' title='bbox 2927 609 3011 661; x_wconf 76' lang='grc' dir='ltr'>ἵνα</span> <span class='ocrx_word' id='word_1_219' title='bbox 3038 608 3153 676; x_wconf 82' lang='grc' dir='ltr'>γνῷ</span> <span class='ocrx_word' id='word_1_220' title='bbox 3183 611 3284 669; x_wconf 80' lang='grc' dir='ltr'>πᾶς</span> <span class='ocrx_word' id='word_1_221' title='bbox 3314 613 3337 663; x_wconf 81' lang='grc' dir='ltr'><strong>ὸ</strong></span> <span class='ocrx_word' id='word_1_222' title='bbox 3365 610 3537 679; x_wconf 78' lang='grc' dir='ltr'>βουλό-</span> 
     </span>
    </p>
   </div>
   <div class='ocr_carea' id='block_1_34' title="bbox 2000 695 3538 769">
    <p class='ocr_par' dir='ltr' id='par_1_34' title="bbox 2000 695 3538 769">
     <span class='ocr_line' id='line_1_34' title="bbox 2000 695 3538 769; baseline 0.01 -26"><span class='ocrx_word' id='word_1_223' title='bbox 2000 709 2159 760; x_wconf 83' lang='grc' dir='ltr'>μενος</span> <span class='ocrx_word' id='word_1_224' title='bbox 2188 695 2288 763; x_wconf 81' lang='grc' dir='ltr'>τὴν</span> <span class='ocrx_word' id='word_1_225' title='bbox 2318 696 2446 765; x_wconf 81' lang='grc' dir='ltr'>περὶ</span> <span class='ocrx_word' id='word_1_226' title='bbox 2473 697 2667 750; x_wconf 84' lang='grc' dir='ltr'>τούτου</span> <span class='ocrx_word' id='word_1_227' title='bbox 2699 699 2978 769; x_wconf 81' lang='grc' dir='ltr'>ἀλήθειαν,</span> <span class='ocrx_word' id='word_1_228' title='bbox 3008 701 3145 753; x_wconf 80' lang='grc' dir='ltr'>ἀλλὰ</span> <span class='ocrx_word' id='word_1_229' title='bbox 3170 702 3259 754; x_wconf 73' lang='grc' dir='ltr'><strong>καὶ</strong></span> <span class='ocrx_word' id='word_1_230' title='bbox 3291 704 3350 755; x_wconf 79' lang='grc' dir='ltr'><strong>σὺ</strong></span> <span class='ocrx_word' id='word_1_231' title='bbox 3378 705 3538 767; x_wconf 78' lang='grc' dir='ltr'>αὑτός.</span> 
     </span>
    </p>
   </div>
   <div class='ocr_carea' id='block_1_35' title="bbox 1996 779 3540 860">
    <p class='ocr_par' dir='ltr' id='par_1_35' title="bbox 1996 779 3540 860">
     <span class='ocr_line' id='line_1_35' title="bbox 1996 779 3540 860; baseline 0.007 -27"><span class='ocrx_word' id='word_1_232' title='bbox 1996 781 2059 834; x_wconf 86' lang='grc' dir='ltr'>Εἰ</span> <span class='ocrx_word' id='word_1_233' title='bbox 2090 779 2135 834; x_wconf 79' lang='grc' dir='ltr'>δ’</span> <span class='ocrx_word' id='word_1_234' title='bbox 2161 783 2290 843; x_wconf 76' lang='grc' dir='ltr'>ἴσως</span> <span class='ocrx_word' id='word_1_235' title='bbox 2320 785 2654 854; x_wconf 81' lang='grc' dir='ltr'>ἀμφιϐάλλει</span> <span class='ocrx_word' id='word_1_236' title='bbox 2685 787 2765 839; x_wconf 76' lang='grc' dir='ltr'>ἔτι</span> <span class='ocrx_word' id='word_1_237' title='bbox 2795 789 2889 841; x_wconf 70' lang='grc' dir='ltr'>καὶ</span> <span class='ocrx_word' id='word_1_238' title='bbox 2923 790 3223 849; x_wconf 76' lang='grc' dir='ltr'>ὑποσκάζει</span> <span class='ocrx_word' id='word_1_239' title='bbox 3255 792 3281 843; x_wconf 93' lang='lat'><strong>6</strong></span> <span class='ocrx_word' id='word_1_240' title='bbox 3306 791 3540 860; x_wconf 78' lang='grc' dir='ltr'>λογισμός</span> 
     </span>
    </p>
   </div>
   <div class='ocr_carea' id='block_1_36' title="bbox 1997 872 3537 952">
    <p class='ocr_par' dir='ltr' id='par_1_36' title="bbox 1997 872 3537 952">
     <span class='ocr_line' id='line_1_36' title="bbox 1997 872 3537 952; baseline 0.007 -28"><span class='ocrx_word' id='word_1_241' title='bbox 1997 889 2090 925; x_wconf 92' lang='grc' dir='ltr'><strong>σου</strong></span> <span class='ocrx_word' id='word_1_242' title='bbox 2122 872 2307 927; x_wconf 77' lang='grc' dir='ltr'>ἕνεκεν</span> <span class='ocrx_word' id='word_1_243' title='bbox 2333 877 2439 930; x_wconf 89' lang='grc' dir='ltr'><strong>τῶν</strong></span> <span class='ocrx_word' id='word_1_244' title='bbox 2466 876 2667 931; x_wconf 82' lang='grc' dir='ltr'>θυσιῶν</span> <span class='ocrx_word' id='word_1_245' title='bbox 2682 878 2794 946; x_wconf 75' lang='grc' dir='ltr'>,τῆς</span> <span class='ocrx_word' id='word_1_246' title='bbox 2824 883 3127 951; x_wconf 84' lang='grc' dir='ltr'><strong>περιτομῆς</strong></span> <span class='ocrx_word' id='word_1_247' title='bbox 3154 884 3248 950; x_wconf 81' lang='grc' dir='ltr'><strong>τῆς</strong></span> <span class='ocrx_word' id='word_1_248' title='bbox 3273 899 3329 934; x_wconf 88' lang='grc' dir='ltr'><strong>τε</strong></span> <span class='ocrx_word' id='word_1_249' title='bbox 3360 884 3537 952; x_wconf 81' lang='grc' dir='ltr'>ἀργίας</span> 
     </span>
    </p>
   </div>
   <div class='ocr_carea' id='block_1_37' title="bbox 1994 962 3539 1041">
    <p class='ocr_par' dir='ltr' id='par_1_37' title="bbox 1994 962 3539 1041">
     <span class='ocr_line' id='line_1_37' title="bbox 1994 962 3539 1041; baseline 0.008 -27"><span class='ocrx_word' id='word_1_250' title='bbox 1994 962 2087 1015; x_wconf 86' lang='grc' dir='ltr'><strong>τοῦ</strong></span> <span class='ocrx_word' id='word_1_251' title='bbox 2119 963 2399 1018; x_wconf 80' lang='grc' dir='ltr'>Σαϐϐάτου</span> <span class='ocrx_word' id='word_1_252' title='bbox 2433 968 2524 1019; x_wconf 76' lang='grc' dir='ltr'><strong>καὶ</strong></span> <span class='ocrx_word' id='word_1_253' title='bbox 2554 967 2663 1020; x_wconf 90' lang='grc' dir='ltr'><strong>τῶν</strong></span> <span class='ocrx_word' id='word_1_254' title='bbox 2689 969 2991 1039; x_wconf 78' lang='grc' dir='ltr'><strong>τροφίμων,</strong></span> <span class='ocrx_word' id='word_1_255' title='bbox 3024 971 3177 1023; x_wconf 80' lang='grc' dir='ltr'>οὐδὲν</span> <span class='ocrx_word' id='word_1_256' title='bbox 3205 967 3271 1041; x_wconf 78' lang='grc' dir='ltr'>ἦν</span> <span class='ocrx_word' id='word_1_257' title='bbox 3298 973 3432 1034; x_wconf 82' lang='grc' dir='ltr'>εἰκὸς</span> <span class='ocrx_word' id='word_1_258' title='bbox 3460 990 3539 1040; x_wconf 83' lang='grc' dir='ltr'>γε·</span> 
     </span>
    </p>
   </div>
   <div class='ocr_carea' id='block_1_38' title="bbox 1994 1052 3544 1129">
    <p class='ocr_par' dir='ltr' id='par_1_38' title="bbox 1994 1052 3544 1129">
     <span class='ocr_line' id='line_1_38' title="bbox 1994 1052 3544 1129; baseline 0.007 -25"><span class='ocrx_word' id='word_1_259' title='bbox 1994 1052 2202 1114; x_wconf 83' lang='grc' dir='ltr'>νέσθαι,</span> <span class='ocrx_word' id='word_1_260' title='bbox 2231 1056 2354 1107; x_wconf 73' lang='grc' dir='ltr'>ἐπεὶ</span> <span class='ocrx_word' id='word_1_261' title='bbox 2388 1073 2454 1107; x_wconf 90' lang='grc' dir='ltr'><strong>πε</strong></span> <span class='ocrx_word' id='word_1_262' title='bbox 2465 1057 2515 1126; x_wconf 80' lang='lat' dir='ltr'><strong>pi.</strong></span> <span class='ocrx_word' id='word_1_263' title='bbox 2540 1057 2649 1110; x_wconf 93' lang='grc' dir='ltr'><strong>τῶν</strong></span> <span class='ocrx_word' id='word_1_264' title='bbox 2681 1060 2933 1127; x_wconf 81' lang='grc' dir='ltr'><strong>μεγάλων</strong></span> <span class='ocrx_word' id='word_1_265' title='bbox 2961 1062 3056 1114; x_wconf 81' lang='grc' dir='ltr'>καὶ</span> <span class='ocrx_word' id='word_1_266' title='bbox 3083 1062 3388 1129; x_wconf 77' lang='grc' dir='ltr'><strong>ἀναγκαίων</strong></span> <span class='ocrx_word' id='word_1_267' title='bbox 3410 1063 3544 1115; x_wconf 76' lang='grc' dir='ltr'>εἵπο-</span> 
     </span>
    </p>
   </div>
   <div class='ocr_carea' id='block_1_39' title="bbox 1996 1143 3543 1225">
    <p class='ocr_par' dir='ltr' id='par_1_39' title="bbox 1996 1143 3543 1225">
     <span class='ocr_line' id='line_1_39' title="bbox 1996 1143 3543 1225; baseline 0.01 -33"><span class='ocrx_word' id='word_1_268' title='bbox 1996 1154 2097 1210; x_wconf 89' lang='grc' dir='ltr'><strong>μεν</strong></span> <span class='ocrx_word' id='word_1_269' title='bbox 2126 1143 2463 1211; x_wconf 82' lang='grc' dir='ltr'>ἀρκούντως.</span> <span class='ocrx_word' id='word_1_270' title='bbox 2490 1145 2681 1217; x_wconf 86' lang='grc' dir='ltr'>Ὅμως</span> <span class='ocrx_word' id='word_1_271' title='bbox 2716 1151 2971 1219; x_wconf 77' lang='grc' dir='ltr'>καὶπερὶ</span> <span class='ocrx_word' id='word_1_272' title='bbox 3001 1151 3188 1205; x_wconf 81' lang='grc' dir='ltr'>τούτου</span> <span class='ocrx_word' id='word_1_273' title='bbox 3207 1193 3221 1218; x_wconf 89' lang='grc'><strong>,</strong></span> <span class='ocrx_word' id='word_1_274' title='bbox 3252 1152 3432 1225; x_wconf 82' lang='grc' dir='ltr'>ὥσπερ</span> <span class='ocrx_word' id='word_1_275' title='bbox 3460 1156 3543 1208; x_wconf 80' lang='grc' dir='ltr'>καὶ</span> 
     </span>
    </p>
   </div>
   <div class='ocr_carea' id='block_1_40' title="bbox 1994 1233 3167 1311">
    <p class='ocr_par' dir='ltr' id='par_1_40' title="bbox 1994 1233 3167 1311">
     <span class='ocr_line' id='line_1_40' title="bbox 1994 1233 3167 1311; baseline 0.011 -30"><span class='ocrx_word' id='word_1_276' title='bbox 1994 1234 2122 1301; x_wconf 81' lang='grc' dir='ltr'><strong>περί</strong></span> <span class='ocrx_word' id='word_1_277' title='bbox 2151 1233 2257 1285; x_wconf 79' lang='grc' dir='ltr'><strong>τῶν</strong></span> <span class='ocrx_word' id='word_1_278' title='bbox 2290 1233 2486 1303; x_wconf 70' lang='grc' dir='ltr'>ἄλλων,</span> <span class='ocrx_word' id='word_1_279' title='bbox 2516 1237 2604 1289; x_wconf 72' lang='grc' dir='ltr'><strong>διὰ</strong></span> <span class='ocrx_word' id='word_1_280' title='bbox 2636 1237 2883 1309; x_wconf 80' lang='grc' dir='ltr'>βραχέων</span> <span class='ocrx_word' id='word_1_281' title='bbox 2914 1240 3167 1311; x_wconf 82' lang='grc' dir='ltr'>ἐροῦμεν.</span> 
     </span>
    </p>
   </div>
   <div class='ocr_carea' id='block_1_41' title="bbox 2065 1415 3543 1496">
    <p class='ocr_par' dir='ltr' id='par_1_41' title="bbox 2065 1415 3543 1496">
     <span class='ocr_line' id='line_1_41' title="bbox 2065 1415 3543 1496; baseline 0.009 -31"><span class='ocrx_word' id='word_1_282' title='bbox 2065 1420 2151 1481; x_wconf 88' lang='grc' dir='ltr'>ιγ’.</span> <span class='ocrx_word' id='word_1_283' title='bbox 2195 1416 2257 1467; x_wconf 78' lang='lat' dir='ltr'><strong>Oi</strong></span> <span class='ocrx_word' id='word_1_284' title='bbox 2292 1415 2570 1486; x_wconf 78' lang='grc' dir='ltr'>ἅνθρωποι</span> <span class='ocrx_word' id='word_1_285' title='bbox 2592 1458 2608 1478; x_wconf 91' lang='grc'><strong>,</strong></span> <span class='ocrx_word' id='word_1_286' title='bbox 2643 1417 2717 1481; x_wconf 87' lang='grc' dir='ltr'><strong>ὡς</strong></span> <span class='ocrx_word' id='word_1_287' title='bbox 2752 1420 3059 1489; x_wconf 81' lang='grc' dir='ltr'>φθάσαντες</span> <span class='ocrx_word' id='word_1_288' title='bbox 3092 1423 3319 1493; x_wconf 70' lang='grc' dir='ltr'>εἴπομεν</span> <span class='ocrx_word' id='word_1_289' title='bbox 3352 1424 3543 1496; x_wconf 79' lang='grc' dir='ltr'>ἔμπρο-</span> 
     </span>
    </p>
   </div>
   <div class='ocr_carea' id='block_1_42' title="bbox 1994 1505 3545 1584">
    <p class='ocr_par' dir='ltr' id='par_1_42' title="bbox 1994 1505 3545 1584">
     <span class='ocr_line' id='line_1_42' title="bbox 1994 1505 3545 1584; baseline 0.008 -27"><span class='ocrx_word' id='word_1_290' title='bbox 1994 1505 2148 1569; x_wconf 68' lang='grc' dir='ltr'>σθεν,</span> <span class='ocrx_word' id='word_1_291' title='bbox 2188 1506 2504 1576; x_wconf 79' lang='grc' dir='ltr'><strong>ἀνθρώπους</strong></span> <span class='ocrx_word' id='word_1_292' title='bbox 2547 1510 2705 1564; x_wconf 74' lang='grc' dir='ltr'>ἔθυον</span> <span class='ocrx_word' id='word_1_293' title='bbox 2740 1514 2853 1576; x_wconf 81' lang='grc' dir='ltr'>τοῖς</span> <span class='ocrx_word' id='word_1_294' title='bbox 2894 1514 3168 1580; x_wconf 76' lang='grc' dir='ltr'><strong>εἰδώλοις,</strong></span> <span class='ocrx_word' id='word_1_295' title='bbox 3205 1517 3266 1569; x_wconf 79' lang='grc' dir='ltr'>οὐ</span> <span class='ocrx_word' id='word_1_296' title='bbox 3316 1518 3463 1584; x_wconf 83' lang='grc' dir='ltr'>μόνον</span> <span class='ocrx_word' id='word_1_297' title='bbox 3494 1517 3545 1570; x_wconf 83' lang='grc' dir='ltr'>δὲ</span> 
     </span>
    </p>
   </div>
   <div class='ocr_carea' id='block_1_43' title="bbox 1988 1595 3546 1676">
    <p class='ocr_par' dir='ltr' id='par_1_43' title="bbox 1988 1595 3546 1676">
     <span class='ocr_line' id='line_1_43' title="bbox 1988 1595 3546 1676; baseline 0.006 -28"><span class='ocrx_word' id='word_1_298' title='bbox 1988 1595 2333 1664; x_wconf 81' lang='grc' dir='ltr'><strong>ἀλλοτρίους,</strong></span> <span class='ocrx_word' id='word_1_299' title='bbox 2373 1598 2506 1652; x_wconf 82' lang='grc' dir='ltr'>ἀλλὰ</span> <span class='ocrx_word' id='word_1_300' title='bbox 2541 1602 2635 1653; x_wconf 74' lang='grc' dir='ltr'><strong>καὶ</strong></span> <span class='ocrx_word' id='word_1_301' title='bbox 2667 1604 2733 1654; x_wconf 73' lang='grc' dir='ltr'>τὰ</span> <span class='ocrx_word' id='word_1_302' title='bbox 2767 1604 2932 1656; x_wconf 82' lang='grc' dir='ltr'>τέκνα</span> <span class='ocrx_word' id='word_1_303' title='bbox 2968 1604 3173 1660; x_wconf 80' lang='grc' dir='ltr'>αὐτῶν.</span> <span class='ocrx_word' id='word_1_304' title='bbox 3232 1607 3339 1659; x_wconf 63' lang='grc' dir='ltr'><strong>Καὶ</strong></span> <span class='ocrx_word' id='word_1_305' title='bbox 3375 1606 3546 1676; x_wconf 83' lang='grc' dir='ltr'>ὥσπερ</span> 
     </span>
    </p>
   </div>
   <div class='ocr_carea' id='block_1_44' title="bbox 1990 1684 3547 1781">
    <p class='ocr_par' dir='ltr' id='par_1_44' title="bbox 1990 1684 3547 1781">
     <span class='ocr_line' id='line_1_44' title="bbox 1990 1684 3547 1781; baseline 0.008 -45"><span class='ocrx_word' id='word_1_306' title='bbox 1990 1684 2147 1748; x_wconf 74' lang='grc' dir='ltr'>ξύλον</span> <span class='ocrx_word' id='word_1_307' title='bbox 2184 1688 2334 1750; x_wconf 78' lang='grc' dir='ltr'>Λοξὺν</span> <span class='ocrx_word' id='word_1_308' title='bbox 2373 1690 2579 1759; x_wconf 81' lang='grc' dir='ltr'>ἀθρόαν</span> <span class='ocrx_word' id='word_1_309' title='bbox 2622 1694 2926 1764; x_wconf 80' lang='grc' dir='ltr'>μεταϐολὴν</span> <span class='ocrx_word' id='word_1_310' title='bbox 2968 1696 3262 1764; x_wconf 77' lang='grc' dir='ltr'>ὑπομεῖναι</span> <span class='ocrx_word' id='word_1_311' title='bbox 3304 1696 3374 1781; x_wconf 18' lang='grc' dir='ltr'><strong>οὐ.</strong></span> <span class='ocrx_word' id='word_1_312' title='bbox 3404 1698 3547 1750; x_wconf 74' lang='grc' dir='ltr'>δύνα-</span> 
     </span>
    </p>
   </div>
   <div class='ocr_carea' id='block_1_45' title="bbox 1989 1778 3549 1858">
    <p class='ocr_par' dir='ltr' id='par_1_45' title="bbox 1989 1778 3549 1858">
     <span class='ocr_line' id='line_1_45' title="bbox 1989 1778 3549 1858; baseline 0.01 -31"><span class='ocrx_word' id='word_1_313' title='bbox 1989 1793 2099 1840; x_wconf 87' lang='grc' dir='ltr'>ται,</span> <span class='ocrx_word' id='word_1_314' title='bbox 2129 1778 2243 1830; x_wconf 82' lang='grc' dir='ltr'>ἀλλ’</span> <span class='ocrx_word' id='word_1_315' title='bbox 2268 1783 2330 1832; x_wconf 81' lang='grc' dir='ltr'><strong>ἐκ</strong></span> <span class='ocrx_word' id='word_1_316' title='bbox 2357 1780 2449 1833; x_wconf 89' lang='grc' dir='ltr'><strong>τοῦ</strong></span> <span class='ocrx_word' id='word_1_317' title='bbox 2479 1786 2820 1854; x_wconf 79' lang='grc' dir='ltr'>καταμικρὸν</span> <span class='ocrx_word' id='word_1_318' title='bbox 2848 1787 2985 1854; x_wconf 77' lang='grc' dir='ltr'>μετὰ</span> <span class='ocrx_word' id='word_1_319' title='bbox 3009 1788 3199 1858; x_wconf 83' lang='grc' dir='ltr'>τέχνης</span> <span class='ocrx_word' id='word_1_320' title='bbox 3232 1789 3325 1840; x_wconf 78' lang='grc' dir='ltr'><strong>καὶ</strong></span> <span class='ocrx_word' id='word_1_321' title='bbox 3374 1792 3549 1856; x_wconf 77' lang='grc' dir='ltr'>ἐπιτη-</span> 
     </span>
    </p>
   </div>
   <div class='ocr_carea' id='block_1_46' title="bbox 1988 1867 3547 1947">
    <p class='ocr_par' dir='ltr' id='par_1_46' title="bbox 1988 1867 3547 1947">
     <span class='ocr_line' id='line_1_46' title="bbox 1988 1867 3547 1947; baseline 0.006 -28"><span class='ocrx_word' id='word_1_322' title='bbox 1988 1867 2261 1937; x_wconf 84' lang='grc' dir='ltr'>δειότητος</span> <span class='ocrx_word' id='word_1_323' title='bbox 2293 1872 2320 1922; x_wconf 97' lang='lat'><strong>6</strong></span> <span class='ocrx_word' id='word_1_324' title='bbox 2352 1873 2604 1943; x_wconf 81' lang='grc' dir='ltr'><strong>τεχνίτης</strong></span> <span class='ocrx_word' id='word_1_325' title='bbox 2636 1875 2966 1929; x_wconf 76' lang='grc' dir='ltr'>ἀπαλλάττει</span> <span class='ocrx_word' id='word_1_326' title='bbox 3003 1878 3102 1945; x_wconf 79' lang='grc' dir='ltr'><strong>μὲν</strong></span> <span class='ocrx_word' id='word_1_327' title='bbox 3133 1878 3264 1930; x_wconf 83' lang='grc' dir='ltr'>αὐτὸ</span> <span class='ocrx_word' id='word_1_328' title='bbox 3294 1879 3391 1945; x_wconf 79' lang='grc' dir='ltr'>τῆς</span> <span class='ocrx_word' id='word_1_329' title='bbox 3430 1897 3547 1947; x_wconf 75' lang='grc' dir='ltr'>προ-</span> 
     </span>
    </p>
   </div>
   <div class='ocr_carea' id='block_1_47' title="bbox 1988 1960 3549 2035">
    <p class='ocr_par' dir='ltr' id='par_1_47' title="bbox 1988 1960 3549 2035">
     <span class='ocr_line' id='line_1_47' title="bbox 1988 1960 3549 2035; baseline 0.009 -26"><span class='ocrx_word' id='word_1_330' title='bbox 1988 1960 2152 2029; x_wconf 81' lang='grc' dir='ltr'>τέρας</span> <span class='ocrx_word' id='word_1_331' title='bbox 2192 1962 2528 2032; x_wconf 85' lang='grc' dir='ltr'>άνισότητος.</span> <span class='ocrx_word' id='word_1_332' title='bbox 2568 1964 2796 2035; x_wconf 77' lang='grc' dir='ltr'>ὕστερον</span> <span class='ocrx_word' id='word_1_333' title='bbox 2830 1969 2884 2020; x_wconf 79' lang='grc' dir='ltr'><strong>δὲ</strong></span> <span class='ocrx_word' id='word_1_334' title='bbox 2935 1968 3191 2021; x_wconf 75' lang='grc' dir='ltr'>τοσοῦτον</span> <span class='ocrx_word' id='word_1_335' title='bbox 3234 1974 3383 2022; x_wconf 75' lang='grc' dir='ltr'>ποιεῖ</span> <span class='ocrx_word' id='word_1_336' title='bbox 3430 1972 3549 2023; x_wconf 77' lang='grc' dir='ltr'>αὐτὸ</span> 
     </span>
    </p>
   </div>
   <div class='ocr_carea' id='block_1_48' title="bbox 1986 2051 3548 2120">
    <p class='ocr_par' dir='ltr' id='par_1_48' title="bbox 1986 2051 3548 2120">
     <span class='ocr_line' id='line_1_48' title="bbox 1986 2051 3548 2120; baseline 0.006 -17"><span class='ocrx_word' id='word_1_337' title='bbox 1986 2051 2165 2120; x_wconf 81' lang='grc' dir='ltr'>ὀρθὸν,</span> <span class='ocrx_word' id='word_1_338' title='bbox 2201 2052 2341 2105; x_wconf 80' lang='grc' dir='ltr'>ὥστε</span> <span class='ocrx_word' id='word_1_339' title='bbox 2382 2055 2474 2107; x_wconf 78' lang='grc' dir='ltr'>καὶ</span> <span class='ocrx_word' id='word_1_340' title='bbox 2516 2059 2715 2109; x_wconf 79' lang='grc' dir='ltr'>κανόνα</span> <span class='ocrx_word' id='word_1_341' title='bbox 2746 2060 2901 2112; x_wconf 84' lang='grc' dir='ltr'>τοῦτο</span> <span class='ocrx_word' id='word_1_342' title='bbox 2945 2063 3109 2113; x_wconf 78' lang='grc' dir='ltr'>ποιεῖ.</span> <span class='ocrx_word' id='word_1_343' title='bbox 3141 2060 3298 2112; x_wconf 82' lang='grc' dir='ltr'>Οῦτω</span> <span class='ocrx_word' id='word_1_344' title='bbox 3330 2064 3418 2114; x_wconf 80' lang='grc' dir='ltr'>καὶ</span> <span class='ocrx_word' id='word_1_345' title='bbox 3463 2063 3548 2113; x_wconf 71' lang='grc' dir='ltr'><strong>ἐπὶ</strong></span> 
     </span>
    </p>
   </div>
   <div class='ocr_carea' id='block_1_49' title="bbox 1990 2143 3549 2219">
    <p class='ocr_par' dir='ltr' id='par_1_49' title="bbox 1990 2143 3549 2219">
     <span class='ocr_line' id='line_1_49' title="bbox 1990 2143 3549 2219; baseline 0.007 -26"><span class='ocrx_word' id='word_1_346' title='bbox 1990 2143 2101 2194; x_wconf 88' lang='grc' dir='ltr'><strong>τῶν</strong></span> <span class='ocrx_word' id='word_1_347' title='bbox 2127 2144 2349 2195; x_wconf 81' lang='grc' dir='ltr'>θυσιῶν.</span> <span class='ocrx_word' id='word_1_348' title='bbox 2382 2147 2736 2217; x_wconf 85' lang='grc' dir='ltr'>Συνεχὼρησε</span> <span class='ocrx_word' id='word_1_349' title='bbox 2772 2149 2872 2218; x_wconf 80' lang='grc' dir='ltr'><strong>μὲν</strong></span> <span class='ocrx_word' id='word_1_350' title='bbox 2900 2152 3168 2219; x_wconf 84' lang='grc' dir='ltr'>πρότερον</span> <span class='ocrx_word' id='word_1_351' title='bbox 3197 2152 3225 2203; x_wconf 88' lang='lat'><strong>6</strong></span> <span class='ocrx_word' id='word_1_352' title='bbox 3256 2153 3381 2214; x_wconf 81' lang='grc' dir='ltr'>Θεὸς</span> <span class='ocrx_word' id='word_1_353' title='bbox 3413 2151 3549 2204; x_wconf 81' lang='grc' dir='ltr'>θύειν</span> 
     </span>
    </p>
   </div>
   <div class='ocr_carea' id='block_1_50' title="bbox 1989 2231 3546 2309">
    <p class='ocr_par' dir='ltr' id='par_1_50' title="bbox 1989 2231 3546 2309">
     <span class='ocr_line' id='line_1_50' title="bbox 1989 2231 3546 2309; baseline 0.008 -27"><span class='ocrx_word' id='word_1_354' title='bbox 1989 2231 2119 2300; x_wconf 78' lang='grc' dir='ltr'>βόας</span> <span class='ocrx_word' id='word_1_355' title='bbox 2175 2233 2269 2285; x_wconf 75' lang='grc' dir='ltr'><strong>καὶ</strong></span> <span class='ocrx_word' id='word_1_356' title='bbox 2313 2235 2565 2304; x_wconf 71' lang='grc' dir='ltr'>πρόϐατα</span> <span class='ocrx_word' id='word_1_357' title='bbox 2608 2237 2703 2290; x_wconf 79' lang='grc' dir='ltr'>καὶ</span> <span class='ocrx_word' id='word_1_358' title='bbox 2749 2240 3024 2308; x_wconf 81' lang='grc' dir='ltr'><strong>τράγους,</strong></span> <span class='ocrx_word' id='word_1_359' title='bbox 3072 2241 3223 2302; x_wconf 81' lang='grc' dir='ltr'>ὅπως</span> <span class='ocrx_word' id='word_1_360' title='bbox 3281 2240 3546 2309; x_wconf 61' lang='grc' dir='ltr'>ἀπαλλάξῃ</span> 
     </span>
    </p>
   </div>
   <div class='ocr_carea' id='block_1_51' title="bbox 1987 2326 3548 2401">
    <p class='ocr_par' dir='ltr' id='par_1_51' title="bbox 1987 2326 3548 2401">
     <span class='ocr_line' id='line_1_51' title="bbox 1987 2326 3548 2401; baseline 0.004 -25"><span class='ocrx_word' id='word_1_361' title='bbox 1987 2326 2183 2387; x_wconf 68' lang='grc' dir='ltr'>αὐτοὺς</span> <span class='ocrx_word' id='word_1_362' title='bbox 2210 2326 2309 2394; x_wconf 81' lang='grc' dir='ltr'>τῆς</span> <span class='ocrx_word' id='word_1_363' title='bbox 2334 2327 2560 2391; x_wconf 85' lang='grc' dir='ltr'>ἀσεϐοῦς</span> <span class='ocrx_word' id='word_1_364' title='bbox 2591 2330 2684 2382; x_wconf 83' lang='grc' dir='ltr'>καὶ</span> <span class='ocrx_word' id='word_1_365' title='bbox 2716 2332 3087 2401; x_wconf 79' lang='grc' dir='ltr'>ἀπανθρώπου</span> <span class='ocrx_word' id='word_1_366' title='bbox 3126 2334 3338 2395; x_wconf 85' lang='grc' dir='ltr'>θυσίας,</span> <span class='ocrx_word' id='word_1_367' title='bbox 3369 2334 3417 2383; x_wconf 85' lang='grc' dir='ltr'><strong>τί</strong></span> <span class='ocrx_word' id='word_1_368' title='bbox 3448 2334 3548 2400; x_wconf 72' lang='grc' dir='ltr'><strong>γὰρ</strong></span> 
     </span>
    </p>
   </div>
   <div class='ocr_carea' id='block_1_52' title="bbox 1984 2414 3546 2491">
    <p class='ocr_par' dir='ltr' id='par_1_52' title="bbox 1984 2414 3546 2491">
     <span class='ocr_line' id='line_1_52' title="bbox 1984 2414 3546 2491; baseline 0.018 -28"><span class='ocrx_word' id='word_1_369' title='bbox 1984 2414 2177 2465; x_wconf 85' lang='grc' dir='ltr'>τούτου</span> <span class='ocrx_word' id='word_1_370' title='bbox 2213 2415 2488 2485; x_wconf 83' lang='grc' dir='ltr'>χείριστόν</span> <span class='ocrx_word' id='word_1_371' title='bbox 2518 2436 2574 2471; x_wconf 86' lang='grc' dir='ltr'><strong>τε</strong></span> <span class='ocrx_word' id='word_1_372' title='bbox 2610 2422 2702 2473; x_wconf 72' lang='grc' dir='ltr'><strong>καὶ</strong></span> <span class='ocrx_word' id='word_1_373' title='bbox 2736 2421 3068 2476; x_wconf 62' lang='grc' dir='ltr'>άδικιῖλτατον</span> <span class='ocrx_word' id='word_1_374' title='bbox 3096 2441 3110 2487; x_wconf 90' lang='grc'><strong>;</strong></span> <span class='ocrx_word' id='word_1_375' title='bbox 3143 2425 3292 2491; x_wconf 80' lang='grc' dir='ltr'>ὅμως</span> <span class='ocrx_word' id='word_1_376' title='bbox 3324 2421 3546 2489; x_wconf 76' lang='grc' dir='ltr'>συνεχώ-</span> 
     </span>
    </p>
   </div>
   <div class='ocr_carea' id='block_1_53' title="bbox 1987 2504 3549 2583">
    <p class='ocr_par' dir='ltr' id='par_1_53' title="bbox 1987 2504 3549 2583">
     <span class='ocr_line' id='line_1_53' title="bbox 1987 2504 3549 2583; baseline 0.007 -31"><span class='ocrx_word' id='word_1_377' title='bbox 1987 2520 2117 2572; x_wconf 80' lang='grc' dir='ltr'>ρησε</span> <span class='ocrx_word' id='word_1_378' title='bbox 2144 2504 2305 2557; x_wconf 80' lang='grc' dir='ltr'>τοῦτο</span> <span class='ocrx_word' id='word_1_379' title='bbox 2339 2508 2365 2557; x_wconf 87' lang='lat'><strong>6</strong></span> <span class='ocrx_word' id='word_1_380' title='bbox 2393 2506 2546 2573; x_wconf 82' lang='grc' dir='ltr'>Θεὸς,</span> <span class='ocrx_word' id='word_1_381' title='bbox 2576 2509 2662 2562; x_wconf 83' lang='grc' dir='ltr'><strong>διὰ</strong></span> <span class='ocrx_word' id='word_1_382' title='bbox 2690 2511 2750 2562; x_wconf 84' lang='grc' dir='ltr'><strong>τὸ</strong></span> <span class='ocrx_word' id='word_1_383' title='bbox 2779 2510 2863 2563; x_wconf 79' lang='grc' dir='ltr'><strong>ἵνα</strong></span> <span class='ocrx_word' id='word_1_384' title='bbox 2882 2512 2955 2575; x_wconf 77' lang='grc' dir='ltr'>ὡς</span> <span class='ocrx_word' id='word_1_385' title='bbox 2984 2516 3042 2565; x_wconf 84' lang='grc' dir='ltr'>ἐν</span> <span class='ocrx_word' id='word_1_386' title='bbox 3062 2513 3233 2583; x_wconf 79' lang='grc' dir='ltr'>ὀλίγῳ</span> <span class='ocrx_word' id='word_1_387' title='bbox 3264 2513 3438 2582; x_wconf 76' lang='grc' dir='ltr'>παύσῃ</span> <span class='ocrx_word' id='word_1_388' title='bbox 3465 2514 3549 2565; x_wconf 70' lang='grc' dir='ltr'><strong>καὶ</strong></span> 
     </span>
    </p>
   </div>
   <div class='ocr_carea' id='block_1_54' title="bbox 1984 2596 3548 2671">
    <p class='ocr_par' dir='ltr' id='par_1_54' title="bbox 1984 2596 3548 2671">
     <span class='ocr_line' id='line_1_54' title="bbox 1984 2596 3548 2671; baseline 0.004 -24"><span class='ocrx_word' id='word_1_389' title='bbox 1984 2596 2143 2658; x_wconf 76' lang='grc' dir='ltr'>αὐτὰ,</span> <span class='ocrx_word' id='word_1_390' title='bbox 2179 2598 2274 2651; x_wconf 71' lang='grc' dir='ltr'><strong>καὶ</strong></span> <span class='ocrx_word' id='word_1_391' title='bbox 2293 2596 2439 2669; x_wconf 81' lang='grc' dir='ltr'>δὼσῃ</span> <span class='ocrx_word' id='word_1_392' title='bbox 2461 2600 2573 2659; x_wconf 75' lang='grc' dir='ltr'>τοῖς</span> <span class='ocrx_word' id='word_1_393' title='bbox 2600 2601 2910 2671; x_wconf 80' lang='grc' dir='ltr'>ἀνθρώποις</span> <span class='ocrx_word' id='word_1_394' title='bbox 2935 2604 3139 2670; x_wconf 89' lang='grc' dir='ltr'>γνῶσιν</span> <span class='ocrx_word' id='word_1_395' title='bbox 3173 2604 3267 2657; x_wconf 83' lang='grc' dir='ltr'><strong>τοῦ</strong></span> <span class='ocrx_word' id='word_1_396' title='bbox 3300 2605 3441 2655; x_wconf 82' lang='grc' dir='ltr'>θύειν</span> <span class='ocrx_word' id='word_1_397' title='bbox 3464 2603 3548 2654; x_wconf 84' lang='grc' dir='ltr'>θυ-</span> 
     </span>
    </p>
   </div>
   <div class='ocr_carea' id='block_1_55' title="bbox 1984 2684 3549 2760">
    <p class='ocr_par' dir='ltr' id='par_1_55' title="bbox 1984 2684 3549 2760">
     <span class='ocr_line' id='line_1_55' title="bbox 1984 2684 3549 2760; baseline 0.004 -23"><span class='ocrx_word' id='word_1_398' title='bbox 1984 2684 2104 2738; x_wconf 83' lang='grc' dir='ltr'>σίαν</span> <span class='ocrx_word' id='word_1_399' title='bbox 2128 2687 2406 2749; x_wconf 76' lang='grc' dir='ltr'>αἰνέσεως.</span> <span class='ocrx_word' id='word_1_400' title='bbox 2441 2687 2596 2742; x_wconf 77' lang='grc' dir='ltr'>Οὕτω</span> <span class='ocrx_word' id='word_1_401' title='bbox 2629 2689 2735 2760; x_wconf 84' lang='grc' dir='ltr'>γὰρ</span> <span class='ocrx_word' id='word_1_402' title='bbox 2762 2689 2847 2743; x_wconf 75' lang='grc' dir='ltr'><strong>διὰ</strong></span> <span class='ocrx_word' id='word_1_403' title='bbox 2877 2692 2971 2744; x_wconf 87' lang='grc' dir='ltr'><strong>τοῦ</strong></span> <span class='ocrx_word' id='word_1_404' title='bbox 3001 2692 3170 2745; x_wconf 73' lang='grc' dir='ltr'>Δαϐὶδ</span> <span class='ocrx_word' id='word_1_405' title='bbox 3202 2694 3229 2744; x_wconf 92' lang='lat'><strong>6</strong></span> <span class='ocrx_word' id='word_1_406' title='bbox 3256 2692 3384 2753; x_wconf 84' lang='grc' dir='ltr'>Θεὸς</span> <span class='ocrx_word' id='word_1_407' title='bbox 3409 2693 3549 2760; x_wconf 80' lang='grc' dir='ltr'>εἰρή-</span> 
     </span>
    </p>
   </div>
   <div class='ocr_carea' id='block_1_56' title="bbox 1982 2778 3547 2853">
    <p class='ocr_par' dir='ltr' id='par_1_56' title="bbox 1982 2778 3547 2853">
     <span class='ocr_line' id='line_1_56' title="bbox 1982 2778 3547 2853; baseline 0.002 -24"><span class='ocrx_word' id='word_1_408' title='bbox 1982 2792 2106 2829; x_wconf 83' lang='grc' dir='ltr'>κεν·</span> <span class='ocrx_word' id='word_1_409' title='bbox 2151 2795 2170 2830; x_wconf 79' lang='grc' dir='ltr'>ι</span> <span class='ocrx_word' id='word_1_410' title='bbox 2201 2779 2275 2831; x_wconf 81' lang='grc' dir='ltr'><strong>Οὐ</strong></span> <span class='ocrx_word' id='word_1_411' title='bbox 2307 2778 2529 2848; x_wconf 79' lang='grc' dir='ltr'>δέξομαι</span> <span class='ocrx_word' id='word_1_412' title='bbox 2573 2781 2636 2833; x_wconf 79' lang='grc' dir='ltr'>ὲκ</span> <span class='ocrx_word' id='word_1_413' title='bbox 2672 2780 2766 2834; x_wconf 89' lang='grc' dir='ltr'><strong>τοῦ</strong></span> <span class='ocrx_word' id='word_1_414' title='bbox 2797 2781 2948 2835; x_wconf 79' lang='grc' dir='ltr'>οἴκου</span> <span class='ocrx_word' id='word_1_415' title='bbox 3000 2799 3093 2835; x_wconf 89' lang='grc' dir='ltr'><strong>σου</strong></span> <span class='ocrx_word' id='word_1_416' title='bbox 3133 2784 3390 2853; x_wconf 67' lang='grc' dir='ltr'>μόσχους,</span> <span class='ocrx_word' id='word_1_417' title='bbox 3437 2780 3547 2834; x_wconf 70' lang='grc' dir='ltr'>οζδὲ</span> 
     </span>
    </p>
   </div>
   <div class='ocr_carea' id='block_1_57' title="bbox 1981 2863 3547 2940">
    <p class='ocr_par' dir='ltr' id='par_1_57' title="bbox 1981 2863 3547 2940">
     <span class='ocr_line' id='line_1_57' title="bbox 1981 2863 3547 2940; baseline 0.004 -23"><span class='ocrx_word' id='word_1_418' title='bbox 1981 2866 2044 2917; x_wconf 82' lang='grc' dir='ltr'>ὲκ</span> <span class='ocrx_word' id='word_1_419' title='bbox 2071 2863 2177 2916; x_wconf 85' lang='grc' dir='ltr'><strong>τῶν</strong></span> <span class='ocrx_word' id='word_1_420' title='bbox 2223 2867 2493 2930; x_wconf 82' lang='grc' dir='ltr'>ποιμνίων</span> <span class='ocrx_word' id='word_1_421' title='bbox 2528 2884 2626 2920; x_wconf 90' lang='grc' dir='ltr'><strong>σου</strong></span> <span class='ocrx_word' id='word_1_422' title='bbox 2656 2870 2946 2940; x_wconf 81' lang='grc' dir='ltr'>χιμάρους.</span> <span class='ocrx_word' id='word_1_423' title='bbox 2980 2872 3071 2939; x_wconf 82' lang='grc' dir='ltr'><strong>Μὴ</strong></span> <span class='ocrx_word' id='word_1_424' title='bbox 3120 2872 3370 2940; x_wconf 72' lang='grc' dir='ltr'>φάγομαι</span> <span class='ocrx_word' id='word_1_425' title='bbox 3420 2872 3547 2940; x_wconf 84' lang='grc' dir='ltr'>κρέα</span> 
     </span>
    </p>
   </div>
   <div class='ocr_carea' id='block_1_58' title="bbox 1979 2953 3542 3031">
    <p class='ocr_par' dir='ltr' id='par_1_58' title="bbox 1979 2953 3542 3031">
     <span class='ocr_line' id='line_1_58' title="bbox 1979 2953 3542 3031; baseline 0.004 -25"><span class='ocrx_word' id='word_1_426' title='bbox 1979 2955 2199 3025; x_wconf 81' lang='grc' dir='ltr'>ταύρων</span> <span class='ocrx_word' id='word_1_427' title='bbox 2233 2957 2266 3028; x_wconf 74' lang='grc' dir='ltr'>ἦ</span> <span class='ocrx_word' id='word_1_428' title='bbox 2297 2953 2435 3027; x_wconf 80' lang='grc' dir='ltr'>αἷμα</span> <span class='ocrx_word' id='word_1_429' title='bbox 2460 2958 2679 3027; x_wconf 84' lang='grc' dir='ltr'>τράγων</span> <span class='ocrx_word' id='word_1_430' title='bbox 2712 2960 2906 3029; x_wconf 87' lang='grc' dir='ltr'>πίομαι</span> <span class='ocrx_word' id='word_1_431' title='bbox 2932 2976 2948 3026; x_wconf 88' lang='lat'><strong>;</strong></span> <span class='ocrx_word' id='word_1_432' title='bbox 2984 2961 3164 3013; x_wconf 86' lang='grc' dir='ltr'>Θῦσον</span> <span class='ocrx_word' id='word_1_433' title='bbox 3196 2961 3274 3030; x_wconf 81' lang='grc' dir='ltr'>τῷ</span> <span class='ocrx_word' id='word_1_434' title='bbox 3306 2962 3421 3031; x_wconf 85' lang='grc' dir='ltr'>Θεῴ</span> <span class='ocrx_word' id='word_1_435' title='bbox 3457 2961 3542 3012; x_wconf 87' lang='grc' dir='ltr'>θυ-</span> 
     </span>
    </p>
   </div>
   <div class='ocr_carea' id='block_1_59' title="bbox 308 3027 1872 3122">
    <p class='ocr_par' dir='ltr' id='par_1_59' title="bbox 308 3027 1872 3115">
     <span class='ocr_line' id='line_1_59' title="bbox 308 3027 1872 3115; baseline 0.022 -38"><span class='ocrx_word' id='word_1_436' title='bbox 308 3027 382 3078; x_wconf 90' lang='lat' dir='ltr'><strong>tui</strong></span> <span class='ocrx_word' id='word_1_437' title='bbox 415 3044 536 3082; x_wconf 84' lang='lat' dir='ltr'><strong>cum</strong></span> <span class='ocrx_word' id='word_1_438' title='bbox 572 3033 787 3090; x_wconf 86' lang='lat' dir='ltr'><strong>sincero</strong></span> <span class='ocrx_word' id='word_1_439' title='bbox 817 3048 872 3092; x_wconf 87' lang='lat' dir='ltr'><strong>et</strong></span> <span class='ocrx_word' id='word_1_440' title='bbox 908 3053 1061 3096; x_wconf 87' lang='lat' dir='ltr'><strong>recto</strong></span> <span class='ocrx_word' id='word_1_441' title='bbox 1093 3047 1307 3115; x_wconf 85' lang='lat' dir='ltr'><strong>corde),</strong></span> <span class='ocrx_word' id='word_1_442' title='bbox 1338 3058 1394 3103; x_wconf 91' lang='lat' dir='ltr'><strong>et</strong></span> <span class='ocrx_word' id='word_1_443' title='bbox 1438 3053 1610 3106; x_wconf 89' lang='lat' dir='ltr'><strong>redde</strong></span> <span class='ocrx_word' id='word_1_444' title='bbox 1646 3055 1872 3110; x_wconf 89' lang='lat' dir='ltr'><strong>Domino</strong></span> 
     </span>
    </p>
   </div>
   <div class='ocr_carea' id='block_1_60' title="bbox 1978 3027 3545 3122">
    <p class='ocr_par' dir='ltr' id='par_1_60' title="bbox 1984 3047 3545 3121">
     <span class='ocr_line' id='line_1_60' title="bbox 1984 3047 3545 3121; baseline 0.003 -24"><span class='ocrx_word' id='word_1_445' title='bbox 1984 3048 2104 3098; x_wconf 84' lang='grc' dir='ltr'>σίαν</span> <span class='ocrx_word' id='word_1_446' title='bbox 2149 3047 2427 3113; x_wconf 82' lang='grc' dir='ltr'>αἰνέσεως,</span> <span class='ocrx_word' id='word_1_447' title='bbox 2472 3052 2755 3103; x_wconf 81' lang='grc' dir='ltr'>τουτέστιν</span> <span class='ocrx_word' id='word_1_448' title='bbox 2791 3050 2962 3120; x_wconf 78' lang='grc' dir='ltr'>ὕμνον</span> <span class='ocrx_word' id='word_1_449' title='bbox 2993 3055 3056 3104; x_wconf 83' lang='grc' dir='ltr'>ὲκ</span> <span class='ocrx_word' id='word_1_450' title='bbox 3094 3052 3368 3121; x_wconf 80' lang='grc' dir='ltr'>στόματος</span> <span class='ocrx_word' id='word_1_451' title='bbox 3416 3050 3545 3119; x_wconf 75' lang='grc' dir='ltr'>μετᾶ</span> 
     </span>
    </p>
   </div>
   <div class='ocr_carea' id='block_1_61' title="bbox 303 3112 1868 3210">
    <p class='ocr_par' dir='ltr' id='par_1_61' title="bbox 303 3112 1868 3210">
     <span class='ocr_line' id='line_1_61' title="bbox 303 3112 1868 3210; baseline 0.024 -45"><span class='ocrx_word' id='word_1_452' title='bbox 303 3126 427 3172; x_wconf 65' lang='lat' dir='ltr'><strong>Vola</strong></span> <span class='ocrx_word' id='word_1_453' title='bbox 460 3112 569 3185; x_wconf 83' lang='lat' dir='ltr'><strong>tua,</strong></span> <span class='ocrx_word' id='word_1_454' title='bbox 600 3134 652 3180; x_wconf 89' lang='lat' dir='ltr'><strong>et</strong></span> <span class='ocrx_word' id='word_1_455' title='bbox 685 3127 876 3185; x_wconf 87' lang='lat' dir='ltr'><strong>invoca</strong></span> <span class='ocrx_word' id='word_1_456' title='bbox 910 3135 1067 3188; x_wconf 87' lang='lat' dir='ltr'><strong>mein</strong></span> <span class='ocrx_word' id='word_1_457' title='bbox 1113 3137 1201 3193; x_wconf 87' lang='lat' dir='ltr'><strong>die</strong></span> <span class='ocrx_word' id='word_1_458' title='bbox 1235 3141 1610 3203; x_wconf 87' lang='lat' dir='ltr'><strong>tribulationis</strong></span> <span class='ocrx_word' id='word_1_459' title='bbox 1644 3154 1775 3210; x_wconf 68' lang='lat' dir='ltr'><strong>me,</strong></span> <span class='ocrx_word' id='word_1_460' title='bbox 1812 3159 1868 3203; x_wconf 91' lang='lat' dir='ltr'><strong>et</strong></span> 
     </span>
    </p>
   </div>
   <div class='ocr_carea' id='block_1_62' title="bbox 299 3212 1866 3309">
    <p class='ocr_par' dir='ltr' id='par_1_62' title="bbox 299 3212 1866 3309">
     <span class='ocr_line' id='line_1_62' title="bbox 299 3212 1866 3309; baseline 0.021 -48"><span class='ocrx_word' id='word_1_461' title='bbox 299 3212 530 3277; x_wconf 82' lang='lat' dir='ltr'><strong>eripiam</strong></span> <span class='ocrx_word' id='word_1_462' title='bbox 561 3224 633 3280; x_wconf 90' lang='lat' dir='ltr'><strong>te,</strong></span> <span class='ocrx_word' id='word_1_463' title='bbox 664 3228 718 3271; x_wconf 89' lang='lat' dir='ltr'><strong>et</strong></span> <span class='ocrx_word' id='word_1_464' title='bbox 746 3222 1083 3289; x_wconf 76' lang='lat' dir='ltr'><strong>gloriﬁcabis</strong></span> <span class='ocrx_word' id='word_1_465' title='bbox 1110 3244 1194 3283; x_wconf 86' lang='lat' dir='ltr'><strong>me</strong></span> <span class='ocrx_word' id='word_1_466' title='bbox 1221 3230 1289 3287; x_wconf 81' lang='grc'><strong>⁸⁷.</strong></span> <span class='ocrx_word' id='word_1_467' title='bbox 1319 3251 1336 3282; x_wconf 71' lang='grc' dir='ltr'><strong>ι</strong></span> <span class='ocrx_word' id='word_1_468' title='bbox 1369 3234 1438 3288; x_wconf 84' lang='grc' dir='ltr'><strong>Ει.</strong></span> <span class='ocrx_word' id='word_1_469' title='bbox 1472 3235 1587 3290; x_wconf 67' lang='lat' dir='ltr'><strong>haec</strong></span> <span class='ocrx_word' id='word_1_470' title='bbox 1613 3247 1866 3309; x_wconf 87' lang='lat' dir='ltr'><strong>tanquam</strong></span> 
     </span>
    </p>
   </div>
   <div class='ocr_carea' id='block_1_63' title="bbox 303 3295 1871 3384">
    <p class='ocr_par' dir='ltr' id='par_1_63' title="bbox 303 3295 1871 3384">
     <span class='ocr_line' id='line_1_63' title="bbox 303 3295 1871 3384; baseline 0.024 -37"><span class='ocrx_word' id='word_1_471' title='bbox 303 3295 406 3349; x_wconf 78' lang='lat' dir='ltr'><strong>sub</strong></span> <span class='ocrx_word' id='word_1_472' title='bbox 443 3298 538 3352; x_wconf 84' lang='lat' dir='ltr'><strong>Del</strong></span> <span class='ocrx_word' id='word_1_473' title='bbox 575 3317 804 3367; x_wconf 86' lang='lat' dir='ltr'><strong>persona</strong></span> <span class='ocrx_word' id='word_1_474' title='bbox 835 3309 996 3375; x_wconf 81' lang='lat' dir='ltr'><strong>dixit,</strong></span> <span class='ocrx_word' id='word_1_475' title='bbox 1028 3319 1333 3372; x_wconf 81' lang='lat' dir='ltr'><strong>aversantis</strong></span> <span class='ocrx_word' id='word_1_476' title='bbox 1363 3320 1679 3379; x_wconf 87' lang='lat' dir='ltr'><strong>animalium</strong></span> <span class='ocrx_word' id='word_1_477' title='bbox 1715 3330 1871 3384; x_wconf 82' lang='lat' dir='ltr'><strong>victi-</strong></span> 
     </span>
    </p>
   </div>
   <div class='ocr_carea' id='block_1_64' title="bbox 305 3388 1864 3474">
    <p class='ocr_par' dir='ltr' id='par_1_64' title="bbox 305 3388 1864 3474">
     <span class='ocr_line' id='line_1_64' title="bbox 305 3388 1864 3474; baseline 0.026 -41"><span class='ocrx_word' id='word_1_478' title='bbox 305 3398 439 3439; x_wconf 83' lang='lat' dir='ltr'><strong>mas.</strong></span> <span class='ocrx_word' id='word_1_479' title='bbox 506 3388 608 3443; x_wconf 87' lang='lat' dir='ltr'><strong>Per</strong></span> <span class='ocrx_word' id='word_1_480' title='bbox 668 3396 907 3462; x_wconf 87' lang='lat' dir='ltr'><strong>scipsum</strong></span> <span class='ocrx_word' id='word_1_481' title='bbox 967 3410 1150 3457; x_wconf 89' lang='lat' dir='ltr'><strong>autem</strong></span> <span class='ocrx_word' id='word_1_482' title='bbox 1205 3408 1271 3460; x_wconf 87' lang='lat' dir='ltr'><strong>ad</strong></span> <span class='ocrx_word' id='word_1_483' title='bbox 1318 3409 1486 3464; x_wconf 88' lang='lat' dir='ltr'><strong>Deum</strong></span> <span class='ocrx_word' id='word_1_484' title='bbox 1543 3414 1623 3468; x_wconf 87' lang='lat' dir='ltr'><strong>sic</strong></span> <span class='ocrx_word' id='word_1_485' title='bbox 1687 3417 1864 3474; x_wconf 65' lang='grc' dir='ltr'><strong>(ἥκεις</strong></span> 
     </span>
    </p>
   </div>
   <div class='ocr_carea' id='block_1_65' title="bbox 305 3474 1862 3576">
    <p class='ocr_par' dir='ltr' id='par_1_65' title="bbox 305 3474 1862 3576">
     <span class='ocr_line' id='line_1_65' title="bbox 305 3474 1862 3576; baseline 0.026 -52"><span class='ocrx_word' id='word_1_486' title='bbox 305 3494 323 3523; x_wconf 78' lang='grc' dir='ltr'><strong>ι</strong></span> <span class='ocrx_word' id='word_1_487' title='bbox 350 3474 639 3544; x_wconf 80' lang='lat' dir='ltr'><strong>Quoniam,</strong></span> <span class='ocrx_word' id='word_1_488' title='bbox 665 3486 707 3537; x_wconf 89' lang='lat' dir='ltr'><strong>si</strong></span> <span class='ocrx_word' id='word_1_489' title='bbox 738 3487 1004 3545; x_wconf 63' lang='lat' dir='ltr'><strong>VOIUlaSCS</strong></span> <span class='ocrx_word' id='word_1_490' title='bbox 1040 3495 1388 3561; x_wconf 70' lang='lat' dir='ltr'><strong>sacrificium,</strong></span> <span class='ocrx_word' id='word_1_491' title='bbox 1421 3501 1692 3561; x_wconf 86' lang='lat' dir='ltr'><strong>dedissem</strong></span> <span class='ocrx_word' id='word_1_492' title='bbox 1726 3510 1862 3576; x_wconf 87' lang='lat' dir='ltr'><strong>tibi;</strong></span> 
     </span>
    </p>
   </div>
   <div class='ocr_carea' id='block_1_66' title="bbox 301 3564 1866 3661">
    <p class='ocr_par' dir='ltr' id='par_1_66' title="bbox 301 3564 1866 3661">
     <span class='ocr_line' id='line_1_66' title="bbox 301 3564 1866 3661; baseline 0.024 -48"><span class='ocrx_word' id='word_1_493' title='bbox 301 3564 613 3623; x_wconf 81' lang='lat' dir='ltr'><strong>holocausta</strong></span> <span class='ocrx_word' id='word_1_494' title='bbox 641 3586 749 3625; x_wconf 86' lang='lat' dir='ltr'><strong>non</strong></span> <span class='ocrx_word' id='word_1_495' title='bbox 780 3579 1127 3646; x_wconf 83' lang='lat' dir='ltr'><strong>comprobas.</strong></span> <span class='ocrx_word' id='word_1_496' title='bbox 1155 3582 1495 3642; x_wconf 78' lang='lat' dir='ltr'><strong>Sacriﬁcium</strong></span> <span class='ocrx_word' id='word_1_497' title='bbox 1518 3591 1866 3661; x_wconf 83' lang='lat' dir='ltr'><strong>Deospiritus</strong></span> 
     </span>
    </p>
   </div>
   <div class='ocr_carea' id='block_1_67' title="bbox 297 3662 1866 3744">
    <p class='ocr_par' dir='ltr' id='par_1_67' title="bbox 297 3662 1866 3744">
     <span class='ocr_line' id='line_1_67' title="bbox 297 3662 1866 3744; baseline 0.025 -39"><span class='ocrx_word' id='word_1_498' title='bbox 297 3662 601 3725; x_wconf 77' lang='lat' dir='ltr'><strong>contritus;</strong></span> <span class='ocrx_word' id='word_1_499' title='bbox 631 3678 725 3716; x_wconf 89' lang='lat' dir='ltr'><strong>cor</strong></span> <span class='ocrx_word' id='word_1_500' title='bbox 764 3671 1060 3726; x_wconf 85' lang='lat' dir='ltr'><strong>contritum</strong></span> <span class='ocrx_word' id='word_1_501' title='bbox 1104 3683 1160 3729; x_wconf 91' lang='lat' dir='ltr'><strong>et</strong></span> <span class='ocrx_word' id='word_1_502' title='bbox 1210 3678 1556 3736; x_wconf 88' lang='lat' dir='ltr'><strong>humiliatum</strong></span> <span class='ocrx_word' id='word_1_503' title='bbox 1602 3685 1866 3744; x_wconf 85' lang='lat' dir='ltr'><strong>Dominus</strong></span> 
     </span>
    </p>
   </div>
   <div class='ocr_carea' id='block_1_68' title="bbox 300 3752 1866 3837">
    <p class='ocr_par' dir='ltr' id='par_1_68' title="bbox 300 3752 1866 3837">
     <span class='ocr_line' id='line_1_68' title="bbox 300 3752 1866 3837; baseline 0.024 -41"><span class='ocrx_word' id='word_1_504' title='bbox 300 3758 406 3800; x_wconf 83' lang='lat' dir='ltr'><strong>non</strong></span> <span class='ocrx_word' id='word_1_505' title='bbox 457 3752 723 3821; x_wconf 85' lang='lat' dir='ltr'><strong>despiciet</strong></span> <span class='ocrx_word' id='word_1_506' title='bbox 752 3757 820 3813; x_wconf 82' lang='grc'><strong>⁸⁸.</strong></span> <span class='ocrx_word' id='word_1_507' title='bbox 865 3780 884 3812; x_wconf 79' lang='grc' dir='ltr'><strong>ι</strong></span> <span class='ocrx_word' id='word_1_508' title='bbox 923 3764 1112 3820; x_wconf 80' lang='lat' dir='ltr'><strong>\‘iden’</strong></span> <span class='ocrx_word' id='word_1_509' title='bbox 1143 3772 1422 3837; x_wconf 87' lang='lat' dir='ltr'><strong>quomodo</strong></span> <span class='ocrx_word' id='word_1_510' title='bbox 1468 3774 1521 3827; x_wconf 90' lang='lat' dir='ltr'><strong>in</strong></span> <span class='ocrx_word' id='word_1_511' title='bbox 1572 3779 1721 3830; x_wconf 87' lang='lat' dir='ltr'><strong>omni</strong></span> <span class='ocrx_word' id='word_1_512' title='bbox 1771 3795 1866 3834; x_wconf 87' lang='lat' dir='ltr'><strong>ne-</strong></span> 
     </span>
    </p>
   </div>
   <div class='ocr_carea' id='block_1_69' title="bbox 296 3840 1866 3934">
    <p class='ocr_par' dir='ltr' id='par_1_69' title="bbox 296 3840 1866 3934">
     <span class='ocr_line' id='line_1_69' title="bbox 296 3840 1866 3934; baseline 0.026 -49"><span class='ocrx_word' id='word_1_513' title='bbox 296 3840 444 3905; x_wconf 66' lang='lat' dir='ltr'><strong>gotio</strong></span> <span class='ocrx_word' id='word_1_514' title='bbox 482 3857 511 3896; x_wconf 91' lang='lat' dir='ltr'><strong>a</strong></span> <span class='ocrx_word' id='word_1_515' title='bbox 558 3860 775 3901; x_wconf 84' lang='lat' dir='ltr'><strong>summo</strong></span> <span class='ocrx_word' id='word_1_516' title='bbox 820 3853 883 3905; x_wconf 87' lang='lat' dir='ltr'><strong>ad</strong></span> <span class='ocrx_word' id='word_1_517' title='bbox 922 3853 1168 3911; x_wconf 77' lang='lat' dir='ltr'><strong>intimum</strong></span> <span class='ocrx_word' id='word_1_518' title='bbox 1235 3864 1449 3916; x_wconf 89' lang='lat' dir='ltr'><strong>tandem</strong></span> <span class='ocrx_word' id='word_1_519' title='bbox 1478 3868 1759 3934; x_wconf 72' lang='lat' dir='ltr'><strong>prophetae</strong></span> <span class='ocrx_word' id='word_1_520' title='bbox 1788 3871 1866 3926; x_wconf 87' lang='lat' dir='ltr'><strong>lo-</strong></span> 
     </span>
    </p>
   </div>
   <div class='ocr_carea' id='block_1_70' title="bbox 297 3931 1861 4026">
    <p class='ocr_par' dir='ltr' id='par_1_70' title="bbox 297 3931 1861 4026">
     <span class='ocr_line' id='line_1_70' title="bbox 297 3931 1861 4026; baseline 0.022 -46"><span class='ocrx_word' id='word_1_521' title='bbox 297 3931 408 3984; x_wconf 56' lang='lat' dir='ltr'><strong>cuti</strong></span> <span class='ocrx_word' id='word_1_522' title='bbox 438 3932 589 3987; x_wconf 90' lang='lat' dir='ltr'><strong>sint?</strong></span> <span class='ocrx_word' id='word_1_523' title='bbox 618 3935 675 3990; x_wconf 85' lang='lat' dir='ltr'><strong>Si</strong></span> <span class='ocrx_word' id='word_1_524' title='bbox 706 3937 874 4009; x_wconf 75' lang='lat' dir='ltr'><strong>igitur</strong></span> <span class='ocrx_word' id='word_1_525' title='bbox 904 3943 971 3998; x_wconf 89' lang='lat' dir='ltr'><strong>de</strong></span> <span class='ocrx_word' id='word_1_526' title='bbox 996 3948 1280 4004; x_wconf 76' lang='lat' dir='ltr'><strong>sacriﬁciis</strong></span> <span class='ocrx_word' id='word_1_527' title='bbox 1311 3931 1553 4009; x_wconf 77' lang='lat' dir='ltr'><strong>dilucide</strong></span> <span class='ocrx_word' id='word_1_528' title='bbox 1583 3931 1861 4026; x_wconf 77' lang='lat' dir='ltr'><strong>dixerunt,</strong></span> 
     </span>
    </p>
   </div>
   <div class='ocr_carea' id='block_1_71' title="bbox 295 4022 1861 4117">
    <p class='ocr_par' dir='ltr' id='par_1_71' title="bbox 295 4022 1861 4117">
     <span class='ocr_line' id='line_1_71' title="bbox 295 4022 1861 4117; baseline 0.023 -48"><span class='ocrx_word' id='word_1_529' title='bbox 295 4024 439 4086; x_wconf 86' lang='lat' dir='ltr'><strong>quod</strong></span> <span class='ocrx_word' id='word_1_530' title='bbox 477 4022 585 4077; x_wconf 86' lang='lat' dir='ltr'><strong>Deo</strong></span> <span class='ocrx_word' id='word_1_531' title='bbox 618 4038 724 4082; x_wconf 87' lang='lat' dir='ltr'><strong>non</strong></span> <span class='ocrx_word' id='word_1_532' title='bbox 764 4042 918 4100; x_wconf 83' lang='lat' dir='ltr'><strong>grata</strong></span> <span class='ocrx_word' id='word_1_533' title='bbox 946 4037 1077 4103; x_wconf 90' lang='lat' dir='ltr'><strong>sint;</strong></span> <span class='ocrx_word' id='word_1_534' title='bbox 1114 4041 1207 4093; x_wconf 89' lang='lat' dir='ltr'><strong>sed</strong></span> <span class='ocrx_word' id='word_1_535' title='bbox 1235 4048 1584 4112; x_wconf 87' lang='lat' dir='ltr'><strong>t‘emporanea</strong></span> <span class='ocrx_word' id='word_1_536' title='bbox 1615 4051 1861 4117; x_wconf 67' lang='lat' dir='ltr'><strong>qumdam</strong></span> 
     </span>
    </p>
   </div>
   <div class='ocr_carea' id='block_1_72' title="bbox 295 4116 1859 4196">
    <p class='ocr_par' dir='ltr' id='par_1_72' title="bbox 295 4116 1859 4196">
     <span class='ocr_line' id='line_1_72' title="bbox 295 4116 1859 4196; baseline 0.022 -34"><span class='ocrx_word' id='word_1_537' title='bbox 295 4116 597 4183; x_wconf 78' lang='lat' dir='ltr'><strong>Concessio,</strong></span> <span class='ocrx_word' id='word_1_538' title='bbox 618 4119 731 4184; x_wconf 90' lang='lat' dir='ltr'><strong>jam</strong></span> <span class='ocrx_word' id='word_1_539' title='bbox 757 4133 880 4189; x_wconf 90' lang='lat' dir='ltr'><strong>post</strong></span> <span class='ocrx_word' id='word_1_540' title='bbox 904 4126 1151 4183; x_wconf 88' lang='lat' dir='ltr'><strong>inutilem</strong></span> <span class='ocrx_word' id='word_1_541' title='bbox 1179 4134 1498 4190; x_wconf 84' lang='lat' dir='ltr'><strong>animalium</strong></span> <span class='ocrx_word' id='word_1_542' title='bbox 1528 4139 1859 4196; x_wconf 86' lang='lat' dir='ltr'><strong>oblationem</strong></span> 
     </span>
    </p>
   </div>
   <div class='ocr_carea' id='block_1_73' title="bbox 295 4203 1863 4299">
    <p class='ocr_par' dir='ltr' id='par_1_73' title="bbox 295 4203 1863 4299">
     <span class='ocr_line' id='line_1_73' title="bbox 295 4203 1863 4299; baseline 0.022 -47"><span class='ocrx_word' id='word_1_543' title='bbox 295 4203 639 4260; x_wconf 73' lang='lat' dir='ltr'><strong>sacriﬁcatur</strong></span> <span class='ocrx_word' id='word_1_544' title='bbox 670 4220 726 4265; x_wconf 92' lang='lat' dir='ltr'><strong>et</strong></span> <span class='ocrx_word' id='word_1_545' title='bbox 754 4224 1006 4271; x_wconf 86' lang='lat' dir='ltr'><strong>cantatur</strong></span> <span class='ocrx_word' id='word_1_546' title='bbox 1040 4236 1138 4288; x_wconf 91' lang='lat' dir='ltr'><strong>per</strong></span> <span class='ocrx_word' id='word_1_547' title='bbox 1167 4238 1231 4276; x_wconf 88' lang='lat' dir='ltr'><strong>os</strong></span> <span class='ocrx_word' id='word_1_548' title='bbox 1266 4233 1322 4279; x_wconf 91' lang='lat' dir='ltr'><strong>et</strong></span> <span class='ocrx_word' id='word_1_549' title='bbox 1359 4225 1497 4281; x_wconf 89' lang='lat' dir='ltr'><strong>labia</strong></span> <span class='ocrx_word' id='word_1_550' title='bbox 1527 4244 1597 4283; x_wconf 70' lang='lat' dir='ltr'><strong>ex</strong></span> <span class='ocrx_word' id='word_1_551' title='bbox 1644 4246 1783 4299; x_wconf 86' lang='lat' dir='ltr'><strong>puro</strong></span> <span class='ocrx_word' id='word_1_552' title='bbox 1807 4240 1863 4287; x_wconf 92' lang='lat' dir='ltr'><strong>et</strong></span> 
     </span>
    </p>
   </div>
   <div class='ocr_carea' id='block_1_74' title="bbox 294 4301 1859 4384">
    <p class='ocr_par' dir='ltr' id='par_1_74' title="bbox 294 4301 1859 4384">
     <span class='ocr_line' id='line_1_74' title="bbox 294 4301 1859 4384; baseline 0.022 -39"><span class='ocrx_word' id='word_1_553' title='bbox 294 4305 511 4349; x_wconf 49' lang='lat' dir='ltr'><strong>socero</strong></span> <span class='ocrx_word' id='word_1_554' title='bbox 536 4301 723 4368; x_wconf 86' lang='lat' dir='ltr'><strong>corde,</strong></span> <span class='ocrx_word' id='word_1_555' title='bbox 762 4307 907 4373; x_wconf 89' lang='lat' dir='ltr'><strong>quod</strong></span> <span class='ocrx_word' id='word_1_556' title='bbox 937 4322 993 4363; x_wconf 88' lang='lat' dir='ltr'><strong>et</strong></span> <span class='ocrx_word' id='word_1_557' title='bbox 1039 4311 1240 4367; x_wconf 78' lang='lat' dir='ltr'><strong>factum</strong></span> <span class='ocrx_word' id='word_1_558' title='bbox 1289 4328 1393 4371; x_wconf 91' lang='lat' dir='ltr'><strong>est.</strong></span> <span class='ocrx_word' id='word_1_559' title='bbox 1425 4318 1529 4384; x_wconf 91' lang='lat' dir='ltr'><strong>Qui</strong></span> <span class='ocrx_word' id='word_1_560' title='bbox 1560 4322 1704 4376; x_wconf 91' lang='lat' dir='ltr'><strong>enim</strong></span> <span class='ocrx_word' id='word_1_561' title='bbox 1733 4334 1859 4378; x_wconf 85' lang='lat' dir='ltr'><strong>ante</strong></span> 
     </span>
    </p>
   </div>
   <div class='ocr_carea' id='block_1_75' title="bbox 1980 3137 3544 3211">
    <p class='ocr_par' dir='ltr' id='par_1_75' title="bbox 1980 3137 3544 3211">
     <span class='ocr_line' id='line_1_75' title="bbox 1980 3137 3544 3211; baseline 0.001 -22"><span class='ocrx_word' id='word_1_562' title='bbox 1980 3137 2305 3208; x_wconf 76' lang='grc' dir='ltr'>εἰλικρινοῦς</span> <span class='ocrx_word' id='word_1_563' title='bbox 2362 3142 2455 3194; x_wconf 79' lang='grc' dir='ltr'>καὶ</span> <span class='ocrx_word' id='word_1_564' title='bbox 2501 3140 2713 3204; x_wconf 82' lang='grc' dir='ltr'>εὐθείας</span> <span class='ocrx_word' id='word_1_565' title='bbox 2764 3143 3020 3211; x_wconf 84' lang='grc' dir='ltr'>καρδίας·</span> <span class='ocrx_word' id='word_1_566' title='bbox 3063 3144 3162 3195; x_wconf 75' lang='grc' dir='ltr'><strong>καὶ</strong></span> <span class='ocrx_word' id='word_1_567' title='bbox 3236 3144 3430 3203; x_wconf 75' lang='grc' dir='ltr'>ἀπόδρς</span> <span class='ocrx_word' id='word_1_568' title='bbox 3475 3140 3544 3209; x_wconf 82' lang='grc' dir='ltr'>τῷ</span> 
     </span>
    </p>
   </div>
   <div class='ocr_carea' id='block_1_76' title="bbox 1974 3229 3543 3301">
    <p class='ocr_par' dir='ltr' id='par_1_76' title="bbox 1974 3229 3543 3301">
     <span class='ocr_line' id='line_1_76' title="bbox 1974 3229 3543 3301; baseline 0.003 -22"><span class='ocrx_word' id='word_1_569' title='bbox 1974 3229 2162 3297; x_wconf 81' lang='grc' dir='ltr'>Κυρίῳ</span> <span class='ocrx_word' id='word_1_570' title='bbox 2192 3231 2287 3291; x_wconf 77' lang='grc' dir='ltr'><strong>τᾶς</strong></span> <span class='ocrx_word' id='word_1_571' title='bbox 2314 3231 2479 3298; x_wconf 77' lang='grc' dir='ltr'>εὐχάς</span> <span class='ocrx_word' id='word_1_572' title='bbox 2509 3248 2630 3294; x_wconf 90' lang='grc' dir='ltr'>σου,</span> <span class='ocrx_word' id='word_1_573' title='bbox 2664 3239 2760 3284; x_wconf 72' lang='grc' dir='ltr'>καὶ</span> <span class='ocrx_word' id='word_1_574' title='bbox 2798 3233 3129 3285; x_wconf 82' lang='grc' dir='ltr'>ἐπικάλεσαί</span> <span class='ocrx_word' id='word_1_575' title='bbox 3166 3250 3236 3301; x_wconf 86' lang='grc' dir='ltr'><strong>με</strong></span> <span class='ocrx_word' id='word_1_576' title='bbox 3285 3234 3340 3286; x_wconf 72' lang='grc' dir='ltr'>ἐν</span> <span class='ocrx_word' id='word_1_577' title='bbox 3371 3234 3543 3301; x_wconf 63' lang='grc' dir='ltr'>ἡμέρᾳ</span> 
     </span>
    </p>
   </div>
   <div class='ocr_carea' id='block_1_77' title="bbox 1972 3319 3545 3395">
    <p class='ocr_par' dir='ltr' id='par_1_77' title="bbox 1972 3319 3545 3395">
     <span class='ocr_line' id='line_1_77' title="bbox 1972 3319 3545 3395; baseline 0.003 -23"><span class='ocrx_word' id='word_1_578' title='bbox 1972 3319 2198 3387; x_wconf 72' lang='grc' dir='ltr'>Θὶίψεώς</span> <span class='ocrx_word' id='word_1_579' title='bbox 2218 3335 2332 3385; x_wconf 88' lang='grc' dir='ltr'>σου,</span> <span class='ocrx_word' id='word_1_580' title='bbox 2360 3323 2453 3372; x_wconf 67' lang='grc' dir='ltr'>καὶ</span> <span class='ocrx_word' id='word_1_581' title='bbox 2478 3322 2765 3393; x_wconf 81' lang='grc' dir='ltr'>ὲξελοῦμαί</span> <span class='ocrx_word' id='word_1_582' title='bbox 2784 3340 2861 3389; x_wconf 88' lang='grc' dir='ltr'><strong>σε,</strong></span> <span class='ocrx_word' id='word_1_583' title='bbox 2880 3326 2972 3377; x_wconf 81' lang='grc' dir='ltr'><strong>καὶ</strong></span> <span class='ocrx_word' id='word_1_584' title='bbox 2988 3326 3238 3390; x_wconf 76' lang='grc' dir='ltr'>δοξάσεις</span> <span class='ocrx_word' id='word_1_585' title='bbox 3258 3343 3348 3395; x_wconf 82' lang='grc' dir='ltr'>με.</span> <span class='ocrx_word' id='word_1_586' title='bbox 3377 3345 3394 3376; x_wconf 76' lang='grc' dir='ltr'><strong>ι</strong></span> <span class='ocrx_word' id='word_1_587' title='bbox 3445 3326 3545 3377; x_wconf 77' lang='grc' dir='ltr'><strong>Καὶ</strong></span> 
     </span>
    </p>
   </div>
   <div class='ocr_carea' id='block_1_78' title="bbox 1968 3396 3547 3483">
    <p class='ocr_par' dir='ltr' id='par_1_78' title="bbox 1968 3396 3547 3483">
     <span class='ocr_line' id='line_1_78' title="bbox 1968 3396 3547 3483; baseline 0.003 -22"><span class='ocrx_word' id='word_1_588' title='bbox 1968 3408 2125 3461; x_wconf 83' lang='grc' dir='ltr'>τοῦτο</span> <span class='ocrx_word' id='word_1_589' title='bbox 2154 3409 2372 3479; x_wconf 82' lang='grc' dir='ltr'>εἴρηκεν</span> <span class='ocrx_word' id='word_1_590' title='bbox 2401 3412 2474 3473; x_wconf 86' lang='grc' dir='ltr'>ὠς</span> <span class='ocrx_word' id='word_1_591' title='bbox 2505 3413 2567 3465; x_wconf 72' lang='grc' dir='ltr'>ὲκ</span> <span class='ocrx_word' id='word_1_592' title='bbox 2598 3415 2889 3482; x_wconf 85' lang='grc' dir='ltr'>προσώπου</span> <span class='ocrx_word' id='word_1_593' title='bbox 2908 3414 2997 3466; x_wconf 87' lang='grc' dir='ltr'><strong>τοῦ</strong></span> <span class='ocrx_word' id='word_1_594' title='bbox 3023 3415 3185 3478; x_wconf 85' lang='grc' dir='ltr'>Θεοῦ,</span> <span class='ocrx_word' id='word_1_595' title='bbox 3218 3396 3547 3483; x_wconf 63' lang='grc' dir='ltr'>ἇποστρεφο-</span> 
     </span>
    </p>
   </div>
   <div class='ocr_carea' id='block_1_79' title="bbox 1972 3499 3543 3574">
    <p class='ocr_par' dir='ltr' id='par_1_79' title="bbox 1972 3499 3543 3574">
     <span class='ocr_line' id='line_1_79' title="bbox 1972 3499 3543 3574; baseline 0.005 -25"><span class='ocrx_word' id='word_1_596' title='bbox 1972 3500 2135 3567; x_wconf 86' lang='grc' dir='ltr'>μένου</span> <span class='ocrx_word' id='word_1_597' title='bbox 2165 3501 2263 3561; x_wconf 77' lang='grc' dir='ltr'>τὰς</span> <span class='ocrx_word' id='word_1_598' title='bbox 2291 3499 2477 3565; x_wconf 87' lang='grc' dir='ltr'>θυσίας</span> <span class='ocrx_word' id='word_1_599' title='bbox 2505 3503 2611 3555; x_wconf 86' lang='grc' dir='ltr'><strong>τῶν</strong></span> <span class='ocrx_word' id='word_1_600' title='bbox 2644 3504 2818 3567; x_wconf 75' lang='grc' dir='ltr'>ζώων.</span> <span class='ocrx_word' id='word_1_601' title='bbox 2881 3505 3009 3573; x_wconf 82' lang='grc' dir='ltr'><strong>Ἀφ’</strong></span> <span class='ocrx_word' id='word_1_602' title='bbox 3049 3508 3255 3560; x_wconf 63' lang='grc' dir='ltr'>ἑαυτοῦ</span> <span class='ocrx_word' id='word_1_603' title='bbox 3313 3508 3370 3559; x_wconf 84' lang='grc' dir='ltr'>δὲ</span> <span class='ocrx_word' id='word_1_604' title='bbox 3402 3509 3543 3574; x_wconf 84' lang='grc' dir='ltr'>λέγει</span> 
     </span>
    </p>
   </div>
   <div class='ocr_carea' id='block_1_80' title="bbox 1967 3589 3543 3665">
    <p class='ocr_par' dir='ltr' id='par_1_80' title="bbox 1967 3589 3543 3665">
     <span class='ocr_line' id='line_1_80' title="bbox 1967 3589 3543 3665; baseline 0.005 -23"><span class='ocrx_word' id='word_1_605' title='bbox 1967 3589 2108 3643; x_wconf 81' lang='grc' dir='ltr'>οὓτω</span> <span class='ocrx_word' id='word_1_606' title='bbox 2136 3591 2270 3661; x_wconf 82' lang='grc' dir='ltr'>πρὸς</span> <span class='ocrx_word' id='word_1_607' title='bbox 2295 3592 2386 3645; x_wconf 77' lang='grc' dir='ltr'><strong>τὸν</strong></span> <span class='ocrx_word' id='word_1_608' title='bbox 2402 3595 2553 3660; x_wconf 83' lang='grc' dir='ltr'>Θεὸν,</span> <span class='ocrx_word' id='word_1_609' title='bbox 2572 3594 2654 3646; x_wconf 84' lang='grc' dir='ltr'>ὅτι</span> <span class='ocrx_word' id='word_1_610' title='bbox 2691 3614 2710 3647; x_wconf 82' lang='grc' dir='ltr'><strong>ι</strong></span> <span class='ocrx_word' id='word_1_611' title='bbox 2739 3596 2797 3647; x_wconf 84' lang='lat' dir='ltr'><strong>Ei</strong></span> <span class='ocrx_word' id='word_1_612' title='bbox 2824 3597 3099 3665; x_wconf 71' lang='grc' dir='ltr'>ἠθέλησας</span> <span class='ocrx_word' id='word_1_613' title='bbox 3131 3598 3346 3660; x_wconf 83' lang='grc' dir='ltr'>θυσίαν,</span> <span class='ocrx_word' id='word_1_614' title='bbox 3378 3598 3543 3651; x_wconf 68' lang='grc' dir='ltr'><strong>Ιἔδωκα</strong></span> 
     </span>
    </p>
   </div>
   <div class='ocr_carea' id='block_1_81' title="bbox 1967 3681 3543 3756">
    <p class='ocr_par' dir='ltr' id='par_1_81' title="bbox 1967 3681 3543 3756">
     <span class='ocr_line' id='line_1_81' title="bbox 1967 3681 3543 3756; baseline 0.001 -20"><span class='ocrx_word' id='word_1_615' title='bbox 1967 3682 2033 3736; x_wconf 83' lang='grc' dir='ltr'>ἄν</span> <span class='ocrx_word' id='word_1_616' title='bbox 2052 3698 2133 3733; x_wconf 87' lang='grc' dir='ltr'><strong>σοι</strong></span> <span class='ocrx_word' id='word_1_617' title='bbox 2159 3698 2173 3712; x_wconf 76' lang='grc' dir='ltr'><strong>ο</strong></span> <span class='ocrx_word' id='word_1_618' title='bbox 2190 3681 2621 3756; x_wconf 71' lang='grc' dir='ltr'>ρλοκαυτώματα</span> <span class='ocrx_word' id='word_1_619' title='bbox 2642 3687 2742 3737; x_wconf 84' lang='grc' dir='ltr'><strong>οὐκ</strong></span> <span class='ocrx_word' id='word_1_620' title='bbox 2764 3687 3103 3756; x_wconf 83' lang='grc' dir='ltr'>εὐδοκήσεις.</span> <span class='ocrx_word' id='word_1_621' title='bbox 3130 3688 3308 3740; x_wconf 78' lang='grc' dir='ltr'>Θυσία</span> <span class='ocrx_word' id='word_1_622' title='bbox 3331 3688 3406 3755; x_wconf 81' lang='grc' dir='ltr'>τῷ</span> <span class='ocrx_word' id='word_1_623' title='bbox 3432 3687 3543 3756; x_wconf 80' lang='grc' dir='ltr'><strong>Θεῷ</strong></span> 
     </span>
    </p>
   </div>
   <div class='ocr_carea' id='block_1_82' title="bbox 1968 3746 3542 3849">
    <p class='ocr_par' dir='ltr' id='par_1_82' title="bbox 1968 3746 3542 3849">
     <span class='ocr_line' id='line_1_82' title="bbox 1968 3746 3542 3849; baseline 0.005 -25"><span class='ocrx_word' id='word_1_624' title='bbox 1968 3746 2201 3841; x_wconf 62' lang='grc' dir='ltr'><strong>πνεῦμα.ν</strong></span> <span class='ocrx_word' id='word_1_625' title='bbox 2246 3778 2727 3843; x_wconf 78' lang='grc' dir='ltr'>συντετριμμένον·</span> <span class='ocrx_word' id='word_1_626' title='bbox 2792 3778 3019 3848; x_wconf 83' lang='grc' dir='ltr'>καρδίαν</span> <span class='ocrx_word' id='word_1_627' title='bbox 3077 3778 3542 3849; x_wconf 75' lang='grc' dir='ltr'>συντετριμμένην</span> 
     </span>
    </p>
   </div>
   <div class='ocr_carea' id='block_1_83' title="bbox 1967 3867 3535 3936">
    <p class='ocr_par' dir='ltr' id='par_1_83' title="bbox 1967 3867 3535 3936">
     <span class='ocr_line' id='line_1_83' title="bbox 1967 3867 3535 3936; baseline 0.003 -19"><span class='ocrx_word' id='word_1_628' title='bbox 1967 3870 2062 3917; x_wconf 69' lang='grc' dir='ltr'><strong>καὶ</strong></span> <span class='ocrx_word' id='word_1_629' title='bbox 2114 3867 2593 3936; x_wconf 78' lang='grc' dir='ltr'>τεταπεινωμένην</span> <span class='ocrx_word' id='word_1_630' title='bbox 2659 3870 2687 3920; x_wconf 91' lang='lat'><strong>6</strong></span> <span class='ocrx_word' id='word_1_631' title='bbox 2750 3869 2882 3932; x_wconf 85' lang='grc' dir='ltr'>Θεὸς</span> <span class='ocrx_word' id='word_1_632' title='bbox 2936 3869 3037 3922; x_wconf 71' lang='grc' dir='ltr'><strong>οὐκ</strong></span> <span class='ocrx_word' id='word_1_633' title='bbox 3086 3871 3480 3935; x_wconf 75' lang='grc' dir='ltr'>ἐξουδενώσει.</span> <span class='ocrx_word' id='word_1_634' title='bbox 3517 3888 3535 3922; x_wconf 74' lang='grc' dir='ltr'><strong>ι</strong></span> 
     </span>
    </p>
   </div>
   <div class='ocr_carea' id='block_1_84' title="bbox 1967 3955 3540 4031">
    <p class='ocr_par' dir='ltr' id='par_1_84' title="bbox 1967 3955 3540 4031">
     <span class='ocr_line' id='line_1_84' title="bbox 1967 3955 3540 4031; baseline 0.004 -23"><span class='ocrx_word' id='word_1_635' title='bbox 1967 3955 2193 4018; x_wconf 81' lang='grc' dir='ltr'>Βλέπεις</span> <span class='ocrx_word' id='word_1_636' title='bbox 2230 3957 2344 4017; x_wconf 87' lang='grc' dir='ltr'><strong>πῶς</strong></span> <span class='ocrx_word' id='word_1_637' title='bbox 2389 3960 2481 4009; x_wconf 76' lang='grc' dir='ltr'>ἐπὶ</span> <span class='ocrx_word' id='word_1_638' title='bbox 2526 3960 2728 4024; x_wconf 85' lang='grc' dir='ltr'>παντὸς</span> <span class='ocrx_word' id='word_1_639' title='bbox 2777 3962 3129 4031; x_wconf 82' lang='grc' dir='ltr'>πράγματος,</span> <span class='ocrx_word' id='word_1_640' title='bbox 3182 3964 3293 4015; x_wconf 83' lang='grc' dir='ltr'>ἀπὸ</span> <span class='ocrx_word' id='word_1_641' title='bbox 3326 3962 3417 4015; x_wconf 84' lang='grc' dir='ltr'><strong>τοῦ</strong></span> <span class='ocrx_word' id='word_1_642' title='bbox 3448 3979 3540 4028; x_wconf 87' lang='grc' dir='ltr'>με·</span> 
     </span>
    </p>
   </div>
   <div class='ocr_carea' id='block_1_85' title="bbox 1968 4046 3541 4121">
    <p class='ocr_par' dir='ltr' id='par_1_85' title="bbox 1968 4046 3541 4121">
     <span class='ocr_line' id='line_1_85' title="bbox 1968 4046 3541 4121; baseline 0.004 -24"><span class='ocrx_word' id='word_1_643' title='bbox 1968 4046 2276 4114; x_wconf 86' lang='grc' dir='ltr'>γαλωτέρου</span> <span class='ocrx_word' id='word_1_644' title='bbox 2315 4048 2417 4108; x_wconf 82' lang='grc' dir='ltr'><strong>ἕως</strong></span> <span class='ocrx_word' id='word_1_645' title='bbox 2452 4047 2547 4101; x_wconf 86' lang='grc' dir='ltr'><strong>τοῦ</strong></span> <span class='ocrx_word' id='word_1_646' title='bbox 2582 4053 2907 4121; x_wconf 78' lang='grc' dir='ltr'>μικροτέρου</span> <span class='ocrx_word' id='word_1_647' title='bbox 2940 4053 3216 4120; x_wconf 79' lang='grc' dir='ltr'>ἐλάλησαν</span> <span class='ocrx_word' id='word_1_648' title='bbox 3246 4055 3296 4106; x_wconf 89' lang='grc' dir='ltr'><strong>οἰ</strong></span> <span class='ocrx_word' id='word_1_649' title='bbox 3337 4053 3541 4120; x_wconf 49' lang='grc' dir='ltr'>’κροτῆ-</span> 
     </span>
    </p>
   </div>
   <div class='ocr_carea' id='block_1_86' title="bbox 1964 4138 3538 4213">
    <p class='ocr_par' dir='ltr' id='par_1_86' title="bbox 1964 4138 3538 4213">
     <span class='ocr_line' id='line_1_86' title="bbox 1964 4138 3538 4213; baseline 0.003 -23"><span class='ocrx_word' id='word_1_650' title='bbox 1964 4155 2054 4190; x_wconf 87' lang='grc' dir='ltr'><strong>ται</strong></span> <span class='ocrx_word' id='word_1_651' title='bbox 2081 4156 2095 4202; x_wconf 87' lang='grc'><strong>;</strong></span> <span class='ocrx_word' id='word_1_652' title='bbox 2147 4138 2275 4189; x_wconf 67' lang='grc'><strong>⁸180)</strong></span> <span class='ocrx_word' id='word_1_653' title='bbox 2306 4138 2436 4205; x_wconf 86' lang='grc' dir='ltr'>γοῦν</span> <span class='ocrx_word' id='word_1_654' title='bbox 2463 4141 2555 4191; x_wconf 77' lang='grc' dir='ltr'><strong>καὶ</strong></span> <span class='ocrx_word' id='word_1_655' title='bbox 2585 4144 2713 4208; x_wconf 76' lang='grc' dir='ltr'>περὶ</span> <span class='ocrx_word' id='word_1_656' title='bbox 2741 4142 2845 4193; x_wconf 85' lang='grc' dir='ltr'><strong>τῶν</strong></span> <span class='ocrx_word' id='word_1_657' title='bbox 2872 4142 3071 4196; x_wconf 87' lang='grc' dir='ltr'>θυσιῶν</span> <span class='ocrx_word' id='word_1_658' title='bbox 3101 4144 3357 4213; x_wconf 78' lang='grc' dir='ltr'>φανερῶς</span> <span class='ocrx_word' id='word_1_659' title='bbox 3390 4141 3538 4195; x_wconf 80' lang='grc' dir='ltr'>εἷπον</span> 
     </span>
    </p>
   </div>
   <div class='ocr_carea' id='block_1_87' title="bbox 1965 4229 3538 4307">
    <p class='ocr_par' dir='ltr' id='par_1_87' title="bbox 1965 4229 3538 4307">
     <span class='ocr_line' id='line_1_87' title="bbox 1965 4229 3538 4307; baseline 0.004 -26"><span class='ocrx_word' id='word_1_660' title='bbox 1965 4229 2048 4281; x_wconf 77' lang='grc' dir='ltr'>ὅτι</span> <span class='ocrx_word' id='word_1_661' title='bbox 2078 4231 2178 4281; x_wconf 85' lang='grc' dir='ltr'><strong>οὐκ</strong></span> <span class='ocrx_word' id='word_1_662' title='bbox 2224 4229 2337 4282; x_wconf 76' lang='grc' dir='ltr'>ἔστι</span> <span class='ocrx_word' id='word_1_663' title='bbox 2374 4231 2532 4284; x_wconf 68' lang='grc' dir='ltr'>τοῦτο</span> <span class='ocrx_word' id='word_1_664' title='bbox 2566 4233 2805 4301; x_wconf 78' lang='grc' dir='ltr'>ὰποδοχὴ</span> <span class='ocrx_word' id='word_1_665' title='bbox 2841 4233 2998 4293; x_wconf 79' lang='grc' dir='ltr'>Θεοῦ,</span> <span class='ocrx_word' id='word_1_666' title='bbox 3041 4236 3184 4289; x_wconf 81' lang='grc' dir='ltr'>ἀλλὰ</span> <span class='ocrx_word' id='word_1_667' title='bbox 3208 4240 3538 4307; x_wconf 80' lang='grc' dir='ltr'>πρόσκαιρος</span> 
     </span>
    </p>
   </div>
   <div class='ocr_carea' id='block_1_88' title="bbox 1966 4319 3537 4392">
    <p class='ocr_par' dir='ltr' id='par_1_88' title="bbox 1966 4319 3537 4392">
     <span class='ocr_line' id='line_1_88' title="bbox 1966 4319 3537 4392; baseline 0.006 -23"><span class='ocrx_word' id='word_1_668' title='bbox 1966 4319 2246 4385; x_wconf 85' lang='grc' dir='ltr'>συγκατάὸ</span> <span class='ocrx_word' id='word_1_669' title='bbox 2260 4338 2390 4381; x_wconf 69' lang='grc' dir='ltr'>λσις.</span> <span class='ocrx_word' id='word_1_670' title='bbox 2423 4319 2578 4373; x_wconf 76' lang='grc' dir='ltr'>Μετὰ</span> <span class='ocrx_word' id='word_1_671' title='bbox 2603 4320 2660 4372; x_wconf 78' lang='grc' dir='ltr'>δὲ</span> <span class='ocrx_word' id='word_1_672' title='bbox 2688 4325 2862 4374; x_wconf 85' lang='grc' dir='ltr'>ταῦτα</span> <span class='ocrx_word' id='word_1_673' title='bbox 2889 4323 2993 4392; x_wconf 82' lang='grc' dir='ltr'>τῆς</span> <span class='ocrx_word' id='word_1_674' title='bbox 3019 4326 3133 4379; x_wconf 87' lang='grc' dir='ltr'><strong>τῶν</strong></span> <span class='ocrx_word' id='word_1_675' title='bbox 3166 4325 3327 4391; x_wconf 81' lang='grc' dir='ltr'>ζώων</span> <span class='ocrx_word' id='word_1_676' title='bbox 3356 4327 3537 4387; x_wconf 82' lang='grc' dir='ltr'>θυσίας</span> 
     </span>
    </p>
   </div>
   <div class='ocr_carea' id='block_1_89' title="bbox 290 4375 1872 4487">
    <p class='ocr_par' dir='ltr' id='par_1_89' title="bbox 290 4375 1853 4481">
     <span class='ocr_line' id='line_1_89' title="bbox 290 4375 1853 4481; baseline 0.022 -48"><span class='ocrx_word' id='word_1_677' title='bbox 290 4375 617 4452; x_wconf 63' lang='lat' dir='ltr'><strong>idololatria.</strong></span> <span class='ocrx_word' id='word_1_678' title='bbox 648 4398 861 4463; x_wconf 85' lang='lat' dir='ltr'><strong>tyranni</strong></span> <span class='ocrx_word' id='word_1_679' title='bbox 888 4407 944 4451; x_wconf 90' lang='lat' dir='ltr'><strong>et</strong></span> <span class='ocrx_word' id='word_1_680' title='bbox 975 4416 1033 4466; x_wconf 62' lang='lat' dir='ltr'><strong>pe</strong></span> <span class='ocrx_word' id='word_1_681' title='bbox 1048 4416 1357 4462; x_wconf 84' lang='lat' dir='ltr'><strong>rsecutorcs</strong></span> <span class='ocrx_word' id='word_1_682' title='bbox 1383 4409 1584 4465; x_wconf 86' lang='lat' dir='ltr'><strong>Christi</strong></span> <span class='ocrx_word' id='word_1_683' title='bbox 1618 4416 1853 4481; x_wconf 77' lang='lat' dir='ltr'><strong>fuerant,</strong></span> 
     </span>
    </p>
   </div>
   <div class='ocr_carea' id='block_1_90' title="bbox 1978 4375 3535 4487">
    <p class='ocr_par' dir='ltr' id='par_1_90' title="bbox 1978 4410 3535 4487">
     <span class='ocr_line' id='line_1_90' title="bbox 1978 4410 3535 4487; baseline 0.001 -24"><span class='ocrx_word' id='word_1_684' title='bbox 1978 4410 2151 4478; x_wconf 73' lang='grc' dir='ltr'>ἱιργία.</span> <span class='ocrx_word' id='word_1_685' title='bbox 2177 4410 2500 4475; x_wconf 75' lang='grc' dir='ltr'>Θυσιάζεται</span> <span class='ocrx_word' id='word_1_686' title='bbox 2544 4410 2601 4463; x_wconf 85' lang='grc' dir='ltr'>δὲ</span> <span class='ocrx_word' id='word_1_687' title='bbox 2630 4414 2724 4466; x_wconf 76' lang='grc' dir='ltr'><strong>καὶ</strong></span> <span class='ocrx_word' id='word_1_688' title='bbox 2756 4414 3005 4482; x_wconf 84' lang='grc' dir='ltr'>ὑμνεῖται</span> <span class='ocrx_word' id='word_1_689' title='bbox 3028 4415 3119 4468; x_wconf 78' lang='grc' dir='ltr'><strong>διὰ</strong></span> <span class='ocrx_word' id='word_1_690' title='bbox 3151 4418 3423 4487; x_wconf 82' lang='grc' dir='ltr'>στόματος</span> <span class='ocrx_word' id='word_1_691' title='bbox 3450 4417 3535 4468; x_wconf 87' lang='grc' dir='ltr'><strong>καὶ</strong></span> 
     </span>
    </p>
   </div>
   <div class='ocr_carea' id='block_1_91' title="bbox 289 4474 1860 4562">
    <p class='ocr_par' dir='ltr' id='par_1_91' title="bbox 289 4474 1860 4562">
     <span class='ocr_line' id='line_1_91' title="bbox 289 4474 1860 4562; baseline 0.023 -39"><span class='ocrx_word' id='word_1_692' title='bbox 289 4474 384 4539; x_wconf 83' lang='lat' dir='ltr'><strong>qui</strong></span> <span class='ocrx_word' id='word_1_693' title='bbox 417 4474 697 4534; x_wconf 89' lang='lat' dir='ltr'><strong>Christum</strong></span> <span class='ocrx_word' id='word_1_694' title='bbox 746 4483 1045 4552; x_wconf 79' lang='lat' dir='ltr'><strong>ignominia</strong></span> <span class='ocrx_word' id='word_1_695' title='bbox 1094 4494 1413 4562; x_wconf 73' lang='lat' dir='ltr'><strong>all‘eccrant,</strong></span> <span class='ocrx_word' id='word_1_696' title='bbox 1448 4503 1697 4557; x_wconf 86' lang='lat' dir='ltr'><strong>conversi</strong></span> <span class='ocrx_word' id='word_1_697' title='bbox 1729 4504 1860 4558; x_wconf 46' lang='lat' dir='ltr'><strong>doc.</strong></span> 
     </span>
    </p>
   </div>
   <div class='ocr_carea' id='block_1_92' title="bbox 292 4576 1860 4657">
    <p class='ocr_par' dir='ltr' id='par_1_92' title="bbox 292 4576 1860 4657">
     <span class='ocr_line' id='line_1_92' title="bbox 292 4576 1860 4657; baseline 0.021 -42"><span class='ocrx_word' id='word_1_698' title='bbox 292 4576 441 4620; x_wconf 87' lang='lat' dir='ltr'><strong>tores</strong></span> <span class='ocrx_word' id='word_1_699' title='bbox 479 4577 536 4622; x_wconf 87' lang='lat' dir='ltr'><strong>et</strong></span> <span class='ocrx_word' id='word_1_700' title='bbox 570 4585 851 4637; x_wconf 56' lang='lat' dir='ltr'><strong>praecones</strong></span> <span class='ocrx_word' id='word_1_701' title='bbox 880 4579 1032 4633; x_wconf 84' lang='lat' dir='ltr'><strong>orbis</strong></span> <span class='ocrx_word' id='word_1_702' title='bbox 1073 4582 1199 4637; x_wconf 81' lang='lat' dir='ltr'><strong>facti</strong></span> <span class='ocrx_word' id='word_1_703' title='bbox 1235 4595 1383 4652; x_wconf 91' lang='lat' dir='ltr'><strong>sunt,</strong></span> <span class='ocrx_word' id='word_1_704' title='bbox 1416 4599 1470 4642; x_wconf 87' lang='lat' dir='ltr'><strong>et</strong></span> <span class='ocrx_word' id='word_1_705' title='bbox 1510 4606 1608 4657; x_wconf 90' lang='lat' dir='ltr'><strong>pro</strong></span> <span class='ocrx_word' id='word_1_706' title='bbox 1637 4595 1860 4648; x_wconf 83' lang='lat' dir='ltr'><strong>nomine</strong></span> 
     </span>
    </p>
   </div>
   <div class='ocr_carea' id='block_1_93' title="bbox 290 4659 1860 4746">
    <p class='ocr_par' dir='ltr' id='par_1_93' title="bbox 290 4659 1860 4746">
     <span class='ocr_line' id='line_1_93' title="bbox 290 4659 1860 4746; baseline 0.02 -40"><span class='ocrx_word' id='word_1_707' title='bbox 290 4659 493 4713; x_wconf 74' lang='lat' dir='ltr'><strong>tLhristi</strong></span> <span class='ocrx_word' id='word_1_708' title='bbox 538 4662 945 4730; x_wconf 87' lang='lat' dir='ltr'><strong>occubuerunt,</strong></span> <span class='ocrx_word' id='word_1_709' title='bbox 998 4673 1210 4738; x_wconf 76' lang='lat' dir='ltr'><strong>seipsos</strong></span> <span class='ocrx_word' id='word_1_710' title='bbox 1259 4689 1625 4746; x_wconf 79' lang='lat' dir='ltr'><strong>praponeutes</strong></span> <span class='ocrx_word' id='word_1_711' title='bbox 1656 4682 1860 4737; x_wconf 81' lang='lat' dir='ltr'><strong>formu-</strong></span> 
     </span>
    </p>
   </div>
   <div class='ocr_carea' id='block_1_94' title="bbox 289 4742 1852 4830">
    <p class='ocr_par' dir='ltr' id='par_1_94' title="bbox 289 4742 1852 4830">
     <span class='ocr_line' id='line_1_94' title="bbox 289 4742 1852 4830; baseline 0.015 -30"><span class='ocrx_word' id='word_1_712' title='bbox 289 4742 398 4802; x_wconf 83' lang='lat' dir='ltr'><strong>lam</strong></span> <span class='ocrx_word' id='word_1_713' title='bbox 428 4766 619 4805; x_wconf 89' lang='lat' dir='ltr'><strong>eorum</strong></span> <span class='ocrx_word' id='word_1_714' title='bbox 646 4754 739 4821; x_wconf 89' lang='lat' dir='ltr'><strong>qui</strong></span> <span class='ocrx_word' id='word_1_715' title='bbox 771 4756 825 4809; x_wconf 89' lang='lat' dir='ltr'><strong>in</strong></span> <span class='ocrx_word' id='word_1_716' title='bbox 854 4756 1134 4814; x_wconf 84' lang='lat' dir='ltr'><strong>Christqu</strong></span> <span class='ocrx_word' id='word_1_717' title='bbox 1163 4742 1415 4830; x_wconf 75' lang='lat' dir='ltr'><strong>credunt,</strong></span> <span class='ocrx_word' id='word_1_718' title='bbox 1443 4778 1501 4820; x_wconf 91' lang='lat' dir='ltr'><strong>ut</strong></span> <span class='ocrx_word' id='word_1_719' title='bbox 1524 4769 1729 4823; x_wconf 86' lang='lat' dir='ltr'><strong>dictum</strong></span> <span class='ocrx_word' id='word_1_720' title='bbox 1753 4781 1852 4825; x_wconf 73' lang='lat' dir='ltr'><strong>est.</strong></span> 
     </span>
    </p>
   </div>
   <div class='ocr_carea' id='block_1_95' title="bbox 293 4838 1855 4928">
    <p class='ocr_par' dir='ltr' id='par_1_95' title="bbox 293 4838 1855 4928">
     <span class='ocr_line' id='line_1_95' title="bbox 293 4838 1855 4928; baseline 0.017 -37"><span class='ocrx_word' id='word_1_721' title='bbox 293 4838 371 4893; x_wconf 84' lang='lat' dir='ltr'><strong>De</strong></span> <span class='ocrx_word' id='word_1_722' title='bbox 400 4841 822 4901; x_wconf 82' lang='lat' dir='ltr'><strong>circumcisione</strong></span> <span class='ocrx_word' id='word_1_723' title='bbox 864 4859 1047 4904; x_wconf 82' lang='lat' dir='ltr'><strong>autem</strong></span> <span class='ocrx_word' id='word_1_724' title='bbox 1078 4854 1355 4923; x_wconf 80' lang='lat' dir='ltr'><strong>copiosius</strong></span> <span class='ocrx_word' id='word_1_725' title='bbox 1386 4859 1439 4910; x_wconf 88' lang='lat' dir='ltr'><strong>in</strong></span> <span class='ocrx_word' id='word_1_726' title='bbox 1479 4862 1855 4928; x_wconf 85' lang='lat' dir='ltr'><strong>superioribus</strong></span> 
     </span>
    </p>
   </div>
   <div class='ocr_carea' id='block_1_96' title="bbox 290 4928 1852 5008">
    <p class='ocr_par' dir='ltr' id='par_1_96' title="bbox 290 4928 1852 5008">
     <span class='ocr_line' id='line_1_96' title="bbox 290 4928 1852 5008; baseline 0.019 -30"><span class='ocrx_word' id='word_1_727' title='bbox 290 4928 549 4987; x_wconf 82' lang='lat' dir='ltr'><strong>diximus.</strong></span> <span class='ocrx_word' id='word_1_728' title='bbox 600 4934 985 4994; x_wconf 82' lang='lat' dir='ltr'><strong>Verumtamen</strong></span> <span class='ocrx_word' id='word_1_729' title='bbox 1042 4945 1205 4997; x_wconf 89' lang='lat' dir='ltr'><strong>etiam</strong></span> <span class='ocrx_word' id='word_1_730' title='bbox 1255 4961 1401 5001; x_wconf 81' lang='lat' dir='ltr'><strong>tmnc</strong></span> <span class='ocrx_word' id='word_1_731' title='bbox 1463 4950 1543 5004; x_wconf 87' lang='lat' dir='ltr'><strong>sic</strong></span> <span class='ocrx_word' id='word_1_732' title='bbox 1598 4954 1852 5008; x_wconf 83' lang='lat' dir='ltr'><strong>dicimus.</strong></span> 
     </span>
    </p>
   </div>
   <div class='ocr_carea' id='block_1_97' title="bbox 288 5019 1850 5104">
    <p class='ocr_par' dir='ltr' id='par_1_97' title="bbox 288 5019 1850 5104">
     <span class='ocr_line' id='line_1_97' title="bbox 288 5019 1850 5104; baseline 0.02 -35"><span class='ocrx_word' id='word_1_733' title='bbox 288 5019 649 5078; x_wconf 71' lang='lat' dir='ltr'><strong>Crcumcisio</strong></span> <span class='ocrx_word' id='word_1_734' title='bbox 707 5031 891 5085; x_wconf 83' lang='lat' dir='ltr'><strong>cordis</strong></span> <span class='ocrx_word' id='word_1_735' title='bbox 937 5042 1019 5086; x_wconf 78' lang='lat' dir='ltr'><strong>est</strong></span> <span class='ocrx_word' id='word_1_736' title='bbox 1074 5035 1443 5104; x_wconf 85' lang='lat' dir='ltr'><strong>circumcisio,</strong></span> <span class='ocrx_word' id='word_1_737' title='bbox 1482 5057 1588 5095; x_wconf 88' lang='lat' dir='ltr'><strong>non</strong></span> <span class='ocrx_word' id='word_1_738' title='bbox 1642 5046 1850 5101; x_wconf 80' lang='lat' dir='ltr'><strong>carnis.</strong></span> 
     </span>
    </p>
   </div>
   <div class='ocr_carea' id='block_1_98' title="bbox 288 5112 1852 5191">
    <p class='ocr_par' dir='ltr' id='par_1_98' title="bbox 288 5112 1852 5191">
     <span class='ocr_line' id='line_1_98' title="bbox 288 5112 1852 5191; baseline 0.019 -30"><span class='ocrx_word' id='word_1_739' title='bbox 288 5112 697 5170; x_wconf 84' lang='lat' dir='ltr'><strong>Abundantiam</strong></span> <span class='ocrx_word' id='word_1_740' title='bbox 766 5125 910 5176; x_wconf 82' lang='lat' dir='ltr'><strong>enim</strong></span> <span class='ocrx_word' id='word_1_741' title='bbox 971 5128 1155 5182; x_wconf 87' lang='lat' dir='ltr'><strong>cordis</strong></span> <span class='ocrx_word' id='word_1_742' title='bbox 1206 5130 1599 5188; x_wconf 86' lang='lat' dir='ltr'><strong>circumcidere</strong></span> <span class='ocrx_word' id='word_1_743' title='bbox 1652 5134 1852 5191; x_wconf 88' lang='lat' dir='ltr'><strong>debent</strong></span> 
     </span>
    </p>
   </div>
   <div class='ocr_carea' id='block_1_99' title="bbox 284 5202 1853 5296">
    <p class='ocr_par' dir='ltr' id='par_1_99' title="bbox 284 5202 1853 5296">
     <span class='ocr_line' id='line_1_99' title="bbox 284 5202 1853 5296; baseline 0.017 -41"><span class='ocrx_word' id='word_1_744' title='bbox 284 5202 512 5272; x_wconf 69' lang='lat' dir='ltr'><strong>singuli,</strong></span> <span class='ocrx_word' id='word_1_745' title='bbox 548 5223 656 5261; x_wconf 85' lang='lat' dir='ltr'><strong>non</strong></span> <span class='ocrx_word' id='word_1_746' title='bbox 688 5215 894 5268; x_wconf 86' lang='lat' dir='ltr'><strong>carnis.</strong></span> <span class='ocrx_word' id='word_1_747' title='bbox 936 5218 1287 5274; x_wconf 80' lang='lat' dir='ltr'><strong>Ahundautia</strong></span> <span class='ocrx_word' id='word_1_748' title='bbox 1317 5223 1464 5275; x_wconf 81' lang='lat' dir='ltr'><strong>enim</strong></span> <span class='ocrx_word' id='word_1_749' title='bbox 1514 5226 1696 5279; x_wconf 89' lang='lat' dir='ltr'><strong>cordis</strong></span> <span class='ocrx_word' id='word_1_750' title='bbox 1728 5243 1853 5296; x_wconf 78' lang='lat' dir='ltr'><strong>pec.-</strong></span> 
     </span>
    </p>
   </div>
   <div class='ocr_carea' id='block_1_100' title="bbox 282 5304 1850 5374">
    <p class='ocr_par' dir='ltr' id='par_1_100' title="bbox 282 5304 1850 5374">
     <span class='ocr_line' id='line_1_100' title="bbox 282 5304 1850 5374; baseline 0.017 -27"><span class='ocrx_word' id='word_1_751' title='bbox 282 5304 470 5349; x_wconf 85' lang='lat' dir='ltr'><strong>catum</strong></span> <span class='ocrx_word' id='word_1_752' title='bbox 526 5310 641 5361; x_wconf 82' lang='lat' dir='ltr'><strong>est.</strong></span> <span class='ocrx_word' id='word_1_753' title='bbox 700 5306 847 5371; x_wconf 89' lang='lat' dir='ltr'><strong>quod</strong></span> <span class='ocrx_word' id='word_1_754' title='bbox 912 5311 1225 5364; x_wconf 84' lang='lat' dir='ltr'><strong>conciliavit</strong></span> <span class='ocrx_word' id='word_1_755' title='bbox 1268 5313 1520 5369; x_wconf 85' lang='lat' dir='ltr'><strong>diabolus</strong></span> <span class='ocrx_word' id='word_1_756' title='bbox 1573 5326 1629 5371; x_wconf 90' lang='lat' dir='ltr'><strong>et</strong></span> <span class='ocrx_word' id='word_1_757' title='bbox 1686 5318 1850 5374; x_wconf 89' lang='lat' dir='ltr'><strong>homo</strong></span> 
     </span>
    </p>
   </div>
   <div class='ocr_carea' id='block_1_101' title="bbox 284 5392 1851 5466">
    <p class='ocr_par' dir='ltr' id='par_1_101' title="bbox 284 5392 1851 5466">
     <span class='ocr_line' id='line_1_101' title="bbox 284 5392 1851 5466; baseline 0.017 -26"><span class='ocrx_word' id='word_1_758' title='bbox 284 5397 508 5452; x_wconf 79' lang='lat' dir='ltr'><strong>propter</strong></span> <span class='ocrx_word' id='word_1_759' title='bbox 560 5392 893 5463; x_wconf 84' lang='lat' dir='ltr'><strong>voluptates.</strong></span> <span class='ocrx_word' id='word_1_760' title='bbox 951 5398 1104 5464; x_wconf 89' lang='lat' dir='ltr'><strong>Quod</strong></span> <span class='ocrx_word' id='word_1_761' title='bbox 1143 5418 1274 5456; x_wconf 82' lang='lat' dir='ltr'><strong>vero</strong></span> <span class='ocrx_word' id='word_1_762' title='bbox 1324 5404 1472 5459; x_wconf 87' lang='lat' dir='ltr'><strong>Deus</strong></span> <span class='ocrx_word' id='word_1_763' title='bbox 1515 5407 1568 5461; x_wconf 89' lang='lat' dir='ltr'><strong>in</strong></span> <span class='ocrx_word' id='word_1_764' title='bbox 1629 5407 1851 5466; x_wconf 82' lang='lat' dir='ltr'><strong>homine</strong></span> 
     </span>
    </p>
   </div>
   <div class='ocr_carea' id='block_1_102' title="bbox 283 5471 1848 5567">
    <p class='ocr_par' dir='ltr' id='par_1_102' title="bbox 283 5471 1848 5567">
     <span class='ocr_line' id='line_1_102' title="bbox 283 5471 1848 5567; baseline 0.019 -40"><span class='ocrx_word' id='word_1_765' title='bbox 283 5471 434 5541; x_wconf 69' lang='lat' dir='ltr'><strong>fecit,</strong></span> <span class='ocrx_word' id='word_1_766' title='bbox 466 5496 575 5536; x_wconf 90' lang='lat' dir='ltr'><strong>non</strong></span> <span class='ocrx_word' id='word_1_767' title='bbox 605 5497 691 5538; x_wconf 82' lang='lat' dir='ltr'><strong>cst</strong></span> <span class='ocrx_word' id='word_1_768' title='bbox 730 5503 1227 5557; x_wconf 79' lang='lat' dir='ltr'><strong>supervacaneum,</strong></span> <span class='ocrx_word' id='word_1_769' title='bbox 1262 5493 1535 5564; x_wconf 85' lang='lat' dir='ltr'><strong>integrum</strong></span> <span class='ocrx_word' id='word_1_770' title='bbox 1566 5498 1848 5567; x_wconf 79' lang='lat' dir='ltr'><strong>enim-est,</strong></span> 
     </span>
    </p>
   </div>
   <div class='ocr_carea' id='block_1_103' title="bbox 270 5652 1665 5742">
    <p class='ocr_par' dir='ltr' id='par_1_103' title="bbox 270 5652 1665 5742">
     <span class='ocr_line' id='line_1_103' title="bbox 270 5652 1665 5742; baseline 0.006 -29"><span class='ocrx_word' id='word_1_771' title='bbox 270 5726 275 5732; x_wconf 87' lang='lat'><strong><em>_</em></strong></span> <span class='ocrx_word' id='word_1_772' title='bbox 352 5652 398 5687; x_wconf 77' lang='grc'><strong>⁸⁷</strong></span> <span class='ocrx_word' id='word_1_773' title='bbox 427 5656 571 5716; x_wconf 66' lang='lat' dir='ltr'><strong>Pam.</strong></span> <span class='ocrx_word' id='word_1_774' title='bbox 598 5676 739 5729; x_wconf 77' lang='lat' dir='ltr'><strong>xm,</strong></span> <span class='ocrx_word' id='word_1_775' title='bbox 777 5666 830 5732; x_wconf 86' lang='lat'><strong>9,</strong></span> <span class='ocrx_word' id='word_1_776' title='bbox 869 5668 1045 5725; x_wconf 46' lang='lat'><strong>15.15.</strong></span> <span class='ocrx_word' id='word_1_777' title='bbox 1125 5670 1171 5704; x_wconf 73' lang='grc'><strong>⁸³</strong></span> <span class='ocrx_word' id='word_1_778' title='bbox 1203 5672 1346 5728; x_wconf 59' lang='grc' dir='ltr'><strong>[δέει.</strong></span> <span class='ocrx_word' id='word_1_779' title='bbox 1380 5690 1429 5739; x_wconf 76' lang='lat' dir='ltr'><strong>L,</strong></span> <span class='ocrx_word' id='word_1_780' title='bbox 1460 5673 1541 5742; x_wconf 68' lang='lat'><strong>18,</strong></span> <span class='ocrx_word' id='word_1_781' title='bbox 1582 5673 1665 5730; x_wconf 77' lang='grc'><strong>19,</strong></span> 
     </span>
    </p>
   </div>
   <div class='ocr_carea' id='block_1_104' title="bbox 1963 4502 3540 4578">
    <p class='ocr_par' dir='ltr' id='par_1_104' title="bbox 1963 4502 3540 4578">
     <span class='ocr_line' id='line_1_104' title="bbox 1963 4502 3540 4578; baseline 0.004 -26"><span class='ocrx_word' id='word_1_782' title='bbox 1963 4502 2204 4570; x_wconf 78' lang='grc' dir='ltr'>χειλέων,</span> <span class='ocrx_word' id='word_1_783' title='bbox 2235 4509 2296 4554; x_wconf 71' lang='grc' dir='ltr'><strong>ἐκ</strong></span> <span class='ocrx_word' id='word_1_784' title='bbox 2328 4504 2575 4573; x_wconf 78' lang='grc' dir='ltr'>καθαρᾶς</span> <span class='ocrx_word' id='word_1_785' title='bbox 2607 4507 2701 4558; x_wconf 79' lang='grc' dir='ltr'>καὶ</span> <span class='ocrx_word' id='word_1_786' title='bbox 2739 4506 3065 4576; x_wconf 81' lang='grc' dir='ltr'>εἰλικρινοῦς</span> <span class='ocrx_word' id='word_1_787' title='bbox 3099 4509 3362 4578; x_wconf 85' lang='grc' dir='ltr'>καρδίας,</span> <span class='ocrx_word' id='word_1_788' title='bbox 3391 4508 3420 4560; x_wconf 85' lang='grc' dir='ltr'><strong>ὃ</strong></span> <span class='ocrx_word' id='word_1_789' title='bbox 3451 4508 3540 4559; x_wconf 71' lang='grc' dir='ltr'><strong>καὶ</strong></span> 
     </span>
    </p>
   </div>
   <div class='ocr_carea' id='block_1_105' title="bbox 1963 4593 3538 4669">
    <p class='ocr_par' dir='ltr' id='par_1_105' title="bbox 1963 4593 3538 4669">
     <span class='ocr_line' id='line_1_105' title="bbox 1963 4593 3538 4669; baseline 0.004 -25"><span class='ocrx_word' id='word_1_790' title='bbox 1963 4596 2205 4659; x_wconf 83' lang='grc' dir='ltr'>γέγονεν.</span> <span class='ocrx_word' id='word_1_791' title='bbox 2238 4595 2299 4646; x_wconf 86' lang='grc' dir='ltr'>Οἰ</span> <span class='ocrx_word' id='word_1_792' title='bbox 2351 4593 2541 4663; x_wconf 81' lang='grc' dir='ltr'>πρώην</span> <span class='ocrx_word' id='word_1_793' title='bbox 2567 4595 2973 4667; x_wconf 80' lang='grc' dir='ltr'>εἰδωλολάτραι,</span> <span class='ocrx_word' id='word_1_794' title='bbox 3013 4600 3063 4650; x_wconf 84' lang='grc' dir='ltr'><strong>οἰ</strong></span> <span class='ocrx_word' id='word_1_795' title='bbox 3110 4599 3313 4669; x_wconf 84' lang='grc' dir='ltr'>πρώην</span> <span class='ocrx_word' id='word_1_796' title='bbox 3348 4600 3538 4668; x_wconf 83' lang='grc' dir='ltr'>τύραν-</span> 
     </span>
    </p>
   </div>
   <div class='ocr_carea' id='block_1_106' title="bbox 1962 4684 3536 4760">
    <p class='ocr_par' dir='ltr' id='par_1_106' title="bbox 1962 4684 3536 4760">
     <span class='ocr_line' id='line_1_106' title="bbox 1962 4684 3536 4760; baseline 0.003 -24"><span class='ocrx_word' id='word_1_797' title='bbox 1962 4700 2041 4736; x_wconf 91' lang='grc' dir='ltr'><strong>νοι</strong></span> <span class='ocrx_word' id='word_1_798' title='bbox 2074 4685 2166 4736; x_wconf 74' lang='grc' dir='ltr'>καὶ</span> <span class='ocrx_word' id='word_1_799' title='bbox 2192 4684 2421 4738; x_wconf 86' lang='grc' dir='ltr'>διῶκται</span> <span class='ocrx_word' id='word_1_800' title='bbox 2449 4685 2557 4737; x_wconf 89' lang='grc' dir='ltr'><strong>τῶν</strong></span> <span class='ocrx_word' id='word_1_801' title='bbox 2584 4685 2948 4756; x_wconf 82' lang='grc' dir='ltr'>Χριστιανῶν,</span> <span class='ocrx_word' id='word_1_802' title='bbox 2994 4690 3042 4741; x_wconf 88' lang='grc' dir='ltr'><strong>οἰ</strong></span> <span class='ocrx_word' id='word_1_803' title='bbox 3078 4691 3405 4760; x_wconf 79' lang='grc' dir='ltr'>ὑϐρίζοντες</span> <span class='ocrx_word' id='word_1_804' title='bbox 3450 4690 3536 4742; x_wconf 82' lang='grc' dir='ltr'><strong>τὸν</strong></span> 
     </span>
    </p>
   </div>
   <div class='ocr_carea' id='block_1_107' title="bbox 1960 4773 3536 4848">
    <p class='ocr_par' dir='ltr' id='par_1_107' title="bbox 1960 4773 3536 4848">
     <span class='ocr_line' id='line_1_107' title="bbox 1960 4773 3536 4848; baseline 0.004 -23"><span class='ocrx_word' id='word_1_805' title='bbox 1960 4773 2217 4842; x_wconf 74' lang='grc' dir='ltr'>Χριστὸν,</span> <span class='ocrx_word' id='word_1_806' title='bbox 2257 4775 2863 4843; x_wconf 78' lang='grc' dir='ltr'>στραφέντες⁶ὲγένοντο</span> <span class='ocrx_word' id='word_1_807' title='bbox 2894 4779 3138 4848; x_wconf 82' lang='grc' dir='ltr'>κήρυκες</span> <span class='ocrx_word' id='word_1_808' title='bbox 3166 4784 3266 4835; x_wconf 79' lang='grc' dir='ltr'><strong>καὶ</strong></span> <span class='ocrx_word' id='word_1_809' title='bbox 3289 4780 3536 4832; x_wconf 82' lang='grc' dir='ltr'>διδάσκα-</span> 
     </span>
    </p>
   </div>
   <div class='ocr_carea' id='block_1_108' title="bbox 1961 4864 3534 4940">
    <p class='ocr_par' dir='ltr' id='par_1_108' title="bbox 1961 4864 3534 4940">
     <span class='ocr_line' id='line_1_108' title="bbox 1961 4864 3534 4940; baseline 0.003 -24"><span class='ocrx_word' id='word_1_810' title='bbox 1961 4864 2043 4916; x_wconf 76' lang='grc' dir='ltr'><strong>λοι</strong></span> <span class='ocrx_word' id='word_1_811' title='bbox 2072 4866 2169 4932; x_wconf 80' lang='grc' dir='ltr'><strong>τῆς</strong></span> <span class='ocrx_word' id='word_1_812' title='bbox 2201 4865 2546 4934; x_wconf 82' lang='grc' dir='ltr'>οἰκουμένης,</span> <span class='ocrx_word' id='word_1_813' title='bbox 2588 4869 2679 4920; x_wconf 77' lang='grc' dir='ltr'><strong>καὶ</strong></span> <span class='ocrx_word' id='word_1_814' title='bbox 2715 4869 2987 4923; x_wconf 77' lang='grc' dir='ltr'>ἀπέθανον</span> <span class='ocrx_word' id='word_1_815' title='bbox 3018 4870 3161 4940; x_wconf 84' lang='grc' dir='ltr'>ὑπὲρ</span> <span class='ocrx_word' id='word_1_816' title='bbox 3212 4871 3310 4925; x_wconf 88' lang='grc' dir='ltr'><strong>τοῦ</strong></span> <span class='ocrx_word' id='word_1_817' title='bbox 3342 4872 3534 4940; x_wconf 79' lang='grc' dir='ltr'>ὀνόμα·</span> 
     </span>
    </p>
   </div>
   <div class='ocr_carea' id='block_1_109' title="bbox 1962 4954 3530 5024">
    <p class='ocr_par' dir='ltr' id='par_1_109' title="bbox 1962 4954 3530 5024">
     <span class='ocr_line' id='line_1_109' title="bbox 1962 4954 3530 5024; baseline 0.006 -20"><span class='ocrx_word' id='word_1_818' title='bbox 1962 4972 2051 5010; x_wconf 82' lang='grc' dir='ltr'><strong>τος</strong></span> <span class='ocrx_word' id='word_1_819' title='bbox 2077 4954 2172 5006; x_wconf 75' lang='grc' dir='ltr'><strong>τοῦ</strong></span> <span class='ocrx_word' id='word_1_820' title='bbox 2204 4955 2460 5023; x_wconf 73' lang='grc' dir='ltr'>Χριστοῦ,</span> <span class='ocrx_word' id='word_1_821' title='bbox 2496 4956 2591 5008; x_wconf 79' lang='grc' dir='ltr'><strong>καὶ</strong></span> <span class='ocrx_word' id='word_1_822' title='bbox 2620 4959 2961 5024; x_wconf 82' lang='grc' dir='ltr'>κατέστησαν</span> <span class='ocrx_word' id='word_1_823' title='bbox 3003 4962 3238 5024; x_wconf 75' lang='grc' dir='ltr'>ἑαυτοὺς</span> <span class='ocrx_word' id='word_1_824' title='bbox 3268 4961 3412 5015; x_wconf 73' lang='grc' dir='ltr'>εἶναι</span> <span class='ocrx_word' id='word_1_825' title='bbox 3442 4962 3530 5013; x_wconf 79' lang='grc' dir='ltr'><strong>τύ-</strong></span> 
     </span>
    </p>
   </div>
   <div class='ocr_carea' id='block_1_110' title="bbox 1961 5049 3529 5123">
    <p class='ocr_par' dir='ltr' id='par_1_110' title="bbox 1961 5049 3529 5123">
     <span class='ocr_line' id='line_1_110' title="bbox 1961 5049 3529 5123; baseline 0.003 -24"><span class='ocrx_word' id='word_1_826' title='bbox 1961 5061 2061 5099; x_wconf 83' lang='grc' dir='ltr'><strong>πον</strong></span> <span class='ocrx_word' id='word_1_827' title='bbox 2091 5050 2186 5102; x_wconf 72' lang='grc' dir='ltr'><strong>καὶ</strong></span> <span class='ocrx_word' id='word_1_828' title='bbox 2210 5049 2405 5102; x_wconf 78' lang='grc' dir='ltr'>κανόνα</span> <span class='ocrx_word' id='word_1_829' title='bbox 2436 5050 2543 5102; x_wconf 88' lang='grc' dir='ltr'><strong>τῶν</strong></span> <span class='ocrx_word' id='word_1_830' title='bbox 2592 5051 2673 5114; x_wconf 89' lang='grc' dir='ltr'><strong>εἰς</strong></span> <span class='ocrx_word' id='word_1_831' title='bbox 2703 5054 2791 5105; x_wconf 81' lang='grc' dir='ltr'><strong>τὸν</strong></span> <span class='ocrx_word' id='word_1_832' title='bbox 2841 5053 3047 5123; x_wconf 82' lang='grc' dir='ltr'>Κύριον</span> <span class='ocrx_word' id='word_1_833' title='bbox 3095 5058 3529 5119; x_wconf 70' lang='grc' dir='ltr'>πιστευσάντων,</span> 
     </span>
    </p>
   </div>
   <div class='ocr_carea' id='block_1_111' title="bbox 1957 5136 3529 5216">
    <p class='ocr_par' dir='ltr' id='par_1_111' title="bbox 1957 5136 3529 5216">
     <span class='ocr_line' id='line_1_111' title="bbox 1957 5136 3529 5216; baseline 0.005 -27"><span class='ocrx_word' id='word_1_834' title='bbox 1957 5136 2032 5200; x_wconf 85' lang='grc' dir='ltr'><strong>ὡς</strong></span> <span class='ocrx_word' id='word_1_835' title='bbox 2080 5139 2325 5208; x_wconf 80' lang='grc' dir='ltr'>εἴπομεν.</span> <span class='ocrx_word' id='word_1_836' title='bbox 2356 5141 2493 5210; x_wconf 76' lang='grc' dir='ltr'>Περὶ</span> <span class='ocrx_word' id='word_1_837' title='bbox 2532 5141 2588 5194; x_wconf 80' lang='grc' dir='ltr'>δὲ</span> <span class='ocrx_word' id='word_1_838' title='bbox 2635 5142 2733 5211; x_wconf 82' lang='grc' dir='ltr'><strong>τῆς</strong></span> <span class='ocrx_word' id='word_1_839' title='bbox 2768 5150 3068 5215; x_wconf 81' lang='grc' dir='ltr'>περιτομῆς</span> <span class='ocrx_word' id='word_1_840' title='bbox 3101 5148 3529 5216; x_wconf 81' lang='grc' dir='ltr'>πλατυκὼτερον</span> 
     </span>
    </p>
   </div>
   <div class='ocr_carea' id='block_1_112' title="bbox 1958 5230 3526 5305">
    <p class='ocr_par' dir='ltr' id='par_1_112' title="bbox 1958 5230 3526 5305">
     <span class='ocr_line' id='line_1_112' title="bbox 1958 5230 3526 5305; baseline 0.004 -24"><span class='ocrx_word' id='word_1_841' title='bbox 1958 5230 2015 5282; x_wconf 83' lang='grc' dir='ltr'>ὲν</span> <span class='ocrx_word' id='word_1_842' title='bbox 2063 5233 2173 5290; x_wconf 84' lang='grc' dir='ltr'>τοῖς</span> <span class='ocrx_word' id='word_1_843' title='bbox 2201 5230 2509 5300; x_wconf 73' lang='grc' dir='ltr'>ἔμπροσθεν</span> <span class='ocrx_word' id='word_1_844' title='bbox 2555 5234 2803 5303; x_wconf 80' lang='grc' dir='ltr'>εἴπομεν.</span> <span class='ocrx_word' id='word_1_845' title='bbox 2842 5236 3030 5305; x_wconf 88' lang='grc' dir='ltr'>Ὅμως</span> <span class='ocrx_word' id='word_1_846' title='bbox 3077 5238 3138 5291; x_wconf 85' lang='grc' dir='ltr'>δὲ</span> <span class='ocrx_word' id='word_1_847' title='bbox 3165 5240 3264 5292; x_wconf 77' lang='grc' dir='ltr'><strong>καὶ</strong></span> <span class='ocrx_word' id='word_1_848' title='bbox 3298 5241 3438 5293; x_wconf 77' lang='grc' dir='ltr'>κατὰ</span> <span class='ocrx_word' id='word_1_849' title='bbox 3469 5238 3526 5288; x_wconf 83' lang='grc' dir='ltr'><strong>τὸ</strong></span> 
     </span>
    </p>
   </div>
   <div class='ocr_carea' id='block_1_113' title="bbox 1957 5320 3525 5401">
    <p class='ocr_par' dir='ltr' id='par_1_113' title="bbox 1957 5320 3525 5401">
     <span class='ocr_line' id='line_1_113' title="bbox 1957 5320 3525 5401; baseline 0.009 -32"><span class='ocrx_word' id='word_1_850' title='bbox 1957 5320 2128 5387; x_wconf 84' lang='grc' dir='ltr'>παρὸν</span> <span class='ocrx_word' id='word_1_851' title='bbox 2159 5320 2299 5373; x_wconf 80' lang='grc' dir='ltr'>οὕτω</span> <span class='ocrx_word' id='word_1_852' title='bbox 2333 5321 2580 5390; x_wconf 87' lang='grc' dir='ltr'>λέγομεν,</span> <span class='ocrx_word' id='word_1_853' title='bbox 2616 5325 2698 5401; x_wconf 84' lang='grc' dir='ltr'>ὃτι</span> <span class='ocrx_word' id='word_1_854' title='bbox 2727 5327 2997 5397; x_wconf 77' lang='grc' dir='ltr'>περιτομὴ</span> <span class='ocrx_word' id='word_1_855' title='bbox 3026 5328 3258 5397; x_wconf 77' lang='grc' dir='ltr'>καρδίας</span> <span class='ocrx_word' id='word_1_856' title='bbox 3290 5330 3408 5382; x_wconf 74' lang='grc' dir='ltr'>ἐστὶ</span> <span class='ocrx_word' id='word_1_857' title='bbox 3436 5344 3525 5378; x_wconf 83' lang='grc' dir='ltr'>πε-</span> 
     </span>
    </p>
   </div>
   <div class='ocr_carea' id='block_1_114' title="bbox 1960 5410 3522 5489">
    <p class='ocr_par' dir='ltr' id='par_1_114' title="bbox 1960 5410 3522 5489">
     <span class='ocr_line' id='line_1_114' title="bbox 1960 5410 3522 5489; baseline 0.011 -29"><span class='ocrx_word' id='word_1_858' title='bbox 1960 5410 2177 5480; x_wconf 80' lang='grc' dir='ltr'>ριτομὴ,</span> <span class='ocrx_word' id='word_1_859' title='bbox 2214 5413 2329 5480; x_wconf 72' lang='grc' dir='ltr'><strong>οὑχί</strong></span> <span class='ocrx_word' id='word_1_860' title='bbox 2373 5414 2430 5466; x_wconf 72' lang='grc' dir='ltr'>δὲ</span> <span class='ocrx_word' id='word_1_861' title='bbox 2457 5418 2555 5485; x_wconf 82' lang='grc' dir='ltr'>τῆς</span> <span class='ocrx_word' id='word_1_862' title='bbox 2586 5418 2809 5487; x_wconf 87' lang='grc' dir='ltr'>σαρκός.</span> <span class='ocrx_word' id='word_1_863' title='bbox 2862 5419 2936 5470; x_wconf 90' lang='grc' dir='ltr'><strong>Τὸ</strong></span> <span class='ocrx_word' id='word_1_864' title='bbox 2964 5422 3071 5488; x_wconf 71' lang='grc' dir='ltr'>γὰρ</span> <span class='ocrx_word' id='word_1_865' title='bbox 3118 5421 3385 5489; x_wconf 79' lang='grc' dir='ltr'>περισσὸν</span> <span class='ocrx_word' id='word_1_866' title='bbox 3430 5419 3522 5482; x_wconf 81' lang='grc' dir='ltr'>τῆς</span> 
     </span>
    </p>
   </div>
   <div class='ocr_carea' id='block_1_115' title="bbox 1957 5501 3520 5580">
    <p class='ocr_par' dir='ltr' id='par_1_115' title="bbox 1957 5501 3520 5580">
     <span class='ocr_line' id='line_1_115' title="bbox 1957 5501 3520 5580; baseline -0.006 -13"><span class='ocrx_word' id='word_1_867' title='bbox 1957 5501 2179 5571; x_wconf 66' lang='grc' dir='ltr'>καρδίας</span> <span class='ocrx_word' id='word_1_868' title='bbox 2239 5508 2475 5573; x_wconf 63' lang='lat' dir='ltr'><strong>puerei</strong></span> <span class='ocrx_word' id='word_1_869' title='bbox 2517 5508 2623 5571; x_wconf 77' lang='grc' dir='ltr'>πᾶς</span> <span class='ocrx_word' id='word_1_870' title='bbox 2668 5508 2951 5577; x_wconf 79' lang='grc' dir='ltr'>ἅνθρωπος</span> <span class='ocrx_word' id='word_1_871' title='bbox 3004 5513 3375 5580; x_wconf 79' lang='grc' dir='ltr'>περιτέμνειν,</span> <span class='ocrx_word' id='word_1_872' title='bbox 3409 5507 3520 5563; x_wconf 82' lang='grc' dir='ltr'>ἀλλ’</span> 
     </span>
    </p>
   </div>
  </div>
