3928 6212
267 333 377 397 569

1129 391 1140 404 ,
1200 329 1498 392 CONTRA
1540 325 2034 390 MAIIOMETEM
2078 325 2457 386 APOLOGIA
2501 325 2598 386 ιν.

3413 323 3520 390 5Ἶο

257 454 323 506 οὗ
357 452 457 518 τῆς
482 447 706 519 σαρκός.
731 443 804 500 T6
824 458 933 515 γαρ
957 443 1216 512 περισσὸν
1237 443 1334 512 τὴν
1349 442 1574 510 καρδίας
1599 444 1631 510 ἡ
1661 441 1842 508 ἁμαρ-

1949 447 2002 490 et
2037 437 2264 500 bonum,
2299 446 2351 491 et
2399 437 2686 492 abundans
2716 443 2801 490 est
2834 435 2992 490 nihil.
3026 435 3080 492 Si
3130 436 3313 506 itaque
3353 438 3521 495 homo

259 543 356 595 τία
401 542 570 600 ἐστὶν,
616 539 806 607 ἥντινα
837 536 1195 605 προεξένησεν
1236 535 1263 586 6
1305 534 1573 597 διάῦολος,
1612 535 1707 585 καὶ
1751 531 1838 582 διὰ

260 632 360 688 τὰς
391 628 587 698 ἡ“ονὰς
614 630 641 679 6
697 627 1007 695 ἄνθρωπος.
1041 625 1220 694 Ὅπερ
1248 623 1304 676 δὲ
1346 623 1602 691 ἐποίησεν
1631 623 1658 672 6
1705 620 1838 682 Θεὸς

259 723 323 771 ἐν
377 718 456 789 τῷ
503 716 797 786 ἀνθρώπῳ,
851 717 952 768 οὐκ
1000 713 1117 766 ἐστι
1162 713 1441 780 περισσόν.
1484 713 1704 764 Τέλειον
1741 709 1839 761 μέν

259 807 383 859 ἐστι
410 804 506 857 καὶ
535 804 721 867 καλὸν,
756 802 1005 873 περιττὸν
1036 801 1091 853 δὲ
1115 801 1215 853 οὐκ
1248 799 1384 851 ἐστι.
1431 799 1556 850 Ἐὰν
1582 796 1711 864 γοῦν
1739 813 1837 847 πε-

264 895 519 965 ριτέμῃδ
551 893 835 964 ἄνθρωπος
878 891 947 944 τὰ
979 892 1201 961 περιττὰ
1233 889 1330 958 τῆς
1366 887 1594 958 καρδίας
1652 885 1836 949 αὑτοῦ,

255 985 520 1036 τουτέστι
555 983 652 1053 τὴν
692 983 991 1051 ἁμαρτίαν,
1023 981 1190 1044 ὅντως
1239 981 1402 1040 αὑτός
1435 982 1579 1031 ἐστιν
1626 977 1840 1044 ἀληθῶς

257 1074 758 1143 περιτετμημένος.
790 1073 848 1125 El
874 1070 930 1124 δὲ
958 1073 1021 1142 τῇ
1039 1071 1283 1141 ἁμαρτία
1307 1069 1620 1140 εὑρίσκεται
1649 1084 1840 1136 περιτ-

256 1164 464 1223 τεῦων,
495 1166 562 1233 τῇ
607 1162 664 1214 δέ
704 1161 871 1229 σαρκὶ⁵
905 1160 1398 1229 περιτετμημένος,
1441 1158 1644 1224 ματαία
1697 1157 1842 1208 ἐστὶν

256 1257 290 1323 ἡ
324 1254 521 1307 τούτου
558 1254 849 1322 περιτομὴ,
894 1252 990 1304 καὶ
1019 1251 1322 1318 ἀνωφελής.
1383 1249 1544 1301 Ἀλλὰ
1572 1248 1662 1300 καὶ
1709 1248 1838 1300 Μω-

260 1348 367 1413 σῆς
400 1344 599 1396 οὑτωσί
651 1360 806 1412 φησι,
850 1362 869 1394 ι
903 1341 1060 1395 Κατὰ
1104 1340 1202 1410 τὴν
1247 1341 1458 1411 ἡμέραν
1491 1337 1696 1404 ταύτην
1749 1337 1842 1389 καὶ

259 1433 656 1503 περιτεμείσθε
682 1434 779 1503 τὴν
807 1431 1244 1500 σκληροκαρδίαν
1268 1431 1443 1500 ὑμῶν,
1476 1430 1570 1484 καὶ⁵
1596 1429 1686 1482 τὸν
1712 1429 1844 1498 τρά-

257 1526 432 1594 χηλον
484 1523 639 1591 ὑμῶν
675 1523 733 1574 οὐ
780 1523 1135 1590 σκληρυνεῖτε
1184 1520 1288 1577 ἔτι.
1347 1521 1407 1574 '0
1439 1519 1547 1590 γὰρ
1581 1519 1784 1588 Κύριος
1815 1521 1842 1571 6

261 1615 400 1675 θεὸς
441 1614 615 1682 ὑμῶν,
647 1608 795 1673 οὗτος
833 1614 964 1674 Θεὸς
1014 1613 1121 1664 τῶν
1174 1611 1310 1663 θεῶν
1341 1614 1434 1664 καὶ
1481 1611 1685 1680 Κύριος
1731 1609 1841 1663 τῶν

264 1706 502 1774 κυρίων,
536 1707 563 1758 6
598 1705 729 1765 Θεὸς
761 1707 787 1757 6
816 1706 990 1773 μέγας
1022 1703 1112 1754 καὶ
1143 1703 1382 1771 ἰσχυρός.
1421 1721 1436 1752 ι
1473 1697 1635 1764 Οἶδας
1681 1702 1842 1753 ποίαν

1941 527 2126 582 cordis
2150 529 2539 582 abundantiam
2559 527 2989 593 circumciderit,
3010 528 3062 582 id
3088 537 3170 582 est
3199 539 3514 597 peccatum,

1941 619 2028 672 bic
2057 635 2245 673 revera
2280 635 2405 673 vere
2454 620 2814 676 circumcisus
2843 630 2949 675 est.
2979 619 3035 674 Si
3065 629 3248 674 autem
3294 630 3521 689 peccato

1939 709 2205 763 obnoxius
2237 709 2422 772 fuerit,
2452 719 2506 763 et
2529 727 2694 764 carne
2725 711 3112 773 circumcisus,
3159 727 3294 764 vana
3321 723 3374 765 et
3399 713 3522 767 inu-

1945 802 2056 856 tilis
2109 811 2191 855 est
2241 802 2407 872 hujus
2437 803 2806 857 circumcisio.
2843 802 2949 856 Sed
2977 811 3034 856 et
3077 794 3250 856 Moses
3301 805 3381 858 sic
3440 805 3522 857 in-

1941 893 2103 963 quit:
2155 913 2171 942 ‹
2212 893 2384 948 Hodie
2425 895 2606 962 itaque
2649 886 3044 948 'circumcid'ite
3094 894 3354 948 duritiam
3397 910 3520 948 cor-

1943 981 2027 1035 dis
2059 984 2253 1043 vestri,
2285 993 2342 1037 et
2382 983 2653 1038 cervicem
2692 993 2928 1036 vestram
2967 997 3034 1036 ne
3088 983 3362 1036 induretis
3407 999 3522 1037 an:-

1942 1071 2105 1141 plius.
2143 1070 2406 1125 Dominus
2439 1073 2586 1126 enim
2635 1072 2779 1125 Deus
2827 1081 3032 1137 vester,
3072 1072 3161 1126 hic
3211 1073 3352 1126 Deus
3395 1074 3524 1127 deo-

1943 1176 2063 1214 rum
2093 1169 2193 1220 cst,
2227 1170 2282 1214 et
2320 1161 2582 1213 Dominus
2613 1161 3012 1214 dominantium
3043 1177 3057 1214 :
3105 1161 3248 1213 Deus
3288 1178 3521 1230 magnus

1943 1261 1997 1303 et
2047 1252 2205 1306 fortis
2232 1253 2298 1305 ⁸⁹.
2348 1271 2366 1304 ι
2419 1253 2498 1306 Ειι
2549 1253 2764 1320 qualem
2819 1252 2994 1305 Moses
3046 1252 3520 1306 circumcisioncm

1943 1339 2149 1394 faciat?
2196 1341 2314 1395 Non
2359 1342 2544 1395 carnis
2591 1350 2761 1404 certe,
2817 1343 2908 1394 scd
2959 1341 3164 1393 cordis.
3219 1342 3414 1396 Verum
3469 1352 3524 1394 et

1944 1438 2148 1501 martyr
2181 1429 2388 1486 Christi
2436 1432 2750 1500 Stephanus
2781 1447 2904 1485 cum
2944 1429 3191 1484 Hebraeis
3236 1431 3522 1498 diSputans

1943 1519 2124 1572 dixit:
2173 1540 2189 1572 ι
2227 1522 2360 1575 Duri
2403 1522 2616 1576 cervice
2663 1531 2717 1574 ct
2769 1521 3141 1574 incircumcisi
3194 1521 3381 1582 corde,
3429 1523 3521 1590 qui

1946 1613 2231 1682 recepistis
2276 1613 2478 1683 legem.
2508 1624 2564 1668 et
2619 1629 2728 1666 non
2785 1613 3180 1668 observavistis
3237 1630 3356 1666 eam
3384 1617 3450 1668 9°.
3497 1633 3518 1666 ι

1946 1705 2244 1760 Sabbatum
2282 1721 2413 1760 vero
2446 1721 2552 1759 non
2590 1721 2721 1759 casu
2775 1714 2867 1759 aut
2919 1704 3150 1758 fortuito
3204 1707 3518 1760 institutum

259 1796 444 1864 κρίνει
478 1795 684 1864 Μωσῆς
724 1794 1327 1866 περιτομήνςῐιάντως
1371 1793 1432 1845 οὐ
1471 1793 1567 1862 τῆς
1615 1790 1840 1858 σαρκὸς,

1946 1804 2052 1861 est,
2088 1807 2147 1851 ut
2196 1796 2446 1851 homines
2489 1813 2554 1852 eo
2602 1798 2691 1852 die
2743 1797 2903 1851 Otiosi
2955 1796 3271 1851 desiderent
3322 1799 3518 1863 (otium

261 1888 402 1939 ἀλλὰ
431 1887 534 1956 τῆς
561 1887 813 1958 καρδίας.
863 1885 1024 1938 Ἀλλὰ
1055 1885 1149 1937 καὶ
1179 1886 1206 1936 6
1229 1884 1321 1936 τοῦ
1365 1879 1604 1952 Χριστοῦ
1631 1880 1838 1952 μάρτυς

261 1975 541 2039 Στέφανος
587 1972 725 2041 μετὰ
769 1972 878 2024 τῶν
942 1970 1214 2040 Ἐϐραίων
1259 1968 1658 2038 διαλεγόμενος,
1702 1968 1839 2038 πρὸς

264 2062 466 2122 αὐτοὺς
496 2058 672 2120 οὕτως
703 2059 945 2128 εἴρηκεν,
989 2075 1006 2108 ι
1043 2056 1514 2126 Σκληροτράχηλοι
1543 2055 1636 2108 καὶ
1651 2055 1841 2122 ἀπερί-

267 2169 467 2222 τμητοι
498 2154 563 2220 τῇ
601 2151 822 2219 καρδίᾳ,
860 2151 1053 2212 οἵτινες
1099 2148 1321 2201 ἐλάϐετε
1374 2149 1464 2200 τὸν
1511 2149 1698 2218 νόμον,
1745 2147 1838 2200 καὶ

271 2245 367 2294 vim
399 2243 703 2309 ἐφυλάξατε
736 2241 919 2292 αὑτὸν.
951 2259 969 2292 ι
1009 2241 1081 2292 Τὸ
1111 2240 1164 2292 δὲ
1185 2239 1470 2293 ’Σάϐϐατον
1503 2227 1601 2292 οὐκ
1637 2239 1838 2309 ἐτάχθη

278 2335 445 2395 οὕτως
478 2334 661 2396 ἁπλῶς
712 2332 804 2386 καὶ
834 2331 909 2394 ὠς
955 2330 1133 2400 ἔτυχε,
1166 2331 1254 2384 διὰ
1297 2332 1356 2384 1:6
1384 2331 1470 2383 ἵνα
1517 2330 1759 2399 ἀργῶσιν
1790 2331 1839 2381 ot

287 2425 554 2492 ἄνθρωποι
608 2421 730 2475 κατ’
766 2422 935 2491 αὐτὴν
982 2421 1079 2490 τὴν
1135 2422 1370 2491 ἡμέραν,
1425 2421 1545 2473 ἐπεὶ
1598 2421 1631 2490 ἡ
1673 2419 1840 2488 ἀργία.

280 2515 548 2582 αὑτὴ-καθ’
564 2514 732 2585 αὐτὴν
750 2515 918 2567 κακία
945 2513 1110 2576 ἐστὶν,
1134 2512 1268 2565 ἀλλὰ
1289 2512 1429 2565 διότι
1453 2511 1840 2581 ἐνησχολοῦντο

274 2608 323 2657 οι
369 2603 605 2658 Ἰουδαῖοι
631 2605 923 2667 διαπαντὸς
954 2605 1046 2656 ἐπὶ
1072 2605 1141 2656 τὰ
1175 2603 1426 2672 βιωτικὰ,
1457 2604 1565 2656 τῶν
1592 2604 1648 2655 δὲ
1678 2619 1841 2655 πνευ-

273 2699 518 2766 pauit-Tw
551 2697 801 2766 ἠμέλουν.
849 2695 1005 2747 Κατὰ
1054 2693 1212 2747 τοῦτο
1238 2695 1469 2764 ἐτάχθη,
1496 2693 1582 2746 ίνα
1627 2693 1839 2764 ἁργῶσι

270 2791 374 2858 μὲν
400 2786 520 2841 κατ’
544 2788 712 2856 αὐτὴν
736 2786 832 2856 τὴν
875 2786 1091 2856 ἡμέραν
1129 2783 1222 2838 τοῦ
1270 2785 1550 2838 Σαϐϐἀτου
1594 2785 1701 2838 ἀπὺ
1732 2775 1839 2837 τῶν

270 2879 546 2948 βιωτικῶν
577 2878 930 2949 μελημάτων,
975 2878 1053 2940 είς
1083 2877 1140 2930 δὲ
1186 2876 1284 2946 τὴν
1317 2875 1618 2946 ἐκκλησίαν
1667 2876 1838 2944 ἀπέρο

271 2987 476 3037 χωνται
512 2969 658 3038 πάσῃ
712 2969 910 3036 σπουδῇ
954 2970 1046 3019 καὶ
1091 2967 1398 3037 ἐπιμελείᾳ.
1434 2967 1540 3019 Καὶ
1571 2965 1726 3032 δῆλον
1776 2967 1840 3016 ἐκ

1941 1882 2086 1936 enim
2117 1898 2214 1952 per
2251 1898 2309 1938 se
2338 1882 2470 1938 vitio
2489 1883 2765 1953 habetur),
2795 1883 2888 1937 sed
2916 1894 2975 1937 ut
2995 1882 3168 1938 Judaei
3198 1887 3423 1939 omnino
3454 1885 3523 1940 ab

1942 1975 2008 2030 iis
2039 1991 2159 2045 qum
2194 1975 2360 2030 vitam
2410 1975 2644 2029 attinent
2684 1985 2969 2038 vacantes,
3013 1975 3319 2044 spiritualia
3359 1993 3520 2030 cura-

1941 2076 2082 2120 rcnt.
2114 2067 2182 2120 Et
2224 2066 2463 2130 inliunc
2510 2065 2672 2119 tinem
2702 2064 3013 2117 institutum
3049 2074 3154 2126 est,
3187 2075 3243 2117 ut
3277 2064 3522 2118 Sabbato

1942 2157 2166 2228 quidem
2212 2166 2469 2211 vacarent
2517 2171 2546 2209 a
2601 2157 2750 2211 curis
2794 2156 2959 2208 vitam
3008 2158 3408 2224 spectantibus,
3465 2157 3518 2209 in

1941 2248 2264 2302 concionem
2292 2261 2424 2300 vero
2454 2245 2668 2298 ardenti
2715 2245 2898 2297 studio
2925 2253 2980 2298 et
3015 2261 3144 2298 cura
3180 2244 3399 2298 abirent
3455 2243 3519 2296 Et

1942 2338 2089 2391 clare
2135 2345 2370 2402 constat,
2403 2335 2548 2404 quod
2587 2337 2846 2389 sacerdos
2881 2335 2934 2388 in
2970 2333 3207 2388 Sabbato
3243 2335 3518 2402 duplicem

1943 2429 2187 2484 laborem
2224 2427 2571 2491 absolvebat,
2617 2435 2672 2481 et
2711 2427 2960 2496 duplices
2989 2427 3297 2480 oblationes
3324 2426 3521 2477 immo-

1941 2523 2105 2576 labat.
2142 2521 2316 2576 Judaai
2368 2528 2551 2573 autem
2582 2519 2747 2572 etiam
2797 2519 2901 2572 hoc
2939 2518 3190 2586 neglecto
3227 2517 3522 2584 voluptati-

1943 2612 2088 2665 tibus
2141 2611 2313 2678 magis
2359 2609 2654 2664 studebant
2705 2619 2758 2662 et
2787 2608 3022 2662 deliciis.
3083 2607 3426 2676 Quapropter
3466 2616 3522 2660 et

1941 2703 2208 2772 propheta
2256 2701 2547 2768 increpans
2595 2699 2737 2763 illas,
2781 2698 2967 2752 dixit:
3007 2717 3023 2749 ι
3064 2698 3154 2753 Va:
3183 2697 3521 2751 abeuntibus

1947 2796 2010 2847 ad
2043 2793 2188 2848 diem
2237 2794 2464 2853 malum,
2493 2791 2587 2859 qui
2619 2789 3070 2858 appropinquatis
3115 2797 3169 2840 et
3198 2786 3521 2855 conting’tis

1941 2885 2177 2938 Sabbata
2230 2882 2352 2936 ﬁcta
2381 2883 2449 2934 ⁹¹.
2492 2899 2508 2931 ι
2546 2880 2611 2934 Et
2639 2880 2844 2934 Judaeis
2874 2880 3118 2946 quidem,
3153 2887 3208 2931 ut
3257 2879 3519 2943 diximus,

1945 2974 2242 3029 Sabbatum
2277 2971 2592 3025 institutum
2625 2981 2741 3031 est,
2785 2977 2848 3023 ut
2881 2985 2908 3022 a
2941 2969 3090 3023 curis
3122 2969 3324 3022 victum
3369 2983 3522 3036 spec-

267 3062 465 3113 τούτου
491 3062 569 3111 ἔτι
605 3061 630 3112 6
660 3060 836 3125 ἱερεὺς
867 3059 1004 3110 κατὰ
1038 3059 1096 3110 t6
1125 3058 1400 3112 Σάϐϐατον
1426 3056 1645 3109 διπλοῦν
1679 3057 1837 3126 ἔργον

1946 3064 2188 3118 tantibus
2244 3071 2538 3123 vacantes,
2593 3061 2658 3114 ad
2714 3062 3012 3116 conciones
3055 3076 3238 3114 sacras
3277 3060 3522 3113 studiose

268 3151 470 3210 ἐποίξι,
521 3151 618 3204 καὶ
663 3150 855 3213 διπλᾶς
903 3151 1000 3212 τὰς
1048 3149 1239 3211 θυσίας
1282 3149 1641 3218 προσέφερεν.
1676 3150 1740 3202 Οί
1781 3148 1838 3200 δὲ

282 3241 531 3295 Ἰουδαῖοι
576 3242 668 3295 καὶ
701 3240 853 3293 τοῦτο
877 3240 1324 3310 παραδλέποντες
1367 3239 1458 3292 ἐπὶ
1499 3242 1597 3302 τὰς
1649 3239 1841 3305 ἡδονὰς

269 3336 371 3385 καὶ
419 3331 628 3402 τρυφὰς
663 3331 863 3399 μᾶλλον
915 3329 1270 3392 ἐσπούδαζον.
1294 3330 1394 3384 Διά
1437 3346 1520 3382 τοι
1549 3328 1716 3397 τοῦτο
1748 3329 1842 3382 καὶ

264 3428 298 3476 6
332 3424 611 3492 προφήτης
637 3422 1043 3491 καθαπτόμενος
1072 3421 1270 3486 αὐτῶν,
1301 3419 1504 3487 ἔλεγεν,
1545 3438 1562 3470 ι
1590 3420 1746 3484 Οὐαὶ,
1784 3420 1834 3472 οί

272 3515 566 3581 ἐρχόμενοι
613 3512 691 3573 είς
745 3510 960 3580 ἡμέραν
1008 3508 1224 3577 κακὴν,
1280 3508 1330 3558 οἱ
1378 3506 1690 3574 ἐγγίζοντες
1741 3509 1835 3560 καὶ

270 3607 575 3673 ἁπτόμενοι
603 3602 893 3655 Σαϐϐάτων
939 3598 1172 3668 ψευδῶν.
1213 3615 1231 3648 ι
1279 3598 1386 3650 Καὶ
1412 3599 1522 3660 τοῖς
1573 3597 1670 3666 μὲν
1709 3598 1837 3652 Ἰου-

267 3698 450 3759 Gai-Coc;
475 3695 631 3762 ἐδόθη
659 3693 720 3745 τὸ
754 3689 1051 3752 Σάϐὄατον,
1082 3691 1167 3743 ἵνα
1202 3688 1554 3758 ἀπεχόμενοι,
1580 3689 1655 3751 ὼς
1693 3692 1844 3760 εἴρη-

269 3808 388 3849 ται,
423 3787 528 3840 τῶν
562 3785 854 3856 βιωτικῶν,
887 3783 980 3836 ἐπὶ
1010 3781 1106 3853 τὴν
1137 3781 1432 3850 ἐκκλησίαν
1462 3780 1805 3844 σπουδάζουσι
1828 3796 1842 3810 ο

267 3883 386 3939 tot;
419 3880 471 3932 δὲ
504 3878 848 3948 Χριστιανοίξ
873 3875 972 3942 οὐχ
1025 3873 1222 3934 οὕτως,
1272 3870 1408 3924 ἀλλὰ
1440 3871 1561 3924 καθ’
1609 3872 1845 3939 ἑκάστην

270 3974 492 4037 ἡμέραν
546 3972 604 4029 ἐν
655 3971 718 4034 τῇ
771 3967 1036 4034 ἐκκλησίᾳ
1074 3965 1166 4016 καὶ
1192 3967 1255 4034 τῇ
1314 3966 1590 4034 προσευχῇ
1643 3963 1846 4032 ἐτάχθη

269 4052 637 4130 ἀπέρχεσθαι.
677 4059 785 4111 Καὶ
818 4056 991 4119 οὕτως
1022 4057 1348 4126 ἐνεργεῖται·
1379 4056 1427 4106 oi
1457 4055 1553 4122 μὲν
1594 4055 1774 4116 πλέον,
1799 4057 1848 4106 οἱ

268 4152 329 4202 δὲ
361 4152 579 4202 ἔλαττον
595 4146 714 4200 καθ’
733 4148 945 4216 ἡμέραν
961 4143 1370 4213 προσεύχονται.
1399 4144 1506 4194 Καὶ
1529 4142 1718 4214 ὥσπερ
1746 4145 1842 4196 ἐπὶ

270 4240 467 4290 πασῶν
488 4239 593 4290 τῶν
609 4236 832 4289 ἐντολῶν
858 4236 885 4287 6
907 4236 1004 4304 μὲν
1029 4233 1186 4304 νόμος
1207 4231 1390 4299 ἔλεγεν
1407 4233 1584 4298 ὀλίγον
1608 4234 1700 4284 καὶ
1726 4235 1851 4285 ἁτε-

272 4332 391 4394 λὲς,
407 4332 464 4381 τὸ
478 4329 532 4382 δὲ
551 4329 873 4394 Εἰαγγέλιον
893 4323 1187 4385 καθολικῶς
1203 4324 1295 4375 καὶ
1307 4322 1494 4373 τελείω
1509 4321 1723 4386 ;,οῦτω;
1739 4325 1854 4376 ἐστὶ

1942 3154 2324 3217 convenirent,
2353 3152 2685 3208 Christianis
2717 3167 2847 3206 vero
2880 3168 2986 3205 non
3024 3151 3299 3212 similiter,
3330 3158 3520 3218 utpote

1943 3263 2067 3300 cum
2099 3245 2347 3319 quoridie
2394 3245 2460 3298 ad
2511 3243 2806 3299 conciones
2833 3251 2888 3297 et
2917 3258 3111 3314 preces
3142 3243 3278 3312 ipsis
3323 3257 3525 3296 conve-

1941 3340 2064 3392 nire
2116 3337 2361 3391 solemne
2411 3335 2502 3399 sit,
2553 3343 2608 3388 et
2655 3336 2735 3389 sic
2781 3335 3068 3388 laboratur
3099 3342 3158 3387 ut
3205 3333 3258 3386 bi
3293 3333 3518 3401 quidem

1944 3426 2103 3496 plus,
2159 3425 2236 3478 illi
2287 3438 2418 3479 vero
2455 3423 2638 3477 minus
2697 3423 2928 3492 singulis
2980 3422 3177 3476 diebus
3221 3431 3400 3476 orent.
3455 3421 3520 3474 Et

1943 3516 2402 3587 quemadmodum
2435 3517 2489 3569 in
2517 3515 2774 3569 omnibus
2801 3515 3092 3583 prteceptis
3115 3515 3202 3566 lex
3234 3514 3520 3566 minimum

1947 3608 2082 3662 illud
2117 3618 2171 3662 et
2219 3607 2606 3677 imperfectum
2658 3605 2936 3674 exposuit,
2987 3603 3342 3674 Evangelium
3393 3619 3524 3656 vero

1946 3698 2258 3754 universale
2314 3698 2449 3752 illud
2498 3705 2553 3752 et
2607 3705 2820 3750 totum:
2853 3697 2929 3748 ita
2964 3695 3128 3748 etiam
3185 3696 3240 3747 in
3287 3693 3526 3748 Sabbato

1949 3789 2062 3844 ﬁeri
2099 3788 2372 3843 videmus.
2423 3787 2534 3841 Lex
2583 3785 2805 3856 quidem
2862 3783 3159 3838 Sabbatum
3212 3785 3522 3847 constituit,

1951 3891 2009 3934 ut
2060 3880 2356 3935 cenciones
2409 3878 2645 3932 adirent.
2686 3875 3039 3946 Evangelium
3096 3891 3227 3928 vero
3275 3875 3524 3942 quotidie

1954 3973 2056 4024 hoc
2107 3971 2223 4024 licri
2277 3969 2469 4032 voluit,
2520 3969 2684 4036 idque
2719 3985 2826 4020 non
2875 3967 3042 4020 semel
3081 3975 3288 4019 tantum
3326 3967 3377 4018 in
3413 3967 3539 4029 die,

1952 4063 2046 4116 sed
2103 4062 2324 4124 millies,
2363 4059 2406 4112 si
2443 4059 2533 4112 cui
2584 4057 2831 4111 libuerit.
2865 4055 3018 4121 Quod
3065 4055 3108 4108 si
3147 4054 3407 4118 volucris,
3445 4055 3530 4108 di--

1952 4169 2069 4208 cam
2100 4153 2154 4205 ’ἁ
2205 4151 2524 4204 dilucidius.
2585 4149 2788 4204 Judmis
2838 4147 2904 4202 ad
2956 4147 3234 4201 Christum
3287 4145 3548 4200 Sabbato-

1954 4244 2377 4315 apportantibus
2411 4259 2661 4313 magnam
2704 4242 3048 4296 infirmorum
3091 4240 3540 4300 multitudini-in,

1956 4336 2304 4397 claudorum,
2369 4347 2660 4395 eiecerunt,
2711 4332 3016 4392 aridorum,
3075 4329 3527 4399 paralyticiirum,

280 4426 379 4476 καὶ
402 4425 494 4474 ἐπὶ
512 4420 602 4472 τοῦ
618 4418 916 4470 Σαὸὗάτου.
933 4417 991 4467 '0
1010 4416 1108 4484 μὲν
1136 4415 1294 4483 νόμος
1312 4416 1370 4466 τὸ
1390 4414 1663 4467 δὲάὸὃατον
1678 4411 1842 4481 εἶπενἸ

1957 4428 2439 4486 dannoniacorum,
2468 4424 2810 4491 aliorumque
2838 4422 3002 4475 variis
3035 4438 3140 4473 moi
3160 4421 3244 4474 bis
3271 4421 3528 4474 laboran-

278 4518 370 4568 ῖκα
400 4515 478 4574 είς
507 4513 601 4581 τὴν
628 4509 922 4578 ἐκκλησίαν
949 4508 1316 4576 ἀπέρχωνται,
1343 4506 1402 4557 τὸ
1431 4505 1486 4558 δὲ
1521 4505 1848 4572 Εὐαγγέλιον

277 4605 408 4660 καθ’
443 4606 702 4672 ἑκάστην,
734 4603 826 4656 atati.
850 4602 912 4654 οὗ
947 4603 1104 4668 μόνον
1153 4598 1299 4664 ἅπαξ
1330 4600 1428 4667 τῆς
1461 4600 1696 4668 ἡμέρας,
1731 4597 1846 4650 ἁλλ’

279 4703 309 4750 ὁ
345 4697 666 4767 βουλόμενος
695 4696 978 4763 μυριάκις,
1016 4691 1074 4742 Ei
1103 4691 1156 4742 δὲ
1189 4690 1392 4759 βούλει,
1421 4690 1513 4742 καὶ
1563 4691 1642 4742 ἐτι
1677 4690 1845 4757 σαφέ-

282 4805 478 4856 στερον
525 4786 618 4838 τὸν
667 4785 824 4851 λόγον
881 4783 1203 4849 ποίησυμαι.
1240 4780 1519 4850 Φερὸντων
1566 4779 1672 4831 τῶν
1712 4779 1845 4830 Ἰου-

279 4879 450 4932 δαίων
487 4874 798 4946 ἔμπροσθεν
825 4871 918 4925 τοῦ
954 4870 1190 4936 Χριστοῦ
1237 4871 1303 4938 τῇ
1348 4871 1530 4938 ἡμέρᾳ
1575 4867 1666 4921 τοῦ
1703 4869 1850 4938 Σαὸς

281 4972 452 5023 ϐατςυ
502 4967 700 5035 πλῆθος
747 4963 1067 5034 ἀρρώστων,
1113 4960 1324 5030 χωλῶν,
1357 4960 1594 5028 τυφλῶν,
1641 4961 1846 5028 ξηρῶν,

283 5059 630 5129 παραλύτων,
674 5056 1174 5126 δαιμονιζοξμιένωνἸ
1211 5053 1306 5105 καὶ
1362 5054 1564 5122 ἐτέρων
1615 5054 1850 5120 ἐχόντων

280 5153 596 5224 ἀρρωστίας
656 5149 924 5210 ποικίλας,
955 5148 1081 5207 τοὺς
1123 5145 1327 5206 πάντας
1363 5147 1418 5196 ἐν
1452 5147 1584 5214 αὐτῇ
1623 5146 1690 5214 τῇ
1729 5143 1848 5213 ὥρᾳ

278 5244 644 5313 ἐθεράπευσε.
696 5241 897 5292 Φθόνου
952 5238 1008 5290 δὲ
1061 5236 1156 5289 καὶ
1201 5236 1376 5305 θυμοῦ
1426 5238 1754 5306 πλησθέντες
1802 5236 1850 5287 οἱ

295 5336 562 5398 Ἰουδαῖοι,
589 5335 688 5386 οὐκ
709 5328 852 5400 εἶλον
874 5332 926 5382 τί
955 5331 1129 5380 εἰπεῖν
1157 5329 1296 5380 κατὰ
1319 5325 1411 5378 τοῦ
1441 5326 1675 5396 Χριστοῦ
1698 5327 1845 5386 ἄλλο,

282 5428 382 5481 καὶ
411 5427 659 5493 λέγουσιν
686 5422 853 5490 αὐτῷ,
889 5439 907 5472 ι
941 5422 1053 5472 Οὐκ
1101 5418 1277 5484 ἔξεστί
1327 5435 1408 5470 σοι
1457 5421 1628 5470 ποιεῖν
1675 5419 1846 5470 ταῦτα

279 5519 342 5575 ἐν
374 5522 440 5588 τῇ
489 5517 670 5587 ἡμέρᾳ
702 5515 794 5568 τοῦ
840 5513 1142 5566 Σαϐὂατου.
1171 5530 1189 5562 ι
1242 5510 1401 5564 Ἀλλὰ
1431 5513 1523 5564 καὶ
1571 5513 1695 5572 τοὺς
1748 5527 1846 5571 μα-

1952 4519 2109 4582 tium,
2147 4530 2339 4571 omnes
2369 4514 2559 4573 eadem
2594 4513 2707 4584 ipsa
2740 4514 2872 4566 liora
2896 4513 3127 4566 sanavit.
3154 4511 3329 4567 Judxi
3365 4528 3522 4577 vero,

1951 4608 2154 4662 invidia
2183 4617 2237 4661 et
2265 4606 2343 4660 ira
2369 4605 2534 4675 pleni,
2555 4620 2678 4658 cum
2707 4604 2855 4657 aliud
2888 4604 3030 4672 quod
3062 4603 3280 4658 Christo
3310 4604 3523 4672 objice-

1947 4711 2089 4754 rent.
2121 4715 2227 4752 non
2257 4697 2544 4761 haberent,
2577 4695 2769 4749 dicunt
2791 4695 2864 4748 illi
2895 4709 2910 4747 :
2949 4694 3105 4747 «Non
3137 4695 3265 4748 licet
3299 4694 3392 4746 tibi
3423 4695 3526 4746 hoc

1948 4791 2124 4844 facere
2146 4787 2464 4842 Sabbato".
2495 4806 2512 4836 ι
2541 4787 2680 4852 Quin
2698 4795 2752 4840 et
2778 4785 3030 4839 Pbarismi
3051 4785 3300 4838 videntes
3320 4785 3529 4836 Christi

1949 4881 2251 4949 discipulos
2305 4877 2543 4932 Sabbato
2601 4878 2780 4946 spicas
2832 4878 3029 4928 vellere
3084 4886 3136 4928 et
3197 4875 3518 4936 comt'det'c,

1953 4971 2214 5023 dixerunt
2250 4969 2505 5022 eumdem
2542 4981 2850 5020 sermonem
2880 4965 2945 5017 ’³.
2987 4964 3126 5028 Quid
3159 4977 3286 5015 vero
3327 4963 3390 5015 ad
3425 4963 3524 5014 bos

1951 5059 2251 5113 Christus?
2277 5077 2292 5107 ι
2329 5058 2524 5109 Annon
2563 5055 2770 5124 legistis
2797 5054 2926 5122 quid
2957 5054 3154 5106 fecerit
3185 5051 3372 5114 David,
3401 5069 3522 5104 cum

1952 5149 2191 5203 csurirct
2240 5147 2378 5215 ipse,
2411 5157 2464 5200 et
2491 5146 2584 5214 qui
2618 5161 2742 5199 cum
2783 5159 2849 5197 eo
2880 5143 3080 5197 erant?
3109 5144 3393 5208 Quomodo
3441 5146 3523 5195 in-

1949 5257 2172 5313 gressus
2217 5243 2288 5294 sit
2319 5241 2370 5293 in
2413 5240 2635 5292 domum
2671 5240 2786 5302 Dei,
2830 5247 2884 5291 et
2924 5253 3091 5306 panes
3127 5236 3525 5305 prOposiiionis

1956 5332 2278 5394 comederit,
2309 5341 2363 5384 et
2409 5328 2626 5383 dederit
2658 5328 2743 5380 bis
2771 5329 2862 5395 qui
2894 5342 3015 5381 cum
3051 5342 3117 5379 eo
3160 5335 3315 5378 erant
3348 5326 3402 5376 in
3436 5326 3526 5376 die

1955 5423 2177 5476 Sabbati
2205 5422 2227 5474 ?
2258 5421 2554 5476 Sabbatuui
2583 5419 2728 5472 enim
2761 5429 2983 5486 propter
3009 5418 3284 5469 hominem
3322 5413 3521 5467 {aetum

1951 5522 2054 5574 est,
2091 5523 2144 5568 ct
2177 5529 2281 5565 non
2315 5512 2476 5564 homo
2512 5520 2731 5577 propter
2758 5509 3072 5561 Sabbatum.
3120 5526 3136 5556 ι
3175 5505 3279 5558 Sed
3323 5517 3376 5557 et
3405 5504 3512 5558 alia

354 5704 399 5733 "
433 5703 587 5757 Deut.
626 5718 675 5764 χ,
724 5701 806 5761 lb',
849 5699 930 5753 l7.
1007 5700 1048 5730 ³ο
1088 5701 1205 5753 Act.
1247 5714 1336 5763 vti,
1375 5699 1461 5753 5i.
1543 5701 1582 5732 "
1625 5703 1819 5757 lizcch.

1957 5704 2090 5767 ,‘35.
2168 5704 2211 5734 ’³
2248 5702 2434 5756 Μλιιιι.
2476 5715 2567 5763 Sll,
2611 5700 2690 5754 IO.
2768 5701 2809 5730 ⁹’²
2841 5701 2970 5752 .bit'.
3015 5699 3030 5750 ί
3075 5715 3228 5768 si'q'j.
