3928 6212
291 365 403 427 373

1256 366 1550 431 CONTRA
1598 366 2084 430 ΜΑΗΟΜΕΤΕΜ
2125 368 2498 433 APOLOGIA
2539 370 2631 433 ιν.

3434 370 3536 436 5Ἰὶ

293 480 485 547 "Amp
516 479 571 532 δὲ
620 474 764 549 εἶχον
797 480 1069 548 ἀναγκαῖα
1116 480 1211 534 καὶ
1246 484 1370 549 περὶ
1420 484 1617 535 πολλοῦ
1670 482 1872 552 τροφῆς

1981 483 2304 538 terminatus
2336 492 2463 549 est;
2523 483 2577 536 in
2632 482 2819 550 primis
2854 490 3031 545 tamen
3088 480 3369 536 suillarum
3417 498 3541 537 car-

290 573 483 638 γάοιιν,
526 572 699 624 ταῖτα
729 570 1001 623 ἐκώλυσεν
1034 571 1309 624 ἐσθίεσθαι
1339 576 1470 644 παρ’
1504 573 1690 625 αὐτῶν
1732 589 1743 601 ·
1783 572 1872 636 ἐξ-

293 662 537 724 αιρέτως
576 661 631 713 δέ
657 662 747 713 τὸν
782 663 981 729 χοῖρον,
1028 662 1116 714 διὰ
1144 662 1205 714 τὸ
1236 664 1533 730 ἀκόρεστον
1556 663 1656 731 τῆς
1687 664 1869 715 ἐπιθυ-

300 754 440 820 μίας
493 751 694 809 αὐτῶν.
744 750 922 813 καθὼς
953 754 1184 820 εἴρηται.
1230 751 1288 803 '0
1338 753 1393 804 δέ
1429 753 1663 821 Χριστὸς
1718 752 1872 804 οὐδὲν

290 840 416 891 τῶν
466 840 774 908 βρωμάτων
818 838 1112 901 ἐκώλυσεν,
1164 840 1279 891 ἀλλ’
1318 841 1436 894 οὐδὲ
1468 843 1517 893 οἱ
1558 841 1881 903 ἀπόστολοι,

292 934 403 984 καὶ
433 933 483 984 ot
506 932 739 1000 διάδοχοι
777 930 1003 983 τούτων.
1029 931 1086 983 El
1119 932 1172 983 δέ
1200 932 1291 985 καί
1316 949 1437 984 τινα
1471 932 1580 985 τῶν
1604 933 1757 995 ζώων
1788 934 1875 983 εὖ·

299 1023 609 1089 ρίσκονται,
641 1021 786 1089 ἅπερ
831 1022 931 1073 οὐκ
963 1022 1231 1075 ἐσθίουσιν
1264 1026 1311 1076 οἱ
1346 1026 1677 1093 Χριστιανοὶ.
1704 1024 1874 1088 οὕτως

296 1108 495 1169 ἁπλῶς
524 1107 633 1159 ἀπὸ
662 1107 879 1175 μακρᾶς
913 1107 1203 1174 συνηθείας
1235 1109 1328 1160 καὶ
1357 1109 1562 1171 οἰκείας
1598 1108 1873 1176 θελήσεως

291 1194 589 1265 ἐνεργοῦσι
607 1194 783 1258 τοῦτο,
800 1196 860 1246 οὐ
888 1195 993 1264 μὴν
1022 1195 1077 1247 δὲ
1107 1197 1211 1248 ἀπὸ
1230 1197 1580 1265 παραδόσεως
1602 1197 1708 1249 τῶν
1732 1197 1875 1249 διδλ-

296 1286 521 1337 σκάλων
564 1284 595 1353 ἢ
636 1284 728 1335 τοῦ
778 1282 1141 1349 Εὐαγγελίου.
1206 1284 1262 1337 Ὀ
1294 1284 1401 1353 γὰρ
1437 1285 1663 1347 παλαιὸς
1714 1287 1873 1353 νόμος

294 1371 418 1443 εἶχε
448 1378 544 1436 τὰς
570 1375 969 1443 περατηρησει;
1002 1376 1226 1437 ταύτας,
1252 1376 1313 1426 τὸ
1338 1376 1394 1427 δὲ
1424 1374 1756 1441 Εὐαγγέλιον
1785 1376 1874 1426 οὐ-

293 1468 326 1517 δ
348 1465 512 1533 ιμῶς.
559 1466 717 1518 Ἀλλὰ
750 1465 818 1515 τὰ
850 1460 1029 1516 πάντα
1061 1465 1141 1526 είς
1180 1467 1277 1531 τὴν
1300 1466 1415 1526 ἐνὸς
1456 1465 1687 1517 ἑκάστου
1723 1464 1872 1527 ἐξου-

296 1558 434 1607 σίαν
486 1556 851 1623 εὑρίσκονται.
935 1557 1061 1607 Ἀπὸ
1108 1555 1163 1607 δὲ
1225 1556 1512 1623 συνηθείας
1542 1595 1556 1618 ,
1603 1555 1678 1617 ὼς
1729 1558 1874 1607 ἀνω-

292 1646 450 1713 τέρω
482 1643 717 1712 εἴρηται,
772 1644 987 1712 μακρᾶς
1024 1641 1187 1695 τινῶν
1235 1642 1389 1706 ζώων
1414 1642 1731 1710 ἀπέχονται,
1781 1642 1873 1694 καὶ

297 1739 411 1788 οἰκ
478 1736 766 1787 ἐσθίουσιν·
825 1734 1017 1803 ὥσπερ
1066 1735 1160 1786 καὶ
1212 1735 1260 1785 οἱ
1295 1732 1424 1802 παρ’
1468 1734 1599 1802 ἡμῖν
1652 1734 1872 1803 μοναχοὶ

297 1829 523 1881 πάντων
595 1830 703 1879 τῶν
785 1828 964 1897 κρεῶν
1022 1826 1317 1895 ἀπέχονται
1356 1864 1373 1888 ,

303 1920 529 1989 μιαρῶν
585 1919 989 1987 εὑρισκομένων
1045 1919 1140 1970 καὶ
1207 1915 1576 1985 ἁποόλήτων.
1628 1915 1742 1968 ἀλλ’
1796 1914 1871 1977 ὡς

304 2011 632 2081 βουλόμενοι
708 2009 808 2076 ζῇν
870 2007 1209 2077 ὑψηλοτέραν
1285 2006 1461 2075 ζωὴνε
1515 2007 1609 2058 καὶ
1670 2005 1871 2071 διςηγω-

299 2107 429 2171 γὴν,
460 2105 553 2154 καὶ
586 2099 960 2158 πολιτεύεςθαι
995 2097 1330 2169 ὑψηλοτέραν
1369 2096 1659 2160 πολιτείαν,
1696 2096 1780 2147 διὰ
1812 2093 1872 2146 τδ

303 2193 537 2252 εὐπαθὲς
572 2191 668 2259 τῆς
703 2190 901 2260 σαρκὸς
930 2191 1218 2256 ἀπέχονται
1252 2188 1359 2238 τῶν
1386 2188 1589 2254 κρεῶν.
1626 2186 1728 2237 Καὶ
1765 2185 1871 2237 ἰδοὺ

311 2289 399 2352 ἅτθ’
452 2280 522 2338 ὧν
553 2289 683 2352 περὶ
721 2283 816 2334 τοῦ
868 2280 1101 2335 παλαιοῦ
1143 2280 1309 2349 νόμου
1346 2278 1689 2347 ἐγράψαμεν,
1726 2275 1870 2345 ἔχεις

318 2376 581 2442 διακρῖναι
607 2375 689 2427 ὅτι
723 2373 822 2425 οὐκ
847 2371 1147 2425 ἀντίκειται
1178 2372 1205 2421 ὁ
1234 2369 1394 2437 νόμος
1424 2368 1500 2435 τῷ
1534 2366 1866 2433 Εὖαγγελίῳ,

326 2464 445 2517 ἀλλ’
469 2464 578 2516 οὔτε
602 2465 663 2515 τὸ
694 2463 1023 2530 Εὑογγέλιον
1055 2462 1130 2531 τῷ
1158 2462 1325 2529 νόμῳ.
1368 2459 1522 2511 Κατὰ
1553 2458 1727 2510 πάντα
1763 2458 1871 2524 γάρ

323 2559 429 2608 εἱσι
462 2556 740 2625 σύμφωνα.
767 2555 837 2609 Τὸ
862 2555 916 2607 δέ
956 2553 1177 2612 ἀσθενὲς
1202 2552 1297 2604 τοῦ
1320 2552 1485 2620 νόμου
1515 2550 1871 2617 ἀνεπλήρωσε

311 2647 372 2698 τὸ
407 2645 756 2711 Εὑαγγέλιον.
798 2645 858 2696 Et
894 2644 1002 2713 γὰρ
1041 2641 1069 2693 ὁ
1107 2642 1269 2710 νόμος
1302 2638 1503 2701 τέλειος
1545 2635 1633 2706 ἦν,
1668 2638 1766 2691 οὐκ
1807 2636 1872 2689 ἂν

304 2741 335 2791 ὁ
371 2738 498 2799 Θεὸς
532 2737 618 2789 διὰ
661 2734 922 2805 Ἰερεμίαν
964 2734 1057 2786 τοῦ
1093 2733 1369 2803 προφήτου
1413 2727 1611 2782 οὑτωσὶ
1642 2728 1828 2795 ἔλεγεν
1851 2763 1869 2790 ,

301 2829 386 2880 δτι
418 2845 438 2877 ι
486 2826 614 2879 Ἰδοὺ
646 2826 847 2896 ἡμέραι
872 2824 1142 2893 ἔρχονται,
1178 2823 1323 2889 λέγει
1358 2820 1579 2890 Κύριος,
1617 2821 1711 2873 καὶ⁸
1742 2836 1869 2870 συν-

302 2918 515 2969 τελέσω
563 2917 656 2968 ini.
702 2916 791 2967 τὸν
828 2910 977 2966 οἷκον
1027 2911 1264 2982 Ἰσραὴλ,
1304 2912 1397 2965 καὶ
1442 2910 1536 2964 ἐπὶ
1579 2908 1671 2961 τδν
1724 2904 1873 2960 οἷκον

321 3006 497 3059 Ἰούδα
537 3006 800 3074 διαθήκην
844 3004 1059 3074 καινὴν,
1088 3004 1146 3055 οὐ
1179 3002 1319 3055 κατὰ
1351 3002 1450 3073 τὴν
1491 3001 1777 3070 διαθήκην,
1809 3001 1874 3069 ἦν

300 3096 541 3161 ἐποίησα
556 3094 670 3154 τοῖς
697 3090 963 3160 πατράσιν
984 3090 1160 3143 αὐτῶν
1183 3089 1239 3141 ἐν
1263 3090 1448 3159 ἡμέρᾳ
1476 3086 1869 3157 ἐπιλαϐομένου

306 3202 417 3249 μου
448 3184 543 3253 τῆς
570 3186 750 3251 χεῖρος
791 3182 969 3235 αὐτῶν
1002 3180 1292 3247 ἐξαγαγεῖν
1322 3180 1515 3240 αὐτοὺς
1541 3181 1605 3231 ἐκ
1630 3179 1731 3245 γῆς
1774 3180 1870 3231 At-

302 3276 539 3341 γύπτου,
568 3274 651 3326 ὅτι
678 3272 830 3325 αὐτοὶ
861 3274 960 3324 οὐκ
998 3271 1287 3340 ἀνέμειναν
1316 3271 1373 3321 ἐν
1399 3272 1463 3339 τῇ
1487 3267 1718 3338 διαθήκῃ
1746 3285 1869 3336 μου,

297 3362 465 3429 κάγὼ
508 3362 753 3430 ἡμέλησα
795 3362 996 3425 αὐτῶν,
1030 3361 1201 3429 λέγει]
1233 3359 1457 3428 Κύριος.
1497 3360 1618 3412 Ὀτι
1662 3358 1798 3426 αὕτη
1839 3358 1872 3427 ἡ

297 3453 555 3522 διαθήκη,
581 3454 647 3523 ἣν
669 3452 992 3523 διαθήσομαι
1017 3452 1091 3521 τῷ
1116 3450 1248 3522 οῐκῳ
1286 3450 1501 3520 Ἰσραὴλ
1534 3449 1669 3519 μετὰ
1691 3450 1788 3511 τὰς
1813 3450 1874 3518 ή-

303 3548 480 3613 μέρας
511 3544 739 3609 ἐκείνας,
770 3544 916 3610 λέγει
950 3544 1181 3613 Κύριος,
1218 3543 1393 3605 διδοὺς
1431 3542 1628 3609 νόμους
1660 3557 1762 3611 μου
1795 3541 1875 3601 εἰς

298 3640 408 3702 τὴν
435 3633 672 3687 διάνοιαν
694 3633 890 3699 αὐτῶν,
916 3634 1007 3686 καὶ
1034 3635 1124 3685 ἐπὶ
1142 3633 1368 3703 καρδίας
1391 3632 1567 3684 αὐτῶν
1582 3630 1874 3701 ἐπιγράψω

297 3726 525 3789 αὐτοὺς,
554 3727 645 3778 καὶ
667 3726 861 3793 ἔσομαι
881 3726 1060 3787 αὐτοῖς
1084 3726 1160 3786 είς
1186 3724 1347 3787 Θεὸν,
1370 3725 1462 3776 καὶ
1480 3723 1634 3776 αὐτοὶ
1660 3722 1874 3775 ἔσονταί

304 3836 400 3888 μοι
432 3820 509 3880 είς
534 3817 678 3871 λαόν.
710 3818 817 3869 Καὶ
846 3816 906 3869 οὐ
942 3817 1017 3885 μὴ
1043 3816 1327 3881 διδάξωσιν
1361 3815 1587 3875 ἕκαστος
1618 3813 1707 3866 τὸν
1736 3813 1872 3881 πλη-

306 3912 426 3962 σίον
462 3908 646 3970 αὐτοῦ,
680 3910 773 3961 καὶ
803 3905 1033 3968 ἕκαστος
1066 3908 1156 3959 τδν
1192 3906 1418 3973 ἀδελφὸν
1449 3904 1638 3969 αὐτοῦ,
1668 3904 1865 3972 λέγων,

298 3999 477 4055 Γνῶθι
512 4002 598 4052 τὸν
632 4001 855 4067 Κύριον·
880 4002 960 4051 ὅτι
990 4000 1210 4061 πάντες,
1234 3997 1505 4067 εἰδήσουσί
1534 4013 1600 4061 με
1633 3997 1741 4048 ἀπὸ
1780 4012 1869 4064 μι-

298 4092 441 4162 κροῦ
476 4094 651 4145 αὐτῶν
684 4093 786 4153 ἓως
835 4092 1067 4161 μεγάλου
1115 4090 1423 4143 certina-6t:
1487 4088 1644 4149 ἵλεως
1680 4086 1872 4155 ἔσομαι

296 4188 428 4247 ταῖς
462 4186 694 4248 ἀδικίαις
736 4184 935 4245 αὐτῶν,
965 4184 1057 4236 καὶ
1086 4182 1193 4233 τῶν
1226 4180 1511 4250 ἁμαρτιῶν
1548 4176 1728 4232 αὐτῶν
1776 4178 1869 4229 καὶ

300 4276 417 4326 τῶν
447 4276 684 4344 ἀνομιῶν
718 4276 894 4327 αὐτῶν
923 4274 982 4326 οὗ
1028 4273 1102 4343 μὴ
1139 4272 1360 4342 μνησθῶ
1394 4272 1496 4326 ἐτι.
1542 4288 1559 4320 ι
1600 4267 1871 4337 Πρόσεξον

296 4365 398 4421 οἷον
446 4368 687 4436 ἀκριϐῶς
724 4372 792 4419 τὰ
833 4368 1118 4435 λεγόμενα.
1174 4366 1340 4431 Λέγει
1389 4365 1417 4415 δ
1466 4363 1617 4425 Θεὸς,
1653 4381 1670 4412 ι
1737 4362 1867 4414 Ἰδοὺ

1975 572 2150 633 nium,
2198 581 2421 641 propter
2458 572 2795 626 insatiabiles
2843 572 3035 625 harum
3085 572 3432 640 cupiditates,
3480 582 3541 629 ut

1972 664 2179 717 dictum
2198 671 2303 717 est.
2321 662 2574 717 Christus
2592 678 2722 716 vero
2741 662 2876 715 nihil
2900 677 2929 715 e
2952 661 3089 715 cibis
3114 662 3421 731 prohibuit,
3437 678 3540 718 nec

1970 752 2134 805 etiam
2164 753 2391 821 apostoli
2429 753 2731 821 horumque
2762 767 3126 806 successores;
3158 752 3311 817 Quod
3339 754 3382 806 si
3409 770 3537 808 vero

1972 841 2153 908 aliqua
2180 840 2440 893 animalia
2472 851 2600 894 sunt
2621 858 2649 893 a
2675 840 2879 910 quibus
2904 839 3199 893 Christiani
3225 841 3533 905 abstinent,

1974 931 2075 979 hoc
2126 928 2449 995 simpliciter
2479 928 2706 981 diutina:
2752 928 3167 982 consuetudinis
3217 938 3271 982 et
3303 931 3539 999 propriae

1973 1016 2268 1070 voluntatis
2320 1018 2491 1087 gratia
2543 1019 2789 1078 faciunt.
2828 1034 2933 1070 non
2988 1030 3209 1086 prepter
3243 1018 3532 1073 Joctorum

1974 1106 2252 1174 Evangelii
2308 1108 2676 1162 traditionem.
2728 1109 2896 1162 Vetus
2924 1109 3067 1161 enim
3112 1109 3195 1161 lex
3247 1109 3408 1162 hasce
3438 1111 3538 1163 ob-

1972 1196 2307 1251 servationes
2342 1198 2594 1260 habebat.
2632 1198 2979 1266 Evangelium
3007 1212 3137 1251 vero
3169 1212 3533 1267 nequaquam;

1971 1288 2061 1339 sed
2089 1288 2269 1341 omnia
2300 1289 2355 1342 in
2392 1290 2829 1358 uniuscujusque
2881 1296 3149 1357 potestate
3197 1297 3253 1340 et
3306 1289 3537 1342 arbitrio

1972 1389 2098 1432 sunt
2124 1380 2452 1443 constituta;
2492 1389 2716 1448 propter
2748 1380 3018 1432 diutinam
3058 1394 3208 1438 vero.
3247 1379 3536 1432 utdictum

1977 1478 2081 1533 est,
2114 1471 2568 1524 consuetudinem
2601 1485 2631 1522 a
2661 1458 2985 1537 quibusdam
3016 1468 3341 1521 animalibus
3367 1467 3537 1520 absti-

1974 1568 2125 1622 nent,
2148 1574 2250 1613 nec
2277 1560 2385 1614 illis
2404 1574 2732 1617 vescuntur:
2762 1558 3225 1628 quemadmodum
3248 1560 3338 1627 qui
3369 1572 3540 1626 penes

1975 1663 2076 1701 nos
2103 1658 2230 1703 sunt
2262 1650 2546 1711 monachi,
2570 1650 2639 1703 ab
2672 1650 2919 1704 omnium
2951 1649 3198 1704 carnium
3239 1666 3335 1703 esu
3370 1648 3539 1702 absti-

1975 1747 2127 1801 nent,
2168 1754 2276 1793 non
2324 1740 2467 1808 quod
2520 1740 2618 1794 has
2658 1742 2895 1809 impuras
2933 1749 2989 1795 et
3045 1740 3373 1810 rejicientlas
3416 1755 3538 1793 esse

1456 1826 1571 1878 ἀλλ’
1628 1826 1725 1894 οὐχ
1795 1826 1871 1887 ὼς
1905 1821 1942 1874 Β
1973 1828 2330 1893 arbitrentur,
2372 1830 2468 1884 sed
2517 1832 2680 1884 vitam
2715 1833 2797 1901 (ut
2835 1831 3041 1887 dictum
3107 1829 3212 1899 est)
3260 1830 3541 1899 augustio-

1972 1932 2085 1969 rem
2118 1917 2269 1986 scqui
2311 1919 2688 1988 cupientes.et
2726 1920 3122 1990 rempublicam
3153 1920 3355 1974 habere
3379 1921 3539 1989 longe

1972 2008 2351 2062 sublimiorem
2390 2020 2611 2078 propter
2642 2012 2891 2081 corporis
2912 2013 2993 2066 sui
3031 2012 3377 2065 tolerantiam
3414 2027 3535 2065 car-

1972 2098 2134 2152 nibus
2185 2100 2485 2154 abstinent.
2532 2101 2593 2155 Et
2631 2118 2841 2156 ecceex
2868 2103 2954 2156 his
2996 2118 3115 2171 qua:
3149 2103 3214 2155 de
3262 2104 3377 2172 lege
3406 2104 3542 2156 scri-

1976 2186 2209 2254 psimus,
2265 2188 2515 2257 judicare
2553 2200 2727 2258 potes,
2781 2192 2951 2259 legem
2986 2192 3279 2259 Evangelio
3326 2202 3541 2245 contra.

1972 2278 2106 2330 riam
2133 2294 2236 2330 non
2284 2294 2423 2343 esse,
2459 2295 2558 2333 nec
2590 2281 2948 2348 Evangelittm
2993 2282 3129 2350 legi,
3159 2283 3340 2336 omnia
3388 2284 3532 2335 enim

1973 2368 2089 2421 haec
2148 2369 2252 2422 sibi
2314 2371 2685 2429 Consentium.
2747 2372 2906 2441 Legis
2980 2388 3108 2427 vero
3163 2374 3537 2427 inﬁrmitatem

1975 2460 2326 2528 Evangelium
2366 2461 2681 2529 complevit.
2720 2464 2774 2515 Si
2810 2463 2954 2516 enim
3000 2464 3084 2517 lex
3134 2464 3374 2535 perfecta
3407 2464 3542 2518 fuis-

1976 2553 2097 2607 set,
2146 2561 2490 2615 nequaquam
2551 2548 2630 2602 sic
2708 2566 2805 2617 per
2861 2550 3151 2604 Jeremiam
3219 2554 3540 2621 prophetam

1973 2635 2199 2690 dixisset
2227 2636 2491 2693 Dominus
2524 2657 2538 2693 :
2578 2658 2594 2689 ι
2634 2640 2775 2695 Ecce
2819 2641 2936 2696 dies
2980 2643 3227 2705 veniunt.
3264 2644 3396 2699 dicit
3438 2645 3544 2700 [)0-

1973 2726 2173 2791 minus,
2204 2738 2259 2781 et
2288 2730 2618 2784 constituam
2659 2748 2822 2801 super
2868 2734 3091 2788 domum
3129 2732 3295 2789 Israel
3350 2746 3406 2791 et
3445 2738 3543 2793 doc

1974 2831 2119 2868 mum
2151 2816 2290 2871 Juda
2335 2818 2516 2874 {cadus
2545 2837 2746 2876 novum
2785 2839 2799 2878 :
2856 2838 2966 2878 non
3003 2826 3303 2881 secundum
3363 2827 3545 2883 foedus

1974 2906 2122 2972 quod
2156 2908 2334 2978 pepigi
2360 2924 2486 2963 cum
2519 2913 2769 2979 patribus
2797 2914 3063 2983 ipsorum,
3106 2916 3161 2969 in
3191 2917 3385 2971 diebus
3413 2933 3538 2972 cum

1976 2997 2448 3069 apprehenderem
2484 3016 2586 3071 ego
2614 3017 2835 3056 manum
2865 3004 3131 3072 ipsorum,
3158 3014 3216 3059 ut
3244 3005 3536 3061 educerem

1973 3099 2070 3141 eos
2092 3086 2158 3139 de
2197 3098 2339 3141 terra
2370 3086 2606 3159 Egypti,
2634 3092 2892 3160 quoniam
2926 3091 3030 3162 ipsi
3059 3109 3164 3147 non
3188 3095 3545 3163 perstiterunt

1977 3177 2033 3230 in
2060 3178 2263 3233 {cedere
2302 3194 2450 3241 meo.
2479 3190 2657 3251 etego
2686 3184 2899 3253 neglexi
2931 3199 3051 3249 eos,
3084 3185 3215 3239 dicit
3258 3185 3541 3240 Dominus.

1973 3266 2239 3333 Quoniam
2272 3270 2375 3324 hoc
2406 3280 2489 3324 est
2519 3271 2699 3326 tardus
2721 3273 2868 3342 quod
2899 3285 3135 3329 statuam
3158 3274 3348 3329 domui
3376 3276 3542 3332 Israel

1984 3368 2107 3426 post
2135 3358 2253 3413 dies
2298 3359 2453 3425 illos,
2481 3360 2617 3416 dicit
2648 3362 2913 3418 Dominus
2946 3381 2961 3419 :
3012 3364 3161 3420 Dabo
3216 3365 3362 3435 leges
3392 3382 3543 3422 meas

1974 3446 2029 3499 in
2053 3462 2249 3501 sensus
2279 3448 2518 3510 illorum,
2542 3457 2595 3502 et
2626 3448 2680 3503 in
2705 3464 2801 3504 cor
2828 3451 3073 3519 ipsorum
3101 3454 3394 3508 inscribant
3425 3468 3540 3519 eas,

1974 3546 2031 3591 et
2062 3552 2157 3591 ero
2190 3538 2327 3607 ipsis
2373 3540 2428 3595 in
2465 3540 2655 3608 Deum,
2681 3552 2739 3597 et
2779 3543 2882 3611 ipsi
2909 3552 3073 3597 erunt
3106 3542 3239 3595 mihi
3285 3543 3339 3596 in
3374 3557 3544 3611 popu-

1974 3626 2108 3680 lnm.
2133 3627 2244 3683 Nec
2274 3629 2494 3686 docebit
2533 3634 2909 3702 unusquisque
2942 3634 3246 3703 proximum
3275 3649 3454 3696 suum,
3487 3644 3543 3688 et

1973 3718 2203 3792 quilibet
2246 3716 2468 3774 fratrem
2512 3736 2695 3785 suum,
2727 3722 2956 3778 dicens:
3007 3722 3288 3792 Cognosce
3330 3724 3538 3787 Deum;

1973 3791 2231 3881 quoniam
2263 3830 2455 3870 omnes
2479 3826 2809 3886 cognoscent
2840 3832 2948 3881 me,
2975 3832 3005 3871 a
3039 3818 3266 3871 minimo
3300 3819 3539 3885 ipsorum

1974 3918 2145 3972 usque
2197 3905 2262 3957 ad
2309 3906 2603 3960 maximum
2672 3908 2913 3961 illorum.
2955 3907 3220 3972 Quoniam
3276 3908 3543 3976 propitius

1972 4008 2068 4047 ero
2100 3994 2486 4063 iniquitatibus
2546 3998 2787 4063 illarum,
2825 4008 2881 4053 et
2922 4006 3266 4067 peccatorum
3324 3998 3540 4051 illorum

1973 4091 2028 4135 et
2061 4082 2392 4139 delictorum
2428 4101 2537 4140 non
2570 4089 2806 4157 amplius
2840 4089 3172 4144 rccordabor
3196 4090 3264 4143 °'.
3307 4108 3325 4140 ι
3353 4089 3544 4142 Διιειιι-

1973 4172 2040 4227 de
2087 4175 2378 4245 diligenter
2428 4179 2494 4231 ad
2544 4195 2607 4234 ea
2641 4196 2767 4248 qua:
2820 4180 3100 4233 dit-untur.
3159 4179 3299 4233 Dicit
3353 4181 3542 4233 Deus:

1978 4283 1996 4315 ι
2036 4260 2176 4319 Ecce
2224 4266 2340 4321 dies
2366 4269 2616 4333 veniunt,
2642 4280 2698 4322 et
2737 4271 3071 4323 constituam
3122 4285 3287 4337 super
3318 4270 3541 4323 domum

1973 4353 2137 4410 Israel
2178 4366 2235 4411 et
2277 4372 2443 4426 super
2476 4360 2699 4413 domum
2729 4360 2866 4413 .luda
2908 4359 3090 4414 ftedus
3133 4375 3357 4413 novum.
3393 4379 3411 4412 ι
3451 4361 3543 4413 υἰ-

306 4463 414 4531 ἠειέ
428 4478 514 4530 ραι
535 4463 802 4531 ἔρχονται,
819 4461 913 4511 καὶ
932 4459 1232 4511 συντελέσω
1255 4457 1343 4509 ἐπὶ
1365 4456 1452 4508 τὸν
1473 4448 1619 4506 οἶκον
1637 4452 1870 4521 Ἰσραὴλ,

1975 4446 2198 4510 0811ἀο,‹
2225 4448 2562 4501 (lonstituam
2584 4449 2761 4503 fcedus
2780 4464 3001 4511 novum,
3016 4469 3032 4499 ι
3052 4451 3289 4504 ostendit
3307 4450 3543 4519 primum

308 4555 404 4604 ni.
435 4553 525 4603 ἐπὶ
555 4554 641 4602 τὸν
670 4547 814 4601 οἷκον
858 4547 1028 4600 Ἰούδα
1061 4547 1326 4615 διαθήκην
1354 4548 1566 4613 καινήν.
1610 4563 1627 4593 ι
1679 4544 1766 4595 Ἑν
1797 4542 1874 4611 τῷ

302 4645 504 4703 εἰπεῖν,
541 4660 559 4691 ι
615 4638 919 4692 Συντελέσω
953 4637 1217 4706 διαθήκην
1268 4636 1481 4704 καινὴν,
1526 4652 1543 4683 ι
1582 4632 1747 4696 ἔδειξε
1778 4631 1875 4701 τὴν

301 4730 523 4801 τρὼτην
546 4730 708 4798 ἀτελῆ
739 4725 921 4793 οὖσαν,
938 4731 1033 4798 τὴν
1057 4726 1111 4780 δὲ
1142 4726 1437 4794 ἐρχομένην
1455 4724 1665 4776 τελείχν
1690 4741 1703 4753 ·
1742 4726 1800 4774 ἐν
1822 4723 1879 4775 δέ

300 4827 377 4892 τῷ
425 4827 597 4876 εἰπεῖν
634 4822 873 4887 καινὴν,
908 4819 1075 4883 ἔδειξε
1115 4819 1211 4887 τὴν
1246 4817 1436 4887 ἐτέραν
1487 4814 1744 4877 παλαιὰν,
1785 4814 1879 4865 καὶ

314 4914 509 4985 χρῆσιν
543 4915 709 4981 αὐτῆς
742 4913 815 4981 μὴ
843 4912 1092 4980 ἔχουσαν.
1126 4908 1235 4960 Καὶ
1278 4907 1357 4958 ἔτι
1390 4904 1771 4973 καθαρώτερον
1802 4898 1879 4955 el-

310 5022 407 5059 πεν
449 5008 532 5058 ὅτι
582 5024 600 5056 t
640 5006 714 5057 Οὐ
747 5005 888 5054 κατὰ
932 5003 1028 5068 τὴν
1057 5000 1338 5068 διαθήκην,
1368 4997 1435 5065 ῆν
1470 4997 1726 5063 διεθέμην
1760 4996 1899 5055 τοῖςκ

310 5100 583 5165 πατράσιν
621 5094 817 5156 αὐτῶν,
868 5094 947 5144 ὅτι
987 5092 1087 5143 οὐκ
1126 5093 1411 5157 ἀνέμειναν
1458 5090 1514 5139 ἐν
1546 5092 1609 5156 τῇ
1641 5088 1876 5157 διαθήκῃ

308 5204 435 5255 μου,
474 5186 565 5237 καὶ
592 5185 836 5253 ἠμέλησα
867 5182 1066 5246 αὐτῶν,
1086 5182 1230 5247 λέγει
1261 5179 1484 5249 Κύριος.
1517 5197 1535 5228 ι
1567 5179 1787 5241 Πάντως
1810 5180 1875 5229 ἐκ

300 5278 493 5330 τούτου
519 5274 774 5344 πρόδηλόν
800 5277 945 5325 ἐστιν
973 5274 1050 5324 ὅτι
1074 5271 1171 5335 τὴν
1204 5270 1299 5337 μὲν
1330 5268 1564 5321 παλαιὰν
1595 5266 1876 5336 Διαθήκτ,ν

302 5369 540 5438 ἤργησε,
577 5367 673 5435 τὴν
703 5366 759 5415 δὲ
798 5365 987 5431 καινὴν
1020 5361 1327 5430 ἐχαρίσατο.
1368 5359 1474 5410 Καὶ
1508 5361 1587 5410 ἐτι
1618 5356 1874 5425 καθαρῶς

299 5470 374 5521 ’τε⁴
402 5475 459 5509 ον
489 5459 615 5523 περὶ
642 5454 809 5521 αὐτῆς
833 5450 1087 5521 είρηκὼς,
1117 5446 1287 5510 οὕτως
1317 5448 1536 5517 ἔφησεν,
1574 5466 1591 5497 ι
1632 5448 1871 5516 Ἔσομαι

300 5548 489 5609 anei;
525 5547 604 5608 εις
650 5544 804 5609 Θεὸν,
837 5543 929 5595 καὶ
977 5542 1130 5594 αὐτοὶ
1159 5538 1374 5592 ἔσονταί
1409 5556 1498 5607 μοι
1531 5540 1610 5601 τίς
1649 5539 1804 5593 λαόν
1849 5556 1866 5589 ι

372 5730 419 5760 ’⁸
459 5726 663 5787 ch'citt.
698 5740 844 5787 xxxt,
884 5724 1068 5777 5155.

1974 4536 2108 4589 illud
2162 4551 2283 4591 esse
2330 4535 2737 4605 imperfectum,
2776 4536 3025 4592 futurum
3065 4554 3192 4592 vero
3241 4539 3372 4593 illud
3422 4541 3545 4595 fore

1978 4627 2313 4695 perfectum.
2361 4628 2498 4683 Cum
2550 4630 2679 4683 item
2718 4646 2737 4680 ι
2775 4628 2985 4684 Novum
3048 4649 3066 4683 ι
3112 4632 3266 4692 dicit,
3303 4633 3545 4685 ostendit

1976 4718 2211 4771 alterum
2281 4719 2415 4772 illud
2472 4735 2593 4775 esse
2639 4727 2814 4787 vetns,
2841 4722 3001 4791 cujus
3046 4724 3227 4775 nullus
3273 4722 3343 4775 sit
3387 4738 3540 4776 usus.

1977 4808 2118 4874 Quin
2155 4810 2453 4865 dilucidius
2506 4812 2687 4866 adhuc
2713 4812 2891 4865 dixit:
2922 4811 3039 4867 Non
3089 4814 3389 4869 secundum
3441 4814 3540 4867 fte-

1976 4901 2102 4965 dus,
2133 4901 2277 4970 quod
2312 4901 2490 4972 pepigi
2535 4918 2659 4957 cum
2696 4903 2947 4970 patribus
2985 4903 3203 4956 illorum
3230 4942 3245 4966 ,
3280 4905 3538 4971 quoniam

1982 5008 2088 5045 non
2126 4993 2487 5059 perstiterunt
2520 4994 2573 5045 in
2621 4992 2828 5046 laedere
2880 5008 3021 5057 meo,
3083 5004 3137 5045 et
3184 4996 3385 5061 neglexi
3421 5007 3537 5058 eos,

1977 5085 2111 5138 dicit
2144 5084 2430 5137 Dominus.
2466 5084 2700 5137 Omnino
2719 5094 2898 5138 autem
2925 5084 3051 5138 hinc
3077 5085 3359 5146 elucescit,
3391 5084 3537 5154 quod

1978 5186 2135 5229 vetus
2171 5173 2394 5243 quidem
2438 5173 2615 5229 ftedus
2656 5175 2959 5240 abrogavit,
3007 5191 3205 5228 novum
3250 5192 3379 5230 vero
3417 5193 3539 5246 gra.

1979 5263 2119 5316 tuito
2147 5263 2442 5317 concessit.
2471 5263 2579 5317 Sed
2611 5265 2789 5317 adhuc
2821 5264 3023 5317 clarius
3058 5264 3126 5319 de
3166 5264 3269 5319 hoc
3303 5264 3535 5329 locutus,

1978 5354 2058 5408 sle
2114 5355 2304 5407 dixit:
2351 5373 2370 5405 ι
2431 5353 2537 5408 Ero
2596 5356 2725 5424 ipsis
2784 5356 2839 5409 in
2900 5356 3090 5418 Deum,
3119 5364 3175 5409 et
3234 5356 3334 5425 ipsi
3374 5365 3539 5410 erunt

1980 5446 2112 5498 mihi
2148 5446 2199 5498 in
2231 5446 2511 5514 populum,
2540 5456 2595 5499 et
2620 5462 2809 5499 omnes
2837 5457 3166 5517 cognoscent
3203 5462 3285 5500 me
3320 5462 3350 5501 a
3377 5448 3539 5501 mini-

1985 5551 2077 5589 mo
2122 5536 2365 5604 ipsorum
2396 5549 2569 5604 usque
2593 5535 2657 5589 ad
2692 5536 3007 5589 maximum.
3036 5534 3301 5600 Quoniam
3347 5536 3540 5606 propi-
