3928 6212
222 268 311 329 57

1163 268 1458 328 CONTRA
1504 264 1787 325 MAlthl'

1894 267 1990 325 ΕΜ
2027 268 2405 329 APOLOGIA
2449 271 2526 329 IV
3349 275 3452 336 5'78

217 395 300 430 vce
336 379 398 430 σὺ
429 377 597 439 τύπος
629 377 725 430 τοῦ
755 379 919 448 νόμον
946 396 960 444 ;
997 382 1089 432 καὶ
1119 378 1310 448 ὥσπερ
1352 381 1415 431 σὺ
1448 378 1578 444 πρὸς
1607 379 1786 442 ὀλίγον

1894 379 2110 431 modum
2142 396 2233 448 qut
2285 383 2446 434 modo
2488 381 2804 449 apparuisti,
2856 383 2980 437 dein
3005 383 3053 439 ‘e
3106 382 3458 438 absconditus

214 468 438 536 ἐφάνης,
472 465 594 522 εἶτα
642 470 902 540 ὲκρύὸης,
939 474 1034 524 καὶ
1075 474 1102 522 ὸ
1133 472 1358 523 όπισθεν
1397 469 1781 538 εὑρισκόμενος

216 559 432 626 ἀδελφὸς
454 560 764 629 ἔμπροσθέν
784 577 878 614 σου
907 563 1141 628 ἐγένετο,
1166 561 1307 614 οὕτω
1328 561 1422 614 καὶ
1442 563 1471 613 6
1501 561 1774 629 φραγμέις,

216 649 378 717 ἠγουν
404 651 432 700 ὁ
465 650 629 717 νόμος
660 651 688 702 6
726 634 1041 720 ἔμπροσθεν
1079 652 1475 721 φανησόμενος,
1520 651 1637 720 μετ’
1669 651 1780 702 όλί-

217 755 304 805 γον
333 738 555 790 ῦπισθεν
581 739 920 809 εὑρίσκεται.
942 741 1000 794 ’0
1033 741 1090 793 δὲ
1117 742 1210 794 τοῦ
1237 741 1571 810 Εὑαγγελίου
1599 742 1778 810 νόμος,

215 829 240 881 ό
282 830 509 882 ὄπισθεν
541 831 855 899 ἐρχόμενος,
909 832 1216 902 ἔμπροσθεν
1259 834 1429 886 αὐτοῦ
1468 835 1776 902 γενήσεται.

220 919 384 971 Πόθεν
412 920 544 986 γοῦν
572 921 882 990 διδαχθεῖσα
906 925 938 992 ἡ
971 926 1126 990 μαῖα,
1153 923 1324 975 ταῦτα
1349 923 1610 992 ἐλάλησες
1642 924 1782 974 Παν-

216 1027 315 1072 τως
336 1013 400 1062 ὲκ
421 1011 570 1074 Θείας
586 1013 870 1081 δυνάμεως
895 1016 1066 1066 ταῦτα
1087 1020 1483 1084 προεφήτευσε,
1509 1017 1600 1068 καὶ
1625 1017 1656 1084 ἠ
1693 1015 1780 1066 διὰ

217 1102 319 1154 τῶν
362 1104 658 1173 προφητῶν
689 1104 972 1174 λαλήσασα
1014 1107 1108 1158 τοῦ
1154 1106 1290 1158 Θεοῦ
1317 1105 1564 1175 δύναμις,
1599 1106 1776 1173 ἐκεί-ιη

215 1191 437 1258 ἐλάλησε
459 1194 550 1244 καὶ
571 1193 658 1246 διὰ
688 1195 953 1262 στόματος
975 1195 1074 1263 τῆς
1094 1197 1351 1262 γυναικὸς
1381 1196 1619 1262 ἐκείνης.
1657 1197 1778 1247 Ἔτι

215 1286 260 1337 δὲ
288 1287 614 1357 τρανότερον
640 1289 733 1340 καὶ
759 1289 1143 1360 καθαρώτερον
1167 1291 1251 1344 διὰ
1277 1290 1368 1344 τοῦ
1410 1292 1677 1361 Ἱερεμίου
1703 1292 1778 1343 εἰ·

217 1395 304 1430 πεν
333 1379 362 1430 ὁ
402 1379 554 1443 Θεὸς,
590 1382 670 1431 ὅτι
705 1399 722 1430 ι
773 1381 904 1434 Ἰδοὺ
939 1383 1145 1450 ἡμέραι
1179 1384 1450 1452 ἔρχονται,
1486 1384 1632 1450 λέγει
1665 1383 1776 1434 Κύ-

219 1484 342 1537 ριος,
363 1469 463 1521 καὶ
483 1471 781 1521 συντελέσω
803 1471 893 1522 ἐπὶ
910 1467 1162 1538 τὸνοοῐκον
1191 1471 1432 1543 Ἰσραὴλ,
1453 1474 1544 1526 καὶ
1566 1475 1654 1526 ἐπὶ
1681 1474 1772 1524 τὸν

215 1554 350 1611 οἷκον
397 1559 568 1611 ’ἰούδα
596 1561 859 1629 διαθήκην
900 1564 1114 1630 καινὴν,
1153 1579 1172 1613 ι
1203 1562 1277 1626 ὡς
1307 1564 1519 1633 εἴρηται
1559 1565 1616 1614 ἐν
1664 1565 1774 1626 τοῖς

215 1648 536 1718 ἔμπροσθεν.
595 1651 821 1714 Βλέπεις
894 1653 1013 1716 πῶς
1061 1655 1153 1706 καὶ
1194 1654 1282 1707 διὰ
1326 1655 1511 1709 τύπων
1561 1655 1654 1707 καὶ
1688 1656 1772 1706 διὰ

1887 482 1964 532 es,
1995 477 2050 520 et
2084 471 2252 524 frater
2297 471 2392 539 qui
2425 473 2696 539 posterior
2743 484 2793 528 te
2832 486 2969 540 erat,
3006 475 3152 544 prior
3185 475 3236 527 in
3278 474 3456 527 lin-ein

1883 562 2064 616 editus
2115 572 2218 629 est,
2278 565 2357 618 sic
2417 561 2580 618 etiam
2635 577 2871 634 septum.
2914 568 3001 620 lex
3062 567 3290 630 scilicet,
3339 583 3460 634 qu;e

1885 655 2058 721 prima
2113 671 2233 709 esse
2267 658 2567 724 apparebit.
2603 659 2762 725 paulo
2812 669 2928 726 post
2986 660 3320 726 posteriores
3362 658 3460 709 iia-

1884 745 2031 799 bebit
2089 756 2288 815 partes.
2336 747 2444 800 Lex
2490 763 2622 800 vero
2685 748 3129 816 Ιεζινειιιςείιῑμιιιτε
3186 759 3459 815 postremo

1888 848 2122 892 ventura
2155 847 2258 902 est,
2291 848 2416 891 ante
2453 839 2590 892 hanc
2620 851 2927 894 enascetur.
2962 840 3244 895 Undeuam
3281 843 3461 894 obste-

1885 931 1987 983 trix
2042 931 2231 983 educta
2273 930 2388 984 hmc
2442 930 2618 984 dixit?
2676 931 2863 985 Divina
2910 943 3054 986 certe
3112 933 3309 985 virtute
3349 935 3460 987 Inec

1883 1021 2178 1074 vaticinata
2213 1030 2334 1082 est,
2371 1031 2427 1073 et
2461 1037 2580 1089 quae
2630 1038 2724 1089 per
2762 1024 3055 1092 preplietas
3097 1025 3339 1092 lwqu'tur
3369 1024 3459 1074 llei

1881 1110 2075 1175 virtus,
2116 1126 2212 1179 per
2245 1126 2306 1163 os
2344 1111 2508 1164 etiam
2557 1113 2801 1166 mulieris
2851 1116 3028 1166 locuta
3077 1123 3180 1167 est.
3235 1114 3461 1167 Planius

1883 1209 2061 1253 tamen
2120 1201 2298 1255 adhuc
2339 1210 2394 1255 et
2470 1202 2764 1256 dilucidius
2827 1219 2924 1272 per
2984 1203 3272 1257 Jeremiam
3324 1203 3461 1255 dixit

1879 1291 2020 1343 Deus
2057 1307 2068 1341 :
2107 1309 2124 1341 ι
2165 1291 2302 1345 Ecce
2332 1292 2448 1346 dies
2477 1293 2722 1356 veniunt,
2757 1293 2890 1347 dicit
2936 1294 3216 1356 Dominus,
3249 1303 3301 1348 et
3333 1309 3464 1345 con-

1877 1379 2098 1432 stituam
2127 1396 2293 1448 super
2313 1380 2536 1434 domum
2568 1381 2727 1435 Israel
2755 1393 2808 1434 et
2843 1398 3014 1450 super
3049 1383 3270 1436 domum
3305 1382 3462 1436 Judze

1879 1465 2056 1524 [ιειιιιε
2113 1475 2340 1536 novum,
2396 1490 2414 1522 ι
2469 1481 2602 1536 etc.,
2662 1482 2720 1525 ut
2775 1474 3030 1542 superius
3087 1474 3293 1528 dictum
3353 1486 3460 1530 est.

1877 1561 2074 1614 Vident
2122 1563 2396 1631 quomodo
2443 1579 2540 1632 per
2589 1563 2785 1633 figuras
2829 1577 2885 1618 et
2937 1566 3250 1633 prophetias
3284 1567 3461 1618 mani-

1878 1652 2016 1706 feste
2047 1663 2100 1707 et
2151 1655 2306 1708 clare
2352 1655 2495 1707 Deus
2522 1654 2693 1723 legem
2732 1655 3186 1708 deuiou~traverit
3231 1657 3464 1709 otiosam

216 1742 556 1808 προφητειῶν
576 1743 824 1813 φανερῶς
857 1744 948 1796 καὶ
975 1746 1229 1816 καθαρῶς
1257 1747 1456 1813 ἔδειξεν
1483 1750 1509 1800 6
1534 1748 1665 1809 Θεὸς
1687 1749 1777 1799 τὸν

1894 1740 2108 1807 quidem
2159 1757 2298 1803 esse,
2369 1752 2423 1796 et
2477 1743 2884 1812 imperfectam;
2928 1745 3280 1815 Evangelium
3335 1763 3465 1801 vero

218 1831 371 1897 νόμον
424 1822 596 1899 ἀργὸν
637 1834 735 1900 μὲν
761 1831 900 1888 εἶναι
938 1837 1014 1900 ὡς
1051 1839 1238 1908 ἀτελῆ,
1271 1840 1332 1891 τὸ
1359 1840 1415 1892 δὲ
1446 1840 1778 1906 Εὐαγγέλιον

221 1924 452 1992 ἐνεργὸν,
472 1925 560 1976 διὰ
577 1926 635 1976 τὸ
661 1922 802 1980 εἶναι
855 1928 988 1980 αὐτὸ
1006 1927 1244 1993 τέλειον;
1265 1929 1454 1996 Ὅμως
1479 1930 1527 1982 οι
1555 1931 1780 1991 τάλανες

221 2015 700 2082 καίὲσκοτισμένοι
736 2015 977 2068 Ἰουδαῖοι
1006 2018 1128 2069 οὐδὲ
1158 2018 1250 2070 τὸν
1279 2017 1441 2088 ἀτελῆ
1471 2024 1558 2071 καὶ
1592 2020 1784 2071 ἀδύνα-

222 2119 304 2155 τον
354 2106 522 2174 νόμον
567 2105 947 2174 φυλάττουσιν,
1000 2108 1138 2161 ἀλλά
1181 2110 1611 2177 προηγουμένως
1661 2110 1780 2161 κείν’

227 2196 425 2264 ἡμέραν
461 2197 812 2266 εὑρίσκονται
865 2197 1334 2269 παρανομοῦντες.
1370 2200 1442 2254 Οὺ
1490 2200 1782 2268 κατηγορῶ

239 2287 402 2339 αὐτῶν
429 2306 492 2340 πε
504 2291 556 2358 pl.
587 2290 895 2360 ἁμαρτιῶν.
915 2292 996 2352 τίς
1021 2293 1129 2359 γάρ
1159 2292 1307 2344 ἐστιν
1331 2294 1358 2344 6
1379 2291 1676 2358 δυνάμενος
1711 2292 1782 2359 μὴ

248 2376 521 2445 ἁμαρτεῖν;
556 2380 696 2432 ἀλλὰ
735 2383 862 2450 περὶ
908 2383 1001 2434 τοῦ
1040 2383 1206 2451 νόμου
1243 2383 1386 2447 λέγω
1413 2382 1498 2434 ὅτι
1551 2398 1787 2449 παρανο-

254 2468 458 2535 μοῦντες
497 2474 652 2524 εἰσιν.
704 2471 866 2526 Ἀλλὰ
905 2473 998 2526 καὶ
1049 2475 1201 2526 αὐτοὶ
1232 2475 1449 2537 ἐκεῖνοι,
1483 2475 1640 2543 εἴπερ
1693 2475 1784 2525 καὶ

245 2558 495 2624 βούλονται
524 2563 699 2614 ποιεῖν
730 2564 795 2615 τὰ
823 2563 914 2616 τοῦ
939 2565 1128 2634 νόμου,
1154 2565 1212 2617 οὺ
1239 2563 1514 2618 δύνανται.
1541 2564 1642 2617 Καὶ
1665 2564 1788 2616 σκό-

240 2666 313 2702 πει
339 2653 479 2714 ὅπως
507 2654 537 2705 ό
563 2654 693 2715 Θεὸς
726 2655 881 2719 ἔταξε
916 2657 1011 2709 καὶ
1042 2657 1284 2725 ἀφώρισε
1313 2656 1382 2709 τὰ
1435 2655 1782 2725 Ἱεροσόλυμα

229 2740 351 2796 εἶναι
383 2745 724 2816 μητρόπολιν
752 2747 939 2799 πασῶν
974 2748 1081 2800 τῶν
1108 2747 1335 2805 πόλεων.
1371 2739 1445 2798 ὧν
1482 2742 1592 2813 εἶχε
1619 2745 1676 2796 τὸ
1699 2747 1788 2809 γε·-

227 2853 304 2898 νος
340 2838 452 2890 τῶν
491 2839 778 2908 Ἐϐραίων.
814 2840 919 2890 Καὶ
953 2840 1130 2891 ἐκεῖσε
1158 2837 1306 2898 ὲντδς
1333 2837 1546 2889 ἔκτισεν
1577 2839 1603 2888 6
1627 2837 1783 2888 Σολο-

225 2928 335 2995 μῶν
363 2931 460 2982 τὸν
482 2931 632 2994 ναὸν,
662 2933 754 2981 καὶ
785 2929 974 2994 ἔταξεν
1000 2931 1028 2980 6
1057 2930 1210 2993 Θεὸς,
1245 2929 1330 2981 ῖνα
1364 2929 1503 2987 ὲντδλ
1533 2927 1627 2980 τοῦ
1656 2925 1784 2978 ναοῦ

221 3023 478 3088 γίνωνται
509 3024 564 3074 αἱ
593 3023 796 3082 θυσίαι,
835 3024 928 3075 καὶ
969 3023 1109 3092 ὑπὲρ
1149 3023 1254 3074 τῶν
1290 3021 1574 3091 ἁμαρτιῶν
1605 3021 1783 3072 αὐτῶν

215 3118 554 3185 προσφοραὶ,
587 3117 739 3177 ἐκτὸς
765 3115 822 3168 δὲ
848 3114 957 3168 τῶν
994 3115 1381 3185 Ἰεροσολύμων
1405 3116 1498 3167 καὶ
1525 3115 1616 3165 τοῦ
1656 3111 1784 3165 ναοῦ

212 3208 414 3261 ἐκείνου
457 3208 610 3260 οῦδὲν
627 3207 850 3276 γένηται
883 3208 1065 3261 θυσία.
1104 3207 1256 3258 Ἐπεὶ
1291 3205 1419 3274 γοῦν
1455 3207 1599 3275 καὶὴ
1636 3205 1788 3265 πόλις

206 3302 308 3354 τῶν
360 3300 770 3372 Ἱεροσολύμων
811 3299 1100 3368 κατελύθη,
1137 3301 1232 3350 καὶ
1265 3300 1292 3350 ὁ
1326 3297 1449 3359 ναὸς
1486 3295 1785 3366 ἠφανίσθη,

208 3396 298 3446 καὶ
321 3394 455 3446 οὔτε
486 3394 792 3460 ἱερωσύνην
813 3393 1026 3460 ἔχουσιν
1047 3393 1123 3452 είς
1150 3390 1422 3458 ἁγιασμόν
1447 3389 1644 3446 αὐτῶν,
1666 3386 1790 3439 οὔτε

207 3489 368 3541 τόπον
401 3485 793 3553 τοῦῇθυσιάσαι
815 3483 892 3550 τῷ
921 3481 1060 3551 Θεῷ,
1090 3480 1142 3534 τί
1172 3481 1532 3549 ἐναπελείφθη
1566 3481 1747 3540 αὐτοῖς
1772 3495 1788 3543 ;

209 3577 436 3640 Πάντως
464 3575 650 3628 οὐδέν.
685 3575 782 3626 Διὰ
804 3572 976 3626 ταῦτα
1014 3572 1146 3640 γοῦν
1190 3574 1283 3635 καὶ
1315 3573 1381 3624 δι’
1419 3571 1552 3624 ἀλλα
1587 3571 1777 3631 πολλὰ,

203 3667 360 3722 ἅτινα
391 3670 504 3720 οὐκ
539 3665 655 3718 ἐστι
681 3683 762 3728 τις
781 3664 940 3735 χρεία
966 3665 1197 3733 γράφειν
1220 3663 1418 3733 ἀρτίως
1450 3665 1572 3731 περι
1593 3664 1792 3722 αὐτῶν,

203 3762 328 3814 οὔτε
354 3760 696 3825 Χριστιανοὶ
717 3757 1176 3825 εὑρίσκονται,διὸ
1199 3757 1256 3807 οὐ
1293 3757 1580 3823 στέργουσι
1605 3753 1661 3803 τὸ
1695 3753 1797 3806 Εὐ·

197 3854 462 3921 αγγέλιον
474 3869 488 3880 ·
507 3848 634 3901 οὔτε
650 3849 935 3917 αἱρετικοὶ,
949 3847 1026 3899 διὸ
1041 3847 1192 3900 οὐδὲν
1210 3846 1556 3899 ἀκολουθοῦσι
1574 3846 1676 3896 τινὶ
1690 3843 1798 3896 τῶν

199 3947 544 4011 διόαξὰντων
569 3944 666 4003 τὰς
699 3939 964 4008 αἱρέσεις·
993 3939 1117 3990 οὕτε
1147 3937 1584 4005 Μουσουλμάνοι,
1617 3936 1693 3987 διὸ
1709 3935 1799 3986 οὐ·

196 4037 282 4090 ὁὲν
306 4033 688 4090 ἀκολουθοῦσι
707 4033 784 4102 τῷ
802 4030 1043 4100 Μωμεο
1071 4043 1086 4060 ⁸
1115 4028 1228 4081 ἁλλ’
1255 4027 1376 4080 οὔτε
1417 4027 1683 4088 Ἰουδαῖοι,
1720 4025 1800 4077 διὸ

197 4134 350 4185 οὐδὲν
381 4127 674 4198 πληροῦσι
700 4127 763 4179 τὰ
795 4125 887 4176 τοῦ
916 4125 1105 4193 νόμουτ
1132 4121 1246 4176 ἀλλ’
1275 4121 1616 4192 εὑρίσκονται
1638 4117 1798 4180 οὕτω,

198 4226 271 4292 μὴ
301 4224 694 4290 γινώσκοντες
723 4217 770 4268 οἱ
795 4215 1020 4275 τάλανες
1045 4216 1096 4266 τί
1129 4213 1397 4271 σέϐονται,
1432 4210 1463 4277 ἢ
1499 4208 1550 4260 τί
1585 4207 1804 4259 πιστεύ-

194 4331 366 4374 ουσιν,
397 4311 548 4365 ἀλλὰ
575 4309 740 4370 ζῶσιν
756 4309 811 4358 ὲν
831 4305 1094 4374 ἀπωλείᾳ.
1126 4304 1285 4373 ὐρᾷς
1307 4302 1423 4361 πῶς
1447 4301 1494 4351 οί
1511 4297 1805 4365 πλανηθέν-

1885 1830 2070 1884 etii-ax
2103 1842 2156 1885 et
2198 1833 2537 1900 perfectum?
2577 1836 2943 1890 Nihilominus
2996 1837 3177 1891 miseri
3215 1849 3268 1892 et
3295 1853 3465 1893 excae-

1883 1924 1985 1975 cati
2016 1923 2185 1978 Judzei
2226 1942 2326 1980 nec
2373 1927 2743 1996 imperfectam
2798 1937 2852 1983 et
2881 1930 3230 1996 impotentem
3290 1931 3462 2000 legem

1887 2015 2207 2078 observant,
2234 2018 2326 2071 scd
2361 2019 2607 2086 quotidie
2639 2021 2721 2074 vel
2761 2021 2919 2089 primi
2951 2021 3096 2075 illius
3132 2033 3466 2091 trangresso-

1889 2115 1978 2152 res
2019 2116 2140 2155 esse
2166 2103 2654 2171 deprehenduntur
2690 2114 2818 2176 (nun
2865 2124 3062 2162 accuso
3107 2109 3229 2164 illos
3275 2127 3468 2178 pecca-

1893 2199 2092 2255 turum,
2119 2196 2244 2260 quis
2277 2195 2420 2247 enim
2458 2212 2485 2249 a
2521 2199 2760 2264 peccatis
2800 2199 3076 2252 abStinere
3107 2201 3344 2268 poterit?
3368 2202 3464 2255 sed

1887 2282 1952 2334 de
1976 2283 2091 2350 lege
2112 2284 2256 2349 dico,
2280 2287 2424 2354 quod
2445 2287 2586 2340 illam
2611 2291 3124 2358 transgrediantur),
3146 2306 3200 2346 et
3225 2293 3383 2346 iidem
3418 2293 3463 2348 si

1886 2373 2119 2427 maxime
2148 2375 2348 2429 vellent
2370 2381 2548 2431 facere
2579 2395 2640 2431 ea
2670 2395 2790 2448 quae
2817 2382 2946 2450 legis
2975 2395 3121 2441 sunt.
3152 2399 3256 2436 non
3287 2394 3464 2438 tamen

1890 2476 2140 2532 possunt.
2162 2467 2368 2522 Etvide
2399 2486 2504 2539 qua
2536 2470 2742 2524 ratione
2775 2472 2878 2525 hoc
2902 2472 2993 2527 fiat
3021 2473 3467 2529 Deuseoustituit

1889 2565 1944 2607 et
1975 2557 2213 2610 decrevit
2241 2569 2299 2611 ut
2331 2559 2701 2631 Hierosolyma
2736 2562 3006 2628 omnium,
3041 2579 3177 2631 quas
3201 2580 3330 2631 gens
3365 2563 3466 2616 ΙΙε-

1891 2646 2158 2701 brzeurum
2187 2651 2367 2710 habet.
2401 2651 2618 2705 urbium
2643 2653 2712 2706 sil
2746 2655 3084 2722 metrOpolis,
3109 2655 3160 2706 iu
3184 2671 3286 2723 qua
3307 2655 3466 2707 Solu-

1892 2753 2017 2791 nion
2049 2741 2642 2810 templumyedificavit,
2674 2747 3037 2816 prmcepitque
3070 2747 3209 2801 Deus
3240 2759 3298 2801 ut
3324 2751 3464 2803 intra

1895 2833 2152 2901 templum
2186 2833 2447 2887 sacrificia
2491 2834 2638 2896 fiant,
2666 2846 2720 2889 et
2759 2837 3068 2892 oblationes
3101 2855 3198 2908 pro
3232 2844 3468 2908 per-eatis

1894 2923 2216 2987 hominum;
2257 2935 2407 2978 extra
2466 2925 2906 2997 Hierosiilymam
2944 2945 3068 2983 vero
3109 2941 3164 2983 et
3211 2932 3466 2999 templum

1894 3015 1998 3068 hoc
2030 3015 2295 3069 sacrificia
2345 3016 2492 3069 nulla
2537 3033 2656 3072 esse
2687 3019 2982 3073 oll‘erenda.
3013 3019 3465 3090 Quandoquidem

1891 3107 2056 3175 igitur
2087 3106 2589 3176 Hierusolymarum
2625 3110 2753 3163 urbs
2793 3109 3068 3164 destructa
3096 3123 3198 3182 est,
3241 3124 3296 3167 et
3333 3124 3470 3167 tun-

1892 3197 2042 3265 plnm
2093 3199 2436 3260 subversum,
2477 3213 2653 3267 neque
2709 3200 2819 3268 jam
2854 3201 3218 3254 sacerdotium
3267 3203 3468 3258 habent

1891 3288 1956 3341 ad
2008 3288 2494 3343 sanctificationetu
2532 3289 2649 3354 sui,
2697 3306 2874 3358 neque
2922 3291 3140 3345 modum
3199 3280 3464 3350 efferendi

1892 3380 2024 3443 Deo,
2075 3380 2335 3449 quidnam
2395 3381 2529 3450 ipsis
2579 3390 2663 3435 est
2715 3382 2949 3447 reliqui?
3011 3383 3157 3438 Nihil
3216 3393 3463 3441 omnino.

1895 3468 2120 3537 Propter
2152 3469 2265 3523 htee
2296 3471 2477 3538 itaque
2508 3479 2560 3522 et
2584 3470 2686 3522 alia
2721 3472 2908 3530 multa,
2937 3489 3057 3541 qua:
3091 3490 3238 3528 nunc
3273 3486 3469 3531 exavte

1895 3561 2133 3615 scribere
2184 3576 2289 3614 non
2327 3571 2411 3615 est
2439 3576 2596 3629 opus,
2636 3577 2814 3630 neque.
2869 3563 3170 3617 Christiani
3205 3581 3324 3619 esse
3373 3568 3468 3620 tle-

1897 3650 2329 3722 pri-henduntur.
2356 3653 2481 3716 quia
2512 3652 2861 3721 Evangelium
2895 3670 3000 3708 non
3043 3654 3342 3723 recipiunt;
3371 3673 3466 3710 ue-

1897 3758 2003 3812 que
2063 3741 2350 3803 haeretici.
2405 3741 2534 3810 quia
2610 3742 2818 3794 nullum
2878 3757 3104 3812 prorsus
3166 3755 3469 3812 sequuntur

1898 3835 2166 3888 hteresum
2195 3833 2475 3887 doctorem
2506 3849 2520 3896 ;
2553 3849 2726 3901 neque
2762 3833 3110 3898 Musultuani,
3137 3835 3256 3904 quia
3284 3826 3468 3889 Malie-

1900 3929 2100 3975 metem
2137 3937 2244 3974 non
2292 3929 2602 3987 sectantur;
2656 3936 2831 3990 neque
2879 3920 3076 3984 Judaei,
3122 3938 3240 3996 cuni
3300 3923 3468 3988 nulla,

1901 4027 2021 4081 qua:
2052 4011 2186 4080 legis
2213 4019 2361 4074 sunt,
2397 4011 2595 4066 faciant
2631 4027 2645 4063 :
2681 4012 2777 4065 sed
2807 4013 2941 4066 tales
2981 4027 3103 4066 esse
3130 3997 3468 4066 cunviuenn.

1904 4114 1994 4158 tur
2031 4103 2234 4168 miseri,
2279 4105 2370 4172 qui
2427 4103 2558 4173 quid
2593 4105 2796 4180 colant
2860 4107 3151 4160 credanlve
3196 4106 3469 4176 ignorent,

1904 4197 1998 4250 sed
2040 4196 2094 4249 in
2129 4196 2438 4265 perditione
2483 4197 2693 4250 vivunt.
2729 4195 3226 4266 Videntquomodo
3277 4213 3306 4251 a
3347 4211 3473 4258 vera

1905 4297 1960 4340 et
1986 4297 2132 4342 recta
2162 4288 2247 4340 via
2274 4287 2752 4350 aberrantes,cum
2786 4303 2842 4342 se
2872 4297 3018 4342 recta
3049 4289 3300 4342 incedere
3325 4289 3475 4343 ιιι-ως

193 4421 281 4466 τες
304 4405 416 4472 τῆς
453 4397 700 4465 ἀληθοῦς
733 4395 829 4447 καὶ
855 4395 1066 4455 εὐθείας
1097 4392 1218 4446 ὁδοῦ
1243 4391 1544 4457 λογίζονται
1570 4389 1787 4450 ἑαυτοὺς

1909 4389 2141 4440 trantur,
2174 4378 2226 4431 in
2259 4379 2517 4431 barathro
2546 4388 2602 4432 ει
2637 4379 2946 4445 perditione
2977 4395 3096 4434 esse
3129 4381 3476 4450 consp'ciun-

191 4496 377 4564 ὀρθῶς
418 4487 899 4562 περιπατοῦντας,
931 4486 1128 4536 ἐκεῖνοι
1157 4482 1212 4534 δὲ
1237 4482 1578 4551 εὑρίσκονται
1611 4479 1666 4530 ὲν
1697 4478 1796 4548 βα-

192 4591 388 4661 ράθρῳ
422 4587 537 4639 καὶ
576 4581 858 4649 ἀπωλείας
899 4579 1002 4629 Καὶ
1032 4575 1200 4628 ταῦτα
1232 4575 1328 4642 μὲν
1354 4573 1546 4634 οὕτως.

261 4681 346 4734 ιε’.
403 4678 580 4732 Ἐπεὶ
612 4674 666 4724 δὲ
703 4675 828 4740 περι
854 4672 1070 4723 πάντων
1101 4662 1175 4720 ὧν
1208 4667 1472 4737 πρότερον
1506 4664 1795 4733 ἐγγράφως

191 4775 327 4842 πρὸς
375 4771 544 4842 ἡμᾶς
601 4764 876 4833 ἔπεμψας,
914 4767 1005 4813 καὶ
1047 4755 1121 4810 ὧν
1161 4758 1422 4826 ἀγράφως
1459 4757 1508 4808 οἱ
1552 4755 1797 4816 ἐλθόντες

191 4869 512 4935 ἐλάλησαν,
551 4858 881 4924 ποιήσαντες
909 4853 968 4904 τὸ
999 4852 1091 4903 σὺν
1114 4849 1346 4917 θέλημα,
1380 4844 1796 4914 πλατυκώτερον

190 4949 718 5024 ἀπελογησὰμεθα.
749 4946 993 5015 μέμνησο
1021 4942 1112 4994 τοῦ
1144 4941 1237 4994 σοῦ
1260 4941 1442 5007 λόγου.
1471 4939 1564 5001 Ei;
1599 4939 1703 5005 γὰρ
1737 4937 1797 4989 τδ

190 5053 350 5112 τέλος
383 5048 501 5114 τῆς
537 5041 635 5110 σῆς
670 5038 882 5106 γραφῆς
903 5034 1073 5095 οὕτως
1103 5034 1350 5101 εἴρηκας,
1371 5032 1453 5084 ὅτι
1479 5029 1581 5083 Τὸν
1615 5029 1799 5098 φρόνι-

191 5161 295 5212 μον
338 5131 434 5198 εἷς
501 5132 665 5195 λόγος
721 5129 933 5195 ἀρκεῖν,
970 5125 1063 5176 καὶ
1091 5122 1263 5182 οῦτως
1301 5122 1450 5174 ἐστὶν
1478 5123 1511 5190 ὴ
1548 5119 1795 5188 ἀλήθεια.

191 5208 376 5300 Εἴπερ
413 5221 568 5292 γοῦν
597 5214 676 5280 εἷς
707 5219 858 5283 λόγος
886 5215 1045 5282 ἀρκεῖ
1070 5213 1160 5265 τὸν
1191 5211 1473 5280 φρόνιμον,
1503 5210 1576 5270 ὡς
1604 5210 1696 5262 καὶ
1733 5208 1796 5260 σὺ

190 5299 361 5384 αὑτὸς
402 5312 744 5388 μαρτυρεῖς,
774 5310 864 5360 καὶ
895 5309 926 5377 ἠ
968 5305 1192 5375 ἀλήθεια
1221 5303 1480 5364 διδάσκει,
1509 5301 1600 5353 ὲάν
1637 5316 1741 5368 περ
1770 5299 1797 5350 6

192 5415 485 5481 φρόνιμος
517 5400 726 5469 ἀκούσῃ
754 5399 942 5464 λόγους
975 5394 1200 5453 πολλοὺς
1231 5393 1324 5444 καὶ
1350 5389 1546 5450 καλοὺς
1583 5394 1676 5440 καὶ
1733 5390 1797 5439 ἀ-

193 5475 418 5567 ἀήθεις
446 5488 562 5542 καὶ
578 5485 634 5538 οὐ
663 5484 1025 5554 παραδέξηται
1044 5481 1260 5542 αὐτοὺς.
1288 5479 1407 5531 οὐδὲ
1444 5477 1712 5543 ὠφέλειαν
1741 5475 1798 5539 ἐξ

194 5564 440 5638 ἐκεξνων
465 5573 861 5643 καρπώσηται,
881 5572 978 5623 οὐκ
1001 5571 1144 5622 ἐστιν
1167 5570 1313 5633 ἄξιος
1343 5564 1671 5634 κατηγορίας
1706 5567 1798 5616 καὶ

199 5679 489 5754 μέμψεως
518 5683 539 5736 ;
569 5667 732 5721 ,Ἐπεὶ
763 5665 892 5734 γοῦν
920 5663 1302 5733 ἀπεστάλησαν
1335 5677 1414 5714 σοι
1453 5659 1520 5714 τὰ
1555 5659 1797 5730 παρόντα

1908 4473 2040 4528 tur?
2069 4473 2136 4526 Et
2168 4473 2280 4527 haec
2305 4473 2528 4542 quidem
2555 4473 2841 4528 hactenus.

1977 4651 2063 4704 l5.
2094 4651 2359 4716 Quoniam
2392 4666 2522 4704 vero
2554 4651 2606 4704 in
2631 4651 2916 4714 omnibus,
2949 4666 3069 4720 qum
3099 4651 3248 4720 prius
3281 4651 3344 4703 ad
3381 4666 3478 4705 nos

1903 4744 2099 4813 partim
2136 4744 2426 4811 scripsisti,
2461 4743 2655 4812 partim
2685 4758 2777 4796 ore
2816 4744 3127 4796 retulerunt
3162 4743 3237 4796 tui
3281 4742 3347 4794 ad
3381 4757 3478 4794 ιιιιε

1904 4837 2104 4901 nuntii,
2158 4837 2419 4888 voluntati
2472 4847 2576 4889 tua:
2611 4835 2880 4895 obsecuti.
2923 4834 3203 4901 copiosius
3242 4849 3341 4886 nos
3386 4837 3480 4886 de-

1905 4926 2199 4986 fendimus,
2247 4940 2389 4979 nunc
2441 4937 2540 4992 age
2591 4923 2667 4977 tui
2709 4923 2977 4976 sermonis
3027 4921 3361 4974 memineris.
3418 4921 3476 4975 ln

1908 5017 2012 5072 line
2044 5020 2188 5070 enim
2241 5017 2542 5069 litterarum
2600 5023 2815 5066 tuarttm
2845 5015 2922 5066 sic
2948 5013 3128 5066 dixisti
3162 5028 3176 5065 :
3219 5013 3476 5066 Prudeuti

1905 5111 1988 5164 vel
2023 5124 2127 5161 una
2153 5106 2345 5161 sufficit
2380 5107 2588 5170 oratio;
2634 5105 2778 5174 quod
2827 5120 3017 5158 revera
3047 5104 3126 5158 sic
3151 5104 3258 5158 est.
3286 5105 3339 5158 Si
3383 5104 3482 5174 igi-

1908 5211 1996 5256 tur
2052 5199 2306 5268 prudenti
2361 5198 2444 5251 vel
2505 5213 2612 5251 uua
2677 5196 2876 5252 sullicit
2932 5197 3131 5258 oratio,
3163 5205 3222 5249 ut
3272 5205 3326 5248 tu
3362 5195 3481 5264 ipse

1907 5297 2148 5352 testaris,
2175 5299 2228 5344 et
2259 5291 2371 5358 ipsa
2409 5290 2568 5342 docet
2603 5287 2825 5351 veritas,
2857 5288 3096 5357 prudens
3127 5301 3256 5341 vero
3285 5286 3481 5354 aliquis

1906 5385 2092 5438 multis
2138 5381 2483 5436 sermonibus
2534 5380 2738 5433 auditis
2790 5380 2952 5434 bonis
3009 5379 3265 5447 verisque
3299 5417 3313 5439 ,
3380 5389 3483 5430 nec

1907 5477 2028 5530 illos
2070 5481 2360 5542 receperit,
2410 5472 2495 5526 vel
2565 5471 2904 5538 decerpserit
2946 5469 3184 5524 fructum
3243 5468 3481 5532 illorum,

1907 5583 2088 5624 nonne
2112 5565 2302 5618 merito
2336 5563 2681 5618 accusandus
2697 5573 2754 5615 et
2788 5562 3268 5632 reprehendendus
3292 5560 3484 5615 fuerit?

1907 5663 2007 5719 Ubi
2040 5661 2204 5732 igitur
2237 5668 2436 5713 nostrae
2467 5657 2549 5710 hac
2579 5656 2793 5721 littertr,
2817 5655 3038 5726 lucoque
3070 5663 3255 5710 nostra
3293 5653 3484 5723 apolo‘
