3928 6212
346 1380 359 1388 υ
456 1346 602 1407 ham,
655 1358 847 1415 utpote
910 1348 1101 1412 Deum,
1153 1349 1421 1412 adoravit,
1481 1362 1534 1404 et
1571 1351 1813 1421 judicem
1846 1351 2027 1405 omnis

446 239 553 303 579
1630 242 1951 303 JOANNIS
1992 243 2024 301 C

2129 226 2519 301 'TACUZENI
3521 239 3606 303 ιιι)

450 352 537 420 gia
565 350 630 402 ad
686 356 736 402 te
766 348 1137 418 pervenerint,
1171 349 1430 403 adhortor
1482 360 1541 404 ut
1592 351 1884 421 diligenter
1912 352 2024 406 haec

2133 351 2455 419 γράμματα,
2500 350 2593 400 καὶ⁵
2629 349 2658 411 ἠ
2704 345 2837 416 πρὸς
2874 344 2931 397 σέ
2966 362 3065 415 μου
3096 347 3214 413 περὶ
3249 346 3424 400 τούτων
3454 351 3607 401 ἀπολο-

449 438 790 503 ronsideres,
827 449 882 491 et
918 456 1013 508 per
1044 440 1253 509 singula
1300 442 1467 493 verba
1523 441 1807 503 discutias,
1844 444 2020 495 laten—

2129 443 2239 509 τία,
2262 443 2565 511 παρακαλῶ
2596 458 2674 506 σε,
2700 438 2896 508 σκέψαι
2930 438 3332 508 αύτὰεὰκριὸῶς,
3362 444 3442 495 καὶ
3465 442 3607 505 ὲξέεισ

450 539 557 583 tem
590 531 903 584 thesaurum
939 532 992 582 in
1029 530 1117 584 his
1147 531 1290 584 haud
1323 531 1489 586 dubie
1520 532 1872 587 inventurus.
1904 533 2023 588 Non

2130 550 2219 585 σον
2250 535 2390 586 κατὰ
2420 533 2588 596 λέξιν.
2625 535 2719 585 καὶ
2759 532 2976 597 μέλλεις
3004 530 3182 600 εὑρεῖν
3218 531 3298 583 τὸν
3325 531 3457 594 ἐντὸς
3476 534 3607 587 mittis

447 626 597 674 enim
630 620 795 674 animi
828 622 1001 675 nostri
1043 622 1209 677 fretus
1239 632 1391 685 sunt,
1422 623 1517 678 sed
1547 639 1615 678 ex
1643 624 1796 679 libris
1824 625 2024 680 Mosai-

2129 622 2534 690 παρακείμενον
2579 618 2861 689 θησαυρόν.
2906 620 2980 672 Οὐ
3018 618 3124 686 γὰρ
3153 618 3251 670 ἀπὸ
3291 620 3487 688 καρδίας
3514 623 3611 689 me.

449 712 549 769 cis,
581 712 674 764 sed
720 727 785 765 ex
830 712 1052 768 Davidis
1082 713 1372 781 Psalterio,
1426 715 1518 770 sed
1556 731 1622 770 ex
1660 717 1943 787 prophetis
1971 727 2024 772 et

2129 713 2288 781 τέρας
2320 713 2656 781 ἐγράφησαν,
2678 711 2812 763 ἀλλά
2836 710 2945 763 ἀπὸ
2974 710 3081 761 τῶν
3111 710 3393 763 Μωσαῖκῶν
3424 711 3615 778 βιϐλίων,

450 801 743 869 Evangelio
772 801 1081 871 desumpta,
1117 820 1239 873 quae
1267 816 1325 860 et
1361 806 1477 875 ipse
1512 808 1787 863 Mahomet
1817 816 1873 861 et
1909 823 2024 862 om-

2129 804 2260 856 ἀλλὰ
2290 804 2396 856 ἀπὸ
2413 802 2504 856 τοῦ
2536 803 2849 871 Ψαλτηρίου
2876 801 2969 854 τοῦ
2998 802 3175 861 Δαὸὶδ.
3199 802 3421 856 ἀλλὰκαὶ
3445 804 3619 867 debuit»

450 907 549 945 nes
593 891 918 947 Musulmani
960 903 1148 949 sancta
1179 905 1235 949 et
1273 899 1418 967 justa
1452 914 1575 953 esse
1605 900 1937 953 conﬁtentur
1969 908 2024 952 et

2130 896 2430 965 προφητῶν
2459 900 2554 948 καὶ
2577 895 2671 946 τοῦ
2706 894 3062 962 Εὑαγγελίου,
3087 894 3237 946 ἆτινα
3263 894 3289 943 ό
3316 895 3526 962 Μωάμεθ
3552 897 3619 945 καὶ

452 980 660 1033 dicunt.
694 982 759 1035 Et
799 982 916 1037 haec
943 984 1056 1052 ipsa
1102 993 1249 1051 sunt,
1293 1002 1414 1054 qua:
1459 988 1625 1041 verbo
1656 997 1817 1043 tenus
1845 998 2024 1042 osten-

2130 992 2330 1048 πάντες
2360 987 2409 1037 οἱ
2437 986 2852 1053 Μουσουλμάνοι
2880 986 3012 1053 ἅγια
3037 986 3127 1037 καὶ
3149 985 3320 1037 δίκαια
3337 982 3455 1037 εἶναι
3478 986 3622 1053 6.11019-

449 1069 587 1123 dunt
616 1071 894 1125 Christum
933 1073 1128 1127 Filium
1177 1075 1268 1128 Dei
1301 1091 1443 1142 esse,
1471 1085 1526 1130 et
1558 1078 1805 1131 eumdem
1856 1077 2024 1130 Deum

2129 1077 2301 1145 γοῦσι,
2316 1081 2403 1130 καί
2427 1077 2664 1143 λέγουσι,
2684 1079 2776 1129 καὶ
2798 1077 2934 1129 αὐτά
2954 1078 3060 1128 εἱσι
3078 1077 3141 1130 τὰ
3158 1076 3624 1147 δεικνύοπαόιαρῤἠο

454 1162 615 1215 simul
647 1173 702 1215 et
748 1163 1046 1217 hominem.
1078 1165 1196 1233 Ipse
1225 1167 1369 1219 enim
1399 1176 1519 1229 est,
1553 1170 1645 1236 qui
1681 1168 1748 1220 ab
1773 1168 2024 1221 omnibus

2129 1172 2221 1239 δην
2273 1169 2364 1222 τὸν
2397 1171 2632 1240 Χριστὸν
2665 1170 2790 1221 Υἱὸν
2821 1168 2914 1220 τοῦ
2954 1168 3087 1221 Θεοῦ
3126 1164 3276 1229 εἶναι,
3310 1168 3392 1219 τὸν
3426 1168 3559 1219 αὑτὸν
3582 1168 3625 1219 δὲ

453 1256 738 1324 prophetis
774 1258 913 1310 Deus
951 1267 1036 1311 est
1074 1258 1420 1326 praedicatus.
1463 1260 1513 1314 Is
1545 1270 1624 1313 est
1662 1276 1825 1329 quem
1858 1260 2024 1312 Abra-

2129 1259 2259 1312 Θεὸν
2290 1258 2383 1311 καὶ
2406 1259 2716 1327 ἄνθρωπον.
2738 1256 2908 1319 Ᾱύτδς
2937 1259 3045 1324 γάρ
3074 1257 3219 1308 ἔστιν
3244 1260 3269 1308 6
3295 1273 3360 1307 πα
3372 1258 3429 1325 ρὰ
3452 1258 3625 1309 πάντων

2127 1348 2234 1399 τῶν
2280 1345 2574 1418 προφητῶν
2625 1346 2926 1417 κηρυχθελς
2975 1346 3128 1408 Θεὸς,
3177 1345 3329 1407 αὐτός
3369 1346 3629 1398 ὲστιν“δνὸ

458 1445 616 1490 terra:
658 1437 813 1491 dixit.
856 1438 902 1491 Is
951 1448 1035 1492 est
1072 1455 1234 1508 quem
1270 1450 1430 1494 cantu
1476 1442 1891 1496 celebraverunt
1933 1456 2024 1493 an-

2136 1439 2397 1509 Ἀὅραὰμ
2445 1438 2855 1508 προσεκύνησεν
2909 1438 2984 1499 ὡς
3036 1438 3186 1494 Θεὸν,
3224 1439 3312 1490 καὶ
3357 1436 3409 1488 ὃν
3450 1435 3629 1488 ἐκάλεσε

458 1528 666 1597 geli.et
726 1544 886 1596 quem
920 1530 1149 1584 virtutes
1201 1546 1455 1599 supernae
1504 1532 1559 1585 in
1616 1532 1855 1586 nubibus
1911 1532 2024 1586 suis

2129 1528 2322 1597 κριτὴν
2352 1527 2534 1595 πάσης
2565 1527 2689 1595 γῆς.
2724 1524 2895 1586 Αὐτός
2928 1525 3074 1576 ἐστιν
3097 1523 3154 1577 ὃν
3187 1524 3475 1591 ἀνύμνησαν
3500 1523 3632 1588 οῐᾶγ-

460 1627 838 1687 gestaverunt,
885 1635 1046 1689 quem
1084 1621 1235 1683 vidit_
1272 1620 1461 1676 Daniel
1491 1622 1802 1677 venientem
1838 1622 1890 1675 in
1928 1639 2024 1676 nu-

2129 1618 2295 1685 γελοι,
2332 1620 2425 1670 καὶ
2467 1618 2523 1672 ὃν
2559 1616 2855 1680 ἐϐάσταζον
2890 1617 2944 1668 αἱ
2990 1616 3102 1668 ἀνω
3150 1615 3393 1682 δυνάμεις
3434 1614 3513 1665 ἐπὶ
3550 1614 3631 1664 τῶν

460 1709 620 1761 bibus
667 1709 734 1763 ad
795 1711 1152 1779 judicandum
1204 1712 1412 1767 orbem.
1466 1712 1514 1767 Is
1566 1726 1649 1768 est
1701 1716 1788 1768 cui
1847 1715 2024 1770 omnis

2129 1709 2379 1776 κεφαλῶν
2410 1708 2607 1767 αὐτῶν,
2642 1708 2738 1759 καὶ
2757 1706 2814 1759 ὃν
2844 1702 2982 1758 εἶδεν
3007 1707 3034 1759 6
3061 1704 3263 1776 Δανιὴλ
3280 1706 3364 1756 ἐπὶ
3387 1702 3484 1755 τῶν
3509 1718 3631 1769 vstr-

455 1810 704 1853 creatura
771 1802 981 1865 servit,
1078 1804 1224 1858 illius
1301 1804 1445 1859 dicto
1508 1806 1809 1870 obediens,
1870 1805 2020 1860 venti

2129 1799 2262 1861 λῶντ,
2299 1800 2590 1869 ἐρχόμενον
2617 1799 2805 1866 κρῖναι
2830 1797 2928 1866 τὴν
2949 1796 3293 1866 οἰκουμένην.
3325 1793 3476 1853 Αὐτός
3502 1796 3636 1853 ἐστιν,

452 1891 704 1956 scilicet,
764 1908 912 1946 mare
962 1901 1018 1947 et
1069 1894 1299 1964 reliqua.
1353 1896 1403 1950 Is
1446 1907 1551 1960 est,
1593 1913 1703 1968 quo
1756 1898 1874 1952 viso
1935 1897 2021 1951 in-

452 1980 644 2035 fernus
690 1998 916 2049 regnum
978 1998 1139 2037 suum
1203 1985 1421 2050 amisit;
1470 1995 1729 2041 caeterum
1784 1997 1838 2040 et
1895 1995 2020 2042 ante

450 2081 682 2125 mortem
714 2088 838 2126 cum
900 2080 1134 2129 tremore
1167 2075 1427 2145 implebat
1484 2077 1646 2147 hujus
1703 2077 2020 2146 imperium,

450 2163 737 2219 dimittens
762 2164 1046 2231 Lazarum,
1079 2176 1135 2221 et
1168 2168 1323 2222 alios.
1359 2170 1471 2224 Hoc
1513 2179 1785 2225 testantur
1811 2173 2021 2227 infinita

450 2246 564 2312 illa,
599 2264 721 2318 quae
769 2244 917 2310 fecit,
948 2254 1227 2308 miracula.
1262 2256 1328 2311 Et
1373 2259 1502 2324 quid
1535 2258 1710 2313 dicam
1742 2261 2021 2329 amplius?

449 2337 502 2394 Is
536 2349 643 2396 est.
678 2343 768 2410 qui
805 2358 832 2394 a
880 2342 988 2396 Deo
1033 2345 1194 2399 Patre
1226 2349 1601 2403 testiinonium
1631 2352 1831 2419 saepius
1862 2367 2022 2406 acce-

450 2432 530 2501 pit
589 2433 659 2486 De
704 2434 809 2487 hoc
842 2436 1005 2489 David
1042 2437 1182 2490 dixit
1213 2456 1226 2491 :
1268 2455 1287 2489 ι
1323 2437 1525 2495 Omnes
1553 2451 1745 2512 gentes
1774 2444 2020 2513 plaudite

452 2523 727 2583 manibus.
746 2525 980 2593 jubilate
1037 2530 1146 2583 Deo
1183 2530 1238 2584 in
1276 2545 1408 2586 voce
1441 2534 1839 2591 exsultationis.
1875 2536 2022 2602 Quo-

451 2611 599 2666 niam
637 2630 727 2667 rex
763 2615 1034 2670 universae
1070 2627 1225 2671 terra:
1253 2627 1421 2673 Deus.
1453 2621 1673 2676 Psallite
1695 2625 2017 2688 prudenter.

452 2702 597 2757 Deus
654 2706 899 2773 regnavit
950 2721 1114 2776 super
1161 2720 1388 2778 gentes;
1443 2712 1902 2774 quemadmodum
1965 2718 2019 2772 in

452 2795 834 2862 superioribus
881 2798 1159 2865 copiosius
1204 2800 1411 2853 dirtum
1463 2810 1564 2855 est.
1602 2803 1719 2859 Non
1774 2808 1919 2859 enim
1955 2813 2021 2863 de

454 2885 567 2938 Deo
597 2886 755 2940 Patre
788 2887 947 2951 dixit,
980 2906 1081 2944 nec
1111 2892 1176 2944 de
1206 2892 1301 2945 Dei
1331 2892 1490 2956 Filio,
1522 2897 1665 2964 quod
1708 2898 1860 2965 prius
1899 2900 2023 2969 qui-

455 2976 576 3028 dem
638 2993 746 3030 non
799 2979 1070 3033 exsistcns
1130 2997 1222 3035 rex
1286 2982 1555 3038 universa:
1616 2994 1794 3047 terra,
1835 3002 2019 3056 postea

2122 1883 2431 1956 ᾧδουλεύει
2470 1890 2503 1958 ἡ
2556 1889 2755 1951 xciet.”
2789 1886 3145 1945 ὑπακούουσα
3191 1886 3268 1953 τῷ
3315 1883 3466 1937 αὑτοῦ
3503 1898 3640 1944 προσ·

2121 1982 2386 2049 τάγματι,
2426 1982 2598 2050 ¹ἤγουν
2631 1981 2678 2033 οἱ
2711 1979 2928 2045 ἄνεμοι,
2956 1981 2990 2051 ἡ
3017 1980 3277 2042 Θάλασσα,
3301 1978 3389 2031 καὶ
3413 1978 3470 2029 τὰ
3492 1977 3641 2043 ἕτερα.

2122 2071 2293 2135 Αὐτός
2343 2072 2513 2135 ἐστιν,
2565 2069 2624 2122 ὃν
2656 2069 2779 2123 ίδὼν
2807 2070 2835 2121 6
2882 2068 3035 2140 ᾅδης,
3069 2068 3311 2122 ἀπώλεσε
3351 2068 3438 2138 τὴν
3481 2063 3644 2122 ἑαυτοῦ

2125 2162 2428 2233 βασιλείαν.
2484 2163 2643 2215 Ἀλλὰ
2689 2162 2783 2215 καὶ
2827 2163 2933 2230 πρὸ
2973 2160 3069 2214 τοῦ
3120 2160 3346 2214 θανάτου
3393 2157 3538 2213 αὐτοῦ
3569 2157 3647 2209 σὺν

2121 2252 2308 2320 τρόμῳ
2347 2252 2585 2320 ἐπλήρου
2627 2250 2684 2301 τὸ
2708 2247 2872 2301 αὑτοῦ
2907 2248 3259 2317 πρόσταγμα,
3292 2245 3541 2304 ἀπολύσας
3566 2244 3643 2293 τὸν

2128 2343 2383 2412 Λάζαρον
2418 2342 2511 2396 καὶ
2543 2343 2669 2403 τοὺς
2717 2341 2957 2409 ἑτέρους.
2980 2341 3133 2394 Αύτὰ
3184 2336 3496 2409 μαρτυροῦσι
3520 2336 3575 2401 τά
3598 2335 3647 2386 ά·

2123 2452 2289 2504 πειρα
2315 2433 2586 2504 θαύματα,
2611 2432 2754 2498 ἅπερ
2775 2432 3211 2500 ἑποίησε.Κα“ιτί
3239 2430 3457 2495 ἐπιλέγω
3475 2445 3487 2488 ;
3508 2425 3648 2486 Αὐτός

2121 2527 2268 2580 ἐστιν
2293 2528 2320 2579 6
2342 2528 2493 2597 παρὰ
2517 2524 2609 2579 τοῦ
2639 2523 2774 2577 Θεοῦ
2800 2527 2893 2577 καὶ
2927 2525 3142 2594 Πατρός
3172 2522 3516 2594 μαρτυρηθεὶς
3548 2517 3650 2569 πολ·

2122 2618 2298 2680 λάκις.
2336 2617 2470 2685 Περὶ
2496 2617 2665 2670 αὐτοῦ
2698 2618 2726 2668 6
2760 2616 2930 2670 Δαὸὶδ
2962 2616 3163 2668 οὑτωσὶ
3186 2616 3413 2684 εἴρηκεν.
3447 2629 3465 2662 ι
3498 2612 3648 2662 Πάντα

2121 2707 2187 2761 τὰ
2227 2707 2355 2775 ἔθνη
2408 2706 2714 2776 κροτήσατε
2760 2708 2971 2776 χεῖρας,
3006 2705 3308 2770 άλαλάξατε
3348 2703 3421 2773 τῷ
3462 2700 3565 2769 Θεῷ
3608 2701 3652 2750 ἐν

2122 2795 2272 2862 φωνῇ
2315 2792 2690 2856 ἀγαλλιάσεως
2718 2802 2734 2823 ⁸
2786 2794 2868 2845 ὅτι
2899 2792 3150 2861 βασιλεὺς
3185 2794 3357 2861 πάσης
3391 2789 3481 2857 τῆς
3516 2788 3599 2855 γῆς
3630 2783 3653 2835 6

2122 2884 2274 2946 Θεός.
2312 2884 2559 2940 Ψάλλετε
2594 2883 2854 2944 συνετῶς.
2893 2883 3278 2937 Ἐϐασίλευσεν
3306 2884 3333 2936 6
3366 2880 3484 2941 Θεὸς
3510 2880 3585 2930 ἐπὶ
3602 2873 3655 2925 τὰ

2123 2974 2275 3044 ἔθνη.
2323 2976 2397 3037 ὡς
2448 2976 2505 3026 έν
2550 2977 2661 3037 τοῖς
2694 2974 3005 3045 ἔμπροσθεν
3035 2974 3440 3042 πλατυκὼτερον
3460 2969 3654 3039 εἴρηται.

455 3082 589 3120 vero
638 3084 862 3137 regnum
897 3085 1060 3138 super
1090 3087 1281 3126 omnes
1317 3083 1505 3143 gentes
1558 3084 1612 3129 et
1648 3072 1864 3133 munem
1915 3090 2021 3134 ter-

2129 3038 2256 3118 Ούδξ
2281 3066 2388 3134 γὰρ
2423 3060 2545 3117 εἷπε
2576 3038 2825 3133 περὶτοῦ
2856 3064 2996 3118 Θεοῦ
3027 3071 3135 3119 καὶ
3169 3038 3391 3133 Πατρὸς,
3424 3061 3529 3113 οὐδὲ
3556 3055 3657 3125 περὶ

458 3176 571 3212 ram
616 3162 891 3228 acceperit
919 3179 931 3215 :
983 3164 1080 3215 sed
1113 3165 1224 3217 Iuec
1257 3176 1482 3234 propter
1526 3167 1825 3229 hominem,
1859 3186 2019 3239 quem

453 3250 746 3317 assumpsit
778 3250 945 3305 Fitius
973 3262 1029 3305 et
1059 3253 1292 3306 Verhum
1339 3255 1450 3321 Dei,
1474 3258 1734 3326 prOpheta
1758 3259 2023 3330 dixit,qui

458 3354 561 3393 nec
602 3342 878 3411 regnabat,
918 3359 1019 3396 nec
1056 3360 1081 3395 a
1125 3346 1377 3413 gentibus
1409 3348 1666 3416 omnique
1700 3359 1845 3403 terra
1897 3351 2027 3403 ado-

458 3432 702 3496 rabatur,
739 3449 804 3485 eo
840 3436 985 3502 quod
1023 3438 1267 3490 nomium
1307 3448 1453 3493 esset
1508 3452 1693 3496 natus.
1722 3439 1852 3495 Post
1885 3441 2024 3496 nati-

456 3523 680 3576 vitatem
734 3535 915 3577 autem
952 3525 1097 3580 illius
1148 3530 1269 3581 data
1302 3539 1384 3583 est
1422 3530 1495 3584 illi
1539 3531 1729 3600 gloria,
1760 3532 1938 3586 honor
1971 3543 2028 3588 et

458 3625 722 3686 potestas.
758 3626 815 3670 ut
844 3618 976 3675 dixit
1026 3619 1236 3686 D'miel,
1281 3629 1336 3674 et
1365 3637 1614 3691 regnum.
1665 3623 1939 3677 Caeterum
1971 3635 2028 3678 et

457 3708 575 3775 ipse
638 3708 805 3761 David
841 3708 1033 3763 eodem
1094 3711 1248 3774 loco;
1289 3711 1421 3779 quin
1477 3721 1533 3765 et
1597 3714 1713 3781 ipse
1764 3712 2028 3768 Christus

457 3809 581 3869 post
641 3800 1093 3854 resurrectionem
1157 3803 1311 3868 quasi
1355 3803 1651 3870 obsignans
1710 3804 2027 3873 hujusmodi

458 3890 798 3959 prophetias,
826 3891 961 3944 dixit
988 3892 1247 3957 apostolis
1277 3911 1289 3947 :
1340 3913 1356 3943 ι
1395 3894 1523 3950 Data
1551 3905 1633 3948 est
1666 3896 1799 3949 mihi
1846 3900 2027 3954 omnis

464 3988 703 4047 potestas
736 3981 786 4031 in
821 3981 959 4032 caelo
980 3990 1035 4033 et
1066 3980 1119 4033 in
1147 3992 1309 4036 terra.
1341 3983 1597 4049 Profec1i,
1624 3986 1814 4041 docete
1840 4004 2029 4045 omnes

459 4081 691 4140 gentes:
730 4073 821 4139 qui
857 4073 1156 4127 crediderit
1190 4084 1242 4127 et
1289 4075 1595 4143 baptizatus
1636 4078 1820 4143 fuerit,
1855 4082 2026 4136 salva-

464 4161 650 4224 bitur;
684 4163 776 4229 qui
806 4177 937 4216 vero
970 4180 1074 4217 non
1098 4165 1414 4227 crediderit,
1440 4168 1893 4226 condemnabitur
1920 4174 2020 4226 ⁸⁷.»

464 4248 701 4304 Videsne
754 4262 953 4319 quanta
984 4270 1105 4309 cum
1131 4258 1479 4326 simplicitate
1502 4269 1557 4313 et
1589 4258 1710 4313 luce
1745 4273 2025 4330 appareat,

2121 3157 2215 3207 τοῦ
2244 3155 2372 3207 Υἱοῦ
2402 3154 2495 3208 τοῦ
2517 3155 2672 3219 Θεοῦ,
2699 3155 2771 3217 ὡς
2794 3156 2989 3224 πρώην
3012 3156 3113 3223 μὲν
3141 3156 3239 3208 οὐκ
3262 3155 3406 3215 ὄντος
3432 3148 3654 3219 βασιλέως

2126 3250 2303 3314 πάσης
2324 3248 2417 3316 τῆς
2442 3248 2565 3315 γῆς,
2588 3245 2814 3315 ὕστερον
2836 3249 2891 3300 δὲ
2913 3246 3332 3316 βασιλεύσαντος
3351 3247 3437 3298 ἐπὶ
3452 3245 3510 3296 ri
3531 3242 3654 3307 ἔθνη.

2129 3339 2227 3390 καὶ
2257 3338 2348 3389 ἐπὶ
2385 3340 2565 3391 πᾶσαν
2593 3339 2690 3407 τὴν
2723 3338 2861 3405 γῆν’
2899 3338 3035 3392 ἀλλὰ
3063 3340 3155 3392 διὰ
3186 3340 3273 3393 τὸν
3304 3336 3580 3405 ἄνθρωπον,
3612 3330 3658 3381 ὃν

2127 3430 2419 3482 ἀνελάόετο
2444 3433 2470 3482 ὁ
2496 3430 2620 3493 Υἱὸς
2648 3431 2741 3482 καὶ
2769 3430 2941 3498 Λόγος
2968 3430 3061 3483 τοῦ
3086 3431 3244 3497 Θεοῦ,
3278 3433 3483 3498 εἴρηκεν
3504 3429 3529 3480 6
3551 3441 3662 3494 προ-

2128 3524 2324 3592 φήτης,
2363 3525 2418 3587 6;
2467 3522 2589 3577 οὔτε
2630 3524 3002 3591 ἐϐασίλευσεν,
3040 3525 3167 3581 οὔτε
3202 3525 3350 3594 παρὰ
3393 3526 3493 3575 τῶν
3520 3519 3660 3572 ἐθνῶν

2127 3620 2220 3668 καὶ
2267 3616 2364 3684 τῆς
2421 3617 2521 3685 γῆς
2575 3618 2988 3683 προσεκυνεῖτο.
3045 3618 3196 3670 Διότι
3246 3616 3360 3668 οὐδὲ
3413 3608 3658 3679 ἐγεννήθη.

2130 3708 2283 3760 Μετὰ
2321 3706 2377 3760 δὲ
2424 3707 2483 3757 τὸ
2523 3707 2851 3775 γεννηθῆναι
2900 3709 3090 3773 αὐτὸν,
3126 3709 3281 3776 ἐδόθη
3313 3708 3344 3776 ή
3377 3706 3492 3765 δόξα
3530 3700 3660 3766 καὶὴ

2129 3797 2262 3864 τιμὴ
2294 3797 2385 3847 καὶ
2415 3796 2446 3864 ή
2477 3796 2692 3861 ἐξουσία
2712 3838 2725 3859 ,
2758 3796 2833 3859 ὡς
2865 3798 2892 3850 6
2922 3799 3124 3869 Δανιὴλ
3164 3801 3372 3868 εἴρηκε,
3403 3800 3487 3850 καὶ
3518 3796 3545 3863 ἠ
3580 3792 3662 3859 Ba-

2132 3886 2336 3939 σιλεία.
2382 3885 2542 3939 Ἀλλά
2578 3886 2642 3956 δὴ
2680 3891 2771 3940 καὶ
2804 3886 2956 3951 οὗτος
2988 3892 3016 3942 ό
3056 3890 3224 3944 Δαὸὶδ
3253 3892 3386 3943 κατὰ
3419 3888 3472 3942 τὸ
3502 3884 3659 3952 παρὸν.

2130 3978 2190 4029 ού
2207 3978 2312 4047 μὴν
2340 3979 2395 4031 δὲ
2418 3978 2551 4032 ἀλλὰ
2579 3982 2672 4033 καί
2693 3984 2851 4045 αὐτὸς
2873 3986 2899 4035 6
2932 3986 3167 4053 Χριστος
3193 3986 3330 4055 μετᾶ
3355 3984 3444 4053 τὴν
3463 3984 3661 4035 ἀνάστα·

2134 4079 2218 4115 σιν
2258 4066 2676 4133 ἐπισφραγίζων
2729 4073 2822 4129 τὰς
2874 4070 3130 4134 τοιαύτας
3169 4071 3513 4141 προφητείας.
3555 4067 3661 4133 πρὸς

2132 4156 2257 4217 τοὺς
2307 4157 2639 4221 ἀποστόλους
2701 4162 2901 4214 οὑτωσὶ
2961 4164 3090 4233 ἔφη,
3130 4184 3150 4216 ι
3205 4164 3387 4231 Ἐδόθη
3424 4180 3502 4231 μοι
3546 4161 3664 4209 πᾶσα

2134 4248 2347 4313 ἐξουσία
2379 4250 2436 4299 ὲν
2466 4249 2679 4320 οὐρανῷ
2711 4253 2805 4304 καὶ
2834 4254 2927 4304 ἐπὶ
2955 4256 3077 4323 γῆς.
3120 4256 3483 4325 Πορευθέντες
3514 4248 3658 4317 μαθη-

451 4338 602 4405 quod
655 4337 724 4394 de
783 4341 1041 4404 homine,
1097 4359 1258 4411 quem
1321 4343 1497 4419 Filius
1532 4354 1587 4401 et
1637 4347 1870 4401 Verbum
1928 4350 2020 4403 Dei

2134 4339 2359 4390 τεύσατε
2391 4340 2563 4395 πάντα
2592 4343 2658 4393 τά
2683 4343 2832 4411 ἔθνη.
2868 4343 2928 4399 Ὀ
2954 4346 3253 4408 πιστεύσας
3278 4348 3371 4399 καὶ
3397 4336 3660 4414 βαπτισθεὶς

455 4437 754 4501 assumpsit
776 4452 842 4491 ex
870 4437 1001 4493 diva
1026 4438 1262 4508 Virgine.
1282 4441 1473 4493 eadem
1504 4441 1696 4495 dicunt
1724 4444 2023 4513 prophetae,

454 4525 555 4577 sed
597 4535 653 4579 et
706 4526 822 4594 ipse
876 4528 1167 4583 Christus:
1207 4540 1260 4583 et
1316 4532 1382 4584 de
1434 4531 1527 4584 illo
1572 4542 1789 4588 exstant
1845 4535 2026 4589 omnia

456 4617 771 4669 testimonia
828 4626 1050 4684 propter
1103 4618 1384 4672 hominum
1436 4620 1854 4676 inﬁrmitatem?
1910 4626 2028 4692 Ipse

455 4708 603 4759 enim
646 4705 816 4759 Filius
853 4706 943 4759 Dei
995 4708 1293 4761 secundum
1324 4708 1665 4765 divinitatem
1716 4712 2031 4769 testimonio

459 4810 567 4849 non
614 4796 839 4864 indiget.
874 4797 992 4862 Quo
1025 4799 1172 4851 enim
1207 4794 1520 4853 testimonio
1574 4800 1715 4855 Deus
1752 4802 2031 4874 indigeat?

459 4887 839 4941 Verumtamen
901 4889 1366 4956 quemadmodum
1415 4890 1483 4944 de
1520 4889 1725 4945 Christi
1772 4892 2031 4949 incarnaa

426 4975 623 5049 \lione,
676 4989 838 5027 cruce
895 4984 951 5028 et
1000 4976 1280 5043 passione,
1332 4979 1739 5033 resurrectione
1786 4980 1916 5036 item
1969 4992 2025 5036 et

457 5066 852 5133 assumptione,
908 5065 977 5119 de
1032 5066 1147 5135 lege
1203 5084 1420 5136 quoque
1473 5079 1528 5123 et
1590 5070 1713 5125 aliis
1765 5073 2025 5128 vaticinia

456 5164 588 5206 sunt
624 5155 901 5222 praedicta,
934 5158 1176 5210 visiones
1213 5160 1359 5222 visae,
1398 5161 1512 5229 typi
1542 5159 1670 5214 facti
1700 5180 1713 5216 :
1747 5161 1826 5217 sic
1864 5164 2029 5219 etiam

458 5243 524 5295 de
550 5245 818 5311 baptismo
848 5248 1148 5314 prophetia:
1177 5256 1232 5299 et
1282 5248 1391 5318 typi
1432 5258 1560 5303 sunt
1588 5251 1873 5319 propositi,
1907 5269 2029 5321 quin

458 5343 637 5389 tamen
663 5338 866 5395 omnia,
909 5348 1130 5405 propter
1158 5339 1381 5393 nimiam
1411 5340 1647 5408 capiant,
1683 5352 1742 5395 ut
1773 5344 1935 5395 etiam
1971 5344 2024 5399 in

457 5426 598 5490 aliis,
630 5427 935 5481 omisimus.
969 5428 1044 5490 De
1103 5430 1187 5482 his
1228 5439 1405 5485 tamen
1437 5432 1686 5502 quaedam
1726 5433 2027 5501 particula-

532 5612 575 5643 ”
611 5608 777 5665 Marc.
814 5610 1052 5677 χνιᾼϐ,
1091 5610 1176 5669 16.

2136 4431 2464 4498 σωθήσεται.
2508 4432 2568 4485 ⁹0
2592 4433 2645 4485 δὲ
2684 4436 2990 4503 ἀπιστήσας
3023 4439 3528 4504 κατακριθήσεται.)
3554 4427 3655 4479 Biti-

2137 4536 2254 4581 πεις
2305 4521 2420 4582 “Et;
2467 4523 2723 4592 καθαρῶς
2773 4528 2869 4578 καὶ
2912 4527 3185 4597 ἀριδήὶως
3227 4528 3557 4594 ἀναφαίνεται
3592 4518 3653 4568 ὅτι

2136 4616 2263 4679 περὶ
2295 4611 2387 4664 τοῦ
2442 4614 2753 4681 ἀνθρώπου,
2786 4610 2846 4669 οὗ
2874 4618 3167 4670 ἀνελάόετο
3200 4621 3229 4670 6
3270 4619 3387 4677 λίς
3428 4608 3653 4671 καὶΛόῖος

2134 4703 2226 4755 τοῦ
2258 4702 2395 4756 Θεοῦ
2436 4708 2498 4756 ὲκ
2533 4706 2631 4774 τῆς
2666 4708 2828 4774 ἁγίας
2862 4709 3166 4778 Παρθένου,
3208 4710 3452 4776 λέγουσιν
3476 4703 3594 4757 αὐτὰ
3624 4697 3663 4749 οἱ

2133 4795 2430 4864 προφῆται,
2484 4796 2619 4873 ἀλλὰ
2659 4798 2721 4867 δὴ
2768 4802 2859 4852 καὶ⁵
2896 4801 3055 4863 αὐτὸς
3110 4806 3138 4853 6
3169 4803 3419 4870 Χριστὸς,
3457 4798 3539 4848 καὶ
3564 4788 3667 4858 περἱ

2135 4890 2301 4942 αὐτοῦ
2331 4894 2434 4944 εἱσι
2469 4894 2642 4945 πᾶσαι
2683 4896 2741 4946 αἱ
2763 4896 3066 4965 μαρτυρίαι
3099 4897 3191 4949 διὰ
3240 4897 3337 4966 τὴν
3367 4898 3467 4947 τῶν
3494 4884 3670 4956 ἀνθρώ·

2133 4998 2247 5035 πων
2274 4982 2557 5036 ἀσθένειαν
2584 5000 2598 5045 ζ
2632 4985 2800 5048 Αὐτὸς
2819 4987 2875 5039 δὲ
2895 4989 2921 5039 6
2954 4989 3074 5051 Υἱὸς
3098 4989 3195 5042 τοῦ
3220 4989 3371 5048 Θεοῦ,
3394 4986 3515 5038 καθὸ
3537 4980 3664 5037 Θεὸς.

2142 5075 2449 5144 μαρτυρίας
2493 5077 2555 5128 ού
2598 5078 2790 5134 δεῖται.
2832 5079 2997 5142 Ποίας
3036 5082 3147 5149 γὰρ
3192 5078 3485 5149 μαρτυρίας
3531 5074 3672 5126 δῑίται

2138 5163 2257 5223 ΘεόΔ
2289 5182 2303 5230 ;
2330 5168 2403 5217 Οὐ
2437 5167 2542 5236 μὴν
2572 5168 2686 5220 ἀλλ’
2716 5168 2905 5238 ῶσπερ
2932 5172 3025 5223 ἐπὶ
3047 5170 3150 5239 τῆς
3182 5171 3274 5223 τοῦ
3302 5164 3524 5239 Χριστοῦ
3549 5165 3672 5213 ὲντν·

2140 5254 2473 5326 θρωπήσεως
2502 5262 2595 5311 κα“·.
2619 5260 2712 5312 τοῦ
2738 5261 2976 5330 σταυροῦ
3011 5270 3106 5314 tu.
3140 5262 3237 5315 τοῦ
3275 5263 3411 5315 πάθο
3429 5276 3490 5320 ις,
3518 5254 3602 5317 τῆς
3627 5263 3672 5301 τι

2142 5348 2494 5410 ἀναστάσεως
2535 5350 2630 5402 καὶ
2658 5350 2755 5415 τῆς
2788 5351 2856 5403 αὑ
2876 5351 2954 5404 λοῦ
2990 5352 3334 5420 ἀναλήψεως,
3364 5348 3490 5402 ἀλλὰ
3512 5343 3567 5412 δὴ
3595 5336 3672 5391 τοῦ

2132 5438 2299 5511 νόμον
2327 5442 2421 5492 καὶ
2450 5440 2557 5495 τῶν
2586 5440 2790 5511 ἑτέρων
2829 5442 3064 5513 ἐλαλήθη
3076 5460 3176 5495 σαν
3203 5440 3541 5513 προφητεῖαι,
3571 5428 3679 5499 “id”
