3928 6212
283 309 388 374 58!

1229 306 1526 365 CONTRA
1573 302 2060 362 MANONIETEM
2111 305 2487 363 APOLOGIA
2531 306 2606 366 ιν
2873 308 2897 337 ‘

3435 312 3540 377 592

277 439 457 495 νησαν
485 421 728 492 δράσεις,
763 421 1010 488 ἐγένοντο
1048 419 1240 472 τύποιο
1270 420 1411 471 οὓτω
1451 422 1544 470 κιὶ
1588 418 1711 487 περὶ
1769 417 1856 468 τοῦ

1985 419 2120 471 riter
2173 430 2628 487 i.i-i':tringainus.
2684 421 2858 476 Moses
2901 423 2989 477 ille
3039 439 3281 495 magnus,
3339 428 3379 481 si
3430 446 3537 483 ltull

278 517 670 586 βαπτίσματος
710 512 960 581 ἐγένοντο
1011 515 1355 581 προφητεῖαι.
1393 513 1640 578 ἐγένοντο
1670 509 1854 572 τύποι,

277 609 434 674 ἅπερ
462 608 555 657 καὶ
587 604 675 657 διὰ
715 606 777 656 τδ
809 605 942 657 πολὺ
971 603 1069 672 τῆς
1110 603 1330 672 γραφῆς
1379 602 1817 672 παρῃτησάμεθα
1838 640 1855 666 ,

274 700 358 760 ὡς
393 697 486 749 καὶ
513 697 606 747 ἐπὶ
631 695 738 747 τῶν
765 696 985 765 ἑτέρων.
1033 694 1123 759 Ἐξ
1153 695 1378 747 ἐκείνων
1401 695 1456 746 δὲ
1504 692 1744 764 μερικῶς
1779 693 1855 744 εἰ·

274 803 502 854 πωμεν.
543 788 599 836 ’0
636 786 875 852 Μωῦτῖβ
904 785 1108 846 ἐκεῖνος
1133 786 1160 836 ὁ
1194 785 1388 851 μέγας,
1425 784 1586 851 εἴπερ
1614 783 1712 834 οὐκ
1745 781 1856 851 ετχε

272 875 622 927 διαϐιϐάσειν
648 874 734 926 διὰ
760 875 930 944 μέσης
958 874 1058 941 τῆς
1094 873 1357 942 Ἐρυθρᾶς
1393 873 1670 941 Θαλάσσης
1691 873 1750 923 τὸ
1774 872 1860 937 γέ-

275 983 378 1027 νος
405 966 511 1017 τῶν
550 965 838 1034 Ἐϐραίων,
870 966 1148 1018 ἀπώλοντο
1181 965 1248 1019 ἂν
1276 966 1381 1017 ὑπὸ
1412 965 1509 1017 τοῦ
1533 966 1752 1034 Φαραώ.
1799 965 1858 1016 '0

273 1057 382 1108 τοῦ
421 1057 576 1124 Ναυῆ
623 1058 734 1119 υίὸς
772 1056 978 1126 Ἰησοῦς
1013 1059 1059 1109 εί
1093 1058 1192 1109 οὐκ
1235 1056 1417 1126 ἐσχιζε
1451 1059 1544 1108 τὸν
1589 1056 1859 1125 Ἰορδάνην

276 1148 442 1200 ἔνθεν
471 1147 564 1200 καὶ
595 1147 767 1211 ἐνθεν,
804 1147 903 1200 οὐκ
929 1148 1244 1218 είσήρχοντο
1274 1148 1322 1200 oi
1369 1147 1610 1216 Ἑϐραῖοι
1647 1149 1723 1203 είς
1760 1149 1859 1216 τὴν

275 1239 390 1305 τῆς
419 1237 752 1304 ἐπαγγελίας
779 1239 904 1304 γῆν.
939 1237 1155 1290 Μᾶλλον
1189 1235 1246 1287 δὲ
1281 1239 1379 1304 τῆς
1409 1235 1642 1286 κιϐωτοῦ
1671 1235 1858 1287 £1006-

279 1349 392 1398 σης
439 1331 668 1402 πλησίον
718 1325 811 1382 τοῦ
860 1329 1129 1398 Ἰορδάνου
1189 1327 1459 1396 ποταμοῦ,
1513 1328 1737 1397 διῃρέθη
1794 1329 1861 1379 τὰ

280 1422 479 1484 ῦδατα,
520 1421 615 1472 καὶ
643 1417 856 1488 διῆλθεν
904 1419 998 1471 ἐπὶ
1025 1416 1118 1470 τοῦ
1151 1416 1314 1486 ξηροῦ
1349 1414 1495 1479 ἄπας
1524 1419 1550 1468 ὁ
1595 1416 1719 1477 λαὸς
1754 1418 1862 1467 τῶν

290 1511 591 1581 Ἐϐραίων.
627 1513 736 1564 Kal
764 1513 797 1580 ή
831 1511 1086 1575 κιϐωτὸς,
1121 1510 1240 1579 ητις
1273 1504 1339 1578 ἦν
1372 1510 1542 1572 τύπος
1574 1508 1674 1576 τῆς
1701 1509 1862 1574 ἁγίας

281 1605 511 1674 Μαρίας
541 1608 636 1673 τῆς
677 1604 972 1673 Παρθένου,
1003 1603 1101 1671 τῆς
1128 1603 1466 1676 γεννησάσης
1494 1601 1584 1654 τὸν
1611 1601 1738 1653 Υίον
1770 1602 1862 1653 καὶ

283 1696 464 1764 Λόγον
491 1693 584 1748 τοῦ
611 1691 745 1747 Θεοῦ
781 1695 922 1746 κατὰ
956 1694 1154 1763 σάρκα.
1199 1693 1357 1745 Ἀλλὰ
1393 1696 1485 1746 καὶ
1516 1694 1544 1745 6
1576 1693 1860 1762 προφήτης

295 1788 490 1850 Ἠλίας
514 1785 683 1854 ἔπηξε
708 1786 1112 1854 θυσιαστήριον,
1155 1785 1250 1837 καὶ
1283 1783 1395 1848 θεὶς
1424 1787 1491 1839 τά
1519 1801 1576 1838 τε
1609 1783 1741 1848 ξύλα
1770 1785 1861 1836 καὶ

283 1879 354 1932 τὸ
391 1877 757 1946 ὁλοκαύτωμα
794 1878 978 1929 ἐπάνω
1023 1876 1222 1939 αὐτῶν,
1255 1876 1315 1929 ού
1359 1876 1698 1947 προσέφερεν
1727 1876 1861 1939 ὅλως

287 1967 408 2039 πῦρ
424 1967 515 2020 ὶπ⁹
542 1968 746 2034 αὐτοῖς,
776 1967 891 2021 ἀλλ’
914 1967 1201 2038 ἐμπλήσας
1227 1967 1288 2020 τὸ
1322 1970 1706 2039 θυσιαστήριον
1733 1967 1861 2020 66a-

282 2073 396 2122 τος,
433 2058 803 2128 προσηύξατο,
829 2061 925 2112 καὶ
964 2058 1222 2113 κατελθὸν
1253 2061 1317 2113 ὲκ
1345 2059 1435 2112 τοῦ
1461 2058 1694 2132 ούρανοῦ
1750 2058 1863 2127 πῦρ

284 2149 596 2202 κατέκαυσε
645 2149 745 2220 τὴν
777 2149 987 2206 θυσίαν.
1041 2151 1202 2221 Ὁρᾷς
1235 2149 1351 2212 πῶς
1381 2152 1450 2203 τὰ
1497 2152 1676 2203 πάντα
1719 2149 1862 2220 ἅπερ

289 2240 688 2308 πρεσϐεύουσιν
731 2241 783 2294 οἱ
824 2242 1164 2312 Χριστιανοὶ,
1199 2241 1404 2295 ἄνωθεν
1441 2244 1532 2296 καὶ
1580 2241 1640 2306 ἐξ
1685 2242 1861 2312 ἀρχῆς

297 2333 583 2400 κέκτηνται
611 2335 711 2395 τὰς
769 2334 1104 2404 μαρτυρίας
1138 2333 1324 2388 Ταῦτα
1358 2334 1536 2388 πάντα
1569 2335 1665 2387 καὶ
1693 2335 1858 2404 ἕτερα

306 2419 474 2478 τύπος
499 2415 634 2486 ἦσαν
669 2417 762 2471 τοῦ
795 2419 1196 2490 βαπτίσματος.
1245 2421 1414 2473 Ἀνευ
1448 2423 1555 2490 γὰρ
1583 2419 1770 2473 τούτου
1799 2421 1862 2490 δὴ

309 2505 401 2556 τοῦ
434 2507 799 2576 βαπτίσματος
828 2508 1066 2576 σωθῆναι
1099 2510 1389 2579 ἄνθρωπον
1428 2511 1526 2562 οὐκ
1565 2510 1678 2562 ἔστι
1711 2512 1864 2563 δυνα-

299 2596 407 2650 τόν.
433 2597 528 2650 Διά
558 2615 638 2649 τοι
667 2598 826 2653 τοῦτο
853 2600 945 2652 καὶ
978 2601 1005 2652 ὁ
1043 2599 1278 2669 Χριστὸς
1329 2598 1573 2668 εἴρηκεν,
1607 2619 1624 2650 ι
1668 2600 1724 2652 Ὁ
1775 2617 1864 2652 πι-

292 2689 522 2750 στεύσας
561 2690 652 2741 καὶ
682 2689 996 2758 βαπτισθεὶς
1021 2691 1342 2761 σωθήσεται.
1385 2691 1444 2743 Ὀ
1469 2691 1525 2743 δὲ
1553 2692 1862 2760 ἀπιστήσας

287 2781 774 2848 κατακριθήσεται.
807 2801 824 2831 ι
853 2779 1072 2834 Τούτων
1089 2782 1145 2834 δὲ
1172 2783 1386 2835 πάντων
1405 2781 1576 2845 οὓτως
1608 2783 1857 2852 ἑχόντων,

285 2871 388 2921 οῦκ
413 2870 527 2922 ἔστι
554 2871 762 2938 γελοῖον
793 2873 1048 2944 πρᾶγμα,
1084 2873 1172 2925 ἵνα
1202 2874 1296 2934 τὰς
1325 2873 1423 2944 μὲν
1456 2873 1676 2944 βίϐλους
1701 2879 1862 2944 τιμᾶ-

284 2975 372 3022 τε,
409 2961 500 3012 τὸν
544 2961 675 3030 παρ’
702 2963 880 3015 αὐτῶν
911 2963 967 3016 δὲ
1016 2942 1335 3034 τιμώμενον*
1366 2942 1496 3019 Θεδν
1542 2942 1859 3036 ἀτιμάζετε,

1959 510 2223 576 potuisset
2274 526 2370 578 per
2431 525 2581 564 mare
2634 511 2884 565 Rubrum
2919 513 3269 569 Hebraeorum
3324 531 3539 584 genti-nn

1961 599 2267 657 traducere,
2288 600 2578 666 periissent
2600 617 2728 654 sane
2756 603 3052 658 Pharaonis
3079 607 3332 661 inanibus
3377 609 3544 662 JOslle

1958 689 2123 742 etiam
2170 690 2316 744 filius
2344 691 2487 755 Ruri,
2523 693 2623 745 nisi
2659 691 2952 747 Jordanem
2993 695 3043 748 iu
3085 698 3331 751 diversas
3361 712 3542 764 partes

1963 780 2237 834 sec-uisset
2273 819 2286 843 ,
2356 797 2462 833 non
2529 782 2754 852 ingrcssi
2821 785 3053 840 fuissent
3105 787 3279 841 .Iud:ei
3335 801 3536 844 terram

1959 870 2326 940 promissam;
2366 886 2488 923 arca
2516 887 2648 924 vero
2689 875 2914 942 propius
2945 878 3136 944 propin
3171 895 3277 947 que
3319 881 3383 931 ad
3425 881 3543 932 Jor-

1964 962 2159 1012 danem
2190 959 2414 1012 fluvium
2456 961 2614 1014 allaia
2643 1005 2656 1022 .
2703 978 2856 1032 aquae
2905 966 3093 1020 divisa:
3137 978 3294 1033 sunt,
3331 980 3386 1023 et
3447 989 3491 1036 pi
3517 988 3544 1024 r

1961 1049 2168 1103 siccum
2196 1051 2448 1104 transivit
2476 1054 2658 1106 omnis
2687 1052 3000 1108 Judteurum
3036 1060 3305 1126 pepulns;
3334 1070 3387 1113 et
3414 1077 3488 1113 an
3510 1078 3540 1116 a

1965 1145 2125 1206 typus
2172 1147 2290 1191 erat
2343 1138 2482 1192 divae
2545 1140 2780 1208 Virginis
2833 1141 3032 1205 Mariw,
3073 1161 3194 1213 qua:
3247 1147 3442 1200 Filium
3486 1163 3542 1203 et
3602 1181 3606 1185 ι

1963 1228 2200 1282 Verbum
2238 1229 2329 1283 Dei
2367 1231 2668 1284 secundum
2711 1247 2927 1286 carnem
2964 1237 3194 1303 peperit.
3237 1237 3536 1303 Caeterum,

1963 1328 2017 1373 et
2050 1321 2312 1388 propheta
2359 1321 2505 1374 Elius
2536 1324 2808 1375 exstruxit
2837 1325 3030 1389 altare,
3061 1337 3116 1379 et
3173 1327 3334 1396 lignis
3382 1331 3540 1384 ho'o-

1965 1409 2280 1476 cauSIisque
2315 1411 2476 1464 simul
2511 1413 2804 1480 impositis,
2843 1417 3051 1468 nullum
3087 1425 3314 1472 omnino
3351 1422 3436 1490 ign
3480 1436 3531 1474 m

1969 1497 2261 1564 inferebat,
2290 1498 2385 1552 sed
2427 1516 2550 1554 cum
2577 1500 2748 1554 altare
2773 1518 2912 1571 aqua
2939 1504 3289 1570 perfudisset,
3323 1510 3539 1574 orabat,

1965 1590 2214 1658 caeloque
2263 1591 2531 1659 delapsus
2592 1592 2737 1662 ignis
2791 1595 3122 1648 sacrificium
3169 1604 3537 1668 consumpsit.

1965 1679 2199 1734 Vi‘desne
2253 1681 2416 1750 igitur
2466 1685 2740 1751 quomodo
2815 1685 3020 1750 omnia,
3070 1705 3192 1757 quae
3238 1690 3422 1745 Christ
3447 1695 3537 1748 aui

1966 1770 2174 1832 colunt,
2210 1773 2402 1840 primis
2430 1772 2540 1826 illis
2578 1782 2634 1827 et
2664 1777 2896 1829 vetustis
2930 1777 3260 1834 testimoniis
3285 1797 3538 1849 ροιιῳι-υο

1967 1859 2092 1916 bata
2143 1863 2469 1918 sunt?H.-ec
2524 1865 2674 1919 enim
2723 1875 2777 1920 et
2836 1867 2940 1921 alia
2990 1870 3158 1923 multa
3209 1872 3536 1940 baptismum

1964 1952 2318 2011 denotabant.
2375 1955 2507 2010 Sine
2560 1958 2662 2010 hoc
2696 1958 2841 2012 enim
2880 1958 3154 2014 hominem
3204 1963 3424 2029 salvari,
3453 1975 3540 2022 est

1965 2042 2328 2114 impossibile.
2390 2043 2735 2116 Quapropter
2791 2055 2848 2102 et
2911 2049 3026 2118 ipse
3079 2050 3332 2108 Christus
3359 2056 3534 2111 dixit:

1973 2152 1989 2182 ι
2029 2133 2132 2198 Qui
2161 2136 2460 2190 crediderit
2508 2146 2564 2191 et
2597 2137 2906 2206 baptizatus
2954 2141 3118 2194 [ωλι-Λ
3143 2183 3157 2206 ,
3195 2145 3534 2214 salvahitur;

1967 2226 2060 2294 qui
2099 2240 2231 2280 vero
2291 2243 2396 2282 non
2448 2228 2767 2290 crediderit.
2814 2231 3298 2289 condemuabitur.
3336 2253 3352 2286 ι
3396 2236 3534 2293 Cum

1969 2332 2101 2368 vero
2155 2316 2270 2370 haec
2297 2318 2480 2371 omnia
2509 2318 2587 2372 sic
2630 2334 2687 2372 se
2716 2319 2974 2382 habeant,
3011 2338 3192 2376 nonne
3246 2325 3286 2377 ri
3315 2325 3534 2383 Siculum

1971 2408 2156 2469 fuerit,
2193 2409 2338 2476 quod
2390 2408 2561 2462 libros
2587 2411 2812 2478 quidem
2841 2427 3056 2465 summo
3097 2414 3304 2468 honore
3339 2432 3534 2485 prme-

1964 2499 2220 2567 quimini,
2253 2500 2422 2554 Deum
2458 2516 2589 2554 vero
2634 2502 2688 2555 in
2727 2501 2813 2554 his
2860 2503 3197 2558 celebratum
3231 2508 3540 2561 contemni-

1966 2597 2055 2654 tis,
2089 2591 2336 2645 dicentes
2386 2591 2665 2645 hominem
2707 2608 2850 2655 esse,
2887 2603 2942 2647 et
2988 2611 3092 2646 non
3129 2597 3342 2649 Deum?
3381 2597 3537 2654 Licet

1964 2681 2142 2751 itaque
2172 2697 2333 2751 quam
2357 2683 2632 2737 fusissime
2663 2683 2776 2737 fieri
2821 2687 3015 2754 potuit,
3050 2703 3156 2739 non
3188 2691 3533 2758 scripsimus,

1966 2785 2188 2841 propter
2219 2774 2440 2827 nimiam
2483 2776 2768 2842 scripturae
2799 2777 3011 2842 rapiam
3039 2817 3052 2837 ,
3089 2780 3413 2847 tardumque
3452 2781 3537 2833 iii-

1963 2863 2240 2917 firmitalis
2283 2874 2386 2918 tua:
2429 2865 2720 2934 judicium,
2776 2868 3144 2922 nihilominus
3197 2881 3376 2925 tamen
3421 2871 3537 2926 ha-c

1967 2963 2115 3007 tanta
2151 2956 2492 3023 scripsimus,
2532 2967 2590 3010 ut
2642 2958 2724 3010 vel
2786 2960 3162 3028 stupidissimo
3214 2965 3280 3016 ad
3327 2974 3536 3018 rectum

285 3051 577 3122 ἄνθρωπον
611 3053 858 3121 λέγοντες
896 3050 1056 3120 εἶναι,
1095 3055 1190 3108 καὶ
1239 3055 1298 3107 ού
1327 3055 1495 3118 Θεόν;
1539 3056 1691 3108 Ἐπεὶ
1729 3057 1858 3125 γοῦν

1966 3061 2264 3116 verumque
2299 3049 2624 3102 discendum
2667 3049 2958 3105 sufﬁciant.
2996 3051 3061 3104 Et
3112 3069 3239 3108 ecce
3298 3055 3442 3110 idem
3479 3057 3533 3110 in

289 3140 395 3192 κᾶν
423 3141 516 3192 καὶ
553 3140 1012 3212 πεπλατυσμένως
1039 3143 1138 3195 ούκ
1175 3141 1495 3212 ἐγράψαμεν
1523 3142 1611 3195 διὰ
1637 3145 1698 3197 τὸ
1725 3145 1859 3198 πολὺ

291 3230 472 3300 μῆκος
501 3231 594 3299 τῆς
619 3233 854 3300 γραφῆς.
889 3234 977 3285 καῖ
1009 3232 1096 3284 διὰ
1131 3231 1190 3284 τὸ
1217 3231 1596 3300 δυτδιὰκριτον
1626 3233 1723 3303 τῆς
1761 3235 1862 3302 σῆς

287 3322 602 3384 ὸσθενε’ἰα;,
628 3321 745 3377 ἀλλ’
784 3317 880 3375 οὖν
917 3323 1078 3377 πάλιν
1122 3320 1375 3376 τοσοῦτον
1407 3322 1746 3392 ἐγράψαμεν,
1777 3325 1859 3377 ὅτι

288 3418 387 3466 καὶ
419 3416 510 3464 τὸν
539 3417 715 3484 πάντη
759 3414 1049 3481 ἀγνώμονα
1079 3416 1239 3484 ἀρκεῖ
1271 3416 1357 3466 ἵνα
1397 3414 1582 3487 διδάξῃ
1611 3415 1669 3466 τὸ
1702 3417 1860 3483 ὀρθὸν

289 3505 387 3556 καὶ
418 3506 515 3574 τὴν
565 3505 842 3573 ἀλήθειαν.
883 3505 989 3556 Καὶ
1023 3504 1131 3557 ἰδοὺ
1162 3504 1264 3566 ἕως
1309 3505 1408 3573 τῆς
1455 3509 1692 3576 σήμερον
1729 3507 1860 3560 αύτδ

286 3595 451 3648 τοῦτο
478 3594 961 3664 παρηκολούθησεν
985 3596 1062 3657 είς
1092 3595 1170 3657 σὲ,
1199 3596 1333 3664 ὅπερ
1351 3597 1440 3647 καί
1472 3597 1690 3648 ἐπὶτῶν
1731 3597 1860 3650 Ἰου-

285 3687 479 3742 δαίων.
527 3687 644 3739 Ἐπ’
676 3688 902 3750 ἐκείνοις
933 3687 1041 3758 γὰρ
1075 3684 1228 3740 εἶπεν
1271 3688 1298 3739 6
1331 3687 1480 3751 Θεὸς,
1511 3704 1529 3737 ι
1564 3688 1730 3739 Δώσω
1761 3688 1860 3741 αὒ-

285 3781 402 3844 τοίς
439 3779 614 3848 λιμὸν,
653 3782 749 3832 καὶ
773 3779 831 3831 ού
862 3778 1019 3849 λιμὸν
1046 3780 1212 3849 ἄρτον
1245 3780 1339 3831 καὶ
1368 3779 1578 3842 ὓδατος,
1611 3778 1746 3831 ἀλλὰ
1775 3779 1858 3832 λι-

289 3869 395 3937 μὸν
415 3870 506 3922 τοῦ
532 3869 762 3923 ἀκοῦσαι
789 3871 944 3937 λόγον
978 3870 1202 3939 Κυρίου.
1236 3889 1254 3922 ι
1282 3870 1388 3924 Kal
1420 3870 1589 3932 οὕτως
1620 3871 1858 3938 ἐγένετο.

301 3959 439 4012 ’Δπδ
475 3963 581 4030 γὰρ
607 3959 703 4013 τοῦ
751 3961 946 4030 καιροῦ
999 3953 1230 4023 ἐκείνου,
1263 3960 1382 4012 καθ’
1428 3959 1486 4012 6v
1519 3961 1784 4014 ἀπέθανεν
1830 3961 1860 4012 ὁ

286 4052 547 4119 Χριστὸς,
570 4053 662 4104 καὶ
684 4051 874 4104 ἔλαϐον
896 4052 994 4120 τῆν
1021 4049 1416 4129 ἀσυμπαθητον
1438 4052 1533 4104 καὶ
1563 4051 1858 4119 ἀτελεύτη-

286 4159 382 4195 τον
408 4143 594 4210 δργὴν,
622 4143 730 4195 ἀπὸ
751 4141 869 4194 τότε
889 4141 1033 4204 ἅπας
1051 4141 1344 4210 ἁγιασμὸς,
1375 4143 1520 4194 πᾶσα
1540 4140 1857 4194 διδασκαλία

285 4232 502 4302 emta
542 4234 598 4298 ὲξ
640 4233 840 4286 αὐτῶν.
877 4233 1016 4285 Δύτὺ
1049 4232 1180 4302 γοῦν
1211 4233 1372 4286 τοῦτο
1406 4231 1856 4301 παρηκολούθησε

286 4328 386 4379 καὶ
419 4327 497 4388 είς
552 4324 642 4376 σέο
675 4324 779 4386 ἓως
826 4322 933 4393 γὰρ
979 4323 1076 4393 τῆς
1109 4324 1348 4394 σήμερον
1383 4323 1539 4390 λόγον
1567 4321 1700 4375 Θεοῦ
1731 4320 1856 4374 οὔτε

1966 3154 2016 3195 te
2079 3141 2262 3205 hodie,
2309 3143 2453 3210 quod
2491 3154 2545 3197 et
2594 3145 2646 3197 in
2690 3144 2929 3208 JlltliBOS,
2964 3149 3252 3214 competit.
3301 3147 3372 3200 De
3427 3149 3532 3203 illis

1961 3231 2108 3283 enim
2144 3231 2280 3283 dixit
2314 3231 2579 3286 Dominus
2608 3249 2622 3286 :
2656 3250 2675 3284 ι
2720 3235 2868 3287 Dabo
2909 3235 3016 3289 illis
3046 3238 3242 3288 fami-in
3267 3279 3281 3300 ,
3303 3237 3396 3291 sed
3427 3253 3535 3292 non

1962 3320 2160 3374 famem
2198 3324 2353 3390 panis
2394 3331 2448 3376 et
2496 3339 2669 3391 aqua),
2702 3325 2795 3379 sed
2832 3326 3028 3379 famem
3053 3329 3308 3382 audiendi
3369 3331 3534 3384 verba

1961 3413 2178 3465 Domini
2209 3413 2278 3466 ’⁸.
2337 3430 2355 3463 ι
2408 3413 2473 3466 Et
2535 3415 2616 3468 sic
2645 3417 2868 3468 omnino
2926 3418 3131 3470 evenit.
3190 3422 3232 3470 A
3290 3427 3535 3488 tempore

1959 3503 2106 3557 enim
2140 3504 2253 3568 illo,
2286 3519 2394 3572 quo
2423 3505 2676 3560 Chrisuis
2705 3516 2934 3559 mortem
2967 3508 3159 3570 subiit,
3189 3509 3242 3561 in
3276 3510 3411 3562 iram
3450 3512 3535 3564 io-

1961 3594 2215 3648 ciderimt
2263 3595 2778 3650 irreconciliabilem
2835 3607 2891 3650 et
2958 3599 3350 3666 sempiternam
3395 3617 3410 3651 :
3465 3615 3549 3675 ex.

1962 3694 2094 3739 tunc
2123 3686 2301 3740 omnis
2327 3686 2689 3740 sanctificatio
2722 3688 3010 3756 omnisque
3049 3688 3300 3742 doctrina
3323 3691 3535 3746 attritis

1960 3775 2180 3829 defecit.
2215 3775 2360 3830 Idem
2394 3778 2560 3847 igitur
2588 3788 2638 3831 et
2675 3778 2731 3832 in
2767 3789 2818 3830 te
2863 3778 3151 3846 contingit.
3186 3779 3318 3831 Nam
3350 3780 3403 3834 in
3434 3781 3535 3834 ho-

1961 3865 2214 3919 diernum
2237 3864 2382 3918 diem
2414 3882 2586 3935 usque
2610 3868 2838 3921 verbum
2871 3867 2964 3922 Dei
2993 3884 3094 3922 nec
3120 3871 3401 3933 audivisti,
3432 3886 3534 3926 nec

1957 3955 2186 4010 edoctus
2211 3971 2314 4012 es:
2369 3957 2464 4010 sed
2500 3957 2552 4009 in
2603 3957 2840 4012 stultitia
2885 3958 3254 4025 ainbnlavisti,
3285 3969 3339 4014 et
3377 3971 3532 4017 tene.

1959 4046 2092 4102 bris.
2138 4047 2296 4102 Nunc
2327 4064 2455 4102 Vero
2483 4048 2647 4102 missa
2687 4049 2784 4102 tibi
2815 4046 2943 4103 sunt
2972 4051 3063 4105 Dei
3107 4052 3349 4114 oracula,
3395 4069 3529 4108 san-

1958 4149 2172 4193 ctorum
2238 4148 2295 4194 et
2359 4139 2750 4208 prophetarum
2821 4140 3121 4210 dogmata;
3190 4142 3304 4198 haec
3360 4144 3578 4214 igitur’

1959 4238 2170 4284 attente
2205 4231 2518 4291 considera.
2549 4240 2606 4285 et
2657 4231 2770 4286 fine
2833 4231 3128 4302 diligenter
3180 4235 3426 4304 inspec;o
3476 4245 3531 4290 et

1968 4329 2222 4373 accurata
2282 4319 2640 4388 inquisitione
2676 4319 2858 4385 stude,
2892 4335 2962 4374 ne
2996 4321 3224 4390 posthac
3275 4324 3327 4375 in
3382 4333 3533 4378 tene-

286 4418 550 4485 ἥκοντας,
581 4414 701 4468 οῦτε
730 4414 1032 4483 ἐδιδάχθης,
1073 4413 1188 4466 ἀλλ’
1231 4417 1291 4468 ὲν
1323 4415 1648 4481 ματαιότητι
1677 4414 1772 4465 καὶ
1802 4413 1858 4464 ὲν

1969 4411 2082 4465 bris
2121 4411 2390 4476 ambules,
2448 4426 2516 4465 ne
2576 4411 2708 4465 illud
2741 4411 2962 4466 Davidis
3012 4411 3066 4465 in
3127 4422 3178 4467 te
3235 4413 3531 4480 impleatur

287 4507 477 4558 σκότει
505 4502 647 4575 ἦσθα
671 4506 1059 4574 πορευόμενος.
1079 4503 1259 4558 Τανῦν
1280 4503 1336 4565 δὲ
1356 4503 1635 4572 ἀπεστάλη
1645 4503 1744 4556 σάν
1769 4520 1856 4558 σοι

286 4599 443 4664 λόγοι
465 4597 600 4649 Θεοῦ
625 4598 718 4650 καὶ
737 4595 1077 4649 διδασκαλίαι
1100 4595 1208 4649 τῶν
1231 4595 1401 4662 ἁγίων
1427 4596 1521 4648 καὶ
1545 4594 1858 4666 προφητῶν.

291 4691 405 4743 Καὶ
433 4690 630 4756 σκέψαι
658 4688 796 4741 αὐτὰ
828 4686 1116 4756 νουνεχῶς,
1144 4687 1240 4739 καὶ
1273 4687 1410 4753 μετὰ
1441 4686 1860 4755 μεμεριμνημέη

287 4798 386 4834 νου
419 4779 643 4841 σκοποῦ,
669 4781 763 4833 καὶ
783 4777 1042 4848 ἀκριϐοῦς
1075 4777 1390 4840 ἐξετάσεως.
1420 4777 1526 4829 Καὶ
1563 4776 1866 4829 σπούδασον

290 4874 383 4925 ἵνα
419 4871 616 4938 μηκέτι
666 4871 724 4922 ἐν
749 4871 817 4939 τῇ
853 4867 1046 4937 σκοτία
1081 4866 1399 4937 περιπατῶν
1437 4866 1685 4936 εὑρίσκῃ.
1726 4866 1860 4936 μηδὲ

289 4961 557 5032 πληρωθῇ
581 4961 639 5013 τὸ
669 4959 764 5012 τοῦ
784 4958 944 5012 Δαϐἱδ
971 4959 1061 5010 ἐπὶ
1086 4959 1168 5010 σοὶ
1196 4957 1396 5024 λόγιον,
1421 4957 1480 5008 τὸ
1507 4959 1678 5034 λέγον,
1694 4977 1711 5006 ι
1742 4957 1864 5011 Υἱοὶ

289 5051 619 5122 ἀνθρώπων,
653 5053 758 5114 ἕως
792 5051 921 5104 πότε
958 5048 1343 5119 βαρυκάρδιοι;
1386 5048 1470 5100 ἴνα
1507 5047 1560 5099 τί
1608 5048 1860 5114 ἀγαπᾶτε

293 5144 656 5214 ματαιότητα,
704 5145 795 5196 καὶ
841 5143 1054 5212 ζητεῖτε
1103 5140 1344 5210 ψεῦδος;
1387 5143 1500 5194 Kal
1555 5142 1728 5208 γνῶτε
1779 5143 1862 5194 ὅτι

287 5235 686 5303 ἐθαυμάστωσε
719 5235 920 5304 Κύριος
952 5234 1044 5286 τὸν
1061 5234 1206 5287 ὅσιον
1236 5232 1426 5296 αὐτοῦ,
1454 5253 1472 5284 ι
1501 5233 1749 5286 τουτέστι
1773 5231 1864 5286 τὸν

287 5327 552 5394 Χριστόν.
593 5324 755 5379 Ἀλλὰ
786 5327 850 5395 δὴ
883 5325 975 5378 καὶ
1003 5325 1064 5377 τὺ
1097 5325 1192 5377 τοῦ
1229 5325 1463 5395 μεγάλου
1505 5325 1600 5378 καὶ
1647 5323 1863 5394 θαυμα-

288 5413 424 5468 στοῦ
455 5415 818 5482 Σολομῶντος,
850 5418 910 5468 τὸ
931 5415 1088 5482 λέγον
1117 5417 1199 5468 ὅτι
1227 5433 1247 5466 ι
1279 5417 1371 5478 Et;
1397 5413 1664 5483 κακοθελῆ
1688 5414 1864 5483 ψυχὴν

287 5506 458 5574 carpta.
492 5503 626 5558 Θεοῦ
655 5507 756 5560 υύκ
785 5505 1175 5573 εἰσελεύσεται,
1211 5508 1269 5558 ού
1295 5507 1351 5560 δὲ
1385 5507 1442 5558 ἑν
1471 5506 1685 5575 σώματι
1721 5507 1860 5558 ύποο

360 5685 412 5718 ’⁸
436 5686 624 5751 Amos,
653 5703 767 5753 vni,
801 5687 884 5742 ll.

1957 4504 2259 4566 oraculum,
2317 4503 2510 4557 dicens
2558 4519 2573 4557 :
2627 4521 2646 4554 ι
2679 4502 2802 4557 Filii
2859 4504 3178 4569 hominum,
3243 4521 3531 4576 quouSque

1959 4593 2270 4662 aggravatis
2325 4594 2459 4648 cor?
2510 4594 2756 4664 quandiu
2809 4581 3038 4664 diligitis
3103 4597 3419 4661 vanitatem,
3477 4607 3534 4655 et

1960 4681 2203 4749 quaeritis
2251 4681 2643 4736 mendacium?
2693 4683 2761 4736 Et
2812 4685 3166 4753 cognoscite,
3203 4686 3349 4754 quod
3383 4686 3527 4738 Deus

1962 4772 2194 4827 mirifice
2240 4773 2437 4828 extulit
2492 4761 2742 4828 sanctum
2783 4789 2944 4828 suum
2974 4776 3040 4838 ’³,
3089 4794 3108 4826 ι
3156 4776 3206 4827 id
3239 4785 3322 4829 est
3376 4777 3533 4827 (Lhri-

1962 4873 2131 4918 stum.
2181 4863 2324 4930 Quin
2373 4875 2428 4921 et
2485 4866 2618 4920 illud
2680 4867 2860 4934 magni
2911 4867 3058 4920 illius
3107 4877 3160 4919 et
3221 4866 3529 4918 admirandi

1961 4955 2290 5021 Solomonis,
2341 4958 2569 5013 dicens:
2632 4975 2650 5007 ι
2704 4957 2762 5010 In
2799 4959 3037 5010 animam
3089 4956 3411 5010 m'alevolam
3449 4971 3533 5008 sa-

1961 5047 2168 5116 pientia
2210 5048 2305 5102 Dei
2363 5063 2471 5101 non
2530 5048 2742 5113 transit,
2779 5063 2883 5102 nec
2940 5049 2994 5101 in
3034 5063 3235 5116 corpus
3291 5049 3532 5115 peccatis

1959 5138 2205 5192 deditum
2234 5139 2274 5193 ‘.
2313 5156 2329 5188 ι
2372 5139 2454 5193 Ne
2503 5139 2702 5194 similis
2735 5139 2833 5193 fias
2883 5138 3105 5193 deserto
3140 5147 3195 5192 et
3247 5137 3530 5192 solitudini

1960 5228 2148 5298 spinas
2191 5229 2540 5298 producenti,
2575 5239 2630 5285 et
2665 5231 2902 5286 tribulos
2939 5249 2953 5284 :
2991 5230 3084 5285 sed
3117 5233 3304 5301 potius
3333 5231 3532 5286 similis

1960 5323 2038 5378 sis
2071 5332 2227 5377 terra:
2259 5321 2587 5387 fructiferae,
2633 5339 2754 5394 qua:
2794 5338 2982 5378 semen
3016 5332 3330 5391 susceptum
3367 5323 3532 5390 trige-

1960 5416 2206 5484 cuplum,
2233 5418 2676 5488 sexagccuplum,
2707 5425 2763 5470 et
2792 5417 3111 5485 centuplum
3145 5414 3414 5484 rependit.
3440 5413 3532 5466 Sic

1963 5515 2020 5559 tu
2049 5516 2268 5573 recepto
2301 5506 2586 5578 Evangelii
2620 5507 2790 5562 verbo
2824 5506 3063 5561 fructum
3114 5508 3362 5576 proferas
3403 5518 3534 5558 ceu-

961 5689 1005 5722 ”
1039 5687 1181 5744 Psal.
1213 5701 1285 5755 iv,
1323 5689 1379 5754 2,
1416 5689 1468 5744 5.
1548 5688 1565 5719 ¹
1603 5689 1732 5753 Sap.
1761 5703 1800 5755 ι,
1827 5688 1894 5755 4;
1934 5687 2088 5744 Deut.
2120 5702 2306 5751 xxviii,
2346 5688 2438 5744 53.
