  <div class='ocr_page' id='page_1' title='image "/cluster/home/n/w/nwhite01/storage/ocr_20150623/154/hvd.32044073505299/310.png"; bbox 0 0 3928 6212; ppageno 0'>
   <div class='ocr_carea' id='block_1_1' title="bbox 450 320 555 380">
    <p class='ocr_par' dir='ltr' id='par_1_1' title="bbox 450 320 555 380">
     <span class='ocr_line' id='line_1_1' title="bbox 450 320 555 380; baseline -0.01 -1"><span class='ocrx_word' id='word_1_1' title='bbox 450 320 555 380; x_wconf 62' lang='lat'><strong><em>5.85</em></strong></span> 
     </span>
    </p>
   </div>
   <div class='ocr_carea' id='block_1_2' title="bbox 1326 327 2769 404">
    <p class='ocr_par' dir='ltr' id='par_1_2' title="bbox 1326 327 2769 404">
     <span class='ocr_line' id='line_1_2' title="bbox 1326 327 2769 404; baseline 0.011 -17"><span class='ocrx_word' id='word_1_2' title='bbox 1326 327 1620 387; x_wconf 69' lang='lat' dir='ltr'><strong><em>CONTRA</em></strong></span> <span class='ocrx_word' id='word_1_3' title='bbox 1660 328 2148 392; x_wconf 71' lang='lat' dir='ltr'><strong><em>MAHOME&#39;I‘EM</em></strong></span> <span class='ocrx_word' id='word_1_4' title='bbox 2188 336 2619 401; x_wconf 77' lang='lat' dir='ltr'><strong><em>ORA&#39;IIONES</em></strong></span> <span class='ocrx_word' id='word_1_5' title='bbox 2675 344 2769 404; x_wconf 85' lang='lat' dir='ltr'><strong><em>IV.</em></strong></span> 
     </span>
    </p>
   </div>
   <div class='ocr_carea' id='block_1_3' title="bbox 3577 364 3680 423">
    <p class='ocr_par' dir='ltr' id='par_1_3' title="bbox 3577 364 3680 423">
     <span class='ocr_line' id='line_1_3' title="bbox 3577 364 3680 423; baseline 0.029 -3"><span class='ocrx_word' id='word_1_6' title='bbox 3577 364 3680 423; x_wconf 62' lang='grc' dir='ltr'><strong><em>ωδ</em></strong></span> 
     </span>
    </p>
   </div>
   <div class='ocr_carea' id='block_1_4' title="bbox 450 423 1968 527">
    <p class='ocr_par' dir='ltr' id='par_1_4' title="bbox 450 423 1968 503">
     <span class='ocr_line' id='line_1_4' title="bbox 450 423 1968 503; baseline 0.006 -25"><span class='ocrx_word' id='word_1_7' title='bbox 450 426 537 495; x_wconf 67' lang='grc' dir='ltr'><em>ιβ’.</em></span> <span class='ocrx_word' id='word_1_8' title='bbox 573 427 706 478; x_wconf 83' lang='grc' dir='ltr'><em>Ὀτι</em></span> <span class='ocrx_word' id='word_1_9' title='bbox 736 423 1100 490; x_wconf 74' lang='grc' dir='ltr'><strong><em>ἐντέλλεται,</em></strong></span> <span class='ocrx_word' id='word_1_10' title='bbox 1129 429 1230 482; x_wconf 68' lang='grc' dir='ltr'><em>ἵνα</em></span> <span class='ocrx_word' id='word_1_11' title='bbox 1260 430 1453 496; x_wconf 74' lang='grc' dir='ltr'><em>οὐδεὶς</em></span> <span class='ocrx_word' id='word_1_12' title='bbox 1480 432 1587 499; x_wconf 77' lang='grc' dir='ltr'><strong><em>τῆς</em></strong></span> <span class='ocrx_word' id='word_1_13' title='bbox 1613 435 1848 489; x_wconf 81' lang='grc' dir='ltr'><em>ἐκείνου</em></span> <span class='ocrx_word' id='word_1_14' title='bbox 1874 453 1968 503; x_wconf 81' lang='grc' dir='ltr'><strong><em>φρι</em></strong></span> 
     </span>
    </p>
   </div>
   <div class='ocr_carea' id='block_1_5' title="bbox 2107 423 3687 527">
    <p class='ocr_par' dir='ltr' id='par_1_5' title="bbox 2126 439 3687 527">
     <span class='ocr_line' id='line_1_5' title="bbox 2126 439 3687 527; baseline 0.021 -38"><span class='ocrx_word' id='word_1_15' title='bbox 2126 439 2208 495; x_wconf 71' lang='grc'><strong><em>12.</em></strong></span> <span class='ocrx_word' id='word_1_16' title='bbox 2250 442 2399 505; x_wconf 90' lang='lat' dir='ltr'><strong><em>Quod</em></strong></span> <span class='ocrx_word' id='word_1_17' title='bbox 2433 448 2783 514; x_wconf 73' lang='lat' dir='ltr'><strong><em>interdixerit.</em></strong></span> <span class='ocrx_word' id='word_1_18' title='bbox 2814 470 2876 508; x_wconf 83' lang='lat' dir='ltr'><strong><em>ne</em></strong></span> <span class='ocrx_word' id='word_1_19' title='bbox 2918 458 3035 527; x_wconf 87' lang='lat' dir='ltr'><strong><em>quis</em></strong></span> <span class='ocrx_word' id='word_1_20' title='bbox 3062 474 3172 513; x_wconf 75' lang='lat' dir='ltr'><strong><em>sua:</em></strong></span> <span class='ocrx_word' id='word_1_21' title='bbox 3198 471 3352 516; x_wconf 70' lang='lat' dir='ltr'><strong><em>secta</em></strong></span> <span class='ocrx_word' id='word_1_22' title='bbox 3381 464 3461 517; x_wconf 99' lang='lat' dir='ltr'><strong><em>vel</em></strong></span> <span class='ocrx_word' id='word_1_23' title='bbox 3490 471 3687 522; x_wconf 75' lang='lat' dir='ltr'><strong><em>Ordinis</em></strong></span> 
     </span>
    </p>
   </div>
   <div class='ocr_carea' id='block_1_6' title="bbox 514 516 2010 594">
    <p class='ocr_par' dir='ltr' id='par_1_6' title="bbox 514 516 2010 594">
     <span class='ocr_line' id='line_1_6' title="bbox 514 516 2010 594; baseline 0.008 -25"><span class='ocrx_word' id='word_1_24' title='bbox 514 517 681 585; x_wconf 83' lang='grc' dir='ltr'><em>τρίας</em></span> <span class='ocrx_word' id='word_1_25' title='bbox 731 516 881 583; x_wconf 79' lang='grc' dir='ltr'><em>μετά</em></span> <span class='ocrx_word' id='word_1_26' title='bbox 928 532 1090 583; x_wconf 90' lang='grc' dir='ltr'><em>τινος</em></span> <span class='ocrx_word' id='word_1_27' title='bbox 1134 518 1250 572; x_wconf 86' lang='grc' dir='ltr'><strong><em>τῶν</em></strong></span> <span class='ocrx_word' id='word_1_28' title='bbox 1303 523 1676 589; x_wconf 73' lang='grc' dir='ltr'><strong><em>Χριστιανῶν</em></strong></span> <span class='ocrx_word' id='word_1_29' title='bbox 1731 525 2010 594; x_wconf 74' lang='grc' dir='ltr'><em>διαλέγη-</em></span> 
     </span>
    </p>
   </div>
   <div class='ocr_carea' id='block_1_7' title="bbox 514 624 632 660">
    <p class='ocr_par' dir='ltr' id='par_1_7' title="bbox 514 624 632 660">
     <span class='ocr_line' id='line_1_7' title="bbox 514 624 632 660; baseline 0 0"><span class='ocrx_word' id='word_1_30' title='bbox 514 624 632 660; x_wconf 87' lang='grc' dir='ltr'><em>ται.</em></span> 
     </span>
    </p>
   </div>
   <div class='ocr_carea' id='block_1_8' title="bbox 2188 533 3234 619">
    <p class='ocr_par' dir='ltr' id='par_1_8' title="bbox 2188 533 3234 619">
     <span class='ocr_line' id='line_1_8' title="bbox 2188 533 3234 619; baseline 0.023 -38"><span class='ocrx_word' id='word_1_31' title='bbox 2188 547 2303 584; x_wconf 91' lang='lat' dir='ltr'><strong><em>cum</em></strong></span> <span class='ocrx_word' id='word_1_32' title='bbox 2331 533 2508 604; x_wconf 88' lang='lat' dir='ltr'><strong><em>aliquo</em></strong></span> <span class='ocrx_word' id='word_1_33' title='bbox 2530 536 2953 599; x_wconf 85' lang='lat' dir='ltr'><strong><em>Christianorum</em></strong></span> <span class='ocrx_word' id='word_1_34' title='bbox 2983 549 3234 619; x_wconf 86' lang='lat' dir='ltr'><strong><em>disputet.</em></strong></span> 
     </span>
    </p>
   </div>
   <div class='ocr_carea' id='block_1_9' title="bbox 443 696 1968 814">
    <p class='ocr_par' dir='ltr' id='par_1_9' title="bbox 443 696 1968 814">
     <span class='ocr_line' id='line_1_9' title="bbox 443 696 1968 771; baseline 0.006 -22"><span class='ocrx_word' id='word_1_35' title='bbox 443 697 533 761; x_wconf 77' lang='grc' dir='ltr'><em>ιγ’.</em></span> <span class='ocrx_word' id='word_1_36' title='bbox 572 698 699 749; x_wconf 88' lang='grc' dir='ltr'><em>Ὀτι</em></span> <span class='ocrx_word' id='word_1_37' title='bbox 749 700 781 750; x_wconf 86' lang='grc' dir='ltr'><strong><em>ό</em></strong></span> <span class='ocrx_word' id='word_1_38' title='bbox 815 696 946 750; x_wconf 84' lang='grc' dir='ltr'><em>Νῶε</em></span> <span class='ocrx_word' id='word_1_39' title='bbox 1003 699 1099 751; x_wconf 81' lang='grc' dir='ltr'><em>καὶ</em></span> <span class='ocrx_word' id='word_1_40' title='bbox 1144 700 1420 770; x_wconf 73' lang='grc' dir='ltr'><em>Ἀϐραὰμ,</em></span> <span class='ocrx_word' id='word_1_41' title='bbox 1472 703 1632 758; x_wconf 82' lang='grc' dir='ltr'><em>ἀλλὰ</em></span> <span class='ocrx_word' id='word_1_42' title='bbox 1687 704 1763 771; x_wconf 81' lang='grc' dir='ltr'><em>δὴ</em></span> <span class='ocrx_word' id='word_1_43' title='bbox 1814 705 1913 757; x_wconf 76' lang='grc' dir='ltr'><strong><em>καί</em></strong></span> <span class='ocrx_word' id='word_1_44' title='bbox 1959 724 1968 758; x_wconf 82' lang='grc' dir='ltr'><strong><em>ι</em></strong></span> 
     </span>
     <span class='ocr_line' id='line_1_10' title="bbox 517 789 1962 814; baseline 0 0"><span class='ocrx_word' id='word_1_45' title='bbox 517 789 840 814; x_wconf 40' lang='grc' dir='ltr'><strong><em>λψρ-υ.-.</em></strong></span> <span class='ocrx_word' id='word_1_46' title='bbox 897 790 1000 814; x_wconf 74' lang='lat'><strong><em>--_-</em></strong></span> <span class='ocrx_word' id='word_1_47' title='bbox 1037 792 1217 814; x_wconf 53' lang='grc' dir='ltr'><strong><em>..λ-,βξ</em></strong></span> <span class='ocrx_word' id='word_1_48' title='bbox 1273 792 1517 814; x_wconf 31' lang='lat' dir='ltr'><strong><em>“adh</em></strong></span> <span class='ocrx_word' id='word_1_49' title='bbox 1613 791 1712 814; x_wconf 23' lang='grc' dir='ltr'><em>τε.</em></span> <span class='ocrx_word' id='word_1_50' title='bbox 1759 813 1762 814; x_wconf 65' lang='lat'>,</span> <span class='ocrx_word' id='word_1_51' title='bbox 1833 793 1962 814; x_wconf 40' lang='lat'><em>1--</em></span> 
     </span>
    </p>
   </div>
   <div class='ocr_carea' id='block_1_10' title="bbox 2107 696 3687 814">
    <p class='ocr_par' dir='ltr' id='par_1_10' title="bbox 2118 707 3687 814">
     <span class='ocr_line' id='line_1_11' title="bbox 2118 707 3687 814; baseline 0.025 -55"><span class='ocrx_word' id='word_1_52' title='bbox 2118 707 2201 764; x_wconf 79' lang='grc'><strong><em>15.</em></strong></span> <span class='ocrx_word' id='word_1_53' title='bbox 2246 709 2395 775; x_wconf 84' lang='lat' dir='ltr'><strong><em>Quod</em></strong></span> <span class='ocrx_word' id='word_1_54' title='bbox 2438 712 2555 769; x_wconf 84' lang='lat' dir='ltr'><strong><em>Noe</em></strong></span> <span class='ocrx_word' id='word_1_55' title='bbox 2597 729 2646 771; x_wconf 92' lang='lat' dir='ltr'><strong><em>et</em></strong></span> <span class='ocrx_word' id='word_1_56' title='bbox 2690 720 2981 791; x_wconf 81' lang='lat' dir='ltr'><strong><em>Abraham,</em></strong></span> <span class='ocrx_word' id='word_1_57' title='bbox 3032 729 3133 797; x_wconf 86' lang='lat' dir='ltr'><strong><em>ipsi</em></strong></span> <span class='ocrx_word' id='word_1_58' title='bbox 3172 733 3396 806; x_wconf 83' lang='lat' dir='ltr'><strong><em>denique</em></strong></span> <span class='ocrx_word' id='word_1_59' title='bbox 3439 745 3687 814; x_wconf 76' lang='lat' dir='ltr'><strong><em>apostoli,</em></strong></span> 
     </span>
    </p>
   </div>
   <div class='ocr_carea' id='block_1_11' title="bbox 511 789 2006 865">
    <p class='ocr_par' dir='ltr' id='par_1_11' title="bbox 511 789 2006 865">
     <span class='ocr_line' id='line_1_12' title="bbox 511 789 2006 865; baseline 0.004 -23"><span class='ocrx_word' id='word_1_60' title='bbox 511 789 843 842; x_wconf 73' lang='grc' dir='ltr'><em>ἀπόστολοι</em></span> <span class='ocrx_word' id='word_1_61' title='bbox 897 790 1001 843; x_wconf 88' lang='grc' dir='ltr'><em>τοῦ</em></span> <span class='ocrx_word' id='word_1_62' title='bbox 1032 792 1218 846; x_wconf 79' lang='grc' dir='ltr'><em>αὑτοῦ</em></span> <span class='ocrx_word' id='word_1_63' title='bbox 1266 792 1559 861; x_wconf 81' lang='grc' dir='ltr'><em>δόγματος</em></span> <span class='ocrx_word' id='word_1_64' title='bbox 1609 791 1788 864; x_wconf 81' lang='grc' dir='ltr'><em>ἦσαν,</em></span> <span class='ocrx_word' id='word_1_65' title='bbox 1819 793 2006 865; x_wconf 78' lang='grc' dir='ltr'><em>οὗπερ</em></span> 
     </span>
    </p>
   </div>
   <div class='ocr_carea' id='block_1_12' title="bbox 511 874 1256 950">
    <p class='ocr_par' dir='ltr' id='par_1_12' title="bbox 511 874 1256 950">
     <span class='ocr_line' id='line_1_13' title="bbox 511 874 1256 950; baseline 0.007 -19"><span class='ocrx_word' id='word_1_66' title='bbox 511 874 690 943; x_wconf 86' lang='grc' dir='ltr'><em>οὗτος</em></span> <span class='ocrx_word' id='word_1_67' title='bbox 713 879 954 943; x_wconf 79' lang='grc' dir='ltr'><strong><em>ἐξέθετο</em></strong></span> <span class='ocrx_word' id='word_1_68' title='bbox 979 880 1256 950; x_wconf 80' lang='grc' dir='ltr'><em>ὕστερον.</em></span> 
     </span>
    </p>
   </div>
   <div class='ocr_carea' id='block_1_13' title="bbox 629 1014 1806 1072">
    <p class='ocr_par' dir='ltr' id='par_1_13' title="bbox 629 1014 1806 1072">
     <span class='ocr_line' id='line_1_14' title="bbox 629 1014 1806 1072; baseline 0.003 -6"><span class='ocrx_word' id='word_1_69' title='bbox 629 1014 941 1068; x_wconf 75' lang='grc' dir='ltr'><strong><em>ΚΕΦΑΛΙΔ</em></strong></span> <span class='ocrx_word' id='word_1_70' title='bbox 966 1016 1113 1068; x_wconf 85' lang='grc' dir='ltr'><strong><em>ΤΟΥ</em></strong></span> <span class='ocrx_word' id='word_1_71' title='bbox 1139 1016 1461 1070; x_wconf 84' lang='grc' dir='ltr'><strong><em>ΔΕΥΤΕΡΟ</em></strong></span> <span class='ocrx_word' id='word_1_72' title='bbox 1476 1018 1519 1070; x_wconf 84' lang='grc' dir='ltr'><strong><em>Υ</em></strong></span> <span class='ocrx_word' id='word_1_73' title='bbox 1543 1019 1806 1072; x_wconf 82' lang='grc' dir='ltr'><strong><em>ΛΟΓΟΥ.</em></strong></span> 
     </span>
    </p>
   </div>
   <div class='ocr_carea' id='block_1_14' title="bbox 2183 805 3688 898">
    <p class='ocr_par' dir='ltr' id='par_1_14' title="bbox 2183 805 3688 898">
     <span class='ocr_line' id='line_1_15' title="bbox 2183 805 3688 898; baseline 0.025 -44"><span class='ocrx_word' id='word_1_74' title='bbox 2183 805 2414 871; x_wconf 79' lang='lat' dir='ltr'><strong><em>ejusdem</em></strong></span> <span class='ocrx_word' id='word_1_75' title='bbox 2456 826 2617 877; x_wconf 90' lang='lat' dir='ltr'><strong><em>quam</em></strong></span> <span class='ocrx_word' id='word_1_76' title='bbox 2672 815 2782 893; x_wconf 82' lang='lat' dir='ltr'><strong><em>ipse</em></strong></span> <span class='ocrx_word' id='word_1_77' title='bbox 2823 829 3004 887; x_wconf 80' lang='lat' dir='ltr'><strong><em>postea</em></strong></span> <span class='ocrx_word' id='word_1_78' title='bbox 3038 805 3393 898; x_wconf 82' lang='lat' dir='ltr'><strong><em>promulgavit</em></strong></span> <span class='ocrx_word' id='word_1_79' title='bbox 3434 805 3688 894; x_wconf 56' lang='lat' dir='ltr'><strong><em>doctrinm</em></strong></span> 
     </span>
    </p>
   </div>
   <div class='ocr_carea' id='block_1_15' title="bbox 2178 900 2720 969">
    <p class='ocr_par' dir='ltr' id='par_1_15' title="bbox 2178 900 2720 969">
     <span class='ocr_line' id='line_1_16' title="bbox 2178 900 2720 969; baseline 0.02 -24"><span class='ocrx_word' id='word_1_80' title='bbox 2178 904 2461 952; x_wconf 69' lang='lat' dir='ltr'><strong><em>sectatores</em></strong></span> <span class='ocrx_word' id='word_1_81' title='bbox 2501 900 2720 969; x_wconf 83' lang='lat' dir='ltr'><strong><em>fuerint.</em></strong></span> 
     </span>
    </p>
   </div>
   <div class='ocr_carea' id='block_1_16' title="bbox 2345 1030 3443 1111">
    <p class='ocr_par' dir='ltr' id='par_1_16' title="bbox 2345 1030 3443 1111">
     <span class='ocr_line' id='line_1_17' title="bbox 2345 1030 3443 1111; baseline 0.023 -24"><span class='ocrx_word' id='word_1_82' title='bbox 2345 1030 2731 1094; x_wconf 80' lang='lat' dir='ltr'><strong><em>ORATIONIS</em></strong></span> <span class='ocrx_word' id='word_1_83' title='bbox 2766 1039 3128 1102; x_wconf 62' lang='lat' dir='ltr'><strong><em>SECUNDA?</em></strong></span> <span class='ocrx_word' id='word_1_84' title='bbox 3162 1050 3443 1111; x_wconf 69' lang='lat' dir='ltr'><strong><em>CAPITA.</em></strong></span> 
     </span>
    </p>
   </div>
   <div class='ocr_carea' id='block_1_17' title="bbox 429 1147 1968 1265">
    <p class='ocr_par' dir='ltr' id='par_1_17' title="bbox 429 1147 1968 1265">
     <span class='ocr_line' id='line_1_18' title="bbox 429 1147 1968 1220; baseline 0.002 -19"><span class='ocrx_word' id='word_1_85' title='bbox 429 1152 506 1204; x_wconf 73' lang='grc' dir='ltr'><em>α’.</em></span> <span class='ocrx_word' id='word_1_86' title='bbox 538 1147 669 1203; x_wconf 85' lang='grc' dir='ltr'><strong><em>Ὅτι</em></strong></span> <span class='ocrx_word' id='word_1_87' title='bbox 707 1148 780 1202; x_wconf 83' lang='grc' dir='ltr'><em>τὰ</em></span> <span class='ocrx_word' id='word_1_88' title='bbox 804 1148 876 1203; x_wconf 81' lang='grc' dir='ltr'><em>ἐν</em></span> <span class='ocrx_word' id='word_1_89' title='bbox 908 1149 1035 1214; x_wconf 87' lang='grc' dir='ltr'><em>ταῖς</em></span> <span class='ocrx_word' id='word_1_90' title='bbox 1066 1150 1409 1216; x_wconf 85' lang='grc' dir='ltr'><em>Μωσατκαῖς</em></span> <span class='ocrx_word' id='word_1_91' title='bbox 1448 1151 1841 1220; x_wconf 81' lang='grc' dir='ltr'><em>παραδόσεσι,</em></span> <span class='ocrx_word' id='word_1_92' title='bbox 1882 1167 1968 1204; x_wconf 88' lang='grc' dir='ltr'><strong><em>τοι</em></strong></span> 
     </span>
     <span class='ocr_line' id='line_1_19' title="bbox 512 1239 1968 1265; baseline 0 0"><span class='ocrx_word' id='word_1_93' title='bbox 512 1240 842 1265; x_wconf 66' lang='grc' dir='ltr'><strong><em>---.-.ι-,...-</em></strong></span> <span class='ocrx_word' id='word_1_94' title='bbox 887 1256 950 1265; x_wconf 67' lang='grc'><strong><em>--</em></strong></span> <span class='ocrx_word' id='word_1_95' title='bbox 1012 1240 1088 1265; x_wconf 55' lang='grc' dir='ltr'><strong><em>-.Ἴ</em></strong></span> <span class='ocrx_word' id='word_1_96' title='bbox 1130 1243 1221 1265; x_wconf 64' lang='lat' dir='ltr'><strong><em>nr...</em></strong></span> <span class='ocrx_word' id='word_1_97' title='bbox 1241 1241 1439 1265; x_wconf 61' lang='grc' dir='ltr'><strong><em>’-μ-Ι-.</em></strong></span> <span class='ocrx_word' id='word_1_98' title='bbox 1501 1241 1596 1265; x_wconf 60' lang='grc' dir='ltr'><strong><em>--ρ-ἱ</em></strong></span> <span class='ocrx_word' id='word_1_99' title='bbox 1643 1239 1717 1265; x_wconf 51' lang='grc' dir='ltr'><strong><em>...Ἴ</em></strong></span> <span class='ocrx_word' id='word_1_100' title='bbox 1749 1243 1968 1265; x_wconf 70' lang='grc' dir='ltr'><strong><em>Π.⁹....-..--</em></strong></span> 
     </span>
    </p>
   </div>
   <div class='ocr_carea' id='block_1_18' title="bbox 2107 1147 3680 1265">
    <p class='ocr_par' dir='ltr' id='par_1_18' title="bbox 2114 1148 3680 1265">
     <span class='ocr_line' id='line_1_20' title="bbox 2114 1148 3680 1265; baseline 0.025 -54"><span class='ocrx_word' id='word_1_101' title='bbox 2114 1160 2160 1212; x_wconf 76' lang='grc'><em>1.</em></span> <span class='ocrx_word' id='word_1_102' title='bbox 2204 1159 2353 1265; x_wconf 76' lang='lat' dir='ltr'><strong><em>Quoa</em></strong></span> <span class='ocrx_word' id='word_1_103' title='bbox 2396 1180 2457 1218; x_wconf 89' lang='lat' dir='ltr'><strong><em>ea</em></strong></span> <span class='ocrx_word' id='word_1_104' title='bbox 2504 1183 2620 1236; x_wconf 72' lang='lat' dir='ltr'><strong><em>qua:</em></strong></span> <span class='ocrx_word' id='word_1_105' title='bbox 2666 1171 2719 1223; x_wconf 88' lang='lat' dir='ltr'><strong><em>in</em></strong></span> <span class='ocrx_word' id='word_1_106' title='bbox 2766 1172 3014 1232; x_wconf 72' lang='lat' dir='ltr'><strong><em>llosaicis</em></strong></span> <span class='ocrx_word' id='word_1_107' title='bbox 3063 1187 3353 1265; x_wconf 74' lang='lat' dir='ltr'><strong><em>prwceptis,</em></strong></span> <span class='ocrx_word' id='word_1_108' title='bbox 3395 1148 3680 1262; x_wconf 73' lang='lat' dir='ltr'><strong><em>prophetis,</em></strong></span> 
     </span>
    </p>
   </div>
   <div class='ocr_carea' id='block_1_19' title="bbox 506 1239 2003 1342">
    <p class='ocr_par' dir='ltr' id='par_1_19' title="bbox 506 1239 2003 1342">
     <span class='ocr_line' id='line_1_21' title="bbox 506 1239 2003 1342; baseline 0.001 -50"><span class='ocrx_word' id='word_1_109' title='bbox 506 1240 843 1325; x_wconf 73' lang='grc' dir='ltr'><em>προφήταις</em></span> <span class='ocrx_word' id='word_1_110' title='bbox 886 1256 968 1305; x_wconf 86' lang='grc' dir='ltr'><strong><em>τε,</em></strong></span> <span class='ocrx_word' id='word_1_111' title='bbox 1012 1240 1092 1305; x_wconf 81' lang='grc' dir='ltr'><em>τῷ</em></span> <span class='ocrx_word' id='word_1_112' title='bbox 1130 1241 1446 1311; x_wconf 79' lang='grc' dir='ltr'><em>Ψαλτηρίῳ</em></span> <span class='ocrx_word' id='word_1_113' title='bbox 1498 1241 1599 1295; x_wconf 80' lang='grc' dir='ltr'><em>καὶ</em></span> <span class='ocrx_word' id='word_1_114' title='bbox 1642 1239 2003 1342; x_wconf 40' lang='grc' dir='ltr'><em>τιῖνευαέγεῐ</em></span> 
     </span>
    </p>
   </div>
   <div class='ocr_carea' id='block_1_20' title="bbox 505 1314 2002 1402">
    <p class='ocr_par' dir='ltr' id='par_1_20' title="bbox 505 1314 2002 1402">
     <span class='ocr_line' id='line_1_22' title="bbox 505 1314 2002 1402; baseline 0 -17"><span class='ocrx_word' id='word_1_115' title='bbox 505 1332 616 1398; x_wconf 85' lang='grc' dir='ltr'><strong><em>λίῳ</em></strong></span> <span class='ocrx_word' id='word_1_116' title='bbox 639 1314 1032 1400; x_wconf 73' lang='grc' dir='ltr'><em>γεγραμμένα,</em></span> <span class='ocrx_word' id='word_1_117' title='bbox 1055 1330 1213 1402; x_wconf 75' lang='grc' dir='ltr'><em>ἅγια,</em></span> <span class='ocrx_word' id='word_1_118' title='bbox 1234 1333 1330 1386; x_wconf 78' lang='grc' dir='ltr'><em>καὶ</em></span> <span class='ocrx_word' id='word_1_119' title='bbox 1349 1331 1566 1395; x_wconf 85' lang='grc' dir='ltr'><em>δίκαια,</em></span> <span class='ocrx_word' id='word_1_120' title='bbox 1594 1332 1697 1386; x_wconf 75' lang='grc' dir='ltr'><em>καὶ</em></span> <span class='ocrx_word' id='word_1_121' title='bbox 1717 1333 1833 1387; x_wconf 77' lang='grc' dir='ltr'><strong><em>ἀπὸ</em></strong></span> <span class='ocrx_word' id='word_1_122' title='bbox 1855 1329 2002 1385; x_wconf 89' lang='grc' dir='ltr'><em>Θεοῦ</em></span> 
     </span>
    </p>
   </div>
   <div class='ocr_carea' id='block_1_21' title="bbox 497 1418 2001 1489">
    <p class='ocr_par' dir='ltr' id='par_1_21' title="bbox 497 1418 2001 1489">
     <span class='ocr_line' id='line_1_23' title="bbox 497 1418 2001 1489; baseline -0.001 -17"><span class='ocrx_word' id='word_1_123' title='bbox 497 1418 789 1487; x_wconf 78' lang='grc' dir='ltr'><strong><em>δεδομένα</em></strong></span> <span class='ocrx_word' id='word_1_124' title='bbox 836 1418 1033 1485; x_wconf 85' lang='grc' dir='ltr'><em>καλεῖ,</em></span> <span class='ocrx_word' id='word_1_125' title='bbox 1086 1419 1185 1473; x_wconf 78' lang='grc' dir='ltr'><em>καὶ</em></span> <span class='ocrx_word' id='word_1_126' title='bbox 1252 1420 1489 1488; x_wconf 82' lang='grc' dir='ltr'><strong><em>στέργει</em></strong></span> <span class='ocrx_word' id='word_1_127' title='bbox 1541 1420 1640 1474; x_wconf 75' lang='grc' dir='ltr'><em>καὶ</em></span> <span class='ocrx_word' id='word_1_128' title='bbox 1688 1420 2001 1489; x_wconf 78' lang='grc' dir='ltr'><em>φυλάσσει</em></span> 
     </span>
    </p>
   </div>
   <div class='ocr_carea' id='block_1_22' title="bbox 495 1509 1999 1577">
    <p class='ocr_par' dir='ltr' id='par_1_22' title="bbox 495 1509 1999 1577">
     <span class='ocr_line' id='line_1_24' title="bbox 495 1509 1999 1577; baseline -0.001 -11"><span class='ocrx_word' id='word_1_129' title='bbox 495 1509 649 1566; x_wconf 81' lang='grc' dir='ltr'><em>αὐτά</em></span> <span class='ocrx_word' id='word_1_130' title='bbox 670 1526 685 1541; x_wconf 89' lang='grc'><strong>·</strong></span> <span class='ocrx_word' id='word_1_131' title='bbox 716 1509 817 1563; x_wconf 79' lang='grc' dir='ltr'><em>και</em></span> <span class='ocrx_word' id='word_1_132' title='bbox 839 1509 1020 1564; x_wconf 83' lang='grc' dir='ltr'><em>οὐδὲν</em></span> <span class='ocrx_word' id='word_1_133' title='bbox 1043 1510 1198 1577; x_wconf 86' lang='grc' dir='ltr'><em>ὅλως</em></span> <span class='ocrx_word' id='word_1_134' title='bbox 1225 1510 1386 1565; x_wconf 74' lang='grc' dir='ltr'><em>εισὶν</em></span> <span class='ocrx_word' id='word_1_135' title='bbox 1409 1513 1463 1565; x_wconf 88' lang='lat' dir='ltr'><strong><em>ol</em></strong></span> <span class='ocrx_word' id='word_1_136' title='bbox 1492 1510 1710 1566; x_wconf 86' lang='grc' dir='ltr'><em>τούτου</em></span> <span class='ocrx_word' id='word_1_137' title='bbox 1745 1511 1999 1566; x_wconf 78' lang='grc' dir='ltr'><em>ἀκόλου-</em></span> 
     </span>
    </p>
   </div>
   <div class='ocr_carea' id='block_1_23' title="bbox 496 1588 1467 1669">
    <p class='ocr_par' dir='ltr' id='par_1_23' title="bbox 496 1588 1467 1669">
     <span class='ocr_line' id='line_1_25' title="bbox 496 1588 1467 1669; baseline 0.001 -15"><span class='ocrx_word' id='word_1_138' title='bbox 496 1604 612 1665; x_wconf 83' lang='grc' dir='ltr'><em>θοι,</em></span> <span class='ocrx_word' id='word_1_139' title='bbox 647 1602 698 1653; x_wconf 81' lang='grc' dir='ltr'><strong><em>εί</em></strong></span> <span class='ocrx_word' id='word_1_140' title='bbox 722 1600 810 1669; x_wconf 82' lang='grc' dir='ltr'><em>μὴ</em></span> <span class='ocrx_word' id='word_1_141' title='bbox 840 1599 1028 1653; x_wconf 85' lang='grc' dir='ltr'><em>ταῦτα</em></span> <span class='ocrx_word' id='word_1_142' title='bbox 1058 1588 1467 1667; x_wconf 64' lang='grc' dir='ltr'><em>πληρώσαιεν.</em></span> 
     </span>
    </p>
   </div>
   <div class='ocr_carea' id='block_1_24' title="bbox 415 1689 1995 1761">
    <p class='ocr_par' dir='ltr' id='par_1_24' title="bbox 415 1689 1995 1761">
     <span class='ocr_line' id='line_1_26' title="bbox 415 1689 1995 1761; baseline 0.001 -17"><span class='ocrx_word' id='word_1_143' title='bbox 415 1692 489 1759; x_wconf 70' lang='grc' dir='ltr'><strong><em>β’.</em></strong></span> <span class='ocrx_word' id='word_1_144' title='bbox 528 1693 656 1743; x_wconf 85' lang='grc' dir='ltr'><strong><em>ὐτι</em></strong></span> <span class='ocrx_word' id='word_1_145' title='bbox 685 1693 772 1755; x_wconf 79' lang='grc' dir='ltr'><em>εις</em></span> <span class='ocrx_word' id='word_1_146' title='bbox 808 1689 1221 1758; x_wconf 77' lang='grc' dir='ltr'><em>ἐϐδομήκοντα</em></span> <span class='ocrx_word' id='word_1_147' title='bbox 1253 1691 1402 1758; x_wconf 79' lang='grc' dir='ltr'><em>πρὸς</em></span> <span class='ocrx_word' id='word_1_148' title='bbox 1436 1691 1552 1758; x_wconf 82' lang='grc' dir='ltr'><em>τοῖς</em></span> <span class='ocrx_word' id='word_1_149' title='bbox 1587 1693 1741 1760; x_wconf 78' lang='grc' dir='ltr'><em>τρισὶ</em></span> <span class='ocrx_word' id='word_1_150' title='bbox 1782 1693 1995 1761; x_wconf 77' lang='grc' dir='ltr'><strong><em>μοίρας</em></strong></span> 
     </span>
    </p>
   </div>
   <div class='ocr_carea' id='block_1_25' title="bbox 2178 1244 3680 1348">
    <p class='ocr_par' dir='ltr' id='par_1_25' title="bbox 2178 1244 3680 1348">
     <span class='ocr_line' id='line_1_27' title="bbox 2178 1244 3680 1348; baseline 0.027 -51"><span class='ocrx_word' id='word_1_151' title='bbox 2178 1244 2439 1304; x_wconf 88' lang='lat' dir='ltr'><strong><em>Psalterio</em></strong></span> <span class='ocrx_word' id='word_1_152' title='bbox 2483 1264 2532 1305; x_wconf 88' lang='lat' dir='ltr'><strong><em>et</em></strong></span> <span class='ocrx_word' id='word_1_153' title='bbox 2566 1253 2854 1327; x_wconf 81' lang='lat' dir='ltr'><strong><em>Evangelia</em></strong></span> <span class='ocrx_word' id='word_1_154' title='bbox 2882 1244 3242 1335; x_wconf 68' lang='lat' dir='ltr'><strong><em>continentur,</em></strong></span> <span class='ocrx_word' id='word_1_155' title='bbox 3274 1244 3505 1345; x_wconf 49' lang='lat' dir='ltr'><strong><em>sancta;</em></strong></span> <span class='ocrx_word' id='word_1_156' title='bbox 3527 1244 3680 1348; x_wconf 65' lang='lat' dir='ltr'><strong><em>justi;</em></strong></span> 
     </span>
    </p>
   </div>
   <div class='ocr_carea' id='block_1_26' title="bbox 2177 1341 3679 1426">
    <p class='ocr_par' dir='ltr' id='par_1_26' title="bbox 2177 1341 3679 1426">
     <span class='ocr_line' id='line_1_28' title="bbox 2177 1341 3679 1426; baseline 0.025 -36"><span class='ocrx_word' id='word_1_157' title='bbox 2177 1348 2225 1391; x_wconf 91' lang='lat' dir='ltr'><strong><em>et</em></strong></span> <span class='ocrx_word' id='word_1_158' title='bbox 2263 1341 2358 1395; x_wconf 88' lang='lat' dir='ltr'><strong><em>Dei</em></strong></span> <span class='ocrx_word' id='word_1_159' title='bbox 2404 1346 2711 1402; x_wconf 88' lang='lat' dir='ltr'><strong><em>traditiones</em></strong></span> <span class='ocrx_word' id='word_1_160' title='bbox 2757 1353 3007 1420; x_wconf 87' lang='lat' dir='ltr'><strong><em>nominet,</em></strong></span> <span class='ocrx_word' id='word_1_161' title='bbox 3038 1361 3391 1426; x_wconf 71' lang='lat' dir='ltr'><strong><em>amplectatur</em></strong></span> <span class='ocrx_word' id='word_1_162' title='bbox 3425 1341 3481 1421; x_wconf 78' lang='lat' dir='ltr'><strong><em>et</em></strong></span> <span class='ocrx_word' id='word_1_163' title='bbox 3503 1341 3679 1425; x_wconf 75' lang='lat' dir='ltr'><strong><em>obser-</em></strong></span> 
     </span>
    </p>
   </div>
   <div class='ocr_carea' id='block_1_27' title="bbox 2175 1438 3678 1531">
    <p class='ocr_par' dir='ltr' id='par_1_27' title="bbox 2175 1438 3678 1531">
     <span class='ocr_line' id='line_1_29' title="bbox 2175 1438 3678 1531; baseline 0.026 -49"><span class='ocrx_word' id='word_1_164' title='bbox 2175 1438 2255 1483; x_wconf 90' lang='lat' dir='ltr'><strong><em>vet</em></strong></span> <span class='ocrx_word' id='word_1_165' title='bbox 2285 1448 2303 1486; x_wconf 89' lang='lat'><strong><em>:</em></strong></span> <span class='ocrx_word' id='word_1_166' title='bbox 2334 1438 2572 1505; x_wconf 86' lang='lat' dir='ltr'><strong><em>quodque</em></strong></span> <span class='ocrx_word' id='word_1_167' title='bbox 2620 1440 2764 1497; x_wconf 89' lang='lat' dir='ltr'><strong><em>illius</em></strong></span> <span class='ocrx_word' id='word_1_168' title='bbox 2795 1453 3078 1505; x_wconf 71' lang='lat' dir='ltr'><strong><em>sectatores</em></strong></span> <span class='ocrx_word' id='word_1_169' title='bbox 3107 1468 3211 1507; x_wconf 90' lang='lat' dir='ltr'><strong><em>non</em></strong></span> <span class='ocrx_word' id='word_1_170' title='bbox 3260 1455 3385 1525; x_wconf 88' lang='lat' dir='ltr'><strong><em>sint,</em></strong></span> <span class='ocrx_word' id='word_1_171' title='bbox 3434 1462 3525 1531; x_wconf 84' lang='lat' dir='ltr'><strong><em>qui</em></strong></span> <span class='ocrx_word' id='word_1_172' title='bbox 3569 1466 3678 1520; x_wconf 79' lang='lat' dir='ltr'><strong><em>lues</em></strong></span> 
     </span>
    </p>
   </div>
   <div class='ocr_carea' id='block_1_28' title="bbox 2173 1527 2661 1596">
    <p class='ocr_par' dir='ltr' id='par_1_28' title="bbox 2173 1527 2661 1596">
     <span class='ocr_line' id='line_1_30' title="bbox 2173 1527 2661 1596; baseline 0.023 -21"><span class='ocrx_word' id='word_1_173' title='bbox 2173 1539 2276 1577; x_wconf 86' lang='lat' dir='ltr'><strong><em>non</em></strong></span> <span class='ocrx_word' id='word_1_174' title='bbox 2312 1527 2661 1596; x_wconf 81' lang='lat' dir='ltr'><strong><em>impleverim.</em></strong></span> 
     </span>
    </p>
   </div>
   <div class='ocr_carea' id='block_1_29' title="bbox 2100 1701 3672 1807">
    <p class='ocr_par' dir='ltr' id='par_1_29' title="bbox 2100 1701 3672 1807">
     <span class='ocr_line' id='line_1_31' title="bbox 2100 1701 3672 1807; baseline 0.025 -52"><span class='ocrx_word' id='word_1_175' title='bbox 2100 1701 2152 1755; x_wconf 76' lang='lat'><strong><em>9..</em></strong></span> <span class='ocrx_word' id='word_1_176' title='bbox 2197 1701 2348 1768; x_wconf 83' lang='lat' dir='ltr'><strong><em>Quod</em></strong></span> <span class='ocrx_word' id='word_1_177' title='bbox 2398 1704 2525 1779; x_wconf 89' lang='lat' dir='ltr'><strong><em>legis</em></strong></span> <span class='ocrx_word' id='word_1_178' title='bbox 2564 1727 2677 1768; x_wconf 75' lang='lat' dir='ltr'><strong><em>sua:</em></strong></span> <span class='ocrx_word' id='word_1_179' title='bbox 2714 1727 2997 1775; x_wconf 88' lang='lat' dir='ltr'><strong><em>sectatores</em></strong></span> <span class='ocrx_word' id='word_1_180' title='bbox 3025 1724 3079 1777; x_wconf 91' lang='lat' dir='ltr'><strong><em>in</em></strong></span> <span class='ocrx_word' id='word_1_181' title='bbox 3117 1734 3293 1796; x_wconf 87' lang='lat' dir='ltr'><strong><em>partes</em></strong></span> <span class='ocrx_word' id='word_1_182' title='bbox 3334 1738 3672 1807; x_wconf 82' lang='lat' dir='ltr'><strong><em>septuaginta</em></strong></span> 
     </span>
    </p>
   </div>
   <div class='ocr_carea' id='block_1_30' title="bbox 484 1769 1968 1895">
    <p class='ocr_par' dir='ltr' id='par_1_30' title="bbox 484 1780 1967 1895">
     <span class='ocr_line' id='line_1_32' title="bbox 484 1780 1967 1895; baseline -0.001 -59"><span class='ocrx_word' id='word_1_183' title='bbox 484 1783 788 1852; x_wconf 80' lang='grc' dir='ltr'><em>μέλλουσι</em></span> <span class='ocrx_word' id='word_1_184' title='bbox 822 1780 1235 1895; x_wconf 45' lang='grc' dir='ltr'><em>σχισθῆναιλοί</em></span> <span class='ocrx_word' id='word_1_185' title='bbox 1257 1780 1337 1847; x_wconf 83' lang='grc' dir='ltr'><em>τῷ</em></span> <span class='ocrx_word' id='word_1_186' title='bbox 1352 1784 1514 1895; x_wconf 69' lang='grc' dir='ltr'><em>νόμῳ</em></span> <span class='ocrx_word' id='word_1_187' title='bbox 1527 1782 1714 1837; x_wconf 83' lang='grc' dir='ltr'><em>αὐτοῦ</em></span> <span class='ocrx_word' id='word_1_188' title='bbox 1738 1784 1967 1889; x_wconf 73' lang='grc' dir='ltr'><em>ἀκολου</em></span> 
     </span>
     <span class='ocr_line' id='line_1_33' title="bbox 494 1871 1955 1895; baseline -0.001 1"><span class='ocrx_word' id='word_1_189' title='bbox 494 1873 823 1895; x_wconf 53' lang='lat' dir='ltr'><em>n4_---_---</em></span> <span class='ocrx_word' id='word_1_190' title='bbox 876 1873 970 1895; x_wconf 73' lang='grc' dir='ltr'><em>-.-ι</em></span> <span class='ocrx_word' id='word_1_191' title='bbox 1034 1871 1068 1895; x_wconf 51' lang='grc' dir='ltr'><strong><em>Δ</em></strong></span> <span class='ocrx_word' id='word_1_192' title='bbox 1113 1889 1141 1895; x_wconf 88' lang='grc'><em>-.</em></span> <span class='ocrx_word' id='word_1_193' title='bbox 1178 1888 1216 1895; x_wconf 85' lang='lat'><em>--</em></span> <span class='ocrx_word' id='word_1_194' title='bbox 1262 1872 1355 1895; x_wconf 64' lang='grc' dir='ltr'><strong><em>ηρ-</em></strong></span> <span class='ocrx_word' id='word_1_195' title='bbox 1399 1888 1471 1895; x_wconf 76' lang='lat'><em>--_</em></span> <span class='ocrx_word' id='word_1_196' title='bbox 1552 1873 1693 1895; x_wconf 46' lang='lat'><em>“1---</em></span> <span class='ocrx_word' id='word_1_197' title='bbox 1758 1874 1819 1895; x_wconf 83' lang='grc' dir='ltr'><strong><em>ι.-</em></strong></span> <span class='ocrx_word' id='word_1_198' title='bbox 1849 1888 1955 1895; x_wconf 75' lang='lat'><em>---_</em></span> 
     </span>
    </p>
   </div>
   <div class='ocr_carea' id='block_1_31' title="bbox 2107 1769 3665 1895">
    <p class='ocr_par' dir='ltr' id='par_1_31' title="bbox 2161 1769 3665 1895">
     <span class='ocr_line' id='line_1_34' title="bbox 2446 1769 3665 1796; baseline 0.027 -33"><span class='ocrx_word' id='word_1_199' title='bbox 2446 1769 2469 1779; x_wconf 54' lang='grc' dir='ltr'><strong><em>ν</em></strong></span> <span class='ocrx_word' id='word_1_200' title='bbox 2776 1769 2927 1773; x_wconf 42' lang='grc' dir='ltr'><strong><em>-.ε-ν--</em></strong></span> <span class='ocrx_word' id='word_1_201' title='bbox 2947 1769 2994 1775; x_wconf 66' lang='grc' dir='ltr'><strong><em>ν-</em></strong></span> <span class='ocrx_word' id='word_1_202' title='bbox 3025 1769 3079 1777; x_wconf 71' lang='grc' dir='ltr'><strong><em>--ν</em></strong></span> <span class='ocrx_word' id='word_1_203' title='bbox 3154 1769 3204 1781; x_wconf 72' lang='lat' dir='ltr'><strong><em>un</em></strong></span> <span class='ocrx_word' id='word_1_204' title='bbox 3221 1769 3293 1783; x_wconf 74' lang='grc' dir='ltr'><strong><em>-νσ</em></strong></span> <span class='ocrx_word' id='word_1_205' title='bbox 3334 1769 3385 1785; x_wconf 73' lang='grc' dir='ltr'><em>σν</em></span> <span class='ocrx_word' id='word_1_206' title='bbox 3428 1769 3517 1790; x_wconf 68' lang='grc' dir='ltr'><strong><em>σωκ</em></strong></span> <span class='ocrx_word' id='word_1_207' title='bbox 3557 1769 3665 1796; x_wconf 73' lang='lat' dir='ltr'><strong><em>&quot;NII</em></strong></span> 
     </span>
     <span class='ocr_line' id='line_1_35' title="bbox 2161 1769 3665 1895; baseline 0.027 -50"><span class='ocrx_word' id='word_1_208' title='bbox 2161 1804 2265 1848; x_wconf 85' lang='lat' dir='ltr'><strong><em>tres</em></strong></span> <span class='ocrx_word' id='word_1_209' title='bbox 2294 1798 2400 1850; x_wconf 91' lang='lat' dir='ltr'><strong><em>sint</em></strong></span> <span class='ocrx_word' id='word_1_210' title='bbox 2422 1800 2706 1872; x_wconf 75' lang='lat' dir='ltr'><strong><em>dividendi,</em></strong></span> <span class='ocrx_word' id='word_1_211' title='bbox 2732 1824 2957 1877; x_wconf 77' lang='lat' dir='ltr'><strong><em>quorum</em></strong></span> <span class='ocrx_word' id='word_1_212' title='bbox 2985 1769 3148 1872; x_wconf 59' lang='lat' dir='ltr'><strong><em>unica</em></strong></span> <span class='ocrx_word' id='word_1_213' title='bbox 3162 1819 3278 1875; x_wconf 87' lang='lat' dir='ltr'><strong><em>sola</em></strong></span> <span class='ocrx_word' id='word_1_214' title='bbox 3298 1823 3366 1877; x_wconf 89' lang='lat' dir='ltr'><strong><em>sit</em></strong></span> <span class='ocrx_word' id='word_1_215' title='bbox 3383 1769 3665 1895; x_wconf 44' lang='lat' dir='ltr'><strong><em>sralvaida.</em></strong></span> 
     </span>
    </p>
   </div>
   <div class='ocr_carea' id='block_1_32' title="bbox 489 1870 1987 1941">
    <p class='ocr_par' dir='ltr' id='par_1_32' title="bbox 489 1870 1987 1941">
     <span class='ocr_line' id='line_1_36' title="bbox 489 1870 1987 1941; baseline 0 -16"><span class='ocrx_word' id='word_1_216' title='bbox 489 1873 823 1937; x_wconf 79' lang='grc' dir='ltr'><em>θήσαντες⁶</em></span> <span class='ocrx_word' id='word_1_217' title='bbox 874 1873 973 1925; x_wconf 78' lang='grc' dir='ltr'><em>καὶ</em></span> <span class='ocrx_word' id='word_1_218' title='bbox 1031 1871 1069 1939; x_wconf 79' lang='grc' dir='ltr'><strong><em>ἠ</em></strong></span> <span class='ocrx_word' id='word_1_219' title='bbox 1099 1870 1216 1939; x_wconf 85' lang='grc' dir='ltr'><em>μὲν</em></span> <span class='ocrx_word' id='word_1_220' title='bbox 1248 1872 1357 1940; x_wconf 91' lang='grc' dir='ltr'><strong><em>μία</em></strong></span> <span class='ocrx_word' id='word_1_221' title='bbox 1396 1871 1494 1925; x_wconf 76' lang='grc' dir='ltr'><em>καὶ</em></span> <span class='ocrx_word' id='word_1_222' title='bbox 1542 1873 1694 1941; x_wconf 87' lang='grc' dir='ltr'><em>μόνη</em></span> <span class='ocrx_word' id='word_1_223' title='bbox 1751 1874 1819 1925; x_wconf 84' lang='grc' dir='ltr'><em>ἐκ</em></span> <span class='ocrx_word' id='word_1_224' title='bbox 1849 1872 1987 1925; x_wconf 83' lang='grc' dir='ltr'><em>τού-</em></span> 
     </span>
    </p>
   </div>
   <div class='ocr_carea' id='block_1_33' title="bbox 485 1960 1989 2032">
    <p class='ocr_par' dir='ltr' id='par_1_33' title="bbox 485 1960 1989 2032">
     <span class='ocr_line' id='line_1_37' title="bbox 485 1960 1989 2032; baseline 0 -16"><span class='ocrx_word' id='word_1_225' title='bbox 485 1980 604 2016; x_wconf 91' lang='grc' dir='ltr'><strong><em>των</em></strong></span> <span class='ocrx_word' id='word_1_226' title='bbox 638 1962 1000 2029; x_wconf 77' lang='grc' dir='ltr'><em>σωθήσεται,</em></span> <span class='ocrx_word' id='word_1_227' title='bbox 1041 1965 1102 2016; x_wconf 81' lang='lat' dir='ltr'><strong><em>al</em></strong></span> <span class='ocrx_word' id='word_1_228' title='bbox 1139 1961 1191 2015; x_wconf 84' lang='grc' dir='ltr'><em>δ’</em></span> <span class='ocrx_word' id='word_1_229' title='bbox 1234 1962 1419 2019; x_wconf 75' lang='grc' dir='ltr'><em>ἄλλαι</em></span> <span class='ocrx_word' id='word_1_230' title='bbox 1445 1960 1525 2027; x_wconf 86' lang='grc' dir='ltr'><em>τῷ</em></span> <span class='ocrx_word' id='word_1_231' title='bbox 1552 1963 1694 2031; x_wconf 75' lang='grc' dir='ltr'><em>πυρὶ</em></span> <span class='ocrx_word' id='word_1_232' title='bbox 1729 1962 1989 2032; x_wconf 77' lang='grc' dir='ltr'><em>παραδοο</em></span> 
     </span>
    </p>
   </div>
   <div class='ocr_carea' id='block_1_34' title="bbox 487 2053 801 2118">
    <p class='ocr_par' dir='ltr' id='par_1_34' title="bbox 487 2053 801 2118">
     <span class='ocr_line' id='line_1_38' title="bbox 487 2053 801 2118; baseline 0.003 -11"><span class='ocrx_word' id='word_1_233' title='bbox 487 2053 801 2118; x_wconf 76' lang='grc' dir='ltr'><em>θήσονται.</em></span> 
     </span>
    </p>
   </div>
   <div class='ocr_carea' id='block_1_35' title="bbox 2161 1884 3166 1977">
    <p class='ocr_par' dir='ltr' id='par_1_35' title="bbox 2161 1884 3166 1977">
     <span class='ocr_line' id='line_1_39' title="bbox 2161 1884 3166 1977; baseline 0.029 -41"><span class='ocrx_word' id='word_1_234' title='bbox 2161 1884 2395 1956; x_wconf 86' lang='lat' dir='ltr'><strong><em>reliquas</em></strong></span> <span class='ocrx_word' id='word_1_235' title='bbox 2430 1905 2548 1947; x_wconf 87' lang='lat' dir='ltr'><strong><em>vero</em></strong></span> <span class='ocrx_word' id='word_1_236' title='bbox 2578 1895 2685 1965; x_wconf 84' lang='lat' dir='ltr'><strong><em>igni</em></strong></span> <span class='ocrx_word' id='word_1_237' title='bbox 2712 1902 3000 1960; x_wconf 84' lang='lat' dir='ltr'><strong><em>tradendos</em></strong></span> <span class='ocrx_word' id='word_1_238' title='bbox 3030 1913 3166 1977; x_wconf 72' lang='lat' dir='ltr'><strong><em>fore.</em></strong></span> 
     </span>
    </p>
   </div>
   <div class='ocr_carea' id='block_1_36' title="bbox 406 2141 1968 2242">
    <p class='ocr_par' dir='ltr' id='par_1_36' title="bbox 406 2141 1968 2242">
     <span class='ocr_line' id='line_1_40' title="bbox 406 2141 1968 2242; baseline -0.003 -44"><span class='ocrx_word' id='word_1_239' title='bbox 406 2143 483 2210; x_wconf 68' lang='grc' dir='ltr'><strong><em>γ’.</em></strong></span> <span class='ocrx_word' id='word_1_240' title='bbox 520 2145 651 2197; x_wconf 83' lang='grc' dir='ltr'><em>Ὀτι</em></span> <span class='ocrx_word' id='word_1_241' title='bbox 679 2147 727 2197; x_wconf 83' lang='grc' dir='ltr'><strong><em>εί</em></strong></span> <span class='ocrx_word' id='word_1_242' title='bbox 747 2144 834 2213; x_wconf 82' lang='grc' dir='ltr'><em>μὴ</em></span> <span class='ocrx_word' id='word_1_243' title='bbox 857 2146 1017 2213; x_wconf 81' lang='grc' dir='ltr'><em>παρὰ</em></span> <span class='ocrx_word' id='word_1_244' title='bbox 1050 2144 1198 2199; x_wconf 88' lang='grc' dir='ltr'><em>Θεοῦ</em></span> <span class='ocrx_word' id='word_1_245' title='bbox 1248 2141 1328 2214; x_wconf 80' lang='grc' dir='ltr'><em>ἦν</em></span> <span class='ocrx_word' id='word_1_246' title='bbox 1359 2146 1426 2198; x_wconf 92' lang='grc' dir='ltr'><strong><em>τὸ</em></strong></span> <span class='ocrx_word' id='word_1_247' title='bbox 1460 2146 1715 2242; x_wconf 62' lang='grc' dir='ltr'><em>Κορραν,</em></span> <span class='ocrx_word' id='word_1_248' title='bbox 1762 2148 1968 2199; x_wconf 78' lang='grc' dir='ltr'><em>πολλα</em></span> 
     </span>
    </p>
   </div>
   <div class='ocr_carea' id='block_1_37' title="bbox 2107 2141 3663 2242">
    <p class='ocr_par' dir='ltr' id='par_1_37' title="bbox 2107 2150 3663 2242">
     <span class='ocr_line' id='line_1_41' title="bbox 2107 2150 3663 2242; baseline 0.026 -42"><span class='ocrx_word' id='word_1_249' title='bbox 2107 2150 2136 2200; x_wconf 74' lang='grc' dir='ltr'><em>ἱ.</em></span> <span class='ocrx_word' id='word_1_250' title='bbox 2182 2150 2334 2215; x_wconf 84' lang='lat' dir='ltr'><strong><em>Quod</em></strong></span> <span class='ocrx_word' id='word_1_251' title='bbox 2377 2155 2477 2209; x_wconf 88' lang='lat' dir='ltr'><strong><em>nisi</em></strong></span> <span class='ocrx_word' id='word_1_252' title='bbox 2512 2173 2545 2209; x_wconf 91' lang='lat' dir='ltr'><strong><em>a</em></strong></span> <span class='ocrx_word' id='word_1_253' title='bbox 2579 2158 2684 2214; x_wconf 90' lang='lat' dir='ltr'><strong><em>Deo</em></strong></span> <span class='ocrx_word' id='word_1_254' title='bbox 2728 2175 2861 2218; x_wconf 85' lang='lat' dir='ltr'><strong><em>esset</em></strong></span> <span class='ocrx_word' id='word_1_255' title='bbox 2903 2169 3180 2242; x_wconf 79' lang='lat' dir='ltr'><strong><em>Alcorran,</em></strong></span> <span class='ocrx_word' id='word_1_256' title='bbox 3209 2175 3375 2233; x_wconf 88' lang='lat' dir='ltr'><strong><em>multa</em></strong></span> <span class='ocrx_word' id='word_1_257' title='bbox 3406 2180 3461 2233; x_wconf 88' lang='lat' dir='ltr'><strong><em>in</em></strong></span> <span class='ocrx_word' id='word_1_258' title='bbox 3496 2198 3555 2237; x_wconf 91' lang='lat' dir='ltr'><strong><em>eo</em></strong></span> <span class='ocrx_word' id='word_1_259' title='bbox 3583 2202 3663 2240; x_wconf 78' lang='lat' dir='ltr'><strong><em>es-</em></strong></span> 
     </span>
    </p>
   </div>
   <div class='ocr_carea' id='block_1_38' title="bbox 482 2235 1689 2303">
    <p class='ocr_par' dir='ltr' id='par_1_38' title="bbox 482 2235 1689 2303">
     <span class='ocr_line' id='line_1_42' title="bbox 482 2235 1689 2303; baseline 0.001 -15"><span class='ocrx_word' id='word_1_260' title='bbox 482 2235 896 2303; x_wconf 77' lang='grc' dir='ltr'><strong><em>ἐναντιότητες</em></strong></span> <span class='ocrx_word' id='word_1_261' title='bbox 921 2237 1296 2303; x_wconf 76' lang='grc' dir='ltr'><em>εὑρίσκοιντο</em></span> <span class='ocrx_word' id='word_1_262' title='bbox 1321 2236 1399 2291; x_wconf 85' lang='grc' dir='ltr'><em>ἃν</em></span> <span class='ocrx_word' id='word_1_263' title='bbox 1425 2235 1689 2302; x_wconf 83' lang='grc' dir='ltr'><em>ὲναύτῷ.</em></span> 
     </span>
    </p>
   </div>
   <div class='ocr_carea' id='block_1_39' title="bbox 418 2326 1977 2396">
    <p class='ocr_par' dir='ltr' id='par_1_39' title="bbox 418 2326 1977 2396">
     <span class='ocr_line' id='line_1_43' title="bbox 418 2326 1977 2396; baseline 0.003 -18"><span class='ocrx_word' id='word_1_264' title='bbox 418 2327 456 2378; x_wconf 73' lang='grc' dir='ltr'><em>δ’</em></span> <span class='ocrx_word' id='word_1_265' title='bbox 471 2367 481 2379; x_wconf 94' lang='grc'><strong><em>.</em></strong></span> <span class='ocrx_word' id='word_1_266' title='bbox 506 2328 629 2380; x_wconf 88' lang='grc' dir='ltr'><em>Ὀτι</em></span> <span class='ocrx_word' id='word_1_267' title='bbox 651 2326 805 2396; x_wconf 87' lang='grc' dir='ltr'><em>μετὰ</em></span> <span class='ocrx_word' id='word_1_268' title='bbox 829 2328 934 2382; x_wconf 89' lang='grc' dir='ltr'><em>τοῦ</em></span> <span class='ocrx_word' id='word_1_269' title='bbox 964 2326 1233 2396; x_wconf 77' lang='grc' dir='ltr'><em>Γαϐριὴλ</em></span> <span class='ocrx_word' id='word_1_270' title='bbox 1257 2327 1534 2383; x_wconf 80' lang='grc' dir='ltr'><em>ἀνελθεῖν</em></span> <span class='ocrx_word' id='word_1_271' title='bbox 1558 2331 1645 2394; x_wconf 84' lang='grc' dir='ltr'><strong><em>είς</em></strong></span> <span class='ocrx_word' id='word_1_272' title='bbox 1673 2330 1779 2382; x_wconf 85' lang='grc' dir='ltr'><strong><em>τὸν</em></strong></span> <span class='ocrx_word' id='word_1_273' title='bbox 1811 2328 1977 2392; x_wconf 86' lang='grc' dir='ltr'><em>Θεὸν.</em></span> 
     </span>
    </p>
   </div>
   <div class='ocr_carea' id='block_1_40' title="bbox 491 2419 1981 2491">
    <p class='ocr_par' dir='ltr' id='par_1_40' title="bbox 491 2419 1981 2491">
     <span class='ocr_line' id='line_1_44' title="bbox 491 2419 1981 2491; baseline 0.001 -19"><span class='ocrx_word' id='word_1_274' title='bbox 491 2420 577 2472; x_wconf 76' lang='grc' dir='ltr'><em>καὶ</em></span> <span class='ocrx_word' id='word_1_275' title='bbox 621 2421 903 2488; x_wconf 83' lang='grc' dir='ltr'><em>ἐντυχεῖν</em></span> <span class='ocrx_word' id='word_1_276' title='bbox 955 2419 1211 2491; x_wconf 77' lang='grc' dir='ltr'><em>ἀγγέλῳ,</em></span> <span class='ocrx_word' id='word_1_277' title='bbox 1259 2421 1539 2489; x_wconf 82' lang='grc' dir='ltr'><em>μυριάκις</em></span> <span class='ocrx_word' id='word_1_278' title='bbox 1584 2420 1808 2490; x_wconf 83' lang='grc' dir='ltr'><em>μείζονι</em></span> <span class='ocrx_word' id='word_1_279' title='bbox 1871 2420 1981 2474; x_wconf 87' lang='grc' dir='ltr'><em>τοῦ</em></span> 
     </span>
    </p>
   </div>
   <div class='ocr_carea' id='block_1_41' title="bbox 483 2511 1980 2582">
    <p class='ocr_par' dir='ltr' id='par_1_41' title="bbox 483 2511 1980 2582">
     <span class='ocr_line' id='line_1_45' title="bbox 483 2511 1980 2582; baseline 0 -18"><span class='ocrx_word' id='word_1_280' title='bbox 483 2513 710 2579; x_wconf 83' lang='grc' dir='ltr'><em>κόσμου</em></span> <span class='ocrx_word' id='word_1_281' title='bbox 765 2512 1013 2578; x_wconf 77' lang='grc' dir='ltr'><em>παντὸς,</em></span> <span class='ocrx_word' id='word_1_282' title='bbox 1051 2511 1372 2581; x_wconf 85' lang='grc' dir='ltr'><em>θρηνοῦντι</em></span> <span class='ocrx_word' id='word_1_283' title='bbox 1417 2511 1525 2578; x_wconf 86' lang='grc' dir='ltr'><strong><em>τὰς</em></strong></span> <span class='ocrx_word' id='word_1_284' title='bbox 1581 2512 1767 2567; x_wconf 86' lang='grc' dir='ltr'><em>αὐτοῦ</em></span> <span class='ocrx_word' id='word_1_285' title='bbox 1795 2514 1980 2582; x_wconf 79' lang='grc' dir='ltr'><em>ἀμαρ-</em></span> 
     </span>
    </p>
   </div>
   <div class='ocr_carea' id='block_1_42' title="bbox 478 2599 1979 2669">
    <p class='ocr_par' dir='ltr' id='par_1_42' title="bbox 478 2599 1979 2669">
     <span class='ocr_line' id='line_1_46' title="bbox 478 2599 1979 2669; baseline 0.002 -18"><span class='ocrx_word' id='word_1_286' title='bbox 478 2601 626 2665; x_wconf 85' lang='grc' dir='ltr'><em>τίας,</em></span> <span class='ocrx_word' id='word_1_287' title='bbox 662 2599 759 2653; x_wconf 74' lang='grc' dir='ltr'><em>καὶ</em></span> <span class='ocrx_word' id='word_1_288' title='bbox 784 2599 991 2668; x_wconf 82' lang='grc' dir='ltr'><em>τυχεῖν</em></span> <span class='ocrx_word' id='word_1_289' title='bbox 1020 2600 1180 2667; x_wconf 85' lang='grc' dir='ltr'><em>παρὰ</em></span> <span class='ocrx_word' id='word_1_290' title='bbox 1212 2599 1361 2654; x_wconf 88' lang='grc' dir='ltr'><em>Θεοῦ</em></span> <span class='ocrx_word' id='word_1_291' title='bbox 1389 2599 1747 2669; x_wconf 78' lang='grc' dir='ltr'><em>συγγνώμης</em></span> <span class='ocrx_word' id='word_1_292' title='bbox 1770 2599 1844 2654; x_wconf 81' lang='grc' dir='ltr'><em>δι’</em></span> <span class='ocrx_word' id='word_1_293' title='bbox 1872 2602 1979 2654; x_wconf 81' lang='grc' dir='ltr'><strong><em>αὐ-</em></strong></span> 
     </span>
    </p>
   </div>
   <div class='ocr_carea' id='block_1_43' title="bbox 479 2692 606 2745">
    <p class='ocr_par' dir='ltr' id='par_1_43' title="bbox 479 2692 606 2745">
     <span class='ocr_line' id='line_1_47' title="bbox 479 2692 606 2745; baseline 0.008 -1"><span class='ocrx_word' id='word_1_294' title='bbox 479 2692 606 2745; x_wconf 86' lang='grc' dir='ltr'><em>τοῦ.</em></span> 
     </span>
    </p>
   </div>
   <div class='ocr_carea' id='block_1_44' title="bbox 2154 2244 2970 2314">
    <p class='ocr_par' dir='ltr' id='par_1_44' title="bbox 2154 2244 2970 2314">
     <span class='ocr_line' id='line_1_48' title="bbox 2154 2244 2970 2314; baseline 0.025 -21"><span class='ocrx_word' id='word_1_295' title='bbox 2154 2250 2271 2294; x_wconf 88' lang='lat' dir='ltr'><strong><em>sent</em></strong></span> <span class='ocrx_word' id='word_1_296' title='bbox 2301 2244 2403 2298; x_wconf 88' lang='lat' dir='ltr'><strong><em>sibi</em></strong></span> <span class='ocrx_word' id='word_1_297' title='bbox 2428 2248 2646 2304; x_wconf 86' lang='lat' dir='ltr'><strong><em>invicem</em></strong></span> <span class='ocrx_word' id='word_1_298' title='bbox 2676 2258 2970 2314; x_wconf 88' lang='lat' dir='ltr'><strong><em>contraria.</em></strong></span> 
     </span>
    </p>
   </div>
   <div class='ocr_carea' id='block_1_45' title="bbox 2084 2330 3659 2439">
    <p class='ocr_par' dir='ltr' id='par_1_45' title="bbox 2084 2330 3659 2439">
     <span class='ocr_line' id='line_1_49' title="bbox 2084 2330 3659 2439; baseline 0.027 -57"><span class='ocrx_word' id='word_1_299' title='bbox 2084 2332 2136 2385; x_wconf 78' lang='grc'><em>4.</em></span> <span class='ocrx_word' id='word_1_300' title='bbox 2181 2330 2475 2397; x_wconf 81' lang='grc' dir='ltr'><em>ριιοιίέιιηι</em></span> <span class='ocrx_word' id='word_1_301' title='bbox 2506 2338 2749 2400; x_wconf 85' lang='lat' dir='ltr'><strong><em>Gabriele</em></strong></span> <span class='ocrx_word' id='word_1_302' title='bbox 2774 2349 2845 2401; x_wconf 89' lang='lat' dir='ltr'><strong><em>ad</em></strong></span> <span class='ocrx_word' id='word_1_303' title='bbox 2873 2350 3043 2406; x_wconf 89' lang='lat' dir='ltr'><strong><em>Deum</em></strong></span> <span class='ocrx_word' id='word_1_304' title='bbox 3074 2359 3381 2425; x_wconf 86' lang='lat' dir='ltr'><strong><em>ascendens,</em></strong></span> <span class='ocrx_word' id='word_1_305' title='bbox 3412 2364 3467 2419; x_wconf 89' lang='lat' dir='ltr'><strong><em>in</em></strong></span> <span class='ocrx_word' id='word_1_306' title='bbox 3499 2385 3659 2439; x_wconf 79' lang='lat' dir='ltr'><strong><em>ango-</em></strong></span> 
     </span>
    </p>
   </div>
   <div class='ocr_carea' id='block_1_46' title="bbox 2156 2422 3656 2523">
    <p class='ocr_par' dir='ltr' id='par_1_46' title="bbox 2156 2422 3656 2523">
     <span class='ocr_line' id='line_1_50' title="bbox 2156 2422 3656 2523; baseline 0.027 -49"><span class='ocrx_word' id='word_1_307' title='bbox 2156 2422 2268 2477; x_wconf 90' lang='lat' dir='ltr'><strong><em>lum</em></strong></span> <span class='ocrx_word' id='word_1_308' title='bbox 2302 2427 2544 2485; x_wconf 88' lang='lat' dir='ltr'><strong><em>inciderit</em></strong></span> <span class='ocrx_word' id='word_1_309' title='bbox 2579 2434 2747 2492; x_wconf 81' lang='lat' dir='ltr'><strong><em>decies</em></strong></span> <span class='ocrx_word' id='word_1_310' title='bbox 2775 2440 3002 2497; x_wconf 80' lang='lat' dir='ltr'><strong><em>millenis</em></strong></span> <span class='ocrx_word' id='word_1_311' title='bbox 3032 2447 3226 2503; x_wconf 86' lang='lat' dir='ltr'><strong><em>vicibus</em></strong></span> <span class='ocrx_word' id='word_1_312' title='bbox 3266 2455 3519 2523; x_wconf 85' lang='lat' dir='ltr'><strong><em>majorem</em></strong></span> <span class='ocrx_word' id='word_1_313' title='bbox 3549 2422 3656 2515; x_wconf 70' lang='lat' dir='ltr'><strong><em>toto</em></strong></span> 
     </span>
    </p>
   </div>
   <div class='ocr_carea' id='block_1_47' title="bbox 2152 2520 3655 2621">
    <p class='ocr_par' dir='ltr' id='par_1_47' title="bbox 2152 2520 3655 2621">
     <span class='ocr_line' id='line_1_51' title="bbox 2152 2520 3655 2621; baseline 0.027 -54"><span class='ocrx_word' id='word_1_314' title='bbox 2152 2520 2364 2584; x_wconf 86' lang='lat' dir='ltr'><strong><em>mundo,</em></strong></span> <span class='ocrx_word' id='word_1_315' title='bbox 2426 2521 2701 2594; x_wconf 78' lang='lat' dir='ltr'><strong><em>deﬂentem</em></strong></span> <span class='ocrx_word' id='word_1_316' title='bbox 2755 2546 2968 2601; x_wconf 89' lang='lat' dir='ltr'><strong><em>peccata</em></strong></span> <span class='ocrx_word' id='word_1_317' title='bbox 3016 2555 3146 2604; x_wconf 89' lang='lat' dir='ltr'><strong><em>sua,</em></strong></span> <span class='ocrx_word' id='word_1_318' title='bbox 3204 2545 3294 2611; x_wconf 78' lang='lat' dir='ltr'><strong><em>qui</em></strong></span> <span class='ocrx_word' id='word_1_319' title='bbox 3338 2520 3436 2601; x_wconf 79' lang='lat' dir='ltr'><strong><em>sua</em></strong></span> <span class='ocrx_word' id='word_1_320' title='bbox 3491 2552 3655 2621; x_wconf 81' lang='lat' dir='ltr'><strong><em>ipsius</em></strong></span> 
     </span>
    </p>
   </div>
   <div class='ocr_carea' id='block_1_48' title="bbox 2148 2611 3511 2708">
    <p class='ocr_par' dir='ltr' id='par_1_48' title="bbox 2148 2611 3511 2708">
     <span class='ocr_line' id='line_1_52' title="bbox 2148 2611 3511 2708; baseline 0.026 -46"><span class='ocrx_word' id='word_1_321' title='bbox 2148 2611 2514 2674; x_wconf 86' lang='lat' dir='ltr'><strong><em>intercessione</em></strong></span> <span class='ocrx_word' id='word_1_322' title='bbox 2538 2624 2742 2678; x_wconf 85' lang='lat' dir='ltr'><strong><em>veniam</em></strong></span> <span class='ocrx_word' id='word_1_323' title='bbox 2767 2630 2910 2696; x_wconf 88' lang='lat' dir='ltr'><strong><em>apud</em></strong></span> <span class='ocrx_word' id='word_1_324' title='bbox 2939 2630 3104 2687; x_wconf 89' lang='lat' dir='ltr'><strong><em>Deum</em></strong></span> <span class='ocrx_word' id='word_1_325' title='bbox 3134 2636 3511 2708; x_wconf 80' lang='lat' dir='ltr'><strong><em>impetraverit.</em></strong></span> 
     </span>
    </p>
   </div>
   <div class='ocr_carea' id='block_1_49' title="bbox 397 2782 1968 2884">
    <p class='ocr_par' dir='ltr' id='par_1_49' title="bbox 397 2782 1968 2854">
     <span class='ocr_line' id='line_1_53' title="bbox 397 2782 1968 2854; baseline 0.005 -22"><span class='ocrx_word' id='word_1_326' title='bbox 397 2787 466 2835; x_wconf 77' lang='grc' dir='ltr'><em>ε’.</em></span> <span class='ocrx_word' id='word_1_327' title='bbox 506 2782 638 2835; x_wconf 81' lang='grc' dir='ltr'><em>Ὀτι</em></span> <span class='ocrx_word' id='word_1_328' title='bbox 669 2784 841 2849; x_wconf 84' lang='grc' dir='ltr'><em>τέλος</em></span> <span class='ocrx_word' id='word_1_329' title='bbox 873 2782 972 2837; x_wconf 79' lang='grc' dir='ltr'><strong><em>καί</em></strong></span> <span class='ocrx_word' id='word_1_330' title='bbox 1000 2782 1263 2853; x_wconf 76' lang='grc' dir='ltr'><em>σφραγὶς</em></span> <span class='ocrx_word' id='word_1_331' title='bbox 1294 2782 1412 2838; x_wconf 82' lang='grc' dir='ltr'><strong><em>τῶν</em></strong></span> <span class='ocrx_word' id='word_1_332' title='bbox 1453 2783 1777 2854; x_wconf 75' lang='grc' dir='ltr'><em>προφητῶν</em></span> <span class='ocrx_word' id='word_1_333' title='bbox 1804 2786 1968 2841; x_wconf 76' lang='grc' dir='ltr'><em>ἐστιν</em></span> 
     </span>
    </p>
   </div>
   <div class='ocr_carea' id='block_1_50' title="bbox 2107 2782 3543 2884">
    <p class='ocr_par' dir='ltr' id='par_1_50' title="bbox 2107 2788 3543 2884">
     <span class='ocr_line' id='line_1_54' title="bbox 2107 2788 3543 2884; baseline 0.024 -43"><span class='ocrx_word' id='word_1_334' title='bbox 2107 2788 2133 2842; x_wconf 74' lang='grc' dir='ltr'><em>ἱ.</em></span> <span class='ocrx_word' id='word_1_335' title='bbox 2174 2788 2327 2854; x_wconf 91' lang='lat' dir='ltr'><strong><em>Quod</em></strong></span> <span class='ocrx_word' id='word_1_336' title='bbox 2356 2794 2466 2857; x_wconf 88' lang='lat' dir='ltr'><strong><em>ipse</em></strong></span> <span class='ocrx_word' id='word_1_337' title='bbox 2482 2812 2679 2867; x_wconf 89' lang='lat' dir='ltr'><strong><em>_scopus</em></strong></span> <span class='ocrx_word' id='word_1_338' title='bbox 2704 2812 2754 2855; x_wconf 91' lang='lat' dir='ltr'><strong><em>et</em></strong></span> <span class='ocrx_word' id='word_1_339' title='bbox 2783 2806 3015 2874; x_wconf 85' lang='lat' dir='ltr'><strong><em>sigillum</em></strong></span> <span class='ocrx_word' id='word_1_340' title='bbox 3047 2812 3111 2865; x_wconf 85' lang='lat' dir='ltr'><strong><em>sit</em></strong></span> <span class='ocrx_word' id='word_1_341' title='bbox 3144 2819 3543 2884; x_wconf 89' lang='lat' dir='ltr'><strong><em>prophetarum.</em></strong></span> 
     </span>
    </p>
   </div>
   <div class='ocr_carea' id='block_1_51' title="bbox 476 2868 675 2939">
    <p class='ocr_par' dir='ltr' id='par_1_51' title="bbox 476 2868 675 2939">
     <span class='ocr_line' id='line_1_55' title="bbox 476 2868 675 2939; baseline 0 -13"><span class='ocrx_word' id='word_1_342' title='bbox 476 2868 675 2939; x_wconf 86' lang='grc' dir='ltr'><em>οὗτος.</em></span> 
     </span>
    </p>
   </div>
   <div class='ocr_carea' id='block_1_52' title="bbox 398 2958 1973 3036">
    <p class='ocr_par' dir='ltr' id='par_1_52' title="bbox 398 2958 1973 3036">
     <span class='ocr_line' id='line_1_56' title="bbox 398 2958 1973 3036; baseline 0.003 -20"><span class='ocrx_word' id='word_1_343' title='bbox 398 2958 479 3025; x_wconf 82' lang='grc' dir='ltr'><strong><em>ς’.</em></strong></span> <span class='ocrx_word' id='word_1_344' title='bbox 512 2963 641 3016; x_wconf 85' lang='grc' dir='ltr'><em>Ὀτι</em></span> <span class='ocrx_word' id='word_1_345' title='bbox 678 2963 954 3034; x_wconf 74' lang='grc' dir='ltr'><em>ἁρπαγὰς</em></span> <span class='ocrx_word' id='word_1_346' title='bbox 982 2966 1080 3019; x_wconf 75' lang='grc' dir='ltr'><em>καὶ</em></span> <span class='ocrx_word' id='word_1_347' title='bbox 1122 2967 1352 3036; x_wconf 88' lang='grc' dir='ltr'><em>φόνους</em></span> <span class='ocrx_word' id='word_1_348' title='bbox 1386 2967 1604 3020; x_wconf 85' lang='grc' dir='ltr'><em>κωλύει</em></span> <span class='ocrx_word' id='word_1_349' title='bbox 1648 2966 1748 3019; x_wconf 78' lang='grc' dir='ltr'><em>καὶ</em></span> <span class='ocrx_word' id='word_1_350' title='bbox 1774 2966 1973 3034; x_wconf 79' lang='grc' dir='ltr'><em>ἐπιορ-</em></span> 
     </span>
    </p>
   </div>
   <div class='ocr_carea' id='block_1_53' title="bbox 471 3054 1578 3118">
    <p class='ocr_par' dir='ltr' id='par_1_53' title="bbox 471 3054 1578 3118">
     <span class='ocr_line' id='line_1_57' title="bbox 471 3054 1578 3118; baseline 0.005 -14"><span class='ocrx_word' id='word_1_351' title='bbox 471 3054 630 3118; x_wconf 87' lang='grc' dir='ltr'><em>κίας,</em></span> <span class='ocrx_word' id='word_1_352' title='bbox 660 3054 759 3107; x_wconf 79' lang='grc' dir='ltr'><em>καὶ</em></span> <span class='ocrx_word' id='word_1_353' title='bbox 791 3055 977 3109; x_wconf 81' lang='grc' dir='ltr'><em>πάλιν</em></span> <span class='ocrx_word' id='word_1_354' title='bbox 1010 3057 1197 3111; x_wconf 85' lang='grc' dir='ltr'><em>ταῦτα</em></span> <span class='ocrx_word' id='word_1_355' title='bbox 1241 3055 1578 3110; x_wconf 79' lang='grc' dir='ltr'><em>ἐνδίδωσιν.</em></span> 
     </span>
    </p>
   </div>
   <div class='ocr_carea' id='block_1_54' title="bbox 395 3140 1965 3245">
    <p class='ocr_par' dir='ltr' id='par_1_54' title="bbox 395 3140 1965 3245">
     <span class='ocr_line' id='line_1_58' title="bbox 395 3140 1965 3245; baseline 0.003 -50"><span class='ocrx_word' id='word_1_356' title='bbox 395 3140 467 3206; x_wconf 79' lang='grc' dir='ltr'><strong><em>ζ’.</em></strong></span> <span class='ocrx_word' id='word_1_357' title='bbox 502 3144 627 3196; x_wconf 84' lang='grc' dir='ltr'><em>Ὀτι</em></span> <span class='ocrx_word' id='word_1_358' title='bbox 671 3148 703 3198; x_wconf 85' lang='grc' dir='ltr'><strong><em>ό</em></strong></span> <span class='ocrx_word' id='word_1_359' title='bbox 734 3148 878 3212; x_wconf 81' lang='grc' dir='ltr'><em>Θεὸς</em></span> <span class='ocrx_word' id='word_1_360' title='bbox 906 3146 1163 3201; x_wconf 81' lang='grc' dir='ltr'><em>ἐνέδωκε</em></span> <span class='ocrx_word' id='word_1_361' title='bbox 1196 3148 1384 3214; x_wconf 79' lang='grc' dir='ltr'><em>τούτῳ</em></span> <span class='ocrx_word' id='word_1_362' title='bbox 1412 3146 1796 3245; x_wconf 52' lang='grc' dir='ltr'><em>ὲιτιορκῆσαι.</em></span> <span class='ocrx_word' id='word_1_363' title='bbox 1956 3230 1965 3245; x_wconf 29' lang='grc' dir='ltr'>δ</span> 
     </span>
    </p>
   </div>
   <div class='ocr_carea' id='block_1_55' title="bbox 392 3231 1969 3303">
    <p class='ocr_par' dir='ltr' id='par_1_55' title="bbox 392 3231 1969 3303">
     <span class='ocr_line' id='line_1_59' title="bbox 392 3231 1969 3303; baseline 0.001 -17"><span class='ocrx_word' id='word_1_364' title='bbox 392 3232 471 3301; x_wconf 83' lang='grc' dir='ltr'><em>η’.</em></span> <span class='ocrx_word' id='word_1_365' title='bbox 516 3231 638 3284; x_wconf 82' lang='grc' dir='ltr'><strong><em>Ὀτι</em></strong></span> <span class='ocrx_word' id='word_1_366' title='bbox 666 3232 1089 3303; x_wconf 69' lang='grc' dir='ltr'><em>διαλεγόμενος</em></span> <span class='ocrx_word' id='word_1_367' title='bbox 1111 3233 1271 3299; x_wconf 88' lang='grc' dir='ltr'><em>αὐτῷ</em></span> <span class='ocrx_word' id='word_1_368' title='bbox 1294 3237 1325 3288; x_wconf 89' lang='grc' dir='ltr'><strong><em>ό</em></strong></span> <span class='ocrx_word' id='word_1_369' title='bbox 1356 3235 1520 3300; x_wconf 84' lang='grc' dir='ltr'><em>Θεὸς,</em></span> <span class='ocrx_word' id='word_1_370' title='bbox 1546 3234 1714 3287; x_wconf 79' lang='grc' dir='ltr'><em>εἶπεν</em></span> <span class='ocrx_word' id='word_1_371' title='bbox 1732 3234 1812 3299; x_wconf 86' lang='grc' dir='ltr'><em>ὡς</em></span> <span class='ocrx_word' id='word_1_372' title='bbox 1837 3231 1969 3287; x_wconf 63' lang='lat' dir='ltr'><strong><em>nati</em></strong></span> 
     </span>
    </p>
   </div>
   <div class='ocr_carea' id='block_1_56' title="bbox 466 3321 1507 3395">
    <p class='ocr_par' dir='ltr' id='par_1_56' title="bbox 466 3321 1507 3395">
     <span class='ocr_line' id='line_1_60' title="bbox 466 3321 1507 3395; baseline 0.004 -20"><span class='ocrx_word' id='word_1_373' title='bbox 466 3321 601 3388; x_wconf 86' lang='grc' dir='ltr'><em>διᾶς</em></span> <span class='ocrx_word' id='word_1_374' title='bbox 631 3323 805 3391; x_wconf 76' lang='grc' dir='ltr'><em>χάριν</em></span> <span class='ocrx_word' id='word_1_375' title='bbox 833 3325 1087 3391; x_wconf 82' lang='grc' dir='ltr'><em>ἐποίησε</em></span> <span class='ocrx_word' id='word_1_376' title='bbox 1118 3325 1227 3379; x_wconf 88' lang='grc' dir='ltr'><strong><em>τὸν</em></strong></span> <span class='ocrx_word' id='word_1_377' title='bbox 1252 3328 1507 3395; x_wconf 83' lang='grc' dir='ltr'><em>κόσμον.</em></span> 
     </span>
    </p>
   </div>
   <div class='ocr_carea' id='block_1_57' title="bbox 392 3415 1963 3490">
    <p class='ocr_par' dir='ltr' id='par_1_57' title="bbox 392 3415 1963 3490">
     <span class='ocr_line' id='line_1_61' title="bbox 392 3415 1963 3490; baseline 0.003 -22"><span class='ocrx_word' id='word_1_378' title='bbox 392 3415 463 3469; x_wconf 75' lang='grc' dir='ltr'><strong><em>θ’.</em></strong></span> <span class='ocrx_word' id='word_1_379' title='bbox 505 3415 634 3469; x_wconf 84' lang='grc' dir='ltr'><em>Ὅτι</em></span> <span class='ocrx_word' id='word_1_380' title='bbox 678 3417 749 3470; x_wconf 84' lang='grc' dir='ltr'><em>ἐν</em></span> <span class='ocrx_word' id='word_1_381' title='bbox 780 3415 861 3481; x_wconf 84' lang='grc' dir='ltr'><em>τῷ</em></span> <span class='ocrx_word' id='word_1_382' title='bbox 894 3419 1195 3486; x_wconf 88' lang='grc' dir='ltr'><em>κεφαλαίῳ</em></span> <span class='ocrx_word' id='word_1_383' title='bbox 1224 3417 1302 3484; x_wconf 86' lang='grc' dir='ltr'><em>τῷ</em></span> <span class='ocrx_word' id='word_1_384' title='bbox 1324 3420 1627 3488; x_wconf 75' lang='grc' dir='ltr'><em>λεγομένῳ</em></span> <span class='ocrx_word' id='word_1_385' title='bbox 1654 3422 1705 3474; x_wconf 85' lang='grc' dir='ltr'><strong>Μ</strong></span> <span class='ocrx_word' id='word_1_386' title='bbox 1721 3422 1963 3490; x_wconf 80' lang='grc' dir='ltr'><em>πακαρᾶ,</em></span> 
     </span>
    </p>
   </div>
   <div class='ocr_carea' id='block_1_58' title="bbox 467 3499 1966 3579">
    <p class='ocr_par' dir='ltr' id='par_1_58' title="bbox 467 3499 1966 3579">
     <span class='ocr_line' id='line_1_62' title="bbox 467 3499 1966 3579; baseline 0.001 -18"><span class='ocrx_word' id='word_1_387' title='bbox 467 3507 614 3576; x_wconf 75' lang='grc' dir='ltr'><em>ὅπερ</em></span> <span class='ocrx_word' id='word_1_388' title='bbox 672 3508 1057 3577; x_wconf 83' lang='grc' dir='ltr'><em>ἑρμηνεύεται</em></span> <span class='ocrx_word' id='word_1_389' title='bbox 1110 3510 1383 3579; x_wconf 78' lang='grc' dir='ltr'><em>δάμαλις,</em></span> <span class='ocrx_word' id='word_1_390' title='bbox 1438 3512 1519 3577; x_wconf 88' lang='grc' dir='ltr'><em>ὠς</em></span> <span class='ocrx_word' id='word_1_391' title='bbox 1558 3499 1632 3565; x_wconf 76' lang='grc' dir='ltr'><strong><em>ὀί</em></strong></span> <span class='ocrx_word' id='word_1_392' title='bbox 1696 3511 1966 3566; x_wconf 83' lang='grc' dir='ltr'><em>Ἰουδαῖοι</em></span> 
     </span>
    </p>
   </div>
   <div class='ocr_carea' id='block_1_59' title="bbox 460 3600 1964 3670">
    <p class='ocr_par' dir='ltr' id='par_1_59' title="bbox 460 3600 1964 3670">
     <span class='ocr_line' id='line_1_63' title="bbox 460 3600 1964 3670; baseline 0.003 -19"><span class='ocrx_word' id='word_1_393' title='bbox 460 3601 560 3652; x_wconf 75' lang='grc' dir='ltr'><em>καὶ</em></span> <span class='ocrx_word' id='word_1_394' title='bbox 592 3602 647 3653; x_wconf 91' lang='lat' dir='ltr'><strong><em>ol</em></strong></span> <span class='ocrx_word' id='word_1_395' title='bbox 680 3600 1021 3666; x_wconf 77' lang='grc' dir='ltr'><em>Χριστιανοὶ</em></span> <span class='ocrx_word' id='word_1_396' title='bbox 1061 3601 1328 3670; x_wconf 82' lang='grc' dir='ltr'><em>σωθῆναι</em></span> <span class='ocrx_word' id='word_1_397' title='bbox 1374 3603 1705 3670; x_wconf 83' lang='grc' dir='ltr'><em>μέλλουσιν</em></span> <span class='ocrx_word' id='word_1_398' title='bbox 1729 3620 1744 3635; x_wconf 76' lang='grc' dir='ltr'><strong>ο</strong></span> <span class='ocrx_word' id='word_1_399' title='bbox 1776 3604 1847 3655; x_wconf 82' lang='grc' dir='ltr'><em>ἐν</em></span> <span class='ocrx_word' id='word_1_400' title='bbox 1896 3603 1964 3656; x_wconf 76' lang='grc' dir='ltr'><em>δὲ</em></span> 
     </span>
    </p>
   </div>
   <div class='ocr_carea' id='block_1_60' title="bbox 458 3687 1961 3761">
    <p class='ocr_par' dir='ltr' id='par_1_60' title="bbox 458 3687 1961 3761">
     <span class='ocr_line' id='line_1_64' title="bbox 458 3687 1961 3761; baseline 0.002 -20"><span class='ocrx_word' id='word_1_401' title='bbox 458 3687 539 3754; x_wconf 86' lang='grc' dir='ltr'><em>τῷ</em></span> <span class='ocrx_word' id='word_1_402' title='bbox 564 3689 868 3757; x_wconf 83' lang='grc' dir='ltr'><em>κεφαλαίῳ</em></span> <span class='ocrx_word' id='word_1_403' title='bbox 886 3688 968 3754; x_wconf 87' lang='grc' dir='ltr'><em>τῷ</em></span> <span class='ocrx_word' id='word_1_404' title='bbox 991 3689 1216 3760; x_wconf 79' lang='grc' dir='ltr'><em>Ἀμρὰμ</em></span> <span class='ocrx_word' id='word_1_405' title='bbox 1243 3688 1419 3757; x_wconf 85' lang='grc' dir='ltr'><em>αὖθίς</em></span> <span class='ocrx_word' id='word_1_406' title='bbox 1447 3709 1640 3761; x_wconf 87' lang='grc' dir='ltr'><em>φησιν</em></span> <span class='ocrx_word' id='word_1_407' title='bbox 1657 3692 1744 3744; x_wconf 84' lang='grc' dir='ltr'><em>ὅτι</em></span> <span class='ocrx_word' id='word_1_408' title='bbox 1762 3692 1961 3757; x_wconf 80' lang='grc' dir='ltr'><em>οὐδεὶς</em></span> 
     </span>
    </p>
   </div>
   <div class='ocr_carea' id='block_1_61' title="bbox 458 3780 1961 3853">
    <p class='ocr_par' dir='ltr' id='par_1_61' title="bbox 458 3780 1961 3853">
     <span class='ocr_line' id='line_1_65' title="bbox 458 3780 1961 3853; baseline 0.002 -19"><span class='ocrx_word' id='word_1_409' title='bbox 458 3781 708 3836; x_wconf 79' lang='grc' dir='ltr'><em>δύναται</em></span> <span class='ocrx_word' id='word_1_410' title='bbox 758 3780 1025 3849; x_wconf 81' lang='grc' dir='ltr'><em>σωθῆναι</em></span> <span class='ocrx_word' id='word_1_411' title='bbox 1067 3782 1214 3837; x_wconf 83' lang='grc' dir='ltr'><em>ἄνευ</em></span> <span class='ocrx_word' id='word_1_412' title='bbox 1252 3782 1373 3837; x_wconf 89' lang='grc' dir='ltr'><strong><em>τῶν</em></strong></span> <span class='ocrx_word' id='word_1_413' title='bbox 1417 3784 1487 3837; x_wconf 84' lang='grc' dir='ltr'><em>ἐν</em></span> <span class='ocrx_word' id='word_1_414' title='bbox 1521 3782 1600 3849; x_wconf 85' lang='grc' dir='ltr'><em>τῷ</em></span> <span class='ocrx_word' id='word_1_415' title='bbox 1634 3785 1796 3853; x_wconf 87' lang='grc' dir='ltr'><em>νόμῳ</em></span> <span class='ocrx_word' id='word_1_416' title='bbox 1844 3785 1961 3837; x_wconf 85' lang='grc' dir='ltr'><strong><em>τῶν</em></strong></span> 
     </span>
    </p>
   </div>
   <div class='ocr_carea' id='block_1_62' title="bbox 475 3870 892 3941">
    <p class='ocr_par' dir='ltr' id='par_1_62' title="bbox 475 3870 892 3941">
     <span class='ocr_line' id='line_1_66' title="bbox 475 3870 892 3941; baseline 0 -15"><span class='ocrx_word' id='word_1_417' title='bbox 475 3870 892 3941; x_wconf 84' lang='grc' dir='ltr'><em>Ἰσμαηλιτῶν.</em></span> 
     </span>
    </p>
   </div>
   <div class='ocr_carea' id='block_1_63' title="bbox 388 3958 1957 4028">
    <p class='ocr_par' dir='ltr' id='par_1_63' title="bbox 388 3958 1957 4028">
     <span class='ocr_line' id='line_1_67' title="bbox 388 3958 1957 4028; baseline 0.003 -18"><span class='ocrx_word' id='word_1_418' title='bbox 388 3964 441 4011; x_wconf 84' lang='grc' dir='ltr'><em>ι’.</em></span> <span class='ocrx_word' id='word_1_419' title='bbox 475 3958 604 4011; x_wconf 76' lang='grc' dir='ltr'><em>Ὀτι</em></span> <span class='ocrx_word' id='word_1_420' title='bbox 641 3959 754 4026; x_wconf 80' lang='grc' dir='ltr'><em>πρὸ</em></span> <span class='ocrx_word' id='word_1_421' title='bbox 801 3958 990 4012; x_wconf 83' lang='grc' dir='ltr'><em>αὑτοῦ</em></span> <span class='ocrx_word' id='word_1_422' title='bbox 1033 3962 1106 4013; x_wconf 80' lang='grc' dir='ltr'><em>οὐ</em></span> <span class='ocrx_word' id='word_1_423' title='bbox 1139 3958 1393 4013; x_wconf 81' lang='grc' dir='ltr'><em>δύναταί</em></span> <span class='ocrx_word' id='word_1_424' title='bbox 1425 3976 1515 4026; x_wconf 89' lang='grc' dir='ltr'><strong><em>τις</em></strong></span> <span class='ocrx_word' id='word_1_425' title='bbox 1544 3962 1843 4015; x_wconf 82' lang='grc' dir='ltr'><em>εῑσελθεῖν</em></span> <span class='ocrx_word' id='word_1_426' title='bbox 1872 3965 1957 4028; x_wconf 81' lang='grc' dir='ltr'><em>εἰς</em></span> 
     </span>
    </p>
   </div>
   <div class='ocr_carea' id='block_1_64' title="bbox 456 4044 1958 4117">
    <p class='ocr_par' dir='ltr' id='par_1_64' title="bbox 456 4044 1958 4117">
     <span class='ocr_line' id='line_1_68' title="bbox 456 4044 1958 4117; baseline 0.003 -17"><span class='ocrx_word' id='word_1_427' title='bbox 456 4052 562 4101; x_wconf 62' lang='grc' dir='ltr'><em>τέν</em></span> <span class='ocrx_word' id='word_1_428' title='bbox 591 4047 981 4115; x_wconf 78' lang='grc' dir='ltr'><em>παράδεισον.</em></span> <span class='ocrx_word' id='word_1_429' title='bbox 1021 4049 1127 4102; x_wconf 79' lang='grc' dir='ltr'><strong><em>Καὶ</em></strong></span> <span class='ocrx_word' id='word_1_430' title='bbox 1165 4044 1340 4115; x_wconf 87' lang='grc' dir='ltr'><em>αὖθίς</em></span> <span class='ocrx_word' id='word_1_431' title='bbox 1376 4066 1567 4117; x_wconf 87' lang='grc' dir='ltr'><em>φησιν</em></span> <span class='ocrx_word' id='word_1_432' title='bbox 1604 4049 1694 4104; x_wconf 86' lang='grc' dir='ltr'><em>ὅτι</em></span> <span class='ocrx_word' id='word_1_433' title='bbox 1725 4052 1958 4115; x_wconf 71' lang='grc' dir='ltr'><em>ἔδειξεν</em></span> 
     </span>
    </p>
   </div>
   <div class='ocr_carea' id='block_1_65' title="bbox 456 4138 1955 4209">
    <p class='ocr_par' dir='ltr' id='par_1_65' title="bbox 456 4138 1955 4209">
     <span class='ocr_line' id='line_1_69' title="bbox 456 4138 1955 4209; baseline 0.005 -20"><span class='ocrx_word' id='word_1_434' title='bbox 456 4138 616 4203; x_wconf 79' lang='grc' dir='ltr'><em>αὐτῷ</em></span> <span class='ocrx_word' id='word_1_435' title='bbox 649 4142 681 4192; x_wconf 87' lang='grc' dir='ltr'><em>ὀ</em></span> <span class='ocrx_word' id='word_1_436' title='bbox 719 4140 864 4203; x_wconf 84' lang='grc' dir='ltr'><em>Θεὸς</em></span> <span class='ocrx_word' id='word_1_437' title='bbox 901 4139 1193 4208; x_wconf 75' lang='grc' dir='ltr'><em>γυναῖκάς</em></span> <span class='ocrx_word' id='word_1_438' title='bbox 1216 4155 1281 4192; x_wconf 86' lang='grc' dir='ltr'><strong><em>τε</em></strong></span> <span class='ocrx_word' id='word_1_439' title='bbox 1314 4141 1409 4193; x_wconf 77' lang='grc' dir='ltr'><em>καὶ</em></span> <span class='ocrx_word' id='word_1_440' title='bbox 1435 4140 1661 4209; x_wconf 79' lang='grc' dir='ltr'><em>ἄνδρας</em></span> <span class='ocrx_word' id='word_1_441' title='bbox 1682 4144 1955 4209; x_wconf 83' lang='grc' dir='ltr'><em>πολλοὺς</em></span> 
     </span>
    </p>
   </div>
   <div class='ocr_carea' id='block_1_66' title="bbox 453 4231 1845 4300">
    <p class='ocr_par' dir='ltr' id='par_1_66' title="bbox 453 4231 1845 4300">
     <span class='ocr_line' id='line_1_70' title="bbox 453 4231 1845 4300; baseline 0.004 -15"><span class='ocrx_word' id='word_1_442' title='bbox 453 4233 839 4297; x_wconf 82' lang='grc' dir='ltr'><em>εἰσελθόντας</em></span> <span class='ocrx_word' id='word_1_443' title='bbox 868 4231 981 4300; x_wconf 78' lang='grc' dir='ltr'><em>πρὸ</em></span> <span class='ocrx_word' id='word_1_444' title='bbox 1004 4231 1189 4285; x_wconf 83' lang='grc' dir='ltr'><em>αὐτοῦ</em></span> <span class='ocrx_word' id='word_1_445' title='bbox 1214 4233 1304 4297; x_wconf 84' lang='grc' dir='ltr'><strong><em>είς</em></strong></span> <span class='ocrx_word' id='word_1_446' title='bbox 1326 4232 1433 4285; x_wconf 90' lang='grc' dir='ltr'><strong><em>τὸν</em></strong></span> <span class='ocrx_word' id='word_1_447' title='bbox 1453 4234 1845 4300; x_wconf 83' lang='grc' dir='ltr'><em>παράδεισον.</em></span> 
     </span>
    </p>
   </div>
   <div class='ocr_carea' id='block_1_67' title="bbox 384 4321 1952 4392">
    <p class='ocr_par' dir='ltr' id='par_1_67' title="bbox 384 4321 1952 4392">
     <span class='ocr_line' id='line_1_71' title="bbox 384 4321 1952 4392; baseline 0.004 -18"><span class='ocrx_word' id='word_1_448' title='bbox 384 4328 475 4378; x_wconf 76' lang='grc' dir='ltr'><em>ια’.</em></span> <span class='ocrx_word' id='word_1_449' title='bbox 511 4323 642 4376; x_wconf 77' lang='grc' dir='ltr'><em>Ὀτι</em></span> <span class='ocrx_word' id='word_1_450' title='bbox 669 4325 703 4376; x_wconf 88' lang='grc' dir='ltr'><strong><em>ό</em></strong></span> <span class='ocrx_word' id='word_1_451' title='bbox 734 4325 876 4387; x_wconf 88' lang='grc' dir='ltr'><em>Θεὸς</em></span> <span class='ocrx_word' id='word_1_452' title='bbox 895 4323 1046 4392; x_wconf 84' lang='grc' dir='ltr'><em>μετὰ</em></span> <span class='ocrx_word' id='word_1_453' title='bbox 1084 4321 1198 4390; x_wconf 81' lang='grc' dir='ltr'><em>τὴν</em></span> <span class='ocrx_word' id='word_1_454' title='bbox 1227 4322 1569 4377; x_wconf 82' lang='grc' dir='ltr'><em>ἀνάστασιν</em></span> <span class='ocrx_word' id='word_1_455' title='bbox 1605 4326 1811 4392; x_wconf 82' lang='grc' dir='ltr'><em>οίκους</em></span> <span class='ocrx_word' id='word_1_456' title='bbox 1851 4341 1952 4381; x_wconf 84' lang='grc' dir='ltr'><em>πε-</em></span> 
     </span>
    </p>
   </div>
   <div class='ocr_carea' id='block_1_68' title="bbox 2075 2967 3651 3064">
    <p class='ocr_par' dir='ltr' id='par_1_68' title="bbox 2075 2967 3651 3064">
     <span class='ocr_line' id='line_1_72' title="bbox 2075 2967 3651 3064; baseline 0.024 -44"><span class='ocrx_word' id='word_1_457' title='bbox 2075 2967 2127 3021; x_wconf 89' lang='grc'><em>6.</em></span> <span class='ocrx_word' id='word_1_458' title='bbox 2170 2968 2322 3034; x_wconf 88' lang='lat' dir='ltr'><strong><em>Quod</em></strong></span> <span class='ocrx_word' id='word_1_459' title='bbox 2342 2974 2584 3043; x_wconf 80' lang='lat' dir='ltr'><strong><em>rapinas,</em></strong></span> <span class='ocrx_word' id='word_1_460' title='bbox 2604 2982 2769 3035; x_wconf 77' lang='lat' dir='ltr'><strong><em>cwdes</em></strong></span> <span class='ocrx_word' id='word_1_461' title='bbox 2796 2994 2844 3036; x_wconf 89' lang='lat' dir='ltr'><strong><em>et</em></strong></span> <span class='ocrx_word' id='word_1_462' title='bbox 2866 2987 3102 3057; x_wconf 85' lang='lat' dir='ltr'><strong><em>perjuria</em></strong></span> <span class='ocrx_word' id='word_1_463' title='bbox 3128 2993 3419 3064; x_wconf 79' lang='lat' dir='ltr'><strong><em>prohibeat,</em></strong></span> <span class='ocrx_word' id='word_1_464' title='bbox 3446 3002 3651 3057; x_wconf 86' lang='lat' dir='ltr'><strong><em>eadem-</em></strong></span> 
     </span>
    </p>
   </div>
   <div class='ocr_carea' id='block_1_69' title="bbox 2143 3069 2788 3132">
    <p class='ocr_par' dir='ltr' id='par_1_69' title="bbox 2143 3069 2788 3132">
     <span class='ocr_line' id='line_1_73' title="bbox 2143 3069 2788 3132; baseline 0.025 -26"><span class='ocrx_word' id='word_1_465' title='bbox 2143 3072 2242 3124; x_wconf 87' lang='lat' dir='ltr'><strong><em>que</em></strong></span> <span class='ocrx_word' id='word_1_466' title='bbox 2271 3074 2453 3114; x_wconf 86' lang='lat' dir='ltr'><strong><em>rursus</em></strong></span> <span class='ocrx_word' id='word_1_467' title='bbox 2487 3069 2788 3132; x_wconf 87' lang='lat' dir='ltr'><strong><em>permittat.</em></strong></span> 
     </span>
    </p>
   </div>
   <div class='ocr_carea' id='block_1_70' title="bbox 1999 3105 3225 3239">
    <p class='ocr_par' dir='ltr' id='par_1_70' title="bbox 1999 3105 3225 3239">
     <span class='ocr_line' id='line_1_74' title="bbox 1999 3105 3225 3239; baseline 0.024 -43"><span class='ocrx_word' id='word_1_468' title='bbox 1999 3105 2038 3159; x_wconf 71' lang='lat' dir='ltr'>C</span> <span class='ocrx_word' id='word_1_469' title='bbox 2083 3105 2325 3213; x_wconf 45' lang='lat' dir='ltr'><strong><em>7.1Quod</em></strong></span> <span class='ocrx_word' id='word_1_470' title='bbox 2352 3105 2600 3211; x_wconf 61' lang='lat' dir='ltr'><strong><em>Deusrilli</em></strong></span> <span class='ocrx_word' id='word_1_471' title='bbox 2624 3140 2935 3239; x_wconf 84' lang='lat' dir='ltr'><strong><em>permiserit</em></strong></span> <span class='ocrx_word' id='word_1_472' title='bbox 2961 3171 3225 3239; x_wconf 87' lang='lat' dir='ltr'><strong><em>pejerare.</em></strong></span> 
     </span>
    </p>
   </div>
   <div class='ocr_carea' id='block_1_71' title="bbox 2076 3234 3649 3339">
    <p class='ocr_par' dir='ltr' id='par_1_71' title="bbox 2076 3234 3649 3339">
     <span class='ocr_line' id='line_1_75' title="bbox 2076 3234 3649 3339; baseline 0.026 -56"><span class='ocrx_word' id='word_1_473' title='bbox 2076 3234 2125 3284; x_wconf 87' lang='lat'><strong><em>8.</em></strong></span> <span class='ocrx_word' id='word_1_474' title='bbox 2172 3235 2322 3299; x_wconf 83' lang='lat' dir='ltr'><strong><em>Quod</em></strong></span> <span class='ocrx_word' id='word_1_475' title='bbox 2352 3239 2490 3295; x_wconf 86' lang='lat' dir='ltr'><strong><em>Deus</em></strong></span> <span class='ocrx_word' id='word_1_476' title='bbox 2517 3259 2693 3299; x_wconf 87' lang='lat' dir='ltr'><strong><em>secum</em></strong></span> <span class='ocrx_word' id='word_1_477' title='bbox 2716 3234 3033 3320; x_wconf 67' lang='lat' dir='ltr'><strong><em>colloculus,</em></strong></span> <span class='ocrx_word' id='word_1_478' title='bbox 3058 3259 3250 3313; x_wconf 74' lang='lat' dir='ltr'><strong><em>dixerit</em></strong></span> <span class='ocrx_word' id='word_1_479' title='bbox 3280 3278 3333 3316; x_wconf 90' lang='lat' dir='ltr'><strong><em>se</em></strong></span> <span class='ocrx_word' id='word_1_480' title='bbox 3354 3264 3500 3320; x_wconf 89' lang='lat' dir='ltr'><strong><em>lusus</em></strong></span> <span class='ocrx_word' id='word_1_481' title='bbox 3524 3284 3649 3339; x_wconf 85' lang='lat' dir='ltr'><strong><em>gra-</em></strong></span> 
     </span>
    </p>
   </div>
   <div class='ocr_carea' id='block_1_72' title="bbox 2144 3321 2839 3389">
    <p class='ocr_par' dir='ltr' id='par_1_72' title="bbox 2144 3321 2839 3389">
     <span class='ocr_line' id='line_1_76' title="bbox 2144 3321 2839 3389; baseline 0.026 -18"><span class='ocrx_word' id='word_1_482' title='bbox 2144 3321 2220 3374; x_wconf 90' lang='lat' dir='ltr'><strong><em>tia</em></strong></span> <span class='ocrx_word' id='word_1_483' title='bbox 2255 3327 2502 3381; x_wconf 81' lang='lat' dir='ltr'><strong><em>mundum</em></strong></span> <span class='ocrx_word' id='word_1_484' title='bbox 2532 3334 2839 3389; x_wconf 86' lang='lat' dir='ltr'><strong><em>condidisse.</em></strong></span> 
     </span>
    </p>
   </div>
   <div class='ocr_carea' id='block_1_73' title="bbox 2074 3410 3647 3497">
    <p class='ocr_par' dir='ltr' id='par_1_73' title="bbox 2074 3410 3647 3497">
     <span class='ocr_line' id='line_1_77' title="bbox 2074 3410 3647 3497; baseline 0.021 -33"><span class='ocrx_word' id='word_1_485' title='bbox 2074 3410 2126 3464; x_wconf 89' lang='lat'><strong><em>9.</em></strong></span> <span class='ocrx_word' id='word_1_486' title='bbox 2172 3411 2322 3475; x_wconf 87' lang='lat' dir='ltr'><strong><em>Quod</em></strong></span> <span class='ocrx_word' id='word_1_487' title='bbox 2377 3417 2430 3468; x_wconf 91' lang='lat' dir='ltr'><strong><em>in</em></strong></span> <span class='ocrx_word' id='word_1_488' title='bbox 2476 3421 2646 3484; x_wconf 85' lang='lat' dir='ltr'><strong><em>capite</em></strong></span> <span class='ocrx_word' id='word_1_489' title='bbox 2695 3421 2989 3492; x_wconf 81' lang='lat' dir='ltr'><strong><em>Mipacara,</em></strong></span> <span class='ocrx_word' id='word_1_490' title='bbox 3026 3432 3081 3482; x_wconf 77' lang='lat' dir='ltr'><strong><em>td</em></strong></span> <span class='ocrx_word' id='word_1_491' title='bbox 3121 3442 3198 3485; x_wconf 86' lang='lat' dir='ltr'><strong><em>est</em></strong></span> <span class='ocrx_word' id='word_1_492' title='bbox 3223 3431 3463 3493; x_wconf 79' lang='lat' dir='ltr'><strong><em>Juvenca</em></strong></span> <span class='ocrx_word' id='word_1_493' title='bbox 3504 3443 3647 3497; x_wconf 82' lang='lat' dir='ltr'><strong><em>dicto</em></strong></span> 
     </span>
    </p>
   </div>
   <div class='ocr_carea' id='block_1_74' title="bbox 2141 3499 3645 3584">
    <p class='ocr_par' dir='ltr' id='par_1_74' title="bbox 2141 3499 3645 3584">
     <span class='ocr_line' id='line_1_78' title="bbox 2141 3499 3645 3584; baseline 0.023 -33"><span class='ocrx_word' id='word_1_494' title='bbox 2141 3499 2351 3556; x_wconf 73' lang='lat' dir='ltr'><strong><em>Juda&#39;os</em></strong></span> <span class='ocrx_word' id='word_1_495' title='bbox 2391 3514 2440 3557; x_wconf 89' lang='lat' dir='ltr'><strong><em>et</em></strong></span> <span class='ocrx_word' id='word_1_496' title='bbox 2480 3505 2806 3563; x_wconf 83' lang='lat' dir='ltr'><strong><em>Christianos</em></strong></span> <span class='ocrx_word' id='word_1_497' title='bbox 2847 3514 3074 3569; x_wconf 86' lang='lat' dir='ltr'><strong><em>salutem</em></strong></span> <span class='ocrx_word' id='word_1_498' title='bbox 3119 3535 3482 3579; x_wconf 86' lang='lat' dir='ltr'><strong><em>consecuturos</em></strong></span> <span class='ocrx_word' id='word_1_499' title='bbox 3536 3546 3645 3584; x_wconf 77' lang='lat' dir='ltr'><strong><em>esse</em></strong></span> 
     </span>
    </p>
   </div>
   <div class='ocr_carea' id='block_1_75' title="bbox 2140 3592 3644 3682">
    <p class='ocr_par' dir='ltr' id='par_1_75' title="bbox 2140 3592 3644 3682">
     <span class='ocr_line' id='line_1_79' title="bbox 2140 3592 3644 3682; baseline 0.021 -39"><span class='ocrx_word' id='word_1_500' title='bbox 2140 3592 2353 3660; x_wconf 77' lang='lat' dir='ltr'><strong><em>dixerit,</em></strong></span> <span class='ocrx_word' id='word_1_501' title='bbox 2384 3596 2438 3648; x_wconf 91' lang='lat' dir='ltr'><strong><em>in</em></strong></span> <span class='ocrx_word' id='word_1_502' title='bbox 2471 3598 2642 3666; x_wconf 89' lang='lat' dir='ltr'><strong><em>capite</em></strong></span> <span class='ocrx_word' id='word_1_503' title='bbox 2666 3616 2786 3653; x_wconf 91' lang='lat' dir='ltr'><strong><em>vero</em></strong></span> <span class='ocrx_word' id='word_1_504' title='bbox 2811 3604 3053 3672; x_wconf 84' lang='lat' dir='ltr'><strong><em>Amram,</em></strong></span> <span class='ocrx_word' id='word_1_505' title='bbox 3085 3620 3271 3665; x_wconf 89' lang='lat' dir='ltr'><strong><em>contra</em></strong></span> <span class='ocrx_word' id='word_1_506' title='bbox 3301 3620 3512 3682; x_wconf 55' lang='lat' dir='ltr'><strong><em>assert,</em></strong></span> <span class='ocrx_word' id='word_1_507' title='bbox 3554 3637 3644 3674; x_wconf 86' lang='lat' dir='ltr'><strong><em>ns-</em></strong></span> 
     </span>
    </p>
   </div>
   <div class='ocr_carea' id='block_1_76' title="bbox 2140 3680 3465 3771">
    <p class='ocr_par' dir='ltr' id='par_1_76' title="bbox 2140 3680 3465 3771">
     <span class='ocr_line' id='line_1_80' title="bbox 2140 3680 3465 3771; baseline 0.021 -40"><span class='ocrx_word' id='word_1_508' title='bbox 2140 3680 2328 3734; x_wconf 89' lang='lat' dir='ltr'><strong><em>minem</em></strong></span> <span class='ocrx_word' id='word_1_509' title='bbox 2367 3684 2479 3737; x_wconf 85' lang='lat' dir='ltr'><strong><em>sine</em></strong></span> <span class='ocrx_word' id='word_1_510' title='bbox 2505 3681 2897 3744; x_wconf 84' lang='lat' dir='ltr'><strong><em>Ismaelitarum</em></strong></span> <span class='ocrx_word' id='word_1_511' title='bbox 2930 3693 3049 3764; x_wconf 85' lang='lat' dir='ltr'><strong><em>lege</em></strong></span> <span class='ocrx_word' id='word_1_512' title='bbox 3064 3703 3268 3755; x_wconf 86' lang='lat' dir='ltr'><strong><em>servari</em></strong></span> <span class='ocrx_word' id='word_1_513' title='bbox 3296 3720 3465 3771; x_wconf 83' lang='lat' dir='ltr'><strong><em>posse.</em></strong></span> 
     </span>
    </p>
   </div>
   <div class='ocr_carea' id='block_1_77' title="bbox 2068 3957 3635 4056">
    <p class='ocr_par' dir='ltr' id='par_1_77' title="bbox 2068 3957 3635 4056">
     <span class='ocr_line' id='line_1_81' title="bbox 2068 3957 3635 4056; baseline 0.022 -48"><span class='ocrx_word' id='word_1_514' title='bbox 2068 3957 2150 4011; x_wconf 71' lang='lat'><strong><em>10.</em></strong></span> <span class='ocrx_word' id='word_1_515' title='bbox 2197 3957 2350 4023; x_wconf 87' lang='lat' dir='ltr'><strong><em>Quod</em></strong></span> <span class='ocrx_word' id='word_1_516' title='bbox 2373 3971 2496 4016; x_wconf 92' lang='lat' dir='ltr'><strong><em>ante</em></strong></span> <span class='ocrx_word' id='word_1_517' title='bbox 2522 3964 2693 4032; x_wconf 88' lang='lat' dir='ltr'><strong><em>ipsum</em></strong></span> <span class='ocrx_word' id='word_1_518' title='bbox 2716 3985 2866 4023; x_wconf 88' lang='lat' dir='ltr'><strong><em>nemo</em></strong></span> <span class='ocrx_word' id='word_1_519' title='bbox 2886 3985 3048 4042; x_wconf 72' lang='lat' dir='ltr'><strong><em>possit</em></strong></span> <span class='ocrx_word' id='word_1_520' title='bbox 3070 3981 3379 4045; x_wconf 86' lang='lat' dir='ltr'><strong><em>paradisum</em></strong></span> <span class='ocrx_word' id='word_1_521' title='bbox 3408 3984 3635 4056; x_wconf 79' lang='lat' dir='ltr'><strong><em>ingredi.</em></strong></span> 
     </span>
    </p>
   </div>
   <div class='ocr_carea' id='block_1_78' title="bbox 2136 4051 3638 4135">
    <p class='ocr_par' dir='ltr' id='par_1_78' title="bbox 2136 4051 3638 4135">
     <span class='ocr_line' id='line_1_82' title="bbox 2136 4051 3638 4135; baseline 0.022 -35"><span class='ocrx_word' id='word_1_522' title='bbox 2136 4051 2203 4101; x_wconf 86' lang='lat' dir='ltr'><strong><em>Et</em></strong></span> <span class='ocrx_word' id='word_1_523' title='bbox 2232 4067 2444 4107; x_wconf 87' lang='lat' dir='ltr'><strong><em>rursum</em></strong></span> <span class='ocrx_word' id='word_1_524' title='bbox 2474 4056 2621 4123; x_wconf 85' lang='lat' dir='ltr'><strong><em>dicit,</em></strong></span> <span class='ocrx_word' id='word_1_525' title='bbox 2665 4061 2805 4128; x_wconf 85' lang='lat' dir='ltr'><strong><em>quod</em></strong></span> <span class='ocrx_word' id='word_1_526' title='bbox 2839 4061 2974 4117; x_wconf 89' lang='lat' dir='ltr'><strong><em>Deus</em></strong></span> <span class='ocrx_word' id='word_1_527' title='bbox 3016 4066 3097 4120; x_wconf 86' lang='lat' dir='ltr'><strong><em>illi</em></strong></span> <span class='ocrx_word' id='word_1_528' title='bbox 3147 4071 3342 4125; x_wconf 86' lang='lat' dir='ltr'><strong><em>multas</em></strong></span> <span class='ocrx_word' id='word_1_529' title='bbox 3391 4051 3638 4135; x_wconf 75' lang='lat' dir='ltr'><strong><em>mulieres</em></strong></span> 
     </span>
    </p>
   </div>
   <div class='ocr_carea' id='block_1_79' title="bbox 2130 4142 3641 4233">
    <p class='ocr_par' dir='ltr' id='par_1_79' title="bbox 2130 4142 3641 4233">
     <span class='ocr_line' id='line_1_83' title="bbox 2130 4142 3641 4233; baseline 0.023 -41"><span class='ocrx_word' id='word_1_530' title='bbox 2130 4142 2370 4212; x_wconf 85' lang='lat' dir='ltr'><strong><em>virosque</em></strong></span> <span class='ocrx_word' id='word_1_531' title='bbox 2438 4155 2562 4201; x_wconf 89' lang='lat' dir='ltr'><strong><em>ante</em></strong></span> <span class='ocrx_word' id='word_1_532' title='bbox 2629 4166 2684 4203; x_wconf 88' lang='lat' dir='ltr'><strong><em>se</em></strong></span> <span class='ocrx_word' id='word_1_533' title='bbox 2750 4157 3066 4222; x_wconf 88' lang='lat' dir='ltr'><strong><em>paradisum</em></strong></span> <span class='ocrx_word' id='word_1_534' title='bbox 3139 4162 3400 4233; x_wconf 82' lang='lat' dir='ltr'><strong><em>ingressos</em></strong></span> <span class='ocrx_word' id='word_1_535' title='bbox 3465 4182 3641 4227; x_wconf 84' lang='lat' dir='ltr'><strong><em>osten-</em></strong></span> 
     </span>
    </p>
   </div>
   <div class='ocr_carea' id='block_1_80' title="bbox 2131 4231 2291 4286">
    <p class='ocr_par' dir='ltr' id='par_1_80' title="bbox 2131 4231 2291 4286">
     <span class='ocr_line' id='line_1_84' title="bbox 2131 4231 2291 4286; baseline 0.025 -4"><span class='ocrx_word' id='word_1_536' title='bbox 2131 4231 2291 4286; x_wconf 84' lang='lat' dir='ltr'><strong><em>derit.</em></strong></span> 
     </span>
    </p>
   </div>
   <div class='ocr_carea' id='block_1_81' title="bbox 2061 4320 3633 4421">
    <p class='ocr_par' dir='ltr' id='par_1_81' title="bbox 2061 4320 3633 4421">
     <span class='ocr_line' id='line_1_85' title="bbox 2061 4320 3633 4421; baseline 0.024 -49"><span class='ocrx_word' id='word_1_537' title='bbox 2061 4320 2146 4375; x_wconf 82' lang='grc' dir='ltr'><em>Η.</em></span> <span class='ocrx_word' id='word_1_538' title='bbox 2190 4320 2339 4386; x_wconf 88' lang='lat' dir='ltr'><strong><em>Quod</em></strong></span> <span class='ocrx_word' id='word_1_539' title='bbox 2369 4325 2506 4381; x_wconf 88' lang='lat' dir='ltr'><strong><em>Deus</em></strong></span> <span class='ocrx_word' id='word_1_540' title='bbox 2538 4340 2651 4398; x_wconf 90' lang='lat' dir='ltr'><strong><em>post</em></strong></span> <span class='ocrx_word' id='word_1_541' title='bbox 2686 4339 3115 4394; x_wconf 78' lang='lat' dir='ltr'><strong><em>resurrectionem</em></strong></span> <span class='ocrx_word' id='word_1_542' title='bbox 3141 4342 3322 4400; x_wconf 88' lang='lat' dir='ltr'><strong><em>domus</em></strong></span> <span class='ocrx_word' id='word_1_543' title='bbox 3350 4350 3633 4421; x_wconf 80' lang='lat' dir='ltr'><strong><em>elegantes,</em></strong></span> 
     </span>
    </p>
   </div>
   <div class='ocr_carea' id='block_1_82' title="bbox 445 4413 1968 4505">
    <p class='ocr_par' dir='ltr' id='par_1_82' title="bbox 445 4413 1949 4483">
     <span class='ocr_line' id='line_1_86' title="bbox 445 4413 1949 4483; baseline 0.002 -15"><span class='ocrx_word' id='word_1_544' title='bbox 445 4415 782 4481; x_wconf 80' lang='grc' dir='ltr'><em>ρικαλλεῖς,</em></span> <span class='ocrx_word' id='word_1_545' title='bbox 826 4416 924 4466; x_wconf 81' lang='grc' dir='ltr'><em>καὶ</em></span> <span class='ocrx_word' id='word_1_546' title='bbox 956 4415 1203 4481; x_wconf 81' lang='grc' dir='ltr'><em>λουτρὰ,</em></span> <span class='ocrx_word' id='word_1_547' title='bbox 1236 4413 1337 4466; x_wconf 78' lang='grc' dir='ltr'><em>καὶ</em></span> <span class='ocrx_word' id='word_1_548' title='bbox 1385 4414 1814 4483; x_wconf 83' lang='grc' dir='ltr'><em>παραδείσους,</em></span> <span class='ocrx_word' id='word_1_549' title='bbox 1851 4422 1949 4471; x_wconf 82' lang='grc' dir='ltr'><em>καὶ</em></span> 
     </span>
    </p>
   </div>
   <div class='ocr_carea' id='block_1_83' title="bbox 2107 4413 3633 4505">
    <p class='ocr_par' dir='ltr' id='par_1_83' title="bbox 2128 4413 3633 4501">
     <span class='ocr_line' id='line_1_87' title="bbox 2128 4413 3633 4501; baseline 0.024 -36"><span class='ocrx_word' id='word_1_550' title='bbox 2128 4415 2315 4468; x_wconf 87' lang='lat' dir='ltr'><strong><em>balnea</em></strong></span> <span class='ocrx_word' id='word_1_551' title='bbox 2358 4427 2406 4470; x_wconf 86' lang='lat' dir='ltr'><strong><em>et</em></strong></span> <span class='ocrx_word' id='word_1_552' title='bbox 2451 4422 2647 4488; x_wconf 78' lang='lat' dir='ltr'><strong><em>hortos,</em></strong></span> <span class='ocrx_word' id='word_1_553' title='bbox 2694 4425 2973 4498; x_wconf 85' lang='lat' dir='ltr'><strong><em>pluresque</em></strong></span> <span class='ocrx_word' id='word_1_554' title='bbox 3012 4432 3254 4490; x_wconf 87' lang='lat' dir='ltr'><strong><em>mulieres</em></strong></span> <span class='ocrx_word' id='word_1_555' title='bbox 3289 4456 3343 4492; x_wconf 86' lang='lat' dir='ltr'><strong><em>se</em></strong></span> <span class='ocrx_word' id='word_1_556' title='bbox 3383 4413 3633 4501; x_wconf 71' lang='lat' dir='ltr'><strong><em>daturum</em></strong></span> 
     </span>
    </p>
   </div>
   <div class='ocr_carea' id='block_1_84' title="bbox 453 4506 1954 4579">
    <p class='ocr_par' dir='ltr' id='par_1_84' title="bbox 453 4506 1954 4579">
     <span class='ocr_line' id='line_1_88' title="bbox 453 4506 1954 4579; baseline 0.001 -19"><span class='ocrx_word' id='word_1_557' title='bbox 453 4506 744 4575; x_wconf 74' lang='grc' dir='ltr'><em>γυναῖκας</em></span> <span class='ocrx_word' id='word_1_558' title='bbox 787 4508 875 4559; x_wconf 87' lang='grc' dir='ltr'><em>ὅτι</em></span> <span class='ocrx_word' id='word_1_559' title='bbox 906 4506 1141 4571; x_wconf 82' lang='grc' dir='ltr'><em>πολλὰς</em></span> <span class='ocrx_word' id='word_1_560' title='bbox 1174 4506 1553 4573; x_wconf 82' lang='grc' dir='ltr'><em>ὑπισχνεῖται</em></span> <span class='ocrx_word' id='word_1_561' title='bbox 1590 4507 1803 4564; x_wconf 86' lang='grc' dir='ltr'><em>δοῦναι</em></span> <span class='ocrx_word' id='word_1_562' title='bbox 1828 4511 1954 4579; x_wconf 84' lang='grc' dir='ltr'><em>τοῖς</em></span> 
     </span>
    </p>
   </div>
   <div class='ocr_carea' id='block_1_85' title="bbox 448 4599 1577 4668">
    <p class='ocr_par' dir='ltr' id='par_1_85' title="bbox 448 4599 1577 4668">
     <span class='ocr_line' id='line_1_89' title="bbox 448 4599 1577 4668; baseline 0 -14"><span class='ocrx_word' id='word_1_563' title='bbox 448 4600 559 4654; x_wconf 85' lang='grc' dir='ltr'><em>τοῦ</em></span> <span class='ocrx_word' id='word_1_564' title='bbox 587 4600 839 4665; x_wconf 80' lang='grc' dir='ltr'><em>Μωάμεθ</em></span> <span class='ocrx_word' id='word_1_565' title='bbox 870 4602 1077 4668; x_wconf 83' lang='grc' dir='ltr'><em>νόμοις</em></span> <span class='ocrx_word' id='word_1_566' title='bbox 1103 4599 1577 4655; x_wconf 82' lang='grc' dir='ltr'><em>ἀκολουθοῦσιν.</em></span> 
     </span>
    </p>
   </div>
   <div class='ocr_carea' id='block_1_86' title="bbox 381 4689 1954 4765">
    <p class='ocr_par' dir='ltr' id='par_1_86' title="bbox 381 4689 1954 4765">
     <span class='ocr_line' id='line_1_90' title="bbox 381 4689 1954 4765; baseline 0.004 -22"><span class='ocrx_word' id='word_1_567' title='bbox 381 4691 464 4761; x_wconf 80' lang='grc' dir='ltr'><em>ιβ’.</em></span> <span class='ocrx_word' id='word_1_568' title='bbox 497 4693 627 4745; x_wconf 88' lang='grc' dir='ltr'><em>Ὀτι</em></span> <span class='ocrx_word' id='word_1_569' title='bbox 658 4692 727 4744; x_wconf 85' lang='grc' dir='ltr'><em>ἐν</em></span> <span class='ocrx_word' id='word_1_570' title='bbox 755 4691 834 4755; x_wconf 83' lang='grc' dir='ltr'><em>τῷ</em></span> <span class='ocrx_word' id='word_1_571' title='bbox 864 4690 1166 4760; x_wconf 82' lang='grc' dir='ltr'><em>κεφαλαίῳ</em></span> <span class='ocrx_word' id='word_1_572' title='bbox 1203 4689 1283 4755; x_wconf 87' lang='grc' dir='ltr'><em>τῷ</em></span> <span class='ocrx_word' id='word_1_573' title='bbox 1315 4691 1426 4744; x_wconf 72' lang='grc' dir='ltr'><em>Σᾶιδ</em></span> <span class='ocrx_word' id='word_1_574' title='bbox 1458 4732 1472 4757; x_wconf 92' lang='grc'><strong><em>,</em></strong></span> <span class='ocrx_word' id='word_1_575' title='bbox 1506 4693 1586 4758; x_wconf 90' lang='grc' dir='ltr'><strong><em>ώς</em></strong></span> <span class='ocrx_word' id='word_1_576' title='bbox 1613 4695 1669 4747; x_wconf 85' lang='lat' dir='ltr'><strong><em>ol</em></strong></span> <span class='ocrx_word' id='word_1_577' title='bbox 1702 4695 1819 4763; x_wconf 84' lang='grc' dir='ltr'><em>μὲν</em></span> <span class='ocrx_word' id='word_1_578' title='bbox 1853 4696 1954 4765; x_wconf 58' lang='grc' dir='ltr'><em>ἆγε</em></span> 
     </span>
    </p>
   </div>
   <div class='ocr_carea' id='block_1_87' title="bbox 446 4780 1952 4854">
    <p class='ocr_par' dir='ltr' id='par_1_87' title="bbox 446 4780 1952 4854">
     <span class='ocr_line' id='line_1_91' title="bbox 446 4780 1952 4854; baseline 0.001 -19"><span class='ocrx_word' id='word_1_579' title='bbox 446 4786 610 4851; x_wconf 76' lang='grc' dir='ltr'><em>γελοι</em></span> <span class='ocrx_word' id='word_1_580' title='bbox 636 4782 705 4835; x_wconf 83' lang='grc' dir='ltr'><em>ἐκ</em></span> <span class='ocrx_word' id='word_1_581' title='bbox 732 4781 922 4850; x_wconf 85' lang='grc' dir='ltr'><em>πυρὸς</em></span> <span class='ocrx_word' id='word_1_582' title='bbox 942 4780 1528 4850; x_wconf 71' lang='grc' dir='ltr'><em>ὲδημιουργήθησαν,</em></span> <span class='ocrx_word' id='word_1_583' title='bbox 1557 4786 1612 4837; x_wconf 79' lang='grc' dir='ltr'><em>οἱ</em></span> <span class='ocrx_word' id='word_1_584' title='bbox 1638 4784 1707 4837; x_wconf 79' lang='grc' dir='ltr'><em>δὲ</em></span> <span class='ocrx_word' id='word_1_585' title='bbox 1729 4784 1952 4854; x_wconf 84' lang='grc' dir='ltr'><em>ἅνθρω-</em></span> 
     </span>
    </p>
   </div>
   <div class='ocr_carea' id='block_1_88' title="bbox 448 4870 846 4935">
    <p class='ocr_par' dir='ltr' id='par_1_88' title="bbox 448 4870 846 4935">
     <span class='ocr_line' id='line_1_92' title="bbox 448 4870 846 4935; baseline 0.005 -14"><span class='ocrx_word' id='word_1_586' title='bbox 448 4886 549 4923; x_wconf 79' lang='grc' dir='ltr'><strong><em>ποι</em></strong></span> <span class='ocrx_word' id='word_1_587' title='bbox 576 4870 646 4922; x_wconf 81' lang='grc' dir='ltr'><em>ἐκ</em></span> <span class='ocrx_word' id='word_1_588' title='bbox 682 4870 846 4935; x_wconf 85' lang='grc' dir='ltr'><em>χοός.</em></span> 
     </span>
    </p>
   </div>
   <div class='ocr_carea' id='block_1_89' title="bbox 378 4957 1951 5034">
    <p class='ocr_par' dir='ltr' id='par_1_89' title="bbox 378 4957 1951 5034">
     <span class='ocr_line' id='line_1_93' title="bbox 378 4957 1951 5034; baseline 0.005 -23"><span class='ocrx_word' id='word_1_589' title='bbox 378 4965 463 5027; x_wconf 75' lang='grc' dir='ltr'><em>ιγ’.</em></span> <span class='ocrx_word' id='word_1_590' title='bbox 502 4958 633 5011; x_wconf 87' lang='grc' dir='ltr'><em>Ὅτι</em></span> <span class='ocrx_word' id='word_1_591' title='bbox 662 4957 734 5010; x_wconf 82' lang='grc' dir='ltr'><em>ἐν</em></span> <span class='ocrx_word' id='word_1_592' title='bbox 761 4958 839 5023; x_wconf 86' lang='grc' dir='ltr'><em>τῷ</em></span> <span class='ocrx_word' id='word_1_593' title='bbox 872 4959 1176 5026; x_wconf 79' lang='grc' dir='ltr'><em>κεφαλαίῳ</em></span> <span class='ocrx_word' id='word_1_594' title='bbox 1206 4960 1283 5026; x_wconf 87' lang='grc' dir='ltr'><em>τῷ</em></span> <span class='ocrx_word' id='word_1_595' title='bbox 1309 4961 1523 5031; x_wconf 80' lang='grc' dir='ltr'><em>Νεμελὲ</em></span> <span class='ocrx_word' id='word_1_596' title='bbox 1550 5004 1563 5027; x_wconf 89' lang='grc'><strong><em>,</em></strong></span> <span class='ocrx_word' id='word_1_597' title='bbox 1591 4963 1739 5033; x_wconf 80' lang='grc' dir='ltr'><em>ὅπερ</em></span> <span class='ocrx_word' id='word_1_598' title='bbox 1769 4964 1951 5034; x_wconf 72' lang='grc' dir='ltr'><em>ἑρμη-</em></span> 
     </span>
    </p>
   </div>
   <div class='ocr_carea' id='block_1_90' title="bbox 439 5048 1947 5121">
    <p class='ocr_par' dir='ltr' id='par_1_90' title="bbox 439 5048 1947 5121">
     <span class='ocr_line' id='line_1_94' title="bbox 439 5048 1947 5121; baseline 0.005 -21"><span class='ocrx_word' id='word_1_599' title='bbox 439 5048 675 5100; x_wconf 86' lang='grc' dir='ltr'><em>νεύεται</em></span> <span class='ocrx_word' id='word_1_600' title='bbox 709 5049 866 5115; x_wconf 70' lang='grc' dir='ltr'><em>μυῖα,</em></span> <span class='ocrx_word' id='word_1_601' title='bbox 907 5049 1057 5115; x_wconf 80' lang='grc' dir='ltr'><em>φησὶ</em></span> <span class='ocrx_word' id='word_1_602' title='bbox 1084 5050 1219 5117; x_wconf 75' lang='grc' dir='ltr'><em>περὶ</em></span> <span class='ocrx_word' id='word_1_603' title='bbox 1267 5050 1370 5104; x_wconf 83' lang='grc' dir='ltr'><em>τοῦ</em></span> <span class='ocrx_word' id='word_1_604' title='bbox 1413 5052 1799 5121; x_wconf 85' lang='grc' dir='ltr'><em>Σολομῶντος</em></span> <span class='ocrx_word' id='word_1_605' title='bbox 1850 5057 1947 5109; x_wconf 79' lang='grc' dir='ltr'><em>καὶ</em></span> 
     </span>
    </p>
   </div>
   <div class='ocr_carea' id='block_1_91' title="bbox 439 5135 1943 5214">
    <p class='ocr_par' dir='ltr' id='par_1_91' title="bbox 439 5135 1943 5214">
     <span class='ocr_line' id='line_1_95' title="bbox 439 5135 1943 5214; baseline 0.006 -24"><span class='ocrx_word' id='word_1_606' title='bbox 439 5137 559 5191; x_wconf 86' lang='grc' dir='ltr'><strong><em>τῶν</em></strong></span> <span class='ocrx_word' id='word_1_607' title='bbox 586 5135 778 5206; x_wconf 83' lang='grc' dir='ltr'><em>μυιῶν</em></span> <span class='ocrx_word' id='word_1_608' title='bbox 810 5138 1034 5205; x_wconf 70' lang='grc' dir='ltr'><em>Ψεῡδός</em></span> <span class='ocrx_word' id='word_1_609' title='bbox 1064 5156 1117 5193; x_wconf 91' lang='grc' dir='ltr'><strong><em>τι</em></strong></span> <span class='ocrx_word' id='word_1_610' title='bbox 1147 5141 1378 5209; x_wconf 83' lang='grc' dir='ltr'><em>εὔηθες,</em></span> <span class='ocrx_word' id='word_1_611' title='bbox 1412 5143 1556 5211; x_wconf 80' lang='grc' dir='ltr'><em>ὅπερ</em></span> <span class='ocrx_word' id='word_1_612' title='bbox 1600 5146 1697 5198; x_wconf 75' lang='grc' dir='ltr'><em>καὶ</em></span> <span class='ocrx_word' id='word_1_613' title='bbox 1731 5148 1943 5214; x_wconf 86' lang='grc' dir='ltr'><em>φησίν.</em></span> 
     </span>
    </p>
   </div>
   <div class='ocr_carea' id='block_1_92' title="bbox 374 5232 1946 5307">
    <p class='ocr_par' dir='ltr' id='par_1_92' title="bbox 374 5232 1946 5307">
     <span class='ocr_line' id='line_1_96' title="bbox 374 5232 1946 5307; baseline 0.005 -22"><span class='ocrx_word' id='word_1_614' title='bbox 374 5233 454 5288; x_wconf 81' lang='grc' dir='ltr'><em>ιδ’.</em></span> <span class='ocrx_word' id='word_1_615' title='bbox 488 5233 618 5285; x_wconf 77' lang='grc' dir='ltr'><em>Ὀτι</em></span> <span class='ocrx_word' id='word_1_616' title='bbox 645 5233 716 5285; x_wconf 84' lang='grc' dir='ltr'><em>ἐν</em></span> <span class='ocrx_word' id='word_1_617' title='bbox 746 5232 827 5296; x_wconf 85' lang='grc' dir='ltr'><em>τῷ</em></span> <span class='ocrx_word' id='word_1_618' title='bbox 854 5235 1158 5301; x_wconf 81' lang='grc' dir='ltr'><em>κεφαλαίῳ</em></span> <span class='ocrx_word' id='word_1_619' title='bbox 1195 5234 1275 5301; x_wconf 83' lang='grc' dir='ltr'><em>τῷ</em></span> <span class='ocrx_word' id='word_1_620' title='bbox 1306 5236 1569 5290; x_wconf 78' lang='grc' dir='ltr'><em>Ῥουσεσὰ</em></span> <span class='ocrx_word' id='word_1_621' title='bbox 1620 5241 1771 5307; x_wconf 74' lang='grc' dir='ltr'><em>φησι</em></span> <span class='ocrx_word' id='word_1_622' title='bbox 1812 5240 1946 5307; x_wconf 73' lang='grc' dir='ltr'><em>περὶ</em></span> 
     </span>
    </p>
   </div>
   <div class='ocr_carea' id='block_1_93' title="bbox 440 5322 1945 5399">
    <p class='ocr_par' dir='ltr' id='par_1_93' title="bbox 440 5322 1945 5399">
     <span class='ocr_line' id='line_1_97' title="bbox 440 5322 1945 5399; baseline 0.005 -22"><span class='ocrx_word' id='word_1_623' title='bbox 440 5322 549 5378; x_wconf 85' lang='grc' dir='ltr'><em>τοῦ</em></span> <span class='ocrx_word' id='word_1_624' title='bbox 578 5322 969 5393; x_wconf 87' lang='grc' dir='ltr'><em>Σολομῶντος</em></span> <span class='ocrx_word' id='word_1_625' title='bbox 1011 5327 1111 5379; x_wconf 77' lang='grc' dir='ltr'><em>καὶ</em></span> <span class='ocrx_word' id='word_1_626' title='bbox 1139 5325 1246 5380; x_wconf 89' lang='grc' dir='ltr'><em>τοῦ</em></span> <span class='ocrx_word' id='word_1_627' title='bbox 1272 5327 1589 5396; x_wconf 85' lang='grc' dir='ltr'><em>σκώληκος</em></span> <span class='ocrx_word' id='word_1_628' title='bbox 1620 5332 1833 5399; x_wconf 78' lang='grc' dir='ltr'><em>ὁμοίως</em></span> <span class='ocrx_word' id='word_1_629' title='bbox 1865 5330 1945 5397; x_wconf 81' lang='grc' dir='ltr'><em>τῷ</em></span> 
     </span>
    </p>
   </div>
   <div class='ocr_carea' id='block_1_94' title="bbox 438 5416 983 5485">
    <p class='ocr_par' dir='ltr' id='par_1_94' title="bbox 438 5416 983 5485">
     <span class='ocr_line' id='line_1_98' title="bbox 438 5416 983 5485; baseline -0.004 -12"><span class='ocrx_word' id='word_1_630' title='bbox 438 5417 716 5484; x_wconf 79' lang='grc' dir='ltr'><em>ἀνωτέρῳ</em></span> <span class='ocrx_word' id='word_1_631' title='bbox 747 5416 983 5485; x_wconf 64' lang='grc' dir='ltr'><em>ψεύδει.</em></span> 
     </span>
    </p>
   </div>
   <div class='ocr_carea' id='block_1_95' title="bbox 366 5504 1943 5584">
    <p class='ocr_par' dir='ltr' id='par_1_95' title="bbox 366 5504 1943 5584">
     <span class='ocr_line' id='line_1_99' title="bbox 366 5504 1943 5584; baseline 0.006 -23"><span class='ocrx_word' id='word_1_632' title='bbox 366 5504 453 5561; x_wconf 80' lang='grc' dir='ltr'><em>ιε’.</em></span> <span class='ocrx_word' id='word_1_633' title='bbox 485 5507 607 5560; x_wconf 88' lang='grc' dir='ltr'><strong><em>Ὅτι</em></strong></span> <span class='ocrx_word' id='word_1_634' title='bbox 637 5507 706 5559; x_wconf 75' lang='grc' dir='ltr'><em>ἐν</em></span> <span class='ocrx_word' id='word_1_635' title='bbox 735 5505 815 5572; x_wconf 82' lang='grc' dir='ltr'><em>τῷ</em></span> <span class='ocrx_word' id='word_1_636' title='bbox 838 5508 1059 5573; x_wconf 75' lang='grc' dir='ltr'><em>βιϐλίῳ</em></span> <span class='ocrx_word' id='word_1_637' title='bbox 1094 5510 1202 5562; x_wconf 80' lang='grc' dir='ltr'><em>τῶν</em></span> <span class='ocrx_word' id='word_1_638' title='bbox 1243 5513 1561 5584; x_wconf 81' lang='grc' dir='ltr'><em>Διηγήσεων</em></span> <span class='ocrx_word' id='word_1_639' title='bbox 1609 5515 1943 5571; x_wconf 79' lang='grc' dir='ltr'><em>ἀποδίδωσι</em></span> 
     </span>
    </p>
   </div>
   <div class='ocr_carea' id='block_1_96' title="bbox 438 5599 1935 5676">
    <p class='ocr_par' dir='ltr' id='par_1_96' title="bbox 438 5599 1935 5676">
     <span class='ocr_line' id='line_1_100' title="bbox 438 5599 1935 5676; baseline 0.008 -23"><span class='ocrx_word' id='word_1_640' title='bbox 438 5599 557 5667; x_wconf 81' lang='grc' dir='ltr'><em>τὴν</em></span> <span class='ocrx_word' id='word_1_641' title='bbox 598 5600 820 5666; x_wconf 72' lang='grc' dir='ltr'><em>αἰτίαν,</em></span> <span class='ocrx_word' id='word_1_642' title='bbox 850 5599 924 5653; x_wconf 90' lang='grc' dir='ltr'><em>δι’</em></span> <span class='ocrx_word' id='word_1_643' title='bbox 977 5600 1057 5669; x_wconf 80' lang='grc' dir='ltr'><em>ἢν</em></span> <span class='ocrx_word' id='word_1_644' title='bbox 1084 5606 1116 5656; x_wconf 88' lang='grc' dir='ltr'><strong><em>ό</em></strong></span> <span class='ocrx_word' id='word_1_645' title='bbox 1153 5600 1316 5670; x_wconf 76' lang='grc' dir='ltr'><em>οἶνος</em></span> <span class='ocrx_word' id='word_1_646' title='bbox 1350 5606 1682 5661; x_wconf 83' lang='grc' dir='ltr'><em>κεκώλυται</em></span> <span class='ocrx_word' id='word_1_647' title='bbox 1713 5612 1935 5676; x_wconf 84' lang='grc' dir='ltr'><em>αὐτοῖς.</em></span> 
     </span>
    </p>
   </div>
   <div class='ocr_carea' id='block_1_97' title="bbox 364 5690 1939 5773">
    <p class='ocr_par' dir='ltr' id='par_1_97' title="bbox 364 5690 1939 5773">
     <span class='ocr_line' id='line_1_101' title="bbox 364 5690 1939 5773; baseline 0.013 -33"><span class='ocrx_word' id='word_1_648' title='bbox 364 5691 466 5761; x_wconf 80' lang='grc' dir='ltr'><em>ις’.</em></span> <span class='ocrx_word' id='word_1_649' title='bbox 504 5690 635 5748; x_wconf 84' lang='grc' dir='ltr'><strong><em>Ὀτι</em></strong></span> <span class='ocrx_word' id='word_1_650' title='bbox 674 5694 708 5744; x_wconf 89' lang='grc' dir='ltr'><strong><em>ό</em></strong></span> <span class='ocrx_word' id='word_1_651' title='bbox 762 5692 1005 5758; x_wconf 76' lang='grc' dir='ltr'><em>κτιστὸς</em></span> <span class='ocrx_word' id='word_1_652' title='bbox 1053 5698 1307 5764; x_wconf 71' lang='grc' dir='ltr'><em>οἰιρανὸς</em></span> <span class='ocrx_word' id='word_1_653' title='bbox 1346 5696 1524 5767; x_wconf 80' lang='grc' dir='ltr'><em>οὗτος</em></span> <span class='ocrx_word' id='word_1_654' title='bbox 1580 5701 1823 5773; x_wconf 68' lang='grc' dir='ltr'><em>γέγυνεν</em></span> <span class='ocrx_word' id='word_1_655' title='bbox 1868 5705 1939 5760; x_wconf 73' lang='grc' dir='ltr'><em>ἐκ</em></span> 
     </span>
    </p>
   </div>
   <div class='ocr_carea' id='block_1_98' title="bbox 571 5785 1251 5849">
    <p class='ocr_par' dir='ltr' id='par_1_98' title="bbox 571 5785 1251 5849">
     <span class='ocr_line' id='line_1_102' title="bbox 571 5785 1251 5849; baseline 0.009 -6"><span class='ocrx_word' id='word_1_656' title='bbox 571 5785 843 5847; x_wconf 62' lang='lat' dir='ltr'><strong><em>Panos&quot;</em></strong></span> <span class='ocrx_word' id='word_1_657' title='bbox 892 5786 1011 5848; x_wconf 78' lang='lat' dir='ltr'><strong><em>Gn.</em></strong></span> <span class='ocrx_word' id='word_1_658' title='bbox 1048 5785 1251 5849; x_wconf 82' lang='lat' dir='ltr'><strong><em>CLIV.</em></strong></span> 
     </span>
    </p>
   </div>
   <div class='ocr_carea' id='block_1_99' title="bbox 2128 4510 3366 4592">
    <p class='ocr_par' dir='ltr' id='par_1_99' title="bbox 2128 4510 3366 4592">
     <span class='ocr_line' id='line_1_103' title="bbox 2128 4510 3366 4592; baseline 0.024 -34"><span class='ocrx_word' id='word_1_659' title='bbox 2128 4512 2403 4574; x_wconf 83' lang='lat' dir='ltr'><strong><em>promittat</em></strong></span> <span class='ocrx_word' id='word_1_660' title='bbox 2435 4510 2797 4573; x_wconf 76' lang='lat' dir='ltr'><strong><em>Mahometicte</em></strong></span> <span class='ocrx_word' id='word_1_661' title='bbox 2831 4519 2959 4592; x_wconf 90' lang='lat' dir='ltr'><strong><em>legis</em></strong></span> <span class='ocrx_word' id='word_1_662' title='bbox 3002 4531 3366 4588; x_wconf 85' lang='lat' dir='ltr'><strong><em>sectatoribus.</em></strong></span> 
     </span>
    </p>
   </div>
   <div class='ocr_carea' id='block_1_100' title="bbox 2057 4695 3628 4792">
    <p class='ocr_par' dir='ltr' id='par_1_100' title="bbox 2057 4695 3628 4792">
     <span class='ocr_line' id='line_1_104' title="bbox 2057 4695 3628 4792; baseline 0.024 -45"><span class='ocrx_word' id='word_1_663' title='bbox 2057 4695 2139 4751; x_wconf 74' lang='grc'><strong><em>12.</em></strong></span> <span class='ocrx_word' id='word_1_664' title='bbox 2179 4696 2331 4761; x_wconf 87' lang='lat' dir='ltr'><strong><em>Quod</em></strong></span> <span class='ocrx_word' id='word_1_665' title='bbox 2378 4701 2433 4755; x_wconf 87' lang='lat' dir='ltr'><strong><em>in</em></strong></span> <span class='ocrx_word' id='word_1_666' title='bbox 2478 4708 2648 4776; x_wconf 87' lang='lat' dir='ltr'><strong><em>capite</em></strong></span> <span class='ocrx_word' id='word_1_667' title='bbox 2683 4708 2790 4764; x_wconf 82' lang='lat' dir='ltr'><strong><em>Sad</em></strong></span> <span class='ocrx_word' id='word_1_668' title='bbox 2842 4717 3055 4785; x_wconf 86' lang='lat' dir='ltr'><strong><em>angelos</em></strong></span> <span class='ocrx_word' id='word_1_669' title='bbox 3102 4735 3165 4773; x_wconf 73' lang='lat' dir='ltr'><strong><em>ex</em></strong></span> <span class='ocrx_word' id='word_1_670' title='bbox 3212 4723 3348 4792; x_wconf 88' lang='lat' dir='ltr'><strong><em>igne,</em></strong></span> <span class='ocrx_word' id='word_1_671' title='bbox 3396 4728 3628 4786; x_wconf 81' lang='lat' dir='ltr'><strong><em>homines</em></strong></span> 
     </span>
    </p>
   </div>
   <div class='ocr_carea' id='block_1_101' title="bbox 2122 4794 3183 4876">
    <p class='ocr_par' dir='ltr' id='par_1_101' title="bbox 2122 4794 3183 4876">
     <span class='ocr_line' id='line_1_105' title="bbox 2122 4794 3183 4876; baseline 0.022 -35"><span class='ocrx_word' id='word_1_672' title='bbox 2122 4804 2242 4843; x_wconf 90' lang='lat' dir='ltr'><strong><em>vero</em></strong></span> <span class='ocrx_word' id='word_1_673' title='bbox 2269 4807 2332 4844; x_wconf 74' lang='lat' dir='ltr'><strong><em>ea:</em></strong></span> <span class='ocrx_word' id='word_1_674' title='bbox 2365 4794 2578 4863; x_wconf 88' lang='lat' dir='ltr'><strong><em>pulvere</em></strong></span> <span class='ocrx_word' id='word_1_675' title='bbox 2603 4801 2770 4867; x_wconf 80' lang='lat' dir='ltr'><strong><em>factos</em></strong></span> <span class='ocrx_word' id='word_1_676' title='bbox 2796 4820 2906 4858; x_wconf 89' lang='lat' dir='ltr'><strong><em>esse</em></strong></span> <span class='ocrx_word' id='word_1_677' title='bbox 2940 4808 3183 4876; x_wconf 77' lang='lat' dir='ltr'><strong><em>afﬁrmet.</em></strong></span> 
     </span>
    </p>
   </div>
   <div class='ocr_carea' id='block_1_102' title="bbox 2054 4966 3619 5059">
    <p class='ocr_par' dir='ltr' id='par_1_102' title="bbox 2054 4966 3619 5059">
     <span class='ocr_line' id='line_1_106' title="bbox 2054 4966 3619 5059; baseline 0.017 -40"><span class='ocrx_word' id='word_1_678' title='bbox 2054 4966 2140 5021; x_wconf 76' lang='grc'><strong><em>15.</em></strong></span> <span class='ocrx_word' id='word_1_679' title='bbox 2184 4970 2335 5034; x_wconf 73' lang='lat' dir='ltr'><strong><em>Quod</em></strong></span> <span class='ocrx_word' id='word_1_680' title='bbox 2367 4973 2420 5024; x_wconf 90' lang='lat' dir='ltr'><strong><em>in</em></strong></span> <span class='ocrx_word' id='word_1_681' title='bbox 2447 4977 2621 5043; x_wconf 86' lang='lat' dir='ltr'><strong><em>capite</em></strong></span> <span class='ocrx_word' id='word_1_682' title='bbox 2650 4975 2856 5043; x_wconf 75' lang='lat' dir='ltr'><strong><em>Emeie,</em></strong></span> <span class='ocrx_word' id='word_1_683' title='bbox 2896 4983 3035 5049; x_wconf 88' lang='lat' dir='ltr'><strong><em>quod</em></strong></span> <span class='ocrx_word' id='word_1_684' title='bbox 3068 5000 3308 5041; x_wconf 78' lang='lat' dir='ltr'><strong><em>muscam</em></strong></span> <span class='ocrx_word' id='word_1_685' title='bbox 3335 4992 3619 5059; x_wconf 78' lang='lat' dir='ltr'><strong><em>signiﬁcat,</em></strong></span> 
     </span>
    </p>
   </div>
   <div class='ocr_carea' id='block_1_103' title="bbox 2119 5058 3622 5146">
    <p class='ocr_par' dir='ltr' id='par_1_103' title="bbox 2119 5058 3622 5146">
     <span class='ocr_line' id='line_1_107' title="bbox 2119 5058 3622 5146; baseline 0.018 -35"><span class='ocrx_word' id='word_1_686' title='bbox 2119 5061 2182 5111; x_wconf 91' lang='lat' dir='ltr'><strong><em>de</em></strong></span> <span class='ocrx_word' id='word_1_687' title='bbox 2206 5058 2498 5117; x_wconf 76' lang='lat' dir='ltr'><strong><em>Solomone</em></strong></span> <span class='ocrx_word' id='word_1_688' title='bbox 2520 5076 2570 5118; x_wconf 90' lang='lat' dir='ltr'><strong><em>et</em></strong></span> <span class='ocrx_word' id='word_1_689' title='bbox 2623 5070 2811 5122; x_wconf 85' lang='lat' dir='ltr'><strong><em>muscis</em></strong></span> <span class='ocrx_word' id='word_1_690' title='bbox 2857 5075 3187 5128; x_wconf 88' lang='lat' dir='ltr'><strong><em>mendacium</em></strong></span> <span class='ocrx_word' id='word_1_691' title='bbox 3234 5082 3425 5146; x_wconf 88' lang='lat' dir='ltr'><strong><em>prodat</em></strong></span> <span class='ocrx_word' id='word_1_692' title='bbox 3471 5087 3622 5138; x_wconf 85' lang='lat' dir='ltr'><strong><em>stoli-</em></strong></span> 
     </span>
    </p>
   </div>
   <div class='ocr_carea' id='block_1_104' title="bbox 2117 5151 2744 5225">
    <p class='ocr_par' dir='ltr' id='par_1_104' title="bbox 2117 5151 2744 5225">
     <span class='ocr_line' id='line_1_108' title="bbox 2117 5151 2744 5225; baseline 0.016 -23"><span class='ocrx_word' id='word_1_693' title='bbox 2117 5151 2262 5215; x_wconf 86' lang='lat' dir='ltr'><strong><em>dum;</em></strong></span> <span class='ocrx_word' id='word_1_694' title='bbox 2288 5156 2425 5222; x_wconf 86' lang='lat' dir='ltr'><strong><em>quod</em></strong></span> <span class='ocrx_word' id='word_1_695' title='bbox 2455 5165 2503 5209; x_wconf 89' lang='lat' dir='ltr'><strong><em>et</em></strong></span> <span class='ocrx_word' id='word_1_696' title='bbox 2529 5157 2744 5225; x_wconf 86' lang='lat' dir='ltr'><strong><em>fatetur.</em></strong></span> 
     </span>
    </p>
   </div>
   <div class='ocr_carea' id='block_1_105' title="bbox 2051 5238 3620 5318">
    <p class='ocr_par' dir='ltr' id='par_1_105' title="bbox 2051 5238 3620 5318">
     <span class='ocr_line' id='line_1_109' title="bbox 2051 5238 3620 5318; baseline 0.018 -27"><span class='ocrx_word' id='word_1_697' title='bbox 2051 5238 2136 5294; x_wconf 68' lang='grc'><strong><em>14.</em></strong></span> <span class='ocrx_word' id='word_1_698' title='bbox 2178 5241 2326 5304; x_wconf 88' lang='lat' dir='ltr'><strong><em>Quod</em></strong></span> <span class='ocrx_word' id='word_1_699' title='bbox 2363 5244 2417 5295; x_wconf 89' lang='lat' dir='ltr'><strong><em>in</em></strong></span> <span class='ocrx_word' id='word_1_700' title='bbox 2452 5246 2622 5313; x_wconf 90' lang='lat' dir='ltr'><strong><em>capite</em></strong></span> <span class='ocrx_word' id='word_1_701' title='bbox 2662 5247 2901 5315; x_wconf 80' lang='lat' dir='ltr'><strong><em>Rubeso,</em></strong></span> <span class='ocrx_word' id='word_1_702' title='bbox 2943 5252 3007 5305; x_wconf 89' lang='lat' dir='ltr'><strong><em>de</em></strong></span> <span class='ocrx_word' id='word_1_703' title='bbox 3037 5253 3320 5312; x_wconf 85' lang='lat' dir='ltr'><strong><em>Solomone</em></strong></span> <span class='ocrx_word' id='word_1_704' title='bbox 3365 5272 3413 5314; x_wconf 87' lang='lat' dir='ltr'><strong><em>ct</em></strong></span> <span class='ocrx_word' id='word_1_705' title='bbox 3447 5278 3620 5318; x_wconf 75' lang='lat' dir='ltr'><strong><em>verme</em></strong></span> 
     </span>
    </p>
   </div>
   <div class='ocr_carea' id='block_1_106' title="bbox 2116 5334 3249 5405">
    <p class='ocr_par' dir='ltr' id='par_1_106' title="bbox 2116 5334 3249 5405">
     <span class='ocr_line' id='line_1_110' title="bbox 2116 5334 3249 5405; baseline 0.018 -22"><span class='ocrx_word' id='word_1_706' title='bbox 2116 5334 2319 5399; x_wconf 88' lang='lat' dir='ltr'><strong><em>tradat,</em></strong></span> <span class='ocrx_word' id='word_1_707' title='bbox 2350 5337 2611 5405; x_wconf 87' lang='lat' dir='ltr'><strong><em>superiori</em></strong></span> <span class='ocrx_word' id='word_1_708' title='bbox 2642 5341 2911 5396; x_wconf 78' lang='lat' dir='ltr'><strong><em>mendacio</em></strong></span> <span class='ocrx_word' id='word_1_709' title='bbox 2954 5346 3249 5403; x_wconf 87' lang='lat' dir='ltr'><strong><em>simillima.</em></strong></span> 
     </span>
    </p>
   </div>
   <div class='ocr_carea' id='block_1_107' title="bbox 2048 5525 3616 5612">
    <p class='ocr_par' dir='ltr' id='par_1_107' title="bbox 2048 5525 3616 5612">
     <span class='ocr_line' id='line_1_111' title="bbox 2048 5525 3616 5612; baseline 0.013 -33"><span class='ocrx_word' id='word_1_710' title='bbox 2048 5525 2133 5580; x_wconf 74' lang='grc'><strong><em>15.</em></strong></span> <span class='ocrx_word' id='word_1_711' title='bbox 2179 5526 2331 5591; x_wconf 87' lang='lat' dir='ltr'><strong><em>Quod</em></strong></span> <span class='ocrx_word' id='word_1_712' title='bbox 2361 5529 2413 5581; x_wconf 89' lang='lat' dir='ltr'><strong><em>in</em></strong></span> <span class='ocrx_word' id='word_1_713' title='bbox 2437 5530 2568 5584; x_wconf 90' lang='lat' dir='ltr'><strong><em>libro</em></strong></span> <span class='ocrx_word' id='word_1_714' title='bbox 2594 5531 3016 5590; x_wconf 84' lang='lat' dir='ltr'><strong><em>Enarralionum</em></strong></span> <span class='ocrx_word' id='word_1_715' title='bbox 3073 5555 3287 5593; x_wconf 83' lang='lat' dir='ltr'><strong><em>causam</em></strong></span> <span class='ocrx_word' id='word_1_716' title='bbox 3325 5547 3494 5612; x_wconf 84' lang='lat' dir='ltr'><strong><em>ponit,</em></strong></span> <span class='ocrx_word' id='word_1_717' title='bbox 3522 5560 3616 5599; x_wconf 84' lang='lat' dir='ltr'><strong><em>cur</em></strong></span> 
     </span>
    </p>
   </div>
   <div class='ocr_carea' id='block_1_108' title="bbox 2111 5619 2854 5683">
    <p class='ocr_par' dir='ltr' id='par_1_108' title="bbox 2111 5619 2854 5683">
     <span class='ocr_line' id='line_1_112' title="bbox 2111 5619 2854 5683; baseline 0.013 -12"><span class='ocrx_word' id='word_1_718' title='bbox 2111 5619 2217 5673; x_wconf 88' lang='lat' dir='ltr'><strong><em>illis</em></strong></span> <span class='ocrx_word' id='word_1_719' title='bbox 2255 5622 2372 5674; x_wconf 89' lang='lat' dir='ltr'><strong><em>vino</em></strong></span> <span class='ocrx_word' id='word_1_720' title='bbox 2399 5624 2732 5678; x_wconf 85' lang='lat' dir='ltr'><strong><em>interdictum</em></strong></span> <span class='ocrx_word' id='word_1_721' title='bbox 2764 5628 2854 5683; x_wconf 88' lang='lat' dir='ltr'><strong><em>sit.</em></strong></span> 
     </span>
    </p>
   </div>
   <div class='ocr_carea' id='block_1_109' title="bbox 2046 5709 3612 5805">
    <p class='ocr_par' dir='ltr' id='par_1_109' title="bbox 2046 5709 3612 5805">
     <span class='ocr_line' id='line_1_113' title="bbox 2046 5709 3612 5805; baseline 0.014 -42"><span class='ocrx_word' id='word_1_722' title='bbox 2046 5709 2132 5763; x_wconf 80' lang='grc'><strong><em>16.</em></strong></span> <span class='ocrx_word' id='word_1_723' title='bbox 2176 5709 2327 5776; x_wconf 87' lang='lat' dir='ltr'><strong><em>Quod</em></strong></span> <span class='ocrx_word' id='word_1_724' title='bbox 2359 5713 2541 5769; x_wconf 62' lang='lat' dir='ltr'><strong><em>calum</em></strong></span> <span class='ocrx_word' id='word_1_725' title='bbox 2572 5716 2667 5771; x_wconf 83' lang='lat' dir='ltr'><strong><em>hoc</em></strong></span> <span class='ocrx_word' id='word_1_726' title='bbox 2709 5727 2968 5792; x_wconf 73' lang='lat' dir='ltr'><strong><em>creatum,</em></strong></span> <span class='ocrx_word' id='word_1_727' title='bbox 2999 5739 3063 5779; x_wconf 71' lang='lat' dir='ltr'><strong><em>ex</em></strong></span> <span class='ocrx_word' id='word_1_728' title='bbox 3095 5724 3240 5793; x_wconf 66' lang='lat' dir='ltr'><strong><em>{uno</em></strong></span> <span class='ocrx_word' id='word_1_729' title='bbox 3276 5728 3470 5798; x_wconf 74' lang='lat' dir='ltr'><strong><em>factum</em></strong></span> <span class='ocrx_word' id='word_1_730' title='bbox 3505 5733 3572 5784; x_wconf 74' lang='lat' dir='ltr'><strong><em>sit</em></strong></span> <span class='ocrx_word' id='word_1_731' title='bbox 3591 5753 3612 5805; x_wconf 70' lang='grc' dir='ltr'><strong><em>ε</em></strong></span> 
     </span>
    </p>
   </div>
   <div class='ocr_carea' id='block_1_110' title="bbox 3186 5822 3260 5881">
    <p class='ocr_par' dir='ltr' id='par_1_110' title="bbox 3186 5822 3260 5881">
     <span class='ocr_line' id='line_1_114' title="bbox 3186 5822 3260 5881; baseline 0 0"><span class='ocrx_word' id='word_1_732' title='bbox 3186 5822 3260 5881; x_wconf 74' lang='grc'>19</span> 
     </span>
    </p>
   </div>
  </div>
