3928 6212
373 361 483 428 587
1552 360 1586 419 J
1591 360 1793 422 OANN
1800 360 1872 420 IS
1910 360 2438 423 CANTACUZENI
3464 370 3552 431 533

443 492 589 531 mare
612 483 810 541 autem,
843 478 1102 528 exmonte
1157 471 1384 543 quodam
1449 468 1599 540 Caph
1644 470 1933 525 nominato.
1972 478 2014 531 Α
2110 470 2370 533 καπνοῦ,
2423 472 2461 537 ἡ
2522 467 2589 523 δὲ
2646 468 2742 524 eds

2110 470 2370 533 καπνοῦ,
2423 472 2461 537 ἡ
2522 467 2589 523 δὲ
2646 468 2931 525 θάλασσα
2978 469 3047 534 ἐξ
3078 468 3245 536 ὸρους
3283 473 3421 540 τινὸς
3446 475 3557 545 Κὰρ

2113 560 2571 631 ὀνομαζομένου.

376 658 464 712 17.
509 655 661 721 Quod
678 652 864 719 solem,
909 651 1114 717 lunam,
1151 650 1350 706 lumine
1387 659 1436 705 et
1481 650 1669 705 virtute
1714 649 1940 721 a'quales
2043 651 2131 718 ιζ’.
2168 655 2297 708 Ὅτι
2325 654 2431 707 τὸν
2465 653 2645 720 ἣλιον
2679 671 2742 708 κο

2108 653 2131 709 “.
2168 655 2297 708 Ὅτι
2325 654 2431 707 τὸν
2465 653 2645 720 ἣλιον
2679 655 2777 708 καὶ
2809 654 2923 718 τὴν
2966 655 3238 726 σελήνην
3266 658 3361 711 ἷσα
3394 659 3562 726 φωτὸς

442 764 553 802 esse
578 747 741 799 dicat.
1434 808 1441 813 ι
2112 744 2214 799 καὶ
2243 744 2554 814 δυνάμεώς
2583 761 2734 815 φησι

2112 744 2214 799 καὶ
2243 744 2554 814 δυνάμεώς
2583 761 2734 815 φησι
2764 745 3071 815 γενέσθαι.

375 823 656 900 18.’ριιοι1
686 850 720 887 a
749 832 1013 897 Gabriele,
1050 839 1106 885 ut
1140 831 1325 886 caelum
1354 832 1673 897 ascenderet,
1701 840 1938 897 vocatus,
2043 835 2133 906 ιη’.
2173 837 2291 889 Ὅτι
2312 836 2742 904 προσκληθέντη

2108 836 2133 890 ’.
2173 837 2291 889 Ὅτι
2312 836 2807 904 προσκληθέντος
2822 836 3037 891 τούτου
3054 838 3208 905 παρὰ
3223 838 3318 893 τοῦ
3335 840 3563 907 Γαϐριὴλ

398 908 410 922 ’
440 942 506 979 ex
543 924 636 979 Dei
667 940 828 980 manu
866 922 968 978 sibi
1014 924 1261 993 imposita
1311 931 1521 977 tantam
1571 923 1779 992 frigoris
1835 925 1939 977 vim
2110 931 2389 986 ἀνελθεῖν
2422 934 2509 996 εὶς
2534 929 2641 986 τὸν
2667 933 2742 998 of).

2110 931 2389 986 ἀνελθεῖν
2422 934 2509 996 είς
2534 929 2641 986 τὸν
2667 932 2949 999 οὐρανὸν,
2978 932 3074 985 καὶ
3103 932 3204 987 τοῦ
3228 934 3366 988 Θεοῦ
3389 936 3563 1001 θέντος

438 1019 683 1082 senserit,
724 1024 784 1071 ut
819 1032 941 1087 qua:
985 1018 1056 1072 ad
1101 1014 1387 1070 medullam
1426 1015 1567 1069 dorsi
1596 1030 1756 1086 usque
1786 1030 1941 1085 pene-
2112 1022 2228 1088 τὴν
2262 1020 2431 1089 χεῖρα
2462 1020 2651 1075 αὐτοῦ
2685 1021 2742 1075 ἐκ

2112 1022 2228 1088 τὴν
2262 1020 2431 1089 χεῖρα
2462 1020 2651 1075 αὐτοῦ
2685 1021 2779 1075 ἐπ’
2820 1022 3003 1086 αὐτῷ,
3049 1023 3335 1090 τοσαύτης
3362 1024 3565 1092 ψύξεως

440 1112 679 1167 traverit.
2109 1115 2402 1182 αἴσθησιν
2435 1113 2644 1168 λαϐεῖν
2688 1114 2895 1180 αὐτὸν,
2935 1115 3014 1180 ὡς
3071 1115 3324 1170 διελθεῖν
3370 1118 3567 1185 ταύτην

2152 1205 2283 1261 έγοι
2318 1205 2415 1259 καὶ
2455 1205 2562 1259 τοῦ
2602 1207 2881 1260 νωτιαίου
2907 1206 3155 1261 μυελοῦ.

2152 1223 2182 1259 ε
2265 1224 2283 1259 ι
2318 1223 2415 1259 και
2455 1223 2562 1259 του
2602 1223 2740 1259 νωτι

372 1304 459 1363 i9.
502 1305 653 1372 Quod
684 1306 739 1359 in
780 1282 951 1375 capite
998 1301 1103 1357 Sad
1141 1301 1340 1367 tradat,
1376 1301 1633 1354 da'mones
1680 1315 1794 1352 cum
1837 1315 1939 1352 ano
2044 1224 2147 1352 te:
2165 1223 2294 1350 '2ch
2324 1297 2395 1350 ἐν
2423 1296 2502 1361 τῷ
2525 1300 2742 1367 κεφαλι

2108 1223 2283 1274 μεχρι
2318 1223 2415 1259 και
2455 1223 2562 1259 του
2602 1223 2881 1260 νωτιαίου
2902 1223 3155 1274 μυελοῦ.

2108 1303 2132 1352 ’.
2165 1297 2294 1350 Ὀτι
2324 1297 2395 1350 ἐν
2423 1296 2502 1361 τῷ
2525 1296 2832 1367 κεφαλαίῳ
2858 1295 2936 1361 τῷ
2984 1298 3088 1352 Σὰδ
3116 1297 3300 1367 φησὶν
3333 1298 3406 1362 ὡς
3426 1298 3568 1367 ἅγγε-

439 1398 544 1471 geli
592 1404 781 1462 essent,
834 1414 865 1451 a
921 1394 1029 1449 Deo
1086 1404 1142 1447 ut
1192 1394 1453 1448 Adamum
1498 1392 1781 1447 adorarent
1830 1405 1941 1443 esse
2109 1393 2205 1443 λοι
2235 1376 2405 1454 ὄντες
2429 1392 2481 1443 οί
2520 1389 2742 1458 δαίμονι

2109 1393 2205 1443 λοι
2235 1376 2405 1454 ὄντες
2429 1392 2481 1443 οί
2520 1389 2825 1458 δαίμονες,
2848 1388 2944 1443 καὶ
2963 1389 3423 1457 προσταχθέντες
3436 1389 3569 1457 παρὰ

439 1491 751 1545 constitutos
779 1502 799 1541 :
823 1502 1038 1557 cumque
1069 1490 1163 1539 hoc
1196 1485 1423 1538 aliorum
1455 1483 1762 1555 angelorum
1797 1495 1939 1534 more
2110 1481 2219 1535 τοῦ
2258 1480 2406 1535 Θεοῦ
2434 1477 2742 1548 προσκυνῆ

2110 1481 2219 1535 τοῦ
2258 1480 2406 1535 Θεοῦ
2434 1477 2860 1548 προσκυνῆσαι
2894 1480 3001 1533 τὸν
3044 1478 3233 1549 Ἀδὰμ,
3256 1480 3360 1535 οὐκ
3385 1480 3569 1546 ἠθέλη-

435 1582 610 1651 facere
636 1580 921 1643 noluerint,
947 1587 1223 1645 prapterea
1252 1575 1512 1629 daemones
1546 1589 1653 1627 esse
1683 1573 1869 1641 factos.
2110 1586 2233 1624 σαν
2263 1570 2514 1639 ποιῆσαι
2556 1569 2742 1635 τοῦτοἸ

2110 1586 2233 1624 σαν
2263 1570 2514 1639 ποιῆσαι
2556 1569 2753 1637 τοῦτο,
2787 1570 2980 1635 καθὼς
3033 1571 3130 1625 καὶ
3166 1571 3378 1637 πάντες
3407 1575 3453 1625 oi
3483 1573 3570 1642 ᾶγο

2113 1668 2276 1733 γελοι
2304 1665 2779 1731 προσεκύνησαν
2800 1664 3006 1730 αὐτὸν,
3036 1664 3135 1719 καὶ
3156 1664 3250 1719 διὰ
3276 1663 3440 1719 τοῦτο
3466 1666 3570 1732 ἐγέ-

2110 1775 2295 1813 νοντο
2326 1758 2630 1813 δαίιιονερ.

2110 1776 2295 1813 νοντο
2326 1776 2630 1827 οίαιμονες.

364 1843 456 1899 20.
495 1841 728 1898 Causam
780 1840 965 1909 tradit,
1004 1849 1215 1913 prapter
1261 1856 1421 1911 quam
1467 1840 1635 1894 suillis
1691 1839 1935 1894 carnibus
1970 1822 2009 1876 Β
2039 1850 2275 1906 κ’,γοτι
2311 1851 2646 1906 ἀποδίδωσι
2679 1850 2742 1916 τὴ

2110 1776 2295 1813 νοντο
2326 1776 2630 1827 οαιμονες.

2126 1852 2275 1906 κ-Ὄτι
2311 1851 2646 1906 ἀποδίδωσι
2679 1850 2795 1918 τὴν
2824 1850 3043 1915 αἰτίαν,
3070 1849 3152 1903 δι’
3178 1848 3254 1918 ἣν
3281 1846 3573 1903 κεκώλυται

436 1935 771 1988 interdictum
803 1935 889 1991 sit.
2110 1940 2316 2006 αὐτοῖς
2346 1940 2575 1994 ἐσθίειν
2603 1939 2675 1993 τὰ
2702 1940 2742 1993 ὓ

2110 1940 2316 2006 αὐτοῖς
2346 1940 2575 1994 ἐσθίειν
2603 1939 2675 1993 τὰ
2702 1940 2831 1993 ὕεια
2852 1940 3017 2009 κρέα.

364 2022 454 2077 2i.
496 2020 650 2086 Quod
672 2021 811 2075 Deus
842 2022 897 2075 in
929 2021 1036 2090 ﬁne
1068 2020 1248 2075 mundi
1276 2036 1425 2074 omne
1457 2020 1727 2074 hominum
1751 2027 1799 2074 et
1830 2036 1931 2074 an-
2042 2030 2146 2086 καί,
2176 2033 2304 2085 Ὀτι
2329 2032 2477 2099 πρὸς
2510 2030 2589 2095 τῷ
2634 2031 2742 2085 τέλ

2108 2030 2146 2085 ι’.
2176 2032 2477 2099 Ὅτιπρὸς
2510 2030 2589 2095 τῷ
2634 2031 2791 2085 τέλει
2846 2031 2951 2085 τοῦ
3013 2032 3242 2099 κόσμου
3295 2024 3582 2085 ἀποκτενεῖ

428 2115 665 2186 θειοναηι
693 2128 854 2183 θεηυδ
879 2113 1139 2166 οεείδιινιιε
1170 2112 1262 2167 εἶτα
2113 2124 2258 2189 Θεὸς
2296 2122 2505 2179 πᾶσαν
2529 2123 2723 2192 φύσιν
2758 2122 3033 2191 ἀγγέλων
3060 2122 3160 2176 καί
3191 2121 3515 2185 ἀνθρώπων.

364 2204 453 2259 22.
497 2206 649 2270 Quod
678 2203 870 2257 librum
900 2202 1283 2270 conscripserit,
1318 2202 1589 2257 duodecim
1623 2200 1790 2257 millia
1820 2219 1933 2257 ser-
2040 2215 2143 2287 κβν,
2186 2217 2306 2268 Ὅτι
2331 2214 2742 2283 avra-maga“

2108 2215 2143 2270 Γ.
2186 2217 2306 2268 Ὅτι
2331 2214 2756 2283 συνεγράψατο
2778 2208 3027 2279 βιϐλίον
3046 2213 3395 2270 δυοκαίδεκα
3415 2210 3579 2281 χιλιά.

434 2312 647 2350 monum
696 2296 1047 2349 continentem
1086 2306 1161 2348 :e
1206 2294 1389 2365 quibus
1414 2304 1493 2349 ter
1533 2292 1677 2348 mille
1727 2293 1935 2365 quidem
2110 2307 2223 2373 δας
2254 2307 2478 2376 λόγους
2507 2308 2653 2373 ἕχον
2676 2309 2742 2361 θα

2110 2307 2223 2373 δας
2254 2307 2478 2376 λόγους
2507 2308 2653 2373 ἕχον
2676 2305 3084 2375 θαυμαστοὺς,
3119 2305 3215 2360 καὶ
3242 2306 3355 2359 ἀπὸ
3381 2303 3582 2357 τούτων

429 2388 537 2442 veri
561 2388 687 2453 sint,
720 2388 895 2440 caeteri
917 2394 1092 2441 autem
1124 2385 1269 2456 falsi.
1554 2416 1557 2419 λ
2109 2404 2163 2455 οι
2192 2400 2309 2470 μὲν
2348 2400 2670 2470 τρισχίλιοι
2707 2415 2737 2452 ε

2109 2404 2163 2455 ot
2192 2400 2309 2470 μὲν
2348 2400 2670 2470 τρισχίλιοι
2707 2400 2868 2453 εἰσιν
2906 2398 3179 2467 ἀληθεῖς,
3226 2399 3280 2454 οί
3306 2396 3371 2450 δὲ
3412 2394 3582 2463 ἕτεροι

2110 2491 2378 2562 ψευδεῖς.

363 2577 452 2634 25.
496 2577 647 2643 Quod
673 2578 725 2631 in
755 2578 924 2647 capite
942 2576 1220 2642 Ceramar,
1257 2576 1399 2629 dicat
1426 2591 1481 2629 se
1512 2573 1690 2628 lunam
1717 2576 1772 2629 in
1802 2574 1934 2629 duas
2040 2583 2145 2653 κγ’,
2184 2584 2311 2648 ὀτι
2335 2583 2405 2637 ἐν
2429 2581 2510 2648 τῷ
2539 2586 2742 2653 κεφαλα

2108 2583 2145 2638 ν’.
2184 2584 2311 2648 ’,Οτι
2335 2583 2405 2637 ἐν
2429 2581 2510 2648 τῷ
2539 2583 2845 2653 κεφαλαίῳ
2880 2581 2961 2649 τῷ
3000 2582 3276 2654 Κεραμᾶρ
3314 2578 3491 2650 φησιν
3513 2578 3583 2643 ὡς

434 2678 610 2739 partes
641 2667 963 2729 dissecuisse,
998 2682 1227 2731 quarum
1253 2664 1425 2719 altera
1455 2666 1660 2735 quidem
1704 2668 1758 2719 in
1793 2667 1936 2720 tuni-
2112 2672 2327 2742 ἔσχισε
2352 2672 2468 2739 τὴν
2495 2673 2742 2741 σελήνης

2112 2672 2327 2742 ἔσχισε
2352 2672 2468 2739 τὴν
2495 2673 2773 2741 σελήνην
2802 2675 2889 2738 είς
2939 2673 3050 2726 δύο
3082 2672 3371 2742 τμήματα,
3410 2670 3498 2723 καὶ
3525 2667 3583 2722 τὸ

435 2777 552 2814 cam
576 2759 743 2825 illius,
772 2758 946 2812 altera
969 2772 1088 2811 vero
1121 2756 1177 2810 in
1213 2764 1413 2811 terram
1439 2756 1720 2823 deciderit;
1750 2757 1935 2812 deinde
2106 2764 2223 2834 μὲν
2252 2763 2440 2832 ἣμισυ
2482 2763 2601 2818 ἀπὸ
2645 2764 2742 2817 τοι]

2108 2764 2223 2834 μὲν
2252 2763 2440 2832 ἣμισυ
2482 2763 2601 2818 ἀπὸ
2645 2764 2874 2817 τούτων
2917 2762 3211 2832 εἰσῆλθεν
3241 2766 3324 2828 είς
3355 2762 3456 2815 τὸν
3503 2778 3582 2829 χιε

434 2868 554 2907 vero
601 2853 875 2922 integram.
905 2864 1113 2903 rursum
1149 2849 1453 2903 restituisse.
2111 2852 2268 2907 τῶνα
2305 2853 2514 2919 αὑτοῦ,
2567 2853 2632 2906 τὸ
2683 2852 2742 2906 δὲ

2111 2852 2268 2907 τῶνα
2305 2853 2514 2919 αὑτοῦ,
2567 2853 2632 2906 τὸ
2683 2852 2751 2906 δὲ
2786 2852 2992 2919 ἕτερον
3031 2852 3223 2919 ἣμισυ
3270 2851 3481 2904 ἔπεσεν
3507 2848 3583 2913 είς

2108 2942 2224 3011 τὴν
2241 2941 2376 3011 γῆν,
2396 2942 2496 2997 καὶ
2511 2937 2685 3007 αὖθις
2698 2941 3200 3009 ἀποκατέστησεν
3218 2939 3583 3010 αὑτὴνσώαν.

361 3033 455 3088 24.
492 3031 645 3099 Quod
680 3027 821 3083 Deus
847 3035 896 3083 et
924 3027 1099 3099 angeli
1133 3042 1228 3098 pro
1259 3025 1557 3083 Mahomete
1586 3036 1754 3084 orent.
2040 3034 2279 3089 κδ’.’οτι
2301 3034 2332 3087 ὸ
2360 3034 2504 3099 Θεὸς
2539 3034 2640 3087 καὶ
2670 3036 2723 3113 ot

2108 3034 2279 3089 ’.Ὅτι
2301 3034 2332 3087 ὸ
2360 3034 2504 3099 Θεὸς
2539 3034 2640 3087 καὶ
2670 3036 2723 3113 al
2745 3035 2987 3105 ἄγγελοι
3020 3035 3301 3103 εὔχονται
3327 3031 3467 3102 ὑπὲρ
3490 3030 3583 3088 τοῦ

2110 3127 2385 3181 Μωάιιεθ.

363 3210 454 3266 9.5.
498 3208 651 3276 Quod
685 3209 741 3262 in
769 3208 939 3277 capite
972 3206 1275 3274 Helmaida,
1316 3207 1454 3278 quod
1478 3206 1525 3261 si
1555 3209 1931 3279 interpreteris,
1958 3166 2005 3230 Ο
2035 3144 2405 3271 “31:32:52;-
2428 3216 2510 3282 τῷ
2539 3221 2742 3287 κεφαλ.

2110 3144 2385 3195 tua-ausu.

2108 3223 2133 3270 '.
2172 3217 2301 3270 Ὅτι
2335 3217 2405 3271 ἐν
2428 3216 2510 3282 τῷ
2539 3218 2846 3287 κεφαλαίῳ
2890 3215 2969 3282 τῷ
3006 3217 3272 3289 Ἐλμαιδᾶ
3297 3258 3311 3282 ,
3343 3218 3475 3284 ὅπερ
3500 3214 3575 3282 ἐρ-

430 3312 676 3354 mensam
700 3297 983 3368 signiﬁcat,
1007 3298 1245 3367 aﬁirmet,
1273 3297 1515 3354 Hebrceos
1549 3296 1933 3354 etChristianos
2098 3310 2424 3379 μηνεύεται
2475 3309 2742 3379 τράπεζα,

2108 3310 2424 3378 μηνεύεται
2475 3309 2750 3379 τράπεζα,
2782 3308 2868 3377 μὴ
2914 3305 3069 3363 εἶναι
3102 3308 3241 3375 τοὺς
3283 3306 3581 3376 Ἐϐραίους,

432 3408 539 3446 non
593 3404 702 3445 esse
755 3388 897 3456 ﬁlios
952 3388 1071 3456 Dei,
1120 3406 1214 3445 nec
1257 3392 1451 3449 amicos
1501 3392 1637 3462 ejus,
1686 3408 1746 3446 eo
1793 3392 1934 3463 quod
2105 3401 2204 3456 καὶ
2241 3401 2383 3466 τοὺς
2433 3402 2742 3468 Χριστιανι

2108 3401 2204 3456 καὶ
2241 3401 2383 3466 τοὺς
2433 3400 2834 3468 Χριστιανοὺς
2872 3399 3043 3467 υἱοὺς
3098 3400 3248 3456 Θεοῦ
3287 3399 3325 3469 ἢ
3366 3400 3581 3470 φίλους.

433 3482 772 3553 αητὲθαηωτ-
2102 3493 2202 3548 διὰ
2230 3494 2297 3547 τὸ
2328 3493 2724 3548 παιδεύεσθαι
2757 3494 3002 3560 αὐτούς.

628 3615 1021 3699 οιζΑΤιοΝιδ
1062 3615 1346 3673 ΤΕΒΤΙίΕ
1383 3616 1665 3674 CAPITA.
2242 3616 2614 3685 ΚΞΦΑΑΑἹΑ
2660 3634 2742 3685 To

2242 3616 2614 3685 ΚΕΦΑΛΑΊΑ
2660 3633 2803 3685 Tor
2844 3628 3118 3686 Τριτογ
3146 3630 3396 3687 ΛΟΓΟΥ.

362 3761 415 3816 1η.
452 3757 604 3826 Quod
661 3755 980 3827 impossibile
1048 3755 1113 3808 sit
1152 3753 1320 3809 Deum
1365 3754 1553 3809 habere
1603 3756 1772 3824 ﬁlium
1819 3760 1931 3812 sine
2031 3784 2099 3820 α,
2138 3767 2261 3821 Ὅτι
2299 3768 2410 3821 οὐκ
2460 3767 2594 3820 ἐστι
2635 3766 2742 3821 δυν

2138 3767 2261 3821 Ὅτι
2299 3768 2410 3821 οῦκ
2460 3767 2594 3820 ἐστι
2635 3766 2901 3821 δυνατὸν
2927 3765 3038 3820 τὸν
3085 3767 3237 3822 Θεὸν
3288 3766 3415 3821 υίὸν
3454 3762 3583 3816 ἄνευ

426 3849 667 3905 muliere.
2102 3857 2391 3927 γυναικὸς
2419 3857 2605 3925 ἔχειν.

358 3941 413 3996 2.
457 3941 609 4007 Quod
631 3941 677 3995 si
704 3939 875 4008 ﬁlium
911 3940 1047 3995 Deus
1079 3939 1341 4006 habuerit,
1368 3942 1467 3994 erit
1507 3940 1647 3995 inter
1686 3951 1931 4013 utrosque
2035 3950 2099 4021 β’.
2136 3951 2256 4004 Ὅτι
2290 3953 2344 4005 si
2390 3952 2527 4004 υἱὸν
2552 3945 2717 4019 εῖχεν

2136 3951 2256 4004 Ὅτι
2290 3953 2344 4005 si
2390 3952 2527 4004 υἱὸν
2552 3945 2717 4019 εἶχεν
2761 3953 2795 4004 ό
2831 3949 2997 4016 Θεὸς,
3032 3951 3345 4021 σχίσματα
3380 3948 3451 4004 ἂν
3476 3946 3585 4015 ἐγέ-

433 4030 727 4086 dissidium.
1683 4031 1689 4037 ’
2102 4058 2282 4095 νοντο
2308 4040 2505 4111 μέσον
2531 4041 2730 4096 αὐτῶν

2108 4058 2282 4095 νοντο
2308 4040 2505 4111 μέσον
2531 4041 2730 4096 αὐτῶν

360 4125 415 4178 3.
458 4122 610 4188 Quod
629 4123 683 4176 in
706 4119 1173 4191 capituloElnesa,
1196 4121 1336 4192 quod
1360 4122 1620 4179 mulieres
1643 4124 1927 4196 signiﬁcat,
2032 4140 2100 4202 γ’,
2138 4134 2268 4187 Ὅτι
2316 4134 2388 4187 ἐν
2433 4134 2513 4200 τῷ
2562 4139 2742 4204 κεφαλ

2138 4134 2268 4187 Ὅτι
2316 4134 2388 4187 ἐν
2433 4134 2513 4200 τῷ
2562 4135 2869 4204 κεφαλαίῳ
2916 4134 2996 4200 τῷ
3038 4134 3291 4200 Ἐλνεσὰ,
3339 4134 3476 4201 ὅπερ
3508 4128 3586 4197 ἐρο

431 4214 595 4276 dicat,
638 4210 906 4266 Christum
940 4229 1069 4284 esse,
1098 4212 1323 4268 Verbum
1374 4214 1488 4281 Dei,
1526 4217 1763 4272 animam
1814 4219 1926 4287 Dei,
2096 4225 2418 4293 μηνεύεται
2469 4228 2722 4290 γυναῖκες

2108 4225 2418 4292 μηνεύεται
2469 4228 2722 4290 γυναῖκες
2748 4264 2762 4286 ,
2800 4225 2987 4294 λόγον
3045 4225 3199 4280 Θεοῦ
3256 4225 3352 4279 καὶ
3396 4219 3585 4292 ψυχὴν

404 4346 410 4352 .
437 4314 487 4358 et
514 4304 763 4375 spiritum
790 4303 912 4359 Dei.
2104 4314 2276 4379 Θεοῦ,
2312 4313 2410 4368 καὶ
2446 4313 2647 4381 πνοὴν
2662 4315 2742 4367 Θε‹

2108 4314 2276 4379 Θεοῦ,
2312 4313 2410 4368 καὶ
2446 4313 2647 4381 πνοὴν
2662 4314 2809 4368 Θεοῦ
2825 4314 2991 4383 λέγει
3010 4311 3168 4369 εἶναι
3185 4314 3294 4369 τὸν
3316 4311 3576 4382 Χριστόν.

364 4398 419 4456 4.
461 4396 614 4464 Quod
648 4397 915 4452 Christum
963 4412 1028 4451 ex
1058 4396 1257 4469 uirgine
1294 4401 1428 4457 citra
1478 4402 1681 4459 virilem
1713 4420 1927 4475 operam
2032 4406 2093 4458 δ’.
2133 4405 2257 4457 Ὅτι
2301 4403 2369 4456 ἐκ
2407 4402 2742 4471 παρθένους

2133 4405 2257 4457 Ὅτι
2301 4403 2369 4456 ἐκ
2407 4402 2710 4471 παρθένου
2735 4403 3017 4472 ὁμολογεῖ
3043 4402 3445 4474 γεγεννῆσθαι
3494 4398 3586 4453 τὸν

433 4486 679 4559 genitum.
704 4502 813 4542 esse
852 4493 1089 4541 testatur.
1809 4562 1818 4572 .
1963 4500 2006 4555 1)
2105 4495 2363 4563 Χριστὸν
2384 4494 2532 4548 ἄνευ
2558 4493 2742 4562 ἀνδρὸ

2108 4495 2363 4563 Χριστὸν
2384 4494 2532 4548 ἄνευ
2558 4493 2808 4562 ἀνδρός.

364 4578 416 4633 5.
459 4576 612 4643 Quod
640 4586 786 4647 neget
809 4575 1076 4631 Christum
1103 4586 1151 4631 et
1174 4578 1339 4634 Deum
1364 4596 1474 4635 esse
1502 4591 1548 4636 et
1580 4582 1674 4636 Dei
1698 4582 1925 4651 Filium,
2036 4594 2097 4641 ε’.
2137 4589 2268 4641 Ὅτι
2297 4585 2562 4655 ἀρνεῖται
2594 4585 2659 4638 τὸ
2691 4587 2742 4639 τί

2137 4589 2268 4641 ’Ὅτι
2297 4585 2562 4655 ἀρνεῖται
2594 4585 2659 4638 τὸ
2691 4586 2798 4639 τὸν
2825 4585 3085 4655 Χριστὸν
3124 4582 3284 4640 εἶναι
3321 4587 3463 4640 Θεὸν
3500 4576 3581 4634 καὶ

433 4668 579 4725 illius
608 4669 766 4722 etiam
797 4668 1237 4725 incarnationem.
1278 4672 1537 4726 Eumdem
1572 4690 1692 4728 vero
1729 4676 1927 4731 nudum
2109 4679 2259 4733 Θεοῦ
2296 4678 2454 4742 Υίὸν,
2506 4678 2669 4733 ἀλλὰ
2704 4696 2737 4731 κ

2109 4679 2259 4733 Θεοῦ
2296 4678 2454 4742 Υίὸν,
2506 4678 2669 4733 ἀλλὰ
2704 4680 2803 4733 καὶ
2835 4678 2949 4747 τὴν
2998 4680 3221 4732 τούτου
3278 4678 3582 4744 σάρκ;σ)σιν.

437 4759 823 4824 tantummodo,
857 4768 914 4813 ut
956 4759 1251 4827 Nestorius,
1280 4763 1539 4817 hominem
1568 4776 1752 4831 vocat;
1801 4783 1931 4821 san-
2114 4768 2306 4823 Ψιλὸν
2332 4768 2400 4821 δὲ
2427 4768 2742 4837 μόνονᾶνι

2114 4768 2306 4823 Ψιλὸν
2332 4768 2400 4821 δὲ
2427 4768 2973 4840 μόνονᾶνθρωπον
3010 4769 3178 4839 λέγει
3219 4769 3432 4822 τοῦτον
3456 4763 3587 4818 κατὰ

433 4862 576 4908 ctum
601 4868 745 4921 vero,
773 4862 821 4906 et
850 4853 1050 4907 cunctis
1080 4853 1373 4908 hominibus
1400 4855 1843 4911 excellentiorem.
1885 4906 1893 4921 ,
2104 4858 2452 4925 Νεστόριον,
2491 4857 2662 4921 ἅγιον
2690 4856 2742 4910 δι

2108 4858 2452 4925 Νεστόριον,
2491 4857 2662 4921 ἅγιον
2690 4856 2759 4910 δὲ
2788 4856 2887 4913 καὶ
2929 4857 3081 4925 ὑπὲρ
3119 4858 3357 4921 πάντας
3383 4850 3584 4921 arma.

1264 4966 1267 4967 '
2106 4966 2277 5015 πους.

361 5033 417 5089 6.
452 5031 571 5088 Non
611 5031 902 5098 Christum,
938 5030 1028 5086 sed
1069 5031 1239 5085 alium
1281 5030 1395 5087 loco
1436 5031 1577 5088 illius
1618 5036 1928 5103 cruciﬁxum
2038 5039 2114 5106 ς’.
2144 5043 2271 5095 Ὀτι
2299 5041 2385 5111 μὴ
2410 5041 2742 5110 ἐσταυρῶσί

2108 5081 2114 5096 .
2144 5043 2271 5095 Ὀτι
2299 5041 2385 5111 μὴ
2410 5041 2825 5110 ἐσταυρῶσθαι
2866 5040 2973 5096 τὸν
3010 5042 3295 5111 Χριστὸν,
3323 5040 3454 5098 ἀλλ’
3476 5037 3585 5090 ἑτε-

430 5140 558 5180 esse.
686 5120 689 5121 ν
2064 5180 2067 5185 ,
2098 5150 2215 5202 ρον
2244 5133 2370 5187 ἀντ’
2399 5134 2661 5188 ἐκείνου.

2108 5150 2215 5201 ρον
2244 5133 2370 5187 ἀντ’
2399 5134 2661 5188 ἐκείνου.

363 5219 417 5275 7.
459 5216 613 5283 Quod
643 5215 791 5270 Deus
817 5213 1085 5271 Christum
1137 5218 1207 5272 ad
1247 5233 1302 5272 se
1351 5219 1406 5272 in
1453 5219 1608 5274 caelos
1647 5221 1927 5287 vocaverit,
2036 5224 2104 5289 ζ’.
2141 5226 2270 5279 Ὀτι
2300 5227 2331 5278 ό
2361 5224 2505 5290 Θεὸς
2532 5226 2640 5277 τὸν
2662 5227 2740 5292 Χρ

2141 5226 2270 5279 Ὀτι
2300 5227 2331 5278 ὸ
2361 5224 2505 5290 Θεὸς
2532 5226 2640 5277 τὸν
2662 5225 2917 5292 Χριστὸν
2938 5224 3431 5293 προσεκαλέσατο
3454 5218 3586 5286 πρὸς

432 5307 568 5360 hunc
592 5313 770 5360 autem
811 5306 866 5360 in
892 5307 1004 5372 ﬁne
1026 5307 1206 5362 mundi
1238 5319 1514 5364 venturum
1547 5320 1749 5379 esse,,et
1782 5312 1933 5368 Antio
2105 5315 2322 5385 ἑαυτὸν
2369 5319 2453 5382 εἱς
2487 5315 2630 5388 τοὺς
2681 5318 2742 5370 οἱ

2108 5315 2322 5385 ἑαυτὸν
2369 5319 2453 5382 εἱς
2487 5315 2630 5388 τοὺς
2681 5318 3001 5385 οὐρανούς.
3050 5316 3195 5383 Περὶ
3244 5316 3313 5369 δὲ
3358 5313 3427 5369 τὰ
3457 5311 3585 5374 τέλη

433 5399 686 5452 christum
724 5397 1013 5453 occisurum
1037 5436 1051 5464 ,
1103 5414 1206 5468 quo
1248 5400 1387 5470 {aeto
1441 5412 1487 5455 et
1541 5406 1647 5473 ipse
1694 5402 1929 5459 Christus
2105 5407 2210 5463 τοῦ
2234 5408 2465 5475 κόσμου
2481 5407 2742 5476 μέλλειὲ

2108 5407 2210 5463 τοῦ
2234 5408 2465 5475 κόσμου
2481 5408 2693 5476 μέλλει
2721 5407 3082 5463 ἐλεύσεσθαι
3108 5407 3208 5462 καὶ
3236 5403 3587 5462 θανατώσειν

436 5489 721 5562 moriturus
760 5490 849 5545 sit.
2106 5498 2214 5553 τὸν
2258 5499 2412 5554 Ἀντί
2414 5516 2682 5566 χριστον,
2701 5518 2742 5569 μ

2108 5498 2214 5553 τὸν
2258 5499 2412 5554 Ἀντί
2414 5516 2682 5566 χριστον,
2701 5498 2852 5569 μετὰ
2867 5498 2935 5552 δὲ
2962 5499 3148 5554 ταῦτα
3177 5498 3275 5553 καὶ
3295 5498 3474 5553 αὐτὸν
3492 5491 3585 5547 τὸν

1148 5656 1149 5659 η
1762 5634 1765 5637 -
2062 5648 2067 5653 ,
2104 5589 2366 5659 Χριστὸν
2394 5590 2742 5648 ἀποθανεῖν.

361 5670 415 5726 8.
457 5671 783 5729 Christianos
811 5673 1100 5744 Deiparam
1129 5677 1384 5751 virginem
1418 5678 1470 5731 in
1496 5677 1626 5735 Deos
1666 5680 1929 5752 retulisse,
2036 5690 2108 5754 η’.
2128 5683 2258 5737 Ὅτι
2283 5683 2742 5751 ,θεοποιοῦνταιι

2128 5683 2258 5737 Ὅτι
2283 5683 2707 5751 ,θεοποιοῦνται
2730 5686 2782 5737 oi
2800 5681 3140 5752 Χριστιανοὶ
3159 5681 3276 5747 τὴν
3293 5677 3581 5737 Θεοτόκονο

432 5776 653 5832 unique
681 5777 915 5818 sororem
942 5781 1053 5820 esse
1076 5764 1238 5821 Hosis
1259 5780 1306 5823 et
1332 5770 1577 5826 Aaronis.
2109 5774 2207 5828 καὶ
2240 5773 2325 5827 ὅτι
2356 5774 2529 5830 ἐστίν
2548 5774 2742 5845 ἀδελφ

2109 5774 2207 5828 καὶ
2240 5773 2325 5827 ὅτι
2356 5774 2529 5830 ἐστίν
2548 5774 2783 5847 ἀδελφὴ
2819 5775 2926 5832 τοῦ
2941 5772 3203 5841 Μωσέως
3234 5772 3331 5828 καί
3364 5770 3582 5839 Ἀαρων.
