3928 6212
372 381 475 447 591

1554 380 1874 444 JOANNIS
1916 380 2447 443 CANTACUZENI
3468 386 3559 447 ειη

366 496 516 550 omni
565 478 795 551 scientia
836 496 1119 560 destituta,
1150 496 1511 565 ’ncquaquam
1542 512 1571 549 a
1602 510 1732 549 vero
1774 494 1927 548 aber-

2040 493 2160 545 ἐπεὶ
2188 495 2281 546 καί
2309 497 2335 547 ό
2362 495 2636 563 χείριστος
2675 496 2964 566 οὐκοέστιν
2997 494 3255 566 ἀμέτοχος
3295 496 3455 565 πάντη
3484 498 3566 548 τοό

364 586 586 643 raverit.
614 587 753 653 Quid
777 587 923 641 enim
952 587 1197 643 deterius
1229 597 1312 643 est
1342 588 1585 653 homine,
1608 587 1699 655 qui
1723 585 1927 639 ratione

2038 586 2275 653 ἀγαθοῦ·
2330 589 2376 638 εἰ
2425 588 2467 639 δ’
2501 584 2612 653 οὖν,
2651 591 2727 651 εἰς
2758 590 2817 642 τὸ
2845 588 3015 659 μηδὲν
3041 588 3309 656 ἐχώρησεν
3334 588 3413 640 ἀν.
3447 588 3567 639 ’1δοῦ

362 689 420 734 et
471 678 781 733 eruditione
832 678 1129 732 destitutus
1184 680 1300 733 est?
1353 680 1743 733 Verumtamen
1808 690 1932 730 cum

363 783 466 823 nec
518 767 789 837 pessimus
840 768 1093 836 quisque
1124 768 1274 822 omni
1317 770 1460 823 bono
1519 766 1573 820 in
1616 765 1932 819 universum

363 864 571 922 careat,
606 856 743 911 nihil
784 866 964 911 tamen
998 858 1102 911 hoc
1131 856 1420 926 profuerit.
1455 855 1537 910 En
1567 856 1711 911 enim
1746 853 1931 909 miseri

362 947 569 1001 Arabes
620 946 750 1001 dum
785 949 925 1003 bona
974 957 1245 1019 qumrunt,
1302 949 1357 1001 in
1412 947 1554 1001 mala
1594 945 1930 1008 inciderunt,

359 1046 413 1091 et
442 1038 582 1091 viam
616 1037 809 1092 salutis
852 1045 1173 1107 appetentes
1198 1038 1255 1091 in
1288 1036 1619 1106 profundum
1662 1033 1930 1105 perditio-

358 1126 444 1181 nis
473 1127 678 1195 delapsi
724 1136 869 1181 sunt.
904 1126 1177 1180 Mahomet
1227 1126 1375 1180 enim
1410 1126 1509 1179 hos
1547 1140 1614 1179 ex
1655 1124 1739 1176 via
1785 1121 1931 1175 veri-

360 1217 488 1271 tatis
545 1217 803 1272 seductos
858 1218 914 1271 in
955 1226 1168 1271 montes
1201 1216 1428 1271 abduxit
1472 1225 1528 1269 et
1581 1212 1928 1275 solitudines,

361 1306 621 1376 locosque
665 1322 805 1375 quos
844 1322 952 1361 non
988 1308 1214 1377 inspicit
1265 1307 1549 1369 Dominus,
1589 1313 1649 1359 ut
1680 1318 1790 1357 non
1824 1304 1928 1357 im-

362 1397 563 1452 merito
601 1412 762 1453 orare
793 1397 1137 1462 debuissent,
1173 1396 1406 1452 dicendo
1441 1414 1456 1450 :
1497 1414 1516 1447 ι
1562 1394 1790 1451 Custodi
1826 1408 1930 1448 nos

361 1505 390 1543 a
442 1490 638 1559 laqueo
681 1503 842 1557 quem
872 1498 1174 1558 posuerunt
1202 1488 1380 1548 nobis,
1405 1494 1458 1542 et
1488 1488 1555 1542 ab
1584 1485 1931 1541 oﬂ‘endiculis

360 1582 704 1650 aperantium
736 1580 1104 1650 iniquitatem.
1140 1580 1425 1636 Constitue
1449 1579 1678 1633 Domine
1717 1577 1931 1648 legisla-

365 1684 535 1727 tnrem
568 1688 734 1743 super
762 1688 885 1729 nos.
921 1691 940 1724 ι
972 1674 1091 1728 Non
1122 1682 1301 1727 tamen
1344 1679 1629 1742 propterea
1672 1684 1771 1738 pro
1838 1669 1929 1740 ju-

367 1765 472 1819 stis
504 1763 872 1829 habebuntur,
921 1773 983 1818 ut
1025 1764 1118 1834 qui
1169 1762 1398 1818 fortasse
1431 1763 1525 1817 Dei
1566 1761 1927 1827 voluntatem,

2038 680 2131 730 καὶ
2161 680 2211 730 οί
2256 679 2485 743 τάλανες
2522 681 2761 751 ’Δραόες
2813 681 2998 749 ἀγαθά
3054 679 3356 749 ζητοῦντες,
3401 682 3569 741 κακοῖς

2034 768 2311 837 ἐνέτυχον,
2342 770 2436 822 καὶ
2458 769 2580 822 ὁδὸν
2604 771 2879 840 σωτηρίας
2902 770 3202 835 αἰτοῦντες,
3226 769 3303 830 εἰς
3324 768 3569 837 βάραθρον

2034 860 2313 924 ἀπωλείας
2343 860 2623 915 ἐνέπεσον.
2660 863 2720 915 ’0
2750 862 2859 929 γὰρ
2891 860 3129 929 Μωάμεθ
3160 861 3336 914 οὑτοσὶ
3384 862 3441 913 ἐκ
3484 862 3571 929 τῆς

2033 949 2153 1003 ὁδοῦ
2203 951 2303 1020 τῆς
2344 950 2606 1023 ἀληθείας
2638 950 2865 1012 τούτους
2908 949 3214 1019 πλανήσας,
3256 950 3333 1011 εἰς
3370 948 3463 1019 ὄρη
3492 950 3573 1001 καὶ

2033 1040 2269 1109 ἐρημίας
2298 1042 2584 1110 εἰσήγαγε,
2634 1042 2730 1093 καὶ
2779 1040 2981 1100 τόπους
3012 1038 3106 1101 οὓς
3163 1038 3261 1090 ούκ
3312 1039 3574 1090 ἐπισκοπεῖ

2032 1131 2236 1202 Κύριος
2264 1148 2277 1163 ·
2309 1132 2404 1186 καὶ
2437 1132 2660 1195 δικαίως
2681 1132 2915 1202 ηὔξαντο
2938 1133 3003 1186 ἂν
3029 1130 3295 1193 εἰπόντες,
3323 1149 3341 1180 ι
3363 1129 3573 1192 Φύλαξον

2032 1225 2200 1293 ἡμᾶς.
2234 1224 2404 1295 Κύριε
2434 1265 2450 1291 ,
2478 1227 2586 1279 ἀπὸ
2622 1226 2873 1295 παγίδος,
2900 1220 2966 1296 ἧς
3018 1224 3410 1293 συνεστήσαντο
3441 1222 3572 1292 ήμίν,

2033 1317 2129 1369 καὶ
2167 1317 2274 1369 ἀπο
2301 1317 2617 1370 σκανδάλων
2643 1316 2751 1369 τῶν
2791 1315 3180 1386 ἐργαζομένων
3222 1314 3319 1382 τὴν
3347 1311 3574 1374 ἀνομίαν.

2032 1406 2409 1474 Κατάστησον,
2439 1408 2611 1475 Κύριε
2638 1448 2653 1472 ,
2680 1407 2977 1477 νομοθέτην
3013 1406 3099 1474 ἐφ’
3130 1406 3294 1475 ἡμᾶς.
3329 1422 3347 1455 ι
3378 1401 3575 1455 Ἀλλόὑ

2032 1498 2183 1566 παρά
2217 1497 2376 1551 τοῦτο
2403 1498 2759 1562 δικαιοῦνται,
2794 1499 2872 1561 ὡς
2914 1498 2989 1567 μὴ
3018 1498 3220 1558 ειδότες
3253 1496 3385 1565 τάχα
3421 1490 3575 1547 τὸτοῦ

2030 1589 2165 1641 Θεοῦ
2197 1588 2430 1660 θέλημα,
2450 1590 2509 1643 τὸ
2537 1590 2744 1643 δίκαιον
2766 1630 2782 1658 ,
2814 1590 2909 1643 καὶ
2940 1590 3117 1655 ἀγιον,
3156 1587 3245 1640 καὶ
3290 1585 3575 1655 εὐάρεστον.

2031 1683 2124 1745 Εἰς
2146 1683 2327 1737 πᾶσαν
2351 1686 2445 1738 καὶ
2474 1682 2577 1754 γὰρ
2602 1683 2701 1753 τήν
2731 1683 2833 1751 γῆν
2866 1679 3091 1749 ἐξῆλθεν
3113 1681 3139 1731 ὁ
3166 1680 3273 1732 τῶν
3293 1676 3578 1731 ἀποστόλων

2032 1770 2292 1839 φθόγγος,
2340 1770 2435 1823 καὶ
2465 1772 2547 1829 εἰς
2587 1772 2772 1824 πᾶσαν
2804 1769 2903 1840 τήν
2938 1769 3272 1837 οἰκουμένην
3321 1764 3578 1834 ἐκηρύχθη

353 1858 583 1926 justum,
635 1865 907 1920 sanctum,
950 1856 1171 1924 Deoque
1221 1854 1486 1924 placitum
1530 1853 1927 1922 ignoraverint.

2033 1828 2094 1909 τὸ
2149 1828 2511 1925 ’έύαγγέλιοη
2532 1828 2836 1919 ῨΊουδαίοις
2860 1828 2872 1840 ’
2892 1872 2954 1908 τε
2985 1856 3083 1907 καὶ
3105 1828 3241 1917 ’τοῖς
3275 1828 3471 1905 ἔθνεσιν

356 1947 415 2001 in
478 1949 794 2003 universam
850 1948 999 2002 enim
1059 1956 1263 2001 terram
1319 1946 1493 2001 exivit
1551 1944 1927 2016 apostolorum

2037 1947 2340 2019 μαρτύριον
2374 1949 2579 2012 αὐτοῖς.
2615 1947 2776 2001 Ποῖόν
2808 1949 2926 2000 ἐστι
2958 1947 3019 2001 τὸ
3051 1946 3163 2000 τῶν
3196 1944 3362 1999 ἐθνῶν
3394 1940 3581 2013 μαρτύ-

354 2053 546 2105 sonus,
575 2048 632 2093 et
662 2038 1016 2107 Evangelium
1047 2038 1100 2092 in
1130 2046 1304 2092 totum
1334 2038 1521 2092 orbem
1542 2035 1927 2090 annuntiatum

2035 2057 2183 2112 ριον;
2218 2040 2358 2094 Αὐτὸ
2392 2041 2451 2093 τὸ
2484 2040 2839 2109 Εὐαγγέλιον,
2870 2037 3000 2092 αὐτὸ
3045 2038 3107 2092 τὸ
3144 2040 3425 2107 κήρυγμα,
3459 2031 3581 2101 αὐτὴ

352 2138 438 2183 est
484 2138 542 2183 et
568 2129 775 2185 Iudaeis
826 2138 883 2185 et
914 2129 1189 2200 gentibus,
1238 2129 1296 2184 in
1352 2126 1728 2183 testimonium
1776 2125 1926 2196 ipsis.

2033 2134 2065 2203 ή
2096 2132 2415 2185 διδασκαλία
2444 2133 2556 2186 τῶν
2588 2131 2772 2201 σοφῶν
2812 2130 3156 2193 ἀποστόλων,
3185 2127 3292 2181 τῶν
3334 2124 3583 2196 κηρυξάν-

352 2218 523 2285 Quale
560 2235 690 2275 vero
738 2220 983 2291 gentium
1015 2218 1433 2275 testimonium?
1464 2218 1646 2288 Ipsum
1688 2217 1927 2287 Evange-

2033 2238 2138 2276 των
2178 2222 2237 2274 τὸ
2275 2220 2609 2289 Εὑαγγέλιον
2640 2222 2697 2275 ἐν
2732 2222 2885 2293 πάσῃ
2935 2222 3002 2290 τῇ
3038 2219 3237 2273 κτίσει.
3280 2216 3392 2283 ’Δφ’
3437 2211 3499 2286 ἧς
3539 2210 3583 2264 οἰ

352 2309 512 2375 lium,
570 2310 685 2380 ipsa
740 2310 1082 2381 praedicatio,
1135 2311 1252 2381 ipsa
1308 2308 1562 2364 doctrina
1620 2308 1927 2378 sapientum

354 2401 755 2471 apostolorum,
780 2400 875 2472 qui
905 2400 1261 2471 Evangelium
1292 2398 1925 2454 annuntiaveruntomni

354 2502 641 2559 creaturae,
675 2508 707 2547 e
754 2493 955 2562 quibus
1012 2492 1103 2548 alii
1150 2491 1373 2562 quidem
1420 2490 1653 2546 veritate
1710 2490 1926 2560 cognita

354 2581 723 2635 adoraverunt
773 2582 1174 2651 coiueruntque
1226 2580 1404 2635 solum
1464 2582 1635 2635 Deum
1694 2596 1925 2644 verum;

354 2670 449 2724 alii
470 2685 605 2724 vero
628 2671 693 2725 ad
722 2685 785 2725 ea
822 2686 944 2740 quae
979 2669 1331 2736 dicebantur,
1364 2686 1473 2724 non
1512 2670 1705 2725 intenti
1732 2682 1923 2735 erant;

354 2762 447 2817 alii
483 2776 701 2815 rursum
744 2761 812 2815 ad
860 2768 1074 2829 tempus
1102 2758 1310 2824 fideles,
1348 2769 1537 2829 postea
1577 2760 1631 2813 in
1664 2759 1927 2828 perditio-

354 2856 440 2911 nis
467 2853 787 2909 barathrum
809 2852 1015 2907 reversi
1051 2859 1204 2915 sunt,
1244 2860 1298 2905 et
1336 2850 1587 2920 quamvis
1625 2850 1925 2904 idololatra:

351 2960 463 3002 non
496 2945 721 3009 fuerint,
764 2952 823 2997 ut
853 2942 1029 3013 prius,
1055 2942 1111 2997 in
1144 2941 1294 2997 aliud
1344 2952 1522 2998 tamen
1564 2941 1923 3011 praecipitium

355 3054 384 3092 a
420 3038 588 3108 priori
644 3036 785 3093 nihil
846 3034 1109 3090 diﬁerens
1172 3034 1507 3090 inciderunt.
1574 3033 1673 3087 llic
1741 3033 1926 3102 itaque

355 3132 593 3201 primum
642 3138 921 3200 parentem
965 3144 1123 3184 suum
1156 3129 1431 3183 diabolum
1481 3128 1691 3183 scilicet
1740 3127 1924 3181 imita-

2035 2312 2134 2380 μὲν
2171 2313 2393 2379 γνόντες
2422 2310 2516 2380 τὴν
2546 2311 2809 2380 ἀλήθειαν
2842 2309 3266 2381 προσεκύνησαν
3295 2308 3386 2360 καὶ
3410 2303 3582 2359 ἐσεϐά-

2034 2398 2240 2470 σθησαν
2271 2400 2363 2452 τὸν
2400 2400 2559 2469 μόνον
2611 2394 2787 2469 ἀληθῆ
2820 2399 2976 2464 Θεὸν,
3002 2400 3051 2453 οἰ
3082 2399 3140 2453 δέ
3193 2397 3348 2451 οὐδὲν
3396 2395 3583 2466 προσή-

2030 2507 2196 2543 καντο
2221 2491 2332 2545 τῶν
2365 2486 2696 2561 λεγομένων,
2735 2493 2785 2544 οἰ
2812 2491 2869 2544 δέ
2903 2490 3041 2562 πρὸς
3073 2492 3256 2559 ὀλίγον
3284 2489 3583 2543 πιστεύσανο

2029 2600 2140 2648 τες,
2160 2585 2319 2639 πάλιν
2350 2584 2842 2654 ἐπανεστράφησαν
2870 2586 2950 2648 εἰς
2975 2585 3037 2637 τδ
3070 2585 3173 2654 τῆς
3199 2584 3463 2641 ἀπωλείας
3496 2581 3583 2652 βά·

2032 2674 2253 2745 ραθρον.
2298 2676 2405 2730 Καὶ
2427 2676 2511 2728 ὅτι
2557 2675 2656 2744 μέν
2687 2675 3079 2746 εἰδωλολάτραι
3108 2676 3212 2729 οὐκ
3238 2676 3477 2745 ἐγένοντο
3516 2672 3582 2735 ὥς

2029 2764 2091 2817 τὸ
2122 2766 2272 2835 πρὶν,
2303 2765 2631 2834 περιέπεσον
2663 2764 2718 2817 δέ
2753 2766 2925 2835 ἐτέρῳ
2968 2765 3227 2836 κρημνῷ,
3259 2764 3351 2817 τοῦ
3381 2761 3577 2832 πρώτου

2032 2852 2201 2921 μηδὲν
2228 2851 2564 2922 διαφέροντι,
2593 2845 2747 2914 οὗτος
2773 2852 2864 2905 τὸν
2893 2852 3026 2905 ῐδιον
3063 2853 3279 2921 πατέρα
3312 2851 3401 2906 τὸν
3420 2848 3580 2902 διάδο-

2026 2941 2119 2993 λον
2161 2939 2565 3010 μιμησάμενος,
2622 2939 2682 3003 ὃς
2744 2938 2927 2992 πεσὼν
2961 2939 3038 3001 ὡς
3091 2940 3349 3009 ἀστραπὴ
3398 2940 3458 2990 ἐκ
3498 2934 3581 2988 τοῦ

2026 3034 2255 3103 ούρανοῦ
2289 3033 2426 3101 μετά
2452 3033 2513 3085 τὸ
2542 3032 2915 3104 ἀπορῤιφῆναι
2942 3031 3038 3084 τοῦ
3104 3032 3235 3085 ίδίου
3279 3045 3581 3097 κατοικητηο

2034 3124 2177 3196 ρίου,
2204 3125 2304 3177 οὐκ
2337 3126 2401 3194 ἐᾷ
2428 3141 2533 3176 τινι
2577 3124 2684 3177 τῶν
2740 3122 3047 3193 ἀνθρώπων
3091 3124 3422 3194 ἀπειράστῳ,
3459 3118 3581 3174 ἀλλά

357 3232 464 3285 tus,
492 3220 587 3291 qui
616 3235 716 3275 ceu
746 3221 927 3289 fulgur
954 3220 1096 3275 cmlo
1122 3219 1399 3289 delapsus,
1430 3228 1715 3290 postquam
1749 3233 1778 3272 a
1803 3232 1927 3287 pro-

2034 3217 2241 3280 πάντας
2270 3214 2747 3284 συγκληρονόμους
2797 3212 2962 3266 αὑτοῦ
2987 3212 3090 3282 τῆς
3117 3213 3212 3266 τοῦ
3244 3212 3409 3281 πυρὸς
3446 3209 3582 3276 γεέν-

357 3316 473 3384 pria
534 3315 696 3370 domo
750 3314 997 3386 dejectus
1057 3322 1161 3377 est,
1210 3314 1422 3368 nullum
1474 3313 1753 3367 hominem
1816 3327 1926 3366 non

355 3413 551 3471 tentat,
588 3417 777 3459 verum
808 3403 1103 3458 universos
1131 3403 1271 3473 ignis
1302 3401 1566 3473 gehennae
1594 3412 1649 3456 et
1676 3402 1928 3457 tenebra-

356 3513 477 3551 rum
507 3495 824 3551 cohazredes
853 3494 1034 3551 facere
1066 3504 1320 3559 conatur,
1347 3503 1403 3549 et
1443 3496 1764 3565 peregrinos
1794 3494 1925 3549 alic-

355 3602 567 3657 nosque
597 3588 765 3642 aDeo
816 3586 1090 3651 reddere;
1148 3586 1227 3642 sic
1271 3586 1386 3651 ille,
1438 3587 1682 3655 inquam,
1737 3585 1924 3641 infelix

358 3680 632 3734 Mahomet
671 3694 780 3733 non
809 3678 1019 3733 destitit
1046 3692 1243 3732 curare
1294 3676 1570 3747 quomodo
1603 3691 1797 3731 omnes
1826 3677 1927 3731 ho-

357 3771 590 3825 minesa
643 3768 739 3824 Dei
768 3768 978 3825 familia
1031 3767 1400 3822 abstraheret.
1459 3768 1692 3822 Etcum
1747 3768 1927 3822 omnis

356 3856 521 3910 homo
549 3854 873 3909 delictorum
910 3869 1135 3909 suorum
1173 3855 1440 3909 rationem
1486 3855 1806 3910 redditurus
1856 3857 1926 3910 sit

360 3946 414 4000 in
445 3947 533 4001 die
565 3946 779 4016 iudicii,
812 3960 977 4015 quam
1034 3946 1265 4001 obsecro
1313 3946 1616 4015 apologiam
1675 3946 1926 4002 instituet

357 4037 558 4092 stultus
584 4036 875 4101 Mahomet,
907 4035 1002 4105 qui
1050 4043 1253 4090 tantam
1300 4036 1584 4091 hominum
1621 4039 1927 4092 multitudi-

356 4144 482 4184 nem
510 4144 542 4181 a
577 4129 690 4183 Deo
722 4127 1093 4181 abalienavit?
1130 4128 1278 4184 Licet
1311 4131 1459 4183 enim
1497 4144 1660 4184 nemo
1694 4145 1723 4185 e
1759 4146 1924 4184 manu

359 4220 454 4275 Dei
485 4218 699 4288 eripere
734 4218 906 4288 possit
931 4232 1079 4285 eum,
1109 4222 1201 4290 qui
1252 4221 1427 4276 salute
1471 4222 1669 4292 dignus
1695 4231 1801 4290 est,
1836 4223 1926 4277 hic

360 4321 540 4364 tamen
570 4307 664 4362 Dei
694 4307 949 4365 inimicus
974 4318 1221 4379 apparet,
1252 4316 1607 4381 quantumvis
1632 4312 1811 4382 reipsa
1842 4313 1925 4367 in-

361 4400 552 4455 firmus
600 4399 690 4453 sit.

430 4580 481 4630 l.
520 4576 619 4631 Hic
650 4575 841 4632 morbo
885 4576 1091 4633 caduco
1131 4579 1412 4644 laborans,
1449 4582 1628 4637 morbi
1682 4594 1926 4655 tempore

2036 3324 2132 3377 νης
2161 3306 2256 3360 καὶ
2290 3305 2385 3358 τοῦ
2418 3304 2649 3365 σκότους
2691 3302 2913 3355 σπεύδει
2962 3306 3239 3374 ποιήσειν,
3278 3303 3371 3355 καὶ
3420 3299 3581 3364 ξένους

2035 3400 2130 3455 καὶ
2156 3397 2472 3468 ἀλλοτρίους
2500 3398 2593 3447 τοῦ
2632 3395 2770 3448 Θεοῦ
2819 3394 3269 3465 ἀπεργάσασθαι.
3303 3394 3409 3446 Καὶ
3437 3393 3463 3444 ὁ
3484 3388 3580 3442 δεί-

2032 3494 2179 3557 λαιος
2224 3492 2405 3545 τοίνυν
2442 3484 2596 3553 οὗτος
2625 3490 2653 3542 ὁ
2680 3489 2925 3559 Μωάμεθ
2975 3490 3102 3542 ὅσον
3166 3488 3225 3541 τὸ
3289 3486 3407 3540 κατ’
3437 3484 3581 3537 αὐτὸν

2033 3586 2131 3639 οὐκ
2185 3584 2429 3654 ἠμέλησε
2457 3580 2552 3634 τοῦ
2604 3582 2783 3634 πάντα
2832 3580 3127 3652 ἄνθρωπον
3168 3578 3467 3646 ἀποστῆσαι
3494 3575 3581 3640 τῆς

2033 3677 2126 3728 τοῦ
2159 3674 2294 3727 Θεοῦ
2324 3671 2671 3733 οἰκειώσεως.
2707 3671 2814 3724 Καὶ
2870 3671 2952 3723 ὅτι
3000 3670 3107 3739 μὲν
3159 3671 3269 3732 πᾶς
3322 3667 3582 3737 ἄνθρωπος

2034 3766 2191 3833 λόγον
2232 3764 2417 3832 ὑφέξει
2446 3762 2589 3833 ὑπὲρ
2613 3762 2721 3814 τῶν
2754 3762 2898 3814 ἰδίων
2924 3760 3416 3832 πλημμελημάτων
3438 3759 3491 3809 ἐν
3516 3755 3581 3823 τῷ

2034 3858 2212 3928 καιρῷ
2264 3858 2361 3924 τῆς
2392 3858 2649 3919 ἐτάσεως,
2684 3857 2849 3908 παντί
2891 3871 2993 3907 που
3033 3856 3220 3924 δῆλον.
3273 3855 3335 3908 '0
3362 3854 3414 3905 δὲ
3438 3850 3583 3905 Μωά·

2037 3952 2136 4021 μεθ
2175 3954 2201 4002 ὁ
2233 3950 2519 4009 τοσούτους
2549 3948 2642 3999 καὶ
2670 3946 2943 4009 τοιούτους
2965 3948 3272 4017 πλανήσας.
3306 3946 3395 3999 καὶ
3418 3944 3580 4008 ξένους

2034 4043 2129 4094 καὶ
2170 4040 2481 4107 ἀλλοτρίους
2518 4038 2654 4090 Θεοῦ
2686 4038 3028 4107 πεποιηκὼς,
3062 4040 3221 4099 ποίας
3260 4040 3325 4091 ἂν
3365 4036 3581 4098 τεύξοιτο

2034 4128 2329 4195 ἀπολογίας
2366 4126 2394 4176 ὁ
2431 4127 2657 4191 μάταιος
2683 4141 2697 4189 ;
2733 4126 2858 4179 Ὀτι
2883 4125 2940 4177 δὲ
2978 4125 3158 4188 οὐδεὶς
3180 4126 3399 4178 δύναται
3424 4121 3579 4192 ἀρπάο

2036 4238 2126 4274 σαι
2185 4222 2248 4271 ἐκ
2287 4221 2385 4286 τῆς
2442 4219 2622 4287 χειρὸς
2657 4218 2750 4271 τοῦ
2801 4217 2939 4270 Θεοῦ
2978 4218 3072 4271 τὸν
3105 4219 3255 4282 ἀξιον
3311 4215 3576 4284 σωτηρίας,

2035 4310 2314 4365 καὶτοῦτο
2343 4313 2453 4371 τοῖς
2523 4311 2657 4362 πᾶσι
2726 4310 2996 4379 φανερόν’
3047 4311 3169 4363 ἀλλ’
3231 4312 3374 4377 ὅμως
3414 4305 3579 4375 ἐχθρὸς

2034 4405 2125 4457 τοῦ
2154 4403 2289 4457 Θεοῦ
2328 4405 2706 4472 ἀναφαίνεται,
2756 4406 2802 4455 εἰ
2837 4403 2930 4456 καὶ
2955 4402 3189 4474 ἀσθενὴς
3232 4405 3395 4465 ὅντως
3424 4399 3578 4466 ὑπάρ-

2034 4485 2093 4567 χέ
2102 4516 2115 4547 ι
2125 4537 2139 4551 .

2110 4588 2179 4646 α’.
2230 4583 2399 4650 Οὗτος
2447 4588 2731 4641 ἀσθένειαν
2789 4586 3084 4655 ἐπιληψίας
3142 4587 3333 4651 νοσῶν,
3367 4589 3424 4654 τῇ
3476 4583 3571 4652 ὥρᾳ

359 4668 489 4723 hinc
528 4666 653 4721 inde
682 4664 1003 4721 volvebatur
1035 4682 1314 4736 spumans.
1341 4669 1484 4734 Quid
1515 4685 1645 4740 ergo
1674 4672 1924 4742 impieta-

2033 4682 2121 4733 τοῦ
2155 4678 2362 4740 πάθους
2410 4677 2656 4730 ἐκυλίετο
2703 4677 2974 4748 ἀφρίζων.
3016 4677 3082 4728 Τί
3132 4678 3263 4744 γοῦν
3295 4676 3573 4746 μηχανᾶται

360 4762 431 4816 tis
492 4762 743 4815 inventor
789 4758 1264 4814 comminiscitur?
1328 4760 1559 4818 Simulat
1618 4779 1677 4819 se
1732 4782 1839 4820 non
1900 4783 1930 4822 a

361 4854 573 4931 morbo,
602 4852 697 4907 sed
726 4866 755 4906 a
790 4852 898 4906 Deo
938 4852 1195 4910 detineri.
1226 4853 1453 4909 Dicebat
1485 4856 1633 4910 enim
1666 4872 1744 4922 se,
1780 4861 1927 4928 quod

358 4944 672 5014 archangeli
721 4943 991 4999 Gabrielis
1039 4955 1395 5017 conspectum
1449 4947 1595 5003 ferre
1650 4951 1929 5019 nequiret,

358 5051 457 5092 ceu
494 5045 771 5090 mortuum
801 5035 1035 5102 collabi;
1056 5046 1180 5105 post
1210 5037 1476 5093 visionem
1508 5055 1639 5095 vero
1663 5041 1929 5110 divinam,

357 5127 784 5195 divinorumque
817 5130 1131 5198 dogmatum
1184 5130 1555 5199 cognitionem
1588 5135 1655 5187 ad
1691 5149 1814 5189 sese
1846 5151 1931 5190 re-

358 5220 512 5283 dire;
561 5220 895 5274 destinatum
941 5219 1150 5275 scilicet
1199 5235 1257 5275 se
1288 5236 1318 5274 a
1352 5221 1463 5276 Deo
1486 5237 1628 5290 esse,
1678 5235 1735 5278 ut
1784 5240 1930 5294 quar-

358 5328 575 5383 cunque
625 5313 837 5367 videret
882 5324 940 5367 et
972 5312 1189 5367 audiret
1232 5322 1289 5368 et
1332 5330 1361 5367 a
1418 5315 1527 5369 Deo
1574 5317 1835 5385 disceret,
1870 5321 1924 5375 in

358 5405 600 5461 universi
629 5404 819 5459 mundi
848 5404 1136 5459 utilitatem
1180 5405 1575 5462 manifestaret.
1631 5411 1696 5462 Et
1751 5413 1926 5479 primo

356 5498 580 5568 quidem
609 5496 961 5567 semetipsum
1003 5497 1325 5567 prophetam
1365 5502 1677 5569 appellavit,
1724 5514 1780 5557 et
1830 5506 1923 5559 Dei

363 5587 692 5655 apostolum.
1544 5604 1545 5611 η

412 5769 490 5829 ,2.
530 5767 735 5823 Deinde
791 5766 992 5823 librum
1031 5768 1339 5825 divinorum
1399 5772 1709 5841 dogmatum
1765 5775 1933 5831 colle-

2033 4773 2061 4825 ό
2107 4772 2205 4840 τῆς
2254 4770 2453 4832 κακίας
2506 4770 2842 4839 ἐφευρετής;
2896 4769 3289 4839 Ὑποκρίνεται
3340 4768 3409 4837 μή
3454 4762 3576 4818 εἶναι

2032 4863 2351 4933 ἐπίληπτος,
2413 4860 2549 4913 άλλά
2612 4861 2814 4929 μᾶλλον
2879 4862 3204 4929 θεόληπτος.
3268 4861 3355 4929 Μή
3416 4858 3575 4925 φέρων

2034 4953 2143 5021 γὰρ
2195 4951 2349 5018 ἐλεγε
2401 4952 2500 5021 τὴν
2558 4950 2652 5002 τοῦ
2702 4950 2943 5021 Γαϐριὴλ
2990 4951 3339 5020 ἀρχαγγέλου
3370 4944 3577 5014 θεωρίαν

2034 5037 2190 5105 οὗτος
2234 5043 2455 5097 πίπτειν
2511 5042 2643 5095 ὡσεὶ
2706 5043 2901 5113 νεκρός
2932 5058 2946 5073 ·
2998 5046 3139 5106 μετά
3191 5041 3247 5093 δὲ
3308 5040 3400 5110 τήν
3447 5036 3575 5088 θείαν

2034 5134 2301 5189 ὀπτασίαν
2358 5136 2453 5187 καὶ
2500 5134 2808 5203 κατάληψιν
2860 5134 2968 5185 τῶν
3011 5134 3105 5186 τοῦ
3157 5132 3291 5186 Θεοῦ
3336 5124 3575 5196 διδαγμά-

2038 5243 2181 5290 των,
2240 5226 2402 5280 πάλιν
2458 5226 2537 5288 εἰς
2590 5225 2781 5279 ἑαυτὸν
2843 5226 3265 5295 ἐπανέρχεσθαι.
3337 5215 3577 5291 Ὀριοθείς

2034 5320 2235 5383 τοίνυν,
2281 5317 2356 5381 ὥς
2418 5336 2574 5389 φησι,
2634 5319 2786 5389 παρά
2834 5318 2991 5383 Θεοῦ,
3052 5319 3142 5371 ἵνα
3201 5318 3299 5369 ὅσα
3353 5332 3407 5365 τε
3462 5304 3573 5368 εἰδε,

2036 5411 2130 5463 καὶ
2184 5411 2285 5464 ὅσα
2340 5412 2571 5480 ἀκήκοε,
2622 5412 2718 5463 καὶ
2772 5411 2869 5463 ὅσα
2923 5411 3072 5480 παρά
3134 5407 3269 5462 Θεοῦ
3328 5401 3570 5472 ἐδιδάχθη.

2033 5503 2168 5573 δῆλα
2206 5504 2409 5575 ποιήσῃ
2467 5507 2542 5568 εἰς
2604 5504 2870 5573 ὠφέλειαν
2935 5504 3027 5556 τοῦ
3107 5502 3312 5571 κόσμου
3379 5494 3572 5552 παντὸς.

2046 5597 2255 5665 πρῶτον
2296 5598 2398 5666 μὲν
2444 5599 2699 5651 ἐκάλεσεν
2753 5598 2943 5650 ἐαυτὸν
2992 5596 3297 5665 προφήτην,
3333 5590 3418 5643 καὶ
3458 5581 3572 5638 Θεοῦ

2038 5687 2355 5741 ἀπόστολον.
3506 5684 3513 5689 ’

2115 5774 2180 5848 β’.
2237 5780 2468 5833 Ἔπειτα
2524 5781 2900 5851 συνεγρὰψατο
2961 5777 3164 5850 βιϐλίον
3192 5818 3204 5842 ,
3241 5775 3388 5827 θείων
3428 5764 3572 5839 atpos-
