3928 6212
158 374 272 448 695

1334 367 1654 431 JOANNIS
1693 368 2220 434 CANTACUZENI

3311 362 3416 430 596

158 485 426 556 Dominus
450 483 749 542 :Cornibus
771 479 890 544 istis
912 477 1204 536 ventilabis
1226 477 1460 551 Syriam,
1483 495 1516 534 ο
1543 494 1638 534 rex
1660 478 1731 532 ³.»

1852 481 1936 534 τοῦ
1978 481 2244 550 βασιλέως
2285 479 2392 532 τῶν
2437 475 2708 539 Ἰουδαίων
2763 473 2992 547 Ἀχαάϐ,
3040 473 3293 528 ἀπελθών
3328 491 3417 538 τις

163 578 265 634 llic
319 587 503 634 autem
551 576 696 642 illius
747 572 932 630 verbis
991 587 1304 644 persuasus,
1355 586 1481 630 cum
1535 573 1737 644 populo

163 684 440 741 egressus,
488 664 768 737 propriam
803 677 1024 738 quoque
1068 663 1234 724 vitam
1266 663 1525 733 perdidit.
1573 662 1640 718 Et
1683 663 1737 717 hi

164 758 388 827 quidem
425 754 789 824 permissione
819 751 1033 821 singula
1055 751 1173 810 haec
1203 753 1502 820 faciebant,
1529 762 1586 809 et
1618 753 1740 808 inii-

162 843 374 926 delium.
393 845 636 900 vindicta
655 844 887 926 aliorum
909 851 1030 898 erat
1045 843 1368 900 admonitio.
1388 843 1739 915 Quaecunque

163 915 345 995 autem
372 953 547 993 vanus
579 915 849 1004 hic‘fecit,
888 936 1074 996 omnia
1103 938 1172 993 ad
1202 932 1493 994 interitum'
1520 944 1576 992 et
1618 951 1740 1007 per-

163 1031 426 1092 ditionem
474 1031 560 1086 sui
616 1031 884 1100 temporis
930 1031 1239 1102 hominum,
1296 1038 1352 1086 et
1391 1028 1738 1100 sequentium

171 1135 230 1181 se
259 1121 523 1182 instituit.
559 1121 790 1192 Scripsit
829 1137 959 1180 sane
999 1122 1274 1184 Mabamet
1316 1122 1543 1189 librum,
1575 1136 1737 1192 quem

166 1212 340 1288 legem
367 1214 462 1269 Dei
491 1201 856 1280 salutiferam,
900 1225 956 1270 et
994 1214 1309 1270 divinorum
1337 1223 1737 1286 praeceptorum

166 1306 546 1369 collectionem
602 1305 928 1374 nominavit,
984 1307 1152 1363 veluti
1195 1307 1250 1361 in
1301 1305 1740 1376 praecedentibus

168 1397 376 1474 dictum
431 1407 534 1453 est.
590 1397 712 1462 Hic,
766 1399 1010 1472 inquam,
1077 1400 1396 1456 universum
1461 1397 1598 1468 legis
1643 1413 1741 1468 per

174 1491 357 1561 ipsum
391 1490 516 1545 lata:
547 1491 822 1560 negotium
856 1490 1032 1546 tribus
1056 1491 1234 1546 modis
1262 1489 1547 1555 stabilivit,
1579 1505 1739 1562 pmna

170 1597 370 1652 nempe
417 1590 474 1638 et
523 1581 828 1653 tyrannide,
884 1583 1173 1640 mendacio
1226 1593 1280 1646 et
1335 1583 1634 1655 impostura
1685 1592 1742 1638 et

168 1675 470 1745 hypocrisi,
521 1675 803 1745 voluptate
858 1676 1145 1746 permista,
1196 1675 1264 1731 de
1317 1676 1518 1748 quibus
1575 1675 1738 1730 etiam

170 1767 430 1837 superius
486 1768 539 1822 in
602 1776 792 1838 quarta
846 1768 1110 1840 Apologia
1159 1767 1421 1835 diximus,
1471 1777 1739 1839 quantum

171 1871 304 1916 tunc
330 1859 518 1928 licuit;
554 1876 746 1924 verum
778 1869 834 1915 et
859 1876 1006 1916 nunc
1034 1877 1140 1916 non
1173 1859 1381 1934 pigebit
1430 1860 1622 1915 eadem
1654 1859 1738 1915 di-

90 1963 98 1974 ‘
169 1967 318 2014 cere.
352 1967 474 2026 qua:
503 1953 648 2007 Deus
677 1952 763 2008 ori
784 1959 976 2009 nostro
1002 1951 1285 2007 indiderit.
1312 1951 1538 2022 Magnus
1566 1951 1656 2012 ille
1685 1957 1741 2006 et

169 2040 366 2096 beatus
411 2040 606 2107 Moses,
647 2052 708 2096 ut
741 2042 1015 2096 neminem
1065 2041 1220 2106 latet,
1268 2056 1298 2096 a
1350 2042 1463 2096 Deo
1509 2049 1571 2096 ut
1601 2040 1740 2095 ﬁlios

171 2131 340 2188 lsrael
392 2131 624 2204 Egypto
660 2133 942 2196 educeret,
998 2133 1198 2187 missus
1245 2141 1384 2198 erat,
1435 2119 1742 2192 instructus

173 2231 302 2279 ante
358 2225 661 2289 miraculis,
710 2225 882 2295 signis
927 2234 982 2280 et
1031 2225 1310 2297 prodigiis.
1368 2224 1500 2280 Post
1533 2223 1741 2280 exitum

168 2331 301 2371 vero
335 2315 582 2390 Egypti,
612 2325 669 2372 et
699 2317 846 2372 illam
883 2319 938 2372 in
968 2317 1190 2374 deserto
1225 2321 1739 2383 commorationem,

173 2409 286 2462 imo
308 2423 554 2473 errores,
586 2407 724 2462 nihil
758 2408 968 2462 minora
999 2409 1280 2480 prioribus
1315 2407 1433 2464 istis
1462 2408 1742 2468 miraculis

173 2511 273 2565 per
302 2499 466 2552 istum
519 2497 664 2552 Dens
692 2498 968 2563 exhibuit,
1011 2499 1106 2561 sed
1144 2499 1346 2568 majora
1382 2501 1555 2554 multo
1597 2497 1739 2551 haud

171 2583 358 2638 dubie.
396 2584 525 2638 Post
583 2595 787 2639 tantam
820 2586 985 2656 igitur
1035 2589 1426 2643 miraculorum
1482 2589 1740 2642 virtutem

172 2674 393 2728 locutus
431 2689 554 2728 cum
587 2675 681 2730 illo
711 2685 796 2731 est
826 2677 1109 2742 Dominus,
1139 2682 1273 2740 non‘,‘
1298 2678 1351 2732 in
1384 2680 1605 2749 angulo,
1649 2687 1744 2736 aut

173 2765 522 2829 abscondito,
571 2765 666 2821 sed
707 2781 891 2822 coram
945 2769 1072 2822 totis
1101 2769 1321 2833 castris,
1366 2783 1419 2824 et
1466 2771 1613 2824 omni
1646 2769 1744 2824 Ju-

174 2859 420 2911 dazorum
457 2857 810 2913 multitudine
845 2861 1032 2928 (opera
1063 2860 1209 2914 enim
1243 2861 1380 2916 lucis
1410 2862 1462 2915 in
1489 2862 1612 2916 luce
1645 2877 1744 2916 ex-

174 2946 483 3016 hibentur),
538 2956 593 3002 et
642 2958 769 3004 tunc
816 2965 912 3018 per
963 2952 1168 3005 Mosem
1213 2967 1431 3007 servum
1479 2953 1630 3007 illius
1660 2954 1745 3007 lex

179 3039 291 3093 lata
320 3049 422 3105 est,
453 3047 508 3092 et
539 3054 666 3095 sane
696 3040 1039 3106 conﬁrmata,
1073 3041 1338 3096 ratiﬁcata
1377 3053 1432 3098 et
1470 3046 1746 3099 constabi-

1839 572 1948 625 τῶν
1993 570 2494 642 ψευδοπροφητῶν,
2545 568 2721 639 δνομα
2773 566 2922 638 αύτῷ
2981 565 3261 632 Σεδεκίας,
3315 565 3418 619 καὶ

1839 665 2072 736 ποιήσας
2101 668 2313 737 κέρατα
2344 663 2566 734 σιδηρᾶ,
2596 660 2726 732 ἔστη
2761 659 3072 731 ἔμπροσθεν
3118 657 3214 712 τοῦ
3259 657 3420 729 βασι-

1838 756 1996 823 λέως,
2023 757 2218 827 λέγων,
2258 755 2438 825 ιιΤάδε
2468 755 2616 823 λέγει
2646 753 2852 825 Κύριος
2876 771 2891 786 ·
2935 753 3026 808 Ἐν
3052 751 3262 812 τούτοις
3300 751 3415 813 τοῖς

1841 849 2035 920 κέρασι
2088 849 2333 918 κερατιεί
2391 847 2488 916 τὴν
2539 845 2741 916 Συρίαν
2785 843 2816 896 6
2878 842 3156 914 βασιλεύς.
3206 858 3225 892 ι
3269 841 3331 894 '0
3352 838 3413 892 δὲ

1839 939 2084 1004 πεισθείς
2137 941 2252 1003 τοῖς
2301 938 2514 992 ἐκείνου
2570 938 2834 1009 ῥήμασιν,
2881 933 3154 998 ἀπελθὼν,
3195 933 3294 986 σὺν
3343 935 3414 1002 τῇ

1839 1033 1933 1088 τοῦ
1965 1030 2097 1089 λαοῦ
2145 1027 2398 1086 ἀπώλεσε
2431 1029 2528 1084 καὶ
2558 1029 2656 1099 τὴν
2683 1025 2878 1081 ἑαυτοῦ
2911 1026 3080 1096 ζωήν.
3113 1023 3224 1080 Καὶ
3273 1024 3415 1076 £er-

1843 1143 1922 1179 νοι
1956 1123 2058 1198 μὲν
2090 1122 2490 1194 παραχωρήσει
2534 1119 2672 1174 Θεοῦ
2724 1117 2946 1173 ἐποίουν
2977 1117 3122 1189 ἅπερ
3166 1115 3412 1178 ἐποίουν,

1842 1219 1936 1272 καὶ
1991 1218 2025 1286 ἡ
2087 1215 2196 1270 τῶν
2253 1212 2624 1268 ἀπειθούντων
2683 1212 2964 1280 ἐκδίκησις
3021 1209 3243 1277 ἐγένετο
3301 1205 3410 1260 τῶν

1841 1307 2044 1378 ἐτέρων
2105 1303 2521 1376 σωφρονισμόςο
2559 1303 2704 1374 ἀπερ
2759 1301 2817 1354 δὲ
2868 1300 3040 1355 ἐποίει
3091 1301 3188 1353 καὶ
3240 1300 3270 1352 6
3306 1298 3411 1368 μά-

1840 1417 1990 1465 ταιος
2019 1392 2196 1465 οὗτος,
2225 1398 2294 1457 τά
2337 1396 2515 1453 πάντα
2554 1395 2728 1448 ἐποίει
2768 1395 2856 1448 ἐπ’
2887 1394 3092 1464 ὀλέθρῳ
3129 1392 3222 1447 καὶ
3251 1393 3412 1446 ἀπω-

1840 1493 1962 1564 λείᾳ
1999 1490 2109 1544 τῶν
2147 1490 2270 1544 τότε
2315 1488 2745 1560 εὑρισκομένων,
2768 1488 2863 1541 καὶ
2911 1486 3017 1542 τῶν
3066 1485 3208 1557 μετά
3238 1483 3416 1538 ταῦτα

1841 1582 2322 1652 ἀκολουθησάντων
2361 1581 2530 1650 αὐτῷ.
2571 1581 2720 1634 Ποιεϊ
2759 1579 2941 1633 τοίνυν
2987 1580 3015 1630 6
3055 1576 3292 1646 Μωάμεθ
3334 1575 3414 1646 βι-

1843 1677 2010 1739 ϐλίον,
2037 1675 2174 1746 ὅπερ
2219 1673 2383 1742 νόμον
2437 1671 2572 1726 Θεοῦ
2626 1667 2912 1741 σωτήριον,
2943 1671 3038 1724 καὶ
3085 1667 3414 1737 συναγωγὴν

1843 1768 2000 1822 θείων
2031 1765 2466 1837 προσταγμάτων
2495 1764 2769 1834 ὠνόμασε,
2798 1763 2982 1826 καθὼς
3031 1762 3313 1833 εἰρήσεται
3355 1760 3413 1812 έν

1848 1861 1956 1924 τοῖς
2009 1857 2338 1931 ἔμπροσθεν.
2385 1849 2552 1920 Οῦτος
2617 1855 2982 1925 συνεστήσατο
3039 1853 3139 1923 τὴν
3192 1850 3418 1907 ἅπασαν

1848 1949 2233 2022 πραγματείαν
2267 1947 2361 2001 τοῦ
2409 1947 2538 2015 παρ’
2569 1945 2731 2000 αὑτοῦ
2781 1943 3092 2007 ἐκτεθέντος
3121 1943 3288 2012 νόμου
3323 1939 3414 1992 διὰ

1847 2044 2014 2111 τριῶν
2039 2040 2277 2114 τρόπων,
2323 2039 2536 2109 ποινῆς,
2573 2039 2738 2109 φημὶ,
2770 2038 2864 2093 καὶ
2910 2036 3243 2108 τυραννίδος,
3279 2034 3418 2105 ψεύ-

1848 2139 1970 2200 δους
2015 2152 2072 2189 τε
2120 2135 2216 2192 καὶ
2261 2132 2500 2202 ἀπάτης,
2545 2133 2640 2183 καὶ
2687 2129 3028 2202 ὑποκρίσεως
3069 2128 3419 2200 μεμιγμένης

1850 2228 2098 2299 ἡδοναῖς,
2149 2228 2278 2294 περὶ
2338 2217 2412 2277 ὧν
2462 2224 2556 2276 καὶ
2614 2221 2917 2290 φθάσαντες
2969 2223 3197 2290 εῐπομεν
3245 2222 3304 2274 έν
3349 2222 3417 2288 τῇ

1848 2321 2084 2390 τετάρτη
2113 2317 2402 2387 ἀπολογία,
2432 2316 2558 2370 ὅσον
2588 2315 2683 2374 καὶ
2713 2315 2960 2384 είπομεν.
3008 2312 3171 2368 ’Δλλά
3196 2313 3294 2368 καὶ
3319 2309 3418 2366 νῦν

1849 2411 1949 2465 οὐκ
1981 2411 2286 2482 ὁκνήσομεν
2317 2407 2467 2474 λέξαι
2493 2405 2622 2476 περὶ
2648 2407 2862 2472 τούτου,
2885 2406 3007 2459 ὅσον
3036 2407 3103 2459 ἂν
3131 2405 3420 2478 χορηγήσει

1849 2503 1878 2554 6
1911 2503 2043 2566 Θεδς
2074 2504 2132 2555 ἐν
2169 2501 2248 2572 τῷ
2298 2502 2524 2572 στόματι
2559 2500 2734 2572 ἡμῶν.
2781 2499 2840 2553 '0
2891 2498 3167 2570 μακάριος
3213 2499 3422 2560 ἐκεῖνος

1851 2596 1944 2649 καὶ
1990 2595 2164 2663 μέγας
2217 2595 2443 2664 Μωσῆς,
2496 2594 2570 2657 ὡς
2617 2593 2798 2646 ίσασιν
2845 2592 3106 2655 ἅπαντες,
3138 2589 3418 2657 ἀπεστάλη

1852 2687 2002 2756 παρά
2048 2685 2182 2739 Θεοῦ
2228 2686 2419 2754 ἐξᾶραι
2465 2684 2589 2747 τοὺς
2642 2685 2791 2746 υἱοὺς
2829 2681 3045 2754 Ἰσραὴλ
3091 2682 3156 2735 ὲκ
3189 2681 3292 2750 γῆς
3322 2681 3417 2734 Δί·-

1850 2777 2084 2846 γύπτου,
2129 2776 2604 2846 περιφραξαμένου
2649 2773 2813 2828 αὐτὸν
2863 2773 3108 2842 θαύμασι
3154 2772 3422 2842 πρότερον

1852 2870 1947 2922 καὶ
1983 2869 2227 2938 σημείοις
2261 2868 2355 2920 καὶ
2388 2868 2600 2936 τέρασι.
2630 2866 2785 2919 Μετά
2825 2865 2881 2918 δὲ
2907 2864 3007 2935 τὴν
3035 2863 3094 2928 ἐξ
3135 2863 3418 2931 Αἰγύπτου

1852 2960 2050 3026 ἔξοδον,
2102 2961 2196 3014 καὶ
2252 2961 2349 3031 τὴν
2400 2961 2480 3019 είς
2542 2958 2638 3030 τὴν
2689 2957 2894 3028 ἔρημον
2955 2955 3336 3026 προσεδρείαν,
3381 2955 3417 3024 ἢ

1856 3051 2055 3122 μᾶλλον
2098 3053 2271 3104 εἰπεῖν
2311 3051 2536 3120 πλάνην,
2583 3049 2734 3102 οὐδὲν
2780 3043 2942 3120 ἦττον
2984 3047 3090 3101 τῶν
3137 3045 3422 3118 προτέρων

181 3129 279 3182 iita
332 3137 418 3182 est
464 3127 722 3184 omnibus
752 3143 851 3184 ceu
892 3128 979 3183 lex
1023 3145 1052 3183 a
1099 3129 1210 3184 Deo
1236 3129 1455 3185 coalitus
1485 3129 1744 3186 demissa.

1856 3143 2146 3212 θαυμάτων
2185 3141 2483 3206 ἐνεδείξατο
2513 3143 2539 3193 ὁ
2568 3140 2698 3198 Θεὸς
2747 3139 2812 3193 δι’
2859 3139 3047 3204 αὐτοῦ,
3076 3138 3214 3193 ἀλλὰ
3245 3138 3425 3208 πολλῷ

180 3221 312 3278 Post
361 3219 526 3291 hujus
564 3228 747 3275 autem
803 3220 1323 3291 promulgationem,
1368 3235 1436 3276 ne
1468 3230 1597 3276 tunc
1629 3222 1751 3292 qui-

183 3313 307 3367 dem
343 3312 610 3366 miracula
657 3321 1034 3378 cessaverunt,
1067 3312 1161 3369 sed
1209 3322 1263 3368 et
1293 3314 1398 3369 hoc
1442 3313 1659 3370 vivente
1697 3326 1752 3370 et

178 3402 460 3468 defuncto,
503 3419 599 3472 per
632 3403 796 3460 Josue
841 3403 1011 3458 illium
1042 3404 1188 3468 Nun,
1221 3405 1466 3474 aliosque
1500 3405 1752 3461 similiter

178 3496 319 3552 iacta
348 3503 497 3550 sunt.
534 3495 674 3560 Quin
712 3506 767 3550 et
797 3497 1078 3566 prophetae
1120 3495 1334 3566 magnis
1361 3507 1414 3552 et
1465 3497 1752 3567 stupendis

183 3589 460 3646 miraculis
497 3590 664 3645 editis.
699 3590 1015 3646 claruerunt
1039 3591 1106 3646 ad
1137 3606 1280 3648 verte
1310 3591 1437 3648 ﬁdei
1467 3591 1754 3647 certitudi-

180 3695 328 3738 nem.
364 3681 547 3736 Helias
581 3682 801 3750 quidem
827 3682 1006 3736 tribus
1025 3683 1205 3747 annis,
1226 3691 1281 3737 et
1305 3684 1468 3752 paulo
1497 3685 1751 3752 amplius,

70 3768 75 3772 ’
177 3772 350 3826 emiss
378 3771 667 3826 conclusos
701 3772 938 3840 aperuit,
968 3781 1214 3826 mortuos
1257 3773 1562 3836 suscitavit,
1591 3774 1755 3828 sacri-

181 3865 362 3918 licium
392 3863 556 3933 aquis
599 3862 866 3918 incendit.
907 3860 1172 3918 Similiter
1203 3871 1259 3916 et
1285 3863 1522 3928 Eliseus,
1550 3873 1606 3917 et
1636 3864 1750 3918 alii.

180 3955 238 4010 lu
277 3953 753 4010 consummatione
800 3961 984 4008 autem
1037 3952 1362 4006 seculorum
1415 3952 1755 4008 descendens

178 4044 455 4108 Christus,
487 4058 599 4098 non
630 4050 690 4097 ut
722 4057 915 4098 servus
945 4043 1118 4097 inStar
1162 4043 1404 4107 illorum,
1437 4044 1531 4098 sed
1562 4053 1621 4097 ut
1657 4044 1755 4097 ho-

182 4150 306 4192 rum
337 4136 634 4198 Dominus;
669 4143 726 4188 et
760 4135 1073 4188 testimonia
1105 4149 1213 4189 non
1247 4143 1306 4187 ut
1330 4135 1631 4205 prephetae
1673 4151 1758 4189 rc-

182 4228 416 4296 cipiens,
448 4226 543 4281 sed
580 4235 640 4280 ut
667 4225 820 4279 illum
869 4227 1095 4281 decebat
1132 4235 1397 4282 creaturae
1442 4227 1620 4282 omnis
1651 4227 1755 4281 Do-

184 4319 395 4372 minuet
450 4329 506 4372 et
549 4317 940 4384 Conditorem;
985 4333 1088 4375 nec
1140 4328 1397 4388 tanquam
1453 4320 1754 4388 testimonii

186 4411 426 4481 indigus,
470 4411 560 4468 sed
594 4424 819 4481 propter
853 4412 1136 4466 hominum
1182 4412 1540 4483 ignorantiam
1571 4424 1624 4468 et
1654 4413 1755 4468 itu-

1857 3234 2058 3306 μείζον’
2097 3234 2457 3303 ἀσυγκρίτως.
2497 3233 2650 3286 Μετὰ
2688 3232 2871 3300 μέντοι
2903 3230 3000 3302 τὴν
3028 3230 3296 3284 τοσούτων
3327 3231 3424 3284 καὶ

1855 3326 2186 3394 τηλικούτων
2235 3325 2528 3394 θαυμάτων
2574 3325 2853 3393 ἐνέργειαν
2887 3323 3112 3392 ὲλάλησε
3144 3322 3281 3392 πρὸς
3321 3321 3422 3374 αύ-

1855 3421 1946 3472 τὸν
1997 3422 2025 3472 ὀ
2072 3419 2225 3481 Θεὸς,
2259 3420 2356 3469 οὐκ
2414 3421 2471 3470 ἐν
2526 3416 2698 3484 γωνίᾳ
2755 3415 2851 3469 καὶ
2906 3413 3263 3485 παραϐύστῳ,
3305 3414 3421 3467 ἀλλ’

1856 3511 2083 3565 ἐνώπιον
2134 3512 2312 3578 πάσης
2361 3510 2454 3578 τῆς
2507 3508 2887 3578 παρεμϐολῆς,
2929 3507 3022 3561 καὶ
3074 3507 3278 3569 παντὸς
3326 3506 3422 3560 τοῦ

1856 3600 2093 3669 πλήθους
2142 3599 2248 3652 τῶν
2290 3599 2579 3651 Ἰουδαίων.
2620 3597 2700 3650 Τὰ
2745 3597 2852 3666 γὰρ
2897 3597 3034 3669 ἔργα
3087 3596 3182 3650 τοῦ
3244 3596 3424 3667 φωτδς

1856 3691 1913 3740 ὲν
1967 3687 2044 3755 τῷ
2098 3689 2236 3756 φωτὶ
2281 3687 2606 3749 δείκνυνται,
2673 3689 2765 3740 καὶ
2819 3687 3006 3739 ἔκτοτε
3059 3686 3215 3757 ἐδόθη
3272 3686 3424 3754 παρὰ

1855 3779 1991 3832 Θεοῦ
2019 3781 2045 3831 ὁ
2069 3779 2230 3847 νόμος
2260 3778 2344 3836 διὰ
2386 3778 2627 3838 Μωσέως
2655 3776 2749 3830 τοῦ
2787 3776 2972 3830 δούλου
3008 3776 3198 3833 αὐτοῦ.
3230 3777 3422 3830 Τοίνυν

1856 3873 1949 3925 καὶ
2000 3870 2274 3940 ὲπιστώθη
2337 3871 2430 3922 καὶ
2487 3868 2738 3938 ἐκυρώθη
2803 3871 2896 3921 καὶ
2947 3867 3250 3938 ἐϐεϐαιώθη
3309 3873 3421 3933 τοῖς

1858 3966 2021 4016 πᾶσιν
2078 3963 2152 4025 ὡς
2215 3963 2323 4016 ἀπὸ
2372 3961 2506 4014 Θεοῦ
2561 3963 2654 4015 καὶ
2707 3960 2764 4024 ἐξ
2809 3961 3043 4030 ούρανοῦ
3086 3961 3351 4030 κατῆλθεν
3397 3964 3426 4013 6

1856 4054 2098 4116 τοιοῦτος
2143 4055 2326 4123 νόμος.
2359 4054 2516 4107 Μετὰ
2559 4052 2616 4105 δὲ
2662 4053 2723 4106 τὸ
2771 4053 3056 4124 ἐκτεθῆναι
3092 4053 3301 4116 τοῦτον,
3328 4054 3426 4106 οὐκ

1857 4146 2103 4212 ἐξέλιπον
2149 4143 2218 4197 τὰ
2253 4143 2529 4214 θαύματα,
2569 4143 2702 4199 ἀλλὰ
2734 4146 2827 4198 καὶ
2860 4149 2916 4198 ἐν
2961 4149 3025 4214 τῇ
3064 4146 3175 4216 ζωῇ
3216 4145 3424 4204 τούτου,

1857 4238 1951 4291 καὶ
1997 4235 2152 4299 αὖθις
2209 4237 2346 4304 μετά
2399 4236 2500 4306 τὴν
2559 4235 2817 4305 τελευτὴν
2874 4237 3064 4301 αὐτοῦ,
3097 4237 3187 4291 διά
3231 4254 3288 4289 τε
3336 4236 3427 4288 τοῦ

1857 4327 2016 4396 Ναυῆ
2060 4323 2236 4395 Ἰησοῦ
2288 4327 2380 4378 καὶ
2437 4327 2637 4396 ἐτέρων
2679 4326 2941 4390 ὡσαύτως
2973 4329 3234 4395 ἐγίνοντο.
3269 4329 3432 4381 Ἀ).λά

1859 4421 1951 4471 καὶ
2006 4419 2057 4470 οἱ
2121 4418 2394 4488 προφῆται
2467 4418 2680 4489 μεγάλα
2747 4421 2838 4471 καὶ
2901 4419 3112 4486 ἐξαίσια
3174 4419 3428 4488 θαύματα

199 4505 547 4560 becillitatem
602 4507 880 4577 (magnum
951 4507 1096 4561 enim
1159 4522 1344 4562 revera
1389 4517 1471 4562 est
1529 4507 1649 4562 Filii
1703 4517 1747 4561 et

1863 4513 2188 4582 εἰργάσαντο
2222 4514 2300 4576 είς
2349 4512 2725 4583 πληροφορίαν
2772 4513 2869 4578 τῆς
2904 4511 3135 4578 ἀληθοῦς
3175 4512 3432 4576 πίστεως.

193 4597 360 4652 Verbi
379 4599 472 4652 Dei
499 4598 554 4658 in
573 4597 752 4652 carnis
774 4597 1247 4652 administratione
1275 4599 1596 4666 negotium).
1654 4597 1760 4652 Te-

189 4691 460 4751 stimoniis
488 4690 675 4762 igitur,
703 4699 764 4744 ut
794 4689 999 4744 dictum
1033 4699 1136 4754 est,
1156 4691 1494 4759 acceptis(ut
1517 4689 1567 4742 in
1599 4704 1761 4758 supe-

187 4783 426 4837 rioribus
453 4781 736 4851 Apologiis
789 4779 1104 4849 singulatim
1157 4788 1213 4834 et
1245 4779 1490 4834 dilucide
1524 4778 1750 4833 demon~

185 4873 525 4943 stravimus),
576 4873 794 4928 exorsis
846 4871 914 4927 ab
969 4871 1162 4929 Adami
1211 4870 1511 4936 creatiOne,
1559 4871 1690 4925 item
1725 4886 1754 4925 a

183 4968 320 5030 Nec,
379 4965 677 5028 Abraham,
741 4964 913 5026 lsaac,
967 4963 1156 5029 Iacob,
1210 4962 1377 5025 Mose,
1425 4961 1648 5026 Davide,
1701 4969 1756 5015 et

188 5056 479 5126 prophetis
522 5056 798 5121 omnibus,
842 5055 974 5124 quin
1019 5054 1186 5110 etiam
1239 5055 1291 5108 in
1329 5053 1612 5108 nativitate
1659 5069 1756 5108 sua

187 5149 259 5202 ab
301 5149 431 5216 ipsis
465 5147 691 5217 angelis,
745 5146 916 5217 magis
961 5155 1014 5201 et
1050 5147 1244 5212 stella;
1297 5155 1352 5200 et
1405 5146 1548 5215 quod
1602 5145 1760 5213 longe

194 5243 489 5296 maximum
533 5249 638 5302 est,
677 5241 730 5294 in
785 5239 1058 5309 baptismo
1091 5239 1182 5294 Dei
1215 5239 1392 5293 Patris
1423 5253 1576 5302 voce,
1621 5254 1638 5288 ι
1677 5236 1756 5289 Tu

190 5348 251 5388 es
288 5332 464 5388 Filius.
502 5346 658 5386 meus
700 5330 952 5396 dilectus,
985 5331 1036 5384 in
1073 5346 1183 5398 quo
1215 5330 1344 5383 mihi
1377 5329 1758 5398 complacitum

190 5434 274 5479 est
292 5424 368 5487 δ.»
403 5425 618 5491 (omitto
637 5423 782 5480 enim
812 5439 959 5480 nunc
993 5423 1176 5476 dicere
1203 5421 1348 5477 edita
1379 5422 1446 5475 ab
1478 5422 1594 5491 ipso
1627 5430 1762 5475 tem-

196 5534 328 5587 pore
377 5516 811 5574 conversationis
858 5531 971 5571 sum
1020 5515 1162 5570 inter
1199 5515 1449 5570 homines
1501 5513 1756 5567 miracula

190 5618 244 5667 et
277 5609 522 5680 prodigia
566 5625 779 5680 magna,
811 5623 933 5682 quae
967 5609 1134 5662 multa
1182 5615 1306 5662 sunt
1340 5615 1392 5666 et
1436 5608 1754 5666 innumera-

310 5798 371 5864 ω
405 5797 534 5866 Reg.
572 5809 700 5855 χλιι,
742 5793 824 5846 li.
903 5792 920 5824 ⁵
957 5792 1141 5848 Matth.
1184 5810 1262 5854 HL,
1310 5795 1397 5855 17,⁸

1869 4606 1929 4660 Ὀ
1961 4606 2145 4672 μέντοι
2175 4605 2359 4668 Ἠλίας
2386 4606 2444 4680 ὲν
2476 4607 2652 4676 τρισὶν
2685 4605 2830 4657 ἔτεσι
2861 4609 2953 4659 καί
2977 4605 3170 4674 μικρόν
3193 4622 3244 4657 τι
3271 4605 3430 4674 πρὸς.

1861 4697 2082 4761 κλείσας
2113 4698 2238 4760 τοὺς
2273 4697 2556 4764 οὐρανοὺς,
2593 4696 2857 4766 ἀνίκμους
2888 4697 3179 4768 πεποίηκε,
3204 4697 3431 4767 νεκρούς

1859 4807 1918 4842 τε
1946 4791 2233 4857 ἀνέστησε,
2263 4788 2358 4842 καὶ⁵
2406 4787 2595 4840 θυσίαν
2622 4787 2777 4842 ῦδατι
2824 4789 3066 4856 ἔφλεξεν.
3118 4787 3350 4857 Ὁμοίως
3374 4789 3431 4840 δὲ

1860 4885 1954 4936 καὶ
1987 4881 2282 4945 Ἑλισσαιὲ,
2323 4881 2414 4934 καὶ
2446 4879 2496 4933 οἱ
2523 4879 2718 4949 ἕτεροι.
2766 4881 2889 4932 Ἐπὶ
2918 4880 2974 4930 δὲ
3008 4879 3287 4949 συντελείᾳ
3323 4879 3431 4932 τῶν

1863 4973 2075 5025 αἰώνων
2125 4969 2399 5024 κατελθὼν
2450 4971 2476 5022 ὁ
2533 4969 2789 5036 Χριστὸς,
2835 4971 2934 5038 οὔχ
2979 4969 3054 5030 ὼς
3100 4969 3305 5031 δοῦλος,
3355 4969 3431 5031 ὡς

1869 5066 1963 5117 καὶ
2007 5059 2170 5128 οὗτοι,
2203 5062 2318 5116 ἀλλ’
2361 5060 2436 5122 ὡς
2490 5059 2757 5131 δεσπότης
2811 5063 2905 5112 καὶ
2968 5061 3153 5130 κύριος
3203 5060 3427 5124 τούτων,

1867 5157 1961 5203 καὶ
2021 5149 2201 5201 λαϐὼν
2238 5149 2338 5212 τὰς
2379 5149 2708 5220 μαρτυρίας,
2744 5149 2842 5218 οὐχ
2893 5147 2970 5210 ὡς
3016 5151 3064 5200 oi
3129 5149 3430 5219 προφῆται,

1863 5237 1981 5292 ἀλλ’
2041 5237 2118 5301 ὡς
2167 5233 2238 5310 ἦν
2293 5238 2504 5308 πρέπον
2557 5235 2733 5307 τούτῳ
2793 5237 2868 5300 ὡς
2916 5237 3153 5306 δεσπότῃ
3207 5239 3303 5291 καὶ
3339 5237 3434 5308 δη-

1867 5329 2112 5401 μιουργῷ
2158 5329 2257 5399 τῆς
2305 5329 2559 5392 κτίσεως,
2597 5329 2658 5382 ού
2696 5333 2806 5400 μὴν
2851 5330 2897 5384 δ’
2931 5329 3005 5392 ὡς
3035 5330 3225 5399 χρείαν
3254 5329 3434 5400 ἔχοντι

1866 5422 2171 5493 μαρτυρίας
2229 5422 2410 5487 τινῶν,
2447 5421 2562 5474 ἀλλ’
2608 5421 2640 5492 ἢ
2681 5422 2769 5474 διὰ
2818 5427 2916 5491 τὴν
2965 5421 3074 5474 τῶν
3122 5420 3436 5491 ἀνθρώπων

1861 5515 2134 5579 ἀγνωσίαν
2199 5531 2257 5565 τε
2315 5515 2409 5574 καὶ
2466 5515 2749 5567 ἀσθένειαν
2781 5515 2948 5584 (μέγα
2991 5513 3084 5566 καὶ
3127 5514 3234 5584 γάρ
3282 5515 3432 5568 ἐστιν

1860 5605 2027 5667 ὅντως
2075 5605 2133 5657 τὸ
2172 5605 2271 5680 τῆς
2326 5605 2592 5677 ἐνσάρκου
2640 5605 2952 5675 οἰκονομίας
3005 5603 3098 5659 τοῦ
3153 5603 3280 5658 Υίοῦ
3338 5605 3431 5657 καὶ
