3928 6212
306 448 413 514 ϐὒί

1303 452 1599 513 CONTRA
1640 450 2124 514 ΜᾹΠΟΜΕΤΕΜ
2168 455 2453 516 ORATIO
2498 456 2547 516 ῐ.

3457 445 3567 515 602

312 565 525 635 πατρὸς
550 562 717 617 αὑτοῦ
756 564 849 617 τοῦ
879 564 1148 619 διαϐόλου.
1186 568 1318 619 Οὖδὲ
1352 570 1457 634 γλρ
1493 564 1638 635 εἶχεν
1686 566 1860 635 ἑτέρω

2004 579 2180 623 mento
2224 582 2283 621 et
2317 569 2601 640 prophetis
2626 609 2639 633 ,
2674 584 2852 637 neque
2884 585 2947 623 ex
2996 584 3135 623 novo
3164 576 3217 622 et
3254 568 3516 637 apostolis
3546 585 3563 621 :

309 659 407 711 θεν
436 657 534 727 τὴν
575 658 901 729 μαρτυρίαν,
930 657 1043 710 οὔτ’
1074 657 1176 709 ἀπὸ
1210 658 1307 723 τῆς
1362 660 1597 721 παλαιᾶς
1623 659 1888 727 διαθήκης

308 750 408 801 καὶ
443 750 541 801 τῶν
576 749 892 817 προφητῶν,
927 748 1039 801 οὔτ’
1089 747 1158 800 αὖ
1202 744 1309 801 ἀπὸ
1342 750 1442 815 τῆς
1492 750 1615 812 νέας
1652 752 1745 803 καὶ
1776 750 1887 801 τῶν

303 839 650 905 ἀποστόλων,
669 841 783 891 ἀλλ’
800 841 875 902 ὡς
905 840 1094 909 ἐχθρὸν
1120 842 1215 892 καὶ
1236 842 1494 902 πολέμιον
1527 842 1714 894 τοῦτον
1740 844 1795 904 ἔς
1820 844 1883 893 τὸ

288 932 575 995 ’παντελὲς
598 932 924 985 άπεδίωκον.
952 932 1099 984 Καὶὸ
1126 932 1223 1000 μὲν
1243 933 1511 1002 μακάριος
1535 933 1772 1002 Μωῦσῆς
1803 935 1891 986 οὑ-

304 1025 446 1075 τωσί
480 1040 611 1092 φησι
635 1026 747 1085 τοῖς
770 1026 903 1087 υἱοῖς
946 1024 1185 1095 Ἰσραὴλ,
1228 1044 1244 1075 ι
1284 1025 1603 1094 Ἀναστήσει
1636 1024 1837 1095 Κύριος
1865 1026 1894 1075 ὀ

305 1114 444 1175 Θεὸς
469 1116 533 1166 ἐκ
554 1115 661 1167 τῶν
684 1114 928 1182 ἀδελφῶν
958 1115 1113 1184 ἡμῶν
1141 1116 1428 1187 προφήτην
1456 1115 1529 1177 ὡς
1556 1116 1654 1179 ὲμέ
1678 1131 1692 1144 ’
1726 1113 1891 1166 αὐτοῦ

306 1205 457 1256 κατὰ
484 1205 659 1255 πάντα
686 1204 934 1257 ἀκούετε.
962 1205 1117 1256 Πᾶσα
1144 1204 1198 1256 δὲ
1226 1204 1392 1273 ψυχὴ,
1411 1206 1531 1273 ἥτις
1547 1204 1646 1258 οὐκ
1664 1203 1892 1258 ἀκούσε-

306 1313 404 1347 ται
436 1294 528 1347 τοῦ
557 1296 837 1365 προφήτου
888 1294 1123 1358 ἐκείνου,
1169 1294 1709 1365 ἔξολοθρευθήσεται.
1738 1313 1755 1346 ι
1779 1295 1889 1345 Καὶ

311 1384 509 1436 σκᾶπει
549 1384 609 1435 τὸ
648 1384 939 1453 λεγόμενον
992 1384 1132 1453 μετὰ
1187 1385 1494 1453 ἀκριϐείας.
1544 1386 1632 1436 Ἐν
1680 1384 1789 1451 γὰρ
1819 1384 1894 1452 τῷ

308 1481 491 1533 είπεῖν
534 1481 625 1532 τὸν
672 1479 873 1532 Μωσέα
924 1480 1006 1532 ὅτι
1034 1498 1055 1532 ι
1102 1482 1421 1551 ’Δναστήσει
1473 1480 1672 1550 Κύριος
1717 1478 1895 1541 ὁΘεὸς

307 1571 599 1639 πνςοφήτην
625 1571 689 1621 ὲκ
704 1570 809 1621 τῶν
830 1571 1072 1635 ἀδελφῶν
1095 1573 1272 1641 ἡμῶν,
1297 1590 1314 1622 ι
1344 1571 1578 1636 ἐδίδαξεν
1593 1571 1679 1623 ἵνα
1698 1570 1895 1634 δέξων-

310 1679 402 1714 ται
437 1663 530 1714 τὸν
567 1662 697 1730 παρ’
752 1664 917 1715 αὐτοῦ
978 1664 1475 1734 προφητευόμενον,
1503 1662 1748 1715 τουτέστι
1806 1662 1896 1715 τὸν

311 1753 568 1812 Χνιιστδν,
602 1753 782 1816 καθὼς
811 1755 868 1805 ἔν
896 1758 959 1825 τῇ
993 1756 1184 1826 πρώτῃ
1233 1755 1502 1824 ἀπολογίᾳ
1536 1753 1724 1819 σαφῶς
1765 1756 1897 1805 ἀπο-

314 1843 617 1897 δέδεικται·
671 1845 1039 1914 ἀποπέμψωσι
1085 1846 1164 1906 δὲ,
1236 1848 1330 1899 καί
1377 1848 1568 1917 πόρρω
1618 1846 1675 1911 ἐξ
1714 1846 1895 1898 αὐτῶν

313 1934 572 1998 δηὼξωσι,
612 1936 702 1988 τὸν
754 1936 812 1999 ἐξ
867 1937 1169 1989 ἀλλοδαποῦ
1222 1937 1414 2000 γένους
1464 1938 1761 2006 ἐρχόμενον
1813 1938 1888 2000 ὡς

318 2029 627 2097 προφήτην.
669 2028 729 2081 '0
764 2028 821 2081 δὲ
876 2030 1108 2099 Χριστὸς
1172 2030 1371 2081 οὑτωσί
1410 2047 1543 2099 φησι
1592 2030 1725 2099 πρὸς
1766 2030 1888 2091 τοὺς

319 2121 400 2181 είς
458 2120 621 2171 αὐτὸν
681 2122 1144 2185 πεπιστευκότας,
1195 2138 1213 2171 ι
1276 2123 1583 2191 Προσέχετε
1635 2120 1743 2172 ἀπὸ
1782 2119 1890 2172 τῶν

319 2211 800 2281 ψευδοπροφητῶν,
837 2212 1037 2275 οἵτινες
1099 2213 1353 2283 ἔρχονται
1384 2213 1518 2282 πρὶς
1545 2214 1687 2283 ὑμᾶς
1725 2215 1781 2265 ὲν
1809 2215 1893 2264 ὲν-

326 2304 518 2372 δῦμασι
568 2305 881 2373 προϐάτων,
913 2306 1117 2359 ἔσωθεν
1172 2307 1228 2359 δέ
1280 2307 1385 2358 είσι
1433 2305 1587 2357 λύκοι
1621 2304 1887 2373 ἅρπαγες,

348 2397 468 2448 Ἀπὸ
511 2397 621 2449 τῶν
668 2398 899 2467 καρπῶν
946 2397 1130 2451 αὐτῶν
1174 2397 1544 2465 ἐπιγνώσεσθε
1588 2395 1821 2459 αὐτούς·
1868 2413 1885 2445 ι

342 2490 423 2539 καὶ
458 2489 530 2541 ὅτι
580 2509 597 2541 ι
637 2492 709 2543 Οὐ
752 2491 979 2543 δύναται
1011 2490 1227 2560 δένδρον
1262 2491 1465 2559 ἀγαθὸν
1515 2490 1761 2559 καρποὺς
1798 2506 1893 2541 σα·

336 2581 491 2649 πραΰς
520 2582 721 2645 ποιεῖν,
753 2580 873 2632 οὐδὲ
917 2580 1131 2651 δένδρον
1162 2582 1372 2650 σαπρὸν
1407 2581 1653 2649 καρποὺς
1693 2580 1893 2640 καλοὺς

329 2673 517 2725 ποιεῖν.
562 2690 581 2723 ι
619 2671 718 2725 Διά
767 2688 850 2722 τοι
894 2670 1054 2723 τοῦτο
1111 2670 1206 2722 καὶ
1261 2672 1423 2739 ἡμεῖς
1460 2668 1891 2733 ἀναπτύξαντες,

325 2762 520 2831 ίδωμεν
547 2762 689 2815 κατὰ
712 2763 773 2815 τὸ
809 2762 1094 2833 κυριακὸν
1118 2763 1319 2829 λόγιον,
1363 2761 1545 2825 ὁποῖός
1576 2762 1727 2813 ἔστιν
1760 2762 1787 2813 ὁ
1811 2760 1892 2811 δι-
1928 2812 1939 2817 ,

320 2850 588 2914 δάσκαλος
621 2854 827 2914 οὐτοσὶ,
856 2852 953 2905 καὶ
987 2852 1071 2914 τίς
1100 2853 1131 2921 ή
1168 2852 1359 2903 τούτου
1383 2850 1598 2919 διδαχὴ,
1630 2850 1725 2903 καὶ
1750 2848 1804 2900 τί
1834 2849 1896 2900 τὸ

321 2940 559 3012 δένδρον,
589 2943 682 2994 καὶ
724 2944 905 3005 ὁποῖος
934 2944 961 2993 ὁ
993 2942 1228 3011 καρπὸς,
1256 2942 1402 3003 ὅπως
1446 2940 1512 2993 ἂν
1539 2941 1599 3003 ἐξ
1628 2940 1792 2993 αὐτοῦ
1831 2940 1897 3010 δὴ

321 3032 412 3085 τοῦ
439 3031 661 3101 καρποῦ
689 3033 909 3102 γνῶμεν
937 3032 1194 3100 καθαρῶς
1229 3032 1289 3082 τὸ
1321 3030 1561 3100 δένδρον,
1591 3034 1687 3085 καὶ
1712 3032 1774 3083 ὲκ
1798 3032 1896 3101 τῆς

319 3124 542 3195 διδαχῆς
574 3124 665 3177 τὸν
694 3123 1035 3177 διδάσκαλον.
1066 3124 1158 3193 Τῷ
1184 3123 1291 3175 ἀπὸ
1318 3123 1419 3191 τῆς
1445 3122 1537 3175 τοῦ
1563 3124 1774 3192 Κυρίου
1800 3124 1896 3177 καὶ

1995 676 2115 727 quae
2147 656 2327 728 potius
2368 660 2515 713 hunc
2546 675 2643 712 ceu
2678 662 2884 713 hostem
2916 668 2966 711 et
2999 660 3277 712 inimicum
3313 674 3568 712 aversan-

1996 759 2107 804 tur.
2163 751 2361 803 Beazus
2395 751 2612 818 quidem
2656 751 2743 803 ille
2787 752 2961 804 Moses
3006 752 3070 804 ad
3121 750 3256 803 ﬁlios
3285 750 3449 803 Israel
3486 749 3566 802 sic

1994 840 2171 895 dicit:
2215 862 2231 891 ι
2271 842 2570 895 Suscitahit
2630 842 2743 894 Don
2770 842 2892 895 inus
2942 844 3084 895 Deus
3141 842 3459 911 prophetam
3502 856 3565 893 ex

1998 933 2262 987 fratribus
2317 936 2542 997 nostris,
2579 934 2723 986 sicut
2770 950 2889 996 me;
2929 950 3051 985 eum
3089 935 3138 986 in
3179 934 3437 987 omnibus
3474 950 3570 987 au-

1996 1026 2121 1081 dite.
2162 1025 2354 1079 Omnis
2380 1034 2561 1077 autem
2590 1026 2790 1088 anima,
2845 1042 2964 1093 qua:
3004 1042 3109 1079 non
3146 1027 3419 1079 audiverit
3444 1043 3571 1095 pro-

1996 1118 2214 1188 phetam
2250 1118 2417 1179 hunc,
2452 1117 2842 1185 exslirpabitur
2871 1118 2935 1169 ‘°.
2970 1136 2987 1167 ›
3020 1117 3403 1187 Endiligentcr
3426 1119 3567 1186 quod

1996 1209 2195 1262 dicitur
2225 1207 2535 1262 considera.
2571 1208 2704 1260 Cum
2747 1208 2891 1259 enim
2919 1208 3095 1261 Moses
3130 1208 3283 1270 dicit,
3326 1228 3343 1259 ι
3393 1210 3572 1263 Domi-

1996 1317 2100 1355 nus
2144 1302 2292 1354 Deus
2358 1300 2648 1353 suscitabit
2694 1300 3015 1368 prophetam
3067 1314 3132 1352 ex
3180 1299 3437 1352 fratribus
3468 1315 3571 1351 no-

1997 1392 2147 1456 stris,
2187 1410 2207 1441 ›
2243 1390 2431 1445 docuit
2472 1399 2529 1443 ut
2561 1390 2707 1443 hunc
2738 1405 2764 1442 a
2802 1406 2859 1443 se
2892 1391 3212 1458 praedictum
3250 1390 3568 1457 suscipiant,

2000 1481 2053 1536 id
2081 1491 2165 1535 est
2198 1480 2477 1535 Christum
2508 1481 2697 1549 (veluti
2734 1482 2787 1534 in
2825 1481 2997 1549 prima
3038 1481 3302 1548 Apologia
3333 1478 3573 1532 dilucide

1998 1570 2429 1625 demonstratum
2462 1571 2584 1641 est).
2608 1572 2861 1641 ablegent
2899 1587 3030 1625 vero
3056 1580 3109 1624 et
3128 1570 3440 1639 longissime
3463 1585 3491 1623 a
3515 1584 3574 1621 se

1998 1658 2222 1714 a‘rceant
2249 1676 2314 1714 ex
2335 1662 2617 1731 peregrina
2641 1671 2800 1732 gente
2832 1660 2898 1713 ad
2935 1661 3080 1729 ipsos
3108 1661 3417 1714 venientem
3451 1674 3575 1728 pro—

1998 1764 2239 1834 phetam.
2282 1765 2536 1821 Christus
2588 1782 2715 1821 vero
2746 1766 2809 1819 ad
2844 1766 2964 1819 illos
2997 1766 3090 1835 qui
3137 1766 3191 1819 in
3232 1767 3407 1833 ipsum
3457 1778 3575 1817 ere—

2000 1857 2137 1909 dunt
2189 1858 2267 1911 sic
2310 1857 2485 1911 dicit:
2541 1874 2557 1907 ι
2609 1856 2810 1911 Cavete
2864 1872 2892 1909 a
2952 1855 3102 1908 falsis
3134 1854 3439 1924 prophetis,
3477 1852 3572 1921 qui

1993 1950 2227 2003 veniunt
2272 1949 2337 2003 ad
2373 1964 2470 2002 vos
2503 1949 2685 2001 vestiti
2725 1948 2966 2017 pellibus
2999 1947 3207 2010 ovium,
3257 1946 3403 1998 intus
3441 1960 3574 1997 vero

1994 2050 2123 2093 sunt
2151 2040 2263 2107 lupi
2291 2054 2539 2108 rapaces.
2572 2038 2614 2091 A
2644 2038 2919 2092 fructibus
2958 2038 3199 2106 ipsorum
3230 2033 3573 2105 cognoscetis

1993 2146 2107 2183 eos.
2142 2148 2159 2180 ι
2204 2129 2310 2183 Et:
2351 2129 2507 2182 «Non
2547 2138 2726 2199 potest
2765 2130 2927 2183 arbor
2971 2128 3112 2182 bona
3153 2128 3363 2179 fructus
3402 2126 3574 2179 malos

1992 2220 2155 2281 ferre,
2206 2234 2385 2287 neque
2419 2220 2582 2273 arbor
2616 2221 2753 2274 mala
2797 2221 3007 2274 fructus
3043 2220 3213 2272 bonos
3237 2218 3415 2271 facere
3456 2219 3519 2270 “.
3547 2235 3566 2266 ι

1992 2310 2335 2379 Quapropter
2362 2326 2459 2364 nos
2482 2312 2565 2364 his
2581 2312 2959 2372 consideratis,
2984 2312 3337 2379 inspiciamus
3357 2310 3572 2364 Domini

1996 2399 2302 2459 oraculum,
2339 2401 2589 2468 quisnam
2628 2401 2697 2453 sit
2728 2402 2985 2471 magister
3021 2401 3147 2465 hic,
3183 2418 3431 2469 quamam
3466 2401 3571 2453 hu-

1992 2491 2079 2561 jus
2110 2490 2354 2545 doctrina
2392 2530 2407 2555 ,
2458 2507 2577 2560 qua:
2601 2493 2764 2546 arbor
2798 2504 2853 2547 et
2884 2495 3102 2563 quinam
3145 2494 3369 2555 fructus,
3399 2502 3457 2545 ut
3488 2493 3572 2545 vel

1996 2597 2062 2635 ex
2093 2583 2210 2651 ipso
2238 2582 2415 2635 fructu
2448 2584 2701 2637 arborem
2732 2599 3117 2653 agnoscamus,
3152 2596 3205 2638 et
3232 2600 3296 2638 ex
3328 2583 3573 2637 doctrina

1995 2673 2299 2727 doctorem.
2335 2674 2495 2728 Anno
2522 2692 2550 2726 a
2582 2674 2797 2727 Domini
2828 2684 2882 2728 et
2909 2674 3207 2729 Salvatoris
3227 2674 3402 2727 nostri
3445 2674 3574 2729 Jcsu

1995 2764 2199 2819 Christi
2246 2765 2359 2818 veri
2412 2765 2508 2819 Dei
2572 2764 2946 2820 incarnatione
2992 2767 3279 2820 millesimo
3315 2766 3577 2819 ducente-

1996 2856 2137 2909 simo
2168 2864 2223 2909 et
2253 2856 2489 2920 decimo,
2526 2856 2747 2925 quidam
2791 2858 3000 2911 ordinis
3033 2858 3457 2912 Praedicatorqu
3486 2856 3581 2909 Ri-

1999 2948 2228 3003 cbaldus
2253 2949 2495 3013 nomine,
2522 2949 2853 3020 Babylonem
2885 2951 3180 3018 protectus.
3217 2950 3306 3003 ubi
3331 2948 3575 3003 studium

2002 3048 2058 3093 et
2117 3040 2441 3109 mysterium
2470 3041 2779 3111 iniquitatis
2834 3041 3216 3105 exercebatur,
3257 3054 3469 3094 summo
3501 3039 3579 3090 la-

2001 3130 2135 3185 bore
2158 3146 2277 3185 sese
2308 3131 2363 3184 in
2395 3131 2635 3186 Arabum
2673 3133 2858 3201 lingua
2886 3133 3152 3188 exercuit.
3188 3132 3285 3186 ilic
3316 3131 3578 3185 discussis

319 3216 575 3284 Σωτῆρος
627 3216 782 3286 ἡμῶν
831 3216 1004 3285 Ἰησοῦ
1040 3214 1279 3284 Χριστοῦ
1336 3213 1429 3266 τοῦ
1477 3213 1730 3283 ἀληθινοῦ
1764 3215 1897 3267 Θεοῦ

2007 3222 2168 3275 simul
2194 3229 2247 3275 et
2282 3222 2631 3277 exactissime
2677 3223 3037 3293 deprehensis
3063 3223 3127 3277 iis
3154 3239 3273 3291 qua:
3301 3224 3353 3275 in
3377 3222 3581 3275 Ismae-

321 3311 651 3380 σιρκὼσεως
680 3310 933 3382 χιλιοστῷ
950 3310 1304 3378 διακοσιοστῷ
1334 3308 1542 3379 δεκάτῳ
1567 3309 1676 3361 ἔτει
1697 3327 1781 3373 τις
1808 3311 1905 3378 τῆς

318 3404 531 3468 τάξεως
561 3404 670 3456 τῶν
708 3401 1144 3475 ῐιρεδικατόρων,
1189 3402 1307 3470 ἦτοι
1338 3400 1445 3453 τῶν
1475 3402 1753 3469 κηρύκων,
1792 3400 1904 3451 Ῥιυ

2011 3314 2234 3366 litarum
2276 3313 2393 3382 lege
2446 3316 2826 3379 continentur,
2888 3316 3075 3371 eadem
3112 3316 3165 3369 in
3197 3314 3445 3368 Latinam
3478 3312 3582 3366 lin—

2012 3417 2167 3473 guam
2209 3418 2274 3455 ex
2304 3402 2534 3456 Arabica
2567 3406 2869 3459 transtulit.

319 3498 518 3561 κάλδος
571 3468 950 3566 δνομαυαύτῷ,
996 3468 1249 3550 άπελθῶν
1302 3497 1381 3559 είς
1430 3495 1893 3566 τὴνΒαϐυλῶνα,
1935 3468 2065 3550 ἔνθα
2094 3497 2155 3549 τὸ
2184 3500 2437 3567 μουσεῖον
2492 3500 2584 3555 καὶ
2602 3500 2662 3551 τὸ
2694 3502 2994 3570 μυστήριον
3018 3500 3117 3568 τῆς
3172 3497 3404 3567 ἀνομίας
3428 3468 3580 3564 ἐνερ-

319 3594 528 3659 γεῖται,
598 3590 694 3642 καὶ
745 3588 1113 3658 φιλοπονήσας
1152 3590 1233 3651 είς
1279 3588 1469 3657 ἄκρον,
1515 3587 1790 3659 ὲξήσκησε
1864 3588 1962 3657 τὴν
2000 3589 2111 3641 τῶν
2147 3589 2397 3659 Ἀράϐων
2443 3590 2748 3643 διάλεκτον
2786 3590 2845 3653 ὃς
2894 3593 2989 3644 καλ⁸
3036 3589 3324 3652 ἐξετάσας,
3361 3589 3456 3640 καὶ
3494 3590 3578 3649 είς

316 3685 608 3756 ἀκρίϐειαν
662 3685 836 3755 εὑρὼν
868 3684 939 3737 τὰ
1012 3685 1071 3737 ἐν
1135 3684 1213 3754 τῷ
1261 3684 1411 3754 νόμῳ
1450 3684 1559 3737 τῶν
1600 3683 1963 3754 Ἰσμαηλιτῶν
2002 3684 2541 3757 ἐμπεριειλημμένα,
2592 3686 2671 3749 είς
2718 3686 2817 3755 τὴν
2876 3686 2983 3739 τῶν
3038 3685 3286 3739 Λατίνων
3331 3682 3581 3752 γλῶτταν

319 3779 430 3832 ἀπὸ
461 3779 561 3846 τῆς
592 3777 695 3829 τῶν
735 3776 986 3847 Ἀράϐων
1022 3779 1385 3847 μετήνεγκεν.
1660 3824 1663 3827 ν

388 3867 459 3925 ε’.
503 3870 564 3922 Ὀ
591 3868 721 3935 γοῦν
757 3869 920 3937 νόμος
950 3869 1057 3920 τῶν
1091 3868 1473 3938 Ἰσμαηλιτῶν,
1511 3868 1540 3921 ὃ
1565 3868 1900 3940 ὀνομαζόμε-

316 3981 403 4025 νος
452 3960 698 4031 Κορρἀ,
730 3960 758 4012 ὁ
783 3958 880 4011 καὶ
922 3957 1073 4026 παρὰ
1112 3957 1207 4010 τοῦ
1241 3957 1538 4027 Μαχούμετ
1569 3957 1767 4023 δοθεὶς,
1800 3960 1898 4012 οὐκ

318 4052 484 4121 ἐτθη
518 4052 650 4120 παρ’
686 4049 853 4104 αὑτοῦ
882 4050 975 4101 καὶ
1019 4049 1206 4116 μόνου,
1240 4049 1377 4101 ἀλλὰ
1404 4052 1499 4103 καὶ
1534 4050 1667 4119 παρ’
1696 4051 1901 4121 ἐτέρων

325 4161 354 4195 τ
380 4142 512 4202 νῶν,
538 4138 632 4193 τοῦ
663 4156 719 4192 τε
762 4139 963 4210 δηλαδὴ
990 4133 1245 4208 γαμϐροῦ
1282 4140 1448 4193 αὑτοῦ
1492 4142 1587 4193 τοῦ
1626 4141 1781 4214 Ἀλῇ,
1808 4144 1901 4193 καὶ

320 4235 501 4288 illum
532 4232 691 4294 ἑπτά,
718 4227 792 4285 ὧν
819 4232 886 4284 τὰ
917 4231 1157 4300 ὀνόματά
1187 4233 1291 4283 εἱσι
1322 4232 1492 4284 ταῦτα
1513 4248 1529 4262 °
1560 4230 1730 4301 Ναφὲ.
1759 4234 1896 4296 Ἒὸν,

331 4326 496 4391 “Qui,
536 4324 820 4394 Ἐλρεσὰρ,
872 4321 1038 4392 Ἀσὴρ
1084 4320 1200 4374 υίοῦ
1230 4321 1323 4374 τοῦ
1376 4321 1579 4391 Χετὴρ,
1628 4324 1721 4375 καὶ
1778 4323 1895 4376 υἱοῦ

318 4421 411 4470 τοῦ
454 4416 652 4485 ’Δμέρ.
684 4416 971 4468 Λαϐόντων
1006 4415 1185 4467 τοίνυν
1212 4415 1324 4468 τῶν
1366 4416 1463 4485 μὲν
1486 4417 1697 4477 τοῦτον,
1722 4417 1827 4468 τῶν
1854 4417 1901 4468 δ’

323 4512 558 4565 ἐκεῖνον.
592 4508 686 4558 καὶ
738 4506 1076 4575 βουλομένων
1105 4506 1353 4558 ἑκάστων
1407 4508 1601 4575 στῆσαι
1643 4508 1732 4560 τὸν
1769 4509 1900 4561 ἴδιον

2068 3869 2127 3922 5.
2154 3867 2262 3923 Lex
2290 3868 2475 3937 itaque
2505 3866 2897 3922 lsmaelitarum
2948 3868 3303 3923 Alcorranum
3332 3866 3495 3931 dicta,
3523 3872 3581 3920 et

1995 3972 2025 4011 a
2070 3956 2374 4011 Mahomete
2403 3956 2763 4025 promulgata,
2794 3971 2902 4010 non
2940 3958 3007 4011 ab
3042 3956 3159 4026 ipso
3186 3956 3301 4011 solo
3333 3955 3437 4008 lata
3472 3962 3579 4019 est,

2003 4064 2195 4101 verum
2228 4048 2393 4103 etiam
2452 4048 2520 4102 ab
2554 4048 2677 4101 aliis
2726 4048 3092 4117 quibusdam,
3144 4058 3331 4119 utpote
3376 4062 3582 4118 genero

1999 4139 2146 4194 illius
2172 4139 2268 4193 Ala
2294 4180 2308 4203 ,
2339 4149 2396 4194 et
2427 4138 2548 4194 aliis
2596 4147 2825 4208 septem,
2867 4156 3100 4210 quorum
3156 4139 3378 4192 nomina
3419 4148 3577 4203 sunt,

2006 4230 2218 4299 Naphe,
2251 4230 2392 4293 Eon,
2424 4228 2578 4293 Oma,
2617 4230 2856 4296 Elresar,
2913 4234 3069 4306 Aser,
3126 4229 3216 4283 ﬁlii
3249 4228 3475 4291 Chcter,
3527 4236 3585 4282 et

2011 4324 2102 4377 lilii
2138 4324 2324 4378 Amer.
2358 4324 2493 4378 Cum
2529 4324 2696 4393 igitur
2725 4324 2777 4377 hi
2806 4323 3026 4394 quidem
3061 4324 3185 4386 hoc,
3212 4322 3307 4375 alii
3358 4336 3489 4376 vero
3522 4320 3585 4373 il-

2009 4413 2103 4467 lud
2136 4414 2467 4483 reciperent,
2505 4422 2560 4469 et
2590 4415 2793 4484 singuli
2829 4415 3113 4485 pr0prium
3145 4413 3349 4482 aliquid
3382 4423 3590 4466 statue.

2012 4513 2155 4566 rent,
2188 4512 2311 4574 post
2353 4514 2587 4559 mortem
2638 4505 2781 4559 llatae
2826 4513 2881 4558 et
2914 4503 3242 4558 Mabometis
3285 4504 3584 4566 factiones,

326 4599 470 4668 μετὰ
506 4596 738 4649 θάνατον
758 4594 853 4647 τοῦ
886 4611 943 4647 τε
978 4594 1108 4661 Ἀλῆ
1144 4594 1355 4647 καὶτοῦ
1381 4595 1651 4664 Μωάμεθ,
1684 4597 1897 4659 στάσεις

2012 4593 2399 4649 contentiones
2424 4634 2438 4657 ,
2470 4594 2611 4648 bella
2641 4604 2696 4649 et
2722 4595 2900 4649 cmdes
2928 4595 3350 4649 successoribus
3389 4594 3593 4645 horum

324 4694 419 4743 καὶ
450 4687 783 4757 φιλονεικίαι
812 4687 907 4739 καὶ
937 4688 1163 4754 πόλεμοι
1196 4687 1289 4739 καὶ
1321 4687 1507 4756 χύσεις
1530 4689 1779 4755 αἱμάτων
1809 4690 1903 4755 μέ-

325 4799 417 4834 σον
445 4779 559 4834 τῶν
599 4778 860 4848 διαδόχων
907 4777 1090 4830 αὐτῶν
1127 4778 1569 4848 ὲμεσολάϐησαν.
1606 4780 1765 4831 nm
1802 4780 1901 4843 τὴν

329 4873 575 4940 σήμερον
604 4870 654 4921 οί
685 4870 781 4938 μὲν
811 4869 948 4939 πρὸς
984 4869 1248 4937 ἀλλήλους
1290 4868 1519 4937 πόλεμοι
1562 4868 1830 4930 ἔπαυσαν,
1866 4871 1899 4936 ἡ

327 4965 382 5015 δὲ
413 4966 697 5025 διάστασις
728 4964 823 5016 κοιλ⁵
848 4963 1116 5033 διαίρεσις
1147 4963 1518 5034 ἐπεκράτησε,
1546 4963 1639 5014 καὶ
1661 4962 1907 5031 δέχονται

329 5058 376 5108 οἱ
410 5057 511 5122 μὲν
544 5054 717 5117 τόνδε,
752 5057 803 5108 οἱ
823 5055 877 5108 δὲ
904 5057 1080 5109 τόνδε.

401 5152 478 5210 ς’.
529 5145 669 5198 Ἀλλ’
696 5148 723 5199 ὁ
753 5147 855 5216 μὲν
887 5149 1106 5217 πρῶτος
1143 5147 1323 5211 τεθεὶς
1362 5149 1528 5217 νόμος
1582 5146 1688 5200 ὑπὸ
1712 5145 1902 5213 δαίμο-

330 5252 415 5297 νος
450 5236 690 5305 εξετέθη.
718 5238 827 5289 Καὶ
860 5237 967 5305 γὰρ
994 5237 1145 5289 πᾶσα
1176 5236 1374 5305 ἀνομία
1411 5234 1502 5287 καὶ
1525 5232 1773 5301 ἁμαρτία
1790 5229 1908 5281 δαί-

336 5345 497 5395 μονας
519 5328 632 5396 ἔχει
651 5330 773 5391 τοὺς
798 5329 1196 5396 συνεργοῦντας
1221 5330 1314 5380 καὶ
1332 5324 1697 5385 συνιστῶντας
1718 5324 1908 5392 αὑτήν.

345 5418 486 5470 Ἀλλ’
521 5421 615 5471 ἐπὶ
639 5420 731 5472 τοῦ
763 5422 933 5489 νόμου
967 5419 1184 5471 τουτουῒ
1215 5418 1313 5486 οὐχ
1348 5417 1541 5479 οὕτως,
1575 5418 1710 5469 ἀλλὰ
1737 5416 1911 5483 στόμα

348 5511 483 5579 rp";
519 5510 611 5572 οὖς
645 5510 997 5581 ὑπηγορεὺοη
1032 5512 1183 5580 παρὰ
1209 5510 1303 5562 τοῦ
1339 5510 1614 5578 δαίμονος.
1637 5509 1799 5560 ’Ὥστε
1822 5508 1915 5557 καὶ

345 5602 397 5653 οἱ
431 5604 488 5651 ἑν
550 5602 830 5655 Βαϐυλῶνι
875 5602 983 5654 τῶν
1034 5603 1241 5653 πολλῶν
1287 5600 1642 5667 ἀληθέστεροι
1688 5598 1749 5649 οῦ
1781 5597 1914 5667 κρύσ-

348 5708 540 5745 πτουςι
574 5694 850 5755 παντελῶς
880 5694 975 5761 τὴν
1005 5692 1280 5767 ἀλήθειαν,
1318 5692 1450 5743 ἀλλὰ
1478 5690 1617 5759 πρδς
1648 5689 1741 5752 οὓς
1774 5690 1909 5759 0αρ-

425 5829 464 5857 ¹¹⁴
503 5829 656 5884 Deut.
698 5845 842 5893 xvut,
889 5829 968 5886 l7.
1050 5830 1086 5861 ¹¹
1124 5828 1316 5885 Matth.
1351 5844 1443 5891 ru,
1478 5827 1563 5895 15,
1599 5828 1681 5885 l6-

2010 4684 2349 4739 iueidcrunt.
2387 4686 2588 4739 Verum
2639 4686 2801 4740 hodie
2836 4686 3056 4755 quidem
3102 4687 3243 4740 bella
3284 4695 3469 4738 mutua
3499 4698 3590 4738 so-

2008 4779 2120 4848 pita
2154 4786 2284 4832 sunt
2307 4818 2321 4843 ,
2359 4777 2646 4832 dissidium
2698 4794 2831 4833 vero
2861 4787 2916 4833 et
2963 4780 3235 4833 dissensio
3270 4776 3588 4848 perduravit

2010 4869 2240 4935 adhuc;
2286 4877 2343 4922 et
2394 4868 2485 4922 alii
2519 4868 2741 4938 quidem
2777 4868 2902 4934 hoc,
2941 4868 3032 4921 alii
3082 4883 3215 4921 vero
3256 4866 3387 4921 illud
3444 4864 3586 4919 rcci-

2012 4969 2190 5024 ριιιηι.

2081 5150 2132 5203 6.
2174 5148 2439 5202 Caztcrum
2475 5148 2559 5202 lex
2599 5147 2686 5201 illa
2707 5147 2975 5218 principio
3015 5162 3043 5201 a
3073 5148 3318 5201 dtemone
3342 5147 3449 5202 lata
3480 5155 3584 5199 est.

2012 5234 2203 5289 Omnis
2232 5235 2377 5289 enim
2417 5237 2681 5305 iniquitas
2711 5246 2765 5290 et
2797 5246 3084 5305 peccatum
3119 5237 3393 5291 demones
3424 5236 3589 5289 habet

2021 5324 2298 5390 adjutores
2326 5365 2340 5388 ,
2394 5333 2448 5378 et
2484 5323 2857 5394 cooperarios.
2909 5326 2965 5379 In
3002 5327 3118 5395 lege
3167 5341 3297 5378 vero
3340 5324 3441 5377 hac
3476 5339 3587 5377 non

2020 5414 2180 5478 item;
2215 5414 2306 5469 sed
2342 5431 2436 5469 ore
2489 5415 2555 5469 ad
2605 5432 2793 5471 aurem
2852 5434 2881 5471 a
2927 5417 3173 5471 dmmone
3222 5416 3420 5469 dictata
3452 5424 3585 5467 est:

2018 5506 2480 5575 quemadmodum
2515 5508 2679 5561 etiam
2734 5508 2788 5561 hi
2822 5508 2915 5578 qui
2954 5510 3006 5562 in
3036 5509 3310 5579 Babylone
3343 5505 3589 5559 veritatis

2017 5598 2377 5652 studiosiores
2394 5608 2542 5663 sunt,
2574 5600 2860 5655 veritatem
2897 5617 3007 5654 non
3047 5601 3324 5661 occulunt,
3358 5597 3451 5652 sed
3478 5598 3591 5651 sin-

2017 5690 2124 5762 guli
2167 5691 2231 5747 iis
2277 5692 2478 5762 quibus
2516 5694 2831 5761 conﬁdunt,
2866 5694 3057 5749 dicunt
3095 5694 3222 5760 hoc,
3257 5700 3313 5749 et
3343 5692 3587 5749 fatentur
