3928 6212
1365 292 1386 321 Δ

357 352 465 416 6ί13

1442 355 1450 363 ’
1561 365 1878 430 JOANNlS
1914 329 2435 433 CANTACUZENI

3501 371 3605 434 605

354 469 662 526 doctrinam
695 472 836 527 hanc
861 488 888 526 a
920 473 1032 527 Deo
1083 489 1190 528 non
1225 479 1636 544 promanavisse
1657 521 1672 546 ,
1699 483 1924 538 rationi-

2048 486 2117 540 δεῖ
2165 485 2416 551 ἕκαστος,
2452 487 2547 540 καὶ
2578 487 2728 556 λέγει
2782 487 2876 542 καὶ
2906 487 3177 558 ’ὁμολογεῖ
3205 488 3295 542 δτι
3338 485 3444 540 οὐκ
3499 487 3611 539 ἐστι

356 569 460 618 bus
483 563 866 619 consentaneis
886 565 989 618 hoc
1015 564 1491 634 demonstrantes;
1525 571 1717 628 timore
1743 575 1934 631 mortis

355 667 535 710 autem
567 657 789 723 cedunt,
837 667 892 711 et
919 669 1227 727 sequuntur
1259 661 1616 731 impietatem.
1649 666 1768 720 Non
1801 682 1931 736 par-

359 761 484 798 vum
524 757 700 801 tamen
748 763 814 802 ex
847 748 1045 802 horum
1084 749 1364 820 impietate
1397 766 1775 824 argumentum
1823 759 1934 813 col-

357 833 586 901 ligitur,
625 835 770 904 quod
818 836 908 904 qui
958 838 1093 892 tales
1148 847 1296 906 sunt,
1339 840 1786 914 Christianorum.
1830 845 1933 901 do-

356 935 533 992 gmata
567 927 793 980 omnino
819 927 1086 998 ignorent.

431 1017 480 1070 7.
524 1017 790 1071 Prreterea
835 1019 1054 1087 quidam
1086 1036 1150 1074 ex
1183 1021 1502 1079 doctoribus
1530 1025 1724 1081 horum
1755 1012 1808 1082 in
1851 1028 1935 1083 di-

355 1107 560 1174 gnitate
579 1107 926 1162 Chaliharum
953 1113 1307 1179 constitutus,
1329 1117 1664 1172 uomine.....
1683 1133 1806 1173 cum
1821 1120 1930 1189 jam

359 1199 660 1265 exsliiraret
685 1239 698 1260 ,
731 1216 947 1254 crucem
984 1218 1151 1270 penes
1177 1219 1233 1258 se
1255 1204 1396 1260 ferre
1420 1206 1796 1276 deprehensus
1825 1224 1930 1267 εει.

361 1287 476 1353 Qua
539 1288 589 1342 in
628 1301 848 1357 pectore
894 1292 1038 1347 illius
1073 1295 1290 1349 inventa
1320 1335 1334 1358 ,
1389 1297 1758 1369 intelligentes
1785 1302 1934 1357 hunc

360 1380 572 1433 oet-ulte
613 1379 989 1438 Chrisﬁauum
1030 1385 1195 1440 fuisse
1221 1426 1233 1450 ,
1285 1403 1394 1441 non
1422 1404 1488 1443 eo
1532 1389 1637 1444 loci
1669 1393 1759 1446 ubi
1794 1393 1934 1448 Cha-

364 1469 573 1524 libades
608 1472 827 1538 sepeliri
857 1474 1100 1530 solemne
1132 1488 1233 1540 est,
1273 1478 1424 1531 illum
1459 1481 1813 1548 sepelierunt,
1839 1485 1933 1539 sed

363 1559 415 1612 in
457 1561 562 1614 alio
601 1562 668 1614 ab
699 1561 801 1617 hoc
841 1574 1134 1620 semotum.
1187 1567 1289 1631 Qui
1333 1569 1477 1622 enim
1529 1570 1672 1626 inter
1705 1573 1806 1628 hos
1851 1589 1935 1629 sa-

362 1652 664 1721 pientiores
695 1668 748 1710 et
790 1660 1174 1726 prudentiores
1201 1671 1349 1727 sunt,
1378 1679 1485 1717 non
1512 1665 1761 1735 ignorant
1782 1682 1936 1721 erro-

365 1759 476 1797 rem
519 1761 676 1799 sumn
704 1789 716 1809 ,
771 1760 824 1802 et
864 1750 1219 1818 imposturam
1248 1795 1260 1817 ,
1331 1755 1420 1808 sed
1471 1757 1667 1824 partim
1709 1757 1929 1826 quidem

363 1847 587 1905 propter
618 1839 1248 1911 timoremapi-{edictum
1282 1847 1480 1914 partim
1509 1863 1639 1901 vero
1669 1849 1797 1917 quia
1832 1849 1934 1902 liu-

364 1940 577 1979 manam
613 1929 837 1996 gloriam
883 1931 1050 1999 magis
1077 1944 1262 1986 amant
1315 1949 1476 2002 quam
1523 1936 1750 2006 gloriam
1795 1938 1931 2002 Dei,

365 2016 598 2071 occlusis
641 2021 835 2072 animae
867 2022 1044 2076 oculis
1095 2022 1146 2074 in
1181 2023 1422 2078 tenebris
1458 2026 1850 2094 obambulant;
1881 2038 1936 2084 et

364 2107 559 2160 timore
618 2109 808 2162 mortis
866 2098 1030 2178 hujus
1087 2115 1392 2182 corporalis
1454 2116 1651 2170 anima:
1703 2127 1932 2174 mortem

364 2200 678 2268 acquirunt.
728 2202 785 2256 ln
833 2201 1164 2259 ChriSIianis
1191 2217 1371 2261 autem
1399 2218 1590 2262 contra
1623 2208 1737 2264 ﬁeri
1764 2210 1935 2277 solet;

365 2293 560 2349 timore
605 2281 759 2350 enim
817 2299 1016 2353 mortis
1063 2300 1279 2363 auimze,
1333 2301 1672 2370 corporalem
1710 2301 1855 2357 illam
1887 2312 1940 2356 et

367 2394 650 2440 externam
713 2403 836 2442 cum
869 2390 1148 2459 voluptate
1182 2400 1566 2447 contemnunt.
1597 2393 1941 2449 Christiano-

362 2492 483 2530 rum
520 2479 664 2533 enim
697 2479 831 2535 ﬁdes
864 2482 1021 2553 longe
1049 2483 1262 2550 lateque
1313 2484 1379 2538 ab
1411 2484 1814 2556 his'discrepat.
1846 2487 1939 2540 Ar-

365 2577 509 2626 ctain
541 2572 686 2623 enim
719 2583 768 2624 et
807 2585 1091 2642 angusmm
1130 2575 1386 2630 Christus
1423 2577 1554 2633 dicit
1594 2579 1735 2632 viam
1774 2595 1896 2636 esse
1921 2619 1938 2645 ,

365 2675 487 2730 quze
522 2677 623 2716 nos
651 2662 717 2715 ad
749 2664 911 2716 vitam
954 2664 1199 2721 deducit.

443 2750 497 2804 8.
535 2751 600 2804 Et
626 2752 798 2822 legem
834 2753 1075 2823 quidem,
1112 2767 1171 2811 ut
1191 2758 1451 2822 diximus,
1481 2775 1511 2813 a
1539 2761 1781 2816 datmone
1804 2761 1945 2816 didi-

366 2839 461 2906 cit;
491 2840 857 2900 nihilominus
888 2854 1068 2898 tamen
1099 2847 1154 2900 in
1190 2848 1476 2904 haereticos
1507 2853 1770 2920 quosdam
1809 2854 1947 2908 inri-

365 2930 528 2997 dens,
562 2931 774 3001 reliqua
805 2935 1102 3003 assumpsit
1134 2951 1148 3001 ;
1181 2947 1237 2992 et
1275 2952 1302 2992 a
1340 2938 1544 3002 Jacobs
1589 2940 1808 3010 quidem
1841 2941 1946 2997 Ba-

367 3039 500 3079 eura
539 3023 593 3079 in
632 3025 870 3081 Nestorii
913 3027 1261 3097 dogmatibus
1310 3032 1594 3088 institutus
1642 3045 1747 3098 est,
1781 3048 1942 3102 quem

2035 579 2187 648 παρὰ
2217 579 2353 633 Θεοῦ
2394 581 2456 634 τὸ
2485 581 2759 652 διδαχθὲν,
2786 581 2968 647 λόγοις
3013 581 3260 642 πιθανοῖς
3285 580 3451 633 τοῦτο
3482 578 3614 633 ἀπο-

2033 671 2365 737 δεικνύντες.
2392 672 2482 742 Τῷ
2506 674 2656 744 φόϐῳ
2684 673 2740 726 δὲ
2779 673 2873 727 τοῦ
2907 673 3143 728 θανάτου
3174 672 3490 732 ὑπείκουσι,
3521 671 3612 724 καὶ

2034 761 2389 816 ἀκολουθοῦσι
2434 766 2502 833 τῇ
2538 763 2782 835 ἀσεϐείᾳ.
2813 763 2926 817 Οὐκ
2951 763 3134 832 ὀλίγον
3153 762 3207 816 δὲ
3239 761 3611 832 συμϐάλλεται

2034 856 2100 925 τῇ
2152 855 2382 908 ἐκείνων
2433 856 2661 928 ἀσεϐείᾳ
2693 857 2879 911 καὶτὸ
2914 856 3201 920 παντελῶς
3251 853 3612 926 εὑρίσκεσθαι

2033 945 2364 1015 ἀγνοοῦντας
2388 947 2608 1013 τούτους
2641 949 2709 1003 τὰ
2738 949 2849 1002 τῶν
2888 946 3256 1020 Χριστιανῶν.

2105 1037 2172 1102 ζ’.
2219 1037 2400 1109 Ὀμῶς
2430 1040 2524 1093 καὶ
2558 1041 2623 1094 ὲκ
2651 1039 2764 1093 τῶν
2789 1039 3127 1094 διδασκάλων
3158 1035 3346 1091 αὑτῶν
3376 1031 3482 1098 εἷς,
3512 1053 3612 1104 χα-

2033 1131 2198 1200 λιφᾶς
2222 1129 2283 1183 τὸ
2326 1131 2541 1200 ἀξίωμα
2573 1129 3029 1200 δνομα,αὑτῷ...,
3075 1129 3133 1182 ἐν
3181 1128 3263 1198 τῷ
3307 1126 3488 1195 καιρῷ
3519 1126 3612 1193 τῆς

2034 1219 2292 1289 τελευτῆς
2327 1218 2495 1273 αὑτοῦ
2529 1217 2728 1289 εὑρέθη
2760 1218 2994 1285 σταυρὸν
3025 1217 3206 1286 φέρων
3244 1214 3371 1286 μεθ’
3398 1213 3612 1268 ἑαυτοῦ.

2035 1311 2303 1381 Εὖρόντες
2337 1312 2393 1364 δὲ
2439 1311 2532 1364 τὸν
2583 1311 2817 1381 σταυρὸν
2842 1312 2902 1364 ἐν
2942 1309 3020 1378 τῷ
3047 1308 3237 1379 στήθει
3281 1306 3479 1371 αὑτοῦ,
3524 1307 3612 1358 καὶ

2035 1401 2478 1471 κατανοήσαντες
2523 1402 2606 1455 ὅτι
2659 1400 3050 1470 κεκρυμμένος
3079 1396 3422 1464 Χριστιανός
3449 1395 3614 1456 ἐστιν,

2034 1495 2133 1548 οὐκ
2160 1493 2368 1562 ἔθαψαν
2399 1494 2566 1548 αὑτὸν
2605 1495 2664 1548 ἐν
2687 1487 2732 1562 ᾧ
2769 1494 2920 1563 τόπῳ
2960 1493 3195 1546 ἔθαπτον
3225 1491 3360 1552 τοὺς
3390 1487 3611 1558 χαλιφά-

2034 1586 2150 1653 δας,
2190 1586 2306 1641 ἀλλ’
2334 1587 2392 1639 ὲν
2421 1586 2594 1657 ἑτέρῳ
2625 1586 2818 1657 χωρίς.
2869 1586 2931 1638 Οἱ
2976 1585 3086 1654 γὰρ
3121 1581 3280 1651 σοφοὶ
3311 1579 3405 1634 καὶ
3441 1580 3615 1648 φρόνι-

2039 1694 2127 1747 μοι
2161 1677 2384 1730 ἐκείνων
2408 1677 2509 1732 οὑκ
2538 1679 2675 1731 εἰσὶν
2699 1675 3020 1746 ἀγνοοῦντες
3044 1674 3142 1745 τὴν
3157 1673 3390 1727 ἐκείνων
3411 1673 3614 1740 πλάνην

2038 1783 2096 1820 τε
2134 1766 2230 1821 καὶ
2257 1768 2498 1837 ἀπάτην.
2548 1767 2710 1822 Ἀλλὰ
2737 1767 2797 1819 τὸ
2831 1767 2933 1837 μὲν
2959 1765 3047 1820 διὰ
3080 1765 3171 1818 τὸν
3207 1764 3502 1835 εἰρημένον
3528 1763 3616 1830 φό-

2038 1855 2154 1917 ϐον,
2183 1855 2243 1908 τὸ
2273 1855 2316 1907 δ’
2347 1855 2431 1908 δτι
2457 1855 2714 1923 ἀγαπῶσι
2747 1854 2906 1918 δόξαν
2939 1852 3046 1906 τῶν
3068 1851 3386 1922 ἀνθρώπων
3413 1850 3610 1921 μᾶλλον

2038 1945 2178 2014 ὑπὲρ
2201 1947 2301 2014 τὴν
2330 1944 2490 2009 δόξαν
2512 1945 2605 1999 τοῦ
2638 1943 2799 2010 Θεοῦ,
2851 1942 3122 2014 μύσαντες
3155 1944 3286 2006 τοὺς
3315 1941 3418 2011 τῆς
3445 1939 3613 2009 ψυχῆς

2037 2036 2377 2107 ὀφθαλμοὺς,
2423 2030 2481 2089 ἔν
2518 2037 2598 2107 τῷ
2647 2038 2828 2091 σκότει
2877 2035 3361 2107 περιπολεύονται,
3403 2033 3497 2087 καὶ
3541 2031 3614 2101 τῷ

2039 2128 2340 2198 σωματικῷ
2369 2127 2521 2199 φόϐῳ
2565 2127 2657 2182 τοῦ
2690 2129 2928 2184 θανάτου
2967 2129 3054 2182 τὸν
3086 2126 3326 2196 ψυχικὸν
3357 2123 3613 2195 κληροῦν-

2038 2233 2148 2271 ται,
2193 2216 2316 2268 Ἐπὶ
2353 2215 2410 2268 δὲ
2437 2215 2546 2269 τῶν
2576 2215 2924 2286 Χριστιανῶν
2962 2216 3062 2286 οὐχ
3110 2214 3312 2277 οὕτως,
3362 2211 3498 2265 ἀλλά
3541 2209 3614 2280 τῷ

2041 2306 2191 2376 φόϐῳ
2215 2305 2308 2361 τοῦ
2339 2305 2574 2377 ψυχικοῦ
2611 2304 2865 2371 θανάτου,
2895 2305 2989 2359 τοῦ
3020 2302 3346 2375 σωματικοῦ
3382 2300 3478 2355 καὶ
3510 2301 3615 2354 ὑλι-

2041 2395 2138 2448 κοῦ
2181 2396 2275 2447 καὶ
2309 2393 2555 2462 ὲνηδόνου
2589 2391 3044 2463 καταφρονοῦσιν.
3087 2392 3152 2444 Ἦ
3201 2392 3315 2460 γάρ
3341 2390 3448 2443 τῶν
3481 2389 3609 2459 Χρι-

2045 2485 2276 2538 στιανῶν
2306 2484 2490 2546 πίστις
2521 2484 2742 2554 μακράν
2772 2500 2876 2538 που
2902 2484 2997 2536 καὶ
3029 2482 3218 2553 πόρῤω
3243 2480 3365 2534 ἔστι
3390 2481 3607 2532 τούτων.

2043 2574 2242 2647 Στενὴν
2290 2575 2397 2645 γὰρ
2437 2575 2532 2628 καὶ
2574 2573 2943 2644 τεθλιμμένην
2983 2573 3187 2644 ἔφησεν
3223 2573 3252 2626 ὁ
3281 2571 3486 2643 Κύριος
3516 2569 3610 2641 τὴν

2043 2665 2180 2731 ὁδὸν,
2220 2664 2318 2735 τὴν
2350 2666 2430 2727 εἰς
2457 2665 2600 2737 ζωὴν
2629 2667 2775 2737 ἡμᾶς
2801 2667 3148 2732 ἁπάγουσαν.

2120 2757 2188 2827 η’.
2227 2758 2336 2811 Kal
2366 2757 2617 2828 ἐδιδάχθη
2667 2758 2766 2827 μὲν
2796 2760 2822 2812 ό
2862 2757 3048 2828 νόμος,
3088 2758 3163 2822 ὡς
3198 2758 3440 2829 εἴρηται,
3472 2753 3610 2824 παρὰ

2045 2851 2143 2905 τοῦ
2176 2850 2431 2921 δαίμονος
2452 2867 2468 2883 ο
2503 2851 2657 2921 ὅμως
2709 2850 2802 2903 καί
2832 2868 2974 2904 τισιν
3019 2850 3325 2920 αίρετικοϊς
3365 2845 3607 2916 ἐντυχὼν,

2047 2944 2117 2998 τὰ
2147 2942 2421 2997 ὑπόλοιπα
2472 2941 2869 3011 προσελάϐετο.
2905 2941 3015 2995 Kal
3039 2939 3192 3010 παρὰ
3245 2940 3345 3010 μὲν
3371 2938 3462 2992 τοῦ
3509 2938 3608 2990 Ία·

2050 3033 2165 3088 κὼϐ
2197 3034 2292 3087 τοῦ
2334 3035 2551 3105 Βαενρᾶ
2602 3028 2670 3103 ἦν
2699 3033 2930 3104 μυηθεὶς
2959 3033 3028 3085 τὰ
3062 3032 3156 3084 τοῦ
3201 3031 3512 3102 Νεστορίου,
3555 3027 3608 3079 δν

367 3128 420 3170 et
469 3126 659 3187 postea
705 3119 950 3188 occidit;
1008 3137 1035 3175 a
1070 3120 1276 3178 Judaeis
1326 3134 1510 3179 autem
1567 3124 1897 3194 quibusdam
1926 3163 1940 3188 ,

2056 3127 2194 3198 μετὰ
2217 3127 2410 3196 καιρὸν
2440 3127 2732 3180 ἀπέκτεινε
2754 3143 2770 3159 ο
2799 3126 2951 3196 παρὰ
2995 3125 3051 3180 δὲ
3115 3124 3391 3177 Ἰουδαίων
3437 3118 3605 3179 τινῶν,

368 3206 608 3263 Phiuees
636 3209 895 3265 nimirum
939 3221 992 3265 et
1027 3213 1224 3279 Audio,
1256 3230 1420 3284 quem
1466 3216 1584 3284 ipse
1615 3223 1826 3269 mutato
1852 3230 1949 3269 no-

371 3298 518 3353 mine
550 3300 820 3355 Audulam
856 3303 1091 3367 vocavit,
1125 3313 1294 3375 atque
1324 3305 1529 3371 Salom,
1563 3321 1725 3376 quem
1753 3306 1948 3360 Perse-

369 3389 475 3444 lem
499 3393 930 3462 cognominavit,
968 3396 1137 3450 multa
1161 3398 1326 3453 etiam
1355 3397 1728 3468 transumpsit,
1761 3398 1950 3467 sicque

370 3484 535 3538 etiam
593 3486 646 3538 iu
701 3484 1058 3542 Nestorianos
1138 3490 1346 3559 aliquot
1407 3491 1654 3546 incidens
1703 3489 1948 3544 omnium

372 3577 709 3644 impietatem
747 3575 986 3648 collegit.
1011 3577 1358 3650 Quapropter
1401 3582 1455 3635 in
1487 3581 1756 3636 Alcorano
1782 3580 1948 3634 multa

374 3667 622 3724 invenire
645 3669 788 3734 licet,
815 3686 880 3726 ex
910 3671 1071 3726 modo
1111 3673 1272 3727 dictis
1321 3673 1600 3742 descripta
1628 3672 1950 3727 hmresibus.

369 3758 430 3819 Si
462 3761 606 3813 enim
657 3777 838 3816 mores
896 3763 1072 3818 bonos
1123 3780 1478 3834 corrumpere
1519 3765 1786 3819 malorum
1823 3779 1954 3817 cou-

371 3851 620 3906 Nersatio
649 3861 851 3922 potest,
885 3864 1092 3923 quanto
1133 3856 1307 3926 magis
1340 3857 1384 3910 si
1416 3872 1479 3910 ea
1511 3857 1564 3910 in
1596 3870 1790 3923 pravos
1835 3870 1953 3908 mo-

369 3959 464 3997 ;res
504 3943 759 3998 inciderit
783 3944 806 3996 ?
834 3943 977 3998 'Cum
1012 3945 1177 4016 igitur
1230 3947 1405 4014 legem
1434 3961 1464 4000 a
1498 3944 1746 3999 diemoue
1797 3957 1954 3998 accc-

368 4035 545 4102 ,pisset
571 4036 862 4098 Mahomet,
895 4037 1025 4106 quid
1053 4036 1200 4091 aliud
1249 4038 1402 4091 illum
1435 4037 1613 4092 facere
1640 4045 1736 4089 aut
1769 4034 1953 4090 dicere

375 4125 659 4195 oportebat
689 4166 704 4192 ,
764 4141 929 4195 quam
972 4141 1036 4181 ea
1093 4143 1215 4196 qure
1251 4127 1334 4181 sui
1373 4138 1531 4181 erant
1567 4125 1846 4196 magistri?
1887 4126 1954 4179 Et

362 4214 838 4286 quemadmodum
893 4215 984 4269 ille
1017 4215 1157 4269 fastu
1192 4216 1474 4280 laborans,
1512 4224 1802 4285 postquam
1832 4213 1952 4283 lap-

376 4323 468 4362 sus
496 4316 600 4374 est,
647 4309 830 4364 statim
871 4309 1090 4364 mentiri
1127 4310 1327 4380 cmpit,
1373 4309 1454 4366 sic
1483 4310 1647 4364 etiam
1679 4307 1955 4363 Mahomet

363 4415 443 4457 ex
471 4400 726 4468 superbia
757 4410 810 4455 et
842 4399 1128 4455 mendacio
1159 4401 1304 4470 loqui
1336 4402 1504 4472 coepit
1529 4411 1584 4456 et
1614 4400 1882 4458 scribere.

447 4495 499 4550 9.
530 4492 603 4548 De
633 4493 815 4562 seipso
843 4493 1370 4567 enimjactabundus
1399 4493 1533 4548 dicit
1554 4493 1608 4547 in
1643 4493 1792 4548 hunc
1825 4505 1947 4546 mo-

369 4585 510 4642 dum
555 4606 566 4639 :
599 4587 654 4642 Si
693 4602 886 4643 omnes
921 4587 1173 4642 homines
1204 4585 1573 4650 conveniant,
1611 4599 1804 4640 omnes
1833 4585 1953 4656 spi-

2049 3215 2146 3269 τοῦ
2186 3233 2245 3268 τε
2281 3215 2466 3277 Φινεὲς
2517 3214 2614 3268 καὶ
2642 3213 2862 3278 Δὺδιοῦ,
2918 3214 3100 3267 ὅντινα
3166 3211 3416 3266 Αὐδουλᾶ
3445 3225 3607 3278 μετω-

2051 3309 2279 3378 νόμασε,
2306 3307 2400 3358 καὶ
2452 3305 2650 3376 Σαλὼμ
2679 3304 2902 3375 ,ῶσπερ
2966 3304 3181 3374 Σελὲμ,
3225 3302 3361 3356 ἀλλὰ
3410 3301 3470 3366 δὴ
3523 3297 3609 3351 καὶ

2050 3399 2196 3453 τισὶν
2237 3400 2626 3468 Νεστοριανοῖς
2672 3395 2933 3466 ἐντυχὼν,
2987 3395 3086 3464 τὴν
3148 3394 3370 3449 πάντων
3429 3391 3608 3445 κακίαν

2053 3489 2348 3558 ἐσώρευσε.
2391 3489 2491 3542 Διά
2524 3505 2606 3542 τοι
2629 3485 2790 3540 τοῦτο
2838 3488 2896 3540 ἐν
2925 3486 3000 3556 τῷ
3052 3486 3278 3558 Κορῤὰν
3327 3483 3609 3550 πολλάπις

2055 3581 2279 3650 εὑρήσει
2313 3580 2680 3650 γεγραμμένα
2707 3581 2771 3634 ὲκ
2809 3579 2921 3632 τῶν
2953 3579 3225 3652 ρηθεισῶν
3255 3580 3525 3650 αἱρέσεων.
3551 3574 3607 3628 El

2053 3673 2162 3746 γὰρ
2190 3673 2294 3743 ἤθη
2327 3671 2544 3742 χρηστὰ
2574 3669 2681 3725 οἶδε
2725 3671 2973 3740 φθείρειν
3014 3670 3198 3741 ὁμιλία
3263 3671 3428 3741 κακὴ,
3475 3668 3609 3732 πόσῳ

2057 3763 2258 3834 μᾶλλον
2287 3763 2444 3834 ῆθεσι
2499 3765 2754 3833 πονηροῖς
2811 3762 3148 3834 ἐντυχοῦσας
3203 3761 3402 3817 Λαϐὼν
3446 3759 3607 3813 τοίνυν

2053 3855 2151 3926 τὴν
2181 3855 2334 3925 παρὰ
2356 3853 2449 3908 τοῦ
2473 3854 2729 3924 δαίμονος
2751 3853 2973 3924 διδαχὴν
2997 3857 3024 3907 ὁ
3052 3853 3327 3922 Μωάμεθ,
3357 3850 3408 3904 τί
3437 3851 3603 3919 ἕτερον

2055 3950 2161 4004 ἔδει
2193 3951 2452 4019 πράττειν
2485 3951 2579 4003 καὶ
2624 3949 2804 4018 λέγειν
2844 3949 2875 4017 ἢ
2924 3949 2991 4002 τά
3047 3946 3143 4001 τοῦ
3175 3947 3493 4002 διδασκάλου
3526 3939 3599 3993 αὖ·

2053 4042 2186 4107 τοῦς
2221 4042 2333 4096 Καὶ
2382 4042 2568 4111 ὥσπερ
2617 4043 2825 4102 ἐκεῖνος
2845 4041 3078 4111 νοσήσας
3104 4038 3200 4110 τὴν
3257 4030 3600 4108 ἓπαρσιν,καὶ

2056 4137 2266 4196 πεσὼν,
2299 4128 2462 4191 εὐθὺς
2497 4129 2564 4181 ὲκ
2608 4129 2702 4182 τοῦ
2728 4128 2959 4198 ψεύδους
2991 4127 3221 4197 ἤρξατο,
3271 4127 3413 4180 οὔτω
3462 4122 3546 4175 καὶ
3579 4118 3605 4169 ὁ

2056 4220 2301 4290 Μωάμεθ
2326 4220 2386 4287 ἐξ
2416 4220 2800 4290 ὑπερηφανίας
2829 4217 2927 4274 καὶ
2943 4218 3175 4290 ψεύδους
3227 4215 3430 4288 ἤρξατο
3447 4212 3606 4280 λέγειν

2056 4314 2150 4368 καὶ
2198 4312 2450 4383 γράφειν.

2133 4492 2197 4547 θ’.
2242 4489 2756 4562 Μεγαλορῤημονῶν
2821 4489 2929 4561 γὰρ
3005 4487 3134 4559 περὶ
3189 4487 3393 4552 αὐτοῦ,
3429 4478 3600 4539 οὑτωσί

2063 4600 2196 4653 φησι
2259 4583 2404 4637 κατὰ
2453 4583 2621 4647 λέξιν,
2673 4581 2750 4644 ὡς
2804 4581 2868 4635 El
2917 4581 3117 4645 πάντες
3173 4579 3444 4650 ἄνθρωποι
3501 4590 3603 4626 συν-

371 4681 520 4734 .ritus
546 4688 603 4733 et
629 4694 824 4734 omnes
853 4680 1032 4749 angeli
1061 4679 1247 4743 talem,
1292 4677 1510 4747 qualem
1544 4690 1666 4746 ego,
1697 4676 1941 4732 Alcorra-

2067 4676 2323 4747 αχθεῖεν,
2385 4677 2482 4728 καὶ
2554 4674 2729 4727 πάντα
2787 4673 2854 4726 τά
2909 4672 3234 4741 πνεύματα,
3294 4671 3383 4724 καὶ
3427 4667 3601 4723 πάντες

378 4788 511 4829 num
548 4786 877 4841 componere
903 4785 1014 4824 non
1047 4775 1322 4839 poterunt.
1362 4766 1495 4822 item
1531 4765 1584 4820 in
1621 4767 1796 4835 capite
1819 4767 1956 4821 Ela-

375 4860 510 4923 βίαν,
544 4857 699 4927 quasi
733 4872 966 4927 persona
994 4856 1091 4912 Dei
1122 4856 1351 4925 loquens
1376 4895 1388 4918 ,
1424 4854 1504 4910 sic
1537 4855 1718 4924 inquit
1749 4873 1764 4910 :
1796 4855 1950 4924 Quod

2063 4766 2310 4835 ἄγγελοι,
2360 4767 2462 4820 οὐκ
2529 4765 2593 4818 ἂν
2651 4764 2900 4818 δύναιντο
2931 4765 3154 4834 ποιῆσαι
3211 4762 3445 4816 τοιοῦτον
3473 4757 3598 4824 Κορο

2064 4860 2200 4930 ρὰν,
2237 4860 2416 4912 ὁποῖον
2447 4859 2576 4926 ἐγώ.
2616 4857 2738 4910 Ἔτι
2777 4857 2834 4910 ἐν
2882 4855 2961 4925 τῷ
3019 4856 3300 4926 κεφαλαίῳ
3339 4853 3413 4922 τῷ
3451 4851 3600 4904 Ἐλα·

370 4950 428 5010 si
459 4951 606 5003 hunc
640 4949 996 5004 Alcorranum
1027 4948 1080 5002 in
1124 4948 1361 5016 aliquem
1393 4949 1658 5002 montium
1693 4949 1956 5004 immitte-

376 5056 591 5103 remus.
621 5041 818 5095 timore
846 5040 1064 5096 illiuset
1092 5036 1354 5110 religione
1384 5054 1510 5110 erga
1537 5040 1690 5094 illum
1721 5040 1960 5096 disrum-
2074 5041 2163 5104 Ὦς
2219 5040 2267 5092 εί
2327 5036 2654 5107 ἐπέμψαμεν
2708 5036 2864 5089 τοῦτο
2916 5036 2977 5088 τὸ
3029 5036 3247 5105 Κορρὰν
3291 5036 3368 5094 είς
3403 5036 3456 5082 ἓν
3499 5041 3564 5128 τιν

378 5140 629 5200 peretur.
661 5131 778 5185 Non
814 5140 992 5185 tamen
1030 5146 1092 5184 ex
1123 5130 1208 5184 his
1243 5130 1619 5185 tantummodo
1673 5131 1856 5186 verbis
1896 5131 1934 5186 il

2063 5132 2230 5201 ὀρῶν,
2261 5130 2548 5201 σχισθῆναι
2585 5126 2810 5198 ἔμελλεν
2869 5127 2975 5180 ὑπὸ
3029 5124 3125 5180 τοῦ
3163 5125 3325 5196 φόϐου
3374 5122 3596 5224 καὶιτῆς

381 5224 493 5287 lius
527 5223 789 5293 jactantia
840 5221 1300 5292 deprehenditur,
1348 5221 1444 5276 sed
1507 5222 1672 5277 etiam
1733 5222 1788 5276 in
1839 5221 1941 5277 alii:

2066 5226 2205 5296 πρὸς
2240 5224 2376 5278 αὐτὸ
2408 5221 2721 5283 εὐλαϐείας.
2770 5217 2863 5289 Μὴ
2891 5218 3051 5287 μόνον
3090 5217 3132 5271 δ’
3163 5219 3222 5272 ὲν
3240 5218 3343 5278 τοῖς
3365 5217 3595 5316 τοιούτοις

385 5318 578 5378 multis
609 5317 862 5381 effertur,
889 5317 1055 5371 sicuti
1089 5316 1252 5386 paulo
1286 5324 1409 5385 post
1445 5323 1633 5369 nostra
1659 5313 1835 5369 oratio
1866 5330 1941 5370 exi

2072 5321 2281 5391 ῥήμασι
2317 5312 2826 5388 μεγαλορῤημονῶν
2854 5311 3192 5382 εὑρίσκεται,
3246 5296 3593 5407 ἀλλὰικαὶὲιν

386 5415 574 5487 ponet.
614 5407 655 5462 A
697 5408 814 5461 solo
837 5407 949 5460 Deo
979 5406 1124 5460 enim
1151 5406 1286 5460 dicit
1321 5405 1682 5460 Alcorranum
1711 5405 1938 5475 intelligi

2070 5386 2719 5519 ἑτέροιςίέὺπεραίρὶεταιέ
2750 5402 2937 5500 καθῶς
2964 5400 3256 5519 Ξετολίγον
3283 5386 3592 5519 όυέιῗΐίἒέ

389 5476 460 5558 in)
499 5500 814 5556 hominibus
842 5513 972 5554 vero
1005 5514 1375 5570 nequaquam.
1411 5500 1679 5553 Caeterum
1705 5512 1938 5568 agnosca

2070 5476 2257 5553 λώσει.
2285 5495 2445 5565 Παρὰ
2504 5493 2614 5561 γὰρ
2651 5493 2798 5561 μόνῳ
2835 5488 2916 5560 τῷ
2964 5486 3084 5557 Θεῷ
3125 5503 3255 5557 φησι
3281 5476 3564 5595 “viminea”1

386 5595 725 5648 vanissimas
753 5596 966 5659 doctor,
992 5594 1136 5664 quod
1162 5596 1430 5664 sapientia
1458 5610 1554 5650 sua
1584 5609 1694 5648 non
1723 5608 1753 5647 e
1781 5607 1941 5659 super

2073 5590 2316 5661 Κορβάν,
2351 5585 2502 5656 παρὰ
2541 5583 2588 5637 δ’
2629 5580 2942 5650 ἀνθρώποις
2973 5578 3244 5649 οὐδαμῶς.
3281 5570 3426 5682 ’ἑλλὰ
3458 5576 3593 5682 Vtra:

396 5685 487 5746 nis
508 5691 613 5746 est.
646 5686 740 5738 sed
787 5695 1028 5751 terrena,
1061 5687 1315 5741 animalis
1336 5695 1392 5742 et
1416 5686 1772 5741 dmmoniaca.
1814 5702 1832 5735 ι
1869 5684 1941 5738 Do

2077 5659 2256 5732 σκέτω
2291 5677 2318 5728 ὁ
2361 5674 2515 5737 κενὸς
2548 5664 2704 5732 οὗτος
2733 5667 3054 5732 διδάσκαλος
3079 5667 3162 5719 ὅτι
3195 5665 3289 5719 οὐκ
3318 5659 3446 5712 ἔστιν
3471 5659 3587 5714 αῦτη

2079 5773 2108 5796 ,ι
2144 5768 2300 5796 --.-ι-
2337 5764 2546 5796 ι...,.ιι...
2600 5763 2716 5796 ων
2773 5761 3012 5796 larvam.
3041 5757 3248 5796 clam-wh
3304 5749 3386 5796 καὶ
3430 5744 3591 5796 6am-

400 5778 585 5844 )ninus
607 5776 774 5843 enim,
813 5776 992 5843 inquit
1016 5775 1206 5842 David,
1249 5778 1408 5832 ducet
1442 5786 1756 5833 mansuetos
1804 5777 1854 5830 iu
1885 5776 1941 5846 ju

2079 5773 2111 5843 ἡ
2143 5768 2303 5840 σοφία
2335 5764 2567 5831 ἄνωθεν,
2599 5763 2716 5817 ἀλλ’
2773 5761 3012 5830 ἐπίγειος
3041 5757 3266 5830 ψυχικὴ,
3304 5749 3386 5806 καὶ
3430 5749 3540 5807 δαιρ

2061 4948 2201 5018 σιὰρ
2255 4947 2330 5011 ὡς
2395 4949 2460 4999 ἔκ
2513 4944 2806 5014 προσώπου
2869 4941 2964 4996 τοῦ
3017 4942 3152 4996 Θεοῦ
3187 4941 3381 4996 οὑτωσί
3432 4946 3594 5004 φησιν·
3682 4958 3695 4964 -

2074 5041 2163 5104 Ὠς
2219 5040 2267 5092 εί
2327 5036 2654 5107 ἐπέμψαμεν
2708 5034 2864 5089 τοῦτο
2916 5035 2977 5088 τὺ
3029 5035 3247 5105 Κορρὰν
3291 5033 3368 5094 είς
3403 5028 3456 5082 ἓν
3499 5028 3593 5076 τῶν
