3928 6212
294 375 408 438 6θὸ

279 516 503 581 νεὼδης.
574 536 590 566 ι
630 516 825 587 Κύριος
880 518 989 587 γὰρ
1021 560 1035 581 ,
1114 524 1247 589 φησι
1313 525 1477 577 Δαϐὶδ
1510 568 1523 589 ,

282 610 483 674 πραεῖς
528 611 587 662 ὲν
628 611 830 678 κρίσει,
884 613 1080 678 διδάξει
1142 618 1335 683 πραεῖς
1394 618 1549 679 ὁδοὺς
1603 618 1793 671 αέτοῦ.
1838 638 1856 669 ›

283 721 314 755 1
358 702 763 771 'l‘rraprtpcivm;
802 704 880 765 δὲ,
917 709 1083 774 φησιν
1117 708 1387 779 Σολομὼν,
1420 713 1447 762 6
1481 709 1685 780 Κύριος
1716 713 1863 765 ἀντι-

283 794 595 858 τάσσεται,
653 798 932 857 ταπεινοῖς
987 796 1042 849 δὲ
1100 798 1280 851 δίδωσι
1344 802 1526 872 χάριν.
1568 821 1585 853 ι
1645 804 1702 855 ΕΞ
1755 803 1864 871 γὰρ

281 885 593 954 ἀκάθαρτος
631 885 779 954 παρὰ
806 886 925 956 Θεῴ
960 890 1065 950 πᾶς
1098 890 1515 960 ὑψηλοκάρῗιος,
1546 896 1625 956 τίς
1658 895 1862 947 ὀδυνά-

284 992 451 1043 μενος
496 976 791 1045 καθαρίσαι
835 977 1037 1045 αὑτὸνς
1085 980 1197 1032 Καὶ
1240 981 1286 1033 εί
1342 982 1368 1031 6
1428 982 1625 1052 Κύριος
1666 984 1867 1053 ὑπερη-

282 1068 482 1135 φάνοις
520 1068 968 1137 ἀντιστάσσεται,
995 1070 1080 1136 τίς
1110 1074 1138 1125 6
1192 1072 1473 1144 βοηθήσων
1526 1076 1678 1145 αὐτῷ
1711 1094 1725 1142 ;
1758 1076 1864 1130 Καὶ

283 1159 336 1209 εἰ
360 1160 387 1209 6
414 1156 614 1225 Κύριος
641 1157 902 1226 ὁδηγήσει
937 1161 1133 1227 πραεῖς
1170 1162 1227 1212 ὲν
1291 1163 1496 1232 κρίσει,
1549 1164 1752 1228 διδάξει
1806 1164 1863 1217 δὲ

284 1248 487 1313 πραεῖς
516 1246 668 1307 ὁδοὺς
700 1245 888 1311 αὐτοῦ,
924 1249 1015 1299 τὸν
1043 1247 1276 1313 ἀλαζόνα
1314 1253 1407 1303 καὶ
1439 1253 1755 1323 ἐπηρμένον
1779 1256 1862 1313 τίς

285 1337 547 1407 ὁδηγήσει
578 1339 655 1400 είς
677 1338 797 1392 ὁδὸν
827 1341 1105 1411 σωτηρίας
1174 1347 1270 1395 καὶ
1320 1343 1621 1413 ἀληθείας;
1682 1346 1747 1399 Τί
1809 1347 1864 1399 δὲ

289 1435 418 1501 περὶ
451 1431 545 1484 τοῦ
580 1431 831 1505 ψεύδους,
861 1434 889 1486 ὃ
944 1435 1238 1498 διαπαντὸς
1273 1437 1594 1508 ὑποϐάθραν
1649 1441 1743 1493 καὶ
1777 1441 1863 1493 θε-

289 1525 480 1589 μέλιον
538 1526 705 1579 αὑτοῦ
756 1526 1016 1592 τὲθεικες
1062 1528 1161 1581 Καὶ
1205 1530 1359 1583 οὐδέν
1408 1534 1525 1585 ἐστι
1572 1534 1681 1585 τῶν
1732 1535 1865 1604 παρ’

285 1617 521 1679 ἐκείνοις
552 1618 857 1687 λεχθέντων
890 1619 1117 1690 ἄμοιρον
1168 1621 1424 1688 ψεύδους,
1458 1623 1593 1677 ἀλλὰ
1647 1626 1713 1677 τὰ
1768 1626 1865 1695 μέν

286 1711 395 1761 εἱσι
446 1709 675 1763 καθόλου
702 1713 795 1765 καὶ
838 1713 1079 1781 παντελῆ
1111 1713 1285 1783 ψεύδη
1313 1714 1410 1767 καὶ
1445 1714 1763 1785 πλάσματα,
1798 1716 1865 1767 τὰ

284 1798 341 1850 δὲ
378 1790 722 1869 δραξάμενος
778 1801 959 1869 ἴχνους
988 1803 1271 1871 ἀληθείας,
1327 1805 1550 1859 πλάττει
1599 1808 1866 1877 τεράστια

1278 405 1577 465 CONTRA
1626 408 2111 467 MAHGMETEM
2156 409 2442 471 ORATIO
2486 411 2536 472 Ι.

3443 413 3549 475 606

1602 526 1861 595 ὁδηγήσει

1979 524 2137 588 ilicio,
2168 525 2397 580 docebit
2423 535 2740 582 mansuetos
2776 526 2891 581 vias
2925 540 3052 581 suas
3075 527 3137 580 “.
3176 544 3194 577 ι
3231 544 3249 579 ι
3286 524 3552 595 Snperbis

1964 618 2109 670 enim
2154 619 2333 685 inquit
2362 615 2646 682 Solomon,
2685 618 2897 672 resistit
2925 617 3222 681 Dominus;
3249 618 3552 674 humilibus

1963 708 2108 761 enim
2138 707 2231 760 dat
2256 706 2485 776 gratiam
2539 708 2603 762 ¹³.
2640 726 2658 759 ι
2716 707 2770 763 Si
2799 709 2943 762 enim
3000 709 3320 763 immundus
3368 724 3550 763 coram

1964 800 2077 853 Deo
2114 808 2421 868 reputatur,
2455 800 2715 870 quisquis
2742 800 2929 855 animo
2964 802 3267 866 extollitur,
3297 800 3550 869 quisnam

1966 891 2115 945 hunc
2174 891 2442 945 mundare
2502 892 2750 961 poterit?
2800 894 2866 947 Et
2900 892 2944 947 si
3002 892 3266 948 Dominus
3299 894 3553 963 superbis

1968 982 2194 1046 resistit,
2229 984 2353 1052 quis
2386 985 2517 1037 huic
2549 984 2916 1039 auxiliaturus
2955 984 3082 1038 est?
3115 985 3183 1039 Et.
3212 985 3258 1039 si
3284 984 3554 1040 Dominus

1966 1075 2121 1130 ducit
2169 1084 2488 1131 mansuetos
2544 1075 2597 1129 in
2646 1074 2858 1145 judicio
2886 1117 2900 1139 ,
2947 1083 3003 1129 et
3043 1082 3360 1129 mansuetos
3389 1074 3552 1130 docet

1970 1164 2084 1217 vias
2111 1179 2240 1218 suas
2263 1203 2277 1227 ,
2316 1172 2666 1234 arrogantem
2712 1174 2767 1218 et
2807 1164 3105 1233 superbum
3138 1164 3263 1233 quis
3294 1164 3461 1219 ducet
3493 1165 3549 1219 in

1969 1253 2112 1307 viam
2151 1254 2345 1307 salutis
2373 1263 2429 1307 et
2477 1252 2764 1307 veritatis?
2799 1252 2939 1318 Quid
2987 1268 3118 1307 vero
3164 1254 3232 1308 de
3260 1253 3551 1308 mendacio

1968 1344 2014 1397 is
2083 1345 2174 1413 qui
2216 1344 2321 1398 hoc
2360 1359 2459 1398 ceu
2500 1344 2673 1399 basim
2709 1354 2766 1399 et
2800 1344 3222 1399 fundamentum
3254 1361 3414 1399 suum
3437 1346 3552 1399 col-

1968 1438 2189 1497 locavit.
2227 1448 2283 1492 et
2322 1455 2350 1491 a
2381 1454 2492 1507 quo
2524 1437 2661 1492 nihil
2695 1438 2815 1493 sine
2864 1440 3149 1496 mendacio
3183 1441 3391 1494 dictum
3443 1440 3555 1494 sit?

1966 1529 2236 1583 (lictorum
2304 1530 2405 1582 alia
2463 1530 2687 1598 quidem
2752 1531 2805 1583 in
2861 1532 3181 1586 universum
3226 1542 3283 1587 et
3330 1532 3555 1586 omnino

1968 1621 2102 1676 falsa
2152 1634 2207 1675 et
2242 1620 2364 1674 (icta
2398 1629 2548 1683 sunt,
2582 1622 2684 1674 alia
2714 1636 2865 1687 vero,
2902 1622 3151 1676 veritatis
3185 1622 3407 1691 aliquod
3464 1637 3557 1677 ve-

1968 1713 2190 1783 stigium
2235 1722 2450 1777 nactos,
2487 1712 2801 1783 prodigiosa
2836 1715 3063 1768 omnino
3091 1724 3145 1769 et
3183 1714 3419 1769 absurda
3458 1713 3555 1768 fin-

1968 1808 2065 1867 git.
2102 1805 2167 1860 Et
2200 1804 2663 1875 quemadmodum
2693 1806 2877 1858 nullus
2903 1814 2987 1859 est
3010 1820 3293 1869 sensuum,
3326 1806 3418 1873 qui
3446 1820 3555 1859 non

285 1890 381 1942 καὶ
408 1890 681 1944 ἀλλόκοτα
754 1892 1080 1963 πράγματα.
1147 1894 1257 1948 Καὶ
1304 1895 1495 1969 ὥσπερ
1568 1899 1667 1951 οὐκ
1718 1900 1867 1955 ἔστιν

1979 1907 2119 1951 tactu
2156 1899 2330 1951 instar
2364 1897 2605 1952 vehiculi
2638 1905 2841 1957 utatur;
2874 1898 2953 1951 sic
3008 1896 3190 1951 nullus
3225 1906 3307 1951 est
3354 1896 3423 1950 ab
3452 1896 3557 1951 hoc

283 1983 540 2052 αἴσθησις
565 1986 598 2053 ἡ
627 1984 702 2053 μὴ
730 1984 927 2055 ἔχουσα
958 1986 1056 2058 τὴν
1081 1988 1227 2057 ἁφὴν
1276 1990 1466 2062 ὥσπερ
1498 1991 1593 2061 δχη
1606 2010 1700 2061 μα,
1727 1993 1870 2046 οὕτω

283 2074 405 2127 οὐδὲ
434 2074 598 2142 λόγος
637 2075 852 2146 λεχθεὶς
902 2079 1035 2149 παρ’
1070 2080 1304 2148 ἐκείνου,
1363 2083 1511 2145 ὅστις
1566 2085 1665 2137 οὐκ
1720 2085 1868 2138 ἔστιν

283 2166 481 2236 ψεῦδος
510 2168 703 2235 σαφὲς,
751 2168 784 2238 ἦ
825 2170 1007 2240 μίγμα
1043 2171 1279 2241 ψεύδους
1314 2174 1409 2227 καὶ
1456 2175 1735 2243 ἀληθείας.
1771 2177 1868 2244 Τίς

288 2258 394 2324 γὰρ
422 2257 532 2310 τῶν
556 2258 807 2313 ὁπωσοῦν
840 2260 1074 2331 ἐχόντων
1112 2264 1315 2331 γνῶσιν
1353 2266 1415 2319 οὐ
1454 2267 1731 2336 λογίσεται
1763 2287 1864 2322 κα·

298 2348 462 2419 θαρδν
484 2350 707 2421 πλάσμα
745 2354 839 2404 καὶ
864 2352 1082 2422 ψεῦδος,
1110 2357 1190 2409 ὅτι
1228 2356 1535 2412 διαϐάλλων
1576 2362 1668 2413 τὸν
1696 2360 1853 2423 Θεὸν,

303 2441 452 2506 λέγει
506 2443 754 2511 περὶτοῦ
808 2443 1027 2515 Κορῤάν
1081 2448 1155 2510 ὠς
1214 2450 1278 2503 ἐκ
1322 2449 1618 2520 προσώπου
1675 2452 1866 2517 αὐτοῦ,

302 2531 381 2582 ὅτι
414 2530 471 2582 Ei
500 2533 577 2595 είς
613 2532 672 2584 ἓν
704 2533 813 2585 τῶν
846 2533 1018 2605 ὀρέων
1074 2538 1404 2609 ἐπέμψαμεν
1438 2539 1591 2602 αὐτὸ,
1644 2540 1868 2610 σχισθῆ-

299 2640 381 2674 ναι
408 2623 636 2693 ἔμελλεν
672 2624 737 2678 ἂν
768 2625 871 2679 ὑπὸ
920 2626 1014 2679 τοῦ
1063 2627 1234 2696 φόϐου
1298 2630 1392 2682 καὶ
1436 2630 1534 2697 τῆς
1574 2630 1865 2695 εὐλαϐείας

289 2716 477 2769 αὑτοῦ.
528 2717 694 2770 Ἀλλὰ
737 2718 835 2771 καὶ
886 2721 1015 2790 περὶ
1045 2721 1138 2773 τοῦ
1176 2722 1439 2792 ἄρχοντος
1490 2724 1528 2776 Γ
1533 2724 1754 2792 αϐριὴλ,
1790 2725 1866 2787 ὡς

285 2810 416 2864 ὅταν
446 2810 592 2881 φέρῃ
623 2809 814 2864 τοῦτον
847 2812 1236 2883 διαλεγόμενον
1265 2814 1415 2884 αὐτῴ
1444 2816 1502 2869 ἐν
1540 2819 1603 2887 τῇ
1631 2816 1749 2888 ὥρᾳ
1772 2817 1866 2868 τοῦ

288 2904 499 2966 πάθους
521 2904 709 2957 αὐτοῦ.

361 3003 414 3049 ι’.
442 2996 547 3050 Καὶ
581 2998 713 3067 περὶ
740 2998 833 3051 τοῦ
866 2999 1130 3068 evagato;
1161 3001 1326 3054 αὐτοῦ
1352 3001 1442 3054 τοῦ
1494 3004 1768 3073 Μωάμεθν
1796 3005 1871 3067 ὡς

286 3090 606 3167 εὑρίσκεται
633 3091 691 3154 ἐξ
731 3092 902 3146 ἀϊδίου
945 3095 1337 3164 γεγραμμένον
1396 3097 1455 3149 ὲν
1507 3099 1619 3161 τοῖς
1678 3097 1872 3162 δεξιοῖς

292 3186 489 3254 μέρεσι
521 3184 617 3238 τοῦ
649 3186 967 3241 δεσποτικοῦ
1000 3187 1189 3258 θρόνου
1220 3192 1277 3241 ὲν
1297 3188 1372 3258 τῷ
1396 3190 1655 3261 ἀνωτέρω
1691 3192 1867 3261 μέρει.

286 3276 399 3329 Καὶ
438 3276 520 3328 ὅτι
549 3276 679 3347 περὶ
706 3276 872 3329 αὐτοῦ
907 3279 1269 3349 προφητεύων
1294 3283 1321 3334 6
1343 3282 1581 3351 Χριστὸς
1605 3284 1714 3345 τοῖς
1737 3283 1871 3344 υἱοῖς

302 3365 542 3434 Ἰσραὴλ,
591 3366 765 3429 οὕτως
800 3370 1038 3441 εἴρηκεν,
1102 3371 1543 3441 Εὑαγγελίζομαι
1592 3374 1720 3443 ὑμῖν
1784 3374 1873 3427 τὸν

288 3458 591 3512 ἁπῧστολον
617 3460 709 3511 τοῦ
761 3459 916 3525 Θεοῦ,
948 3461 1037 3514 τὸν
1090 3462 1288 3532 ἥξοντα
1352 3466 1469 3534 μετ’
1511 3464 1633 3533 ἐμὲ,
1688 3467 1778 3519 καὶ
1815 3467 1874 3518 τὸ

287 3553 461 3620 ὄνομα
493 3551 658 3605 αὑτοῦ
689 3553 955 3623 Μωάμεθ.
1003 3556 1157 3608 Ἐπεὶ
1183 3556 1240 3609 δὲ
1282 3556 1405 3610 οὔτε
1438 3561 1497 3610 ὲν
1550 3562 1616 3629 τῇ
1662 3560 1876 3629 Παλαιᾷ

289 3644 605 3712 εὑρίσκεται
630 3645 845 3716 Γρασῇ,
886 3645 1009 3699 οὔτε
1037 3648 1093 3699 ἐν
1126 3650 1190 3718 τῇ
1227 3648 1363 3718 Νέᾳ,
1394 3650 1509 3702 ἀλλ’
1561 3651 1674 3703 ἐστι
1708 3654 1876 3720 σαφὲς

286 3736 509 3804 ψεῦδος,
541 3737 817 3807 ἐκήρυξαν
851 3740 944 3791 καὶ
977 3739 1289 3792 ἐπλάσαντσ
1315 3743 1363 3795 οἱ
1394 3743 1604 3795 ἐκείνου
1638 3743 1876 3813 διάδοχοι

284 3829 361 3889 ὡς
398 3827 557 3895 δῆθεν
576 3828 755 3897 φθόνῳ
778 3829 1074 3898 τρωθέντες
1106 3831 1356 3894 ἐξέϐαλον
1376 3832 1507 3886 αὐτὸ
1528 3835 1577 3885 οἱ
1613 3834 1713 3903 μὲν
1746 3836 1880 3887 Ἰου-

284 3920 425 3973 δαῖοι
464 3919 692 3988 ἀπὸ-τῆς
723 3920 960 3984 παλαιᾶς
989 3922 1236 3993 Γραφῆς,
1260 3925 1306 3976 οξ
1330 3924 1385 3977 δὲ
1425 3926 1744 3995 Χριστιανοὶ
1772 3927 1879 3980 ἀπὸ

284 4011 384 4063 τοῦ
410 4010 764 4079 Εὐαγγελξου.
781 4012 971 4083 ⁹Ημεῖς
996 4014 1052 4067 δὲ
1071 4014 1226 4069 τοῦτο
1244 4017 1455 4089 τρανῶς
1475 4021 1531 4071 ὲν
1554 4023 1620 4090 τῇ
1645 4020 1878 4093 τετάρτῃ

284 4103 557 4173 ἀπολογία
582 4102 924 4171 ὲλέγξαντες,
958 4106 1320 4178 ἀπεδείξαμεν
1380 4110 1526 4174 ὅπως
1561 4112 1677 4164 ἐστὶ
1714 4112 1880 4181 σαφὲς

286 4196 513 4262 ψεῦδος.
554 4196 654 4249 Διὰ
702 4196 859 4249 τοῦτο
900 4200 1159 4269 περισσὸν
1198 4202 1293 4253 καὶ
1339 4202 1613 4272 παρέλκον
1644 4203 1877 4273 ἥγημαι,

286 4292 358 4343 τὰ
390 4290 528 4341 αὐτὰ
556 4291 649 4342 καὶ
676 4294 801 4360 περὶ
825 4292 931 4344 τῶν
951 4293 1129 4346 αὐτῶν
1155 4294 1413 4358 πολλάκις
1451 4299 1766 4367 ἐπιχειρεῖν.

366 4388 458 4436 ια’.
493 4383 636 4446 Ἔτι,
667 4384 780 4437 Οὐκ
806 4379 989 4453 ἦλθον,
1046 4387 1201 4457 φησὶ,
1231 4388 1318 4440 διὰ
1370 4389 1681 4457 θαυμάτων,
1750 4390 1885 4442 ἀλλὰ

287 4474 378 4525 διὰ
406 4472 592 4542 ξίφους
646 4476 740 4527 καὶ
766 4477 1035 4544 τιμωρίας
1061 4494 1073 4509 ο
1116 4479 1210 4531 καὶ
1262 4482 1372 4541 τοῖς
1431 4482 1505 4550 μὴ
1545 4482 1884 4549 πειθομένοις

1897 3229 1943 3293 C

1970 1989 2154 2043 dictus
2181 2004 2401 2053 sermo,
2472 1989 2564 2057 qui
2618 2004 2727 2042 non
2758 1998 2855 2043 aut
2899 1988 3189 2043 manifeste
3224 1988 3457 2043 mendax
3502 1996 3557 2042 et

1972 2078 2139 2133 falsus
2167 2079 2261 2143 sit,
2294 2088 2387 2133 aut
2414 2095 2477 2131 cx
2511 2077 2800 2132 mendacio
2830 2086 2881 2133 et
2910 2078 3148 2132 veritate
3177 2077 3393 2131 mistus.
3421 2075 3557 2141 Quis

1971 2172 2120 2226 enim
2153 2172 2240 2226 vel
2283 2172 2494 2225 tantilla
2526 2170 2841 2239 cognitione
2878 2168 3162 2238 praeditus,
3198 2183 3309 2220 non
3334 2165 3556 2235 judica-

1976 2276 2058 2317 rct
2092 2266 2232 2318 inter
2258 2263 2485 2330 simplex
2514 2262 2830 2332 ﬁgmentum
2890 2260 3239 2328 falsumque?
3268 2257 3414 2327 quod
3445 2257 3557 2310 Dco

1974 2360 2308 2419 obtrectans,
2340 2356 2408 2409 de
2443 2354 2747 2408 Alcorrano
2786 2354 2942 2423 quasi
2970 2353 3025 2407 in
3067 2351 3290 2421 pr0pria
3316 2364 3556 2419 persona

1972 2449 2239 2520 loquitur,
2274 2447 2429 2513 Quod
2471 2447 2515 2501 si
2558 2448 2612 2500 in
2658 2446 2895 2515 aliquem
2940 2445 3214 2500 montium
3244 2445 3559 2498 miserimus

1980 2541 2156 2605 illum,
2193 2541 2574 2608 disrumpetur
2611 2539 2803 2606 utique
2834 2551 2949 2607 prae
2980 2537 3177 2590 timore
3209 2545 3265 2589 et
3294 2531 3559 2603 religione

1974 2635 2179 2704 hujus;
2238 2632 2371 2701 quin
2424 2631 2596 2685 etiam
2628 2629 2752 2684 -boc
2808 2629 2876 2684 de
2922 2626 3253 2696 archangelo
3294 2624 3558 2694 Gabriel',

1974 2741 2137 2796 quem
2172 2725 2275 2779 sub
2321 2731 2569 2791 tempore
2635 2720 2812 2776 morbi
2849 2719 2935 2775 sui
3001 2733 3191 2775 secum
3238 2719 3558 2788 loquentem

1977 2818 2208 2875 inducit.

2046 3004 2133 3060 10,
2175 3004 2471 3065 Praeterea,
2504 3000 2649 3071 quod
2672 3000 2741 3055 de
2775 3000 2999 3055 nomine
3031 3013 3133 3055 suo
3170 2998 3446 3054 Mahomet
3482 2998 3561 3054 ef-

1976 3097 2154 3162 ﬁnxit,
2186 3096 2333 3166 quod
2358 3111 2424 3150 ex
2452 3104 2659 3149 mterno
2676 3092 2943 3162 scriptum
2978 3091 3292 3145 inveniatur
3322 3090 3377 3144 in
3410 3091 3559 3145 fasti-

1974 3191 2064 3259 gio
2103 3188 2311 3243 dextra:
2364 3186 2539 3256 partis
2574 3185 2754 3239 throni
2790 3184 2961 3239 divini
2997 3201 3013 3240 :
3047 3183 3307 3253 quodque
3365 3183 3431 3238 de
3464 3182 3559 3237 illo

1975 3278 2309 3335 vaticinatus
2337 3277 2593 3331 Christus
2643 3276 2771 3331 ﬁliis
2798 3276 2968 3331 lsrael
3003 3275 3245 3330 dixerit:
3276 3275 3559 3330 Annuntio

1976 3371 2153 3433 vobis,
2196 3370 2502 3440 apostolum
2539 3368 2635 3423 Dei
2667 3377 2965 3423 venturum
3006 3376 3133 3437 post
3187 3379 3276 3422 me
3304 3406 3318 3431 ,
3354 3382 3556 3421 nomen

1978 3463 2057 3517 illi
2091 3462 2387 3515 Mahomet.
2427 3458 2721 3514 Cnnh'ero
2750 3475 2850 3514 nec
2874 3460 2929 3512 in
2962 3457 3148 3514 Veteri
3181 3474 3285 3513 nec
3321 3460 3374 3512 in
3404 3458 3558 3512 Novo

1982 3556 2337 3610 Testamento
2401 3552 2718 3625 hujusmodi
2780 3553 3053 3621 scriptura
3123 3551 3454 3613 inveniatur,
3503 3560 3559 3605 et

1978 3646 2327 3702 mendacium
2386 3645 2458 3699 sit
2490 3643 2923 3713 apertissimum,
2961 3642 3222 3697 dixerunt
3254 3642 3560 3697 ﬁnxerunt-

1980 3753 2086 3807 que
2120 3751 2468 3791 successores
2495 3734 2678 3805 hujus,
2708 3734 2976 3804 quosdam
3028 3733 3234 3788 invidia
3283 3742 3461 3789 motos
3493 3732 3560 3786 il-

1980 3827 2073 3882 lud
2107 3827 2477 3896 expunxisse,
2511 3825 2731 3881 Judaaos
2770 3825 2992 3895 quidem
3040 3840 3106 3879 ex
3144 3824 3319 3880 veteri
3368 3823 3563 3879 Testa-

1980 3930 2192 3991 mento,
2221 3918 2566 3974 Christianos
2599 3925 2783 3971 autem
2830 3932 2895 3971 ex
2942 3915 3260 3987 Evangelio.
3290 3916 3402 3971 Nos
3425 3931 3554 3970 vero

1983 4010 2225 4065 dilucide
2257 4009 2363 4064 hoc
2395 4008 2451 4062 in
2484 4016 2679 4078 quarta
2706 4007 2970 4077 ApoIOgia
3004 4007 3309 4072 confutato,
3333 4007 3562 4062 demon-

1984 4102 2285 4155 stravimus
2309 4116 2474 4169 quam
2502 4109 2689 4169 aperte
2715 4098 2822 4155 hoc
2852 4099 3048 4155 falsum
3088 4099 3193 4167 sit;
3225 4108 3560 4170 quapropter

1985 4208 2458 4263 supervacaneum
2516 4202 2570 4246 et
2631 4193 3006 4263 importunum
3037 4191 3329 4259 existimo,
3367 4193 3558 4249 eadem

1984 4298 2035 4339 et
2065 4286 2132 4340 dc
2167 4286 2356 4339 iisdem
2396 4284 2593 4353 saepius
2620 4287 2919 4354 disputare.

2060 4378 2145 4429 ll.
2178 4377 2257 4430 Ad
2309 4377 2424 4430 haec
2460 4396 2472 4431 :
2508 4377 2624 4431 Non
2660 4376 2783 4429 veni
2814 4416 2828 4438 ,
2887 4376 3085 4447 inquit,
3128 4393 3227 4448 per
3257 4378 3519 4460 miracula
3544 4421 3560 4445 ,

1987 4467 2081 4521 sed
2128 4484 2226 4537 per
2265 4467 2502 4536 gladium
2554 4476 2610 4521 et
2658 4466 2948 4535 supplicia,
2998 4468 3177 4537 iisque
3207 4468 3303 4538 qui
3355 4476 3561 4524 nostra:

287 4564 378 4636 τῷ¹
404 4567 657 4638 ἡμετέρῳ
681 4567 833 4638 νόμῳ
863 4570 956 4623 καὶ
993 4573 1057 4641 τῇ
1109 4571 1321 4641 διδαχῇ,
1356 4572 1585 4635 θάνατος
1630 4574 1785 4627 ἔσται
1840 4577 1868 4645 ἡ

1985 4560 2091 4629 legi
2122 4569 2177 4614 et
2206 4560 2472 4615 doctrina:
2499 4574 2610 4614 non
2629 4558 2919 4624 obediunt,
2951 4560 3145 4615 mortis
3171 4575 3329 4630 poma
3360 4561 3574 4616 conslia.

288 4659 555 4728 τιμωρία,
586 4661 617 4731 ἢ
654 4661 854 4731 φόρους
913 4661 1228 4715 διδότωσαν.
1272 4663 1336 4714 Τί
1403 4662 1605 4730 τοῦτο;
1656 4665 1879 4728 Πάντως

289 4750 391 4799 οὐκ
417 4749 631 4820 άλλο,ή
676 4749 998 4819 βουλόμενος
1046 4751 1339 4805 συσκιάσαι
1394 4753 1493 4822 τὴν
1544 4752 1739 4806 ἑαυτοῦ
1776 4773 1880 4823 μα-

289 4838 552 4908 ταιότητα
613 4840 706 4893 καὶ
761 4840 1081 4906 ἀσθένειαν,
1136 4841 1259 4892 ἐπεὶ
1292 4839 1415 4895 οὔτε
1462 4841 1560 4913 τὴν
1616 4844 1723 4896 ἀπὸ
1774 4844 1881 4896 τῶν

292 4928 553 4998 Γραφῶν,
596 4928 721 4981 οὔτε
774 4930 872 5000 τὴν
903 4930 995 4982 διὰ
1060 4929 1351 4999 θαυμάτων
1393 4928 1506 5003 εἶχε
1570 4934 1883 5003 μαρτυρίαν

291 5020 390 5070 καὶ
431 5020 499 5070 τὰ
527 5019 718 5083 πιστὰ,
752 5022 1065 5088 μηχανᾶται
1090 5020 1179 5073 τὸν
1207 5021 1389 5087 φόνον,
1420 5024 1506 5073 ἵνα
1538 5022 1627 5074 διά
1659 5022 1753 5075 τοῦ
1792 5024 1884 5092 96-

292 5112 392 5163 6ου
428 5112 641 5182 ὲκερύγῃ
678 5112 768 5164 τὸν
817 5112 1057 5183 ἔλεγχον,
1116 5114 1144 5164 ὃ
1182 5114 1275 5165 καὶ
1329 5114 1566 5182 γέγονεν.
1628 5116 1719 5185 Τῷ
1769 5119 1877 5187 γὰρ

293 5202 449 5270 φόϐῳ
496 5201 590 5255 τοῦ
628 5204 857 5255 θανάτου
896 5204 1289 5277 παρῃτήσαντο
1341 5205 1442 5273 μὲν
1498 5205 1589 5258 τὸν
1631 5206 1875 5275 ἔλεγχον,

295 5292 501 5358 μᾶλλον
528 5292 712 5359 δὲτὴν
759 5290 1041 5360 ἀλήθειαν,
1080 5293 1173 5344 καὶ
1211 5293 1532 5361 ἠσπάσαντο
1566 5294 1625 5347 τὸ
1679 5277 1873 5363 ψεῦδος

295 5383 393 5433 καὶ
422 5380 522 5451 τὴν
554 5381 849 5435 ἀπώλειαν.
883 5383 1047 5435 Ὥστε
1080 5386 1173 5437 καὶ
1199 5387 1247 5436 οἱ
1294 5384 1527 5455 διάδοχοι
1570 5386 1758 5439 τούτου
1808 5390 1872 5457 τῇ

294 5473 418 5543 ὥρᾳ
470 5473 565 5539 τῆς
616 5474 963 5538 διδασκαλίας
1018 5476 1219 5538 αὐτῶν,
1262 5477 1412 5543 ξίφος
1458 5477 1745 5545 γυμνοῦσι,
1782 5480 1875 5532 καὶ

297 5564 512 5618 τιθέασι
551 5564 716 5633 μέσον
749 5566 950 5631 αὐτῶν,
984 5567 1233 5633 λέγοντες
1264 5567 1338 5630 ὡς
1367 5571 1429 5621 ἐκ
1454 5568 1748 5637 προσώπου
1780 5568 1873 5621 τοῦ

300 5654 570 5725 Μωάμεθ,
603 5653 738 5709 Τάδε
770 5659 933 5726 φησὶν
962 5659 989 5710 6
1022 5658 1328 5728 προφήτης·
1367 5660 1574 5729 Μέχρις
1610 5660 1673 5713 ἂν
1706 5658 1765 5712 τὸ
1794 5658 1875 5726 ξί-

374 5814 417 5844 "
452 5811 597 5866 Psal.
637 5828 785 5880 πυτ,
814 5813 863 5868 9.
946 5817 988 5847 ”
1029 5816 1190 5871 Prov.
1223 5833 1300 5874 nt.
1330 5818 1417 5871 Si.

1987 4660 2195 4715 tuatnr,
2254 4659 2350 4704 aut
2404 4650 2608 4704 tributa
2656 4648 2922 4720 pendant.
2953 4650 3224 4715 Quidnam
3259 4651 3402 4705 hoc?
3440 4651 3562 4706 Non

1985 4742 2135 4797 aliud
2171 4750 2342 4808 certe,
2381 4757 2545 4811 quam
2578 4751 2760 4812 tegere
2799 4741 2991 4796 volens
3030 4757 3184 4797 suam
3225 4742 3398 4811 ipsius
3427 4742 3564 4796 stul-

1985 4836 2163 4889 titiam
2193 4843 2249 4889 et
2287 4832 2687 4897 inﬁrmitatem,
2715 4848 2838 4889 cum
2868 4847 2972 4887 nec
3008 4832 3413 4902 Scripturarum
3462 4846 3573 4885 nec-

1984 4927 2373 4981 miraculorum
2432 4925 2763 4979 auctoritate
2820 4924 2979 4977 ﬁdem
3029 4923 3339 4988 inveniret,
3387 4922 3572 4977 credes.

1985 5019 2263 5081 adornat,
2328 5028 2388 5070 ut
2445 5018 2641 5071 timore
2696 5015 3181 5075 reprehensionem
3243 5014 3509 5084 ellugeret
3545 5053 3575 5083 ,λ

1984 5110 2132 5180 quod
2165 5109 2334 5163 etiam
2391 5108 2598 5163 evenit.
2631 5108 2851 5162 Timore
2904 5107 3052 5161 enim
3090 5107 3282 5161 mortis
3314 5105 3567 5161 confuta-

1989 5186 2367 5267 tionem,'imo
2400 5202 2686 5256 veritatem
2709 5201 3117 5265 devitaverunt,
3148 5209 3204 5254 et
3222 5199 3576 5260 mendacium,

1984 5293 2276 5363 amplexati
2336 5300 2503 5358 sunt,
2544 5302 2710 5361 atque
2746 5290 3112 5362 perditionem
3160 5308 3174 5344 :
3221 5291 3358 5345 adeo
3409 5298 3470 5343 ut
3508 5299 3573 5349 et

1984 5399 2337 5441 successores
2365 5383 2530 5452 hujus
2558 5398 2625 5437 eo
2649 5391 2916 5452 tempore,
2940 5396 3051 5452 quo
3078 5381 3383 5436 doctrinam
3410 5394 3571 5441 suam

1983 5477 2282 5547 explicant,
2315 5474 2569 5529 strictum
2604 5473 2844 5541 gladium
2872 5474 2926 5527 in
2952 5473 3192 5529 medium
3227 5472 3446 5527 illorum
3472 5470 3567 5525 dce

1987 5578 2217 5638 ponant,
2251 5576 2510 5637 tanquam
2542 5567 2645 5622 sub
2670 5565 2995 5621 Mahometis
3018 5580 3252 5635 persona
3285 5564 3565 5624 dicentes;

1988 5658 2111 5714 llaec
2148 5658 2281 5714 dicit
2313 5658 2579 5728 propheta
2618 5675 2629 5712 :
2664 5656 2853 5725 Quoad
2897 5656 3111 5728 gladius
3140 5664 3460 5733 permanet,
3494 5670 3570 5723 en
