3928 6212
377 365 483 429 607

1561 358 1689 420 JOA
1702 356 1802 417 NN
1817 358 1884 416 IS
1926 356 2453 418 CANTACUZENI

376 486 544 539 etiam
577 498 695 538 mea
743 482 827 535 lex
876 491 1195 550 permanet;
1246 480 1425 549 gladio
1475 490 1655 533 autem
1695 479 1949 537 sublato,

2088 493 2155 536 to;
2191 477 2427 541 ἵσταται,
2471 477 2580 531 ἰδοὺ
2609 475 2748 531 καὶὸ
2784 477 2915 547 ἐμὸς
2952 478 3115 546 νόμος
3156 476 3397 532 ἵσταται.
3424 477 3627 547 Παρελ-

380 578 546 632 etiam
584 577 674 629 illa
708 575 1045 628 destruetur.
1077 573 1143 626 Et
1178 574 1321 642 quod
1363 583 1678 641 peccatores
1729 575 1950 643 quidem

380 670 622 739 gladium
653 682 810 720 suum
853 673 1041 719 contra
1088 667 1345 719 Davidem
1376 668 1721 731 strinxerint,
1776 676 1830 721 et
1876 668 1956 719 in—

385 758 663 813 tenderint
707 772 870 809 arcus
909 772 1038 810 suos
1071 757 1135 809 ad
1180 757 1487 811 feriendum
1537 768 1718 812 rectos
1764 761 1953 821 corde,

385 846 673 901 manifesto
727 854 963 899 constat.
1010 845 1115 898 Sed
1168 846 1381 912 gladius
1426 848 1669 915 ipsorum
1712 856 1958 902 transeat

385 942 439 993 in
473 955 565 993 cor
596 954 816 999 eorum,
855 948 909 992 et
936 955 1098 993 arcus
1144 940 1356 992 illorum
1405 948 1780 994 conterantur.
1810 943 1959 1006 Quo-

387 1031 530 1085 niam
565 1031 789 1084 brachia
818 1040 1168 1097 peccatorum
1201 1040 1579 1098 conterentur,
1620 1033 1793 1102 iniqui
1829 1049 1960 1087 vero

387 1120 772 1189 expellentnr,
825 1129 881 1174 ct
939 1137 1126 1176 semen
1186 1122 1476 1191 impiorum
1541 1126 1957 1194 exstirpabitur.

389 1210 692 1264 Paucorum
721 1211 866 1264 enim
900 1221 983 1265 est
1005 1254 1017 1276 ,
1051 1222 1106 1266 et
1152 1223 1441 1267 numeratu
1480 1214 1741 1279 facilium,
1775 1231 1870 1271 eos
1895 1216 1963 1271 dc

393 1300 653 1355 felicitate
687 1307 738 1354 t'n
774 1312 1004 1354 mortem
1054 1303 1311 1367 dejicere.
1344 1303 1691 1373 Quapropter
1720 1308 1965 1361 veritatis

395 1400 559 1443 testes
618 1400 670 1443 et
705 1393 884 1461 magni
939 1402 992 1446 (ἰ
1043 1395 1254 1458 sancti,
1292 1403 1347 1447 et
1398 1397 1548 1464 regni
1582 1396 1675 1449 Dei
1724 1397 1968 1451 Ιιίιεινοιίρς

395 1482 520 1537 facti
556 1494 702 1538 sunt.

470 1664 555 1717 '2.
589 1665 757 1721 Porro
777 1669 937 1723 etiam
976 1671 1079 1725 hoc
1111 1672 1358 1741 prmeipit
1392 1671 1683 1740 Mahomet,
1718 1691 1786 1729 ne
1822 1676 1968 1744 quis—

398 1761 560 1823 Quam
588 1759 669 1810 sui
704 1760 1066 1815 ordinis‘cum
1098 1763 1282 1831 aliquo
1308 1764 1745 1818 Christianorum
1780 1766 1970 1835 dispu-

403 1857 501 1905 tet.
541 1864 695 1903 suam
726 1849 905 1919 ipsius
938 1854 1308 1910 inﬁrmitatem
1346 1868 1618 1912 metuens.
1652 1858 1791 1924 Quin
1828 1860 1969 1913 idem

401 1954 595 1995 rursus
625 1943 752 1997 alibi
786 1946 1087 2011 interdicit,
1126 1964 1193 2002 ne
1226 1950 1350 2018 quis
1392 1951 1634 2020 disputet
1662 1951 1844 2005 verbis
1876 1953 1976 2005 du-

402 2031 479 2085 ris
529 2045 583 2085 et
615 2035 831 2089 acerbis
881 2052 1002 2090 cum
1043 2040 1227 2108 aliquo
1258 2042 1484 2097 alterius
1526 2053 1686 2097 sectm
1721 2043 1974 2107 homine,

403 2123 498 2176 sed
532 2125 752 2181 blandis
790 2146 801 2180 :
836 2128 953 2181 Non
989 2131 1159 2195 enim,
1199 2132 1398 2201 inquit,
1439 2134 1677 2188 hominis
1713 2147 1790 2188 est
1825 2151 1977 2189 com—

403 2227 630 2284 ponere,
664 2219 758 2272 sed
810 2220 982 2275 solius
1014 2222 1145 2286 Dei;
1174 2232 1221 2276 et
1255 2243 1267 2279 :
1305 2223 1514 2292 Singuli
1563 2225 1630 2278 de
1667 2225 1863 2294 seipsis
1891 2241 1978 2280 so-

403 2302 494 2368 lis,
525 2316 578 2359 et
624 2322 734 2361 non
764 2308 831 2362 de
864 2310 987 2363 aliis
1022 2312 1291 2365 rationem
1324 2313 1587 2368 reddant.
1623 2314 1701 2368 En
1735 2315 1837 2369 sibi
1874 2316 1979 2385 ipsi

405 2397 810 2461 contradicens,
842 2408 898 2454 et
927 2403 1262 2458 contrarius.
1311 2404 1430 2458 Non
1464 2406 1610 2460 enim
1640 2408 1692 2460 in
1731 2407 1835 2461 hoc
1866 2418 1983 2463 tan-

409 2494 523 2538 tum
556 2489 761 2555 capite,
796 2489 891 2542 sed
926 2491 979 2544 in
1025 2501 1134 2546 tota
1162 2494 1281 2563 lege
1310 2510 1404 2548 sua
1441 2497 1735 2563 instabilis,
1771 2499 1982 2554 inordi-

409 2587 570 2631 natus
596 2588 650 2631 et
679 2578 965 2635 dissimilis
993 2584 1096 2637 sibi
1131 2596 1379 2653 apparet,
1411 2597 1467 2640 ct
1501 2587 1555 2641 in
1586 2589 1843 2644 omnibus
1868 2590 1982 2645 fere

407 2668 631 2737 scriptis
656 2669 771 2723 suis
805 2671 920 2739 ipse
939 2676 1182 2741 seipsum
1210 2677 1493 2731 confutare
1527 2680 1978 2747 deprehenditur.

409 2756 886 2823 Quemadmodum
937 2765 1083 2818 enim
1122 2776 1305 2822 mente
1363 2779 1556 2838 captus
1613 2781 1669 2825 et
1723 2772 1982 2841 ignorans

410 2864 660 2918 quamam
692 2862 1013 2921 argumenta
1051 2856 1159 2911 sint
1191 2867 1244 2911 et
1270 2858 1542 2929 dogmata,
1573 2861 1641 2916 de
1664 2864 1865 2932 quibus
1898 2865 1984 2919 di-

409 2960 538 3000 cere
570 2946 832 3013 instituit,
866 2964 1116 3018 qurenam
1139 2954 1248 3006 sint
1285 2954 1484 3017 media,
1510 2964 1564 3009 et
1588 2956 1809 3023 quinam
1838 2958 1985 3013 linis:

413 3035 493 3089 sic
525 3036 694 3090 etiam
743 3038 797 3092 in
833 3042 1055 3111 scriptis
1089 3042 1204 3096 suis
1237 3045 1365 3111 agit.
1395 3044 1517 3098 Non
1563 3047 1709 3100 enim
1744 3056 1985 3102 tantum-

2000 1808 2047 1868 B

2059 568 2242 630 Θόντος
2274 569 2328 620 δὲ
2359 570 2451 621 τοῦ
2487 569 2693 637 ξίφους,
2728 570 2821 623 καὶ
2845 572 2872 622 6
2898 570 3059 639 νόμος
3092 568 3409 637 λυθήσεται.
3431 569 3538 620 Kal
3556 569 3630 621 ὅτι

2064 661 2161 729 μὲν
2190 659 2463 731 ῥομφαίαν
2518 662 2827 714 ἐσπάσαντο
2878 662 2927 713 οἱ
2977 661 3298 730 ἁμαρτωλοὶ
3355 660 3496 713 κατά
3548 664 3631 713 τόν

2060 751 2244 815 Δαὸὶδ,
2272 754 2362 804 καὶ
2399 752 2675 805 ἐνέτειναν
2713 751 2866 816 τόξον
2889 750 3066 804 αὐτῶν
3123 748 3215 803 τοῦ
3274 751 3473 818 σφάξαι
3515 751 3633 811 τοὺς

2061 843 2237 905 εύθεῖς
2266 846 2333 913 τῇ
2364 843 2584 915 καρδίᾳ,
2619 843 2775 896 τοῦτο
2806 843 3072 913 πρόδηλον
3096 843 3189 895 καὶ
3227 842 3486 909 φανερὸν,
3527 842 3634 894 ἀλλ’

2065 938 2370 1007 ὴρομφαία
2412 938 2591 989 αὐτῶν
2632 936 2860 988 εἰσέλθοι
2908 936 2987 998 είς
3022 935 3120 997 τὰς
3175 934 3413 1003 καρδίας
3444 934 3633 999 αὐτῶν,

2064 1029 2158 1081 καὶ
2186 1030 2252 1081 τὰ
2285 1028 2412 1092 τόξα
2437 1027 2613 1080 αὐτῶν
2651 1025 2997 1096 συντριϐείη,
3036 1026 3121 1079 ὅτι
3159 1025 3447 1096 βραχίονες
3473 1026 3638 1095 ἀμαρ-

2064 1120 2250 1172 τωλῶν
2305 1120 2776 1191 συντριϐήσονται,
2816 1117 3007 1187 ἄνομοι
3056 1118 3111 1171 δὲ
3153 1117 3629 1187 ἐκδιωχθήσονται,

2066 1212 2157 1264 καὶ
2187 1211 2407 1281 σπέρμα
2437 1211 2650 1265 ἀσεϐῶν
2688 1208 3224 1279 ἐξολοθρευθὴσεται.
3268 1208 3394 1259 Τῶν
3427 1208 3641 1276 γάρόλί-

2069 1320 2180 1368 γων
2213 1302 2306 1354 καὶ
2340 1302 2725 1371 εὐαριθμήτων
2753 1304 2867 1353 ἐστὶ
2907 1301 2967 1353 τό
3019 1301 3231 1370 ῥίπτειν
3268 1300 3496 1360 ἑαυτοὺς
3514 1299 3640 1367 ὑπὲρ

2070 1396 2163 1448 τοῦ
2197 1394 2401 1462 ἀγαθοῦ
2428 1397 2505 1457 εἰς
2529 1394 2778 1449 Θάνατον.
2818 1396 2915 1447 Διά
2947 1393 3105 1447 τοῦτο
3144 1395 3256 1464 γὰρ
3293 1393 3345 1445 οἱ
3388 1392 3486 1461 τῆς
3524 1392 3643 1458 6,11;-

2071 1488 2218 1550 θείας
2247 1489 2527 1557 μάρτυρες
2560 1488 2786 1557 μεγάλοι
2806 1489 2895 1540 καὶ
2926 1487 3097 1555 άγιοι,
3134 1487 3234 1539 καὶ
3264 1486 3364 1553 τῆς
3394 1484 3485 1537 τοῦ
3517 1482 3642 1538 Θεοῦ

2073 1578 2351 1648 βασιλείας
2380 1579 2705 1649 κληρονόμοι
2739 1580 3048 1647 γεγόνασιν.

2147 1671 2233 1740 ιβ’.
2273 1671 2393 1723 Ἔτι
2415 1670 2572 1723 τοῦτο
2597 1671 2906 1725 ἐντέλλεται
2954 1673 2981 1723 6
3020 1669 3295 1739 Μωάμεθ,
3343 1669 3430 1723 ἵνα
3485 1668 3645 1731 οὐδεὶς

2076 1764 2171 1831 τῆς
2201 1764 2405 1816 ἐκείνου
2445 1765 2676 1834 φατρίας
2711 1764 2848 1826 ὅλως
2878 1764 3017 1833 μετά
3077 1763 3411 1832 Χριστιανοῦ
3480 1760 3644 1815 διαλέ-

2085 1855 2266 1922 ξηται,
2301 1858 2401 1923 τὴν
2435 1856 2632 1909 ἑαυτοῦ
2674 1856 2963 1909 ἀσθένειαν
2998 1856 3279 1917 δεδοικώς.
3347 1855 3537 1908 Καίτοι
3588 1871 3643 1921 γε

2078 1941 2233 2008 αὖθις
2266 1949 2292 1999 6
2322 1949 2481 2009 αὐτὸς
2517 1949 2573 2000 ἐν
2603 1949 2812 2016 ἑτέροις
2867 1948 3052 2010 τόποις
3090 1946 3406 1999 ἐντέλλεται
3436 1946 3511 2014 μὴ
3546 1945 3650 1998 δια-

2076 2034 2335 2102 λέγεσθαι
2362 2036 2540 2102 λόγοις
2573 2038 2801 2106 τραχέσι
2833 2040 2928 2089 καὶ
2970 2036 3265 2105 αὐστηροῖς
3318 2052 3423 2088 τινι
3469 2036 3646 2103 ἐτέρας

2078 2125 2365 2195 αἱρέσεως,
2396 2126 2507 2179 ἀλλ’
2537 2127 2740 2196 ὴπίοις.
2782 2127 2856 2180 Οὐ
2913 2127 3020 2198 γὰρ
3074 2127 3392 2195 ἀνθρώπου,
3455 2128 3646 2195 φησιν.

2079 2219 2196 2269 ἐστὶ
2228 2216 2288 2270 τὸ
2320 2216 2693 2285 καταρτίζειν,
2724 2216 2857 2269 ἀλλὰ
2884 2218 3045 2287 μόνου
3070 2216 3231 2279 Θεοῦ,
3264 2218 3361 2269 καὶ
3388 2216 3647 2276 Ἕκαστος

2082 2309 2223 2381 ὑπὲρ
2249 2308 2412 2361 αὐτοῦ
2460 2310 2644 2375 μόνου,
2677 2310 2792 2361 ἀλλ’
2822 2310 2919 2378 οὐχ
2970 2310 3109 2378 ὑπὲρ
3146 2309 3344 2378 ἑτέρου
3384 2309 3537 2376 λόγον
3556 2307 3647 2360 δὼς

2083 2418 2185 2463 σει,
2233 2399 2393 2462 αὐτὸς
2445 2400 2639 2453 ἑαυτὸν
2695 2400 2994 2467 ἀντιλέγων
3052 2400 3145 2451 καὶ
3202 2400 3541 2468 ἀνατρέπων.
3579 2398 3646 2450 Ού

2085 2493 2244 2561 μόνον
2287 2492 2396 2562 γὰρ
2422 2493 2478 2544 ἐν
2518 2492 2594 2561 τῷ
2627 2493 2855 2562 παρόντι
2896 2491 3198 2559 κεφαλαίῳ,
3261 2491 3377 2545 ἀλλ’
3408 2494 3465 2543 ἐν
3500 2492 3649 2543 παντὶ

2082 2581 2160 2649 τῷ
2188 2583 2337 2653 νόμῳ
2380 2582 2545 2637 αὐτοῦ
2581 2583 2812 2644 ἀστατος
2852 2582 2944 2634 καὶ
2969 2581 3207 2644 ἄτακτος
3260 2582 3354 2634 καὶ
3382 2580 3646 2650 ἀνώμαλος

2084 2674 2469 2742 ἀναφαίνεται,
2498 2674 2591 2726 καὶ
2624 2674 2807 2744 σχεδὸν
2837 2674 2895 2725 ἐν
2927 2674 3061 2725 πᾶσι
3096 2674 3209 2734 τοῖς
3235 2672 3333 2724 ὑπ’
3380 2671 3535 2724 αὑτοῦ
3569 2688 3648 2738 γε·

2083 2764 2429 2836 γραμμένοις
2488 2765 2650 2828 αὐτὸς
2705 2762 2897 2817 ἑαυτὸν
2955 2763 3275 2833 εὑρίσκεται
3323 2762 3643 2832 ἀνατρέπων.

2088 2858 2297 2927 Ὥσπερ
2333 2857 2443 2927 γὰρ
2480 2857 2819 2927 μαινόμενος,
2850 2856 2944 2908 καὶ
2980 2854 3055 2926 μὴ
3087 2856 3379 2923 γινώσκων
3412 2855 3549 2907 ποῖαί
3578 2854 3647 2905 εἰσ

2088 2967 2172 3003 σιν
2193 2953 2248 3003 αἱ
2279 2951 2564 3014 ὑποθέσεις
2604 2950 2696 3002 καὶ
2746 2950 2812 3002 τὰ
2845 2949 3114 3019 δόγματα,
3156 2950 3320 3003 ἅτινα
3357 2950 3552 3019 ἤρξατο
3570 2948 3646 3000 λέ-

2087 3058 2226 3107 γειν,
2262 3042 2384 3094 τίνα
2415 3043 2483 3095 τὰ
2521 3043 2680 3111 μέσα,
2719 3043 2810 3095 καὶ
2847 3045 2974 3096 ποῖα
3010 3042 3079 3095 τὰ
3109 3042 3269 3112 τέλη,
3334 3042 3471 3095 οὕτω
3530 3039 3673 3109 γρά-’

416 3129 578 3182 modo
610 3146 730 3198 quae
756 3130 809 3185 in
836 3148 945 3187 uno
979 3135 1198 3204 scripsit
1224 3137 1426 3205 capite,
1460 3137 1513 3191 in
1550 3139 1720 3193 altero
1751 3124 1982 3195 destruit

2090 3152 2205 3202 φων
2234 3136 2398 3197 ποιεῖ,
2430 3133 2503 3202 μὴ
2542 3135 2703 3204 μόνον
2733 3136 2877 3203 ἅπερ
2914 3136 2973 3187 ἐν
3006 3135 3085 3188 ἐνὶ
3112 3136 3397 3203 κεφαλαίῳ
3419 3135 3643 3205 γράφων,

416 3229 470 3273 et
499 3219 821 3290 impugnat,
852 3223 944 3277 sed
969 3225 1186 3293 sapius,
1207 3242 1326 3296 qua:
1362 3229 1416 3282 in
1440 3228 1710 3298 principio
1740 3231 1982 3298 ejusdem

416 3312 614 3380 capitis
646 3314 1024 3380 confirmavit,
1059 3317 1205 3373 circa
1229 3318 1387 3373 linem
1407 3321 1650 3375 confutat
1675 3332 1731 3377 et
1759 3324 1988 3379 subver-

417 3404 503 3458 tit.
562 3405 658 3459 Vix
689 3407 836 3460 enim
886 3416 941 3463 et
974 3408 1267 3466 diﬂiculter
1313 3412 1369 3465 in
1411 3400 1588 3481 capita
1654 3427 1705 3468 et
1739 3416 1985 3469 ordinem

416 3496 622 3567 digesta
662 3508 813 3561 sunt,
856 3515 978 3570 qua:
1012 3502 1103 3555 ille
1145 3503 1405 3565 tradidit;
1442 3506 1579 3559 adeo
1611 3516 1667 3561 ttt
1712 3508 1989 3562 contradi—

413 3588 618 3643 ctionis
645 3591 787 3645 ratio
806 3592 1058 3648 ordinem
1096 3596 1389 3663 prazcedat.
1422 3597 1566 3651 Idem
1600 3598 1747 3652 enim
1782 3600 1868 3653 hic
1894 3601 1986 3669 qni

416 3679 685 3749 praecipit,
720 3698 788 3737 ne
811 3696 935 3736 cum
970 3684 1253 3753 aliquibus
1278 3686 1507 3741 alterius
1532 3689 1794 3742 doctrinm.
1826 3689 1991 3744 disci—

419 3770 563 3837 pulis
621 3772 995 3843 digladientur
1056 3779 1238 3831 verbis
1291 3780 1502 3848 asperis
1545 3780 1845 3843 durisque,
1893 3782 1987 3835 sed

419 3860 629 3917 blandis
658 3872 713 3917 et
745 3865 1041 3919 mansuetis
1075 3870 1155 3933 (nt.
1188 3868 1351 3921 etiam
1400 3870 1454 3922 in
1487 3870 1663 3938 capite
1717 3870 1982 3923 Eltenium

421 3953 666 4021 seipsnm
696 3954 924 4010 laudans
941 3956 1076 4011 dicit
1098 3975 1111 4009 :
1133 3956 1246 4011 Non
1270 3958 1374 4012 hoc
1402 3960 1710 4027 cogentium
1734 3970 1838 4023 est,
1858 3961 1989 4028 etc.)

420 4043 564 4110 Quin
596 4045 763 4101 etiam
799 4047 855 4100 in
892 4050 1072 4118 capite
1105 4048 1451 4119 Elmipucara
1477 4092 1490 4115 ,
1520 4052 1665 4120 quod
1712 4052 1889 4105 bovem
1921 4052 1994 4106 si-

421 4135 665 4203 gnificat,
700 4136 779 4191 sic
802 4138 919 4192 ait:
952 4138 1009 4192 In
1042 4138 1162 4207 lege
1205 4140 1300 4194 Dei
1335 4157 1443 4194 non
1481 4151 1565 4196 est
1598 4143 1699 4204 vis,
1734 4144 1990 4212 quoniam

422 4223 570 4293 quod
628 4241 845 4295 azquum
905 4238 1013 4291 est,
1063 4229 1174 4298 jam
1239 4238 1366 4282 ante
1400 4229 1684 4284 deﬁnitum
1735 4247 1850 4297 eSt;
1907 4233 1995 4286 hic

424 4316 596 4380 idem,
631 4317 876 4387 inquam,
905 4320 987 4375 sui
1025 4321 1179 4389 quasi
1216 4321 1441 4383 oblitus,
1480 4324 1724 4392 praecipit
1757 4324 1945 4379 dicens
1976 4341 1990 4377 :

422 4409 633 4465 Nostra":
686 4411 791 4481 legi
844 4428 953 4467 non
1012 4412 1378 4478 obedientcs,
1438 4416 1630 4470 mortis
1664 4418 1992 4486 supplicium

2090 3228 2146 3278 ἐν
2176 3228 2347 3297 ἑτέρῳ
2374 3226 2634 3279 καταλύει
2664 3228 2757 3280 καὶ⁵
2791 3228 3088 3295 ἀντιλέγει,
3109 3226 3253 3278 ἀλλὰ
3279 3228 3375 3280 καὶ
3408 3227 3644 3285 πολλάκις

2090 3319 2234 3389 ἅπερ
2263 3320 2320 3370 ἐν
2350 3320 2415 3387 τῇ
2448 3319 2591 3389 ἀρχῇ
2627 3317 2722 3391 τοῦ
2752 3317 2918 3395 αὑτοῦ
2977 3317 3274 3385 κεφαλαίου
3330 3317 3648 3373 διαϐεϐαιοῦ-

2090 3426 2201 3474 ται,
2234 3410 2362 3479 περὶ
2391 3409 2450 3461 τὸ
2478 3411 2632 3472 τέλος
2669 3411 2887 3480 συγχέει
2910 3427 2969 3463 τε
3006 3409 3097 3463 καὶ
3147 3411 3466 3481 ἀνατρέπει.
3499 3410 3646 3469 Μόλις

2090 3502 2199 3571 γὰρ
2233 3505 2325 3555 καὶ
2362 3504 2460 3556 σὺν
2491 3503 2580 3573 βίᾳ
2620 3502 2955 3574 εἰσήχθησαν
2998 3504 3392 3572 κεφαλαιωδῶς
3424 3503 3512 3556 καὶ
3562 3502 3647 3554 σὺν

2092 3590 2242 3655 τάξει
2269 3593 2335 3644 τὰ
2367 3592 2497 3661 παρ’
2530 3593 2741 3646 ἐκείνου
2781 3594 3073 3664 λεγόμενα,
3133 3595 3286 3657 ὅπως
3344 3596 3435 3646 καὶ
3486 3594 3512 3645 6
3562 3593 3647 3659 τῆς

2094 3684 2403 3752 ἀντιλογίας
2438 3686 2598 3753 λόγος
2648 3685 2752 3754 όδῷ
2788 3686 2882 3739 καὶ
2908 3685 3062 3752 τάξει
3096 3686 3394 3757 προϐαίνῃ.
3432 3687 3533 3739 Kal
3554 3682 3647 3751 γὰρ

2094 3775 2253 3838 αὐτὸς
2287 3768 2439 3839 οὗτος
2471 3779 2497 3829 6
2542 3760 2959 3845 ἐντελλόμενος,
3031 3777 3117 3830 ἵνα
3196 3776 3274 3847 μὴ
3320 3773 3646 3843 διαλέγωντιί

2091 3884 2235 3921 τισιν
2268 3868 2453 3937 ἐτέρου
2488 3869 2759 3939 δόγματος
2794 3870 2852 3922 ὲν
2905 3868 3083 3936 λόγοις
3132 3873 3361 3939 τραχέσι
3386 3869 3474 3922 καὶ
3501 3866 3646 3933 σκλη-

2096 3960 2233 4028 ροῖς,
2262 3958 2377 4011 ἀλλ’
2409 3959 2590 4028 ἡπίοις
2626 3960 2719 4011 καὶ
2755 3958 3111 4028 προσηνέσιν,
3152 3958 3230 4022 ὡς
3265 3961 3359 4012 καὶ
3401 3962 3457 4011 ἐν
3480 3958 3549 4027 τῷ
3572 3973 3647 4008 κε⁸

2096 4050 2308 4118 φαλαίῳ
2334 4049 2411 4119 τῷ
2460 4050 2807 4118 Ἐλτενιοὺμ
2842 4048 3035 4103 ἑαυτὸν
3085 4050 3327 4104 ἐπαινῶν
3369 4050 3527 4118 λέγει,
3565 4047 3646 4100 οὐκ

2097 4138 2215 4193 ἔστι
2235 4140 2344 4193 τῶν
2377 4141 2829 4208 ἀναγκαζόντων.
2870 4140 3031 4194 Ἀλλά
3056 4141 3150 4194 καὶ
3180 4142 3242 4194 ἐν
3283 4142 3361 4211 τῷ
3395 4137 3645 4208 κεφαλαίῳ

2095 4229 2173 4298 τῷ
2212 4230 2621 4299 Ἑλμπακαρᾶ,
2648 4231 2784 4301 ὅπερ
2851 4231 3211 4302 ἑρμηνεύεται
3240 4231 3421 4296 βοῦς,
3471 4226 3645 4283 οὕτωσὶ

2097 4339 2282 4391 φησιν,
2317 4323 2399 4375 ὅτι
2430 4322 2519 4375 Ἐν
2551 4323 2623 4392 τῷ
2657 4324 2807 4392 νόμῳ
2853 4322 2947 4376 τοῦ
2980 4322 3114 4377 Θεοῦ
3132 4324 3234 4375 οὐκ
3286 4324 3400 4376 ἐστι
3442 4323 3543 4392 βία.
3576 4320 3642 4369 ὅτι

2096 4414 2156 4466 τὸ
2187 4414 2300 4466 ἴσον
2329 4414 2563 4483 ἐξαρχῆς
2591 4415 2690 4485 ἤδη
2730 4414 3032 4484 διώρισται·
3099 4416 3262 4479 αὐτὸς
3312 4408 3462 4471 οὗτος
3512 4408 3641 4470 αὖθις

425 4512 664 4569 maneat,
714 4515 808 4559 aut
865 4505 1071 4559 tributa
1124 4507 1363 4560 solvant.
1401 4508 1468 4562 Et
1506 4509 1636 4576 quid
1670 4520 1846 4564 morte
1879 4511 1967 4563 vio

2104 4506 2499 4575 ἐπιλαθόμενος
2528 4507 2832 4559 ἐντέλλεται
2850 4506 3045 4574 λέγων,
3080 4508 3205 4570 Τοῖς
3231 4507 3307 4578 μὴ
3334 4504 3638 4574 πειθομέναις

425 4598 631 4652 lentius
661 4606 766 4661 est,
796 4613 829 4652 o
872 4598 1156 4668 legislator
1187 4600 1530 4654 vanissime?
1566 4603 1626 4653 Et
1657 4603 1934 4670 quomodo
1967 4621 1996 4659 a

2098 4601 2212 4659 τοῖς
2238 4600 2532 4669 ἡμετέροις
2581 4600 2816 4669 δόγμασι
2869 4599 3100 4662 θάνατος
3151 4599 3292 4651 ἔστω
3346 4592 3639 4666 ἠτιμωρὲαν

428 4691 540 4745 Ιιεο
588 4700 769 4746 ortum
818 4706 939 4746 esse
995 4692 1295 4759 diceretur,
1352 4694 1501 4762 quod
1559 4696 1737 4749 scelus
1791 4696 1982 4749 scelcrt

2098 4693 2358 4763 ἢφόρους
2376 4693 2686 4746 διδότωσαν.
2740 4692 2848 4743 Kal
2880 4692 2929 4744 τί
2978 4692 3281 4762 βιαιότερον
3322 4692 3558 4747 θανάτου,
3605 4677 3641 4734 ὦ

425 4784 785 4853 compensat?
813 4784 1059 4839 Avaritia
1092 4786 1239 4840 enim
1271 4786 1433 4840 caedis
1461 4786 1700 4841 furorem
1765 4788 1996 4857 mitigat.

426 4875 633 4929 Natura
664 4874 810 4930 enim
841 4874 1104 4937 humana,
1134 4874 1266 4940 quin
1301 4876 1483 4944 potius
1524 4876 1793 4941 homines,
1827 4885 1882 4931 et
1906 4892 2002 4931 na-

428 4974 567 5020 tura:
599 4966 746 5020 illius
780 4965 1048 5022 formator
1079 4974 1135 5021 et
1159 4966 1340 5036 cpil'ex
1369 4967 1512 5022 Deus
1542 5006 1557 5029 ,
1612 4968 1773 5021 talem
1802 4967 2003 5023 consti-

432 5064 536 5113 tuit
571 5059 877 5124 hominem,
912 5068 970 5113 ut
1005 5074 1110 5113 una
1139 5074 1263 5113 cum
1301 5059 1425 5114 aliis
1458 5058 1657 5113 anima:
1682 5058 1826 5112 illius
1856 5058 2002 5118 indi-

431 5152 573 5205 derit
602 5150 1129 5217 concupiscentiam,
1169 5150 1335 5205 animi
1383 5149 1561 5204 zelum
1596 5160 1663 5230 et.
1689 5149 1962 5204 fervorem
1985 5189 2000 5214 ,

428 5252 594 5312 atque
628 5243 894 5298 rationem
927 5259 941 5296 :
973 5254 1032 5297 ut
1085 5259 1183 5312 per
1234 5242 1698 5311 concupiscentia
1747 5242 2000 5297 aﬂ‘ectutn

431 5346 577 5390 amet
608 5345 663 5391 et
695 5336 887 5407 diligat
938 5352 1213 5390 summum
1279 5338 1484 5391 bonum
1510 5379 1525 5402 ,
1562 5337 1706 5406 quod
1760 5350 1841 5391 ρει
1887 5338 2003 5407 ipse

433 5428 598 5491 Deus,
629 5444 959 5498 omnemque
991 5428 1258 5500 justitiam
1284 5438 1340 5483 et
1363 5429 1646 5495 virtutem,
1677 5445 1797 5499 quae
1833 5430 2005 5483 instar

434 5520 593 5573 scala:
624 5528 754 5574 sunt
814 5522 1054 5575 animam
1105 5520 1171 5575 ad
1207 5521 1385 5590 ipsum
1420 5522 1587 5575 Dte-um
1634 5521 2000 5589 pcrdttcentis.

437 5610 592 5675 Quod
622 5612 665 5665 si
698 5622 879 5666 autem
908 5612 1048 5668 forte
1081 5614 1524 5684 concupiscentia
1557 5629 1586 5667 a
1617 5629 1745 5668 vero
1776 5624 1828 5667 et
1857 5626 2004 5668 recto

439 5716 627 5755 amore
658 5701 1033 5763 declinaverit.
1069 5716 1123 5759 et
1152 5721 1250 5774 pro
1276 5706 1483 5761 dextris
1510 5707 1560 5759 in
1590 5707 1859 5760 contraria
1892 5722 2003 5760 cce-

428 5795 581 5863 pcrit
634 5801 864 5856 nutare,
922 5797 1069 5849 zelus
1122 5797 1223 5852 iste
1276 5798 1439 5853 animi
1484 5809 1672 5853 contra
1704 5798 2002 5853 dzemonem

2101 4784 2226 4839 κενὲ
2257 4784 2559 4855 νομοθέτας
2593 4784 2702 4838 Kal
2737 4784 2855 4846 πῶς
2884 4786 3033 4855 παρὰ
3086 4783 3222 4836 Θεοῦ
3277 4783 3336 4835 τὸ
3381 4779 3536 4848 κακίᾳ
3564 4792 3643 4827 και

2101 4875 2226 4929 κίαν
2265 4874 2487 4944 ἀμεῖϐον
2508 4892 2521 4938 ;
2546 4873 2959 4943 Φιλοχρηματία
2992 4874 3098 4943 γὰρ
3142 4874 3233 4927 τὸν
3262 4873 3352 4926 τοῦ
3384 4871 3530 4939 φόνου
3565 4866 3639 4917 θυ-

2104 4967 2205 5037 μὸν
2234 4968 2633 5037 κατεπράϋνεν.
2686 4966 2751 5018 Ἥ
2780 4965 2889 5036 γὰρ
2949 4966 3110 5035 φύσις
3173 4964 3307 5029 τῶν
3349 4961 3636 5032 ἀνθρώπων.

2106 5059 2304 5129 μᾶλλον
2331 5058 2386 5111 δὲ
2410 5059 2435 5110 6
2465 5057 2558 5110 τοῦ
2595 5057 2884 5128 ἀνθρώπου
2943 5059 3039 5110 καὶ
3084 5057 3185 5126 τῆς
3239 5056 3402 5123 αὐτῆς
3453 5052 3637 5121 φύσεως

2103 5139 2350 5220 ’πλάστης
2383 5150 2479 5203 καὶ
2505 5149 2836 5219 δημιουργός
2886 5149 3021 5212 Θεὸς
3070 5149 3242 5211 οὕτως
3300 5147 3452 5207 αὐτὸν
3501 5155 3637 5195 κατε-

2107 5242 2396 5307 σκεύασεν,
2459 5243 2540 5294 ὅτι
2616 5242 2752 5311 μετά
2795 5240 2904 5293 τῶν
2948 5240 3122 5294 ἄλλων
3188 5239 3434 5306 ἐνέθηκεν
3478 5236 3530 5285 ἐν
3579 5229 3634 5297 τῇ

2103 5335 2248 5404 ψυχῇ
2283 5333 2450 5386 αὐτοῦ
2478 5333 2537 5385 τό
2562 5351 2622 5385 τε
2647 5332 3071 5403 ἐπιθυμητικὸν,
3094 5331 3153 5384 τὸ
3179 5330 3420 5399 θυμικὸν,
3467 5324 3551 5376 καὶ
3584 5318 3633 5369 τὸ

2105 5429 2344 5496 λογικὸν,
2377 5427 2464 5478 ἵνα
2498 5426 2586 5479 διὰ
2611 5424 2704 5477 τοῦ
2729 5423 3126 5495 ἐπιθυμητικοῦ
3160 5426 3257 5493 ἐρᾷ
3311 5421 3400 5473 καὶ
3444 5414 3631 5484 ὲφίηται

2107 5520 2201 5572 τοῦ
2230 5520 2402 5590 ἄκρου
2436 5517 2668 5585 ἀγαθοῦ,
2723 5518 2861 5585 ὅπερ
2886 5517 3035 5569 ἐστὶν
3066 5518 3094 5568 6
3151 5514 3303 5576 Θεὸς,
3339 5510 3426 5562 καὶ
3480 5506 3632 5569 πάσης

2106 5610 2453 5677 δικαιοσύνης
2503 5611 2598 5661 καὶ
2634 5608 2859 5678 ἀρετῆς,
2887 5608 3089 5669 αἵτινες
3112 5602 3304 5674 οἷάπερ
3333 5617 3410 5662 τις
3451 5591 3623 5661 κλίμαξ

2111 5705 2266 5766 εἰσὶν,
2300 5702 2599 5767 ἀνάγουσαι
2636 5698 2842 5769 ταύτην
2873 5700 2952 5761 εἰς
2987 5699 3137 5752 Θεόν.
3171 5698 3234 5751 El
3260 5695 3302 5747 δ’
3334 5693 3455 5751 ἴσως
3477 5698 3630 5751 παριο

2113 5797 2291 5865 τραπῇ
2326 5794 2383 5845 τὸ
2415 5792 2813 5875 ἐπιθυμητικὸν
2842 5792 2935 5845 τοῦ
2971 5788 3131 5861 ὀρθοῦ
3178 5789 3387 5860 ἔρωτος,
3424 5773 3625 5833 amna

2826 5910 2851 5933 Ι»

3523 357 3718 423 608“
