3928 6212
297 320 411 385 609

1312 311 1613 375 CONTRA
1648 310 2135 373 MAIIOMETEM
2181 310 2463 371 ORATIO
2506 311 2550 373 l.

3466 307 3571 371 610

296 438 415 492 τῶν
440 432 633 503 δεξιῶν
658 430 828 504 νεύσῃ
868 429 1009 503 πρὸς
1063 429 1407 495 τάὲναντία,
1456 427 1811 496 κινηθήσεται
1863 427 1889 476 6

2002 436 2404 495 permoveatur,
2456 434 2507 478 ct
2564 424 2786 477 humani
2825 423 3039 494 generis
3076 423 3407 493 perditorem
3454 440 3570 477 ser-

302 529 475 598 θυμὸς
512 527 656 581 κατὰ
687 524 785 579 τοῦ
812 524 1085 593 δαίμονος,
1152 523 1247 574 καὶ
1294 522 1386 573 τὶν
1445 518 1891 589 άνθρωπόλεθρον

300 620 428 687 ὅφιν
464 616 687 682 διώξας,
719 615 875 668 ἔσται
905 613 983 683 τῷ
1009 610 1299 681 ἡττηθέντι
1348 609 1541 678 ὁδηγὸς
1578 609 1680 677 τῆς
1720 608 1894 661 ἁπλα-

301 711 428 773 νοῦς
458 710 552 763 καὶ
584 708 801 769 εὐθείας
832 704 977 760 ὁδοῦ.
1012 706 1074 757 Ei
1103 704 1161 757 δὲ
1193 704 1285 756 καὶ
1312 705 1339 755 6
1365 701 1535 771 θυμὸς
1571 700 1739 771 ἀργὸς
1773 704 1891 771 μεί-

310 818 411 865 νας
444 801 537 853 καὶ
569 799 955 868 άνενέργητος,
998 796 1031 867 ἢ
1062 795 1307 866 κινηθεὶς
1342 795 1467 864 μὲν,
1496 795 1558 846 οὐ
1614 792 1755 845 κατὰ
1797 791 1891 844 τοῦ

300 896 481 964 ὄφεως
511 894 589 958 δὲ,
643 892 781 945 ἀλλὰ
803 891 945 945 κατά
997 888 1091 943 τοῦ
1150 887 1424 960 ὀμοφυοῦς
1475 885 1643 941 αὑτοῦ
1679 883 1893 954 ἀνθρώ-

304 1004 435 1052 που,
468 986 586 1038 τότε
622 983 682 1036 τὸ
707 982 950 1050 λογικὸν,
979 980 1259 1034 τουτέστιν
1281 980 1309 1031 6
1336 976 1564 1048 ἡγεμὼν
1594 976 1691 1030 καὶ
1710 976 1895 1047 ἄρχων

303 1080 453 1145 νοῦς,
479 1078 668 1147 ὥσπερ
716 1094 800 1139 τις
830 1080 1025 1146 κριτὴς
1066 1072 1288 1144 ίσχυρὺς
1328 1072 1428 1125 καὶ
1452 1069 1893 1131 ἀδέκαστοςὲπι-

302 1170 492 1224 τάττει
539 1168 679 1222 αὐτὰ
722 1169 863 1220 κατὰ
892 1166 1075 1235 χώραν
1130 1165 1336 1235 μένειν,
1394 1162 1491 1217 καὶ
1544 1162 1777 1223 ἕκαστον
1834 1161 1893 1211 ὲν

303 1264 371 1329 τῇ
407 1259 559 1325 τάξει
607 1258 794 1313 αὑτοῦ.
832 1256 931 1308 Διά
965 1273 1047 1308 τοι
1076 1256 1236 1309 τοῦτο
1267 1255 1329 1307 τὸ
1365 1255 1466 1323 μὲν
1489 1249 1892 1321 ἐπιθυμητικὸν

304 1346 549 1401 τέθεικεν
592 1347 618 1397 6
656 1346 877 1398 πάντων
905 1344 1239 1413 δημιουργὸς
1272 1346 1329 1395 ὲν
1381 1340 1462 1411 τῷ
1520 1341 1719 1410 ἥπατι,
1756 1339 1893 1405 ὅπερ

308 1434 457 1483 ἐστὶν
490 1430 597 1483 ὑπὸ
627 1430 726 1500 τὴν
762 1429 1012 1500 καρδίαν,
1049 1431 1109 1481 τὸ
1136 1430 1192 1482 δὲ
1221 1429 1455 1499 θυμικὸν
1483 1429 1541 1480 ὲν
1570 1430 1637 1497 τῇ
1672 1425 1891 1495 καρδίᾳ,

307 1525 431 1591 ἥτις
454 1523 777 1588 ὑπέρκειται
807 1520 901 1573 τοῦ
931 1522 1165 1589 ἡπατος,
1210 1522 1285 1581 ὡς
1332 1519 1687 1591 ἁρχικωτέρα
1707 1536 1719 1548 °
1756 1518 1817 1569 τὸ
1837 1516 1895 1569 δὲ

308 1614 527 1679 λογικὸν
554 1614 612 1665 ὲν
643 1612 717 1681 τῷ
754 1612 1065 1681 ἐγκεφάλῳ,
1094 1612 1152 1675 ὃς
1188 1614 1337 1663 ἐστιν
1400 1612 1589 1662 ἐπάνω
1651 1610 1893 1674 πάντων,

306 1703 500 1773 ὥσπερ
541 1720 625 1765 τις
684 1703 943 1772 βασιλεὺς
996 1703 1089 1754 καὶ
1140 1700 1369 1771 ἡγεμὼν
1406 1701 1502 1753 καὶ
1553 1701 1739 1771 ἄρχων
1800 1700 1897 1753 καὶ

1996 526 2214 584 pentem
2256 527 2605 584 persecutus,
2656 516 3118 584 concupiscentia:
3159 525 3429 585 superam
3460 516 3573 569 dux

1995 606 2066 660 sit
2101 606 2153 659 in
2192 606 2277 659 via
2314 616 2459 660 recta
2490 616 2547 661 et
2580 607 2866 661 erroribus
2893 615 3138 661 carente.
3168 605 3323 671 Quod
3352 607 3398 660 si
3443 621 3570 660 vero

1994 696 2165 751 etiam
2200 697 2290 752 hic
2344 698 2513 751 animi
2565 699 2715 753 zelus
2762 699 2973 753 otiosus
3005 708 3057 751 et
3110 698 3418 753 desidiosus
3452 715 3578 767 per-

1994 784 2283 849 manserit,
2307 798 2404 839 aut
2452 798 2738 856 permotus
2756 803 2864 841 non
2896 798 3085 841 contra
3114 799 3445 853 serpentem,
3478 790 3573 842 sed

1997 876 2278 932 hominem
2306 878 2409 932 sibi
2439 888 2728 947 cognatum
2753 880 3022 950 insurgat,
3052 888 3181 934 tunc
3212 881 3373 944 ratio,
3407 881 3457 934 id
3491 892 3577 936 est

1997 968 2108 1022 dux
2138 977 2195 1022 et
2230 971 2489 1038 princeps
2520 971 2635 1038 ipsa
2675 986 2831 1025 mens
2872 971 3044 1025 instar
3085 972 3289 1041 judicia
3333 972 3493 1026 fortis
3520 982 3577 1026 et

1998 1055 2330 1125 incorrupti,
2366 1056 2515 1112 hunc
2549 1059 2692 1112 intra
2728 1060 2991 1113 terminos
3022 1060 3325 1115 consistere
3356 1061 3570 1129 jubeat,

1999 1148 2326 1218 singulaque
2356 1166 2518 1204 suum
2565 1151 2817 1205 ordinem
2870 1153 3175 1206 custodire.
3230 1156 3577 1223 Quapropter

1996 1242 2162 1294 etiam
2189 1244 2438 1296 omnium
2464 1243 2648 1311 opifex
2686 1243 3151 1311 concupiscentiae
3181 1243 3367 1297 sedem
3414 1245 3467 1297 in
3495 1245 3578 1314 je—

1997 1346 2125 1386 core
2152 1333 2655 1401 conStituit,quod
2712 1332 2863 1386 cordi
2924 1333 3205 1403 subiacet;
3264 1334 3398 1386 iram
3447 1348 3578 1386 vero

1998 1433 2094 1477 aut
2127 1424 2295 1476 animi
2330 1425 2508 1477 zelum
2564 1424 2617 1476 in
2651 1424 2816 1477 corde
2847 1424 3155 1486 collocavit,
3197 1423 3343 1492 quod
3392 1424 3579 1493 jecore

1999 1527 2100 1567 ceu
2137 1514 2495 1583 principalior
2534 1529 2679 1582 pars,
2711 1522 2795 1568 est
2844 1516 3134 1583 superius;
3187 1515 3414 1569 rationis
3444 1530 3579 1568 vero

1998 1606 2185 1660 sedem
2222 1604 2351 1660 fecit
2378 1606 2689 1671 cerebrum,
2727 1606 2871 1675 quod
2898 1606 3145 1659 omnium
3169 1620 3443 1659 summum
3471 1617 3577 1671 est,

2000 1713 2100 1752 ceu
2130 1713 2223 1751 rex
2258 1699 2533 1767 quispiam
2558 1736 2573 1762 ,
2615 1699 2725 1753 dux
2755 1706 2811 1752 et
2861 1698 3117 1767 princeps
3174 1697 3231 1751 in
3265 1698 3447 1751 omnia
3477 1713 3578 1768 po-

306 1796 561 1862 ἐξουσίαν
590 1794 732 1864 ἔχων
762 1795 904 1847 κατὰ
941 1793 1185 1858 πάντων,
1246 1792 1323 1862 μὴ
1387 1794 1552 1861 μόνον
1613 1793 1722 1846 τῶν
1770 1793 1892 1845 κατ’

2002 1799 2256 1845 testatem
2296 1792 2507 1845 habens
2534 1831 2548 1855 ,
2584 1807 2693 1844 non
2748 1792 2926 1846 solum
2963 1792 3032 1845 ah
3056 1790 3142 1844 his
3178 1806 3300 1860 quae
3345 1792 3487 1845 circa
3520 1806 3583 1844 se

305 1887 475 1940 αὑτὸν
518 1885 598 1957 τῷ
648 1884 981 1955 αὐτεξουσίῳ
1034 1885 1308 1956 τιμηθεὶς,
1373 1884 1510 1938 ἀλλὰ
1573 1886 1669 1937 καὶ
1717 1886 1899 1955 πάσης

304 1980 579 2048 αἰσθητῆς
610 1978 846 2044 φύσεως,
873 1975 1056 2038 καθὼς
1085 1978 1178 2027 ἐπὶ
1230 1975 1324 2028 τοῦ
1364 1975 1557 2045 Ἀδὰμ,
1589 1975 1669 2027 ἔτι
1704 1992 1765 2027 τε
1802 1972 1897 2028 106

303 2067 449 2133 Νῶε,
489 2068 585 2119 καὶ
613 2065 719 2119 τῶν
777 2068 835 2119 ὲν
885 2068 952 2135 τῇ
998 2065 1213 2136 Παλαιᾷ
1260 2082 1320 2118 τε
1368 2066 1463 2118 καὶ
1501 2065 1613 2135 Νέᾳ
1656 2065 1897 2135 Διαθήκῃ

300 2159 522 2224 τρανῶς
558 2159 967 2227 πεφανέρωται.
1000 2157 1109 2211 Kal
1138 2156 1229 2210 διὰ
1277 2156 1439 2209 τοῦτο
1473 2158 1582 2219 πᾶς
1613 2156 1901 2226 ἄνθρωπος

310 2253 455 2305 κατὰ
485 2252 596 2304 τῶν
634 2250 825 2303 παθῶν
883 2250 1090 2319 ὀφείλει
1141 2249 1385 2320 χρῆσθαι
1433 2248 1512 2319 τῷ
1572 2248 1750 2328 θυμῷ,
1805 2250 1901 2302 καὶ

321 2343 791 2414 καθόἱουδήτινος
824 2344 1153 2413 πράγματος
1206 2342 1533 2412 χωρίζοντος
1586 2341 1748 2394 αὐτὸν
1803 2340 1898 2394 τοῦ

326 2431 484 2485 Θεοῦ.
520 2432 572 2486 '0
591 2433 647 2486 δὲ
700 2431 947 2501 Μωάμεθ
1002 2432 1126 2484 ἀντὶ⁵
1186 2430 1298 2484 τῶν
1347 2429 1538 2484 παθῶν
1602 2429 1747 2484 κατὰ
1802 2430 1899 2483 τοῦ

321 2520 589 2588 ὁμοφυοῦς
639 2518 931 2590 ἀνθρώπου
964 2517 1145 2588 τούτῳ
1177 2518 1479 2588 ἐχρήσατο,
1532 2511 1622 2575 οἷά
1662 2535 1769 2571 τινι
1803 2518 1900 2587 θη-

313 2609 415 2679 ρίῳ
442 2609 805 2679 άπηνεστάτῳ
851 2609 948 2663 καὶ
999 2607 1287 2678 ἀνημέρῳ,
1323 2608 1371 2659 εί
1414 2608 1489 2677 μή
1549 2624 1665 2669 πως
1717 2610 1784 2679 τῇ
1816 2625 1902 2675 φι-

309 2702 654 2772 λοχρηματίᾳ
682 2702 775 2754 τὸν
811 2700 1003 2771 θυμὸν,
1037 2699 1113 2763 ὡς
1144 2701 1361 2768 εῐρηται
1414 2698 1801 2768 καταπραΰνῃ.
1840 2698 1899 2749 '0

309 2793 354 2845 δ’
400 2794 565 2855 αὐτὸς
602 2789 758 2854 αὖθις
793 2794 849 2844 ὲν
882 2791 960 2862 τῷ
991 2789 1271 2860 κεφαλαίῳ
1303 2788 1382 2858 τῷ
1410 2789 1549 2856 Ἐμ,
1575 2785 1764 2858 ῶσπερ
1792 2786 1899 2839 τῶν

311 2886 534 2940 πάντων
584 2883 997 2955 ἐπιλαθόμενος,
1038 2880 1213 2945 οὕτως
1246 2880 1495 2950 εἴρηκεν,
1527 2880 1611 2931 ὅτι
1665 2879 1786 2931 Τῶν
1817 2877 1902 2929 δε-

310 2979 559 3051 χομένων
587 2977 721 3030 Θεὸν
746 2978 934 3046 ἕτερον
986 2974 1128 3045 πλὴν
1187 2973 1283 3026 τοῦ
1312 2971 1451 3026 Θεοῦ
1488 2971 1683 3025 τούτου
1715 2971 1814 3023 οὐκ
1848 2965 1903 3023 εἴ

313 3074 378 3125 σὺ
404 3070 750 3139 παιδαγωγὸς
790 3068 822 3137 ἢ
877 3065 1240 3138 ἐπιμελητὴς,
1282 3065 1403 3117 ἐπεὶ
1454 3061 1615 3117 τοῦτο
1668 3063 1901 3131 τετήρη-

312 3181 409 3217 κεν
437 3166 465 3215 ό
516 3163 650 3226 Θεὸς
708 3160 907 3231 ἑαυτῷ.
949 3160 1060 3212 Καὶ
1104 3158 1187 3222 τίς
1228 3156 1295 3211 ἂν
1363 3155 1551 3225 ἕτερος
1606 3157 1896 3225 γενήσεται

312 3255 601 3323 ἀξιόλογος
639 3255 948 3323 κατήγορος
984 3250 1081 3305 τοῦ
1128 3248 1394 3320 Μωάμεθ,
1429 3248 1507 3312 ὡς
1554 3247 1717 3310 αὐτὸς
1763 3247 1896 3299 tau-

311 3348 455 3414 τοῦς
518 3348 850 3417 Βουλόμενος
899 3347 1010 3414 γὰρ
1057 3344 1367 3411 ἀντιλέγειν
1417 3342 1517 3405 τὰς
1551 3342 1796 3412 Γραφὰς,
1831 3340 1897 3402 ἃς

309 3437 530 3500 δικαίας
562 3437 656 3489 καὶ
684 3436 845 3504 ἁγίας
874 3437 1160 3499 ἐκάλεσεν,
1193 3436 1220 3486 6
1242 3434 1299 3487 δὲ
1342 3432 1404 3486 οὐ
1470 3431 1634 3502 μόνον
1692 3431 1898 3493 ταύτας

312 3530 569 3599 φαίνεται
615 3529 935 3596 ἀντιλέγων,
969 3528 1106 3582 ἀλλὰ
1168 3526 1359 3597 σχεδὸν
1421 3527 1479 3579 ὲν
1524 3526 1691 3579 πᾶσιν
1734 3523 1897 3585 αὐτὸς

311 3622 496 3691 ἑαυτῴ
521 3622 855 3675 ἀντιπίπτει.
876 3622 963 3673 Ἐν
988 3621 1097 3689 γάρ
1114 3618 1189 3688 τῷ
1216 3617 1496 3689 κεφαλαίῳ
1516 3617 1593 3687 τῷ
1617 3612 1895 3679 Ἐλνεσᾶ,

298 3715 455 3783 ,ὅπερ
480 3713 845 3782 ἑρμηνεύεται
885 3708 1206 3780 γυναῖκες,
1240 3709 1443 3761 οὑτωσί
1493 3721 1691 3775 φησιν’
1723 3706 1785 3757 Εἰ
1818 3705 1895 3774 μὴ

314 3807 469 3875 παρὰ
491 3804 627 3857 Θεοῦ
662 3800 731 3874 ἧν
761 3806 822 3856 τὸ
865 3804 1111 3874 Κορῤὰν,
1153 3801 1352 3855 πολλαὶ
1388 3800 1763 3867 ἐναντιότητες
1802 3799 1896 3850 εὖ·

316 3898 594 3964 ρίσκοιντο
621 3895 684 3949 ἂν
717 3898 775 3945 ὲν
816 3890 984 3963 αὐτῷ.
1036 3893 1129 3961 Μὴ
1175 3892 1471 3961 δυνάμενος
1510 3890 1691 3943 τοίνυν
1743 3892 1902 3941 ἀντο-

313 3984 591 4052 φθαλμεῖν
626 3983 761 4052 πρὸς
792 3984 889 4044 τὰς
920 3982 1165 4053 Γραφὰς,
1201 3980 1513 4049 ὲξανάγκης
1563 3979 1897 4046 καταφεύγει

311 4076 376 4127 ἐν
400 4075 475 4143 τῷ
503 4074 692 4142 ψεόδει
716 4113 732 4139 ,
767 4074 840 4136 ῶς
872 4074 1036 4144 δῆθεν
1070 4072 1178 4127 ἀπὸ
1204 4072 1343 4125 Θεοῦ
1368 4073 1475 4124 εισι
1502 4072 1571 4125 τὰ
1604 4072 1893 4140 λεγόμενα.

314 4168 428 4221 Kal
481 4166 598 4229 πῶς
629 4166 737 4219 άπὸ
760 4166 918 4231 Θεοῦ,
953 4165 1184 4234 ψεύδους
1213 4164 1431 4217 διάκονε
1467 4164 1560 4215 καὶ
1591 4165 1853 4233 γεννῆτορ
1880 4177 1896 4227 ;

316 4255 493 4309 Ἔνθα
524 4255 636 4323 γὰρ
666 4252 885 4323 ψεῦδος,
918 4253 1049 4314 Θεὸς
1081 4252 1183 4304 οὐκ
1236 4252 1353 4304 ἔστι
1374 4268 1389 4282 ο
1442 4254 1535 4305 καὶ
1565 4252 1699 4303 ὅπου
1738 4251 1895 4313 Θεὸς,

311 4347 596 4416 τδψεῦδος
625 4346 990 4415 ἀπελήλαται.
1035 4345 1110 4397 Οὐ
1148 4345 1260 4414 γάρ
1288 4344 1555 4411 ὑπομένει
1588 4343 1648 4393 τ).
1702 4342 1898 4404 σκότος

2007 1893 2139 1938 sunt
2166 1895 2392 1954 propter
2415 1884 2653 1939 liberum
2677 1885 2761 1939 sui
2789 1884 3077 1939 arbitrium
3110 1884 3462 1951 honoratum,
3484 1886 3582 1940 sed

1998 1974 2063 2028 ad
2099 1975 2247 2028 omni
2310 1982 2502 2028 natura
2533 1990 2696 2029 sensu
2730 1975 2952 2044 praedita
3006 1975 3475 2045 quemadmodum
3526 1977 3579 2029 in
3670 2036 3671 2039 η

1998 2064 2229 2123 Adamo.
2264 2065 2317 2118 in
2376 2065 2527 2128 Noe,
2569 2065 2803 2134 aliisque
2850 2074 2957 2119 tam
2993 2066 3048 2119 in
3106 2066 3289 2121 Veteri
3321 2082 3482 2135 quam
3522 2065 3578 2119 in

1996 2154 2151 2208 Νηνο
2178 2153 2530 2209 Testamento
2562 2156 2901 2210 declaratum
2952 2166 3058 2211 est.
3093 2157 3439 2228 Quapropter
3459 2175 3583 2227 quv-

1998 2244 2134 2299 lihet
2168 2245 2334 2299 homo
2363 2256 2553 2301 contra
2584 2248 2813 2302 affectus
2844 2248 2924 2301 ira
2948 2248 3027 2303 uti
3060 2248 3247 2312 debet,
3295 2258 3353 2302 et
3391 2248 3584 2301 adver-

2000 2351 2093 2389 sus
2127 2336 2431 2405 quamlibet
2460 2353 2574 2391 rem
2606 2353 2728 2407 quae
2772 2341 2951 2407 ipsum
2981 2354 3011 2392 a
3048 2339 3160 2393 Deo
3192 2338 3437 2393 abducit.
3468 2339 3582 2393 Ma-

2003 2426 2192 2480 homet
2223 2440 2356 2480 vero
2385 2442 2493 2481 non
2526 2437 2717 2482 contra
2751 2427 3005 2492 allectus,
3044 2428 3138 2482 sed
3164 2438 3453 2497 cognatum
3475 2428 3582 2482 sibi

2002 2517 2280 2571 hominem
2309 2517 2412 2571 hac
2454 2526 2717 2587 tanquam
2752 2519 2867 2573 fera
2895 2520 3261 2573 immitissima
3291 2530 3347 2574 et
3388 2519 3583 2573 crude-

2000 2610 2208 2664 lissima
2242 2626 2373 2664 usus
2399 2618 2502 2676 est,
2530 2610 2634 2663 nisi
2691 2612 2837 2679 quod
2866 2611 3114 2676 avaritia,
3145 2621 3203 2664 ut
3236 2612 3444 2665 dictum
3473 2622 3583 2678 est,

2002 2704 2141 2757 iram
2163 2702 2415 2757 nonnihil
2444 2702 2734 2772 mitigavit.
2768 2700 2915 2755 Idem
2942 2718 3074 2755 vero
3101 2718 3293 2756 rursus
3320 2703 3373 2756 in
3401 2703 3583 2772 capite

2001 2794 2141 2860 Em,
2181 2802 2439 2863 tanquam
2470 2794 2714 2847 omnium
2747 2793 2955 2847 oblitus
2988 2833 3002 2856 ,
3043 2794 3123 2848 sic
3163 2794 3340 2847 dixit:
3377 2795 3581 2848 Eorum

2002 2886 2095 2957 qui
2148 2888 2320 2941 Deum
2344 2886 2513 2940 alium
2550 2902 2713 2957 quam
2749 2887 2894 2941 hunc
2924 2887 3219 2955 recipiunt,
3254 2897 3308 2940 tu
3335 2889 3584 2956 pzedago—

2002 2993 2102 3047 gus
2153 2994 2261 3033 non
2295 2994 2377 3044 es,
2414 2994 2517 3034 nec
2561 2988 2890 3049 procurator
2928 2996 2940 3030 :
2986 2979 3250 3054 qjioniam
3291 2978 3433 3033 Deus
3478 2980 3583 3035 hoc

2003 3069 2108 3123 sibi
2159 3070 2264 3139 ipsi
2314 3072 2637 3125 reservavit.
2678 3072 2743 3123 Et
2771 3072 3022 3140 quisnam
3071 3072 3213 3126 alius
3260 3071 3584 3127 Mahemetis

2000 3172 2290 3217 accusator
2333 3174 2439 3217 tam
2496 3163 2678 3233 gravis
2734 3162 2940 3229 fuerit,
2999 3180 3163 3233 quam
3217 3163 3333 3233 ipse
3370 3172 3460 3218 est
3493 3161 3582 3217 sui

2001 3256 2220 3325 ipsius?
2254 3255 2462 3309 Volens
2492 3255 2641 3309 enim
2678 3254 2982 3325 Seriptnris
3012 3256 3412 3319 contradicere,
3444 3269 3584 3325 quas

2000 3356 2161 3401 antea
2185 3348 2361 3417 justas
2387 3356 2440 3399 et
2472 3357 2690 3402 sanctas
2715 3347 2949 3409 vocavit,
2978 3363 3082 3401 non
3107 3346 3191 3401 his
3224 3355 3433 3400 tantum
3453 3361 3584 3399 con-

2004 3438 2273 3491 tradicere
2306 3437 2762 3506 deprehenditur,
2813 3438 2907 3492 sed
2932 3439 2985 3491 in
3025 3438 3282 3491 omnibus
3312 3437 3427 3490 fere
3467 3437 3584 3505 ipse

2000 3529 2103 3583 sibi
2139 3528 2237 3597 ipsi
2261 3541 2346 3582 est
2368 3529 2703 3584 contrarius.
2735 3530 2792 3583 lu
2824 3529 3002 3597 capite
3032 3528 3179 3581 enim
3202 3527 3583 3595 Etuesa,qu0d

2001 3621 2245 3673 mulieres
2271 3621 2562 3690 signiﬁcat,
2590 3621 2669 3673 sie
2701 3620 2881 3688 inquit
2911 3638 2923 3671 :
2954 3619 3066 3672 Nisi
3098 3635 3126 3672 ε
3160 3620 3271 3673 Deo
3311 3628 3459 3673 esset
3481 3618 3581 3672 Al-

2000 3730 2288 3776 coranum,
2322 3715 2490 3767 multa
2535 3715 2586 3767 in
2625 3728 2692 3767 eo
2728 3713 3105 3771 invenirentur
3135 3712 3579 3767 contrailictoria.

1999 3805 2135 3861 Cum
2170 3823 2299 3861 sane
2323 3808 2553 3877 ipsemet
2585 3822 2691 3860 non
2720 3816 2903 3875 posset
2934 3806 3049 3859 suis
3078 3806 3251 3861 oculis
3269 3806 3584 3876 Scripturas

2000 3899 2206 3953 intueri
2234 3942 2247 3964 ,
2287 3901 2600 3953 necessario
2625 3900 2863 3967 confugit
2890 3898 2958 3952 ad
3011 3899 3316 3960 mendacia,
3343 3900 3497 3967 quasi
3519 3914 3581 3952 ea

2000 4008 2120 4062 qua:
2152 3994 2411 4045 dicuntur
2445 4008 2475 4045 a
2513 3992 2622 4046 Deo
2649 3992 2779 4045 sint.
2814 3990 2879 4043 Et
2910 3992 3186 4060 quomodo
3215 4008 3244 4044 a
3267 3992 3378 4045 Deo
3404 4007 3578 4054 esses,

2002 4084 2273 4139 mendacii
2312 4084 2565 4138 minister
2589 4095 2643 4139 et
2670 4095 2823 4153 pater
2848 4084 2991 4139 ?Ubi
3021 4085 3167 4137 enim
3196 4085 3580 4149 mendacium,

2002 4176 2078 4230 ibi
2112 4176 2255 4230 Deus
2301 4176 2480 4230 locum
2538 4192 2647 4230 non
2684 4178 2891 4240 habet;
2932 4188 2987 4231 et
3030 4176 3120 4230 υὶιὶ
3165 4177 3308 4230 Deus
3337 4188 3461 4237 est.
3506 4176 3582 4230 ibi

2001 4268 2346 4320 mendacium
2376 4267 2593 4321 defecit.
2622 4266 2884 4321 Tenebra-
2898 4267 3045 4321 enim
3080 4266 3306 4319 luminis
3338 4281 3581 4335 precsen~

2003 4358 2136 4412 tiam
2171 4372 2279 4409 nou
2324 4356 2647 4419 sustinent,
2698 4354 3163 4423 quemadmodum
3219 4369 3321 4408 nec
3356 4354 3585 4408 morbus

312 4440 413 4511 τὴν
454 4438 549 4491 τοῦ
590 4439 767 4506 φωτὸς
796 4438 1126 4509 παρουσίαν,
1177 4438 1252 4498 ὡς
1305 4435 1426 4488 οὐδὲ
1472 4436 1628 4497 νόσος
1682 4433 1895 4503 ὑγιείας

2002 4448 2235 4504 sanitate
2274 4447 2602 4529 succedente
2635 4446 2908 4501 subsistit.

315 4530 688 4601 ἐπιλαϐούσης
721 4532 963 4585 ἵσταται.
1284 4576 1289 4579 ν

388 4624 475 4691 ιγ’.
523 4624 646 4674 Ἔτι
680 4623 922 4695 ἀρχηγὸν
976 4622 1072 4674 καὶ
1122 4621 1444 4675 διδάσκαλον
1507 4619 1700 4673 ἑαυτὸν
1758 4614 1898 4672 εἶναι

312 4713 492 4780 λέγων
553 4709 649 4763 τοῦ
700 4713 895 4779 νόμου,
967 4711 1137 4782 ὅνπερ
1186 4714 1299 4773 τοῖς
1365 4711 1594 4779 ἀνόμοις
1660 4708 1897 4776 ἐξέθετο,

313 4806 411 4857 καὶ
450 4802 547 4855 τοῦ
608 4801 939 4873 Κυρρὰν,ὂν
987 4803 1389 4872 συνεγράψατο,
1448 4804 1551 4854 οὐκ
1608 4803 1895 4871 ᾐσχύνετο.

312 4897 457 4965 Φησὶ
477 4899 584 4966 γὰρ
619 4895 763 4948 ὅτιὸ
797 4895 945 4957 Νῶε,
990 4897 1018 4947 6
1067 4896 1339 4965 Ἀϐραὰμ,
1372 4897 1400 4947 6
1459 4895 1669 4958 Ἰσαάκ,
1720 4896 1747 4946 ὁ
1789 4895 1896 4945 Ἰα-

316 4986 454 5049 κὼὸ,
492 4986 631 5040 ἀλλὰ
667 4987 763 5038 xal
796 4988 846 5038 οἱ
880 4987 975 5039 τοῦ
1010 4987 1248 5057 Χριστοῦ
1283 4987 1573 5041 ἀπόστολοι
1615 4987 1708 5039 τοῦ
1728 4983 1895 5039 αὑτοῦ

314 5074 595 5143 δόγματος
625 5071 792 5146 ἦσαν.
841 5078 953 5130 Kal
1004 5078 1121 5140 πῶς
1167 5076 1263 5129 τοῦ
1304 5078 1472 5131 αὑτοῦ
1525 5077 1797 5145 δόγματος
1849 5075 1899 5126 οἱ

318 5168 634 5234 ἀπόστολοι,
674 5169 726 5220 οἱ
756 5169 862 5239 πρὸ
916 5169 1009 5222 σοῦ
1043 5169 1404 5239 γεννηθέντες
1459 5170 1677 5239 χρόνοις
1727 5168 1899 5220 6711:.-

321 5261 550 5325 κοσίοις,
584 5262 745 5331 εἰπερ
768 5262 1107 5332 σῦςάρχηγὸς
1166 5261 1258 5314 τοῦ
1318 5260 1626 5330 δόγματοςς
1684 5259 1806 5321 Πῶς
1847 5258 1901 5310 δὲ

322 5354 419 5404 καὶ
470 5354 519 5404 οί
559 5352 665 5421 πρὸ
726 5352 975 5417 ἐκείνων,
1005 5355 1033 5407 ὃ
1090 5369 1150 5406 τε
1220 5353 1501 5424 Ἃϐραάμ,
1547 5354 1639 5429 κα).
1683 5352 1897 5415 Ἰσαὰκ,

320 5446 417 5499 καὶ
459 5441 655 5496 Ἰακὼὸ
684 5444 1045 5515 γεννηθέντες
1079 5445 1329 5516 χρόνοις;
1363 5446 1487 5509 Πῶς
1512 5441 1731 5509 δἀὗθις
1752 5446 1899 5511 Νῶε,

321 5539 349 5589 6
382 5537 491 5606 πρὸ
516 5537 728 5591 τούτων
762 5540 989 5609 χρόνους
1019 5542 1443 5609 τετρακοσίου;;
1484 5541 1543 5593 Ei
1582 5540 1685 5610 μὲν
1708 5538 1800 5592 οῦν
1837 5539 1901 5591 σὺ

327 5623 376 5681 εἴ
404 5632 433 5681 6
464 5630 709 5699 ἀρχηγὸς
742 5634 837 5685 xal
888 5632 987 5701 τῆς
1026 5632 1226 5695 κακίας
1264 5633 1590 5703 ἐφευρετὴς,
1619 5633 1755 5700 ὅπερ
1787 5632 1902 5684 ἐστὶ

326 5723 417 5776 καὶ
448 5723 697 5792 ἀλήθεια,
748 5726 919 5798 ψεύδῃ
946 5728 1121 5796 λέγων
1180 5722 1321 5780 εἶναι
1353 5728 1596 5791 ἐκείνους
1620 5726 1714 5779 τοῦ
1778 5744 1902 5798 μια-

2076 4626 2160 4679 15.
2190 4626 2457 4681 Praeterea
2488 4627 2682 4680 ducem
2708 4633 2761 4678 et
2791 4627 3111 4695 magistrum
3149 4638 3207 4678 se
3237 4621 3425 4678 dicens
3457 4634 3581 4675 esse

2000 4716 2155 4786 legis,
2187 4732 2350 4785 quam
2380 4716 2589 4786 iniquis
2628 4717 2771 4782 tulit,
2803 4715 3091 4772 Alcorrani
3125 4716 3303 4784 ipsum
3334 4730 3441 4766 non
3472 4728 3577 4780 pu-

2001 4809 2143 4864 duit.
2168 4809 2310 4862 Dicit
2342 4809 2510 4870 enim,
2541 4809 2687 4877 quod
2716 4808 2850 4871 Noe,
2884 4802 3178 4863 Atlaham.
3203 4806 3367 4867 Isaac,
3389 4804 3577 4866 Iacob,

2002 4900 2095 4954 sed
2127 4910 2182 4953 et
2207 4900 2381 4967 ipsius
2406 4898 2609 4953 Christi
2638 4898 2870 4966 apostoli
2903 4898 3149 4966 ejusdem
3180 4896 3316 4963 legis
3339 4902 3579 4948 sectato-

2004 5008 2092 5048 res
2123 4993 2350 5047 fuerint.
2384 4993 2449 5045 Et
2476 4993 2751 5060 quomodo
2775 4990 3024 5059 ejusdem
3053 4988 3322 5057 dogmatis
3343 4984 3580 5055 apostoli

2002 5086 2246 5145 fuerunt,
2274 5084 2366 5152 qui
2410 5084 2731 5151 priusquam
2769 5091 2825 5135 tu
2871 5081 3201 5141 nascereris,
3234 5078 3397 5131 annis
3430 5078 3585 5131 vixe-

2006 5184 2133 5227 runt
2181 5173 2401 5227 circiter
2450 5171 2830 5241 septingentis,
2887 5171 2931 5224 si
2982 5178 3038 5223 tu
3098 5168 3368 5239 dogmatis
3418 5166 3582 5234 hujus

2004 5275 2196 5321 auctor
2218 5266 2314 5319 es?
2340 5264 2626 5330 Quomodo
2653 5278 2780 5317 vero
2818 5261 3116 5324 Abraham,
3146 5261 3295 5315 Isaae
3316 5258 3579 5323 etJacoh,

2008 5368 2087 5414 tot
2120 5369 2247 5413 ante
2278 5357 2379 5411 hos
2431 5356 2644 5411 saeculis
2683 5354 2795 5408 nati
2826 5374 2837 5407 :
2887 5353 3164 5421 quomodo
3210 5352 3407 5406 iterqu
3442 5349 3580 5412 Nae,

2004 5451 2096 5520 qui
2135 5460 2264 5504 ante
2318 5448 2419 5502 hos
2473 5448 2608 5500 vixit
2636 5446 2797 5501 annis
2859 5444 3081 5499 circiter
3123 5438 3583 5511 quadringentis?

2004 5541 2159 5608 Quod
2198 5541 2240 5595 si
2296 5549 2352 5595 tu
2393 5540 2554 5610 igitur
2581 5547 2771 5593 auctor
2802 5549 2853 5592 et
2896 5537 3147 5590 inventor
3174 5531 3475 5603 impietatis
3519 5544 3582 5582 es

2009 5634 2090 5702 (ut
2114 5633 2279 5687 etiam
2305 5649 2380 5695 es.
2394 5633 2632 5701 revera),
2658 5630 2795 5685 falso
2826 5628 3107 5685 dicisillos
3131 5625 3331 5696 impuri
3360 5623 3584 5691 dogma~

2007 5727 2076 5783 tis
2125 5726 2360 5783 asseclus
2402 5725 2590 5781 fuisse.
2638 5724 2695 5781 Si
2736 5738 2886 5793 vero,
2921 5732 2980 5783 ut
3013 5721 3168 5791 lacis,
3224 5720 3346 5780 illos
3387 5713 3579 5774 eadem
