3928 6212
409 321 512 391 611
955 365 962 373 -
1472 349 1500 392 β
1621 315 1944 377 JOANNIS
1981 312 2506 376 CANTACUZENI
3536 325 3628 388 mg

409 437 620 493 sentire
646 434 872 500 asseris,
897 445 1118 488 rursum
1152 429 1424 486 mendacii
1458 431 1825 494 convinceris,
1854 445 1960 500 quo

2110 430 2202 500 ροῦ
2235 427 2454 482 τουτουῒ
2505 427 2813 498 δόγματος·
2844 428 2960 482 εῖδ’
2991 428 3066 493 ὡς
3100 429 3269 500 λέγεις
3292 435 3358 487 τὰ
3393 436 3519 492 atra
3549 443 3633 496 κά-

414 539 466 586 te
501 529 639 600 legis
671 535 955 582 auctorem
990 523 1264 579 nomines.
1297 521 1408 578 Nec
1457 523 1605 580 enim
1633 525 1834 593 poterit
1870 523 1962 578 fon

2107 522 2325 586 κείνους
2357 523 2600 592 φρονεῖν,
2634 522 2728 575 καὶ
2761 521 2906 574 οὓτω
2927 522 3102 594 ψεύδῃ
3164 526 3396 597 ἀρχηγὸν
3436 536 3633 586 σεαυτὸν

410 638 478 678 ex
514 635 625 676 uno
667 617 971 688 eodemque
1008 615 1183 671 canali
1221 630 1420 685 aquam
1456 615 1677 671 dulcem
1731 616 1895 671 simul
1939 631 1961 672 ε

2107 615 2424 669 ἀποκαλῶν.
2464 615 2572 668 Καὶ
2595 615 2704 684 γὰρ
2738 616 2797 669 ού
2841 615 3068 670 δύναται
3093 619 3241 690 πηγὴ
3286 621 3346 673 ὲκ
3383 623 3472 693 τῆς
3492 627 3637 695 αὐτῆς

412 726 655 768 amaram
681 708 994 773 effundere,
1027 707 1116 762 vel
1147 722 1335 763 verum
1367 715 1424 762 et
1446 707 1665 762 falsum.
1699 706 1807 763 Sed
1847 725 1963 777 quo

2109 709 2208 760 καὶ
2268 707 2401 776 μιᾶς
2436 706 2577 776 ὀπῆς
2611 706 2831 776 βλύζειν
2870 709 3022 776 νᾶμα
3067 709 3238 776 γλυκὺ
3297 713 3384 765 καὶ
3445 719 3635 784 πικρὴν,

416 807 536 876 ipse
575 818 672 873 per
709 799 1074 872 ignorantiam
1114 800 1213 855 tibi
1245 799 1617 863 contradicas,
1653 814 1845 854 verum
1889 813 1967 855 est

2110 799 2229 869 ἦτοι
2269 798 2469 868 ψεῦδος
2509 799 2605 851 καὶ
2628 798 2911 867 ἀλήθειαν.
2945 801 3087 853 Ἀλλ’
3112 803 3246 873 ὅπερ
3275 805 3425 868 αὐτὸς
3455 807 3638 875 ἀγνοῶν

411 893 680 960 Quoniam
715 890 850 946 fides
899 906 1010 946 non
1067 889 1119 944 vi
1172 905 1274 945 nec
1314 890 1647 944 necessitate
1673 888 1857 953 datur,
1901 904 1962 944 se

2109 888 2486 961 καταγγέλλει,
2521 889 2682 943 τοῦτό
2721 892 2872 944 ἐστιν
2905 893 2938 963 ἡ
2973 891 3229 962 ἀλήθεια,
3275 894 3354 947 ὅτι
3398 897 3427 966 ἠ
3484 897 3642 960 πίστις

411 981 699 1039 electionis
758 990 814 1037 et
843 979 1145 1037 voluntatis
1192 991 1297 1036 est.
1334 980 1653 1050 Corporalia
1689 981 1835 1034 enim
1887 981 1962 1034 vir

2111 983 2213 1035 οὐκ
2237 981 2353 1033 εστι
2385 980 2483 1046 τῆς
2511 979 2632 1050 βίας
2668 980 2762 1035 καὶ
2795 982 2896 1050 τῆς
2917 984 3185 1055 ἀνάγκης,
3207 984 3338 1038 ἀλλὰ
3358 988 3450 1055 τῆς
3479 1006 3645 1057 προαι.

415 1073 664 1127 sentiunt
691 1089 705 1138 ;
731 1072 917 1127 anima
950 1086 1105 1137 vero,
1129 1079 1184 1125 et
1209 1087 1332 1141 quae
1356 1071 1502 1126 illius
1532 1080 1681 1134 sunt,
1716 1087 1824 1126 non
1844 1073 1966 1126 item

2113 1075 2316 1144 ρέσεως
2357 1073 2452 1127 καὶ
2483 1072 2777 1142 θελήσεως.
2807 1074 2888 1127 Τά
2923 1075 2994 1142 γά
3008 1091 3038 1144 ρ
3101 1077 3386 1146 σωματικά
3430 1078 3643 1147 δέχονται

415 1164 525 1222 Sed
559 1164 743 1218 anima
779 1162 1189 1235 quodammodo
1221 1163 1308 1218 sui
1361 1162 1504 1234 juris
1546 1173 1651 1228 est,
1693 1171 1749 1218 et
1781 1163 1954 1218 libera

2108 1166 2170 1218 τὸ
2197 1165 2389 1235 βίαιον,
2419 1165 2489 1218 τά
2517 1165 2571 1218 δὲ
2596 1164 2808 1235 ψυχικά
2835 1167 2932 1236 οὐχ
2969 1165 3167 1230 οὕτως.
3206 1167 3343 1220 Ἀλλ’
3370 1168 3440 1232 ὡς
3484 1169 3647 1234 αὐτεξ-

414 1260 563 1330 quod
595 1260 744 1315 enim
786 1258 966 1314 credit
989 1268 1046 1314 et
1089 1258 1228 1321 vult,
1271 1257 1408 1312 illud
1446 1266 1594 1311 amat
1618 1264 1676 1310 et
1714 1254 1965 1325 amplecti

2109 1257 2291 1320 ούσιος
2339 1257 2434 1309 καὶ
2487 1257 2746 1327 ἐλευθέρα
2794 1259 2827 1328 ἡ
2893 1257 3061 1330 ψυχὴ,
3106 1261 3242 1331 ὅπερ
3295 1261 3524 1314 πιστεύει
3569 1264 3645 1314 καὶ

415 1363 526 1406 tur.
557 1350 714 1418 Quod
735 1359 918 1406 autem
949 1350 1001 1403 vi
1036 1349 1329 1420 contingit,
1359 1357 1568 1403 motum
1614 1362 1644 1402 a
1676 1347 1861 1417 seipso
1891 1361 1962 1400 no

2114 1348 2392 1421 βούλεται,
2448 1348 2608 1404 τοῦτο
2672 1352 2764 1404 καὶ¹
2825 1353 3048 1422 στέργει
3092 1353 3185 1406 καὶ
3229 1353 3453 1424 δέχεται.
3502 1354 3566 1407 Τδ
3604 1352 3648 1408 δὲ

416 1443 588 1498 habet
625 1460 638 1497 :
670 1442 818 1512 quod
857 1451 1042 1497 autem
1082 1441 1319 1512 propria:
1366 1449 1575 1495 natura:
1619 1447 1912 1511 repugnat,
1947 1453 1967 1493 ε

2115 1442 2254 1511 μετά
2291 1439 2414 1509 βίας
2443 1442 2770 1511 γιγνόμενον
2796 1443 2900 1496 οὐκ
2939 1444 3057 1512 ἔχει
3089 1447 3184 1514 ἀφ’
3208 1447 3404 1500 ἑαυτοῦ
3459 1446 3547 1518 τὴν
3577 1448 3647 1501 κί-

415 1535 641 1590 aliundc
675 1546 945 1600 movetur,
976 1537 1192 1590 firmum
1227 1548 1333 1588 non
1365 1543 1481 1599 est;
1511 1542 1566 1588 et
1605 1534 1749 1603 quod
1785 1533 1966 1586 ﬁrmut

2112 1553 2290 1604 νησιν,
2328 1537 2447 1606 ἦτοι
2487 1537 2645 1607 παρὰ
2671 1537 2775 1606 τὴν
2831 1537 2972 1592 ίδίαν
3023 1538 3220 1606 φύσινο
3259 1540 3352 1593 καὶ⁵
3387 1538 3445 1592 τὸ
3483 1539 3652 1610 ἑτέρω-

421 1645 528 1683 non
580 1638 682 1694 est,
720 1644 821 1684 nec
867 1629 1034 1684 etiam
1078 1628 1274 1682 stabile
1330 1631 1457 1682 erit.
1496 1627 1773 1696 Evangelii
1818 1639 1972 1678 auter

2113 1629 2206 1682 θεν
2240 1628 2568 1698 κινούμενον
2599 1629 2699 1682 ούκ
2743 1629 2857 1699 ἔχει
2922 1632 2984 1684 τὸ
3039 1630 3260 1701 βέϐαιον
3293 1648 3308 1664 ο
3343 1633 3436 1685 καὶ
3489 1632 3545 1685 τδ
3591 1633 3653 1701 μὴ

420 1721 506 1774 lex
536 1729 592 1773 et
639 1718 795 1773 firma
836 1728 941 1782 est,
972 1729 1025 1772 et
1069 1718 1304 1781 stabilis,
1347 1726 1572 1788 prepter
1604 1715 1816 1786 proprii
1862 1715 1971 1785 jnri

2114 1719 2235 1790 ἔχον
2263 1719 2324 1772 τὸ
2355 1719 2576 1789 βέϐαιον
2611 1721 2713 1774 οὐκ
2745 1721 2859 1792 ἔχει
2897 1723 2953 1776 τὸ
2999 1725 3256 1794 μόνιμον.
3308 1723 3446 1778 Ἀλλ’
3498 1722 3526 1775 ὁ
3572 1724 3652 1792 μὲν

421 1817 768 1879 potestatem,
791 1817 846 1864 et
875 1809 1047 1878 ipsius
1071 1809 1408 1864 voluntatem
1431 1806 1648 1861 animae.
1677 1825 1694 1856 ι
1722 1806 1824 1872 Qui
1863 1803 1972 1857 enir

2113 1811 2207 1864 τοῦ
2235 1811 2574 1879 Εύαγγελίου
2609 1812 2774 1881 νόμος
2803 1813 2918 1883 ἔχει
2970 1814 3032 1867 τὸ
3084 1815 3304 1886 βέϐαιόν
3345 1833 3401 1869 τε
3449 1815 3535 1869 καὶ
3575 1817 3657 1882 μό·

423 1908 625 1970 potest,
660 1899 841 1970 inquit
880 1898 1156 1960 Christus,
1192 1914 1411 1968 capere,
1445 1899 1623 1967 capiat
1654 1896 1717 1950 ιδ.
1764 1917 1781 1949 ι
1817 1895 1974 1949 Matio

2115 1920 2275 1973 νιμον
2319 1903 2409 1956 ί)ὶά
2438 1905 2501 1956 τὸ
2530 1902 2890 1968 αὐτεξούσιον
2931 1906 3028 1960 καὶ
3071 1907 3174 1977 τὴν
3225 1907 3332 1961 ἀπὸ
3363 1908 3457 1977 τῆς
3505 1903 3657 1975 ψυχῆς

424 1992 586 2046 metis
614 1991 700 2046 lex
737 2005 839 2046 nec
869 1990 1023 2044 firma
1064 1999 1170 2056 est,
1205 2005 1309 2045 nec
1337 1991 1574 2056 stabilis,
1623 2003 1690 2045 eo
1736 1989 1882 2058 quod
1911 2003 1975 2057 pe

2117 1995 2338 2065 θέλησιν
2369 2009 2383 2026 ο
2423 2013 2442 2047 ι
2485 1995 2544 2048 ’0
2593 1995 2894 2066 δυνάμενος
2943 1998 3054 2068 γὰρ
3082 2038 3096 2061 ,
3168 1999 3333 2069 φησὶν
3381 1999 3408 2052 ό
3460 1997 3657 2068 Κύριος,

422 2084 662 2156 gladium
711 2096 769 2141 et
818 2087 927 2141 vim
973 2087 1434 2150 administretur;
1473 2085 1602 2140 licet
1649 2085 1743 2139 Dei
1781 2083 1973 2156 judicii

2112 2089 2313 2158 χωρεῖν
2366 2088 2637 2157 χωρείτω.
2685 2106 2703 2138 ι
2750 2089 2810 2141 'O
2837 2088 2896 2142 δὲ
2933 2087 3029 2141 τοῦ
3085 2089 3332 2160 Μωάμεο
3366 2089 3522 2159 νόμος
3579 2089 3659 2142 οὐκ

427 2181 596 2250 hujus
625 2179 879 2250 impietas
907 2179 1156 2244 dilatata,
1195 2187 1250 2232 et
1287 2179 1502 2232 viribus
1540 2185 1702 2231 aucta
1748 2176 1838 2231 sit.
1895 2175 1978 2230 SBt

2117 2177 2229 2249 εχει
2267 2178 2330 2231 τὸ
2358 2178 2580 2248 βέϐαιον
2608 2179 2705 2233 καὶ
2731 2179 2985 2250 μόνιμον,
3041 2180 3132 2236 διὰ
3197 2179 3260 2235 τὺ
3324 2181 3458 2250 μετά
3505 2180 3659 2247 ξίφους

421 2279 690 2340 quantum
723 2284 753 2323 a
791 2269 932 2324 casio
979 2277 1124 2324 terra
1158 2268 1347 2333 distat,
1399 2275 1611 2321 tantum
1652 2265 1747 2344 Dei
1781 2263 1972 2320 consili

2119 2270 2214 2322 καὶ
2271 2268 2372 2323 σὺν
2403 2268 2499 2340 βίᾳ
2554 2269 2943 2324 πολιτεύεσθαι
2991 2271 3210 2338 τοῦτον,
3263 2273 3368 2326 κᾶν
3425 2272 3514 2326 καὶ
3568 2270 3664 2342 κρί-

423 2361 493 2415 ab
517 2359 776 2416 humanis
806 2359 1093 2425 differunt,
1124 2368 1178 2413 et
1224 2359 1373 2415 illius
1412 2357 1774 2428 cogitationes
1803 2358 1872 2411 ab
1905 2357 1974 2410 itu

2123 2377 2308 2430 μασιν,
2335 2355 2418 2425 οἷς
2448 2357 2555 2415 οἶδε
2613 2362 2769 2426 Θεὸς,
2817 2364 2910 2417 καὶ
2975 2364 3289 2437 ἐπλατύνθη
3319 2367 3411 2418 καὶ
3459 2363 3665 2434 ἐπεκρά-

423 2451 606 2505 manis
630 2449 1086 2521 cogitationibus,
1116 2448 1586 2519 quemadmodum
1617 2457 1674 2503 et
1705 2448 1820 2516 ipse
1867 2449 1974 2502 Deu

2118 2455 2351 2525 τησενή
2411 2453 2602 2507 τούτου
2661 2454 2912 2510 ἀσέϐεια.
2986 2456 3129 2510 Ἀλλ’
3193 2457 3383 2530 ὥσπερ
3433 2457 3667 2526 ἀπέχειὸ

424 2557 526 2612 per
555 2541 750 2596 Isaiam
800 2541 1125 2611 prepltetam
1170 2539 1464 2596 manifeste
1515 2539 1842 2595 declaravit.
1876 2539 1975 2594 Pro

2121 2547 2353 2616 οὐρανὸς
2383 2547 2493 2598 ἀπὸ
2523 2546 2624 2616 τῆς
2678 2547 2804 2616 γῆς,
2853 2547 3026 2614 οὕτως
3071 2549 3376 2621 ἀπέχουσιν
3431 2552 3482 2603 ἀί
3505 2547 3666 2618 βουλαὶ

428 2640 616 2702 pterea
643 2646 743 2686 nos
796 2646 1017 2700 quoque
1076 2646 1201 2686 cum
1237 2630 1408 2685 Paulo
1439 2631 1696 2699 theologo
1729 2629 1966 2705 (licinius

2124 2638 2218 2690 τοῦ
2254 2637 2390 2691 Θεοῦ
2425 2637 2534 2692 ἀπὸ
2565 2639 2674 2692 τῶν
2709 2638 3092 2709 ἀνθρωπίνων,
3124 2643 3222 2695 καὶ
3258 2641 3331 2695 τὰ
3367 2642 3547 2695 τούτου
3571 2639 3671 2693 δια-

435 2742 455 2775 ι
490 2721 536 2778 Ο
582 2721 1016 2792 profunditatem
1056 2721 1373 2778 divitiarum
1418 2722 1704 2790 sapientiae
1744 2729 1802 2774 et
1827 2721 1986 2791 cogni

2125 2731 2378 2798 νοήματα
2424 2728 2533 2782 ἀπὺ
2596 2731 2707 2783 τῶν
2759 2731 3121 2804 ἀνθρωπίνων
3182 2733 3442 2798 ὡσαύτως
3489 2733 3670 2800 διανοη-

430 2813 599 2871 tionis
630 2812 724 2869 Dei
759 2830 776 2870 :
814 2828 978 2884 quam
1009 2811 1335 2868 abscondita
1402 2823 1532 2868 sunt
1591 2810 1800 2884 judicia
1844 2812 1981 2864 illius

2128 2819 2338 2888 μάτων,
2407 2819 2589 2884 καθὼς
2653 2821 2818 2884 αὐτὸς
2872 2823 2900 2874 ὁ
2943 2822 3078 2886 Θεὸς
3125 2823 3220 2876 διὰ
3269 2824 3364 2878 τοῦ
3420 2823 3668 2896 προφήτου

431 2917 488 2962 et
538 2921 650 2962 non
688 2906 1108 2977 investigabiles
1145 2906 1249 2961 viae
1296 2907 1452 2979 ejus!
1500 2905 1634 2972 Quis
1663 2905 1809 2960 enim
1859 2903 1982 2958 novi

2135 2909 2364 2965 Ἡσαΐου
2398 2911 2612 2982 τρανῶς
2653 2913 2976 2984 διεσάφησε.
3009 2916 3108 2969 Διά
3161 2917 3322 2972 τοῦτο
3352 2917 3448 2971 σὺν
3472 2917 3542 2988 τῷ
3567 2917 3673 2984 θεηο

436 3007 674 3054 mentem
700 2999 970 3055 Domini?
1013 3007 1110 3053 aut
1147 2998 1274 3069 quis
1297 2999 1375 3054 illi
1410 2999 1514 3054 fuit
1535 3014 1566 3053 a
1599 2996 1848 3054 consiliis
1877 2998 1952 3050 ”?

2124 3001 2272 3072 γόρῳ
2319 3003 2519 3074 Παύλῳ
2551 3004 2648 3057 καὶ⁵
2678 3005 2839 3076 ἡμεῖς
2889 3007 3160 3076 εἴπωμεν,
3197 3026 3216 3060 ι
3261 3005 3331 3062 *Ω
3359 3009 3512 3081 βάθος
3537 3008 3675 3062 πλού-

435 3092 602 3148 Novit
641 3091 791 3147 enim
838 3092 1110 3147 Dominus
1143 3093 1265 3162 pios
1300 3092 1599 3155 custodire,
1636 3092 1856 3161 iniquos
1888 3106 1983 3144 vcr

2127 3111 2221 3146 του
2251 3095 2346 3148 καὶ
2383 3095 2575 3165 σοφίας
2599 3101 2695 3150 καὶ
2727 3097 2983 3166 γνώσεως
3013 3098 3177 3169 Θεοῦ,
3202 3099 3280 3166 ὡς
3312 3099 3672 3172 ἀνεξερεύνητά

436 3196 663 3239 servare
693 3180 762 3236 ad
795 3181 941 3237 diem
965 3182 1186 3252 judicii,
1215 3183 1526 3252 puniendos
1564 3182 1690 3252 igne
1723 3184 1987 3252 sernpiter

2127 3185 2196 3238 τά
2222 3188 2468 3256 κρίματα
2501 3189 2692 3255 αὐτοῦ,
2721 3191 2816 3243 καὶ
2848 3187 3258 3262 ἀνεξιχνίαστοι
3288 3196 3343 3249 αί
3376 3195 3480 3248 6δοὶ
3511 3191 3670 3248 αὑτοῦ.

435 3287 531 3328 uo.
560 3271 681 3327 Lux
713 3273 865 3328 enim
896 3273 1196 3343 impiorum
1222 3273 1610 3343 exstinguitur.
1652 3273 1884 3343 Insuper
1914 3273 1985 3326 bo

2121 3274 2217 3337 Τίς
2259 3275 2367 3346 γὰρ
2391 3275 2536 3343 ἔγνω
2570 3277 2694 3330 νοῦν
2742 3279 2982 3350 Κυρίου,
3020 3282 3053 3350 ἣ
3090 3281 3181 3345 τίς
3202 3281 3502 3354 σύμϐουλος
3531 3280 3669 3337 αὑτοῦ

435 3365 574 3422 dicit
617 3365 900 3423 Mahomct
947 3385 961 3423 :
1011 3367 1133 3423 Non
1184 3368 1312 3423 veni
1362 3369 1539 3438 legem
1595 3368 1986 3422 conlinualuru

2123 3367 2370 3434 ὲγένετο;
2405 3387 2425 3420 ι
2447 3364 2568 3422 υἷδε
2585 3371 2695 3440 γὰρ
2719 3369 2920 3442 Κύριος
2937 3371 3186 3438 εὐσεϐεῖς
3213 3375 3457 3445 ῥύεσθαι,
3475 3375 3671 3445 ἀνόμους

437 3459 742 3524 miraculis,
765 3457 861 3514 sed
894 3474 994 3529 per
1023 3459 1283 3529 gladium.
1315 3459 1384 3514 Et
1410 3461 1514 3514 hoc
1535 3473 1664 3514 vere
1695 3459 1835 3512 dixit
1867 3475 1881 3524 ;
1919 3461 1988 3513 mi

2122 3455 2178 3507 δὲ
2207 3458 2396 3524 τηρεῖν
2423 3457 2501 3518 εἰς
2554 3458 2774 3527 ἡμέραν
2807 3459 3066 3527 κρίσεως,
3118 3461 3518 3533 κολαζομένους
3568 3464 3671 3516 αίω·

436 3551 754 3605 raculorum
781 3549 930 3606 enim
956 3551 1155 3616 virtus,
1187 3551 1502 3606 divinorum
1533 3560 1618 3606 est
1638 3565 1932 3605 munerum
1963 3567 1987 3604 ε

2124 3541 2220 3612 νίῳ
2249 3541 2403 3612 πυρί.
2434 3542 2554 3605 Φῶς
2597 3550 2708 3612 γὰρ
2743 3545 2956 3600 ἀσεϐῶν
3011 3547 3328 3606 σϐέννυται.
3385 3552 3499 3606 Ἔτι
3545 3548 3675 3603 τοῦτό

433 3641 653 3697 dctum.
687 3642 760 3696 Et
787 3656 1041 3712 quaenam
1069 3642 1198 3698 boni
1226 3658 1350 3697 cum
1396 3643 1541 3698 malo
1570 3651 1655 3697 est
1680 3642 1984 3697 communit

2127 3649 2292 3700 φησιν
2325 3631 2352 3683 ὁ
2382 3633 2650 3702 Μωάμεθ,
2685 3633 2761 3697 ὡς
2802 3636 2946 3705 Ἐγὼ
2975 3634 3270 3710 ούκῆλθον
3323 3641 3413 3696 τδν
3447 3641 3594 3713 νόμον
3608 3638 3676 3692 διὰ

433 3733 600 3790 Nulla
622 3735 871 3790 omnino.
899 3735 1005 3791 Sed
1037 3734 1506 3804 quemadmodum
1531 3735 1734 3789 malum
1763 3743 1984 3803 tanquar

2128 3720 2422 3791 θαυμάτων
2460 3723 2859 3786 πιστώσασθαι.
2893 3726 3031 3781 ἀλλά
3065 3729 3159 3784 διὰ
3187 3729 3394 3801 ξίφους.
3429 3733 3530 3786 Καὶ
3544 3728 3676 3784 τοῦτο

434 3836 620 3892 non.a
656 3822 768 3878 Deo
816 3823 1046 3890 factum,
1079 3838 1190 3876 non
1235 3824 1463 3893 proprie
1518 3837 1618 3892 per
1653 3837 1711 3877 se
1741 3823 1985 3878 subsisti:

2128 3812 2346 3884 ἀληθῶς
2385 3815 2626 3887 εἴρηκεν.
2670 3816 2735 3870 Ἦ
2763 3817 2872 3890 γὰρ
2902 3819 3012 3873 τῶν
3046 3819 3346 3894 θαυμάτων
3375 3824 3602 3894 ἐνέργεια
3630 3820 3677 3873 ἐν

436 3923 538 3980 sed
568 3933 794 3994 prepter
843 3924 976 3978 boni
1017 3923 1300 3978 interitum
1327 3933 1385 3977 et
1432 3923 1733 3988 defectum,
1768 3933 1987 3993 tanquar

2129 3905 2247 3956 ἐστι
2279 3905 2388 3958 τῶν
2415 3906 2508 3959 τοῦ
2561 3907 2699 3960 θεοῦ
2763 3911 3123 3982 χαρισμάτων
3165 3914 3262 3968 καὶ
3306 3914 3538 3986 δωρεῶν.
3590 3908 3678 3964 Καὶ

435 4028 540 4083 per
572 4013 831 4068 accidens
882 4013 937 4065 in
970 4011 1040 4065 iis
1071 4011 1272 4081 quibus
1316 4011 1592 4080 contingit
1638 4012 1976 4081 perspicitur

2130 3997 2215 4058 τίς
2269 3998 2522 4052 κοινωνία
2582 3999 2756 4053 κακοῦ
2790 4011 2850 4054 τε
2886 4004 2982 4056 καὶ
3007 4004 3262 4074 ἀγαθοῦς
3306 4007 3522 4069 Πάντως
3550 4003 3677 4057 οὐδε-

446 4107 520 4160 ita
558 4103 695 4158 mihi
744 4103 814 4158 de
867 4102 1198 4157 Maltometis
1237 4103 1502 4158 doctrina-
1531 4103 1735 4157 factum
1786 4102 1997 4158 videtur

2138 4086 2261 4156 μία.
2309 4088 2453 4141 Ἀλλ’
2493 4089 2684 4160 ὥσπερ
2715 4092 2775 4144 τὸ
2794 4094 2963 4147 κακὸν
2996 4095 3072 4158 ὡς
3124 4097 3204 4168 μὴ
3235 4097 3386 4170 παρά
3431 4095 3519 4151 τοῦ
3564 4091 3675 4147 Θεοῦ

434 4193 590 4261 quod
641 4191 874 4245 interitu
909 4199 963 4245 et
990 4189 1212 4246 defectu
1247 4206 1501 4246 verorum
1553 4191 1650 4246 Dei
1688 4191 1985 4261 dogmatuu

2135 4178 2363 4246 γεγονὸς
2389 4179 2489 4232 οὐκ
2518 4179 2634 4249 ἔχει
2696 4181 2832 4235 ίδίαν
2877 4183 3203 4252 ὑπόστασιν,
3251 4188 3387 4242 ἀλλά
3439 4187 3578 4256 παρὰ
3623 4185 3675 4253 τῇ

436 4297 543 4352 per
573 4279 832 4336 accidens
862 4296 1001 4336 nova
1042 4288 1098 4335 et
1129 4281 1419 4350 peregrina
1468 4281 1554 4336 lex
1586 4283 1856 4350 eruperit,
1893 4282 1987 4352 qui

2135 4269 2456 4322 ἀποπτὼσει
2491 4271 2586 4324 καὶ
2616 4271 2851 4342 ἐλλείψει
2889 4273 2984 4327 τοῦ
3044 4276 3257 4343 ἀγαθοῦ
3315 4277 3454 4332 κατά
3507 4273 3677 4345 συμϐε-

445 4368 632 4440 potius
672 4384 702 4424 a
731 4371 965 4427 veritate
997 4377 1054 4424 et
1075 4369 1186 4423 Deo
1218 4369 1418 4428 aliena.
1442 4368 1721 4434 Quantum
1748 4358 1896 4424 e'nim
1929 4371 1996 4427 bo

2137 4360 2306 4431 ϐηκὺς
2350 4362 2638 4434 θεωρεῖται
2678 4367 2737 4419 ὲν
2781 4360 2863 4430 οἷς
2885 4365 2953 4420 ἂν
2980 4367 3235 4436 γένηται,
3261 4369 3403 4424 οὕτω
3463 4386 3548 4440 μοι
3589 4366 3676 4419 νόει

450 4470 652 4524 malum
701 4478 805 4536 est,
847 4477 995 4524 tanta
1036 4469 1203 4523 etiam
1251 4477 1337 4523 est
1369 4469 1708 4536 absurditas,
1734 4481 1791 4525 et
1822 4471 2001 4527 inordi

2137 4453 2229 4506 καὶ
2267 4455 2362 4506 ἐπὶ
2387 4457 2502 4519 τοῖς
2536 4457 2630 4510 τοῦ
2686 4459 2935 4526 Μωάμεθ
2976 4459 3274 4530 δόγμασιν,
3324 4461 3399 4524 ὡς
3460 4464 3522 4531 τῇ
3568 4461 3676 4511 dm.

446 4567 571 4614 nata
606 4573 787 4612 rerum
830 4558 1106 4612 confusio.
1133 4557 1610 4623 Quemadmodum
1647 4560 1794 4613 enim
1822 4561 1997 4614 malun

2138 4546 2336 4601 πτώσει
2369 4550 2463 4601 καὶ
2489 4548 2727 4618 ἐλλείψει
2752 4549 2859 4603 τῶν
2885 4550 2978 4603 τοῦ
3014 4551 3148 4604 θεοῦ
3171 4553 3388 4624 ἀληθῶν
3409 4553 3674 4622 δογμάτων,

444 4659 671 4722 propter
700 4650 830 4706 boni
862 4649 1140 4706 defectum
1172 4660 1418 4720 apparet,
1454 4652 1634 4721 ipsum
1676 4667 1806 4707 vero
1832 4667 1931 4722 per
1973 4669 1995 4708 s

2152 4639 2280 4693 ιατά
2323 4639 2672 4710 συμϐεϐηκὸς
2700 4641 3060 4728 ἀναφαίνεται]
3084 4659 3169 4705 τις
3201 4642 3353 4708 ξένος
3412 4643 3502 4696 καὶ
3549 4635 3703 4692 ἀλλό-⁴

444 4743 755 4800 substantia
828 4751 978 4798 caret
1025 4762 1039 4798 :
1090 4752 1148 4799 et
1212 4743 1438 4798 morbus
1481 4752 1709 4814 propter
1755 4745 1995 4802 sanitati:

2140 4750 2297 4796 κοτος
2328 4733 2514 4802 νόμος,
2551 4735 2753 4801 μᾶλλον
2777 4735 2834 4788 δὲ
2887 4733 3172 4805 ἀλλότριος
3223 4738 3396 4806 πάντη
3431 4735 3524 4803 τῆς
3569 4731 3677 4796 ἀλη-

447 4835 816 4906 confusioque
871 4844 1098 4906 propter
1136 4835 1350 4890 ordinis
1393 4835 1671 4891 defectum
1729 4837 1998 4891 enascitur

2139 4821 2292 4885 θείας
2323 4824 2420 4876 καὶ
2477 4823 2572 4876 τοῦ
2603 4822 2764 4878 Θεοῦ.
2799 4824 3046 4879 Καθόσον
3094 4826 3206 4896 γάρ
3253 4827 3367 4878 ἐστι
3415 4825 3470 4877 τὸ
3514 4821 3674 4880 xxxiv,

447 4927 533 4982 sic
567 4934 620 4978 et
661 4924 990 4980 Mahometis
1022 4923 1110 4978 lex
1148 4934 1374 4994 propter
1405 4939 1547 4979 verae
1573 4924 1712 4995 legis
1751 4925 1998 4978 defectun

2139 4917 2282 4969 κατὰ
2309 4916 2562 4970 τοσοῦτόν
2587 4919 2738 4971 ἐστιν
2766 4918 2959 4987 ἀλογία
2994 4921 3088 4974 καὶ
3121 4921 3342 4986 ἀταξία.
3371 4921 3564 4987 Ὥσπερ
3591 4915 3676 4982 γὰρ

443 5029 552 5083 ρει*
582 5013 844 5070 accidens
872 5021 1034 5069 enala
1082 5014 1449 5085 conspicitur,
1481 5024 1690 5070 rectum
1739 5015 1994 5069 simulans

2137 5007 2198 5060 τδ
2231 5009 2399 5062 κακὸν
2434 5008 2587 5080 παρὰ
2617 4998 2716 5080 τὴν
2745 5011 3048 5065 ἀπόστασιν
3081 5012 3176 5066 τοῦ
3201 5009 3411 5081 ἀγαθοῦ
3445 5008 3671 5079 (pulverei:

441 5104 724 5174 eumipsa
757 5118 855 5174 per
879 5119 939 5160 se
985 5119 1137 5161 mera
1167 5106 1240 5161 sit
1293 5107 1609 5163 absurditas
1653 5118 1708 5163 et
1754 5107 1992 5162 confusu

2140 5101 2275 5153 αὐτὸ
2302 5100 2358 5153 δὲ
2388 5101 2512 5154 καθ’
2545 5102 2678 5155 αὐτὸ
2702 5103 2805 5155 οὐκ
2835 5103 2952 5172 εχει
2999 5104 3300 5157 ὑπόστασιν
3344 5119 3479 5168 τινα,
3538 5104 3611 5152 καὶ
3649 5096 3671 5160 ἦ

442 5193 759 5264 animaeque
803 5197 1053 5265 morbus,
1095 5199 1206 5254 imo
1239 5214 1412 5255 mors.
1455 5199 1694 5255 Tantum
1738 5200 1887 5253 enim
1919 5198 1993 5253 Ma

2142 5191 2298 5254 νόσος
2332 5193 2483 5261 παρά
2519 5193 2617 5260 τὴν
2657 5193 2758 5261 τῆς
2812 5193 3046 5262 ὑγιείας,
3105 5195 3204 5248 καὶ
3239 5194 3272 5262 ὴ
3324 5191 3512 5255 ἀταξία
3556 5184 3671 5254 παρὰ

447 5283 694 5339 bometis
736 5283 821 5338 lcx
862 5283 994 5340 boni
1033 5286 1310 5357 particeps
1341 5294 1450 5351 est,
1506 5286 1560 5340 in
1601 5295 1871 5356 quantum
1907 5287 1998 5356 qui

2134 5288 2234 5352 τὴν
2271 5286 2370 5353 τῆς
2404 5284 2633 5351 τάξεως,
2672 5283 2816 5338 οὕτω
2839 5288 2975 5339 καὶὸ
2995 5285 3087 5339 τοῦ
3112 5286 3357 5355 Μωάμεθ
3381 5287 3534 5354 νόμος
3557 5277 3677 5347 ποιρᾶ

449 5373 559 5431 sibi
599 5374 929 5431 benefacere
977 5376 1470 5434 videtur.-Nullus
1514 5378 1664 5432 enim
1717 5379 1944 5443 malum,
1973 5393 2000 5432 υ

2137 5375 2235 5444 τὴν
2274 5375 2368 5428 τοῦ
2404 5375 2642 5446 ἀληθοῦς
2671 5377 2842 5446 νόμου
2876 5379 3024 5431 κατά
3051 5377 3398 5448 συμϐεϐηκὸς
3427 5373 3675 5440 θεωρεῖται

449 5466 778 5534 reipsa‘est,
809 5467 1182 5538 conspiciens,
1213 5483 1278 5523 ea
1303 5484 1426 5539 quae
1455 5467 1776 5534 committit,
1805 5469 2000 5523 faceret

2140 5464 2576 5536 ὑποκρινόμενος
2622 5466 2682 5520 τὸ
2725 5469 2909 5538 ὀρθόν.
2969 5470 3141 5534 Αὐτὸς
3169 5468 3227 5523 δὲ
3257 5469 3378 5522 καθ’
3405 5465 3558 5519 αὑτὸν
3574 5460 3675 5518 ὅλος

449 5552 624 5611 Suam
682 5557 850 5626 igitur
899 5558 1076 5629 ipsius
1121 5557 1499 5615 inﬁrmitatem
1542 5568 1888 5629 perspectam
1943 5562 2000 5614 lia

2138 5559 2288 5613 ἐστὶν
2319 5560 2513 5628 ἀλογία
2538 5562 2631 5615 καὶ
2659 5563 2878 5628 ἀταξία,
2901 5565 2993 5618 καὶ
3014 5563 3167 5627 νόσος
3197 5561 3395 5633 ψυχῆς,
3414 5556 3599 5631 μᾶλλον
3629 5551 3676 5603 δῖ

533 5738 580 5776 ιι
618 5737 812 5794 Matth.
856 5755 974 5808 ιιι,
1019 5741 1106 5796 is.
1187 5742 1232 5774 η
1279 5741 1440 5797 nom.
1482 5755 1563 5809 ιι,
1599 5697 1819 5810 εδξει.
