3928 6212
365 378 466 444 613

1366 386 1666 447 CONTRA
1716 382 2207 445 MAIIOMETEM
2246 384 2529 444 ORATIO
2574 385 2618 448 Ῐ.

3506 390 3611 454 6H

365 498 613 562 θάνατος,
639 498 796 551 Κατά
818 496 1069 553 τοσοῦτον
1100 500 1191 553 καὶ
1219 500 1327 570 γὰρ
1350 501 1571 571 μετέχει
1604 503 1633 553 ὁ
1654 502 1747 555 τοῦ
1774 501 1939 554 Μωά-

2043 500 2198 563 hens,
2235 500 2577 554 mendacium
2616 501 2879 568 assumit;
2917 501 3133 557 simulat
3161 511 3342 558 autem
3368 503 3605 560 divinam

371 589 468 658 μεθ
500 589 662 659 νόμος
686 588 778 641 τοῦ
809 589 1035 657 ἀγαθοῦ,
1068 591 1296 646 καθόσον
1340 592 1518 646 δοκεῖν
1558 593 1718 662 μόνον
1756 592 1935 657 καλῶς

369 682 566 733 ποιεῖν.
599 679 930 751 Οὐδεὶςνγάρ
953 683 1032 745 είς
1067 682 1240 736 κακὸν
1270 683 1598 738 ἀποϐλέπων
1627 687 1773 738 ποιεῖ
1792 684 1936 754 ἆπερ

369 770 464 821 καὶ
488 769 657 821 ποιεῖ.
693 769 1053 838 Κατανοήσας
1084 771 1266 825 τοίνυν
1287 771 1388 843 τὴν
1413 771 1610 825 ἑαυτοῦ
1628 773 1934 837 ἀσθένειαν,

368 859 664 913 ὑποδύεται
694 860 797 929 μὲν
822 861 883 913 τὸ
910 860 1127 929 ψεῦδος,
1160 863 1519 934 ὑποκρίνεται
1549 863 1607 917 δὲ
1659 863 1804 916 θεῖον
1847 862 1937 916 νό-

369 967 471 1020 μον
513 948 747 1005 εἶναιτὰ
787 950 917 1022 παρ’
946 952 1111 1006 αὐτοῦ
1172 954 1491 1029 δεδογμένα.
1534 955 1687 1009 Ἐπεὶ
1720 954 1776 1008 δὲ
1836 955 1937 1011 οὐκ

366 1038 480 1112 εἶχε
509 1042 608 1114 τὴν
639 1043 727 1096 διὰ
753 1043 1050 1113 θαυμάτων
1086 1046 1239 1116 παρά
1278 1045 1415 1100 Θεοῦ
1473 1047 1806 1117 μαρτυρίαν,
1862 1047 1938 1110 ὡς

366 1135 604 1205 εἴρηται,
639 1136 733 1188 καὶ
762 1136 816 1188 τί
848 1134 991 1204 λέγω
1020 1137 1119 1207 τὴν
1152 1136 1259 1190 τῶν
1296 1139 1624 1207 θαυμάτωνς
1669 1139 1801 1192 Ἀπδ
1827 1138 1935 1209 γὰρ

368 1227 478 1278 τῶν
512 1225 873 1297 χαρισμάτων
906 1227 1005 1279 καὶ
1049 1227 1289 1299 δωρεῶν,
1338 1224 1413 1284 ὧν
1442 1225 1591 1299 εἶχον
1646 1229 1758 1284 ἀπὸ
1803 1228 1935 1282 Θεοῦ

370 1318 420 1369 οί
470 1317 779 1383 ἀπόστολοι,
815 1317 877 1371 τδ
915 1316 1144 1387 ἔσχατον
1193 1322 1410 1374 πάντων
1463 1321 1559 1374 καὶ
1626 1321 1938 1375 τελευταῖον

374 1408 407 1476 ἡ
438 1408 548 1459 τῶν
578 1406 844 1475 γλωσσῶν
874 1423 1100 1475 γνωσις,
1150 1414 1245 1464 καὶ
1294 1410 1456 1480 ἔσχον
1499 1414 1595 1465 καὶ
1627 1401 1834 1480 ταύτην
1862 1412 1936 1476 ώς

369 1492 683 1547 διδάσκαλοι
712 1495 812 1563 τῆς
845 1496 1192 1567 οἰκουμένης,
1214 1500 1299 1550 ἵνα
1331 1497 1459 1551 ἔνθα
1480 1497 1547 1552 ἂν
1574 1498 1936 1566 πορεύωνται,

370 1585 686 1652 γινώσκωσι
716 1584 815 1657 τὴν
841 1584 936 1640 τοῦ
986 1585 1174 1650 ἔθνους
1234 1586 1513 1641 διάλεκτον
1566 1588 1708 1642 κατά
1758 1590 1938 1642 πᾶσαν

366 1675 676 1752 ἀκρίϐειαν.
705 1678 767 1732 Ei
823 1677 931 1749 γὰρ
956 1679 1056 1731 οὐκ
1095 1677 1391 1747 ἐγίνωσκον
1414 1680 1481 1733 τά
1526 1679 1813 1750 λεγόμενα,
1868 1675 1938 1751 ἦν

365 1768 554 1829 αὐτοῖς
583 1768 773 1837 χρῆσις
806 1769 1092 1839 ἑρμηνέων
1131 1768 1405 1839 διαφόρων
1456 1772 1533 1834 είς
1568 1772 1799 1840 δήλωσιν
1830 1770 1936 1824 τῶν

2038 591 2213 660 legem
2262 606 2403 653 esse,
2448 607 2569 661 quae
2615 591 2684 645 ab
2733 593 2850 661 ipso
2904 594 3235 661 traduntur;
3274 598 3531 665 quoniam
3578 617 3605 653 a

2037 680 2173 743 Deo,
2209 690 2267 733 ut
2316 681 2522 733 dictum
2573 688 2675 744 est,
2725 682 3109 736 miraculorum
3156 685 3465 739 testimonia
3501 702 3607 739 non

2037 771 2295 826 habebat.
2350 770 2458 824 Sed
2507 773 2640 839 quid
2695 771 2761 828 de
2820 773 3211 828 miraculorum
3277 779 3610 832 testimoniis

2037 859 2285 928 loquor?
2325 860 2404 913 Ex
2463 859 2811 914 charismatis
2857 860 3001 915 enim
3036 871 3089 915 et
3134 863 3374 928 dotibus,
3405 882 3541 934 quas
3580 884 3609 921 a

2038 952 2150 1006 Deo
2204 950 2480 1005 habebant
2514 952 2769 1019 apostoli,
2821 952 3108 1006 minimum
3153 965 3208 1008 et
3263 966 3607 1025 postremum

2040 1052 2161 1096 erat
2205 1040 2349 1095 inter
2404 1041 2609 1105 omnia,
2660 1043 2972 1112 linguarum
3032 1045 3305 1113 cognitio;
3364 1056 3419 1101 ct
3470 1047 3608 1102 hanc

2038 1132 2258 1202 quidem
2285 1147 2384 1186 ceu
2414 1132 2667 1187 doctores
2689 1134 2836 1187 orbis
2861 1134 3154 1198 habebant,
3182 1145 3240 1188 ut
3279 1153 3607 1206 quocunque

2040 1224 2546 1293 proﬁciscerentur,
2612 1226 2790 1295 gentis
2853 1227 3097 1297 linguam
3154 1238 3381 1284 nossent
3443 1247 3606 1300 quam

2039 1318 2384 1372 exactissime
2433 1317 2561 1386 (nisi
2600 1318 2748 1372 enim
2776 1334 2894 1387 qum
2937 1319 3263 1374 dicebantur
3310 1323 3609 1376 intellexis-

2039 1417 2182 1471 sent,
2216 1409 2384 1463 variis
2429 1425 2566 1478 opus
2616 1410 2809 1464 fuisset
2860 1412 3271 1480 interpretibus,
3304 1413 3369 1466 ad
3419 1429 3607 1467 eorum
3684 1452 3685 1457 η

2040 1514 2162 1568 quae
2186 1500 2439 1569 utrinque
2470 1501 2797 1556 dicebantur
2825 1501 3296 1570 declarationem).
3324 1504 3606 1569 Quomodo

2042 1592 2206 1660 igitur
2238 1591 2327 1646 hic
2349 1605 2406 1647 se
2432 1593 2760 1646 catholicum
2786 1602 2840 1645 et
2867 1594 3107 1648 universi
3137 1594 3286 1648 orbis
3318 1594 3604 1651 doctorem

2040 1678 2308 1739 nominat,
2354 1677 2446 1746 qui
2501 1692 2567 1731 ex
2615 1678 2871 1735 omnibus
2909 1680 3069 1734 donis
3115 1695 3183 1734 ne
3227 1681 3454 1737 minimo
3491 1684 3614 1751 qui-

2041 1762 2164 1817 dem
2208 1764 2511 1819 instructus
2558 1766 2680 1819 est?
2710 1765 2829 1834 Ipse
2873 1768 3019 1821 enim
3067 1768 3135 1823 de
3184 1771 3367 1838 seipso
3414 1771 3615 1841 inquit,

366 1859 502 1929 παρ’
536 1859 864 1931 ἀμφοτέρων
914 1859 1224 1929 λεγομένων
1268 1876 1283 1893 ·
1332 1861 1450 1925 πῶς
1494 1855 1648 1925 οὗτος
1687 1862 1938 1931 ὀνομάζει

2044 1850 2188 1920 quod
2220 1853 2381 1906 aliam
2412 1869 2577 1923 quam
2609 1855 2778 1909 solam
2814 1856 3054 1912 Arabum
3086 1858 3327 1927 linguam
3378 1878 3483 1915 non
3521 1880 3617 1915 no-

364 1949 563 2005 ἑαυτὸν
594 1949 901 2015 καθολικὺν,
937 1952 1032 2005 καὶ
1062 1952 1265 2015 παντὸς
1291 1954 1383 2007 τοῦ
1426 1954 1632 2023 κόσμον
1688 1955 1940 2009 διδάσκα-

361 2044 480 2110 λον,
528 2042 589 2104 ὃς
614 2043 674 2094 οῦ
710 2043 972 2113 μετέσχεν
1001 2043 1065 2096 ὲκ
1090 2045 1309 2097 πάντων
1351 2045 1411 2098 τὺ
1470 2044 1695 2114 ἔσχατον
1728 2064 1741 2111 ;
1773 2045 1938 2108 Αὐτὸς

360 2134 474 2203 γάρ
506 2148 646 2201 φησι
682 2132 809 2200 περὶ
835 2130 1053 2197 ἑαυτοῦ,
1083 2132 1156 2194 ὼς
1187 2133 1246 2184 οὐ
1277 2133 1531 2203 γινώσκει
1556 2133 1748 2201 ἑτέραν
1783 2134 1937 2202 ἢτὴν

364 2224 475 2276 τῶν
521 2221 771 2299 ’Δράϐων
800 2225 892 2275 καὶ
920 2222 1091 2293 μόνην
1112 2222 1408 2289 διάλεκτον,
1438 2223 1578 2276 ὥστε
1597 2225 1692 2275 καὶ
1719 2224 1779 2275 τὸ
1797 2225 1939 2293 Κορο

376 2318 473 2387 ρἀ
497 2314 753 2385 ἀρασιστὶ
800 2313 934 2385 πρὸς
968 2315 1134 2370 αὐτοῦ
1189 2314 1431 2386 ἐξεδόθη,
1481 2315 1557 2377 ώς
1590 2315 1752 2377 αὐτὸς
1781 2308 1937 2377 οὗτος

384 2407 590 2475 τρανῶς
619 2406 966 2476 ὡμολόγησε.
993 2407 1090 2460 Διά
1118 2406 1280 2460 τοῦτο
1313 2407 1407 2459 καὶ
1462 2404 1797 2476 καταφεύγει
1857 2407 1936 2468 είς

384 2495 485 2563 τὴν
517 2494 603 2549 τοῦ
629 2495 812 2564 ξίφους
837 2492 1047 2565 ποινὴν,
1076 2495 1194 2566 ἦτοι
1224 2496 1316 2548 τὸν
1349 2495 1533 2563 φόνον,
1563 2494 1656 2547 κα)⁵
1690 2494 1936 2555 είκότως.

396 2583 453 2634 ’0
490 2584 596 2653 γὰρ
648 2583 840 2636 τούτου
883 2581 1199 2646 διδάσκαλος
1244 2583 1340 2637 καὶ
1387 2583 1591 2652 πατὴρ,
1658 2581 1940 2652 ἀνθρωπο-

381 2675 566 2737 κτόνος
605 2669 675 2745 ἦν
705 2672 963 2744 ὲξαρχῆς,
989 2674 1083 2727 καὶ
1123 2674 1181 2727 ὲν
1233 2676 1299 2744 τῇ
1336 2673 1565 2743 ἀληθείᾳ
1593 2674 1691 2742 οὐχ
1715 2672 1936 2741 ἕστηκε.

374 2766 451 2819 Τὸ
485 2766 591 2835 γὰρ
615 2764 869 2834 δαίμονος
895 2764 1065 2818 κακὸν
1100 2764 1161 2818 τὸ
1198 2764 1348 2835 παρὰ
1380 2766 1471 2818 τὸν
1497 2764 1784 2832 ἀγαθοειδῆ
1816 2762 1939 2815 νοῦν

373 2861 531 2911 ἐστιν
560 2853 699 2910 εἴναι
720 2874 733 2888 ·
763 2855 945 2926 ψυχῆς
966 2856 1023 2909 δὲ
1052 2855 1113 2908 τὺ
1165 2857 1315 2926 παρά
1370 2855 1528 2924 λόγον
1549 2873 1562 2887 ·
1599 2857 1849 2924 σώματος
1882 2855 1938 2909 δὲ

369 2950 437 3002 τὸ
470 2948 624 3018 παρά
661 2947 844 3016 φύσιν.
877 2946 950 3001 ’Δ
1005 2963 1129 3002 τινα
1166 2946 1379 3017 τρανῶς
1432 2947 1818 3015 ἀναφαίνονται
1882 2949 1938 3001 ὲν

370 3041 490 3101 τοῖς
513 3038 606 3091 τοῦ
629 3036 875 3108 Μωάμεθ
920 3037 1277 3108 διδάγμασιν.
1333 3038 1396 3089 Ἠ
1447 3038 1554 3108 γὰρ
1602 3038 1794 3105 ἀλογία
1847 3040 1938 3091 κα)⁸

368 3129 595 3194 ἀταξία,
656 3130 716 3183 τό
741 3146 801 3182 τε
834 3128 1030 3200 ψεῦδος
1080 3130 1176 3183 καὶ
1210 3130 1244 3201 ἡ
1286 3128 1381 3182 τοῦ
1409 3127 1500 3182 νοῦ
1560 3130 1933 3200 ὲπισκότησις,
1967 3166 2011 3231 c

370 3219 676 3291 διαρρήδην
695 3218 1047 3289 γινώσκεται.
1101 3217 1339 3288 Ἰδωμεν
1385 3218 1441 3270 δὲ
1471 3218 1588 3281 πῶς
1621 3218 1750 3287 παρ’
1796 3219 1941 3299 ὲκεί-

371 3331 480 3365 νου
515 3315 610 3365 καὶ
643 3310 704 3364 τὸ
735 3312 886 3381 παρὰ
913 3310 1077 3380 φύσιν
1101 3309 1433 3374 διδάσκεται,
1461 3312 1554 3364 καὶ
1581 3311 1773 3363 σκόπει
1794 3312 1942 3373 ὅπως

371 3404 553 3457 ἐστίν.
604 3401 666 3457 Ἠ
722 3401 883 3471 φύσις
921 3403 1022 3455 οὐκ
1071 3397 1213 3455 οἶδεν
1261 3401 1396 3472 αὐτὴ
1455 3402 1653 3471 ἑαυτὴν
1709 3403 1939 3467 ἀνελεῖν,

371 3494 496 3548 ἀλλ’
527 3494 720 3562 ἄλογος
748 3493 848 3563 μὲν
889 3493 1022 3547 οῦσα
1044 3495 1223 3547 πάντα
1273 3494 1415 3546 κατὰ
1464 3493 1623 3560 λόγον
1661 3494 1825 3547 ποιεί.
1881 3492 1940 3546 Ὀ

368 3588 436 3639 δὲ
466 3585 712 3655 Μωὰμεθ
761 3585 965 3651 οὑτοσὶ,
1009 3586 1154 3654 ἅπερ
1190 3585 1259 3638 τὰ
1284 3583 1455 3653 ἀλογα
1501 3584 1617 3647 ζῶα
1650 3585 1709 3637 οὐ
1765 3585 1941 3654 πράτ-

368 3693 531 3730 τουσι
560 3676 661 3743 (τίς
691 3679 799 3748 γάρ
840 3673 950 3731 εῐδε
985 3676 1125 3742 ζῶον
1156 3675 1252 3729 τοῦ
1287 3676 1455 3730 αὑτοῦ
1502 3678 1596 3729 καὶ
1638 3677 1825 3745 ὁμοίου
1847 3676 1942 3744 γέ-

369 3783 503 3828 νους
535 3764 951 3834 ἀναιρετικόνς)
997 3765 1090 3818 τὸν
1158 3764 1357 3833 ὁμοίως
1407 3763 1553 3832 αὐτῷ
1610 3768 1754 3833 χειρὶ
1806 3765 1941 3816 Θεοῦ

372 3857 691 3912 πλασθέντα
732 3855 1025 3924 ἄνθρωπον
1045 3854 1284 3922 ἀφειδῶς
1334 3854 1584 3925 φονεύειν
1609 3854 1941 3922 ὲδίδαξεν,δς

372 3950 600 4005 πάντων
651 3948 758 4005 τῶν
804 3947 1010 4018 θηρίων
1043 3946 1473 4018 θηριωδέστερος
1525 3949 1776 4017 φαίνεται
1846 3950 1942 4001 καὶ

369 4040 772 4109 ἀπηνέστερος,
801 4036 878 4100 ὡς
900 4037 996 4091 καὶ
1012 4036 1120 4090 ἀπὸ
1146 4035 1239 4089 τοῦ
1275 4036 1652 4106 ῥηθησομένου
1703 4037 1842 4106 φανή
1855 4053 1940 4087 σε-

370 4146 472 4183 ται
499 4126 904 4199 καθαρώτερον.
939 4126 1171 4194 Λέγεται
1216 4121 1349 4195 παρ’
1390 4124 1569 4178 αὐτῶν
1591 4167 1604 4191 ,
1628 4125 1703 4187 ώς
1763 4141 1946 4194 παρα-

371 4220 577 4293 χθῆναί
607 4236 737 4272 ποτε
780 4219 919 4288 πρὸς
942 4217 1034 4270 τὸν
1060 4217 1225 4270 αὐτὸν
1257 4217 1503 4286 Μωάμεθ
1539 4216 1626 4269 τὸν
1668 4219 1804 4286 πρὸς
1840 4233 1946 4269 πα-

371 4311 508 4380 τρὸς
540 4310 679 4363 θεῖον
703 4308 890 4373 αὑτοῦ,
919 4310 1013 4361 καὶ
1036 4308 1181 4378 ἐρεῖν
1222 4307 1406 4373 αὑτοῦ,
1440 4308 1504 4360 Τί
1535 4325 1626 4377 μοι
1658 4309 1935 4377 συμϐήσε-

370 4420 494 4467 ται,
526 4395 570 4455 ὦ
597 4401 899 4468 ἀδελφιδοῦ,
917 4401 1073 4471 εἴπερ
1090 4401 1191 4454 οὐκ
1210 4400 1564 4472 ἀκολουθήσω
1591 4400 1668 4468 τῷ
1692 4401 1942 4471 ὑμετέρῳ

2042 1940 2181 2000 verit
2213 1956 2227 1993 :
2263 1956 2432 2009 quare
2466 1951 2520 1996 et
2546 1943 2902 1998 Alcorranum
2936 1947 3124 2001 eadem
3155 1949 3337 2018 lingua
3372 1952 3617 2019 promul-

2042 2034 2269 2102 gaverit,
2303 2043 2362 2087 ut
2388 2035 2505 2103 ipse
2542 2035 2777 2091 dilucide
2808 2037 3094 2093 confessus
3125 2051 3227 2093 est.
3264 2042 3613 2113 Quapropter

2042 2121 2107 2174 ad
2152 2122 2314 2192 gladii
2356 2138 2572 2191 poenam
2604 2124 2869 2194 confugit,
2916 2138 2969 2182 et
3003 2128 3236 2194 ca'dem;
3278 2147 3376 2185 nec
3414 2133 3609 2187 imme-

2046 2213 2168 2267 rito.
2210 2212 2382 2282 Hujus
2408 2218 2553 2268 enim
2585 2225 2885 2285 pra'ci‘ptor
2913 2226 2966 2272 et
3000 2230 3157 2288 pater
3193 2221 3462 2276 homicida
3490 2235 3609 2279 erat

2042 2306 2109 2359 ab
2148 2304 2327 2369 initio,
2376 2314 2430 2357 et
2481 2306 2535 2359 in
2577 2308 2808 2362 veritate
2868 2323 2977 2363 non
3028 2312 3181 2365 stetit
3215 2314 3280 2365 '°.
3336 2313 3608 2369 Da'monis

2041 2397 2187 2451 enim
2217 2396 2409 2449 vitium
2461 2397 2626 2451 menti
2665 2398 2818 2453 bonae
2857 2416 3160 2471 repugnare
3198 2412 3453 2470 oportet;
3490 2406 3608 2459 ani-

2043 2503 2142 2541 mae
2191 2501 2325 2540 vero
2380 2485 2573 2539 vitium
2626 2488 2845 2554 rationi,
2874 2494 3113 2560 corpori,
3146 2502 3203 2546 et
3246 2494 3348 2561 ipsi
3400 2505 3608 2548 natura:

2042 2577 2379 2633 contrarium
2416 2584 2520 2630 est.
2570 2577 2702 2643 Quae
2742 2580 3026 2635 manifeste
3059 2582 3113 2635 in
3146 2581 3469 2636 Mahometis
3513 2585 3609 2637 do-

2042 2671 2218 2726 ctrina
2251 2676 2536 2737 apparent.
2570 2669 2897 2725 Absurditas
2927 2673 3074 2726 enim
3122 2682 3179 2728 et
3208 2675 3480 2739 confusio,
3513 2676 3611 2730 fal-

2041 2778 2161 2818 sum
2199 2760 2438 2827 denique
2466 2769 2522 2812 et
2546 2761 2746 2815 mentis
2775 2764 3068 2818 exca’catio
3092 2766 3237 2820 clare
3271 2782 3611 2836 cognoscun-

2044 2862 2152 2907 tur.
2216 2851 2510 2910 Videamus
2567 2864 2771 2912 autem,
2832 2854 3107 2921 quomodo
3164 2856 3231 2909 ab
3286 2856 3411 2918 hoc,
3461 2859 3609 2926 quod

2042 2954 2241 3012 praeter
2285 2956 2539 3002 naturam
2589 2955 2697 3008 est,
2732 2943 3018 3009 doceatur,
3050 2954 3104 2999 et
3156 2945 3314 3014 quale
3351 2946 3483 2999 illud
3539 2948 3610 3000 sit

2041 3035 2599 3103 considera.:Natura
2632 3036 2864 3105 seipsam
2905 3036 3223 3092 interimere
3257 3040 3481 3107 nequit;
3516 3041 3611 3094 scd

2043 3141 2166 3180 cum
2225 3127 2341 3197 ipsa
2373 3126 2443 3182 sit
2480 3127 2640 3191 ratio,
2672 3126 2857 3179 omnia
2888 3140 3013 3179 cum
3063 3128 3272 3182 ratione
3313 3128 3462 3182 facit.
3500 3129 3611 3184 Maa-

2045 3216 2228 3274 homet
2258 3234 2390 3274 vero
2443 3219 2533 3273 hic
2585 3233 2705 3288 qua:
2736 3220 2892 3272 bruta
2924 3219 3179 3274 animalia
3222 3236 3329 3275 non
3380 3223 3606 3284 faciunt.

2045 3308 2190 3378 (quis
2232 3310 2378 3364 enim
2415 3309 2618 3364 animal
2656 3308 2879 3377 aliquod
2914 3311 3049 3363 vidit
3096 3310 3241 3364 aliud
3283 3312 3428 3379 quod
3462 3314 3611 3383 ejus-

2043 3398 2166 3453 dem
2199 3413 2384 3453 secum
2410 3407 2494 3453 est
2525 3398 2740 3466 generis
2768 3400 3131 3469 interﬁcere?)
3158 3401 3433 3455 hominem
3463 3404 3615 3458 simi-

2046 3498 2144 3552 ter,
2185 3498 2245 3543 ut
2275 3489 2409 3558 ipse,
2447 3488 2539 3543 Dei
2576 3504 2739 3543 manu
2776 3488 3096 3552 formatum,
3129 3493 3248 3545 sine
3277 3494 3427 3547 omni
3459 3510 3612 3547 com-

2021 3579 2400 3634 .miseratiOne
2448 3580 2702 3634 occidere
2752 3579 2978 3644 docuit;
3017 3582 3109 3649 qui
3166 3584 3419 3637 omnibus
3481 3584 3615 3636 feris

2044 3680 2269 3739 apparet
2309 3671 2543 3724 ferocior
2572 3680 2627 3725 et
2671 3673 2955 3733 immitior,
3002 3682 3058 3725 ut
3082 3687 3147 3725 ex
3184 3687 3250 3725 co
3280 3674 3422 3742 quod
3450 3675 3617 3728 modo

2043 3761 2279 3825 dicetur,
2319 3762 2521 3818 clarius
2553 3764 2859 3832 apparebit.
2902 3763 3101 3819 Fertur
3133 3767 3281 3820 enim
3321 3766 3388 3819 ab
3433 3766 3564 3835 ipsis
3596 3785 3613 3819 :

2044 3851 2357 3906 Adductum
2393 3854 2669 3922 quondam
2716 3870 2837 3909 esse
2880 3855 2947 3909 ad
3006 3856 3185 3926 ipsum
3251 3857 3615 3912 Mahometem

2042 3953 2298 4015 patruum
2336 3945 2505 4008 illius,
2534 3954 2589 4001 et
2618 3945 2823 4001 dixisse
2859 3947 2971 4001 illi:
3006 3947 3147 4014 Quid
3192 3948 3325 4003 mihi
3369 3950 3611 4017 eveniet,

2043 4054 2294 4109 onepos,
2349 4040 2393 4093 si
2429 4049 2618 4093 vestrae
2670 4039 2774 4109 legi
2828 4055 2937 4093 non
2996 4043 3275 4110 paruero?
3330 4040 3427 4095 llic
3483 4057 3622 4097 vero

2044 4132 2331 4199 respondit
2366 4148 2380 4184 :
2414 4130 2531 4183 Non
2563 4130 2729 4194 aliud,
2767 4146 2799 4184 ο
2834 4141 3048 4199 patrue,
3088 4147 3251 4201 quam
3285 4134 3429 4201 quod
3464 4134 3577 4187 orci
3600 4163 3614 4174 -

2044 4223 2167 4276 dam
2199 4234 2271 4277 te.
2304 4222 2400 4276 ille
2440 4235 2570 4275 vero
2622 4240 2635 4275 :
2676 4220 2876 4275 Annon
2909 4221 3012 4275 alia
3048 4238 3206 4291 poena
3239 4223 3454 4277 restat?
3482 4223 3602 4277 Non

2044 4314 2167 4377 alia,
2206 4311 2507 4381 respondit.
2540 4311 2779 4365 Patruus
2802 4355 2814 4377 ,
2836 4313 3234 4382 Obtemperabo
3281 4314 3373 4368 tibi
3412 4316 3623 4383 itaque,

2048 4405 2250 4473 inquit,
2308 4405 2365 4458 in
2403 4402 2829 4472 quibuscunque
2873 4405 3153 4471 volueris;
3201 4406 3385 4477 lingua
3431 4417 3612 4461 autem

371 4495 568 4564 νόμῳς
612 4494 669 4545 Ὀ
701 4494 756 4545 δὲ
792 4487 968 4557 εἶπεν,
998 4493 1110 4561 Οὐχ
1138 4492 1323 4562 ἔτερόν
1353 4509 1426 4557 τι,
1465 4494 1495 4559 ἢ
1531 4492 1813 4544 ἀποκτενῶ
1853 4508 1932 4557 σε,

2048 4496 2185 4561 sola,
2240 4510 2350 4549 non
2386 4493 2571 4559 corde,
2628 4494 2793 4563 idque
2856 4504 3003 4549 metu
3056 4497 3221 4565 gladii
3274 4498 3610 4566 compulsus.

367 4577 426 4636 ὦ
456 4582 587 4636 θεῖε.
640 4580 698 4633 Ὀ
722 4580 779 4631 δὲ
812 4576 987 4643 εἶπεν,
1023 4581 1135 4632 Οὐκ
1165 4578 1371 4632 ἔνεστιν
1412 4579 1572 4649 ἑτέρα
1631 4596 1715 4642 τις
1772 4596 1945 4649 τιμω-

375 4672 474 4741 ρία
499 4687 513 4733 ;
540 4670 705 4725 Οὐδὲν
733 4669 949 4740 ἕτερον,
979 4670 1105 4737 ἔφη.
1142 4670 1203 4722 Ὀ
1239 4668 1296 4721 δὲ
1354 4669 1517 4733 θεῖος,
1561 4667 1942 4738 Ἀκολουθήσω

373 4778 444 4815 σε
502 4761 702 4826 τοίνυν,
761 4762 889 4830 ἔφη,
950 4761 1036 4830 ἐφ’
1075 4756 1270 4833 οἷσπερ
1328 4760 1554 4830 βούλει·
1611 4759 1827 4830 γλώσσῃ
1884 4761 1942 4815 δὲ

372 4852 542 4924 μόνῃ,
557 4853 673 4907 ἀλλ’
696 4853 757 4905 οῦ
788 4853 1006 4923 καρδίᾳ,
1042 4852 1121 4923 τῷ
1138 4852 1245 4905 δέει
1275 4850 1370 4905 τοῦ
1386 4852 1593 4920 ξίφους.
1613 4853 1946 4920 Ἀναγκαζό-

376 4962 544 5016 μενος
568 4946 623 4998 δὲ
648 4947 743 4999 καὶ
771 4947 799 4998 ὁ
820 4945 934 5014 μάρ
984 4946 1071 5019 (Ἰ)
1106 4946 1237 5019 παρ’
1281 4941 1467 5009 αὑτοῦ,
1494 4944 1521 4995 ὁ
1558 4942 1671 5000 υἱὸς
1699 4944 1943 5015 δηλονότι

372 5038 477 5091 1:06
511 5037 902 5107 Κατεμπλαδῆ,
947 5032 1090 5099 εἷπε,
1142 5036 1338 5105 Κύριε,
1375 5035 1441 5087 σὺ
1490 5032 1637 5098 οἶδας
1678 5036 1757 5088 ὄτι
1796 5036 1943 5106 μόνῳ

372 5127 461 5197 τῷ
498 5128 591 5181 τοῦ
614 5127 847 5181 θανάτου
872 5127 1025 5198 φόϐῳ
1053 5126 1273 5196 γίνομαι
1324 5127 1417 5178 τοῦ
1444 5126 1732 5197 δόγματος.
1783 5127 1944 5181 Ἀλλά

373 5220 479 5271 καὶ
522 5221 548 5271 ὁ
586 5220 699 5283 υίὸς
730 5219 830 5273 τοῦ
864 5220 1194 5289 Ἑμπιαστᾶ,
1224 5222 1315 5272 καὶ
1359 5219 1518 5283 αὐτὸς
1568 5212 1722 5282 οὗτος
1774 5219 1944 5273 εἰπὼν

372 5310 454 5372 ὡς
480 5308 571 5380 Τᾦ
600 5310 749 5381 φόϐῳ
800 5310 895 5363 τοῦ
931 5311 1114 5379 ξίφους
1146 5312 1241 5363 καὶ
1293 5311 1386 5364 τοῦ
1440 5312 1671 5365 θανάτου
1726 5314 1947 5383 γίνομαι

370 5401 472 5453 τοῦ
498 5400 785 5469 δόγματος.
831 5400 1048 5455 Στέλλει
1101 5401 1290 5453 ἔπειτα
1348 5404 1595 5473 κρυφίως
1642 5404 1947 5474 γράμματα

375 5494 461 5553 είς
487 5490 585 5562 τὴν
609 5492 804 5545 Manut
855 5492 1062 5563 χώραν,
1118 5494 1204 5545 ἵνα
1258 5493 1335 5562 μὴ
1390 5494 1759 5564 πλανηθῶσιν,
1810 5495 1946 5549 ἀλλὰ

373 5582 858 5652 σκέψωνταιὸπως
891 5584 1175 5652 ἐκφύγωσι
1198 5584 1291 5637 τὸν
1329 5584 1425 5639 τοῦ
1454 5586 1643 5655 ξίφους
1680 5588 1944 5641 κίνδινον.

372 5675 569 5730 Ταῦτα
600 5677 777 5732 πάντα
802 5676 1226 5749 παρεδλὴθησαν
1257 5678 1365 5733 ἀπό
1397 5694 1454 5733 τε
1482 5679 1577 5734 τοῦ
1606 5680 1827 5750 ιςορρἀ
1851 5682 1943 5733 καὶ

455 5861 503 5895 “
537 5859 697 5919 Joan.
739 5876 857 5932 vm,
898 5863 988 5918 44.

2048 4589 2281 4642 Coactus
2345 4596 2524 4640 tamen
2567 4585 2635 4639 ab
2672 4585 2764 4639 illo
2817 4586 2982 4641 etiam
3039 4588 3184 4641 filius
3228 4587 3611 4657 Catcmpladae,

2050 4678 2187 4732 dixit
2221 4695 2233 4731 :
2290 4678 2538 4744 Domine,
2569 4676 2710 4731 scias
2739 4692 2823 4730 me
2878 4677 2995 4731 solo
3029 4679 3223 4733 mortis
3270 4680 3466 4733 timore
3514 4684 3619 4733 do-

2050 4772 2281 4825 ctrinam
2346 4772 2485 4825 hanc
2541 4771 2810 4839 recipere.
2847 4770 3116 4826 Caeterum
3179 4780 3234 4824 et
3289 4772 3432 4824 ﬁlius
3491 4772 3614 4824 Em-

2050 4863 2239 4933 piastae
2267 4862 2404 4915 idem
2438 4862 2570 4916 dicit
2601 4884 2613 4917 :
2657 4862 2876 4915 Timore
2909 4862 3103 4915 mortis
3125 4871 3179 4915 et
3212 4862 3377 4928 gladii
3413 4861 3627 4915 doctri-

2052 4967 2177 5005 nam
2208 4953 2344 5004 hanc
2374 4952 2565 5004 subeo.
2594 4950 2797 5003 Deinde
2828 4950 2969 5003 clam
3002 4950 3214 5002 litteras
3248 4950 3414 5003 mittit
3443 4950 3496 5002 in
3530 4966 3619 5003 re‘

2050 5042 2268 5112 gionem
2316 5040 2537 5100 Mechaz,
2572 5055 2640 5092 ne
2698 5049 2906 5103 errent,
2960 5040 3053 5093 sed
3109 5039 3447 5107 prospiciam
3505 5040 3615 5093 sibi

2051 5132 2327 5204 quomodo
2383 5130 2544 5199 gladii
2594 5130 2894 5197 periculum
2937 5129 3145 5199 possint
3194 5129 3457 5199 eﬂ'ugere.
3490 5130 3618 5185 [1:136

2053 5224 2237 5281 omnia
2268 5239 2335 5277 ex
2365 5222 2664 5276 Alcorrano
2702 5230 2755 5273 et
2802 5220 2924 5274 aliis
2963 5221 3119 5277 libris
3147 5221 3433 5291 desumpta
3466 5230 3627 5279 sunta

2053 5319 2440 5374 Verumtamen
2482 5315 2534 5367 in
2583 5314 2760 5380 (apite
2808 5312 2965 5365 Bacis
2992 5313 3244 5368 concedit
3270 5330 3392 5384 qua:
3424 5322 3631 5369 contra
3742 5314 3751 5322 ’

2053 5412 2302 5458 naturam
2338 5401 2404 5455 ad
2446 5399 2758 5453 faciendum
2814 5398 3019 5454 nefaria
3080 5412 3225 5468 sunt,
3288 5418 3409 5472 quae
3452 5403 3629 5458 etiam,

2051 5496 2199 5550 dict‘u
2296 5501 2422 5547 sunt
2504 5489 2838 5559 turpissima.
2912 5493 3281 5564 Quoscunque
3343 5496 3490 5548 enim
3522 5509 3627 5563 ap-

2052 5587 2403 5659 prehenderit
2459 5584 2770 5655 impietas,-
2805 5587 2857 5640 in
2906 5586 3004 5641 hos
3032 5602 3132 5642 ceu
3185 5588 3406 5642 morbus
3459 5602 3627 5643 omne

2052 5680 2256 5736 malum
2327 5692 2564 5738 exercet.
2652 5681 3007 5737 Dissimilium
3085 5680 3230 5736 enim
3311 5674 3624 5735 commistio
