3928 6212
402 322 510 385 διδ

1578 311 1906 373 JOANNIS
1945 309 2474 370 CANTACUZEI‘U
3511 304 3608 369 61⁵5

404 433 742 487 naturalium
802 430 1118 483 facultatum
1172 424 1236 479 ad
1280 425 1464 478 illicita
1522 434 1604 477 est
1660 422 1977 482 commotio,

2109 437 2196 488 τῶν
2229 437 2430 505 ἐτέρων
2462 434 2705 502 βιὸλίων.
2742 434 2815 487 Ού
2860 435 2965 505 μὴν
3024 432 3156 486 ἀλλά
3213 432 3300 483 καὶ
3334 431 3387 485 ὲν
3433 435 3503 502 τῴ
3530 437 3616 500 τῆς

404 525 554 597 quod
608 535 662 578 et
720 525 833 593 ipsa
887 517 1305 587 intemperantia
1364 516 1548 570 eilicit.
1610 514 1782 583 Hujus
1838 530 1968 566 vero

408 633 609 686 scapus
641 634 746 669 non
792 614 895 667 fuit
930 612 1090 671 alius,
1125 626 1287 679 quam
1334 619 1393 662 ut
1439 606 1774 661 naturalium
1814 605 1980 659 simul

405 722 461 766 et
494 708 885 765 innaturalium
928 705 1267 773 voluptatum
1321 701 1682 770 promissione
1718 698 1980 753 concilia-

406 813 492 857 ret
540 802 644 856 sibi
677 800 901 853 stultam
937 807 993 851 et
1042 795 1289 849 insanam
1323 792 1607 846 hominum
1668 788 1975 843 multitudi-

412 910 561 957 nem;
594 891 739 961 quod
775 900 830 944 et
863 889 1064 942 factum
1093 896 1198 941 est.

2086 799 2241 860 νόσος
2268 799 2413 851 κακά
2451 800 2845 869 ἀπεργάζεται.

2083 528 2236 592 Βοὲς
2285 526 2561 595 κεφαλαίῳ
2619 529 2891 595 συγχωρεῖ
2937 525 3004 577 τὰ
3042 525 3191 595 παρά
3239 524 3391 595 φύσιν
3446 526 3622 590 θεμιτά

2092 618 2379 683 πράττειν,
2429 616 2588 669 ἅτινα
2639 618 2731 669 καὶ
2772 616 3002 684 αἰσχρόν
3042 616 3156 668 ἐστι
3201 618 3291 668 καὶ
3324 614 3510 681 λέγειν.
3562 616 3621 668 'H

2092 707 2200 775 γὰρ
2232 708 2401 758 κακία
2432 707 2518 773 ἐφ’
2546 701 2627 768 οἷς
2674 707 2740 759 ἂν
2770 706 3019 776 γένηται,
3078 708 3189 768 τοῖς
3238 707 3393 758 πᾶσιν
3440 699 3617 773 οἷάπερ

2921 799 2983 853 Ἦ
3025 802 3134 871 γὰρ
3180 801 3318 869 μίξις
3366 802 3465 853 τῶν
3518 799 3629 853 ἀνο-

2086 890 2273 958 μοίων,
2327 892 2359 960 ἡ
2398 893 2506 944 τῶν
2536 894 2778 959 φυσικῶν
2815 893 3098 961 δυνάμεων
3139 894 3230 945 ἐπὶ
3276 894 3341 945 τά
3376 893 3446 961 μὴ
3483 891 3667 962 προσ-⁸

410 990 615 1053 ήκοντα
654 982 870 1048 κίνησίς
902 982 1069 1033 ἐστιν.
1113 979 1293 1046 Ὅπερ
1340 976 1374 1043 ἡ
1446 974 1801 1044 ἀσυμμετρία
1854 976 2019 1030 ποιεῖ.
2061 970 2191 1033 0ύὶ
2234 978 2303 1051 ἦν
2329 983 2385 1034 δὲ
2420 984 2448 1034 ό
2485 985 2674 1037 τούτου
2736 982 2937 1045 σκοπὸς
2972 982 3180 1053 ἕτερος,
3221 981 3254 1051 ἢ
3288 982 3374 1035 ἵνα
3422 980 3505 1033 διὰ
3541 984 3626 1049 τῆς

419 1082 683 1141 ἐνδόσεως
716 1079 823 1130 τῶν
852 1095 910 1129 τε
944 1074 1088 1129 κατά
1132 1072 1294 1140 φύσιν
1325 1069 1422 1123 καὶ
1464 1068 1620 1139 παρά
1687 1068 1854 1137 φύσιν
1916 1070 2118 1138 ἡδονῶν
2163 1077 2463 1130 ἐπισπᾶται
2496 1078 2633 1147 πρὸς
2697 1077 2890 1130 ἑαυτὸν
2919 1077 2981 1129 τὸ
3033 1075 3217 1147 μωρὸν
3278 1074 3370 1127 καὶ
3417 1076 3627 1145 ἀνόητον

408 1174 613 1243 πλῆθος
640 1188 653 1201 ·
687 1172 715 1225 ὃ
751 1172 848 1224 καὶ
878 1172 1125 1238 γέγονεν.

717 1309 785 1362 IN
828 1304 1261 1360 MAUOMETEM
1309 1302 1567 1357 ORATIO
1608 1303 1674 1356 Π.

484 1443 700 1495 Veritas
753 1439 974 1508 quidem
1025 1452 1129 1489 una
1170 1445 1255 1489 est
1298 1433 1525 1502 simplex
1552 1473 1566 1497 ,
1598 1432 1795 1485 falsum
1854 1448 1982 1487 vero

417 1534 707 1602 multiplex
753 1540 808 1584 et
839 1529 1049 1583 varium
1079 1544 1092 1591 ;
1126 1538 1181 1580 et
1216 1524 1309 1594 qui
1363 1524 1418 1577 in
1448 1523 1680 1577 veritate
1715 1520 1982 1586 ambulat,

414 1628 469 1680 in
502 1626 623 1678 luce
658 1630 909 1674 versatur
940 1626 993 1672 et
1022 1615 1319 1671 securitate
1345 1630 1358 1679 ;
1392 1612 1515 1667 l‘alsi
1541 1627 1671 1666 vero
1696 1612 1981 1666 studiosus

417 1716 744 1793 intenebris
784 1711 1136 1773 obambulat,
1170 1721 1223 1763 et
1260 1722 1497 1777 quonam
1532 1706 1695 1759 vadat
1737 1720 1843 1759 non
1888 1720 1985 1758 no-

2332 1305 2521 1357 ΚΑΤΑ
2560 1304 2696 1357 ΤΟΥ
2736 1301 3030 1358 ΜΩΑΜΕΘ
3069 1300 3284 1354 ΛΟΓΟΣ
3322 1297 3395 1352 B'.

2173 1435 2238 1493 Ἦ
2280 1439 2387 1508 μὴν
2426 1439 2650 1507 ἀλήθεια
2685 1438 2783 1506 μία
2828 1439 2947 1489 ἐστὶ
2986 1436 3077 1488 καὶ
3106 1434 3286 1502 ἁπλῆ,
3309 1434 3365 1485 τὸ
3393 1432 3446 1485 δὲ
3470 1431 3640 1501 ψεῦδος

2088 1528 2400 1598 πολυσχιδὲς
2434 1527 2529 1580 καὶ
2574 1527 2849 1591 ποικίλον,
2896 1529 3008 1592 καὶ,
3048 1528 3076 1579 ὁ
3104 1521 3415 1595 περιπατῶν
3440 1524 3493 1575 ὲν
3533 1522 3645 1591 ἀλη-

2089 1622 2210 1690 θείᾳ
2233 1622 2288 1673 ὲν
2316 1619 2395 1688 τῷ
2428 1619 2564 1688 φωτὶ
2591 1620 2902 1686 περιπατεῖ,
2932 1618 3025 1670 καὶ
3055 1618 3112 1669 ὲν
3140 1614 3407 1685 ἀσφαλείᾳ
3433 1613 3639 1683 πορεύει

2090 1731 2200 1775 ται,
2228 1714 2256 1764 ὁ
2293 1713 2348 1765 δὲ
2385 1712 2445 1764 τὸ
2474 1711 2662 1780 ψεῦδος
2699 1711 2951 1780 ἑλόμενος
2971 1710 3030 1762 ἑν
3052 1709 3129 1780 τῷ
3161 1708 3339 1761 σκότει
3359 1706 3643 1776 περιπατεῖ,

415 1786 515 1863 vit.
558 1807 904 1876 Quapropter
948 1811 1006 1857 et
1052 1774 1325 1854 Mahoinet
1380 1806 1691 1867 contempta
1731 1796 1985 1862 veritate,

2109 1805 2184 1858 ιαὶ
2210 1804 2311 1856 οὐκ
2343 1799 2450 1855 οἵδε
2474 1803 2573 1855 ποῦ
2596 1803 2793 1869 ὑπάγει
2835 1804 2934 1854 Διά
2967 1818 3047 1853 τοι
3078 1800 3237 1853 τοῦτο
3263 1800 3353 1854 καὶ
3381 1801 3407 1853 ὁ
3427 1798 3644 1867 Μωάμεθ

414 1911 472 1955 et
499 1908 719 1967 recepto
765 1895 1072 1957 mendacio,
1111 1891 1247 1944 nihil
1280 1890 1397 1945 sani
1439 1889 1686 1958 nihilque
1731 1888 1985 1943 humana:

418 1991 583 2047 saluti
637 1996 1071 2043 consentaneum
1138 1982 1347 2047 docuit,
1385 1996 1579 2036 verum
1649 1981 1753 2034 hoc
1808 1979 1987 2033 solum

419 2081 697 2136 studuisse
749 2075 1203 2147 deprehenditur,
1244 2081 1304 2127 ut
1341 2054 1626 2127 hominum
1656 2072 1849 2141 Vulgus
1882 2068 1991 2124 sibi

417 2175 768 2246 adjungeret.
802 2172 869 2225 Et
901 2170 1168 2223 virtutum
1201 2166 1420 2236 quidem
1457 2163 1563 2218 fuit
1594 2160 1993 2233 negligentissi-

420 2285 563 2331 mus,
594 2278 653 2320 ut
694 2262 1043 2326 humilitatis,
1083 2256 1534 2329 longanimitatis,
1570 2255 1721 2325 pacis
1760 2263 1815 2308 et
1854 2256 1985 2307 eba-

426 2358 606 2411 ritatis
660 2356 714 2409 in
765 2353 1249 2423 proximum;nec
1299 2347 1509 2417 aliquid
1566 2345 1699 2400 utile
1746 2359 1994 2399 commo-

424 2451 667 2517 dumque
701 2446 1051 2515 conscripsit.
1084 2443 1161 2497 Ne
1192 2456 1325 2497 vero
1357 2440 1818 2510 redarguerentur
1846 2438 1995 2493 illius

425 2536 707 2592 mendacia
744 2544 798 2589 ct
827 2534 1114 2597 vanitates,
1153 2548 1251 2601 per
1289 2531 1453 2585 Vetus
1483 2539 1540 2584 et
1563 2529 1774 2583 Novum
1805 2528 1997 2583 Testa-

426 2637 709 2691 mentum;
745 2640 1138 2692 nonnunquam
1199 2622 1305 2675 alia
1358 2621 1639 2691 sapientiae
1678 2620 1866 2675 aliena:
1898 2621 1996 2673 do-

427 2727 607 2790 gmata
648 2716 798 2770 nullo
848 2717 1009 2768 modo
1044 2712 1368 2782 probabilia,
1415 2727 1535 2782 qua:
1573 2712 1641 2765 ab
1697 2711 1818 2765 aliis
1868 2724 1997 2764 con-

428 2811 635 2879 scripta
680 2816 829 2869 sunt,
859 2805 1129 2875 adjunxit.
1173 2804 1239 2857 Et
1281 2804 1397 2873 ipse
1429 2802 1651 2873 quidem
1696 2802 1901 2857 invitus
1945 2808 1999 2854 et

428 2903 620 2958 nolens
646 2910 699 2954 et
728 2898 882 2968 quasi
908 2897 1091 2951 divina
1118 2896 1320 2950 virtute
1353 2896 1596 2963 percitus
1628 2895 1825 2963 saepius
1858 2894 1999 2947 seri.

431 2993 612 3050 bendo
653 2993 915 3055 ostendit,
949 2988 1111 3042 Musis
1146 2988 1444 3041 traditione
1489 2998 1544 3041 et
1585 2986 1997 3055 prephetarum,

2093 1901 2192 1969 τῆς
2224 1898 2321 1966 μὲν
2363 1896 2619 1966 ἀληθείας
2650 1896 3087 1964 καταφρονήσας,
3118 1893 3256 1947 τὸδὲ
3292 1891 3478 1962 ψεῦδος
3513 1893 3646 1945 ἐνδυ-

2098 1991 2349 2057 σάμενος,
2382 1990 2533 2042 οὐδὲν
2564 1988 2736 2055 ὑγιὲς,
2770 1988 2887 2040 οὐδὲ
2919 1987 3055 2055 πρὸς
3081 1986 3355 2055 σωτηρίαν
3391 1983 3649 2055 ἀνθρώπου

2097 2082 2352 2145 ἐδίδαξεν,
2379 2081 2515 2135 άλλά
2546 2080 2703 2134 τοῦτο
2731 2080 2889 2150 μόνον
2917 2078 3118 2148 εύρέθη
3157 2074 3484 2140 σπουδάζων,
3514 2076 3643 2136 ὅπως

2099 2173 2233 2244 πρὸς
2286 2171 2476 2226 ἑαυτὸν
2514 2171 2575 2225 τδ
2624 2172 2821 2242 πλῆθος
2874 2169 3198 2241 ὲφέλξηται.
3255 2170 3362 2222 Καὶ
3413 2168 3535 2236 περὶ
3568 2167 3648 2236 μὲν

2100 2262 2307 2333 ἀρετῶν
2332 2263 2431 2315 ούκ
2461 2262 2727 2332 ἐμέλησεν
2772 2261 2909 2323 ὅλως
2943 2260 3115 2329 τούτῳ
3141 2299 3159 2324 ,
3187 2252 3300 2312 οἷον
3320 2272 3650 2326 ταπεινοφρο⁴

2105 2356 2298 2425 σύνης,
2350 2352 2757 2424 μακροθυμίας,
2796 2352 3019 2421 εἰρήνης
3046 2350 3140 2403 καὶ
3184 2350 3285 2419 τῆς
3311 2350 3388 2413 είς
3416 2348 3502 2401 τὸν
3536 2348 3653 2414 πλη·

2106 2446 2218 2498 σίον
2237 2446 2463 2514 ἀγάπης
2484 2459 2497 2473 ·
2532 2444 2655 2497 οὐδὲ
2686 2442 3061 2511 συνεγράψατό
3095 2458 3150 2493 τι
3185 2440 3445 2511 χρήσιμον
3474 2438 3503 2507 ἢ
3530 2440 3653 2489 ὲπωο

2106 2532 2290 2601 φελές.
2333 2532 2448 2585 Ἵνα
2477 2533 2534 2586 δὲ
2568 2532 2642 2601 μὴ
2678 2530 3005 2600 ἐλεγχθῶσιν
3036 2531 3091 2582 ai
3124 2528 3317 2582 τούτου
3344 2526 3654 2597 ψευδολογίαι

2105 2627 2201 2679 καὶ
2228 2625 2607 2695 ματαιότητες,
2666 2623 2774 2676 ἀπό
2808 2640 2866 2675 τε
2908 2622 3008 2693 τῆς
3059 2622 3325 2686 Παλαιάς,
3361 2621 3465 2675 ἀπό
3500 2636 3551 2673 τε
3574 2620 3656 2686 τῆς

2114 2716 2319 2783 Καινῆς
2343 2715 2641 2784 Διαθήκης,
2676 2714 2821 2767 ἔστιν
2854 2716 2939 2768 ὅτε
2958 2715 3051 2767 καί
3076 2713 3134 2779 ἐξ
3171 2707 3247 2768 ὧν
3280 2708 3655 2783 συνεργάψαντό

2108 2826 2253 2871 τινες
2303 2808 2402 2877 τῆς
2432 2807 2534 2872 ἔξω
2574 2807 2786 2876 σοφίας,
2848 2807 3094 2879 μηδόλως
3142 2806 3339 2877 ἔχοντα
3379 2806 3445 2859 τά
3488 2808 3651 2864 πιστὰ.

2108 2899 2406 2965 διετάξατο.
2431 2899 2623 2953 Καίτοι
2651 2916 2714 2966 γε
2750 2898 2909 2960 αὐτὸς
2938 2897 3086 2951 ἄκων
3121 2902 3223 2954 καὶ
3256 2899 3330 2969 μὴ
3363 2897 3652 2968 βουλόμενος

2111 2990 2204 3042 καί⁵
2235 2983 2346 3042 οἷον
2396 2989 2584 3058 ῶσπερ
2621 2989 2726 3042 ὑπὸ
2764 2989 2911 3051 θείας
2939 2989 3227 3057 δυνάμεως
3273 2987 3652 3059 μαστιζόμενος,

430 3086 565 3155 quin
599 3094 653 3138 et
686 3082 1010 3137 Psalterium
1064 3081 1353 3150 ipsumque
1407 3078 1761 3148 Evangelium
1810 3087 1997 3131 saneta

2113 3078 2371 3139 πολλάκις
2410 3076 2645 3147 ἐδήλωσε
2680 3076 2906 3148 γράφων
2935 3078 3023 3151 ὅτι,
3064 3079 3119 3130 al
3177 3077 3273 3130 τοῦ
3313 3077 3541 3138 Μωσέως
3568 3091 3654 3126 πα-

431 3193 577 3241 esse,
612 3186 670 3231 et
698 3192 728 3230 a
774 3176 886 3229 Deo
923 3173 1151 3228 tradita:
1192 3172 1466 3240 prmcipue
1500 3186 1628 3225 vero
1662 3180 1715 3225 et
1749 3170 1998 3223 luculen-

2106 3170 2350 3240 ραδόσεις
2387 3168 2481 3221 καὶ
2531 3167 2640 3221 τῶν
2672 3168 2987 3238 προφητῶν,
3018 3166 3159 3222 ἀλλὰ
3190 3168 3257 3237 δὴ
3295 3168 3358 3221 τό
3383 3185 3439 3220 τε
3462 3166 3655 3232 Ψαλτή-

434 3278 517 3321 ter
538 3268 716 3337 ipsum
745 3264 1090 3335 Evangelium
1114 3272 1386 3326 sanctum,
1416 3260 1716 3331 perfectum
1766 3270 1997 3314 rectum-

2109 3279 2221 3332 ριον
2257 3262 2351 3314 καὶ
2383 3262 2443 3314 τὸ
2487 3261 2818 3329 Εύαγγέλιον
2846 3260 2981 3329 ἅγιά
3008 3262 3139 3323 είσι,
3179 3262 3275 3315 καὶ
3308 3261 3413 3315 ἀπὸ
3439 3258 3562 3313 Θεοῦ
3583 3258 3652 3311 δε-

434 3375 565 3428 que,
600 3368 655 3412 et
701 3355 1160 3411 commonitioncs
1209 3352 1302 3407 Dei
1348 3362 1503 3405 vocat
1561 3353 1616 3405 in
1675 3351 2000 3405 Alcorrano.

437 3451 504 3505 Et
534 3464 658 3504 cum
700 3447 988 3501 veritatem
1025 3461 1134 3499 non
1169 3450 1351 3513 posset
1385 3441 1607 3497 omnino
1637 3442 2003 3501 abscondmc.

433 3541 616 3596 dicit:
657 3537 791 3593 Nam
841 3548 897 3593 et
945 3539 1178 3607 ipsemet
1229 3549 1350 3603 quae
1405 3534 1460 3587 in
1506 3533 1590 3593 his
1642 3533 1842 3602 scripta
1878 3541 2008 3586 sunt

434 3633 671 3687 observo
717 3640 774 3685 et
821 3630 982 3684 iacio.
1038 3628 1104 3682 Et
1153 3627 1414 3697 quoniam
1462 3627 1687 3696 justam,
1738 3635 2003 3690 sanctam,

438 3734 646 3777 rectam
674 3728 729 3773 et
769 3735 796 3772 a
850 3718 958 3772 Deo
991 3718 1241 3770 traditam
1292 3716 1583 3770 conﬁtetur
1638 3723 1878 3768 veterem
1908 3728 2012 3765 no-

2106 3353 2305 3421 δομένα
2332 3353 2622 3423 ἐξαιρέτως
2655 3353 2711 3406 δὲ
2737 3354 2866 3421 περὶ
2909 3356 3005 3405 τοῦ
3034 3353 3372 3423 Εὑαγγελίου
3401 3351 3660 3424 διαρρήδην

2111 3444 2265 3512 άγιον
2302 3447 2394 3497 καὶ
2428 3446 2631 3499 τέλειον
2670 3447 2764 3498 καὶ
2805 3446 2963 3510 eaet;
3015 3446 3180 3501 τοῦτο
3208 3448 3384 3501 καλεῖ.
3422 3447 3523 3500 Καὶ
3546 3446 3659 3497 ὑπο-

2114 3539 2339 3605 μνήσεις
2368 3536 2502 3589 Θεοῦ
2536 3537 2708 3589 ταῦτα
2741 3538 2898 3590 καλεῖ
2937 3540 2995 3590 ὲν
3020 3539 3099 3609 τῷ
3134 3539 3381 3609 Κορράν.
3421 3536 3506 3605 Μὴ
3530 3535 3663 3588 δυνά-

2117 3642 2276 3695 μενος
2332 3624 2389 3677 δὲ
2422 3624 2625 3697 κρύψαι
2656 3628 2735 3688 εἰς
2763 3626 2915 3689 τέλος
2970 3627 3070 3697 τὴν
3099 3629 3386 3699 ἀλήθειαν,
3422 3627 3557 3695 λέγει
3597 3626 3664 3676 ὅτι

2116 3717 2225 3770 Καὶ
2259 3716 2421 3780 αὐτὸς
2471 3716 2581 3785 ἐγὼ
2631 3720 2701 3769 τά
2734 3718 2864 3787 παρ’
2912 3720 3147 3783 ἐκείνοις
3198 3721 3550 3791 γεγραμμένα
3577 3734 3663 3784 φυ-

444 3826 681 3881 vamque
716 3809 1075 3878 Scripturam,
1110 3808 1225 3876 ipse
1264 3807 1506 3876 seipsum
1542 3805 1673 3858 huic
1719 3802 1997 3873 obstringi

2116 3807 2322 3872 λάσσω,
2369 3807 2465 3860 καὶ
2495 3806 2699 3877 ὲνεργῶ
2730 3808 2888 3863 αὐτά.
2918 3809 3026 3862 Καὶ
3057 3812 3185 3862 ἐπεὶ
3220 3809 3403 3862 δίκαια
3433 3812 3520 3862 καὶ
3553 3808 3665 3872 άγια

435 3906 607 3961 etiam
639 3904 868 3967 invitus,
918 3910 973 3955 et
1004 3915 1101 3969 per
1130 3899 1315 3952 omnia
1357 3899 1472 3951 [nec
1503 3897 1993 3956 servare,debebat

2122 3903 2213 3954 καὶ
2248 3900 2383 3970 δρθά
2425 3903 2519 3954 καὶ
2553 3901 2658 3953 ἀπὸ
2692 3900 2825 3953 Θεοῦ
2879 3901 3139 3974 δεδομένα
3191 3883 3444 3972 ὁμολογεῖ
3473 3902 3565 3969 τήν
3610 3914 3659 3949 τε

438 3995 765 4056 Μυιιιὶοηοηι
788 4008 916 4045 vero
938 3991 1225 4053 virtutum,
1254 4006 1373 4058 qua:
1413 3988 1466 4041 in
1497 3987 1666 4041 sacris
1720 3984 1997 4055 Seripturi:

2123 3992 2360 4045 παλαιάν
2382 3993 2476 4045 καὶ
2495 3993 2591 4061 τὴν
2619 3992 2743 4045 νέαν
2766 3992 3011 4063 Γραφὴν,
3040 3994 3135 4045 καὶ
3164 3993 3327 4057 αύτδς
3357 3990 3538 4046 ἑαυτὸν
3554 3987 3667 4042 b.16-

440 4086 814 4144 continentur,
853 4097 959 4133 non
990 4079 1136 4142 facit,
1168 4095 1287 4147 quae
1322 4078 1599 4131 hominem
1628 4093 1655 4130 a
1710 4087 1854 4131 terra
1891 4078 1991 4130 sub

2123 4104 2296 4157 χρεων
2329 4089 2584 4147 ποιεῖται.
2616 4086 2707 4139 καὶ
2740 4087 2814 4157 μὴ
2837 4086 3186 4156 βουλόμενος,
3221 4090 3314 4142 καὶ
3348 4087 3484 4140 κατὰ
3513 4084 3664 4137 πάντα

441 4188 678 4237 vectum.
714 4174 990 4229 caelestem
1038 4180 1263 4242 possunt
1320 4170 1569 4235 edicere;
1602 4170 1696 4224 sed
1739 4169 1995 4239 quodeun

2125 4180 2331 4248 ὀφείλει
2355 4179 2602 4247 στέργειν
2629 4178 2790 4232 αὐτά.
2833 4177 2889 4231 ’0
2919 4178 2976 4230 δὲ
3012 4179 3208 4248 μνείαν
3235 4180 3363 4250 περὶ
3396 4178 3497 4232 τῶν
3534 4178 3583 4229 ὲν
3612 4175 3667 4241 τῇ

440 4284 548 4338 que
585 4267 663 4321 illi
696 4268 750 4319 in
790 4273 1027 4318 mentem
1074 4263 1284 4330 incidit,
1318 4261 1451 4316 illud
1487 4262 1788 4331 approbat,
1835 4260 1989 4315 docet

2128 4268 2248 4340 θεία
2273 4269 2458 4338 Γραφῇ
2482 4268 2543 4321 ού
2574 4271 2807 4321 ποιεῖται
2833 4268 3065 4337 ἀρετῶν,
3096 4268 3208 4321 τῶν
3237 4268 3538 4337 δυναμένων
3564 4264 3672 4316 dva-

442 4372 587 4429 quc;
645 4365 702 4411 et
734 4372 880 4411 nunc
909 4355 1129 4425 quidem
1160 4356 1428 4425 approbat
1458 4363 1773 4424 monetque,
1815 4361 1873 4405 ut
1921 4368 1997 4404 net

2131 4361 2218 4426 ξαι
2245 4361 2353 4413 ἀπὸ
2383 4361 2483 4430 γῆς
2525 4359 2615 4413 τὸν
2662 4360 2967 4429 ἄνθρωπον,
3020 4365 3112 4413 καὶ
3152 4361 3402 4431 οὐράνιον
3450 4359 3667 4425 ποιῆσαι.

444 4458 685 4529 veterem
741 4464 841 4503 nec
883 4463 1079 4501 novam
1125 4446 1460 4517 Srripturam
1506 4445 1839 4515 suscipiant;
1875 4460 1997 4498 nunt

2141 4452 2281 4505 Ἀλλ’
2312 4453 2448 4522 ὅπερ
2508 4452 2573 4505 ἂν
2620 4453 2716 4505 καὶ
2749 4452 2921 4521 ἀναὸῇ
2983 4454 3041 4505 ὲν
3093 4452 3174 4522 τῷ
3221 4450 3384 4505 αὐτοῦ
3427 4446 3668 4518 λογισμῷ,

446 4557 610 4605 vero,
641 4552 700 4595 ut
731 4541 944 4595 easdem
992 4539 1274 4608 recipiant.
1314 4538 1785 4604 Quemadmodum
1822 4537 1874 4590 in
1929 4552 1991 4591 ca

2133 4544 2306 4596 ἐκεῖνο
2334 4544 2425 4596 καὶ
2474 4544 2690 4611 στέργει
2716 4545 2809 4596 καὶ
2839 4542 3075 4596 διδάσκει
3100 4559 3112 4572 ·
3152 4546 3246 4596 καὶ
3278 4543 3406 4595 ποτὲ
3428 4542 3520 4610 μὲν
3542 4539 3671 4603 λέγει

446 4634 559 4703 pile
601 4630 901 4697 Helmaida,
956 4632 1099 4702 quod
1152 4647 1388 4684 mensam
1452 4631 1908 4698 interpretantur,
1942 4628 1997 4681 sit

2133 4636 2227 4687 καλ⁸
2263 4632 2613 4703 ὑπαγορεύει,
2652 4632 2737 4684 ἶνα
2766 4630 2888 4684 οῦτε
2934 4631 3031 4701 τὴν
3061 4633 3299 4687 παλαιάν
3329 4633 3367 4684 Γ
3371 4629 3538 4702 ραφὴν
3564 4624 3668 4677 οὔτε

449 4726 628 4781 inuuil
658 4742 674 4781 :
2132 4727 2230 4796 τὴν
2262 4726 2384 4780 νέαν
2417 4725 2699 4794 δέχωνται,
2733 4723 2863 4776 ποτὲ
2892 4723 2969 4790 δὲ,
3012 4724 3099 4777 ἵνα
3127 4724 3391 4793 δέχωνται
3436 4720 3580 4780 αὑτά,
3607 4716 3671 4777 ὡς

2133 4818 2227 4870 καὶ
2252 4819 2308 4869 ὲν
2339 4818 2416 4885 τῷ
2442 4816 2721 4886 κεφαλαίῳ
2740 4816 2817 4885 τῷ
2850 4812 3156 4885 Ἐλμαὶδᾷ,
3185 4816 3322 4884 ὅπερ
3348 4807 3675 4881 ἑρμηνεύεται

2137 4905 2411 4973 τράπεζα,
2440 4907 2634 4957 οὑτωσί
2666 4920 2855 4975 φησιν’
3152 4922 3157 4927 ’

2208 5005 2278 5052 α’.
2312 4998 2436 5050 ’Ότι
2467 4999 2501 5065 ἡ
2523 4996 2613 5049 τοῦ
2649 4996 2855 5065 βιῦλίου
2892 4996 3136 5064 ἑταιρεία
3174 4994 3326 5047 οὐδὲν
3353 4992 3481 5053 ὅλω,
3529 4987 3672 5048 ἐστὶν,

2136 5094 2183 5143 εί
2218 5090 2292 5159 μὴ
2323 5089 2669 5159 πληρῶσαιεν
2700 5088 2759 5141 τό
2791 5104 2849 5139 τε
2888 5085 3221 5153 Εὑαγγέλιον
3261 5087 3353 5138 καὶ
3385 5085 3472 5135 τὴν
3514 5078 3671 5145 νόμον.

2148 5178 2419 5247 Ἑταιρεία
2475 5178 2529 5229 δὲ
2564 5176 2654 5229 τοῦ
2693 5176 2899 5245 βιϐλίου
2950 5175 3198 5243 λέγωνται
3248 5172 3364 5227 κατ’
3418 5170 3608 5222 ἐκεῖνον
3634 5162 3672 5213 οι

2136 5270 2226 5324 τοῦ
2262 5271 2395 5325 Μωὰ
2408 5270 2504 5339 μεθ
2537 5269 2840 5322 ἀκόλουθοι.

2207 5362 2272 5431 β’.
2302 5360 2424 5413 Ἐτι
2481 5362 2619 5430 μετὰ
2676 5362 2785 5415 τῶν
2831 5361 3042 5413 πολλῶν
3091 5355 3483 5430 τερατολογιῶν
3528 5345 3671 5403 αὑτοῦ

2136 5452 2282 5517 λέγει
2308 5453 2400 5502 καὶ
2437 5448 2619 5514 τοῦτο,
2650 5450 2730 5501 ὅτι
2761 5452 2840 5512 είς
2881 5451 3245 5519 ἑϐδομήκοντα
3268 5447 3399 5517 πρὸς
3421 5444 3523 5503 τοῖς
3547 5436 3673 5507 τρισὶ

2138 5540 2335 5610 μοίρας
2388 5541 2644 5608 μέλλουσι
2696 5542 2984 5609 σχισθῆναι
3033 5542 3080 5592 oi
3111 5539 3189 5608 τῷ
3219 5537 3364 5606 νόμῳ
3388 5531 3539 5589 αὑτοῦ
3565 5530 3674 5579 ἁκο-

2137 5632 2523 5698 λουθήσοντες,
2564 5633 2656 5682 καί
2702 5631 2735 5701 ἠ
2770 5632 2866 5700 μὲν
2908 5631 3006 5700 μία
3042 5631 3132 5683 καὶ
3192 5629 3327 5698 μόνη
3386 5626 3446 5677 ὲκ
3489 5618 3671 5673 τούτων

2139 5723 2464 5795 σωθήσεται,
2526 5722 2581 5775 al
2614 5721 2656 5775 δ’
2713 5723 2869 5779 ἄλλαι
2923 5724 3056 5794 πυρὶ
3092 5718 3558 5790 παραδοθήσονται.
3588 5701 3669 5764 Τίς

519 4990 571 5042 ‘l.
604 4987 755 5042 Libri
789 4990 1025 5043 societas
1090 4989 1239 5043 nulla
1277 4998 1382 5054 est,
1426 4986 1533 5042 nisi
1567 4986 1929 5059 Evangelium
1972 4995 2025 5039 et

450 5080 625 5151 legem
691 5082 971 5150 impleant.
1016 5080 1167 5134 Libri
1215 5091 1397 5135 autem
1434 5082 1670 5135 societas
1724 5079 2022 5133 secundum

450 5172 606 5228 illum
638 5172 899 5226 dicuntur
925 5174 1249 5228 Maliometis
1290 5183 1608 5228 sectatores.

520 5352 575 5411 2.
618 5353 788 5408 Porro
829 5365 950 5425 post
979 5356 1149 5409 multa
1182 5355 1496 5425 prodigiosa
1533 5356 1693 5409 verba
1722 5372 1816 5409 sua
1855 5356 2021 5409 etiam

451 5444 557 5499 hoc
605 5446 778 5509 addit,
827 5446 973 5515 quod
1034 5448 1086 5499 in
1131 5457 1313 5516 partes
1357 5447 1699 5515 septuaginta
1747 5458 1856 5500 tres
1890 5448 2026 5499 divi-

450 5536 620 5593 dendi
660 5538 772 5591 sint
835 5540 975 5610 legis
1014 5554 1125 5593 sua:
1183 5548 1506 5603 sectatores,
1568 5555 1596 5593 e
1656 5534 1856 5608 quibus
1915 5555 2021 5592 una

453 5633 666 5678 tantum
715 5626 909 5681 cadem
960 5629 1073 5682 sola
1103 5629 1371 5685 servanda
1414 5630 1507 5690 sit,
1558 5628 1800 5697 reliquas
1831 5638 2015 5682 autem

468 5716 563 5788 μί
635 5718 947 5774 tradendas.
993 5718 1238 5785 Quanam
1283 5731 1472 5777 contra
1512 5721 1825 5792 huiusmodi
1862 5721 2027 5777 stulta
