3928 6212
426 346 536 408 6L3

1615 336 1941 397 JOANNIS
1982 336 2123 395 CAN
2141 335 2499 397 I'ACL'ZENI

3534 342 3625 407 ί)Ξί

429 460 485 514 in
522 460 756 513 animam
788 457 1082 514 viventem.
1116 453 1192 508 Ex
1230 461 1377 507 costa
1408 465 1540 506 vero
1570 448 1760 505 Adami
1794 448 1988 503 forma«

2105 450 2245 501 Εὕαν
2282 466 2293 478 ·
2330 450 2387 515 ἐξ
2429 452 2629 517 ἀμφοῖν
2663 450 2717 502 δὲ
2775 450 2863 503 τὶν
2896 450 3027 519 Σὴθ,
3082 453 3171 504 καὶ
3211 454 3406 519 πάντας
3446 458 3631 528 ἀνθρὼ-

430 550 511 605 vit
545 550 706 603 Evam
740 566 753 601 :
783 564 847 601 ex
886 557 1133 613 utrisque
1181 558 1309 596 vero
1339 541 1499 594 simul
1546 541 1724 609 ipsum
1758 539 1913 604 Seth,
1942 549 1995 592 et

433 655 626 694 omnes
666 638 917 691 homines
958 637 1026 691 "L
1072 654 1088 686 ι
1136 634 1389 688 Mortales
1430 633 1594 702 igitur
1635 646 1756 686 cum
1791 644 1991 692 essent,

432 732 595 782 etiam
619 727 718 795 ipsi
750 725 1008 778 mortales
1032 721 1475 793 genuerunt.Cui
1502 719 1737 789 dogmati
1769 719 1996 771 assentit

427 819 622 879 David,
661 817 1031 871 testimonium
1075 817 1257 869 ferunt
1298 813 1599 885 prOphetze,
1653 819 1709 865 et
1738 812 1840 865 hoc
1879 811 1994 879 ipse

430 909 682 964 Christus
733 910 1041 963 continuat.
1073 908 1283 964 Novum
1336 919 1468 957 vero
1511 904 1657 957 hunc
1694 903 1991 971 generandi

431 1004 658 1056 modum
699 1002 972 1055 undenam
1016 1001 1315 1053 sceleratus
1366 997 1455 1050 ille
1491 994 1751 1049 incitatus
1790 994 1985 1048 docue-

422 1093 512 1153 rit,
547 1108 653 1144 non
684 1092 958 1160 intelligo.
994 1091 1094 1142 nisi
1131 1089 1269 1142 forte
1308 1087 1522 1156 propria
1574 1088 1813 1150 ratione,
1850 1097 1906 1139 et
1962 1100 1990 1137 a

418 1195 576 1252 patre
626 1200 723 1237 suo
766 1184 985 1237 diabolo
1034 1189 1338 1250 permotus.
1406 1179 1513 1234 Sed
1571 1195 1641 1233 en
1690 1179 1989 1232 absurdum

426 1276 528 1329 hoc
572 1275 879 1329 considera.
916 1273 973 1326 Si
1022 1274 1165 1327 enim
1217 1280 1475 1340 parentes
1524 1270 1859 1324 immortales
1925 1268 1992 1322 ﬁ-

424 1367 529 1420 lios
558 1366 723 1419 etiam
769 1364 1105 1417 immortales
1148 1370 1477 1431 genuerunt,
1523 1376 1587 1414 en
1622 1359 1992 1429 generationis

423 1455 621 1507 modus
661 1462 883 1505 exortus
935 1459 1040 1513 est,
1075 1452 1167 1519 qui
1221 1464 1322 1503 nec
1380 1459 1609 1502 mortem
1651 1449 1839 1511 sentit,
1890 1462 1993 1500 nec

422 1543 907 1599 resurrectionem.
949 1543 1101 1606 Quod
1158 1542 1200 1594 si
1252 1557 1383 1595 vero
1424 1540 1525 1609 ipsi
1563 1539 1895 1593 immortales
1934 1537 1991 1591 ﬁ-

418 1639 528 1691 lios
553 1636 811 1689 mortales
844 1642 1171 1703 genuerunt,
1202 1632 1477 1701 quomodo
1497 1630 1637 1685 filios
1668 1630 1893 1683 diversa:
1923 1629 1991 1683 ab

424 1729 560 1797 ipsis
606 1736 818 1781 naturae
852 1721 1200 1794 genuerunt?
1230 1721 1429 1776 Natura
1474 1720 1619 1775 enim
1665 1720 1844 1775 omnis
1886 1719 1989 1774 sibi

422 1819 598 1871 simile
627 1831 894 1887 generare
928 1815 1235 1869 consuevit.
1272 1813 1337 1868 Ut
1364 1827 1494 1865 vero
1528 1812 1693 1865 etiam
1729 1812 1830 1865 hoc
1862 1826 1991 1865 con-
2024 1796 2061 1854 Β

422 1910 686 1961 cedamus
721 1924 733 1960 :
776 1906 1050 1975 quomodo
1083 1919 1231 1957 mors
1265 1904 1549 1958 interfecta
1590 1905 1671 1971 (ut
1700 1912 1859 1957 antea
1892 1916 1989 1970 po-

420 1999 601 2068 suisti)
638 2008 760 2067 post
798 2001 1262 2050 resurrectionem
1301 1995 1483 2050 denuo
1520 1996 1662 2050 vires
1692 1995 1990 2049 exercebit?

422 2092 615 2145 Jautne
685 2089 964 2159 intelligis,
1022 2086 1297 2157 quomodo
1366 2087 1684 2141 Mahometis
1739 2085 1989 2139 doctrina

418 2197 588 2235 sacrae
629 2181 926 2248 scriptura!
967 2178 1268 2239 contraria,
1312 2176 1475 2231 etiam
1524 2176 1627 2229 sibi
1668 2185 1857 2229 mutuo
1902 2191 1989 2230 re-

417 2270 665 2339 pugnet?
702 2269 819 2336 Ipse
850 2268 997 2319 enim
1048 2280 1213 2319 unam
1243 2280 1475 2334 eamque
1502 2264 1673 2318 solam
1709 2262 1841 2317 dicit
1872 2262 1987 2318 fore

420 2358 839 2413 resurrectionis
913 2358 1082 2411 diem.
1164 2355 1309 2411 Ecce
1389 2365 1571 2409 autem
1630 2354 1675 2408 si
1734 2354 1989 2409 mortales

422 2458 776 2513 nascuntur,
826 2446 1143 2500 moriuntur
1219 2444 1554 2500 neceSsario.
1612 2442 1747 2498 Cum
1808 2454 1989 2497 autem

418 2541 523 2595 alia
552 2537 884 2593 resurreCtio
909 2537 1057 2589 nulla
1101 2537 1196 2598 sit,
1232 2543 1284 2589 et
1313 2534 1369 2588 hi
1406 2534 1461 2588 in
1491 2542 1755 2587 aeternum
1788 2533 1988 2587 mortui

417 2642 653 2712 iaceant,
705 2639 829 2707 quis
864 2637 1226 2691 beatitudinis
1271 2638 1431 2691 tinem
1483 2637 1654 2707 ipsam
1695 2635 1988 2690 mortalita-

422 2744 529 2787 tem
585 2731 824 2785 dixertt?
896 2731 1164 2783 Przeterea
1223 2739 1539 2782 sanctorum
1595 2728 1790 2781 anima:
1861 2724 1988 2794 quia

423 2840 570 2881 nunc
630 2838 658 2875 a
719 2821 1041 2895 corporibus
1105 2833 1370 2888 separata:
1413 2828 1560 2882 sunt,
1616 2816 1990 2885 voluptatibus

421 2924 692 2979 carerent,
736 2921 789 2965 et
832 2920 1119 2979 propterea
1149 2911 1312 2963 etiam
1362 2906 1698 2962 beatitudine
1728 2905 1989 2959 destitue-

423 3018 633 3067 tentur,
657 3007 807 3075 jnxza
845 3003 1163 3056 Mahometis
1194 3000 1524 3056 sententiam
1554 3016 1567 3051 :
1611 3006 1665 3051 et
1699 3005 1824 3051 ante
1868 2995 1988 3048 illas

421 3099 522 3167 ipsi
556 3095 759 3165 angeli.
804 3082 910 3147 Sed
943 3093 1047 3146 hoc
1080 3105 1428 3161 nequaquam
1477 3098 1581 3153 est,
1625 3103 1731 3142 non
1777 3095 1881 3149 est,
1903 3085 1984 3138 in-
2014 3121 2057 3178 ο

418 3206 606 3258 quam.
635 3188 980 3241 Frustratum
1016 3184 1166 3237 enim
1208 3192 1290 3237 est
1324 3181 1564 3234 insciens
1603 3195 1697 3235 cor
1729 3177 1897 3241 illius,
1929 3186 1983 3228 et

418 3283 546 3331 dum
592 3293 649 3331 se
703 3279 1002 3344 sapientem
1054 3271 1282 3341 putavit,
1327 3270 1567 3321 omnium
1632 3267 1987 3322 stultissimus

423 3371 695 3440 apparuit.
728 3364 1084 3421 Beatitudinis
1107 3379 1251 3417 enim
1298 3361 1420 3415 ﬁnis
1449 3376 1556 3414 non
1582 3360 1827 3428 voluptas
1866 3365 1949 3411 est
1970 3396 1983 3421 ,

421 3464 517 3516 sed
568 3471 628 3514 ut
681 3460 863 3527 homo,
897 3466 1158 3526 quantum
1219 3454 1335 3508 ﬁeri
1395 3461 1594 3524 potest,
1635 3450 1746 3505 Deo
1796 3448 1988 3503 similis

421 3555 535 3618 ﬁat,
560 3553 727 3606 Deutn
766 3559 1079 3618 cognoscat,
1113 3546 1299 3615 illique
1330 3547 1565 3599 uniatur.
1593 3540 1986 3608 lloc,inquatn,

425 3661 695 3701 Sttttttttttm
752 3654 808 3698 et
879 3642 1057 3711 angeli
1104 3650 1162 3695 et
1219 3639 1458 3694 hominis
1499 3638 1702 3693 bonum
1767 3644 1871 3701 est,
1933 3643 1989 3687 et.

421 3752 634 3793 summa
713 3735 965 3790 felicitas.
1021 3733 1297 3785 Mahomet
1347 3744 1479 3784 vero
1547 3744 1669 3781 cum
1736 3738 1986 3791 attzenam

420 3832 590 3895 dicat,
628 3831 863 3897 ignoret,
899 3823 1185 3877 manifeste
1213 3822 1411 3875 divinae
1442 3824 1706 3887 repugnat
1744 3817 1986 3886 justitiaz.

419 3923 636 3977 Jusntia
669 3920 812 3973 enim
854 3916 1036 3968 divina
1073 3924 1177 3975 est,
1209 3926 1329 3981 qua:
1378 3911 1559 3963 omnia
1598 3909 1760 3978 digne
1800 3906 1989 3960 distri-

422 4014 562 4074 linit,
590 4023 639 4062 et
675 4022 795 4075 quae
840 4003 1169 4058 immortalia
1203 4012 1329 4055 sunt
1371 4002 1423 4053 in
1464 4009 1727 4051 aeternum
1767 4011 1990 4052 conser-

421 4111 533 4164 vat,
574 4108 925 4165 temporanea
961 4106 1090 4144 vero
1122 4091 1237 4143 haec
1283 4090 1349 4142 ad
1397 4099 1631 4157 tempus,
1679 4097 1734 4141 et
1780 4087 1985 4155 reliqua

422 4206 523 4243 suo
553 4203 662 4257 quo
692 4186 911 4251 debent
954 4185 1168 4236 ordine.
1214 4181 1276 4234 Et
1315 4181 1491 4249 primo
1531 4178 1748 4246 quidem
1793 4191 1988 4244 supre-

428 4281 529 4332 mis
564 4276 859 4331 ordinibus“
879 4291 943 4328 ea
977 4275 1196 4336 dantur,
1236 4286 1355 4341 quae
1386 4270 1718 4325 conveniunt
1746 4285 1759 4331 ;
1792 4267 1989 4320 deinde

424 4370 712 4425 animabus
761 4378 815 4422 et
861 4366 1206 4435 corporibus.
1242 4374 1363 4433 post
1395 4363 1509 4415 haec
1538 4361 1699 4416 etiam
1757 4372 1985 4426 naturae,

2098 555 2253 600 πους.
2292 538 2488 614 Θνητοὶ
2510 539 2686 590 τοίνυν
2729 539 2901 603 ὄντες,
2936 539 3161 606 θνητοῦς
3200 544 3289 595 καὶ
3338 544 3628 614 ἐγέννησαν.

2099 620 2272 697 ᾯτινι
2320 613 2550 696 δόγμῖατι
2598 629 2812 697 συνᾴδει
2863 629 3425 700 Δα6ὶδ,·μαρτυροῦσι
3456 613 3634 701 πάντες

2097 719 2396 789 προφῆται,
2450 718 2657 787 βεϐαιοῖ
2688 723 2715 771 ὁ
2746 720 2997 789 Χριστός.
3033 720 3136 773 Τὸν
3161 722 3215 773 δὲ
3244 725 3421 775 καινὸν
3446 728 3633 780 τουτονὶ

2096 810 2194 878 τῆς
2233 812 2539 880 γεννήσεως
2574 814 2775 882 τρόπον
2810 812 2906 865 οὐκ
2942 808 3039 865 οἷδ’
3084 814 3201 866 ὅθεν
3228 816 3479 885 ὁρμηθεὶς
3517 819 3633 873 ἔδει·

2097 901 2185 965 ξεν
2226 902 2252 952 ὁ
2280 902 2580 972 ἀλιτήριος,
2638 903 2686 955 εί
2743 904 2817 973 μὴ
2852 904 2960 957 ἀπὸ
2985 905 3084 975 τῆς
3130 907 3332 968 κοιλίας
3370 908 3524 961 αὐτοῦ
3556 912 3634 963 καὶ

2094 992 2189 1044 τοῦ
2221 994 2426 1062 πατρὸς
2458 982 2625 1047 αὐτοῦ
2658 995 2751 1047 τοῦ
2781 995 3049 1052 διαϐόλου.
3077 998 3183 1051 Καὶ
3214 1000 3400 1051 σκόπει
3441 1002 3495 1053 τὸ
3522 1002 3633 1055 ἄτο-

2097 1101 2216 1137 πον.
2250 1083 2311 1136 Εί
2340 1085 2438 1155 μέν
2468 1084 2542 1147 ὡς
2564 1085 2823 1140 ἀθάνατοι
2856 1089 2904 1139 οί
2928 1090 3161 1159 πατέρες
3185 1091 3482 1154 ἀθανάτους
3501 1095 3632 1155 υἱοὺς

2095 1176 2410 1245 ἐγέννησαν,
2450 1176 2557 1229 ίδοὺ
2602 1180 2819 1246 ἐγένετο
2864 1180 3064 1247 τρόπος
3125 1183 3448 1250 γεννήσεως,
3505 1185 3633 1249 ὅστις

2094 1265 2216 1317 οὐτε
2248 1264 2477 1319 Θάνατον
2510 1264 2653 1319 οἶδεν
2681 1266 2808 1321 οὔτε
2853 1269 3147 1323 ἀνάστασιν
3170 1284 3186 1301 ⁸
3220 1272 3268 1323 εί
3314 1272 3369 1326 δὲ
3403 1274 3632 1335 ἀθάνατοι

2093 1357 2243 1417 ὄντες
2274 1356 2499 1425 θνητοὺς
2526 1358 2719 1421 παῖδας
2747 1359 3062 1430 ἐγέννησαν,
3088 1362 3199 1424 πῶς
3233 1363 3417 1433 ἐτέρας
3445 1364 3631 1433 φύσεως

2095 1448 2288 1511 παῖδας
2324 1450 2657 1518 ἐγέννησανς
2692 1451 2751 1504 τὸ
2784 1452 2969 1521 ὅμοιον
3000 1456 3109 1522 γὰρ
3140 1454 3276 1524 αὐτῇ
3304 1456 3336 1524 η
3368 1456 3517 1522 φύσις
3540 1454 3629 1509 οἶδε

2092 1540 2307 1609 γεννᾷν.
2341 1540 2403 1592 Εί
2436 1540 2492 1593 δὲ
2537 1542 2630 1594 καὶ
2676 1540 2834 1594 τοῦτο
2867 1546 3319 1612 συγχωρήσομεν,
3364 1546 3474 1608 πῶς
3515 1547 3631 1599 ἀπο·

2094 1630 2413 1692 κτανθέντος
2446 1630 2536 1682 τοῦ
2573 1631 2827 1698 θανάτου,
2861 1631 3050 1701 ὥσπερ
3094 1634 3159 1686 σὺ
3189 1636 3525 1703 προῡπὲθου,
3554 1639 3632 1689 καὶ

2097 1719 2234 1788 μετὰ
2262 1719 2359 1791 τὴν
2384 1720 2678 1774 ἀνάστασιν
2704 1723 2953 1792 ἐνεργεῖ;
2994 1724 3221 1787 Βλέπεις
3250 1726 3365 1789 πῶς
3404 1730 3529 1796 ptri
3551 1730 3630 1795 τῆς

2090 1810 2188 1880 τῆς
2221 1812 2381 1877 ἁγίας
2408 1813 2630 1882 Γραφῆς
2656 1815 3025 1886 ἐναντιότητος
3053 1817 3166 1886 ἔχει
3189 1818 3282 1870 καὶ
3304 1821 3435 1887 πρδς
3461 1818 3632 1887 ἑαυτὴν

2090 1902 2349 1965 ἐναντίως
2393 1903 2566 1956 διόλου
2610 1906 2641 1975 ἡ
2674 1904 2765 1957 τοῦ
2796 1906 3041 1976 Μωάμεθ
3066 1907 3419 1973 διδασκαλία;
3460 1909 3515 1962 '0
3543 1912 3632 1979 γὰρ

2089 1994 2249 2055 αὐτὸς
2288 1994 2417 2062 μίαν
2448 1994 2541 2047 καὶ
2585 1996 2754 2066 μόνην
2788 1999 3006 2067 ⁸ἡμέραν
3053 1998 3201 2067 λέγει
3243 1995 3382 2053 εἶναι
3406 2001 3499 2069 τῆς
3522 2002 3631 2053 ἁνα-

2090 2085 2353 2147 στάσεως.
2384 2087 2493 2139 Καὶ
2530 2088 2639 2140 ἰδοὺ
2683 2089 2841 2158 εἴπερ
2880 2090 3188 2159 γεννηθῶσι
3221 2090 3423 2161 θνητοὶ,
3454 2091 3630 2144 ἀποθα-

2088 2175 2305 2229 νοῦνται
2353 2178 2493 2230 κατά
2540 2180 2719 2231 πᾶσαν
2752 2180 2998 2250 ἀνάγκην
3032 2198 3045 2212 ο
3092 2184 3285 2252 ἐτέρας
3324 2184 3382 2236 δὲ
3426 2185 3628 2235 ἀναστᾶ-

2090 2284 2229 2330 σεως
2251 2267 2326 2339 μὴ
2352 2266 2539 2339 οὔσης,
2574 2272 2813 2324 κάκεῖνοι
2859 2274 2937 2336 είς
2970 2272 3143 2327 αἰῶνα
3174 2273 3374 2342 θνητοί.
3408 2275 3508 2326 Kal.
3537 2274 3631 2336 πῶς

2087 2358 2237 2421 τέλος
2265 2362 2717 2432 μακαριότητοςή
2747 2362 3043 2434 θνητὸτη;;
3075 2366 3279 2418 Λοιπὸν
3295 2365 3465 2419 αἰτῶν
3484 2365 3629 2430 άγίων

2086 2448 2277 2518 ψυχαὶ,
2306 2450 2427 2503 ἐπεὶ
2461 2451 2559 2506 οὐκ
2590 2454 2696 2508 εἰσὶ
2721 2456 2859 2524 μετά
2881 2457 2987 2509 τῶν
3019 2457 3290 2526 σωμάτων
3321 2458 3491 2511 αὐτῶν
3512 2455 3630 2510 κατὰ

2086 2541 2147 2594 τδ
2180 2542 2375 2611 παρὸν,
2423 2543 2747 2615 ἐστέρηνται
2796 2548 2906 2600 τῶν
2943 2548 3168 2617 ἡδονῶν.
3227 2549 3337 2602 Καὶ
3385 2548 3467 2602 διὰ
3494 2546 3631 2600 τοῦτο

2087 2633 2407 2704 ἐστέρηνται
2438 2638 2530 2689 καὶ
2562 2638 2659 2705 τῆς
2694 2640 3096 2709 μακαριότητος
3129 2639 3269 2693 κατά
3297 2639 3383 2693 τὸν
3414 2636 3627 2704 Μωάμεο

2088 2724 2267 2793 λόγον,
2299 2727 2390 2778 καὶ
2444 2730 2551 2796 πρὸ
2582 2729 2789 2782 τούτων
2832 2732 2879 2783 οἱ
2928 2730 3178 2801 ἄγγελοι.
3227 2729 3367 2783 Ἀλλ’
3397 2730 3491 2781 οὐκ
3531 2727 3627 2779 ἐστι

2087 2818 2265 2882 τοῦτο,
2290 2818 2389 2871 οὐκ
2410 2819 2578 2875 ἐστιν.
2607 2819 2959 2891 Ἐματαιώθη
2989 2825 3100 2892 γάρ
3128 2824 3157 2892 ἡ
3187 2823 3438 2884 ἀσύνετος
3462 2819 3626 2874 τούτου

2088 2908 2304 2978 καρδία,
2337 2908 2432 2962 καὶ
2456 2911 2680 2978 φάσκων
2720 2913 2879 2980 σοφὸς
2916 2909 3055 2966 εἶναι
3079 2914 3267 2980 αὐτὸς,
3297 2915 3503 2968 πάντων
3532 2928 3629 2979 μω-

2094 3002 2311 3069 ρότερος
2364 3000 2739 3069 ἀναφαίνεται.
2776 3004 2891 3057 Οὐκ
2916 3004 3023 3055 εἰσὶ
3054 3005 3167 3084 γάρ
3214 3005 3362 3066 τέλος
3393 3001 3625 3073 μακαριό-

2088 3106 2248 3158 τητος
2284 3092 2338 3143 ai
2366 3092 2568 3163 ἡδοναὶ,
2598 3094 2733 3147 ἀλλά
2764 3093 2822 3147 τὸ
2839 3094 3092 3162 γενέσθαι
3120 3095 3401 3166 ἄνθρωπον
3424 3093 3551 3146 κατά
3574 3089 3625 3142 τὸ

2089 3182 2312 3233 δυνατὸν
2335 3184 2520 3250 ὅμοιον
2555 3182 2693 3253 Θεῷ,
2716 3185 2809 3237 καὶ
2842 3184 3136 3252 γινώσκειν
3160 3187 3313 3250 Θεὸν,
3336 3188 3423 3236 καὶ
3452 3182 3625 3247 ἐνωοῆ·

2086 3286 2172 3322 ναι
2196 3271 2364 3341 αὐτῷ,
2393 3273 2547 3327 τοῦτό
2564 3276 2680 3327 ἐστι
2704 3276 2763 3327 τὸ
2791 3276 2960 3345 ἀκρον
2983 3277 3224 3344 ἀγγέλου
3250 3277 3343 3329 καὶ
3369 3271 3624 3342 ἀνθρώπου

2087 3362 2310 3429 ἀγαθὸν,
2352 3366 2444 3416 καὶ
2487 3368 2520 3434 ὴ
2559 3367 2763 3436 ἐσχάτη
2819 3367 3163 3435 εὐδαιμονία.
3228 3367 3287 3420 Ὀ
3325 3365 3379 3420 δὲ
3411 3360 3624 3428 Μωάμεο

2092 3455 2167 3524 μὴ
2194 3454 2346 3515 εἰδὼς
2374 3455 2410 3508 ἃ
2453 3456 2623 3523 λέγει,
2677 3457 2923 3528 φανερῶς
2954 3460 3274 3511 ἀντιπίπτει
3304 3460 3368 3527 τῇ
3395 3456 3484 3509 τοῦ
3509 3449 3625 3506 Θεοῦ

2088 3542 2429 3615 δικαιοσύνῃ.
2459 3546 2789 3613 Δικαιοσύνη
2830 3548 2940 3615 γὰρ
2969 3547 3088 3600 θεία
3124 3548 3271 3600 ἐστὶν
3300 3549 3333 3616 η
3362 3545 3526 3597 πάντα
3554 3543 3627 3593 νέ-

2094 3652 2270 3705 μουσα
2297 3635 2416 3689 κατ’
2444 3636 2621 3700 ἀξίαν,
2655 3637 2747 3691 καὶ
2777 3637 3125 3703 διασώζουσα
3168 3640 3234 3692 τὰ
3265 3640 3494 3693 ἀθάνατα
3519 3634 3625 3689 αἰώ-

2092 3742 2202 3791 νια,
2231 3727 2297 3780 τὰ
2330 3726 2386 3779 δὲ
2410 3727 2724 3798 πρόσκαιρα
2756 3728 3007 3799 ἐγχρονα,
3042 3730 3139 3782 καὶ
3164 3732 3230 3782 τὰ
3260 3729 3381 3798 ἑξῆς
3413 3729 3480 3789 ὡς
3498 3726 3623 3795 ἔχον-

2089 3834 2157 3871 τα
2190 3817 2417 3884 τάξεως.
2456 3820 2563 3872 Καὶ
2596 3820 2809 3889 πρῶτον
2838 3820 2943 3889 μὲν
2974 3820 3235 3889 δωρεῖται
3279 3824 3393 3883 ταῖς
3418 3821 3519 3873 ἀνω
3545 3818 3624 3869 τά·

2091 3908 2206 3974 ξεσι
2229 3910 2297 3963 τά
2326 3912 2591 3977 καταξίαν
2633 3913 2823 3976 αὐταῖς
2859 3914 3155 3983 ἀνήκοντα,
3181 3910 3297 3966 εἶτα
3319 3915 3431 3975 ταῖς
3452 3912 3624 3979 ψυχαῖς

2091 4002 2186 4055 καὶ
2218 4006 2330 4065 τοῖς
2371 4002 2608 4073 σώμασι,
2640 4006 2732 4057 καὶ
2768 4007 2905 4073 μετά
2930 4004 3104 4059 ταῦτα
3136 4009 3198 4077 τῇ
3238 4006 3393 4075 φύσει
3416 4005 3483 4056 τὰ
3506 4000 3624 4052 εἰκό-

2089 4111 2177 4159 τα,
2202 4093 2369 4163 ἤγουν
2403 4095 2746 4165 συμμετρίαν
2774 4100 2867 4148 καὶ
2892 4095 3085 4158 κάλλος
3129 4099 3223 4150 καὶ
3249 4098 3397 4162 τάξιν
3424 4094 3623 4146 arata-.1-

2091 4183 2380 4253 κόσμησιν,
2400 4186 2539 4237 κατά
2572 4187 2668 4254 τὴν
2707 4186 2922 4255 ἑκάστῳ
2948 4186 3055 4238 τῶν
3097 4188 3236 4239 ὅλων
3261 4184 3623 4238 ἐπιϐάλλουσαν

2090 4275 2269 4339 ἀξίαν,
2302 4276 2436 4346 μηδέ
2465 4294 2571 4329 τισι
2603 4276 2705 4330 κᾶν
2724 4277 2970 4339 παλαιοῖς
2988 4277 3298 4346 φιλοσόφοις
3326 4274 3619 4335 ἀκολουθῶν,

2091 4366 2339 4434 ἀνοήτοις
2376 4367 2472 4433 μὲν
2506 4370 2601 4421 καὶ
2628 4368 2830 4431 αὐτοῖς,
2860 4369 2975 4423 ἀλλ’
3005 4371 3155 4438 ὅμως
3189 4370 3392 4439 ψυχράν
3416 4384 3526 4419 τινα
3554 4363 3621 4413 λὸ-

425 4477 545 4532 qme
585 4462 728 4514 illam
764 4468 1035 4529 spectant.
1071 4457 1152 4511 En
1194 4458 1358 4525 igitur
1399 4446 1832 4523 proportionem,
1867 4452 1987 4520 pul-

2096 4472 2191 4522 γον
2220 4454 2489 4523 λέγουσιν,
2523 4459 2604 4511 ὃτι
2637 4459 2951 4527 εὐδαιμονία
2984 4464 3133 4514 ἐστὶν
3162 4465 3193 4529 ἡ
3218 4461 3311 4513 τοῦ
3357 4458 3466 4520 νοὸς
3495 4454 3620 4523 γνῶ-

425 4550 817 4615 chritudinem,
849 4546 1098 4602 ordinem
1119 4556 1175 4599 et
1204 4546 1733 4599 administrationem
1763 4543 1987 4612 justam,

425 4660 545 4715 qua:
590 4644 643 4696 in
690 4640 923 4711 singulis
964 4638 1272 4692 adhibetur.
1308 4635 1421 4689 Nec
1465 4649 1681 4689 veteres
1723 4633 1987 4702 quosdam

426 4733 785 4803 philosophos
816 4732 1087 4800 sequaris,
1121 4728 1214 4797 qui
1273 4736 1328 4780 et
1392 4726 1491 4794 ipsi
1557 4724 1761 4793 stupidi
1817 4732 1986 4789 sunt;

426 4834 803 4881 verumtamen
844 4819 1043 4888 frigida
1071 4818 1301 4887 quadam
1328 4820 1575 4895 oratione
1615 4817 1826 4880 dicunt,
1866 4813 1990 4868 feli-

426 4926 645 4974 citatem
676 4931 796 4971 esse
845 4915 1046 4968 mentis
1100 4910 1661 4981 cognitionein;cum
1710 4908 1834 4977 ipsi,
1867 4921 1988 4960 mea

427 5009 719 5070 sententia,
756 5015 936 5059 mente
972 5013 1212 5057 careant.
1235 5001 1364 5054 Ctitn
1397 5000 1540 5054 enim
1573 4999 1653 5053 illi
1675 4998 1990 5053 existiment.

427 5101 566 5155 nihil
624 5101 894 5152 interesse
949 5097 1093 5148 inter
1145 5102 1385 5146 mentem
1442 5098 1496 5146 et
1554 5090 1988 5160 intelligentiam,

428 5194 679 5260 ignorant
710 5188 851 5256 quod
878 5187 1021 5239 inter
1044 5183 1158 5237 haec
1187 5184 1331 5236 Deus
1354 5192 1436 5236 est
1463 5196 1730 5235 sunnnum
1763 5180 1991 5242 bonum,

427 5294 483 5338 et
512 5282 872 5337 beatitudinis
908 5278 1290 5345 felicitatisque
1322 5287 1502 5345 caput.
1538 5274 1811 5340 Quantum
1843 5276 1988 5327 enim

427 5375 627 5443 aliquis
663 5373 776 5426 Deo
807 5371 1230 5440 appropinquat,
1272 5378 1481 5422 tantum
1519 5366 1713 5421 beatus
1741 5375 1844 5426 est.
1876 5365 1991 5434 glo-

427 5469 606 5522 riosus
631 5477 685 5521 et
714 5465 864 5520 felix.
902 5462 1033 5518 Mihi
1062 5478 1192 5517 vero
1224 5461 1473 5515 dubitare
1502 5460 1787 5531 contingit,
1820 5472 1988 5528 quare

402 5571 537 5611 ‘non
580 5557 758 5612 caedes
801 5558 967 5611 etiam
1010 5563 1061 5610 et
1097 5555 1311 5623 rapinas
1351 5563 1476 5624 post.
1524 5555 1984 5609 resurrecdonem

497 5711 545 5743 "
584 5709 724 5763 Gen.
764 5721 804 5773 ι,
845 5724 905 5775 ιι,
948 5724 1029 5762 ut.
1798 5718 1825 5747 θ

2099 4562 2201 4608 σις,
2235 4546 2343 4599 ἀπὸ
2372 4547 2585 4615 τούτου,
2629 4550 2705 4612 ὡς
2750 4546 2921 4619 οἶμαι,
2968 4551 3338 4620 πλανηθεῖσιν,
3388 4547 3490 4601 ἀπὸ
3537 4540 3619 4596 τοῦ

2095 4636 2388 4690 ὑπολαϐεῖν
2426 4639 2621 4702 αὐτοὺς
2671 4641 2753 4694 ὅτι
2784 4644 2883 4695 οὐκ
2928 4641 3046 4695 ἐστι
3098 4659 3152 4696 τι
3198 4644 3356 4713 μέσον
3394 4640 3503 4700 νοὸς
3540 4634 3623 4687 καὶ

2096 4730 2353 4799 νοήσεως,
2373 4730 2703 4801 ἀγνοήσασιν
2724 4732 2805 4785 ὅτι
2830 4734 3032 4803 μεταξὺ
3063 4735 3265 4787 τούτων
3283 4736 3422 4785 tam
3437 4736 3460 4782 ὁ
3482 4726 3614 4787 Θεὸς.

2093 4820 2151 4882 ὃς
2172 4822 2320 4874 ἐστιν
2351 4823 2518 4892 ἀκρον
2546 4824 2771 4891 ἀγαθὸν,
2802 4826 2896 4878 καὶ
2928 4825 3096 4895 ἀκρον
3125 4826 3505 4896 μακαριότητος
3537 4816 3617 4868 καὶ

2090 4912 2459 4981 εὐδαιμονίας.
2505 4914 2751 4968 Καοόσον
2798 4916 2907 4986 γάρ
2960 4934 3041 4979 τις
3091 4915 3296 4983 ἐγγίζει
3326 4913 3457 4980 Θεῷ,
3493 4906 3615 4959 uti

2092 5003 2345 5058 τοσοῦτον
2379 5004 2649 5073 εὐδαίμων
2679 5006 2813 5072 ἐστὶ,
2844 5008 2937 5059 καὶ
2958 5006 3163 5077 εὐκλεῆ
3187 5047 3202 5070 ,
3235 5008 3325 5059 καὶ
3352 4986 3611 5074 μακάριος·

2106 5096 2261 5164 Ἐμοὶ
2287 5094 2332 5148 δ’
2385 5095 2593 5148 ἔπεισιν
2646 5098 2894 5167 ἀπορεῖν,
2949 5100 3066 5162 πῶς
3118 5099 3211 5152 οὐκ
3237 5094 3381 5150 εἶπεν
3403 5094 3471 5155 ὡς
3492 5089 3610 5160 μετᾶ

2091 5185 2194 5255 τὴν
2218 5185 2515 5239 ἀνάστασιν
2548 5187 2766 5239 ἔσεσθαι
2802 5190 2994 5256 φόνους
3047 5190 3139 5242 καὶ
3171 5186 3430 5257 ἁρπαγάς.
3478 5179 3609 5234 Ἐπεὶ

2093 5276 2199 5346 γὰρ
2227 5277 2430 5347 ἡδονῶν
2470 5279 2631 5349 χάριν
2672 5281 2765 5332 καὶ
2797 5279 2998 5350 ἔρωτος
3040 5282 3331 5351 χρημάτων
3361 5277 3537 5334 πάντες
3563 5268 3605 5321 οι

2094 5368 2319 5437 πόλεμοι
2339 5370 2602 5437 γίνονται,
2633 5373 2739 5426 ἔδει
2771 5372 2986 5436 πάντως
3014 5373 3230 5427 κάκεῖσε
3265 5370 3413 5423 τοῦτο
3433 5361 3605 5422 eius!»

2090 5460 2173 5514 ὅτι
2194 5462 2223 5514 ὁ
2244 5462 2490 5526 πλείονας
2530 5466 2719 5534 η’δονὶις
2747 5468 2826 5530 είς
2856 5468 3047 5521 ἑαυτὸν
3064 5450 3239 5537 φέρων
3274 5460 3458 5534 μᾶλλόν
3482 5463 3603 5508 ἐστιν

2091 5553 2266 5609 ἄλλων
2308 5554 2740 5626 μακαριώτερος.
