3928 6212
292 272 396 340 625

1283 282 1578 343 CONTRA
1618 283 2094 346 MAHOMETEEI
2131 287 2411 347 ORATIO
2460 290 2536 350 ll.

3427 288 3529 350 626

289 385 408 440 tore
446 384 662 440 dixerit.
707 385 840 442 Cum
900 388 1047 444 enim
1107 390 1442 461 voluptatum
1487 392 1658 464 gratia
1715 403 1771 448 et
1818 407 2001 448 amore
2048 395 2360 451 divitiarum
2407 399 2591 452 omnia
2639 397 2778 453 bella
2831 405 3173 458 moveantur,
3220 396 3380 450 etiam
3422 399 3530 451 illic

292 475 434 530 idem
501 476 686 531 dicere
749 479 1068 549 oportebat;
1098 483 1355 552 quoniam
1387 485 1478 553 qui
1505 488 1690 552 plures
1719 484 1774 537 in
1804 499 1862 538 se
1893 484 2198 553 voluptates
2227 488 2506 548 transfert,
2534 488 2655 542 aliis
2680 487 2849 540 multo
2879 496 2963 541 est
2992 486 3227 540 beatior.
3257 509 3264 516 -

361 566 451 636 ιβ’.
479 567 598 620 Ἔτι
643 572 670 621 6
698 571 860 633 αὑτός
889 589 1052 642 φησιν
1091 577 1146 626 ὲν
1189 574 1264 644 τῷ
1294 577 1573 647 κεφαλαίῳ
1610 578 1688 648 τῷ
1727 569 1868 638 Σὰδ.

2046 578 2128 632 l2.
2163 579 2304 645 Quin
2354 579 2444 634 ille
2491 580 2633 634 idem
2671 581 2806 636 dicit
2838 580 2892 634 in
2924 581 3103 649 capite
3138 577 3268 642 Sad,
3309 579 3533 650 angelos

287 657 370 710 ὅτι
415 658 466 709 oi
499 659 596 728 μὲν
625 659 845 731 ἄγγελοι
881 663 942 716 ἐκ
976 664 1148 735 πυρὸς
1192 662 1723 740 ὲδημιουργὴθῆσαν,
1754 672 1780 722 6
1804 670 1863 723 δὲ

286 747 575 820 ἄνθρωπος
615 753 678 804 ὲκ
712 754 856 820 χοάς.
906 755 1014 808 Καὶ
1058 751 1170 809 οἷον
1213 757 1403 828 ὥσπερ
1433 759 1490 811 τὸ
1524 759 1685 829 σῶμα
1715 762 1866 813 ἐστιν

287 839 352 888 ἐκ
382 839 481 907 τῆς
508 839 612 906 γῆς
633 842 835 910 χοῖκὸν,
863 841 1006 896 οὕτω
1032 845 1127 898 καὶ
1153 848 1278 909 τοῦς
1305 847 1571 916 ἀγγέλους
1598 850 1661 902 ικ
1692 850 1866 921 πυρὸς

291 928 512 989 ὑλικοὺς
539 926 676 983 εἶναι
716 932 1023 998 λογίζεταιο
1061 936 1124 988 ὲκ
1158 935 1251 988 τοῦ
1289 939 1658 1007 προφητικοῦ,
1685 935 1864 1010 οἶμαι,

291 1017 460 1087 ῥητοῦ
489 1022 590 1086 τὴν
615 1021 822 1092 πλάνην
854 1023 1060 1095 ταύτην
1095 1025 1296 1093 λαϐὼν,
1315 1029 1410 1082 τοῦ
1443 1029 1709 1097 λέγοντος,
1749 1049 1768 1082 ι
1808 1030 1866 1084 ’0

289 1110 464 1161 ποιῶν
491 1112 614 1174 τοὺς
644 1112 908 1180 ἀγγέλους
941 1115 1104 1168 αὑτοῦ
1139 1117 1448 1186 πνεύματα,
1488 1119 1732 1183 καὶτοὺς
1759 1121 1870 1174 λει-

286 1199 558 1267 τουργοὺς
585 1201 748 1254 αὑτοῦ
770 1203 940 1272 πυρὸς
964 1205 1136 1274 φλόγα
1152 1222 1165 1235 ·
1195 1226 1214 1258 ι
1256 1209 1333 1280 μὴ
1358 1210 1555 1279 νοήσας
1574 1213 1600 1263 6
1616 1210 1865 1277 δείλαιος,

287 1289 370 1342 ὅτι
395 1291 678 1357 πνεύματα
701 1293 1058 1364 ὀνομάζονται
1103 1299 1152 1352 oi
1204 1297 1336 1352 θεῖοι
1373 1300 1489 1363 νόες
1525 1300 1614 1355 διὰ
1637 1301 1697 1353 τὸ
1729 1301 1867 1370 ταχὺ

287 1383 388 1434 καὶ
433 1382 636 1451 κοῦφον
665 1384 758 1436 καὶ
812 1385 1044 1454 ἐλαφρὸν
1091 1388 1187 1440 καὶ
1233 1388 1543 1459 ἀσώματον,
1587 1390 1760 1462 πυρὸς
1814 1391 1870 1445 δὲ

290 1473 446 1541 φλὸξ,
482 1475 567 1530 διὰ
582 1477 643 1530 τὸ
671 1483 992 1547 φωτιστικδν
1016 1486 1110 1540 καὶ
1135 1484 1426 1554 δραστικὸν
1453 1488 1551 1541 καὶ
1568 1487 1870 1558 ὀξύρροπον

293 1570 382 1618 καὶ
414 1569 764 1639 καθαρτικὸν,
793 1574 940 1628 ἔστιν
968 1577 1055 1629 ὅτε
1092 1579 1184 1630 καὶ
1206 1579 1586 1647 ἀφανιστικδν,
1613 1579 1755 1634 ὥστε
1776 1581 1871 1634 καὶ

291 1659 348 1709 αί
385 1660 650 1714 ἀνωτάτω
678 1664 878 1729 τάξεις,
905 1667 1107 1731 αἵτινες
1137 1644 1357 1738 ἀμέσως
1388 1669 1484 1734 τὰς
1501 1671 1650 1735 θείας
1673 1670 1872 1743 ὲλλάμ-
1909 1644 1944 1670 ρ

292 1749 420 1817 ψεις
465 1751 832 1822 ὑποδέχονται,
868 1758 1119 1830 Σεραφὶμ
1150 1762 1302 1831 παρὰ
1335 1762 1442 1816 τῶν
1492 1762 1562 1816 τὰ
1599 1763 1872 1834 Ἐϐραίων

296 1842 520 1894 εἰδότων
570 1844 1032 1916 ἒπονομάζονται,
1101 1853 1350 1905 τουτέστι
1397 1854 1716 1926 πρηστῆρες
1773 1857 1869 1910 καὶ

297 1931 682 2001 θερμαίνοντες
715 1937 801 1992 διὰ
840 1940 899 1992 τὸ
917 1941 1222 2012 ἀεικίνητον
1260 1945 1440 1998 αὑτῶν
1469 1947 1598 2017 περὶ
1623 1947 1692 2001 τὰ
1723 1947 1865 2015 θεῖα,

297 2025 391 2076 xii
436 2027 836 2098 ἀκατάληκτον,
903 2038 996 2086 καὶ
1038 2036 1098 2087 τὸ
1153 2035 1446 2105 θερμαῖνον
1505 2040 1600 2092 καὶ
1631 2039 1725 2105 ὀξὺ
1767 2041 1865 2093 καὶ

301 2115 569 2183 ὑπερζέον
595 2120 695 2188 τῆς
720 2123 1017 2193 προσεχοῦς
1046 2129 1140 2178 καὶ
1188 2128 1468 2183 ἀνενδότου
1499 2130 1591 2183 καὶ
1615 2130 1869 2196 ἀκλινοῦς

303 2205 659 2276 ἀεικινησίας.
715 2210 776 2262 El
801 2212 909 2282 γὰρ
961 2215 1048 2266 τὸ·
1075 2214 1258 2270 ὑλικὸν
1295 2219 1454 2271 τοῦτο
1496 2221 1611 2290 πῦρ
1633 2221 1744 2292 ἔχει
1771 2223 1870 2291 μὲν

314 2299 639 2369 eumutth
673 2300 930 2372 ἰδιότητα,
965 2303 1082 2374 ἔχει
1109 2306 1164 2358 δὲ
1200 2307 1292 2360 καὶ
1325 2309 1661 2381 καθαρτικὴν
1685 2311 1761 2375 ὡς
1791 2314 1871 2377 εἰς

321 2383 406 2473 τὸν
432 2386 639 2473 χρυσὸν,
673 2389 982 2460 φθαρτικὴν
1026 2394 1083 2446 δὲ
1133 2395 1214 2458 είς
1257 2399 1363 2450 πᾶν
1411 2399 1684 2469 κίϐδηλον,
1725 2403 1874 2473 πόσῳ

329 2469 511 2534 μᾶὶλον
535 2473 786 2528 δύνανται
837 2476 984 2550 ἔχειν
1030 2482 1084 2533 αί
1139 2483 1389 2550 οὐράνιαι
1421 2486 1722 2556 ἱεραρχίαι,
1755 2469 1873 2558 ἦτοι

319 2562 362 2610 oi
387 2560 522 2628 ἅγιοι
571 2566 814 2635 ἄγγελοι,
870 2575 1207 2643 φωτιστικὴν
1243 2574 1344 2643 μὲν
1396 2577 1490 2630 καὶ
1534 2579 1872 2650 καθαρτικὴν

311 2650 532 2723 δύναμιν
566 2657 657 2709 καὶ
682 2659 965 2728 ἐνέργειαν
995 2664 1130 2733 πρὸς
1167 2665 1294 2729 τοὺς
1324 2667 1506 2732 ἀξίους
1539 2669 1874 2736 φωτίζεσθαι

309 2746 397 2797 καὶ
425 2747 801 2818 καθαίρεσθαι,
831 2751 906 2813 ὠς
937 2753 1029 2806 καὶ⁸
1062 2753 1155 2805 ἐπὶ
1185 2755 1294 2809 τῶν
1330 2756 1500 2826 ἁγίων
1543 2759 1636 2812 καὶ
1663 2777 1877 2832 προφη-

305 2836 433 2897 τῶν,
475 2839 782 2912 φθαρτικὴν
811 2844 868 2897 δὲ
915 2848 1007 2900 καὶ
1060 2849 1428 2920 ἀφανιστικὴν
1475 2853 1572 2906 καὶ
1610 2851 1873 2922 ἐλατῆρα,

301 2922 375 2985 ὡς
401 2925 496 2976 ἐπὶ
524 2925 616 2978 τοῦ
658 2927 1006 3001 Σεναχηρεὶμ
1025 2932 1289 3002 βασιλέως
1319 2939 1659 3008 Ἀσσυρίων;
1689 2939 1875 2994 Ταῦτα

300 3015 483 3066 τοίνυν
516 3015 590 3086 μὴ
619 3019 814 3087 νοήσας
845 3021 874 3074 6
909 3023 1162 3093 μάταιος,
1181 3026 1277 3096 τὴν
1305 3028 1414 3081 τῶν
1443 3030 1692 3098 ἀγγέλων
1713 3031 1877 3102 φύσιν

298 3105 362 3157 ἐκ
398 3106 578 3174 πυρὸς
604 3103 740 3163 εἶναι
763 3111 1004 3182 ἐνόμισε.
1037 3116 1170 3186 Περὶ
1209 3119 1392 3189 μέντοι
1418 3122 1528 3176 τῶν
1561 3124 1750 3193 μύθων
1782 3127 1877 3180 καὶ

1968 669 2188 738 quidem
2220 685 2286 726 ex
2312 671 2434 742 igue
2464 680 2680 727 creatos
2706 686 2848 735 esse,
2875 671 3153 726 hominem
3178 685 3306 724 vero
3326 687 3392 724 ex
3420 672 3536 740 pul-

1970 773 2118 815 vere.
2169 760 2237 815 Et
2269 762 2730 831 quemadmodum
2781 776 2984 831 corpus
3010 776 3076 815 ex
3125 771 3269 817 terra
3311 775 3536 827 compa-

1969 863 2116 908 ctum
2155 863 2261 915 est,
2311 855 2384 908 ita
2418 855 2602 909 etianr
2624 855 2846 924 angelos
2893 869 2956 909 ex
3005 855 3126 924 igne
3173 870 3271 908 ceu
3304 853 3534 908 materia

1970 946 2302 1014 compositos
2357 955 2556 1016 putat:
2621 961 2653 1000 e
2702 946 2887 1001 verbis
2935 945 3194 1005 nimirum
3254 947 3535 1015 prophetze

1969 1035 2117 1090 hunc
2151 1051 2399 1092 errorem
2435 1036 2718 1100 hauriens,
2758 1036 2851 1106 qui
2884 1037 3052 1091 dicit:
3089 1057 3106 1088 ι
3133 1037 3236 1102 Qui
3283 1036 3410 1090 fecit
3441 1051 3538 1088 an-

1969 1124 2118 1195 gelos
2169 1139 2299 1181 suos
2343 1125 2592 1194 spiritus,
2647 1134 2704 1179 et
2743 1125 3026 1182 ministros
3080 1141 3212 1180 suos
3264 1127 3534 1179 ﬂammam

1971 1214 2113 1286 ignis
2134 1216 2218 1283 ἰς
2255 1233 2274 1268 ι
2303 1211 2426 1271 ἠοιι
2489 1215 2799 1286 intelligens
2852 1216 3038 1279 miser,
3088 1215 3235 1284 quod
3287 1217 3538 1270 ccelestes

1971 1305 2141 1360 animi
2169 1306 2395 1375 spiritus
2424 1305 2684 1360 dicuntur
2711 1315 2934 1375 propter
2957 1305 3292 1360 celeritatem
3316 1315 3373 1358 et
3394 1306 3540 1357 velo-

1971 1398 2216 1462 citatem,
2255 1399 2430 1452 levem
2467 1399 2632 1452 etiam
2654 1408 2710 1452 et
2738 1396 3117 1464 incorpoream
3151 1396 3538 1456 substantiam,

1975 1485 2116 1556 ignis
2163 1495 2346 1541 autem
2401 1484 2674 1540 ﬂammam
2707 1484 2889 1541 vocari
2938 1495 3163 1556 propter
3210 1484 3538 1544 claritatem.

1971 1576 2372 1640 strenuitatem,
2431 1576 2775 1645 repentinum
2805 1583 3036 1639 motum,
3093 1575 3310 1644 vimque
3345 1589 3544 1644 purga-

1974 1666 2193 1725 toriam.
2252 1675 2309 1720 et
2361 1666 2606 1721 fortassis
2651 1667 2815 1722 etiam
2873 1675 3096 1736 propter
3149 1666 3537 1736 corrumpendi

1971 1758 2296 1826 potentiam.
2325 1756 2797 1823 Quemadmodum
2823 1765 2878 1811 et
2903 1758 3143 1826 supremi
3173 1757 3417 1820 ordines,
3444 1758 3542 1825 qui

1973 1846 2287 1902 immediate
2315 1847 2616 1918 maiestatis
2639 1847 2838 1902 divinae
2867 1845 3215 1916 Splendorem
3241 1846 3540 1906 sustinent,

1971 1936 2259 2007 Seraphim
2290 1937 2358 1992 ab
2391 1936 2634 1992 Hebraeis
2665 1937 2945 2002 dicuntur,
2996 1934 3048 1989 id
3081 1945 3163 1990 est
3197 1935 3426 1989 ﬂamma:
3455 1949 3546 1987 ar-

1971 2027 2165 2083 dentes
2195 2038 2249 2083 et
2280 2028 2638 2093 calescentes,
2668 2036 2892 2097 propter
2915 2025 3129 2081 'motum
3164 2027 3313 2081 illum
3343 2027 3545 2094 sempi-

1973 2125 2188 2171 ternum
2223 2118 2368 2172 circa
2404 2117 2589 2172 divina
2625 2126 2679 2171 et
2737 2117 3164 2183 indesinentem,
3201 2126 3541 2186 propterque

1973 2207 2237 2272 calorem,
2291 2208 2635 2261 velocitatem
2685 2216 2741 2261 et
2780 2207 3048 2262 fervorem
3095 2205 3367 2270 continui,
3404 2207 3542 2259 irre-

1973 2299 2144 2369 quieti
2177 2307 2233 2352 et
2281 2298 2540 2354 indefessi
2575 2307 2778 2352 motus.
2831 2297 2886 2352 Si
2945 2298 3091 2351 enim
3131 2297 3268 2366 ignis
3301 2298 3391 2352 ille
3431 2312 3546 2350 ma.

1978 2391 2184 2444 terialis
2213 2391 2599 2460 proprietatem
2651 2389 2816 2444 habet
2847 2388 3291 2443 illuminatoriam
3324 2395 3379 2442 et
3408 2401 3541 2454 pur-

1981 2484 2268 2554 gatoriam,
2316 2491 2376 2537 ut
2407 2483 2460 2537 in
2509 2498 2670 2546 auro,
2699 2480 3086 2551 corrumpendi
3123 2496 3252 2534 vero
3287 2480 3543 2533 virtutem

1977 2574 2030 2628 in
2089 2573 2273 2629 omnia
2313 2574 2642 2635 adulterina,
2698 2581 2903 2640 quanto
2955 2571 3128 2640 magis
3157 2571 3411 2625 (mlestes
3463 2569 3542 2622 illi

1975 2665 2336 2735 principatus,
2362 2664 2534 2720 sancti
2562 2665 2821 2719 nimirum
2848 2664 3320 2734 angeli,virtutem
3346 2663 3549 2717 illumi-

1977 2758 2144 2812 nandi
2177 2770 2233 2813 et
2276 2757 2565 2827 purgandi,
2606 2765 2662 2810 et
2691 2756 2990 2811 efﬁcaciam
3023 2755 3092 2809 ad
3128 2755 3551 2810 illuminandum

1977 2859 2033 2905 et
2079 2849 2426 2919 purgandum
2465 2848 2866 2902 illuminatione
2904 2857 2958 2902 et
2995 2847 3318 2916 purgatione
3352 2845 3548 2913 dignos

1980 2939 2189 3008 (quales
2237 2939 2500 2994 nimirum
2559 2939 2735 2993 eanrti
2772 2949 2899 2993 sunt
2944 2949 3000 2993 et
3045 2935 3344 3006 prophetae)
3376 2936 3546 2990 habe-

1977 3026 2144 3090 bunt;
2198 3026 2586 3096 corrumpendi
2621 3041 2752 3082 vero
2799 3035 2855 3081 et
2903 3026 3151 3081 vastandi
3221 3025 3544 3093 potentiam.

1979 3124 2042 3171 ut
2075 3125 2270 3172 contra
2304 3117 2643 3172 Senacherih
2675 3116 3021 3187 Assyriorum
3065 3117 3286 3184 regem?
3316 3113 3408 3168 llis
3441 3114 3546 3167 ita-

299 3196 412 3294 τῶν
449 3200 726 3267 περάτων,
760 3196 834 3255 ῶν
866 3207 1240 3275 τερατεύεται,
1275 3212 1368 3264 καὶ
1407 3213 1554 3281 λέγει
1585 3209 1738 3280 οὗτος
1769 3235 1874 3289 μη-

1983 3221 2090 3276 que
2133 3222 2240 3261 non
2295 3207 2612 3271 intellectis,
2645 3205 2880 3261 stolidus
2931 3206 3246 3274 angelorum
3295 3212 3545 3258 naturam

297 3280 386 3333 δὲν
413 3283 785 3354 διαφερόντων
809 3291 1064 3358 γραϊδίων
1114 3280 1574 3368 κωθωνιζομένων
1618 3280 1876 3376 ληρημᾶ-

297 3391 436 3440 των,
473 3378 525 3428 τί
554 3379 659 3448 χρὴ
685 3381 780 3434 καὶ
827 3382 1044 3452 levem;

375 3656 476 3718 τογ’.
509 3650 646 3743 φησὶ
683 3653 791 3724 γὰρ
820 3656 876 3709 ἐν
914 3658 990 3729 τῷ
1032 3660 1309 3734 κεφαλαίῳ
1334 3664 1412 3734 τῷ
1449 3667 1696 3738 Nape-.13,
1745 3671 1880 3743 ὅπερ

296 3741 675 3808 ἑρμηνεύεται
692 3746 859 3820 μυῖα,
893 3748 966 3810 ὡς
997 3751 1090 3806 τοῦ
1114 3752 1456 3824 Σολομῶντος
1480 3741 1880 3828 συναγαγόντος

218 3912 229 3921 .
299 3835 564 3902 μεγάλην
619 3837 865 3902 ἀγγέλων
923 3843 1216 3908 στρατιὰν,
1283 3848 1378 3899 καὶ
1436 3848 1744 3918 ἀνθρώπων
1783 3854 1880 3906 καὶ

294 3927 525 3994 ἀλόγων
551 3927 728 3991 ζώων,
755 3931 846 3982 καὶ
895 3932 1235 3989 ἀπελθόντων
1268 3937 1362 3990 καὶ
1391 3942 1662 4010 εὑρόντων
1690 3943 1880 4016 ῶσπερ

297 4020 435 4070 τινὰ
472 4019 646 4085 μυιῶν
676 4023 939 4091 ποταμὸν,
978 4025 1082 4094 ἔφη
1129 4029 1160 4096 ή
1206 4031 1360 4097 μυῖα,
1392 4027 1461 4084 Ὠ
1493 4036 1645 4104 μυῖαι
1668 4075 1683 4096 ,
1723 4037 1882 4104 ὑμεῖς

295 4110 590 4162 assidere
619 4114 696 4166 al:
727 4113 825 4174 τὰς
851 4118 1132 4180 κατοικίας
1158 4117 1333 4186 ὑμῶν,
1365 4122 1453 4174 ἵνα
1487 4123 1562 4193 μὴ
1594 4125 1900 4199 διαφθείρῃ-

294 4202 460 4268 ὑμᾶς
507 4201 536 4251 6
594 4200 843 4270 Σολομῶν
879 4205 972 4257 καὶ
1015 4206 1075 4258 τὸ
1116 4209 1430 4280 στράτευμα
1475 4212 1664 4268 αὑτοῦ.
1704 4217 1810 4268 Καὶ
1846 4218 1880 4287 ἡ

297 4295 445 4356 μυῖα
477 4289 877 4356 ὑπεμειδίασεν.

377 4382 476 4435 ιδ’.
506 4383 628 4434 Ἔτι
661 4383 718 4434 ὲν
748 4382 826 4452 τῷ
857 4386 1134 4454 κεφαλαίῳ
1163 4388 1238 4456 τῷ
1280 4365 1570 4446 Ῥουὸεσᾶ
1588 4408 1774 4461 φησιν,
1807 4393 1884 4458 ὡς

296 4471 398 4524 τὸν
441 4468 710 4538 σκώληκα
747 4472 989 4541 σημῆναι
1034 4475 1125 4527 τὸν
1155 4477 1248 4529 τοῦ
1279 4477 1625 4550 Σολομῶντος
1655 4480 1885 4538 θάνατον

1985 3312 2050 3353 ενι
2103 3297 2225 3367 igne
2271 3307 2523 3350 constare
2549 3294 2778 3365 putavit.
2815 3295 2889 3349 De
2933 3294 3131 3348 fabulis
3160 3307 3291 3350 vero
3323 3305 3378 3346 et
3421 3310 3546 3361 prn-

1985 3387 2166 3457 digiis,
2191 3401 2310 3455 qua
2334 3386 2644 3456 prodigiose
2697 3385 2869 3440 edidit
2896 3383 3162 3452 dixitque,
3190 3398 3218 3436 a
3245 3385 3546 3439 vetularum

1984 3477 2323 3534 ebriosarum
2375 3475 2746 3530 deliramentis
2795 3475 2930 3530 nihil
2967 3474 3372 3539 dill'ercntilius,
3411 3473 3542 3542 quid

1986 3570 2146 3641 plura
2179 3569 2363 3623 dicere
2389 3581 2528 3637 opus
2565 3567 2684 3620 est?

2057 3660 2146 3716 15.
2181 3658 2322 3713 Dicit
2345 3658 2491 3713 enim
2540 3657 2594 3712 in
2646 3657 2825 3727 capite
2853 3657 3050 3722 Emele,
3083 3655 3252 3726 quod,
3300 3655 3346 3710 si
3382 3656 3552 3710 inter-

1987 3753 2242 3822 preteris,
2293 3766 2528 3816 muscam
2577 3749 2866 3818 signiﬁcat,
2904 3748 3252 3803 Salomonem
3294 3761 3548 3816 magnum

1987 3841 2326 3911 angelorum,
2347 3839 2633 3894 hominum
2659 3847 2714 3893 et
2742 3840 3026 3892 brutorum
3050 3837 3365 3891 animalium
3394 3852 3552 3891 exer-

1989 3933 2160 3987 citum
2193 3932 2496 4003 collegisse.
2527 3931 2630 3997 Qui
2679 3930 2731 3984 in
2760 3929 3162 3999 expeditionem
3193 3928 3418 3998 egressi.
3471 3929 3552 3980 in—

1989 4035 2203 4094 gentem
2233 4038 2331 4079 ceu
2382 4019 2943 4077 muscarum-ﬂuvium
2995 4020 3351 4084 invenerunt;
3385 4018 3553 4073 dixit-

1987 4131 2096 4186 que
2151 4131 2358 4179 musca,
2390 4115 2435 4170 0
2474 4127 2698 4176 ιιιιιεοτε,
2754 4111 3097 4182 ingredimini
3147 4126 3242 4166 vos
3289 4112 3343 4165 in
3396 4120 3553 4165 antra

1989 4216 2194 4270 vestra,
2225 4220 2292 4260 ne
2318 4219 2414 4260 vos
2457 4205 2651 4273 perdat
2680 4201 2938 4259 Solomon
2989 4210 3044 4256 et
3068 4201 3220 4257 illius
3247 4203 3544 4257 exercitus.

1991 4297 2060 4351 Et
2094 4311 2279 4351 musca
2319 4294 2572 4350 subrisit.

2065 4387 2152 4440 14.
2186 4388 2416 4456 Insuper
2452 4387 2504 4440 in
2537 4387 2718 4456 capite
2762 4385 2962 4439 Rubesa
2995 4383 3149 4450 dicit,
3190 4381 3552 4437 vermiculum

1993 4478 2284 4549 quemdam
2311 4477 2653 4533 daemonibus
2681 4477 2989 4534 Salomonis
3015 4484 3245 4531 mortem
3267 4475 3558 4529 denuntia-

298 4565 424 4625 τοῖς
469 4561 740 4627 δαίμοσιν,
769 4563 896 4616 ἔνθα
924 4567 1087 4635 φησιν
1121 4568 1151 4632 ἠ
1177 4566 1436 4637 ἐξήγησις
1458 4571 1541 4624 ὅτι
1571 4571 1599 4620 ὁ
1637 4573 1874 4641 Σολομῶι

1993 4571 2178 4626 vissc:
2223 4570 2380 4639 cujus
2411 4569 2491 4623 rei
2534 4569 2778 4624 narratio
2827 4569 2948 4622 talis
2977 4578 3079 4623 cst.
3125 4566 3260 4621 Cum
3299 4564 3554 4618 Salomon

300 4653 737 4724 ἐπερειδόμενος
767 4657 830 4725 τῇ
883 4655 1076 4709 ἑαυτοῦ
1133 4657 1425 4730 βακτηρίᾳ,
1481 4661 1586 4715 ὑπὸ
1620 4663 1874 4734 τοσαύτης

1993 4661 2234 4746 scipioni.
2263 4677 2362 4717 suo
2394 4661 2748 4726 inniteretur,
2787 4669 2938 4715 tanto
2966 4669 3190 4728 repente
3221 4659 3404 4712 dolore
3434 4671 3558 4710 cor-

302 4747 485 4812 ἂφνω
515 4745 806 4815 συνεσχέθη
835 4746 1049 4816 ὀδύνης,
1089 4749 1162 4810 ὡς
1189 4751 1530 4821 παραχρῆμα
1567 4754 1868 4808 ἐκπνεῦσαι

1994 4761 2182 4822 reptus
2211 4745 2317 4817 est,
2365 4761 2428 4806 ut
2455 4751 2745 4806 confestim
2791 4751 3128 4818 ex5piraret;
3162 4747 3346 4802 divino
3378 4756 3555 4799 tamen

307 4839 459 4907 θείῳ
499 4836 556 4888 δὲ
605 4836 844 4904 θαύματι
893 4839 952 4889 οὑ
987 4840 1304 4894 κατέπεσεν.
1358 4842 1422 4894 Οί
1472 4843 1528 4895 δὲ
1555 4843 1732 4914 τούτῳ
1773 4845 1894 4898 δου-

303 4928 579 4987 λεύοντες
641 4927 892 4997 δαίμονες
941 4929 1177 5000 δρῶντες
1233 4931 1391 4984 αὑτὸν
1437 4933 1646 4986 ἑστῶτα
1684 4934 1892 5000 οὑτως,

303 5019 580 5089 ἐνόμιζον
616 5019 752 5090 ζῇν.
784 5019 1035 5090 Ἀνεδόθη
1084 5022 1141 5074 δέ
1177 5039 1258 5084 τις
1309 5024 1527 5094 σκώληξ
1561 5026 1624 5077 ὲκ
1657 5026 1759 5094 τῆς
1792 5029 1894 5096 γῆς

305 5108 612 5176 διαφαγὼν
634 5108 734 5178 τὴν
760 5109 1015 5176 τοιαύτην
1046 5111 1374 5180 βακτηρίαν,
1407 5107 1474 5184 ἧς
1511 5115 1874 5184 συντριϐείσης

2001 5117 2124 5174 mis,
2160 5113 2456 5183 scipionem
2485 5113 2630 5166 illius
2653 5112 2955 5166 arrodens:
2983 5125 3092 5179 quo
3117 5108 3278 5164 simul
3314 5123 3558 5166 cor-roso.

311 5200 634 5252 κατέπεσεν
663 5201 690 5250 6
738 5199 1008 5268 Σολομῶν.
1059 5203 1118 5253 Oi
1176 5201 1232 5253 δὲ
1263 5201 1521 5272 δαίμονες
1568 5206 1870 5277 δραμόντες

2001 5207 2254 5263 Salomon
2308 5205 2566 5260 concidit.
2607 5206 2890 5260 Daemones
2914 5219 3044 5260 vero
3090 5211 3460 5264 accurrentes,
3504 5211 3562 5254 ut

309 5295 577 5360 ἔγνωσαν
604 5292 765 5344 αὑτὸν
793 5292 1129 5362 τεθνηκέναι,
1158 5298 1252 5347 καὶ
1274 5294 1456 5348 ἔκτοτε
1487 5297 1724 5366 ἤρξαντο
1754 5299 1874 5352 κατέ

1999 5314 2125 5354 eum
2176 5297 2376 5352 obiisse
2421 5306 2815 5368 cognoverunt,
2855 5311 2916 5351 ex
2965 5311 3031 5350 eo
3068 5307 3312 5364 tempore
3351 5294 3567 5348 cunctis

313 5387 519 5436 πᾶσαν
579 5382 758 5436 αὐτῶν
799 5386 896 5454 τὴν
947 5383 1177 5454 δύναμιν
1208 5385 1465 5456 βλάπτειν
1508 5388 1632 5452 τοὺς
1686 5390 1874 5460 ἀνθρώ

2004 5393 2118 5444 suis
2145 5389 2354 5444 viribus
2384 5388 2621 5444 humano
2649 5389 2830 5458 generi
2858 5403 3057 5444 nocere
3096 5394 3400 5457 coeperunt.

310 5491 490 5537 πους.

1997 4943 2080 4988 tes
2102 4935 2394 4994 daemones,
2431 4947 2554 4985 cum
2585 4931 2736 4983 illum
2763 4931 3005 4992 siestare
3034 4937 3344 4989 cernerent,
3372 4926 3556 4978 vivere

1997 5024 2179 5079 adhuc
2207 5023 2455 5077 arbitrati
2492 5032 2640 5076 sunt.
2683 5021 2964 5089 Prorepsit
2998 5028 3178 5073 autem
3212 5035 3241 5073 e
3275 5027 3416 5071 terra
3446 5033 3561 5070 ver.

398 5660 450 5690 ²¹
491 5658 635 5713 Psal.
678 5670 792 5720 cui,
834 5658 886 5710 4.

1994 4842 2230 4908 quodam
2255 4842 2516 4895 miraculo
2541 4857 2647 4895 non
2678 4839 2906 4894 corruit.
2933 4839 3070 4892 Huic
3095 4852 3224 4891 vero
3248 4836 3561 4889 ministran-
3663 4898 3667 4902 _
