3928 6212
371 181 474 245 633

1347 178 1644 269 coxriiA
1686 214 2167 278 immutarem
2215 221 2498 285 ORATIO
2543 228 2621 288 ll.
2759 251 2809 290 ρ

3493 240 3600 303 634

367 301 466 414 τὸν
513 305 771 408 Χριστὸν,
799 309 858 362 ὃν
898 313 974 414 ως
1013 315 1144 370 Θεὸν
1201 329 1575 392 προσκυνεῖτε,
1616 327 1697 381 ὅτι
1730 327 1904 397 ηὔχετι

2031 347 2126 385 vos
2163 335 2261 402 ipsi
2317 340 2398 392 vel
2440 342 2688 396 nolentes
2744 343 2820 396 rei
2851 359 2971 399 esse
2997 346 3594 414 deprehendimini.-Si

371 394 509 489 dare?
541 395 646 450 τῶν
681 401 1057 470 σταυρούντων
1095 409 1400 477 αὑτόνςἚν
1419 409 1462 482 ᾧ
1489 416 1596 486 γάρ
1625 394 1928 489 ἐγκλήματι

367 487 516 556 ἡμᾶς
558 490 860 559 ἐγκαλεῖτε,
911 497 970 548 ὲν
1013 498 1162 571 αὑτῷ
1211 505 1306 557 καὶ
1351 507 1426 576 μὴ
1475 487 1928 577 βουλόμενοιίεῦ-

369 579 624 671 ρίσκεσθε
668 583 762 635 καὶ
810 585 966 654 ὑμεῖς
1007 591 1375 661 ἁλισκόμενοι.
1410 597 1477 650 Ei
1518 599 1617 667 μὲν
1656 599 1764 671 γάρ
1793 599 1928 664 Θεός

365 667 513 720 ἐστιν
535 671 564 722 6
593 671 848 740 Χριστὸς,
879 676 956 740 ὡς
981 680 1138 750 ὑμεῖς
1166 685 1370 753 λέγετε,
1406 689 1520 746 πῶς
1543 692 1604 744 οὗ
1635 667 1756 744 κατι
1782 692 1927 756 ἐξου-

365 760 489 815 σίαν
517 763 709 832 ἀφίησι
745 767 814 820 τά
842 769 948 824 τῶν
983 776 1361 840 σταυρούντων
1393 780 1747 851 ὲγκλήματα;
1787 784 1846 836 Εἰ
1877 785 1923 837 δ’

361 853 461 905 οὐκ
492 853 608 909 ἔστι
642 857 796 920 Θεὸς,
835 860 952 924 πῶς
987 863 1063 926 ὡς
1090 865 1220 919 Θεὸν
1251 875 1599 938 προσκυνεῖτε
1629 874 1822 940 αὐτόν’;
1860 876 1922 930 Εἰ

359 939 416 992 δὲ
449 941 581 1004 Θεὸς
616 944 718 1013 μὲν
748 947 896 1002 ἐστιν
924 941 1100 1015 οὗτος,
1138 953 1450 1023 εὑρίσκεται
1479 959 1534 1011 δὲ
1567 939 1920 1029 παρακαλῶν,

356 1029 432 1093 ὡς
453 1031 618 1097 ἔοικε,
654 1035 744 1089 καὶ
766 1036 927 1103 αὐτὸς
954 1041 1144 1110 ἐτέρου
1182 1044 1314 1098 Θεοῦ
1343 1047 1521 1102 δέεται
1555 1038 1803 1117 μείζονος
1819 1054 1921 1106 αὐ⁴

359 1124 476 1178 τοῦ.
525 1124 654 1180 Ἰδοὺ
684 1127 817 1195 γοῦν
849 1133 942 1184 καὶ
974 1135 1115 1187 κατὰ
1150 1136 1209 1188 σὲ
1252 1137 1452 1204 μείζων
1485 1141 1613 1202 Θεὸς
1649 1144 1744 1196 καὶ
1763 1144 1922 1198 ἐλάτ-

357 1229 486 1268 των.
539 1215 912 1271 ’Δκουέτωσαν
958 1222 1136 1275 τοίνυν
1176 1229 1412 1291 συνετῶς
1455 1231 1504 1283 oi
1553 1231 1650 1300 τὴν
1689 1234 1918 1287 ἀτοπίαν

354 1302 560 1370 ταίτην
589 1306 668 1368 είς
699 1309 862 1375 μέσον
885 1309 1160 1378 φέροντες.
1189 1315 1312 1378 Τοῖς
1333 1316 1649 1383 ἀποστόλοις
1673 1323 1916 1390 ὁΚύριος

355 1397 414 1446 ὲν
445 1395 524 1464 τῷ
561 1397 874 1480 Εὑαγγελίςρ
905 1399 1077 1466 οὕτως
1125 1405 1437 1474 εὑρίσκεται
1485 1410 1682 1478 λέγων,
1721 1431 1739 1464 ι
1790 1414 1915 1468 Ἐπὶ

2030 423 2176 477 enim
2227 425 2502 490 Christus.
2525 431 2678 497 juxta
2704 443 2940 498 vestram
2961 437 3310 499 sententiam,
3330 438 3473 492 Deus
3491 452 3592 505 est,

2027 528 2194 581 quare
2239 531 2344 570 non
2379 519 2550 574 libere
2577 530 2632 574 et
2662 523 2882 589 pr0prio
2925 525 3048 592 jure
3076 527 3505 595 cruciﬁgentium
3536 544 3597 583 se

2027 605 2288 660 delictare
2310 610 2495 662 misit?
2520 611 2674 675 Quod
2703 615 2746 666 si
2779 613 2920 668 Deus
2944 631 3050 669 non
3076 624 3180 676 est,
3198 633 3296 671 cur
3320 619 3469 671 illum
3494 634 3593 673 ceu

2027 689 2196 744 Deum
2219 691 2493 746 adoratis?
2517 695 2571 747 Si
2597 704 2778 748 autem
2804 697 2894 750 ille
2931 698 3074 751 lleus
3091 709 3193 761 est,
3224 710 3280 754 et
3313 702 3593 755 nihilomi-

2026 795 2148 844 nus,
2175 789 2234 834 ut
2264 781 2447 836 videre
2472 782 2618 846 licet,
2643 800 2801 838 orare
2839 786 3292 854 deprehenditur,
3313 790 3418 844 alio
3441 802 3590 845 certe

2025 868 2137 922 Deo
2184 885 2242 924 se
2277 872 2483 941 majore
2535 873 2698 928 habet
2731 890 2886 940 opus.
2935 877 3012 930 En
3066 877 3233 946 igitur
3257 880 3408 949 juxta
3442 891 3588 935 tuam

2023 974 2246 1034 quoque
2291 961 2606 1029 opinionem
2663 963 2802 1016 Deus
2833 968 3002 1034 major
3048 975 3104 1020 et
3134 967 3312 1022 minor
3339 979 3444 1052 est5
3473 971 3587 1024 Au-

2022 1049 2171 1102 diant
2205 1064 2333 1104 vero
2367 1065 2515 1104 nunc
2561 1052 2884 1120 diligenter,
2937 1056 3031 1123 qui
3065 1057 3200 1111 hanc
3231 1049 3585 1126 quaestionem

2024 1148 2265 1194 movent.
2305 1139 2566 1194 Dominus
2619 1141 2672 1194 in
2718 1141 3008 1210 Evangelio
3041 1146 3302 1212 apostolis
3348 1147 3430 1199 sic
3474 1148 3582 1200 ait:

2028 1247 2045 1278 ι
2077 1229 2134 1282 ln
2169 1230 2424 1284 cathedra
2462 1230 2630 1285 Mosis
2665 1233 2924 1287 sederunt
2961 1234 3166 1290 Scribae
3198 1225 3536 1291 et'Pharisaei
3566 1255 3580 1300 ;

2018 1320 2199 1374 omnia
2229 1320 2396 1389 igitur
2425 1337 2543 1389 qua:
2575 1337 2668 1376 vos
2689 1323 2952 1392 jusserint
2984 1341 3218 1388 servare,
3263 1336 3494 1390 servate,
3526 1339 3582 1380 et

2017 1410 2180 1466 facite
2209 1412 2333 1474 illa;
2387 1413 2688 1467 secundum
2736 1430 2902 1484 opera
2932 1426 3113 1469 autem
3156 1417 3372 1470 illorum
3408 1433 3475 1471 ne
3507 1419 3584 1472 fe-

351 1484 448 1552 τῆς
486 1486 724 1548 Μωσέως
763 1489 1030 1561 καθέδρας
1063 1493 1320 1549 ἐκάθισαν
1347 1501 1396 1552 οἱ
1429 1500 1782 1570 Γραμματεῖς
1822 1504 1904 1558 καἸ

2016 1501 2244 1568 ceritis;
2298 1502 2490 1557 dicunt
2533 1503 2702 1568 enim,
2755 1514 2806 1557 et
2841 1521 2948 1558 non
2999 1506 3276 1561 faciunt“.
3308 1507 3578 1573 Quidnam

323 1575 398 1641 _o£
428 1577 729 1646 Φαρισαῖοι.
758 1581 938 1635 Πάντα
965 1580 1056 1638 οὖν
1077 1587 1175 1640 ὃσα
1209 1588 1336 1657 ὑμῖν
1368 1591 1560 1646 εἴπωσι
1589 1597 1794 1664 τηρεῖν,
1821 1613 1904 1664 τη-

2018 1593 2133 1646 hzec
2161 1593 2324 1647 verba
2357 1593 2632 1648 innuunt?
2665 1595 2776 1649 Non
2809 1596 2956 1649 aliud
2998 1613 3160 1665 quam
3196 1571 3347 1668 quod
3375 1597 3580 1653 Scriba:

350 1666 497 1732 ρεῖτε
535 1667 632 1720 καὶ
670 1673 892 1732 ποιεῖτε,
924 1674 1064 1727 κατὰ
1102 1676 1158 1729 δὲ
1197 1677 1265 1730 τὰ
1303 1680 1436 1749 ἔργα
1470 1683 1646 1737 αὐτῶν
1689 1685 1762 1756 μὴ
1792 1703 1907 1740 ποι·

345 1760 482 1811 εἴτε·
503 1760 723 1826 λέγουσι
753 1764 886 1835 γάρ,
905 1769 1010 1830 διαὶ
1031 1769 1092 1822 οὗ
1126 1771 1486 1844 ποιοῦσι.›ίΤί
1503 1776 1786 1847 δηλοῦντος
1817 1779 1912 1832 τοῦ

348 1850 551 1917 λόγους
586 1853 750 1905 Οὐδὲν
775 1855 965 1928 ἕτερον
995 1858 1026 1928 ἢ
1058 1862 1140 1914 ὅτι
1180 1861 1405 1932 ὀνόματι
1446 1867 1544 1934 μὲν
1578 1869 1724 1936 μόνῳ
1758 1869 1909 1940 εὑρί-

349 1959 570 1996 σκονται
612 1945 915 2002 διδάσκαλοι
941 1951 1000 2004 οἵ
1036 1969 1092 2004 τε
1121 1953 1401 2024 Φαρισαῖοι
1434 1961 1529 2011 καὶ
1562 1960 1610 2012 οἱ
1637 1960 1911 2032 Γραμμα-

344 2037 476 2097 τεῖς,
514 2036 660 2106 ἔργῳ
687 2038 742 2090 δὲ
772 2040 1015 2108 οὐδαμῶ,
1040 2059 1054 2072 ο
1082 2045 1110 2096 6
1137 2045 1193 2098 δὲ
1211 2047 1444 2116 Χριστὸς
1467 2049 1611 2118 ἔργῳ
1659 2051 1754 2114 τὰς
1784 2055 1910 2121 ἀρε·

345 2123 443 2182 τὰς
467 2122 734 2178 ἐδίδασκε.
771 2127 878 2178 Καὶ
907 2130 1036 2180 ποτὲ
1073 2129 1172 2198 μὲν
1203 2133 1450 2201 φαίνεται
1478 2136 1691 2204 πρῶτον
1716 2139 1902 2202 ποιῶν,

349 2209 462 2264 εἶτα
487 2213 774 2279 διδάσκων,
796 2218 924 2270 ποτὲ
941 2219 995 2272 δὲ
1026 2221 1303 2288 πράττων,
1335 2226 1428 2278 καὶ
1452 2227 1640 2280 ἀσκῶν
1669 2232 1903 2298 σιωπὴν,

353 2303 479 2371 ὅπερ
501 2306 594 2356 καὶ
622 2297 751 2358 αὐτὶ)
781 2307 842 2376 δὴ
865 2309 923 2362 τὸ
952 2313 1162 2381 σιωπᾷν
1184 2314 1346 2384 ἑτέρα
1373 2332 1456 2379 τις
1478 2317 1792 2371 διδασκαλία
1812 2297 1900 2390 ἦν.

357 2393 458 2444 Καὶ
490 2395 614 2448 ποτὲ
665 2397 764 2466 μὲν
802 2398 985 2466 ἔλεγον
1018 2403 1099 2456 ὅτι
1133 2421 1153 2455 ι
1187 2403 1470 2474 Λαμψάτω
1505 2410 1566 2460 τὸ
1607 2409 1719 2476 φῶς
1751 2409 1904 2478 ὑμῶν

346 2479 647 2551 ἔμπροσθεν
685 2486 793 2538 τῶν
822 2486 1146 2557 ἀνθρώπων,
1183 2491 1268 2546 ῐνα
1301 2491 1451 2547 ἴδωσι
1479 2498 1546 2548 τά
1575 2496 1715 2550 καλά
1747 2497 1903 2566 ὑμῶν

336 2569 492 2640 ἔργα,
523 2576 616 2628 καὶ
641 2576 901 2640 δοξάσωσι
933 2582 1024 2632 τὸν
1044 2582 1260 2651 Πατέρα
1290 2585 1442 2654 ὑμῶν
1466 2587 1555 2640 τὸν
1587 2589 1643 2639 ὲν
1674 2589 1783 2651 τοῖς
1814 2590 1902 2643 οὐ·

335 2666 554 2729 ρανοῖς·
596 2681 614 2714 ι
651 2665 778 2718 ποτὲ
811 2666 890 2729 δὲ,
917 2669 998 2720 ὅτι
1036 2687 1053 2720 ι
1095 2669 1186 2738 Μὴ
1216 2671 1408 2738 γνώτω
1443 2675 1474 2743 ἡ
1509 2677 1770 2745 ἀριστερὰ
1795 2681 1898 2749 τῆς

332 2752 516 2820 δεξιᾶς
548 2757 606 2807 τὸ
636 2755 813 2825 ἔργον.
857 2775 876 2807 ι
915 2757 1070 2810 Μετά
1098 2760 1205 2827 γάρ
1238 2760 1298 2812 τὸ
1348 2761 1557 2826 διδάξαι
1604 2766 1696 2816 καὶ
1726 2767 1899 2818 εἰπεῖν

2012 1692 2070 1738 et
2111 1685 2362 1740 Pharisaei
2399 1687 2518 1741 solo
2547 1687 2768 1742 nomine
2797 1688 3049 1742 doctores
3073 1689 3200 1753 sint,
3241 1690 3417 1759 reipsa
3448 1706 3578 1745 vero

2013 1790 2378 1844 nequaquam.
2422 1775 2678 1832 Christus
2709 1787 2888 1832 autem
2923 1779 3184 1848 operibus
3215 1796 3430 1851 quoque
3462 1783 3574 1834 vir-

2015 1873 2154 1920 tntcs
2189 1865 2409 1932 docuit;
2451 1875 2506 1918 et
2537 1882 2925 1937 nonnunquam
2966 1868 3216 1924 Christus
3262 1870 3438 1925 facere
3476 1871 3576 1926 ali-

2011 1955 2141 2025 quid
2179 1959 2354 2025 prius,
2401 1958 2598 2012 deinde
2649 1958 2848 2014 docere
2890 1962 3227 2029 conspicitur
3253 2003 3267 2026 ,
3319 1977 3576 2016 nonnun—

2008 2063 2171 2114 quam
2208 2064 2338 2101 vero
2365 2047 2564 2114 facere,
2600 2063 2655 2105 et
2684 2052 2886 2106 silere:
2931 2053 3067 2107 adeo
3099 2062 3239 2108 utet
3289 2053 3466 2122 ipsum
3496 2053 3570 2108 si-

2010 2137 2233 2192 lentium
2281 2139 2510 2193 alterius
2538 2143 2804 2196 doctrinae
2848 2143 3032 2197 locum
3063 2145 3332 2212 suppleat.
3370 2145 3432 2198 Et
3466 2145 3568 2197 ali-
3596 2169 3607 2182 -

2006 2229 2222 2293 quando
2249 2230 2470 2296 quidem
2493 2231 2746 2286 dicebat:
2787 2251 2804 2283 ι
2835 2232 3036 2286 Luceat
3064 2234 3155 2287 lux
3180 2242 3358 2288 vestra
3383 2249 3564 2288 coram

2006 2317 2346 2380 hominibus,
2373 2328 2434 2372 ut
2462 2319 2684 2374 videant
2713 2337 2880 2390 opera
2915 2331 3094 2377 vestra
3126 2323 3287 2386 bona,
3319 2333 3374 2377 et
3401 2324 3566 2393 glori-

2003 2408 2168 2463 ﬁcent
2217 2411 2432 2465 Patrem
2484 2422 2726 2466 vestrum
2771 2413 2864 2482 qui
2912 2399 2988 2465 in.
3018 2413 3170 2467 cmlis
3201 2415 3350 2468 est".
3384 2434 3403 2466 ι
3446 2414 3565 2468 Ali-

2002 2500 2222 2570 quando
2266 2515 2397 2556 vero
2423 2516 2649 2556 rursus:
2680 2522 2698 2554 ι
2727 2501 2846 2557 Non
2867 2502 3002 2557 sciat
3035 2504 3255 2558 sinistra
3291 2515 3405 2568 tua,
3432 2504 3561 2574 quid

2000 2593 2167 2647 l'aciat
2219 2591 2442 2646 dextera
2474 2592 2640 2646 tua".
2675 2611 2693 2643 ι
2732 2593 2878 2646 lntcr
2911 2593 3216 2648 docendum
3243 2596 3409 2659 enim,
3438 2611 3562 2648 curn

2001 2684 2154 2747 dicit,
2209 2703 2226 2734 ι
2259 2683 2315 2736 Si
2352 2683 2475 2752 quis
2530 2692 2581 2736 te
2613 2683 2857 2752 adegerit
2885 2683 2952 2737 ad
2987 2676 3218 2738 milliare
3250 2701 3441 2748 unum,
3473 2686 3561 2740 abi

2001 2790 2125 2830 cum
2160 2788 2227 2829 eo
2260 2774 2406 2839 duo;
2439 2781 2494 2827 et
2531 2774 2732 2828 volenti
2769 2769 3005 2828 tunic'am
3038 2783 3183 2830 tuam
3211 2776 3452 2839 auferre,
3480 2775 3563 2830 di-

328 2845 413 2897 ὅτι
453 2865 471 2895 ι
519 2846 643 2898 Ἐάν
671 2846 755 2909 τίς
801 2865 857 2900 σε
898 2848 1214 2920 ἁγγαρεύσῃ
1250 2850 1423 2917 μίλιον
1452 2851 1530 2917 ἓν,
1562 2851 1735 2921 ὕπαγε
1776 2855 1892 2924 μετ’

2007 2867 2155 2921 mitte
2177 2866 2342 2921 etiam
2368 2865 2628 2934 pallium;
2652 2876 2706 2918 et
2741 2866 3064 2934 percutienti
3097 2876 3146 2920 te
3182 2867 3235 2919 in
3262 2867 3557 2932 maxillam,

327 2935 498 2988 αὑτοῦ
533 2936 624 2988 δύο
650 2952 664 2965 ·
698 2938 791 2989 καὶ
827 2936 902 3006 τῷ
948 2937 1254 3010 βουλομένῳ
1284 2938 1413 3010 ἆραί
1440 2961 1530 2996 σου
1563 2945 1651 2997 τὸν
1671 2947 1892 3014 χιτῶνα,

324 3027 467 3095 ἄφες
502 3027 649 3092 αὐτῷ
678 3029 765 3079 καῖ
801 3029 860 3080 τὸ
894 3029 1128 3097 ἱμάτιον,
1156 3033 1247 3084 καὶ
1277 3034 1354 3101 τῷ
1386 3035 1682 3102 ῥαπίσαντί
1713 3053 1770 3088 σε
1804 3039 1896 3090 ἐπὶ

322 3116 426 3185 τὴν
467 3119 726 3183 σιαγόνα,
769 3120 996 3188 στρέψον
1026 3122 1173 3190 αὐτῷ
1215 3127 1308 3177 καὶ
1353 3126 1452 3192 τὴν
1484 3128 1696 3196 ἑτέραν.
1729 3147 1746 3180 ι
1786 3130 1893 3181 Kal.

318 3207 497 3260 τᾶλλα
534 3211 730 3272 πάντα,
762 3208 904 3278 άπερ
934 3211 1020 3264 διὰ
1048 3213 1106 3263 τὸ
1130 3214 1334 3282 πλῆθος
1365 3217 1622 3286 παρίημι.
1653 3219 1784 3272 Τότε
1814 3215 1892 3272 εἷ-

322 3313 430 3348 πεν
479 3297 657 3358 αὐτοῖς
688 3298 767 3350 ὅτι
805 3317 822 3348 ι
869 3300 992 3350 Ἐὰν
1024 3303 1270 3367 ἀγαπᾶτε
1302 3304 1430 3367 τοὺς
1476 3307 1661 3372 φίλους
1709 3307 1889 3376 ὑμῶν,

318 3386 458 3440 ποία
489 3389 616 3454 ὑμῖν
644 3389 798 3456 χάρις
819 3389 934 3442 ἐστί
960 3406 978 3456 ;
1005 3393 1096 3444 καὶ
1125 3395 1220 3446 ἐὰν
1246 3395 1529 3463 δανείζητε
1553 3398 1680 3464 παρ’
1709 3390 1783 3451 ὧν
1807 3399 1893 3451 ὲλ-

317 3477 512 3538 πίζετε
545 3477 855 3542 ἁπολ;.6εἰν,
892 3482 1020 3533 ποία
1045 3483 1172 3552 ὑμῖν
1203 3485 1363 3553 χάρις
1393 3487 1568 3554 ἑστίη
1611 3488 1770 3541 Ἀλλά
1799 3489 1891 3541 δα-

317 3568 532 3629 νείζετε
562 3569 691 3638 παρ’
714 3564 788 3622 ὧν
813 3571 885 3640 μὴ
907 3572 1151 3635 ἐλπίζετε
1183 3576 1494 3643 ἀπολαϐεῖν,
1520 3578 1612 3631 καὶ
1638 3580 1889 3646 ἀγαπᾶτε

314 3663 452 3721 τοὺς
496 3659 725 3731 ἐχθροὺς
759 3663 930 3730 ὑμῶν,
962 3667 1054 3719 καὶ
1087 3665 1312 3736 εὔχεσθε
1347 3670 1486 3741 ὑπὲρ
1518 3671 1626 3724 τῶν
1655 3672 1892 3742 ἐπηρεα-

315 3752 527 3815 ζόντων
560 3753 724 3821 ὑμᾶς.
760 3772 778 3804 ι
799 3755 950 3807 Ἐπεὶ
983 3757 1112 3824 γοῦν
1137 3759 1204 3811 τά
1235 3759 1332 3827 μὲν
1362 3759 1496 3812 ἄλλα
1520 3763 1696 3814 πάντα
1720 3763 1891 3832 πράτ-

310 3860 429 3896 των
446 3843 715 3908 ἐδίδασκε,
731 3849 822 3898 καὶ
839 3848 1138 3914 αίπράξεις
1161 3850 1455 3920 ἐκήρυττον
1475 3853 1576 3922 τὴν
1596 3853 1850 3924 ἀλήθειαν
1870 3869 1884 3886 ·

312 3933 374 3984 τὺ
398 3934 448 3985 δ’
491 3936 710 4002 ἀγαπᾷν
744 3938 868 3998 τοὺς
899 3937 1127 4005 ἐχθροὺς
1154 3937 1296 4008 λόγῳ
1326 3942 1423 4010 μὲν
1450 3942 1742 4008 ἐδίδασκεν,
1769 3946 1801 4014 ἠ
1831 3945 1887 3998 δὲ

315 4025 523 4092 πρᾶξις
551 4025 832 4094 εὑρίσκετο
862 4027 943 4081 ἔτι
977 4032 1034 4080 ὲν
1061 4029 1137 4099 τῷ
1169 4033 1414 4102 κρυπτῷ.
1443 4037 1540 4087 καὶ
1570 4037 1887 4105 καταφανὴς

311 4116 410 4168 οὐκ
439 4117 681 4180 ἐγένετο.
726 4119 812 4169 Ἐν
837 4119 914 4188 τῷ
946 4121 1120 4191 καιρῷ
1143 4123 1238 4176 τοῦ
1293 4125 1496 4188 πάθους
1524 4127 1722 4196 ηὗχετο
1748 4129 1885 4198 ὑπὲρ

1996 2962 2221 3014 obvertc
2254 2965 2310 3011 ct
2347 2955 2622 3010 alteram”
2654 2973 2671 3004 ι
2709 2955 2944 3023 (aliaque
2974 2955 3175 3018 omnia,
3215 2970 3334 3023 quae
3365 2956 3559 3010 verbo-

1995 3049 2173 3104 sitatis
2203 3062 2365 3103 causa
2396 3045 2742 3114 omittimus),
2778 3055 2906 3099 tunc
2933 3045 3064 3099 dixit
3097 3046 3239 3100 illis:
3279 3067 3296 3100 ι
3324 3047 3478 3112 Quod
3510 3047 3556 3103 si
3652 3039 3656 3043 “

1996 3139 2300 3194 dilexeritis
2324 3137 2534 3191 amicos
2564 3146 2796 3199 vestros,
2845 3137 2990 3205 quod
3020 3145 3261 3192 vestrum
3297 3146 3380 3192 cst
3415 3153 3556 3207 pra:-

1995 3229 2210 3284 mium?
2243 3229 2305 3282 Et
2357 3228 2402 3282 si
2430 3236 2678 3280 mutuum
2714 3227 2974 3306 dederitis
3023 3227 3110 3281 his
3155 3243 3186 3281 a
3230 3227 3428 3296 quibus
3460 3242 3556 3280 vos

1993 3327 2307 3388 recepturos
2325 3332 2445 3371 esse
2472 3317 2724 3385 speratis.
2749 3317 3022 3385 quodnam
3053 3330 3295 3371 vestrum
3319 3327 3401 3372 est
3421 3333 3556 3385 pra:-

1995 3410 2200 3464 mium?
2255 3409 2394 3475 Quin
2443 3411 2624 3477 potius
2673 3417 2922 3463 mutuum
2956 3409 3080 3462 date
3113 3408 3240 3472 illis,
3292 3424 3321 3462 a
3351 3407 3553 3477 quibus

1991 3516 2088 3554 vos
2139 3516 2246 3553 non
2300 3508 2612 3567 reet-pturos
2657 3501 2928 3568 speratis:
2957 3509 3011 3552 et
3045 3500 3251 3568 diligite
3297 3499 3554 3554 inimicos

1990 3601 2224 3651 vestros,
2269 3598 2326 3643 ct
2368 3598 2519 3643 orate
2554 3605 2654 3658 pro
2697 3590 3108 3644 exsecrantibus
3155 3590 3323 3642 vos”.
3356 3608 3374 3640 ι
3413 3589 3547 3644 Cum

1992 3683 2154 3750 igitur
2183 3681 2392 3749 reliqua
2449 3682 2630 3734 omnia
2660 3681 2820 3735 etiam
2850 3680 3011 3734 factis
3034 3680 3328 3747 docuisset,
3353 3690 3407 3734 et
3433 3679 3548 3748 ipsa

1989 3773 2128 3826 facta
2155 3787 2342 3825 verum
2370 3771 2789 3837 annuntiarent;
2819 3788 3057 3826 amorem
3090 3779 3271 3824 autem
3302 3771 3550 3825 hostibus

1988 3863 2356 3918 exhibendum
2412 3864 2600 3918 verbis
2638 3864 3018 3918 tantummodo
3073 3862 3356 3928 docuerat,
3406 3863 3544 3917 facta

1989 3966 2168 4011 autem
2196 3955 2376 4011 adhuc
2409 3956 2665 4020 laterent,
2699 3971 2801 4010 nec
2836 3955 3124 4008 manifesta
3151 3963 3370 4021 essent;
3411 3963 3546 4008 tem-

1989 4063 2118 4116 pore
2146 4046 2413 4114 passionis
2434 4045 2608 4100 oravit
2637 4061 2734 4116 pro
2763 4045 3209 4114 cruciﬁgentibus
3239 4062 3317 4110 se,
3349 4056 3404 4100 et
3423 4062 3545 4115 qua:

1990 4138 2044 4190 in
2085 4138 2176 4190 illo
2208 4137 2413 4190 latebat
2441 4151 2566 4206 erga
2618 4137 2868 4192 inimicos
2897 4137 3156 4202 Charitas,
3188 4137 3240 4191 in
3268 4138 3442 4192 lucem
3484 4155 3543 4193 se

309 4207 421 4256 τῶν
452 4207 888 4273 σταυρωσάντων
911 4211 1094 4274 αὐτὸν,
1123 4215 1215 4264 καὶ
1246 4215 1278 4282 ἡ
1307 4217 1384 4277 είς
1405 4217 1531 4277 τοὺς
1556 4217 1780 4287 ἐχθροὺς
1803 4220 1884 4271 ἔν-

2007 4227 2232 4281 )ιιοῑυιίι.
2283 4226 2424 4292 Quin
2456 4239 2510 4282 et
2541 4226 2735 4282 beatus
2773 4228 2863 4282 ille
2897 4227 3072 4283 Lucas
3101 4230 3211 4297 regi
3238 4229 3543 4298 TheOphilo

309 4298 400 4349 δον
433 4297 629 4367 ἀγάπη
656 4299 754 4368 ἤδη
788 4302 864 4361 εἰς
890 4300 1004 4369 φῶς
1025 4303 1388 4374 παρελήλυθε.
1416 4307 1568 4358 Καὶὸ
1589 4309 1686 4372 μὲν
1707 4309 1882 4376 μακά-

2012 4319 2058 4372 ic
2114 4317 2246 4371 dicit
2294 4333 2363 4370 τι
2398 4315 2693 4386 Superiorc
2745 4317 2966 4386 quidem
3006 4320 3304 4383 volumine,
3356 4297 3408 4373 id
3457 4329 3542 4376 est

312 4405 426 4454 ριος
459 4388 674 4450 Λουκᾶς
701 4388 895 4452 οὑτωσί
926 4409 1057 4459 φησι
1081 4393 1156 4462 τῷ
1187 4393 1395 4463 βασιλεῖ
1425 4397 1687 4466 Θεοφίλῳ,
1723 4417 1740 4448 ι
1778 4397 1880 4451 Τὸν

2007 4406 2292 4475 lvangelio,
2347 4405 2586 4462 diximus
2632 4407 2699 4462 de
2749 4407 3005 4463 omnibus
3033 4425 3153 4478 quae
3184 4410 3347 4478 ccepit
3380 4410 3539 4464 Jesns

309 4484 408 4547 μὲν
441 4479 660 4548 πρῶτον
690 4480 843 4547 λόγον
875 4484 1240 4554 ἐποιησάμην,
1275 4488 1523 4540 τουτέστι
1551 4489 1609 4540 τὸ
1642 4488 1880 4557 Εὐαγγέ-

2013 4510 2100 4549 um
2118 4495 2321 4561 facere,
2343 4506 2456 4549 tum
2490 4495 2799 4550 docere".»
2820 4495 3030 4561 Quibus
3056 4498 3234 4552 verbis
3258 4514 3365 4552 non
3390 4498 3536 4551 aliud

303 4574 442 4636 λιον,
477 4573 604 4638 περὶ
628 4572 842 4624 πάντων
866 4566 938 4626 ὧν
972 4574 1172 4642 ἤρξατο
1196 4579 1223 4628 6
1268 4577 1474 4645 Ἰησοῦς
1505 4583 1678 4632 ποιεῖν
1700 4597 1757 4633 τε
1783 4583 1876 4635 καὶ

2007 4585 2174 4650 nnuit,
2229 4601 2392 4653 quam
2441 4586 2582 4653 quod
2625 4586 2902 4640 Christum
2953 4604 2982 4640 a
3013 4588 3174 4641 stulte
3219 4588 3534 4643 docentium

301 4661 604 4722 διδάσκειν,
633 4678 654 4711 ι
682 4663 894 4726 πάντως
924 4665 1075 4717 οὐδὲν
1088 4666 1339 4738 ἓτερον,ἣ
1361 4670 1633 4724 ἐκϐάλλων
1658 4670 1746 4722 τὸν
1765 4672 1873 4723 Κύ-

2007 4676 2288 4730 ‘icribaruni
2325 4687 2379 4730 et
2425 4677 2821 4732 Pharisaeorum
2879 4679 3236 4733 similitudine
3296 4689 3530 4748 separat,

310 4771 427 4821 pmv
465 4754 530 4804 ὲκ
565 4753 665 4820 τῆς
709 4756 1024 4824 ὁμοιότητος
1067 4758 1174 4809 τῶν
1223 4760 1468 4826 ματαίων
1516 4763 1866 4829 διδασκάλων,

2009 4777 2026 4819 ι
2069 4769 2306 4822 ostendit
2344 4769 2487 4825 hunc
2535 4771 2809 4825 doctorem
2873 4786 3082 4834 verum,
3119 4771 3211 4839 qui
3263 4772 3406 4824 dicat
3457 4773 3530 4824 si-

301 4845 413 4894 τῶν
458 4858 518 4894 τε
549 4843 859 4911 Φαρισαίων
901 4847 992 4898 καὶ
1030 4849 1426 4917 Γραμματὲων,
1460 4855 1554 4906 καὶ
1604 4855 1863 4910 δεικνύων

2007 4857 2080 4908 iul
2113 4865 2172 4909 et
2196 4857 2377 4921 faciat,
2427 4859 2518 4927 qui
2560 4859 2720 4912 faciat
2752 4868 2807 4913 et
2839 4860 3050 4914 doceat.
3091 4859 3276 4913 Oravit
3307 4859 3526 4928 quidem

303 4935 474 4986 αὐτὸν
521 4934 690 4998 ὅντως
722 4937 892 5006 ἀληΘῆ
927 4939 1262 5001 διδάσκαλον,
1297 4944 1522 5008 λέγοντα
1569 4946 1659 4997 καὶ
1703 4947 1895 5017 πράττ-

2016 4948 2219 5002 hristus
2248 4965 2345 5018 pro
2377 4949 2462 5003 his
2483 4950 2576 5018 qui
2608 4951 3000 5018 cruciﬁgebant
3025 4965 3102 5013 se,
3131 4951 3224 5004 sed
3260 4959 3318 5003 ut
3339 4951 3522 5003 homo.

300 5039 470 5074 τοντα
495 5062 510 5084 ,
546 5026 639 5074 καὶ
673 5026 976 5092 apart-cvm
1009 5032 1100 5080 καὶ
1149 5029 1484 5085 διδάσκοντα.
1526 5032 1729 5097 Ηῦξατο
1770 5035 1864 5102 μὲν

2007 5039 2082 5090 on
2106 5040 2249 5092 enim
2273 5040 2440 5092 instar
2457 5041 2547 5093 Dei
2564 5041 2680 5094 sine
2695 5057 2924 5110 corpore
2940 5043 2992 5095 in
3011 5043 3171 5096 terris
3189 5044 3523 5106 versabatur,

303 5105 398 5160 οὖν
433 5110 462 5160 6
503 5110 732 5179 Χριστὸς
775 5113 912 5182 ὑπὲρ
943 5114 1051 5165 τῶν
1083 5120 1508 5185 σταυρωσάντων
1537 5121 1718 5182 αὐτὸν,
1753 5122 1864 5173 ἀλλ’

2007 5143 2144 5196 eque
2176 5137 2352 5182 tamen
2392 5129 2554 5184 homo
2584 5132 2783 5194 nudus,
2824 5141 2881 5184 ut
2919 5133 3201 5187 Ncstorius
3229 5145 3286 5189 et
3321 5149 3415 5187 vos
3443 5134 3526 5187 di-

300 5199 377 5261 ὡς
403 5199 706 5268 ἄνθρωπος.
734 5205 843 5273 Οὐχ
870 5204 942 5266 ὡς
974 5207 1104 5270 θεὸς
1135 5208 1241 5276 γὰρ
1269 5199 1394 5261 ἄνευ
1427 5208 1671 5277 σώματος
1697 5209 1863 5279 ἦνὲπὶ

2007 5212 2089 5272 er'e
2128 5219 2336 5284 soletis,
2387 5221 2480 5274 sed
2510 5221 2650 5274 Deus
2693 5231 2748 5275 et
2794 5223 2977 5278 homo.
3031 5225 3096 5278 Et
3125 5240 3270 5278 nunc
3303 5225 3522 5294 quidem

300 5292 402 5359 τῆς
434 5295 559 5360 γῆς,
586 5294 693 5346 οὐδ’
723 5295 1010 5363 ἄνθρωπος
1059 5298 1230 5366 ψιλὸς,
1267 5301 1341 5362 ὡς
1369 5304 1394 5352 6
1441 5301 1734 5370 Νεστόριος
1770 5305 1862 5357 καὶ

2007 5325 2069 5362 eu
2103 5309 2246 5363 Deus
2275 5311 2634 5380 operabatur,
2677 5323 2736 5367 ut
2775 5329 2898 5368 cum
2928 5314 3081 5379 dicit,
3120 5334 3138 5366 ι
3167 5292 3334 5382 Volo,
3359 5331 3520 5369 mun-

303 5379 465 5447 ὑμεῖς
500 5384 704 5452 λέγετε,
737 5387 872 5441 ἀλλά
896 5389 1024 5450 Θεὸς
1051 5407 1106 5442 τε
1141 5393 1232 5444 καὶ
1268 5391 1570 5462 ἄνθρωπος.
1602 5396 1705 5447 Καὶ
1735 5397 1862 5450 ποτὲ

2009 5416 2069 5454 us
2115 5401 2279 5469 sis;r
2333 5411 2407 5466 et,
2455 5420 2474 5452 ι
2504 5403 2880 5460 Rcmittuntur
2928 5407 3023 5461 tibi
3075 5403 3295 5476 peccata
3345 5417 3462 5470 tua,
3493 5428 3513 5461 ι

375 5497 430 5593 ’ἰ
465 5498 671 5593 λῆψι..
719 5522 879 5571 xxxii,
923 5506 985 5568 ‘2,
1028 5509 1077 5562 5.
1184 5512 1224 5540 ’⁷
1275 5510 1464 5565 Matth.
1503 5527 1555 5574 γ,
1601 5515 1681 5568 i6.
1787 5518 1827 5548 "
1866 5517 1904 5571 Μ

2007 5521 2049 5574 h.
2095 5537 2168 5587 Vl,
2209 5523 2263 5576 5.
2365 5523 2409 5553 ²⁹
2447 5522 2632 5580 Matth.
2674 5541 2729 5592 γ,
2768 5526 2951 5582 39—42.
3071 5530 3114 5560 ³ο
3150 5529 3284 5589 Ibid.
3326 5534 3517 5593 44-46.

305 5563 346 5596 ³⁵
393 5569 515 5622 A.t.
556 5589 605 5636 ι,
653 5574 701 5626 1.
