3928 6212
320 247 428 309 (τις
847 221 856 231 ’
1100 266 1147 310 ο

1475 256 1805 319 JUANNIS
1839 254 2366 317 CANTACUZENI
2404 244 2409 249 ’

3373 259 3564 322 ~cas

335 383 485 425 nunc
513 382 647 423 vero
673 383 771 424 ceu
806 368 952 424 Deus
1000 378 1055 423 et
1085 368 1271 434 homo,
1322 378 1383 425 ut
1432 385 1556 426 cum
1586 385 1788 429 ciccum
1822 379 1928 431 tc-,

2028 366 2103 420 ιέν
2133 369 2403 436 ἐπραττεν
2427 364 2502 433 ὥς
2532 367 2691 434 Θεὸς,
2718 367 2794 431 ὡς
2818 368 2949 423 ὅταν
2985 369 3165 438 ἐλεγε.
3199 389 3218 423 ι
3260 371 3430 438 Θέλω,
3468 391 3577 427 xa-

338 460 483 530 tigtt,
515 468 570 513 et
595 470 821 514 amatus
852 469 956 513 cst.
994 459 1059 514 Et
1088 461 1140 514 in
1177 462 1283 516 tilia
1315 463 1656 517 centurionis
1684 476 1782 531 per
1809 470 1896 517 at-

338 557 542 604 tactum
577 548 798 619 quidem
836 549 1085 604 ostendit
1106 566 1165 605 se
1197 552 1474 606 hominem
1505 569 1663 620 esse;
1713 570 1809 624 per
1838 553 1901 607 il-

335 636 431 694 lud
450 645 653 698 autem,
677 638 821 707 quod
841 637 993 701 dicit.
1024 640 1178 695 «Tibi
1205 642 1351 706 dico,
1379 644 1587 711 respice
1608 653 1662 698 et
1682 658 1896 712 surge,»

339 743 493 784 suam
548 728 721 797 ipsius
754 728 1096 784 divinitatem
1131 732 1449 786 declaravit.
1499 732 1901 803 Nonnunquam

340 830 472 873 vero
521 818 692 873 solam
746 833 901 873 suam
953 820 1348 875 humanitatem
1381 822 1805 890 demonstravit;
1844 833 1904 879 ut

339 922 465 961 cum
497 908 751 968 esurivit.
801 909 1092 973 laboravit,
1129 912 1278 966 flevit
1331 922 1556 983 propter
1612 913 1903 972 Lazarum.

342 996 623 1052 Perfectus
663 998 809 1053 enim
843 999 1007 1061 Deus,
1058 1009 1115 1055 et
1147 1001 1424 1070 perfectus
1478 1005 1644 1059 homo
1667 1014 1804 1059 erat.
1837 1004 1906 1060 Et

342 1089 801 1155 quemadmodum
848 1091 1024 1145 instar
1058 1091 1155 1146 Dei
1192 1093 1408 1162 propria
1469 1110 1567 1150 sua
1613 1104 1903 1166 potestate,

344 1195 684 1250 quaecunque
732 1182 949 1237 volebat
988 1192 1044 1237 et
1077 1183 1152 1237 illi
1204 1184 1416 1239 libitum
1467 1196 1606 1251 erat,
1635 1186 1903 1254 faciebat;

344 1272 425 1323 sic
449 1279 508 1324 ut
530 1272 714 1337 homo,
732 1274 913 1326 omnia
945 1274 1183 1329 humana
1208 1278 1459 1346 (excepto
1487 1286 1730 1345 peccato,
1761 1280 1906 1348 quod

346 1372 532 1417 sancta
563 1365 682 1433 ejus
734 1366 912 1418 anima
966 1382 1074 1420 non
1110 1370 1383 1437 cognovit,
1430 1378 1484 1423 et
1507 1370 1906 1439 aegritudinem,

346 1470 470 1523 qua:
499 1465 745 1510 sanctum
776 1456 924 1510 illius
947 1472 1143 1529 corpus
1164 1475 1273 1515 non
1302 1461 1505 1531 attigit)
1530 1478 1649 1531 quae
1674 1463 1910 1518 hominis

346 1551 498 1604 sunt,
519 1544 783 1612 suscepit.
810 1545 879 1599 Et
904 1546 1362 1621 quemadmodum
1389 1546 1592 1617 peccati
1621 1548 1908 1617 vestigium

350 1650 458 1686 non
490 1642 608 1687 erat
641 1636 694 1688 in
725 1644 908 1689 saneta
940 1636 1153 1690 Domini
1183 1638 1381 1702 anima,
1414 1637 1493 1692 sic
1519 1651 1621 1692 nec
1644 1637 1911 1707 a-gritudo

351 1724 406 1776 in
441 1736 631 1777 sancto
684 1724 830 1779 illius
877 1741 1126 1795 corpore.
1182 1726 1469 1781 Peccatum
1520 1727 1665 1781 enim
1703 1726 1911 1782 ordinis
1942 1699 1983 1756 Β

356 1815 595 1869 turbatio
629 1825 684 1871 et
714 1818 837 1871 boni
870 1818 1116 1872 defectus
1147 1828 1230 1872 est
1243 1835 1260 1881 ;
1288 1827 1343 1872 et
1373 1820 1663 1873 humerum
1699 1816 1913 1871 inordi-

355 1919 482 1961 nata
513 1907 784 1969 confusio,
811 1910 1172 1980 sanitatisque
1200 1910 1469 1973 delectus,
1494 1909 1780 1980 aegritudo.
1805 1906 1911 1963 Sed

279 2050 285 2056 .
354 1999 627 2063 quomodo
654 1999 977 2055 inordinata:
1005 2000 1347 2055 confusionis
1365 2007 1419 2055 et
1439 1999 1777 2070 aegritudinis
1798 2010 1916 2067 spe-

266 2130 269 2131 ν
353 2090 467 2143 (-ics
502 2090 557 2143 in
582 2087 815 2158 corpore
848 2090 1087 2146 creantis
1126 2091 1396 2155 ordinem,
1425 2089 1674 2144 morbum
1721 2096 1774 2143 et
1798 2101 1911 2142 om-

292 2186 305 2199 ‘
357 2197 479 2235 nem
512 2181 883 2235 infirmitatem
908 2183 1157 2236 sanantis
1183 2180 1631 2260 conspiceretur?
1660 2179 1917 2247 Quando-

352 2271 576 2340 quidem
610 2272 799 2340 igitur,
854 2281 913 2327 ut
942 2272 1150 2327 dictum
1181 2283 1287 2337 est,
1319 2271 1462 2328 Deus
1490 2281 1609 2327 erat
1642 2280 1696 2326 et
1728 2272 1914 2336 homo,

354 2364 531 2418 oravit
574 2364 793 2435 quidem
841 2366 1082 2420 humano
1118 2380 1291 2430 more,
1337 2364 1465 2434 quia
1502 2373 1718 2433 tempus
1764 2378 1919 2418 reve-

360 2456 502 2510 taudi
534 2456 857 2510 charitatem
892 2456 1210 2510 interiorem
1261 2455 1577 2511 advenerat.
1625 2460 1743 2525 Ipse
1771 2454 1916 2509 enim

355 2558 442 2601 est
468 2551 560 2616 qui
601 2547 774 2602 dicit:
814 2566 832 2598 ι
864 2547 1120 2618 Maiorem
1151 2547 1257 2601 hac
1280 2547 1599 2602 charitatem
1630 2561 1793 2601 nemo
1825 2546 1921 2601 ha-

360 2643 474 2701 bet,
533 2653 692 2707 quam
743 2646 803 2692 ut
855 2646 1019 2707 ponat
1070 2638 1269 2708 aliquis
1325 2638 1559 2693 animam
1602 2650 1700 2708 pro
1742 2638 1921 2693 amico

356 2728 547 2792 suo“,
578 2746 599 2783 ι
633 2728 686 2783 id
710 2737 813 2793 est,
842 2729 1033 2804 vitatp.
1062 2728 1164 2782 Hic
1188 2744 1322 2785 vero
1347 2744 1458 2783 non
1480 2728 1645 2784 modo
1673 2743 1772 2798 pro
1789 2728 1924 2784 ami-

361 2820 441 2874 cis
472 2819 586 2877 suis
615 2820 782 2874 vitam
818 2833 970 2875 suam
998 2817 1161 2874 morti
1189 2820 1463 2889 exposuit,
1493 2818 1588 2873 sed
1616 2818 1791 2873 nihilo
1819 2818 1922 2872 mi-

362 2925 468 2964 nus
498 2923 598 2979 pro
632 2908 872 2965 inimicis
919 2909 1057 2971 suis.
1095 2924 1197 2980 pro
1239 2908 1349 2963 illis
1386 2924 1583 2980 nempe
1607 2908 1700 2979 qui
1740 2908 1923 2965 cruci-

2000 458 2306 528 θαρίσθητι,
2333 476 2353 510 ι
2383 458 2499 521 καὶ,
2533 476 2551 511 ε
2582 458 2886 527 ’Δφέωνταί
2909 476 2992 512 σοι
3014 461 3353 531 αίάμαρτίαι
3384 478 3478 513 σου
3497 478 3510 490 ·
3540 481 3561 513 ι

2001 548 2129 600 ποτὲ
2162 548 2213 600 8'
2235 549 2310 611 ὡς
2359 548 2497 612 Θεὸς
2529 547 2624 601 καὶ
2652 547 2959 619 ἄνθρωπος,
2984 550 3060 613 ὡς
3087 552 3216 604 ὅταν
3258 550 3434 620 ἥψατο
3468 550 3566 603 τοῦ

1999 638 2227 706 τυφλοῦ,
2251 640 2345 693 καὶ
2374 639 2523 710 ίάθη,
2557 641 2653 695 καὶ
2686 640 2785 709 τῆς
2817 639 3091 713 θυγατρὸς
3118 642 3212 694 τοῦ
3242 643 3573 712 ἐκατοντάρο

1999 745 2117 798 χου.
2150 729 2258 781 Καὶ
2290 728 2376 781 διὰ
2408 730 2506 797 μὲν
2535 729 2635 797 τῆς
2664 729 2807 797 ἁφῆς
2852 728 3124 783 ἐδείκνυεν
3149 729 3231 782 ὅτι
3275 729 3567 798 ἄνθρωπός

2000 819 2117 871 ἐστι
2140 831 2155 847 ³
2189 818 2279 873 διὰ
2319 818 2376 873 δέ
2401 816 2495 872 τοῦ
2533 820 2708 872 είπεῐν
2735 819 2816 872 δτι
2846 837 2866 870 ι
2906 820 2997 873 Σοὶ
3038 818 3206 887 λέγω,
3246 819 3569 887 ἀνάϐλεψον,

2002 909 2098 962 καὶ
2130 907 2409 978 ἐγέρθητι,
2460 926 2481 960 ι
2512 908 2682 973 ἐδειξε
2712 910 2810 972 τὴν
2849 908 3020 963 αὑτοῦ
3052 908 3317 978 θεότητα·
3348 910 3477 962 ποτε
3512 912 3574 963 δὲ

2004 999 2245 1052 ἐδείκνυε
2279 999 2448 1070 μόνην
2476 1000 2578 1069 τὴν
2608 999 2774 1054 αὐτοῦ
2808 999 3201 1070 ἀνθρωπότητα
3222 1039 3237 1064 ,
3263 1002 3339 1063 ὡς
3381 1003 3468 1054 ὅτε
3519 1006 3577 1054 ἐ-

2006 1090 2254 1154 πείνασε,
2267 1090 2363 1143 καὶ
2386 1090 2671 1156 ἐκοπίασε,
2686 1090 2780 1145 καὶ
2800 1090 3062 1144 ἔκλαυσεν
3079 1092 3169 1144 ἐπὶ
3190 1090 3282 1145 τοῦ
3297 1091 3574 1163 Λαζάρου.

2005 1182 2219 1244 Τέλειος
2245 1180 2380 1245 Θεὸς
2402 1181 2510 1253 γὰρ
2535 1175 2628 1253 ἦν,
2654 1184 2749 1236 καὶ
2779 1182 2981 1242 τέλειος
3007 1182 3294 1251 ἄνθρωπος
3318 1201 3332 1216 ο
3378 1184 3470 1238 καὶ
3498 1186 3577 1248 ὡς

2008 1272 2107 1343 μὲν
2132 1272 2265 1334 Θεὸς
2290 1271 2527 1343 ἔπραττε
2559 1274 2682 1326 κατ’
2710 1273 2982 1338 ἐξουσίαν,
3011 1273 3085 1336 ὡς
3111 1274 3369 1345 ἠϐούλετὸ
3397 1292 3453 1327 τε
3483 1278 3579 1329 καὶ

2007 1363 2221 1433 ἢθελεν,
2241 1363 2316 1426 ὡς
2348 1364 2392 1417 δ’
2417 1364 2706 1435 ἄνθρωπος
2735 1365 2913 1417 πάντα
2943 1368 3012 1417 τὰ
3044 1366 3379 1434 ἀνθρώπινα.
3414 1368 3576 1417 Ἀνευ

2006 1456 2115 1524 γὰρ
2156 1455 2429 1524 ἁμαρτίας
2462 1456 2657 1525 ἥντινα
2686 1457 2786 1510 οὐκ
2817 1455 2957 1524 ἔγνω
2988 1457 3018 1526 ἡ
3050 1458 3180 1524 ἀγία
3211 1458 3375 1511 αὑτοῦ
3408 1458 3578 1529 ψυχὴ,

2008 1545 2103 1598 καὶ
2148 1544 2275 1597 ἄνευ
2310 1545 2626 1616 ἀρρωστίας
2659 1547 2781 1618 ητις
2814 1549 2873 1600 ού
2903 1549 3254 1619 προσέψαυσε
3289 1550 3382 1602 τοῦ
3419 1552 3578 1617 ἁγίου

2011 1635 2219 1687 ἐκείνου
2252 1635 2525 1704 σώματος,
2554 1635 2768 1691 ἅπαντα
2796 1638 2864 1691 τὰ
2913 1638 3231 1708 ἀνθρώπινα
3266 1639 3580 1693 ἀνελάὸετο.

2013 1728 2123 1781 Καὶ
2171 1727 2360 1810 ὄξσπερ
2403 1730 2505 1783 οὐκ
2547 1725 2616 1801 ἦν
2646 1732 2793 1801 ίχνος
2817 1732 3093 1803 ἁμαρτίας
3130 1733 3187 1785 ἐν
3216 1734 3282 1801 τῇ
3313 1730 3442 1801 ἁγίᾳ
3486 1730 3581 1783 τοῦ

2013 1819 2220 1890 Κυρίου
2248 1820 2418 1890 ψυχῇ,
2449 1820 2623 1884 οὕτως
2654 1821 2763 1875 οὐδ’
2793 1823 3071 1894 ἀρρωστία
3101 1824 3159 1876 ἐν
3183 1822 3258 1892 τῷ
3280 1821 3418 1892 ἁγίῳ
3441 1820 3585 1874 ἐκεί-

2013 1924 2108 1961 νου
2159 1909 2393 1980 σώματι.
2447 1912 2667 1977 Ἀταξία
2715 1912 2825 1982 γὰρ
2872 1914 2966 1967 καὶ
3004 1914 3324 1978 ἀπόπτωσις
3375 1914 3584 1980 ἀγαθοῦ

2014 2000 2162 2052 ἐστιν
2188 2000 2220 2068 ἡ
2253 2001 2528 2072 ἁμαρτία·
2563 2003 2658 2055 καὶ
2688 2002 2889 2069 ἀταξία
2915 2002 3107 2074 χυμῶν
3137 2003 3229 2056 καὶ
3268 2003 3587 2066 ἀπόπτωσις

2015 2090 2201 2156 ὑγείας
2230 2093 2381 2147 ἐστὶν
2424 2093 2459 2163 ἠ
2491 2093 2794 2163 ἀρῤωστία.
2826 2094 2934 2147 Καὶ
2965 2093 3082 2157 πῶς
3112 2094 3301 2163 ἔμελλε
3348 2094 3589 2162 φανῆναι

2015 2178 2156 2245 εἶδος
2206 2182 2432 2249 ἀταξίας
2466 2184 2557 2237 καὶ
2598 2184 2909 2254 ἀρρωστίας
2938 2186 2995 2238 ἐν
3022 2184 3100 2255 τῷ
3135 2186 3345 2254 σώματι
3377 2184 3469 2237 τοῦ
3498 2186 3593 2254 δη-

2019 2276 2283 2345 μιουργοῦ
2311 2274 2412 2344 τῆς
2434 2274 2662 2341 τάξεως,
2690 2274 2784 2328 τοῦ
2843 2276 3071 2345 ίωμένου
3107 2278 3281 2329 πᾶσαν
3307 2276 3465 2328 νόσον
3486 2276 3585 2328 καὶ

2018 2365 2200 2419 πᾶσαν
2235 2364 2544 2434 μαλακίανς
2590 2367 2743 2420 Ἐπεὶ
2785 2367 2948 2432 γοῦν,
2979 2366 3055 2429 ὡς
3088 2368 3325 2437 εῐρηται,
3356 2366 3488 2428 Θεὸς
3519 2361 3590 2437 ἦν

2019 2457 2115 2510 καὶ
2142 2456 2447 2528 ἄνθρωπος,
2483 2457 2684 2528 ηὔξατο
2710 2459 2812 2528 μὲν
2841 2456 3220 2527 ἀνθρωπίνως,
3253 2458 3374 2511 ἐπεὶ
3408 2461 3434 2511 ὁ
3465 2476 3591 2511 και-

2022 2547 2114 2618 ρδς
2135 2548 2233 2619 τῆς
2263 2548 2623 2620 φανερώσεως
2653 2549 2752 2621 τῆς
2768 2548 2914 2603 ἔνδον
2942 2551 3159 2620 ἀγάπης
3185 2549 3442 2618 ἐλήλυθεν
3459 2565 3472 2578 °
3497 2550 3594 2603 αύ-

2021 2639 2115 2704 τδς
2142 2638 2251 2709 γάρ
2279 2641 2428 2694 ἐστιν
2451 2642 2479 2694 ὁ
2505 2639 2695 2706 είπὼν,
2727 2643 2809 2697 ὅτι
2840 2661 2858 2694 t
2887 2640 3125 2705 Μείζονα
3149 2640 3351 2711 ταύτης
3369 2642 3595 2709 ἀγάπην

2021 2734 2173 2789 ούδέν
2204 2734 2338 2807 ἔχει,
2369 2735 2457 2790 ἵνα
2484 2734 2583 2807 τὴν
2605 2735 2783 2807 ψυχὴν
2811 2735 2975 2792 αὐτοῦ
3005 2753 3087 2799 τις
3113 2735 3179 2806 θῇ
3211 2734 3350 2807 ὑπὲρ
3380 2736 3472 2789 τοῦ
3505 2736 3595 2803 cpi-
3708 2762 3723 2777 ι

2022 2824 2116 2876 λου
2150 2824 2336 2891 αὐτοῦ,
2368 2843 2386 2876 ι
2413 2827 2659 2880 τουτέστι
2684 2824 2783 2895 τὴν
2810 2824 2956 2896 ζωήν
2977 2842 2993 2855 °
3016 2825 3045 2877 ὁ
3075 2824 3130 2877 δέ
3167 2824 3242 2894 μὴ
3264 2825 3425 2895 μόνον
3454 2825 3599 2894 ὑπὲρ

2023 2915 2133 2968 τῶν
2164 2914 2333 2982 φίλων
2365 2913 2530 2969 αὐτοῦ
2565 2915 2732 2969 ἔδωκε
2768 2915 2866 2986 τὴν
2905 2915 3100 2970 ἑαυτοῦ
3142 2914 3288 2979 ζωὴν
3322 2916 3401 2977 είς
3428 2914 3594 2967 eam.

364 3001 597 3067 nuerunt
633 3016 779 3065 eum,
812 3009 867 3055 et
893 3000 1150 3056 omnibus
1179 2998 1417 3056 Iudaeis:
1449 3001 1583 3072 quin
1614 3000 1779 3057 etiam
1824 3015 1925 3071 pro

2028 3023 2135 3071 τον,
2156 3005 2273 3060 ἀλλ’
2294 3006 2445 3060 οὐδὲν
2489 3005 2708 3060 ἔλαττον
2752 3006 2894 3077 ὑπὲρ
2918 3006 3025 3059 τῶν
3048 3004 3253 3076 ἐχθρῶν
3271 3003 3459 3061 αὑτοῦ.
3488 3005 3598 3057 τῶν

365 3102 484 3147 toto
540 3091 770 3157 mundo,
823 3090 1282 3161 quemadmodum
1333 3093 1613 3165 propheta:
1664 3093 1927 3163 praedica-

369 3193 590 3250 verunt,
624 3193 681 3240 et
709 3200 794 3240 res
818 3185 935 3255 ipsa
960 3183 1200 3251 edocuit,
1232 3184 1539 3254 veritasque
1566 3186 1790 3242 emicuit
1813 3188 1929 3243 sole

362 3278 727 3347 uidendidior.
776 3277 850 3333 Ut
882 3276 1033 3332 enim
1067 3275 1206 3346 lapis
1246 3274 1502 3340 emissus,
1533 3275 1577 3331 si
1613 3277 1666 3330 in
1692 3277 1928 3333 solidum

368 3369 647 3433 inciderit,
678 3368 733 3423 in
762 3369 1103 3423 emittentem
1140 3375 1516 3436 retorquetur,
1552 3365 1625 3421 ita
1657 3377 1710 3422 et
1740 3367 1931 3423 Salva-

369 3463 510 3517 toris
537 3464 736 3528 oratio,
770 3462 1113 3515 inﬁrmorum
1142 3460 1373 3517 istorum
1404 3469 1459 3515 et
1497 3460 1789 3530 impiorum
1816 3464 1933 3516 ani-

370 3569 488 3608 tnas
519 3553 667 3607 omni
705 3553 849 3607 ferro
888 3551 1142 3607 duriores
1172 3560 1352 3615 nacta,
1407 3552 1462 3605 in
1508 3566 1632 3607 eum
1668 3554 1759 3621 qui
1792 3554 1934 3610 hanc

372 3645 567 3700 hnhuit
591 3658 809 3700 reversa
837 3652 941 3699 est.
966 3642 1304 3713 Quapropter
1329 3651 1387 3696 et
1412 3641 1579 3697 David
1608 3643 1934 3701 vaticinatus

371 3736 547 3792 dixit:
602 3735 957 3806 lnsurgentcs
992 3735 1045 3790 in
1098 3749 1184 3788 me
1233 3743 1401 3789 testes
1437 3733 1632 3804 iniqui,
1678 3749 1799 3804 quze
1828 3748 1934 3789 non

374 3836 672 3891 noverunt,
728 3828 1205 3898 interrogaverunt
1235 3841 1342 3881 me.
1375 3826 1771 3881 Retribuerunt
1801 3827 1937 3882 mihi

375 3919 579 3972 malum
615 3933 712 3989 pro
758 3919 929 3981 bono,
975 3927 1031 3973 et
1074 3919 1363 3972 orbitatem
1399 3917 1594 3972 anima:
1626 3932 1779 3972 meae.
1827 3918 1940 3989 Ego

376 4026 509 4063 vero
535 4024 660 4064 cum
713 4009 791 4064 illi
827 4008 1189 4064 obturbarent
1230 4021 1339 4072 me,
1371 4007 1664 4063 induebam
1698 4023 1939 4077 saccum,

377 4113 435 4153 et
466 4100 818 4155 humiliabam
849 4101 904 4155 in
925 4099 1135 4171 jejunio
1172 4099 1410 4154 animam
1445 4114 1645 4163 meam,
1682 4107 1735 4153 et
1765 4102 1942 4157 oratio

381 4208 501 4245 mea
521 4191 575 4245 in
601 4191 781 4245 sinum
806 4206 983 4245 meum
1009 4197 1314 4245 revertetur
1334 4190 1525 4246 ⁸³.»Ειι
1547 4189 1749 4245 Christi
1773 4192 1944 4247 oratio

385 4298 603 4337 rursum
655 4284 721 4337 ad
769 4283 923 4337 illnm
974 4297 1194 4338 reversa
1245 4289 1350 4336 est.
1379 4279 1943 4348 Quamobrem?Qnia

2028 3098 2461 3167 σταυρωσάντων
2507 3096 2669 3151 αὐτὸν
2705 3096 2869 3165 λέγω,
2912 3097 3006 3149 καὶ
3052 3096 3272 3150 πάντων
3308 3095 3416 3149 τῶν
3459 3096 3600 3149 Ἰου-

2026 3188 2228 3243 δαίων·
2269 3188 2349 3241 ἐτι
2397 3205 2461 3256 γε
2504 3187 2611 3258 μὴν
2644 3188 2739 3241 καὶ
2785 3187 2985 3251 παντὸς
3024 3186 3119 3240 τοῦ
3159 3188 3388 3256 κόσμου,
3426 3186 3502 3248 ὡς
3551 3189 3605 3239 οι

2028 3279 2305 3349 προφῆται
2339 3279 2632 3350 ἐκήρυξαν,
2671 3278 2767 3332 καὶ
2817 3278 2951 3332 αὐτὸ
2988 3277 3048 3331 τὸ
3097 3279 3331 3348 πρᾶγμα
3369 3276 3601 3341 ἐδίδαξε,

2028 3366 2123 3420 καὶ
2156 3368 2189 3437 ή
2217 3367 2448 3439 ἀλήθεια
2475 3367 2828 3439 λαμπροτέρα
2847 3367 3001 3437 ἡλίου
3034 3365 3356 3437 ἐξέλαμψεν.
3390 3367 3611 3437 Ὠσπερ
3700 3398 3707 3403 -

2030 3455 2139 3525 γάρ
2157 3472 2240 3516 τις
2254 3455 2398 3519 λίθος
2422 3455 2757 3518 ἀκοντισθεὶς
2781 3446 2942 3523 εὗρεν
2964 3456 2992 3508 ὁ
3013 3454 3247 3518 τοιοῦτος
3260 3456 3607 3520 ἀντιτυπίαν,

2036 3548 2128 3599 καὶ
2146 3546 2232 3599 διά
2261 3546 2421 3600 τοῦτο
2446 3548 2835 3619 ἐπανεστράφη
2860 3542 3017 3609 αὖθις
3047 3546 3139 3598 ἐπὶ
3169 3545 3257 3599 τὸν
3286 3546 3610 3615 πέμψαντα,

2032 3638 2174 3693 οὕτω
2209 3640 2303 3694 καὶ
2339 3640 2373 3714 ἦ
2403 3639 2497 3693 τοῦ
2528 3641 2779 3711 Σωτῆρος
2821 3638 3121 3709 προσευχὴ,
3160 3637 3259 3701 τάς
3301 3637 3413 3691 τῶν
3440 3637 3611 3693 ἀςθε-

2035 3731 2143 3786 νῶν
2169 3730 2395 3787 ἐκείνων
2426 3733 2522 3789 καὶ
2550 3732 2723 3787 ἀθέων
2752 3731 2950 3802 ψυχὰς,
2980 3731 3345 3804 σκληροτέρας
3371 3730 3611 3799 εὑροῦσα

2040 3822 2280 3896 σιδήρου,
2304 3826 2397 3878 ἐπὶ
2429 3826 2518 3879 τὸν
2546 3825 2839 3894 πέμψαντα
2872 3826 3285 3897 ὲπανεστρᾶιφη.
3316 3826 3415 3878 Διά
3451 3825 3613 3877 τοῦτο

2038 3914 2146 3984 γὰρ
2186 3915 2282 3968 καὶ
2306 3915 2333 3969 ὁ
2361 3914 2528 3970 Δασὶδ
2562 3914 2920 3987 προφητεύων
2944 3915 3149 3982 ἔλεγεν,
3191 3932 3210 3966 ι
3258 3915 3611 3977 Ἀναστάντες

2043 4022 2134 4077 μοι
2173 4007 2451 4079 μάρτυρες
2477 4007 2671 4073 ἄδικοι,
2702 4005 2737 4060 ἃ
2771 4005 2870 4060 οὐκ
2905 4006 3201 4074 ἐγίνωσκον
3244 4006 3474 4078 ἠρώτων
3512 4022 3605 4075 με.
3670 4072 3677 4075 ἢ

2054 4097 2500 4152 Ἀνταπεδίδοσάν
2544 4115 2635 4167 μοι
2667 4095 2878 4167 πονηρὰ
2932 4096 3052 4149 ἀντὶ
3089 4094 3327 4163 ἀγαθῶν,
3362 4096 3454 4148 καὶ
3491 4098 3618 4149 ἀτε-

2044 4187 2199 4242 κνίαν
2225 4192 2290 4259 τῇ
2311 4188 2458 4261 ψυχῇ
2489 4178 2763 4257 μου.Ἐγὼ
2784 4186 2840 4238 δὲ
2866 4189 2923 4239 ἐν
2940 4186 3017 4255 τῷ
3033 4186 3231 4249 αὐτοὺς
3260 4185 3617 4255 παρενοχλεῖν

2048 4297 2140 4349 μοι
2162 4280 2458 4351 ἐνεδυόμην
2480 4279 2702 4341 σάκκον,
2720 4278 2813 4331 καὶ
2843 4278 3160 4330 ἐταπείνῡυν
3197 4279 3252 4330 ἐν
3276 4278 3498 4347 νηστείᾳ
3517 4276 3617 4346 τὴν

388 4392 494 4429 ιιοη
531 4375 742 4429 invenit
784 4375 1121 4445 ptenitentia:
1149 4375 1328 4429 locum
1368 4374 1423 4428 in
1454 4373 1740 4428 animabus
1769 4373 1928 4429 cruci-

2048 4346 2225 4441 ξιιυχήν
2263 4346 2389 4440 μου,
2415 4346 2523 4423 ’καὶ
2574 4370 2607 4439 ἡ
2650 4370 2928 4439 προσευχὴ
2984 4385 3107 4437 μου,
3153 4369 3231 4430 είς
3274 4367 3366 4420 τὸν
3418 4346 3619 4420 κόλπον

388 4467 670 4535 ﬁgenlium
694 4466 869 4522 illum.
900 4464 956 4521 Si
981 4466 1128 4521 enim
1150 4466 1469 4539 paenitentia
1503 4466 1555 4519 in
1592 4466 1698 4521 illis
1728 4465 1945 4520 inventa

388 4560 604 4623 fuisset,
658 4567 940 4628 peccatum
974 4559 1162 4627 utique
1211 4559 1429 4613 illorum
1478 4564 1623 4613 esset
1655 4558 1946 4614 sublatum.

383 4650 543 4716 Quod
578 4649 740 4705 etiam
790 4649 835 4703 si
868 4664 976 4703 non
1008 4648 1208 4703 factum
1250 4650 1340 4714 sit,
1380 4648 1736 4704 nihilominus
1771 4659 1950 4704 tamen

386 4746 557 4796 etiam
587 4741 839 4797 Christus
866 4740 1162 4811 discipulos
1193 4740 1258 4793 ad
1302 4740 1742 4809 prmdicationem
1790 4742 1954 4795 emit-

388 4841 537 4899 tcns,
570 4834 650 4887 sic
700 4831 907 4902 inquit:
947 4851 964 4882 ι
995 4830 1226 4901 lngressi
1268 4830 1320 4885 in
1349 4831 1592 4892 domum,
1623 4830 1852 4885 salutate
1893 4831 1956 4885 il-

391 4926 525 4981 lnm.
561 4925 629 4979 Et
672 4923 942 4995 siquidem
975 4922 1171 4977 domus
1221 4922 1391 4977 fuerit
1423 4921 1605 4991 digna,
1641 4922 1821 4977 veniat
1854 4937 1955 4991 pax

396 5024 573 5069 vestra
608 5031 770 5084 super
799 5030 952 5080 eam;
1000 5014 1045 5068 si
1082 5028 1213 5067 vero
1261 5028 1366 5067 non
1416 5012 1577 5084 digna
1618 5012 1800 5077 fuerit,
1855 5029 1954 5083 pax

397 5109 464 5161 ad
503 5124 594 5161 vos
632 5116 959 5161 revertatur.
1010 5106 1077 5159 Et
1108 5106 1200 5175 qui
1234 5120 1337 5158 nou
1375 5103 1676 5175 susceperit
1708 5119 1821 5167 vos,
1861 5118 1960 5157 nec

394 5199 636 5275 audierit
668 5212 947 5253 sermones
975 5208 1205 5261 vestros,
1237 5197 1438 5267 egressi
1469 5212 1533 5250 ex
1568 5196 1728 5249 domo
1754 5204 1807 5249 et
1828 5193 1967 5249 civi-

398 5296 512 5342 tate
551 5290 661 5351 ηις),
710 5287 949 5341 excutite
978 5286 1256 5355 pulverem
1296 5284 1493 5353 pedum
1533 5291 1860 5344 vestrorum,
1912 5281 1966 5335 in

402 5380 777 5431 testimonium
815 5377 967 5446 ipsis.
1008 5376 1179 5429 Amen
1234 5376 1356 5428 dico
1401 5375 1580 5435 vobis,
1632 5371 1969 5426 tolerabilius

398 5480 508 5522 erit
544 5465 819 5530 Sodomis,
870 5475 927 5525 et,
957 5463 1271 5519 Goznorrhte
1320 5463 1373 5516 iu
1421 5464 1509 5518 die
1547 5461 1762 5533 judicii,
1804 5476 1965 5530 quam

474 5646 717 5717 “dum.
760 5660 847 5708 xv,
894 5644 975 5697 15.
1052 5641 1099 5672 ³³
1140 5642 1280 5695 Psal.
1320 5656 1501 5704 xxxw,
1545 5640 1727 5693 Ηοίδ.
1840 5700 1843 5703 _

2055 4480 2153 4534 μου
2190 4463 2694 4534 ἀποστραφήσεται.
2739 4479 2756 4511 ι
2802 4460 2935 4513 Ἰδοὺ
2969 4461 3131 4515 πάλιν
3166 4459 3550 4531 ἐπαγεστράφη
3586 4462 3620 4528 ἡ

2052 4530 2145 4605 τοῦ
2173 4530 2405 4624 Χριστοῦ
2437 4530 2710 4622 πρᾶσευχὴ
2741 4550 2875 4622 πρὸς
2902 4550 3085 4604 αὐτόν.
3121 4549 3310 4615 Διατί;
3346 4530 3491 4601 Διότι
3520 4550 3624 4620 οὐχ

2053 4637 2176 4714 εὗρε
2223 4645 2385 4696 τόπον
2432 4643 2713 4712 μετανοίας
2761 4644 2839 4705 είς
2888 4641 2983 4702 τὰς
3017 4640 3125 4691 τῶν
3186 4640 3624 4709 σταυρωσάντων

2052 4728 2248 4799 ψυχάς.
2269 4729 2327 4781 Εἰ
2345 4729 2451 4796 γὰρ
2464 4728 2748 4798 εὑρίσκετο
2767 4725 3025 4796 μετάνοια
3046 4728 3101 4778 ἐν
3122 4724 3421 4792 ἐκεί-νοις,ή
3442 4724 3625 4794 ἀμαρ-

2058 4821 2147 4870 τία
2175 4818 2351 4870 αὐτῶν
2381 4816 2565 4869 ἐλύετο
2594 4817 2677 4877 iv,
2711 4813 2901 4883 ὥσπερ
2934 4815 2982 4865 εί
3008 4813 3107 4864 οὐκ
3133 4811 3369 4879 ἐγένετο.
3402 4810 3480 4865 Ού
3512 4813 3626 4881 μὴν

2061 4909 2193 4961 ἀλλὰ
2222 4909 2315 4961 καὶ
2337 4911 2364 4961 ὁ
2396 4907 2626 4976 Χριστὸς
2652 4904 2888 4970 πέμπων
2913 4903 3040 4965 τοὺς
3065 4900 3311 4973 μαθητὰς
3329 4901 3420 4953 ἐπὶ
3442 4899 3503 4952 τδ
3527 4900 3629 4970 κή-

2065 5016 2265 5071 ρυγμα,
2291 4998 2430 5052 οὕτω
2448 5000 2631 5068 φησὶν,
2661 5015 2679 5048 t
2722 4996 3106 5064 Είσερχόμενοι
3124 4994 3202 5056 εις
3223 4992 3422 5058 οἰκίαν,
3449 4991 3630 5044 ἀσπά-

2066 5093 2224 5144 σασθε
2257 5093 2445 5159 αὑτήν.
2482 5089 2590 5140 Καὶ
2621 5088 2717 5140 ἐὰν
2751 5085 2849 5156 μὲν
2940 5086 2973 5155 ἡ
3003 5084 3147 5137 οίκία
3182 5083 3326 5147 ἀξία,
3360 5082 3563 5134 ἐλθέτω
3592 5082 3624 5149 ἡ

2065 5184 2254 5253 εδρήνη
2280 5183 2432 5251 ὑμῶν
2460 5180 2546 5232 ἐπ’
2577 5178 2767 5249 αὐτὴν,
2802 5177 2895 5229 ἐὰν
2936 5177 2991 5229 δὲ
3039 5175 3113 5247 μὴ
3207 5174 3349 5237 ἀξία,
3375 5175 3408 5243 ἠ
3436 5176 3625 5241 εἰρήνη

2067 5276 2217 5343 ὑμῶν
2263 5277 2395 5343 πρὸς
2443 5273 2585 5342 ὑμᾶς
2634 5268 3131 5338 ἐπαναστραφήτω.
3174 5266 3279 5318 Καὶ
3308 5263 3368 5320 ὃς
3407 5265 3501 5316 ἐὰν
3553 5262 3626 5329 μὴ

2066 5367 2281 5436 δέξηται
2310 5366 2475 5433 ὑμᾶς,
2497 5363 2631 5432 μηδὲ
2665 5360 2883 5433 ἀκούσῃ
2911 5359 3034 5422 τοὺς
3063 5359 3254 5427 λόγους
3281 5356 3458 5427 ὑμῶν,
3488 5352 3629 5422 €559-

2068 5459 2283 5529 χόμενοι
2315 5456 2410 5527 τῆς
2430 5456 2603 5518 οἰκίας
2636 5453 2785 5522 ἢτῆς
2814 5451 3021 5515 πόλεως
3045 5449 3281 5517 ἐκείνης,
3313 5445 3623 5510 ἐκτινάξατε
