3928 6212
450 402 555 477 6ιῖ

1618 413 1940 473 JOANNRS
1980 412 2495 471 CANTACUZEH

3562 413 3657 473 θὶῆ

450 529 480 580 ὁ
511 529 612 596 τῆς
683 524 969 596 μετανοίας
1035 521 1261 591 πύργος,
1295 522 1402 576 οὐδ’
1432 522 1680 592 ἐκλείσθη
1734 524 1767 594 ἡ
1817 522 1976 590 θύρα,
2035 522 2157 574 οὔτε
2199 523 2277 585 είς
2311 522 2437 584 τοὺς
2506 521 2814 585 Ἰουδαίους,
2868 521 2991 573 οὔτε
3026 522 3103 582 είς
3153 520 3277 583 τοὺς
3318 520 3657 590 Ἰσμαηλίταέ,

455 621 568 675 ἀλλ’
623 620 729 671 οὐδ’
795 619 873 679 είς
926 617 1139 670 ἅπαντα
1196 609 1301 668 τὸν
1357 615 1697 685 βουλόμενον.
1757 617 1866 668 Καὶ
1908 617 2033 683 περὶ
2085 616 2183 684 μὲν
2220 615 2327 669 τῶν
2368 614 2637 668 Ἰουδαίων
2682 612 2897 682 ἀληθῶς
2938 613 3156 681 εἴρηκεν
3197 614 3226 664 ὁ
3266 613 3520 682 Μωάμεθ,
3569 616 3660 671 κᾶν

452 713 547 764 καὶ
589 710 659 778 μὴ
702 710 854 769 εἰδὼς
888 704 1038 760 εἶπεν
1075 710 1207 773 ὅπερ
1246 704 1419 773 εἶπεν,
1452 709 1526 771 ὡς
1552 708 1787 778 εἴρηται.

522 804 599 855 De
629 800 959 854 Christianis
987 810 1162 853 autem
1195 818 1300 856 non
1341 804 1440 857 sic.
1477 802 1589 854 Nec
1624 800 1772 854 enim
1801 810 1862 856 ut
1898 802 2010 870 ipse
2048 809 2088 863 Α
2132 806 2133 809 “

450 890 683 959 putavit,
707 892 932 957 propter
965 900 1309 957 peccatorum
1343 890 1904 959 castigationem,non
1924 905 2023 958 pro

452 982 579 1034 ﬁliis
600 990 656 1034 et
684 980 877 1034 amicis
927 980 1020 1033 Dei
1068 980 1348 1049 iudicandi
1388 989 1537 1034 sunt.
1574 979 1771 1035 Procul
1810 981 1956 1035 enim
1992 996 2021 1034 a

451 1085 620 1138 ερορο
655 1069 950 1132 aberravit,
997 1078 1196 1139 putans
1234 1078 1524 1139 pr0pterea
1556 1069 1700 1139 quod
1742 1068 2024 1124 lsmacliue

451 1160 748 1212 nonnullos
800 1156 1242 1213 Christianorum
1294 1159 1554 1229 atlligant,
1608 1160 1755 1227 ipsos
1800 1160 2018 1227 quidem

450 1247 610 1300 laude
636 1246 852 1314 dignos,
909 1258 963 1299 et
1014 1250 1167 1314 quasi
1197 1247 1336 1301 ﬁlios
1379 1256 1433 1300 et
1463 1246 1668 1301 amicos
1690 1247 1806 1308 Dei,
1842 1247 2022 1317 puniri

447 1336 795 1389 Christianos
860 1351 889 1388 a
945 1336 1055 1389 Deo
1111 1338 1335 1389 omnino
1359 1337 1827 1406 repudiatos.8ed
1862 1337 2023 1392 aliter

451 1428 608 1493 longe
644 1441 701 1480 se
738 1426 904 1479 habet
959 1427 1258 1495 negotium.
1297 1427 1527 1481 Maxima
1583 1428 1729 1481 enim
1759 1428 2026 1482 Christia-

449 1532 644 1569 norum
682 1516 973 1570 multitudo
1008 1532 1218 1570 summa
1252 1532 1385 1586 pace
1436 1517 1657 1581 fruitur,
1690 1533 1827 1587 quos
1880 1518 2021 1573 Deus

443 1608 655 1676 judicio
686 1622 787 1660 suo
826 1607 929 1661 sibi
962 1608 1062 1661 soli
1099 1623 1228 1661 now
1286 1622 1396 1661 non
1454 1609 1585 1662 sinit
1610 1609 1917 1678 perturbari
1951 1611 2021 1663 ab

450 1698 678 1767 impiis;
729 1697 823 1765 qui
871 1697 999 1753 licet
1065 1707 1256 1751 contra
1310 1699 1406 1752 hos
1444 1699 1845 1767 expeditionem
1878 1698 2023 1753 face-

448 1798 594 1853 rent,
623 1789 875 1843 fortiores
899 1804 1028 1842 sane
1076 1789 1494 1859 stabilioresque
1549 1804 1870 1844 aranearum
1901 1790 2020 1844 tela:

447 1890 774 1948 apparerent
804 1880 952 1933 omni
979 1880 1273 1949 impiorum
1337 1880 1534 1934 militia
1564 1890 1620 1935 et
1672 1880 2015 1935 fortitudine.

445 1969 722 2023 Conﬁteor
776 1981 953 2023 tamen
1024 1970 1226 2025 multos
1276 1971 1721 2024 Christianorum
1793 1980 2018 2038 propter

446 2064 671 2128 pebcata
702 2042 911 2115 nostra
942 2060 995 2113 in
1031 2074 1225 2113 manus
1284 2060 1576 2130 impiorum
1613 2059 1843 2114 traditos
1871 2074 2011 2125 esse,

2206 801 2326 854 ’ῐοῖπὶ
2382 800 2436 854 δὲ
2494 800 2604 854 τῶν
2669 801 3016 869 Χριστιανῶν
3071 804 3166 872 οὐχ
3215 803 3400 867 οὕτως,
3432 802 3536 856 οὐδ’
3594 803 3662 863 ὡς

2126 894 2417 958 ὑπέλαϐεν,
2447 892 2522 954 ὡς
2550 892 2637 944 διὰ
2665 892 2762 955 τὰς
2799 893 3069 963 ἁμαρτίας
3102 894 3281 948 αὐτῶν
3336 894 3661 948 παιδεύεσθαι

2122 983 2381 1045 τούτουςν
2428 985 2520 1036 καὶ
2562 982 2648 1035 διὰ
2684 983 2844 1036 τοῦτο
2899 983 3021 1037 οὔτε
3054 985 3160 1037 υίοὶ
3193 984 3352 1049 Θεοῦ,
3386 983 3503 1036 οὔτε
3532 984 3662 1052 φίλοι

2123 1073 2287 1126 αὐτοῦ
2327 1076 2482 1128 εἰσιν.
2521 1074 2785 1144 Ἀπέτυχε
2816 1076 2925 1145 γὰρ
2954 1074 3045 1128 τοῦ
3076 1076 3301 1138 σκοποῦ,
3338 1076 3431 1129 καὶ
3462 1077 3662 1144 μακράν

2124 1184 2229 1219 που
2285 1168 2588 1231 ἐτόξευσεν,
2645 1168 2932 1220 ὐπολασὼν
2986 1170 3069 1222 ὅτι
3126 1169 3214 1222 διὰ
3261 1170 3323 1221 τὸ
3376 1170 3522 1237 παρά
3566 1168 3664 1221 τῶν

2134 1259 2490 1330 Ἰσμαηλιτῶν
2529 1261 2915 1329 κακουχεῖσθαί
2963 1278 3119 1325 τινας
3168 1263 3278 1315 τ’ὒν
3336 1262 3665 1331 Χριστιανῶν

2122 1351 2263 1404 κατὰ
2296 1350 2455 1404 τοῦτο
2484 1350 2557 1414 ὡς
2590 1351 2689 1420 μὲν
2723 1349 2865 1414 ἄξιοι
2898 1352 3190 1422 ἀποδοχῆς,
3222 1354 3317 1406 καὶ
3345 1354 3506 1405 elevet
3537 1352 3664 1419 φίλοι

2121 1443 2217 1495 καὶ
2248 1441 2353 1495 υἱοὶ
2382 1440 2540 1504 Θεοῦ,
2572 1441 2935 1510 τιμωροῦνται
2970 1444 3096 1505 τοὺς
3134 1442 3517 1513 Χριστιανοζς,
3547 1445 3590 1494 οί
3613 1440 3664 1494 δὲ

2119 1532 2434 1603 Χριστιανοὶ
2460 1532 2570 1586 ἀπὸ
2609 1531 2743 1584 Θεοῦ
2777 1535 3186 1603 ἀπερρίφησαν.
3246 1532 3387 1585 Ἀ)λ“
3419 1532 3513 1585 οὐκ
3560 1533 3663 1585 ἐστι

2118 1625 2297 1688 τοῦτο,
2333 1624 2431 1676 οὐκ
2464 1624 2630 1676 ἐστιν.
2669 1623 2830 1676 Ἀλλὰ
2858 1625 2925 1676 τὰ
2956 1624 3055 1693 μὲν
3078 1624 3259 1695 πλήθη
3296 1624 3403 1676 τῶν
3421 1621 3665 1692 Χριστια-

2117 1715 2225 1769 νῶν
2262 1715 2319 1766 ἐν
2354 1715 2557 1785 ἡσυχίᾳ
2594 1715 2741 1787 πάσῃ
2770 1715 3071 1781 διάγουσιν,
3105 1713 3264 1768 ἅτινα
3317 1716 3570 1783 κρίμασιν
3592 1707 3662 1773 οἷς

2119 1803 2225 1860 οἵδε
2252 1806 2384 1869 Θεὸς
2411 1808 2509 1859 οὐκ
2543 1807 2608 1874 ἐᾷ
2636 1805 2924 1875 κινηθῆναι
2951 1806 3092 1859 κατὰ
3130 1804 3239 1858 τῶν
3276 1806 3487 1859 ἀσεϐῶν
3507 1821 3521 1835 ο
3552 1803 3661 1857 είδέ

2119 1897 2215 1950 καὶ
2245 1898 2381 1958 ὅλως
2432 1896 2801 1966 ἐστράτευσαν
2822 1896 2960 1949 κατ’
2988 1896 3187 1963 αὐτῶν,
3239 1898 3558 1966 ἰσχυρότερα
3586 1897 3665 1947 καὶ

2120 1984 2467 2056 μονιμώτερα
2526 1984 2749 2053 ἔμελλον
2792 1986 3026 2054 φανῆναι
3075 1986 3144 2039 τά
3198 1988 3438 2055 ἀράχνια
3467 1988 3663 2054 νήματα

2119 2075 2213 2128 καὶ
2242 2074 2534 2143 ¹Βιρόισματα
2568 2076 2599 2149 ἢ
2653 2077 2759 2129 τῶν
2807 2077 3021 2129 ἀσεϐῶν
3067 2077 3134 2130 τὰ
3174 2075 3557 2146 στρατεύματα
3586 2075 3665 2127 καὶ

448 2151 503 2204 ἱιι
536 2152 617 2204 sui
644 2152 884 2219 ipsorum
915 2155 1331 2217 correctionem,
1367 2163 1422 2207 et
1446 2153 1676 2206 aliorum
1708 2150 2014 2219 exemplum

2123 2165 2293 2235 ἰσχύς.
2332 2148 2612 2232 Ὀμολογῶ
2659 2166 2716 2219 δι
2764 2167 2844 2219 δτι
2900 2160 2988 2219 διὰ
3040 2167 3137 2229 τὰς
3191 2168 3467 2237 ἁμαρτίας
3525 2165 3663 2235 ὴμῶν

444 2253 501 2297 et
558 2243 1019 2312 resipiscentiam.
1074 2244 1263 2312 Neque
1316 2259 1446 2298 sane
1494 2244 1808 2297 existiment
1863 2241 2019 2296 Chri—

444 2333 678 2395 stianos,
722 2334 816 2401 qui
856 2333 911 2387 in
962 2333 1178 2386 illorum
1209 2344 1336 2387 sunt
1364 2333 1641 2398 manibus,
1663 2344 1887 2401 propter
1918 2330 2017 2383 ho-

447 2439 566 2477 rum
616 2426 871 2477 virtutem
931 2425 1160 2478 traditos
1208 2439 1349 2479 esse.
1400 2423 1507 2478 Sed
1543 2424 1708 2477 veluti
1744 2422 2014 2491 ﬂagellum

444 2524 502 2568 et
529 2514 705 2566 lorum
763 2515 1121 2568 correctionis
1183 2528 1213 2567 a
1252 2514 1363 2568 Deo
1412 2514 1722 2583 etjudicati
1777 2521 1835 2568 et
1858 2513 2016 2567 missi

445 2604 1011 2673 sunt;castigatione
1077 2604 1225 2658 enim
1287 2605 1486 2673 dignos
1552 2605 1838 2674 castigant,
1889 2615 2017 2659 sunt

450 2705 628 2746 tamen
689 2695 912 2748 interim
969 2696 1080 2748 Deo
1144 2693 1295 2748 exosi
1349 2704 1404 2748 et
1432 2694 1846 2748 abominabiles.
1876 2694 2015 2759 Quid

444 2785 589 2837 enim
616 2782 838 2836 locusta:
862 2795 1006 2849 sunt,
1031 2792 1086 2836 et
1106 2798 1301 2847 eruere,
1340 2796 1393 2837 et
1416 2784 1613 2837 bruchi
1655 2785 1676 2838 ?
1709 2784 1900 2854 Magna
1933 2785 2017 2840 ni-

446 2874 644 2928 mirum
678 2874 773 2927 Dei
813 2883 1077 2942 potenua.
1109 2874 1249 2938 Quid
1287 2875 1414 2929 item
1453 2875 1675 2927 fulmina
1711 2885 1765 2929 et
1787 2877 2011 2945 grando,

444 2968 676 3039 aliaeque
703 2980 822 3034 qua:
845 2980 1239 3033 nonnunquam
1274 2981 1371 3032 per
1386 2965 1660 3019 eiemcnta
1686 2967 1822 3018 tiunt
1855 2965 2014 3020 casti-

445 3058 730 3130 gationes?
765 3058 905 3110 Num
936 3056 1099 3126 igitur
1125 3057 1285 3110 amici
1339 3056 1433 3111 Dei
1472 3065 1529 3110 et
1557 3056 1650 3109 filii
1680 3057 1775 3110 Dci
1796 3057 2010 3126 judica-

444 3148 921 3216 buntur?Quibus
948 3148 1065 3216 ipsa
1111 3148 1314 3201 veritas
1357 3148 1436 3200 sic
1465 3147 1756 3216 respondet
1792 3165 1805 3200 :
1845 3165 1863 3198 ι
1900 3147 2010 3201 Νο-

445 3241 523 3291 vit
581 3241 723 3293 Deus
780 3238 988 3304 omnia,
1039 3239 1202 3293 ctiam
1251 3247 1376 3294 ante
1428 3239 1832 3309 generationem
1895 3238 2014 3294 illo-

447 3347 565 3384 rum
601 3332 666 3386 “.
703 3351 721 3383 ι
758 3332 1232 3397 Quemadmodum
1264 3333 1412 3385 enim
1450 3333 1516 3387 de
1560 3333 1702 3386 Esau
1731 3342 1784 3386 et
1806 3333 2009 3387 Jacobo

443 3422 601 3489 dixit,
650 3426 968 3493 priusquam
1023 3425 1076 3478 hi
1132 3420 1507 3492 nascerentur,
1547 3444 1563 3476 ι
1598 3424 1765 3479 Jacob
1816 3421 2003 3491 dile’xi,

443 3516 583 3568 Esau
637 3526 816 3568 autem
873 3515 1001 3569 odio
1064 3516 1324 3581 habui",
1360 3535 1378 3568 ι
1432 3518 1511 3570 sic
1558 3518 1722 3571 etiam
1758 3532 1855 3571 cos
1886 3519 2005 3585 qui,

442 3608 709 3676 abnegata
768 3622 896 3661 vera
946 3617 1003 3662 et
1055 3608 1524 3677 irreprehcnsibili
1576 3609 2004 3662 Christianorum

446 3698 572 3762 tide,
605 3697 673 3750 ad
702 3700 1033 3751 contrariam
1070 3684 1425 3762 deﬂerim-unt,
1455 3699 1770 3767 priusquam
1824 3711 2010 3753 nasce-

448 3797 664 3853 rentur,
696 3789 1025 3858 perditionis
1070 3799 1126 3844 et
1161 3791 1373 3843 Satanae
1403 3791 1765 3845 instrumenta
1788 3790 2006 3861 judica-

444 3881 541 3937 Vit.
574 3881 640 3933 Et
690 3882 815 3935 licet
864 3882 976 3935 illic
1043 3883 1415 3942 inveniantur,
1448 3884 1560 3935 sive
1603 3882 1710 3946 hic,
1736 3883 2009 3935 nihilomi-

444 3988 547 4026 nus
574 3987 731 4041 poena
756 3973 905 4041 digni
941 3972 1431 4041 deprehenduntur
1469 3992 1480 4026 :
1511 3974 1657 4043 quod
1714 3976 1763 4029 in
1803 3976 1909 4029 illis
1931 3975 2009 4029 vi-

442 4059 575 4111 dere
620 4068 726 4123 est,
782 4060 875 4127 qui
934 4076 985 4112 ιιι
1040 4062 1352 4125 captivitate
1404 4072 1498 4113 aut
1558 4062 1670 4115 nati
1718 4072 1864 4128 sunt,
1916 4073 2010 4119 aut

444 4157 630 4215 postea
663 4146 974 4202 nascentur.
999 4148 1386 4204 Verumtamen
1409 4167 1474 4205 ex
1501 4151 1585 4206 his
1606 4153 1699 4221 qui
1730 4151 2007 4208 Christum

442 4237 877 4304 abuegavcrunt,
915 4248 1217 4293 nascuntur
1258 4239 1554 4308 aliquando
1583 4242 1756 4295 sancti
1794 4250 1850 4296 et
1877 4243 2005 4297 boni

444 4327 544 4380 viri
595 4344 608 4379 :
645 4331 1104 4396 quemadmodum
1157 4347 1222 4384 cx
1272 4332 1414 4386 Esau
1454 4334 1636 4404 justus
1687 4334 1777 4388 ille
1804 4335 1925 4400 Job,
1953 4346 2011 4389 et

451 4429 722 4489 martyres
751 4435 814 4474 ex
855 4420 1174 4476 idololatris.
1204 4422 1405 4479 Verum
1432 4425 1498 4478 de
1536 4425 1621 4479 bis
1645 4425 1861 4495 quidem
1895 4426 2009 4481 haec

443 4511 586 4564 dicta
646 4513 774 4565 sint.
806 4515 877 4568 De
917 4514 984 4567 lis
1042 4530 1171 4569 vero
1208 4518 1303 4584 qui
1345 4517 1662 4587 religionem
1729 4520 2004 4588 propriam

441 4614 494 4657 et
555 4606 809 4673 pietatem
874 4607 1013 4660 inter
1078 4609 1273 4677 impios
1338 4612 1695 4677 custodiunt,
1747 4612 2005 4680 quidnam

440 4697 627 4747 dicere
678 4712 813 4763 opus
860 4698 981 4751 est?
1029 4697 1220 4752 Nonne
1250 4699 1555 4753 admirandi
1582 4710 1636 4754 et
1668 4701 1825 4755 laude
1858 4702 2007 4768 digni

2118 2257 2500 2327 παρεδόθησάν
2530 2275 2672 2320 τινες
2697 2259 2805 2311 τῶν
2846 2258 3186 2328 Χριστιανῶν
3218 2259 3307 2322 είς
3344 2261 3523 2329 χεῖρας
3550 2260 3663 2310 ἀσε-

2116 2347 2228 2401 ϐῶν
2256 2349 2341 2402 διά
2373 2349 2655 2403 παίδευσιν
2692 2351 2791 2418 μὲν
2834 2350 3032 2417 αὐτῶν,
3068 2352 3451 2421 σωφρονισμὸν
3485 2346 3527 2401 δ’
3565 2347 3662 2401 ἐτέ-

2122 2454 2253 2508 ρων.
2290 2440 2379 2508 Μὴ
2410 2434 2500 2492 οὖν
2531 2440 2931 2507 λογιζέσθωσαν
2963 2442 3043 2494 ὅτι
3069 2440 3156 2493 διὰ
3187 2444 3291 2510 τῆς
3318 2441 3533 2494 ἐκείνων
3552 2440 3663 2508 ἀρε-

2115 2529 2217 2598 τῆς
2244 2530 2616 2599 παρεδόθησαν
2660 2532 2708 2584 oi
2751 2532 3071 2601 Χριστιανοὶ
3112 2533 3190 2595 είς
3223 2535 3332 2597 τὰς
3376 2535 3551 2603 χεῖρας
3576 2532 3658 2583 αὺ-

2115 2615 2245 2680 τῶν,
2277 2616 2395 2668 ἀλλ’
2428 2618 2503 2680 ὡς
2538 2619 2738 2685 μάστιξ
2783 2620 2876 2671 καὶ
2916 2619 3089 2689 λῶρος
3117 2620 3475 2684 παιδεύσεως,
3506 2620 3658 2681 οὕτως

2115 2703 2413 2773 ἐκρίθησαν
2444 2707 2538 2757 καὶ
2569 2706 2931 2775 ἐπέμφθησαν
2961 2707 3108 2775 παρὰ
3146 2707 3316 2763 Θεοῦ.
3368 2710 3657 2762 Παιδεύουσι

2114 2795 2223 2865 γὰρ
2263 2796 2387 2859 τοὺς
2416 2797 2601 2861 ἀξίους
2644 2797 3009 2860 παιδεύσεως,
3046 2800 3153 2852 elei
3195 2801 3251 2852 δέ
3310 2802 3455 2869 ὅμως
3502 2800 3660 2858 θεομι-

2117 2890 2228 2950 σεῖς
2257 2904 2314 2941 τε
2348 2889 2440 2940 καί
2467 2889 2847 2958 ἀποτρόπαιοι.
2881 2890 2945 2943 Τί
2973 2891 3031 2943 δὲ
3065 2893 3096 2961 ἡ
3129 2892 3299 2962 ἀκρὶς
3330 2894 3423 2946 καὶ
3466 2895 3496 2965 ἡ
3529 2893 3657 2961 κάμ-

2118 2996 2231 3050 πη;
2279 2979 2343 3033 ἸΙ
2394 2979 2486 3033 τοῦ
2518 2979 2652 3032 Θεοῦ
2684 2980 2909 3050 δύναμις
2964 2984 2996 3053 ἡ
3042 2984 3275 3053 μεγάλη.
3322 2987 3384 3038 Τί
3424 2986 3477 3039 δὲ
3506 2988 3548 3039 οί
3578 3001 3657 3037 κε-

2116 3075 2303 3141 ραυνοὶ
2327 3075 2417 3125 καὶ
2448 3073 2480 3142 ἡ
2512 3072 2739 3144 χάλαζα,
2770 3073 2865 3126 καὶ
2893 3075 2949 3127 al
2981 3076 3121 3129 κατὰ
3151 3080 3387 3147 καιροὺς
3409 3078 3511 3130 τῶν
3539 3093 3659 3129 στοιο

2112 3168 2275 3232 χείων
2324 3151 2672 3227 παῖδεύσειςς
2723 3160 2871 3233 ’Ᾱρα
2917 3165 3059 3231 φίλοι
3108 3167 3243 3219 Θεοῦ
3286 3170 3379 3221 καὶ
3410 3170 3508 3222 uici
3538 3168 3655 3220 Θεοῦ

2109 3256 2543 3327 λαγισᾏήεσονται,
2570 3256 2617 3310 cl
2646 3255 2690 3311 δ’
2720 3257 2992 3328 ἄνθρωποι
3019 3259 3236 3332 ἐχθροί;
3264 3263 3377 3318 Καὶ
3402 3262 3477 3328 τίς
3507 3263 3657 3331 eius;

2109 3350 2326 3418 ἔκφρων
2371 3350 2644 3415 τοσοῦτον,
2681 3354 2708 3403 ὁ
2737 3350 3087 3420 λογισάμενος
3128 3357 3398 3421 τοιαῦτας
3445 3358 3512 3410 Τὸ
3542 3359 3657 3411 αὐτὸ

2109 3442 2288 3495 τοίνυν
2322 3442 2416 3495 καὶ
2464 3442 2558 3493 ἐπὶ
2605 3442 2710 3495 τῶν
2742 3444 3107 3512 Χριστιανῶν.
3150 3447 3534 3519 Παρεδόθησαν
3572 3448 3658 3516 μὲν

2112 3535 2203 3585 καὶ
2245 3533 2421 3598 αὐτοὶ,
2456 3534 2570 3585 ἀλλ’
2619 3533 2695 3597 ὡς
2739 3535 2845 3585 υἱοὶ
2876 3534 2970 3586 καὶ
3010 3535 3173 3603 φίλοι.
3214 3536 3363 3590 Ἀλλ’
3402 3540 3527 3601 ἴσως
3558 3538 3659 3604 ἐρεῖ

2110 3642 2213 3691 τις,
2248 3625 2530 3680 ἀπύλωτον
2580 3628 2673 3677 καὶ
2724 3626 3061 3697 θηρευτικὴν
3104 3628 3245 3697 ἔχων
3293 3630 3553 3697 γλῶσσαν,
3585 3631 3656 3681 ὅτι

2110 3718 2203 3769 καὶ⁵
2227 3718 2275 3769 οί
2312 3716 2710 3785 ἐξομοσάμενοι
2732 3718 2800 3768 τά
2823 3716 2928 3768 τῶν
2956 3718 3324 3786 Χριστιανῶν,
3360 3721 3450 3772 καὶ
3481 3735 3659 3772 συντα-

2110 3806 2334 3874 ξάμενοι
2373 3810 2440 3860 τὰ
2467 3808 2560 3860 τοῦ
2592 3807 2861 3878 Μωάμεθ,
2911 3810 3019 3879 υίοὶη
3046 3814 3137 3861 καὶ
3172 3810 3321 3877 φίλοι
3358 3811 3490 3863 Θεοῦ
3531 3808 3661 3875 λογι-

2112 3899 2421 3967 σθήσονται,
2458 3899 2554 3952 καὶ
2592 3902 2709 3969 ἐρεῖ
2752 3903 2887 3971 πρὶς
2927 3901 3121 3962 αὐτοὺς
3152 3902 3180 3952 ὁ
3224 3903 3476 3972 ἀληθινὸς
3519 3900 3659 3966 λόγος

2111 3990 2192 4042 ὅτι
2217 3990 2244 4041 ὁ
2271 3988 2403 4052 Θεὸς
2432 3985 2542 4043 οἶδε
2563 3991 2634 4043 τὰ
2662 3991 2841 4043 πάντα
2867 3990 2998 4060 πρὶν
3026 3994 3293 4057 γενέσεως
3318 3994 3512 4045 αὐτῶν.
3543 3993 3659 4043 ’Ὥσ-

2112 4099 2218 4151 περ
2249 4081 2358 4151 γάρ
2396 4082 2490 4133 ἐπὶ
2530 4082 2622 4134 τοῦ
2665 4082 2834 4135 Ἡσαῦ
2870 4082 3084 4134 καὶτοῦ
3120 4082 3318 4135 Ἰακὼὸ
3347 4078 3485 4145 εἷπε,
3508 4080 3656 4153 πρινὴ

2076 4240 2079 4245 Δ
2111 4172 2435 4242 γεννηθῆναι
2464 4174 2679 4238 αὐτοὺς,
2717 4175 2795 4227 ὅτι
2830 4191 2849 4225 ι
2879 4175 2982 4226 Τὸν
3017 4174 3117 4242 μὲν
3161 4177 3355 4229 Ἰακὼϐ
3390 4177 3655 4245 ἠγάπησα,

2109 4263 2200 4314 τὸν
2226 4261 2282 4312 δὲ
2322 4259 2489 4312 Ἠσαῦ
2536 4264 2792 4331 ἐμίσησα,
2842 4281 2861 4313 ι
2891 4262 3033 4315 οὓτω
3078 4264 3169 4316 καὶ
3209 4267 3298 4318 ἐπὶ
3342 4268 3447 4319 τῶν
3479 4266 3655 4332 ἐξομο-

2111 4348 2361 4439 σαμένων
2400 4348 2496 4417 τὴν
2525 4348 2699 4417 ἀληθῆ
2729 4352 2821 4403 καὶ
2855 4351 3155 4419 ἀμώμητον
3191 4354 3375 4407 πίστιν
3405 4355 3510 4407 τῶν
3534 4355 3657 4421 Χριο

2112 4438 2363 4500 σταιῶν,
2402 4438 2495 4489 καὶ
2554 4439 2969 4509 συνταξαμένων
3021 4442 3089 4494 τὰ
3124 4444 3366 4510 ἐναντία,
3418 4444 3508 4495 καὶ
3540 4442 3658 4509 πρ¹ιν

2110 4531 2369 4594 γενέσεως
2392 4528 2571 4579 αὐτῶν
2599 4529 2698 4599 τῆς
2725 4530 2997 4593 ἀπωλείας
3028 4533 3123 4584 καὶ
3147 4535 3239 4586 τοῦ
3266 4534 3443 4585 Σατᾶν
3466 4532 3659 4601 ὄργανα

2114 4619 2316 4688 ἔκρινε.
2383 4621 2494 4673 Καὶ
2544 4620 2652 4671 εἴτε
2706 4621 2951 4675 ἐνταυθοῖ
3011 4625 3364 4692 εὑρίσκοντο,
3413 4626 3516 4675 εἴτε
3572 4620 3657 4673 καὶ

2117 4706 2321 4767 ἐκεῖσε,
2355 4706 2725 4772 ἐμοίωςνάξιοι
2781 4709 2874 4776 τῆς
2913 4708 3185 4773 κολάσεως
3227 4713 3557 4781 εὑρίσκοντο.
3593 4708 3655 4759 Τὸ

373 4782 389 4791 ⁸
441 4787 619 4839 sunt?
667 4787 777 4840 Nec
837 4788 1017 4842 minus
1069 4790 1135 4843 de
1169 4790 1274 4843 illis
1305 4792 1382 4843 sic
1407 4791 1780 4860 iudicandum,
1823 4794 1913 4861 qui
1951 4792 2006 4845 in

2114 4795 2242 4847 αὐτὸ
2271 4795 2420 4848 ἐστιν
2454 4796 2581 4847 ἰδεῖν
2613 4802 2701 4850 καὶ
2725 4799 2819 4849 ἐπὶ
2843 4800 2950 4851 τῶν
2979 4801 3057 4862 είς
3088 4802 3460 4871 αἰχμαλωσίαν
3487 4812 3656 4867 γεννηο

440 4877 691 4930 libertate
757 4878 1036 4949 religionis
1102 4889 1289 4949 agunt.
1337 4880 1401 4936 Hi
1447 4882 1715 4953 siquidem
1763 4887 2002 4937 nondum

443 4968 657 5035 probati
690 4978 838 5034 sunt,
868 4979 920 5024 et
959 4984 1248 5041 prepterea
1294 4974 1609 5041 qualesnam
1654 4974 1761 5028 sint
1786 4973 2006 5043 ignora-

444 5068 533 5111 tur
571 5075 583 5111 :
627 5075 656 5112 a
711 5061 818 5113 Deo
847 5073 1131 5125 autem,et
1180 5064 1272 5116 illo
1311 5063 1427 5117 solo
1469 5074 1893 5133 cognoscuntur.
1923 5065 2003 5120 Illi

441 5165 571 5203 sero
614 5153 780 5206 instar
811 5153 927 5205 auri
981 5156 1033 5206 in
1071 5152 1290 5207 fornace
1320 5154 1440 5223 puri
1482 5170 1603 5210 esse
1633 5157 2024 5217 declarantur,-

439 5243 896 5309 quenmdmoduin
950 5245 1026 5297 illi
1058 5245 1111 5298 in
1137 5245 1407 5314 Babylone
1436 5242 1613 5314 pueri.
1644 5248 1754 5302 Nec
1784 5264 1914 5302 sane
1938 5250 2004 5301 ad

440 5333 670 5386 salutem
726 5334 860 5386 satis
906 5333 1095 5388 etiicax
1128 5348 1210 5388 est
1237 5336 1350 5401 ipsa
1376 5336 1688 5405 dogmatum
1714 5336 1869 5401 ﬁdes,
1898 5340 2001 5390 nisi

438 5423 698 5489 operibus
753 5423 916 5476 fuerit
975 5433 1294 5492 temperata.
1357 5423 1593 5478 Ostende
1643 5425 1789 5478 enim
1847 5427 2001 5489 mihi,

440 5511 575 5564 dicit
629 5514 930 5577 oraculum,
982 5516 1139 5567 [idem
1188 5526 1332 5568 tuam
1367 5530 1432 5568 ex
1487 5515 1739 5582 Operihns
1794 5516 1921 5577 tuis,
1950 5525 2004 5570 et

441 5622 542 5669 ego
577 5604 671 5657 tibi
702 5606 981 5659 ostendam
1036 5607 1194 5660 [idem
1242 5622 1413 5659 meam
1461 5621 1525 5659 ex
1556 5608 1813 5673 operibus
1844 5610 1994 5660 meis.

520 5788 565 5818 ⁵³
606 5787 741 5843 Dan.
788 5807 837 5842 χι
866 5807 902 5851 ι,
943 5791 1029 5842 42.

1108 5794 1150 5824 δ’
1193 5793 1327 5846 Gen.
1376 5810 1483 5858 xm,
1523 5794 1623 5859 9.5;
1660 5796 1810 5849 lium.
1858 5812 1927 5862 ις,
1977 5797 2058 5848 l5.

2113 4882 2332 4946 Οέντων,
2373 4881 2405 4952 ἢ
2437 4884 2936 4953 γεννηθησομένων,
2985 4888 3178 4957 Ὅμως
3229 4890 3321 4941 καὶ
3355 4892 3413 4940 ἐκ
3449 4890 3551 4939 τῶν
3579 4884 3656 4951 ἐξ·

2111 4975 2468 5043 ομοσλμένων
2500 4975 2568 5026 τὰ
2589 4976 2694 5028 τῶν
2724 4978 3064 5046 Χριστιανῶν
3094 4979 3347 5042 πολλάκις
3376 4976 3654 5045 γεννῶνται

2113 5068 2259 5131 ᾰγιοι
2314 5068 2406 5117 καὶ
2462 5067 2652 5133 ἁγαθοὶ
2715 5069 3014 5138 ἄνθρωποι,
3074 5072 3212 5123 καθὰ
3278 5071 3369 5122 καὶ
3420 5072 3523 5122 ἀπὸ
3567 5063 3650 5118 τοῦ

2124 5153 2296 5207 Ἰισλῦ
2332 5160 2358 5208 ὁ
2412 5157 2617 5220 δίκαιος
2666 5158 2803 5226 Ὶὼῦ,
2842 5161 2934 5211 καὶ
2973 5162 3078 5215 ἀπὸ
3127 5162 3229 5214 τῶν
3270 5156 3651 5225 εἰδωλολατρῶν

2115 5262 2407 5316 μαρτυρες.
2449 5248 2608 5302 Ἀλλὰ
2649 5255 2777 5318 περὶ
2827 5253 2926 5320 μὲν
2977 5251 3180 5303 τούτων
3217 5250 3390 5304 οὕτωσ
3444 5248 3563 5316 περὶ
3598 5244 3647 5295 δὲ

2109 5336 2215 5387 τῶν
2243 5337 2596 5403 φυλαξάντων
2654 5340 2752 5409 τὴν
2800 5342 3012 5392 οἰκείαν
3051 5341 3327 5392 εύσέεειαν
3362 5339 3521 5406 μέσον
3548 5334 3645 5383 τῶν

2110 5430 2323 5481 ἀσεϐῶν
2356 5430 2404 5482 τί
2433 5433 2537 5499 χρὴ
2572 5432 2666 5483 καὶ
2693 5433 2911 5501 λέγειν;
2941 5434 3055 5487 Οὐκ
3094 5434 3200 5485 εἰσὶ
3241 5428 3534 5499 θαυμαστοὶ
3562 5422 3643 5475 καί

2110 5520 2248 5583 ἄξοι
2281 5521 2517 5572 ἐπαίνων
2541 5538 2554 5551 ·
2592 5525 2685 5574 καὶ
2718 5526 2816 5575 οὐκ
2848 5523 3065 5576 ἔλαττον
3095 5526 3200 5575 τῶν
3223 5525 3275 5574 ἐν
3310 5517 3528 5586 duello“?
3560 5513 3641 5564 εἴθ’

2112 5613 2486 5679 ρισκομένων;
2524 5614 2612 5665 Ὀἱ
2675 5617 2771 5680 μὲν
2829 5614 2938 5683 γὰρ
2998 5613 3147 5666 οὔπω
3210 5606 3636 5677 ἐδεκιμασθισλν,
