3928 6212
293 235 401 297 64)

1273 241 1570 300 CONTRA
1613 235 2104 299 MAIIOMETEM
2146 231 2432 315 ORATIO

3393 231 3500 293 6.'0

292 347 583 403 κάντεῦθεν
618 351 1190 420 εἰσιν-ἀνεπίγνωστοι
1225 356 1397 408 ὁποῖοί
1427 373 1555 408 ποτε
1594 357 1686 408 καὶ
1720 355 1846 419 εἰσὶ,

1976 351 2242 406 ι’ἱιὶοαιιιιιε
2290 349 2456 416 igitur
2505 358 2754 414 quamam
2790 357 2954 414 opera
2986 342 3128 414 apud
3161 343 3331 398 Deum
3362 345 3501 401 reci-

291 442 438 510 παρά
469 441 524 493 δὲ
557 441 636 510 τῷ
659 441 780 512 Θεῷ
816 443 910 496 καὶ
941 443 1088 513 μόνῳ
1118 444 1224 496 elei.
1253 447 1643 515 γινωσκόμενοι
1663 461 1676 476 ο
1711 446 1760 498 οἱ
1789 446 1845 498 δὲ

288 533 477 600 ὥσπερ
505 532 706 603 χρυσὸς
737 533 794 585 ὲν
817 536 1166 606 χωνευτηρίῳ
1191 536 1418 606 καθαροὶ
1445 535 1847 605 ἀναφαίνονται,

290 623 383 678 καὶ
437 624 512 686 ὡς
547 624 596 676 οί
650 625 709 675 ὲν
748 624 1026 679 Βαϐυλῶνι
1079 629 1286 691 παῖδες.
1357 629 1496 682 Ἀλλ’
1545 630 1644 682 οὐκ
1690 631 1852 698 ἀρκεῖ

289 716 424 785 μόνη
455 715 488 783 ή
513 714 621 766 τῶν
644 714 932 784 δογμάτων
959 717 1139 782 πίστις
1167 721 1300 789 πρὸς
1329 721 1623 789 σωτηρίαν,
1645 721 1741 772 ἐὰν
1777 720 1850 788 μὴ

290 805 430 872 μετά
462 804 570 858 τῶν
603 804 782 873 ἔργων
816 808 1246 880 συγκεκραμένη
1291 811 1406 863 ἐστὶ
1447 810 1539 862 καὶ
1583 811 1614 876 ἡ
1649 812 1850 870 πίστις.

204 960 215 968 ⁸
294 915 309 944 ι
343 895 530 960 Δεῖξον
562 897 670 965 γάρ
697 913 807 966 μοι,
841 917 859 950 ι
889 899 1020 969 φησὶ
1043 899 1102 953 τὸ
1132 900 1330 969 λόγιον,
1364 920 1381 952 ι
1414 903 1512 971 τὴν
1539 885 1722 954 πίστίν
1753 918 1846 953 σου

289 989 351 1039 ἐκ
383 987 494 1038 τῶν
545 985 723 1057 ἔργων
760 1005 876 1054 σου,
914 990 1070 1059 κάγὼ
1107 991 1163 1044 δέ
1213 1009 1293 1044 σοι
1328 992 1484 1056 δείξω
1532 993 1631 1062 τὴν
1670 991 1856 1044 πίστιν

292 1090 394 1140 μου
432 1075 495 1126 ὲκ
524 1073 636 1126 τῶν
688 1074 866 1145 ἔργων
922 1093 1044 1143 μου.
1085 1095 1103 1128 ι
1145 1078 1376 1147 Ἴδωμεν
1425 1079 1605 1131 τοίνυν
1636 1077 1763 1129 ποῖα
1793 1076 1858 1128 ἔκ

289 1163 502 1216 τούτων
542 1164 650 1216 τῶν
681 1165 860 1234 ἔργων
899 1167 1005 1219 είσὶ
1036 1167 1201 1220 δεκτά
1253 1169 1402 1238 παρά
1436 1168 1511 1236 τῷ
1566 1166 1704 1236 Θεῷ,
1763 1169 1859 1220 καὶ

290 1256 438 1318 τίνες
474 1255 777 1325 μέμνηνται
811 1255 904 1309 τοῦ
935 1257 1091 1323 Θεοῦ,
1120 1260 1172 1310 οί
1206 1261 1262 1312 ὲν
1293 1259 1523 1329 ἀφθονία
1554 1258 1647 1311 καὶ
1679 1258 1857 1326 τρυφῇ

291 1346 763 1416 εὑρισκόμενοι,ἢ
816 1348 866 1398 ol
915 1348 1264 1420 ταλαιπωρίᾳ
1299 1348 1393 1403 καὶ
1444 1348 1714 1419 κακουχίᾳ
1769 1363 1859 1400 συ-

293 1435 514 1498 ζῶντες.
568 1436 736 1488 Παντί
779 1453 882 1489 που
926 1437 1082 1506 δῆλον
1117 1466 1123 1471 -
1153 1438 1202 1490 οί
1261 1436 1524 1508 δεύτεροι.
1570 1456 1587 1489 ι
1625 1437 1796 1508 Κύριε
1837 1456 1857 1490 ι

293 1527 426 1595 γὰρ,
449 1528 634 1596 φησὶν,
666 1546 684 1579 ι
715 1529 772 1582 ὲν
798 1527 968 1597 θλίψει
997 1529 1348 1600 ὲμνήσθημέν
1373 1546 1487 1584 σου.
1528 1548 1545 1581 ι
1578 1530 1708 1595 Καὶ,
1746 1549 1762 1580 ι
1799 1531 1860 1582 Ol

295 1617 613 1686 σπείροντες
633 1620 689 1670 ὲν
707 1617 966 1687 δάκρυσιν
987 1621 1045 1673 ἔν
1061 1620 1382 1688 ἀγαλλιάσει
1405 1619 1662 1690 θεριοῦσι.
1682 1637 1699 1670 ι
1728 1619 1860 1682 Καὶ,

1950 440 2190 510 piantur,
2218 449 2270 494 et
2325 439 2546 505 quinam
2591 436 2645 489 hi
2689 435 2800 490 siut
2853 437 2944 505 qui
2972 436 3064 490 Dei
3099 437 3502 502 meminerunt,

1951 545 2080 584 num
2127 529 2337 583 scilicet
2395 528 2446 580 hi
2478 528 2570 597 qui
2602 529 2654 581 in
2678 527 2893 582 deliciis
2928 537 2984 582 et
3015 528 3260 582 libertate
3290 528 3506 593 vivunt,

1949 636 2016 674 an
2049 619 2141 687 qui
2189 618 2244 672 in
2292 616 2587 671 afﬂictione
2620 626 2676 671 et
2703 617 2958 671 miseria?
2983 617 3045 671 lli
3071 630 3220 672 certe
3240 617 3383 672 haud
3410 615 3537 672 du-'

1950 707 2058 762 bie.
2095 704 2186 759 Ait
2236 705 2419 760 enim:
2454 723 2472 755 ι
2521 705 2769 769 Domine,
2805 705 2858 757 in
2893 704 3188 759 aﬂlictione
3220 706 3297 758 tui
3329 721 3513 762 recor-

1948 790 2061 845 dati
2093 805 2284 844 sumus
2311 790 2379 845 “.
2429 809 2447 841 ι
2487 791 2574 854 Ει,
2627 809 2645 841 ι
2683 791 2785 856 Qui
2821 791 2874 844 in
2920 792 3174 862 lacrymis
3219 793 3512 858 seminam,

1952 887 2167 936 metunt
2214 883 2267 932 in
2294 880 2655 935 exsultatione
2715 881 2783 934 ⁸⁸.
2823 899 2840 931 ι
2877 882 2944 935 Ει
2981 901 2994 937 :
3045 901 3062 933 ι
3111 883 3519 940 Tribulationes

1953 971 2141 1026 multa:
2161 971 2456 1040 justorum,
2476 986 2627 1025 mors
2647 979 2829 1026 autem
2863 983 3214 1042 peccatorum
3232 978 3372 1030 mala
3397 976 3463 1031 δ’.
3496 996 3515 1028 ι

1954 1062 2112 1117 Licet
2141 1061 2286 1114 enim
2321 1062 2374 1114 in
2402 1061 2503 1115 hac
2538 1061 2645 1116 vita
2692 1061 2835 1117 felici
2869 1077 3121 1119 successu
3170 1065 3441 1130 ferantur,
3466 1075 3522 1120 et

1955 1151 2183 1223 perinde
2210 1167 2274 1206 ac
2303 1151 2348 1205 si
2379 1151 2504 1221 quis
2549 1151 2804 1206 laudetur
2845 1154 2990 1222 quod
3022 1154 3264 1223 prudens
3290 1157 3380 1221 sit,
3417 1156 3528 1211 for-

1959 1235 2052 1306 ti's,
2079 1251 2390 1308 temperans
2448 1249 2503 1294 et
2543 1241 2748 1310 justus,
2814 1241 2957 1296 alius
3005 1257 3138 1297 vero
3198 1244 3352 1297 nihili
3410 1243 3527 1298 haec

1959 1330 2184 1394 faciens,
2210 1329 2465 1401 pinguem
2494 1345 2551 1384 se
2579 1345 2700 1385 esse
2737 1331 3000 1401 glorietur
3023 1342 3078 1388 et
3104 1335 3484 1403 corpulentum
3513 1355 3528 1402 ;

1963 1421 2044 1474 sic
2073 1420 2141 1475 de
2177 1420 2372 1490 seipsis
2401 1420 2645 1476 sentiunt
2668 1420 2965 1476 miserrimi
2995 1422 3268 1485 homines,
3297 1439 3360 1478 ac
3388 1426 3534 1480 veris

1965 1511 2420 1580 inexhaustisque
2449 1511 2656 1566 divitiis
2697 1512 3049 1583 contemptis,
3080 1513 3200 1568 illas
3228 1529 3364 1584 quas
3389 1531 3535 1569 soni-

1966 1606 2056 1660 nia
2106 1603 2390 1669 simulant,
2415 1603 2867 1673 amplectuntur:
2899 1614 2955 1660 et
3004 1605 3244 1674 pretiosa
3271 1606 3361 1662 illa
3394 1621 3537 1662 mar—

301 1726 314 1752 I
353 1705 560 1757 Πολλαὶ
589 1707 644 1758 αἱ
685 1705 891 1776 θλίψεις
921 1708 1029 1761 τῶν
1053 1708 1299 1761 δικαίων.
1324 1707 1565 1770 Θάνατος
1600 1708 1655 1760 δὲ
1681 1709 1858 1778 ἀμαρ-

1976 1697 2158 1767 ;arita,
2202 1695 2422 1751 Christo
2479 1695 2764 1762 nimirum,
2803 1697 3018 1763 relicta,
3051 1699 3292 1754 conchas
3328 1700 3414 1755 vel
3459 1701 3539 1754 la-

293 1799 484 1849 τωλῶν
518 1800 764 1868 πονηρὸς,
794 1819 812 1852 ›
850 1800 952 1853 κᾶν
983 1799 1079 1853 καὶ
1109 1802 1165 1853 ὲν
1204 1800 1280 1870 τῷ
1311 1799 1534 1870 παρόντι
1575 1798 1673 1869 βίῳ
1724 1799 1866 1852 κατά

299 1889 429 1956 ῥοῦν
485 1891 775 1957 φέρωνται.
821 1891 932 1944 Καὶ
962 1887 1072 1944 οἷον
1102 1891 1290 1961 ὥσπερ
1321 1892 1384 1945 ἄν
1407 1908 1488 1954 τις
1517 1893 1566 1943 εί
1612 1891 1866 1962 ἐπῃνεῖτο

303 1979 404 2047 μὲν
435 1979 512 2042 ὡς
538 1981 802 2050 φρόνιμος
830 1981 924 2034 καὶ
951 1981 1214 2050 ἀνδρεῖος,
1258 1979 1490 2051 σώφρων
1518 1980 1610 2033 καὶ
1638 1980 1865 2047 δίκαιοέ,

297 2072 485 2140 ἔτερος
515 2071 570 2124 δὲ
606 2071 742 2141 παρ’
775 2073 938 2134 οὐδὲν,
977 2071 1152 2125 ταῦτα
1180 2070 1481 2140 τιθέμενος,
1509 2073 1864 2140 ἐνεκαυχᾶτο,

300 2161 645 2232 πολύσαρκον
673 2162 868 2217 ἑαυτὸν
898 2159 1038 2217 εἶναι
1072 2163 1268 2231 λέγων,
1304 2163 1397 2217 καὶ
1428 2163 1702 2234 ἔμπληθὲς
1730 2163 1866 2232 ἔχων

306 2256 362 2304 τὸ
393 2255 550 2323 σῶμα
589 2273 602 2284 ·
635 2254 806 2317 οὕτως
845 2251 985 2324 ὑπὲρ
1015 2255 1195 2308 αὐτῶν
1229 2253 1515 2323 φρονοῦσιν
1543 2256 1590 2308 οἱ
1615 2253 1865 2318 τάλανες,

316 2349 406 2396 καὶ
427 2347 515 2397 τὸν
535 2346 709 2416 ἀληθῆ
741 2347 834 2400 καὶ
862 2347 1133 2400 ἀκένωτον
1156 2345 1381 2401 πλοῦτον
1400 2346 1864 2417 παραϐλέποντες,

317 2437 634 2498 ἀσπάζονται
686 2437 777 2489 τὸν
827 2436 884 2488 ὃν
920 2436 1116 2506 ὄνειροι
1150 2436 1483 2489 πλάττουσι·
1518 2437 1612 2488 καὶ
1647 2434 1736 2487 τὸν
1771 2451 1870 2486 πο-

313 2529 529 2596 λέτιμον
561 2529 932 2598 μαργαρίτην,
958 2527 1204 2581 τουτέστι
1235 2528 1326 2581 τὸν
1355 2525 1590 2596 Χριστὸν
1619 2526 1866 2593 ἀφέντες,

306 2619 430 2679 τοὺς
482 2619 764 2688 κάχληκας
799 2614 1207 2688 θησαυρίζουσι.
1266 2616 1374 2668 [ιοῦ
1428 2617 1486 2668 δὲ
1537 2615 1760 2685 θήσουσι
1810 2615 1870 2667 τὸ

306 2710 644 2777 προςοητικὶν
677 2710 853 2778 λόγιον
883 2711 941 2761 τὸ
967 2711 1197 2778 φάσκον,
1224 2710 1304 2762 ὅτι
1340 2727 1358 2760 ι
1397 2710 1492 2761 Ὃν
1538 2709 1727 2779 ἀγαπᾷ
1752 2705 1868 2760 Κύ-

307 2817 445 2866 μσς,
481 2796 745 2850 παιδεύει’
781 2799 1033 2865 μαστιγοῖ
1063 2797 1120 2849 δὲ
1152 2797 1284 2861 υἱὸν,
1315 2796 1373 2849 ὃν
1407 2796 1814 2866 παραδέχεται;
1845 2813 1863 2847 ι

309 2893 454 2961 Ἀρα
503 2891 564 2943 οὐ
614 2888 1000 2960 παραδίδονται
1034 2889 1084 2940 οἱ
1132 2889 1450 2959 Χριστιανοὶ
1483 2887 1672 2958 ὥσπερ
1706 2889 1875 2958 ἀπερ-

305 2983 567 3052 ριμμένοι
629 2982 720 3033 καὶ
779 2981 1376 3050 ὲγκαταλελειμμένοι,
1440 2979 1514 3040 ὡς
1558 2982 1585 3032 ὁ
1623 2979 1869 3048 Μωάμεο

1966 1785 2126 1855 pillos
2161 1793 2513 1855 congregant.
2547 1783 2688 1850 Quid
2708 1792 2890 1840 autem
2931 1785 2999 1840 de
3043 1790 3267 1842 oraculo
3289 1787 3384 1842 illo
3413 1804 3540 1858 pro-

1967 1875 2185 1944 phetico
2233 1877 2498 1946 iudicant,
2532 1877 2678 1946 quod
2732 1876 2907 1932 dicit:
2950 1896 2969 1930 ι
3023 1877 3194 1942 Quem
3225 1879 3404 1950 diligit
3434 1879 3541 1935 Do-

1968 1971 2152 2027 minus
2207 1986 2332 2026 eum
2395 1972 2646 2043 castigat,
2696 1982 2752 2028 et
2790 1972 3026 2043 ﬂagellat
3065 1989 3228 2044 quem
3273 1975 3365 2029 ﬁlii
3417 1976 3544 2032 loco

1967 2072 2191 2144 adoptat
2225 2075 2270 2106 "
2303 2075 2326 2127 ?
2362 2093 2380 2125 ι
2415 2073 2712 2130 Christiani
2742 2075 2926 2144 itaque
2973 2090 3083 2130 non
3111 2077 3400 2133 traduntur
3426 2089 3546 2134 tan-

1969 2180 2132 2235 quam
2177 2166 2363 2236 rejecti
2391 2177 2445 2220 et
2472 2166 2676 2222 deserti
2719 2182 2750 2220 a
2781 2167 2916 2233 Deo,
2951 2177 3012 2221 ut
3040 2168 3314 2227 Mahomet
3354 2181 3544 2240 aperte

1972 2265 2240 2312 testatur:
2272 2257 2367 2318 sed
2401 2272 2502 2312 ceu
2545 2257 2640 2311 ﬁlii
2673 2272 2839 2312 causa
2884 2259 3248 2314 correctionis
3277 2261 3360 2329 (ut
3385 2277 3547 2330 supc-

1970 2345 2086 2424 rius
2113 2345 2352 2400 dilucide
2383 2346 2820 2400 demonstratum
2848 2346 2955 2417 est)
2979 2355 3034 2400 et
3061 2357 3285 2418 propter
3309 2349 3544 2405 aliorum

1970 2435 2403 2503 resipiscentiam
2429 2445 2486 2490 et
2517 2437 2830 2490 utilitatem.
2862 2435 3076 2491 Habent
3099 2438 3247 2493 enim
3283 2438 3549 2496 Christia-

1971 2525 2050 2590 ni,
2076 2525 2170 2594 qui
2204 2526 2346 2580 inter
2373 2535 2564 2596 gentes
2583 2536 2772 2596 agunt,
2809 2527 3175 2595 patriarchas,
3210 2530 3549 2618 sacerdotes.

1971 2615 2280 2685 pontiﬁces,
2311 2632 2408 2686 per
2439 2632 2577 2685 quos
2620 2616 3054 2682 sanctiﬁcantur,
3091 2619 3385 2689 omniaque
3425 2615 3548 2692 quae

1971 2708 2296 2763 Christianis
2344 2710 2618 2764 solemnia
2671 2717 2817 2773 sunt,
2867 2710 3276 2777 administrant,
3311 2713 3367 2768 in
3407 2715 3552 2785 ipso-

1974 2816 2096 2854 rum
2131 2800 2356 2869 quidem
2408 2801 2723 2866 utilitatem,
2767 2801 2822 2855 in
2859 2801 3076 2871 signum
3102 2817 3234 2858 vero
3257 2804 3406 2873 quod
3446 2821 3552 2861 nec

1973 2890 2042 2945 ab
2085 2889 2377 2960 adoptione
2429 2891 2665 2946 ﬁliorum
2713 2891 2834 2958 Dei,
2870 2893 2992 2947 nec
3020 2894 3090 2947 ab
3131 2893 3277 2949 illius
3309 2895 3550 2951 amicitia

1975 2979 2302 3035 exciderint.
2352 2980 2663 3050 Agnoscant
2724 2980 2894 3052 igitur
2950 2983 3194 3046 omnino,
3236 2987 3382 3055 quod
3417 2988 3554 3059 justi

207 3111 216 3120 -
305 3072 518 3141 τρανῶς
574 3073 913 3141 ἀπεφήνατο,
970 3072 1085 3125 ἀλλ’
1138 3074 1212 3135 ὼς
1256 3073 1365 3124 υἱοὶ
1424 3069 1514 3122 διὰ
1568 3070 1872 3134 παίδευσιν,

1980 3069 2204 3139 quidem
2244 3069 2443 3139 saepius
2466 3070 2520 3124 in
2557 3085 2751 3125 manus
2783 3071 3076 3140 impiorum
3111 3046 3554 3140 tradantuhvnon

305 3159 491 3221 καθὼς
521 3161 778 3229 ἀνωτέρω
808 3158 1494 3230 λαμπρῶςάποδέδεικται,
1525 3159 1617 3212 καὶ
1645 3157 1710 3210 δι’
1744 3157 1875 3209 ἑτέ-

309 3272 419 3319 ρων
446 3250 828 3322 σωφρονισμὸν
866 3252 959 3304 κα)⁸
985 3250 1271 3320 ὠφέλειαν.
1313 3252 1422 3304 Καὶ
1446 3252 1554 3321 γὰρ
1587 3251 1802 3320 ἔχουσιν
1826 3251 1874 3301 οί

307 3350 388 3406 εἰς
419 3345 488 3396 τά
525 3344 651 3414 ἔθνη
682 3342 1005 3410 Χριστιανοὶ
1045 3343 1413 3413 πατριάρχας,
1455 3344 1640 3412 ἱερεῖς,
1684 3344 1876 3411 ἀρχιε-

312 3439 449 3503 ρεῖς,
495 3435 622 3504 παρ’
647 3429 721 3487 ὧν
755 3432 1096 3502 ἀγιάζονται,
1135 3434 1225 3486 καὶ
1261 3434 1440 3486 πάντα
1469 3435 1535 3486 τὰ
1571 3433 1737 3501 ἔθιμα
1770 3432 1877 3483 τῶν

311 3527 656 3596 Χριστιανῶν
685 3527 765 3586 είς
801 3526 1071 3594 ὠφέλειαν
1100 3525 1199 3594 μὲν
1240 3525 1440 3589 αὐτῶν,
1479 3526 1558 3587 εἰς
1595 3527 1793 3591 δεῖγμα
1821 3522 1877 3574 δὲ

311 3622 394 3671 ὃτι
435 3619 649 3688 καὶτῆς
683 3618 956 3681 υἱοθεσίας
996 3617 1087 3670 τοῦ
1130 3617 1265 3670 Θεοῦ
1304 3619 1404 3670 οὐκ
1447 3617 1724 3682 ἐξέπεσον,
1753 3613 1876 3667 οὕτε

314 3710 410 3778 τῆς
438 3707 618 3776 φιλίας
645 3707 834 3761 αὑτοῦ.
871 3708 1033 3761 Ὅθεν
1064 3709 1157 3762 καὶ
1187 3710 1606 3776 γινωσκέτωσαν
1631 3707 1878 3776 ἀκριϐῶς

316 3800 397 3850 ὅτι
430 3799 810 3867 παραδίδονται
864 3799 964 3869 μὲν
1019 3798 1280 3862 πολλάκις
1321 3800 1519 3852 δίκαιοι
1561 3799 1638 3859 είς
1692 3797 1880 3866 χεῖρας

317 3893 557 3956 ἀσεϐῶν,
597 3893 695 3960 οὐχ
735 3891 820 3943 ἵνα
854 3893 904 3943 οἱ
942 3890 1160 3953 ἀσεϐεῖς
1203 3890 1555 3955 δοξασθῶσιν,
1585 3889 1700 3941 ἀλλ’
1735 3889 1801 3940 ἵν’
1831 3888 1878 3939 οί
1911 3901 1918 3907 ·

319 3980 518 4031 δίκαιοι
584 3977 1000 4046 δοκιμασθῶσι,
1064 3977 1157 4060 καὶ
1223 3977 1446 4045 χρυσίου
1508 3977 1881 4046 καθαρώτεροι

321 4075 605 4140 γένωνται.
637 4071 702 4121 Τί
733 4070 789 4122 δὲ
822 4071 948 4140 περὶ
980 4069 1074 4122 τοῦ
1113 4069 1322 4122 δικαίου
1363 4066 1519 4132 Ίὼϐ;
1560 4068 1632 4120 ἐῶ
1661 4067 1768 4136 γάρ
1800 4069 1884 4120 λέ-

327 4181 447 4230 γειν
469 4163 538 4216 τά
571 4164 700 4234 περὶ
735 4161 828 4214 τοῦ
859 4162 1199 4232 πατριάρχου
1235 4161 1504 4232 Ἀϐραὰμ,
1537 4160 1659 4234 ἐπεὶ
1697 4161 1888 4212 κάκεῖ·

332 4273 418 4319 νος
460 4255 595 4324 πρὸς
639 4233 827 4323 καιρὸν
876 4256 954 4317 είς
1019 4254 1234 4316 ἀσεϐεῖς
1281 4253 1574 4322 παρεδόθη,
1605 4233 1714 4304 ,καὶ
1750 4251 1887 4314 τέως

329 4343 522 4411 ἐρωτῶ
574 4343 705 4412 περὶ
752 4341 1120 4412 τοῦσιδηροῦ
1173 4344 1266 4395 καὶ
1324 4343 1686 4411 ἀδαμαντίνου
1744 4341 1884 4396 Ἰὼϐ.

1984 3170 2044 3214 ιιι
2075 3159 2450 3230 gloriﬁcentur
2479 3155 2654 3229 impii,
2682 3160 2777 3217 sed
2815 3170 2872 3214 ut
2893 3164 3199 3230 probentur
3220 3165 3316 3233 pii,
3346 3177 3554 3222 etauro

1978 3251 2230 3319 puriores
2279 3250 2599 3304 reddantur.
2650 3249 2793 3316 Quid
2821 3261 3003 3306 autem
3053 3252 3121 3306 de
3147 3254 3295 3324 justo
3324 3257 3415 3310 illo
3451 3256 3554 3313 Job

1979 3340 2253 3394 dicemus?
2288 3340 2503 3410 (omitto
2526 3340 2672 3394 enim
2722 3341 2903 3396 dicere
2935 3343 3004 3398 de
3041 3346 3350 3413 patriarcha
3383 3349 3556 3403 Abra-

1980 3431 2128 3495 ham,
2158 3446 2280 3484 cum
2307 3441 2362 3485 et
2385 3431 2474 3484 ille
2513 3430 2577 3485 ad
2605 3440 2819 3501 tempus
2850 3433 2996 3487 inter
3025 3435 3228 3504 impios
3254 3453 3554 3493 conversa-

1980 3530 2068 3575 tus
2103 3523 2196 3592 sit)
2241 3531 2295 3575 et
2346 3525 2477 3575 sane
2520 3521 2588 3576 de
2634 3521 2813 3576 ferreo
2863 3523 2955 3579 illo
2984 3535 3040 3580 et
3068 3526 3418 3582 adamantino
3451 3531 3554 3586 Job

1983 3613 2279 3681 interrogo.
2348 3610 2486 3664 Num
2529 3627 2628 3666 ceu
2685 3611 2935 3667 desertus
2986 3624 3042 3668 et
3082 3631 3112 3668 a
3159 3616 3271 3672 Deo
3322 3619 3557 3688 rejectus

1982 3705 2198 3760 diabolo
2290 3703 2527 3757 traditus
2599 3711 2684 3758 est
2767 3713 2824 3758 et
2896 3714 2974 3760 tot
3051 3707 3328 3778 tantisque
3397 3713 3557 3768 malis

1984 3795 2278 3850 mobilibus
2334 3795 2492 3850 simul
2551 3795 3035 3866 immobilibusque
3091 3798 3395 3870 ﬂagellatus
3447 3813 3552 3872 est,

1983 3887 2284 3942 liberorum
2347 3887 2560 3942 scilicet
2603 3888 2918 3954 amissione,
2978 3897 3034 3944 et
3098 3893 3305 3960 proprii
3365 3909 3559 3964 corpo-

1987 3981 2062 4034 ris
2095 3979 2420 4033 alllictione?
2482 3979 2742 4034 Diabolus
2770 3996 2899 4035 vero
2948 3981 3041 4050 qui
3086 3983 3288 4052 iustum
3323 3985 3559 4056 ﬂagella-

1988 4071 2098 4133 bat,
2121 4083 2235 4123 non
2270 4078 2525 4139 tanquam
2576 4073 2784 4125 amicus
2835 4069 2924 4124 Dei
2960 4073 3231 4142 allligebat
3255 4075 3418 4140 hunc,
3449 4077 3560 4132 Deo

1989 4160 2212 4230 quidem
2247 4169 2372 4214 ante
2399 4162 2810 4230 generationem
2848 4161 3006 4229 hujus
3038 4171 3251 4230 notum,
3283 4177 3564 4220 sanctum-

1989 4267 2096 4321 que
2134 4251 2320 4304 abillo
2353 4251 2683 4320 judicatum,
2719 4252 3039 4308 hominibus
3063 4263 3245 4308 autem
3279 4257 3566 4325 ignotum?

1993 4341 2335 4417 QuaprOpter
2390 4341 2533 4393 Deus
2593 4355 2717 4394 eum
2761 4341 2815 4393 in
2879 4342 3119 4396 medium
3169 4347 3360 4399 statuit
3389 4347 3566 4400 instar

329 4397 393 4484 ’λ
408 4451 474 4503 ρα
493 4434 567 4496 ὡς
596 4397 1159 4502 ὲγΙκαταλελειμμένος
1187 4433 1282 4487 καὶ
1307 4397 1718 4504 ἀπεβριμμένος
1741 4430 1873 4500 παρέ

2000 4431 2266 4484 columna:
2297 4438 2351 4483 et
2390 4438 2581 4483 stature
2636 4431 2916 4500 cujusdam
2949 4433 3224 4498 animatae,
3279 4437 3333 4490 in
3386 4453 3569 4492 exeru-

331 4525 463 4577 Θεοῦ
501 4525 774 4593 παρεδόθη
819 4524 897 4593 τῷ
932 4525 1182 4594 διαϐόλῳ,
1236 4525 1328 4576 καὶ
1363 4523 1668 4592 ὲμαστίχθη
1704 4521 1792 4572 διά
1832 4537 1891 4571 τε

331 4617 566 4684 κινητῶν
599 4615 691 4666 καὶ
710 4616 986 4683 ἀκινήτων
1012 4615 1352 4684 πραγμάτων
1376 4615 1550 4666 τόσων
1579 4614 1669 4666 καὶ
1694 4614 1889 4674 τόσων,

333 4707 420 4758 διά
453 4723 514 4758 τε
550 4705 649 4774 τῆς
699 4708 1008 4777 στερήσεως
1043 4707 1151 4760 τῶν
1192 4706 1420 4771 παίδων,
1468 4706 1561 4757 καὶ
1599 4704 1764 4756 αὑτοῦ
1799 4704 1892 4755 τοῦ

335 4799 615 4866 σώματος·
644 4799 672 4850 ὁ
712 4798 769 4850 δὲ
794 4799 1039 4860 διάϐολος
1071 4801 1098 4851 ὁ
1135 4799 1227 4850 τὸν
1256 4798 1465 4850 δίκαιον
1499 4797 1783 4867 μαστίξας,
1816 4796 1891 4856 ὼς

335 4889 486 4956 φίλος
515 4888 650 4941 Θεοῦ
687 4890 1011 4958 ἐτιμωρεῖτο
1044 4889 1133 4941 τὸν
1168 4887 1342 4955 ἆγιον,
1375 4888 1450 4950 ὡς
1485 4886 1890 4954 γινωσκόμενον

337 4981 430 5049 μὲν
462 4981 590 5050 πρίν
629 4983 932 5049 γεννήσεως
964 4980 1115 5047 παρὰ
1154 4981 1230 5048 τῷ
1276 4981 1413 5047 Θεῷ,
1447 4978 1541 5030 καὶ
1574 4977 1728 5044 ἅγιον
1763 4977 1891 5045 παρ’

335 5071 545 5123 ἐκείνου
583 5073 927 5139 κρινόμενον,
951 5072 1098 5139 παρά
1122 5071 1178 5122 δὲ
1209 5075 1322 5132 τοῖς
1345 5069 1649 5139 ἀνθρώποις
1675 5067 1892 5134 ἀγνοού.

338 5175 533 5231 μενον·
595 5161 688 5214 καὶ
725 5161 811 5212 διὰ
855 5160 1013 5212 τοῦτο
1042 5161 1233 5230 ἔφερεν
1274 5159 1434 5211 αὑτὸν
1480 5161 1508 5212 ὁ
1556 5159 1684 5220 Θεὸς
1727 5158 1804 5218 εἰς
1837 5157 1897 5207 τὸ

341 5251 524 5319 μέσον,
579 5251 768 5317 ὧσπερ
818 5253 937 5303 τινὰ
966 5249 1208 5319 ἔμψυχον
1259 5251 1480 5318 στήλην,
1526 5250 1620 5300 καὶ
1658 5249 1899 5315 ἔμπνουν

336 5345 647 5413 ἀνδριάντα,
691 5344 772 5404 εἰς
828 5341 1178 5410 παράδειγμα
1223 5343 1315 5393 καὶ
1365 5339 1634 5406 ὠφέλειαν
1665 5338 1773 5390 τῶν
1808 5353 1902 5405 μεο

339 5437 784 5504 ταγενεστὲρων;
825 5433 1102 5504 Θαυμάζω
1156 5436 1203 5486 εί
1259 5419 1333 5503 μὴ
1389 5433 1481 5486 καὶ
1524 5431 1652 5500 περὶ
1688 5431 1898 5484 ἐκείνου

415 5614 460 5647 ⁵⁸
499 5613 604 5669 lsa.
647 5625 797 5675 χλιιι,
844 5610 907 5665 16
1003 5612 1047 5645 ⁸⁵
1087 5609 1225 5662 Psal.
1267 5623 1428 5671 ωιτν,
1473 5608 1524 5661 5.

585 5710 854 5769 Ριτιιοι..
895 5710 1009 5768 Gtt.
1050 5703 1254 5766 CLIV.

1605 5607 1653 5639 τ’
1689 5605 1830 5660 Psal.
1878 5622 2086 5672 xum,
2129 5607 2220 5658 2|.

2002 4521 2151 4590 plum
2195 4529 2248 4572 ct
2277 4519 2565 4572 utilitatem
2604 4521 2960 4588 posteritatis.
2991 4522 3158 4577 Miror
3195 4539 3326 4580 sane
3368 4527 3472 4582 nisi
3500 4527 3567 4581 de

2002 4615 2104 4666 hoc
2131 4613 2207 4666 sic
2231 4628 2448 4680 quoque
2479 4613 2626 4681 loqui
2674 4613 2929 4670 audeant.
2959 4617 3347 4686 Inquirendum
3386 4629 3563 4672 tamen

1999 4717 2180 4768 cst,et
2225 4720 2311 4759 res
2344 4706 2458 4775 ipsa
2510 4707 2736 4769 indicat,
2777 4709 2965 4776 quales
3000 4711 3066 4763 de
3105 4711 3215 4763 Deo
3257 4720 3312 4764 et
3344 4711 3565 4764 diabolo

1998 4798 2282 4866 opiniones
2335 4797 2534 4851 habeat
2584 4797 2874 4851 Mahomet.
2911 4800 3130 4852 Summa
3165 4801 3311 4852 enim
3346 4800 3565 4853 dicendi

1999 4889 2250 4943 libertate
2281 4887 2584 4950 contendit,
2613 4888 2776 4941 etiam
2805 4888 3084 4942 daemones
3110 4889 3399 4943 salvandos
3427 4890 3564 4953 fore,

2001 4979 2289 5047 Origencm
2337 4978 2594 5029 nimirum
2623 4987 2863 5031 Secutus.
2896 4979 3036 5042 Quin
3084 4981 3246 5031 etiam
3291 4981 3340 5031 in
3388 4979 3505 5047 lege
3539 4995 3568 5031 ιι

2004 5085 2061 5122 se
2115 5071 2241 5132 lata,
2294 5068 2594 5120 Alcorrano
2654 5067 2938 5130 nimirum,
2970 5069 3047 5120 sic
3103 5069 3335 5139 inquit:
3380 5069 3569 5138 Magna
3623 5091 3626 5094 ί

2001 5161 2306 5214 daemonum
2369 5159 2654 5212 mulHudo
2730 5173 2854 5212 cum
2916 5160 3028 5212 hme
3090 5160 3192 5230 legi
3246 5156 3566 5222 audivisset,

2003 5250 2268 5305 admirata
2301 5259 2405 5313 est,
2443 5259 2496 5304 et
2537 5258 2757 5318 propter
2797 5250 2899 5303 hoc
2930 5252 3110 5316 gavisa
3141 5261 3245 5314 est,
3274 5253 3367 5319 qui
3398 5251 3563 5305 etiam

2007 5342 2080 5396 illi
2133 5341 2421 5394 credentes
2465 5342 2693 5394 salutem
2749 5344 3026 5394 consecuti
3086 5351 3236 5396 sunt.
3288 5342 3572 5408 Quomodo

2007 5441 2188 5486 autem
2257 5431 2454 5500 aliquis
2509 5432 2706 5485 salvari
2767 5433 2989 5500 poterit,
3043 5432 3146 5486 uisi
3186 5433 3335 5501 prius
3378 5431 3573 5501 resipi-

2296 5606 2341 5638 ⁵⁷
2383 5606 2539 5659 Prov.
2572 5623 2666 5670 ιιι,
2713 5606 2811 5671 ll;
2856 5607 3019 5659 llebr.
3067 5621 3161 5657 xu.
3206 5605 3259 5661 6.

3099 5703 3170 5758 ‘21
