  <div class='ocr_page' id='page_1' title='image "/cluster/home/n/w/nwhite01/storage/ocr_20150623/154/hvd.32044073505299/343.png"; bbox 0 0 3928 6212; ppageno 0'>
   <div class='ocr_carea' id='block_1_1' title="bbox 386 253 490 319">
    <p class='ocr_par' dir='ltr' id='par_1_1' title="bbox 386 253 490 319">
     <span class='ocr_line' id='line_1_1' title="bbox 386 253 490 319; baseline -0.019 0"><span class='ocrx_word' id='word_1_1' title='bbox 386 253 490 319; x_wconf 70' lang='grc'><strong>651</strong></span> 
     </span>
    </p>
   </div>
   <div class='ocr_carea' id='block_1_2' title="bbox 1554 248 2441 337">
    <p class='ocr_par' dir='ltr' id='par_1_2' title="bbox 1554 248 2441 337">
     <span class='ocr_line' id='line_1_2' title="bbox 1554 248 2441 337; baseline -0.006 -25"><span class='ocrx_word' id='word_1_2' title='bbox 1554 250 1877 312; x_wconf 80' lang='lat' dir='ltr'><strong>JOANNIS</strong></span> <span class='ocrx_word' id='word_1_3' title='bbox 1914 248 2441 337; x_wconf 70' lang='lat' dir='ltr'><strong>CANTACUZENI</strong></span> 
     </span>
    </p>
   </div>
   <div class='ocr_carea' id='block_1_3' title="bbox 3520 240 3627 306">
    <p class='ocr_par' dir='ltr' id='par_1_3' title="bbox 3520 240 3627 306">
     <span class='ocr_line' id='line_1_3' title="bbox 3520 240 3627 306; baseline 0 0"><span class='ocrx_word' id='word_1_4' title='bbox 3520 240 3627 306; x_wconf 77' lang='lat'><strong>65?.</strong></span> 
     </span>
    </p>
   </div>
   <div class='ocr_carea' id='block_1_4' title="bbox 402 362 1966 443">
    <p class='ocr_par' dir='ltr' id='par_1_4' title="bbox 402 368 1962 443">
     <span class='ocr_line' id='line_1_4' title="bbox 402 368 1962 443; baseline -0.003 -16"><span class='ocrx_word' id='word_1_5' title='bbox 402 385 560 428; x_wconf 89' lang='lat' dir='ltr'><strong>scens</strong></span> <span class='ocrx_word' id='word_1_6' title='bbox 589 385 754 442; x_wconf 83' lang='lat' dir='ltr'><strong>opera</strong></span> <span class='ocrx_word' id='word_1_7' title='bbox 786 372 913 429; x_wconf 80' lang='lat' dir='ltr'><strong>fecit</strong></span> <span class='ocrx_word' id='word_1_8' title='bbox 942 386 1061 443; x_wconf 84' lang='lat' dir='ltr'><strong>quae</strong></span> <span class='ocrx_word' id='word_1_9' title='bbox 1092 370 1243 426; x_wconf 91' lang='lat' dir='ltr'><strong>illum</strong></span> <span class='ocrx_word' id='word_1_10' title='bbox 1287 368 1388 423; x_wconf 84' lang='lat' dir='ltr'><strong>rite</strong></span> <span class='ocrx_word' id='word_1_11' title='bbox 1417 382 1540 423; x_wconf 88' lang='lat' dir='ltr'><strong>cum</strong></span> <span class='ocrx_word' id='word_1_12' title='bbox 1586 368 1699 423; x_wconf 87' lang='lat' dir='ltr'><strong>Deo</strong></span> <span class='ocrx_word' id='word_1_13' title='bbox 1732 368 1962 422; x_wconf 74' lang='lat' dir='ltr'><strong>uniant?</strong></span> 
     </span>
    </p>
   </div>
   <div class='ocr_carea' id='block_1_5' title="bbox 2075 362 3630 443">
    <p class='ocr_par' dir='ltr' id='par_1_5' title="bbox 2075 362 3630 437">
     <span class='ocr_line' id='line_1_5' title="bbox 2075 362 3630 437; baseline -0.005 -16"><span class='ocrx_word' id='word_1_14' title='bbox 2075 367 2427 437; x_wconf 76' lang='grc' dir='ltr'>τολμήσουσιν</span> <span class='ocrx_word' id='word_1_15' title='bbox 2466 366 2639 419; x_wconf 80' lang='grc' dir='ltr'>είπεῖν</span> <span class='ocrx_word' id='word_1_16' title='bbox 2684 365 2880 429; x_wconf 75' lang='grc' dir='ltr'>οὕτως.</span> <span class='ocrx_word' id='word_1_17' title='bbox 2934 363 3074 419; x_wconf 77' lang='grc' dir='ltr'>Ἀλλ’</span> <span class='ocrx_word' id='word_1_18' title='bbox 3103 365 3255 434; x_wconf 84' lang='grc' dir='ltr'>ὅμως</span> <span class='ocrx_word' id='word_1_19' title='bbox 3292 362 3630 430; x_wconf 76' lang='grc' dir='ltr'><strong>ἐξεταστέον,</strong></span> 
     </span>
    </p>
   </div>
   <div class='ocr_carea' id='block_1_6' title="bbox 397 459 1960 529">
    <p class='ocr_par' dir='ltr' id='par_1_6' title="bbox 397 459 1960 529">
     <span class='ocr_line' id='line_1_6' title="bbox 397 459 1960 529; baseline -0.003 -12"><span class='ocrx_word' id='word_1_20' title='bbox 397 462 550 518; x_wconf 88' lang='lat' dir='ltr'><strong>Tunc</strong></span> <span class='ocrx_word' id='word_1_21' title='bbox 602 464 749 520; x_wconf 88' lang='lat' dir='ltr'><strong>enim</strong></span> <span class='ocrx_word' id='word_1_22' title='bbox 800 467 855 519; x_wconf 92' lang='lat' dir='ltr'><strong>in</strong></span> <span class='ocrx_word' id='word_1_23' title='bbox 905 464 997 519; x_wconf 92' lang='lat' dir='ltr'><strong>Dei</strong></span> <span class='ocrx_word' id='word_1_24' title='bbox 1038 461 1337 517; x_wconf 85' lang='lat' dir='ltr'><strong>amicitiam</strong></span> <span class='ocrx_word' id='word_1_25' title='bbox 1385 459 1667 529; x_wconf 86' lang='lat' dir='ltr'><strong>recipitur,</strong></span> <span class='ocrx_word' id='word_1_26' title='bbox 1719 475 1842 514; x_wconf 90' lang='lat' dir='ltr'><strong>cum</strong></span> <span class='ocrx_word' id='word_1_27' title='bbox 1883 459 1960 513; x_wconf 85' lang='lat' dir='ltr'><strong>illi</strong></span> 
     </span>
    </p>
   </div>
   <div class='ocr_carea' id='block_1_7' title="bbox 350 538 1961 615">
    <p class='ocr_par' dir='ltr' id='par_1_7' title="bbox 350 538 1961 615">
     <span class='ocr_line' id='line_1_7' title="bbox 350 538 1961 615; baseline -0.002 -8"><span class='ocrx_word' id='word_1_28' title='bbox 350 538 589 610; x_wconf 45' lang='lat' dir='ltr'><strong>‘unitus</strong></span> <span class='ocrx_word' id='word_1_29' title='bbox 636 554 805 610; x_wconf 77' lang='lat' dir='ltr'><strong>fuerit</strong></span> <span class='ocrx_word' id='word_1_30' title='bbox 842 555 995 609; x_wconf 90' lang='lat' dir='ltr'><strong>:Deo</strong></span> <span class='ocrx_word' id='word_1_31' title='bbox 1046 563 1227 607; x_wconf 86' lang='lat' dir='ltr'><strong>autem</strong></span> <span class='ocrx_word' id='word_1_32' title='bbox 1279 551 1489 615; x_wconf 89' lang='lat' dir='ltr'><strong>unitus,</strong></span> <span class='ocrx_word' id='word_1_33' title='bbox 1547 550 1721 604; x_wconf 75' lang='lat' dir='ltr'><strong>[neres</strong></span> <span class='ocrx_word' id='word_1_34' title='bbox 1769 550 1961 604; x_wconf 89' lang='lat' dir='ltr'><strong>salutis</strong></span> 
     </span>
    </p>
   </div>
   <div class='ocr_carea' id='block_1_8' title="bbox 398 640 1955 716">
    <p class='ocr_par' dir='ltr' id='par_1_8' title="bbox 398 640 1955 716">
     <span class='ocr_line' id='line_1_8' title="bbox 398 640 1955 716; baseline -0.003 -18"><span class='ocrx_word' id='word_1_35' title='bbox 398 654 501 711; x_wconf 86' lang='lat' dir='ltr'><strong>est,</strong></span> <span class='ocrx_word' id='word_1_36' title='bbox 543 646 693 716; x_wconf 80' lang='lat' dir='ltr'><strong>regni</strong></span> <span class='ocrx_word' id='word_1_37' title='bbox 741 646 1025 710; x_wconf 62' lang='lat' dir='ltr'><strong>caelorum,</strong></span> <span class='ocrx_word' id='word_1_38' title='bbox 1062 644 1299 713; x_wconf 68' lang='lat' dir='ltr'><strong>vitaeque</strong></span> <span class='ocrx_word' id='word_1_39' title='bbox 1340 652 1575 697; x_wconf 60' lang='lat' dir='ltr'><strong>aeternae.</strong></span> <span class='ocrx_word' id='word_1_40' title='bbox 1609 640 1955 712; x_wconf 85' lang='lat' dir='ltr'><strong>llujusmodi,</strong></span> 
     </span>
    </p>
   </div>
   <div class='ocr_carea' id='block_1_9' title="bbox 400 724 1962 806">
    <p class='ocr_par' dir='ltr' id='par_1_9' title="bbox 400 724 1962 806">
     <span class='ocr_line' id='line_1_9' title="bbox 400 724 1962 806; baseline -0.003 -16"><span class='ocrx_word' id='word_1_41' title='bbox 400 724 643 806; x_wconf 88' lang='lat' dir='ltr'><strong>inquam,</strong></span> <span class='ocrx_word' id='word_1_42' title='bbox 677 736 743 791; x_wconf 92' lang='lat' dir='ltr'><strong>de</strong></span> <span class='ocrx_word' id='word_1_43' title='bbox 779 736 994 790; x_wconf 82' lang='lat' dir='ltr'><strong>diabolo</strong></span> <span class='ocrx_word' id='word_1_44' title='bbox 1039 736 1327 805; x_wconf 87' lang='lat' dir='ltr'><strong>opiniones</strong></span> <span class='ocrx_word' id='word_1_45' title='bbox 1375 733 1628 803; x_wconf 90' lang='lat' dir='ltr'><strong>concepit</strong></span> <span class='ocrx_word' id='word_1_46' title='bbox 1653 732 1962 786; x_wconf 78' lang='lat' dir='ltr'><strong>illiusillius</strong></span> 
     </span>
    </p>
   </div>
   <div class='ocr_carea' id='block_1_10' title="bbox 395 821 1959 896">
    <p class='ocr_par' dir='ltr' id='par_1_10' title="bbox 395 821 1959 896">
     <span class='ocr_line' id='line_1_10' title="bbox 395 821 1959 896; baseline -0.003 -15"><span class='ocrx_word' id='word_1_47' title='bbox 395 827 690 891; x_wconf 82' lang='lat' dir='ltr'><strong>Mahomet,</strong></span> <span class='ocrx_word' id='word_1_48' title='bbox 728 835 786 881; x_wconf 91' lang='lat' dir='ltr'><strong>ut</strong></span> <span class='ocrx_word' id='word_1_49' title='bbox 810 828 1060 896; x_wconf 80' lang='lat' dir='ltr'><strong>quamvis</strong></span> <span class='ocrx_word' id='word_1_50' title='bbox 1104 837 1286 895; x_wconf 88' lang='lat' dir='ltr'><strong>aperte</strong></span> <span class='ocrx_word' id='word_1_51' title='bbox 1326 821 1508 879; x_wconf 84' lang='lat' dir='ltr'><strong>dicere</strong></span> <span class='ocrx_word' id='word_1_52' title='bbox 1544 832 1799 878; x_wconf 88' lang='lat' dir='ltr'><strong>vereatur</strong></span> <span class='ocrx_word' id='word_1_53' title='bbox 1840 824 1959 877; x_wconf 89' lang='lat' dir='ltr'><strong>dia-</strong></span> 
     </span>
    </p>
   </div>
   <div class='ocr_carea' id='block_1_11' title="bbox 395 914 1956 987">
    <p class='ocr_par' dir='ltr' id='par_1_11' title="bbox 395 914 1956 987">
     <span class='ocr_line' id='line_1_11' title="bbox 395 914 1956 987; baseline 0 -16"><span class='ocrx_word' id='word_1_54' title='bbox 395 918 579 972; x_wconf 81' lang='lat' dir='ltr'><strong>bolum</strong></span> <span class='ocrx_word' id='word_1_55' title='bbox 608 919 701 974; x_wconf 88' lang='lat' dir='ltr'><strong>Dei</strong></span> <span class='ocrx_word' id='word_1_56' title='bbox 722 920 956 975; x_wconf 84' lang='lat' dir='ltr'><strong>amicum</strong></span> <span class='ocrx_word' id='word_1_57' title='bbox 978 934 1117 986; x_wconf 87' lang='lat' dir='ltr'><strong>esse,</strong></span> <span class='ocrx_word' id='word_1_58' title='bbox 1136 920 1311 987; x_wconf 82' lang='lat' dir='ltr'><strong>reipsa</strong></span> <span class='ocrx_word' id='word_1_59' title='bbox 1343 926 1520 971; x_wconf 88' lang='lat' dir='ltr'><strong>tamen</strong></span> <span class='ocrx_word' id='word_1_60' title='bbox 1554 915 1685 969; x_wconf 89' lang='lat' dir='ltr'><strong>illud</strong></span> <span class='ocrx_word' id='word_1_61' title='bbox 1709 914 1956 971; x_wconf 77' lang='lat' dir='ltr'><strong>aiiirmet.</strong></span> 
     </span>
    </p>
   </div>
   <div class='ocr_carea' id='block_1_12' title="bbox 2069 458 3630 530">
    <p class='ocr_par' dir='ltr' id='par_1_12' title="bbox 2069 458 3630 530">
     <span class='ocr_line' id='line_1_12' title="bbox 2069 458 3630 530; baseline -0.001 -17"><span class='ocrx_word' id='word_1_62' title='bbox 2069 461 2167 513; x_wconf 77' lang='grc' dir='ltr'>καὶ·</span> <span class='ocrx_word' id='word_1_63' title='bbox 2207 459 2339 511; x_wconf 72' lang='grc' dir='ltr'>αὐτὸ</span> <span class='ocrx_word' id='word_1_64' title='bbox 2385 458 2447 511; x_wconf 81' lang='grc' dir='ltr'>τὸ</span> <span class='ocrx_word' id='word_1_65' title='bbox 2497 460 2731 529; x_wconf 76' lang='grc' dir='ltr'>πρᾶγμα</span> <span class='ocrx_word' id='word_1_66' title='bbox 2763 458 3017 530; x_wconf 78' lang='grc' dir='ltr'>δηλώσει,</span> <span class='ocrx_word' id='word_1_67' title='bbox 3063 459 3258 521; x_wconf 76' lang='grc' dir='ltr'>ὁποίας</span> <span class='ocrx_word' id='word_1_68' title='bbox 3310 458 3438 511; x_wconf 80' lang='grc' dir='ltr'>ποτὲ</span> <span class='ocrx_word' id='word_1_69' title='bbox 3478 458 3630 522; x_wconf 81' lang='grc' dir='ltr'><strong>δόξας</strong></span> 
     </span>
    </p>
   </div>
   <div class='ocr_carea' id='block_1_13' title="bbox 2067 549 3628 620">
    <p class='ocr_par' dir='ltr' id='par_1_13' title="bbox 2067 549 3628 620">
     <span class='ocr_line' id='line_1_13' title="bbox 2067 549 3628 620; baseline 0 -19"><span class='ocrx_word' id='word_1_70' title='bbox 2067 551 2180 620; x_wconf 73' lang='grc' dir='ltr'>ἔχει</span> <span class='ocrx_word' id='word_1_71' title='bbox 2212 553 2237 603; x_wconf 89' lang='lat'><strong>6</strong></span> <span class='ocrx_word' id='word_1_72' title='bbox 2266 550 2510 619; x_wconf 83' lang='grc' dir='ltr'>Μωάμεθ</span> <span class='ocrx_word' id='word_1_73' title='bbox 2552 550 2679 620; x_wconf 85' lang='grc' dir='ltr'>περί</span> <span class='ocrx_word' id='word_1_74' title='bbox 2719 567 2777 603; x_wconf 89' lang='grc' dir='ltr'><strong>τε</strong></span> <span class='ocrx_word' id='word_1_75' title='bbox 2816 549 2909 604; x_wconf 82' lang='grc' dir='ltr'><strong>τοῦ</strong></span> <span class='ocrx_word' id='word_1_76' title='bbox 2944 551 3100 616; x_wconf 75' lang='grc' dir='ltr'>Θεοῦ,</span> <span class='ocrx_word' id='word_1_77' title='bbox 3134 550 3263 617; x_wconf 90' lang='grc' dir='ltr'>περί</span> <span class='ocrx_word' id='word_1_78' title='bbox 3293 566 3353 602; x_wconf 80' lang='grc' dir='ltr'><strong>τε</strong></span> <span class='ocrx_word' id='word_1_79' title='bbox 3397 549 3493 603; x_wconf 89' lang='grc' dir='ltr'><strong>τοῦ</strong></span> <span class='ocrx_word' id='word_1_80' title='bbox 3516 550 3628 602; x_wconf 83' lang='grc' dir='ltr'>δια-</span> 
     </span>
    </p>
   </div>
   <div class='ocr_carea' id='block_1_14' title="bbox 2068 642 3633 713">
    <p class='ocr_par' dir='ltr' id='par_1_14' title="bbox 2068 642 3633 713">
     <span class='ocr_line' id='line_1_14' title="bbox 2068 642 3633 713; baseline -0.001 -19"><span class='ocrx_word' id='word_1_81' title='bbox 2068 642 2247 695; x_wconf 79' lang='grc' dir='ltr'>ϐόλου.</span> <span class='ocrx_word' id='word_1_82' title='bbox 2286 643 2869 712; x_wconf 76' lang='grc' dir='ltr'>Πεπαρῤησιασμένως</span> <span class='ocrx_word' id='word_1_83' title='bbox 2909 644 3014 713; x_wconf 76' lang='grc' dir='ltr'>γὰρ</span> <span class='ocrx_word' id='word_1_84' title='bbox 3055 643 3384 696; x_wconf 87' lang='grc' dir='ltr'>διατείνεται</span> <span class='ocrx_word' id='word_1_85' title='bbox 3414 644 3497 695; x_wconf 77' lang='grc' dir='ltr'>ὅτι</span> <span class='ocrx_word' id='word_1_86' title='bbox 3530 660 3633 693; x_wconf 84' lang='grc' dir='ltr'>σω-</span> 
     </span>
    </p>
   </div>
   <div class='ocr_carea' id='block_1_15' title="bbox 2069 724 3685 848">
    <p class='ocr_par' dir='ltr' id='par_1_15' title="bbox 2069 724 3685 848">
     <span class='ocr_line' id='line_1_15' title="bbox 2069 724 3685 848; baseline -0.001 -61"><span class='ocrx_word' id='word_1_87' title='bbox 2069 734 2226 803; x_wconf 78' lang='grc' dir='ltr'>θῆναι</span> <span class='ocrx_word' id='word_1_88' title='bbox 2263 736 2547 804; x_wconf 75' lang='grc' dir='ltr'>μέλλουσιν</span> <span class='ocrx_word' id='word_1_89' title='bbox 2592 737 2641 788; x_wconf 88' lang='grc' dir='ltr'><strong>οί</strong></span> <span class='ocrx_word' id='word_1_90' title='bbox 2696 737 2974 800; x_wconf 80' lang='grc' dir='ltr'>δαίμονες,</span> <span class='ocrx_word' id='word_1_91' title='bbox 3004 734 3081 804; x_wconf 82' lang='grc' dir='ltr'>τῷ</span> <span class='ocrx_word' id='word_1_92' title='bbox 3125 736 3389 805; x_wconf 81' lang='grc' dir='ltr'>Ὠριγένει</span> <span class='ocrx_word' id='word_1_93' title='bbox 3416 734 3633 787; x_wconf 79' lang='grc' dir='ltr'>ἀκολου·</span> <span class='ocrx_word' id='word_1_94' title='bbox 3668 724 3685 848; x_wconf 51' lang='grc' dir='ltr'><em>ἔ</em></span> 
     </span>
     <span class='ocr_line' id='line_1_16' title="bbox 2070 822 3600 848; baseline 0 0"><span class='ocrx_word' id='word_1_95' title='bbox 2070 822 2178 848; x_wconf 52' lang='grc' dir='ltr'><strong>αἶ’...</strong></span> <span class='ocrx_word' id='word_1_96' title='bbox 2239 824 2310 848; x_wconf 40' lang='grc' dir='ltr'><strong>[ἸλθΔ</strong></span> <span class='ocrx_word' id='word_1_97' title='bbox 2353 825 2453 848; x_wconf 65' lang='grc'><strong>..3.,.</strong></span> <span class='ocrx_word' id='word_1_98' title='bbox 2498 825 2622 848; x_wconf 54' lang='grc' dir='ltr'><strong>ζἼἾιὶ.</strong></span> <span class='ocrx_word' id='word_1_99' title='bbox 2660 827 2748 848; x_wconf 50' lang='grc' dir='ltr'><strong>--μς</strong></span> <span class='ocrx_word' id='word_1_100' title='bbox 2799 825 2918 848; x_wconf 30' lang='grc' dir='ltr'><strong>--εἴ</strong></span> <span class='ocrx_word' id='word_1_101' title='bbox 2972 826 3057 848; x_wconf 48' lang='lat' dir='ltr'><strong>AA:</strong></span> <span class='ocrx_word' id='word_1_102' title='bbox 3097 827 3224 848; x_wconf 33' lang='lat' dir='ltr'><strong>~_A_.</strong></span> <span class='ocrx_word' id='word_1_103' title='bbox 3277 826 3432 848; x_wconf 38' lang='grc' dir='ltr'><strong>..λθ-,ξ</strong></span> <span class='ocrx_word' id='word_1_104' title='bbox 3481 828 3600 848; x_wconf 68' lang='lat'><strong>1--_-</strong></span> 
     </span>
    </p>
   </div>
   <div class='ocr_carea' id='block_1_16' title="bbox 2070 822 3671 903">
    <p class='ocr_par' dir='ltr' id='par_1_16' title="bbox 2070 822 3671 903">
     <span class='ocr_line' id='line_1_17' title="bbox 2070 822 3671 903; baseline 0 -26"><span class='ocrx_word' id='word_1_105' title='bbox 2070 822 2199 877; x_wconf 90' lang='grc' dir='ltr'>θῶν.</span> <span class='ocrx_word' id='word_1_106' title='bbox 2239 824 2312 875; x_wconf 68' lang='grc' dir='ltr'><strong>Οὔ</strong></span> <span class='ocrx_word' id='word_1_107' title='bbox 2351 825 2454 893; x_wconf 74' lang='grc' dir='ltr'>μὴν</span> <span class='ocrx_word' id='word_1_108' title='bbox 2494 825 2624 876; x_wconf 69' lang='grc' dir='ltr'>ἀλλὰ</span> <span class='ocrx_word' id='word_1_109' title='bbox 2660 827 2753 878; x_wconf 73' lang='grc' dir='ltr'>καὶ</span> <span class='ocrx_word' id='word_1_110' title='bbox 2796 825 2923 903; x_wconf 63' lang='grc' dir='ltr'>περὶ</span> <span class='ocrx_word' id='word_1_111' title='bbox 2970 826 3060 879; x_wconf 88' lang='grc' dir='ltr'><strong>τοῦ</strong></span> <span class='ocrx_word' id='word_1_112' title='bbox 3094 827 3224 897; x_wconf 78' lang='grc' dir='ltr'>παρ’</span> <span class='ocrx_word' id='word_1_113' title='bbox 3273 826 3435 879; x_wconf 78' lang='grc' dir='ltr'>αὐτοῦ</span> <span class='ocrx_word' id='word_1_114' title='bbox 3478 828 3632 878; x_wconf 84' lang='grc' dir='ltr'>ὲκτε-</span> <span class='ocrx_word' id='word_1_115' title='bbox 3668 822 3671 867; x_wconf 62' lang='grc'><strong><em>⁸</em></strong></span> 
     </span>
    </p>
   </div>
   <div class='ocr_carea' id='block_1_17' title="bbox 2070 914 3627 987">
    <p class='ocr_par' dir='ltr' id='par_1_17' title="bbox 2070 914 3627 987">
     <span class='ocr_line' id='line_1_18' title="bbox 2070 914 3627 987; baseline 0 -22"><span class='ocrx_word' id='word_1_116' title='bbox 2070 914 2254 978; x_wconf 81' lang='grc' dir='ltr'><strong>θέντος</strong></span> <span class='ocrx_word' id='word_1_117' title='bbox 2290 916 2476 983; x_wconf 74' lang='grc' dir='ltr'>νόμου,</span> <span class='ocrx_word' id='word_1_118' title='bbox 2519 915 2609 967; x_wconf 84' lang='grc' dir='ltr'><strong>τοῦ</strong></span> <span class='ocrx_word' id='word_1_119' title='bbox 2651 918 2873 986; x_wconf 66' lang='grc' dir='ltr'>Κορρἀν</span> <span class='ocrx_word' id='word_1_120' title='bbox 2912 917 3177 987; x_wconf 77' lang='grc' dir='ltr'>δηλονότι,</span> <span class='ocrx_word' id='word_1_121' title='bbox 3198 919 3408 985; x_wconf 76' lang='grc' dir='ltr'>οὑτωσί</span> <span class='ocrx_word' id='word_1_122' title='bbox 3443 934 3627 985; x_wconf 79' lang='grc' dir='ltr'>φησιν,</span> 
     </span>
    </p>
   </div>
   <div class='ocr_carea' id='block_1_18' title="bbox 394 1010 3627 1085">
    <p class='ocr_par' dir='ltr' id='par_1_18' title="bbox 394 1010 3627 1085">
     <span class='ocr_line' id='line_1_19' title="bbox 394 1010 3627 1085; baseline -0.001 -20"><span class='ocrx_word' id='word_1_123' title='bbox 394 1013 477 1065; x_wconf 84' lang='grc' dir='ltr'>ὅτι</span> <span class='ocrx_word' id='word_1_124' title='bbox 516 1014 680 1085; x_wconf 81' lang='grc' dir='ltr'>πολλὴ</span> <span class='ocrx_word' id='word_1_125' title='bbox 725 1015 833 1068; x_wconf 89' lang='grc' dir='ltr'><strong>τῶν</strong></span> <span class='ocrx_word' id='word_1_126' title='bbox 863 1016 1136 1084; x_wconf 84' lang='grc' dir='ltr'><strong>δαιμόνων</strong></span> <span class='ocrx_word' id='word_1_127' title='bbox 1201 1012 1432 1083; x_wconf 83' lang='grc' dir='ltr'>πληθὺς,</span> <span class='ocrx_word' id='word_1_128' title='bbox 1474 1010 1632 1064; x_wconf 85' lang='grc' dir='ltr'>τοῦτο</span> <span class='ocrx_word' id='word_1_129' title='bbox 1696 1011 2025 1073; x_wconf 78' lang='grc' dir='ltr'>ἀκούσαντες</span> <span class='ocrx_word' id='word_1_130' title='bbox 2062 1011 2593 1080; x_wconf 78' lang='grc' dir='ltr'>ἀναγινωσκόμενον,</span> <span class='ocrx_word' id='word_1_131' title='bbox 2665 1010 3024 1081; x_wconf 63' lang='grc' dir='ltr'>ἐθαύμασαν,</span> <span class='ocrx_word' id='word_1_132' title='bbox 3078 1015 3170 1066; x_wconf 78' lang='grc' dir='ltr'><strong>καὶ</strong></span> <span class='ocrx_word' id='word_1_133' title='bbox 3230 1013 3377 1066; x_wconf 65' lang='grc' dir='ltr'>τοῦθ’</span> <span class='ocrx_word' id='word_1_134' title='bbox 3446 1013 3627 1064; x_wconf 75' lang='grc' dir='ltr'>ἕνεκεν</span> 
     </span>
    </p>
   </div>
   <div class='ocr_carea' id='block_1_19' title="bbox 393 1107 3628 1179">
    <p class='ocr_par' dir='ltr' id='par_1_19' title="bbox 393 1107 3628 1179">
     <span class='ocr_line' id='line_1_20' title="bbox 393 1107 3628 1179; baseline -0.001 -17"><span class='ocrx_word' id='word_1_135' title='bbox 393 1109 689 1179; x_wconf 75' lang='grc' dir='ltr'><strong>ἐχάρησαν,</strong></span> <span class='ocrx_word' id='word_1_136' title='bbox 726 1114 819 1163; x_wconf 73' lang='grc' dir='ltr'>καὶ</span> <span class='ocrx_word' id='word_1_137' title='bbox 860 1111 1243 1169; x_wconf 72' lang='grc' dir='ltr'><strong>πιστεύσαντες</strong></span> <span class='ocrx_word' id='word_1_138' title='bbox 1275 1109 1443 1177; x_wconf 75' lang='grc' dir='ltr'>αὐτῷ,</span> <span class='ocrx_word' id='word_1_139' title='bbox 1488 1108 1791 1175; x_wconf 76' lang='grc' dir='ltr'>ἐσώθησαν,</span> <span class='ocrx_word' id='word_1_140' title='bbox 1824 1108 1947 1169; x_wconf 59' lang='lat' dir='ltr'><strong>HJ);</strong></span> <span class='ocrx_word' id='word_1_141' title='bbox 1987 1107 2096 1175; x_wconf 81' lang='grc' dir='ltr'>γὰρ</span> <span class='ocrx_word' id='word_1_142' title='bbox 2135 1108 2359 1160; x_wconf 70' lang='grc' dir='ltr'>δύναταί</span> <span class='ocrx_word' id='word_1_143' title='bbox 2423 1124 2505 1169; x_wconf 85' lang='grc' dir='ltr'><strong>τις</strong></span> <span class='ocrx_word' id='word_1_144' title='bbox 2556 1108 2821 1175; x_wconf 65' lang='grc' dir='ltr'>σωθῆναι,</span> <span class='ocrx_word' id='word_1_145' title='bbox 2856 1109 2951 1162; x_wconf 72' lang='grc' dir='ltr'>ἐὰν</span> <span class='ocrx_word' id='word_1_146' title='bbox 3007 1112 3081 1179; x_wconf 81' lang='grc' dir='ltr'>μὴ</span> <span class='ocrx_word' id='word_1_147' title='bbox 3150 1112 3416 1177; x_wconf 81' lang='grc' dir='ltr'>πρότερον</span> <span class='ocrx_word' id='word_1_148' title='bbox 3467 1126 3628 1178; x_wconf 77' lang='grc' dir='ltr'>μετα-</span> 
     </span>
    </p>
   </div>
   <div class='ocr_carea' id='block_1_20' title="bbox 393 1200 3629 1274">
    <p class='ocr_par' dir='ltr' id='par_1_20' title="bbox 393 1200 3629 1274">
     <span class='ocr_line' id='line_1_21' title="bbox 393 1200 3629 1274; baseline 0.001 -25"><span class='ocrx_word' id='word_1_149' title='bbox 393 1203 616 1272; x_wconf 81' lang='grc' dir='ltr'>νοσήας,</span> <span class='ocrx_word' id='word_1_150' title='bbox 652 1204 855 1274; x_wconf 71' lang='grc' dir='ltr'>ποιήσῃ</span> <span class='ocrx_word' id='word_1_151' title='bbox 906 1202 1042 1270; x_wconf 77' lang='grc' dir='ltr'>ἔργα</span> <span class='ocrx_word' id='word_1_152' title='bbox 1080 1202 1203 1265; x_wconf 83' lang='grc' dir='ltr'>ἄξια</span> <span class='ocrx_word' id='word_1_153' title='bbox 1254 1200 1521 1271; x_wconf 79' lang='grc' dir='ltr'>ὲνωθῆναι</span> <span class='ocrx_word' id='word_1_154' title='bbox 1584 1201 1724 1268; x_wconf 75' lang='grc' dir='ltr'>Θεῷ,</span> <span class='ocrx_word' id='word_1_155' title='bbox 1772 1202 1865 1255; x_wconf 79' lang='grc' dir='ltr'>καὶ</span> <span class='ocrx_word' id='word_1_156' title='bbox 1908 1202 2025 1254; x_wconf 83' lang='grc' dir='ltr'>τότε</span> <span class='ocrx_word' id='word_1_157' title='bbox 2066 1202 2218 1269; x_wconf 89' lang='grc' dir='ltr'>φίλος</span> <span class='ocrx_word' id='word_1_158' title='bbox 2242 1202 2376 1253; x_wconf 80' lang='grc' dir='ltr'>Θεοῦ</span> <span class='ocrx_word' id='word_1_159' title='bbox 2405 1203 2650 1271; x_wconf 78' lang='grc' dir='ltr'>γένηται,</span> <span class='ocrx_word' id='word_1_160' title='bbox 2684 1205 2904 1266; x_wconf 72' lang='grc' dir='ltr'>ἐνωθεὶς</span> <span class='ocrx_word' id='word_1_161' title='bbox 2941 1203 3122 1272; x_wconf 81' lang='grc' dir='ltr'>αὺτῴ;</span> <span class='ocrx_word' id='word_1_162' title='bbox 3163 1203 3253 1271; x_wconf 78' lang='grc' dir='ltr'><strong>Τῷ</strong></span> <span class='ocrx_word' id='word_1_163' title='bbox 3284 1204 3401 1273; x_wconf 80' lang='grc' dir='ltr'><strong>Θεῷ</strong></span> <span class='ocrx_word' id='word_1_164' title='bbox 3425 1203 3477 1255; x_wconf 79' lang='grc' dir='ltr'>δὲ</span> <span class='ocrx_word' id='word_1_165' title='bbox 3506 1204 3629 1254; x_wconf 82' lang='grc' dir='ltr'><strong>ὲνω⁴</strong></span> 
     </span>
    </p>
   </div>
   <div class='ocr_carea' id='block_1_21' title="bbox 395 1291 3630 1363">
    <p class='ocr_par' dir='ltr' id='par_1_21' title="bbox 395 1291 3630 1363">
     <span class='ocr_line' id='line_1_22' title="bbox 395 1291 3630 1363; baseline 0.001 -21"><span class='ocrx_word' id='word_1_166' title='bbox 395 1291 527 1355; x_wconf 76' lang='grc' dir='ltr'>θεὶς,</span> <span class='ocrx_word' id='word_1_167' title='bbox 577 1292 904 1359; x_wconf 79' lang='grc' dir='ltr'><strong>κληρονομεῖ</strong></span> <span class='ocrx_word' id='word_1_168' title='bbox 943 1294 1218 1361; x_wconf 79' lang='grc' dir='ltr'>σωτηρίαν</span> <span class='ocrx_word' id='word_1_169' title='bbox 1262 1292 1352 1343; x_wconf 75' lang='grc' dir='ltr'>καὶ</span> <span class='ocrx_word' id='word_1_170' title='bbox 1400 1291 1497 1361; x_wconf 84' lang='grc' dir='ltr'><strong>τὴν</strong></span> <span class='ocrx_word' id='word_1_171' title='bbox 1536 1291 1817 1360; x_wconf 80' lang='grc' dir='ltr'>βασιλείαν</span> <span class='ocrx_word' id='word_1_172' title='bbox 1854 1291 1960 1343; x_wconf 87' lang='grc' dir='ltr'><strong>τῶν</strong></span> <span class='ocrx_word' id='word_1_173' title='bbox 1998 1292 2267 1360; x_wconf 77' lang='grc' dir='ltr'>οὐρανῶν,</span> <span class='ocrx_word' id='word_1_174' title='bbox 2302 1292 2379 1343; x_wconf 81' lang='grc' dir='ltr'>ἔτι</span> <span class='ocrx_word' id='word_1_175' title='bbox 2420 1310 2481 1360; x_wconf 83' lang='grc' dir='ltr'>γε</span> <span class='ocrx_word' id='word_1_176' title='bbox 2518 1292 2625 1363; x_wconf 79' lang='grc' dir='ltr'><strong>μὴν</strong></span> <span class='ocrx_word' id='word_1_177' title='bbox 2689 1296 2779 1346; x_wconf 71' lang='grc' dir='ltr'>καὶ</span> <span class='ocrx_word' id='word_1_178' title='bbox 2816 1293 2963 1361; x_wconf 80' lang='grc' dir='ltr'><strong>ζωὴν</strong></span> <span class='ocrx_word' id='word_1_179' title='bbox 3004 1293 3100 1363; x_wconf 83' lang='grc' dir='ltr'><strong>τὴν</strong></span> <span class='ocrx_word' id='word_1_180' title='bbox 3134 1295 3375 1348; x_wconf 78' lang='grc' dir='ltr'>αἰώνιον.</span> <span class='ocrx_word' id='word_1_181' title='bbox 3438 1295 3630 1345; x_wconf 75' lang='grc' dir='ltr'>Τοιαύο</span> 
     </span>
    </p>
   </div>
   <div class='ocr_carea' id='block_1_22' title="bbox 393 1381 2524 1454">
    <p class='ocr_par' dir='ltr' id='par_1_22' title="bbox 393 1381 2524 1454">
     <span class='ocr_line' id='line_1_23' title="bbox 393 1381 2524 1454; baseline 0.001 -19"><span class='ocrx_word' id='word_1_182' title='bbox 393 1400 493 1442; x_wconf 85' lang='grc' dir='ltr'><strong>τας</strong></span> <span class='ocrx_word' id='word_1_183' title='bbox 559 1383 715 1446; x_wconf 75' lang='grc' dir='ltr'>δόξας</span> <span class='ocrx_word' id='word_1_184' title='bbox 762 1381 874 1451; x_wconf 76' lang='grc' dir='ltr'>ἔχει</span> <span class='ocrx_word' id='word_1_185' title='bbox 924 1384 1049 1452; x_wconf 75' lang='grc' dir='ltr'>περὶ</span> <span class='ocrx_word' id='word_1_186' title='bbox 1096 1383 1189 1436; x_wconf 89' lang='grc' dir='ltr'><strong>τοῦ</strong></span> <span class='ocrx_word' id='word_1_187' title='bbox 1262 1384 1510 1439; x_wconf 78' lang='grc' dir='ltr'>διαϐόλου</span> <span class='ocrx_word' id='word_1_188' title='bbox 1554 1384 1584 1436; x_wconf 90' lang='lat'><strong>6</strong></span> <span class='ocrx_word' id='word_1_189' title='bbox 1626 1383 1738 1446; x_wconf 83' lang='grc' dir='ltr'>υίὸς</span> <span class='ocrx_word' id='word_1_190' title='bbox 1779 1382 1945 1436; x_wconf 83' lang='grc' dir='ltr'>αὐτοῦ</span> <span class='ocrx_word' id='word_1_191' title='bbox 2004 1386 2031 1436; x_wconf 98' lang='lat'><strong>6</strong></span> <span class='ocrx_word' id='word_1_192' title='bbox 2069 1384 2339 1454; x_wconf 84' lang='grc' dir='ltr'>Μωάμεθ,</span> <span class='ocrx_word' id='word_1_193' title='bbox 2387 1384 2524 1437; x_wconf 71' lang='grc' dir='ltr'>ὥστε</span> 
     </span>
    </p>
   </div>
   <div class='ocr_carea' id='block_1_23' title="bbox 2574 1386 3632 1458">
    <p class='ocr_par' dir='ltr' id='par_1_23' title="bbox 2574 1386 3632 1458">
     <span class='ocr_line' id='line_1_24' title="bbox 2574 1386 3632 1458; baseline 0.003 -20"><span class='ocrx_word' id='word_1_194' title='bbox 2574 1386 2677 1438; x_wconf 68' lang='grc' dir='ltr'><strong>κᾶν</strong></span> <span class='ocrx_word' id='word_1_195' title='bbox 2742 1390 2837 1439; x_wconf 71' lang='grc' dir='ltr'><strong>καὶ</strong></span> <span class='ocrx_word' id='word_1_196' title='bbox 2892 1390 2957 1458; x_wconf 85' lang='grc' dir='ltr'>τῇ</span> <span class='ocrx_word' id='word_1_197' title='bbox 2994 1386 3135 1451; x_wconf 88' lang='grc' dir='ltr'>λέξει</span> <span class='ocrx_word' id='word_1_198' title='bbox 3185 1390 3443 1458; x_wconf 77' lang='grc' dir='ltr'>ἐφείσατο</span> <span class='ocrx_word' id='word_1_199' title='bbox 3480 1386 3632 1441; x_wconf 85' lang='grc' dir='ltr'>τοῦτο</span> 
     </span>
    </p>
   </div>
   <div class='ocr_carea' id='block_1_24' title="bbox 394 1478 2837 1552">
    <p class='ocr_par' dir='ltr' id='par_1_24' title="bbox 394 1478 2837 1552">
     <span class='ocr_line' id='line_1_25' title="bbox 394 1478 2837 1552; baseline 0 -17"><span class='ocrx_word' id='word_1_200' title='bbox 394 1480 594 1545; x_wconf 82' lang='grc' dir='ltr'>εἰπεῖν,</span> <span class='ocrx_word' id='word_1_201' title='bbox 630 1478 948 1548; x_wconf 69' lang='grc' dir='ltr'>φίλονιθεοῦ</span> <span class='ocrx_word' id='word_1_202' title='bbox 987 1478 1078 1531; x_wconf 80' lang='grc' dir='ltr'><strong>τὸν</strong></span> <span class='ocrx_word' id='word_1_203' title='bbox 1108 1479 1378 1543; x_wconf 75' lang='grc' dir='ltr'>διάϐολον,</span> <span class='ocrx_word' id='word_1_204' title='bbox 1415 1480 1550 1533; x_wconf 84' lang='grc' dir='ltr'>ἀλλά</span> <span class='ocrx_word' id='word_1_205' title='bbox 1583 1497 1645 1547; x_wconf 84' lang='grc' dir='ltr'>γε</span> <span class='ocrx_word' id='word_1_206' title='bbox 1678 1480 1753 1547; x_wconf 82' lang='grc' dir='ltr'>τῷ</span> <span class='ocrx_word' id='word_1_207' title='bbox 1786 1478 2071 1549; x_wconf 78' lang='grc' dir='ltr'><strong>πράγματι</strong></span> <span class='ocrx_word' id='word_1_208' title='bbox 2104 1478 2275 1542; x_wconf 72' lang='grc' dir='ltr'>οὕτως</span> <span class='ocrx_word' id='word_1_209' title='bbox 2304 1481 2465 1532; x_wconf 62' lang='grc' dir='ltr'>αὑτὸν</span> <span class='ocrx_word' id='word_1_210' title='bbox 2497 1483 2837 1552; x_wconf 82' lang='grc' dir='ltr'>ἀπεφήνατο.</span> 
     </span>
    </p>
   </div>
   <div class='ocr_carea' id='block_1_25' title="bbox 698 1612 1657 1668">
    <p class='ocr_par' dir='ltr' id='par_1_25' title="bbox 698 1612 1657 1668">
     <span class='ocr_line' id='line_1_26' title="bbox 698 1612 1657 1668; baseline 0 -3"><span class='ocrx_word' id='word_1_211' title='bbox 698 1612 764 1666; x_wconf 83' lang='lat' dir='ltr'><strong>IN</strong></span> <span class='ocrx_word' id='word_1_212' title='bbox 803 1612 1235 1668; x_wconf 82' lang='grc' dir='ltr'><strong>ΜΛΗΟΜΕΤΕΜ</strong></span> <span class='ocrx_word' id='word_1_213' title='bbox 1275 1612 1529 1667; x_wconf 76' lang='lat' dir='ltr'><strong>ORATIO</strong></span> <span class='ocrx_word' id='word_1_214' title='bbox 1570 1612 1657 1666; x_wconf 93' lang='lat' dir='ltr'><strong>Ill.</strong></span> 
     </span>
    </p>
   </div>
   <div class='ocr_carea' id='block_1_26' title="bbox 469 1723 1958 1796">
    <p class='ocr_par' dir='ltr' id='par_1_26' title="bbox 469 1723 1958 1796">
     <span class='ocr_line' id='line_1_27' title="bbox 469 1723 1958 1796; baseline -0.004 -13"><span class='ocrx_word' id='word_1_215' title='bbox 469 1726 995 1796; x_wconf 71' lang='lat' dir='ltr'><strong>LQuandoquidem</strong></span> <span class='ocrx_word' id='word_1_216' title='bbox 1027 1725 1095 1779; x_wconf 84' lang='lat' dir='ltr'><strong>de</strong></span> <span class='ocrx_word' id='word_1_217' title='bbox 1124 1725 1377 1779; x_wconf 79' lang='lat' dir='ltr'><strong>absurdis</strong></span> <span class='ocrx_word' id='word_1_218' title='bbox 1418 1724 1743 1793; x_wconf 82' lang='lat' dir='ltr'><strong>quihusdam</strong></span> <span class='ocrx_word' id='word_1_219' title='bbox 1776 1723 1958 1778; x_wconf 83' lang='lat' dir='ltr'><strong>Maho-</strong></span> 
     </span>
    </p>
   </div>
   <div class='ocr_carea' id='block_1_27' title="bbox 396 1816 1963 1887">
    <p class='ocr_par' dir='ltr' id='par_1_27' title="bbox 396 1816 1963 1887">
     <span class='ocr_line' id='line_1_28' title="bbox 396 1816 1963 1887; baseline -0.003 -14"><span class='ocrx_word' id='word_1_220' title='bbox 396 1829 557 1874; x_wconf 84' lang='lat' dir='ltr'><strong>rnetts</strong></span> <span class='ocrx_word' id='word_1_221' title='bbox 598 1818 951 1887; x_wconf 77' lang='lat' dir='ltr'><strong>Opinionihus</strong></span> <span class='ocrx_word' id='word_1_222' title='bbox 1000 1816 1239 1870; x_wconf 68' lang='lat' dir='ltr'><strong>diximus</strong></span> <span class='ocrx_word' id='word_1_223' title='bbox 1294 1817 1565 1883; x_wconf 86' lang='lat' dir='ltr'><strong>superius,</strong></span> <span class='ocrx_word' id='word_1_224' title='bbox 1606 1816 1963 1885; x_wconf 86' lang='lat' dir='ltr'><strong>inspiciamus</strong></span> 
     </span>
    </p>
   </div>
   <div class='ocr_carea' id='block_1_28' title="bbox 2319 1610 3385 1668">
    <p class='ocr_par' dir='ltr' id='par_1_28' title="bbox 2319 1610 3385 1668">
     <span class='ocr_line' id='line_1_29' title="bbox 2319 1610 3385 1668; baseline 0.005 -6"><span class='ocrx_word' id='word_1_225' title='bbox 2319 1610 2506 1664; x_wconf 76' lang='grc' dir='ltr'>ΚΑΤΑ</span> <span class='ocrx_word' id='word_1_226' title='bbox 2546 1610 2683 1664; x_wconf 83' lang='grc' dir='ltr'><strong>ΤΟΥ</strong></span> <span class='ocrx_word' id='word_1_227' title='bbox 2721 1611 3014 1668; x_wconf 80' lang='grc' dir='ltr'><strong>ΜΩΔΜΕΘ</strong></span> <span class='ocrx_word' id='word_1_228' title='bbox 3052 1612 3268 1667; x_wconf 81' lang='grc' dir='ltr'><strong>ΛΟΓΟΣ</strong></span> <span class='ocrx_word' id='word_1_229' title='bbox 3310 1610 3385 1667; x_wconf 78' lang='grc' dir='ltr'><strong>Γ.</strong></span> 
     </span>
    </p>
   </div>
   <div class='ocr_carea' id='block_1_29' title="bbox 2140 1718 3630 1791">
    <p class='ocr_par' dir='ltr' id='par_1_29' title="bbox 2140 1718 3630 1791">
     <span class='ocr_line' id='line_1_30' title="bbox 2140 1718 3630 1791; baseline 0.001 -20"><span class='ocrx_word' id='word_1_230' title='bbox 2140 1726 2209 1773; x_wconf 85' lang='grc' dir='ltr'><strong>α’.</strong></span> <span class='ocrx_word' id='word_1_231' title='bbox 2261 1718 2482 1790; x_wconf 79' lang='grc' dir='ltr'>Ἐπειδὴ</span> <span class='ocrx_word' id='word_1_232' title='bbox 2511 1722 2641 1790; x_wconf 83' lang='grc' dir='ltr'>περί</span> <span class='ocrx_word' id='word_1_233' title='bbox 2681 1738 2841 1774; x_wconf 84' lang='grc' dir='ltr'>τινων</span> <span class='ocrx_word' id='word_1_234' title='bbox 2861 1719 2956 1774; x_wconf 85' lang='grc' dir='ltr'><strong>τοῦ</strong></span> <span class='ocrx_word' id='word_1_235' title='bbox 2983 1720 3229 1790; x_wconf 80' lang='grc' dir='ltr'>Μωάμεθ</span> <span class='ocrx_word' id='word_1_236' title='bbox 3264 1722 3630 1791; x_wconf 77' lang='grc' dir='ltr'>ἀτοπημάτων</span> 
     </span>
    </p>
   </div>
   <div class='ocr_carea' id='block_1_30' title="bbox 2071 1812 3633 1888">
    <p class='ocr_par' dir='ltr' id='par_1_30' title="bbox 2071 1812 3633 1888">
     <span class='ocr_line' id='line_1_31' title="bbox 2071 1812 3633 1888; baseline 0.001 -25"><span class='ocrx_word' id='word_1_237' title='bbox 2071 1812 2377 1879; x_wconf 79' lang='grc' dir='ltr'><strong>φθάσαντες</strong></span> <span class='ocrx_word' id='word_1_238' title='bbox 2429 1813 2676 1883; x_wconf 78' lang='grc' dir='ltr'>εἴπομεν,</span> <span class='ocrx_word' id='word_1_239' title='bbox 2717 1814 2869 1888; x_wconf 72' lang='grc' dir='ltr'>φέρε</span> <span class='ocrx_word' id='word_1_240' title='bbox 2920 1814 2984 1883; x_wconf 75' lang='grc' dir='ltr'>δὴ</span> <span class='ocrx_word' id='word_1_241' title='bbox 3052 1813 3407 1883; x_wconf 81' lang='grc' dir='ltr'><strong>σκεψώμεθα,</strong></span> <span class='ocrx_word' id='word_1_242' title='bbox 3475 1815 3633 1866; x_wconf 78' lang='grc' dir='ltr'>ὀποῖὰ</span> 
     </span>
    </p>
   </div>
   <div class='ocr_carea' id='block_1_31' title="bbox 400 1905 1966 1979">
    <p class='ocr_par' dir='ltr' id='par_1_31' title="bbox 400 1906 1965 1979">
     <span class='ocr_line' id='line_1_32' title="bbox 400 1906 1965 1979; baseline -0.002 -14"><span class='ocrx_word' id='word_1_243' title='bbox 400 1925 549 1965; x_wconf 82' lang='lat' dir='ltr'><strong>nunc</strong></span> <span class='ocrx_word' id='word_1_244' title='bbox 575 1923 825 1979; x_wconf 62' lang='lat' dir='ltr'><strong>quaenam</strong></span> <span class='ocrx_word' id='word_1_245' title='bbox 872 1910 938 1964; x_wconf 92' lang='lat' dir='ltr'><strong>de</strong></span> <span class='ocrx_word' id='word_1_246' title='bbox 974 1909 1256 1963; x_wconf 85' lang='lat' dir='ltr'><strong>Salvatore</strong></span> <span class='ocrx_word' id='word_1_247' title='bbox 1286 1918 1470 1962; x_wconf 86' lang='lat' dir='ltr'><strong>nostro</strong></span> <span class='ocrx_word' id='word_1_248' title='bbox 1501 1906 1721 1962; x_wconf 83' lang='lat' dir='ltr'><strong>Christo</strong></span> <span class='ocrx_word' id='word_1_249' title='bbox 1751 1918 1806 1961; x_wconf 88' lang='lat' dir='ltr'><strong>et</strong></span> <span class='ocrx_word' id='word_1_250' title='bbox 1834 1923 1965 1962; x_wconf 88' lang='lat' dir='ltr'><strong>vero</strong></span> 
     </span>
    </p>
   </div>
   <div class='ocr_carea' id='block_1_32' title="bbox 2075 1905 3632 1979">
    <p class='ocr_par' dir='ltr' id='par_1_32' title="bbox 2075 1905 3632 1976">
     <span class='ocr_line' id='line_1_33' title="bbox 2075 1905 3632 1976; baseline 0 -19"><span class='ocrx_word' id='word_1_251' title='bbox 2075 1921 2198 1957; x_wconf 78' lang='grc' dir='ltr'>ποτε</span> <span class='ocrx_word' id='word_1_252' title='bbox 2241 1907 2335 1959; x_wconf 71' lang='grc' dir='ltr'><strong>καὶ</strong></span> <span class='ocrx_word' id='word_1_253' title='bbox 2382 1907 2508 1976; x_wconf 69' lang='grc' dir='ltr'>’περὶ</span> <span class='ocrx_word' id='word_1_254' title='bbox 2542 1906 2633 1959; x_wconf 85' lang='grc' dir='ltr'><strong>τοῦ</strong></span> <span class='ocrx_word' id='word_1_255' title='bbox 2676 1907 2929 1976; x_wconf 76' lang='grc' dir='ltr'><strong>Σωτῆρος</strong></span> <span class='ocrx_word' id='word_1_256' title='bbox 2964 1906 3203 1975; x_wconf 82' lang='grc' dir='ltr'>Χριστοῦ</span> <span class='ocrx_word' id='word_1_257' title='bbox 3239 1907 3328 1959; x_wconf 84' lang='grc' dir='ltr'><strong>τοῦ</strong></span> <span class='ocrx_word' id='word_1_258' title='bbox 3374 1905 3632 1974; x_wconf 86' lang='grc' dir='ltr'>ἀληθινοῦ</span> 
     </span>
    </p>
   </div>
   <div class='ocr_carea' id='block_1_33' title="bbox 400 1999 1963 2063">
    <p class='ocr_par' dir='ltr' id='par_1_33' title="bbox 400 1999 1963 2063">
     <span class='ocr_line' id='line_1_34' title="bbox 400 1999 1963 2063; baseline -0.002 -7"><span class='ocrx_word' id='word_1_259' title='bbox 400 2003 509 2056; x_wconf 88' lang='lat' dir='ltr'><strong>Deo</strong></span> <span class='ocrx_word' id='word_1_260' title='bbox 565 2011 753 2055; x_wconf 83' lang='lat' dir='ltr'><strong>nostro</strong></span> <span class='ocrx_word' id='word_1_261' title='bbox 783 2001 950 2054; x_wconf 84' lang='lat' dir='ltr'><strong>miser</strong></span> <span class='ocrx_word' id='word_1_262' title='bbox 1003 2001 1093 2055; x_wconf 89' lang='lat' dir='ltr'><strong>ille</strong></span> <span class='ocrx_word' id='word_1_263' title='bbox 1144 2001 1341 2054; x_wconf 83' lang='lat' dir='ltr'><strong>sentiat</strong></span> <span class='ocrx_word' id='word_1_264' title='bbox 1386 2001 1709 2063; x_wconf 80' lang='lat' dir='ltr'><strong>doceatque.</strong></span> <span class='ocrx_word' id='word_1_265' title='bbox 1753 1999 1963 2053; x_wconf 79' lang='lat' dir='ltr'><strong>Revera</strong></span> 
     </span>
    </p>
   </div>
   <div class='ocr_carea' id='block_1_34' title="bbox 398 2087 1965 2156">
    <p class='ocr_par' dir='ltr' id='par_1_34' title="bbox 398 2087 1965 2156">
     <span class='ocr_line' id='line_1_35' title="bbox 398 2087 1965 2156; baseline -0.001 -13"><span class='ocrx_word' id='word_1_266' title='bbox 398 2093 547 2145; x_wconf 90' lang='lat' dir='ltr'><strong>enim</strong></span> <span class='ocrx_word' id='word_1_267' title='bbox 607 2091 711 2145; x_wconf 92' lang='lat' dir='ltr'><strong>hoc</strong></span> <span class='ocrx_word' id='word_1_268' title='bbox 745 2105 933 2144; x_wconf 86' lang='lat' dir='ltr'><strong>verum</strong></span> <span class='ocrx_word' id='word_1_269' title='bbox 964 2098 1091 2143; x_wconf 80' lang='lat' dir='ltr'><strong>est:</strong></span> <span class='ocrx_word' id='word_1_270' title='bbox 1129 2107 1145 2138; x_wconf 73' lang='grc' dir='ltr'><strong>ι</strong></span> <span class='ocrx_word' id='word_1_271' title='bbox 1206 2088 1347 2141; x_wconf 71' lang='grc' dir='ltr'>Ιὶὶιιι</span> <span class='ocrx_word' id='word_1_272' title='bbox 1395 2087 1659 2156; x_wconf 73' lang='lat' dir='ltr'><strong>insipiens</strong></span> <span class='ocrx_word' id='word_1_273' title='bbox 1714 2088 1769 2141; x_wconf 91' lang='lat' dir='ltr'><strong>iu</strong></span> <span class='ocrx_word' id='word_1_274' title='bbox 1801 2087 1965 2143; x_wconf 88' lang='lat' dir='ltr'><strong>corde</strong></span> 
     </span>
    </p>
   </div>
   <div class='ocr_carea' id='block_1_35' title="bbox 398 2178 1964 2247">
    <p class='ocr_par' dir='ltr' id='par_1_35' title="bbox 398 2178 1964 2247">
     <span class='ocr_line' id='line_1_36' title="bbox 398 2178 1964 2247; baseline -0.001 -11"><span class='ocrx_word' id='word_1_275' title='bbox 398 2197 521 2247; x_wconf 87' lang='lat' dir='ltr'><strong>suo,</strong></span> <span class='ocrx_word' id='word_1_276' title='bbox 546 2181 667 2236; x_wconf 85' lang='lat' dir='ltr'><strong>Non</strong></span> <span class='ocrx_word' id='word_1_277' title='bbox 706 2189 789 2235; x_wconf 88' lang='lat' dir='ltr'><strong>est</strong></span> <span class='ocrx_word' id='word_1_278' title='bbox 830 2181 975 2234; x_wconf 82' lang='lat' dir='ltr'><strong>Deus</strong></span> <span class='ocrx_word' id='word_1_279' title='bbox 1002 2180 1065 2232; x_wconf 82' lang='grc'><strong>⁵⁸.</strong></span> <span class='ocrx_word' id='word_1_280' title='bbox 1104 2198 1121 2231; x_wconf 76' lang='grc' dir='ltr'><strong>ι</strong></span> <span class='ocrx_word' id='word_1_281' title='bbox 1176 2179 1273 2233; x_wconf 86' lang='lat' dir='ltr'><strong>llic</strong></span> <span class='ocrx_word' id='word_1_282' title='bbox 1324 2178 1472 2233; x_wconf 92' lang='lat' dir='ltr'><strong>enim</strong></span> <span class='ocrx_word' id='word_1_283' title='bbox 1505 2178 1830 2234; x_wconf 75' lang='lat' dir='ltr'><strong>Trinitatem</strong></span> <span class='ocrx_word' id='word_1_284' title='bbox 1866 2196 1964 2234; x_wconf 79' lang='lat' dir='ltr'><strong>ne-</strong></span> 
     </span>
    </p>
   </div>
   <div class='ocr_carea' id='block_1_36' title="bbox 398 2269 1965 2341">
    <p class='ocr_par' dir='ltr' id='par_1_36' title="bbox 398 2269 1965 2341">
     <span class='ocr_line' id='line_1_37' title="bbox 398 2269 1965 2341; baseline -0.001 -16"><span class='ocrx_word' id='word_1_285' title='bbox 398 2280 509 2341; x_wconf 76' lang='lat' dir='ltr'><strong>gat,</strong></span> <span class='ocrx_word' id='word_1_286' title='bbox 542 2270 710 2326; x_wconf 86' lang='lat' dir='ltr'><strong>Deum</strong></span> <span class='ocrx_word' id='word_1_287' title='bbox 743 2278 925 2323; x_wconf 89' lang='lat' dir='ltr'><strong>tamen</strong></span> <span class='ocrx_word' id='word_1_288' title='bbox 979 2284 1099 2324; x_wconf 89' lang='lat' dir='ltr'><strong>esse</strong></span> <span class='ocrx_word' id='word_1_289' title='bbox 1136 2269 1337 2323; x_wconf 83' lang='lat' dir='ltr'><strong>fatetur</strong></span> <span class='ocrx_word' id='word_1_290' title='bbox 1396 2278 1697 2323; x_wconf 74' lang='lat' dir='ltr'><strong>creatorem</strong></span> <span class='ocrx_word' id='word_1_291' title='bbox 1755 2270 1877 2324; x_wconf 72' lang='grc' dir='ltr'><strong>(οωιὶ</strong></span> <span class='ocrx_word' id='word_1_292' title='bbox 1910 2279 1965 2324; x_wconf 90' lang='lat' dir='ltr'><strong>et</strong></span> 
     </span>
    </p>
   </div>
   <div class='ocr_carea' id='block_1_37' title="bbox 402 2358 1965 2431">
    <p class='ocr_par' dir='ltr' id='par_1_37' title="bbox 402 2358 1965 2431">
     <span class='ocr_line' id='line_1_38' title="bbox 402 2358 1965 2431; baseline -0.001 -17"><span class='ocrx_word' id='word_1_293' title='bbox 402 2372 589 2426; x_wconf 62' lang='lat' dir='ltr'><strong>terra,</strong></span> <span class='ocrx_word' id='word_1_294' title='bbox 618 2360 935 2431; x_wconf 81' lang='lat' dir='ltr'><strong>angelorum</strong></span> <span class='ocrx_word' id='word_1_295' title='bbox 971 2369 1029 2413; x_wconf 91' lang='lat' dir='ltr'><strong>et</strong></span> <span class='ocrx_word' id='word_1_296' title='bbox 1067 2358 1375 2422; x_wconf 84' lang='lat' dir='ltr'><strong>hominum,</strong></span> <span class='ocrx_word' id='word_1_297' title='bbox 1408 2360 1701 2427; x_wconf 79' lang='lat' dir='ltr'><strong>omnisque</strong></span> <span class='ocrx_word' id='word_1_298' title='bbox 1748 2369 1965 2413; x_wconf 57' lang='lat' dir='ltr'><strong>crealuo</strong></span> 
     </span>
    </p>
   </div>
   <div class='ocr_carea' id='block_1_38' title="bbox 400 2450 1967 2519">
    <p class='ocr_par' dir='ltr' id='par_1_38' title="bbox 400 2450 1967 2519">
     <span class='ocr_line' id='line_1_39' title="bbox 400 2450 1967 2519; baseline -0.003 -12"><span class='ocrx_word' id='word_1_299' title='bbox 400 2469 496 2517; x_wconf 68' lang='lat' dir='ltr'><strong>rte,</strong></span> <span class='ocrx_word' id='word_1_300' title='bbox 538 2452 706 2507; x_wconf 81' lang='lat' dir='ltr'><strong>[illum</strong></span> <span class='ocrx_word' id='word_1_301' title='bbox 768 2467 879 2505; x_wconf 91' lang='lat' dir='ltr'><strong>non</strong></span> <span class='ocrx_word' id='word_1_302' title='bbox 929 2450 1244 2515; x_wconf 85' lang='lat' dir='ltr'><strong>habentem,</strong></span> <span class='ocrx_word' id='word_1_303' title='bbox 1286 2459 1473 2519; x_wconf 89' lang='lat' dir='ltr'><strong>utpote</strong></span> <span class='ocrx_word' id='word_1_304' title='bbox 1520 2464 1646 2503; x_wconf 90' lang='lat' dir='ltr'><strong>cum</strong></span> <span class='ocrx_word' id='word_1_305' title='bbox 1694 2450 1812 2505; x_wconf 89' lang='lat' dir='ltr'><strong>sine</strong></span> <span class='ocrx_word' id='word_1_306' title='bbox 1850 2466 1967 2504; x_wconf 90' lang='lat' dir='ltr'><strong>mu-</strong></span> 
     </span>
    </p>
   </div>
   <div class='ocr_carea' id='block_1_39' title="bbox 401 2541 1966 2612">
    <p class='ocr_par' dir='ltr' id='par_1_39' title="bbox 401 2541 1966 2612">
     <span class='ocr_line' id='line_1_40' title="bbox 401 2541 1966 2612; baseline -0.001 -15"><span class='ocrx_word' id='word_1_307' title='bbox 401 2544 535 2598; x_wconf 89' lang='lat' dir='ltr'><strong>liere</strong></span> <span class='ocrx_word' id='word_1_308' title='bbox 598 2542 744 2598; x_wconf 87' lang='lat' dir='ltr'><strong>hunc</strong></span> <span class='ocrx_word' id='word_1_309' title='bbox 796 2541 1051 2612; x_wconf 72' lang='lat' dir='ltr'><strong>genuisse</strong></span> <span class='ocrx_word' id='word_1_310' title='bbox 1115 2556 1227 2596; x_wconf 91' lang='lat' dir='ltr'><strong>non</strong></span> <span class='ocrx_word' id='word_1_311' title='bbox 1278 2541 1349 2596; x_wconf 85' lang='lat' dir='ltr'><strong>sit</strong></span> <span class='ocrx_word' id='word_1_312' title='bbox 1401 2541 1683 2610; x_wconf 87' lang='lat' dir='ltr'><strong>possibile,</strong></span> <span class='ocrx_word' id='word_1_313' title='bbox 1723 2541 1966 2597; x_wconf 81' lang='lat' dir='ltr'><strong>haeretici</strong></span> 
     </span>
    </p>
   </div>
   <div class='ocr_carea' id='block_1_40' title="bbox 401 2632 1967 2702">
    <p class='ocr_par' dir='ltr' id='par_1_40' title="bbox 401 2632 1967 2702">
     <span class='ocr_line' id='line_1_41' title="bbox 401 2632 1967 2702; baseline -0.002 -13"><span class='ocrx_word' id='word_1_314' title='bbox 401 2633 745 2702; x_wconf 82' lang='lat' dir='ltr'><strong>Carpocratis</strong></span> <span class='ocrx_word' id='word_1_315' title='bbox 774 2632 1092 2700; x_wconf 79' lang='lat' dir='ltr'><strong>Opinionem</strong></span> <span class='ocrx_word' id='word_1_316' title='bbox 1137 2640 1381 2695; x_wconf 89' lang='lat' dir='ltr'><strong>secutus,</strong></span> <span class='ocrx_word' id='word_1_317' title='bbox 1425 2635 1697 2685; x_wconf 87' lang='lat' dir='ltr'><strong>carnalem</strong></span> <span class='ocrx_word' id='word_1_318' title='bbox 1735 2632 1967 2686; x_wconf 83' lang='lat' dir='ltr'><strong>arbitra-</strong></span> 
     </span>
    </p>
   </div>
   <div class='ocr_carea' id='block_1_41' title="bbox 405 2721 1964 2793">
    <p class='ocr_par' dir='ltr' id='par_1_41' title="bbox 405 2721 1964 2793">
     <span class='ocr_line' id='line_1_42' title="bbox 405 2721 1964 2793; baseline 0.001 -16"><span class='ocrx_word' id='word_1_319' title='bbox 405 2737 493 2779; x_wconf 87' lang='lat' dir='ltr'><strong>tus</strong></span> <span class='ocrx_word' id='word_1_320' title='bbox 552 2738 674 2778; x_wconf 87' lang='lat' dir='ltr'><strong>esse</strong></span> <span class='ocrx_word' id='word_1_321' title='bbox 747 2724 839 2777; x_wconf 87' lang='lat' dir='ltr'><strong>Dei</strong></span> <span class='ocrx_word' id='word_1_322' title='bbox 892 2722 1326 2793; x_wconf 74' lang='lat' dir='ltr'><strong>generationem.</strong></span> <span class='ocrx_word' id='word_1_323' title='bbox 1387 2721 1733 2791; x_wconf 86' lang='lat' dir='ltr'><strong>Quapropter</strong></span> <span class='ocrx_word' id='word_1_324' title='bbox 1800 2724 1964 2778; x_wconf 87' lang='lat' dir='ltr'><strong>etiam</strong></span> 
     </span>
    </p>
   </div>
   <div class='ocr_carea' id='block_1_42' title="bbox 400 2811 1969 2884">
    <p class='ocr_par' dir='ltr' id='par_1_42' title="bbox 400 2811 1969 2884">
     <span class='ocr_line' id='line_1_43' title="bbox 400 2811 1969 2884; baseline 0 -15"><span class='ocrx_word' id='word_1_325' title='bbox 400 2812 629 2870; x_wconf 87' lang='lat' dir='ltr'><strong>dissidia</strong></span> <span class='ocrx_word' id='word_1_326' title='bbox 684 2813 827 2867; x_wconf 89' lang='lat' dir='ltr'><strong>inter</strong></span> <span class='ocrx_word' id='word_1_327' title='bbox 882 2811 1051 2867; x_wconf 72' lang='lat' dir='ltr'><strong>[reum</strong></span> <span class='ocrx_word' id='word_1_328' title='bbox 1104 2811 1321 2867; x_wconf 79' lang='lat' dir='ltr'><strong>Patrem</strong></span> <span class='ocrx_word' id='word_1_329' title='bbox 1380 2818 1441 2868; x_wconf 88' lang='lat' dir='ltr'><strong>et</strong></span> <span class='ocrx_word' id='word_1_330' title='bbox 1483 2812 1679 2866; x_wconf 81' lang='lat' dir='ltr'><strong>Filium</strong></span> <span class='ocrx_word' id='word_1_331' title='bbox 1726 2829 1845 2868; x_wconf 88' lang='lat' dir='ltr'><strong>esse</strong></span> <span class='ocrx_word' id='word_1_332' title='bbox 1874 2829 1969 2884; x_wconf 88' lang='lat' dir='ltr'><strong>po-</strong></span> 
     </span>
    </p>
   </div>
   <div class='ocr_carea' id='block_1_43' title="bbox 404 2902 1968 2972">
    <p class='ocr_par' dir='ltr' id='par_1_43' title="bbox 404 2902 1968 2972">
     <span class='ocr_line' id='line_1_44' title="bbox 404 2902 1968 2972; baseline 0 -12"><span class='ocrx_word' id='word_1_333' title='bbox 404 2907 572 2961; x_wconf 81' lang='lat' dir='ltr'><strong>tuisse</strong></span> <span class='ocrx_word' id='word_1_334' title='bbox 597 2903 951 2959; x_wconf 77' lang='lat' dir='ltr'><strong>existimavit.</strong></span> <span class='ocrx_word' id='word_1_335' title='bbox 976 2902 1132 2969; x_wconf 82' lang='lat' dir='ltr'><strong>Quod</strong></span> <span class='ocrx_word' id='word_1_336' title='bbox 1169 2903 1217 2958; x_wconf 82' lang='lat' dir='ltr'><strong>si</strong></span> <span class='ocrx_word' id='word_1_337' title='bbox 1260 2902 1599 2972; x_wconf 88' lang='lat' dir='ltr'><strong>impossibile</strong></span> <span class='ocrx_word' id='word_1_338' title='bbox 1629 2913 1712 2958; x_wconf 91' lang='lat' dir='ltr'><strong>est</strong></span> <span class='ocrx_word' id='word_1_339' title='bbox 1744 2913 1801 2958; x_wconf 92' lang='lat' dir='ltr'><strong>ut</strong></span> <span class='ocrx_word' id='word_1_340' title='bbox 1826 2905 1968 2961; x_wconf 89' lang='lat' dir='ltr'><strong>Deus</strong></span> 
     </span>
    </p>
   </div>
   <div class='ocr_carea' id='block_1_44' title="bbox 403 2995 1967 3060">
    <p class='ocr_par' dir='ltr' id='par_1_44' title="bbox 403 2995 1967 3060">
     <span class='ocr_line' id='line_1_45' title="bbox 403 2995 1967 3060; baseline -0.002 -6"><span class='ocrx_word' id='word_1_341' title='bbox 403 2997 518 3054; x_wconf 87' lang='lat' dir='ltr'><strong>sine</strong></span> <span class='ocrx_word' id='word_1_342' title='bbox 564 2996 796 3052; x_wconf 88' lang='lat' dir='ltr'><strong>muliere</strong></span> <span class='ocrx_word' id='word_1_343' title='bbox 852 2995 1048 3050; x_wconf 85' lang='lat' dir='ltr'><strong>Filium</strong></span> <span class='ocrx_word' id='word_1_344' title='bbox 1092 2995 1314 3060; x_wconf 83' lang='lat' dir='ltr'><strong>habeat,</strong></span> <span class='ocrx_word' id='word_1_345' title='bbox 1365 2995 1553 3049; x_wconf 85' lang='lat' dir='ltr'><strong>dicant</strong></span> <span class='ocrx_word' id='word_1_346' title='bbox 1610 2995 1776 3049; x_wconf 87' lang='lat' dir='ltr'><strong>etiam</strong></span> <span class='ocrx_word' id='word_1_347' title='bbox 1812 2998 1967 3052; x_wconf 90' lang='lat' dir='ltr'><strong>illum</strong></span> 
     </span>
    </p>
   </div>
   <div class='ocr_carea' id='block_1_45' title="bbox 403 3087 1968 3158">
    <p class='ocr_par' dir='ltr' id='par_1_45' title="bbox 403 3087 1968 3158">
     <span class='ocr_line' id='line_1_46' title="bbox 403 3087 1968 3158; baseline -0.001 -15"><span class='ocrx_word' id='word_1_348' title='bbox 403 3102 507 3144; x_wconf 90' lang='lat' dir='ltr'><strong>nec</strong></span> <span class='ocrx_word' id='word_1_349' title='bbox 561 3097 865 3144; x_wconf 83' lang='lat' dir='ltr'><strong>creatorem</strong></span> <span class='ocrx_word' id='word_1_350' title='bbox 924 3101 1069 3152; x_wconf 89' lang='lat' dir='ltr'><strong>esse,</strong></span> <span class='ocrx_word' id='word_1_351' title='bbox 1110 3102 1211 3143; x_wconf 89' lang='lat' dir='ltr'><strong>nec</strong></span> <span class='ocrx_word' id='word_1_352' title='bbox 1256 3088 1508 3156; x_wconf 78' lang='lat' dir='ltr'><strong>opificem</strong></span> <span class='ocrx_word' id='word_1_353' title='bbox 1540 3087 1659 3141; x_wconf 88' lang='lat' dir='ltr'><strong>sine</strong></span> <span class='ocrx_word' id='word_1_354' title='bbox 1694 3089 1968 3158; x_wconf 86' lang='lat' dir='ltr'><strong>proposita</strong></span> 
     </span>
    </p>
   </div>
   <div class='ocr_carea' id='block_1_46' title="bbox 406 3177 1965 3251">
    <p class='ocr_par' dir='ltr' id='par_1_46' title="bbox 406 3177 1965 3251">
     <span class='ocr_line' id='line_1_47' title="bbox 406 3177 1965 3251; baseline 0 -16"><span class='ocrx_word' id='word_1_355' title='bbox 406 3180 512 3236; x_wconf 86' lang='lat' dir='ltr'><strong>sibi</strong></span> <span class='ocrx_word' id='word_1_356' title='bbox 554 3180 813 3246; x_wconf 85' lang='lat' dir='ltr'><strong>materia,</strong></span> <span class='ocrx_word' id='word_1_357' title='bbox 844 3180 997 3251; x_wconf 80' lang='lat' dir='ltr'><strong>juxta</strong></span> <span class='ocrx_word' id='word_1_358' title='bbox 1058 3177 1413 3248; x_wconf 78' lang='lat' dir='ltr'><strong>insipientum</strong></span> <span class='ocrx_word' id='word_1_359' title='bbox 1457 3178 1772 3234; x_wconf 72' lang='lat' dir='ltr'><strong>Gmcorum</strong></span> <span class='ocrx_word' id='word_1_360' title='bbox 1831 3179 1965 3239; x_wconf 84' lang='lat' dir='ltr'><strong>doc-</strong></span> 
     </span>
    </p>
   </div>
   <div class='ocr_carea' id='block_1_47' title="bbox 406 3274 899 3329">
    <p class='ocr_par' dir='ltr' id='par_1_47' title="bbox 406 3274 899 3329">
     <span class='ocr_line' id='line_1_48' title="bbox 406 3274 899 3329; baseline -0.01 0"><span class='ocrx_word' id='word_1_361' title='bbox 406 3274 623 3329; x_wconf 79' lang='lat' dir='ltr'><strong>trinam.</strong></span> <span class='ocrx_word' id='word_1_362' title='bbox 896 3276 899 3285; x_wconf 93' lang='lat'><em>‘</em></span> 
     </span>
    </p>
   </div>
   <div class='ocr_carea' id='block_1_48' title="bbox 472 3361 1973 3429">
    <p class='ocr_par' dir='ltr' id='par_1_48' title="bbox 472 3361 1973 3429">
     <span class='ocr_line' id='line_1_49' title="bbox 472 3361 1973 3429; baseline -0.001 -10"><span class='ocrx_word' id='word_1_363' title='bbox 472 3365 529 3419; x_wconf 73' lang='lat'><strong>2.</strong></span> <span class='ocrx_word' id='word_1_364' title='bbox 555 3364 614 3421; x_wconf 89' lang='lat' dir='ltr'><strong>Si</strong></span> <span class='ocrx_word' id='word_1_365' title='bbox 652 3378 783 3420; x_wconf 88' lang='lat' dir='ltr'><strong>vero</strong></span> <span class='ocrx_word' id='word_1_366' title='bbox 823 3363 968 3419; x_wconf 86' lang='lat' dir='ltr'><strong>Deus</strong></span> <span class='ocrx_word' id='word_1_367' title='bbox 996 3361 1193 3418; x_wconf 90' lang='lat' dir='ltr'><strong>Filium</strong></span> <span class='ocrx_word' id='word_1_368' title='bbox 1228 3361 1506 3429; x_wconf 87' lang='lat' dir='ltr'><strong>habuerit,</strong></span> <span class='ocrx_word' id='word_1_369' title='bbox 1542 3364 1709 3419; x_wconf 89' lang='lat' dir='ltr'><strong>etiam</strong></span> <span class='ocrx_word' id='word_1_370' title='bbox 1745 3362 1973 3418; x_wconf 88' lang='lat' dir='ltr'><strong>dissidia</strong></span> 
     </span>
    </p>
   </div>
   <div class='ocr_carea' id='block_1_49' title="bbox 404 3453 1972 3524">
    <p class='ocr_par' dir='ltr' id='par_1_49' title="bbox 404 3453 1972 3524">
     <span class='ocr_line' id='line_1_50' title="bbox 404 3453 1972 3524; baseline -0.003 -11"><span class='ocrx_word' id='word_1_371' title='bbox 404 3460 549 3513; x_wconf 86' lang='lat' dir='ltr'><strong>inter</strong></span> <span class='ocrx_word' id='word_1_372' title='bbox 606 3456 728 3510; x_wconf 86' lang='lat' dir='ltr'><strong>illos</strong></span> <span class='ocrx_word' id='word_1_373' title='bbox 774 3455 1143 3521; x_wconf 76' lang='lat' dir='ltr'><strong>exoriuntur,</strong></span> <span class='ocrx_word' id='word_1_374' title='bbox 1188 3463 1252 3510; x_wconf 91' lang='lat' dir='ltr'><strong>ut</strong></span> <span class='ocrx_word' id='word_1_375' title='bbox 1298 3454 1356 3508; x_wconf 89' lang='lat' dir='ltr'><strong>in</strong></span> <span class='ocrx_word' id='word_1_376' title='bbox 1413 3454 1591 3524; x_wconf 86' lang='lat' dir='ltr'><strong>capite</strong></span> <span class='ocrx_word' id='word_1_377' title='bbox 1646 3453 1972 3508; x_wconf 80' lang='lat' dir='ltr'><strong>Helmom&#39;im</strong></span> 
     </span>
    </p>
   </div>
   <div class='ocr_carea' id='block_1_50' title="bbox 403 3546 1973 3618">
    <p class='ocr_par' dir='ltr' id='par_1_50' title="bbox 403 3546 1973 3618">
     <span class='ocr_line' id='line_1_51' title="bbox 403 3546 1973 3618; baseline -0.004 -12"><span class='ocrx_word' id='word_1_378' title='bbox 403 3550 618 3615; x_wconf 75' lang='lat' dir='ltr'><strong>asserit,</strong></span> <span class='ocrx_word' id='word_1_379' title='bbox 645 3548 868 3604; x_wconf 66' lang='lat' dir='ltr'><strong>Judees</strong></span> <span class='ocrx_word' id='word_1_380' title='bbox 914 3548 1077 3604; x_wconf 87' lang='lat' dir='ltr'><strong>simul</strong></span> <span class='ocrx_word' id='word_1_381' title='bbox 1106 3556 1163 3603; x_wconf 91' lang='lat' dir='ltr'><strong>et</strong></span> <span class='ocrx_word' id='word_1_382' title='bbox 1197 3548 1375 3618; x_wconf 91' lang='lat' dir='ltr'><strong>ipsum</strong></span> <span class='ocrx_word' id='word_1_383' title='bbox 1412 3557 1639 3603; x_wconf 90' lang='lat' dir='ltr'><strong>secutus</strong></span> <span class='ocrx_word' id='word_1_384' title='bbox 1670 3546 1973 3617; x_wconf 81' lang='lat' dir='ltr'><strong>Carpocra-</strong></span> 
     </span>
    </p>
   </div>
   <div class='ocr_carea' id='block_1_51' title="bbox 406 3638 1971 3709">
    <p class='ocr_par' dir='ltr' id='par_1_51' title="bbox 406 3638 1971 3709">
     <span class='ocr_line' id='line_1_52' title="bbox 406 3638 1971 3709; baseline -0.003 -14"><span class='ocrx_word' id='word_1_385' title='bbox 406 3651 535 3696; x_wconf 89' lang='lat' dir='ltr'><strong>tem.</strong></span> <span class='ocrx_word' id='word_1_386' title='bbox 558 3640 671 3695; x_wconf 85' lang='lat' dir='ltr'><strong>Nos</strong></span> <span class='ocrx_word' id='word_1_387' title='bbox 711 3653 842 3694; x_wconf 86' lang='lat' dir='ltr'><strong>vero</strong></span> <span class='ocrx_word' id='word_1_388' title='bbox 869 3638 939 3693; x_wconf 90' lang='lat' dir='ltr'><strong>de</strong></span> <span class='ocrx_word' id='word_1_389' title='bbox 968 3638 1055 3693; x_wconf 89' lang='lat' dir='ltr'><strong>his</strong></span> <span class='ocrx_word' id='word_1_390' title='bbox 1090 3638 1404 3709; x_wconf 80' lang='lat' dir='ltr'><strong>singulatim</strong></span> <span class='ocrx_word' id='word_1_391' title='bbox 1442 3638 1496 3693; x_wconf 93' lang='lat' dir='ltr'><strong>in</strong></span> <span class='ocrx_word' id='word_1_392' title='bbox 1534 3639 1796 3708; x_wconf 80' lang='lat' dir='ltr'><strong>Apologia</strong></span> <span class='ocrx_word' id='word_1_393' title='bbox 1831 3638 1971 3692; x_wconf 79' lang='lat' dir='ltr'><strong>dixi-</strong></span> 
     </span>
    </p>
   </div>
   <div class='ocr_carea' id='block_1_52' title="bbox 404 3708 1971 3801">
    <p class='ocr_par' dir='ltr' id='par_1_52' title="bbox 404 3708 1971 3801">
     <span class='ocr_line' id='line_1_53' title="bbox 404 3708 1971 3801; baseline -0.001 -15"><span class='ocrx_word' id='word_1_394' title='bbox 404 3708 545 3795; x_wconf 64' lang='lat' dir='ltr'><strong>mus,</strong></span> <span class='ocrx_word' id='word_1_395' title='bbox 583 3739 941 3801; x_wconf 85' lang='lat' dir='ltr'><strong>quapropter,</strong></span> <span class='ocrx_word' id='word_1_396' title='bbox 988 3738 1048 3783; x_wconf 93' lang='lat' dir='ltr'><strong>ut</strong></span> <span class='ocrx_word' id='word_1_397' title='bbox 1108 3708 1273 3798; x_wconf 86' lang='lat' dir='ltr'><strong>supra</strong></span> <span class='ocrx_word' id='word_1_398' title='bbox 1306 3745 1522 3799; x_wconf 88' lang='lat' dir='ltr'><strong>quoque</strong></span> <span class='ocrx_word' id='word_1_399' title='bbox 1574 3730 1834 3796; x_wconf 70' lang='lat' dir='ltr'><strong>diximus,</strong></span> <span class='ocrx_word' id='word_1_400' title='bbox 1863 3746 1971 3784; x_wconf 92' lang='lat' dir='ltr'><strong>non</strong></span> 
     </span>
    </p>
   </div>
   <div class='ocr_carea' id='block_1_53' title="bbox 404 3820 1970 3888">
    <p class='ocr_par' dir='ltr' id='par_1_53' title="bbox 404 3820 1970 3888">
     <span class='ocr_line' id='line_1_54' title="bbox 404 3820 1970 3888; baseline 0 -13"><span class='ocrx_word' id='word_1_401' title='bbox 404 3822 749 3878; x_wconf 85' lang='lat' dir='ltr'><strong>instituimus</strong></span> <span class='ocrx_word' id='word_1_402' title='bbox 777 3821 845 3875; x_wconf 90' lang='lat' dir='ltr'><strong>de</strong></span> <span class='ocrx_word' id='word_1_403' title='bbox 882 3820 967 3874; x_wconf 89' lang='lat' dir='ltr'><strong>his</strong></span> <span class='ocrx_word' id='word_1_404' title='bbox 1013 3820 1290 3888; x_wconf 92' lang='lat' dir='ltr'><strong>copioslus</strong></span> <span class='ocrx_word' id='word_1_405' title='bbox 1322 3820 1678 3875; x_wconf 83' lang='lat' dir='ltr'><strong>contendere.</strong></span> <span class='ocrx_word' id='word_1_406' title='bbox 1704 3820 1970 3885; x_wconf 86' lang='lat' dir='ltr'><strong>Quoniam</strong></span> 
     </span>
    </p>
   </div>
   <div class='ocr_carea' id='block_1_54' title="bbox 402 3907 1969 3979">
    <p class='ocr_par' dir='ltr' id='par_1_54' title="bbox 402 3907 1969 3979">
     <span class='ocr_line' id='line_1_55' title="bbox 402 3907 1969 3979; baseline -0.002 -14"><span class='ocrx_word' id='word_1_407' title='bbox 402 3927 535 3966; x_wconf 89' lang='lat' dir='ltr'><strong>vero</strong></span> <span class='ocrx_word' id='word_1_408' title='bbox 593 3911 647 3964; x_wconf 92' lang='lat' dir='ltr'><strong>in</strong></span> <span class='ocrx_word' id='word_1_409' title='bbox 692 3907 948 3979; x_wconf 68' lang='lat' dir='ltr'><strong>praesenti</strong></span> <span class='ocrx_word' id='word_1_410' title='bbox 1007 3907 1135 3962; x_wconf 90' lang='lat' dir='ltr'><strong>huic</strong></span> <span class='ocrx_word' id='word_1_411' title='bbox 1190 3908 1476 3963; x_wconf 82' lang='lat' dir='ltr'><strong>manifeste</strong></span> <span class='ocrx_word' id='word_1_412' title='bbox 1526 3910 1969 3973; x_wconf 85' lang='lat' dir='ltr'><strong>contradicimus,</strong></span> 
     </span>
    </p>
   </div>
   <div class='ocr_carea' id='block_1_55' title="bbox 404 3996 1971 4068">
    <p class='ocr_par' dir='ltr' id='par_1_55' title="bbox 404 3996 1971 4068">
     <span class='ocr_line' id='line_1_56' title="bbox 404 3996 1971 4068; baseline -0.003 -13"><span class='ocrx_word' id='word_1_413' title='bbox 404 4000 634 4055; x_wconf 89' lang='lat' dir='ltr'><strong>audiant</strong></span> <span class='ocrx_word' id='word_1_414' title='bbox 681 4012 866 4068; x_wconf 82' lang='lat' dir='ltr'><strong>quaeso</strong></span> <span class='ocrx_word' id='word_1_415' title='bbox 920 3996 1336 4051; x_wconf 71' lang='lat' dir='ltr'><strong>Mahometistae.</strong></span> <span class='ocrx_word' id='word_1_416' title='bbox 1368 3996 1641 4051; x_wconf 80' lang='lat' dir='ltr'><strong>Mahomet</strong></span> <span class='ocrx_word' id='word_1_417' title='bbox 1689 3997 1781 4050; x_wconf 89' lang='lat' dir='ltr'><strong>hic</strong></span> <span class='ocrx_word' id='word_1_418' title='bbox 1814 3998 1971 4051; x_wconf 89' lang='lat' dir='ltr'><strong>Chri-</strong></span> 
     </span>
    </p>
   </div>
   <div class='ocr_carea' id='block_1_56' title="bbox 405 4087 1970 4175">
    <p class='ocr_par' dir='ltr' id='par_1_56' title="bbox 405 4087 1970 4175">
     <span class='ocr_line' id='line_1_57' title="bbox 405 4087 1970 4175; baseline 0 -31"><span class='ocrx_word' id='word_1_419' title='bbox 405 4101 547 4145; x_wconf 88' lang='lat' dir='ltr'><strong>stum</strong></span> <span class='ocrx_word' id='word_1_420' title='bbox 579 4103 681 4143; x_wconf 91' lang='lat' dir='ltr'><strong>nec</strong></span> <span class='ocrx_word' id='word_1_421' title='bbox 743 4088 913 4151; x_wconf 83' lang='lat' dir='ltr'><strong>Deum</strong></span> <span class='ocrx_word' id='word_1_422' title='bbox 958 4100 1079 4141; x_wconf 86' lang='lat' dir='ltr'><strong>esse</strong></span> <span class='ocrx_word' id='word_1_423' title='bbox 1126 4087 1311 4153; x_wconf 88' lang='lat' dir='ltr'><strong>sentit,</strong></span> <span class='ocrx_word' id='word_1_424' title='bbox 1348 4103 1450 4142; x_wconf 91' lang='lat' dir='ltr'><strong>nec</strong></span> <span class='ocrx_word' id='word_1_425' title='bbox 1499 4088 1592 4142; x_wconf 91' lang='lat' dir='ltr'><strong>Dei</strong></span> <span class='ocrx_word' id='word_1_426' title='bbox 1612 4088 1844 4175; x_wconf 56' lang='lat' dir='ltr'><strong>.Filium,</strong></span> <span class='ocrx_word' id='word_1_427' title='bbox 1874 4090 1970 4145; x_wconf 91' lang='lat' dir='ltr'><strong>sed</strong></span> 
     </span>
    </p>
   </div>
   <div class='ocr_carea' id='block_1_57' title="bbox 404 4178 1969 4249">
    <p class='ocr_par' dir='ltr' id='par_1_57' title="bbox 404 4178 1969 4249">
     <span class='ocr_line' id='line_1_58' title="bbox 404 4178 1969 4249; baseline -0.001 -14"><span class='ocrx_word' id='word_1_428' title='bbox 404 4182 613 4235; x_wconf 90' lang='lat' dir='ltr'><strong>nudum</strong></span> <span class='ocrx_word' id='word_1_429' title='bbox 660 4178 963 4244; x_wconf 89' lang='lat' dir='ltr'><strong>hominem,</strong></span> <span class='ocrx_word' id='word_1_430' title='bbox 998 4187 1057 4233; x_wconf 93' lang='lat' dir='ltr'><strong>ut</strong></span> <span class='ocrx_word' id='word_1_431' title='bbox 1107 4187 1164 4233; x_wconf 90' lang='lat' dir='ltr'><strong>et</strong></span> <span class='ocrx_word' id='word_1_432' title='bbox 1203 4178 1443 4249; x_wconf 89' lang='lat' dir='ltr'><strong>reliquos</strong></span> <span class='ocrx_word' id='word_1_433' title='bbox 1482 4193 1690 4243; x_wconf 88' lang='lat' dir='ltr'><strong>omnes,</strong></span> <span class='ocrx_word' id='word_1_434' title='bbox 1713 4179 1807 4233; x_wconf 79' lang='lat' dir='ltr'><strong>sed</strong></span> <span class='ocrx_word' id='word_1_435' title='bbox 1843 4194 1969 4233; x_wconf 82' lang='lat' dir='ltr'><strong>san-</strong></span> 
     </span>
    </p>
   </div>
   <div class='ocr_carea' id='block_1_58' title="bbox 403 4269 1969 4339">
    <p class='ocr_par' dir='ltr' id='par_1_58' title="bbox 403 4269 1969 4339">
     <span class='ocr_line' id='line_1_59' title="bbox 403 4269 1969 4339; baseline 0.001 -14"><span class='ocrx_word' id='word_1_436' title='bbox 403 4282 572 4335; x_wconf 84' lang='lat' dir='ltr'><strong>ctum,</strong></span> <span class='ocrx_word' id='word_1_437' title='bbox 625 4269 993 4339; x_wconf 83' lang='lat' dir='ltr'><strong>omnibusque</strong></span> <span class='ocrx_word' id='word_1_438' title='bbox 1040 4269 1360 4325; x_wconf 90' lang='lat' dir='ltr'><strong>hominibus</strong></span> <span class='ocrx_word' id='word_1_439' title='bbox 1410 4270 1530 4324; x_wconf 89' lang='lat' dir='ltr'><strong>sine</strong></span> <span class='ocrx_word' id='word_1_440' title='bbox 1595 4271 1969 4326; x_wconf 88' lang='lat' dir='ltr'><strong>controversia</strong></span> 
     </span>
    </p>
   </div>
   <div class='ocr_carea' id='block_1_59' title="bbox 403 4361 1697 4426">
    <p class='ocr_par' dir='ltr' id='par_1_59' title="bbox 403 4361 1697 4426">
     <span class='ocr_line' id='line_1_60' title="bbox 403 4361 1697 4426; baseline 0 -9"><span class='ocrx_word' id='word_1_441' title='bbox 403 4362 862 4426; x_wconf 77' lang='lat' dir='ltr'><strong>excellentiorem,</strong></span> <span class='ocrx_word' id='word_1_442' title='bbox 905 4370 964 4415; x_wconf 93' lang='lat' dir='ltr'><strong>ut</strong></span> <span class='ocrx_word' id='word_1_443' title='bbox 997 4363 1161 4417; x_wconf 91' lang='lat' dir='ltr'><strong>etiam</strong></span> <span class='ocrx_word' id='word_1_444' title='bbox 1194 4361 1479 4417; x_wconf 89' lang='lat' dir='ltr'><strong>Nestorius</strong></span> <span class='ocrx_word' id='word_1_445' title='bbox 1511 4361 1697 4417; x_wconf 84' lang='lat' dir='ltr'><strong>sensit.</strong></span> 
     </span>
    </p>
   </div>
   <div class='ocr_carea' id='block_1_60' title="bbox 475 4451 1965 4524">
    <p class='ocr_par' dir='ltr' id='par_1_60' title="bbox 475 4451 1965 4524">
     <span class='ocr_line' id='line_1_61' title="bbox 475 4451 1965 4524; baseline 0.001 -19"><span class='ocrx_word' id='word_1_446' title='bbox 475 4453 610 4506; x_wconf 66' lang='lat'><strong>5.1:]</strong></span> <span class='ocrx_word' id='word_1_447' title='bbox 645 4454 820 4523; x_wconf 91' lang='lat' dir='ltr'><strong>capite</strong></span> <span class='ocrx_word' id='word_1_448' title='bbox 852 4461 1037 4507; x_wconf 84' lang='lat' dir='ltr'><strong>autem</strong></span> <span class='ocrx_word' id='word_1_449' title='bbox 1086 4452 1305 4519; x_wconf 75' lang='lat' dir='ltr'><strong>Elnesa,</strong></span> <span class='ocrx_word' id='word_1_450' title='bbox 1343 4451 1490 4522; x_wconf 90' lang='lat' dir='ltr'><strong>quod</strong></span> <span class='ocrx_word' id='word_1_451' title='bbox 1525 4452 1769 4507; x_wconf 74' lang='lat' dir='ltr'><strong>mulieres</strong></span> <span class='ocrx_word' id='word_1_452' title='bbox 1794 4454 1965 4524; x_wconf 78' lang='lat' dir='ltr'><strong>signi-</strong></span> 
     </span>
    </p>
   </div>
   <div class='ocr_carea' id='block_1_61' title="bbox 405 4543 2044 4639">
    <p class='ocr_par' dir='ltr' id='par_1_61' title="bbox 405 4543 2044 4639">
     <span class='ocr_line' id='line_1_62' title="bbox 405 4543 2044 4639; baseline 0.002 -42"><span class='ocrx_word' id='word_1_453' title='bbox 405 4545 551 4609; x_wconf 73' lang='lat' dir='ltr'><strong>ﬁcat,</strong></span> <span class='ocrx_word' id='word_1_454' title='bbox 583 4546 664 4598; x_wconf 90' lang='lat' dir='ltr'><strong>sic</strong></span> <span class='ocrx_word' id='word_1_455' title='bbox 710 4545 825 4639; x_wconf 74' lang='lat' dir='ltr'><strong>ait,</strong></span> <span class='ocrx_word' id='word_1_456' title='bbox 856 4543 999 4639; x_wconf 81' lang='lat' dir='ltr'><strong>quod</strong></span> <span class='ocrx_word' id='word_1_457' title='bbox 1048 4543 1304 4639; x_wconf 71' lang='lat' dir='ltr'><strong>Christus</strong></span> <span class='ocrx_word' id='word_1_458' title='bbox 1362 4544 1522 4598; x_wconf 84' lang='lat' dir='ltr'><strong>Jesus</strong></span> <span class='ocrx_word' id='word_1_459' title='bbox 1584 4544 1727 4599; x_wconf 82' lang='lat' dir='ltr'><strong>ﬁlius</strong></span> <span class='ocrx_word' id='word_1_460' title='bbox 1783 4546 1968 4601; x_wconf 79' lang='lat' dir='ltr'><strong>Mariae</strong></span> <span class='ocrx_word' id='word_1_461' title='bbox 2000 4585 2044 4639; x_wconf 66' lang='grc' dir='ltr'><strong>θ</strong></span> 
     </span>
    </p>
   </div>
   <div class='ocr_carea' id='block_1_62' title="bbox 404 4634 1967 4705">
    <p class='ocr_par' dir='ltr' id='par_1_62' title="bbox 404 4634 1967 4705">
     <span class='ocr_line' id='line_1_63' title="bbox 404 4634 1967 4705; baseline 0.002 -19"><span class='ocrx_word' id='word_1_462' title='bbox 404 4650 585 4688; x_wconf 67' lang='lat' dir='ltr'><strong>sermo</strong></span> <span class='ocrx_word' id='word_1_463' title='bbox 613 4634 724 4704; x_wconf 63' lang='lat' dir='ltr'><strong>{Dei</strong></span> <span class='ocrx_word' id='word_1_464' title='bbox 746 4636 838 4699; x_wconf 88' lang='lat' dir='ltr'><strong>sit,</strong></span> <span class='ocrx_word' id='word_1_465' title='bbox 870 4634 1050 4688; x_wconf 86' lang='lat' dir='ltr'><strong>anima</strong></span> <span class='ocrx_word' id='word_1_466' title='bbox 1100 4634 1217 4698; x_wconf 90' lang='lat' dir='ltr'><strong>Dei,</strong></span> <span class='ocrx_word' id='word_1_467' title='bbox 1243 4643 1299 4688; x_wconf 92' lang='lat' dir='ltr'><strong>et</strong></span> <span class='ocrx_word' id='word_1_468' title='bbox 1324 4635 1548 4704; x_wconf 81' lang='lat' dir='ltr'><strong>Spiritus</strong></span> <span class='ocrx_word' id='word_1_469' title='bbox 1577 4636 1694 4690; x_wconf 89' lang='lat' dir='ltr'><strong>Dei.</strong></span> <span class='ocrx_word' id='word_1_470' title='bbox 1738 4635 1967 4705; x_wconf 84' lang='lat' dir='ltr'><strong>incipia-</strong></span> 
     </span>
    </p>
   </div>
   <div class='ocr_carea' id='block_1_63' title="bbox 406 4723 1965 4793">
    <p class='ocr_par' dir='ltr' id='par_1_63' title="bbox 406 4723 1965 4793">
     <span class='ocr_line' id='line_1_64' title="bbox 406 4723 1965 4793; baseline 0.001 -16"><span class='ocrx_word' id='word_1_471' title='bbox 406 4740 525 4778; x_wconf 87' lang='lat' dir='ltr'><strong>mus</strong></span> <span class='ocrx_word' id='word_1_472' title='bbox 556 4740 686 4793; x_wconf 78' lang='lat' dir='ltr'><strong>ergo</strong></span> <span class='ocrx_word' id='word_1_473' title='bbox 709 4724 777 4779; x_wconf 90' lang='lat' dir='ltr'><strong>ab</strong></span> <span class='ocrx_word' id='word_1_474' title='bbox 829 4724 1003 4793; x_wconf 88' lang='lat' dir='ltr'><strong>ipsius</strong></span> <span class='ocrx_word' id='word_1_475' title='bbox 1056 4723 1377 4778; x_wconf 80' lang='lat' dir='ltr'><strong>Mahometis</strong></span> <span class='ocrx_word' id='word_1_476' title='bbox 1409 4725 1768 4779; x_wconf 82' lang='lat' dir='ltr'><strong>confessione.</strong></span> <span class='ocrx_word' id='word_1_477' title='bbox 1812 4725 1965 4791; x_wconf 91' lang='lat' dir='ltr'><strong>Quod</strong></span> 
     </span>
    </p>
   </div>
   <div class='ocr_carea' id='block_1_64' title="bbox 404 4814 1971 4886">
    <p class='ocr_par' dir='ltr' id='par_1_64' title="bbox 404 4814 1971 4886">
     <span class='ocr_line' id='line_1_65' title="bbox 404 4814 1971 4886; baseline 0 -14"><span class='ocrx_word' id='word_1_478' title='bbox 404 4819 545 4872; x_wconf 78' lang='lat' dir='ltr'><strong>sicut</strong></span> <span class='ocrx_word' id='word_1_479' title='bbox 599 4816 668 4871; x_wconf 92' lang='lat' dir='ltr'><strong>ad</strong></span> <span class='ocrx_word' id='word_1_480' title='bbox 706 4818 1001 4885; x_wconf 88' lang='lat' dir='ltr'><strong>prophetas</strong></span> <span class='ocrx_word' id='word_1_481' title='bbox 1060 4829 1242 4869; x_wconf 91' lang='lat' dir='ltr'><strong>sermo</strong></span> <span class='ocrx_word' id='word_1_482' title='bbox 1298 4814 1391 4868; x_wconf 87' lang='lat' dir='ltr'><strong>Dei</strong></span> <span class='ocrx_word' id='word_1_483' title='bbox 1422 4816 1595 4869; x_wconf 80' lang='lat' dir='ltr'><strong>factus</strong></span> <span class='ocrx_word' id='word_1_484' title='bbox 1628 4826 1731 4882; x_wconf 90' lang='lat' dir='ltr'><strong>est,</strong></span> <span class='ocrx_word' id='word_1_485' title='bbox 1760 4828 1814 4871; x_wconf 87' lang='lat' dir='ltr'><strong>et</strong></span> <span class='ocrx_word' id='word_1_486' title='bbox 1848 4834 1971 4886; x_wconf 89' lang='lat' dir='ltr'><strong>pro-</strong></span> 
     </span>
    </p>
   </div>
   <div class='ocr_carea' id='block_1_65' title="bbox 407 4906 1963 4978">
    <p class='ocr_par' dir='ltr' id='par_1_65' title="bbox 407 4906 1963 4978">
     <span class='ocr_line' id='line_1_66' title="bbox 407 4906 1963 4978; baseline -0.001 -17"><span class='ocrx_word' id='word_1_487' title='bbox 407 4910 582 4978; x_wconf 83' lang='lat' dir='ltr'><strong>phetae</strong></span> <span class='ocrx_word' id='word_1_488' title='bbox 616 4908 767 4961; x_wconf 90' lang='lat' dir='ltr'><strong>illum</strong></span> <span class='ocrx_word' id='word_1_489' title='bbox 800 4906 1113 4962; x_wconf 89' lang='lat' dir='ltr'><strong>hominibus</strong></span> <span class='ocrx_word' id='word_1_490' title='bbox 1153 4906 1618 4959; x_wconf 85' lang='lat' dir='ltr'><strong>annuntiaverunt</strong></span> <span class='ocrx_word' id='word_1_491' title='bbox 1651 4906 1769 4959; x_wconf 90' lang='lat' dir='ltr'><strong>:sic</strong></span> <span class='ocrx_word' id='word_1_492' title='bbox 1797 4907 1963 4960; x_wconf 86' lang='lat' dir='ltr'><strong>etiam</strong></span> 
     </span>
    </p>
   </div>
   <div class='ocr_carea' id='block_1_66' title="bbox 404 4996 1961 5067">
    <p class='ocr_par' dir='ltr' id='par_1_66' title="bbox 404 4996 1961 5067">
     <span class='ocr_line' id='line_1_67' title="bbox 404 4996 1961 5067; baseline -0.003 -12"><span class='ocrx_word' id='word_1_493' title='bbox 404 5001 657 5055; x_wconf 81' lang='lat' dir='ltr'><strong>Christus</strong></span> <span class='ocrx_word' id='word_1_494' title='bbox 696 5009 979 5067; x_wconf 84' lang='lat' dir='ltr'><strong>acceptum</strong></span> <span class='ocrx_word' id='word_1_495' title='bbox 1008 5012 1038 5050; x_wconf 89' lang='lat' dir='ltr'><strong>a</strong></span> <span class='ocrx_word' id='word_1_496' title='bbox 1070 4999 1181 5053; x_wconf 89' lang='lat' dir='ltr'><strong>Deo</strong></span> <span class='ocrx_word' id='word_1_497' title='bbox 1235 5011 1545 5050; x_wconf 87' lang='lat' dir='ltr'><strong>sermonem</strong></span> <span class='ocrx_word' id='word_1_498' title='bbox 1585 4996 1837 5050; x_wconf 90' lang='lat' dir='ltr'><strong>homines</strong></span> <span class='ocrx_word' id='word_1_499' title='bbox 1860 4998 1961 5050; x_wconf 86' lang='lat' dir='ltr'><strong>do-</strong></span> 
     </span>
    </p>
   </div>
   <div class='ocr_carea' id='block_1_67' title="bbox 392 5075 1965 5160">
    <p class='ocr_par' dir='ltr' id='par_1_67' title="bbox 392 5075 1965 5160">
     <span class='ocr_line' id='line_1_68' title="bbox 392 5075 1965 5160; baseline -0.003 -15"><span class='ocrx_word' id='word_1_500' title='bbox 392 5090 540 5156; x_wconf 87' lang='lat' dir='ltr'><strong>cuit,</strong></span> <span class='ocrx_word' id='word_1_501' title='bbox 587 5098 644 5145; x_wconf 83' lang='lat' dir='ltr'><strong>ct</strong></span> <span class='ocrx_word' id='word_1_502' title='bbox 699 5075 1005 5160; x_wconf 84' lang='lat' dir='ltr'><strong>propterea,</strong></span> <span class='ocrx_word' id='word_1_503' title='bbox 1042 5100 1102 5143; x_wconf 91' lang='lat' dir='ltr'><strong>ut</strong></span> <span class='ocrx_word' id='word_1_504' title='bbox 1147 5089 1417 5159; x_wconf 79' lang='lat' dir='ltr'><strong>Mahomet</strong></span> <span class='ocrx_word' id='word_1_505' title='bbox 1470 5088 1619 5140; x_wconf 89' lang='lat' dir='ltr'><strong>hunc</strong></span> <span class='ocrx_word' id='word_1_506' title='bbox 1682 5089 1965 5141; x_wconf 85' lang='lat' dir='ltr'><strong>nominare</strong></span> 
     </span>
    </p>
   </div>
   <div class='ocr_carea' id='block_1_68' title="bbox 406 5178 1971 5248">
    <p class='ocr_par' dir='ltr' id='par_1_68' title="bbox 406 5178 1971 5248">
     <span class='ocr_line' id='line_1_69' title="bbox 406 5178 1971 5248; baseline -0.003 -13"><span class='ocrx_word' id='word_1_507' title='bbox 406 5184 562 5245; x_wconf 84' lang='lat' dir='ltr'><strong>solet,</strong></span> <span class='ocrx_word' id='word_1_508' title='bbox 588 5181 848 5248; x_wconf 82' lang='lat' dir='ltr'><strong>pmpheta</strong></span> <span class='ocrx_word' id='word_1_509' title='bbox 883 5180 1105 5245; x_wconf 90' lang='lat' dir='ltr'><strong>dicitur,</strong></span> <span class='ocrx_word' id='word_1_510' title='bbox 1145 5178 1501 5247; x_wconf 78' lang='lat' dir='ltr'><strong>omniumque</strong></span> <span class='ocrx_word' id='word_1_511' title='bbox 1542 5178 1830 5243; x_wconf 64' lang='lat' dir='ltr'><strong>maxi&#39;nus,</strong></span> <span class='ocrx_word' id='word_1_512' title='bbox 1863 5179 1971 5232; x_wconf 91' lang='lat' dir='ltr'><strong>imo</strong></span> 
     </span>
    </p>
   </div>
   <div class='ocr_carea' id='block_1_69' title="bbox 338 5270 1971 5341">
    <p class='ocr_par' dir='ltr' id='par_1_69' title="bbox 338 5270 1971 5341">
     <span class='ocr_line' id='line_1_70' title="bbox 338 5270 1971 5341; baseline -0.004 -16"><span class='ocrx_word' id='word_1_513' title='bbox 338 5328 343 5333; x_wconf 21' lang='grc' dir='ltr'><strong>κ</strong></span> <span class='ocrx_word' id='word_1_514' title='bbox 402 5273 521 5341; x_wconf 83' lang='lat' dir='ltr'><strong>ipse</strong></span> <span class='ocrx_word' id='word_1_515' title='bbox 566 5272 657 5325; x_wconf 87' lang='lat' dir='ltr'><strong>Dei</strong></span> <span class='ocrx_word' id='word_1_516' title='bbox 706 5272 917 5333; x_wconf 85' lang='lat' dir='ltr'><strong>Sermo,</strong></span> <span class='ocrx_word' id='word_1_517' title='bbox 966 5271 1059 5339; x_wconf 90' lang='lat' dir='ltr'><strong>qui</strong></span> <span class='ocrx_word' id='word_1_518' title='bbox 1092 5270 1149 5322; x_wconf 87' lang='lat' dir='ltr'><strong>tit</strong></span> <span class='ocrx_word' id='word_1_519' title='bbox 1188 5270 1333 5338; x_wconf 92' lang='lat' dir='ltr'><strong>quod</strong></span> <span class='ocrx_word' id='word_1_520' title='bbox 1368 5271 1548 5322; x_wconf 88' lang='lat' dir='ltr'><strong>nullus</strong></span> <span class='ocrx_word' id='word_1_521' title='bbox 1581 5284 1816 5337; x_wconf 86' lang='lat' dir='ltr'><strong>unquam</strong></span> <span class='ocrx_word' id='word_1_522' title='bbox 1844 5285 1971 5338; x_wconf 89' lang='lat' dir='ltr'><strong>pro-</strong></span> 
     </span>
    </p>
   </div>
   <div class='ocr_carea' id='block_1_70' title="bbox 406 5360 1971 5434">
    <p class='ocr_par' dir='ltr' id='par_1_70' title="bbox 406 5360 1971 5434">
     <span class='ocr_line' id='line_1_71' title="bbox 406 5360 1971 5434; baseline -0.002 -17"><span class='ocrx_word' id='word_1_523' title='bbox 406 5365 693 5434; x_wconf 88' lang='lat' dir='ltr'><strong>phetarum</strong></span> <span class='ocrx_word' id='word_1_524' title='bbox 724 5363 915 5417; x_wconf 85' lang='lat' dir='ltr'><strong>Sermo</strong></span> <span class='ocrx_word' id='word_1_525' title='bbox 939 5363 1032 5416; x_wconf 87' lang='lat' dir='ltr'><strong>Dei</strong></span> <span class='ocrx_word' id='word_1_526' title='bbox 1072 5361 1251 5416; x_wconf 83' lang='lat' dir='ltr'><strong>dictus</strong></span> <span class='ocrx_word' id='word_1_527' title='bbox 1270 5362 1362 5426; x_wconf 92' lang='lat' dir='ltr'><strong>sit,</strong></span> <span class='ocrx_word' id='word_1_528' title='bbox 1387 5360 1481 5415; x_wconf 88' lang='lat' dir='ltr'><strong>sed</strong></span> <span class='ocrx_word' id='word_1_529' title='bbox 1510 5361 1708 5429; x_wconf 81' lang='lat' dir='ltr'><strong>singuli</strong></span> <span class='ocrx_word' id='word_1_530' title='bbox 1734 5362 1971 5414; x_wconf 87' lang='lat' dir='ltr'><strong>nominis</strong></span> 
     </span>
    </p>
   </div>
   <div class='ocr_carea' id='block_1_71' title="bbox 384 5448 1971 5524">
    <p class='ocr_par' dir='ltr' id='par_1_71' title="bbox 384 5448 1971 5524">
     <span class='ocr_line' id='line_1_72' title="bbox 384 5448 1971 5524; baseline -0.006 -14"><span class='ocrx_word' id='word_1_531' title='bbox 384 5453 613 5524; x_wconf 68' lang='lat' dir='ltr'><strong>proprii</strong></span> <span class='ocrx_word' id='word_1_532' title='bbox 660 5452 1114 5523; x_wconf 75' lang='lat' dir='ltr'><strong>signiﬁcationem</strong></span> <span class='ocrx_word' id='word_1_533' title='bbox 1165 5450 1530 5505; x_wconf 84' lang='lat' dir='ltr'><strong>retinuerint?</strong></span> <span class='ocrx_word' id='word_1_534' title='bbox 1577 5448 1732 5514; x_wconf 84' lang='lat' dir='ltr'><strong>Quod</strong></span> <span class='ocrx_word' id='word_1_535' title='bbox 1794 5448 1840 5501; x_wconf 91' lang='lat' dir='ltr'><strong>si</strong></span> <span class='ocrx_word' id='word_1_536' title='bbox 1876 5464 1971 5507; x_wconf 77' lang='lat' dir='ltr'><strong>au-</strong></span> 
     </span>
    </p>
   </div>
   <div class='ocr_carea' id='block_1_72' title="bbox 475 5624 949 5690">
    <p class='ocr_par' dir='ltr' id='par_1_72' title="bbox 475 5624 949 5690">
     <span class='ocr_line' id='line_1_73' title="bbox 475 5624 949 5690; baseline -0.002 -10"><span class='ocrx_word' id='word_1_537' title='bbox 475 5628 523 5661; x_wconf 77' lang='grc'><strong>⁶⁸</strong></span> <span class='ocrx_word' id='word_1_538' title='bbox 558 5624 697 5681; x_wconf 80' lang='lat' dir='ltr'><strong>Psal.</strong></span> <span class='ocrx_word' id='word_1_539' title='bbox 738 5638 861 5690; x_wconf 78' lang='lat' dir='ltr'><strong>xm,</strong></span> <span class='ocrx_word' id='word_1_540' title='bbox 896 5628 949 5681; x_wconf 79' lang='grc'><strong>1.</strong></span> 
     </span>
    </p>
   </div>
   <div class='ocr_carea' id='block_1_73' title="bbox 2067 1992 3634 2067">
    <p class='ocr_par' dir='ltr' id='par_1_73' title="bbox 2067 1992 3634 2067">
     <span class='ocr_line' id='line_1_74' title="bbox 2067 1992 3634 2067; baseline 0 -20"><span class='ocrx_word' id='word_1_541' title='bbox 2067 1995 2201 2048; x_wconf 85' lang='grc' dir='ltr'>Θεοῦ</span> <span class='ocrx_word' id='word_1_542' title='bbox 2227 1996 2382 2063; x_wconf 76' lang='grc' dir='ltr'>ἡμῶν</span> <span class='ocrx_word' id='word_1_543' title='bbox 2407 1999 2434 2048; x_wconf 89' lang='lat'><strong>6</strong></span> <span class='ocrx_word' id='word_1_544' title='bbox 2460 1996 2691 2059; x_wconf 79' lang='grc' dir='ltr'>δείλαιος</span> <span class='ocrx_word' id='word_1_545' title='bbox 2716 1992 2873 2059; x_wconf 74' lang='grc' dir='ltr'>οὗτος</span> <span class='ocrx_word' id='word_1_546' title='bbox 2899 1998 3088 2067; x_wconf 86' lang='grc' dir='ltr'>φρονεῖ</span> <span class='ocrx_word' id='word_1_547' title='bbox 3116 1997 3209 2049; x_wconf 74' lang='grc' dir='ltr'>καὶ</span> <span class='ocrx_word' id='word_1_548' title='bbox 3236 1994 3634 2052; x_wconf 75' lang='grc' dir='ltr'>δὶδάσκει.’ονο</span> 
     </span>
    </p>
   </div>
   <div class='ocr_carea' id='block_1_74' title="bbox 2064 2082 3635 2158">
    <p class='ocr_par' dir='ltr' id='par_1_74' title="bbox 2064 2082 3635 2158">
     <span class='ocr_line' id='line_1_75' title="bbox 2064 2082 3635 2158; baseline 0.001 -20"><span class='ocrx_word' id='word_1_549' title='bbox 2064 2103 2172 2148; x_wconf 84' lang='grc' dir='ltr'><strong>τως</strong></span> <span class='ocrx_word' id='word_1_550' title='bbox 2200 2087 2307 2153; x_wconf 82' lang='grc' dir='ltr'><strong>γάρ</strong></span> <span class='ocrx_word' id='word_1_551' title='bbox 2348 2084 2576 2156; x_wconf 76' lang='grc' dir='ltr'>ἀλήθεια</span> <span class='ocrx_word' id='word_1_552' title='bbox 2614 2086 2785 2148; x_wconf 78' lang='grc' dir='ltr'>ὅντως</span> <span class='ocrx_word' id='word_1_553' title='bbox 2808 2085 2891 2152; x_wconf 80' lang='grc' dir='ltr'>τὸ,</span> <span class='ocrx_word' id='word_1_554' title='bbox 2938 2104 2956 2137; x_wconf 79' lang='grc' dir='ltr'><strong>ι</strong></span> <span class='ocrx_word' id='word_1_555' title='bbox 2991 2082 3157 2140; x_wconf 78' lang='grc' dir='ltr'>Εἶπεν</span> <span class='ocrx_word' id='word_1_556' title='bbox 3184 2086 3373 2158; x_wconf 77' lang='grc' dir='ltr'>ἄφρων</span> <span class='ocrx_word' id='word_1_557' title='bbox 3407 2089 3465 2139; x_wconf 82' lang='grc' dir='ltr'><strong>ἐν</strong></span> <span class='ocrx_word' id='word_1_558' title='bbox 3496 2103 3635 2155; x_wconf 78' lang='grc' dir='ltr'>καρ-</span> 
     </span>
    </p>
   </div>
   <div class='ocr_carea' id='block_1_75' title="bbox 2066 2172 3634 2249">
    <p class='ocr_par' dir='ltr' id='par_1_75' title="bbox 2066 2172 3634 2249">
     <span class='ocr_line' id='line_1_76' title="bbox 2066 2172 3634 2249; baseline 0 -18"><span class='ocrx_word' id='word_1_559' title='bbox 2066 2179 2154 2249; x_wconf 77' lang='grc' dir='ltr'><strong>δία</strong></span> <span class='ocrx_word' id='word_1_560' title='bbox 2201 2178 2388 2241; x_wconf 83' lang='grc' dir='ltr'>αὑτοῦ,</span> <span class='ocrx_word' id='word_1_561' title='bbox 2443 2180 2557 2232; x_wconf 83' lang='grc' dir='ltr'><strong>Οὐκ</strong></span> <span class='ocrx_word' id='word_1_562' title='bbox 2596 2178 2711 2232; x_wconf 79' lang='grc' dir='ltr'>ἔστι</span> <span class='ocrx_word' id='word_1_563' title='bbox 2752 2179 2906 2241; x_wconf 85' lang='grc' dir='ltr'>Θεός.</span> <span class='ocrx_word' id='word_1_564' title='bbox 2951 2197 2969 2231; x_wconf 77' lang='grc' dir='ltr'><strong>ι</strong></span> <span class='ocrx_word' id='word_1_565' title='bbox 3025 2172 3193 2241; x_wconf 74' lang='grc' dir='ltr'>Οὗτος</span> <span class='ocrx_word' id='word_1_566' title='bbox 3237 2181 3481 2248; x_wconf 70' lang='grc' dir='ltr'>ἀρνεῖται</span> <span class='ocrx_word' id='word_1_567' title='bbox 3535 2179 3634 2249; x_wconf 81' lang='grc' dir='ltr'><strong>μὲν</strong></span> 
     </span>
    </p>
   </div>
   <div class='ocr_carea' id='block_1_76' title="bbox 2066 2258 3659 2340">
    <p class='ocr_par' dir='ltr' id='par_1_76' title="bbox 2066 2258 3659 2340">
     <span class='ocr_line' id='line_1_77' title="bbox 2066 2258 3659 2340; baseline 0.001 -20"><span class='ocrx_word' id='word_1_568' title='bbox 2066 2270 2164 2338; x_wconf 72' lang='grc' dir='ltr'><strong>τὴν</strong></span> <span class='ocrx_word' id='word_1_569' title='bbox 2196 2269 2423 2339; x_wconf 83' lang='grc' dir='ltr'>Τριάδα,</span> <span class='ocrx_word' id='word_1_570' title='bbox 2456 2270 2712 2340; x_wconf 84' lang='grc' dir='ltr'>ὁμολογεῖ</span> <span class='ocrx_word' id='word_1_571' title='bbox 2742 2269 2799 2323; x_wconf 81' lang='grc' dir='ltr'>δὲ</span> <span class='ocrx_word' id='word_1_572' title='bbox 2836 2270 2970 2323; x_wconf 75' lang='grc' dir='ltr'>Θεὸν</span> <span class='ocrx_word' id='word_1_573' title='bbox 3010 2272 3243 2340; x_wconf 78' lang='grc' dir='ltr'>ποιητὴν</span> <span class='ocrx_word' id='word_1_574' title='bbox 3280 2268 3512 2338; x_wconf 80' lang='grc' dir='ltr'>οὐρανοῦ</span> <span class='ocrx_word' id='word_1_575' title='bbox 3540 2258 3659 2322; x_wconf 62' lang='grc' dir='ltr'><strong>καῖ</strong></span> 
     </span>
    </p>
   </div>
   <div class='ocr_carea' id='block_1_77' title="bbox 2067 2360 3632 2432">
    <p class='ocr_par' dir='ltr' id='par_1_77' title="bbox 2067 2360 3632 2432">
     <span class='ocr_line' id='line_1_78' title="bbox 2067 2360 3632 2432; baseline 0.001 -19"><span class='ocrx_word' id='word_1_576' title='bbox 2067 2362 2193 2429; x_wconf 77' lang='grc' dir='ltr'>γῆς,</span> <span class='ocrx_word' id='word_1_577' title='bbox 2225 2362 2474 2428; x_wconf 78' lang='grc' dir='ltr'>ἀγγέλων</span> <span class='ocrx_word' id='word_1_578' title='bbox 2506 2379 2564 2415; x_wconf 90' lang='grc' dir='ltr'><strong>τε</strong></span> <span class='ocrx_word' id='word_1_579' title='bbox 2589 2363 2682 2415; x_wconf 77' lang='grc' dir='ltr'>καὶ</span> <span class='ocrx_word' id='word_1_580' title='bbox 2707 2362 3012 2432; x_wconf 85' lang='grc' dir='ltr'>ἀνθρώπων</span> <span class='ocrx_word' id='word_1_581' title='bbox 3043 2364 3136 2414; x_wconf 74' lang='grc' dir='ltr'>καὶ</span> <span class='ocrx_word' id='word_1_582' title='bbox 3166 2362 3344 2432; x_wconf 83' lang='grc' dir='ltr'>πάσης</span> <span class='ocrx_word' id='word_1_583' title='bbox 3378 2360 3466 2414; x_wconf 84' lang='grc' dir='ltr'><strong>κτί</strong></span> <span class='ocrx_word' id='word_1_584' title='bbox 3480 2379 3632 2428; x_wconf 67' lang='grc' dir='ltr'>σεως,</span> 
     </span>
    </p>
   </div>
   <div class='ocr_carea' id='block_1_78' title="bbox 2065 2452 3632 2523">
    <p class='ocr_par' dir='ltr' id='par_1_78' title="bbox 2065 2452 3632 2523">
     <span class='ocr_line' id='line_1_79' title="bbox 2065 2452 3632 2523; baseline 0.001 -19"><span class='ocrx_word' id='word_1_585' title='bbox 2065 2453 2180 2504; x_wconf 84' lang='grc' dir='ltr'>υἱὸν</span> <span class='ocrx_word' id='word_1_586' title='bbox 2207 2454 2280 2523; x_wconf 81' lang='grc' dir='ltr'>μὴ</span> <span class='ocrx_word' id='word_1_587' title='bbox 2308 2452 2518 2522; x_wconf 78' lang='grc' dir='ltr'>ἔχοντα.</span> <span class='ocrx_word' id='word_1_588' title='bbox 2564 2453 2716 2505; x_wconf 68' lang='grc' dir='ltr'><strong>Ίὶίπε)⁸</strong></span> <span class='ocrx_word' id='word_1_589' title='bbox 2751 2454 2884 2523; x_wconf 80' lang='grc' dir='ltr'>μηδὲ</span> <span class='ocrx_word' id='word_1_590' title='bbox 2907 2453 3237 2523; x_wconf 74' lang='grc' dir='ltr'>γεννηθῆναι</span> <span class='ocrx_word' id='word_1_591' title='bbox 3262 2454 3374 2505; x_wconf 79' lang='grc' dir='ltr'>ἐστι</span> <span class='ocrx_word' id='word_1_592' title='bbox 3410 2453 3632 2507; x_wconf 68' lang='grc' dir='ltr'>δυνατὸν</span> 
     </span>
    </p>
   </div>
   <div class='ocr_carea' id='block_1_79' title="bbox 2065 2542 3630 2615">
    <p class='ocr_par' dir='ltr' id='par_1_79' title="bbox 2065 2542 3630 2615">
     <span class='ocr_line' id='line_1_80' title="bbox 2065 2542 3630 2615; baseline -0.001 -19"><span class='ocrx_word' id='word_1_593' title='bbox 2065 2542 2195 2596; x_wconf 75' lang='grc' dir='ltr'>ἄνευ</span> <span class='ocrx_word' id='word_1_594' title='bbox 2235 2544 2516 2610; x_wconf 82' lang='grc' dir='ltr'>γυναικὸς,</span> <span class='ocrx_word' id='word_1_595' title='bbox 2547 2544 2809 2615; x_wconf 76' lang='grc' dir='ltr'>αἱρετικῷ</span> <span class='ocrx_word' id='word_1_596' title='bbox 2856 2546 3248 2613; x_wconf 79' lang='grc' dir='ltr'>Καρποκράτει</span> <span class='ocrx_word' id='word_1_597' title='bbox 3300 2544 3630 2607; x_wconf 84' lang='grc' dir='ltr'>ἀκολουθῶν,</span> 
     </span>
    </p>
   </div>
   <div class='ocr_carea' id='block_1_80' title="bbox 2068 2629 3633 2706">
    <p class='ocr_par' dir='ltr' id='par_1_80' title="bbox 2068 2629 3633 2706">
     <span class='ocr_line' id='line_1_81' title="bbox 2068 2629 3633 2706; baseline 0.001 -21"><span class='ocrx_word' id='word_1_598' title='bbox 2068 2633 2334 2706; x_wconf 80' lang='grc' dir='ltr'>σαρκικὴν</span> <span class='ocrx_word' id='word_1_599' title='bbox 2364 2629 2503 2687; x_wconf 79' lang='grc' dir='ltr'>εἶναι</span> <span class='ocrx_word' id='word_1_600' title='bbox 2542 2635 2770 2700; x_wconf 73' lang='grc' dir='ltr'>νομίσας</span> <span class='ocrx_word' id='word_1_601' title='bbox 2798 2635 2897 2705; x_wconf 79' lang='grc' dir='ltr'><strong>τὴν</strong></span> <span class='ocrx_word' id='word_1_602' title='bbox 2930 2634 3021 2687; x_wconf 83' lang='grc' dir='ltr'><strong>τοῦ</strong></span> <span class='ocrx_word' id='word_1_603' title='bbox 3052 2633 3189 2688; x_wconf 83' lang='grc' dir='ltr'>Θεοῦ</span> <span class='ocrx_word' id='word_1_604' title='bbox 3215 2635 3488 2703; x_wconf 81' lang='grc' dir='ltr'>γέννησιν.</span> <span class='ocrx_word' id='word_1_605' title='bbox 3529 2636 3633 2687; x_wconf 81' lang='grc' dir='ltr'><strong>Καὶ</strong></span> 
     </span>
    </p>
   </div>
   <div class='ocr_carea' id='block_1_81' title="bbox 2065 2723 3630 2798">
    <p class='ocr_par' dir='ltr' id='par_1_81' title="bbox 2065 2723 3630 2798">
     <span class='ocr_line' id='line_1_82' title="bbox 2065 2723 3630 2798; baseline 0.001 -19"><span class='ocrx_word' id='word_1_606' title='bbox 2065 2727 2151 2779; x_wconf 76' lang='grc' dir='ltr'>διὰ</span> <span class='ocrx_word' id='word_1_607' title='bbox 2174 2728 2329 2780; x_wconf 91' lang='grc' dir='ltr'>τοῦτο</span> <span class='ocrx_word' id='word_1_608' title='bbox 2365 2732 2460 2780; x_wconf 78' lang='grc' dir='ltr'>καὶ</span> <span class='ocrx_word' id='word_1_609' title='bbox 2490 2729 2763 2798; x_wconf 78' lang='grc' dir='ltr'>σχῖσματα</span> <span class='ocrx_word' id='word_1_610' title='bbox 2810 2729 2975 2797; x_wconf 89' lang='grc' dir='ltr'>μέσον</span> <span class='ocrx_word' id='word_1_611' title='bbox 3010 2729 3220 2796; x_wconf 81' lang='grc' dir='ltr'>Πατρδς</span> <span class='ocrx_word' id='word_1_612' title='bbox 3251 2727 3346 2780; x_wconf 74' lang='grc' dir='ltr'>καὶ</span> <span class='ocrx_word' id='word_1_613' title='bbox 3378 2726 3507 2780; x_wconf 82' lang='grc' dir='ltr'>Υίοῦ</span> <span class='ocrx_word' id='word_1_614' title='bbox 3536 2723 3630 2781; x_wconf 78' lang='grc' dir='ltr'><strong>δύο</strong></span> 
     </span>
    </p>
   </div>
   <div class='ocr_carea' id='block_1_82' title="bbox 2067 2812 3627 2887">
    <p class='ocr_par' dir='ltr' id='par_1_82' title="bbox 2067 2812 3627 2887">
     <span class='ocr_line' id='line_1_83' title="bbox 2067 2812 3627 2887; baseline 0 -17"><span class='ocrx_word' id='word_1_615' title='bbox 2067 2815 2263 2871; x_wconf 83' lang='grc' dir='ltr'>νασθαι</span> <span class='ocrx_word' id='word_1_616' title='bbox 2313 2812 2449 2870; x_wconf 84' lang='grc' dir='ltr'>εἶναι</span> <span class='ocrx_word' id='word_1_617' title='bbox 2504 2819 2777 2887; x_wconf 77' lang='grc' dir='ltr'>ἐνόμισεν.</span> <span class='ocrx_word' id='word_1_618' title='bbox 2837 2818 2900 2870; x_wconf 84' lang='lat' dir='ltr'><strong>El</strong></span> <span class='ocrx_word' id='word_1_619' title='bbox 2936 2817 3044 2886; x_wconf 81' lang='grc' dir='ltr'><strong>γὰρ</strong></span> <span class='ocrx_word' id='word_1_620' title='bbox 3080 2818 3171 2869; x_wconf 77' lang='grc' dir='ltr'><strong>τὸν</strong></span> <span class='ocrx_word' id='word_1_621' title='bbox 3204 2816 3337 2869; x_wconf 84' lang='grc' dir='ltr'>Θεὸν</span> <span class='ocrx_word' id='word_1_622' title='bbox 3370 2816 3627 2881; x_wconf 82' lang='grc' dir='ltr'>ἀδύνατόν</span> 
     </span>
    </p>
   </div>
   <div class='ocr_carea' id='block_1_83' title="bbox 2066 2908 3631 2979">
    <p class='ocr_par' dir='ltr' id='par_1_83' title="bbox 2066 2908 3631 2979">
     <span class='ocr_line' id='line_1_84' title="bbox 2066 2908 3631 2979; baseline 0 -18"><span class='ocrx_word' id='word_1_623' title='bbox 2066 2910 2215 2964; x_wconf 76' lang='grc' dir='ltr'>ἔστιν</span> <span class='ocrx_word' id='word_1_624' title='bbox 2265 2909 2377 2963; x_wconf 85' lang='grc' dir='ltr'>υίδν</span> <span class='ocrx_word' id='word_1_625' title='bbox 2427 2908 2572 2979; x_wconf 79' lang='grc' dir='ltr'>ἔχειν</span> <span class='ocrx_word' id='word_1_626' title='bbox 2626 2908 2753 2962; x_wconf 79' lang='grc' dir='ltr'>ἄνευ</span> <span class='ocrx_word' id='word_1_627' title='bbox 2804 2909 3083 2977; x_wconf 71' lang='grc' dir='ltr'>γυναικὸς,</span> <span class='ocrx_word' id='word_1_628' title='bbox 3123 2908 3436 2978; x_wconf 81' lang='grc' dir='ltr'>λεγέτωσαν</span> <span class='ocrx_word' id='word_1_629' title='bbox 3470 2909 3631 2961; x_wconf 75' lang='grc' dir='ltr'>αὑτὸν</span> 
     </span>
    </p>
   </div>
   <div class='ocr_carea' id='block_1_84' title="bbox 2072 2995 3633 3071">
    <p class='ocr_par' dir='ltr' id='par_1_84' title="bbox 2072 2995 3633 3071">
     <span class='ocr_line' id='line_1_85' title="bbox 2072 2995 3633 3071; baseline -0.001 -18"><span class='ocrx_word' id='word_1_630' title='bbox 2072 3000 2208 3071; x_wconf 83' lang='grc' dir='ltr'>μηδὲ</span> <span class='ocrx_word' id='word_1_631' title='bbox 2252 3000 2486 3069; x_wconf 73' lang='grc' dir='ltr'>ποιητὴν</span> <span class='ocrx_word' id='word_1_632' title='bbox 2537 3002 2629 3053; x_wconf 77' lang='grc' dir='ltr'>καὶ</span> <span class='ocrx_word' id='word_1_633' title='bbox 2667 2999 3001 3070; x_wconf 76' lang='grc' dir='ltr'>δημιουργὸν</span> <span class='ocrx_word' id='word_1_634' title='bbox 3055 3000 3149 3052; x_wconf 80' lang='grc' dir='ltr'>καὶ</span> <span class='ocrx_word' id='word_1_635' title='bbox 3203 3000 3431 3068; x_wconf 70' lang='grc' dir='ltr'>κτίστην</span> <span class='ocrx_word' id='word_1_636' title='bbox 3493 2995 3633 3054; x_wconf 56' lang='lat' dir='ltr'><strong>sinat</strong></span> 
     </span>
    </p>
   </div>
   <div class='ocr_carea' id='block_1_85' title="bbox 2067 3079 3737 3162">
    <p class='ocr_par' dir='ltr' id='par_1_85' title="bbox 2067 3079 3737 3162">
     <span class='ocr_line' id='line_1_86' title="bbox 2067 3079 3737 3162; baseline -0.004 -18"><span class='ocrx_word' id='word_1_637' title='bbox 2067 3079 2193 3145; x_wconf 78' lang='grc' dir='ltr'>ἄνευ</span> <span class='ocrx_word' id='word_1_638' title='bbox 2238 3088 2719 3162; x_wconf 68' lang='grc' dir='ltr'>προϋποκειμένης</span> <span class='ocrx_word' id='word_1_639' title='bbox 2767 3089 2922 3161; x_wconf 76' lang='grc' dir='ltr'>ὕλης,</span> <span class='ocrx_word' id='word_1_640' title='bbox 2968 3089 3045 3152; x_wconf 83' lang='grc' dir='ltr'>ὡς</span> <span class='ocrx_word' id='word_1_641' title='bbox 3087 3090 3137 3143; x_wconf 81' lang='lat' dir='ltr'><strong>oi</strong></span> <span class='ocrx_word' id='word_1_642' title='bbox 3174 3088 3409 3159; x_wconf 75' lang='grc' dir='ltr'>ἄφρονες</span> <span class='ocrx_word' id='word_1_643' title='bbox 3440 3089 3636 3160; x_wconf 83' lang='grc' dir='ltr'>’Ἑλλη-</span> <span class='ocrx_word' id='word_1_644' title='bbox 3736 3082 3737 3085; x_wconf 46' lang='grc'><em>“</em></span> 
     </span>
    </p>
   </div>
   <div class='ocr_carea' id='block_1_86' title="bbox 2071 3182 2575 3253">
    <p class='ocr_par' dir='ltr' id='par_1_86' title="bbox 2071 3182 2575 3253">
     <span class='ocr_line' id='line_1_87' title="bbox 2071 3182 2575 3253; baseline -0.002 -18"><span class='ocrx_word' id='word_1_645' title='bbox 2071 3199 2159 3246; x_wconf 86' lang='grc' dir='ltr'><strong>νες</strong></span> <span class='ocrx_word' id='word_1_646' title='bbox 2197 3182 2575 3253; x_wconf 77' lang='grc' dir='ltr'>ὲδογμάτισαν.</span> 
     </span>
    </p>
   </div>
   <div class='ocr_carea' id='block_1_87' title="bbox 2146 3353 3635 3430">
    <p class='ocr_par' dir='ltr' id='par_1_87' title="bbox 2146 3353 3635 3430">
     <span class='ocr_line' id='line_1_88' title="bbox 2146 3353 3635 3430; baseline 0.001 -20"><span class='ocrx_word' id='word_1_647' title='bbox 2146 3358 2213 3427; x_wconf 55' lang='grc' dir='ltr'><strong>β’,</strong></span> <span class='ocrx_word' id='word_1_648' title='bbox 2248 3358 2313 3410; x_wconf 83' lang='lat' dir='ltr'><strong>Ei</strong></span> <span class='ocrx_word' id='word_1_649' title='bbox 2338 3357 2394 3412; x_wconf 85' lang='grc' dir='ltr'>δὲ</span> <span class='ocrx_word' id='word_1_650' title='bbox 2426 3358 2521 3412; x_wconf 79' lang='grc' dir='ltr'>καὶ</span> <span class='ocrx_word' id='word_1_651' title='bbox 2553 3359 2666 3412; x_wconf 81' lang='grc' dir='ltr'>υίὸν</span> <span class='ocrx_word' id='word_1_652' title='bbox 2711 3353 2859 3430; x_wconf 72' lang='grc' dir='ltr'>εἶχεν</span> <span class='ocrx_word' id='word_1_653' title='bbox 2885 3360 2912 3412; x_wconf 91' lang='lat'><strong>6</strong></span> <span class='ocrx_word' id='word_1_654' title='bbox 2940 3357 3093 3423; x_wconf 85' lang='grc' dir='ltr'>Θεὸς,</span> <span class='ocrx_word' id='word_1_655' title='bbox 3141 3358 3236 3412; x_wconf 77' lang='grc' dir='ltr'>καὶ</span> <span class='ocrx_word' id='word_1_656' title='bbox 3267 3358 3540 3429; x_wconf 80' lang='grc' dir='ltr'>σχίσματα</span> <span class='ocrx_word' id='word_1_657' title='bbox 3570 3361 3635 3413; x_wconf 81' lang='grc' dir='ltr'><strong>ἂν</strong></span> 
     </span>
    </p>
   </div>
   <div class='ocr_carea' id='block_1_88' title="bbox 2072 3443 3634 3519">
    <p class='ocr_par' dir='ltr' id='par_1_88' title="bbox 2072 3443 3634 3519">
     <span class='ocr_line' id='line_1_89' title="bbox 2072 3443 3634 3519; baseline 0.004 -23"><span class='ocrx_word' id='word_1_658' title='bbox 2072 3443 2323 3512; x_wconf 78' lang='grc' dir='ltr'>ἐγένοντο</span> <span class='ocrx_word' id='word_1_659' title='bbox 2358 3446 2524 3515; x_wconf 86' lang='grc' dir='ltr'>μέσον</span> <span class='ocrx_word' id='word_1_660' title='bbox 2576 3448 2779 3511; x_wconf 83' lang='grc' dir='ltr'>αὐτῶν,</span> <span class='ocrx_word' id='word_1_661' title='bbox 2828 3447 2903 3511; x_wconf 87' lang='grc' dir='ltr'><strong>ῶς</strong></span> <span class='ocrx_word' id='word_1_662' title='bbox 2936 3464 3100 3519; x_wconf 87' lang='grc' dir='ltr'>φησιν</span> <span class='ocrx_word' id='word_1_663' title='bbox 3148 3449 3207 3500; x_wconf 81' lang='grc' dir='ltr'><strong>ὲν</strong></span> <span class='ocrx_word' id='word_1_664' title='bbox 3235 3448 3311 3518; x_wconf 85' lang='grc' dir='ltr'>τῷ</span> <span class='ocrx_word' id='word_1_665' title='bbox 3354 3451 3634 3519; x_wconf 64' lang='grc' dir='ltr'>κεφαλαίῳ</span> 
     </span>
    </p>
   </div>
   <div class='ocr_carea' id='block_1_89' title="bbox 2073 3535 3634 3610">
    <p class='ocr_par' dir='ltr' id='par_1_89' title="bbox 2073 3535 3634 3610">
     <span class='ocr_line' id='line_1_90' title="bbox 2073 3535 3634 3610; baseline 0.004 -24"><span class='ocrx_word' id='word_1_666' title='bbox 2073 3535 2153 3605; x_wconf 83' lang='grc' dir='ltr'>τῷ</span> <span class='ocrx_word' id='word_1_667' title='bbox 2190 3536 2552 3607; x_wconf 66' lang='grc' dir='ltr'>Ἐλμωνιεὶμ,</span> <span class='ocrx_word' id='word_1_668' title='bbox 2613 3538 2889 3602; x_wconf 83' lang='grc' dir='ltr'>Ἰουδαίοις</span> <span class='ocrx_word' id='word_1_669' title='bbox 2928 3540 3023 3592; x_wconf 80' lang='grc' dir='ltr'>καὶ</span> <span class='ocrx_word' id='word_1_670' title='bbox 3072 3538 3224 3609; x_wconf 84' lang='grc' dir='ltr'><strong>αὺτῷ</strong></span> <span class='ocrx_word' id='word_1_671' title='bbox 3282 3539 3362 3608; x_wconf 84' lang='grc' dir='ltr'>τῷ</span> <span class='ocrx_word' id='word_1_672' title='bbox 3412 3543 3634 3610; x_wconf 84' lang='grc' dir='ltr'>Καρπο-</span> 
     </span>
    </p>
   </div>
   <div class='ocr_carea' id='block_1_90' title="bbox 2075 3625 3635 3697">
    <p class='ocr_par' dir='ltr' id='par_1_90' title="bbox 2075 3625 3635 3697">
     <span class='ocr_line' id='line_1_91' title="bbox 2075 3625 3635 3697; baseline 0.001 -20"><span class='ocrx_word' id='word_1_673' title='bbox 2075 3625 2269 3695; x_wconf 84' lang='grc' dir='ltr'>κράτει</span> <span class='ocrx_word' id='word_1_674' title='bbox 2302 3625 2636 3679; x_wconf 88' lang='grc' dir='ltr'>ἀκολουθῶν.</span> <span class='ocrx_word' id='word_1_675' title='bbox 2684 3628 2874 3696; x_wconf 81' lang='grc' dir='ltr'>Ἡμεῖς</span> <span class='ocrx_word' id='word_1_676' title='bbox 2908 3628 3039 3695; x_wconf 78' lang='grc' dir='ltr'>γοῦν</span> <span class='ocrx_word' id='word_1_677' title='bbox 3070 3627 3200 3696; x_wconf 82' lang='grc' dir='ltr'>περὶ</span> <span class='ocrx_word' id='word_1_678' title='bbox 3241 3627 3432 3680; x_wconf 86' lang='grc' dir='ltr'>τούτου</span> <span class='ocrx_word' id='word_1_679' title='bbox 3485 3645 3635 3697; x_wconf 85' lang='grc' dir='ltr'>μερι-</span> 
     </span>
    </p>
   </div>
   <div class='ocr_carea' id='block_1_91' title="bbox 2073 3716 3633 3789">
    <p class='ocr_par' dir='ltr' id='par_1_91' title="bbox 2073 3716 3633 3789">
     <span class='ocr_line' id='line_1_92' title="bbox 2073 3716 3633 3789; baseline 0.002 -21"><span class='ocrx_word' id='word_1_680' title='bbox 2073 3716 2185 3778; x_wconf 88' lang='grc' dir='ltr'><strong>κῶς</strong></span> <span class='ocrx_word' id='word_1_681' title='bbox 2234 3716 2537 3783; x_wconf 78' lang='grc' dir='ltr'>φθάσαντες</span> <span class='ocrx_word' id='word_1_682' title='bbox 2585 3716 2811 3787; x_wconf 77' lang='grc' dir='ltr'>εἴπομεν</span> <span class='ocrx_word' id='word_1_683' title='bbox 2845 3719 2903 3771; x_wconf 83' lang='grc' dir='ltr'><strong>ὲν</strong></span> <span class='ocrx_word' id='word_1_684' title='bbox 2948 3720 3013 3788; x_wconf 78' lang='grc' dir='ltr'>τῇ</span> <span class='ocrx_word' id='word_1_685' title='bbox 3065 3716 3373 3789; x_wconf 79' lang='grc' dir='ltr'>ἀπολογίᾳ·</span> <span class='ocrx_word' id='word_1_686' title='bbox 3422 3718 3504 3771; x_wconf 76' lang='grc' dir='ltr'>διὸ</span> <span class='ocrx_word' id='word_1_687' title='bbox 3538 3720 3633 3771; x_wconf 78' lang='grc' dir='ltr'>οὐκ</span> 
     </span>
    </p>
   </div>
   <div class='ocr_carea' id='block_1_92' title="bbox 2074 3806 3632 3879">
    <p class='ocr_par' dir='ltr' id='par_1_92' title="bbox 2074 3806 3632 3879">
     <span class='ocr_line' id='line_1_93' title="bbox 2074 3806 3632 3879; baseline 0.003 -21"><span class='ocrx_word' id='word_1_688' title='bbox 2074 3806 2268 3879; x_wconf 74' lang='grc' dir='ltr'>ἔχομεν</span> <span class='ocrx_word' id='word_1_689' title='bbox 2297 3810 2496 3861; x_wconf 84' lang='grc' dir='ltr'>σκοπὸν</span> <span class='ocrx_word' id='word_1_690' title='bbox 2527 3807 2803 3862; x_wconf 79' lang='grc' dir='ltr'>ἀντειπεῖν</span> <span class='ocrx_word' id='word_1_691' title='bbox 2846 3808 3336 3877; x_wconf 80' lang='grc' dir='ltr'>πεπλατυσμένως,</span> <span class='ocrx_word' id='word_1_692' title='bbox 3371 3808 3447 3872; x_wconf 84' lang='grc' dir='ltr'>ὡς</span> <span class='ocrx_word' id='word_1_693' title='bbox 3487 3810 3632 3879; x_wconf 75' lang='grc' dir='ltr'>εἴρη-</span> 
     </span>
    </p>
   </div>
   <div class='ocr_carea' id='block_1_93' title="bbox 2071 3898 3631 3970">
    <p class='ocr_par' dir='ltr' id='par_1_93' title="bbox 2071 3898 3631 3970">
     <span class='ocr_line' id='line_1_94' title="bbox 2071 3898 3631 3970; baseline 0.001 -20"><span class='ocrx_word' id='word_1_694' title='bbox 2071 3916 2183 3951; x_wconf 86' lang='grc' dir='ltr'>ται.</span> <span class='ocrx_word' id='word_1_695' title='bbox 2227 3898 2381 3951; x_wconf 81' lang='grc' dir='ltr'>Ἐπεὶ</span> <span class='ocrx_word' id='word_1_696' title='bbox 2413 3898 2469 3951; x_wconf 73' lang='grc' dir='ltr'>δὲ</span> <span class='ocrx_word' id='word_1_697' title='bbox 2500 3898 2640 3952; x_wconf 83' lang='grc' dir='ltr'>κατὰ</span> <span class='ocrx_word' id='word_1_698' title='bbox 2680 3902 2741 3951; x_wconf 79' lang='grc' dir='ltr'>τὸ</span> <span class='ocrx_word' id='word_1_699' title='bbox 2775 3901 2950 3969; x_wconf 77' lang='grc' dir='ltr'>παρὸν</span> <span class='ocrx_word' id='word_1_700' title='bbox 2987 3900 3199 3970; x_wconf 85' lang='grc' dir='ltr'>τρανῶς</span> <span class='ocrx_word' id='word_1_701' title='bbox 3238 3899 3387 3969; x_wconf 86' lang='grc' dir='ltr'><strong>αὺτῷ</strong></span> <span class='ocrx_word' id='word_1_702' title='bbox 3433 3901 3631 3953; x_wconf 73' lang='grc' dir='ltr'>ἀντιλέο</span> 
     </span>
    </p>
   </div>
   <div class='ocr_carea' id='block_1_94' title="bbox 2072 3988 3627 4059">
    <p class='ocr_par' dir='ltr' id='par_1_94' title="bbox 2072 3988 3627 4059">
     <span class='ocr_line' id='line_1_95' title="bbox 2072 3988 3627 4059; baseline 0.003 -19"><span class='ocrx_word' id='word_1_703' title='bbox 2072 4005 2262 4057; x_wconf 83' lang='grc' dir='ltr'>γομεν,</span> <span class='ocrx_word' id='word_1_704' title='bbox 2296 3990 2641 4044; x_wconf 83' lang='grc' dir='ltr'>ἀκουέτωσαν</span> <span class='ocrx_word' id='word_1_705' title='bbox 2677 3992 2724 4042; x_wconf 78' lang='lat' dir='ltr'><strong>oi</strong></span> <span class='ocrx_word' id='word_1_706' title='bbox 2750 3992 2842 4043; x_wconf 91' lang='grc' dir='ltr'><strong>τοῦ</strong></span> <span class='ocrx_word' id='word_1_707' title='bbox 2874 3990 3117 4059; x_wconf 72' lang='grc' dir='ltr'>Μωάμεο</span> <span class='ocrx_word' id='word_1_708' title='bbox 3140 3991 3445 4046; x_wconf 68' lang='grc' dir='ltr'>ἀκόὲουθοι.</span> <span class='ocrx_word' id='word_1_709' title='bbox 3470 3988 3627 4055; x_wconf 75' lang='grc' dir='ltr'>Οὗτος</span> 
     </span>
    </p>
   </div>
   <div class='ocr_carea' id='block_1_95' title="bbox 2071 4064 3629 4152">
    <p class='ocr_par' dir='ltr' id='par_1_95' title="bbox 2071 4064 3629 4152">
     <span class='ocr_line' id='line_1_96' title="bbox 2071 4064 3629 4152; baseline 0.003 -20"><span class='ocrx_word' id='word_1_710' title='bbox 2071 4081 2100 4131; x_wconf 89' lang='lat'><strong>6</strong></span> <span class='ocrx_word' id='word_1_711' title='bbox 2128 4081 2373 4149; x_wconf 75' lang='grc' dir='ltr'>Μωᾶμεθ</span> <span class='ocrx_word' id='word_1_712' title='bbox 2397 4082 2487 4134; x_wconf 75' lang='grc' dir='ltr'>τὸν</span> <span class='ocrx_word' id='word_1_713' title='bbox 2530 4064 2765 4151; x_wconf 74' lang='grc' dir='ltr'>Χριστὸν</span> <span class='ocrx_word' id='word_1_714' title='bbox 2788 4082 2909 4135; x_wconf 75' lang='grc' dir='ltr'>οὔτε</span> <span class='ocrx_word' id='word_1_715' title='bbox 2939 4082 3071 4135; x_wconf 83' lang='grc' dir='ltr'>Θεὸν</span> <span class='ocrx_word' id='word_1_716' title='bbox 3101 4086 3318 4152; x_wconf 84' lang='grc' dir='ltr'>φρονεῖν</span> <span class='ocrx_word' id='word_1_717' title='bbox 3350 4083 3473 4135; x_wconf 74' lang='grc' dir='ltr'>οὔτε</span> <span class='ocrx_word' id='word_1_718' title='bbox 3509 4084 3629 4136; x_wconf 83' lang='grc' dir='ltr'>Υίὺν</span> 
     </span>
    </p>
   </div>
   <div class='ocr_carea' id='block_1_96' title="bbox 2072 4169 3628 4244">
    <p class='ocr_par' dir='ltr' id='par_1_96' title="bbox 2072 4169 3628 4244">
     <span class='ocr_line' id='line_1_97' title="bbox 2072 4169 3628 4244; baseline 0.001 -22"><span class='ocrx_word' id='word_1_719' title='bbox 2072 4169 2400 4240; x_wconf 71' lang='grc' dir='ltr'>Θεοῦ,ψιλδν</span> <span class='ocrx_word' id='word_1_720' title='bbox 2424 4171 2467 4221; x_wconf 88' lang='grc' dir='ltr'>δ’</span> <span class='ocrx_word' id='word_1_721' title='bbox 2489 4171 2775 4237; x_wconf 81' lang='grc' dir='ltr'>ἄνθρωπον</span> <span class='ocrx_word' id='word_1_722' title='bbox 2808 4172 2881 4234; x_wconf 83' lang='grc' dir='ltr'>ὼς</span> <span class='ocrx_word' id='word_1_723' title='bbox 2921 4173 3047 4235; x_wconf 80' lang='grc' dir='ltr'>τοὺς</span> <span class='ocrx_word' id='word_1_724' title='bbox 3078 4176 3285 4232; x_wconf 66' lang='grc' dir='ltr'>πάντας</span> <span class='ocrx_word' id='word_1_725' title='bbox 3320 4172 3628 4244; x_wconf 66' lang='grc' dir='ltr'>ἀνθρώπους</span> 
     </span>
    </p>
   </div>
   <div class='ocr_carea' id='block_1_97' title="bbox 2072 4260 3623 4332">
    <p class='ocr_par' dir='ltr' id='par_1_97' title="bbox 2072 4260 3623 4332">
     <span class='ocr_line' id='line_1_98' title="bbox 2072 4260 3623 4332; baseline 0.001 -20"><span class='ocrx_word' id='word_1_726' title='bbox 2072 4261 2166 4313; x_wconf 78' lang='grc' dir='ltr'>καὶ</span> <span class='ocrx_word' id='word_1_727' title='bbox 2192 4260 2370 4329; x_wconf 82' lang='grc' dir='ltr'>ἅγιον,</span> <span class='ocrx_word' id='word_1_728' title='bbox 2390 4261 2484 4313; x_wconf 71' lang='grc' dir='ltr'>καὶ</span> <span class='ocrx_word' id='word_1_729' title='bbox 2523 4261 2664 4329; x_wconf 70' lang='grc' dir='ltr'>ὑπὲρ</span> <span class='ocrx_word' id='word_1_730' title='bbox 2692 4262 2908 4314; x_wconf 75' lang='grc' dir='ltr'>ἅπαντα</span> <span class='ocrx_word' id='word_1_731' title='bbox 2935 4262 3219 4331; x_wconf 75' lang='grc' dir='ltr'>ἄνθρωπον</span> <span class='ocrx_word' id='word_1_732' title='bbox 3266 4262 3623 4332; x_wconf 83' lang='grc' dir='ltr'>ἀσυγκρίτω;,</span> 
     </span>
    </p>
   </div>
   <div class='ocr_carea' id='block_1_98' title="bbox 2069 4341 2709 4422">
    <p class='ocr_par' dir='ltr' id='par_1_98' title="bbox 2069 4341 2709 4422">
     <span class='ocr_line' id='line_1_99' title="bbox 2069 4341 2709 4422; baseline 0.002 -18"><span class='ocrx_word' id='word_1_733' title='bbox 2069 4352 2117 4404; x_wconf 85' lang='grc' dir='ltr'><strong>Ν</strong></span> <span class='ocrx_word' id='word_1_734' title='bbox 2123 4368 2144 4402; x_wconf 89' lang='grc' dir='ltr'><strong>ε</strong></span> <span class='ocrx_word' id='word_1_735' title='bbox 2154 4354 2348 4422; x_wconf 85' lang='grc' dir='ltr'>στορίῳ</span> <span class='ocrx_word' id='word_1_736' title='bbox 2377 4341 2709 4405; x_wconf 51' lang='grc' dir='ltr'>ἀκολουθῶν.</span> 
     </span>
    </p>
   </div>
   <div class='ocr_carea' id='block_1_99' title="bbox 2141 4440 3631 4515">
    <p class='ocr_par' dir='ltr' id='par_1_99' title="bbox 2141 4440 3631 4515">
     <span class='ocr_line' id='line_1_100' title="bbox 2141 4440 3631 4515; baseline 0.001 -19"><span class='ocrx_word' id='word_1_737' title='bbox 2141 4440 2207 4510; x_wconf 77' lang='grc' dir='ltr'><strong>γ’.</strong></span> <span class='ocrx_word' id='word_1_738' title='bbox 2229 4443 2315 4495; x_wconf 83' lang='grc' dir='ltr'>Ἐν</span> <span class='ocrx_word' id='word_1_739' title='bbox 2331 4443 2387 4496; x_wconf 83' lang='grc' dir='ltr'>δὲ</span> <span class='ocrx_word' id='word_1_740' title='bbox 2404 4444 2477 4514; x_wconf 83' lang='grc' dir='ltr'>τῷ</span> <span class='ocrx_word' id='word_1_741' title='bbox 2506 4445 2785 4515; x_wconf 83' lang='grc' dir='ltr'>κεφαλαίῳ</span> <span class='ocrx_word' id='word_1_742' title='bbox 2806 4444 2883 4514; x_wconf 82' lang='grc' dir='ltr'><strong>τῷ</strong></span> <span class='ocrx_word' id='word_1_743' title='bbox 2919 4444 3165 4509; x_wconf 79' lang='grc' dir='ltr'>Ἐλνεσᾶ,</span> <span class='ocrx_word' id='word_1_744' title='bbox 3184 4445 3318 4514; x_wconf 86' lang='grc' dir='ltr'>ὅπερ</span> <span class='ocrx_word' id='word_1_745' title='bbox 3336 4444 3631 4515; x_wconf 78' lang='grc' dir='ltr'>ἑρμηνεύε-</span> 
     </span>
    </p>
   </div>
   <div class='ocr_carea' id='block_1_100' title="bbox 2069 4534 3631 4605">
    <p class='ocr_par' dir='ltr' id='par_1_100' title="bbox 2069 4534 3631 4605">
     <span class='ocr_line' id='line_1_101' title="bbox 2069 4534 3631 4605; baseline 0.001 -18"><span class='ocrx_word' id='word_1_746' title='bbox 2069 4551 2159 4587; x_wconf 88' lang='grc' dir='ltr'><strong>ται</strong></span> <span class='ocrx_word' id='word_1_747' title='bbox 2188 4534 2701 4604; x_wconf 82' lang='grc' dir='ltr'>γυναῒκες,οὐτωσί</span> <span class='ocrx_word' id='word_1_748' title='bbox 2726 4554 2912 4605; x_wconf 85' lang='grc' dir='ltr'>φησιν,</span> <span class='ocrx_word' id='word_1_749' title='bbox 2938 4537 3019 4589; x_wconf 83' lang='grc' dir='ltr'>ὅτι</span> <span class='ocrx_word' id='word_1_750' title='bbox 3044 4538 3072 4589; x_wconf 88' lang='lat'><strong>6</strong></span> <span class='ocrx_word' id='word_1_751' title='bbox 3095 4536 3327 4605; x_wconf 79' lang='grc' dir='ltr'>Χριστὸς</span> <span class='ocrx_word' id='word_1_752' title='bbox 3344 4538 3372 4587; x_wconf 80' lang='grc' dir='ltr'><strong>ὁ</strong></span> <span class='ocrx_word' id='word_1_753' title='bbox 3407 4535 3631 4605; x_wconf 86' lang='grc' dir='ltr'>Ἰησοῦς,</span> 
     </span>
    </p>
   </div>
   <div class='ocr_carea' id='block_1_101' title="bbox 2070 4626 3634 4699">
    <p class='ocr_par' dir='ltr' id='par_1_101' title="bbox 2070 4626 3634 4699">
     <span class='ocr_line' id='line_1_102' title="bbox 2070 4626 3634 4699; baseline 0.001 -19"><span class='ocrx_word' id='word_1_754' title='bbox 2070 4629 2098 4680; x_wconf 87' lang='lat'><strong>6</strong></span> <span class='ocrx_word' id='word_1_755' title='bbox 2115 4627 2229 4690; x_wconf 80' lang='grc' dir='ltr'>υῐὺς</span> <span class='ocrx_word' id='word_1_756' title='bbox 2248 4627 2343 4695; x_wconf 74' lang='grc' dir='ltr'>τῆς</span> <span class='ocrx_word' id='word_1_757' title='bbox 2359 4628 2596 4696; x_wconf 82' lang='grc' dir='ltr'>Μαρίας,</span> <span class='ocrx_word' id='word_1_758' title='bbox 2616 4629 2769 4695; x_wconf 86' lang='grc' dir='ltr'>λόγος</span> <span class='ocrx_word' id='word_1_759' title='bbox 2787 4628 2942 4692; x_wconf 85' lang='grc' dir='ltr'>Θεοῦ,</span> <span class='ocrx_word' id='word_1_760' title='bbox 2955 4628 3207 4699; x_wconf 73' lang='grc' dir='ltr'>καὶψυχὴ</span> <span class='ocrx_word' id='word_1_761' title='bbox 3220 4626 3377 4695; x_wconf 83' lang='grc' dir='ltr'>Θεοῦ,</span> <span class='ocrx_word' id='word_1_762' title='bbox 3394 4627 3634 4693; x_wconf 83' lang='grc' dir='ltr'>καὶπνοὴ</span> 
     </span>
    </p>
   </div>
   <div class='ocr_carea' id='block_1_102' title="bbox 2072 4717 3633 4788">
    <p class='ocr_par' dir='ltr' id='par_1_102' title="bbox 2072 4717 3633 4788">
     <span class='ocr_line' id='line_1_103' title="bbox 2072 4717 3633 4788; baseline -0.001 -16"><span class='ocrx_word' id='word_1_763' title='bbox 2072 4719 2233 4772; x_wconf 78' lang='grc' dir='ltr'>Θεοῦ.</span> <span class='ocrx_word' id='word_1_764' title='bbox 2277 4718 2592 4788; x_wconf 78' lang='grc' dir='ltr'>Ἀρξώμεθα</span> <span class='ocrx_word' id='word_1_765' title='bbox 2629 4719 2807 4771; x_wconf 78' lang='grc' dir='ltr'>τοίνυν</span> <span class='ocrx_word' id='word_1_766' title='bbox 2858 4719 2967 4771; x_wconf 82' lang='grc' dir='ltr'>ἀπὸ</span> <span class='ocrx_word' id='word_1_767' title='bbox 3018 4719 3116 4787; x_wconf 81' lang='grc' dir='ltr'>τῆς</span> <span class='ocrx_word' id='word_1_768' title='bbox 3170 4718 3336 4770; x_wconf 79' lang='grc' dir='ltr'>αὐτοῦ</span> <span class='ocrx_word' id='word_1_769' title='bbox 3391 4717 3633 4788; x_wconf 81' lang='grc' dir='ltr'>Μωάμεθ</span> 
     </span>
    </p>
   </div>
   <div class='ocr_carea' id='block_1_103' title="bbox 2074 4806 3635 4879">
    <p class='ocr_par' dir='ltr' id='par_1_103' title="bbox 2074 4806 3635 4879">
     <span class='ocr_line' id='line_1_104' title="bbox 2074 4806 3635 4879; baseline -0.001 -17"><span class='ocrx_word' id='word_1_770' title='bbox 2074 4809 2384 4879; x_wconf 74' lang='grc' dir='ltr'>ὁμολογίας.</span> <span class='ocrx_word' id='word_1_771' title='bbox 2430 4807 2491 4860; x_wconf 85' lang='lat' dir='ltr'><strong>Ei</strong></span> <span class='ocrx_word' id='word_1_772' title='bbox 2526 4808 2623 4878; x_wconf 82' lang='grc' dir='ltr'>μὲν</span> <span class='ocrx_word' id='word_1_773' title='bbox 2668 4806 2782 4874; x_wconf 66' lang='grc' dir='ltr'>οὖν,</span> <span class='ocrx_word' id='word_1_774' title='bbox 2831 4808 3020 4879; x_wconf 82' lang='grc' dir='ltr'>ῶσπερ</span> <span class='ocrx_word' id='word_1_775' title='bbox 3063 4810 3143 4871; x_wconf 87' lang='grc' dir='ltr'><strong>είς</strong></span> <span class='ocrx_word' id='word_1_776' title='bbox 3190 4809 3315 4870; x_wconf 83' lang='grc' dir='ltr'>τοῦς</span> <span class='ocrx_word' id='word_1_777' title='bbox 3354 4812 3635 4878; x_wconf 83' lang='grc' dir='ltr'>προφήτας</span> 
     </span>
    </p>
   </div>
   <div class='ocr_carea' id='block_1_104' title="bbox 2076 4899 3638 4970">
    <p class='ocr_par' dir='ltr' id='par_1_104' title="bbox 2076 4899 3638 4970">
     <span class='ocr_line' id='line_1_105' title="bbox 2076 4899 3638 4970; baseline -0.001 -18"><span class='ocrx_word' id='word_1_778' title='bbox 2076 4902 2295 4970; x_wconf 79' lang='grc' dir='ltr'>ἐγένετο</span> <span class='ocrx_word' id='word_1_779' title='bbox 2348 4899 2503 4966; x_wconf 59' lang='grc' dir='ltr'>λόγος</span> <span class='ocrx_word' id='word_1_780' title='bbox 2550 4899 2708 4963; x_wconf 84' lang='grc' dir='ltr'>Θεοῦ,</span> <span class='ocrx_word' id='word_1_781' title='bbox 2760 4902 2854 4952; x_wconf 69' lang='grc' dir='ltr'>καὶ</span> <span class='ocrx_word' id='word_1_782' title='bbox 2899 4902 2947 4953; x_wconf 80' lang='lat' dir='ltr'><strong>oi</strong></span> <span class='ocrx_word' id='word_1_783' title='bbox 2997 4900 3273 4969; x_wconf 76' lang='grc' dir='ltr'>προφῆται</span> <span class='ocrx_word' id='word_1_784' title='bbox 3306 4899 3495 4952; x_wconf 84' lang='grc' dir='ltr'>τοῦτον</span> <span class='ocrx_word' id='word_1_785' title='bbox 3528 4903 3638 4963; x_wconf 85' lang='grc' dir='ltr'>τοῖς</span> 
     </span>
    </p>
   </div>
   <div class='ocr_carea' id='block_1_105' title="bbox 2071 4989 3637 5060">
    <p class='ocr_par' dir='ltr' id='par_1_105' title="bbox 2071 4989 3637 5060">
     <span class='ocr_line' id='line_1_106' title="bbox 2071 4989 3637 5060; baseline 0 -17"><span class='ocrx_word' id='word_1_786' title='bbox 2071 4990 2383 5060; x_wconf 77' lang='grc' dir='ltr'>ἀνθρώποις</span> <span class='ocrx_word' id='word_1_787' title='bbox 2423 4989 2714 5060; x_wconf 76' lang='grc' dir='ltr'>ἐλάλησαν,</span> <span class='ocrx_word' id='word_1_788' title='bbox 2747 4990 2889 5043; x_wconf 74' lang='grc' dir='ltr'>οὕτω</span> <span class='ocrx_word' id='word_1_789' title='bbox 2918 4993 3062 5043; x_wconf 83' lang='grc' dir='ltr'>καὶὸ</span> <span class='ocrx_word' id='word_1_790' title='bbox 3089 4990 3321 5059; x_wconf 76' lang='grc' dir='ltr'>Χριστὸς</span> <span class='ocrx_word' id='word_1_791' title='bbox 3348 4990 3637 5060; x_wconf 85' lang='grc' dir='ltr'>δεξάμενος</span> 
     </span>
    </p>
   </div>
   <div class='ocr_carea' id='block_1_106' title="bbox 2073 5080 3637 5150">
    <p class='ocr_par' dir='ltr' id='par_1_106' title="bbox 2073 5080 3637 5150">
     <span class='ocr_line' id='line_1_107' title="bbox 2073 5080 3637 5150; baseline 0.001 -18"><span class='ocrx_word' id='word_1_792' title='bbox 2073 5085 2165 5133; x_wconf 77' lang='grc' dir='ltr'>τὸν</span> <span class='ocrx_word' id='word_1_793' title='bbox 2206 5081 2299 5134; x_wconf 83' lang='grc' dir='ltr'><strong>τοῦ</strong></span> <span class='ocrx_word' id='word_1_794' title='bbox 2327 5080 2462 5133; x_wconf 87' lang='grc' dir='ltr'>Θεοῦ</span> <span class='ocrx_word' id='word_1_795' title='bbox 2504 5082 2682 5148; x_wconf 84' lang='grc' dir='ltr'>λόγον,</span> <span class='ocrx_word' id='word_1_796' title='bbox 2709 5083 2817 5144; x_wconf 84' lang='grc' dir='ltr'>τοῖς</span> <span class='ocrx_word' id='word_1_797' title='bbox 2842 5081 3148 5150; x_wconf 84' lang='grc' dir='ltr'>ἀνθρώποις</span> <span class='ocrx_word' id='word_1_798' title='bbox 3180 5080 3403 5144; x_wconf 78' lang='grc' dir='ltr'>ἐδίδαξε,</span> <span class='ocrx_word' id='word_1_799' title='bbox 3433 5083 3529 5133; x_wconf 81' lang='grc' dir='ltr'>καὶ</span> <span class='ocrx_word' id='word_1_800' title='bbox 3550 5080 3637 5133; x_wconf 78' lang='grc' dir='ltr'>διὰ</span> 
     </span>
    </p>
   </div>
   <div class='ocr_carea' id='block_1_107' title="bbox 2073 5172 3638 5244">
    <p class='ocr_par' dir='ltr' id='par_1_107' title="bbox 2073 5172 3638 5244">
     <span class='ocr_line' id='line_1_108' title="bbox 2073 5172 3638 5244; baseline -0.003 -17"><span class='ocrx_word' id='word_1_801' title='bbox 2073 5174 2232 5227; x_wconf 90' lang='grc' dir='ltr'>τοῦτο</span> <span class='ocrx_word' id='word_1_802' title='bbox 2261 5172 2586 5244; x_wconf 81' lang='grc' dir='ltr'>ὀνομάζεται</span> <span class='ocrx_word' id='word_1_803' title='bbox 2623 5176 2714 5227; x_wconf 79' lang='grc' dir='ltr'>καὶ</span> <span class='ocrx_word' id='word_1_804' title='bbox 2750 5174 3054 5243; x_wconf 82' lang='grc' dir='ltr'>προφήτης,</span> <span class='ocrx_word' id='word_1_805' title='bbox 3088 5173 3161 5236; x_wconf 83' lang='grc' dir='ltr'>ὡς</span> <span class='ocrx_word' id='word_1_806' title='bbox 3203 5174 3231 5225; x_wconf 90' lang='lat'><strong>6</strong></span> <span class='ocrx_word' id='word_1_807' title='bbox 3270 5172 3516 5242; x_wconf 83' lang='grc' dir='ltr'>Μωάμεθ</span> <span class='ocrx_word' id='word_1_808' title='bbox 3544 5189 3638 5225; x_wconf 78' lang='lat' dir='ltr'><strong>xa-</strong></span> 
     </span>
    </p>
   </div>
   <div class='ocr_carea' id='block_1_108' title="bbox 2075 5263 3635 5335">
    <p class='ocr_par' dir='ltr' id='par_1_108' title="bbox 2075 5263 3635 5335">
     <span class='ocr_line' id='line_1_109' title="bbox 2075 5263 3635 5335; baseline 0 -19"><span class='ocrx_word' id='word_1_809' title='bbox 2075 5266 2178 5328; x_wconf 78' lang='grc' dir='ltr'>λεῖ,</span> <span class='ocrx_word' id='word_1_810' title='bbox 2214 5271 2308 5317; x_wconf 81' lang='grc' dir='ltr'>καὶ</span> <span class='ocrx_word' id='word_1_811' title='bbox 2353 5265 2609 5335; x_wconf 71' lang='grc' dir='ltr'>μέγιστος</span> <span class='ocrx_word' id='word_1_812' title='bbox 2643 5266 2881 5327; x_wconf 82' lang='grc' dir='ltr'>πάντων,</span> <span class='ocrx_word' id='word_1_813' title='bbox 2920 5265 3013 5316; x_wconf 69' lang='grc' dir='ltr'><strong>καὶ</strong></span> <span class='ocrx_word' id='word_1_814' title='bbox 3050 5263 3240 5315; x_wconf 77' lang='grc' dir='ltr'>τούτου</span> <span class='ocrx_word' id='word_1_815' title='bbox 3274 5264 3439 5316; x_wconf 70' lang='grc' dir='ltr'>ἕνεκα</span> <span class='ocrx_word' id='word_1_816' title='bbox 3468 5264 3635 5330; x_wconf 72' lang='grc' dir='ltr'>Λόγος</span> 
     </span>
    </p>
   </div>
   <div class='ocr_carea' id='block_1_109' title="bbox 2074 5354 3634 5431">
    <p class='ocr_par' dir='ltr' id='par_1_109' title="bbox 2074 5354 3634 5431">
     <span class='ocr_line' id='line_1_110' title="bbox 2074 5354 3634 5431; baseline -0.002 -23"><span class='ocrx_word' id='word_1_817' title='bbox 2074 5356 2212 5408; x_wconf 83' lang='grc' dir='ltr'>Θεοῦ</span> <span class='ocrx_word' id='word_1_818' title='bbox 2252 5354 2581 5431; x_wconf 70' lang='grc' dir='ltr'>ὀνομάζεται</span> <span class='ocrx_word' id='word_1_819' title='bbox 2609 5372 2621 5384; x_wconf 89' lang='grc'><strong>·</strong></span> <span class='ocrx_word' id='word_1_820' title='bbox 2659 5356 2776 5417; x_wconf 87' lang='grc' dir='ltr'><strong>πῶς</strong></span> <span class='ocrx_word' id='word_1_821' title='bbox 2805 5354 2978 5418; x_wconf 74' lang='grc' dir='ltr'>οὐδεὶς</span> <span class='ocrx_word' id='word_1_822' title='bbox 3004 5354 3110 5407; x_wconf 87' lang='grc' dir='ltr'><strong>τῶν</strong></span> <span class='ocrx_word' id='word_1_823' title='bbox 3134 5354 3433 5426; x_wconf 84' lang='grc' dir='ltr'>προφητῶν</span> <span class='ocrx_word' id='word_1_824' title='bbox 3468 5354 3634 5421; x_wconf 78' lang='grc' dir='ltr'>Λόγος</span> 
     </span>
    </p>
   </div>
   <div class='ocr_carea' id='block_1_110' title="bbox 2074 5444 3631 5516">
    <p class='ocr_par' dir='ltr' id='par_1_110' title="bbox 2074 5444 3631 5516">
     <span class='ocr_line' id='line_1_111' title="bbox 2074 5444 3631 5516; baseline -0.001 -18"><span class='ocrx_word' id='word_1_825' title='bbox 2074 5446 2210 5499; x_wconf 59' lang='lat' dir='ltr'><strong>eam?)</strong></span> <span class='ocrx_word' id='word_1_826' title='bbox 2248 5446 2539 5516; x_wconf 81' lang='grc' dir='ltr'>ὠνομάσθη</span> <span class='ocrx_word' id='word_1_827' title='bbox 2578 5446 2728 5512; x_wconf 79' lang='grc' dir='ltr'>ποτὲ,</span> <span class='ocrx_word' id='word_1_828' title='bbox 2774 5445 2889 5500; x_wconf 83' lang='grc' dir='ltr'>ἀλλ’</span> <span class='ocrx_word' id='word_1_829' title='bbox 2938 5446 3169 5510; x_wconf 70' lang='grc' dir='ltr'>ἕκαστος</span> <span class='ocrx_word' id='word_1_830' title='bbox 3215 5444 3324 5499; x_wconf 76' lang='grc' dir='ltr'>ἀπὸ</span> <span class='ocrx_word' id='word_1_831' title='bbox 3366 5445 3462 5499; x_wconf 91' lang='grc' dir='ltr'><strong>τοῦ</strong></span> <span class='ocrx_word' id='word_1_832' title='bbox 3508 5446 3631 5499; x_wconf 80' lang='grc' dir='ltr'>ίδὶου</span> 
     </span>
    </p>
   </div>
  </div>
