3928 6212
229 266 333 325 653
1207 268 1504 328 CONTRA
1544 262 2031 326 MMIOMETEM
2075 262 2358 322 ORATIO
2400 262 2515 323 Ill.
3356 258 3462 321 est
3544 230 3553 247 ’

226 373 490 440 ὀνόματος
524 371 639 441 ἔχει
685 374 782 443 τὴν
815 376 1086 443 σημασίαν
1114 393 1128 441 ;
1176 379 1235 430 Ei
1266 380 1320 431 δὲ
1367 379 1524 430 τοῦτο
1572 379 1667 444 μὲν
1696 376 1777 426 οὗ)

1912 379 2012 425 tem
2036 372 2150 425 haec
2177 370 2318 425 ratio
2341 371 2487 425 nulla
2519 371 2705 436 fuerit,
2743 370 2839 425 sed
2876 370 2922 425 si
2955 379 3240 440 propterea
3274 370 3463 427 Sermo

225 465 398 526 ἐστιν,
437 465 552 517 ἀλλ’
580 466 655 526 ὡς
683 465 844 534 δῆθεν
876 467 1044 519 ἐλθὼν
1093 470 1121 521 6
1172 470 1532 539 ἀρχάγγελος,
1567 467 1687 521 εἷπε
1723 471 1776 537 ei:

1910 463 1991 514 Dei
2021 462 2242 524 dicitur,
2295 460 2444 529 quod
2499 460 2862 530 archangelus
2912 460 3133 515 Gabriel
3161 459 3461 515 adveniens

224 552 647 624 κεχαριτωμένη
705 554 963 625 παρθένῳ
1011 557 1197 628 Μαρία
1230 559 1321 611 τὸν
1372 558 1770 627 εὐαγγελισμὸν

1917 551 2112 636 Virgiqi
2142 551 2313 621 gratia
2345 552 2519 622 plenze
2551 553 2788 606 faustum
2815 551 2948 607 illud
2974 552 3226 607 nuntium
3253 567 3468 606 annun-

224 647 370 698 κατὰ
397 643 555 697 τοῦτο
581 644 756 713 Λόγος
802 645 939 698 Θεοῦ
969 647 996 698 6
1027 648 1265 717 Χριστὸς
1301 648 1653 717 ὀνομάζεται,
1688 648 1770 702 ἒδε

1922 644 2071 706 iavit,
2095 642 2384 712 oportebat
2430 650 2580 697 certe
2626 652 2683 697 et
2714 642 3034 698 Samsonem
3060 643 3265 698 Manna:
3295 643 3467 700 ﬁlium

226 735 419 789 λοιπὸν
450 736 660 789 καὶτὸν
703 737 798 790 τοῦ
838 738 1037 791 Mavult
1067 740 1181 792 υἱὸν
1220 739 1312 792 τὸν
1351 738 1593 809 Σαμψὼν
1623 740 1777 806 Λόγοε

1918 735 2088 789 :odem
2120 735 2342 790 nomine
2382 734 2668 804 appellari,
2700 735 2959 803 quoniam
3006 743 3063 789 et
3094 734 3208 805 ipse
3238 751 3302 791 ex
3339 751 3469 806 pro-

222 825 363 878 Θεοῦ
396 825 780 896 ὀνομάζεσθαι,
804 827 925 879 ἐπεὶ
950 830 1200 890 κάκεῖνος
1224 830 1285 894 ἐξ
1311 830 1638 897 ἐπαγγελίας
1660 829 1773 883 Θεοί

1921 825 2166 880 nissione
2218 824 2314 880 Dei
2372 835 2534 879 natus
2579 834 2683 882 est.
2708 826 2951 897 Angelus
2979 827 3125 881 enim
3177 828 3472 883 adveniens

223 916 517 987 ἐγεννήθη.
553 918 819 985 Ἀγγελος
874 920 981 989 γάρ
1041 919 1212 974 ἐλθὼν
1264 921 1499 991 ἐδήλωσε
1539 921 1637 991 τὴν
1674 922 1769 973 τού

1922 916 2049 971 llius
2098 916 2504 983 generationem
2560 917 2836 985 exposuit.
2885 917 3027 984 Quin
3092 927 3149 973 et
3197 919 3473 974 Zacharia:

222 1026 321 1062 του
375 1009 654 1081 γέννησιν.
718 1010 881 1063 Ἀλλά
930 1012 1023 1065 καὶ
1072 1011 1161 1065 τὸν
1207 1014 1303 1066 τοῦ
1355 1013 1630 1082 Ζαχαρίου
1680 1013 1773 1065 υίὸτ

1921 1010 2074 1061 ilium
2125 1009 2388 1063 Joannem
2442 1008 2701 1063 similiter
2755 1023 2821 1061 ex
2852 1008 3218 1078 promissione
3260 1019 3469 1075 natum,

236 1102 513 1173 Ἰωάννην,
563 1103 655 1157 καὶ
700 1101 863 1156 αὐτὸν
910 1102 1111 1174 ὁμοίως
1141 1103 1201 1167 ἐξ
1232 1104 1561 1171 ἐπαγγελίας
1602 1122 1787 1173 γεννη‹

1924 1101 2221 1154 iermonem
2261 1100 2355 1154 Dei
2393 1101 2575 1153 vocari
2627 1107 2865 1169 oportet,
2904 1101 3369 1169 proptereaquod
3396 1101 3475 1169 ip-

224 1194 417 1260 θέντα,
455 1193 626 1262 Λόγον
674 1193 1068 1262 ὀνομασθῆναι,
1118 1194 1207 1248 διὰ
1255 1196 1316 1249 τὸ
1370 1195 1663 1265 λαληθῆναι
1721 1195 1775 1265 τι]

1924 1192 2018 1245 tius
2079 1191 2342 1246 nativitas
2394 1191 2674 1246 Zachariat
2724 1207 2824 1261 per
2867 1192 3119 1261 angelum
3154 1191 3475 1246 annuntiata

224 1285 483 1357 Ζαχαρία
527 1284 597 1337 δι’
649 1284 884 1353 ἀγγέλου
924 1284 1022 1356 τὴν
1074 1287 1269 1340 τούτου
1322 1287 1592 1357 γέννησιν.
1647 1288 1775 1339 Ἐπε

1926 1281 1995 1335 ιὶι.
2050 1281 2506 1351 Quandoquidem
2570 1282 2738 1352 igitur
2796 1297 2897 1338 nec
2958 1283 3224 1351 propheta
3279 1280 3477 1351 aliquis

222 1374 323 1430 οὖν
351 1376 477 1430 οῦτε
506 1378 791 1448 προφήτης
818 1378 1113 1451 ὠνομάσθη
1142 1381 1270 1433 ποτὲ
1301 1379 1469 1449 Λόγος
1498 1380 1656 1443 Θεοῦ,
1686 1380 1773 1434 ἀλλ

1929 1370 2097 1425 iermo
2130 1369 2224 1424 Dei
2256 1379 2485 1424 vocatus
2516 1378 2620 1436 est,
2655 1385 2757 1424 nec
2779 1359 2978 1440 aliquis
3024 1386 3089 1426 ex
3117 1371 3480 1441 promissione

225 1470 351 1523 οῦδὲ
377 1470 460 1532 τὶς
484 1467 541 1532 ἐξ
572 1469 905 1537 ἐπαγγελίας
930 1469 1229 1540 γεννηθεὶς,
1250 1470 1358 1541 ἀρα
1389 1470 1501 1523 οὐδ’
1523 1472 1550 1523 ό
1568 1467 1773 1540 Χριστὸ

1931 1471 2088 1527 tatus,
2121 1472 2268 1516 certe
2296 1476 2399 1515 nec
2426 1460 2678 1517 Christus
2730 1462 2922 1517 Sermo
2970 1463 3064 1517 Dei
3112 1462 3315 1517 dicitur
3354 1476 3482 1531 pro-

227 1559 528 1629 ὠνομάσθη
553 1559 725 1626 Λόγος
759 1558 895 1612 Θεοῦ
948 1559 1038 1613 διά
1080 1558 1139 1612 τὸ
1177 1559 1268 1613 τὸν
1307 1559 1537 1629 ἄγγελον
1571 1560 1778 1630 λαλῆσα

1929 1563 2110 1613 nerea.
2159 1551 2305 1621 quod
2341 1552 2573 1621 angelus
2605 1552 2805 1622 virgini
2850 1552 3032 1608 Maria:
3055 1555 3285 1609 salutem
3322 1554 3480 1609 dixe-

227 1655 297 1722 τῇ
346 1653 604 1723 παρθένῳ
635 1650 827 1722 Μαρίᾳ
874 1651 967 1703 τὸν
998 1650 1309 1720 ἀσπασμὸν,
1340 1651 1373 1721 ἢ
1405 1650 1466 1704 τὸ
1498 1651 1597 1723 τὴν
1641 1651 1778 1721 βασκ

1931 1645 2001 1706 ιη,
2037 1650 2131 1697 aut
2186 1642 2332 1711 quod
2381 1642 2429 1696 is
2479 1658 2705 1712 regnum
2762 1644 2859 1699 Dei
2917 1646 3346 1700 annuntiaverit.
3373 1646 3482 1702 Sed

228 1720 383 1796 λείαν
414 1720 508 1796 τοῦ
555 1720 689 1795 Θεοῦ
736 1720 1203 1810 εὐαγγελίσασθαι
1252 1720 1649 1811 τὸννΧριστὸν,
1688 1740 1779 1795 ἀλλ

1928 1732 2014 1788 ilia
2058 1731 2293 1802 quadam
2348 1732 2586 1797 ratione,
2642 1747 2807 1802 quam
2862 1733 3133 1805 ignoravit
3183 1736 3479 1803 Mabomet,

232 1832 406 1900 ἑτέρῳ
434 1830 541 1882 τινὶ
586 1830 751 1899 λόγῳ,
786 1828 845 1882 δν
872 1830 971 1882 οὐκ
1000 1823 1140 1883 οἶδεν
1195 1832 1222 1883 6
1268 1830 1535 1900 Μωάμεθ.
1582 1832 1646 1884 Et
1695 1832 1783 1901 γάι

2045 1839 2245 1880 nomen
2294 1825 2527 1895 accepit.
2576 1824 2633 1879 Si
2684 1826 2830 1880 enim
2870 1828 3109 1882 novisset
3137 1843 3336 1894 eum,a
3370 1830 3485 1885 bla—
3594 1874 3596 1880 .

232 1922 349 1991 155;.
382 1920 565 1986 αὐτὸν,
599 1920 697 1973 οὐκ
727 1918 793 1973 ἂν
819 1919 1180 1991 ἐϐλασφήμει.
1224 1920 1488 1986 Ἀκούσας
1515 1923 1625 1993 γὰρ
1656 1924 1783 1993 παρέ

1931 1916 2171 1985 phemiis
2228 1927 2381 1972 certe
2434 1918 2489 1971 in
2528 1917 2681 1972 illum
2731 1920 2893 1989 jactis
2941 1920 3317 1976 abstinuisset.
3344 1922 3482 1978 Cum

233 2016 330 2079 τῆς
363 2011 589 2083 Γραφῆς
618 2011 793 2080 Λόγον
838 2012 977 2066 Θεοῦ
1018 2010 1160 2068 εἶναι
1191 2012 1284 2067 τὸν
1314 2015 1574 2087 Χριστὸν,
1610 2017 1670 2069 τὸ
1708 2015 1784 2082 μὲ*

1928 2006 2054 2061 :uim
2085 2021 2153 2061 ex
2202 2007 2506 2078 Seripturis
2561 2010 2862 2065 audivisset
2907 2012 3188 2068 Christum
3214 2031 3334 2069 esse
3357 2014 3479 2070 Ser-

241 2105 402 2175 ρητὸν
460 2104 803 2174 ὡμολόγησε,
842 2104 941 2175 τὴν
980 2104 1036 2158 δέ
1074 2122 1139 2172 γε
1186 2105 1415 2177 δύναμιν
1462 2107 1655 2161 τούτου
1706 2107 1792 2160 οὑν

1932 2110 2152 2160 nonem,
2210 2096 2344 2151 illud
2402 2098 2626 2167 quidem
2669 2102 2817 2168 quod
2866 2100 3152 2157 dicebatur
3198 2104 3483 2162 confessus

242 2196 480 2261 ἐδέξατο,
520 2194 641 2246 οὐδὲ
675 2193 809 2246 Θεὸν
854 2194 1019 2249 αὑτὸν
1047 2195 1393 2266 ὡμολόγησε,
1438 2197 1513 2267 μή
1553 2213 1685 2250 ποτε
1714 2199 1793 2253 δύι

1930 2196 2012 2251 :st.
2044 2188 2192 2242 illius
2224 2204 2355 2243 vero
2404 2204 2628 2244 sensum
2671 2206 2773 2245 nec
2820 2194 3044 2262 recepit,
3077 2210 3178 2250 nec
3204 2196 3481 2252 Christum

249 2286 408 2349 Θεοὺς
439 2284 766 2357 προσκυνῶν
797 2285 1019 2355 εὑρεθῇ.
1056 2286 1167 2338 Καὶ
1195 2286 1304 2339 ίδοὺ
1332 2287 1591 2341 έδειλίασε
1621 2289 1800 2359 φόϐον¹

1935 2279 2080 2333 )eum
2102 2294 2224 2334 esse
2248 2280 2534 2336 confessus
2561 2290 2669 2348 est,
2692 2298 2761 2337 ne
2778 2283 2917 2339 forte
2944 2284 3082 2341 duos
3101 2287 3232 2342 deos
3254 2288 3486 2359 adorare

255 2366 315 2425 οἶδ
342 2373 438 2424 οὐκ
473 2369 539 2441 ἦν
578 2371 765 2440 φόϐος.
796 2372 871 2425 οὐ
902 2373 1011 2443 γὰρ
1039 2372 1247 2427 σύνοιδε
1271 2374 1545 2446 διάκρισιν
1576 2379 1806 2434 ὑποστά-

1935 2368 2441 2438 leprebenderetur.
2489 2369 2629 2426 Ecce
2675 2383 2857 2426 autem
2924 2374 3124 2439 timuit,
3172 2378 3263 2431 ubi
3321 2379 3486 2432 timor

256 2474 409 2523 σεων,
456 2461 501 2512 εί
532 2458 608 2529 μὴ
650 2460 745 2512 καὶ
773 2459 872 2531 τὴν
907 2459 1117 2515 οὐσίαν.
1167 2462 1339 2531 Λόγος
1371 2466 1479 2536 γὰρ
1516 2466 1545 2519 6
1577 2468 1807 2537 Χριστὸς

1937 2476 2021 2515 ιοιι
2050 2470 2207 2527 erat;
2237 2476 2349 2516 non
2366 2462 2513 2517 enim
2541 2463 2813 2519 intellexit
2835 2465 3267 2521 substantiarum
3292 2467 3488 2522 discri-

247 2551 570 2619 ὀνομάζεται
598 2552 696 2603 καὶ
745 2552 1025 2621 ὑμνεῖται,
1058 2554 1118 2605 οὐ
1153 2552 1315 2622 μόνον
1342 2555 1423 2608 ὅτι
1468 2557 1561 2609 καὶ
1590 2556 1682 2610 νοῦ
1719 2558 1798 2611 καί

1938 2567 2064 2618 nen,
2096 2568 2199 2608 nec
2256 2554 2431 2623 ipsam
2491 2556 2878 2610 substantiam.
2913 2555 3167 2613 Christus
3190 2559 3336 2613 enim
3362 2560 3489 2614 Ser-

244 2645 405 2712 λόγου
459 2645 556 2698 καὶ
606 2645 801 2713 σοφίας
845 2646 967 2699 εστὶ
1010 2647 1266 2717 χορηγὸς,
1307 2648 1421 2701 ἀλλ’
1457 2649 1538 2701 ὅτι
1567 2649 1663 2702 καὶ
1714 2648 1795 2711 τὰ,

1941 2661 2004 2700 rio
2042 2645 2267 2711 dicitur,
2312 2656 2369 2700 et
2416 2646 2752 2711 celebratur,
2796 2662 2907 2702 non
2939 2649 3100 2702 modo
3122 2650 3269 2717 quod
3292 2650 3492 2706 mentis

242 2738 466 2789 πάντων
511 2737 709 2801 αἰτίας,
761 2738 1010 2790 τουτέστι
1058 2738 1128 2792 τὰ
1170 2740 1608 2809 παραδείγματα,
1656 2740 1793 2795 arm

1941 2746 1971 2791 τι
1990 2736 2221 2791 rationis
2247 2744 2302 2791 et
2332 2736 2619 2805 sapientia:
2648 2737 2757 2791 dux
2792 2747 2897 2802 est,
2930 2753 3115 2794 verum
3153 2742 3320 2796 etiam
3343 2741 3492 2811 quod

241 2830 338 2882 mi.
384 2829 531 2891 ίδέας
569 2829 833 2884 καλοῦσιν
863 2870 879 2894 ,
941 2831 1111 2901 ἤγουν
1141 2831 1238 2894 τὰς
1269 2832 1473 2896 ἀϊδίους
1508 2834 1725 2904 νοήσεις
1756 2839 1792 2887 έε

1943 2828 2164 2883 ennium
2203 2843 2419 2892 causas,
2482 2827 2533 2881 id
2586 2835 2671 2882 est
2705 2829 2974 2899 exempla,
3007 2845 3127 2899 quae
3155 2831 3321 2886 etiam
3344 2832 3494 2888 ideas

241 2918 425 2990 ἑαυτῷ
461 2920 747 2989 μονοειδῶς
784 2921 1140 2993 προείληφεν,
1173 2923 1259 2975 ὅτι
1294 2923 1351 2986 ἐξ
1390 2922 1555 2975 αὑτοῦ
1595 2923 1689 2977 τοῦ
1729 2924 1790 2978 λό

1942 2919 2197 2983 lixerunt,
2222 2927 2454 2974 aztemas
2481 2920 2747 2974 nimirum
2780 2921 3248 2979 considerationes
3273 2932 3329 2979 et
3358 2940 3493 2980 con-

242 3031 342 3081 γου
381 3013 564 3083 ἔχουσι
596 3013 656 3065 τὸ
701 3013 907 3081 λογικοὶ
951 3011 1093 3067 εἶναι
1139 3014 1194 3066 οἴ
1238 3031 1296 3067 τε
1333 3015 1555 3083 ἄγγελοι
1593 3018 1687 3070 καὶ
1721 3017 1793 3071 ἄν

1951 3010 2039 3064 ilia
2072 3010 2129 3063 in
2163 3011 2346 3079 seipso
2374 3010 2490 3065 solo
2527 3012 2890 3081 prwsumpsit,
2927 3013 3145 3082 etquod
3180 3029 3246 3068 ex
3274 3031 3340 3069 eo
3378 3016 3495 3085 ipso

242 3109 495 3176 θρωποι,
534 3106 629 3159 καὶ
675 3107 758 3159 δτι
812 3105 901 3158 διὰ
954 3106 1174 3160 πάντων
1213 3111 1385 3178 χωρεῖ
1421 3110 1793 3179 διικνούμενος

1952 3116 2181 3157 ermone
2244 3102 2349 3157 hoc
2413 3102 2591 3172 ipsum
2642 3105 2787 3173 quod
2840 3119 3149 3159 sermonem
3206 3105 3409 3161 habent
3442 3116 3499 3161 et

240 3199 319 3265 ὡς
356 3198 423 3254 τὰ
464 3198 620 3269 λόγίές
658 3214 845 3271 φασιν,
889 3197 1017 3269 ἄχρι
1062 3197 1156 3250 τοῦ
1201 3200 1419 3254 πάντων
1466 3200 1690 3264 τέλους⁹
1726 3220 1791 3255 κα

1947 3194 2101 3264 mgeli
2130 3200 2187 3248 et
2229 3193 2481 3250 hmines
2531 3203 2881 3264 acceperunt,
2909 3206 2965 3251 et
3013 3195 3159 3266 quod
3187 3210 3286 3265 per
3313 3198 3498 3252 omnia

242 3295 353 3362 πρό
394 3309 457 3359 γε
496 3292 725 3357 τούτων,
760 3290 842 3346 ὅτι
872 3290 1058 3363 πάσης
1089 3290 1396 3364 ἁπλότητος
1420 3292 1449 3347 ὁ
1483 3291 1793 3367 θεῖος-,ὑπερ

1947 3292 2214 3353 :enetrat,
2250 3294 2312 3339 ut
2359 3285 2615 3339 vaticinia
2676 3287 2919 3350 tradunt,
2951 3304 3126 3358 usque
3180 3290 3249 3344 ad
3279 3305 3498 3344 omnem

242 3387 499 3455 ἠπλωται
524 3385 714 3453 Λόγος,
746 3385 841 3438 καὶ
879 3385 1096 3439 πάντων
1133 3385 1280 3439 ἐστὶν
1311 3386 1451 3457 ὑπὲρ
1473 3388 1653 3440 πάντα
1683 3406 1793 3441 κατ

1943 3378 2110 3461 hiem.
2145 3378 2211 3455 ﬁt
2232 3385 2493 3449 prazter'ea
2526 3377 2689 3449 quod
2704 3390 2877 3449 super
2912 3393 3141 3438 multem
3173 3382 3494 3453 simplicita—

242 3480 303 3530 τὸ
346 3475 678 3546 ὑπερούσιον
731 3476 1153 3546 ἀπολελυμένος.
1208 3477 1362 3530 Ἐπεὶ
1404 3479 1534 3547 γὰρ,
1568 3478 1793 3548 ὼς;εῐρη

1950 3485 2033 3523 em
2060 3469 2283 3525 divinus
2313 3469 2509 3524 Sermo
2560 3471 2908 3540 expauditnr,
2968 3483 3025 3526 et
3070 3474 3295 3528 omnino
3334 3489 3501 3545 super

243 3586 362 3634 ται,
404 3569 529 3621 οῦτε
568 3569 643 3631 ὡς
673 3568 958 3639 προφήτης
996 3550 1325 3638 ὀνομάζεται
1364 3570 1555 3639 Λόγος,
1588 3568 1711 3623 οὔτε
1749 3570 1793 3622 ὡ

1949 3559 2109 3613 ιηιηίιι
2134 3559 2289 3629 juxta
2322 3560 2475 3614 illum
2512 3574 2729 3615 omnem
2753 3563 3112 3617 substantiam
3142 3565 3500 3621 excedentem

246 3666 307 3729 ἐξ
360 3662 716 3730 ἐπαγγελίας,
776 3661 990 3731 τρανῶς
1040 3662 1140 3733 ἤδη
1194 3665 1554 3731 ἀναφαίνεται
1610 3665 1694 3717 ὅτι
1751 3664 1796 3717 ὠ

1948 3658 2015 3704 :st
2046 3648 2352 3706 absolutus.
2380 3650 2838 3721 Quandoquidem
2866 3652 3055 3722 igitur,
3076 3662 3136 3708 ut
3166 3654 3371 3709 dictum
3394 3666 3499 3723 est,

248 3756 487 3822 φυσικὸς
518 3754 672 3820 λόγος
696 3752 790 3804 τοῦ
819 3752 955 3805 Θεοῦ
983 3754 1205 3822 λέγεται
1232 3757 1327 3807 καὶ
1350 3753 1499 3807 ἐστιν
1522 3756 1549 3807 6
1572 3754 1799 3826 Χριστός

1954 3754 2112 3809 teque
2136 3747 2195 3793 ut
2218 3740 2488 3809 propheta
2519 3742 2715 3795 Sermo
2736 3743 3071 3809 nominatur,
3095 3760 3273 3815 neque
3294 3761 3360 3799 ex
3382 3761 3505 3817 pro-

250 3847 351 3899 ”).
378 3846 466 3896 διὰ
496 3845 653 3897 τοῦτο
684 3844 810 3907 Υἱὸς
845 3844 981 3897 Θεοῦ
1029 3847 1123 3898 καὶ
1160 3845 1378 3914 λέγεται
1417 3846 1513 3899 καὶ
1547 3846 1826 3911 ἐστιν.Ὢς
1930 3831 2215 3897 ωίδδίοηθν
2256 3831 2544 3886 ιηθηίίθδιθ
2568 3848 2715 3888 ηυηο
2744 3842 2918 3902 Palle
2954 3836 3103 3905 (Ιῑιοά
3138 3851 3240 3891 ce“
3274 3846 3507 3893 natum"

248 3938 364 4004 γὰρ
405 3938 433 3987 ὁ
462 3935 617 4000 λόγος
640 3935 731 3988 νοῦ
758 3936 1004 4006 γέννημα
1034 3937 1203 4001 ἐστιν,
1229 3935 1373 3991 οὕτω
1403 3937 1498 3989 καὶ
1537 3939 1564 3989 6
1595 3936 1799 4007 Χριστὸ

2071 3938 2212 3978 armo
2255 3924 2351 3977 Dei
2386 3925 2635 3979 Christus
2676 3924 2895 3980 dicatur
2941 3936 2999 3982 et
3043 3927 3137 3992 sit,
3170 3940 3508 3999 quapropter
3614 3960 3622 3961 ί

252 4026 506 4095 ἀχρόνως
536 4029 631 4077 καὶ
658 4026 887 4098 ἀπαθῶς
915 4031 1009 4082 καὶ
1035 4028 1141 4098 πρὸ
1164 4027 1271 4081 τῶν
1301 4028 1515 4081 αίῶνων
1548 4029 1799 4097 γεννηθεὶ

1957 4015 2099 4069 :tiam
2156 4015 2328 4069 Filius
2367 4016 2462 4070 Dei
2523 4016 2723 4071 dicTtur
2774 4028 2831 4073 et
2884 4027 2988 4074 est.
3036 4018 3508 4086 Quemadmodum

254 4121 321 4171 ἐκ
336 4118 476 4170 Θεοῦ
500 4118 625 4181 Υἱὸς
648 4096 813 4171 αὐτοῦ
835 4096 1182 4187 ὀνομάζεται.
1212 4102 1345 4173 Οὐδὲ
1362 4122 1469 4189 γάρ
1486 4119 1642 4189 θέμις
1662 4096 1803 4172 εἶπεί

1960 4105 2082 4160 :nim
2108 4120 2289 4161 sermo
2320 4107 2518 4161 mentis
2552 4106 2784 4163 etl‘ectus
2822 4118 2928 4175 est,
2968 4112 3049 4166 sic
3073 4112 3239 4167 etiam
3259 4112 3511 4168 Christus

256 4210 469 4276 φθάσαι
509 4209 635 4269 τοὺς
692 4208 895 4269 αἰῶνας
934 4210 1031 4278 τὴν
1082 4209 1409 4278 προαιώνιον
1438 4210 1711 4277 γέννησιν.
1770 4208 1807 4260 Ε

1960 4196 2007 4250 ιι)
2030 4206 2259 4261 aeterno,
2287 4206 2342 4250 et
2384 4197 2503 4252 sine
2547 4199 2822 4267 passione,
2847 4211 2976 4256 ante
2996 4204 3193 4258 saecula
3228 4219 3260 4259 e
3285 4205 3395 4260 Deo
3418 4220 3511 4277 ge-

253 4300 302 4350 δ’
342 4294 465 4361 οὖν,
503 4297 648 4349 ἔστιν
689 4299 777 4350 ὅτε
819 4296 1106 4368 εὑρίσκετο
1145 4298 1173 4348 6
1204 4298 1336 4360 Θεὸς
1376 4300 1470 4351 καὶ
1503 4298 1804 4365 ἄ).ογος,κα

1963 4287 2108 4351 titus,
2138 4288 2307 4343 Filius
2338 4289 2485 4343 illius
2523 4291 2858 4345 nominatur.
2904 4293 3016 4348 Nec
3041 4294 3186 4350 enim
3217 4296 3401 4351 dicere
3432 4296 3514 4352 fas

254 4387 602 4454 άσοφο;,καὶ
632 4386 914 4451 ἀδύνατος,
957 4390 1052 4440 καὶ
1085 4387 1238 4456 πηγὴ
1271 4388 1409 4457 ξηρὰ
1451 4388 1579 4441 ἄνευ
1615 4385 1805 4449 ὓδατος

1966 4386 2043 4444 :st,
2105 4378 2302 4432 saecula
2362 4379 2605 4449 attigisse
2666 4391 2924 4437 mternam
2964 4378 3109 4440 illam
3161 4396 3287 4443 ante
3333 4391 3517 4445 omnia

270 4477 419 4528 Ἀλλ’
442 4477 566 4528 ἐπεὶ
589 4476 780 4547 ὥσπερ
807 4478 977 4545 Λόγος
1001 4477 1136 4530 Θεοῦ
1164 4475 1491 4542 ὀνομάζεται
1521 4478 1548 4528 6
1574 4477 1821 4547 )(pw’tb;1

1969 4467 2136 4521 aacula
2156 4468 2587 4537 generationem.
2620 4470 2761 4524 Num
2785 4472 2969 4544 itaque
3000 4475 3292 4545 aliquando
3322 4479 3517 4550 depre-

256 4568 408 4620 οῦτω
449 4569 544 4620 καὶ
581 4570 743 4636 σοφία
776 4568 871 4621 καὶ
902 4569 1135 4638 δύναμις
1162 4568 1402 4636 λέγεται.
1437 4570 1546 4621 Καὶ
1574 4572 1605 4643 ἢ
1641 4571 1807 4637 ἀλογοη

1968 4558 2199 4613 tenditur
2214 4559 2381 4614 Deum
2414 4576 2663 4617 sermone
2674 4566 2939 4633 caruisse,
2960 4569 3329 4639 insipientem,
3345 4574 3519 4643 impc-

258 4660 357 4711 καὶ
390 4659 591 4726 ἄσοφος
628 4661 726 4711 καὶ
758 4659 1036 4729 ἀδύναμος
1061 4658 1350 4727 εὑρίσκετο
1386 4660 1484 4729 μὲν
1517 4666 1677 4728 πρότε
1691 4678 1781 4730 ρον
1808 4688 1809 4701 ι

1968 4659 2146 4705 entem
2187 4651 2504 4722 fontemque
2527 4656 2733 4711 siccum
2772 4659 2929 4729 aquis
2955 4659 3278 4717 destitutum
3320 4662 3519 4719 fuisse?

259 4752 422 4815 Θεὸς,
458 4751 597 4818 μετά
628 4752 684 4804 δὲ
716 4750 891 4804 ταῦτα
925 4751 1293 4821 προσελάϐετο
1323 4753 1517 4821 σοφίαν
1549 4754 1643 4805 καὶ
1678 4754 1806 4819 λόγο

1965 4747 2050 4801 Sed
2075 4749 2536 4817 quemadmodum
2552 4751 2804 4809 Christus
2840 4768 3024 4811 sermo
3053 4758 3148 4812 Dei
3180 4761 3516 4823 nominatur,

264 4846 367 4896 καὶ
408 4842 663 4913 δύναμιν,
694 4842 885 4913 ὥσπερ
923 4845 972 4896 οἱ
1009 4844 1311 4913 ἄνθρωποι,
1353 4847 1446 4897 καὶ
1475 4846 1596 4897 τότε
1621 4845 1815 4912 ἐγένετι

1974 4840 2022 4894 ic
2045 4840 2209 4895 etiam
2241 4843 2509 4912 sapientia
2538 4853 2592 4898 et
2621 4847 2862 4915 potentia
2887 4849 3109 4903 dicitur.
3135 4848 3200 4902 Et
3224 4850 3366 4905 Deus
3402 4852 3522 4920 qui-

260 4930 494 4993 τέλειος,
531 4930 564 4998 ἥ
617 4931 676 4996 ἐξ
730 4930 901 4983 ἀῖδίου
935 4932 1031 4983 καὶ
1073 4931 1178 5001 πρὸ
1230 4932 1448 4985 πάντων
1478 4932 1588 4983 τῶν
1626 4933 1811 4983 αἰώνωη

1970 4932 2069 4985 lem
2093 4940 2186 4986 aut
2209 4944 2367 4987 antea
2395 4950 2644 4990 sermone
2667 4937 2862 5001 caruit,
2890 4939 3154 5006 insipiens
3201 4939 3304 4993 fuit
3326 4952 3381 4996 et
3417 4942 3521 4994 i‘m-

259 5022 471 5083 τέλειος
494 5019 591 5085 ὢν,
640 5020 731 5073 τὸν
763 5021 965 5074 ἑαυτοῦ
999 5024 1169 5089 Λόγον
1199 5022 1476 5090 ἐγέννησε.
1522 5023 1630 5075 Καὶ
1661 5025 1709 5074 εἰ
1743 5021 1806 5091 μὲ

1984 5033 2164 5086 olens,
2206 5034 2395 5091 postea
2446 5040 2594 5090 vero,
2635 5034 2693 5079 ut
2747 5026 3000 5082 homines
3050 5029 3251 5095 solent,
3309 5031 3530 5101 sapien-'

267 5112 411 5181 μετὰ
460 5116 650 5182 καιρὸν
691 5114 789 5166 καὶ
843 5117 1038 5184 χρόνον
1093 5116 1182 5167 τὸν
1239 5115 1410 5181 Λόγον
1461 5116 1806 5185 ὑπεστήσατο

1970 5116 2100 5179 iam,
2140 5130 2454 5169 sermonem
2494 5125 2550 5171 et
2606 5119 2905 5186 potentiam
2937 5122 3255 5190 assumpsit,
3280 5134 3520 5193 tuncque

264 5204 388 5266 πῶς
416 5204 548 5267 Θεὸς
582 5206 610 5257 6
642 5206 910 5276 πρότερον
944 5207 1169 5274 ἄλογος;
1221 5208 1328 5259 ἀπὸ
1359 5208 1466 5275 γὰρ
1507 5207 1613 5257 τῶν
1656 5206 1814 5276 σωμά

1972 5206 2231 5260 perfectus
2292 5206 2538 5261 redditus
2574 5220 2678 5271 est;
2723 5218 2823 5262 aut
2872 5225 2997 5264 cum
3045 5210 3114 5266 ab
3145 5222 3357 5269 aeterno
3393 5225 3523 5269 ante

266 5307 380 5344 των
441 5292 545 5346 κᾶν
610 5295 733 5348 ὅσον
765 5295 1036 5365 ἀφέληταί
1092 5314 1196 5359 τις,
1258 5296 1317 5347 τὸ
1376 5297 1817 5364 καταλειπόμενα

1975 5300 2130 5351 ιητηίο
2177 5299 2369 5353 sarcula
2411 5299 2682 5369 perfectus
2709 5313 2875 5367 esset,
2908 5318 3069 5357 suum
3117 5306 3289 5375 ipsius
3316 5321 3526 5362 sermo-

269 5382 436 5451 σῶμά
489 5390 659 5440 ἐστιν.
703 5388 838 5440 Ἀπὸ
876 5388 933 5441 δὲ
990 5390 1086 5457 τῆς
1142 5388 1251 5440 τῶν
1289 5388 1596 5457 ἀσωμάτων
1630 5390 1820 5453 φύτῖεω⁴

1976 5406 2073 5444 tem
2108 5392 2316 5460 genuit.
2345 5393 2409 5445 Et
2442 5392 2488 5448 si
2528 5394 2749 5462 quidem
2778 5405 2902 5465 post
2932 5406 3149 5468 tempus
3185 5398 3406 5468 aliquod
3431 5410 3527 5454 aut

270 5477 377 5530 κᾶν
408 5479 468 5529 τὸ
502 5480 867 5549 σμικρότατον
896 5480 1243 5549 ἀφαιρήσῃς,
1284 5479 1343 5532 τὸ
1388 5484 1496 5532 πᾶν
1531 5480 1820 5543 ἀπώλεσας

1987 5484 2243 5537 rticulum
2308 5486 2569 5554 temporis
2622 5502 2929 5542 sermonem
2967 5504 3034 5544 ex
3093 5505 3155 5545 se
3209 5493 3533 5566 progenuit,

274 5567 384 5620 Καὶ
421 5571 514 5620 ἐὰν
552 5573 643 5622 ἐπὶ
695 5572 801 5625 τῶν
824 5574 1150 5641 ἀσωμάτων
1187 5574 1433 5642 ἀγ-,έλων
1479 5573 1649 5637 οὕτως
1698 5576 1825 5625 ἑστίη

1990 5575 2228 5628 uonnnio
2266 5576 2410 5631 Deus
2461 5586 2576 5630 erat
2633 5588 2761 5632 ante
2817 5580 2910 5647 qui
2958 5594 3213 5636 sermone
3269 5581 3535 5640 carebat?

278 5660 312 5727 ἡ
352 5662 597 5729 difﬂuat,
651 5666 802 5731 πόσῳ
862 5666 1079 5732 μᾶλλων
1141 5668 1233 5717 ἐπὶ
1288 5668 1422 5720 Θεοῦ
1475 5668 1630 5721 τοῦτό
1696 5670 1829 5720 ἐστιλ

1975 5671 2501 5740 ξυτιηίυιιηιιοιιιιεμιε
2532 5672 2676 5724 enim
2716 5673 2839 5741 quis
2871 5690 2900 5727 a
2929 5675 3255 5747 corporibus
3287 5674 3526 5736 abstule‘
