3928 6212
504 222 618 283 635

1685 219 2001 282 JOANNIS
2042 223 2566 287 CANTACUZEN!

3586 244 3670 306 656

509 338 603 402 rit,
635 347 837 403 corpus
894 330 1277 403 imperfectum
1304 318 1310 324 ’
1340 329 1588 385 redditur
1631 346 1643 383 :
1682 345 1709 384 a
1741 331 1953 385 naturis
1984 346 2050 385 au

2186 334 2404 399 ἄτοπον,
2448 336 2544 389 τοῦ
2598 339 2778 408 πάσης
2816 338 3233 413 ἀσωματότητος
3266 346 3354 399 καὶ
3401 322 3677 423 ἁπλότητος,

508 437 615 480 tem
658 424 993 493 incorporeis
1023 422 1067 477 si
1102 422 1185 476 vel
1233 422 1513 475 minimam
1556 421 1847 475 abstuleris
1873 421 2081 490 portio-

507 531 655 578 nem,
684 522 856 568 totum
881 512 1189 584 perdidisti.
1221 510 1377 577 Quod
1397 512 1440 565 si
1475 511 1637 581 igitur
1659 511 1761 565 hoc
1784 510 1851 565 de
1874 511 2079 581 angelis

506 607 846 675 incorporeis
907 613 1058 659 recte
1105 604 1331 667 dicitur,
1384 612 1590 671 quanto
1647 602 1818 669 magis
1864 602 1969 655 hoc
2021 602 2074 656 in

506 698 617 751 Deo
651 694 949 749 absurdum
982 693 1111 758 erit,
1159 693 1251 763 qui
1297 694 1365 747 ab
1417 694 1565 746 omni
1600 694 1921 761 incorporea
1952 693 2079 746 suh—

507 787 705 841 stantia
753 786 900 841 omni
943 785 1291 854 simplicitate
1342 794 1396 839 et
1436 795 1629 839 natura
1666 800 1830 853 supra
1859 799 2075 838 onmem

506 877 869 931 substantiam
926 886 1212 945 exemptus
1268 877 1386 931 est?
1429 876 1483 929 Si
1546 877 1691 931 enim
1753 875 2073 930 Sermonem

502 983 610 1021 non
640 967 895 1029 habebat,
930 976 982 1022 et
1014 979 1201 1037 postea
1258 968 1436 1036 ipsum
1470 966 1784 1035 assumpsit,
1818 966 2075 1035 possibile

502 1062 667 1113 etiam
703 1068 764 1113 ut
803 1059 951 1113 illum
1003 1058 1192 1129 perdat
1251 1058 1708 1128 quemadmodum
1779 1057 2077 1125 assumpsit

502 1151 643 1218 (qua:
680 1149 828 1202 enim
868 1149 1114 1218 apposita
1146 1158 1276 1202 sunt
1324 1147 1388 1200 ad
1422 1147 1647 1216 aliquid,
1680 1147 1843 1201 etiam
1872 1147 2069 1201 anicrri

500 1255 661 1309 posse
695 1237 964 1305 constat).
1018 1238 1171 1304 Quod
1215 1238 1259 1292 si
1300 1252 1432 1291 vero
1470 1237 1539 1290 ab
1585 1240 1790 1291 zezerno
1846 1246 1901 1291 et
1945 1251 2071 1291 ante

501 1332 685 1385 omnia
719 1332 914 1385 saecula
943 1346 1040 1384 ceu
1068 1329 1342 1400 perfectus
1365 1330 1507 1382 Dcus
1535 1330 1831 1397 perfectum
1858 1344 2072 1398 quoque

501 1438 660 1475 suum
704 1421 1025 1477 Sermonem
1074 1424 1282 1491 genuit,
1322 1421 1479 1474 Pater
1510 1420 1601 1489 qui
1652 1429 1890 1474 teternus
1929 1428 2068 1483 crat,

501 1512 581 1566 Fil
611 1527 702 1565 um
731 1526 950 1580 quoque
991 1519 1045 1563 et
1093 1509 1413 1563 Sermonem
1446 1524 1602 1562 suum
1654 1518 1917 1562 aeternum
1950 1522 2070 1560 esse

503 1601 823 1665 declaravit,
859 1611 913 1654 et
937 1599 1186 1666 Salvator
1215 1611 1470 1666 evpressa
1508 1598 1684 1665 imago
1720 1605 1778 1649 ct
1817 1596 2072 1664 splendor

497 1693 677 1748 Patris
707 1700 793 1746 est
820 1690 1108 1753 naturalis,
1142 1697 1195 1741 et
1250 1689 1303 1740 in
1352 1686 1640 1756 imaginem
1678 1687 1819 1739 hanc
1848 1692 2071 1754 Semper

500 1783 816 1851 respiciens
841 1781 1001 1835 Pater
1041 1779 1285 1847 seipsum
1349 1792 1561 1846 semper
1625 1777 1841 1845 aspicit.
1895 1777 2070 1832 Stulte

499 1877 659 1945 igitur
688 1874 965 1928 Mahomet
986 1871 1171 1935 tradit,
1202 1870 1369 1923 Deum
1408 1885 1513 1922 non
1548 1884 1706 1937 posse
1737 1869 1932 1922 Filium
1968 1869 2070 1921 ha-

501 1968 628 2022 bere
658 1966 776 2020 sine
797 1965 1049 2019 muliere.
1080 1961 1193 2015 Hoc
1232 1961 1372 2014 idem
1398 1975 1507 2013 ceu.
1530 1960 1667 2014 forte
1691 1970 2069 2030 argumentum

499 2057 717 2125 repetit.
744 2056 800 2110 In
835 2057 978 2108 hunc
1008 2063 1189 2107 autem
1223 2054 1512 2120 (quantum
1539 2051 1795 2121 conjicio)
1824 2067 2066 2105 errorem

497 2149 713 2213 incidit,
769 2148 914 2218 quod
972 2148 1139 2200 Deum
1184 2158 1505 2213 corporeum
1565 2158 1686 2199 esse
1722 2153 1957 2213 putaret,
2013 2155 2069 2200 et

497 2252 789 2310 propterea
845 2251 1137 2307 supernam
1194 2249 1413 2303 quoque
1470 2234 1613 2287 illam
1662 2234 2067 2302 generationem

497 2344 821 2401 corpoream
883 2342 1005 2383 esse
1088 2324 1443 2380 existimavit.
1490 2322 1556 2376 Et
1611 2322 1730 2377 ﬁeri
1780 2330 1957 2391 potest
2010 2332 2069 2377 ut

493 2419 956 2492 quemadmodum
987 2418 1055 2472 de
1088 2419 1197 2471 Deo
1223 2416 1383 2481 dixit,
1414 2415 1560 2486 quod
1607 2416 1663 2469 in
1696 2415 1812 2485 ipso
1857 2430 1965 2469 non
1995 2416 2068 2470 sit

495 2513 769 2576 accidens,
824 2520 880 2565 et
931 2508 1241 2564 necessario
1294 2522 1474 2577 neque
1527 2507 1833 2562 substantia
1890 2523 2067 2577 neque

493 2606 623 2668 vita,
659 2618 727 2658 eo
779 2601 923 2672 quod
959 2616 1070 2656 non
1106 2600 1379 2665 comedat,
1412 2616 1513 2655 nec
1562 2601 1751 2671 spiret,
1790 2602 1876 2674 ita,
1902 2602 2065 2656 etiam

491 2696 779 2767 negaverit
839 2695 1009 2749 Deum
1076 2693 1278 2748 habere
1346 2693 1565 2747 Filium.
1612 2693 2064 2764 Quandoquidem

489 2802 619 2842 vero
652 2786 791 2840 idem
839 2784 929 2839 ille
960 2838 961 2847 χ
987 2782 1259 2837 Mahomet
1283 2781 1562 2837 Christum
1609 2784 1847 2837 animam
1880 2785 1971 2840 Dei
2011 2797 2067 2841 et

488 2880 750 2950 Spiritum
782 2877 873 2931 Dei
914 2875 1155 2931 dilucide
1201 2874 1334 2929 dicit
1366 2886 1653 2944 vocatque,
1694 2877 2063 2932 concedamus

2181 426 2275 517 καὶ
2312 427 2492 517 πάσης
2541 428 2756 496 φύσεως
2787 431 3127 502 ὑπερουσίως
3170 436 3511 509 ἐξηρημένου;
3541 448 3681 517 Είπερ

2178 516 2286 586 γὰρ
2325 518 2399 585 μὴ
2440 514 2553 588 εἶχε
2603 522 2798 589 Λόγον,
2845 523 2960 577 ἀλλ’
3011 524 3233 592 ὕστερον
3267 532 3414 586 αὐτὸν
3458 514 3683 603 πῳσελᾶο

2180 607 2325 671 Εετο,
2366 608 2594 663 δυνατόν
2633 615 2780 666 ἐστιν
2833 615 3098 670 ἀπολέσαι
3156 618 3351 684 τοῦτον,
3402 625 3560 689 καθὼς
3608 632 3683 683 xui.

2181 699 2570 765 προσελάϐετο.
2630 703 2708 755 Τὰ
2760 704 2872 773 γὰρ
2944 708 3341 779 προστιθέμενα
3381 717 3588 787 φανερὸν
3618 721 3683 772 ὅτι

2179 791 2271 841 καὶ
2309 792 2656 860 ἀφαιρεῖσθαι
2697 795 2977 851 δύνανται.
3014 800 3078 853 Εἰ
3118 800 3176 854 δὲ
3204 803 3261 865 ἐξ
3304 805 3459 858 ἀῖδίου
3490 810 3571 861 καὶ
3600 813 3687 880 πρὸ

2180 882 2398 933 πάντων
2432 884 2540 935 τιῖιν
2566 883 2777 938 αἰώνων
2807 887 2882 947 ὡς
2910 890 3116 952 τέλειος
3143 892 3269 955 Θεὸς
3293 894 3378 946 τὸν
3398 897 3579 951 τέλειον
3607 903 3686 954 αὑ.

2177 970 2270 1056 τοῦ
2303 972 2471 1056 Λόγον
2497 974 2777 1048 ἐγέννησε,
2814 977 2909 1030 καὶ
2938 979 3109 1042 ἀΐδιος
3138 980 3212 1033 ὢν
3248 983 3274 1034 6
3322 984 3497 1056 Πατὴρ
3536 987 3689 1053 ἀῖδῐως

2177 1054 2266 1105 τὸν
2296 1055 2461 1107 αὑτοῦ
2502 1056 2631 1109 Υίὸν
2672 1061 2765 1111 καὶ
2800 1060 2972 1128 Λόγον
3003 1062 3295 1132 ἐξέλαμψε,
3327 1069 3415 1121 καὶ
3439 1054 3585 1122 είκὼν
3611 1076 3687 1126 καὶ

2176 1146 2516 1215 ἀπαύγασμα
2557 1148 2783 1213 φυσικὸν
2818 1152 2845 1203 6
2873 1150 3062 1222 Σωτὴρ
3095 1153 3187 1206 τοῦ
3219 1156 3420 1223 Πατρός
3462 1160 3586 1223 ἐστι,
3612 1162 3690 1214 καὶ

2173 1231 2232 1282 ὲν
2282 1234 2345 1301 τῇ
2380 1232 2547 1286 εικόνι
2574 1234 2746 1306 ταύτῃ
2764 1236 2863 1289 ἀεὶ
2902 1236 3122 1308 θεωρῶν
3152 1241 3179 1293 6
3208 1240 3388 1312 Πατὴρ
3421 1245 3590 1298 ἑαυτὸν
3617 1249 3686 1300 ἀεὶ

2174 1321 2408 1387 θεωρεῖ·
2456 1322 2561 1392 ἄρα
2597 1326 2825 1392 μάταιος
2869 1328 2898 1380 6
2942 1329 3209 1399 Μωάμεθ,
3256 1331 3284 1381 6
3332 1332 3492 1402 λέγων
3534 1338 3604 1390 ὅτι
3638 1339 3723 1393 οὐδ

2171 1410 2395 1463 δύναται
2422 1413 2449 1464 6
2487 1413 2617 1475 Θεὸς
2664 1416 2791 1466 κατ’
2843 1416 3035 1470 οὐδένα
3067 1418 3269 1486 τρόπον
3298 1421 3404 1473 υἱὸν
3433 1424 3561 1492 ἔχειν
3583 1426 3688 1478 ἄνευ

2175 1503 2456 1566 γυναικός.
2525 1504 2694 1558 Τοῦτο
2766 1508 2875 1578 γὰρ
2933 1501 3193 1571 πολλάκις
3255 1511 3534 1568 ἁνακυκλοῑ
3591 1517 3691 1570 ἀντὶ

2176 1593 2395 1661 ἰσχυροῦ
2456 1595 2907 1667 ἐπιχειρήματος.
2979 1599 3235 1655 Ἐνέπεσε
3292 1603 3355 1656 δὲ
3391 1606 3465 1677 εἰς
3519 1606 3692 1674 ταύτην

2107 1668 2148 1721 Β
2174 1684 2271 1751 τὴν
2302 1684 2535 1754 πλάνην,
2562 1687 2634 1750 ὡς
2671 1685 2845 1757 οἶμαι,
2870 1689 2958 1744 διὰ
2988 1693 3050 1745 τὸ
3069 1690 3162 1746 τὸν
3192 1692 3323 1748 Θεὸν
3356 1668 3555 1765 νομίσαι
3580 1668 3691 1749 εἶναι

2175 1775 2510 1846 ὲνσώματον.
2553 1780 2654 1831 Διὰ
2690 1781 2849 1834 τοῦτο
2877 1784 2970 1837 καὶ
2998 1784 3095 1854 τὴν
3125 1786 3237 1839 ἄνω
3267 1790 3507 1857 γέννησιν
3534 1807 3689 1857 σωμα-

2171 1866 2329 1935 τικὴν
2379 1863 2518 1919 εἷναι
2569 1869 2827 1923 ὑπέλαϐε.
2885 1872 2996 1926 Καὶ
3028 1867 3141 1926 οἷον
3170 1874 3356 1944 ὥσπερ
3406 1880 3525 1949 περὶ
3558 1878 3690 1941 Θεοῦ,
3731 1928 3735 1935 .

2170 1957 2251 2008 ὅτι
2293 1958 2416 2009 ἐπεὶ
2453 1959 2801 2029 συμϐεϐηκὸς
2840 1962 2898 2016 ὲν
2924 1963 3074 2033 αὑτῷ
3113 1964 3216 2018 οὐκ
3239 1966 3401 2034 ἔστιν,
3427 1969 3691 2039 ὲξανάγκης

2170 2048 2292 2101 οὑδὲ
2339 2049 2497 2101 οὐσία
2531 2048 2563 2119 ἦ
2596 2050 2730 2121 ζωὴ,
2765 2052 2848 2104 ὅτι
2888 2054 2962 2124 μὴ
2998 2054 3175 2107 ἐσθίει
3204 2056 3238 2126 ἢ
3271 2058 3525 2111 ἀναπνεῖ·
3553 2060 3693 2121 οὕτως

2170 2142 2413 2209 ἀρνεῖται
2441 2141 2501 2193 τὸ
2528 2142 2617 2194 τὸν
2655 2142 2789 2195 Θεὸν
2817 2144 2962 2213 ἔχειν
3019 2148 3157 2203 υἱόν.
3205 2150 3355 2203 Ἐπεὶ
3399 2154 3452 2203 δὲ
3478 2154 3560 2203 τὸν
3587 2154 3693 2221 Χρι-

2172 2238 2294 2284 στὸν
2323 2234 2351 2284 6
2384 2232 2544 2295 αὐτὸς
2583 2235 2831 2304 Μωάμεθ
2873 2237 3053 2308 ψυχὴν
3083 2239 3223 2293 Θεοῦ
3263 2244 3353 2295 καὶ
3397 2244 3550 2314 πνοὴν
3582 2242 3693 2295 Θεοῦ

2169 2322 2469 2393 διαρρήδην
2499 2325 2756 2395 ὀνομάζει
2785 2328 2881 2381 καὶ
2905 2327 3074 2397 λεέγει,
3097 2331 3426 2403 ὑποθὼμεθα
3450 2338 3534 2387 καὶ
3561 2337 3694 2403 ἡμεῖς

2168 2413 2326 2466 τοῦτο
2365 2414 2540 2478 οὑτως
2585 2411 2722 2468 εἶναι
2771 2418 2912 2472 κατὰ
2953 2421 3044 2474 τὸν
3077 2422 3293 2476 ἐκείνου
3332 2424 3497 2494 λόγον.
3542 2427 3692 2478 Καὶεί

2167 2505 2199 2570 ἡ
2231 2502 2323 2554 τοῦ
2373 2502 2511 2556 Θεοῦ
2557 2506 2693 2575 πνοὴ
2737 2507 3008 2580 καὶψυχὴ
3062 2512 3274 2582 κτίσμα
3324 2512 3534 2567 δύναται
3578 2511 3692 2567 εἶναι

2167 2596 2260 2647 καὶ
2286 2596 2454 2661 ἔστιν,
2503 2598 2614 2651 ἰδοὺ
2644 2599 2792 2652 ἐστιν
2836 2600 2923 2653 ὅτε
2956 2606 2982 2656 6
3017 2601 3153 2668 Θεὸς
3186 2605 3327 2659 κατὰ
3366 2608 3454 2660 τὸν
3484 2606 3691 2675 Μωάμεθ

2166 2688 2261 2740 καὶ
2296 2687 2498 2752 ἄπνους
2524 2689 2616 2742 καὶ
2640 2692 2847 2761 ἄψυχος
2879 2688 2969 2765 ἦν,
3015 2697 3110 2748 καὶ
3157 2696 3250 2750 διὰ
3284 2701 3577 2770 κτισμάτων
3597 2699 3695 2766 ἐγέ-

2167 2795 2288 2832 νετο
2342 2781 2571 2843 τέλειος.
2620 2784 2732 2837 Καὶ
2781 2784 2813 2855 ἢ
2852 2785 3012 2849 αὑτὸς
3065 2788 3264 2843 ἑαυτὸν
3312 2792 3691 2861 ἐδημιούργησεν

2167 2872 2263 2924 καὶ
2302 2872 2525 2943 ἐποίησε
2558 2874 2763 2928 τέλειον
2803 2877 2999 2949 ἀτελὴς
3029 2879 3442 2952 εὑρισκόμενος,
3476 2885 3505 2954 ἤ
3535 2883 3690 2952 ἕτερός

488 2988 588 3026 nos
619 2985 835 3040 quoque
857 2984 972 3023 rem
1002 2970 1077 3022 ita
1110 2978 1171 3021 ut
1202 2967 1338 3022 dicit
1362 2982 1419 3021 se
1456 2967 1677 3022 habere.
1710 2968 1778 3022 Et
1823 2970 1867 3021 si
1899 2970 2058 3038 spiri-

2167 2965 2313 3015 ἐστιν
2347 2966 2375 3017 6
2412 2964 2600 3066 τοῦτον
2639 2966 2992 3038 δημιουργός.
3043 2972 3161 3025 Καὶ
3190 2975 3379 3027 σκόπει
3412 2976 3468 3028 τὸ
3505 2975 3691 3027 ἄτοπον.

487 3075 573 3117 tus
603 3063 695 3116 Dei
732 3070 787 3114 et
812 3061 992 3114 anima
1036 3059 1130 3112 Dei
1191 3069 1443 3113 creatura
1489 3074 1608 3113 esse
1644 3068 1822 3126 potest
1866 3070 1921 3114 et
1954 3070 2055 3125 est,

484 3170 614 3209 ecce
648 3155 816 3222 igitur
849 3155 960 3223 jam
989 3154 1260 3222 contingit
1288 3160 1347 3205 ut
1391 3144 2060 3221 Deusjuxta‘Mahometis

485 3252 801 3319 opinionem
858 3248 1151 3319 aliquando
1221 3246 1416 3316 spiritu
1459 3246 1703 3300 caruerit
1752 3257 1807 3301 et
1855 3248 2055 3313 anima,

484 3353 541 3395 et
572 3357 670 3411 per
705 3350 987 3400 creaturas
1032 3341 1191 3408 plene
1252 3338 1539 3392 absolutus
1583 3338 1673 3400 sit,
1702 3346 1757 3391 et
1783 3338 1928 3408 quod
1964 3347 2059 3393 aut

482 3434 599 3501 ipse
638 3431 990 3500 imperfectus
1017 3429 1256 3499 seipsum
1290 3417 2057 3498 condideritqperfectumqiie

482 3522 700 3584 l‘ecerit,
751 3529 845 3573 aut
894 3523 1062 3574 alium
1104 3520 1189 3574 sui
1232 3528 1537 3574 creatorem
1594 3518 1815 3574 habeat.
1863 3520 1943 3573 En
1979 3520 2055 3573 rei

485 3611 882 3667 absurditatcm
945 3610 1255 3665 considera.
1302 3609 1357 3664 Si
1409 3622 1540 3662 vero
1580 3608 1723 3662 Deus
1775 3624 2055 3677 nunquam

482 3704 660 3757 caruit
689 3703 908 3771 Spiritu,
937 3716 1040 3756 nec
1062 3702 1266 3765 anima,
1298 3701 1392 3754 sed
1422 3700 1507 3753 bis
1534 3714 1751 3768 semper
1781 3698 1882 3752 fuit
1912 3714 2050 3765 prae-

484 3797 654 3858 ditus,
683 3794 959 3864 sequitur,
987 3793 1133 3861 quod
1163 3792 1417 3847 Christus
1454 3806 1691 3858 semper,
1717 3806 1824 3845 non
1852 3805 2053 3844 secun-

480 3886 611 3941 dum
658 3886 954 3940 humanam
1018 3893 1295 3956 naturam,
1345 3882 1440 3935 sed
1489 3882 1749 3946 divinam,
1778 3898 1902 3935 cum
1942 3883 2053 3936 Deo

482 3978 670 4043 fuerit,
700 3977 813 4032 sive
839 3990 1149 4032 sermonem
1180 3974 1294 4028 sive
1327 3974 1653 4042 sapientiam
1713 3972 1828 4029 sive
1861 3983 2053 4042 poten-

483 4071 612 4126 tiam
657 4069 804 4122 hunc
855 4066 1247 4121 nominaveris.
1285 4063 1532 4133 Semper,
1570 4064 1814 4132 inquam,
1845 4079 1911 4118 ex
1940 4065 2051 4119 Deo

479 4170 585 4220 est,
610 4169 817 4213 etcum
847 4174 935 4214 eo.
986 4156 1221 4227 Sapiens
1248 4156 1396 4210 enim
1452 4170 1731 4225 nunquam
1785 4157 1904 4211 sine
1953 4172 2050 4213 sua

475 4259 561 4307 est
606 4248 896 4320 sapientia,
955 4263 1132 4317 neque
1181 4247 1441 4301 robustus
1495 4246 1617 4298 sine
1667 4260 1767 4298 suo
1829 4245 2046 4320 robore,

2166 3057 2227 3108 Ei
2266 3057 2320 3110 δὲ
2351 3056 2449 3110 οῦκ
2474 3053 2543 3129 ἦν
2584 3077 2716 3113 ποτε
2759 3061 2846 3114 ὅτε
2881 3065 2907 3114 6
2957 3063 3089 3127 Θεὸς
3142 3066 3349 3131 ἄπνους
3396 3072 3484 3122 καὶ
3520 3070 3692 3138 ἄψυχος

2160 3148 2467 3216 εὑρίσκετο,
2516 3149 2632 3201 ἀλλ’
2665 3150 2751 3203 ἀεὶ
2803 3151 3049 3222 ἔμψυχος
3089 3157 3189 3210 καὶ
3236 3157 3488 3229 ἔμπνους,
3537 3159 3691 3212 λοιπὸν

2159 3239 2250 3289 καὶ
2279 3240 2368 3291 ἀεὶ
2392 3244 2419 3293 6
2446 3241 2702 3309 Χριστὸς,
2738 3243 2856 3312 οὑχὶ
2879 3244 3013 3298 καθὸ
3042 3245 3356 3319 ἄνθρωπος,
3389 3252 3515 3305 ἀλλὰ
3540 3251 3692 3313 καθὼς

2159 3330 2221 3380 ὲκ
2247 3328 2339 3384 τοῦ
2366 3330 2501 3383 Θεοῦ
2529 3334 2821 3402 γενόμενος
2852 3336 3067 3407 ὑπῆρχε
3100 3340 3179 3408 τῷ
3206 3341 3347 3412 Θεῷ.
3376 3343 3486 3396 Κᾶν
3509 3359 3560 3395 τε
3584 3342 3692 3409 γοίν

2156 3419 2347 3486 Λάγον,
2387 3423 2485 3477 κᾶν
2519 3440 2579 3475 τε
2613 3425 2803 3492 σοφίαν
2833 3427 2926 3478 καὶ
2951 3428 3183 3497 δύναμιν
3214 3432 3395 3505 εἴπῃς,
3425 3435 3506 3488 ἀεὶ
3533 3436 3588 3485 ἐκ
3614 3430 3692 3484 τοῦ

2156 3512 2290 3565 Θεοῦ
2338 3516 2475 3580 ἐστι,
2511 3517 2606 3568 καὶ
2647 3518 2766 3583 μετ’
2817 3518 2985 3571 αὑτοῦ
3039 3522 3215 3577 ἐστιν.
3251 3526 3386 3578 Οὐδὲ
3442 3526 3542 3595 γάρ
3592 3522 3690 3575 ἐστί

2156 3621 2285 3655 ποτε
2325 3607 2351 3656 6
2386 3606 2547 3673 σοφὸς
2588 3607 2717 3659 ἄνευ
2749 3608 2849 3678 τῆς
2888 3609 3079 3663 ἑαυτοῦ
3116 3615 3329 3683 σοφίας,
3352 3617 3470 3669 οὐδὲ
3504 3620 3530 3668 6
3558 3616 3693 3668 δυνα-

2155 3695 2241 3757 τὸς
2273 3697 2424 3759 ἐκτὸς
2456 3700 2552 3768 τῆς
2590 3697 2784 3751 ἑαυτοῦ
2815 3698 3123 3770 δυνάμεως,
3148 3706 3271 3758 οὐδὲ
3310 3710 3338 3759 6
3377 3707 3495 3770 νοῦς
3546 3706 3689 3775 χωρὶς

2150 3788 2244 3838 τοῦ
2285 3787 2480 3840 ἑαυτοῦ
2517 3789 2701 3857 λόγου,
2738 3789 2813 3851 ὡς
2847 3791 2969 3843 οὑδὲ
2994 3794 3022 3845 6
3049 3794 3207 3865 ἥλιος
3234 3797 3363 3851 ἄνευ
3401 3799 3496 3868 τῆς
3522 3794 3689 3850 ἑαυτοῦ

2152 3879 2391 3941 ἀκτῖνος.
2428 3880 2544 3933 Κάν
2578 3896 2637 3933 τε
2666 3880 2798 3949 γοῦν
2823 3883 3003 3955 ψυχὴν
3034 3885 3174 3940 Θεοῦ
3212 3892 3306 3941 καὶ
3342 3890 3504 3959 πνοὴν
3531 3890 3685 3955 εἴπῃς,

2150 3963 2243 4015 τὸν
2272 3964 2433 4017 αὑτὸν
2463 3965 2620 4033 λόγον
2651 3968 2800 4021 ἐστιν
2830 3974 3029 4027 εἰπεῖν.
3062 3976 3125 4027 Et
3159 3978 3270 4047 γὰρ
3301 3979 3477 4049 ψυχὴν
3506 3974 3636 4044 εἶχεν
3667 3976 3689 4024 6

2150 4055 2302 4121 Θεὸς,
2344 4056 2404 4108 τὸ
2442 4057 2626 4127 τίμιον
2656 4060 2846 4128 αὐτοῦ,
2880 4066 2912 4132 ἠ
2956 4065 3103 4136 ψυχὴ
3132 4069 3301 4121 αὑτοῦ
3329 4071 3597 4138 εὑρίσκετο
3616 4067 3685 4118 ἄν.

2150 4147 2260 4199 Καὶ
2302 4146 2409 4200 ἰδοὺ
2446 4149 2554 4201 ἀπό
2604 4167 2663 4203 τε
2704 4152 2803 4221 τῆς
2858 4154 3145 4225 ἀληθείας,
3203 4162 3314 4215 ἀπό
3366 4178 3426 4214 τε
3488 4159 3577 4227 τῆς
3611 4156 3687 4207 τοῦ

2149 4238 2392 4305 Μωάμεθ
2432 4240 2744 4308 ὁμολογίας,
2796 4247 2824 4296 6
2860 4246 3096 4315 Χριστὸς
3130 4253 3232 4321 τῆς
3262 4252 3430 4321 αὑτῆς
3468 4251 3553 4303 καὶ
3581 4253 3687 4321 μιᾶς

476 4356 653 4410 neque
695 4354 848 4393 mens
890 4339 1010 4395 sine
1040 4353 1137 4393 sua
1184 4338 1412 4401 ratione,
1440 4346 1499 4390 ut
1536 4350 1637 4389 nec
1676 4336 1754 4390 sol
1794 4335 1912 4391 sine
1943 4352 2042 4391 suo

2160 4327 2365 4396 φύσεως
2414 4330 2491 4398 τῷ
2544 4332 2663 4403 Θεῷ
2722 4334 3114 4406 εὑρισκόμενος
3162 4342 3553 4396 ἀποδέδεικται.
3599 4342 3691 4395 Καὶ

478 4433 653 4499 radio.
711 4431 767 4485 Si
814 4430 985 4501 igitur
1039 4435 1183 4484 hunc
1230 4428 1468 4482 animam
1526 4425 1641 4480 sive
1666 4427 1916 4493 spiritum
1950 4425 2045 4478 Dei

475 4522 719 4585 dixeris,
765 4520 1021 4575 eumdem
1087 4519 1253 4574 etiam
1322 4532 1630 4571 sermonem
1682 4531 1802 4571 esse
1862 4517 2045 4569 dicere

470 4615 621 4668 licet.
657 4612 712 4666 Si
753 4610 900 4666 enim
953 4610 1188 4663 animam
1230 4609 1374 4660 Deus
1404 4606 1680 4670 habuerit,
1706 4604 2044 4675 prastantis-

471 4706 609 4758 sima
658 4704 713 4757 in
748 4702 841 4756 illo
881 4715 1009 4770 pars
1058 4699 1173 4769 ipsa
1222 4698 1398 4751 anima
1436 4710 1556 4750 csse
1579 4695 2042 4764 deprehendetur.

473 4799 542 4851 Et
581 4796 724 4859 vide,
754 4809 820 4848 ea
875 4793 992 4861 ipsa
1036 4791 1290 4855 veritate,
1321 4789 1432 4842 imo
1478 4804 1542 4842 ex
1571 4788 1683 4855 ipsa
1711 4787 2037 4841 Mahometis

473 4887 819 4945 confessione
856 4885 1287 4937 demonstratum
1323 4888 1428 4938 est,
1463 4877 1739 4931 Christum
1785 4876 2033 4945 ejusdem

469 4990 525 5033 et
556 4979 717 5031 unius
746 4990 869 5028 cum
922 4974 1030 5027 Deo
1070 4983 1278 5025 natura:
1330 4983 1469 5033 esse,
1500 4976 1552 5021 et
1585 4967 1836 5020 eumdem
1862 4967 2033 5019 Deum

469 5072 686 5122 Patrem
728 5065 931 5119 habere
984 5062 1286 5132 genitorem
1335 5059 1402 5112 ab
1442 5068 1648 5113 reterno
1682 5066 1805 5112 ante
1838 5058 2033 5113 saecula

467 5159 779 5224 Filiumque
802 5154 896 5208 Dei
920 5167 1041 5206 esse
1064 5153 1359 5221 genuinum
1383 5159 1439 5204 et
1463 5150 1654 5215 Deum,
1681 5149 2035 5217 quemadmo-

467 5252 596 5304 dum
650 5249 764 5316 ipse
819 5245 874 5299 in
937 5242 1245 5313 Evangeliis
1298 5244 1377 5297 sic
1424 5242 1499 5296 ait
1531 5259 1596 5295 ιι
1634 5240 1744 5311 Ego
1779 5254 1826 5294 ct
1876 5242 2031 5296 Pater

466 5356 632 5395 unum
660 5351 849 5391 sumus
869 5336 949 5402 ‘9;
974 5354 993 5387 ι
1027 5336 1076 5388 id
1109 5344 1213 5395 est,
1241 5350 1382 5388 unus
1403 5334 1565 5393 Deus,
1593 5348 1698 5385 non
1728 5332 2027 5391 secundum

466 5442 753 5500 personas,
790 5435 848 5480 ut
894 5426 1028 5480 dicit
1072 5425 1361 5490 Sabellius,
1411 5425 1503 5479 sed
1537 5423 1833 5477 secundum
1874 5439 2032 5476 unam

537 5589 583 5619 "
622 5587 779 5641 Joan.
820 5603 870 5653 κ,
911 5587 998 5642 50.

2143 4418 2307 4471 αὑτὸν
2344 4420 2435 4473 τὸν
2473 4421 2606 4477 Θεὸν
2654 4426 2749 4478 καὶ
2789 4428 3007 4499 Πατέρα
3043 4430 3184 4500 ἔχων
3218 4433 3328 4503 πρὸ
3365 4435 3471 4487 τῶν
3506 4434 3689 4487 αίώνων

2144 4508 2205 4570 ἐξ
2244 4509 2414 4562 ἀϊδίου
2467 4515 2787 4585 γεννήτορα,
2831 4521 2927 4570 καὶ
2980 4523 3207 4592 γνήσιος
3270 4526 3391 4587 Υίὸς
3438 4525 3524 4578 τοῦ
3575 4522 3688 4575 Θεοῦ

2144 4599 2525 4668 ἀναφαίνεται,
2566 4606 2661 4658 καὶ
2716 4607 2869 4671 Θεὸς,
2931 4611 3114 4676 καθὼς
3171 4616 3271 4667 καὶ
3310 4616 3470 4678 αὐτὸς
3509 4620 3562 4668 ὲν
3592 4617 3686 4670 τοῖς

2146 4687 2502 4756 Εὑαγγελίοις
2534 4693 2733 4745 οὑτωσί
2760 4712 2947 4764 φησιν,
2983 4698 3064 4750 ὃτι
3099 4717 3120 4750 ι
3159 4699 3304 4769 Ἐγὼ
3335 4703 3429 4755 καὶ
3460 4706 3486 4755 6
3524 4700 3689 4769 Πατὴρ

2145 4778 2203 4831 ἓν
2238 4780 2424 4849 ἐσμεν,
2463 4800 2481 4831 ι
2533 4784 2814 4838 τουτέστιν
2862 4782 2942 4850 εἷς
2972 4788 3125 4856 Θεὸς,
3168 4793 3229 4843 οὑ
3272 4796 3413 4845 κατὰ
3454 4794 3544 4855 τὰς
3576 4793 3689 4841 6:20—

2146 4870 2385 4937 στάσεις,
2410 4872 2485 4934 ὡς
2520 4876 2546 4925 6
2577 4874 2863 4939 Σαϐέλλιος
2890 4877 3062 4946 λέγει,
3094 4882 3237 4934 ἀλλὰ
3269 4887 3408 4937 κατὰ
3444 4888 3538 4951 τὴν
3575 4883 3688 4951 μίαν

2143 4962 2235 5013 καὶ
2263 4964 2360 5029 την
2391 4964 2558 5034 αὑτὴν
2582 4954 2840 5032 θεότητα.
2867 4969 2979 5022 Καὶ
3009 4973 3036 5022 6
3061 4972 3162 5040 μὲν
3193 4973 3425 5044 θεόπτης
3448 4975 3683 5040 Μωῦσής.

2152 5072 2168 5103 ι
2210 5054 2297 5105 Ἐν
2328 5058 2469 5125 ἀρχῇ
2527 5057 2785 5126 ἐποίησεν
2817 5059 2844 5109 6
2882 5061 3014 5124 Θεὸς
3060 5064 3153 5114 τὸν
3206 5066 3436 5134 οὐρανὸν
3480 5070 3564 5119 καὶ
3600 5065 3683 5135 τὴν

2143 5147 2264 5211 γῆν,
2310 5164 2327 5195 ι
2370 5147 2567 5213 φησίν·
2609 5149 2635 5199 6
2685 5149 2741 5201 δὲ
2791 5154 3077 5221 προφήτης
3131 5157 3319 5218 ΔαϐἸδ,
3358 5177 3375 5208 ι
3420 5158 3591 5209 Πάντα
3632 5160 3682 5207 ἐν

2144 5237 2305 5307 σοφίᾳ
2336 5238 2596 5306 ﬁnium;
2619 5254 2665 5290 ἰ
2700 5242 2813 5305 καὶ,
2844 5258 2861 5290 ι
2890 5243 2977 5311 Τῷ
3002 5242 3141 5311 λόγῳ
3173 5244 3380 5314 Κυρίου
3410 5246 3457 5297 οί
3486 5245 3683 5315 οὐρανοὶ

2142 5328 2577 5399 ἐστερεώθησαν.
2642 5349 2661 5382 ι
2728 5333 2833 5382 Καὶ
2884 5335 2910 5383 6
2947 5335 3135 5386 τούτου
3197 5338 3305 5397 υίὸς
3348 5337 3374 5388 ὀ
3407 5335 3680 5404 θαυμάσιος

2143 5423 2417 5490 Σολομὼν,
2436 5424 2517 5473 ὅτι
2543 5441 2559 5473 ι
2599 5422 2653 5475 '0
2680 5424 2809 5486 Θεὸς
2831 5429 2892 5496 τῇ
2918 5432 3075 5497 σοφίᾳ
3098 5427 3427 5497 ὲθεμελέωσε
3452 5430 3541 5498 τὴν
3568 5428 3678 5495 γὴν,
