3928 6212
300 267 407 330 657

1287 276 1584 336 CONTRA
1625 278 2113 341 MAHOMETEM
2151 284 2435 345 ORATIO
2474 285 2582 347 Ill.

3431 294 3555 355 65$”

298 386 567 457 ἡτοίμασε
592 386 649 440 δὲ
686 387 949 458 οὐρανοὺς
992 391 1050 443 ἐν
1093 395 1372 461 φρονήσει.
1406 414 1422 445 ι
1462 398 1520 448 ‘0
1551 396 1605 447 δε
1639 395 1864 464 μεγαλο-

1975 400 2335 470 eamdemque
2377 402 2740 456 divinitatem.
2775 400 2840 454 Et
2878 400 2970 455 Dei
3016 400 3105 456 ille
3138 405 3549 476 contemplator

202 482 223 495 ’
297 479 613 547 φωνότατος
651 479 900 545 ⁹Ησαῖας,
944 503 961 534 ι
1010 484 1067 537 ’0
1106 485 1239 549 Θεὸς
1277 488 1318 538 6
1358 487 1596 552 αἰώνιος,
1624 491 1651 542 6
1692 507 1866 542 κατα-

297 573 583 633 σκευάσας
602 571 676 624 τά
699 573 843 642 ἂκρα
864 572 962 641 τῆς
983 574 1104 644 γῆς.
1150 595 1168 628 ι
1215 578 1273 630 '0
1298 577 1353 630 δὲ
1388 580 1656 649 μακάριος
1689 583 1868 634 Ἰωάν-

294 681 397 733 νης
433 665 462 716 6
489 666 621 727 παῖς
668 666 763 717 τοῦ
814 666 1115 729 Ζεϐεδαίου,
1147 668 1331 723 ὅντινα
1372 674 1465 724 καὶ
1504 670 1731 741 βροντῆς
1753 672 1866 724 υίὸν

294 754 560 806 ἐκάλεσεν
588 756 617 807 6
656 753 883 823 Κύριος,
919 754 1005 809 διὰ
1054 755 1115 808 τὸ
1151 757 1249 827 τὴν
1286 759 1397 812 άνω
1434 760 1689 826 γέννησιν
1737 778 1865 829 τρα-

295 844 519 912 νότερον
572 844 806 915 βροντῆς
851 849 915 915 τῇ
969 848 1262 918 οἰκουμένῃ
1322 849 1601 914 σαλπίσαι,
1667 852 1865 905 οὑτωσί

294 950 467 1002 φησιν
489 935 547 987 ἐν
571 934 648 1004 τῷ
681 936 1019 1006 Εὐαγγελίῳ,
1047 957 1065 989 ι
1090 939 1180 991 Ἐν
1202 941 1345 1009 ἀρχῇ
1368 936 1435 1011 ἦν
1458 943 1484 991 6
1508 940 1700 1011 Λόγος,
1720 943 1816 995 καί⁷
1839 947 1866 996 6

296 1025 473 1092 Λόγος
499 1017 566 1095 ἦν
588 1025 723 1097 πρὸς
748 1027 840 1080 τὸν
864 1028 1014 1095 Θεὸν,
1034 1031 1129 1083 καὶ
1146 1031 1278 1095 Θεὸς
1306 1028 1372 1102 ἦν
1393 1034 1420 1084 6
1444 1033 1635 1100 Λόγος.
1682 1036 1866 1087 Πάντα

294 1114 370 1167 δι’
392 1115 553 1169 αὐτοῦ
585 1117 823 1191 ἐγένετο,
848 1120 939 1172 καὶ
961 1121 1126 1191 χωρὶς
1149 1123 1313 1175 αὐτοῦ
1346 1124 1558 1192 ἐγένετο
1577 1126 1695 1178 οὐδὲ
1732 1127 1813 1187 ἓν,
1839 1127 1867 1179 6

291 1206 515 1274 γέγονε.
552 1225 571 1258 ›
611 1208 842 1272 Βλέπεις
869 1211 985 1271 πῶς
1004 1212 1091 1265 διὰ
1121 1212 1180 1266 τὸ
1200 1214 1377 1285 ἄωρον
1400 1214 1492 1267 τοῦ
1520 1216 1711 1285 καιροῦ
1748 1234 1867 1269 συν-

291 1302 670 1369 εσκιασμένως
690 1304 737 1354 οί
754 1305 1029 1373 προφῆται
1046 1304 1332 1374 ἐλάλησαν,
1347 1310 1373 1359 6
1393 1306 1435 1359 δ’
1465 1308 1713 1376 Ἰωάννης
1737 1310 1867 1363 ἀνσ-

292 1390 493 1459 φχνδὸν
515 1394 606 1445 καὶ
622 1398 801 1464 γυμνῇ
824 1398 889 1465 τῇ
913 1395 1498 1468 κεφαλῇξμέγαέὁόησε
1521 1416 1536 1463 ;
1561 1401 1669 1452 Καὶ
1689 1402 1738 1452 οί
1768 1401 1865 1455 πά-

289 1480 385 1533 λαι
422 1483 693 1554 προφῆται
715 1487 744 1539 6
787 1486 885 1556 μὲν
914 1488 1090 1556 λόγον,
1112 1491 1139 1541 6
1161 1488 1215 1541 δὲ
1236 1490 1444 1558 σοφίαν,
1464 1494 1490 1545 ὁ
1506 1491 1557 1544 δὲ
1578 1494 1863 1563 φρόνησιν,

290 1575 319 1625 6
337 1574 398 1627 δὲ
415 1575 748 1647 δημιουργὸν
777 1577 936 1632 τοῦτο
962 1580 1241 1646 ἐκάλεσεν,
1266 1584 1293 1634 6
1315 1582 1369 1634 δὲ
1388 1583 1541 1647 Θεὸν,
1569 1584 1643 1655 μὴ
1660 1587 1862 1638 ἀνακα-

288 1666 471 1735 λύψας
501 1667 563 1720 τὸ
611 1669 931 1740 ἀπόκρυφον
983 1658 1297 1743 μυστήριον
1321 1675 1411 1728 διὰ
1446 1677 1502 1728 τὸ
1534 1676 1734 1746 ἄωρον,
1785 1676 1861 1739 ὡς

291 1730 533 1825 εἴρηται,
583 1758 680 1810 τοῦ
727 1730 945 1829 καιροῦ.
983 1730 1216 1815 ιοπόταν
1246 1763 1303 1816 δὲ
1338 1730 1635 1837 περιῃρέθη
1672 1730 1859 1819 16x6:-
1887 1730 1934 1790 Β

290 1849 513 1919 λυμμα,
535 1851 637 1905 οῦκ
677 1848 745 1924 ἦν
773 1854 941 1920 ὅσιον,
972 1856 1092 1909 οὐδὲ
1121 1857 1347 1913 δίκαιον.
1385 1860 1503 1912 Ἔτι
1535 1861 1563 1913 6
1592 1859 1683 1913 106
1723 1860 1858 1913 Θεοῦ

292 1938 421 2002 Υἱὸς
446 1940 542 1994 καὶ
575 1940 707 2004 Θεὸς
739 1944 1152 2013 αἰνιγματωδῶς
1184 1964 1298 2010 πως
1334 1949 1623 2018 εὑρίσκετο
1658 1968 1859 2021 κηρυτ-

293 2031 544 2101 τόμενος,
572 2036 666 2087 καὶ
705 2036 793 2090 διὰ
832 2038 987 2091 τοῦτο
1015 2040 1042 2091 6
1065 2039 1160 2108 τῆς
1192 2040 1421 2110 βροντῆς
1466 2044 1579 2107 υίὸς
1608 2045 1689 2108 τὸ,
1736 2064 1754 2096 ι
1776 2046 1861 2098 Ἐν

300 2126 436 2197 ἀρχῇ
470 2122 540 2197 ἦν
570 2129 599 2180 6
635 2129 829 2196 Λόγος,
882 2150 900 2181 1
961 2132 1056 2184 καὶ
1099 2132 1167 2185 τὰ
1221 2133 1350 2203 ἑξῆς
1400 2136 1609 2202 τρανῶς
1659 2138 1863 2205 ὑπηγό-

310 2235 486 2288 ρευσε.
536 2221 649 2273 Καὶ
686 2218 876 2289 ὥσπερ
924 2225 951 2276 6
995 2225 1143 2293 ἥλιος
1180 2226 1284 2277 6116
1318 2226 1620 2295 βαθυτάτου
1668 2231 1863 2297 νέφους

312 2314 400 2364 καὶ
420 2312 677 2382 χειμῶνος
706 2314 1080 2384 κρυπτόμενος
1110 2317 1260 2385 παρὰ
1292 2325 1389 2386 μὲν
1423 2322 1532 2380 τοῖς
1558 2320 1864 2389 ἀνθρώποις

308 2406 514 2474 ἀφανής
564 2407 705 2470 ἐστι,
752 2409 813 2459 τὸ
845 2407 891 2459 δ’
920 2409 1084 2461 αὑτοῦ
1119 2409 1237 2476 φῶς
1270 2412 1431 2463 οἱονεὶ
1486 2411 1615 2483 παρ’
1668 2406 1860 2469 ἑαυτὸν

300 2498 545 2564 κατέχων
576 2498 916 2565 εὑρίσκεται,
952 2500 1205 2565 λυθέντος
1237 2503 1293 2557 δὲ
1318 2505 1411 2559 τοῦ
1446 2508 1734 2575 χειμῶνος,
1769 2511 1865 2561 καὶ

294 2582 389 2633 τοῦ
412 2583 573 2652 ἀέρος
601 2584 939 2650 ἐπελθόντος,
959 2591 1071 2653 τοῖς
1104 2592 1269 2643 πᾶσιν
1306 2594 1552 2660 ἀφθόνως
1581 2598 1678 2655 τὰς
1710 2599 1865 2650 ἀκτῖ-

294 2692 393 2737 νας
441 2676 699 2744 ἀφίησιν·
743 2677 883 2731 οὕτω
923 2695 1013 2747 μοι
1060 2680 1170 2734 νόει
1206 2683 1302 2736 καὶ
1336 2686 1427 2737 ἐπὶ
1474 2686 1568 2738 τοῦ
1602 2687 1729 2740 Υἰοῦ
1770 2693 1864 2743 καὶ

292 2770 471 2835 Λόγου
500 2768 595 2821 τοῦ
626 2769 782 2823 Θεοῦ.
817 2770 953 2836 Θεὸς
983 2772 1060 2825 ὢν
1086 2774 1292 2846 ἀληθὴς
1323 2776 1418 2829 καὶ
1453 2779 1555 2848 πρὸ
1593 2780 1701 2831 τῶν
1738 2781 1867 2834 αἰὼ-

292 2878 427 2923 νων,
459 2860 587 2922 Υίὸς
620 2861 755 2914 Θεοῦ
788 2865 884 2916 καὶ
916 2865 1144 2937 ποιητὴς
1173 2868 1352 2937 πάσης
1389 2870 1637 2936 κτίσεως,
1669 2873 1741 2934 ὡς
1772 2875 1865 2925 καὶ

291 2955 354 3005 ἐν
394 2957 515 3016 ταῖς
549 2955 859 3027 ἔμπροσθεν
896 2956 1239 3025 ἀπολογίαις,
1292 2960 1385 3012 καὶ
1436 2962 1574 3012 κατὰ
1602 2962 1662 3013 τὸ
1695 2963 1865 3031 παρὸν

1970 490 2145 545 Moses
2182 492 2298 545 ait:
2330 512 2347 543 ι
2390 493 2449 546 ln
2507 492 2778 561 principio
2820 493 3024 555 creavit
3079 494 3222 548 Deus
3248 494 3447 550 cmlum
3474 508 3529 551 et

1974 592 2170 636 terram
2196 583 2262 637 ‘°.
2298 603 2315 633 ι
2375 583 2439 637 Ει
2496 585 2760 653 propheta
2805 584 2973 637 David
3007 600 3021 637 :
3060 603 3078 635 ι
3115 585 3307 639 Omnia
3358 586 3534 642 fecisti

1970 676 2023 728 in
2053 676 2317 743 sapientia
2342 676 2407 740 ⁶¹;
2446 695 2462 726 ι
2487 686 2561 737 et,
2600 694 2617 727 ι
2645 675 2910 730 Sermone
2934 676 3148 730 Domini
3176 678 3300 733 εωιί
3338 679 3536 735 ﬁrmati

1971 776 2100 821 sunt
2133 767 2198 821 θ’.
2230 785 2246 817 1
2278 765 2447 836 llujns
2485 766 2652 820 etiam
2691 767 2836 821 ﬁlius
2864 761 3142 831 Salomon,
3175 770 3538 826 admiratione

1969 860 2116 913 Omni
2145 859 2342 929 dignus
2371 877 2383 912 :
2424 878 2441 911 ι
2490 860 2630 914 Deus
2664 860 2717 913 in
2749 861 3011 928 sapientia
3036 862 3284 916 fundavit
3316 873 3537 927 terram,

1969 952 2138 1007 ccelos
2169 962 2349 1005 autem
2386 951 2593 1018 paravit
2625 952 2677 1005 in
2712 951 3004 1020 prudentia
3036 952 3099 1005 “.
3136 971 3154 1005 ι
3189 954 3536 1022 Eloquentis-

1968 1043 2141 1095 simus
2172 1052 2351 1095 autem
2396 1043 2485 1096 ille
2528 1042 2729 1097 Isaias:
2764 1063 2781 1094 ι
2819 1042 2963 1098 Deus
2994 1054 3232 1099 :cternus
3261 1046 3352 1115 qui
3385 1061 3542 1113 para-

1970 1133 2044 1185 vit
2073 1144 2314 1187 extrema
2349 1142 2507 1188 terrze
2530 1135 2595 1187 “.
2634 1153 2652 1185 ι
2692 1136 2888 1190 Beatus
2931 1152 3063 1191 vero
3099 1136 3339 1191 Joannes
3364 1137 3536 1194 Zehe-

1968 1221 2067 1275 duci
2103 1222 2245 1277 ﬁlius
2284 1225 2469 1291 (quem
2499 1226 2661 1277 etiam
2692 1224 2917 1277 tonitrui
2948 1224 3114 1277 ﬁlium
3147 1225 3408 1279 Dominus
3432 1241 3566 1289 no-_

1966 1313 2213 1375 minavit.
2232 1329 2298 1367 eo
2323 1314 2465 1382 quod
2492 1316 2944 1384 supernamtllam
2964 1315 3371 1386 generationem
3396 1315 3538 1369 tonis

1968 1407 2071 1460 trui
2099 1406 2299 1461 clarius
2315 1405 2435 1459 orbi
2451 1406 2875 1474 ehuccinaverit)
2907 1406 2959 1460 in
2995 1407 3288 1476 Evangelio
3335 1407 3412 1460 sic
3440 1407 3535 1470 ait,

1972 1520 1989 1551 ι
2016 1500 2070 1552 In
2098 1498 2364 1568 principio
2384 1507 2502 1552 erat
2520 1497 2730 1562 Sermo,
2750 1510 2805 1553 et
2826 1498 3017 1553 Sermo
3037 1506 3153 1554 erat
3175 1497 3316 1567 apud
3340 1498 3537 1562 Deum,

1964 1598 2016 1665 et
2038 1591 2178 1644 Deus
2199 1600 2316 1644 erat
2341 1589 2431 1667 ille
2460 1589 2671 1645 Sermo.
2693 1590 2884 1644 Omnia
2916 1606 3013 1667 per
3043 1590 3195 1644 illum
3222 1588 3363 1643 facta
3386 1599 3537 1649 sunt,

1963 1662 2018 1735 et
2052 1680 2169 1736 sine
2185 1696 2250 1737 eo
2268 1664 2469 1735 factum
2500 1690 2583 1736 est
2607 1681 2741 1736 nihil
2774 1680 2919 1751 quod
2950 1662 3153 1737 factum
3180 1679 3359 1736 est“.
3390 1670 3411 1731 ί
3442 1679 3538 1733 Vi-

1962 1774 2087 1828 den’
2109 1774 2384 1844 quomodo
2400 1783 2622 1844 propter
2648 1774 2907 1843 tempOris
2930 1773 3397 1843 importunitatem
3422 1788 3539 1841 pro

1963 1867 2147 1938 pheta:
2179 1868 2472 1923 obscurius
2514 1867 2684 1923 locuti
2736 1869 2868 1931 sint,
2890 1868 3129 1923 Joannes
3152 1876 3334 1920 autem
3370 1865 3538 1926 clare,
3616 1905 3620 1910 .

1962 1971 2153 2030 aperto
2205 1960 2374 2031 (quod
2434 1960 2610 2030 aiunt)
2672 1961 2853 2030 capite
2887 1960 3057 2014 altum
3111 1956 3547 2030 ext-lamavcrit?

1965 2055 2030 2108 Et
2064 2063 2310 2109 veterum
2338 2055 2559 2124 quidem
2590 2054 2979 2124 pr0phctarum
3009 2052 3149 2107 alius
3183 2051 3531 2109 Sermonem,

1963 2149 2103 2202 alius
2130 2147 2486 2215 Sapientiam,
2536 2148 2676 2201 alius
2721 2146 3101 2203 Prudentiam.
3126 2146 3267 2199 alius
3308 2143 3538 2197 Creato-

1964 2254 2079 2291 rem
2114 2238 2260 2292 hunc
2308 2228 2610 2292 nominavit
2646 2256 2660 2292 :
2702 2238 2793 2292 hic
2828 2253 2957 2291 vero
2990 2238 3189 2297 Deum.
3222 2251 3331 2290 non
3352 2235 3541 2290 celans

1964 2343 2221 2381 arcanum
2264 2328 2365 2383 hoc
2408 2328 2553 2397 quod
2588 2341 2813 2398 propter
2864 2328 3127 2397 temporis
3157 2327 3543 2394 importunita'

1968 2428 2074 2473 tem
2111 2420 2296 2485 tandiu
2348 2420 2603 2485 latuerat,
2646 2436 2770 2475 cum
2827 2419 3071 2474 nondum
3123 2418 3537 2488 l‘asjustumque

1965 2523 2111 2567 esset
2164 2515 2340 2568 velum
2376 2513 2603 2567 auferri.
2650 2512 2796 2579 Quin
2853 2524 2908 2566 et
2952 2512 3068 2581 ipse
3118 2510 3289 2565 Filius
3350 2511 3443 2564 Dei
3484 2520 3540 2564 et

1967 2603 2109 2658 Deus
2137 2603 2292 2671 quasi
2328 2619 2424 2671 per
2465 2603 2750 2671 mnigmata
2777 2601 3136 2655 annuntiatus
3171 2616 3289 2655 esse
3313 2598 3540 2654 videba-

1969 2703 2091 2759 tur;
2126 2702 2460 2763 quapropter
2484 2692 2713 2747 tonitrui
2753 2690 2897 2745 ﬁlius
2925 2691 3069 2744 hoc:
3109 2708 3127 2740 ι
3180 2691 3235 2744 In
3272 2690 3542 2759 principio

1966 2794 2086 2837 erat
2114 2784 2327 2848 Sermo,
2364 2803 2381 2835 ›
2426 2792 2559 2842 etc..
2596 2782 2799 2836 clarius
2828 2781 3168 2852 praedicavit.
3195 2782 3544 2850 thuemad-

1969 2875 2190 2929 modum
2229 2876 2310 2929 sol
2345 2874 2673 2929 densissima
2703 2874 2851 2928 nube
2896 2883 2953 2929 et
2998 2881 3320 2943 tempestate
3342 2881 3537 2935 tectus,

1968 2966 2233 3021 obsrurus
2258 2975 2360 3029 est,
2391 2966 2665 3036 propriam
2712 2974 2889 3020 tamen
2910 2965 3088 3019 lucem
3124 2979 3275 3019 suam
3298 2979 3465 3033 penes
3480 2980 3540 3019 se

288 3048 700 3113 ἀποδέδεικται,
743 3050 859 3102 ἀλλ’
892 3051 1198 3121 ἐκρύπτετο
1228 3053 1375 3118 ὅμως
1404 3052 1510 3105 ὑπὸ
1548 3054 1642 3106 τοῦ
1670 3055 1864 3121 νέρους

1971 3060 2175 3115 habere
2224 3058 2465 3122 videtur,
2514 3066 2837 3127 tempestate
2881 3072 3013 3112 vero
3063 3057 3244 3112 soluta
3296 3066 3353 3111 et
3401 3072 3539 3124 puro

288 3142 398 3210 τῆς
427 3142 727 3208 ἀγνωσίας,
768 3143 860 3197 καὶ
898 3143 991 3197 τοῦ
1038 3145 1307 3215 χειμῶνος
1344 3145 1443 3215 τῆς
1482 3147 1592 3198 τῶν
1628 3147 1864 3200 εἰδώλων

290 3235 751 3304 προσκυνήσεως,
787 3237 929 3305 μετά
957 3253 1016 3289 τε
1048 3237 1143 3290 τοῦ
1187 3238 1399 3309 Πατρὸς
1439 3240 1533 3292 καὶ
1568 3241 1661 3292 τοῦ
1691 3241 1865 3293 Πνεύ-

287 3341 489 3395 ματος.
539 3326 733 3381 Ἦνίκα
781 3327 839 3381 δὲ
894 3328 1139 3398 ἐπεφάνη
1190 3328 1250 3381 τὸ
1305 3330 1427 3400 ἔαρ,
1487 3332 1766 3385 τουτέστιν
1831 3310 1883 3401 ἡ,

284 3418 487 3471 τούτου
523 3418 787 3487 ἐνσαρκος
819 3421 1126 3491 οἰκονομία,
1166 3422 1260 3475 καὶ
1299 3422 1564 3495 ἐγεννήθη
1614 3425 1676 3477 τὸ
1722 3427 1865 3480 κατὰ

285 3496 476 3581 σάρκα
525 3513 589 3566 ἐκ
617 3514 874 3581 γυναικὸς
905 3516 1003 3585 τῆς
1042 3516 1203 3585 ἁγίας
1232 3517 1508 3587 παρθένου
1556 3520 1649 3571 καὶ
1680 3518 1864 3573 θεοτό-

285 3621 393 3656 κου
424 3604 665 3674 Μαρίας,
707 3608 827 3660 τότε
858 3609 1104 3678 ἐπεφάνη
1130 3611 1163 3679 ἡ
1189 3610 1348 3681 χάρις
1377 3610 1472 3662 τοῦ
1504 3609 1660 3675 Θεοῦ,
1690 3613 1722 3683 ή
1758 3629 1863 3665 σωο

282 3698 483 3765 τήριος
517 3699 682 3751 πᾶσιν
708 3699 1041 3769 ἀνθρώποις.
1066 3701 1177 3753 Καὶ
1198 3700 1606 3772 προσεκύνησεν
1628 3702 1661 3772 ή
1688 3701 1865 3766 κτίσις

284 3789 383 3840 τὸν
418 3788 685 3843 κτίσαντα
710 3791 899 3863 αὐτὴν.
940 3793 1035 3846 καὶ
1068 3792 1331 3860 ἐδόξασαν
1366 3794 1457 3847 τὸν
1492 3794 1655 3863 μόνον
1686 3794 1861 3865 ἀληθῆ

284 3882 448 3945 Θεὸν,
476 3883 567 3935 τὸν
594 3884 813 3952 Πατέρα
836 3885 930 3938 τοῦ
967 3885 1173 3958 Κυρίου
1204 3886 1361 3957 ἡμῶν
1398 3886 1569 3957 Ἰησοῦ
1599 3888 1860 3954 Χριστοῦ,

284 3975 390 4025 καὶ
426 3974 587 4027 αὑτὸν
617 3975 709 4028 τὸν
741 3975 866 4028 Υίὸν
896 3978 993 4029 καὶ
1030 3978 1204 4045 Λόγον
1258 3978 1352 4031 τοῦ
1389 3979 1618 4048 Πατρὸς,
1662 3981 1755 4031 καὶ
1803 3981 1864 4032 τὸ

286 4066 564 4133 πανάγιον
609 4066 705 4119 καὶ
762 4066 1023 4131 ζωοποιὸν
1078 4069 1329 4138 Πνεῦμα,
1376 4072 1476 4139 τὴν
1533 4074 1662 4139 μίαν
1703 4072 1863 4139 ἁγίαν

283 4160 580 4227 ὁμοούσιον
609 4160 700 4211 καὶ
730 4161 1032 4232 ἀδιαίρετον
1057 4164 1149 4215 καὶ
1187 4161 1497 4233 ἀσύγχυτον
1544 4164 1746 4232 Τριάδα
1772 4164 1862 4216 τὸν

212 4236 213 4239 η
283 4252 388 4303 ἕνα
424 4251 577 4304 Θεόν.
617 4254 723 4304 Καὶ
754 4254 877 4306 τότε
916 4253 1114 4322 ἐθεάθη
1153 4255 1185 4322 ὴ
1224 4254 1315 4308 τοῦ
1356 4254 1595 4325 Χριστοῦ
1629 4255 1756 4318 δόξα
1788 4256 1859 4319 ὡς

288 4340 621 4407 μονογενοῦς
650 4342 799 4412 παρὰ
836 4342 1069 4411 Πατρός.
1097 4345 1206 4397 Καὶ
1235 4345 1355 4396 τότε
1390 4345 1571 4413 ἀφῆκε
1623 4346 1718 4406 τὰς
1753 4348 1861 4397 θεῖ-

286 4429 397 4489 κὰς
437 4427 603 4480 αὐτοῦ
641 4430 887 4495 ἀκτῖνας,
944 4433 1037 4485 καὶ
1085 4433 1145 4485 τὸ
1198 4436 1390 4496 σκότος
1439 4437 1538 4505 τῆς
1588 4436 1862 4502 ἀγνωσίας

287 4519 555 4585 ἐφώτισε,
588 4521 683 4573 καὶ
725 4522 825 4583 τὰς
872 4523 1295 4594 κατεψυγμένας
1334 4529 1425 4579 καὶ
1455 4528 1654 4597 νεκρὰς
1683 4527 1861 4596 ψυχὰς

287 4613 357 4680 τῇ
400 4611 579 4681 θέρμῃ
615 4613 715 4681 τῆς
746 4615 981 4678 πίστεως
1011 4616 1345 4681 ἀνεζὼωσεν.

1970 3165 2097 3205 aere
2149 3165 2372 3204 reverso
2420 3150 2680 3204 omnibus
2737 3149 2923 3203 radios
2984 3163 3115 3203 suos
3163 3147 3539 3215 c0pinsissime

1970 3242 2234 3306 immittit,
2284 3242 2355 3296 ita
2420 3242 2585 3295 etiam
2622 3256 2740 3296 mea
2787 3241 2854 3296 de
2889 3255 3141 3296 sermone
3188 3248 3244 3294 et
3273 3238 3413 3293 Filio
3446 3239 3539 3292 Dei

1968 3334 2143 3389 fertur
2168 3333 2458 3389 sententia.
2486 3316 2794 3387 Deus‘enim
2822 3333 3092 3388 exsistens
3113 3345 3273 3388 verus
3294 3341 3417 3385 ante
3433 3336 3541 3384 sar-

1967 3427 2111 3489 cuia,
2132 3425 2297 3479 Filius
2324 3426 2437 3481 Dei.
2459 3433 2513 3479 et
2536 3434 2749 3481 creator
2769 3425 2947 3479 omnis
2970 3431 3234 3489 creatura:
3253 3422 3538 3493 (quemad-

1969 3517 2189 3571 modum
2229 3517 2282 3571 in
2332 3516 2711 3585 superioribus
2733 3514 3032 3583 Apologiis,
3082 3523 3139 3568 et
3189 3513 3246 3566 in
3280 3513 3534 3582 praesenti

1966 3624 2180 3679 quoque
2206 3610 2633 3663 demonstratum
2662 3612 2789 3676 est},
2813 3607 3018 3661 latebat
3048 3614 3230 3660 tamen
3257 3604 3359 3661 sub
3390 3603 3541 3659 nube

1968 3703 2309 3773 ignorantiae,
2332 3711 2386 3757 et
2422 3699 2745 3755 idololatria:
2780 3706 3119 3768 tempestate,
3145 3712 3268 3752 cum
3298 3696 3456 3750 Patre
3483 3706 3539 3750 et

1967 3796 2197 3866 Spiritu.
2225 3795 2519 3864 Postquam
2551 3800 2733 3847 autem
2757 3807 2852 3846 ver
2881 3789 3155 3860 apparuit,
3188 3788 3243 3843 id
3268 3795 3353 3843 est
3375 3788 3539 3857 hujus

1967 3890 2019 3942 in
2054 3903 2215 3941 carne
2274 3883 2703 3949 administratio,
2751 3893 2806 3937 et
2855 3879 3156 3937 secundum
3215 3894 3433 3935 carnem
3470 3892 3539 3932 ex

1968 3980 2194 4033 muliere
2242 3987 2405 4032 natus
2446 3985 2547 4037 est.
2595 3983 2781 4030 sancta
2826 3975 3039 4029 scilicet
3070 3972 3283 4041 virgine
3308 3971 3537 4038 Deipara

1966 4072 2156 4133 Maria,
2183 4080 2311 4137 tunc
2346 4069 2598 4138 apparuit
2647 4066 2819 4136 gratia
2859 4064 2955 4119 Dei
2991 4063 3251 4118 omnibus
3282 4061 3538 4116 salutaris

1969 4160 2305 4220 hominibus,
2335 4168 2390 4211 ct
2429 4157 2676 4211 adoravit
2724 4162 2974 4208 creatura
3017 4161 3319 4207 creatorem
3352 4166 3538 4209 suum.

1966 4253 2250 4319 solumque
2282 4265 2468 4302 verum
2496 4246 2663 4301 Deum
2707 4245 3175 4316 gloriﬁcaverunt,
3208 4243 3538 4311 Patremque

1966 4343 2182 4398 Domini
2242 4342 2413 4395 nostri
2460 4340 2584 4393 Jesu
2634 4338 2860 4402 Christi,
2912 4344 2968 4391 et
3024 4336 3201 4404 ipsum
3241 4334 3438 4388 Filium
3481 4339 3539 4386 et

1974 4437 2293 4491 Sermonem
2349 4431 2558 4492 Patris,
2636 4439 2998 4498 sanctumque
3055 4435 3111 4481 et
3170 4424 3537 4478 viviﬁcantem

1975 4526 2261 4596 Spiritum,
2296 4537 2460 4576 unam
2498 4520 2771 4586 videlicet,
2812 4528 3077 4582 sanctam,
3102 4514 3540 4571 consubstantia-

1972 4617 2102 4678 lem,
2141 4612 2427 4667 indivisam
2480 4620 2536 4664 et
2579 4609 2919 4665 inconfusam
2974 4609 3318 4669 Trinitatem,
3367 4618 3537 4657 unum

289 4720 494 4775 nempe
533 4708 722 4763 Deum.
761 4708 829 4763 Et
884 4718 1013 4763 tunc
1033 4710 1148 4764 visa
1188 4720 1271 4766 est
1310 4710 1512 4767 Christi
1570 4713 1741 4783 gloria
1785 4711 1954 4767 veluti
1989 4709 2157 4779 gloria
2181 4705 2451 4776 Unigeniti
2488 4719 2516 4757 a
2581 4705 2761 4758 Patre.
2833 4705 2898 4757 Et
2933 4712 3062 4755 tunc
3089 4702 3273 4754 emisit
3326 4690 3540 4751 divinos

290 4813 424 4854 suos
454 4799 658 4867 radios,
682 4804 1042 4873 tenebrasque
1064 4805 1385 4874 ignorantiae
1447 4807 1819 4869 illuminavit,
1864 4802 2197 4873 [rigidasque
2236 4810 2293 4853 et
2336 4791 2576 4851 moi'tuas
2610 4800 2821 4850 animas
2854 4796 3036 4849 calore
3055 4793 3181 4845 ﬁdei
3218 4787 3533 4844 vivilicavit.

365 4894 431 4947 δ’.
473 4892 594 4947 Ἔτι
628 4897 655 4948 ό
688 4897 933 4965 Μωάμεθ
970 4900 1060 4950 τὸν
1088 4900 1320 4967 Χριστὸν
1352 4902 1414 4953 ἐκ
1445 4901 1715 4970 παρθένου
1740 4918 1862 4967 γεν-

294 4986 529 5055 νηθῆναι
567 4985 821 5056 ὁμολογεῖ
868 4989 999 5044 ἄνευ
1047 4990 1263 5059 ἀνδρὸς,
1316 4992 1578 5061 αἱρετικῷ
1638 4988 1863 5062 καρπο-

295 5078 492 5148 κράτει
530 5080 865 5145 ἀκολουθῶν,
889 5082 1023 5135 Θεὸν
1052 5083 1108 5135 δὲ
1143 5084 1236 5137 καὶ
1259 5085 1394 5137 Θεοῦ
1435 5085 1560 5138 Υίὸν
1589 5085 1862 5155 οὐδαμῶς,

295 5171 452 5225 δυσὶν
484 5171 794 5237 ἀποδείξεσι
827 5174 1107 5245 χρώμενος
1134 5188 1149 5203 ⁸
1179 5176 1260 5229 ὄτι
1297 5193 1356 5228 τε
1402 5177 1429 5229 6
1457 5177 1690 5246 Χριστὸς
1719 5176 1868 5229 οὐδέ-

297 5276 433 5313 ποτε
463 5261 592 5330 περὶ
620 5261 819 5315 ἐαυτοῦ
846 5263 1004 5315 τοῦτο
1032 5262 1158 5332 ἔφη,
1195 5263 1303 5317 καὶ
1329 5263 1408 5316 ὅτι
1447 5264 1559 5325 τοῖς
1591 5262 1867 5325 Ἰουδαίοις

296 5343 443 5413 εἶπε,
483 5366 501 5400 ι
537 5350 900 5419 Προσκυνεῖτε
946 5350 1039 5404 τὸν
1079 5350 1212 5404 Θεόν
1258 5368 1360 5418 μου
1390 5351 1481 5405 καὶ
1522 5350 1654 5403 Θεὸν
1688 5350 1866 5418 ὑμῶν,

226 5484 233 5491 .
303 5441 400 5493 καὶ
427 5439 636 5512 Κύριόν
672 5460 774 5513 μου
826 5444 922 5498 καὶ
946 5444 1151 5515 Κύριον
1187 5444 1360 5515 ὑμῶν.
1401 5462 1420 5496 ι
1466 5443 1528 5497 Ὀ
1575 5443 1629 5495 δὲ
1666 5442 1869 5505 σκοπὸς

378 5598 430 5629 ⁸³
467 5596 606 5655 Gen.
649 5616 698 5667 ι,
748 5599 795 5654 1.

321 5665 378 5732 ι,
410 5668 471 5722 2.

875 5600 916 5632 ⁶¹
958 5600 1097 5657 Psal.
1140 5614 1253 5666 cur,
1300 5599 1391 5655 24.
1470 5599 1513 5631 θ’
1556 5596 1695 5655 Psal.
1741 5613 1910 5665 xuii,
1955 5598 2007 5653 6.

2043 4896 2097 4949 4.
2136 4895 2401 4947 Praeterea
2432 4891 2724 4956 Mahomet,
2766 4886 3111 4956 Carpocratis
3150 4883 3387 4938 lueretiei
3418 4882 3540 4950 Opi-‘-

1974 4986 2194 5040 nionem
2238 4992 2479 5045 secutus,
2516 4980 2796 5034 Christum
2841 4993 2907 5030 ex
2940 4975 3149 5045 virgine
3201 4983 3384 5027 natum
3420 4971 3540 5025 sine

1973 5081 2120 5134 virili
2169 5094 2332 5149 opera
2383 5078 2696 5135 conﬁtetur,
2734 5075 2901 5127 Deum
2935 5084 3063 5126 vero
3102 5080 3161 5125 et
3201 5070 3297 5124 Dei
3340 5068 3538 5124 Filium

1973 5187 2094 5226 esse
2128 5177 2307 5240 negat,
2340 5169 2554 5224 duobus
2582 5168 2671 5220 hic
2698 5164 3032 5236 argtmientis
3062 5179 3192 5219 usus
3218 5178 3230 5215 :
3266 5160 3413 5231 quod
3438 5174 3543 5213 nec

1972 5262 2225 5316 Christus
2254 5261 2357 5315 hoc
2382 5274 2620 5328 unquam
2650 5258 2715 5310 de
2743 5270 2800 5311 se
2828 5255 3049 5319 dixerit,
3094 5252 3314 5323 etquod
3338 5251 3542 5307 Iudaeis

1977 5354 2175 5408 dixerit
2206 5371 2218 5407 :
2256 5371 2275 5405 ι
2318 5351 2555 5405 Adorate
2585 5350 2753 5404 Deum
2779 5362 2961 5402 meum
2992 5354 3048 5400 et
3076 5347 3248 5400 Deum
3274 5352 3537 5404 vestrum,

1976 5442 2265 5499 Dominum
2326 5456 2506 5497 meum
2557 5448 2613 5494 et
2673 5437 2963 5492 Dominum
3027 5444 3293 5493 vestrum.
3330 5430 3542 5503 almpii

2106 5598 2148 5630 ⁸³
2189 5598 2349 5654 Prov.
2394 5608 2473 5665 ιιι,
2520 5595 2603 5653 19.
2710 5595 2755 5627 ⁸⁵
2793 5594 2896 5651 Isa.
2938 5608 3045 5662 xu,
3074 5596 3127 5653 5.
3217 5590 3261 5624 ⁸⁸
3302 5587 3457 5648 Joan.
3497 5605 3553 5659 ι,
