3928 6212
434 328 539 390 659

1586 322 1913 385 JUANNIS
1949 319 2501 385 CANTACUZENI‘

3538 331 3633 393 660

436 451 621 499 autem
669 456 869 511 scopus
916 454 1058 495 unus
1091 452 1308 508 semper
1338 446 1452 501 est,
1491 436 1561 491 ut‘
1579 453 1678 509 pro
1714 437 1859 491 virili
1910 451 2007 489 sua

2124 439 2203 491 τοῦ
2239 438 2470 501 ἀσεϐοῦς
2511 440 2741 493 πάντοτε
2782 438 2859 502 εἷς
2894 441 3028 505 ἐστι,
3079 441 3136 495 τὸ
3168 442 3255 495 ἵνα
3305 440 3436 495 κατά
3478 445 3639 497 πᾶσαν

439 533 771 603 persuadeat
802 532 1016 587 cunctis
1046 529 1363 583 hominibus
1390 528 1690 585 utcrcdant
1724 528 2002 582 Christum

440 641 543 681 nec
574 627 743 681 Deum
774 638 917 686 esse,
941 619 1059 675 'nec
1096 621 1189 676 Dei
1223 619 1444 685 Filium,
1484 621 1577 675 sed
1611 631 1858 675 sanctum
1889 619 2008 688 qui-

440 718 584 782 dem,
612 727 667 771 et
698 690 1014 785 prophetam
1043 712 1301 767 omnibus
1329 712 1616 782 prophetis
1644 712 2006 782 superiorem,

443 808 830 875 hominemque
888 805 1103 861 cunctis
1158 804 1475 859 hominibus
1521 798 2007 870 excellentiorem,

446 903 612 955 Deum
650 914 781 953 vero
810 913 1179 967 nequaquam.
1238 897 1450 952 Stultus
1502 905 1683 950 autem
1735 895 1847 959 hic,
1888 895 2008 950 dia-

442 995 628 1048 bolum
662 992 927 1053 imitatus,
958 990 1212 1045 homines
1240 1001 1431 1045 contra
1462 989 1739 1043 Christum
1785 1002 2010 1055 persua-

441 1086 568 1139 dere
603 1092 854 1140 conatur.
898 1082 1367 1149 Quemadniodum
1408 1084 1553 1137 enim
1590 1082 1634 1137 is
1664 1080 1809 1135 omni
1846 1078 2009 1134 modo

443 1187 677 1230 conatur
706 1176 954 1245 singulos
985 1176 1235 1229 homines
1262 1175 1552 1239 seducere,
1580 1184 1637 1228 et
1668 1174 1752 1227 vel
1790 1173 1894 1227 ﬁde
1924 1171 2010 1225 vel

442 1245 703 1336 operibus
734 1284 781 1323 ta
834 1268 944 1321 Deo
999 1267 1261 1332 alienare,
1312 1267 1392 1321 sic
1442 1277 1497 1320 ct
1542 1266 1818 1319 Mahomet
1863 1262 2011 1317 omni

443 1359 639 1413 studio‘
662 1360 716 1412 in
766 1360 870 1413 hoc
918 1375 1087 1413 unum
1130 1360 1378 1413 intentus
1435 1358 1670 1419 videtur,
1715 1366 1777 1411 ut
1821 1368 2013 1409 omnes

446 1450 697 1504 homines
742 1465 772 1504 a
808 1434 948 1504 \vero
993 1450 1104 1504 Deo
1157 1465 1319 1518 quam
1370 1449 1687 1516 longissime
1739 1446 2011 1510 abducat',

447 1538 647 1607 partim
680 1538 901 1607 quidem
932 1538 1059 1601 ﬁde,
1092 1540 1289 1607 partim
1336 1554 1468 1593 vero
1498 1538 1757 1606 operibus
1784 1552 1799 1601 ;
1841 1536 2013 1589 Deum

444 1637 628 1681 autem
678 1627 905 1681 adorare
938 1628 1121 1691 docet,
1169 1643 1332 1697 quem
1377 1644 1473 1683 sua
1526 1628 1699 1696 ipsius
1741 1628 1880 1681 ratio
1932 1624 2013 1679 el-

2109 529 2274 583 αῦτοῦ
2325 529 2423 599 τὴν
2474 530 2706 601 δύναμιν
2739 531 2900 603 πείσῃ
2950 532 3160 595 πάντας
3190 533 3521 601 ἀνθρώπους,
3555 537 3640 589 καὶ

2106 621 2233 674 οὔτε
2264 622 2396 675 Θεὸν
2430 622 2555 675 οῦτε
2604 623 2740 677 Θεοῦ
2793 624 2921 677 Υἱὸν
2980 625 3342 677 πιστεύσωσιν
3391 620 3524 679 εἶναι
3563 626 3643 678 τὸν

2109 712 2367 780 Χριστὸν,
2400 715 2512 767 ἀλλ’
2550 714 2705 781 ἅγιον
2735 718 2833 785 μὲν
2868 715 2961 768 καὶ
2990 717 3277 785 προφήτην
3307 714 3445 785 ὑπὲρ
3485 716 3645 769 ᾶπαν-

2110 824 2209 870 τας
2242 808 2549 876 προφήτας,
2584 808 2679 860 καὶ
2725 808 3017 877 ἄνθρωπον
3047 808 3186 877 ὑπὲρ
3228 809 3430 867 πάντας
3458 808 3647 877 ἀνθρὼ-

2112 919 2269 967 πους,
2305 902 2440 955 Θεὸν
2471 903 2528 955 δὲ
2572 901 2845 971 οὐδαμῶς.
2887 901 3029 953 Ἀλλ’
3076 902 3344 970 ἐπιχειρεῖ
3378 902 3508 954 κατά
3564 900 3646 953 τοῦ

2111 994 2352 1062 Χριστοῦ
2382 994 2567 1046 πεῖσαι
2601 992 2727 1055 τοὺς
2755 992 3078 1061 ἀνθρώπους
3105 993 3132 1046 ὁ
3163 991 3409 1062 μάταιος,
3447 992 3532 1045 τὸν
3555 993 3654 1048 διά-

2113 1086 2271 1139 δολον
2304 1084 2663 1154 μιμούμενος.
2686 1084 2897 1153 Ὥσπερ
2924 1084 3033 1154 γάρ
3069 1085 3278 1146 ἐκεῖνος
3307 1085 3464 1137 παντὶ
3490 1085 3652 1154 τρόπῳ

2116 1178 2431 1245 μηχανᾶται
2472 1178 2551 1239 είς
2583 1176 2644 1228 τὸ
2675 1175 2947 1244 πλανῆσαι
2982 1175 3160 1228 πάντα
3182 1175 3485 1245 ἄνθρωπον,
3510 1179 3591 1229 καὶ
3624 1179 3651 1245 ἢ

2114 1271 2179 1338 τῇ
2210 1267 2391 1322 πίστει
2442 1267 2474 1335 ἢ
2514 1266 2626 1326 τοῖς
2680 1265 2865 1337 ἔργοις
2890 1266 3122 1335 χωρίσαι
3172 1264 3337 1318 αὐτὸν
3386 1263 3476 1315 τοῦ
3505 1263 3644 1315 Θεοῦο

2115 1358 2258 1412 οῦτω
2293 1359 2389 1411 καὶ
2424 1360 2452 1412 ό
2480 1356 2725 1428 Μωάμεθ
2766 1356 2929 1410 παντὶ
2965 1355 3151 1425 τρόπῳ
3181 1354 3491 1418 σπουδάζων
3524 1355 3654 1420 εὖρίρ

2120 1467 2335 1515 σκεται,
2370 1451 2457 1503 ἵνα
2486 1450 2593 1503 ἀπὸ
2635 1449 2733 1517 μὲν
2762 1448 2854 1501 τοῦ
2880 1448 3136 1518 ἀληθινοῦ
3167 1445 3303 1499 Θεοῦ
3338 1445 3541 1515 μακράν
3563 1462 3650 1497 που

2116 1544 2319 1613 ποιήσῃ
2358 1542 2534 1594 πάντα
2563 1540 2873 1612 ἄνθρωπον,
2909 1540 3004 1592 ποῖ
3033 1538 3131 1608 μὲν
3170 1540 3240 1606 τῇ
3271 1536 3469 1603 πίστει,
3497 1538 3577 1589 ποῖ
3602 1537 3651 1589 δὲ

2114 1638 2226 1699 τοῖς
2258 1635 2474 1703 ἔργοιςο
2510 1632 2643 1685 Θεὸν
2699 1631 2757 1685 δὲ
2812 1631 3142 1699 προσκυνεῖν
3183 1628 3447 1693 διδάσκει,
3489 1628 3652 1683 ὅντινα

449 1719 624 1774 ﬁnxit.
675 1719 743 1772 Et
788 1716 1063 1773 daemones
1110 1719 1331 1789 quidem
1378 1720 1497 1773 viso
1542 1720 1793 1785 Domino,
1835 1719 2013 1788 ipsum

2124 1726 2452 1782 ἀναπλάττει
2484 1726 2516 1794 ἠ
2549 1725 2759 1777 ἐκείνου
2805 1722 3029 1776 διάνοια.
3066 1722 3179 1775 Καὶ
3207 1721 3258 1773 el
3302 1720 3398 1789 μὲν
3430 1719 3653 1789 δαίμονες

450 1807 765 1863 DeiFilium
791 1810 875 1864 vel
907 1810 1156 1865 nolentes
1180 1810 1415 1866 confessi
1441 1821 1569 1867 sunt
1594 1830 1607 1869 :
1632 1812 1760 1881 (non
1791 1812 1933 1866 enim
1961 1819 2019 1863 ut

448 1899 566 1954 veri
599 1901 921 1957 adoratores
962 1904 1110 1957 hunc
1139 1903 1374 1959 confessi
1414 1913 1561 1968 sunt,
1602 1905 1700 1960 sed
1743 1912 1803 1958 ut
1840 1904 1893 1959 hi
1924 1902 2017 1972 qui

448 1991 735 2045 veritatem
765 1993 1041 2049 occultare
1076 2011 1187 2050 non
1216 2007 1489 2065 paterant,
1517 1998 1795 2062 dixerunt,
1829 2017 1847 2049 ι
1878 1995 2019 2063 Quid

451 2083 610 2139 nobis
640 2094 817 2138 tecum
842 2085 920 2141 rei
957 2094 1063 2152 est,
1095 2086 1194 2142 Fili
1219 2088 1364 2143 Dei?
1404 2089 1612 2145 Venisti
1654 2100 1778 2145 ante
1808 2099 2022 2159 tempus

450 2173 517 2228 ad
545 2176 903 2230 cruciandum
936 2192 1038 2232 nos
1067 2179 1157 2232 “‘l
1188 2183 1233 2239 il
1265 2180 1541 2237 Maliomet
1574 2197 1703 2237 vero
1745 2183 2021 2239 dtemones

452 2266 736 2335 impietate
778 2278 1024 2335 superat,
1055 2269 1149 2337 qui
1185 2269 1465 2325 Christum
1509 2288 1613 2328 nec
1655 2274 1751 2328 Dei
1796 2274 2019 2342 Filium,

450 2373 554 2412 nec
598 2358 839 2428 judicent
893 2360 1314 2433 esseaﬁirmet.
1368 2364 1473 2418 Sed
1524 2364 1592 2419 ad
1652 2365 1803 2420 illum
1853 2366 2023 2422 Isaias

452 2447 691 2503 dixerit:
732 2467 749 2499 ι
777 2448 912 2503 Cum
957 2446 1177 2506 diabolo
1208 2463 1467 2523 corrupta
1514 2465 1599 2509 εει
1647 2454 1875 2511 scientia
1932 2466 2021 2512 tua

456 2554 581 2593 cum
613 2539 813 2595 decore
855 2550 948 2596 tuo
972 2543 1069 2608 ⁸⁷,ι
1101 2552 1208 2600 etc.
1245 2546 1315 2601 Et
1356 2547 1551 2601 merito
1574 2562 1705 2601 sane
1731 2548 1799 2601 de
1838 2547 2023 2602 Malioo

454 2637 600 2684 mete
632 2630 1028 2701 discipulisque
1061 2635 1178 2689 suis
1228 2635 1377 2690 dicat
1402 2636 1619 2706 aliquis,
1651 2648 1869 2707 gentem
1901 2654 2022 2694 esse

455 2733 578 2787 qua:
601 2720 890 2776 consilium
923 2723 1189 2784 amiserit,
1218 2733 1275 2778 et
1306 2724 1358 2776 in
1386 2740 1492 2793 qua
1527 2740 1633 2779 non
1669 2727 1740 2780 sit
1768 2728 2017 2781 scientia.

456 2813 570 2869 Nos
593 2828 726 2869 vero
762 2815 843 2869 sic
871 2816 1149 2871 dicimus:
1190 2815 1346 2882 Quod
1382 2816 1427 2870 si
1462 2818 1595 2871 ﬁdes
1624 2819 1704 2887 (ut
1740 2817 2024 2888 Scriptura

456 2906 618 2962 docet
647 2904 729 2977 ⁸⁸)
760 2906 879 2962 sine
914 2907 1179 2977 operibus
1222 2916 1438 2962 mortua
1481 2919 1585 2975 est,
1629 2910 1803 2964 multo
1851 2910 2023 2979 magis

456 3014 621 3070 opera
652 3000 771 3056 sine
814 3000 920 3056 ﬁde
963 3010 1179 3057 mortua
1232 3012 1380 3057 sunt.
1426 3002 1529 3058 Ubi
1580 3016 1710 3058 vero
1753 3018 1853 3058 nec
1885 3003 2022 3058 ﬁdes

2120 1820 2215 1872 τὸν
2250 1816 2455 1887 Κύριον
2506 1816 2728 1880 ἰδόντες,
2765 1814 2901 1867 Θεοῦ
2936 1814 3060 1866 Υἱὸν
3116 1812 3283 1865 αὐτὸν
3308 1811 3657 1881 οώμολόγησαν

2120 1914 2214 1968 καὶ
2244 1914 2437 1985 κριτὴν
2471 1912 2696 1973 ἄκοντες
2723 1927 2739 1944 °
2776 1910 2837 1963 οὐ
2867 1907 2977 1977 γάρ
3014 1907 3091 1970 ὡς
3133 1906 3360 1974 ἀληθεῖς
3387 1920 3661 1975 προσκυνη-

2120 2006 2213 2059 ταὶ
2242 2004 2431 2058 τοῦτον
2456 2002 2842 2073 ὡμολόγησαν,
2872 1998 2989 2053 ἀλλ’
3016 1998 3093 2061 ὡς
3127 1996 3204 2068 μὴ
3236 1997 3515 2065 δυνάμενοι
3547 1993 3661 2064 apti-

2119 2099 2219 2168 ψαι
2244 2097 2346 2168 τὴν
2374 2096 2655 2167 ἀλήθειαν,
2702 2093 2873 2171 οὕτως
2900 2088 3076 2155 εἷπον,
3130 2109 3150 2142 ι
3189 2089 3257 2143 Τί
3302 2090 3428 2158 ἡμῖν
3458 2088 3541 2141 καὶ
3572 2086 3658 2147 σοὶ,

2123 2191 2219 2243 Υίέ
2250 2188 2344 2241 τοῦ
2366 2186 2503 2241 Θεοῦ
2526 2204 2541 2253 ;
2572 2182 2734 2257 ἦλθες
2760 2184 2866 2254 πρὸ
2889 2180 3082 2250 καιροῦ
3105 2180 3395 2251 βασανίσαι
3419 2179 3580 2248 ἡμᾶςς
3604 2175 3662 2228 ιδ

2120 2282 2177 2335 δὲ
2204 2280 2453 2349 Μωάμεθ
2496 2278 2591 2331 καὶ
2616 2276 2817 2348 χείρων
2859 2274 3135 2343 δαιμόνων
3168 2268 3537 2338 ἀναφαίνεται,
3560 2266 3663 2320 ἐπεὶ

2125 2373 2265 2443 μήτε
2317 2370 2451 2425 Θεοῦ
2507 2371 2659 2435 Υῐὸν,
2695 2372 2836 2442 μήτε
2873 2371 3069 2442 κριτὴν
3130 2373 3222 2425 τὸν
3262 2368 3488 2441 Χριστὸν
3536 2364 3663 2431 λέγει

2124 2463 2285 2524 εἶναι.
2304 2466 2445 2522 Ἀλλ’
2472 2470 2616 2522 εἴποι
2648 2469 2713 2521 ἂν
2746 2467 2973 2532 Ἡσαΐας
3004 2468 3141 2538 πρὸς
3163 2467 3347 2533 αὐτὸν,
3378 2466 3456 2520 ὅτι
3481 2482 3498 2517 ι
3533 2458 3666 2516 Μετὰ

2125 2560 2220 2615 τοῦ
2252 2559 2501 2613 διαῦόλου
2536 2559 2745 2629 ἐφθάρη
2776 2560 2808 2629 ἡ
2840 2560 3119 2629 ἐπιστήμη
3155 2575 3255 2612 σου
3290 2559 3385 2612 σὺν
3412 2556 3486 2625 τῷ
3506 2552 3664 2607 κάλλει

2125 2670 2242 2705 σου.
2288 2669 2306 2702 ι
2334 2652 2457 2703 Καὶ
2495 2652 2680 2703 λοιπὸν
2707 2650 2930 2709 δικαίως
2957 2651 3023 2704 ἂν
3054 2649 3200 2704 εἴποι
3230 2668 3315 2712 τις
3348 2647 3469 2719 περί
3499 2662 3550 2698 τε
3588 2641 3664 2697 τοῦ

2127 2739 2396 2809 Μωάμεθ,
2455 2739 2585 2806 περί
2617 2754 2675 2790 τε
2736 2736 2844 2789 τῶν
2876 2735 3361 2807 ἀκολουθησάντων
3418 2730 3666 2800 αὖτῷ,ὅτι

2128 2833 2279 2894 ἔθνος
2306 2830 2652 2892 ἀπολωλεκὸς
2679 2829 2875 2900 βουλήν
2901 2829 3039 2892 ἐστι,
3063 2828 3163 2881 καὶ
3179 2829 3279 2882 οὐκ
3304 2828 3447 2881 ἔστιν
3469 2825 3523 2876 ἐν
3540 2822 3665 2889 αῠτῳ

2129 2924 2435 2993 ἐπιστήμη.
2482 2922 2677 2989 Ἡμεῖς
2703 2922 2760 2974 δὲ
2793 2919 3029 2989 λέγομεν
3057 2919 3258 2983 οὕτως,
3289 2919 3372 2972 ὅτι
3410 2917 3501 2970 ἐὰν
3531 2917 3561 2985 ή
3587 2913 3665 2965 πί-

2128 3032 2245 3078 στις
2296 3015 2424 3068 ἄνευ
2474 3013 2583 3066 τῶν
2610 3011 2787 3082 ἔργων
2838 3011 3009 3081 νεκρά
3042 3002 3164 3065 ἐδτι
3200 3010 3362 3078 κατὰ,
3399 3008 3458 3062 τὸ
3485 3007 3660 3075 λόγιον,

456 3108 559 3151 nec
586 3110 752 3166 opera
796 3104 995 3165 praesto
1028 3106 1179 3165 sunt,
1213 3097 1474 3165 quidnam
1515 3098 1629 3154 illic
1662 3098 2022 3169 iudicandum

2131 3106 2312 3176 πολλῷ
2346 3102 2547 3175 μᾶλλον
2580 3104 2751 3173 νεκρά
2806 3104 2913 3156 είσι
2960 3103 3028 3156 τὰ
3075 3102 3238 3173 ἔργα,
3283 3102 3356 3172 μὴ
3403 3099 3555 3169 οῦσης
3590 3096 3666 3148 πίο

456 3187 592 3243 est‘l
646 3184 1121 3253 Quemadmodum
1183 3188 1330 3243 enim
1398 3204 1599 3260 corpus
1668 3191 1785 3245 sine
1844 3191 2026 3245 anima

457 3287 737 3335 mortuum
786 3288 891 3346 est,
925 3280 1005 3336 sic
1048 3289 1103 3337 et
1130 3282 1312 3336 anima
1346 3280 1464 3336 sine
1512 3281 1617 3336 ﬁde
1658 3290 1713 3336 et
1742 3282 2023 3351 operibus.

458 3370 516 3426 Si
551 3370 698 3426 enim
722 3356 872 3428 ﬁdes
895 3371 1154 3439 adfuerit,
1188 3373 1320 3428 licet
1346 3372 1666 3428 vulneretur
1689 3373 1890 3437 anima,
1935 3387 2026 3427 sa-

458 3463 702 3519 nationis
740 3472 922 3519 tamen
965 3465 1083 3519 vias
1122 3465 1308 3529 habet,
1342 3479 1443 3533 per
1493 3464 1873 3533 paenitentiam
1919 3463 2028 3519 sci-

456 3554 589 3611 licet
631 3563 687 3610 et
733 3569 921 3625 opera.
963 3554 1097 3612 Fide
1141 3565 1325 3611 autem
1377 3555 1624 3622 absente,
1660 3556 1842 3611 omnis
1883 3557 2028 3611 actio

457 3656 555 3704 aut
596 3648 797 3712 virtus,
851 3663 973 3717 quae
1027 3648 1084 3703 in
1135 3649 1373 3718 speciem
1418 3664 1539 3704 esse
1584 3647 1829 3714 videtur,
1884 3662 2027 3703 vana

456 3752 540 3799 est
586 3750 643 3797 et
687 3742 886 3799 inanis.
945 3741 1077 3798 Fide
1137 3742 1283 3798 enim
1331 3752 1600 3812 praesente
1640 3745 1805 3799 etiam
1852 3742 2028 3798 virtus
2070 3786 2073 3789 ι

456 3833 633 3898 adest,
664 3834 799 3890 licet
830 3833 1127 3903 aliquando
1150 3833 1373 3889 virtutis
1404 3833 1675 3901 defectus,
1713 3836 1766 3889 id
1794 3845 1877 3891 est
1902 3850 2027 3905 pec-

457 3934 641 3979 catum
701 3923 1007 3978 oboriatur.
1050 3922 1156 3979 Ubi
1217 3939 1350 3979 vero
1404 3925 1541 3979 ﬁdes
1598 3940 1705 3978 non
1761 3936 1866 3991 est,
1926 3941 2028 3980 nec.

456 4016 636 4070 virtus
666 4024 770 4070 est.
808 4014 911 4071 Ubi
943 4022 1125 4069 autem
1160 4014 1337 4069 virtus
1379 4031 1487 4069 non
1534 4015 1719 4081 fuerit,
1752 4030 1853 4069 nec
1879 4015 2027 4071 illius

456 4105 705 4161 defectus
732 4114 835 4159 est.
887 4105 989 4160 Ubi
1026 4105 1191 4173 igitur
1226 4105 1403 4161 virtus
1444 4122 1550 4161 non
1588 4118 1694 4172 est,
1737 4123 1841 4163 nec
1894 4108 2029 4163 ﬁdes

456 4207 564 4263 est,
620 4212 722 4253 nec
774 4206 1082 4267 peccatum,
1116 4197 1210 4253 sed
1268 4199 1413 4252 nuda
1463 4209 1519 4254 et
1566 4215 1715 4255 mera
1755 4200 2027 4271 impietas.

459 4292 806 4361 Quapropter
838 4298 895 4345 et
936 4290 1104 4346 Isaias
1144 4290 1223 4345 ait
1254 4308 1267 4344 :
1304 4309 1323 4342 ι
1362 4291 1478 4346 Nisi
1512 4292 1878 4356 credideritis,
1916 4308 2025 4348 non

459 4383 775 4452 intelligetis
809 4384 875 4437 ".
916 4401 935 4433 ι
969 4383 1161 4439 'Fides
1204 4382 1388 4452 itaque
1433 4392 1489 4438 et
1528 4399 1654 4454 spes
1696 4400 1886 4439 eorum
1947 4394 2031 4440 est

458 4490 581 4543 qua:
607 4489 717 4527 non
748 4473 1025 4537 videntur,
1049 4489 1159 4529 non
1186 4489 1376 4529 eorum
1407 4490 1528 4543 quae
1550 4476 2029 4539 demonstrantur;

456 4567 552 4620 sed
585 4565 856 4634 imprimis
884 4566 1089 4620 donum
1135 4566 1229 4621 Dei
1266 4574 1348 4621 est
1391 4566 1521 4621 ﬁdes
1550 4567 1638 4621 illa
1684 4566 2029 4622 Christiano-

458 4674 581 4711 rum
620 4658 674 4712 in
702 4668 1110 4716 sacrosanctam
1139 4661 1489 4715 Trinitatem.
1524 4661 1679 4726 Quod
1705 4664 1853 4717 enim
1882 4662 2033 4716 videt

456 4748 678 4817 aliquis,
730 4765 831 4803 cur
883 4752 1115 4819 sperat?
1159 4750 1227 4805 Et
1273 4751 1419 4820 quod
1465 4751 1610 4805 videt
1661 4752 1882 4821 aliquis,
1933 4768 2033 4808 cur

457 4840 682 4895 crediti
712 4840 1103 4896 Verumtamen
1133 4840 1595 4910 quemadmoduiu
1634 4842 1779 4911 apud
1814 4857 1914 4896 nos
1948 4841 2030 4896 sol

456 4932 639 4985 onmia
674 4946 1017 5002 quaecunque
1043 4938 1364 5000 contingere
1406 4944 1604 5003 potest,
1654 4933 1947 4996 illuminat,
1977 4940 2033 4987 et

458 5024 634 5077 lucem
689 5023 857 5078 habet
916 5024 969 5077 in
1033 5025 1349 5078 universum
1409 5025 1677 5079 mundum
1734 5024 2029 5091 visibilem,

460 5112 845 5181 multiplicem,
890 5129 1108 5169 sursum
1161 5123 1217 5169 et
1262 5115 1517 5171 deorsum
1556 5117 1898 5185 propriorum
1942 5132 2030 5169 ra-

455 5203 674 5258 diorum
729 5206 1076 5273 Splendorem
1135 5206 1493 5277 dispergens:
1551 5217 1608 5261 et
1670 5207 1715 5261 si
1769 5209 1855 5261 cui
1916 5223 2024 5259 non

457 5294 658 5357 aderit,
727 5309 835 5349 non
881 5305 1103 5365 propter
1148 5298 1311 5369 bujus
1360 5299 1765 5353 illuminatoriae
1814 5298 2031 5351 virtutis

459 5384 834 5441 inﬁrmitatem
872 5388 975 5442 hoc
1008 5387 1089 5453 ﬁt,
1146 5390 1243 5443 sed
1277 5400 1500 5458 propter
1536 5390 1686 5443 visus
1727 5389 2032 5442 incommo-

458 5474 689 5532 ditatem
715 5493 730 5541 ;
761 5477 931 5532 multa
960 5479 1107 5532 enim
1135 5494 1257 5550 qua:
1288 5480 1417 5533 talia
1446 5487 1594 5543 sunt,
1627 5478 1813 5533 radius
1837 5478 2030 5532 solaris

462 5568 737 5624 transiens
781 5584 889 5623 non
936 5570 1231 5637 illuminat,
1277 5588 1399 5627 cum
1454 5571 1559 5624 alia
1599 5570 1909 5634 iiluminet;
1948 5570 2029 5623 sic

2130 3214 2323 3259 στεως.
2356 3196 2523 3250 Ἔνθα
2549 3196 2603 3249 δὲ
2627 3195 2751 3248 οὔτε
2778 3197 2961 3259 πίστις
2982 3194 3109 3247 οὔτε
3142 3194 3301 3264 ἔργα,
3334 3191 3385 3244 τί
3407 3189 3505 3261 χρὴ
3532 3185 3666 3255 νομί-

2129 3290 2242 3353 ζειν
2278 3288 2495 3348 ἐκεῖσε;
2538 3286 2730 3357 ὥσπερ
2757 3286 2864 3355 γάρ
2886 3285 2946 3338 τὸ
2982 3284 3145 3352 σῶμα
3179 3282 3371 3353 νεκρόν
3403 3283 3539 3334 ἐστιν
3556 3276 3664 3329 ἄνευ

2125 3382 2328 3453 ψυχῆς,
2358 3379 2502 3434 οὓτω
2527 3379 2672 3450 ψυχὴ
2707 3380 2834 3434 ἄνευ
2874 3382 3113 3441 πίστεως
3142 3378 3239 3433 καὶ
3286 3377 3478 3448 ἔργων.
3510 3370 3667 3438 Οῦσης

2128 3475 2235 3543 γὰρ
2260 3474 2520 3537 πίστεως,
2557 3472 2715 3541 εἴπερ
2735 3470 2949 3537 ,δέξεται
2998 3469 3298 3539 τραύματα
3329 3469 3361 3536 ἡ
3390 3463 3543 3537 ψυχὴ,
3570 3460 3665 3531 ἔχει

2125 3567 2362 3636 τρόπους
2396 3564 2595 3627 ἰάσεως
2637 3564 2723 3619 διά
2778 3579 2837 3615 τε
2881 3561 3177 3632 μετανοίας
3234 3559 3329 3615 καὶ
3359 3559 3544 3627 ἔργων.
3594 3547 3667 3618 Ill]

2124 3656 2291 3725 οῦσης
2327 3657 2385 3711 δὲ
2419 3655 2678 3719 πίστεως,
2726 3656 2875 3708 πᾶσα
2914 3653 3113 3723 πρᾶξις
3155 3652 3255 3707 καὶ
3298 3651 3445 3705 πᾶσα
3480 3642 3667 3715 νομιξοο

2130 3750 2268 3820 μένη
2317 3748 2489 3819 ἀρετὴ
2525 3748 2732 3819 ματαία
2773 3748 2865 3801 καὶ
2892 3746 3082 3809 ἕωλος.
3123 3746 3368 3805 Πίστεως
3396 3740 3496 3811 γάρ
3522 3735 3666 3805 οὔσης

2127 3840 2244 3893 ἐστι
2281 3840 2370 3892 καὶ
2402 3839 2593 3908 ἀρετὴ.
2650 3838 2796 3891 ἔστιν
2845 3837 2933 3889 ὅτε
2983 3836 3080 3889 καὶ
3112 3835 3321 3906 ἀρετῆς
3356 3832 3664 3887 ἀπόπτωσις.

2125 3930 2403 3983 τουτέστιν
2433 3925 2705 3997 ἁμαρτία.
2735 3925 2910 3978 Ὅπου
2941 3925 2999 3978 δὲ
3029 3924 3214 3987 πίστις
3240 3924 3341 3977 οὐκ
3375 3920 3535 3981 ἔστιν,
3571 3911 3666 3967 οὐδ’

2127 4020 2455 4090 ἀρετήιιίαὶ
2489 4018 2615 4072 ἔνθα
2645 4017 2820 4088 ἀρετὴ
2850 4016 2959 4069 ὀὐκ
2990 4016 3158 4077 ἐστιν,
3192 4014 3301 4067 οὐδ’
3328 4011 3520 4083 ἀρετῆς
3548 4002 3666 4059 ἀπό·

2130 4128 2356 4174 πτωσις.
2390 4112 2531 4179 ’Λρα
2580 4109 2710 4162 ἔνθα
2765 4110 2947 4171 πίστις
2990 4107 3090 4159 οὐκ
3148 4106 3318 4169 ἔστιν,
3366 4101 3473 4157 οὒτ’
3519 4093 3665 4167 ἀρετή

2128 4207 2297 4268 ἐστιν,
2331 4202 2441 4257 οὗθ’
2472 4200 2735 4271 ἁμαρτία,
2776 4198 2909 4252 ἀλλὰ
2939 4196 3118 4268 γυμνὴ
3150 4198 3246 4251 καὶ
3272 4197 3406 4264 μόνη
3438 4189 3664 4247 ἀσέϐεια.

2131 4297 2229 4349 Διά
2258 4311 2339 4348 τοι
2368 4292 2525 4345 τοῦτο
2552 4292 2647 4344 καὶ
2685 4289 2910 4351 Ἡσαΐας
2939 4289 3127 4358 φησὶν,
3162 4307 3179 4339 ι
3223 4288 3349 4340 Ἐὰν
3379 4284 3450 4353 μὴ
3476 4274 3669 4332 πιστεύο

2062 4419 2109 4475 D
2139 4404 2289 4458 σητε,
2325 4385 2385 4439 οὐ
2424 4386 2497 4454 μὴ
2539 4385 2755 4453 συνῆτε.
2798 4401 2816 4433 ι
2850 4382 3040 4434 Τοίνυν
3068 4382 3102 4451 ἡ
3136 4377 3439 4475 πίστιςᾳκαὶ
3474 4377 3506 4443 ἡ
3538 4369 3669 4475 ἐλπὶς

2133 4478 2243 4532 τῶν
2278 4476 2353 4547 μὴ
2385 4474 2730 4545 βλεπομένων
2759 4474 2926 4535 ἐστὶν,
2966 4471 3026 4523 οὐ
3071 4468 3181 4522 τῶν
3216 4460 3666 4532 ἀποδεδειγμένων.

2149 4564 2289 4622 ’.ἁλλ’
2324 4566 2438 4619 ἐστι
2477 4565 2648 4635 δῶρον
2702 4563 2836 4616 Θεοῦ
2887 4561 3181 4631 ἐξαιρέτως
3215 4561 3250 4629 η
3290 4560 3368 4621 εἰς
3407 4555 3503 4623 τὴν
3531 4550 3669 4617 ἁγίαν

2134 4655 2337 4727 Τριάδα
2362 4653 2471 4707 τῶν
2504 4652 2850 4723 Χριστιανῶν
2884 4652 3088 4714 πίστις.
3120 4652 3185 4702 Ὃ
3231 4650 3342 4718 γὰρ
3375 4644 3553 4716 βλέπει
3578 4654 3668 4727 τις.

2132 4725 2193 4798 τί
2215 4746 2310 4799 καὶ
2347 4744 2557 4807 ἐλπίζει
2583 4760 2596 4808 ;
2632 4745 2728 4797 καὶ
2750 4742 2777 4795 ὃ
2809 4740 3020 4811 βλέπει,
3052 4740 3105 4792 τί
3131 4740 3223 4792 καὶ
3252 4736 3520 4797 πιστεύει;
3550 4725 3669 4781 Ἀλλ’

2133 4839 2281 4907 ὅμως
2311 4836 2499 4904 ὥσπερ
2526 4838 2553 4888 ὁ
2581 4834 2704 4887 καθ’
2744 4835 2893 4902 ἡμᾶς
2923 4833 3074 4903 ἦλιος
3107 4831 3175 4884 τὰ
3205 4830 3380 4883 πάντα
3416 4828 3508 4879 ὅσα
3534 4817 3671 4891 μετι-

2138 4945 2252 5000 χειν
2274 4925 2436 4980 αὑτοῦ
2464 4926 2688 4979 δύναται
2719 4924 2964 4993 φωτίζει,
2995 4925 3086 4977 καὶ
3106 4918 3555 4989 ὑπερηπλωμένον
3572 4912 3670 5000 ἔχει

2135 4998 2195 5071 τὸ
2225 5018 2340 5086 φῶς
2370 5019 2448 5077 είς
2516 5016 2692 5068 πάντα
2723 5018 2814 5067 τὸν
2868 5014 3062 5084 ὁρατὸν
3112 5013 3316 5081 κόσμον
3365 5008 3472 5060 ἄνω
3504 5019 3556 5055 τε
3590 4998 3669 5052 καὶ

2135 5111 2309 5172 κάτω,
2338 5109 2437 5170 τὰς
2463 5108 2573 5161 τῶν
2597 5107 2813 5160 οἰκείων
2840 5093 3073 5159 ἀκτίνων
3100 5105 3271 5172 αὐγὰς
3290 5097 3528 5167 ἐξαπλῶν
3550 5111 3563 5125 ·
3589 5088 3669 5144 καὶ

2140 5202 2193 5254 εἷ
2223 5218 2327 5253 τινι
2352 5200 2413 5252 οὐ
2453 5199 2695 5267 μέτεστι,
2731 5198 2888 5251 τοῦτο
2919 5198 2979 5249 οὐ
3005 5198 3103 5266 τῆς
3146 5191 3427 5251 ἀσθενείας
3452 5185 3546 5254 τῆς
3572 5196 3669 5250 φω’

2139 5293 2389 5360 τιστικῆς
2416 5292 2699 5360 δυνάμεως
2725 5289 2890 5342 αὑτοῦ
2918 5291 3089 5351 ἐστιν,
3116 5286 3250 5341 ἀλλά
3278 5284 3383 5335 τῶν
3414 5280 3478 5332 δι’
3502 5278 3667 5329 ἀνεπι-

2137 5384 2473 5454 ’τηδειότητσι⁵
2496 5384 2592 5452 τῆς
2619 5383 2882 5451 ὁράσεως,
2917 5384 3008 5435 καὶ
3037 5380 3204 5436 πολλὰ
3230 5376 3336 5430 τῶν
3353 5373 3514 5431 οὕτως
3532 5363 3665 5435 ἑχόν-

2138 5494 2244 5528 των
2290 5477 2322 5545 ἢ
2373 5478 2530 5535 ἀκτῖς
2564 5475 2915 5529 διαϐαίνουσα
2961 5475 3021 5527 οὐ
3068 5472 3311 5543 φωτίζει,
3358 5468 3423 5519 τὰ
3466 5462 3517 5515 δὲ
3562 5454 3662 5527 μετ’

2140 5570 2322 5621 ἐκεῖνοι
2375 5567 2599 5635 φωτίζει
2626 5583 2640 5596 ’
2678 5566 2822 5620 οῦτω
2858 5568 2952 5620 καὶ
3000 5568 3028 5619 ὁ
3061 5563 3244 5635 νοητὸς
3290 5561 3433 5632 ἥλιος
3466 5554 3557 5624 τῆς
3597 5547 3663 5599 δι’

539 5726 581 5757 ’⁸
623 5725 811 5781 Matth.
857 5744 973 5797 vni,
1010 5731 1098 5783 ‘29.
1182 5734 1218 5763 "
1262 5734 1365 5791 lsa.
1414 5750 1522 5801 xiv,
1570 5736 1650 5802 ll,
1702 5737 1781 5790 l2.
1865 5735 1906 5767 ⁵⁸
1946 5734 2055 5790 Jac.
2105 5750 2176 5798 ll,
2223 5734 2312 5790 ΞΟ.
2393 5734 2433 5765 ⁶⁹
2471 5732 2573 5786 15a.
2618 5748 2723 5799 vn,
2764 5734 2816 5788 9.
