3928 6212
318 312 422 379 661

1300 317 1597 379 CONTRA
1639 316 2121 379 MAIIOMETEM
2162 318 2445 381 ORATIO
2485 318 2595 377 Ili.

3450 315 3581 379 662‘

321 428 639 500 καιοσόνης,
688 429 964 483 τουτέστιν
1010 432 1039 483 6
1092 430 1352 500 Χριστὸς,
1403 432 1527 495 τοὺς
1585 432 1664 494 είς
1727 432 1922 489 αὑτὸν,

2029 432 2155 486 tiam
2208 433 2487 486 rationalis
2534 430 2625 484 ille
2670 430 2897 502 iustitia:
2944 431 3036 486 Sol
3079 428 3352 496 Christus,
3397 432 3451 485 in
3496 447 3558 486 se

324 524 678 587 πιστεύοντας
723 523 973 595 ὲμπιπλᾷ
1012 524 1204 594 νοητοῦ
1249 524 1447 592 φωτός.
1487 527 1675 578 Πᾶσαν
1705 523 1760 577 δὲ
1790 525 1885 590 άγ⁴

322 632 475 669 νοιαν
510 616 605 667 καὶ
634 615 843 685 πλάνην
873 615 1087 669 ἐλαύνει
1133 618 1198 668 ὲκ
1230 618 1419 669 πασῶν
1463 616 1675 685 ψυχῶν,
1706 610 1793 677 αἷς
1826 614 1890 668 ἂν

326 704 640 771 ἐγγένηται,
674 702 917 766 καὶτοὺς
953 705 1171 773 νοεροὺς
1197 704 1378 757 αὐτῶν
1408 703 1720 772 ὀφθαλμοὺς
1750 704 1887 755 ἀπο-

326 794 602 864 καθαίρει.
638 795 748 849 Καὶ
776 797 884 864 γὰρ
926 793 1176 867 ὦσπερή
1217 796 1409 860 ἄγνοια
1448 794 1752 866 διαιρετικὴ
1782 793 1892 847 τῶν

329 881 773 948 πεπλανημένων
816 884 986 947 ἐστὶν,
1027 882 1197 944 οὕτως
1239 884 1272 953 ή
1320 882 1415 935 τοῦ
1468 882 1661 951 νοητοῦ
1716 882 1893 949 φωτὸς

331 974 609 1042 παρουσία
644 973 957 1041 συναγωγὸς
986 977 1078 1026 καὶ
1117 974 1350 1043 ἑνωτικὴ
1378 972 1481 1027 τῶν
1510 973 1896 1044 φωτιζομένων

323 1064 465 1117 ἐστί.
494 1066 593 1117 Διὰ
630 1064 764 1130 γοῦν
804 1064 958 1118 τοῦτο
997 1065 1091 1119 καὶ
1119 1067 1147 1118 6
1177 1066 1411 1137 Χριστὸς
1443 1066 1649 1133 ἔλεγεν,
1686 1084 1705 1117 ι
1756 1064 1896 1133 Ἐγώ

324 1157 445 1224 εἰμι
475 1156 535 1208 τὸ
565 1157 679 1225 φῶς
713 1156 806 1209 τοῦ
858 1156 1089 1226 κόσμου,
1121 1158 1217 1211 καὶ⁸
1281 1160 1310 1210 6
1352 1156 1625 1209 πιστεύων
1666 1157 1745 1218 είς
1798 1156 1898 1221 ἐμὲ

327 1252 393 1302 οὗ
432 1253 505 1320 μή
534 1249 887 1327 περιπατήσῃ
922 1250 979 1301 ὲν
1002 1250 1067 1319 τῇ
1106 1248 1317 1317 σκοτίᾳ,
1358 1267 1375 1300 ι
1418 1248 1519 1318 τῆς
1564 1248 1770 1315 πλάνης
1804 1246 1897 1315 δη-

324 1338 530 1401 λονότι,
579 1356 596 1389 t
633 1337 751 1390 ἀλλ’
788 1337 898 1404 ἕξει
930 1334 990 1389 τὸ
1046 1336 1162 1404 φῶς
1208 1336 1306 1406 τῆς
1339 1336 1505 1405 ζωῆς,
1545 1354 1563 1387 ι
1601 1335 1698 1389 καὶ
1738 1336 1900 1404 ἕτερα

326 1430 432 1483 ὅσα
466 1431 748 1499 μετολίγον
779 1432 805 1482 6
829 1430 985 1497 λόγος
1022 1428 1155 1499 δῆλα
1184 1430 1417 1498 ποιήσει.
1456 1429 1609 1480 Ἐπεὶ
1637 1426 1791 1494 γοῦν,
1825 1426 1900 1490 ὡς

328 1523 549 1590 εἴρηται
585 1522 641 1573 ὲν
677 1518 754 1589 τῷ
783 1518 1063 1588 κεφαλαίῳ
1093 1519 1171 1587 τῷ
1214 1517 1499 1584 Ἐλμαῖδᾶ,
1531 1516 1716 1578 διττάς
1760 1519 1898 1570 ἁπο-

1991 524 2278 578 credentcs
2321 525 2443 578 luce
2495 524 2681 591 implet
2730 523 3000 588 rationali,
3032 537 3360 593 omnemque
3406 525 3559 595 igno-

1993 614 2220 667 rantiam
2247 625 2301 670 et
2324 628 2570 669 errorem
2609 630 2676 670 ex
2706 614 3015 681 animabus,
3042 615 3241 684 quibus
3282 614 3554 679 inciderit,

1992 706 2247 775 expellit,
2312 714 2368 760 et
2412 706 2639 760 vitiosos
2686 706 2900 759 illarum
2970 707 3171 761 oculos
3219 713 3437 775 purgat.
3488 706 3559 760 Et

1995 797 2459 865 quemadmodum
2521 795 2827 864 ignorantia
2885 805 3130 851 errantes
3184 804 3237 849 et
3302 796 3563 850 seductos

1997 888 2228 958 dissipat
2273 888 2405 942 hinc
2446 887 2593 951 inde,
2640 887 2718 941 sic
2750 886 3032 940 rationalis
3080 886 3220 941 lucis
3272 886 3560 954 prasentia

1996 994 2089 1036 eos
2120 981 2212 1050 qui
2247 979 2625 1035 illuminantur
2648 976 2873 1047 colligit.
2899 985 2955 1032 et
2979 976 3032 1031 in
3061 992 3228 1031 unum
3260 974 3561 1045 coniungit.

1997 1068 2338 1137 QuaprOpter
2378 1069 2494 1138 ipse
2542 1067 2795 1123 Christus
2840 1066 3058 1137 inquit:
3095 1085 3113 1118 ι
3157 1067 3270 1137 Ego
3312 1080 3432 1121 sum
3471 1066 3564 1120 lux

2000 1160 2211 1214 mundi.
2256 1161 2323 1215 Et
2372 1161 2466 1229 qui
2520 1160 2575 1213 in
2626 1173 2713 1213 me
2756 1157 2954 1223 credit,
3001 1172 3109 1211 non
3153 1156 3459 1210 ambulabit
3510 1155 3564 1209 in

2002 1249 2242 1304 tenebris
2265 1287 2281 1313 ,
2316 1265 2334 1298 ι
2373 1262 2621 1312 errorum
2672 1261 2899 1315 nempe,
2952 1264 2969 1297 ι
2999 1245 3094 1300 sed
3124 1244 3345 1299 habebit
3387 1246 3562 1297 lucem

2001 1342 2127 1395 vita:
2154 1340 2224 1405 "°,
2265 1358 2283 1391 ι
2319 1347 2374 1393 et
2402 1338 2635 1408 reliqua,
2664 1354 2785 1407 qua:
2814 1336 2993 1391 oratio
3028 1346 3220 1391 nostra
3249 1336 3414 1405 paulo
3444 1344 3568 1405 post

2002 1440 2257 1502 exponet.
2304 1430 2570 1496 Quoniam
2626 1431 2792 1498 igitur
2847 1429 2901 1483 in
2949 1428 3127 1496 capite
3170 1426 3477 1489 Helmaida,
3511 1434 3571 1480 ut

2003 1522 2211 1577 dictum
2254 1528 2358 1585 cst,
2399 1519 2614 1574 duabus
2657 1530 2851 1574 contra
2899 1517 3175 1574 Christum
3226 1518 3573 1572 demonstra-

327 1613 527 1676 δείξεις
555 1612 735 1681 φέρων
765 1611 1078 1679 εὑρίσκεται
1105 1610 1245 1663 κατὰ
1285 1608 1377 1661 τοῦ
1418 1608 1659 1677 Χριστοῦ
1688 1609 1716 1659 6
1740 1606 1904 1660 Μωά-

2024 1612 2249 1667 ionibus
2279 1609 2534 1665 innititur
2556 1609 2847 1673 Mahomet,
2883 1608 3179 1663 ostendens
3211 1606 3359 1661 hunc
3401 1606 3573 1660 Deum

333 1704 463 1773 μεθ,
494 1703 750 1757 δεικνύων
778 1702 849 1763 ὡς
876 1701 975 1754 ούκ
1002 1701 1115 1754 ἔστι
1147 1700 1299 1763 Θεὸς,
1325 1700 1405 1753 διὸ
1457 1700 1716 1753 οὐδέποτε
1752 1699 1903 1769 είρη-

2028 1720 2115 1759 ton
2165 1718 2305 1768 esse,
2360 1717 2426 1756 eo
2472 1700 2618 1772 quod
2660 1699 2915 1756 Christus
2949 1715 3217 1770 nusquam
3262 1698 3466 1754 dixerit
3513 1712 3594 1756 se.

331 1812 431 1849 κεν
466 1795 655 1848 ἑαυτὸν
685 1794 815 1847 Θεὸν
853 1793 881 1845 6
916 1794 1170 1863 Χριστὸς,
1208 1791 1301 1845 καὶ
1343 1792 1425 1845 ὅτι
1473 1794 1583 1855 τοῖς
1624 1791 1899 1847 Ἰουδαίοις

363 1877 385 1896 τ
525 1881 547 1894 ..
702 1882 743 1896 η
983 1882 1003 1896 .
1134 1880 1148 1896 .
1238 1878 1277 1896 τι
1322 1878 1337 1896 ι
1613 1878 1628 1896 .
1681 1880 1718 1896 η
1756 1879 1771 1896 ι
1848 1878 1865 1896 ι

2024 1797 2179 1852 Deum
2205 1810 2326 1851 esse
2352 1812 2367 1861 ;
2393 1803 2507 1848 tum
2540 1792 2685 1863 quod
2718 1792 2923 1848 Iudaeis
2956 1791 3277 1862 prmeeperit
3304 1809 3319 1847 :
3362 1809 3379 1843 ι
3423 1789 3572 1844 Ado-

332 1878 492 1933 εἶπεν
522 1881 602 1933 ὃτι
643 1898 661 1931 ι
702 1882 1063 1947 Προσκυνείτε
1099 1880 1190 1931 τὸν
1237 1878 1369 1932 Θεόν
1402 1896 1504 1947 μου
1541 1878 1635 1931 καὶ
1679 1879 1811 1931 Θεὸν
1841 1878 1901 1930 ὐ-

2024 1898 2120 1943 'ate
2173 1888 2343 1943 Deum
2390 1901 2572 1941 meum
2620 1894 2677 1941 et
2730 1884 2901 1938 Deum
2958 1891 3239 1949 vestrum,
3282 1882 3573 1938 Dominum

334 1970 480 2041 μῶν,
519 1972 617 2023 καί⁸
644 1970 847 2040 Κύριόν
885 1988 985 2040 μου
1012 1974 1106 2025 xui
1136 1969 1340 2037 Κύριον
1366 1969 1521 2038 ὑμῶν
1544 1985 1558 1999 ·
1600 1988 1617 2021 ι
1650 1968 1808 2037 δεῦρο
1837 1968 1902 2039 δὴ

2024 1994 2184 2033 neum
2222 1987 2279 2033 et
2309 1978 2598 2032 Dominum
2637 1987 2878 2032 vestrum
2909 1992 2924 2041 ;
2970 1994 2989 2028 ι
3024 1975 3251 2045 agedum
3290 1975 3358 2029 de
3399 1974 3575 2043 prima

334 2062 665 2131 σκεψώμεθα
688 2064 928 2131 περὶτῆς
951 2060 1244 2131 προτέρας,
1265 2060 1478 2124 ἔπειτα,
1497 2060 1630 2113 Θεοῦ
1650 2060 1903 2124 διδόντος,

2028 2086 2112 2123 am
2147 2070 2453 2136 videamus,
2488 2069 2617 2123 dein
2668 2068 2780 2123 Deo
2816 2068 3036 2123 volente
3066 2069 3232 2122 etiam
3276 2063 3573 2120 secundam

336 2156 431 2208 καὶ
462 2157 721 2225 περὶτῆς
759 2154 1039 2225 δευτέρας.
1081 2151 1400 2222 ’Δρξώμεθα
1443 2153 1621 2204 τοίνυν
1667 2153 1774 2205 ἀπὸ
1807 2152 1907 2221 τῆς

2024 2162 2386 2217 liscutiemus.
2426 2160 2755 2229 Incipiamus
2790 2160 2975 2229 itaque
3012 2160 3081 2214 ab
3105 2158 3221 2227 ipsa
3254 2154 3579 2210 Mahometis

343 2246 437 2299 τοῦ
494 2246 738 2315 Μωάμεθ
787 2245 1099 2317 ὁμολογίας.
1134 2238 1306 2306 Οὗτος
1355 2246 1447 2297 τὸν
1487 2246 1721 2316 Χριστὸν
1749 2246 1907 2312 λόγον

2024 2252 2375 2309 :onlessione.
2410 2250 2510 2305 llic
2535 2250 2817 2305 Christum
2849 2264 3159 2305 sermonem
3189 2248 3307 2311 Dei,
3336 2245 3580 2305 animam

347 2339 499 2402 Θεοῦ,
536 2341 628 2392 καὶ
662 2338 839 2410 ψυχὴν
863 2340 1021 2404 Θεοῦ,
1053 2340 1149 2392 καὶ
1176 2340 1346 2410 πνοὴν
1374 2337 1511 2392 Θεοῦ
1553 2340 1700 2407 λέγει
1743 2335 1906 2401 εἶναι,

2024 2344 2131 2409 Dei,
2170 2352 2226 2399 et
2254 2342 2510 2411 spiritum
2543 2340 2660 2405 Dei,
2708 2350 2770 2395 ut
2817 2341 3024 2396 dictum
3061 2348 3168 2403 est,
3215 2344 3394 2392 vocat.
3439 2336 3577 2390 Item

351 2430 528 2494 καθὼς
558 2431 795 2500 εἴρηται,
830 2430 1020 2483 καὶτὰ
1070 2431 1225 2499 παρὰ
1251 2429 1345 2482 τοῦ
1390 2428 1627 2500 Χριστοῦ
1663 2430 1757 2481 καὶ
1803 2430 1911 2481 τῶν

2024 2451 2134 2505 qua:
2163 2435 2231 2490 de
2264 2434 2483 2490 Christo
2516 2445 2571 2491 et
2616 2432 2879 2504 apostolis
2925 2432 2982 2487 in
3030 2429 3325 2500 Evangelio
3372 2426 3578 2482 descri-

346 2522 661 2575 ἀποστόλων
689 2524 969 2592 γραφέντα
995 2524 1086 2574 καὶ
1118 2522 1429 2592 πραχθέντα
1459 2523 1517 2574 ἐν
1549 2522 1623 2590 τῷ
1664 2519 1907 2588 Εὑαγγε-

2024 2529 2239 2591 buntur,
2270 2527 2431 2595 justa,
2465 2534 2679 2587 sancta,
2723 2523 2968 2593 perlecta
3015 2530 3069 2577 et
3099 2536 3230 2576 vera
3257 2534 3380 2575 esse
3406 2518 3581 2573 conli-

346 2615 448 2686 λίῳ
478 2615 664 2668 δίκαια
713 2615 806 2667 καὶ
839 2615 969 2681 ἅγια
1006 2614 1097 2666 καὶ
1131 2613 1317 2667 τέλεια
1364 2613 1456 2666 καὶ
1484 2612 1661 2681 άληθῆ
1704 2612 1913 2681 ὡμολόο

2024 2628 2195 2680 tetnr;
2225 2628 2280 2675 et
2319 2619 2499 2673 bene:
2550 2635 2570 2669 ι
2602 2616 2818 2672 Veritas
2852 2615 3001 2670 enim
3044 2612 3261 2668 Domini
3296 2617 3478 2664 manet
3522 2608 3582 2662 in

348 2724 513 2777 γησε.
536 2708 648 2761 Καὶ
672 2706 912 2770 δικαίως·
941 2707 973 2777 ή
1003 2704 1110 2776 γὰρ
1128 2706 1219 2759 τοῦ
1240 2703 1447 2778 Κυρίου
1473 2705 1697 2777 ἀλήθεια
1721 2706 1801 2767 είς
1824 2706 1915 2757 τὸν

2024 2722 2282 2769 ωιετηιιηι
2316 2711 2384 2763 ⁷⁸.
2421 2728 2441 2760 ι
2484 2708 2528 2762 Δ
2561 2720 2816 2763 sermone
2856 2705 3059 2773 quippe
3098 2703 3190 2756 Dei
3235 2699 3589 2756 mendacium

352 2800 530 2852 αἰῶνα
563 2799 735 2868 μένει.
775 2799 906 2852 Ἀπὸ
938 2800 1047 2869 γὰρ
1073 2797 1165 2851 τοῦ
1197 2798 1372 2866 Λόγου
1401 2798 1494 2851 τοῦ
1535 2796 1670 2851 Θεοῦ
1716 2797 1774 2850 οὗ
1823 2797 1918 2850 δύ-

2024 2805 2170 2860 exire
2210 2802 2435 2872 nequit;
2484 2801 2629 2856 idem
2676 2799 2824 2856 enim
2857 2806 3003 2853 esset
3027 2795 3211 2850 dicere
3259 2792 3429 2848 Deum
3472 2805 3583 2844 non

351 2908 514 2944 ναται
537 2890 776 2956 ἐξελθεῖν
820 2889 1034 2959 ψεῦδος.
1065 2888 1274 2943 Ταυτὸν
1303 2889 1411 2958 γάρ
1453 2891 1601 2942 ἐστιν
1635 2890 1809 2941 είπεῖν
1839 2889 1920 2941 ὅτι

2024 2912 2143 2952 esse
2190 2895 2359 2949 Deum
2388 2934 2401 2956 ,
2447 2902 2505 2949 et
2553 2892 2842 2947 veritatem
2897 2886 3283 2949 mendacium,
3338 2884 3587 2938 lucemve

350 2987 383 3036 6
432 2981 563 3044 Θεὸς
598 2983 697 3035 ούκ
726 2982 840 3033 ἐστι
876 2982 1029 3046 Θεὸς,
1065 2960 1222 3052 καῗὴ
1277 2980 1507 3051 ἀλήθεια
1551 2980 1745 3050 ψεῦδός
1779 2984 1918 3048 ἐστι,

354 3075 452 3127 καὶ
475 3074 535 3127 τὸ
559 3072 676 3143 φῶς
708 3073 915 3136 σκότος.
953 3073 1086 3127 Ἰδοὺ
1126 3073 1256 3141 γοῦν
1290 3074 1350 3125 τὸ
1383 3074 1582 3128 ἄτοπον
1615 3074 1709 3126 καὶ
1732 3074 1761 3125 6
1790 3072 1923 3126 Μω-

354 3161 499 3230 άμεθ
527 3162 747 3230 νοήσας,
776 3160 1082 3227 κατέφυγεν
1105 3161 1183 3222 είς
1214 3161 1275 3211 τὸ
1310 3160 1385 3229 μή
1413 3176 1543 3212 ποτε
1575 3159 1665 3212 τὸν
1686 3158 1921 3229 Χριστὸν

355 3254 490 3325 περὶ
515 3254 708 3308 ἑαυτοῦ
737 3253 908 3305 εἰπεῖν
940 3252 1022 3304 ὅτι
1050 3251 1169 3304 ἐστὶ
1195 3250 1347 3314 Θεός.
1394 3249 1588 3322 Ἦμεϊς
1623 3252 1753 3321 γοῦν
1785 3253 1841 3306 ἐν
1864 3270 1924 3307 τε

355 3346 428 3415 τῇ
470 3341 666 3415 πρώτῃ
692 3341 959 3411 ἀπολογίᾳ
985 3342 1079 3395 καὶ
1123 3341 1353 3410 δευτέρᾳ
1384 3341 1476 3393 καὶ
1507 3343 1664 3413 τρίτῃ
1714 3340 1925 3394 πεπλαο

355 3438 645 3507 τυσμένως
674 3436 769 3490 xai.
790 3433 998 3506 τρανῶς
1016 3433 1395 3503 ἀπεδείξαμεν,
1428 3434 1537 3488 ἀπό
1566 3452 1624 3488 τε
1646 3432 1739 3487 τοῦ
1757 3434 1926 3503 Ἀδάμ

356 3527 467 3589 ἕως
516 3526 615 3596 τῆς
662 3525 896 3594 Χριστοῦ
951 3525 1255 3595 γεννήσεως
1309 3526 1456 3585 ὅπως
1510 3526 1929 3595 προεφήτευσαν

359 3620 566 3682 πάντες
594 3620 643 3671 οἱ
673 3616 974 3688 προφῆται,
1001 3617 1150 3677 ὅπως
1202 3612 1343 3668 εἶδον
1378 3614 1427 3667 οί
1477 3615 1743 3685 Πατέρες,
1775 3615 1925 3678 ὅπως

362 3712 631 3783 ἐλάλησεν
660 3710 821 3773 αὐτὸς
844 3712 871 3763 6
893 3708 1021 3771 Θεὸς
1054 3709 1149 3761 καὶ
1173 3706 1361 3778 Πατὴρ
1388 3708 1514 3778 περὶ
1545 3705 1639 3759 τοῦ
1664 3704 1927 3775 Χριστοῦ,

362 3807 461 3860 καὶ⁵
497 3803 743 3872 φανερῶς
779 3802 874 3855 καὶ
930 3797 1315 3868 ἀωμφιῦὸλως
1343 3795 1637 3868 ἀπεδείχθη
1682 3797 1777 3849 καὶ
1808 3797 1932 3848 ἁνε-

364 3901 511 3969 φάνη
540 3897 671 3959 Θεὸς
702 3896 796 3948 καὶ
827 3891 963 3946 Θεοῦ
994 3891 1138 3954 Υίὸς,
1163 3892 1257 3948 καὶ
1286 3888 1410 3950 Υίὸς
1441 3888 1747 3958 ἀνθρώπου.
1776 3885 1931 3939 Μετὰ

362 3991 421 4044 δὲ
454 3990 514 4044 τὸ
555 3988 805 4043 Ἰωάννου
850 3986 1133 4056 βάπτισμα
1177 3982 1273 4035 καὶ
1317 3980 1409 4034 τὸν
1441 3980 1672 4033 θάνατον
1720 3981 1931 4032 ἐκείνου

367 4082 573 4157 ἤρξατο
605 4081 769 4143 αὐτὸς
806 4079 834 4131 6
882 4076 1116 4148 Χριστὸς
1155 4070 1603 4141 εὐαγγελίζεσθαι
1646 4072 1743 4140 τὴν
1776 4072 1933 4141 βασι-

370 4175 519 4227 λείαν
568 4172 664 4225 τοῦ
699 4168 860 4224 Θεοῦ.
910 4167 1021 4221 Καὶ
1051 4166 1134 4218 ὅτι
1186 4163 1286 4233 μὲν
1324 4160 1608 4232 κηρύττων
1648 4160 1747 4213 ούκ
1806 4158 1935 4213 ὲὸόα

370 4262 581 4331 συχνῶς
606 4261 690 4313 ὅτι
725 4256 868 4324 Ἐγώ
924 4257 1037 4324 είμι
1069 4256 1098 4306 6
1143 4251 1275 4314 Θεὸς
1301 4253 1329 4303 6
1378 4249 1555 4301 λαλῶν
1592 4248 1714 4317 μεθ’
1759 4246 1933 4317 ὑμῶν,

368 4354 542 4416 οὕτως
571 4349 743 4413 ἐστὶν,
778 4346 969 4415 ὥσπερ
1006 4344 1125 4396 οὐδὲ
1163 4340 1417 4412 βασιλεὺς
1458 4337 1777 4409 περιπατῶι
1814 4338 1935 4407 βοᾷ,

2024 2987 2299 3044 tenebras.
2357 2984 2633 3040 Mahomet
2681 2982 2852 3052 igitur
2909 2979 3252 3034 absurditate
3300 2976 3377 3031 rei
3428 2973 3589 3028 intel-

2022 3083 2185 3146 lecta,
2230 3080 2296 3135 ad
2336 3080 2443 3135 hoc
2482 3075 2751 3142 confugit,
2783 3072 3063 3129 Christum
3122 3081 3390 3138 nusquam
3424 3063 3493 3119 de
3531 3076 3593 3117 se

2025 3174 2169 3245 quod
2227 3174 2370 3227 Deus
2411 3170 2481 3225 sit
2513 3168 2738 3227 dixisse.
2790 3164 2901 3219 Nos
2941 3164 3126 3232 itaque
3174 3162 3229 3213 in
3256 3158 3464 3228 prima,
3508 3165 3595 3212 ω-

2026 3264 2204 3319 cunda
2246 3272 2300 3317 et
2340 3262 2500 3316 tertia
2545 3257 2808 3327 Apologia
2846 3255 3068 3324 copiose
3120 3250 3287 3307 simul
3338 3257 3398 3304 et
3440 3248 3589 3303 clare

2012 3353 2546 3417 'demonstravimus,
2576 3350 2645 3405 ab
2671 3351 2793 3418 ipso
2824 3347 3034 3402 Adamo
3069 3359 3248 3413 usque
3278 3342 3345 3397 ad
3380 3337 3591 3396 Christi

2028 3444 2438 3516 generationem
2464 3479 2479 3505 ,
2538 3437 2684 3508 quod
2745 3437 3027 3506 prepheta:
3072 3446 3268 3487 omnes
3312 3426 3596 3483 vaticinati

2030 3536 2160 3596 sint.
2193 3534 2337 3603 quod
2361 3534 2547 3588 Patres
2576 3528 2836 3593 viderint,
2860 3525 3007 3595 quod
3031 3525 3148 3592 ipse
3180 3523 3323 3576 Deus
3350 3529 3407 3575 et
3435 3519 3598 3573 Pater

2030 3627 2099 3681 de
2131 3625 2354 3681 Christo
2382 3624 2598 3677 loeutus
2636 3620 2733 3683 sit,
2761 3628 2819 3673 et
2844 3616 2991 3687 quod
3026 3614 3314 3669 manifeste
3342 3612 3596 3679 citraque

2030 3730 2247 3771 omnem
2280 3710 2705 3769 controversiam
2752 3707 3164 3763 demonstratus
3198 3714 3253 3757 et
3288 3700 3603 3756 declaratus

2032 3808 2103 3861 sit
2154 3805 2298 3859 Deus
2348 3812 2404 3857 et
2452 3801 2545 3855 Dei
2594 3799 2786 3862 Filius,
2838 3805 2896 3852 et
2943 3794 3118 3849 Filius
3162 3792 3422 3847 hominis.
3469 3789 3599 3845 Post

2032 3896 2361 3968 baptismum
2401 3907 2531 3948 vero
2580 3888 2848 3952 Joannis,
2899 3896 2957 3942 et
2987 3895 3224 3941 mortem
3264 3884 3434 3947 illius,
3478 3881 3598 3950 ipse

2033 3988 2199 4043 etiam
2234 3985 2483 4040 Christus
2518 3994 2746 4050 regnum
2788 3976 2884 4033 Dei
2915 3976 3212 4046 praedicare
3254 3973 3442 4042 coepit.
3489 3969 3601 4024 Sed

2034 4078 2179 4147 quod
2220 4076 2363 4129 inter
2403 4069 2810 4141 praadieandum
2844 4082 2953 4121 non
2985 4065 3302 4135 frequenter
3327 4062 3602 4118 exclama-

2034 4169 2215 4225 verit:
2240 4168 2353 4236 Ego
2387 4165 2529 4218 Deus
2560 4176 2682 4216 sum
2709 4160 2804 4229 qui
2835 4159 3118 4216 vobiscum
3151 4157 3369 4228 loquor,
3407 4167 3599 4209 verum

2036 4268 2153 4313 est:
2182 4254 2647 4327 quemadmodum
2684 4266 2788 4307 nec
2817 4266 2913 4305 rex
2952 4248 3317 4306 obambulans
3352 4246 3555 4300 clamat
3584 4261 3599 4298 :

2036 4349 2150 4419 Ego
2193 4362 2288 4401 rex
2348 4360 2511 4410 sum;
2550 4351 2927 4398 verumtamen
2971 4357 3039 4396 ex
3091 4335 3493 4409 magniﬁcentia
3550 4339 3607 4388 et

369 4446 453 4499 ὃτι
477 4443 620 4512 Ἐγώ
648 4443 763 4511 εἰμι
786 4442 813 4492 6
836 4436 1111 4508 βασιλεὺς,
1135 4433 1253 4487 ἀλλ’
1280 4431 1385 4485 ἀπὸ
1406 4429 1498 4483 τοῦ
1526 4428 1811 4497 μεγαλείου
1839 4429 1922 4480 καῖ

2040 4438 2210 4507 gloria
2261 4433 2604 4490 auctoritatis
2648 4442 2703 4487 et
2730 4432 2989 4502 potentia
3027 4430 3177 4485 illius
3206 4443 3399 4483 omnes
3458 4426 3607 4479 hunc

371 4541 470 4607 τῆς
503 4537 661 4604 δόξης
695 4533 795 4601 τῆς
824 4527 990 4583 αὐτοῦ
1023 4524 1270 4593 ἐξουσίας
1296 4524 1389 4576 καὶ
1423 4521 1707 4590 δυνάμεως
1734 4520 1935 4584 πάντες

372 4631 562 4685 τοῦτον
590 4626 962 4697 διακρίνουσιν
1012 4620 1120 4674 ἀπὸ
1167 4616 1272 4671 τῶν
1320 4614 1523 4670 δούλων
1554 4612 1718 4666 αὑτοῦ
1745 4627 1759 4644 ο
1792 4610 1937 4665 οὕτω

375 4727 470 4778 καὶ
496 4724 587 4775 ἐπὶ
612 4721 707 4773 τοῦ
742 4713 1007 4785 Χριστοῦ.
1044 4712 1163 4766 Κᾶν
1213 4709 1308 4761 καὶ
1336 4707 1415 4776 τῷ
1449 4705 1678 4773 στόματι
1729 4702 1938 4773 συχνῶς

375 4817 477 4868 οὐκ
502 4812 689 4879 ἔλεγεν
720 4808 801 4862 ὅτι
845 4803 988 4873 Ἐγώ
1018 4803 1132 4871 εἰμι
1173 4802 1201 4853 6
1239 4798 1391 4863 Θεὸς,
1438 4795 1577 4848 ἀλλά
1614 4810 1677 4862 γε
1714 4796 1826 4856 τοῖς
1854 4792 1941 4863 ἔρ-

377 4926 496 4976 γοις
532 4905 694 4959 τοῦτο
747 4900 1037 4954 ἐδείκνυεν.
1076 4890 1216 4946 ⁹Λ·λλ’
1243 4892 1391 4960 ὅμως
1425 4888 1526 4941 οὐκ
1561 4886 1801 4957 ἔκρυπτε
1844 4884 1941 4954 τὴν

380 4974 548 5056 αὑτοῦ
579 4994 835 5063 θεότητα,
888 4986 1008 5042 οὐδὲ
1059 4984 1150 5037 τὸν
1197 4979 1365 5036 αὑτοῦ
1401 4979 1620 5048 Πατέρα
1666 4976 1761 5029 καὶ
1791 4974 1945 5035 Θεὸν,

380 5092 500 5146 οὐδὲ
525 5062 735 5143 ἐκώλυε
760 5084 886 5144 τοὺς
912 5077 1073 5135 αὐτὸν
1093 5070 1507 5145 ὡμολογοῦντας
1539 5067 1671 5121 Θεὸν
1696 5067 1787 5119 καὶ
1809 5062 1945 5117 Θεοῦ

382 5182 537 5237 Υίόν.
579 5177 641 5231 '0
674 5178 781 5246 γὰρ
813 5168 1109 5239 Ναθαναὴλ
1159 5166 1329 5220 εἰπὼν
1372 5164 1454 5216 ὅτι
1507 5179 1525 5212 ι
1572 5160 1644 5213 Σὺ
1677 5156 1727 5211 εί
1765 5160 1791 5210 6
1820 5156 1947 5219 Υἱὸς

383 5270 476 5327 τοῦ
501 5268 659 5332 Θεοῦ,
690 5268 755 5320 σὺ
787 5262 837 5318 εί
871 5265 899 5317 6
931 5260 1183 5333 βασιλεὺς
1223 5257 1316 5311 τοῦ
1366 5252 1604 5325 Ἰσραήλ,
1643 5271 1660 5323 ι
1690 5251 1789 5304 οὐκ
1820 5250 1949 5303 ἐπε-

381 5364 591 5438 τιμήθη
615 5362 809 5433 ὥσπερ
836 5361 884 5413 oi.
914 5361 973 5411 ὲν
1008 5352 1287 5423 Λυκαονία
1320 5348 1634 5421 βουλόμενοι
1666 5344 1949 5438 ὁμολογῆ-

386 5435 478 5513 σαι
506 5435 601 5510 τόν
628 5472 687 5510 τε
710 5451 923 5507 Παῦλον
956 5451 1048 5502 καὶ
1079 5444 1365 5516 Βαρνάϐαν
1408 5440 1585 5503 θεοὺς,
1625 5438 1723 5491 καὶ
1766 5435 1951 5489 θύσειν

384 5551 593 5620 αὐτοῖς,
613 5547 689 5614 ὡς
715 5547 877 5614 θεοῖς,
896 5538 1308 5612 ὲπετιμήθησαν
1332 5534 1463 5605 παρ’
1488 5529 1669 5587 αὐτῶν
1686 5528 1949 5581 εἰπόντων

2043 4545 2074 4585 a
2114 4528 2288 4583 servis
2312 4532 2543 4596 possunt
2585 4523 2941 4578 discernere:
2992 4521 3074 4576 sic
3100 4520 3263 4574 etiam
3303 4518 3359 4572 in
3390 4516 3610 4571 Christo

2044 4619 2127 4673 ﬁt.
2164 4614 2423 4685 Quamvis
2453 4613 2599 4669 enim
2625 4628 2718 4668 ore
2752 4626 2855 4666 suo
2882 4626 2989 4664 non
3017 4609 3339 4678 frequenter
3365 4605 3565 4661 dixerit
3590 4621 3605 4659 :

2043 4713 2156 4783 Ego
2182 4711 2328 4765 Detts
2359 4724 2506 4773 sum,
2540 4704 2806 4776 operibus
2847 4712 3026 4757 tamen
3057 4700 3163 4755 hoc
3200 4700 3345 4754 idem
3377 4698 3609 4751 do.non-

2041 4803 2255 4861 stravit.
2306 4801 2494 4870 Neque
2532 4808 2712 4852 tamen
2758 4809 2912 4849 suam
2963 4792 3306 4847 divinitatem
3342 4786 3607 4849 occuluit,

2043 4909 2223 4965 neque
2262 4893 2427 4948 etiam
2461 4890 2629 4944 Deum
2668 4888 2885 4941 Patrem
2928 4898 3123 4938 suum:
3158 4895 3260 4935 nec
3288 4880 3455 4933 etiam
3489 4877 3610 4930 illos

2045 4985 2306 5046 inhibuit,
2349 4983 2442 5052 qui
2488 4996 2545 5035 se
2572 4988 2629 5034 et
2662 4979 2830 5033 Deum
2857 4990 2998 5039 esse,
3037 4984 3092 5027 et
3120 4974 3212 5027 Dei
3250 4970 3448 5025 Filium
3480 4984 3611 5023 con-

2046 5074 2173 5129 fessi
2209 5079 2358 5127 sunt.
2386 5065 2676 5124 Nathaniel
2720 5063 2870 5118 enim
2899 5061 3126 5115 dicens:
3160 5075 3181 5109 ι
3219 5058 3299 5112 Tu
3331 5070 3393 5111 es
3440 5053 3612 5109 Filius

2045 5166 2166 5232 Dei,
2206 5174 2261 5218 tu
2307 5177 2369 5217 es
2418 5174 2513 5213 rex
2549 5155 2765 5211 lsraclis
2794 5155 2896 5219 ",i
2928 5167 3040 5206 non
3088 5148 3459 5219 reprehensus
3506 5154 3614 5210 est,

2049 5264 2110 5312 ut
2142 5253 2198 5308 hi
2228 5250 2320 5322 qui
2346 5246 2631 5321 Lycaonia:
2656 5242 2884 5299 Paulum
2914 5251 2975 5296 et
2990 5239 3296 5295 Barnabam
3326 5237 3461 5291 deos
3490 5249 3614 5289 esse

2048 5342 2403 5405 sentiebant,
2467 5338 2717 5407 ipsisque
2758 5343 3014 5403 tanquam
3077 5330 3185 5385 diis
3241 5323 3611 5389 sacriﬁcaturi

2050 5442 2229 5497 erant,
2276 5428 2544 5499 increpati
2591 5432 2722 5482 sunt
2767 5425 2836 5479 ab
2878 5423 3012 5494 ipsis
3054 5418 3406 5476 dicentibus:
3443 5434 3462 5467 ι
3506 5415 3614 5469 De-

2052 5524 2229 5581 sistite
2278 5536 2309 5579 a
2353 5535 2412 5576 re
2460 5526 2570 5576 tam
2619 5515 2855 5575 absurda
2879 5556 2897 5585 ,
2946 5528 3048 5571 nos
3099 5511 3304 5570 etenim
3351 5507 3611 5569 homines

457 5712 505 5745 τ’
546 5708 703 5765 Joan.
746 5718 840 5759 vm
866 5743 881 5772 ,
921 5700 1008 5757 12.
1084 5697 1126 5730 τι
1167 5692 1310 5752 Psai.
1353 5704 1495 5756 cm,
1534 5686 1590 5740 2.
1667 5686 1712 5717 ⁷³
1752 5681 1905 5738 Joan.
1948 5694 1988 5745 ι,
2029 5678 2118 5734 49.
