3928 6212
361 265 465 330 663

1539 259 1854 349 tonsus
1886 259 2406 322 CAN'I‘ACUZENI

3493 255 3593 316 (64

357 389 551 429 sumus
582 372 776 428 iisdem
824 371 1027 442 quibus
1069 379 1118 424 et
1162 384 1258 424 vos
1291 369 1470 424 malis
1513 371 1778 435 obnoxii;
1823 391 1839 422 ι
1876 381 1931 426 et

2061 396 2112 431 τι
2145 398 2163 430 ι
2199 378 2485 433 Παύσασθε
2519 378 2610 432 τοῦ
2644 379 3017 448 ἁτοπήματος,
3046 378 3130 430 ὅτι
3178 375 3269 429 καὶ
3314 377 3473 446 ἡμεῖς
3504 379 3593 430 ἇν-

354 467 673 537 priusquam
705 451 1083 532 loquerentur,
1120 460 1448 515 vestimenta
1481 461 1578 516 Sua
1619 462 1924 516 dilaniave-

355 569 488 614 runt
520 558 586 612 ⁷³.
612 558 812 612 Verum
845 555 1186 610 Nathanielis
1213 555 1486 611 confessio
1511 566 1726 626 recepta
1760 548 1925 611 simul

297 685 304 694 ι
361 662 415 705 et
449 649 667 705 laudata
701 657 804 702 est.
837 647 1038 700 Adhasc
1084 646 1314 700 Domino
1355 647 1654 716 discipulos
1691 663 1820 702 suos
1849 648 1929 702 itt-

361 747 710 809 terrogante:
756 755 773 787 t
811 736 1114 801 Quemnam
1167 751 1252 790 me
1289 737 1485 790 "dicunt
1529 739 1777 793 homines
1810 754 1928 793 esse

367 831 560 884 Filium
603 827 884 882 hominis?
924 846 941 878 ι
971 843 1093 882 eum
1131 843 1237 880 non
1267 843 1408 896 opus
1442 829 1668 884 haberet
1702 831 1816 885 ha2c
1849 832 1930 884 iu-

363 933 667 982 terrogare,
703 919 798 988 qui
831 919 1012 972 omnia
1055 919 1372 987 priusquam
1409 920 1508 987 ipsi
1552 935 1929 986 nascerentur,

356 1014 468 1083 jam
515 1019 642 1066 ante
689 1021 953 1073 noverat,
997 1011 1090 1065 sed
1136 1026 1260 1065 cum
1305 1012 1426 1066 illus
1466 1013 1518 1065 i‘n
1555 1014 1929 1068 sublimiorem

369 1104 740 1174 cognitionem
792 1103 957 1157 vellet
1003 1103 1282 1167 inducere,
1328 1103 1716 1175 disripulisque
1758 1107 1934 1162 varias

366 1197 602 1250 aliorum
653 1195 957 1249 sententias
1004 1194 1072 1248 de
1123 1196 1216 1248 illo
1259 1197 1686 1263 exponentibus,
1742 1198 1933 1252 Petrus

368 1288 535 1341 etiam
578 1285 866 1356 adjicieus,
925 1304 942 1336 ι
979 1285 1166 1341 Τιι“ο8
1199 1286 1451 1342 Christus
1501 1289 1669 1342 Filius
1718 1291 1808 1344 Dei
1855 1292 1936 1344 vi-

369 1377 569 1443 ventis,
604 1395 623 1428 ι
669 1392 777 1430 non
807 1377 1015 1432 audivit
1043 1393 1072 1432 a
1097 1378 1336 1443 Christo,
1361 1379 1546 1444 Erras,
1582 1397 1614 1434 o
1643 1383 1797 1437 Petro
1824 1400 1836 1447 ;
1871 1400 1937 1436 ne

367 1482 542 1530 erres,
590 1468 847 1538 tuagismr
885 1471 1031 1524 cnim
1091 1481 1217 1526 tuus
1261 1488 1400 1533 sum.
1448 1473 1663 1526 audiet
1705 1489 1938 1541 agnosce

369 1561 655 1615 veritatem
695 1576 818 1615 cum
865 1562 1124 1616 omnibus
1154 1562 1266 1617 his:
1304 1579 1411 1617 non
1444 1580 1562 1617 sum
1604 1564 1772 1620 Filius
1818 1567 1936 1630 Dei,

370 1653 711 1721 impossibile
758 1654 902 1709 enim
943 1664 1027 1709 est
1065 1665 1123 1709 ut
1166 1655 1310 1710 Deus
1361 1657 1529 1730 lilium
1566 1657 1779 1712 habeat.
1833 1657 1937 1713 Sed

373 1747 551 1813 quid?
602 1748 742 1802 Dicit
773 1748 847 1802 illi
901 1736 1155 1803 Christus
1200 1768 1213 1802 :
1253 1768 1269 1800 ι
1300 1750 1500 1804 Beatus
1531 1767 1590 1805 es
1621 1750 1830 1817 Simon,
1869 1752 1940 1806 lili

370 1837 508 1892 Jona
537 1854 552 1896 :
585 1839 842 1908 quoniam
870 1853 1002 1893 caro
1040 1850 1094 1894 et
1119 1841 1343 1910 sanguis
1376 1857 1482 1894 non
1530 1843 1788 1896 revelavit
1825 1843 1942 1907 tibi,

371 1927 464 1981 sed
497 1928 656 1982 Pater
703 1944 858 1984 meus
907 1930 999 1998 (lui
1045 1929 1098 1984 in
1143 1931 1296 1986 coalis
1328 1941 1414 1986 est
1441 1933 1507 1996 “,
1545 1952 1561 1982 ι
1617 1930 1948 1987 confirmans

373 2019 599 2074 omnino
639 2021 786 2076 illius
824 2036 1157 2075 sermonem.
1195 2022 1249 2075 lu
1288 2023 1516 2089 gratiam
1561 2038 1688 2076 vero
1725 2033 1776 2076 et
1807 2039 1948 2094 prae-

372 2109 542 2162 mium
607 2125 750 2164 verae
802 2119 856 2164 et
906 2111 1226 2165 indubitata:
1268 2113 1626 2167 confessionis
1676 2113 1827 2167 dedit
1875 2112 1953 2190 illi

374 2200 556 2255 claves
608 2201 758 2272 regni
801 2202 1094 2258 ccelorum.
1157 2204 1292 2266 Item
1337 2216 1528 2259 octavo
1580 2213 1704 2274 post
1747 2203 1948 2260 Christi

377 2292 841 2348 resurrectionem
895 2293 1009 2358 die,
1059 2309 1183 2348 cum
1231 2293 1469 2350 Thomas
1511 2294 1713 2350 Christi
1759 2311 1952 2351 manus

375 2379 630 2450 latusque
659 2384 1136 2451 eontrectavisset,
1171 2395 1226 2457 et
1263 2386 1608 2456 cognovisset
1655 2388 1952 2443 huncsine

377 2471 524 2526 omni
557 2475 1122 2530 .controversia'esse
1181 2475 1484 2542 Christum,
1538 2477 1706 2531 altum
1776 2478 1955 2532 excla-

381 2563 588 2618 mavit:
631 2581 650 2614 ι
703 2565 968 2621 Dominus
993 2582 1184 2631 meus,
1213 2567 1358 2622 Deus
1389 2582 1559 2622 meus.
1593 2587 1612 2620 ι
1649 2569 1788 2634 Quid
1822 2585 1955 2626 vero

378 2651 632 2707 Christus
650 2653 722 2707 ad
744 2654 1057 2709 Thomam?
1096 2675 1113 2707 ι
1145 2655 1414 2721 Quoniam
1444 2657 1629 2712 vidisti
1661 2659 1958 2721 me,eredi—

381 2741 532 2797 disti.
579 2742 730 2798 Beati
776 2743 872 2813 qui
922 2759 1030 2798 non
1077 2745 1286 2810 vident,
1331 2755 1389 2800 et
1434 2747 1668 2802 credunt
1715 2749 1785 2801 π.
1827 2767 1844 2798 ι
1892 2748 1958 2802 Ει

383 2834 502 2889 hmo
550 2833 768 2903 quidem
814 2834 892 2890 illi
947 2835 1315 2891 tradiderunt.
1369 2837 1662 2893 Videamus
1711 2854 1843 2893 vero
1893 2855 1958 2895 ea

385 2940 509 2995 qua:
557 2926 813 2983 Christus
865 2928 932 2982 de
963 2929 1148 2998 seipso
1195 2929 1444 2999 protulit.
1499 2947 1516 2980 ι
1571 2928 1740 2984 Amen
1786 2929 1958 2985 Amen

2032 469 2240 540 θρωποι
2291 470 2641 540 ὁμοιοπαθεῖς
2676 471 2804 539 ὑμῖν
2859 472 3049 540 ἐσμεν,
3098 488 3114 520 ι
3152 469 3254 539 πρὸ
3281 470 3393 519 τῶν
3425 468 3596 535 λόγων

2030 561 2440 631 διαρῤηξάντων
2470 562 2536 614 τὰ
2573 562 2766 630 ἱμάτια
2790 561 2985 614 αὐτῶν.
3010 560 3172 613 Ἀλλὰ
3202 559 3540 628 προσεδέχθη
3567 561 3596 626 ἡ

2029 653 2123 706 τοῦ
2160 653 2451 714 Ναθαναὴλ
2490 653 2770 721 ὁμολογία,
2807 655 2903 704 καὶ
2937 651 3201 720 ἐπῃνέθη.
3225 652 3347 702 Ἔτι
3370 650 3465 700 τοῦ
3495 651 3598 701 Ku-

2036 744 2152 812 ρίου
2189 744 2569 813 ἐρωτήσαντος
2613 742 2740 804 τοὺς
2780 741 2940 804 ἰδίους
2979 741 3247 811 μαθητὰς,
3285 759 3304 792 t
3361 737 3495 792 Τίνα
3535 759 3594 802 με

2031 835 2280 904 λέγουσιν
2300 837 2346 887 oi
2372 834 2644 903 ἅνθρωποι
2680 829 2817 888 εἶναι
2845 832 2937 885 τὸν
2955 833 3069 884 υἱδν
3097 829 3192 884 τοῦ
3220 830 3509 900 ἀνθρώπου
3533 848 3546 894 ;
3575 851 3590 880 ι

2033 930 2130 997 οὐχ
2154 927 2227 991 ῶς
2255 911 2440 996 χρείαν
2472 926 2688 995 ἔχοντος
2726 924 2936 995 ἐρωτᾷν
2965 924 3059 975 τοῦ
3085 922 3153 975 τά
3185 922 3365 975 πάντα.
3401 922 3597 982 εἰδότος

2036 1021 2164 1088 πρὶν
2227 1017 2493 1082 γενέσεως
2533 1016 2737 1080 αὐτῶν,
2774 1014 2888 1067 ἀλλ’
2934 1013 3230 1080 ἀνάγοντος
3265 1011 3463 1072 αὐτοὺς
3515 1011 3600 1060 ἐπὶ

2036 1113 2095 1163 τὸ
2124 1110 2472 1180 ὑψηλότερον,
2513 1109 2608 1160 καὶ
2637 1107 2904 1175 λεγόντων
2934 1106 3040 1157 τῶν
3070 1102 3330 1174 μαθητῶν
3355 1101 3490 1172 πρὸς
3516 1103 3601 1153 τὸν

2036 1201 2272 1271 Χριστὸν
2302 1203 2400 1262 τὰς
2454 1199 2563 1254 τῶν
2622 1198 2835 1251 πολλῶν
2870 1198 2998 1268 περὶ
3045 1195 3210 1249 αὐτοῦ
3242 1194 3425 1258 δόξας,
3453 1194 3545 1246 καὶ
3579 1196 3603 1244 ό

2039 1297 2245 1366 Πέτρος
2276 1293 2446 1347 είπὼν
2477 1295 2559 1346 ὅτι
2598 1312 2614 1344 ι
2648 1292 2720 1344 Σὺ
2755 1289 2803 1344 εἴ
2841 1293 2868 1344 6
2893 1289 3122 1360 Χριστὸς
3148 1290 3176 1340 6
3207 1287 3334 1350 Υἱὸς
3366 1285 3458 1339 τοῦ
3476 1285 3601 1338 Θεοῦ

2039 1385 2133 1438 τοῦ
2175 1385 2397 1448 ζῶντος,
2443 1403 2459 1435 ι
2491 1383 2590 1436 οὐκ
2642 1383 2842 1452 ἤκουσε
2893 1380 3042 1448 παρὰ
3095 1377 3189 1432 τοῦ
3236 1376 3479 1443 Χριστοῦ
3528 1375 3602 1427 ὅτι

2041 1476 2278 1548 Σᾳάλλῃ,
2307 1476 2499 1542 Πέτρε,
2539 1472 2736 1542 μηκέτ-ι
2763 1471 2969 1534 πλανῶ,
3000 1466 3324 1530 διδάσκαλός
3353 1471 3445 1518 σου
3474 1467 3602 1532 εἰμι.

2046 1570 2313 1623 Ἀκουσον
2341 1568 2434 1622 καὶ⁸
2466 1566 2634 1636 γνῶθι
2664 1564 2761 1635 τὴν
2787 1563 3044 1631 ἀλήθειαν
3083 1561 3146 1614 σύ
3171 1578 3229 1612 τε
3263 1561 3360 1614 καί
3391 1558 3604 1619 πάντες.

2046 1661 2158 1713 Οὐκ
2194 1659 2308 1728 είμὶ
2341 1656 2451 1726 ἐγὼ
2481 1660 2507 1710 6
2541 1658 2667 1720 Υίδς
2707 1655 2798 1708 τοῦ
2830 1653 2987 1713 Θεοῦ,
3017 1653 3076 1705 οὑ
3103 1653 3213 1721 γάρ
3252 1654 3369 1704 ἐστι
3396 1651 3606 1703 δυνατὸν

2049 1754 2165 1806 υἱὸν
2199 1750 2342 1822 ἔχειν
2382 1751 2474 1802 τὸν
2515 1749 2669 1802 Θεόν.
2713 1745 2873 1800 Ἀλλὰ
2927 1745 3014 1809 τί;
3073 1744 3240 1812 Λέγει
3279 1745 3308 1795 6
3365 1742 3606 1811 Χριστδε,

2056 1863 2074 1896 ι
2110 1843 2394 1911 Μακάριος
2433 1836 2500 1905 ei,
2529 1841 2711 1909 Σίμων
2750 1838 2833 1891 uls
2860 1836 2953 1889 τοῦ
2998 1837 3174 1902 Ἰωνᾶ,
3217 1839 3307 1890 ὅτι
3344 1836 3478 1906 σὰρξ
3525 1837 3609 1889 καὶ

2049 1933 2189 2008 αἷμα
2211 1936 2311 1988 οὐκ
2343 1931 2657 2002 ἀπεκάλυψέ
2691 1949 2793 1994 σοι,
2819 1929 2934 1984 ἀλλ’
2965 1934 2991 1982 6
3017 1929 3209 1999 Πατήρ
3229 1946 3349 1998 -μου
3371 1929 3398 1980 ό
3431 1931 3486 1980 ἐν
3508 1930 3611 1989 τοῖς

2047 2028 2319 2094 οὐρανοῖς,
2351 2044 2370 2077 ι
2401 2020 2625 2086 ’πάντως
2679 2021 2769 2075 τὸν
2819 2020 3028 2074 ἐκείνου
3083 2020 3241 2087 λόγον
3298 2019 3560 2089 στηρίζων
3593 2035 3604 2048 ·

2051 2119 2350 2189 ἀντίχαρινί
2392 2117 2448 2169 δὲ
2496 2117 2591 2168 καὶ
2644 2113 2835 2184 μισθὸν
2888 2114 2988 2182 τῆς
3017 2104 3188 2182 όρθῆς
3217 2113 3319 2164 καὶ
3353 2110 3611 2172 ἀπλανοῦς

2050 2207 2342 2276 ὁμολογίας
2386 2203 2619 2257 δέδωκεν
2666 2201 2814 2270 αὐτῷ
2851 2201 2948 2262 τὰς
2997 2200 3144 2262 κλεῖς
3187 2199 3292 2269 τῆς
3351 2198 3612 2270 βασιλείας

2051 2299 2160 2351 τῶν
2190 2295 2458 2365 οὐρανῶν.
2492 2295 2615 2347 Ἐτι
2645 2296 2711 2364 τῇ
2743 2292 2903 2363 ὀγδόῃ
2925 2292 3108 2362 ἡμέρᾳ
3133 2293 3234 2360 τῆς
3271 2290 3367 2343 τοῦ
3392 2288 3612 2361 Χριστοῦ

2054 2389 2405 2449 ἀναστάσεως
2443 2387 2470 2439 6
2503 2383 2704 2454 Θωμᾶς
2756 2382 3087 2452 ψηλαφήσας
3126 2382 3223 2452 τὴν
3286 2381 3383 2434 τοῦ
3421 2380 3611 2450 Κυρίου

2057 2480 2298 2550 πλευρὰν
2328 2477 2424 2532 καὶ
2455 2477 2554 2539 τὰς
2585 2477 2794 2546 χεῖρας,
2824 2475 2922 2528 καὶ
2970 2474 3133 2541 γνοὺς
3166 2475 3250 2526 δτι
3291 2473 3420 2527 ἄνευ
3453 2473 3612 2539 πάσης

2055 2572 2365 2638 ἀντιλογίας
2395 2569 2556 2632 αὑτός
2589 2570 2734 2620 ἐστιν
2778 2567 2806 2620 6
2837 2567 3092 2638 Χριστὸς,
3130 2567 3282 2636 μέγα
3314 2565 3610 2634 ἀνεϐόησεν,

2065 2686 2083 2719 ι
2124 2669 2183 2719 '0
2215 2665 2416 2736 Κύριός
2444 2682 2569 2735 μου,
2603 2662 2696 2716 καὶ
2718 2664 2744 2714 6
2773 2662 2904 2725 Θεός
2932 2677 3053 2730 μου.
3094 2678 3112 2710 ι
3150 2661 3214 2711 Τί
3251 2660 3311 2712 δὲ
3346 2661 3372 2712 6
3400 2658 3614 2728 Χριστὸς

2057 2759 2136 2827 τῷ
2165 2759 2369 2829 Θωμᾷς
2429 2775 2447 2808 ι
2483 2753 2609 2810 Ὅτι
2663 2753 2914 2820 ἑώρακάς
2961 2768 3047 2822 με,
3078 2750 3477 2812 πεπίστευκας.
3507 2748 3612 2801 Μα-

2059 2851 2242 2918 κάριοι
2297 2849 2346 2900 οἱ
2389 2846 2466 2916 μὴ
2529 2846 2748 2906 ἰδόντες,
2790 2843 2885 2896 καὶ
2945 2843 3374 2905 πιστεύσαντες.
3448 2859 3465 2891 ι
3518 2840 3613 2892 Καὶ

2061 2941 2233 2995 ταῦτα
2270 2939 2366 3010 μὲν
2394 2937 2854 3004 ὲκεῖνοι.ἰδωμεν
2883 2935 2937 2988 δὲ
2968 2935 3060 2988 καὶ
3090 2934 3157 2987 τά
3189 2935 3348 3002 παρᾶ
3379 2933 3466 2986 τοῦ
3496 2933 3614 3000 X9:-

385 3017 523 3072 dico.
551 3017 724 3082 vobis,
753 3018 953 3088 inquit,
991 3020 1141 3074 venit
1175 3021 1307 3074 hora
1337 3031 1391 3074 et
1424 3035 1568 3076 nunc
1593 3028 1697 3083 est,
1732 3023 1950 3090 quando

2061 3029 2186 3080 στοῦ
2227 3029 2304 3089 εἰς
2369 3024 2531 3078 αὑτὸν
2587 3022 2869 3092 λεχθέντα.
2925 3040 2942 3072 ι
2983 3020 3157 3092 Ἀμὴν
3192 3022 3371 3090 ἀμὴν,
3409 3039 3426 3072 ι
3475 3017 3612 3088 φησὶ,

386 3108 590 3164 mortui
623 3110 848 3165 audient
878 3126 1066 3166 vocem
1111 3111 1232 3166 Filii
1265 3111 1379 3177 Dei,
1425 3123 1479 3167 et
1507 3113 1598 3182 qui
1626 3113 1956 3179 audiverim,

388 3199 592 3255 vivent.
645 3201 818 3257 Sicuti
863 3195 1010 3257 enim
1049 3203 1211 3258 Pater
1249 3204 1418 3258 vitam
1469 3191 1633 3258 habet
1675 3206 1725 3258 iu
1758 3206 1958 3274 seipso,

375 3283 473 3347 'sie
509 3291 674 3348 etiam
720 3293 860 3348 Filio
892 3294 1066 3360 dedit,
1109 3305 1168 3351 ut
1202 3297 1366 3350 vitam
1418 3296 1614 3351 habeat
1662 3298 1717 3350 in
1760 3299 1958 3369 seipso.

390 3383 459 3437 Et
502 3391 827 3452 potestatem
884 3386 1038 3441 dedit
1069 3386 1145 3441 illi
1184 3397 1240 3442 ut
1289 3389 1451 3442 faciat
1494 3389 1778 3459 judicium,
1835 3391 1963 3459 quia

391 3471 566 3528 Filius
597 3475 834 3529 hominis
864 3486 949 3530 est
978 3478 1047 3531 ⁷⁸.
1085 3495 1104 3529 ι
1140 3479 1217 3532 Ne
1250 3478 1520 3532 miremini
1575 3479 1727 3542 illud,
1769 3499 1788 3530 ι
1825 3494 1964 3548 quo-

391 3566 541 3620 niam
591 3567 774 3621 veniet
811 3567 969 3632 hora,
1017 3570 1238 3639 quando
1283 3585 1474 3626 omnes
1517 3571 1610 3639 qui
1664 3570 1714 3624 in
1767 3586 1962 3625 monu-

394 3655 596 3710 mentis
641 3666 790 3723 sunt,
825 3658 1051 3713 audient
1081 3675 1270 3714 vocem
1315 3661 1472 3730 ejus;
1519 3669 1575 3714 et
1614 3661 1966 3730 egredieutur

397 3747 452 3800 hi
487 3746 707 3817 quidem
753 3750 845 3817 qtti
893 3749 1037 3803 bona
1090 3749 1341 3804 fecerunt
1401 3752 1467 3805 ad
1509 3753 1965 3806 resurrectionem

400 3839 566 3904 vitat;
613 3840 708 3909 qui
752 3857 886 3894 vero
918 3841 1058 3895 mala
1087 3842 1292 3910 operati
1331 3852 1480 3904 sunt,
1525 3844 1578 3896 in
1614 3844 1966 3898 resurrectio-

400 3947 522 3986 nem
565 3932 780 4004 judicii.
825 3951 844 3985 ι
902 3933 966 3987 Et
1019 3949 1279 3988 rursum:
1331 3954 1376 3990 ι,
1405 3933 1575 3988 Amen
1633 3951 1790 3990 amen
1844 3935 1968 3990 dico

402 4023 577 4090 vobis,
613 4024 705 4092 qui
737 4024 912 4077 credit
945 4024 1001 4077 in
1030 4039 1139 4090 me,
1168 4025 1332 4080 habet
1359 4027 1523 4079 vitam
1553 4037 1812 4082 mternam
1839 4030 1908 4082 ’⁷.
1946 4049 1963 4081 ι

401 4115 542 4181 Quid
573 4117 730 4171 vobis
759 4115 1026 4173 videtur?
1065 4118 1205 4173 Num
1256 4119 1509 4175 Christus
1544 4137 1601 4176 se
1635 4121 1804 4177 Deum
1837 4123 1970 4180 dicit

401 4217 457 4262 et
501 4207 595 4263 Dei
631 4207 851 4274 Filium,
899 4225 964 4264 an
998 4212 1152 4266 non?
1199 4209 1254 4265 ln
1299 4227 1366 4267 eo
1413 4222 1562 4269 certe
1603 4215 1747 4286 quod
1797 4217 1968 4272 dicit:

412 4317 430 4349 ι
464 4298 628 4355 Venit
663 4300 797 4354 hora
833 4301 1054 4370 quando
1088 4305 1291 4357 mortui
1339 4305 1566 4360 audient
1612 4322 1802 4362 vocem
1847 4309 1968 4363 Filii

2069 3134 2086 3166 ι
2123 3115 2265 3178 λέγω
2294 3115 2421 3184 ὑμῖν
2461 3113 2543 3165 ὅτι
2574 3111 2790 3180 ἔρχεται
2823 3109 2962 3178 ὥρα,
2990 3109 3088 3161 καὶ
3131 3107 3226 3160 νῦν
3268 3109 3442 3169 ἐστιν,
3471 3108 3549 3159 ὅτε
3570 3104 3612 3155 οἱ

2061 3209 2246 3277 νεκροὶ
2277 3203 2601 3258 ἀκούσονται
2650 3201 2748 3269 τῆς
2788 3201 2973 3268 φωνῆς
3020 3199 3114 3251 τοῦ
3150 3197 3288 3251 Υἱοῦ
3348 3195 3440 3250 τοῦ
3471 3192 3612 3257 Θεοῦ,

2063 3300 2156 3354 καὶ
2192 3299 2242 3350 oi
2290 3295 2623 3355 ἀκούσαντες
2659 3292 2935 3361 ζήσονται.
2964 3289 3177 3360 Ὥσπερ
3226 3289 3344 3358 γὰρ
3385 3289 3413 3341 6
3447 3286 3615 3354 Πατὴρ

2063 3391 2176 3460 ἔχει
2213 3386 2358 3458 ζωὴν
2397 3388 2452 3438 ὲν
2487 3384 2685 3452 ἑαυτῷ,
2710 3381 2878 3444 οὕτως
2914 3381 3079 3434 ἔδωκε
3108 3383 3196 3434 καὶ
3225 3381 3312 3453 τῷ
3344 3380 3455 3450 Υίῷ
3479 3378 3609 3448 ζωὴν

2064 3482 2213 3552 ἔχειν
2249 3480 2307 3532 ὲν
2348 3475 2550 3546 ἑαυτῷ,
2589 3476 2681 3527 καὶ
2704 3473 2952 3537 ἐξουσίαν
2981 3472 3179 3526 ἔδωκεν
3213 3471 3368 3543 αὑτῷ
3397 3474 3484 3526 καὶ
3511 3469 3614 3538 κρί-

2071 3590 2154 3625 σιν
2184 3572 2380 3629 ποιεῖν.
2419 3569 2500 3621 ὅτι
2533 3567 2664 3629 Υἱὸς
2700 3566 2992 3637 ἀνθρώπου
3027 3564 3162 3620 ὲστί.
3198 3564 3296 3636 Μὴ
3332 3561 3614 3632 θαυμάζετε

2065 3664 2242 3727 τοῦτο,
2275 3662 2353 3714 ὃτι
2380 3661 2599 3730 ἔρχεται
2629 3658 2750 3729 ῶρα
2782 3659 2839 3710 ὲν
2950 3658 3149 3719 πάντες
3180 3658 3230 3710 οἱ
3264 3659 3325 3711 ὲν
3351 3658 3460 3718 τοῖς
3490 3670 3614 3725 μνη-

2071 3757 2242 3828 μείοις
2281 3753 2609 3807 ἀκούσονται
2644 3752 2744 3820 τῆς
2776 3751 2960 3820 φωνῆς
3005 3750 3191 3814 αὑτοῦ,
3228 3751 3329 3804 καὶ
3376 3745 3617 3818 ὲκπορεύυ

2071 3865 2254 3902 σονται
2279 3849 2326 3900 οἱ
2351 3845 2419 3899 τά
2445 3845 2624 3914 ἀγαθὰ
2670 3843 2999 3913 ποιήσαντες
3032 3844 3110 3904 εἰς
3143 3842 3442 3896 ἀνάστασιν
3469 3839 3612 3906 ζωῆς,

2068 3941 2116 3992 οἱ
2146 3939 2201 3992 δὲ
2231 3938 2300 3991 τὰ
2331 3936 2510 4007 φαῦλα
2543 3935 2849 4005 πράξαντες
2881 3936 2960 3997 είς
2989 3934 3294 3987 ἀνάστασιν
3333 3931 3569 4003 κρίσεως.
3594 3946 3610 3977 ι

2070 4029 2178 4082 Καὶ
2219 4027 2400 4091 πάλιν,
2439 4045 2457 4077 ι
2509 4026 2681 4096 Ἀμὴν
2722 4023 2895 4095 Ἀμὴν
2937 4023 3079 4091 λέγω
3123 4024 3275 4093 ὑμῖν,
3311 4025 3339 4076 6
3369 4018 3616 4076 πιστεύων

2071 4119 2150 4178 είς
2182 4116 2280 4186 ἐμὲ
2335 4117 2442 4187 ἔχει
2497 4116 2640 4186 ζωὴν
2689 4116 2928 4170 αἰώνιον.
2971 4134 2989 4167 ι
3028 4116 3093 4168 Τί
3124 4115 3255 4183 γοῦν
3285 4116 3429 4169 δοκεῖ
3469 4113 3613 4182 ὒμῖνς

2069 4209 2220 4276 λέγει
2260 4210 2286 4260 6
2311 4208 2546 4276 Χριστὸς
2577 4208 2768 4260 ἑαυτὸν
2811 4206 2941 4260 Θεὸν
2993 4207 3088 4260 καὶ
3117 4205 3254 4260 Θεοῦ
3289 4207 3431 4271 Υίὸν,
3458 4205 3487 4274 ἢ
3525 4200 3612 4266 οὖ;

2074 4303 2297 4364 Πάντως
2345 4302 2401 4353 ὲν
2445 4299 2522 4368 τῷ
2546 4301 2753 4364 εἰπεῖν,
2797 4301 2880 4352 ὅτι
2915 4317 2934 4351 t
2976 4301 3237 4369 Ἔρχεται
3277 4299 3415 4367 ῶρα,
3450 4296 3530 4348 ὅτε
3572 4293 3614 4344 oi

405 4390 523 4452 Dei,
559 4408 578 4442 ι
610 4390 848 4444 ostendit
897 4392 1066 4446 Deum
1115 4392 1314 4448 habere
1355 4393 1574 4459 Filium,
1617 4397 1708 4465 qui
1747 4384 1828 4453 est
1857 4398 1955 4467 ipS(

2077 4392 2262 4460 νεκροὶ
2289 4390 2614 4443 ἀκούσονται
2641 4389 2739 4458 τῆς
2777 4389 2964 4458 φωνῆς
2996 4389 3090 4440 τοῦ
3118 4387 3248 4441 Υίοῦ
3295 4386 3386 4440 τοῦ
3413 4382 3556 4447 Θεοῦ,
3593 4397 3609 4430 ι

404 4483 678 4539 Christus.
733 4485 868 4538 lllttd
929 4502 1101 4541 vero:
1154 4505 1173 4538 ι
1225 4488 1464 4544 Audient
1511 4476 1722 4545 inortui
1781 4509 1969 4548 vocem

407 4576 544 4644 ejus,
575 4584 632 4629 et
675 4575 878 4639 vivent,
915 4594 933 4627 ι
969 4578 1208 4632 ostendit
1253 4593 1378 4632 eum
1414 4582 1701 4636 Dominum
1731 4599 1873 4650 esse,
1920 4595 1976 4641 et

410 4673 734 4734 potestatem
763 4667 965 4722 habere
1002 4670 1127 4724 vita:
1168 4677 1224 4724 et
1269 4669 1460 4726 ntortis
1498 4680 1552 4725 et
1587 4686 1733 4725 nunc
1757 4681 1812 4726 et
1835 4689 1974 4728 sem-

359 4805 366 4812 .
411 4771 528 4824 per.
571 4755 1038 4822 Quemadmodum
1079 4759 1225 4813 enim
1271 4759 1430 4813 Pater
1475 4760 1642 4815 vitam
1695 4760 1859 4816 habet
1919 4763 1971 4816 in

409 4850 613 4918 seipso,
649 4851 730 4905 sic
779 4860 849 4904 et
882 4849 1074 4906 Filius.
1108 4851 1244 4905 Cum
1295 4866 1428 4906 vero
1458 4852 1552 4913 ait,
1609 4871 1627 4903 ι
1674 4853 1740 4907 ad
1777 4853 1979 4910 facien-

412 4937 542 4991 dum
569 4939 855 5010 judicium,
897 4958 916 4990 ι
948 4940 1250 4994 secundum
1291 4938 1456 5009 hujus
1483 4941 1787 4996 adventum.
1815 4945 1982 5012 signi-

416 5027 616 5093 ﬁeavit,
666 5039 720 5084 et
760 5029 1029 5100 judicium
1086 5028 1232 5108 quood
1284 5031 1527 5084 facturus
1575 5039 1679 5096 est,
1724 5033 1984 5101 quemad-

415 5119 642 5174 modum
694 5120 751 5174 in
802 5122 1043 5175 secunda
1095 5119 1356 5190 Apologia
1403 5121 1710 5176 luculenter
1756 5124 1982 5178 demon-

416 5222 646 5266 stratum
688 5221 790 5268 est.
845 5212 922 5268 Eo
956 5223 1137 5268 autem
1172 5214 1318 5282 quod
1364 5213 1534 5268 dicit:
1576 5233 1594 5264 ‹
1632 5214 1768 5280 Quia
1809 5215 1980 5270 Filius

419 5303 657 5358 hominis
705 5312 826 5365 est;
903 5319 973 5359 ne
1046 5303 1318 5358 miremini
1381 5303 1505 5358 hoc.
1578 5304 1773 5359 Veniet
1833 5305 1975 5358 enim

418 5395 576 5457 hora,
606 5401 732 5466 “qua
799 5394 854 5448 hi
897 5395 989 5466 qui
1033 5395 1087 5448 in
1136 5393 1508 5448 monumentis
1556 5403 1703 5458 sunt,
1753 5394 1977 5448 audient

416 5501 606 5541 vocem
641 5488 789 5558 ejus,
829 5497 884 5542 et
928 5463 1153 5544 e'xibunt
1207 5486 1261 5540 in
1311 5486 1806 5550 resurrectionem,
1839 5486 1982 5554 judi-

499 5665 542 5696 "
582 5661 704 5718 Aet.
745 5678 853 5730 xiv,
880 5666 956 5721 Μ.
1039 5666 1083 5696 ⁷⁸
1123 5665 1313 5720 Matth.
1355 5681 1470 5730 XXI,
1506 5665 1570 5718 15
1602 5680 1754 5735 seqq.

761 5831 783 5863 Ι

2080 4483 2278 4547 ἔδειξεν
2305 4483 2384 4534 ὅτι
2418 4481 2531 4552 ἔχει
2558 4481 2586 4532 6
2621 4480 2753 4542 Θεὸς
2780 4479 2930 4544 Υἱδν,
2965 4480 3022 4542 ὃς
3056 4481 3203 4532 ἐστιν
3244 4479 3402 4539 αὐτὸς
3428 4476 3454 4527 6
3495 4474 3614 4542 Χρι-

2083 4574 2224 4636 στός.
2258 4573 2329 4625 Τὸ
2357 4573 2434 4636 δὲ,
2473 4590 2490 4622 ι
2515 4570 2865 4623 Ἀκούσονται
2896 4570 2944 4622 οἱ
2975 4570 3159 4638 νεκροὶ
3201 4569 3299 4638 τῆς
3334 4564 3508 4635 φωνῆς
3532 4558 3615 4612 αὖ·

2079 4665 2197 4725 τοῦ,
2235 4663 2327 4716 καὶ
2372 4663 2648 4729 ζήσονται,
2698 4661 2950 4726 »ἔδειξεν
2995 4660 3188 4712 ἑαυτὸν
3232 4657 3505 4723 δεσπότην,
3533 4651 3614 4703 καὶ

2081 4755 2332 4823 ἐξουσίαν
2361 4754 2550 4823 ἔχοντα
2580 4753 2726 4822 ζωῆς
2757 4754 2852 4806 καὶ
2907 4753 3142 4806 θανάτου
3179 4750 3272 4804 καὶ
3309 4747 3400 4801 νῦν
3428 4744 3513 4798 καὶ
3539 4737 3612 4792 ἀεί

2083 4864 2234 4900 ποτε.
2268 4846 2479 4915 Ὥσπερ
2531 4843 2640 4914 γὰρ
2675 4846 2702 4896 6
2753 4843 2948 4914 Πατὴρ
3007 4843 3151 4912 ζωὴν
3199 4841 3310 4912 ἔχει
3354 4841 3406 4892 ὲν
3434 4831 3608 4901 ἑαυτῷ,

2070 4936 2228 4989 ὀὕτω
2286 4939 2383 4989 καὶ
2432 4938 2459 4988 6
2511 4935 2660 4996 Υἱός.
2707 4935 2794 4986 Ἐν
2845 4934 2902 4986 δὲ
2928 4933 3008 5003 τῷ
3048 4935 3242 4995 εἰπεῖν,
3273 4950 3291 4982 ι
3332 4929 3416 4983 καὶ
3452 4925 3610 4992 κρίσιν

2081 5032 2278 5093 ποιεῖν,
2319 5047 2336 5078 ι
2382 5027 2552 5091 ἔδειξε
2588 5027 2686 5095 τὴν
2716 5026 2980 5095 δευτέραν
3011 5025 3176 5078 αὑτοῦ
3212 5019 3501 5093 παρουσίαν
3528 5013 3609 5067 καὶ

2080 5122 2283 5191 κρίσιν,
2319 5119 2384 5190 ἣν
2429 5119 2615 5187 μέλλει
2646 5119 2916 5185 ποιήσειν,
2958 5117 3032 5180 ὠς
3083 5116 3178 5171 καὶ
3213 5117 3270 5168 ὲν
3298 5115 3360 5183 τῇ
3409 5106 3607 5170 δευτέρᾳ

2083 5213 2349 5283 ἀπολογίᾳ
2403 5211 2614 5281 τρανῶς
2671 5209 3067 5264 ἀποδέδεικται.
3112 5209 3200 5273 Ἑν
3227 5207 3282 5261 δὲ
3320 5203 3390 5273 τῷ
3435 5197 3604 5256 εἰπεῖν.

2090 5325 2106 5356 ι
2143 5305 2224 5356 ὅτι
2259 5303 2386 5364 Υἱὸς
2419 5301 2705 5372 ἀνθρώπου
2733 5303 2871 5366 ἐστὶ,
2903 5301 2976 5372 μὴ
3005 5300 3307 5371 θαυμάζετε
3328 5293 3488 5348 τοῦτο.
3513 5283 3606 5339 Καὶ

2083 5396 2189 5466 γάρ
2219 5397 2436 5465 ἔρχεται
2481 5395 2619 5464 ὥρα,
2655 5397 2712 5447 ὲν
2829 5393 3150 5447 ἀκούσονται
3187 5393 3236 5445 οἱ
3266 5393 3318 5443 ἐν
3360 5385 3460 5444 τοῖς
3482 5391 3602 5466 μη·-

2089 5487 2282 5555 μείοις,
2315 5487 2409 5538 καὶ
2443 5483 2865 5554 ἐκπορεύσονται
2907 5483 2985 5546 εἰς
3015 5481 3305 5536 ἀνάστασιν
3331 5474 3418 5527 καὶ
3443 5463 3600 5536 κρίσιν

1836 5667 1903 5728 ,⁷⁵
1939 5665 2097 5721 Joan.
2129 5679 2215 5732 xx,
2261 5665 2353 5732 28,
2383 5664 2592 5741 29...."
2633 5645 2786 5722 ιὀαιι.
2830 5662 2995 5731 v,‘.’8,
3031 5662 3120 5720 29.
3197 5663 3239 5695 ⁷⁷
3265 5659 3405 5716 Joan.
3428 5662 3490 5713 γι,
3521 5641 3594 5697 Πο
