3928 6212
210 378 313 440 665

1163 350 1461 440 uONrnA
1512 380 1988 439 MAIIOMETEM
2033 383 2315 440 ORATIO
2350 382 2457 442 ιιι.

3331 381 3436 444 666

202 491 291 542 καὶ
318 487 694 552 ἀνταπόδοσιν,
729 507 747 539 ι
783 489 948 554 ἔδειξε
980 489 1078 559 μὲν
1102 490 1231 543 Θεὸν
1260 490 1469 553 ἑαυτὸν,
1499 488 1630 540 ἀλλὰ
1655 490 1747 539 καὶ
1782 530 1785 543 ι

1889 489 1991 540 ium
2027 500 2080 542 et
2112 490 2548 551 retributionem,
2578 507 2593 539 ι
2633 488 2871 556 seipsum
2904 488 3071 541 Deum
3106 503 3226 543 esse
3256 498 3441 545 osten-

202 580 501 649 ἄνθρωπον.
534 582 717 633 Ταῦτα
755 581 862 651 γὰρ
912 583 1087 637 πάντα
1116 581 1250 634 Θεοῦ
1290 582 1426 649 ἔργα
1473 580 1757 648 προδήλως

201 672 525 741 ὑπάρχουσι.
562 672 671 725 Καὶ
722 672 809 725 διὰ
848 672 1002 727 τοῦτο
1045 675 1076 743 ή
1130 675 1227 741 μὲν
1260 672 1465 743 παλαιά
1515 671 1761 738 θεολογία

202 738 466 829 καλεῖται,
494 763 569 825 ὡς
597 763 797 834 ἔχουσα
822 766 944 827 τοὺς
974 738 1075 817 τοῦ,
1098 738 1233 817 Θεοῦ
1265 738 1454 828 λόγους
1476 780 1491 795 ο
1526 765 1557 833 ἡ
1586 763 1641 815 δὲ
1667 763 1761 815 νέα

203 854 416 920 λέγεται
450 854 550 925 μὲν
572 858 668 907 καὶ
697 856 833 924 αὐτὴ
865 855 1131 922 θεολογία,
1161 855 1248 908 διὰ
1292 857 1353 909 τὸ
1384 856 1477 908 καὶ
1509 854 1681 922 αὐτὴν
1708 856 1763 906 ό-

205 948 372 1017 μοὶως
400 947 697 1017 κεκτῆσθαι
727 948 945 1011 αὐτοὺς,
974 947 1173 1018 ἐξόχως
1207 948 1261 1001 δὲ
1298 948 1556 1017 θεουργία
1580 946 1763 999 καλεῖ-

201 1057 306 1103 ται,
342 1040 479 1093 διότι
505 1039 540 1093 ἀ
567 1040 738 1093 πάλαι
760 1043 1024 1110 προεῖπον
1060 1043 1108 1093 οἱ
1144 1040 1443 1110 προφῆται,
1467 1039 1637 1091 ταῦτα
1663 1038 1761 1092 αὑν

202 1132 284 1194 τὸς
334 1132 365 1183 ὀ
397 1132 634 1195 Χριστὸς
674 1133 948 1201 ἐνήργησε
1000 1132 1093 1185 καὶ
1139 1133 1451 1201 ἐπλήρωσε,
1491 1133 1585 1184 καὶ
1625 1134 1765 1198 ἀγα-

204 1222 447 1290 θουργῶς
495 1220 1037 1292 διεπραγματεύσατο
1084 1224 1151 1297 τά
1179 1222 1299 1276 καθ’
1341 1224 1484 1291 ἡμᾶς
1514 1222 1765 1285 ταπεινὰ,

204 1315 307 1374 τοῖς
345 1311 648 1374 θειοτάτοις
700 1310 866 1364 αὐτοῦ
922 1312 1046 1365 κατ’
1073 1312 1240 1382 ἀκρον
1297 1312 1502 1374 ἐνώσας
1552 1312 1771 1383 εὐδοκία

205 1404 291 1455 τοῦ
313 1404 550 1471 Πατρὶς,
568 1405 661 1455 καὶ
684 1403 945 1474 συνεργίᾳ
971 1404 1064 1455 τοῦ
1086 1402 1425 1471 Πνεύματος.
1453 1404 1560 1455 Καὶ
1586 1402 1770 1456 λοιπὸν

206 1490 427 1553 δικαίως
449 1491 516 1543 ἂν
544 1490 814 1561 εἴποιμεν,
845 1492 919 1552 ὡς
947 1508 965 1542 ι
989 1490 1365 1561 Ἐμεγαλύνθη
1391 1493 1459 1545 τὰ
1482 1490 1619 1560 ἔργα
1651 1507 1770 1552 σου,

210 1581 402 1648 Κύριε,
438 1581 618 1633 πάντα
669 1582 728 1632 ἐν
754 1614 755 1617 η
785 1581 950 1651 σοφίᾳ
1000 1580 1287 1650 ἐποίησας,
1327 1600 1343 1631 ι
1387 1582 1540 1634 Ἐπεὶ
1586 1580 1717 1648 γοῦν
1746 1584 1774 1634 ό

210 1670 440 1738 Χριστὸς
472 1670 588 1722 ἐστι
622 1670 755 1732 Θεὸς
801 1671 923 1739 μὲν,
957 1670 1033 1732 ὼς
1078 1670 1476 1736 ἀποδέδεικται,
1507 1672 1599 1724 καὶ
1638 1670 1773 1724 Θεοῦ

209 1758 355 1820 Υἱὸς,
379 1758 496 1810 ἔστι
521 1758 578 1811 δὲ
603 1760 698 1813 καὶ
718 1758 1006 1829 ἄνθρωπος
1038 1761 1132 1811 καὶ
1160 1759 1288 1822 Υἱὸς
1314 1759 1599 1829 ἀνθρώπου
1634 1762 1774 1813 κατὰ

1867 579 1967 643 dit,
2025 580 2116 632 sed
2169 580 2333 632 etiam
2372 579 2673 630 hominem.
2731 578 2853 632 llzec
2906 578 3051 631 enim
3110 579 3289 632 omnia
3344 579 3436 633 Dei

1868 685 2032 739 opera
2085 680 2231 723 sunt.
2277 671 2618 738 Quapmpter
2665 678 2719 723 ct
2758 679 2916 723 vetus
2970 669 3253 739 Scriptura
3289 672 3442 725 theo-

1869 761 2021 831 logia:
2055 777 2251 816 nomen
2294 763 2521 830 accepit,
2583 770 2770 829 utpote
2825 777 2945 829 qua:
3006 762 3097 816 Dei
3154 778 3440 817 sermones

1872 852 2202 907 contineat:
2263 867 2399 905 nova
2453 867 2672 920 quoque
2730 850 2875 905 idem
2935 853 3175 907 nominis
3237 853 3439 916 habet,

1873 958 1994 996 cum
2034 952 2087 995 et
2133 942 2247 1011 ipsa
2287 941 2543 996 similiter
2570 940 2791 994 eosdem
2841 941 3287 1009 comprehendat.
3336 942 3439 993 lm-

1874 1034 2066 1102 primis
2096 1049 2227 1088 vero
2275 1034 2547 1103 Theurgia
2593 1042 2839 1087 vocatur.
2889 1049 2956 1087 eo
2999 1034 3143 1102 quod
3189 1032 3442 1089 Christus

1875 1139 2039 1195 opere
2069 1135 2123 1179 et
2154 1124 2313 1180 factis
2351 1124 2733 1193 compleverit,
2766 1140 2888 1195 quae
2918 1110 3060 1179 iolim
3100 1141 3129 1178 a
3164 1126 3445 1194 prophetis

1875 1222 2038 1268 erant
2085 1215 2386 1285 praedicta:
2428 1224 2484 1268 et
2535 1230 2745 1270 summa
2795 1230 2917 1269 cum
2968 1214 3211 1269 bonitate
3268 1216 3445 1269 admi-

1878 1306 2133 1361 nistravit
2158 1322 2220 1361 ea
2261 1321 2379 1375 quae
2414 1306 2559 1361 inter
2589 1321 2688 1359 nos
2715 1305 2942 1359 humilia
2980 1313 3160 1369 erant,
3204 1321 3326 1373 cum
3360 1306 3447 1360 di-

1878 1398 2021 1453 vinis
2061 1398 2175 1452 suis
2223 1413 2475 1468 supreme
2526 1398 2884 1468 conjungens,
2935 1397 3237 1451 secundum
3272 1398 3447 1451 Patris

1878 1489 2277 1558 beneplacitum
2309 1499 2364 1543 et
2394 1488 2631 1557 Spiritus
2656 1488 3120 1557 cooperationem.
3152 1487 3309 1543 Unde
3341 1504 3452 1542 me-

1880 1578 1987 1632 rito
2042 1594 2171 1633 sane
2217 1579 2559 1633 dixerimus:
2602 1597 2619 1629 ι
2653 1577 2935 1648 Magniﬁca
2969 1587 3096 1632 sunt
3123 1593 3289 1647 opera
3335 1587 3449 1643 tua,

1882 1668 2130 1732 Domine,
2155 1669 2337 1723 omnia
2385 1668 2560 1723 fecisti
2605 1670 2883 1737 sapienter
2916 1668 2982 1721 ⁷⁸.
3022 1688 3040 1719 ι
3092 1669 3227 1724 Cum
3270 1674 3453 1737 itaque

1881 1756 2133 1813 Christus
2174 1759 2320 1813 Deus
2359 1758 2451 1824 sit,
2510 1769 2566 1812 ut
2614 1758 3053 1813 demonstratum
3101 1767 3207 1824 est,
3255 1768 3313 1814 et
3360 1760 3451 1812 Dei

210 1849 302 1917 τὴν
332 1850 539 1918 σάρκα,
569 1850 665 1902 καὶ
694 1849 1025 1920 ἐκηρύττετο
1047 1851 1156 1904 ἀπὸ
1199 1851 1512 1911 συστάσεως
1541 1852 1771 1920 κόσμου,

1889 1848 2068 1913 Filius,
2105 1859 2189 1905 est
2232 1849 2399 1905 etiam
2438 1850 2623 1914 homo,
2659 1850 3009 1920 hominisque
3049 1849 3224 1906 Filius
3252 1867 3456 1906 secun-

211 1939 299 1990 καὶ
354 1940 677 2006 ἀνεφαίνετο
719 1938 898 2007 λόγοις
949 1942 1313 2009 προφητικοῖς
1354 1943 1449 1993 καὶ
1502 1943 1776 2011 όράσεσιν,

214 2029 345 2082 ἀλλὰ
365 2028 429 2097 δὴ
460 2029 554 2081 καὶ
582 2028 748 2081 αὐτοῦ
777 2028 870 2082 τοῦ
893 2028 1028 2081 Θεοῦ
1055 2030 1151 2082 καὶ
1181 2029 1417 2098 Πατρός,
1453 2030 1545 2081 τοῦ
1575 2027 1774 2099 καιροῦ

206 2120 266 2172 ’δὲ
302 2119 635 2181 καλέσαντος
668 2121 763 2172 καὶ
807 2119 971 2181 αὐτὸς
1003 2121 1030 2172 ό
1060 2118 1295 2189 Χριστὸς
1336 2119 1585 2189 ἐναργῶς
1622 2118 1781 2171 τοῦτο

221 2209 459 2278 ὐπέδειξε
512 2208 601 2262 διά
633 2225 691 2260 τε
724 2208 899 2274 λόγων
947 2210 1043 2260 καὶ
1094 2208 1369 2277 πράξεων,
1407 2211 1498 2261 καὶ
1547 2208 1782 2261 συνελὼν

226 2300 289 2351 τὰ
314 2298 505 2364 πάντα,
538 2292 693 2361 εἷπεν
714 2299 798 2351 ὅτι
830 2316 848 2349 ι
873 2298 929 2351 Ὀ
965 2298 1239 2351 πιστεύων
1266 2300 1345 2361 είς
1372 2298 1469 2368 ἐμὲ
1502 2298 1615 2368 ἔχει
1637 2300 1782 2367 ζωὴν

233 2393 457 2454 αἰώνιον,
491 2410 510 2442 ι
544 2392 807 2444 διέστειλε
836 2390 937 2460 τὴν
961 2390 1202 2459 ψυχικὴν
1227 2391 1372 2459 ζωὴν
1404 2393 1501 2460 τῆς
1533 2409 1781 2460 σωματι-

228 2481 344 2549 κῆς.
391 2482 451 2533 Ἦ
480 2481 586 2552 γὰρ
617 2483 907 2551 σωματικὴ
935 2482 1074 2550 πρὸς
1094 2481 1293 2549 ’ὀλίγον
1322 2485 1548 2551 φανεῖσα
1581 2483 1785 2553 παρέρ-

220 2591 388 2643 χεται,
422 2576 455 2644 ἡ
492 2575 547 2627 δὲ
578 2575 783 2646 ψυχικὴ
834 2576 1058 2639 αἰώνιός
1088 2578 1258 2637 ἐστιν,
1285 2575 1473 2644 ὥσπερ
1509 2575 1602 2627 καὶ
1629 2577 1656 2627 ό
1686 2576 1781 2628 θά-

219 2678 372 2723 νατος
398 2661 593 2729 αὐτῆς.
634 2661 776 2713 Ἀλλ’
810 2662 960 2729 ὅμως
992 2663 1087 2714 καὶ
1131 2663 1191 2714 τὸ
1224 2661 1461 2731 φθαρτὸν
1493 2661 1651 2714 τοῦτο
1689 2662 1786 2715 καὶ

215 2754 406 2823 θνητὸν
436 2755 596 2823 σῶμα
634 2755 662 2806 ό
686 2754 1021 2823 δημιουργὸς
1050 2753 1217 2808 αὐτοῦ
1253 2755 1386 2817 Θεὸς
1414 2755 1514 2807 οὐκ
1534 2757 1785 2820 ἐγκατα-

214 2843 386 2913 λείψει
411 2843 469 2895 ἐν
496 2860 554 2895 τε
588 2844 663 2911 τῷ
692 2843 908 2911 θανάτῳ
934 2845 1027 2895 καὶ
1051 2846 1115 2912 τῇ
1152 2842 1349 2914 φθορᾷ,
1390 2843 1507 2895 ἀλλ’
1541 2843 1669 2893 ὅταν
1695 2844 1784 2893 ἐν·

212 2935 345 3005 δύσῃ
377 2934 511 2987 αὐτὸ
541 2933 857 3004 ἀφθαρσίαν
887 2934 982 2986 καὶ
1013 2934 1336 2998 ἀθανασίαν,
1385 2935 1479 2986 καὶ
1514 2934 1785 3003 ἄφθαρτοι

216 3030 303 3080 καὶ
342 3028 606 3081 ἀθάνατοι
633 3028 987 3091 ἀναστάντες,
1043 3029 1167 3079 τότε
1199 3028 1339 3080 κατά
1386 3028 1446 3077 τὸ
1477 3026 1655 3093 λόγιον
1687 3026 1785 3079 σὺν

210 3121 283 3188 τῷ
308 3119 505 3187 Κυρίῳ
534 3119 791 3186 ἐσόμεθα.
823 3119 1015 3170 Τοίνυν
1043 3117 1131 3169 διὰ
1156 3118 1262 3169 τῶν
1296 3117 1557 3187 ῥημάτων
1582 3117 1783 3181 αὐτῶν,

210 3211 305 3263 καὶ
341 3201 421 3273 ὧν
451 3210 717 3280 πρότερον
740 3209 1002 3271 πολλάκις
1026 3208 1307 3277 ἐλάλησεν,
1347 3208 1500 3260 οὐδὲν
1526 3208 1582 3260 δὲ
1622 3208 1783 3259 ἐλατο

207 3323 300 3357 τον
324 3306 427 3358 καὶ
459 3304 521 3367 ἐξ
543 3297 616 3357 ὧν
642 3306 803 3371 ἡμεῖς
831 3302 932 3354 οὐκ
961 3300 1303 3369 ἐγράψαμεν,
1339 3298 1552 3369 τρανῶς
1595 3299 1622 3351 ό
1654 3300 1786 3369 Χρι-

213 3401 337 3463 uti;
368 3400 507 3451 Θεόν
565 3415 624 3451 τε
689 3398 785 3452 καὶ
842 3397 1129 3467 ἄνθρωπον
1184 3395 1379 3447 ἑαυτὸν
1415 3394 1782 3462 ἐναπέφηνεν.

220 3494 367 3546 Ἀλλ’
397 3493 489 3545 ὅτε
516 3492 609 3544 καὶ
645 3494 736 3544 τὸν
765 3492 829 3543 ἐκ
861 3491 1087 3558 γενετῆς
1118 3487 1320 3556 τυφλὸν
1350 3487 1487 3539 σῶον
1534 3489 1626 3538 καὶ
1656 3486 1789 3538 θεω-

212 3587 419 3656 ροῦντα
468 3566 882 3652 ἀποκατέστησε
954 3581 1092 3652 μετὰ
1146 3581 1209 3632 τὺ
1242 3579 1542 3645 ἀναϐλέψαι
1606 3578 1788 3640 αὑτὸν,

208 3677 391 3740 οὕτως
419 3676 612 3745 εἴρηκε
648 3674 786 3745 πρὸς
842 3674 1024 3738 αὑτὸν,
1084 3692 1102 3725 ι
1156 3674 1228 3725 Σὺ
1280 3671 1559 3734 πιστεύεις
1590 3672 1669 3732 είς
1700 3669 1791 3721 τὸν

220 3770 356 3823 Υίὺν
386 3768 482 3821 τοῦ
511 3765 678 3834 Θεοῦ;
708 3786 726 3819 ι
759 3766 819 3819 '0
850 3766 905 3819 δέ
932 3782 1088 3836 φησι,
1120 3782 1137 3815 ι
1175 3763 1283 3817 Καὶ
1310 3765 1389 3826 τίς
1421 3764 1559 3825 ἐστι,
1594 3762 1789 3832 Κύριε,

209 3864 300 3916 ἵνα
334 3859 616 3915 πιστεύσω
646 3859 727 3921 είς
760 3859 959 3923 αὺτόνς
1002 3878 1021 3909 ι
1061 3852 1195 3910 Εῑπε
1226 3857 1284 3909 δέ
1318 3855 1469 3927 αὑτῷ
1498 3859 1525 3909 ό
1563 3854 1792 3925 Ἰησοῦς,

213 3971 234 4004 ι
275 3954 390 4006 Καὶ
419 3948 671 4019 ἑώρακας
704 3948 884 4013 αὐτὸν,
915 3950 1007 4000 καὶ
1047 3950 1075 4000 ό
1099 3947 1277 4000 λαλῶν
1306 3947 1444 4016 μετὰ
1471 3946 1562 3999 σοῦ
1590 3948 1796 4006 ἐκεῖνός

209 4049 388 4096 ἐστιν.
426 4059 447 4092 ι
493 4040 550 4093 '0
576 4040 632 4092 δὲ
660 4039 788 4107 ἔφη,
832 4056 848 4089 ι
892 4037 1160 4103 Πιστεύω,
1194 4038 1387 4106 Κύριε.
1415 4056 1433 4087 ι
1466 4037 1572 4088 Καὶ
1599 4052 1798 4105 προσε-

212 4132 457 4201 κύνησεν
490 4130 676 4182 αὐτόν.
718 4128 857 4179 Ἀλλ’
889 4127 1039 4197 ὅμως
1067 4128 1095 4179 ό
1138 4126 1301 4188 αὐτὸς
1347 4124 1591 4195 Μωάμεθ
1628 4142 1798 4195 κατη-

210 4224 403 4294 γορῶν
458 4220 612 4289 λέγει
672 4220 801 4288 περί
845 4235 1006 4270 τινων
1047 4219 1129 4271 ὅτι
1192 4217 1607 4283 ἀπεδοκίμασαν
1642 4219 1801 4271 ἅτινα

210 4313 344 4366 οὔτε
380 4313 613 4378 νοοῦσιν,
644 4310 767 4363 οὔτε
819 4310 1077 4363 δύνανται
1122 4306 1457 4379 ἐξηγεῖσθαι,
1487 4311 1622 4379 ὅπερ
1656 4311 1798 4379 μᾶλ-

210 4406 310 4457 λον
344 4405 507 4465 αὐτὸς
547 4403 837 4469 πέπονθεν,
872 4401 1283 4470 ἀποδοκιμάσας
1322 4402 1413 4454 τὸν
1449 4402 1687 4471 Χριστὸν
1724 4401 1800 4471 μὴ

1881 1938 2011 1993 dum
2067 1954 2324 2005 carnem,
2380 1950 2437 1995 et
2508 1940 2836 2009 praedicatus
2899 1952 2983 1997 est
3052 1958 3083 1997 a
3138 1943 3457 1997 conditione

1880 2029 2097 2093 mttndi,
2147 2038 2203 2084 et
2237 2031 2493 2099 apparuit
2541 2046 2606 2086 ex
2641 2032 2824 2087 verbis
2865 2033 3261 2103 prophetarum
3293 2044 3348 2087 et
3379 2036 3460 2087 vi-

1880 2119 2150 2184 sionibus,
2177 2121 2309 2189 quin
2339 2120 2457 2191 ipso
2480 2120 2592 2174 Deo
2623 2120 2781 2176 Patre
2807 2123 2941 2177 illud
2966 2125 3033 2177 de
3059 2124 3175 2192 ipso
3199 2132 3455 2179 testante.

1882 2211 2154 2280 Tempore
2198 2225 2379 2266 autem
2422 2214 2527 2268 hoc
2564 2215 2894 2284 postulante,
2927 2215 3184 2271 Christus
3222 2217 3327 2269 hoc
3374 2217 3458 2285 ip-

1882 2317 2004 2355 sum
2043 2302 2285 2357 dilucide
2328 2303 2627 2379 declaravit
2658 2304 2843 2359 verbis
2890 2305 3055 2359 simul
3088 2316 3143 2359 et
3174 2306 3458 2373 operibus,

1883 2392 2175 2462 omniaque
2211 2394 2689 2463 comprehcndens
2720 2380 2913 2450 ~dixit:
2968 2414 2985 2445 ι
3030 2395 3135 2463 Qui
3184 2396 3361 2451 credit
3405 2399 3461 2450 in

1883 2500 1990 2547 me,
2018 2485 2184 2540 habet
2226 2486 2396 2539 vitam
2435 2497 2718 2541 aeternam.
2771 2506 2789 2539 ι
2831 2488 2950 2555 liis,
2996 2488 3241 2557 inquam,
3275 2489 3465 2543 divisit

1883 2577 2052 2631 vitam
2081 2577 2275 2631 anima:
2320 2577 2387 2630 ab
2418 2577 2520 2632 hac
2547 2578 2844 2647 corporali.
2897 2578 3024 2633 Haec
3071 2561 3219 2632 enim
3268 2579 3357 2633 ubi
3396 2577 3465 2631 ad

1886 2674 2100 2735 tempus
2146 2668 2264 2720 visa
2315 2665 2505 2731 fuerit,
2572 2666 2807 2730 transit;
2870 2667 3067 2720 anima:
3117 2673 3300 2719 autem
3356 2666 3465 2718 vita

1886 2757 2225 2825 sempiterna
2281 2764 2401 2821 est,
2449 2757 2912 2827 quemadmodum
2967 2766 3022 2812 et
3080 2772 3230 2811 mors
3292 2756 3463 2811 illius.

1884 2847 2255 2905 Nihilominus
2310 2855 2491 2903 tamen
2542 2863 2745 2917 corpus
2808 2848 2941 2902 illud
3000 2848 3360 2918 corruptibile
3412 2856 3467 2900 et

1887 2940 2117 2994 mortale
2159 2939 2387 2994 Creator
2426 2940 2614 3011 hujus,
2659 2940 2802 2994 Deus
2832 2938 3118 3001 nimirum,
3157 2953 3265 2992 non
3311 2938 3470 2992 dere-

1886 3032 2101 3101 linquet
2144 3034 2199 3087 in
2261 3042 2438 3089 morte
2487 3041 2541 3086 et
2582 3031 2974 3101 corruptione‘;
3033 3032 3128 3086 sed
3180 3036 3470 3099 postquam

1891 3124 2022 3177 illud
2067 3124 2474 3193 incorruptibili
2516 3132 2572 3179 et
2607 3119 2903 3178 imntortali
2959 3129 3154 3176 natura
3207 3119 3470 3180 induerit,

1886 3214 2081 3284 integri
2139 3224 2196 3270 et
2250 3216 2587 3271 immortales
2646 3214 2992 3278 resuscitati,
3070 3214 3225 3283 juxta
3271 3226 3472 3265 oracu-

1884 3306 1994 3360 lum
2032 3309 2099 3373 τ’,
2136 3323 2259 3361 cum
2289 3309 2401 3362 Deo
2430 3308 2657 3362 erimus.
2689 3307 2793 3362 Per
2827 3307 2940 3375 ipsa
2974 3305 3137 3375 igitur
3165 3305 3328 3359 verba
3355 3319 3475 3371 quae

1887 3408 2046 3450 antea
2098 3400 2299 3468 saepius
2333 3399 2552 3453 locutus
2599 3409 2705 3462 est,
2754 3398 3004 3467 nihilque
3060 3398 3241 3451 minus
3288 3411 3356 3449 ex
3393 3395 3476 3446 his

1888 3505 2008 3559 quae
2061 3506 2161 3545 nos
2212 3506 2321 3545 non
2354 3491 2712 3560 ascripsimus
2735 3528 2751 3553 ,
2798 3489 3053 3543 Christus
3085 3489 3321 3556 scipsnm
3358 3498 3477 3538 ma-

1891 3582 2089 3636 nifeste
2132 3583 2303 3637 Deum
2349 3590 2404 3636 et
2440 3581 2719 3636 hominem
2765 3594 2888 3634 esse
2926 3580 3248 3633 declaravit.
3300 3580 3473 3634 Caete-

1897 3686 2020 3725 rum
2049 3685 2174 3724 cum
2212 3669 2288 3723 illi
2316 3670 2409 3739 qui
2451 3686 2481 3724 a
2512 3670 2796 3725 nativitate
2823 3685 2920 3733 sua
2953 3683 3130 3722 cmcus
3165 3671 3475 3731 cx5titerat.

1897 3762 2190 3816 sanitatem
2240 3771 2295 3816 et
2340 3762 2518 3816 visum
2572 3760 2926 3821 restituisset,
2957 3774 3081 3813 cum
3127 3759 3214 3812 ille
3246 3761 3354 3828 jam
3400 3763 3479 3813 vi-

1894 3854 2069 3917 deret,
2125 3853 2205 3906 sic
2257 3852 2324 3906 ad
2383 3866 2507 3905 cum
2556 3850 2733 3904 dixit:
2793 3868 2812 3902 ι
2868 3850 3132 3904 Credisne
3190 3850 3242 3903 in
3279 3850 3475 3904 Filium

1896 3947 2034 4001 Dei?
2069 3965 2087 3997 ι
2130 3944 2222 4000 111ε
2267 3960 2399 3999 vero
2432 3944 2510 3998 ait
2547 3961 2560 3997 :
2614 3962 2631 3994 ι
2675 3943 2742 3996 Ει
2792 3942 3046 4011 quisnam
3077 3954 3181 4005 εει,
3229 3943 3476 4008 Domine,

1897 4044 1957 4091 ut
2008 4034 2225 4090 credam
2279 4034 2332 4088 in
2379 4032 2576 4087 illum?
2627 4051 2644 4084 ι
2704 4031 2850 4086 Dixit
2914 4040 3099 4086 autem
3154 4032 3228 4084 illi
3279 4031 3479 4086 .lesus:

1905 4149 1923 4181 ι
1972 4129 2040 4183 Ει
2067 4127 2250 4182 vidisti
2283 4142 2432 4193 eum,
2460 4134 2516 4181 et
2544 4126 2637 4195 qni
2669 4125 2915 4194 loquitur
2951 4134 3154 4187 tecum,
3183 4125 3271 4179 ille
3306 4134 3413 4178 est.
3458 4144 3477 4176 ι

1900 4224 1994 4279 111ε
2046 4240 2174 4277 vero
2227 4222 2400 4287 dixit,
2460 4241 2477 4271 ι
2515 4221 2722 4286 Credo,
2759 4221 3017 4285 Domine,
3063 4240 3081 4271 ι
3135 4230 3189 4275 ει
3236 4221 3485 4275 adoravit

1906 4317 2059 4369 illum
2097 4316 2162 4370 ⁸ο.
2225 4314 2493 4369 Cmterum
2552 4313 2828 4367 Mahomct
2885 4313 3153 4382 quosdam
3218 4328 3485 4367 accusans

1905 4404 2075 4458 dicit:
2106 4403 2435 4471 Rejeccrunt
2461 4416 2524 4455 ea
2556 4416 2677 4470 qua:
2708 4416 2817 4455 non
2854 4402 3183 4471 intelligunt,
3225 4420 3324 4457 nec
3357 4419 3485 4472 pos-

212 4494 364 4547 εἶναι
404 4495 526 4546 Υίὺν
556 4492 719 4557 Θεοῦ,
769 4492 903 4562 μηδὲ
945 4494 1325 4562 σαρκωθῆναι,
1366 4493 1461 4544 καὶ
1496 4491 1585 4544 διὰ
1612 4491 1673 4543 τὸ
1704 4495 1785 4560 τῆς

1907 4504 2037 4553 sunt
2085 4508 2365 4548 enarrare.
2419 4493 2534 4547 lioc
2588 4493 2692 4562 ipsi
2743 4494 3016 4563 imprimis
3063 4496 3311 4565 contigit,
3359 4512 3483 4549 cum

210 4586 606 4653 ἀκαταληψίας
650 4583 878 4653 μέγεθος
908 4582 1086 4636 ταῦτα
1116 4584 1411 4653 ἠρνήσατο,
1442 4582 1580 4637 ἀλλά
1610 4582 1703 4635 καὶ
1738 4582 1796 4634 τὸ

212 4678 322 4746 τῆς
355 4676 586 4745 Tac-160;
624 4677 921 4745 μυστήριον
964 4674 1026 4727 οὐ
1075 4675 1450 4744 προσεδέξατο.
1485 4676 1559 4727 Οὐ
1592 4677 1702 4744 γὰρ
1735 4677 1797 4744 ἡ-

212 4769 427 4822 δύνατο
451 4771 591 4820 νοεῖν
613 4769 713 4837 τὴν
751 4767 858 4818 τῶν
892 4765 1201 4835 προσώπων
1228 4766 1499 4834 διάκρισιν
1542 4765 1670 4819 ἄνευ
1700 4768 1798 4833 τῆς

213 4863 371 4915 κατὰ
394 4860 490 4929 τὴν
513 4858 700 4912 οὐσίαν
727 4857 1071 4926 διακρίσεως,
1094 4857 1168 4919 ὡς
1197 4856 1432 4926 εἴρηται.
1473 4876 1492 4909 ι
1528 4857 1803 4926 Ἐθαυμα-

218 4949 415 5019 στὼθη
447 4951 578 5018 γὰρ,
622 4967 643 5001 ›
676 4950 863 5016 φησιν,
911 4965 930 4997 ι
970 4948 1002 5015 ἡ
1043 4949 1239 5014 γντῖλσίς
1270 4964 1362 4999 σου
1406 4948 1462 5011 ἐξ
1495 4947 1649 5016 ἐμοῦ,
1684 4949 1801 4999 λίαν

214 5039 596 5108 ἐκραταιὼθη,
641 5038 705 5090 ού
742 5037 817 5106 μὴ
857 5036 1103 5105 δύνωμαι
1158 5039 1290 5104 πρῦς
1322 5037 1512 5105 αὐτήν.
1576 5060 1592 5088 ι
1654 5038 1717 5089 Τί
1748 5039 1802 5089 δὲ

216 5133 361 5183 ἄλλο
413 5133 559 5183 ἐστὶν
594 5130 626 5199 ἦ
657 5130 690 5198 ἡ
729 5127 1117 5196 ἀκατάληπτος
1167 5128 1260 5179 καὶ
1311 5128 1672 5199 ἀπερινόητος
1710 5130 1803 5182 τοῦ

217 5222 371 5274 Θεοῦ
434 5221 656 5290 γνῶσις,
705 5220 829 5289 ἥτις
874 5220 1119 5289 ἀγνωσία
1178 5210 1591 5289 ιταρεικάιζετηιι⁴
1620 5221 1708 5274 διά
1750 5224 1810 5273 τὸ

218 5317 534 5385 ὑπεραῖρον
554 5316 723 5382 αὐτῆς
738 5313 918 5380 πάσης
949 5312 1175 5390 κτιστῆς
1194 5313 1444 5379 γνώσεως
1471 5312 1566 5376 ;Ἦ
1591 5315 1697 5383 γὰρ
1716 5316 1807 5366 τοῦ

219 5403 375 5456 Θεοῦ
406 5403 652 5470 ἀγνωσία
680 5401 740 5452 οὐ
769 5400 985 5466 λέγεται
1014 5402 1157 5451 κατὰ
1199 5400 1475 5468 στέρησιν,
1510 5401 1643 5454 ἀλλά
1681 5403 1803 5455 καθ’

222 5496 535 5564 ὑπεροχήν.
588 5492 686 5545 Διά
734 5490 843 5560 γὰρ
884 5491 944 5542 τὸ
998 5489 1336 5557 ὑπερϐάλλον
1385 5494 1475 5544 καὶ
1512 5494 1809 5563 ἀπρόσιτον

227 5586 365 5654 φῶς
397 5587 486 5638 τοῦ
537 5585 673 5639 Θεοῦ
706 5586 898 5644 σκότος
928 5581 1060 5635 αὐτὸ
1106 5581 1418 5651 ὠνόμασαν.
1459 5585 1532 5636 Τὸ
1578 5586 1683 5653 γὰρ
1740 5586 1812 5655 μὴ

1906 4588 2185 4643 Christum
2220 4587 2439 4659 negavit
2469 4603 2591 4643 esse
2624 4586 2719 4643 Dei
2755 4589 2976 4656 Filium,
3009 4605 3109 4645 nec
3143 4590 3485 4643 incarnatum

1907 4680 2167 4735 credidit.
2228 4681 2460 4750 Propter
2529 4680 2853 4734 immensam
2916 4680 3061 4734 enim
3129 4680 3484 4734 stoliditatem

1906 4771 2041 4826 illud
2075 4772 2316 4841 negavit.
2378 4772 2522 4839 Quin
2578 4782 2632 4826 et
2675 4770 2964 4825 Trinitatis
3014 4770 3331 4839 mysterium
3378 4784 3487 4821 non

1908 4862 2155 4917 admisit.
2199 4863 2317 4916 Non
2351 4864 2493 4915 cnim
2534 4873 2745 4929 poterat
2776 4857 3136 4931 personarum
3173 4860 3488 4921 discrimen,

1910 4963 1968 5006 ut
1995 4953 2202 5006 dictum
2238 4961 2343 5015 est,
2375 4952 2497 5006 sine
2531 4951 2965 5006 substantiarum
3009 4948 3329 5002 discrimine
3360 4962 3491 5001 con-

1862 5076 1865 5079 »
1911 5043 2111 5096 sistens
2151 5043 2477 5113 intelligere.
2533 5060 2550 5092 ι
2596 5041 2902 5102 Mirabilis,
2960 5040 3171 5108 inquit,
3221 5039 3361 5093 facta
3405 5044 3489 5091 est

1914 5134 2139 5188 scientia
2194 5144 2283 5188 tua
2330 5151 2357 5191 a
2412 5151 2520 5198 me,
2570 5137 2801 5189 multum
2848 5134 3151 5188 confortata
3200 5142 3323 5197 est;
3385 5149 3491 5187 non

1917 5236 2107 5296 potero
2139 5226 2205 5279 ad
2252 5227 2423 5295 ipsam
2460 5228 2528 5282 ⁸⁸.
2578 5245 2594 5277 ι
2632 5227 2771 5293 Quid
2823 5228 2969 5282 enim
3016 5226 3163 5280 aliud
3211 5237 3295 5280 est
3332 5242 3493 5295 quam

1896 5317 2499 5387 incomprehensibilis
2546 5328 2600 5372 et
2652 5318 2932 5374 intellectu
2990 5318 3348 5387 impossibilis
3396 5318 3491 5372 Dei

1915 5410 2175 5479 cognitio,
2220 5424 2343 5477 quae
2394 5410 2720 5480 ignorantia:
2760 5412 3042 5466 confertur
3081 5420 3307 5481 propter
3342 5427 3493 5465 sum-

1918 5516 2059 5554 mam
2108 5502 2252 5554 illam
2293 5517 2403 5571 pra:
2435 5503 2584 5557 omni
2632 5503 2946 5572 cognitione
2995 5503 3273 5557 mundana
3317 5505 3496 5557 excel-

1918 5592 2185 5652 lentiam?
2218 5591 2527 5663 ignorantia
2570 5594 2719 5648 enim
2755 5595 2852 5651 Dei
2895 5612 3001 5651 non
3036 5594 3338 5653 secundum
3379 5595 3495 5665 pri-

315 5747 365 5781 "
400 5748 541 5805 Psal.
573 5746 815 5813 (1111,24.
889 5747 935 5781 ⁷⁹
976 5749 993 5804 1
1034 5748 1226 5806 Thess.
1272 5766 1343 5815 tv,
1390 5749 1471 5803 16.
1550 5750 1593 5782 ⁸ο
1632 5750 1785 5807 Juan.

1903 5796 1917 5820 ›
1956 5755 2139 5813 55-238.
2222 5758 2261 5791 θ’
2305 5759 2449 5815 Psal.
2495 5775 2763 5829 cxxxvm,
2805 5757 2860 5814 6.
