3928 6212
487 290 591 402 δότ

1684 345 2000 405 JOANNIS
2035 345 2554 408 CANTACUZENI
2608 344 2611 347 ’

3613 351 3714 414 668

482 449 782 513 vationem,
825 449 919 504 sed
960 449 1333 504 excellentiam
1363 450 1584 508 dicitur.
1620 454 1849 524 Propter
1872 456 2056 511 excel-

2159 456 2453 523 δυνάμενον
2489 459 2717 527 ὁρᾶσθαι
2760 461 2949 525 σκότος
2982 463 3244 532 ἄντικρύς
3277 479 3446 519 εστιν.
3484 481 3502 514 ι
3534 465 3715 518 Ἐθετο

482 540 605 596 lens
628 542 774 595 enim
798 550 851 595 et
882 541 1253 596 inaccessibile
1281 543 1460 599 lumen
1496 545 1609 609 Dei,
1638 546 1769 600 illud
1794 549 2049 602 tenebras

483 630 927 686 nominaverunt.
962 633 1118 698 Quod
1162 634 1310 689 enim
1361 636 1528 690 videri
1578 638 1788 706 nequit,
1824 655 1853 693 a
1892 649 2043 694 tene-

484 722 599 778 bris
654 722 770 778 fere
836 724 975 779 nihil
1038 724 1240 781 differt.
1308 746 1325 777 ι
1364 728 1553 782 Posuit
1608 730 1792 794 enim,
1849 731 2046 800 inquit.

487 813 738 869 tenebras
768 814 1183 869 ahseonsionem
1212 817 1294 870 sui
1336 815 1403 873 ⁸³.
1454 838 1473 869 ι
1521 817 1720 873 Verum
1759 821 1920 875 etiam
1954 822 2048 876 Dei

483 905 810 973 sapientiam
842 915 895 959 et
928 906 1232 968 scientiam,
1276 923 1492 962 omnem
1527 911 1842 980 angelorum
1875 912 2053 965 homi-

484 1009 727 1063 numque
763 996 1119 1050 excedentem
1156 997 1512 1063 inlellectum,
1544 1015 1666 1069 quae
1696 1016 1796 1055 nec
1840 1003 2051 1057 ratione

482 1100 586 1139 nec
628 1100 882 1141 sermone
920 1086 1182 1157 explicari
1217 1098 1445 1159 potest,
1484 1093 1719 1165 theologi
1765 1095 2049 1175 stultitiam

483 1184 839 1229 vocaverunt.
867 1176 1209 1247 Quapropter
1240 1178 1401 1232 etiam
1432 1178 1714 1237 Sermonis
1748 1183 1844 1238 Dei
1876 1184 2054 1239 incar-

486 1267 762 1321 nationem
807 1269 882 1323 illi
930 1269 1097 1324 iidem
1144 1272 1381 1343 theologi
1428 1276 1727 1332 vanitatem
1776 1278 2050 1346 dixerunt,

480 1374 606 1412 cum
640 1359 799 1429 plena
834 1362 927 1421 sit,
970 1362 1080 1417 imo
1124 1364 1599 1441 abundantissime
1631 1372 1915 1440 sapientia,
1945 1374 2054 1427 vir-

486 1459 601 1503 tute
639 1460 694 1505 et
736 1453 935 1509 salute.
972 1453 1029 1509 Si
1062 1455 1229 1524 igitur
1269 1459 1411 1527 apud
1464 1461 1748 1532 theologos
1786 1465 2052 1521 mirabilis

481 1542 625 1598 facta
658 1556 741 1600 est
775 1546 869 1602 Dei
897 1548 1151 1615 scientia,
1184 1554 2051 1625 proptervincomprehensihilem

486 1635 635 1689 illam
702 1639 1003 1705 rationem,
1054 1643 1209 1713 sique
1261 1656 1621 1715 agnoscentes
1680 1648 2090 1723 infirmitatem._

484 1742 638 1781 suam
691 1729 925 1787 confessi
988 1742 1159 1799 sunt,
1217 1736 1461 1799 dicentes
1504 1753 1564 1795 se
1614 1755 1725 1795 non
1768 1757 1929 1812 posse
1984 1743 2050 1797 ad

483 1819 682 1887 ipsam,
715 1824 991 1891 quomodo
1030 1826 1117 1880 vel
1158 1828 1446 1898 vestigium
1482 1833 1814 1902 cognitionis
1854 1835 2054 1890 divinae

485 1913 719 1968 inveniri
750 1915 940 1970 liceret
977 1919 1118 1987 apud
1162 1920 1455 1990 impietatis
1484 1933 1539 1979 et
1570 1925 1834 1982 mendacii
1865 1929 2055 1982 inven-

487 2009 709 2060 torem?
753 2007 817 2062 Et
861 2010 953 2079 qui
984 2010 1137 2066 cibos
1186 2029 1324 2081 quos
1372 2016 1610 2081 comedit
1664 2018 1895 2087 ignorat,
1938 2035 2055 2089 quo

484 2112 680 2167 nempe
711 2100 870 2153 modo
898 2101 951 2154 in
997 2102 1255 2158 humores
1277 2105 1574 2169 dividatur,
1607 2109 1777 2163 Deum
1825 2121 2056 2165 conatur

483 2189 833 2260 investigare.
873 2192 1119 2249 Occlusis
1160 2196 1325 2257 igitur
1368 2199 1563 2253 animze
1593 2212 1647 2254 et
1706 2202 1905 2256 mentis
1939 2217 2054 2257 sua:

483 2282 683 2344 oculis,
735 2298 844 2336 non
896 2286 1154 2354 cognovit
1194 2286 1375 2342 Solem
1419 2290 1687 2363 justitize;
1720 2303 2056 2363 quapropter

480 2374 645 2426 etiam
708 2375 1026 2444 reprobavit
1087 2378 1261 2447 ipsum
1312 2360 1538 2447 justitia:
1591 2360 1795 2445 Solem,
1832 2360 2054 2439 VFilium

486 2465 696 2520 sciliéet
747 2477 803 2520 et
852 2468 1171 2524 Sermonem
1224 2472 1343 2537 Dei,
1384 2487 1620 2543 cumque
1680 2476 1785 2531 hoc
1838 2475 2053 2532 Patrem

486 2549 651 2603 simul
685 2562 739 2633 et
775 2552 1066 2621 Spiritum.
1107 2576 1125 2608 ι
1172 2556 1275 2622 Qui
1319 2560 1462 2614 enim
1498 2562 1696 2616 Filium
1727 2581 1835 2618 non
1865 2567 2053 2631 habet,

488 2639 664 2708 inquit
720 2643 986 2711 Salvator,
1043 2664 1223 2717 neque
1277 2650 1490 2706 Patrem
1546 2654 1715 2708 habet
1760 2656 1825 2710 ⁸³.
1889 2676 1908 2709 ι
1950 2657 2054 2724 Qui

484 2747 613 2785 vero
674 2750 776 2788 nec
831 2736 1027 2791 Filium
1084 2755 1184 2795 nec
1234 2730 1463 2798 Patrem,
1508 2746 1693 2812 habet,
1747 2752 2056 2804 necessario

482 2825 650 2878 etiam
681 2825 889 2896 Spiritu
930 2840 1124 2886 sancto
1158 2845 1329 2890 caret.
1372 2836 1506 2890 Cum
1541 2839 1655 2893 haec
1691 2840 1857 2909 igitur
1895 2841 1966 2896 ita
1997 2859 2077 2898 se?

486 2914 743 2983 habeant,
783 2920 949 2991 impie
990 2938 1173 2980 revera
1208 2927 1423 2983 locutus
1463 2939 1548 2984 est
1580 2930 1873 2998 Mahomet,
1906 2935 2053 3004 quod

490 3008 743 3065 Salvator
783 3013 920 3069 nihil
965 3016 1016 3069 in
1062 3017 1380 3074 universum
1424 3023 1490 3076 de
1538 3038 1595 3078 se
1631 3025 1852 3092 dixerit,
1906 3028 2050 3097 quod

2150 550 2280 617 γὰρ,
2334 571 2350 600 ι
2400 553 2554 621 φησὶ,
2595 573 2612 604 ι
2654 553 2845 617 σκότος
2892 557 3223 628 ἁποκρυφὴν
3264 557 3450 617 αὐτοῦ.
3496 578 3515 609 ι
3565 558 3713 611 Ἀλλὰ

2150 645 2243 695 καὶ
2276 644 2374 713 τὴν
2406 644 2499 697 τοῦ
2550 645 2687 698 Θεοῦ
2726 648 2918 715 σοφίαν
2945 651 3041 701 καὶ
3076 652 3393 721 ἐπιστήμην
3422 652 3523 721 τὴν
3556 653 3713 722 ὕπερ-

2151 734 2412 805 αίρουσαν
2458 739 2640 792 πᾶσαν
2666 740 2913 807 ἀγγέλων
2938 758 2994 793 τε
3035 744 3127 794 καὶ
3156 741 3456 813 ἀνθρώπων
3484 743 3713 808 σύνεσιν,

2149 827 2250 892 τὴν
2274 828 2347 896 μὴ
2367 827 2596 896 ἔχουσαν
2615 830 2740 883 νοῦν
2767 831 2797 900 ἢ
2818 832 2974 899 λόγον
2998 834 3419 904 ἑρμηνευτικὸν,
3442 836 3649 903 μωρίαν
3663 838 3712 887 οἱ

2153 918 2398 986 θεολόγοι
2431 922 2718 977 ἐκάλεσαν.
2760 925 2860 977 Διὰ
2889 924 3050 978 τοῦτο
3077 927 3170 979 καὶ
3199 926 3300 994 τὴν
3332 926 3424 979 τοῦ
3453 926 3591 979 Θεοῦ
3619 929 3716 979 Λό-
3808 940 3815 943 ‘

2152 1030 2251 1079 γου
2298 1012 2712 1082 ὲνανθρώπησιν
2757 1015 2985 1069 κένωσιν
3037 1018 3085 1068 οἱ
3127 1017 3283 1069 αὐτοὶ
3329 1016 3569 1089 θεολόγοι
3617 1036 3716 1070 κα-

2151 1103 2327 1165 λοῦσι,
2366 1104 2543 1156 καίτοι
2591 1106 2773 1176 πλήρη
2802 1106 3199 1175 τυγχάνουσαν,
3233 1107 3434 1176 μᾶλλον
3465 1108 3523 1161 δὲ
3556 1110 3716 1177 ὑπερ-

2153 1194 2337 1263 πλήρη
2376 1196 2569 1264 σοφίας
2601 1198 2695 1249 καὶ
2725 1197 3006 1265 δυνάμεως
3051 1199 3147 1252 καὶ
3180 1201 3482 1270 σωτηρίας.
3533 1201 3594 1254 Ei
3625 1197 3714 1255 οὖν

2154 1286 2306 1357 παρὰ
2332 1289 2444 1349 τοῖς
2482 1286 2754 1355 θεολόγοις
2790 1289 3189 1359 ἐθαυμαστώθη
3219 1292 3251 1360 ἡ
3291 1290 3386 1344 τοῦ
3426 1291 3558 1345 Θεοῦ
3585 1292 3719 1359 γνῶ-

2155 1397 2239 1441 σις
2278 1380 2366 1433 διὰ
2394 1379 2453 1431 τὸ
2481 1380 2891 1446 ἀκατάληπτον,
2924 1382 3019 1434 καλ
3043 1382 3357 1449 ἐπιγνόντες
3386 1383 3483 1453 τὴν
3514 1383 3716 1436 ἑαυτῶν

2153 1468 2458 1533 ἀσθένειαν,
2517 1468 2877 1537 ὡμολόγησαν
2937 1471 3179 1533 εἰπόντες
3230 1473 3312 1525 ὅτι
3363 1473 3423 1525 οῦ
3470 1473 3718 1525 δύνανται

2155 1560 2289 1629 πρὸς
2323 1560 2389 1613 αῦ
2402 1559 2515 1629 τὴν,
2538 1558 2657 1622 πῶς
2688 1561 2791 1614 κᾶν
2821 1562 2955 1623 ὅλως
2985 1562 3130 1631 ἴχνος
3161 1563 3262 1633 τῆς
3289 1564 3393 1633 τοῦ
3427 1564 3560 1617 Θεοῦ
3584 1565 3720 1630 γνώ-

2155 1666 2292 1712 σεως
2332 1650 2552 1720 ἐγχωρῇ
2584 1652 2876 1722 εὑρεθῆναι
2924 1653 2982 1704 ὲν
3016 1653 3095 1723 τῷ
3139 1656 3239 1721 τῆς
3272 1654 3467 1717 κακίας
3500 1651 3591 1708 καὶ
3621 1656 3718 1708 τοῦ

2152 1740 2381 1808 ψεύδους
2419 1742 2722 1813 ὲφευρετῇ;
2752 1744 2779 1795 6
2808 1744 2916 1813 γὰρ
2966 1744 3041 1814 μὴ
3084 1745 3238 1808 εἰδὼς
3267 1746 3405 1809 ὅλως
3436 1747 3496 1799 τὸ
3529 1746 3722 1817 βρῶμα

2156 1834 2290 1904 ὅπερ
2309 1832 2501 1897 ἐσθίει,
2519 1835 2665 1896 ὅπως
2690 1837 2771 1896 εἰς
2793 1837 3000 1904 χυμοὺς
3027 1836 3439 1906 μερίζεται,τὺν
3454 1839 3586 1892 Θεὸν
3607 1856 3724 1892 πει-

2162 1926 2320 1994 ρᾶται
2353 1926 2601 1995 ὲρευνᾷν.
2644 1927 2837 1990 Μύσας
2872 1928 2963 1981 καὶ
3002 1928 3110 1998 γὰρ
3134 1930 3258 1993 τοὺς
3287 1932 3387 1999 τῆς
3424 1930 3600 2001 ψυχῆς
3632 1934 3725 1984 καὶ

2157 2015 2274 2069 νοὸς
2302 2014 2467 2068 αὐτοῦ
2512 2015 2849 2084 ὀφθαλμοὺς,
2884 2016 2985 2070 οὐκ
3014 2017 3155 2084 ἔγνω
3186 2018 3280 2070 τὸν
3320 2020 3472 2089 ἥλιον
3510 2020 3611 2088 τῆς
3652 2020 3727 2073 δι-

2157 2106 2470 2175 καιοσύνης,
2504 2107 2599 2159 καὶ
2620 2107 2708 2161 διὰ
2742 2108 2901 2161 τοῦτο
2925 2109 3332 2178 ἀπεδοκίμασεν
3361 2111 3524 2164 αὑτὸν
3551 2112 3617 2181 δὴ
3637 2113 3725 2165 τὸν

2154 2195 2251 2264 τῆς
2277 2195 2623 2264 δικαιοσύνης
2643 2197 2816 2265 ἥλιον,
2846 2198 2935 2251 τὸν
2964 2198 3093 2253 Υἰὸν
3120 2201 3212 2252 καὶ
3237 2199 3410 2267 Λόγον
3438 2200 3535 2253 τοῦ
3568 2201 3725 2265 Θεοῦ,

2156 2291 2251 2343 καὶ
2277 2290 2374 2343 σῦν
2404 2289 2553 2357 αὐτῷ
2581 2290 2669 2342 τὸν
2707 2292 2926 2360 Πατέρα
2955 2292 3049 2344 καὶ
3084 2290 3145 2343 τὸ
3180 2291 3426 2360 Πνεῦμα.
3475 2309 3495 2343 ι
3534 2292 3592 2345 Ὀ
3622 2293 3726 2360 γὰρ

2160 2378 2233 2448 μὴ
2266 2378 2404 2446 ἔχων
2432 2378 2523 2429 τὸν
2554 2378 2701 2440 Υίὸν,
2738 2396 2756 2428 ι
2796 2378 2959 2447 φησὶν
2991 2381 3018 2431 6
3050 2378 3263 2445 Σωτὴρ,
3291 2396 3310 2431 ι
3341 2377 3461 2431 οὐδὲ
3490 2377 3582 2453 τον
3615 2378 3723 2431 Πα-

2157 2468 2313 2536 τέρα.
2358 2486 2376 2516 ι
2409 2466 2468 2519 '0
2500 2466 2555 2518 δὲ
2576 2466 2666 2517 τὸν
2694 2467 2913 2535 Πατέρα
2947 2466 3042 2519 καὶ
3066 2466 3159 2519 τὸν
3183 2460 3308 2519 Υίὸν
3342 2467 3417 2536 μὴ
3445 2465 3587 2535 ἔχων
3614 2467 3730 2530 £50-

2157 2557 2368 2626 νάγκης
2396 2556 2515 2608 οὐδὲ
2551 2555 2612 2608 τὸ
2646 2554 2869 2623 Πνεῦμα
2896 2556 2954 2608 τὸ
2980 2556 3158 2621 ἆγιον.
3191 2556 3408 2609 Τούτων
3436 2556 3619 2610 τοίνυν
3639 2557 3724 2609 οῦ-

2156 2663 2262 2709 τως
2284 2645 2740 2715 ὡμολογημένων,
2766 2645 2953 2708 κακῶς
2977 2646 3086 2715 ἄρα
3115 2646 3374 2717 ἐλάλησεν
3401 2649 3429 2699 6
3461 2647 3724 2715 Μωάμεθ,

2154 2738 2229 2800 ώς
2255 2736 2354 2789 οὐκ
2379 2736 2483 2805 ἔφη
2512 2736 2540 2786 6
2570 2718 2757 2806 έωτὴρ
2789 2736 2914 2805 περὶ
2938 2735 3132 2790 ἑαυτοῦ
3177 2736 3468 2790 τοκαθὸλου
3491 2738 3573 2791 ὅτι
3603 2737 3728 2801 Θεός

2157 2829 2302 2881 ἐστιν
2324 2826 2357 2896 ἢ
2385 2825 2518 2879 Θεοῦ
2549 2826 2694 2887 Υἱός.
2714 2825 2871 2877 Ἀλλὰ
2885 2828 3013 2895 περὶ
3030 2827 3129 2893 μὲν
3150 2827 3354 2880 τούτων
3382 2826 3577 2890 οὕτως.
3602 2830 3727 2881 Σκε-

2154 2917 2385 2988 ψώμεθα
2408 2918 2587 2972 τοίνυν
2614 2918 2708 2970 καὶ
2736 2918 2866 2986 περὶ
2895 2918 2991 2988 τῆς
3005 2919 3264 2989 δευτέρας
3287 2919 3619 2984 ἀποδείξεως
3640 2920 3724 2974 τοῦ

2156 3013 2425 3081 Μωάμεθ,
2481 3011 2583 3080 τῆς
2624 3012 2905 3081 *λεγούσης
2956 3013 3037 3066 ὅτι
3091 3014 3226 3082 πρὸς
3278 3013 3407 3077 τοῦς
3442 3014 3757 3090 Ἰουδαίους

484 3101 631 3157 Deus
658 3104 750 3169 sit,
792 3106 877 3161 vel
906 3107 999 3164 Dei
1042 3109 1229 3165 Filius.
1262 3112 1460 3167 Verum
1488 3114 1555 3170 de
1586 3114 1669 3169 his
1699 3117 1919 3185 quidem
1955 3118 2055 3174 sic.

2161 3104 2541 3173 διαλεγόμενος
2575 3107 2603 3157 6
2632 3106 2867 3175 Χριστὸς
2909 3104 3082 3170 οὕτως
3112 3107 3355 3176 εἴρηκεν,
3382 3107 3465 3160 ὅτι
3498 3126 3517 3159 ι
3546 3109 3730 3177 ,Προσ-

484 3192 642 3249 Nunc
680 3204 862 3251 autem
904 3202 1199 3257 secundam
1237 3204 1591 3273 inspiciamus
1619 3208 1941 3267 Mahometis
1964 3212 2060 3266 de-

488 3288 963 3353 monstrationem,
1012 3306 1119 3361 qua
1166 3294 1299 3349 dicit
1357 3296 1638 3353 Christum
1688 3316 1812 3356 cum
1858 3301 2061 3357 Judazis

485 3376 851 3447 disputantem
875 3382 955 3436 sic
980 3382 1221 3439 dixisse:
1264 3404 1283 3437 ι
1314 3386 1548 3443 Adorate
1583 3390 1751 3445 Deum
1796 3406 1975 3446 meum
2006 3398 2062 3445 et

484 3469 657 3523 Deum
706 3481 967 3534 vestrum.
1003 3482 1060 3528 et
1105 3474 1399 3551 Dominum,
1450 3484 1631 3535 meum
1681 3490 1737 3536 et
1770 3484 2059 3538 Dom'num

483 3570 750 3618 vestrum.
793 3583 809 3616 ι
851 3565 960 3620 Nos
986 3567 1167 3636 itaque
1200 3578 1327 3623 ante
1355 3570 1423 3625 de
1464 3570 1768 3627 Mahomete
1796 3573 2057 3638 diximus,

482 3654 630 3723 quod
661 3670 1065 3726 nonnunquam
1088 3658 1309 3727 quidem
1346 3661 1698 3730 impudenter
1732 3664 2054 3726 mentiatur,

485 3761 881 3815 nonnunquam
912 3765 1043 3803 vero
1071 3750 1283 3804 veritati
1312 3751 1508 3806 falsum
1542 3754 1840 3809 admisceat
1868 3773 1882 3807 :
1913 3755 2057 3825 quod

484 3835 628 3890 idem
672 3837 724 3890 in
763 3840 1017 3906 praesenti
1052 3840 1157 3894 hoc
1185 3852 1509 3910 argumento
1538 3843 1691 3897 facit.
1726 3844 1881 3899 Hunc
1910 3848 2056 3900 enim

484 3927 590 3981 sibi
644 3928 803 3981 tinent
860 3930 1167 3997 proposuit,
1215 3940 1277 3983 ut
1324 3947 1422 3999 pro
1475 3934 1616 3987 virili
1654 3949 1749 3987 sua
1802 3937 2058 3991 universo

494 4020 698 4074 mundo
751 4020 1101 4087 persuadeat,
1154 4030 1212 4075 ut
1261 4021 1541 4077 Christum
1593 4040 1693 4079 nec
1742 4026 1911 4080 Deum
1961 4043 2059 4083 nec

494 4112 585 4165 Dei
636 4112 832 4165 Filium
882 4128 1004 4167 esse
1052 4113 1458 4179 confiteantur;
1507 4126 1841 4186 quaprOpter
1892 4119 2056 4173 etiam

489 4204 598 4269 hic,
626 4203 890 4273 quidquid
930 4204 984 4258 in
1019 4213 1257 4259 mentem
1286 4207 1455 4268 venit,
1479 4208 1744 4277 loquitur.
1782 4208 2059 4279 Prmcipue

489 4306 669 4350 autent
711 4296 916 4351 'falsum
962 4308 1047 4352 est
1084 4298 1230 4367 quod
1280 4298 1347 4353 ad
1393 4299 1612 4355 Judazos
1643 4301 1897 4356 Christus
1944 4302 2060 4359 haec

490 4387 735 4454 dixerit;
763 4389 962 4443 deinde
993 4388 1198 4443 Christi
1244 4404 1424 4444 sermo
1456 4390 1620 4445 etiam
1657 4390 1777 4447 talis
1812 4407 1920 4449 non
1952 4399 2053 4446 est.

2162 3199 2372 3250 κυνεῖτε
2414 3198 2505 3249 τὸν
2537 3197 2671 3250 Θεόν
2721 3216 2821 3267 μου
2863 3199 2959 3251 καὶ
2996 3199 3129 3252 Θεὸν
3178 3198 3355 3268 ὑμῶν,
3397 3200 3495 3252 καὶ
3528 3200 3729 3269 Κύριόν

2163 3306 2267 3358 μου
2319 3289 2411 3342 καὶ
2455 3289 2658 3360 Κύριον
2705 3290 2881 3359 ὑμῶν.
2915 3309 2934 3343 ι
2987 3291 3181 3360 ’Πμείς
3219 3288 3349 3357 γοῦν
3396 3289 3733 3359 προείπομεν

2162 3382 2292 3450 περὶ
2343 3381 2438 3434 τοῦ
2491 3383 2761 3452 Μωάμεθ,
2823 3383 2973 3445 ὅπως
3021 3382 3100 3451 πῆ
3135 3382 3232 3445 μὲν
3286 3381 3731 3450 ἀνερυθριάστως

2161 3470 2311 3537 λέγει
2345 3471 2407 3524 τὸ
2434 3471 2649 3541 ψεῦδος,
2679 3474 2756 3541 πῆ
2792 3473 2847 3525 δὲ
2877 3474 3100 3542 μίγνυσι
3133 3476 3198 3542 τῇ
3230 3472 3459 3543 ἀληθεία
3503 3472 3565 3524 τὸ
3608 3471 3737 3541 ψεῦ-

2160 3564 2271 3626 δος,
2305 3566 2382 3626 ὠς
2423 3565 2518 3617 καὶ
2546 3564 2603 3617 ὲν
2643 3567 2709 3635 τῇ
2742 3564 2996 3636 παρούσῃ
3022 3563 3292 3628 ἀποδείξει
3330 3566 3568 3617 ἐκείνου.
3600 3565 3733 3617 Σκο-

2162 3655 2397 3725 πὸνιγάρ
2427 3655 2602 3721 ἔθετο,
2656 3656 2744 3710 ἵνα
2773 3658 2913 3710 κατά
2944 3658 3126 3710 πᾶσαν
3164 3655 3329 3711 αὐτδῦ
3376 3656 3477 3724 τὴν
3501 3657 3736 3729 δύναμιν

2161 3746 2468 3818 καταπείσῃ
2504 3748 2594 3800 τὸν
2626 3747 2840 3801 ἅπαντα
2883 3748 3107 3818 κόσμον,
3143 3750 3238 3802 καὶ
3276 3747 3402 3802 οὔτε
3441 3749 3579 3804 Θεὸν
3610 3752 3739 3821 ὀμο-

2159 3839 2432 3908 λογήσωσι
2464 3838 2556 3892 τὸν
2610 3840 2869 3910 Χριστὸν,
2902 3838 3025 3893 οὔτε
3068 3840 3205 3894 Θεοῦ
3264 3840 3395 3894 Υἱόν
3415 3856 3429 3870 ·
3462 3842 3556 3895 διὰ
3580 3842 3739 3896 τοῦτο

2162 3933 2255 3985 καὶ
2287 3932 2429 3985 κατά
2462 3932 2523 3985 τὸ
2552 3933 2723 4001 παρὸν
2749 3933 2898 4001 λέγει
2942 3933 3083 4002 ἆπερ
3110 3934 3204 3986 καὶ¹
3232 3933 3401 4001 λέγει.
3441 3935 3614 3988 Ἀλλὰ
3643 3936 3736 3989 καὶ

2161 4021 2587 4095 προηγουμένως
2608 4024 2802 4093 ψεῦδός
2830 4026 2999 4087 ἐστιν,
3028 4025 3112 4078 ὅτι
3136 4025 3273 4093 πρὸς
3299 4024 3423 4089 τοὺς
3444 4026 3737 4088 Ἰουδαίους

2160 4110 2284 4168 εἷπε
2317 4115 2477 4168 τοῦτο
2514 4117 2542 4168 6
2596 4116 2853 4185 Χριστός.
2890 4115 3156 4184 Δεύτερον
3205 4116 3250 4168 δ’
3298 4117 3379 4169 ὅτι
3432 4117 3548 4169 οὐδ’
3583 4110 3735 4177 οὗτός

2161 4208 2311 4258 ἐστιν
2336 4208 2364 4259 6
2394 4205 2487 4258 τοῦ
2520 4204 2756 4274 Χριστοῦ
2792 4206 2973 4272 λόγος,
3011 4204 3149 4259 ἀλλὰ
3193 4206 3331 4275 μετὰ
3359 4208 3458 4275 τὴν
3498 4207 3732 4259 ἀνάστα-

2162 4314 2245 4350 σιν
2294 4296 2383 4350 διὰ
2426 4297 2527 4366 τὴν
2579 4296 2876 4363 μέλλουσαν
2926 4295 3075 4366 αῦτῷ
3126 4297 3411 4365 γεγονέναι
3470 4296 3731 4365 ἀνάληψιν

2161 4385 2281 4440 εἷπε
2317 4390 2427 4449 τοῖς
2468 4385 2741 4455 μαθηταῖς
2772 4385 2963 4452 αὑτοῦ,
2990 4387 3072 4439 ὅτι
3106 4408 3124 4439 ι
3149 4387 3454 4439 Ἀναϐαίνω
3486 4387 3622 4458 πρὸς
3642 4387 3730 4437 τὸν

489 4482 757 4535 Caeterum
804 4490 929 4550 post
976 4483 1440 4545 resurrectionem
1492 4497 1657 4535 causa
1703 4481 1901 4535 futura:
1946 4497 2055 4537 sua:

2160 4478 2380 4548 Πατέρα
2414 4451 2514 4547 μου
2545 4451 2638 4531 καὶ
2674 4479 2892 4546 Πατέρα
2944 4478 3119 4547 ὑμῶν,
3167 4480 3263 4531 καὶ
3305 4465 3439 4530 Θεόν
3492 4451 3597 4547 μου
3642 4476 3734 4529 καὶ

492 4572 883 4642 assumptionis
906 4571 1045 4626 dixit
1084 4572 1371 4641 discipulis
1404 4572 1518 4626 suis
1544 4573 1628 4626 ἐς
1667 4591 1684 4623 ι
1722 4572 1971 4626 Ascendo
1993 4573 2061 4625 ad

490 4666 709 4719 Patrem
743 4679 924 4718 meum
957 4672 1012 4718 et
1051 4663 1265 4718 Patrem
1291 4672 1555 4729 vestrum,
1598 4671 1654 4718 et
1683 4663 1851 4717 Deum
1883 4678 2062 4717 meum

485 4769 540 4813 et
574 4758 743 4814 Deum
776 4768 1042 4812 vestrum.
1088 4775 1106 4808 ι
1142 4757 1209 4810 Et
1255 4756 1719 4826 quemadmodum
1771 4757 1823 4810 in
1875 4756 2061 4811 multis

490 4851 613 4906 aliis
665 4850 919 4906 Christus
967 4858 1025 4905 et
1071 4849 1217 4904 Deus
1264 4862 1320 4903 et
1377 4849 1541 4903 homo
1590 4848 1939 4912 declaratur;
1988 4850 2058 4902 ita

486 4945 653 4998 etiam
706 4946 758 4997 in
810 4942 915 4997 hoc
965 4943 1083 5012 ipso
1117 4956 1392 4997 sermone.
1429 4940 1565 4995 Cum
1614 4940 1761 4995 enim
1806 4940 2061 4995 Christus

489 5035 595 5089 hoc
635 5034 791 5099 dicit,
820 5052 839 5084 ι
865 5032 1119 5088 Ascendo
1146 5031 1214 5085 ad
1250 5031 1462 5085 Patrem
1516 5047 1696 5085 meum
1746 5041 1800 5085 et
1842 5031 2055 5085 Patrem

488 5135 754 5188 vestrum,
803 5144 821 5177 ι
879 5124 1125 5179 ostendit
1174 5138 1364 5179 verum
1417 5125 1562 5177 illius
1619 5125 1833 5179 Patrem
1888 5125 2055 5184 Deum

488 5234 630 5280 esse,
659 5226 714 5270 et
742 5217 1022 5272 Christum
1048 5216 1294 5285 ejusdem
1336 5231 1454 5269 csse
1485 5226 1693 5269 naturae
1718 5225 1771 5269 ct
1800 5217 2057 5269 substan-

486 5309 594 5362 tiae.
630 5308 976 5376 Quapropter
1025 5306 1325 5360 distinctim
1378 5306 1561 5359 dixit:
1618 5324 1635 5356 ι
1690 5307 1942 5361 Ascendo
1990 5307 2056 5361 ad

486 5400 703 5456 Patrem
746 5415 950 5454 meum.
991 5418 1009 5452 ι
1055 5399 1109 5455 Si
1151 5399 1310 5454 enim
1357 5398 1472 5468 ipse
1512 5398 1635 5452 aliis
1680 5399 2058 5453 tantummodo

489 5490 686 5545 similis
715 5498 880 5557 esset,
904 5490 971 5543 in
1001 5505 1219 5558 genere
1244 5490 1389 5543 hanc
1423 5490 1758 5543 locutionem
1798 5490 1850 5543 in
1882 5493 2056 5560 pritna

494 5599 727 5652 persona
757 5584 1094 5653 protulisset,
1148 5584 1376 5639 dicens:
1428 5581 1680 5638 Ascendo
1722 5581 1791 5637 ad
1836 5582 2055 5638 Patrem

2159 4571 2294 4623 Θεὸν
2328 4570 2502 4640 ὑμῶν.
2548 4589 2567 4622 ι
2607 4571 2718 4624 Καὶ
2761 4571 2961 4639 μᾶλλον
3009 4570 3201 4639 ὥσπερ
3233 4572 3323 4623 ἐπὶ
3372 4570 3593 4622 πολλῶν
3625 4570 3736 4622 ἑτέ-

2164 4679 2273 4731 ρων
2301 4663 2329 4713 ὁ
2362 4661 2600 4731 Χριστὸς
2628 4662 2991 4729 ἀναφαίνεται
3022 4662 3157 4723 Θεὸς
3200 4678 3259 4713 τε
3303 4663 3400 4715 καὶ
3427 4662 3734 4731 ἅνθρωπος,

2163 4753 2306 4807 οὕτω
2336 4753 2430 4806 καὶ
2477 4750 2568 4805 ἐπὶ
2608 4751 2705 4805 τοῦ
2738 4751 2897 4819 λόγου
2930 4751 3146 4807 τούτου.
3191 4752 3281 4804 Ἑν
3314 4753 3423 4821 γὰρ
3454 4753 3537 4823 τῷ
3566 4754 3738 4805 εἰπεῖν

2164 4848 2349 4900 τοῦτον
2381 4845 2472 4898 τὸν
2516 4843 2776 4914 Χριστὸν,
2805 4845 2887 4897 ὅτι
2925 4861 2945 4896 ι
3000 4842 3303 4897 Ἀναὸαίνω
3339 4844 3477 4913 πρὸς
3508 4846 3603 4895 τὸν
3630 4844 3738 4895 Πα-

2163 4940 2299 5008 τέρα
2334 4955 2437 5007 μου
2468 4937 2564 4989 καὶ
2615 4936 2835 5006 Πατέρα
2885 4934 3061 5005 ὑμῶν,
3095 4953 3114 4986 ι
3146 4934 3347 5000 ἔδειξεν
3396 4935 3480 4987 ὅτι
3514 4935 3738 5004 γνήσιος

2169 5029 2353 5098 Πατὴρ
2390 5027 2553 5080 αὑτοῦ
2592 5029 2737 5079 ἐστιν
2762 5029 2789 5078 ὁ
2827 5026 2982 5089 Θεὸς,
3012 5027 3108 5078 καὶ
3147 5026 3247 5094 τῆς
3286 5025 3477 5087 οὐσίας
3513 5028 3606 5078 καὶ
3638 5023 3738 5091 φύ-

2168 5138 2305 5183 σεως
2347 5119 2512 5172 αὑτοῦ
2545 5120 2692 5171 ἐστιν
2726 5120 2754 5170 6
2789 5118 3048 5187 Χριστός.
3096 5117 3204 5169 Καὶ
3251 5116 3338 5170 διὰ
3375 5116 3537 5170 τοῦτο
3566 5133 3753 5193 κεχωι-Ξ

2135 5213 2439 5305 ⁹ρισμὲνως
2488 5205 2643 5263 εἶπεν
2686 5210 2767 5262 ὅτι
2802 5228 2820 5260 ι
2871 5207 3169 5263 Ἀναϐαίνω
3214 5209 3351 5277 προς
3390 5208 3482 5259 τὸν
3520 5208 3767 5291 Πιτέριιιἱ

2167 5296 2295 5374 μου.
2331 5323 2346 5356 ι
2387 5304 2445 5355 Ei
2473 5304 2580 5372 γὰρ
2602 5302 2675 5365 ὼς
2705 5296 2784 5363 εἷς
2819 5301 2928 5353 τῶν
2959 5300 3169 5354 πολλῶν
3196 5300 3489 5369 εὑρίσκετο
3522 5300 3609 5351 καὶ
3636 5296 3729 5347 a6-

2162 5399 2273 5462 τὸς,
2305 5397 2499 5459 κοινῶς
2532 5396 2607 5458 ὡς
2638 5395 2729 5448 ἐπὶ
2762 5393 2982 5463 πρώτου
3012 5391 3311 5462 προσώπου
3342 5392 3533 5461 ἔμελλε
3562 5403 3727 5457 προσ-

2166 5490 2352 5556 φέρειν
2378 5488 2469 5541 τὸν
2492 5487 2670 5555 λόγον,
2701 5488 2796 5539 καὶ
2824 5470 2997 5538 εἰπεῖν
3030 5485 3131 5537 ὃτιο
3152 5465 3457 5536 Ἀνοῗϐαἰνω
3481 5482 3607 5551 πρὸς
3633 5477 3724 5528 τὸν

2168 5580 2383 5652 Πατέρα
2411 5579 2590 5651 ἡμῶν.
2625 5578 2700 5630 Τὸ
2732 5577 2775 5630 δ’
2810 5574 2952 5630 οὕτω
2982 5575 3409 5646 κεχωρισμένως
3436 5573 3602 5628 εἰπεῖν
3634 5565 3713 5629 τὸ,

571 5756 614 5785 ⁸³
652 5756 795 5809 Psal.
842 5772 967 5820 τιτι,
1018 5758 1095 5810 l2.
1175 5758 1218 5788 ⁸³
1258 5757 1411 5812 lottn.
1459 5775 1568 5825 \vt,
1618 5759 1698 5814 l3.
1776 5760 1820 5793 ⁸³
1861 5761 2015 5817 Joan.
2063 5777 2150 5825 xx,
2198 5761 2278 5813 l7.
2332 5804 2333 5807 η
