3928 6212
242 376 357 440 66]

1202 386 1503 448 CONTRA
1540 350 2027 449 MAHOMETEM
2065 387 2350 448 ORATIO
2392 389 2509 450 111.

3385 393 3493 456 670

256 486 560 541 ’Δναὸαίνω
592 488 726 559 πρὸς
769 492 859 544 τὸν
882 492 1097 563 Πατέρα
1135 513 1263 564 μου,
1296 501 1387 554 ἐπὶ
1415 500 1634 569 πρώτου
1660 515 1811 568 προσι

1930 508 2196 553 nostrum.
2246 500 2382 555 Cum
2434 516 2567 555 vero
2616 500 2918 556 distinctim
2951 501 3137 557 dicat:
3190 519 3209 553 1
3243 502 3495 559 Ascendu

238 578 421 640 ὠπου,
468 574 587 631 εῐτα
643 580 737 632 καὶ
788 582 1004 652 Πατέρα
1065 586 1240 655 ὑμῶν,
1274 589 1348 651 ὡς
1400 590 1493 642 ἐπὶ
1536 591 1815 660 δευτέρου,

238 672 466 733 πάντως
489 670 640 724 οὐδὲν
670 671 858 740 ἕτερον
888 675 1135 745 εἴρηκεν,
1159 679 1269 733 οὐδ’
1302 681 1433 734 ἀλλο
1460 684 1747 753 ἐδήλωσεν,
1782 684 1814 754 ἢ

235 763 330 817 δτι
355 762 516 825 αὐτὸς
553 763 652 833 μὲν
682 766 710 817 6
747 766 982 836 Χριστὸς
1012 768 1169 837 φύσει
1194 772 1343 824 ἐστὶν
1374 773 1501 836 Υίὸς
1527 774 1620 827 τοῦ
1643 774 1815 838 Θεοῦ,

236 855 296 905 οἱ
328 854 374 907 δ’
425 855 575 911 ἄλλοι
623 856 824 919 πάντες
872 859 1059 929 χάριτι
1087 877 1102 892 ·
1135 863 1212 924 ὡς
1258 864 1342 930 τὸ,
1400 884 1418 917 1
1466 865 1608 933 Ἐγὼ
1663 862 1812 933 εἶπα,

244 946 377 997 Θεοί
401 947 521 999 ἐστε
545 948 639 1001 καὶ
668 950 773 1001 υίοὶ
786 946 1044 1019 Ὑψίστου
1072 953 1295 1017 πάντες.
1333 975 1352 1007 1
1392 957 1497 1011 Τὸν
1528 959 1691 1010 αὐτὸν
1722 959 1815 1011 καὶ

237 1036 433 1103 ὅμοιον
481 1038 680 1107 τρόπον
732 1038 923 1107 ἐδήλου
958 1044 1055 1095 καὶ
1094 1045 1155 1097 τὸ
1191 1063 1211 1097 1
1251 1046 1385 1100 Θεόν
1418 1064 1521 1116 μου
1553 1049 1648 1101 καὶ
1681 1050 1816 1101 Θεὸν

236 1126 421 1195 ὑμῶν.
456 1145 475 1178 1
512 1130 620 1181 Καὶ
648 1129 729 1182 ὄτι
762 1131 861 1200 μὲν
902 1121 978 1195 ὡς
1011 1133 1500 1206 ἀνθρωποςεῐρηκε
1529 1138 1591 1191 τὸ
1623 1157 1641 1191 1
1679 1139 1813 1192 Θεόν

194 1230 197 1231 ⁷
238 1235 373 1287 μου,
412 1236 431 1269 1
466 1220 625 1273 παντί
655 1236 757 1275 που
786 1221 948 1289 δῆλον
971 1240 987 1256 ·
1018 1225 1137 1277 ἀλλ’
1184 1226 1293 1278 οὐδ’
1326 1228 1457 1281 αὐτὸ
1499 1228 1700 1297 ὁμοίως
1739 1231 1814 1293 ὡς

239 1310 450 1374 πάντες
499 1312 803 1383 ἄνθρωποι.
858 1316 951 1378 Εἰς
992 1318 1099 1385 γάρ
1147 1319 1356 1383 πάντας
1388 1320 1579 1388 ἁγίους
1606 1322 1815 1390 ἀνθρώ-

242 1417 385 1464 πους
437 1403 576 1455 κατά
610 1404 772 1472 χάριν
822 1404 1040 1469 λέγεται
1070 1409 1098 1460 6
1130 1407 1261 1473 Θεὸς
1290 1409 1423 1469 Θεὸς
1454 1412 1638 1465 αὐτῶν
1662 1426 1677 1442 ο
1737 1413 1812 1475 ὡς

234 1488 375 1542 ὅταν
406 1488 631 1559 λέγηται
652 1491 787 1554 Θεὸς
832 1494 1087 1565 ’Δόραὰμ
1110 1498 1208 1550 καὶ
1249 1499 1435 1553 Ἰσαὰκ
1465 1503 1561 1554 καὶ
1590 1500 1812 1564 Ὶακὼὸ,

236 1580 341 1631 καὶ
369 1580 477 1631 τῶν
527 1581 732 1647 ὁμοίων
763 1582 967 1648 αὐτοῖς.
998 1586 1107 1640 Καὶ
1151 1587 1260 1659 γάρ
1305 1591 1574 1661 πρότερον
1609 1592 1815 1663 καθαρ-

240 1671 431 1732 θέντες
482 1675 577 1727 καὶ
606 1672 1001 1743 ἀπονιψάμενοι
1030 1678 1127 1741 τὰς
1183 1680 1319 1744 ἰδίας
1370 1682 1665 1752 ἁμαρτίας,
1720 1686 1813 1737 καὶ

238 1762 529 1829 γενόμενοι
584 1764 753 1833 σκεύη
805 1765 987 1829 ἐλέους
1019 1767 1209 1823 ἔκτοτε
1257 1771 1503 1842 δέχονται
1555 1774 1653 1844 τὴν
1714 1776 1808 1829 τοῦ

245 1851 384 1904 Θεοῦ
410 1854 593 1922 χάριν,
628 1856 723 1908 καὶ
753 1855 996 1924 γίνονται
1020 1860 1127 1913 υἱοὶ
1170 1861 1331 1927 Θεοῦ,
1362 1864 1454 1917 καὶ
1483 1864 1812 1930 ὀνομάζεται

241 1942 272 1993 6
304 1940 437 2004 Θεὸς
459 1942 596 2005 Θεὸς
624 1945 828 2000 αὐτῶν.
846 1946 970 2000 ’Ettl.
992 1947 1048 2001 δι
1078 1947 1173 2002 τοῦ
1203 1950 1446 2020 Χριστοῦ
1471 1954 1569 2024 οὐχ
1596 1953 1773 2018 οὕτως
1794 1970 1811 1987 ο

240 2034 376 2087 ἀλλὰ
405 2036 595 2105 Πατὴρ
622 2036 788 2090 αὐτοῦ
810 2037 1028 2107 λέγεται
1052 2042 1079 2093 6
1108 2041 1261 2104 Θεὸς,
1279 2043 1413 2096 διότι
1451 2045 1687 2116 γέννημα
1712 2048 1812 2116 τῆς

244 2125 595 2189 ὑποστάσεως
624 2126 716 2180 τοῦ
742 2130 952 2198 Πατρός
975 2132 1112 2196 ἐστι,
1141 2133 1232 2184 καὶ
1261 2133 1359 2203 μία
1388 2139 1567 2203 φύσις.
1594 2138 1688 2191 καὶ
1716 2138 1813 2206 μία

244 2216 421 2279 οὐσία,
438 2217 530 2269 καὶ
559 2218 770 2287 θεότης,
792 2223 887 2274 καὶ
908 2221 1136 2292 δύναμις
1160 2225 1371 2294 Πατρὸς
1394 2230 1486 2279 καὶ
1517 2229 1644 2281 Υίοῦ
1668 2232 1804 2284 ἐστι.

250 2308 379 2371 Θεὸς
405 2310 460 2363 δὲ
489 2309 586 2362 τοῦ
619 2312 857 2381 Χριστοῦ
882 2314 1102 2382 λέγεται
1124 2318 1211 2371 διὰ
1235 2318 1334 2388 τὴν
1356 2318 1479 2371 καθ’
1513 2322 1810 2375 ὑπόστασιν

253 2396 444 2451 ἕνωσιν
465 2400 559 2453 τοῦ
588 2401 717 2455 Υίοῦ
750 2404 825 2472 τῷ
854 2407 1268 2476 προσλήμματι,
1296 2410 1417 2478 οὐχὶ
1448 2409 1502 2461 δὲ
1528 2413 1663 2465 κατά
1687 2415 1811 2475 τοὺς

246 2490 453 2557 ἁγίους.
491 2493 603 2546 Καὶ
630 2494 717 2547 διὰ
748 2496 907 2550 τοῦτο
932 2494 1052 2551 εἷπε
1084 2501 1179 2554 ml.
1236 2506 1367 2571 περὶ
1398 2506 1589 2559 τούτου
1634 2524 1808 2577 κεχω-

241 2585 514 2653 ρισμένως
541 2588 623 2653 τὸ,
668 2605 688 2638 1
736 2590 1041 2645 Ἀναϐαίνω
1094 2593 1231 2663 πρὸς
1282 2596 1373 2648 τὸν
1401 2598 1533 2650 Θεόν
1576 2616 1679 2669 μου
1712 2599 1810 2652 καὶ

237 2675 372 2728 Θεὸν
409 2676 587 2742 ὑμῶν.
619 2697 638 2729 1
675 2679 903 2743 Βλέπεις
938 2682 1054 2745 πῶς
1084 2685 1179 2736 1111i.
1202 2686 1268 2738 τά
1292 2687 1554 2742 δοκοῦντα
1578 2690 1809 2744 ταπεινά

235 2764 331 2817 ἐπὶ
372 2766 467 2818 τοῦ
500 2768 738 2835 Χριστοῦ
774 2770 952 2843 μέγαν
997 2772 1093 2824 καὶ
1134 2774 1390 2843 ὑπερφυᾶ
1424 2778 1519 2830 καὶ
1567 2779 1808 2841 ἐξαίσιον

235 2856 353 2924 ἔχει
388 2859 480 2911 τὸν
509 2859 673 2927 νοῦν;
707 2860 899 2916 Τοίνυν
930 2866 988 2930 ἐξ
1032 2866 1233 2929 αὐτῶν,
1264 2862 1338 2920 ὧν
1370 2872 1398 2923 6
1445 2871 1545 2939 μὲν
1576 2872 1808 2940 Χριστὸς

235 2951 420 3012 καλῶς
466 2953 710 3021 εἴρηκεν,
744 2956 772 3007 6
821 2955 878 3007 δὲ
914 2957 1158 3026 Μωάμεθ
1202 2960 1390 3023 κακῶς
1441 2962 1805 3033 προσέφερεν,

233 3041 598 3110 ἀναφαίνεται
622 3048 650 3099 6
676 3047 909 3117 Χριστὸς
951 3048 1081 3112 Θεός
1110 3066 1169 3102 τε
1195 3052 1289 3103 καὶ
1317 3051 1622 3122 ἄνθρωπος.

312 3249 374 3306 ε’.
408 3254 528 3305 Ἔτι
584 3253 828 3322 ἀρνεῖται
864 3255 962 3324 μὲν
996 3257 1023 3309 6
1056 3256 1301 3327 Μωάμεθ
1338 3257 1397 3310 τὸ
1436 3258 1526 3312 τὸν
1571 3258 1808 3328 Χριστὸν

232 3343 371 3396 Υἰὸν
398 3340 537 3397 εἶναι
568 3344 718 3397 Θεοῦε
734 3347 826 3398 καὶ
853 3348 984 3399 Θεόν
1005 3364 1020 3380 ο
1045 3350 1293 3417 ἀρνεῖται
1316 3350 1370 3402 δὲ
1402 3350 1498 3403 καὶ
1523 3352 1603 3403 ὅτι
1640 3350 1809 3419 ἐσαρο

233 3433 415 3500 κὼθη.
461 3433 618 3485 Ἀλλά
651 3432 802 3502 ψιλὸν
832 3436 990 3503 μόνον
1020 3435 1305 3505 ἄνθρωπον
1332 3436 1475 3503 λέγει
1508 3436 1648 3490 κατὰ
1691 3438 1807 3490 Νε-

232 3523 473 3592 στόριον,
518 3522 612 3575 καὶ
682 3523 745 3575 ὲκ
792 3524 1060 3594 παρθένου
1130 3526 1508 3596 γεγεννῆσθαι,
1568 3528 1720 3594 ἅγιον
1755 3526 1811 3579 δὲ

236 3615 386 3683 ὑπὲρ
418 3617 627 3675 πάντας
659 3615 999 3686 ἀνθρώπους,
1033 3616 1128 3669 καὶ
1173 3618 1355 3686 σοφὸν⁹
1396 3617 1490 3670 καὶ
1530 3618 1811 3689 προφήτην

234 3707 471 3776 μείζονα
518 3708 737 3760 πάντων
783 3708 892 3760 τῶν
932 3708 1251 3779 προφητῶν.
1289 3710 1394 3761 Καὶ
1426 3710 1603 3779 ῥητῶς
1638 3711 1814 3778 ὑπερ-

233 3800 530 3869 άνθρωπον
577 3800 764 3852 τοῦτον
793 3802 967 3863 καλεῖ,
994 3802 1127 3871 Θεὸν
1160 3802 1215 3855 δὲ
1247 3802 1339 3854 καὶ
1378 3802 1510 3854 Θεοῦ
1556 3802 1682 3854 Υἱὸν
1721 3802 1812 3853 οὐ·

230 3888 449 3957 δαμῶς.
484 3889 637 3943 Ἐπεὶ
672 3888 859 3958 γοῦνή
888 3890 1038 3943 πᾶσα
1073 3894 1430 3960 πραγματεία
1455 3890 1550 3959 τῆς
1578 3908 1633 3942 τε
1666 3890 1813 3961 πρώι-

230 3997 339 4048 της
370 3981 460 4033 mi
499 3980 755 4050 δευτέρας
786 3981 879 4032 καὶ
909 3981 1098 4049 τρίτης
1126 3974 1420 4049 ἀπολογίας
1458 3982 1616 4034 τοῦτό
1643 3983 1809 4048 ἐστιν,

232 4074 325 4125 ἵνα
360 4072 568 4141 δειχθῇ,
597 4074 743 4135 ὅπως
771 4075 797 4125 ὁ
822 4073 1052 4141 Χριστὸς
1081 4072 1212 4135 Θεὸς
1236 4076 1329 4125 καὶ
1352 4072 1486 4125 Θεοῦ
1521 4073 1646 4134 Υἱός
1672 4074 1811 4135 ἐστι,

235 4164 337 4217 καὶ
369 4164 516 4220 ὅπως
553 4163 687 4226 Θεὸς
723 4164 799 4216 ῶν
833 4164 921 4216 ἐπ’
948 4165 1191 4233 ἐσχάτων
1230 4165 1338 4216 τῶν
1380 4163 1603 4233 ἡμερῶν
1630 4164 1811 4216 λαῦὼν

238 4258 306 4307 ἐκ
341 4256 442 4323 τῆς
479 4255 638 4321 ἁγίας
679 4255 954 4326 Παρθένου
1006 4257 1209 4325 σάρκα,
1232 4255 1449 4323 ἐγένετο
1484 4255 1685 4318 τέλειος
1716 4256 1807 4308 άν·

237 4348 485 4416 θρωπος,
514 4336 703 4416 ῶσπερ
736 4349 830 4399 καὶ
869 4347 1073 4411 τέλειος
1108 4347 1260 4412 Θεὸς,
1294 4345 1550 4414 περιττὸν
1584 4347 1674 4398 καὶ
1711 4363 1819 4397 πασί

236 4440 435 4509 ρέλκον
492 4439 637 4491 δοκεῖ
682 4440 769 4493 ἵνα
802 4441 894 4492 καὶ
928 4439 1083 4501 αὖθις
1127 4440 1194 4491 τὰ
1244 4438 1382 4491 αὐτὰ
1408 4438 1809 4507 ἐπιχειρῶμεν

1919 591 1983 643 ad
2021 591 2235 647 Patrem
2268 607 2470 657 meum,
2503 612 2522 646 1
2549 594 2600 645 in
2636 594 2810 663 prima
2842 609 3100 664 persona,
3139 594 3361 660 deinde,
3392 614 3411 648 1
3441 608 3496 651 et

1917 690 2125 751 patrem
2179 694 2445 745 vestrum,
2486 702 2505 734 1
2538 684 2693 752 quasi
2747 685 2801 737 in
2855 685 3118 747 secunda,
3149 684 3286 739 nihil
3344 686 3495 741 aliud

1917 772 2142 826 omnino
2175 772 2335 835 dixit,
2383 788 2486 826 nec
2538 773 2685 826 aliud
2754 773 3081 838 signiﬁcavit
3132 791 3293 844 quam
3347 777 3494 845 quod

1918 861 2034 930 ipse
2089 860 2341 917 Christus
2395 872 2588 915 natura
2649 862 2721 915 sit
2790 863 2878 917 Dei
2946 864 3156 919 Filius:
3190 865 3303 919 alii
3360 882 3493 920 vero

1917 966 2128 1016 omnes,
2158 952 2346 1021 gratia.
2388 951 2544 1006 Sicut
2569 961 2623 1007 et
2655 952 2822 1007 illud:
2861 972 2879 1005 1
2909 954 3021 1025 Ego
3055 955 3188 1018 dixi,
3224 957 3307 1011 Dii
3338 960 3489 1023 estis,

1916 1053 1971 1098 et
1996 1044 2312 1114 omneslilii
2332 1044 2593 1099 Altissimi
2621 1045 2687 1097 ⁸⁵.
2716 1064 2732 1096 1
2772 1045 3037 1100 Eumdem
3070 1047 3233 1114 igitur
3252 1050 3493 1104 similem

1916 1134 2138 1189 modum
2175 1134 2280 1189 hoc
2340 1142 2518 1198 notat,
2556 1153 2574 1185 1
2618 1133 2789 1187 Deum
2837 1150 3018 1188 meum
3071 1145 3124 1189 et
3171 1136 3338 1190 Deum
3395 1128 3491 1191 re-

1916 1236 2112 1281 strum.
2157 1244 2176 1277 1
2224 1227 2291 1280 Et
2326 1226 2470 1295 quod
2518 1241 2619 1280 ceu
2652 1226 2817 1280 homo
2865 1226 2968 1279 hoc
3012 1225 3231 1290 dixerit,
3272 1245 3289 1277 1
3322 1228 3490 1281 Deum

1915 1326 2119 1383 meum,
2161 1337 2180 1370 1
2225 1333 2322 1388 per
2361 1317 2545 1372 omnia
2575 1318 2781 1373 clarum
2811 1327 2913 1373 est.
2950 1319 3152 1372 Verum
3184 1334 3358 1387 neque
3390 1319 3494 1374 hoc

1915 1408 2167 1464 similiter
2216 1418 2275 1462 ut
2320 1423 2514 1463 omnes
2566 1408 2818 1461 homines
2878 1408 3039 1463 dixit.
3107 1409 3193 1463 De,
3236 1410 3492 1463 omnibus

1914 1500 2059 1553 enim
2093 1499 2295 1553 sanctis
2331 1497 2645 1553 hominibus
2687 1497 2911 1563 dicitur,
2964 1498 3135 1552 Deum
3166 1514 3288 1553 esse
3315 1498 3486 1553 Deum

1915 1591 2180 1661 ipsorum,
2234 1606 2331 1660 per
2380 1590 2609 1659 gratiam
2656 1589 2907 1645 scilicet:
2969 1599 3029 1644 ut
3076 1605 3205 1645 cum
3263 1590 3493 1657 dicitur,

1920 1700 1939 1733 1
1976 1683 2117 1737 Deus
2150 1681 2448 1748 Abraham,
2483 1679 2631 1735 Isaac
2651 1690 2703 1735 et
2733 1680 2924 1746 lacch,
2963 1699 2983 1732 1
3023 1690 3079 1735 et
3102 1680 3187 1735 his
3208 1666 3493 1735 similium.

1916 1772 2076 1828 Prius
2110 1774 2255 1827 enim
2293 1772 2541 1827 mundati
2586 1781 2640 1827 et
2670 1771 2851 1827 abluti
2890 1786 2921 1827 a
2961 1772 3199 1840 propriis
3229 1774 3490 1841 peccatis,

1916 1873 1972 1920 et
1994 1864 2387 1919 misericordia:
2431 1878 2557 1918 vasa
2590 1863 2743 1929 facti,
2768 1862 3003 1932 gratiam
3033 1863 3131 1917 Dei
3161 1864 3489 1933 suscipiunt,
3566 1878 3583 1897 ο

1913 1965 1971 2011 et
2014 1955 2110 2010 lilii
2140 1955 2235 2010 Dei
2285 1955 2610 2020 redduntur,
2644 1954 2898 2023 Deusque
2940 1954 3157 2009 illorum
3189 1955 3335 2009 Deus
3370 1968 3491 2008 esse

1913 2045 2136 2100 dicitur.
2188 2046 2245 2097 In
2274 2042 2493 2098 Christo
2519 2052 2703 2098 autem
2734 2057 2843 2097 non
2884 2042 2988 2107 sic,
3032 2041 3125 2098 sed
3158 2043 3303 2097 Deus
3335 2042 3492 2096 Pater

1914 2136 2062 2191 illius
2091 2150 2211 2190 esse
2249 2135 2479 2189 dicitur.
2512 2133 2861 2204 Quapropter
2906 2133 3092 2211 proles
3135 2146 3205 2189 ex
3257 2148 3489 2203 persona

1913 2226 2087 2283 Patris
2111 2236 2214 2289 est,
2254 2235 2309 2279 et
2331 2241 2436 2279 una
2470 2234 2691 2290 natura,
2723 2239 2830 2279 una
2860 2214 3194 2289 substantia,
3225 2223 3488 2277 divinitas

1911 2327 1967 2372 et
1995 2317 2239 2386 potentia
2288 2316 2466 2371 Patris
2505 2325 2593 2371 est
2646 2328 2701 2370 et
2740 2315 2885 2369 Filii.
2921 2316 3068 2369 Deus
3114 2329 3245 2368 vero
3285 2312 3487 2367 Christi

1910 2425 2034 2465 esse
2088 2409 2313 2471 dicitur,
2367 2418 2591 2477 propter
2644 2409 2905 2463 unionem
2964 2406 3089 2462 Filii
3115 2422 3240 2461 cum
3297 2405 3488 2459 eodem

1911 2511 2271 2572 cognomento
2301 2500 2606 2553 secundum
2636 2500 3021 2564 sushtantiam,
3049 2513 3161 2553 non
3189 2497 3487 2551 secundum

1910 2614 2221 2659 sanctorum
2247 2600 2719 2671 consuetudinem.
2749 2598 2928 2665 Quare
2955 2600 3117 2654 etiam
3139 2598 3206 2653 de
3233 2598 3339 2653 hoc
3367 2598 3489 2652 dis-

1910 2695 2119 2749 tinctim
2165 2691 2303 2746 dixit
2344 2709 2358 2745 ι
2395 2709 2414 2741 ι
2450 2689 2703 2749 Ascendo
2728 2689 2795 2742 ad
2822 2689 2993 2742 Deum
3021 2702 3202 2743 meum
3228 2697 3282 2741 et
3312 2688 3483 2741 Deum

1911 2798 2171 2842 vestrum.
2204 2804 2223 2836 1
2279 2783 2466 2847 Vides,
2521 2779 2798 2851 quomodo
2844 2795 2909 2835 ea
2958 2795 3080 2849 qua:
3152 2780 3378 2835 humilia
3434 2780 3490 2832 in

1908 2877 2131 2933 ChriSto
2165 2884 2312 2939 sunt,
2348 2887 2570 2929 sensum
2602 2872 2800 2927 habent
2822 2882 3100 2941 magnum,
3136 2871 3394 2925 eximium
3436 2878 3493 2923 et

1908 2967 2329 3026 admirandum?
2362 2967 2442 3021 Ex
2488 2966 2576 3020 his
2631 2965 2947 3035 ergo,‘:qu:e
2984 2963 3233 3019 Christus
3273 2962 3490 3032 quidem

1911 3065 2051 3119 bene
2117 3063 2334 3116 locutus
2383 3068 2489 3121 est,
2539 3057 2681 3112 male
2757 3071 2888 3111 vero
2946 3056 3133 3111 citavit
3187 3056 3487 3119 Mauomet,

1831 3159 1874 3217 ε
1905 3164 2119 3215 constat
2140 3154 2425 3209 Christum
2462 3151 2636 3205 Deum
2667 3163 2790 3203 esse
2820 3158 2877 3202 et
2905 3148 3209 3203 hominem.

1988 3250 2042 3305 5.
2069 3248 2241 3317 Negat
2304 3254 2569 3313 praeterea
2637 3241 2910 3296 Mahomet
2971 3240 3247 3296 Christum
3295 3239 3490 3293 Filium

1914 3343 2009 3398 Dei
2034 3353 2156 3395 esse
2187 3345 2242 3392 et
2282 3336 2476 3395 Deum,
2507 3342 2667 3402 negat
2689 3333 2853 3386 etiam
2879 3330 3023 3400 quod
3054 3331 3368 3385 incarnatus
3396 3331 3487 3393 sit,

1916 3430 2127 3487 nudum
2184 3442 2314 3481 vero
2373 3424 2505 3479 dicit
2562 3422 2840 3477 hominem
2901 3424 3199 3477 secundum
3254 3422 3491 3477 Nestorii

1918 3518 2268 3580 sententiam,
2306 3525 2363 3570 et
2406 3530 2472 3569 ex
2514 3513 2720 3582 virgine
2772 3522 2960 3566 natum
3013 3530 3025 3565 :
3082 3513 3490 3573 sanctissimum

1915 3628 2047 3669 vero
2072 3624 2191 3667 esse
2221 3607 2467 3664 omnium
2492 3603 2799 3669 hominum,
2824 3602 3147 3673 sapientem,
3168 3612 3223 3657 et
3248 3603 3487 3672 prophe-

1920 3716 2031 3761 tam
2061 3702 2307 3760 omnium
2335 3699 2727 3770 prophetarum
2769 3696 3082 3750 maximum.
3116 3695 3185 3749 Et
3209 3694 3491 3749 manifesto

1917 3799 2066 3853 hunc
2100 3793 2418 3850 hominibus
2453 3789 2900 3845 excellentiorem
2956 3801 3076 3841 esse
3106 3786 3261 3851 dicit,
3316 3786 3486 3839 Deum

1918 3903 2047 3942 vero
2081 3886 2285 3954 Deique
2308 3882 2501 3938 Filium
2535 3896 2646 3935 non
2681 3894 2822 3935 esse.
2853 3877 2987 3933 Cum
3028 3881 3211 3947 itaque
3238 3877 3490 3931 universa

1918 3979 2174 4037 secundae
2216 3986 2272 4031 et
2305 3976 2479 4031 tertiae
2506 3973 2779 4043 Apologia:
2814 3974 3062 4026 tractatio
3098 3971 3150 4023 in
3177 3970 3279 4023 hoc
3308 3984 3487 4043 νει-τεο

1922 4082 2028 4136 tur,
2062 4081 2123 4126 ut
2157 4050 2515 4131 ostendatur,“
2540 4065 2821 4121 Christum
2867 4074 2923 4119 et
2954 4065 3121 4119 Deum
3160 4079 3280 4118 esse
3314 4071 3369 4117 et
3392 4062 3488 4116 Dei

1918 4163 2138 4227 Filium,
2168 4169 2223 4215 et
2258 4158 2404 4229 quod
2442 4159 2585 4212 Dens
2622 4157 2895 4212 exsistens
2937 4155 3198 4211 extremis
3228 4154 3490 4223 tempori-

1921 4251 2023 4303 bus
2046 4263 2112 4303 ex
2140 4255 2326 4301 sancta
2354 4246 2575 4315 Virgine
2616 4252 2892 4314 assumpta
2919 4260 3082 4299 carne
3120 4245 3282 4298 homo
3316 4243 3493 4298 factus

1920 4340 1990 4393 sit
2019 4335 2314 4407 perfectus,
2336 4333 2797 4404 quemadmodum
2822 4342 2876 4388 et
2896 4333 3059 4386 homo
3081 4333 3354 4402 perfectus
3374 4342 3489 4397 est;

1919 4442 2386 4497 supervacaneum
2433 4434 2490 4481 et
2534 4424 2694 4479 nimis
2729 4425 2950 4495 longum
3000 4426 3219 4479 videtur
3267 4425 3402 4489 fore,
3446 4427 3490 4480 si

233 4533 417 4584 ἐκεῖσε
449 4532 559 4600 γὰρ
591 4531 800 4597 τρανῶς
828 4530 1200 4583 ἀποδέδεικται
1249 4530 1277 4581 6
1319 4528 1553 4599 Χριστὸς
1588 4528 1719 4592 Θεό,
1748 4545 1807 4581 τε

1921 4523 2109 4575 quidem
2155 4534 2345 4574 rursus
2390 4517 2834 4589 aggrederemur.
2885 4517 2998 4572 Illic
3030 4518 3175 4571 enim
3208 4518 3495 4572 manifes'e

236 4623 339 4675 καὶ
366 4621 674 4689 ἄνθρωπος.

321 4793 397 4858 ς’.
427 4796 549 4846 ¹Ἔτι
582 4795 744 4863 φησὶν
782 4796 810 4846 6
855 4792 1100 4862 Μωάμεθ
1140 4792 1214 4861 μὴ
1263 4791 1367 4843 ὑπὸ
1395 4791 1503 4843 τῶν
1544 4791 1814 4845 Ἰουδαίων

243 4889 338 4941 τὸν
392 4887 628 4957 Χριστὸν
684 4884 1055 4953 ἀναιρεθῆναι,
1091 4884 1227 4952 μήτε
1254 4883 1652 4954 σταυρωθῆναι,
1680 4883 1815 4937 ἀλλά

242 4995 370 5031 τινα
387 4978 575 5045 ἕτερον
593 4975 784 5046 ἐκείνῳ
802 4977 1007 5045 ὅμοιον,
1032 4976 1124 5027 καὶ
1144 4974 1285 5027 κατά
1313 4976 1614 5043 φαντασίαν
1640 4976 1814 5027 ἐδόκει

239 5074 335 5125 τὸν
387 5070 623 5140 Χριστὸν
677 5067 1076 5136 ἐσταυρῶσθαι,
1121 5068 1447 5136 Μανιχαίοις
1481 5067 1811 5120 ἀκολουθῶν.

240 5166 463 5226 Ὠσπερ
502 5162 607 5232 γάρ
654 5160 969 5223 σπουδάζων
1022 5160 1336 5227 εὑρίσκεται
1397 5161 1582 5212 πεῖσαι
1638 5159 1815 5211 πάντα

240 5257 533 5326 ᾰιθρωπον
582 5254 705 5314 οὔτε
764 5254 895 5305 Θεὸν
928 5252 1053 5305 οὔτε
1100 5253 1235 5306 Θεοῦ
1265 5253 1393 5305 Υίὸν
1424 5250 1685 5314 δέξασθαι
1720 5252 1812 5331 τίεν

240 5350 508 5419 Χριστὸν,
538 5347 681 5400 οῦτω
712 5348 809 5399 καὶ
834 5346 985 5417 πάσῃ
1005 5347 1226 5413 δυνάμει
1257 5344 1572 5409 σπουδάζει,
1608 5344 1694 5395 ἵνα
1721 5344 1815 5396 καὶ

238 5440 344 5508 τὴν
370 5440 644 5505 ἑνσαρκονο
662 5435 853 5488 τούτου
884 5436 1196 5502 οἰκονομίαν
1222 5434 1522 5504 ἀνατρέψῃ,
1555 5433 1688 5486 ἀλλά
1719 5434 1812 5486 καὶ

242 5534 335 5581 τὶν
371 5528 582 5581 ἐκείνου
630 5526 882 5579 θάνατον.
918 5525 1108 5593 Ἡμεῖς
1142 5525 1272 5587 γοῦν
1309 5526 1404 5577 καὶ
1444 5526 1573 5592 περὶ
1618 5524 1810 5577 τούτου

244 5622 477 5688 εἴπομεν
508 5619 562 5669 ὲν
595 5620 661 5688 τῇ
701 5618 929 5687 δευτέρα
977 5615 1262 5687 ἀπολογία,
1313 5617 1407 5671 καὶ
1448 5616 1811 5686 ἀπεδείξαμεν

318 5778 362 5807 ⁸⁵
406 5777 551 5855 l‘sal.
594 5792 777 5839 uxxt,
819 5778 869 5830 G.

1920 4612 2353 4667 demonstratum
2395 4618 2501 4676 est,
2531 4607 2813 4664 Christum
2850 4619 2904 4664 et
2943 4607 3113 4664 Deum
3139 4623 3260 4663 esse
3296 4618 3351 4663 et
3398 4609 3494 4662 ho-

1919 4704 2142 4757 minem.

1990 4795 2042 4849 ϐ.
2096 4795 2332 4848 Rursum
2362 4793 2495 4848 dicit
2535 4793 2843 4857 Mahomet,
2880 4808 2988 4847 non
3019 4792 3297 4847 Christum
3331 4807 3358 4844 a
3399 4791 3493 4846 Ju-

1921 4885 2055 4940 dwis
2086 4885 2328 4939 occisum
2355 4895 2411 4939 et
2448 4883 2767 4938 cruciﬁxum
2801 4898 2942 4949 esse,
2970 4883 3064 4937 sed
3106 4883 3271 4936 alium
3303 4898 3492 4952 quem-

1920 4980 2041 5032 dam
2075 4977 2150 5031 illi
2194 4976 2426 5030 similem
2465 4991 2481 5029 ε
2512 4981 2568 5028 et
2598 4975 2741 5043 quod
2768 4990 2866 5044 per
2904 4973 3348 5042 imaginationem
3387 4973 3490 5027 fal-

1920 5085 2035 5124 sam
2098 5068 2365 5131 vidcatur,
2416 5064 2695 5120 Christum
2757 5079 2877 5119 esse
2926 5064 3269 5126 cruciﬁxum,
3321 5065 3493 5119 Mani-

1921 5163 2194 5218 chmorum
2229 5160 2544 5229 opinionem
2582 5168 2824 5213 secutus.
2877 5158 3348 5224 Quemadmodum
3387 5158 3493 5211 hoc

1916 5253 2036 5321 ejus
2071 5249 2313 5305 Studium
2347 5265 2467 5304 esse
2499 5250 2821 5319 percipitur,
2850 5264 2957 5319 quo
2981 5250 3239 5304 omnibus
3263 5265 3489 5319 persua-

1917 5344 2045 5398 deat
2070 5359 2138 5397 ne
2161 5342 2439 5398 Christum
2470 5342 2637 5396 Deum
2669 5340 2871 5409 Deique
2901 5340 3098 5395 Filium
3132 5357 3251 5397 esse
3293 5342 3496 5397 admit~

1918 5440 2069 5499 tant;
2120 5431 2388 5485 ita/etiam
2425 5429 2571 5483 onmi
2609 5428 2791 5484 studio
2833 5429 2888 5483 in
2925 5429 3030 5484 hoc
3079 5440 3183 5492 est,
3239 5440 3299 5483 ut
3340 5430 3492 5482 illius

1918 5522 2185 5577 incarnati
2218 5537 2435 5575 omnem
2487 5520 3017 5574 administrationem
3070 5519 3373 5584 subvertat,
3420 5520 3491 5573 si-

1918 5612 2031 5668 mul
2070 5622 2123 5669 et
2156 5612 2297 5672 illius
2327 5622 2576 5668 mortem.
2610 5610 2721 5668 Nos
2759 5610 2941 5682 itaque
2970 5610 3037 5667 de
3077 5610 3268 5667 eodem
3311 5614 3364 5665 in
3399 5626 3486 5665 δυο
