3928 6212
441 368 545 435 671

1663 371 1951 432 OANNIS
1989 375 2043 432 C.

2150 372 2518 434 l‘ACUZENI
3545 382 3630 444 θέε),

446 487 627 543 cunda
657 485 916 558 Apologia
969 486 1228 550 diximus,
1263 486 1560 556 multisque
1612 490 1951 558 argumentis
1977 497 2035 542 et

2147 487 2223 540 Ξιὰ
2270 487 2482 539 πολλῶν
2529 487 2982 556 ἐπιχειρημάτων
3033 486 3127 539 καὶ⁹
3158 487 3485 563 ἀποδείξεων,
3513 493 3634 557 ὅπως

449 577 1013 633 demonstrationibus
1056 577 1346 643 evicimus,
1395 580 1541 647 quod
1593 580 1849 635 Christus
1885 583 2026 635 Deus

450 678 506 723 et
535 669 631 724 Dei
677 667 848 723 Filius
894 668 1280 738 pcrfectusquc
1312 670 1476 724 homo
1511 671 1581 724 sit
1638 674 2024 727 Verumtamen

450 759 614 812 ctiam
662 773 810 811 nunc
864 757 916 810 in
949 761 1203 827 praesenti
1261 762 1340 814 sic
1375 762 1628 816 dicimus.
1685 764 1861 817 Homo
1901 780 2023 818 cum

450 863 548 916 per
575 848 805 917 gratiam
843 849 934 902 Dei
983 851 1159 919 imago
1187 865 1351 917 esset,
1385 853 1586 908 diaboli
1639 855 1838 910 invidia
1872 857 2026 911 insti-

449 949 632 1009 gante,
673 941 768 994 Dei
831 953 1167 1013 praeceptum
1239 953 1632 1014 transgressus.
1687 949 2028 1004 maledictio-

449 1048 574 1087 nem
611 1049 640 1088 a
680 1033 792 1089 Deo
818 1036 1049 1104 accepit,
1085 1046 1139 1091 et
1179 1037 1431 1106 paradiso
1477 1041 1684 1109 ejectus
1734 1050 1838 1106 est,
1885 1059 2030 1097 mor-

452 1131 669 1192 temque
703 1126 1016 1194 acquisivit.
1048 1127 1218 1182 Filius
1247 1143 1378 1184 vero
1427 1132 1542 1194 Dei,
1577 1133 1752 1202 imago
1799 1135 1892 1190 Dei
1934 1151 2028 1190 na-

452 1215 704 1268 turaliter
729 1216 1022 1281 exsistens,
1075 1234 1194 1272 eam
1245 1236 1366 1288 quae
1416 1225 1718 1278 secundum
1797 1229 2025 1296 gratiam

449 1313 568 1358 erat
600 1305 694 1359 Dei
729 1306 1019 1376 imaginem
1054 1308 1253 1375 induit,
1295 1312 1347 1364 id
1391 1323 1475 1366 est
1525 1315 1819 1372 humanam
1871 1329 2032 1374 natu-

452 1408 588 1455 ram,
615 1393 897 1466 ipsamque
927 1399 1174 1468 salvavit,
1203 1413 1260 1456 et
1300 1403 1353 1457 in
1389 1405 1673 1474 pristinam
1729 1410 2026 1466 beatitudi-

455 1498 580 1536 nem
617 1486 880 1543 restituit.
935 1489 1164 1558 Insuper
1210 1496 1668 1562 quemadmodum
1709 1503 1882 1555 oratio
1934 1519 2029 1571 per

453 1574 654 1644 linguae
713 1579 1138 1637 instrumentum
1190 1584 1385 1653 ipsius.
1417 1588 1584 1643 animi
1644 1593 2029 1650 meditationes

452 1667 698 1734 exponit,
751 1671 830 1725 sic
869 1673 1032 1727 etiam
1067 1674 1260 1730 Sermo
1302 1678 1396 1733 Dei
1431 1680 1629 1747 Patris,
1667 1698 1760 1752 per
1806 1700 2025 1739 carnem

457 1755 637 1812 Patris
667 1760 750 1813 sui
783 1763 1013 1818 consilia
1052 1765 1331 1829 revelavit,
1367 1768 1622 1840 illiusque
1661 1771 2022 1828 divinitatem.

2139 580 2168 631 6
2201 579 2436 646 Χριστὸς
2482 578 2611 641 Θεὸς
2651 577 2747 630 καὶ
2776 576 2910 630 Θεοῦ
2960 575 3086 639 Υἰδς
3134 578 3222 630 καί
3256 578 3438 642 τέλειος
3466 581 3635 650 mpm.

2135 685 2233 731 πος
2290 668 2679 722 ἁναδὲδεικται.
2730 668 2870 720 Ἀλλ’
2901 669 3049 737 ὅμως
3100 669 3190 721 καὶ
3240 670 3371 722 κατὰ
3407 672 3460 724 τὺ
3493 676 3637 741 παρῆν

2133 761 2363 830 λέγομεν
2391 761 2584 825 οὓτως,
2614 762 2695 813 ὅτι
2736 764 2762 814 6
2802 759 3109 830 ἄνθρωπος,
3139 760 3292 814 εἰκὼν
3319 761 3386 814 ὢν
3420 764 3501 816 τοῦ
3527 765 3637 817 Θεοῦ

2139 855 2280 904 κατὰ
2337 835 2519 921 χάριν,
2559 852 2739 921 φθόνῳ
2773 852 3019 905 διαϐὀλου
3050 851 3148 920 τὴν
3178 852 3384 921 ἐντολὴν
3417 854 3500 905 τοῦ
3531 853 3639 906 Θεοῦ

2141 947 2422 1015 παραϐὰς,
2477 944 2637 997 ἔλαϐε
2697 944 2943 1015 κατάραν
2987 944 3095 997 ἀπὸ
3128 944 3280 1008 Θεοῦ,
3310 949 3398 997 καὶ
3421 945 3640 1014 ἐξεϐλήθη

2136 1037 2230 1088 τοῦ
2271 1055 2343 1089 πα
2357 1037 2624 1106 ραδείσου,
2646 1037 2852 1089 καὶτὸν
2876 1035 3108 1100 θάνατον
3148 1034 3491 1104 ἐκληρώσατο.
3527 1034 3576 1086 '0
3597 1036 3642 1087 δὲ

2135 1126 2265 1186 Υἱὸς
2295 1127 2387 1178 τοῦ
2418 1125 2574 1190 Θεοῦ,
2607 1126 2768 1178 εἰκὼν
2797 1125 2960 1179 αὐτοῦ
2995 1126 3059 1193 δὴ
3083 1124 3175 1178 τοῦ
3204 1124 3331 1177 Θεοῦ
3367 1125 3492 1178 κατὰ
3515 1125 3644 1191 φύσιν

2138 1217 2417 1287 ὑπάρχων,
2459 1217 2746 1270 ἐνεδύσατο
2797 1218 2895 1288 τὴν
2920 1218 3063 1270 κατὰ
3097 1217 3254 1286 χάριν
3290 1218 3484 1279 εἰκόνα,
3515 1232 3648 1268 τουτ-

2136 1305 2250 1359 έστι
2283 1307 2382 1375 τὴν
2422 1308 2771 1378 ἀνθρωπείαν
2808 1308 2992 1377 φύσιν,
3045 1310 3138 1361 καὶ
3155 1309 3347 1361 ἔσωσεν
3380 1306 3546 1376 αὐτὴν,
3575 1311 3646 1357 καὶ

2137 1398 2218 1460 εἰς
2241 1399 2341 1467 τὴν
2361 1400 2599 1469 ἀρχαίαν
2630 1402 3012 1471 μακαριότητα
3044 1397 3198 1464 αὖθις
3236 1401 3505 1478 ἀνήγαγεν.
3533 1402 3646 1460 Ἔτι,

2136 1489 2325 1558 ὥσπερ
2351 1493 2415 1542 τὰ
2451 1491 2542 1544 τοῦ
2573 1492 2662 1544 νοῦ
2715 1493 2994 1562 κινήματα
3028 1494 3055 1558 6
3083 1492 3254 1559 Λόγος
3286 1492 3368 1544 διὰ
3400 1493 3484 1560 τῆς
3506 1491 3650 1558 γλώσ-

2138 1596 2237 1648 σης
2261 1579 2394 1647 δῆλα
2439 1584 2602 1645 ποιεῖ,
2625 1582 2766 1634 οὕτω
2792 1583 2885 1636 καὶ
2915 1583 2942 1634 6
2975 1584 3134 1650 λόγος
3177 1581 3268 1636 τοῦ
3301 1581 3429 1635 Θεοῦ
3459 1585 3542 1635 καὶ
3567 1583 3654 1633 [ιι-

2134 1670 2262 1734 τρδς
2309 1671 2398 1724 διὰ
2456 1672 2555 1742 τῆς
2606 1673 2810 1743 σαρκὸς
2842 1673 3078 1745 ἐδήλωσε
3109 1675 3176 1727 τὰ
3205 1675 3294 1726 τοῦ
3327 1673 3449 1725 ἰδίου
3481 1673 3653 1740 Ηατρὸς

2141 1758 2480 1829 βουλήματα,
2510 1762 2604 1814 καὶ
2653 1763 2752 1832 τὴν
2791 1763 2958 1817 αὑτοῦ
3013 1763 3267 1833 θεότητα.
3316 1764 3453 1828 Ἔτι,
3500 1760 3656 1828 ὥσπερ

458 1844 526 1899 Et
552 1849 1013 1916 quemadmodum
1058 1870 1186 1924 rege
1230 1855 1417 1926 aliquo
1465 1875 1628 1914 unam
1673 1861 1894 1916 domum
1942 1880 2037 1933 po-

2147 1850 2406 1920 βασιὶέως
2443 1853 2522 1915 εἰς
2553 1853 2610 1906 ἓν
2641 1853 2853 1924 οἴκημα
2884 1856 3207 1924 οἰκήσαντος
3240 1855 3435 1916 πόλεως
3467 1853 3659 1922 μυριάν-

456 1939 819 2006 pulosissima:
848 1943 1088 2000 civitatis
1118 1947 1461 2006 inhabitants
1493 1962 1604 2008 tota
1641 1955 1835 2009 civitas
1864 1956 2038 2010 hosti-

457 2029 561 2086 bus
590 2033 887 2090 terribilior
919 2039 1166 2110 redditur
1214 2057 1227 2093 :
1271 2043 1351 2098 sic
1396 2043 1616 2100 Christo
1646 2063 1813 2102 unum
1868 2049 2032 2104 inha-

457 2120 669 2177 bitante
709 2139 930 2195 corpus,
965 2130 1144 2185 omnis
1181 2132 1419 2188 humana
1449 2144 1644 2192 natura
1676 2138 1896 2214 diabolo
1925 2140 2039 2196 for-

457 2215 772 2272 midabilior
799 2219 942 2274 facta
967 2228 1072 2277 est.
1114 2222 1181 2276 Et
1212 2225 1316 2280 hoc
1355 2243 1420 2280 ex
1458 2229 1791 2300 martyribus
1816 2239 1873 2286 et
1915 2246 2039 2286 san-

460 2306 562 2357 clis
599 2309 744 2363 «lare
787 2311 1082 2383 colligitur,
1127 2317 1219 2386 qui
1249 2327 1479 2374 mortem
1507 2335 1604 2375 ceu
1641 2337 1752 2375 rem
1798 2322 1955 2377 nihili
1985 2332 2042 2379 et

464 2409 717 2452 somnum
748 2401 1156 2473 iudicaverunt,
1194 2410 1537 2466 daemonibus
1564 2427 1698 2466 vero
1738 2428 1840 2467 ceu
1869 2414 2041 2470 servis

460 2489 576 2541 suis
602 2503 1003 2563 praeceperunt.
1047 2499 1203 2554 Sicut
1253 2502 1422 2571 igitur
1465 2505 1741 2561 occultare
1789 2517 2040 2574 conatur,

460 2579 607 2646 quod
637 2579 888 2640 Christus
929 2588 1072 2643 Deus
1101 2599 1157 2644 et
1196 2591 1292 2646 Dei
1322 2591 1492 2648 Filius
1524 2596 1617 2662 sit,
1652 2597 1732 2652 sic
1761 2599 1924 2652 etiam
1957 2598 2042 2652 in?

462 2672 836 2728 carnationem
866 2676 1035 2742 illius,
1069 2681 1200 2748 quin
1232 2690 1287 2736 et
1314 2694 1546 2738 mortem
1577 2697 1632 2748 et
1684 2689 2043 2743 resurrectio-

465 2775 592 2814 nem
623 2762 786 2834 hujus
810 2765 1108 2846 obscurare
1164 2770 1380 2835 nititur,
1437 2783 1492 2826 et
1545 2785 1834 2846 propterea
1890 2780 2044 2834 illum

466 2850 602 2906 dicit
647 2869 752 2909 non
784 2871 906 2911 esse
942 2859 1284 2915 cruciﬁxum.
1315 2861 1585 2919 Caeterum
1629 2868 1734 2922 hoc
1759 2871 2045 2928 manifeste

465 2943 658 3000 falsum
690 2957 792 3003 est.
835 2951 902 3004 Et
937 2953 1133 3021 primo,
1172 2957 1316 3024 quod
1353 2957 1396 3012 si
1435 2974 1545 3013 non
1600 2961 1892 3019 crucifixus
1941 2975 2044 3031 est,

463 3039 621 3109 cujus
648 3041 722 3095 rei
751 3043 925 3111 gratia
963 3043 1265 3102 Christiani
1316 3050 1370 3103 in
1403 3050 1680 3107 Christum
1729 3071 1843 3110 rem
1881 3057 2049 3114 finxe-

463 3139 592 3183 runt
625 3131 1137 3203 injuriosissimam?
1188 3139 1388 3198 Crucis
1415 3144 1562 3198 enim
1608 3158 1839 3203 mortem
1884 3149 2044 3203 inho-

2139 1941 2292 2011 δρου,
2334 1943 2458 1996 τότε
2491 1946 2554 2010 δὴ
2597 1947 2749 2000 πᾶσα
2801 1949 2833 2015 ἠ
2889 1947 3045 2008 πόλις
3094 1946 3303 2016 φοϐερὰ
3343 1947 3534 2014 γίνεται
3570 1946 3659 2005 τοῖς

2139 2033 2502 2098 ὑπεναντίοις,
2529 2037 2670 2089 οὕτω
2695 2037 2788 2090 τοῦ
2829 2039 3069 2108 Χριστοῦ
3103 2041 3160 2093 ὲν
3211 2041 3292 2094 ἑνὶ
3322 2038 3518 2106 σώματι
3541 2036 3663 2102 οἰκή·

2141 2141 2360 2188 σαντος,
2393 2130 2543 2181 πᾶσα
2573 2129 2736 2195 φύσις
2763 2129 3070 2200 ἀνθρώπων
3112 2132 3321 2201 φοϐερὰ
3363 2130 3438 2199 τῷ
3472 2129 3665 2196 διαϐόλῳ

2139 2217 2374 2284 ἐγένετο.
2415 2220 2523 2272 Καὶ
2561 2215 2744 2289 δῆλοί
2762 2221 2870 2275 ἀπό
2911 2239 2969 2274 τε
3021 2223 3136 2275 τῶν
3177 2223 3476 2293 μαρτύρων,
3505 2221 3598 2274 ἀπό
3619 2237 3665 2272 τε

2142 2309 2250 2362 τῶν
2273 2311 2459 2374 ὁσίων,
2491 2312 2572 2365 ὅτι
2605 2313 2696 2364 τὸν
2729 2313 2827 2381 μὲν
2855 2311 3091 2369 θάνατον
3121 2313 3238 2366 ἀντ’
3261 2313 3462 2375 οὐδενὸς
3497 2313 3582 2364 καὶ
3607 2309 3667 2370 ὡς

2143 2403 2315 2457 ὕπνον
2334 2405 2496 2457 αὐτὸν
2527 2405 2867 2473 ἐλογίσαντο,
2897 2407 3009 2469 τοῖς
3031 2405 3090 2458 δὲ
3123 2405 3368 2474 δαίμοσιν
3396 2404 3666 2463 ἐπέταττεν,

2147 2496 2401 2564 καθάπερ
2423 2495 2628 2559 δούλοις
2650 2496 2851 2552 αὐτῶν.
2891 2497 3107 2567 Ὥσπερ
3140 2499 3271 2566 γοῦν
3298 2497 3545 2565 κρύπτειν
3573 2508 3669 2545 πει·

2145 2589 2306 2659 ρᾶται
2341 2588 2402 2640 τὺ
2440 2588 2530 2642 τὸν
2583 2589 2818 2658 Χριστὸν
2879 2589 3008 2642 Θεὸν
3056 2592 3156 2644 καὶ
3215 2589 3348 2642 Θεοῦ
3383 2590 3500 2640 Υἰδν
3539 2584 3668 2646 εἶναι,

2143 2679 2285 2733 οὕτω
2320 2682 2412 2733 καί
2444 2680 2541 2749 τὴν
2580 2679 2845 2750 ἕνσαρκόν
2888 2681 3053 2733 αὑτοῦ
3108 2682 3439 2748 οἰκονομίαν,
3481 2677 3598 2731 ἀλλὰ
3622 2675 3672 2742 δὴ

2146 2772 2238 2826 καὶ
2272 2773 2363 2824 τὸν
2411 2771 2640 2825 θάνατον
2670 2773 2762 2825 καὶ
2809 2772 2906 2842 τὴν
2937 2773 3264 2827 ἀνάστασιν.
3299 2773 3404 2827 Καὶ
3434 2771 3513 2824 διὰ
3547 2767 3674 2821 τοῦτο

2146 2863 2295 2929 λέγει
2327 2863 2401 2932 μὴ
2435 2861 2837 2931 ἐσταυρῶσθαι,
2871 2863 3008 2916 ἀλλὰ
3048 2863 3212 2916 τοῦτό
3260 2864 3375 2916 ἐστι
3399 2859 3577 2930 ψεῦδος
3604 2872 3675 2906 σα-

2149 2955 2267 3023 φές.
2305 2956 2414 3007 Καὶ
2467 2955 2710 3024 πρῶτον,
2767 2955 2850 3008 ὅτι
2903 2953 3067 3026 εἰπερ
3118 2956 3220 3009 οὐκ
3253 2951 3573 3022 ἐσταυρώθη,
3603 2945 3675 2999 τοῦ

2149 3031 2308 3113 διάριν
2347 3045 2656 3100 ἐπλάσαντο
2706 3047 2755 3098 οἰ
2807 3047 3134 3116 Χριστιανοὶ
3194 3046 3337 3100 κατὰ
3361 3044 3451 3098 τοῦ
3480 3035 3678 3107 Χριστοῦ

2153 3136 2388 3204 πρᾶγμα
2434 3136 2766 3206 ἐφύϐριστον
2792 3154 2820 3201 ;ι
2842 3137 2932 3189 τὸν
2976 3137 3090 3206 γὰρ
3120 3137 3209 3190 διὰ
3239 3133 3469 3206 σταυροῦ
3494 3132 3680 3184 θάνατον

463 3232 674 3278 nestam
709 3235 765 3280 et
820 3227 1076 3285 infamem
1129 3247 1251 3290 esse
1299 3234 1593 3304 ducebant,
1655 3248 1710 3294 ct
1756 3252 2040 3311 propterea

2150 3191 2345 3295 ἄτιμον
2385 3191 2487 3279 καὶ.
2522 3191 2708 3291 ἄδοξον
2749 3191 3081 3296 ἐλογίζοντο,
3126 3229 3220 3282 καὶ
3258 3227 3346 3281 διὰ
3380 3191 3529 3278 ζτοῦτο
3553 3218 3682 3298 κατέ·

464 3315 712 3374 iufelices
731 3320 902 3376 ,ἰυύωί
933 3322 1213 3381 Christum
1244 3327 1536 3384 Dominum
1561 3331 1748 3402 gloriae
1775 3333 1878 3390 h‘oc
1901 3351 2046 3389 mors

354 3415 404 3430 "
464 3407 538 3464 tis
583 3425 786 3480 genere
852 3417 1381 3474 condemnaverunt.
1448 3421 1650 3476 Verum
1718 3423 2042 3494 intelligant,

465 3503 610 3572 quod
645 3521 745 3575 per
777 3511 961 3563 crucis
1013 3521 1280 3580 tropaeum
1339 3522 1394 3568 et
1442 3514 1739 3569 salutarem
1792 3526 2045 3585 mortem,

466 3610 590 3664 quae
621 3596 736 3667 ipsa
761 3598 927 3654 ctiam
955 3600 1066 3656 Dei
1085 3602 1380 3659 inﬁrmitas
1402 3605 1509 3660 dici
1538 3606 1736 3667 solent.
1768 3608 2048 3665 dissoluta:

466 3687 783 3744 sintomnes
819 3693 975 3747 malae
1003 3702 1057 3748 et
1082 3695 1325 3752 adversae
1349 3706 1668 3767 potestates.
1699 3701 1804 3756 Per
1828 3718 2046 3757 crucem

467 3780 724 3835 tenebras
747 3783 936 3838 mundi
969 3783 1199 3856 depulit,
1238 3797 1293 3842 et
1317 3787 1493 3843 lucem
1530 3791 1774 3846 scientia
1796 3793 2036 3848 reduxit.

467 3870 573 3925 Per
601 3887 822 3928 crucem
858 3883 916 3930 et
965 3885 1198 3932 mortem
1251 3878 1398 3933 illius
1446 3894 1582 3934 crux
1620 3881 1898 3938 confracta
1940 3895 2046 3950 cst,

468 3978 571 4018 nec
601 3967 838 4034 amplius
871 3981 1022 4022 mors
1068 3978 1173 4033 est,
1230 3983 1333 4024 nec
1394 3969 1596 4025 diaboli
1653 3974 1920 4042 tyrannis.
1986 3978 2050 4031 Et

468 4071 670 4126 corpus
699 4058 920 4127 quidem
951 4060 1151 4115 Christi
1184 4072 1461 4117 mortuum
1503 4071 1609 4126 est,
1643 4065 1917 4134 sepultum
1945 4077 2046 4134 est,

467 4159 524 4203 et
558 4151 890 4217 resurrexit;
948 4153 1206 4208 divinitas
1257 4170 1387 4209 vero
1434 4155 1583 4211 illius
1641 4157 1911 4226 passionis
1953 4176 2050 4213 ex-

470 4257 596 4309 pers
646 4245 969 4312 permansit.
1021 4246 1496 4313 Quemadmodum
1543 4250 1688 4305 enim
1721 4251 1865 4321 regis
1898 4268 2053 4306 man-

469 4334 655 4388 datum
704 4335 758 4390 in
805 4337 995 4392 charta
1049 4339 1414 4410 descriptum,
1478 4340 1642 4396 etiam
1689 4342 1879 4397 charta
1927 4358 2050 4398 cor-

471 4437 631 4494 rupta
659 4426 1036 4497 incorruptum
1089 4437 1145 4484 et
1196 4429 1516 4487 inviolatum
1560 4425 1844 4502 permanet
1901 4453 1915 4489 :
1970 4435 2054 4489 sic

2147 3336 2340 3389 κριναν
2370 3320 2462 3373 τὸν
2495 3321 2730 3391 Χριστὸν
2761 3322 2852 3374 τὸν
2899 3321 3112 3393 Κύριον
3154 3322 3254 3392 τῆς
3299 3318 3451 3389 δόξης
3490 3317 3534 3369 οἰ
3553 3313 3687 3367 τάλαι

2148 3428 2235 3473 νες
2274 3412 2516 3466 Ἰουδαῖοι
2564 3415 2655 3466 τὸν
2698 3415 2940 3466 τοιοῦτον
2971 3412 3237 3483 θάνατον.
3291 3412 3449 3467 Ἀλλὰ
3494 3407 3683 3477 γνώτω·

2149 3519 2247 3555 σαν
2277 3503 2357 3555 ὅτι
2397 3503 2483 3556 διὰ
2521 3504 2612 3557 τοῦ
2650 3504 2743 3557 τοῦ
2795 3505 3028 3576 σταυροῦ
3079 3505 3343 3576 τροπαίου
3408 3501 3495 3554 καί
3518 3497 3592 3552 διὰ
3611 3492 3685 3546 τοῦ

2149 3590 2416 3660 σωτηρίου
2447 3591 2700 3656 θανάτου,
2743 3593 2904 3648 ἅτινα
2929 3596 3020 3647 καὶ
3056 3595 3316 3648 ἀσθένεια
3337 3590 3466 3645 Θεοῦ
3499 3584 3688 3642 καλοῦν-

2148 3699 2257 3747 ται,
2292 3683 2664 3755 κατελύθησαν
2697 3688 2867 3739 πᾶσαι
2895 3687 2952 3739 αἰ
2973 3689 3215 3758 πονηραὶ
3236 3686 3332 3740 κτιιί⁵
3357 3683 3687 3750 ἀντικείμενα

2148 3775 2428 3845 δυνάμεις,
2460 3778 2546 3831 διὰ
2570 3779 2660 3830 τοῦ
2694 3779 2928 3850 σταυροῦ
2963 3779 3024 3833 τὸ
3053 3782 3248 3842 σκότος
3281 3780 3377 3848 τῆς
3407 3771 3689 3842 οἰκουμένης

2150 3869 2420 3939 ἀπήλασεν
2454 3869 2513 3920 τὸ
2533 3869 2588 3922 δὲ
2608 3871 2718 3936 φῶς
2748 3870 3135 3939 τῆςιγνώσεως
3159 3872 3490 3940 ἐπανήγαγε,
3523 3865 3596 3918 διὰ
3615 3858 3688 3912 τοῦ

2156 3959 2388 4030 σταυροῦ
2417 3962 2510 4013 καί
2539 3961 2632 4014 τοῦ
2662 3963 2891 4015 θανάτου
2931 3957 3103 4016 αὑτοῦ
3139 3962 3458 4034 κατελύθηό
3478 3959 3687 4016 θάνατος,

2152 4054 2247 4105 καί⁵
2266 4054 2365 4106 οὐκ
2401 4053 2480 4106 ἔτι
2529 4056 2650 4109 ἐστί
2693 4056 2921 4120 θάνατος
2953 4057 3050 4110 καὶ
3088 4061 3122 4129 ἡ
3147 4058 3403 4128 τυραννὶς
3439 4053 3527 4106 τοῦ
3546 4049 3691 4104 διαϐό-

2152 4143 2271 4198 λου.
2303 4146 2414 4198 Καὶ
2439 4145 2500 4197 τὺ
2548 4147 2648 4216 μὲν
2683 4148 2839 4217 σῶμα
2872 4149 2964 4201 τοῦ
3013 4150 3268 4218 Χριστοῦ
3323 4146 3576 4207 ἀπέθανε,
3617 4139 3690 4192 καὶ

2154 4235 2351 4305 ἐτάφη.
2394 4240 2486 4290 καὶ
2507 4239 2730 4310 ἀνέστη.
2762 4240 2792 4310 ὴ
2825 4240 2880 4292 δὲ
2939 4240 3134 4311 θεότης
3164 4241 3338 4295 αὑτοῦ
3378 4239 3577 4302 ἀπαθὴς
3603 4230 3693 4284 διέ-

2157 4343 2365 4394 μεινεν.
2402 4328 2614 4399 ’Ὠσπερ
2640 4329 2747 4398 γὰρ
2787 4330 3051 4399 βασιλέως
3087 4333 3245 4400 λόγος
3285 4334 3341 4384 ἐν
3375 4330 3539 4400 χάρτῖι
3558 4340 3694 4377 κατα·

2156 4418 2411 4487 γραφεὶς,
2443 4419 2601 4489 εἴπερ
2634 4421 2661 4473 6
2698 4421 2907 4489 χάρτης
2950 4422 3262 4493 διαφθαρῇ,
3285 4426 3313 4475 6
3343 4421 3434 4475 τοῦ
3471 4416 3694 4490 βασιλέως

469 4523 635 4576 etiam
674 4522 730 4577 in
756 4522 976 4598 Christo
1033 4524 1299 4595 contigit;
1358 4540 1558 4596 corpus
1615 4527 1840 4597 quidem
1903 4527 2043 4582 illius

2154 4508 2310 4576 λόγος
2345 4508 2621 4580 ἄφθαρτος
2646 4511 2914 4580 διαμένει,
2941 4512 3087 4565 οὕτω
3113 4515 3210 4565 καί
3235 4517 3328 4566 ἐπὶ
3359 4511 3450 4566 τοῦ
3474 4502 3694 4579 Χριστοῦ.

471 4613 884 4685 corruptionem
915 4616 1178 4685 suscepit,
1221 4626 1278 4671 et
1305 4627 1584 4672 mortuum
1615 4629 1718 4686 est,
1743 4621 2052 4690 corruptio-

473 4723 596 4762 nem
631 4723 763 4762 vero
793 4707 1098 4763 absolutam
1129 4707 1394 4773 minimc;
1451 4709 1713 4765 divinitas
1763 4722 1945 4766 autem
1985 4712 2054 4767 il-

471 4801 580 4856 lius
613 4799 867 4870 passione
899 4798 1048 4853 omni
1085 4799 1282 4854 caruit.
1315 4799 1465 4854 Deus
1493 4800 1638 4854 enim
1684 4817 1793 4856 non
1825 4804 2051 4872 patitur.

478 4892 760 4959 Secundo,
789 4890 894 4962 ipsi
926 4891 1091 4945 etiam
1128 4890 1301 4946 Judaei
1336 4905 1527 4946 omnes
1567 4892 1770 4948 Christi
1825 4903 2052 4949 mortem

475 4993 784 5050 testantur;
820 5000 942 5038 nam
975 4985 1166 5039 dicunt
1203 4998 1262 5037 se
1305 4982 1457 5037 illum
1489 4999 1588 5038 ceu
1627 4984 1933 5041 maleficum
1965 5003 2057 5042 oc-

474 5078 698 5133 cidisse.
729 5077 937 5140 Tertio,
971 5093 1078 5132 non
1128 5078 1180 5131 in
1210 5078 1467 5133 abstruso
1493 5087 1549 5133 ct
1579 5078 1903 5134 abscondito
1933 5080 2055 5134 loco

474 5180 729 5224 mortuus
763 5177 870 5228 cst,
905 5175 966 5222 ut
1011 5183 1159 5227 mors
1197 5168 1344 5222 illius
1369 5169 1661 5230 celaretur,
1707 5177 1764 5224 et
1799 5185 1902 5223 una
1930 5185 2053 5224 cum

477 5271 656 5318 morte
683 5261 832 5316 illius
867 5275 1087 5330 quoque
1126 5262 1490 5327 resurrectio;
1531 5261 1626 5316 sed
1653 5261 1954 5316 secundum
1977 5261 2057 5315 di-
2088 5269 2093 5274 '

479 5355 663 5409 viuam
721 5351 1124 5407 ordinationem
1170 5367 1317 5406 mors
1355 5352 1571 5406 Domini
1605 5353 1661 5407 in
1705 5362 1919 5422 tempus
1960 5351 2059 5408 Pa-

479 5447 627 5501 scha:
658 5443 872 5507 incidit,
917 5453 974 5497 ut
1017 5441 1170 5512 juxta
1223 5441 1682 5497 consuetudinem
1731 5442 1911 5496 omnis
1963 5441 2060 5496 Ju—

480 5540 723 5594 darorum
751 5534 1046 5590 multitudo
1067 5543 1509 5604 congregaretur,
1542 5533 1830 5588 duodecim
1849 5533 2060 5588 scilicet

481 5628 678 5694 tribus,
712 5627 1079 5695 omnibusque
1123 5640 1270 5680 mors
1304 5625 1508 5680 Christi
1566 5626 1953 5687 innotesceret,
1989 5640 2059 5680 ne

481 5719 624 5772 forte
691 5718 872 5772 locum
925 5717 1234 5771 invenirent
1282 5716 1543 5787 aliquem,
1610 5716 1704 5784 qui
1762 5716 2061 5771 Salvatoris

485 5819 720 5868 mortem
769 5819 1035 5878 cuperent
1077 5810 1276 5877 celare,
1326 5823 1382 5867 ut
1419 5812 1471 5866 iu
1525 5810 1777 5882 pru'scuti
1827 5821 2060 5865 conatur

2153 4599 2215 4652 τὸ
2241 4599 2340 4670 μὲν
2378 4600 2536 4669 σῶμα
2563 4602 2773 4655 ἐκείνου
2825 4603 2920 4656 καὶ
2959 4604 3175 4675 φθορὰν
3209 4606 3441 4669 ἐδέξατο,
3477 4603 3560 4655 καί
3587 4595 3697 4650 ἀπέ-

2155 4688 2306 4752 θανε,
2334 4690 2632 4763 διαφθορὰν
2655 4692 2710 4745 δὲ
2734 4692 3014 4760 οὐδαμῶςο
3046 4696 3080 4765 ή
3113 4694 3171 4747 δὲ
3197 4695 3390 4764 θεότης
3420 4688 3571 4744 αὐτοῦ
3585 4689 3698 4740 ἀπα·

2157 4778 2258 4849 θὴς
2299 4779 2589 4850 διέμεινεν,
2629 4782 2748 4836 οὐδὲ
2775 4785 2884 4853 γὰρ
2915 4786 3120 4853 πάσχει
3150 4785 3307 4847 Θεός.
3350 4782 3613 4850 Δεύτερον,
3634 4776 3699 4827 ὅτι

2156 4873 2250 4923 καὶ
2275 4873 2430 4925 αὐτοὶ
2453 4872 2503 4925 οἰ
2534 4871 2782 4930 Ἰουδαῖοι
2809 4875 3016 4937 πάντες
3059 4873 3474 4946 μαρτυροῦντες
3504 4870 3599 4922 εἰσι
3626 4863 3698 4915 τὶν

2155 4964 2250 5018 τοῦ
2286 4965 2526 5036 Χριστοῦ
2568 4966 2818 5021 θάνατον.
2859 4969 2945 5029 Ὠς
2990 4969 3105 5038 γὰρ
3151 4969 3460 5038 κακοῦργον
3513 4964 3700 5027 λέγουσι

2157 5058 2480 5110 ἀποκτεῖναι
2509 5057 2691 5110 αὐτόν.
2724 5057 2944 5122 Τρίτον,
2972 5058 3056 5110 ὅτι
3082 5058 3186 5111 οὐκ
3223 5059 3281 5110 ἐν
3318 5054 3495 5126 κρυφῇ
3534 5043 3702 5101 ἀπέθα-

2158 5163 2246 5200 νεν
2273 5147 2383 5198 οὐδ’
2413 5149 2470 5200 ἐν
2501 5147 2843 5218 παραϐύστῳ
2890 5149 2981 5202 καὶ
3023 5152 3229 5221 γωνίᾳ,
3264 5150 3352 5202 ἵνα
3384 5144 3596 5217 κρυϐῇό
3627 5136 3704 5186 0d-

2165 5255 2323 5301 νατος
2368 5239 2556 5304 αὑτοῦ,
2597 5241 2695 5294 σὺν
2729 5241 2786 5294 δὲ
2828 5240 2910 5311 τῷ
2939 5240 3168 5311 θανάτῳ
3189 5241 3289 5295 καὶ
3317 5243 3349 5310 ἡ
3392 5236 3571 5290 τούτου
3596 5226 3703 5282 ἀνά-

2161 5347 2374 5397 στασις,
2417 5331 2553 5384 ἀλλὰ
2584 5333 2727 5386 κατὰ
2778 5333 2928 5387 θείαν
2973 5334 3304 5402 οἰκονομίαν
3336 5334 3393 5383 ἐν
3437 5328 3509 5396 τῷ
3557 5315 3704 5386 καιρῴ

2160 5429 2252 5481 τοῦ
2273 5430 2462 5499 Πάσχα
2493 5427 2707 5496 ἐγένετο
2736 5430 2763 5481 6
2788 5427 2879 5481 τοῦ
2901 5426 3109 5496 Κυρίου
3137 5427 3389 5488 θάνατος,
3410 5423 3493 5477 ἵνα
3517 5414 3639 5471 κατὰ
3657 5409 3705 5461 τὺ

2161 5523 2353 5586 εἰωθὸς
2385 5522 2748 5592 συναθροισθῇ
2800 5521 2861 5573 τὸ
2912 5519 3123 5589 πλῆθος
3158 5519 3272 5572 τῶν
3308 5507 3704 5575 Ἰουδαίωει.ήτοι

2161 5617 2220 5670 τὸ
2253 5614 2785 5684 δωδεκάφυλον,χώ
2808 5613 3036 5682 γένηται
3072 5613 3214 5665 πᾶσι
3243 5610 3400 5679 δῆλος
3431 5609 3456 5659 6
3489 5600 3573 5656 τοῦ
3593 5597 3706 5663 Χρι·

2165 5710 2287 5762 στοῦ
2326 5709 2577 5776 θάνατος,
2613 5708 2708 5762 καὶ
2746 5706 2843 5759 οὐκ
2880 5704 3045 5773 ἔχωσι
3087 5703 3276 5773 χώραν
3329 5703 3375 5753 οἱ
3428 5692 3704 5776 βουλόμενοι

2167 5803 2427 5877 κρύπτειν
2486 5803 2578 5856 τὸν
2628 5798 2720 5854 τοῦ
2767 5797 3019 5868 Σωτῆρσς
3090 5796 3344 5861 θάνατον,
3369 5789 3442 5856 ὠς
3484 5782 3610 5838 κατὰ
3654 5772 3703 5826 εὖ
