3928 6212
355 277 463 342 673

1314 292 1612 354 CONTRA
1662 296 2144 360 MAIIOMETEM
2180 301 2462 365 ORATIO
2507 308 2623 371 IlI.

3523 328 3632 393 67f

356 391 535 462 παρὸν
565 394 593 446 6
616 394 882 463 Μωάμεθ.
923 398 1218 470 Τέταρτον,
1260 403 1344 455 ὅτι
1385 405 1483 458 οὐκ
1514 408 1754 461 ἀπέθανε
1782 408 1909 462 θάνο

2053 410 2346 469 Mahomet.
2381 416 2609 483 Quarto.
2649 423 2793 492 quod
2829 441 2938 480 non
2967 438 3141 485 morte
3187 437 3424 491 naturali
3467 439 3629 508 obiit,

354 501 450 537 τον
475 488 726 553 φυσικὸν,
747 490 884 543 ἀλλά
908 494 1021 556 τοῖς
1049 495 1327 560 Ἰουδαίοις
1362 499 1635 569 ἐπέτρεψε
1668 502 1760 556 τὸν
1794 505 1942 557 ἐκεί.

358 593 450 629 νου
488 578 740 633 θάνατον.
777 583 1044 656 Καθάπερ
1074 604 1156 651 τις
1192 589 1496 660 παλαιστὴς
1526 598 1792 658 γενναῖος,
1843 597 1941 650 οὐκ

359 666 519 729 αὐτὸς
574 668 785 733 ἐκεῖνος
823 673 1108 742 ἐκλέγεται
1164 678 1255 731 τὸν
1307 680 1717 753 ἀνταγωνιστὴν
1772 687 1940 740 αὑτοῦ

363 757 457 807 καὶ
497 758 813 825 ἀντίπαλον,
850 763 968 815 ἀλλ’
1000 766 1074 827 ὡς
1100 768 1165 820 ἄν
1192 786 1273 831 τις
1309 770 1566 842 βούληται
1600 776 1772 846 τούτῳ
1806 794 1943 847 συμ-

357 845 623 899 πλέκεται
649 866 662 878 ⁸
693 850 836 903 οὕτω
877 855 970 906 καὶ
998 857 1025 906 6
1050 858 1306 926 Χριστὸς,
1341 861 1399 924 ὃς
1442 864 1550 916 ἀπὸ
1584 845 1750 932 λόγου
1776 845 1938 935 μόνου

355 934 517 1003 ῥίψας
584 939 663 1000 εἰς
722 942 827 1009 γῆν
901 945 1024 1007 τοὺς
1067 944 1363 1016 ζητοῦντας
1434 954 1623 1019 αὑτὸν,
1661 956 1940 1025 τὴνὲξου-

356 1027 478 1080 σίαν
519 1031 701 1082 πᾶσαν
768 1035 879 1095 τοῖς
928 1036 1208 1103 Ἰουδαίοις
1271 1043 1472 1112 ἀφῆκε.
1530 1047 1639 1099 Καὶ
1693 1050 1845 1103 αὐτοὶ
1886 1052 1935 1103 oi

354 1120 596 1173 Ἰουδαῖοι
669 1123 980 1189 ἐξελέξαντο
1046 1132 1136 1184 τὸν
1207 1134 1293 1188 διά
1380 1139 1617 1209 σταυροῦ
1687 1141 1933 1209 θάνατον,

354 1211 679 1277 ἀγνοοῦντες
704 1218 752 1266 οἱ
781 1218 1007 1283 τάλανες
1058 1225 1141 1277 ὅτι
1188 1228 1283 1277 καὶ
1319 1227 1483 1291 αὐτὸς
1518 1232 1545 1282 6
1576 1230 1805 1292 θάνατος
1844 1234 1934 1302 ἔμ-

354 1302 523 1367 φασίν
580 1321 705 1359 τινα
764 1312 1106 1380 προφητείας
1145 1318 1488 1387 ἐπλήρωσεν.
1534 1325 1592 1374 '0
1624 1326 1731 1394 γὰρ
1769 1328 1935 1381 Δαϐίδ

360 1411 525 1461 φησι,
569 1399 786 1456 «Λίθον
834 1401 893 1453 ὃν
947 1404 1364 1477 ἀπεδοκίμασαν
1415 1415 1464 1465 οί
1496 1415 1929 1486 οἰκοδομοῦντες,

352 1482 506 1547 οὗτος
534 1490 769 1559 ἐγενήθη
831 1496 911 1555 είς
956 1497 1198 1566 κεφαλὴν
1232 1502 1457 1567 γωνίας.
1484 1523 1502 1554 ›
1544 1506 1608 1557 Τί
1662 1482 1931 1578 δηλούσης

348 1578 453 1643 τῆς
478 1582 851 1651 προφητείαςς
884 1585 1105 1651 Πάντως
1126 1590 1279 1644 οὐδὲν
1307 1592 1567 1667 ἕτερον,ἢ
1605 1597 1707 1665 ὅτι,
1738 1598 1930 1670 ὥσπερ

347 1672 380 1738 ή
414 1672 589 1737 γωνία
627 1674 753 1737 τοὺς
789 1675 883 1729 δύο
910 1678 1123 1748 τοίχους
1164 1681 1275 1735 ἑνοῖ
1302 1685 1396 1738 καὶ
1432 1687 1628 1753 συνδεῖ,
1668 1692 1762 1743 καὶ
1786 1696 1931 1745 ποιεῖ

2047 502 2141 556 sed
2174 503 2377 562 Iudaeis
2421 512 2615 567 mortis
2644 528 2756 595 sua;
2788 517 3077 574 arbitrium
3117 525 3368 592 permisit
3396 546 3409 582 :
3442 520 3634 599 quem:

2045 595 2338 651 admodum
2388 616 2691 669 generosus
2735 608 2937 663 athleta
3004 627 3115 665 non
3174 615 3291 684 ipse
3348 634 3633 677 concerta-

2046 692 2221 741 torem
2256 699 2311 743 et
2338 691 2747 750 eolluctatorem
2794 699 2969 770 eligit,
3000 703 3094 757 sed
3124 720 3247 759 cum
3297 724 3408 763 uno
3451 713 3630 781 quoli-

2044 776 2137 831 bet
2163 783 2547 852 congreditur;
2582 789 2662 841 sic
2689 789 2854 843 etiam
2897 794 3170 860 Christus,
3196 799 3287 867 qui
3312 802 3431 856 solo
3454 776 3626 859 rerbo

2043 869 2097 925 in
2149 880 2349 925 terram
2402 886 2775 943 prostraverat
2824 895 3138 951 qumrentes
3169 903 3248 954 sc,
3282 906 3501 947 omnem
3530 910 3626 963 pos

2042 968 2294 1017 testatem
2326 963 2531 1022 Judmis
2563 971 2836 1039 permisit,
2870 976 2963 1041 qui
2997 985 3050 1029 et
3092 977 3194 1046 ipsi
3238 984 3421 1036 crucis
3472 1000 3621 1039 mor-

2042 1060 2149 1105 tem
2197 1054 2502 1125 elegerunt,
2558 1060 2872 1130 ignorantes
2929 1066 3117 1121 miseri
3174 1068 3337 1124 etiam
3386 1085 3617 1133 mortem

2040 1142 2181 1198 hanc
2223 1150 2522 1215 prophetiae
2583 1150 2806 1223 figuram
2851 1156 3099 1226 implere.
3140 1159 3308 1216 David
3342 1166 3485 1220 enim
3538 1169 3619 1224 in-

2037 1236 2196 1303 quit:
2238 1256 2254 1288 ι
2295 1239 2551 1310 Lapidem
2586 1260 2747 1313 quem
2798 1250 3231 1318 reprobaverunt
3261 1255 3617 1326 aedificantes,

2038 1326 2126 1382 hic
2156 1328 2332 1385 factus
2360 1340 2442 1385 est
2482 1334 2535 1386 in
2568 1349 2731 1405 caput
2776 1340 2958 1407 anguli
3004 1342 3092 1394 “:
3154 1362 3173 1395 ι
3205 1347 3463 1413 quidnam
3515 1351 3617 1405 hoc

2034 1416 2294 1473 vaticinia
2327 1421 2629 1477 innuente?
2676 1426 2796 1480 Non
2834 1429 2980 1483 aliud
3029 1442 3200 1497 certe,
3253 1451 3417 1504 quam
3468 1440 3615 1509 quod

2034 1508 2202 1562 veluti
2232 1514 2464 1581 angulus
2503 1515 2642 1570 duos
2677 1519 2962 1589 conjungit
2987 1531 3043 1576 et
3075 1524 3309 1595 ,colligat
3357 1508 3614 1597 parietes,
3664 1522 3667 1523 ν

2032 1612 2312 1668 unumque
2365 1602 2518 1669 facit,
2564 1607 2643 1663 sic
2685 1616 2740 1663 et
2778 1609 3053 1677 Christus,
3116 1630 3278 1683 quem
3330 1617 3616 1689 Scriptura

2034 1700 2243 1757 petram
2275 1696 2512 1762 vocavit,
2548 1713 2709 1766 quam
2756 1702 3211 1770 reprobaverunt.
3244 1718 3301 1762 et
3340 1724 3439 1763 ceu
3488 1711 3613 1766 inu-

345 1762 428 1824 ἓν,
463 1765 607 1819 οὕτω
633 1770 728 1820 καὶ
766 1770 794 1821 6
830 1773 1087 1842 Χριστὸς,
1132 1776 1194 1839 ὃς
1227 1778 1400 1847 πέτρα
1439 1781 1735 1853 ὠνομάσθη
1777 1790 1909 1857 παρέ

2036 1774 2185 1829 tilem
2218 1761 2899 1858 reiecerunt,Inulliusqne
2944 1793 3105 1860 pretii
3138 1795 3500 1855 aedificatores
3520 1790 3615 1857 Iué

342 1854 445 1923 τῆς
486 1859 733 1927 Γραφῆςς
793 1864 971 1918 ὅντινα
1018 1868 1164 1921 λίθον
1210 1870 1644 1943 ἀπεδοκίμασαν,
1703 1878 1798 1931 καὶ
1851 1854 1925 1942 ὧς

340 1949 597 2018 ἀνωφελῆ
650 1952 745 2004 καὶ
783 1953 1056 2032 ἄχρηστον
1101 1959 1340 2031 ἔρριψαν
1403 1965 1449 2016 οί
1501 1966 1923 2037 οἰκοδομοῦντες

351 2040 629 2103 Ἰουδαῖοι,
657 2043 853 2108 οἵτινες
884 2050 1349 2123 ἐνεπιστεύθησαν
1378 2058 1445 2109 τὰ
1479 2058 1572 2110 τοῦ
1603 2058 1737 2110 Θεοῦ
1768 2060 1925 2127 λόγια

337 2133 425 2195 εἰς
460 2134 753 2207 οἰκοδομὴν
784 2142 879 2194 καὶ
913 2145 1188 2213 σωτηρίαν
1222 2147 1313 2200 τοῦ
1348 2148 1541 2216 γένους
1595 2152 1797 2216 αὐτῶν,
1827 2149 1923 2209 οὗ·

342 2312 586 2366 τουτέστι
629 2316 832 2385 συνῆψε
862 2323 962 2388 τήν
992 2337 1049 2372 τε
1098 2323 1337 2377 παλαιάν
1391 2328 1689 2398 Διαθήκην,
1726 2332 1817 2385 καὶ
1850 2334 1919 2387 τά

345 2401 495 2469 ἔθνη,
547 2406 640 2457 καὶ
691 2408 898 2471 ἑνώσας
935 2418 999 2463 τά
1039 2412 1152 2477 δύο,
1182 2413 1279 2468 ἕνα
1319 2414 1468 2469 οἷκον
1519 2421 1775 2490 ἐποίησεν
1829 2426 1911 2486 είς

343 2494 765 2565 κατοικητήριον
795 2498 950 2551 Θεοῦ.
994 2502 1097 2555 Καὶ
1147 2504 1329 2570 τείνας
1367 2507 1462 2571 τὰς
1508 2513 1697 2581 χεῖρας
1748 2513 1917 2587 ἐνοτῷ

338 2588 583 2658 σταυρῷ,
620 2592 687 2644 τὰ
720 2592 985 2648 διεστῶτα
1026 2602 1322 2669 συνήγαγε,
1357 2608 1446 2655 καὶ
1482 2608 1559 2667 είς
1591 2606 1689 2659 ἕνα
1716 2612 1904 2663 καινὸν

334 2677 631 2749 ἄνθρωπον
673 2686 765 2737 καὶ
800 2687 930 2755 μίαν
997 2690 1180 2743 πίστιν
1228 2695 1699 2764 ἀποκατέστησεν.
1755 2700 1915 2756 Ἀλλὰ

331 2772 435 2823 καὶ
470 2773 561 2826 τὸν
594 2775 751 2844 ἀέρα,
786 2778 967 2834 ὅντινα
1021 2784 1048 2834 6
1096 2784 1281 2853 ἄρχων
1330 2787 1422 2839 τοῦ
1459 2788 1623 2858 ἀέρος
1669 2792 1913 2857 διάϐολος

330 2864 554 2930 ἐμίανε,
588 2866 778 2920 τοῦτον
808 2870 837 2923 6
869 2872 1106 2941 Χριστὸς
1141 2874 1360 2945 ήγίασε,
1393 2877 1482 2931 δεά
1530 2881 1588 2930 τ’)
1638 2883 1913 2952 ἀναϐεϐη-

331 2958 493 3011 κέναι
524 2960 683 3012 αὑτὺν
715 2964 792 3025 εἰς
814 2962 873 3016 τὸ
896 2964 988 3018 τοῦ
1020 2967 1256 3035 σταυροῦ
1291 2968 1442 3039 ὕψος.
1478 2973 1635 3025 Εἴποι
1663 2974 1707 3025 δ’
1737 2977 1800 3029 ἄν
1830 2994 1913 3039 τις

331 3048 431 3101 καὶ
465 3048 643 3112 τοῦτο,
676 3052 754 3104 ὅτι
786 3054 885 3107 οὐκ
935 3057 1207 3111 ἀπέθανεν
1242 3061 1269 3112 6
1298 3062 1532 3131 Χριστὸς
1567 3065 1659 3116 τόν
1682 3084 1748 3118 ντε
1796 3067 1907 3119 Ἰωο

331 3136 500 3192 ἀννου
526 3140 775 3207 Θάνατον,
808 3144 839 3212 ἢ
873 3146 965 3197 τὸν
1008 3147 1259 3214 Ἡσαΐου,
1290 3151 1487 3215 οἵτινες
1516 3155 1541 3205 6
1571 3155 1670 3220 μὲν
1697 3157 1906 3226 ἐτμήθη

327 3231 436 3300 τὴν
491 3234 756 3305 κεφαλὴν,
792 3238 819 3289 6
867 3237 922 3291 δὲ
954 3239 1191 3311 ἐπρίσθη
1239 3243 1407 3311 μέσον
1453 3244 1650 3314 ξυλίνῳ
1705 3250 1906 3316 πρίονι,

325 3322 467 3375 ἁλλά
506 3323 644 3377 σῶον
691 3325 829 3394 ἔχων
877 3326 936 3379 τὸ
978 3329 1158 3400 σῶμα,
1212 3324 1563 3387 διδασκαλίαν
1615 3336 1795 3403 ἀφεὶς,
1828 3340 1910 3391 ὃτι

324 3411 456 3462 ἐπεὶ
491 3412 650 3482 σῶμα
678 3414 919 3484 Χριστοῦ
953 3419 984 3487 ἡ
1013 3417 1314 3487 Ἐκκλησία
1344 3421 1512 3485 ἐστὶν,
1550 3426 1650 3477 οὐκ
1678 3425 1797 3477 ἔστι
1832 3426 1882 3479 δί

322 3517 507 3565 καιον,
538 3502 625 3555 ἵνα
656 3506 916 3575 σχίξωσιν
943 3509 1118 3578 αὐτὴν
1147 3511 1194 3562 οἱ
1233 3513 1419 3576 κακῶς
1449 3515 1796 3583 φρονοῦντες.

397 3589 463 3653 ζ’.
512 3593 629 3645 Ἔτι
656 3596 818 3663 φησὶν
841 3597 924 3649 ὅτι
957 3597 1048 3649 τὸν
1085 3600 1320 3669 Χριστὸν
1374 3604 1401 3654 6
1432 3602 1563 3666 Θεὸς
1596 3610 1674 3667 εἰς
1707 3608 1903 3660 ἑαυτὸν
1931 3622 1937 3625 ·

326 3682 757 3751 μετεκαλέσατο,
786 3686 1065 3741 τουτέστιν
1095 3691 1173 3753 εἰς
1203 3692 1331 3753 τοὺς
1366 3693 1654 3761 οὐρανούς.
1690 3696 1821 3760 Περι
1848 3694 1905 3746 δὲ

320 3773 394 3823 τὰ
422 3772 549 3842 τέλη
573 3774 664 3827 τοῦ
694 3777 900 3845 κόσμου
938 3777 1098 3831 πάλιν
1162 3782 1485 3851 φανήσεται,
1520 3786 1614 3835 καὶ
1664 3783 1906 3837 θανατώ-

325 3879 417 3915 σει
469 3867 559 3918 τδν
589 3865 982 3936 ’Δντίχριστον,
1018 3873 1157 3941 μετά
1182 3872 1237 3924 δὲ
1268 3871 1439 3926 ταῦτα
1473 3873 1656 3926 θανεῖν
1688 3878 1780 3927 καὶ
1813 3877 1933 3928 τὸν

320 3950 600 4019 Χριστὸν,
635 3957 748 4017 τοῖς
798 3958 1095 4023 αἱρετικοῖς
1160 3961 1511 4022 Δονατισταῖς
1570 3962 1901 4030 συμφωνῶν,

316 4042 620 4114 καὶταύτῃ
647 4048 711 4115 τῇ
763 4047 972 4117 αἱρέσει
1026 4049 1083 4101 τὸ
1112 4050 1494 4118 ὁμολογεῖσθαι
1554 4053 1787 4121 Χριστὸν
1815 4053 1903 4105 τὸν

316 4135 458 4187 δεῖν
510 4136 825 4209 ἀνατρέπει.
862 4140 983 4192 Ὅτι
1038 4142 1138 4209 μὲν
1188 4143 1295 4211 γὰρ
1350 4143 1629 4212 ἀνελήφθη
1665 4145 1745 4206 είς
1778 4145 1903 4206 τοὺς

317 4224 585 4292 οὐρανοὺς
615 4230 642 4281 6
678 4228 933 4297 Χριστος,
957 4232 1230 4299 ὁμολογεῖ,
1260 4234 1351 4285 καὶ
1407 4236 1490 4288 ὅτι
1530 4236 1695 4288 πάλιν
1748 4236 1902 4287 ἐλεύ-

315 4314 511 4367 σεσθαι
568 4317 754 4386 μέλλει
795 4321 893 4372 οὐκ
948 4324 1235 4390 ἀρνεῖταιο
1288 4325 1369 4376 ὅτι
1420 4326 1475 4378 δὲ
1527 4326 1602 4388 ὼς
1645 4328 1776 4386 Θεὸς
1807 4327 1901 4379 καὶ

314 4406 515 4475 κριτὴς
594 4408 771 4478 πάσης
844 4412 1097 4477 κτίσεως,
1169 4416 1555 4471 ἀποόάλλεται.
1623 4417 1766 4468 Ἀλλ’
1822 4417 1895 4478 ὡς

314 4497 506 4549 Ἠλίαν
536 4500 567 4568 ἢ
598 4499 785 4571 Ἑνὼχ,
818 4503 962 4555 οὕτω
1000 4505 1260 4575 κηρύττει
1283 4511 1377 4561 τὸν
1408 4509 1641 4578 Χριστὸν
1668 4509 1889 4561 ἐλεύσε-

311 4590 464 4644 σθαι.
501 4592 859 4664 Ἀρνούμενος
890 4598 1063 4651 δὲκαὶ
1092 4598 1181 4655 τὸν
1210 4601 1422 4652 ἐκείνου
1452 4600 1704 4664 θάνατον,
1740 4604 1889 4670 λέγει

307 4684 399 4734 ὅτι
445 4686 583 4752 μετὰ
623 4687 684 4737 τὸ
712 4687 1023 4745 θανατῶσαι
1048 4691 1142 4743 τὸν
1170 4692 1559 4761 Ἀντίχριστον,
1595 4695 1688 4746 καὶ
1713 4696 1881 4747 αὐτὸν

308 4775 408 4825 τὸν
462 4777 699 4845 Χριστὸν
738 4781 1051 4835 ἀποθανεῖν.
1112 4783 1252 4837 Ἀλλ’
1308 4785 1431 4836 ἐπεὶ
1479 4785 1741 4848 πολλάκις
1794 4785 1888 4838 καὶ

307 4867 584 4940 διαφόρως
635 4871 946 4943 ἔμπροσθεν
989 4877 1119 4947 περὶ
1182 4878 1276 4930 τοῦ
1334 4878 1573 4949 Χριστοῦ
1635 4879 1886 4947 εἴπομεν,

308 4967 526 5037 ἀπόχρη
552 4970 617 5020 τὰ
648 4969 919 5035 λεγόμενα
963 4973 1040 5032 είς
1091 4972 1403 5043 ἀνασκευὴν
1436 4976 1530 5026 καὶ
1578 4973 1874 5025 κατάλυσιν

310 5060 445 5113 στοῦ
474 5060 647 5113 ταῦτά
667 5064 776 5113 εἰσι
804 5063 873 5114 τά
905 5062 1058 5132 παρὰ
1086 5064 1180 5116 τοῦ
1215 5066 1464 5134 Μωάμεθ
1495 5066 1775 5135 λεχθέντα.

388 5150 456 5221 η’.
494 5152 627 5222 Περὶ
660 5154 717 5206 δὲ
750 5155 849 5222 τῆς
880 5156 1045 5223 ἁγίας
1097 5157 1318 5227 Μαρίας
1350 5161 1446 5225 τῆς
1475 5159 1748 5228 παρθένου
1790 5157 1884 5211 καὶ

303 5244 567 5297 θεοτόκου
595 5244 795 5298 οὑτωσί
828 5264 1013 5316 φησιν,
1050 5249 1132 5301 ὅτι
1162 5250 1209 5301 οἱ
1256 5250 1577 5319 Χριστιανοὶ
1608 5250 1884 5304 θεοποῖοῦ-

301 5352 394 5387 σιν
414 5336 603 5405 αὐτήν.
630 5336 784 5389 Ἐπεὶ
818 5339 949 5405 γοῦν
974 5342 1065 5392 καὶ
1098 5341 1226 5410 περὶ
1256 5340 1349 5392 τοῦ
1398 5341 1639 5393 τοιούτου
1680 5342 1883 5410 ἀτοπή-

302 5441 482 5496 ματος
534 5428 784 5496 ὰρκετῶς
832 5431 1138 5500 εἰρήκαμεν
1168 5432 1224 5483 ἐν
1264 5434 1329 5501 τῇ
1376 5432 1537 5503 τρίτῃ
1591 5432 1879 5501 ἀπολογίᾳ,

300 5517 474 5569 πλέον
494 5519 555 5570 οὐ
592 5516 840 5591 λέγομεν.
865 5522 1104 5592 Ἀρκετά
1134 5526 1226 5578 καὶ
1250 5524 1359 5594 γάρ
1402 5526 1508 5576 εἱσι
1534 5525 1598 5575 τὰ
1626 5524 1877 5593 ρηθέντα.

379 5683 428 5716 ⁸⁸
462 5684 656 5742 Matth.
700 5702 812 5754 XXI,
854 5688 945 5743 42.

2031 1864 2155 1929 drei,
2190 1870 2284 1938 qui
2323 1886 2454 1927 sane
2489 1874 2958 1935 confirmaverunt
2996 1882 3093 1937 Dei
3133 1889 3353 1943 oracula
3393 1891 3447 1944 in
3476 1891 3611 1946 tedi-

2030 1956 2341 2016 ficationcm
2388 1973 2444 2017 et
2503 1967 2736 2023 salutem
2782 1973 2964 2040 gentis
2996 1990 3146 2042 sum;
3203 1978 3314 2044 hic,
3363 1981 3609 2051 inquam,

2026 2046 2281 2106 Christus
2304 2054 2479 2109 factus
2506 2067 2591 2112 est
2614 2058 2666 2112 in
2697 2074 2861 2129 caput
2893 2066 3097 2135 anguli,
3132 2067 3183 2121 id
3217 2079 3302 2125 est
3324 2046 3609 2142 conj-unxit

2032 2150 2184 2198 vetus
2238 2143 2675 2215 Testamentum,
2730 2160 2785 2206 et
2834 2164 3047 2223 gentes,
3098 2168 3153 2213 et
3215 2161 3297 2215 his
3347 2166 3607 2233 utrinque

2024 2234 2335 2304 conjunctis
2368 2253 2531 2292 unam
2553 2240 2684 2295 fecit
2713 2243 2936 2299 domum
2963 2247 3019 2301 in
3059 2248 3435 2307 habitaculum
3477 2255 3603 2319 Dei;

2023 2332 2079 2376 et
2132 2326 2376 2380 extensis
2406 2329 2462 2382 in
2494 2345 2658 2385 eruce
2710 2333 2986 2400 manibus,
3027 2336 3288 2394 distantia
3346 2342 3490 2397 inter
3543 2359 3604 2398 se

2022 2414 2260 2484 collegit,
2303 2426 2357 2471 et
2392 2418 2448 2471 in
2478 2436 2646 2476 unum
2682 2437 2882 2478 novum
2920 2426 3198 2483 hominem
3233 2446 3508 2502 unamque
3542 2435 3605 2487 fi-

2020 2507 2143 2563 dem
2173 2510 2482 2568 constituit.
2529 2511 2633 2569 Sed
2686 2524 2742 2571 et
2789 2532 2996 2584 aerem,
3033 2522 3289 2589 quoniam
3350 2525 3605 2596 princeps

2020 2600 2161 2655 aeris
2191 2602 2457 2657 infecerat
2491 2606 2769 2671 diabolus,
2816 2611 3179 2667 sanctificavit
3223 2613 3477 2669 Christus
3506 2632 3603 2686 per

2020 2706 2178 2745 suum
2236 2694 2290 2747 in
2345 2697 2529 2751 crucis
2589 2699 2958 2754 summitatem
3018 2717 3327 2758 ascensum.
3393 2706 3604 2762 Poterit

2020 2796 2150 2835 vero
2178 2782 2379 2851 aliquis
2443 2796 2499 2839 et
2544 2786 2649 2840 hoc
2704 2787 2913 2851 dicere,
2986 2792 3130 2859 quod
3184 2793 3437 2850 Christus
3490 2813 3599 2852 non

2020 2883 2270 2929 mortuus
2303 2876 2396 2943 sit,
2439 2892 2503 2932 ea
2538 2893 2645 2948 qua
2694 2880 2937 2936 Joannes
2965 2893 3019 2937 et
3052 2883 3220 2940 Isaias
3246 2898 3422 2943 morte
3448 2889 3601 2945 obie-

2017 2975 2146 3019 runt
2178 2966 2229 3035 (e
2260 2969 2462 3036 quibus
2510 2970 2602 3025 ille
2652 2973 2871 3040 quidem
2922 2975 3101 3044 capite
3156 2985 3461 3044 truncatus,
3508 2980 3598 3034 hic

2019 3067 2148 3110 vero
2183 3072 2332 3111 serra
2357 3060 2534 3129 lignea
2560 3061 2772 3117 medius
2804 3063 3078 3119 dissectus
3107 3070 3235 3135 est),
3271 3068 3364 3122 sed
3396 3082 3598 3139 corpus

2016 3146 2223 3200 salvum
2265 3158 2321 3202 et
2356 3150 2631 3221 integrum
2685 3167 3036 3222 conservans,
3073 3156 3259 3212 docuit
3300 3160 3401 3213 hoc
3451 3159 3595 3215 facto

2012 3252 2132 3302 nos,
2166 3243 2310 3306 quod
2337 3240 2660 3309 Ecclesiam,
2686 3244 2817 3311 quia
2850 3260 3051 3316 corpus
3092 3246 3297 3302 Christi
3340 3259 3449 3313 est,
3486 3266 3594 3306 non

2009 3328 2169 3384 liceat
2201 3330 2485 3386 malevolis
2518 3334 2573 3387 in
2613 3334 2860 3390 diversas
2892 3346 3077 3406 partes
3111 3338 3449 3396 discindere.

2080 3598 2131 3651 7.
2173 3597 2400 3665 Insuper
2425 3596 2579 3664 dicit,
2609 3598 2780 3652 Deum
2806 3599 2875 3653 ad
2906 3614 2985 3666 se,
3017 3598 3070 3654 id
3107 3609 3193 3655 est
3219 3600 3274 3655 in
3304 3600 3473 3656 caelos
3494 3618 3589 3659 vo-

2006 3688 2217 3742 cavisse
2243 3687 2549 3754 Christum,
2578 3684 2780 3742 deinde
2837 3703 2968 3743 vero
3010 3698 3066 3744 et
3120 3689 3299 3759 ipsum
3356 3692 3588 3746 moritu-

2006 3795 2127 3832 rum
2156 3796 2170 3835 :
2204 3778 2475 3834 haereticis
2531 3779 2829 3835 Donatistis
2882 3781 3252 3847 consentiens,
3296 3797 3418 3851 qua:
3479 3783 3588 3837 ha:-

2006 3871 2147 3924 rcsis
2174 3870 2267 3924 Dei
2304 3872 2369 3925 de
2408 3869 2629 3925 Christo
2671 3869 3074 3927 confessionem
3123 3870 3377 3925 destruit.
3427 3870 3585 3937 Quod

2004 3961 2153 4015 enim
2178 3961 2233 4014 in
2277 3961 2446 4016 cmlos
2494 3968 2812 4030 assumptus
2868 3960 2941 4015 sit
3004 3960 3279 4027 Christus,
3332 3971 3581 4030 testatur,

2006 4068 2106 4108 nec
2140 4054 2394 4108 eumdem
2442 4064 2607 4125 negat
2656 4054 2840 4108 denuo
2876 4063 3194 4109 venturum.
3241 4052 3396 4119 Quod
3451 4070 3582 4110 vero

2003 4159 2103 4198 ceu
2138 4144 2281 4200 Deus
2323 4154 2377 4198 ct
2406 4145 2573 4215 judex
2626 4146 2894 4199 universa:
2942 4154 3101 4199 terrae
3162 4156 3423 4201 venturus
3487 4148 3580 4213 sit,

2002 4236 2268 4305 abnegat;
2304 4237 2399 4290 sed
2450 4236 2625 4290 instar
2652 4234 2786 4288 Elia:
2828 4243 2883 4288 et
2914 4234 3098 4288 Enoch
3133 4233 3415 4289 Christum
3452 4252 3583 4290 ven-

2004 4316 2184 4378 turum
2230 4340 2349 4379 esse
2390 4325 2669 4394 praedicat.
2707 4325 2855 4380 Illius
2884 4333 3061 4379 morte
3092 4335 3274 4380 autem
3323 4338 3449 4382 ante
3485 4344 3582 4383 ne-

1930 4437 1973 4491 υ
2002 4426 2141 4485 gata,
2181 4426 2326 4469 nunc
2377 4417 2511 4470 dicit
2552 4417 2716 4471 etiam
2751 4416 3034 4471 Christum
3087 4420 3457 4485 moriturum,
3482 4421 3579 4475 ubi

1997 4509 2397 4563 Antichristum
2451 4509 2736 4564 occiderit.
2807 4512 3076 4576 Quoniam
3128 4526 3261 4567 vero
3326 4517 3579 4582 Superius

1999 4616 2140 4676 saepe
2172 4611 2225 4656 et
2264 4602 2615 4655 multifariam
2652 4603 2719 4657 de
2753 4601 2972 4657 Christo
3004 4604 3265 4670 diximus,
3298 4601 3577 4659 suiliciunt

1999 4708 2061 4747 ea
2089 4708 2210 4761 qua:
2238 4693 2381 4746 dicta
2432 4702 2579 4757 sunt,
2616 4692 2671 4745 in
2710 4702 2871 4747 tanta:
2907 4693 3204 4763 impietatis
3249 4694 3582 4747 confutatio-‘

1997 4795 2122 4835 ncm
2149 4789 2205 4835 et
2234 4781 2587 4836 solutionem.
2619 4781 2683 4835 Et
2714 4783 2831 4835 hate
2857 4797 2987 4836 sane
3012 4792 3140 4837 sunt
3168 4797 3287 4851 qua:
3319 4783 3385 4836 de
3411 4783 3572 4837 Chri-

1996 4884 2081 4929 sto
2111 4891 2138 4928 a
2166 4875 2471 4929 Mahomete
2505 4882 2631 4929 sunt
2658 4875 2872 4929 tradita.

1923 4971 2014 5022 καὶ
2047 4969 2236 5022 τούτου
2296 4969 2388 5020 τοῦ
2426 4968 2796 5036 ἀσεϐήματος.
2859 4967 2970 5020 Καὶ
3010 4967 3139 5037 περὶ
3182 4965 3282 5035 μὲν
3313 4965 3405 5018 τοῦ
3434 4968 3569 5037 Χρι·

2054 5155 2105 5208 8.
2133 5156 2205 5209 De
2234 5162 2420 5208 sancta
2450 5166 2582 5205 vero
2616 5151 2782 5206 Maria
2816 5150 3025 5219 virgine
3070 5160 3124 5206 et
3154 5153 3379 5221 Deipara
3404 5156 3557 5223 dicit,

1983 5247 2127 5317 quod
2187 5246 2483 5300 Christiani
2520 5245 2663 5297 illam
2702 5246 2755 5297 in
2805 5244 2933 5299 i’eos
2991 5244 3251 5300 referant.
3294 5247 3560 5313 Quoniam

1983 5353 2115 5392 vero
2146 5340 2309 5392 etiam
2344 5341 2407 5391 de
2441 5339 2541 5391 hac
2584 5337 2918 5391 absurditate
2968 5337 3024 5391 in
3073 5339 3230 5392 tertia
3299 5338 3559 5408 Apologia

1981 5432 2217 5485 diximus
2264 5429 2618 5494 sufficienter,
2654 5431 2804 5499 plura
2841 5447 2946 5481 non
2976 5430 3258 5493 dicemus;
3300 5446 3360 5484 ea
3384 5432 3557 5483 ‘eniin

1981 5540 2101 5593 quin
2136 5524 2279 5577 dicta
2322 5532 2472 5587 sunt,
2537 5524 2641 5577 huc
2689 5522 2985 5576 sufficiunt.
3036 5522 3169 5576 Item
3221 5521 3276 5575 in
3320 5524 3560 5591 capitulo
