3928 6212
466 266 572 330 675

1598 231 1605 238 ’
1663 255 1993 316 JOANNIS
2032 252 2553 315 CANTACUZENI
2658 224 2659 227 γ

3554 259 3636 318 ϐῗί)

466 381 712 440 Amram,
752 374 819 429 de
872 374 1084 442 virgine
1146 379 1332 425 sancta
1389 368 1555 423 Maria
1613 368 1840 439 Deipara
1888 365 2044 432 dicit,

2155 368 2274 419 Ἔτι
2324 368 2383 420 ἐν
2429 365 2507 434 τῷ
2556 365 2836 436 κεφαλαίῳ
2865 363 2942 434 τῷ
2983 365 3203 435 ’Λμρᾶμ
3249 364 3382 432 λέγει
3415 366 3525 436 περὶ
3562 368 3638 435 τῆς

468 484 585 524 eam
617 466 777 520 ﬁliam
808 480 929 519 esse
966 465 1139 534 ipsius
1174 462 1420 523 Aturam,
1467 462 1559 528 qui
1593 470 1749 529 pater
1767 468 1855 514 est
1880 459 2045 512 Musis

467 571 524 614 et
555 559 808 612 Aaronis.
840 553 1312 622 Quemadmodum
1345 554 1509 606 etiam
1544 553 1596 605 in
1624 551 1800 620 capite
1822 550 2045 605 Mariam

469 652 619 705 clare
652 649 807 712 dicit,
832 648 1035 702 Christi
1074 646 1297 699 Matrem
1333 644 1553 697 Mariam
1598 643 1759 698 Musis
1785 653 1841 697 et
1870 642 2046 696 Aaro~

464 746 560 795 .uis
590 756 834 794 sororem
876 736 1251 802 luisse.Quod
1304 750 1434 789 sane
1492 736 1714 788 Amram
1776 733 1939 788 Musis
1992 742 2048 786 et

475 832 712 885 Aarouis
757 845 953 898 parcns
986 827 1171 891 fuerit,
1208 842 1396 881 verum
1439 837 1538 881 est.
1567 813 1743 893 Cujus
1767 835 1950 879 autem
1987 824 2045 877 ﬁ-
2082 892 2089 899 κ

469 923 538 976 Iia
574 923 643 975 sit
674 923 904 989 Deipara
957 921 1130 988 virgo.
1162 929 1216 972 et
1268 935 1297 971 e
1348 918 1548 987 quibus
1602 925 1747 982 nata,
1796 915 2050 970 omnibus

472 1016 822 1067 manifestum
859 1022 961 1066 est.
997 1013 1159 1065 Mosis
1189 1011 1334 1064 cnim
1364 1024 1519 1063 soror
1550 1009 1716 1062 Maria
1749 1009 1801 1062 in
1832 1008 2048 1062 deserto

470 1114 687 1157 mortua
731 1115 834 1157 est.
886 1103 1057 1156 Annis
1096 1111 1275 1155 autem
1331 1102 1398 1155 ab
1451 1102 1580 1155 hinc
1638 1101 1837 1169 elapsis
1900 1099 2047 1152 mille

469 1195 787 1262 quingentis
826 1204 950 1247 nata
1006 1202 1090 1245 est
1134 1193 1360 1260 Deipara
1410 1194 1581 1261 virgo.
1629 1192 1708 1245 En
1757 1186 1865 1243 tam
1912 1188 2048 1243 scite

469 1286 672 1338 stultus
704 1284 789 1337 hic
827 1284 879 1337 in
916 1294 1027 1338 toto
1057 1300 1221 1352 opere
1247 1300 1346 1337 suo
1376 1285 1662 1338 veritatem
1693 1284 1969 1337 observat.

469 1377 673 1442 χιλίους
718 1376 1112 1437 πεντακοσίους
1167 1375 1437 1446 γὲγεννήθη
1494 1378 1527 1446 ἡ
1567 1376 1698 1445 ἁγία
1755 1376 2040 1438 Θεοτόκος.

469 1471 527 1522 ὲν
565 1471 671 1540 ὅλῳ
695 1471 769 1538 τῷ
802 1471 969 1524 αὑτοῦ
1013 1471 1437 1540 συγγράμματι.

772 1602 840 1656 ΙΝ
881 1601 1316 1656 ΜΑΗΟΜΕΤΕΜ
1355 1601 1610 1657 ORATIO
1644 1600 1732 1656 IV.

546 1734 565 1767 ι
593 1716 818 1785 Impius,
866 1726 927 1770 ut
959 1716 1315 1771 admirandus
1362 1716 1451 1771 ille
1494 1716 1748 1771 Salomon
1794 1721 2043 1779 testatur,

469 1824 593 1863 cum
620 1809 672 1861 in
707 1808 1039 1877 profundum
1089 1821 1435 1878 peccatorum
1478 1809 1750 1869 inciderit,
1799 1818 2049 1864 contem-

469 1898 550 1952 nit
584 1896 651 1953 ⁸⁷.
692 1914 712 1949 ι
770 1897 835 1951 Et
879 1888 1001 1963 quis
1057 1896 1255 1966 impius
1322 1898 1491 1967 magis
1552 1898 1670 1966 ipso
1725 1894 2046 1950 Mahomet?

469 1989 538 2042 Et
564 1987 837 2057 quodnam
872 1998 1217 2056 peccatorum
1260 1988 1592 2056 profundum
1627 1995 1729 2053 est,
1783 2002 1904 2056 quae
1944 1985 2045 2040 de-

471 2079 636 2146 nique
663 2077 922 2143 tenebrae,
956 2078 1010 2131 in
1047 2093 1183 2147 quas
1225 2079 1413 2132 infelix
1461 2079 1550 2132 hic
1608 2094 1716 2131 non
1762 2077 2050 2132 inciderit?

468 2168 617 2221 Inter
649 2167 752 2221 alia
784 2168 932 2221 enim
984 2168 1239 2237 ﬁgmenta
1291 2179 1346 2222 et
1399 2168 1645 2237 prodigia
1686 2168 1842 2231 falsa,
1885 2166 2047 2220 etiam

467 2259 610 2314 hanc
652 2259 919 2313 visionem
974 2259 1129 2312 ﬁnxit
1184 2259 1499 2324 nefandam,
1553 2273 1675 2327 quae
1717 2258 2051 2312 verhotenus

468 2351 611 2421 apud
644 2351 794 2405 illum
822 2351 876 2405 in
907 2350 1086 2420 capite
1121 2350 1359 2404 ﬁliorum
1383 2350 1549 2405 Israel
1585 2348 1708 2403 talis
1733 2349 1936 2418 legitur
1967 2364 1981 2402 :

540 2444 593 2496 I.
623 2441 768 2496 Laus
796 2441 898 2504 illi,
930 2441 1022 2511 qui
1050 2440 1178 2496 fecit
1202 2442 1435 2496 transire
1459 2455 1677 2495 servum
1704 2455 1862 2494 suum
1889 2438 2050 2493 unius

472 2533 651 2586 noctis
688 2540 934 2600 tempore
978 2548 1045 2586 ex
1085 2533 1328 2587 oratorio
1371 2532 1550 2597 Elara,
1602 2531 1747 2601 quod
1786 2542 1871 2586 est
1913 2540 2051 2586 tem-

469 2625 620 2693 plum
646 2624 798 2678 urbis
836 2623 1061 2689 Mechaa,
1093 2639 1266 2693 usque
1295 2623 1361 2677 ad
1396 2622 1695 2678 oratorium
1736 2622 2051 2693 longissime

470 2715 703 2776 diStans,
743 2713 1007 2782 templum
1050 2713 1260 2767 scilicet
1301 2723 1550 2767 sanctum
1612 2712 1664 2764 iu
1724 2711 2049 2778 Jerusalem,

471 2819 635 2873 quam
689 2802 1092 2857 benediximus.
1150 2801 1395 2868 Quodam
1449 2802 1538 2855 die
1606 2818 1730 2856 cum
1778 2803 2051 2858 Mabomet

2142 458 2506 526 άειπειροένου
2542 459 2703 525 ἁγίας
2740 459 2962 525 Μαρίας
2990 458 3089 527 τῆς
3119 458 3352 521 θεοτόκου
3394 459 3466 512 ὅτι
3511 459 3645 527 θυγά-

2142 566 2246 618 τηρ
2272 550 2391 602 ἐστὶ
2419 567 2517 602 τευ
2544 551 2791 619 Ἀμράμ,
2828 552 2889 614 ὃς
2917 551 3037 603 ἑστι
3072 548 3248 619 πατὴρ
3285 548 3370 602 τοῦ
3409 552 3644 620 προφήτου

2144 642 2422 705 Μωῦσὲως
2454 643 2550 705 καὶ
2582 641 2677 695 τοῦ
2716 641 2954 712 Ἀαρὼν,
3008 642 3081 705 ὡς
3106 643 3196 695 καὶ
3225 644 3280 694 ὲν
3314 640 3384 710 τῷ
3413 641 3647 710 κεφαλαίῳ

2143 733 2222 802 τῷ
2269 733 2522 803 Μαριάμ,
2571 735 2709 803 ὅπερ
2758 732 3124 803 ἑρμηνεύεται
3155 731 3350 801 Μαρία,
3398 730 3646 800 διαρρήδην

2149 823 2315 889 φησὶν
2365 823 2446 875 ὃτι
2478 824 2511 890 ἡ
2548 824 2641 875 τοῦ
2670 822 2909 893 Χριστοῦ
2961 823 3145 892 μήτηρ
3176 822 3368 890 Μαρία
3395 818 3571 891 ἀδελφὴ
3594 816 3649 890 ἦν

2145 912 2241 965 τοῦ
2270 930 2328 965 τε
2357 912 2569 984 Ἀαρὼν
2600 917 2692 967 καὶ
2725 914 2991 977 Μωσέως.
3036 913 3144 966 Καὶ
3191 913 3268 965 ὅτι
3301 911 3392 982 μὲν
3411 913 3436 964 6
3461 909 3646 981 ’Δμρὰμ

2148 1003 2330 1073 πατὴρ
2353 998 2420 1071 ἦν
2454 1003 2732 1067 Μωῦσέως
2758 1003 2855 1057 καὶ¹
2888 1002 3123 1074 Ἀαρὼν,
3149 1001 3312 1064 οὕτως
3340 1002 3515 1070 ὲστὶνή
3542 1000 3648 1069 ἁλή-

2147 1093 2267 1146 θεια
2290 1110 2304 1124 ·
2340 1092 2483 1153 τίνος
2516 1092 2572 1145 δέ
2598 1094 2747 1146 ἐστιν
2797 1094 2829 1163 ἡ
2885 1092 3147 1154 Θεοτόκος
3170 1091 3419 1161 Θυγάτηρ,
3446 1090 3525 1142 καὶ
3545 1090 3648 1142 πότε

2146 1184 2571 1253 ὲγεννήθη,.το“ίς
2596 1186 2730 1236 πᾶσι
2753 1183 3008 1253 φανερόν.
3027 1182 3130 1235 Τοῦ
3162 1182 3266 1251 γάρ
3284 1182 3503 1241 Μωσέως
3527 1180 3649 1233 ἀδελ-

2146 1277 2219 1347 εξὴ
2245 1279 2276 1346 ἡ
2302 1277 2489 1346 Μαρία
2523 1278 2580 1329 ὲν
2602 1280 2667 1346 τῇ
2700 1278 2893 1347 ἐρήμῳ
2919 1276 3177 1331 ἀπέθανε.
3211 1275 3357 1329 Μετὰ
3384 1274 3436 1327 δὲ
3468 1273 3649 1341 χρόνους

2085 1371 2240 1426 Οὕτω
2271 1370 2688 1440 παραφυλάττει
2725 1371 2755 1423 6
2825 1373 3056 1439 μάταιος
3114 1370 3212 1439 τὴν
3250 1370 3418 1422 πᾶσαν
3438 1362 3651 1434 ἀλήθειαν

2425 1604 2615 1658 ΚΑΤΑ
2656 1603 2794 1657 ΤΟΥ
2823 1603 3115 1658 ΜΩΑΜΕΘ
3147 1602 3362 1657 ΛΟΓΟΣ
3393 1601 3457 1657 A'.

2223 1732 2240 1764 ι
2273 1714 2501 1784 Ἀσεϐὴς
2528 1717 2608 1778 είς
2636 1715 2797 1785 βάθος
2823 1716 3009 1770 κακῶν
3038 1714 3293 1785 ἐμπεσὼν
3318 1714 3650 1785 καταφρονεῖ,ι

2150 1808 2312 1874 φησὶν
2342 1808 2368 1858 6
2394 1806 2698 1875 Θαυμάσιος
2747 1806 3024 1875 Σολομῶν.
3080 1807 3192 1861 Καὶ
3224 1806 3307 1869 τίς
3357 1807 3654 1874 ἀσεϐέστερος

2149 1896 2424 1965 Μωάμεθ;
2457 1898 2615 1951 Ποῖον
2647 1898 2703 1950 δὲ
2739 1898 2903 1968 βάθος
2949 1896 3158 1962 κακῶν,
3188 1898 3379 1967 μᾶλλον
3401 1898 3452 1952 δὲ
3480 1898 3657 1958 σκότος,

2149 1990 2225 2051 είς
2255 1989 2282 2041 ὃ
2314 1990 2412 2042 οὐκ
2442 1991 2699 2043 ἐνέπεσεν
2730 1991 2758 2043 6
2783 1989 3043 2059 δύστηνος
3080 1983 3269 2057 οὗτόςς
3306 1992 3395 2043 καὶ
3420 1989 3515 2059 γὰρ
3551 1986 3657 2056 μετὸ

2150 2082 2255 2133 τῶν
2292 2081 2470 2135 ἄλλων
2496 2081 2834 2151 πλασμάτων
2860 2084 2959 2136 καὶ
2987 2082 3236 2154 τεράτων
3274 2081 3473 2150 ψευδῶν
3500 2079 3665 2132 ίπλάσο

2152 2189 2271 2224 σετο
2322 2173 2416 2225 καὶ
2442 2174 2546 2241 τὴν
2590 2173 2873 2243 παροῦσαν
2915 2173 3160 2245 ἄθεσμον
3193 2174 3436 2243 θεωρίαν,
3475 2172 3664 2241 ἔχουσαν

2150 2264 2244 2315 ἐπὶ
2266 2261 2464 2327 λέξεως
2486 2260 2659 2326 οὕτως
2687 2265 2744 2315 ὲν
2776 2262 2856 2332 τῷ
2889 2262 3173 2334 κεφαλαίῳ
3192 2263 3298 2317 τῶν
3316 2261 3441 2315 υἱῶν
3462 2258 3659 2330 Ἰσραήλ’

2220 2434 2287 2489 α’.
2323 2430 2480 2499 Δῖνος
2504 2435 2581 2506 τῷ
2621 2436 2916 2506 ποιήσαντι
2945 2435 3180 2490 διελθεῖν
3224 2435 3312 2488 τδν
3336 2433 3504 2488 δοῦλον
3530 2429 3662 2485 αὐτοῦ

2152 2501 2332 2595 ἑσμιᾷ
2360 2527 2513 2579 νυκτὶ
2540 2526 2649 2578 άπὸ
2676 2525 2768 2580 τοῦ
2796 2527 2963 2597 εὐκτη
2975 2527 3090 2597 ρίου
3116 2524 3211 2579 τοῦ
3233 2524 3483 2595 Ἑλσρᾶμ.
3507 2523 3530 2575 ὃ
3551 2524 3667 2574 ἐστιν

2149 2612 2301 2676 οἶκος
2336 2614 2554 2681 Μακκὲ,
2605 2617 2766 2685 μέχρι
2832 2616 2927 2669 τοῦ
2984 2614 3343 2685 πορῤωτάτου
3399 2610 3665 2679 εὐκτηρίου,

2150 2708 2177 2760 ὃ
2220 2708 2367 2759 ἐστιν
2411 2702 2560 2769 οἶκος
2612 2708 2766 2773 ἅγιος
2804 2706 3192 2777 Ἰερουσαλὴμ,
3236 2707 3300 2777 ἣν
3325 2703 3666 2771 εὐλογήσομεν.

2151 2801 2178 2853 6
2211 2799 2507 2871 Maxodpe'r
2557 2801 2616 2852 ὲν
2663 2800 2763 2869 μιᾷ
2805 2798 2915 2850 τῶν
2952 2800 3201 2869 ἡμερῶν,
3232 2797 3365 2869 μετὰ
3394 2796 3449 2848 τὸ
3486 2792 3666 2863 ψάλλειν

470 2896 626 2965 juxta
659 2903 873 2963 tempus
920 2892 1282 2948 constitutum
1337 2891 1649 2954 cecinisset.
1695 2892 1830 2946 dixit
1879 2892 2045 2946 homi-

2156 2893 2316 2945 αὑτὸν
2355 2890 2453 2961 τὴν
2502 2890 2740 2959 ἑωθινὴν
2790 2888 2939 2960 ὥραν
2971 2890 3168 2956 αὑτοῦ,
3212 2887 3330 2943 εἷπε
3361 2890 3465 2950 τοῖς
3490 2881 3665 2950 ἀνθρώ·

458 2987 635 3039 ἠἰιηιε
664 3000 680 3039 :
707 2982 1024 3052 lntelligite,
1059 2980 1332 3035 homines.
1364 2980 1498 3037 Cum
1544 2982 1659 3037 heri
1688 2998 1716 3037 a
1751 2983 1902 3037 vobis
1942 2982 2053 3037 dis-

476 3076 786 3139 cessissem,
823 3074 971 3128 venit
1016 3072 1083 3127 ad
1132 3088 1219 3128 me
1273 3080 1395 3143 post
1422 3075 1786 3143 veSpvrtinam
1820 3074 2051 3144 psalmo-

472 3169 621 3223 diam
667 3165 894 3238 angelus
945 3165 1191 3228 Gabriel,
1258 3166 1505 3235 disitque
1559 3166 2049 3229 mihizMahouiet,

474 3256 739 3312 Dominus
766 3254 1134 3325 prmeipittihi
1168 3261 1229 3308 ut
1261 3254 1412 3308 illum
1451 3254 1675 3310 invisas.
1740 3256 1838 3309 Cui
1884 3256 1992 3309 dixi
2032 3272 2047 3309 :

475 3349 545 3403 Et
594 3348 687 3402 ubi
735 3347 933 3401 videbo
984 3346 1171 3399 illum?
1214 3344 1281 3399 Et
1318 3347 1602 3415 respondit
1627 3346 1866 3405 Gabriel.
1898 3347 1952 3400 In
1986 3362 2051 3401 eo

474 3441 599 3495 loco
638 3453 799 3508 quem
838 3436 1130 3491 inhabitat.
1178 3435 1248 3491 Et
1306 3445 1437 3491 tunc
1476 3437 1785 3506 jumentum
1829 3436 2051 3490 adduxit

475 3532 609 3609 mihi
643 3531 821 3600 majus
849 3530 1071 3600 quidem
1106 3530 1285 3593 asino,
1321 3531 1470 3585 mulo
1505 3539 1685 3585 autem
1719 3533 1921 3595 minus,
1961 3530 2048 3583 cui

475 3637 675 3677 nomen
701 3620 1008 3691 Einparak;
1054 3628 1111 3675 et
1144 3620 1279 3677 dixit
1310 3622 1377 3676 ad
1415 3637 1501 3676 me
1525 3638 1540 3676 :
1565 3620 1881 3676 Conscende
1922 3622 2044 3685 hoc,

474 3722 532 3768 et
560 3712 627 3767 ad
654 3712 878 3767 domum
926 3720 1169 3767 sanctam
1208 3713 1439 3783 pergito.
1482 3712 1799 3768 Jumentum
1848 3729 1977 3767 vero
2014 3729 2046 3767 a

475 3819 562 3858 me
609 3805 721 3874 jam
785 3817 1085 3858 ascensuro
1114 3803 1347 3873 aufugit.
1397 3803 1499 3859 Cui
1556 3804 1694 3858 dixit
1748 3804 1975 3874 angelus
2032 3822 2047 3859 :

474 3895 749 3959 Consiste,
780 3894 1056 3949 Mahomet
1104 3894 1252 3948 enim
1296 3895 1344 3948 is
1371 3903 1455 3948 cst
1482 3895 1575 3963 qui
1607 3903 1660 3949 te
1694 3895 2046 3950 conscendet.

475 3987 545 4041 Et
571 3985 857 4054 respondit
903 3987 1210 4050 jumentum
1254 4002 1267 4037 :
1325 3985 1462 4037 Num
1514 3985 1568 4037 in
1608 3985 1770 4055 hujus
1821 3987 2047 4055 gratiam

473 4092 596 4134 sum
631 4076 895 4131 missum?
928 4076 1376 4145 Respomlitvern
1397 4074 1613 4130 Gabriel
1649 4093 1663 4129 :
1695 4076 1792 4130 Ita.
1825 4077 1892 4131 Et
1915 4077 2050 4132 dixit

473 4169 786 4238 jumentum
837 4166 1237 4236 :Nequaquam
1275 4176 1335 4220 ut
1379 4182 1465 4221 me
1509 4168 1837 4223 conscendat
1876 4169 2048 4223 adiui—

2155 2998 2301 3045 ποις,
2354 3001 2372 3033 ι
2408 2977 2478 3033 Ὦ
2532 2982 2689 3051 ὑμεῖς
2746 2982 3048 3053 ἅνθρωποι,
3105 2982 3488 3051 κατανοήσατε,
3567 2973 3666 3044 χοὶς

2157 3073 2294 3141 μετά
2336 3074 2394 3126 τὸ
2437 3072 2722 3142 διαστῆναι
2762 3090 2831 3140 με
2891 3073 3069 3144 ὑμῶν,
3102 3069 3235 3145 ἦλθε
3280 3073 3411 3143 πρός
3450 3087 3508 3139 με
3534 3069 3559 3121 6
3585 3067 3669 3119 Γα-

2153 3163 2314 3234 ϐριὴλ
2346 3165 2483 3233 μετὰ
2505 3163 2603 3235 τὴν
2643 3162 2881 3235 ἐσχάτην
2927 3165 3227 3237 ἐσπερινὴν
3265 3158 3668 3235 ψαλμῳδίαν,καὶ

2154 3252 2274 3307 εἷπε
2324 3256 2458 3326 πρός
2493 3273 2582 3326 με,
2613 3253 2683 3309 Ὦ
2730 3257 3014 3325 Μωάμεθ,
3057 3257 3368 3311 ἐντέλλεται
3418 3249 3671 3309 cattlsz

2152 3345 2553 3414 ἐπισκέψασθαι
2604 3347 2788 3403 αὐτόν.
2832 3340 2902 3419 ᾯ
2945 3342 3127 3413 εἷπον,
3161 3348 3270 3401 Kal
3295 3344 3391 3399 ποῦ
3412 3341 3554 3398 αὐτὸν
3577 3340 3672 3391 ἐπι-

2155 3436 2424 3504 σκέψομαι
2446 3456 2460 3502 ;
2486 3439 2596 3492 Kal
2632 3436 2787 3493 εἶπεν
2816 3441 2844 3493 6
2867 3439 3136 3512 Γαϐριὴλ,
3176 3440 3265 3494 Ἐν
3293 3437 3368 3508 τῷ
3393 3435 3529 3504 τόπῳ
3563 3432 3669 3485 ὅπου

2153 3529 2291 3580 ἐστι.
2325 3529 2434 3582 Kal
2453 3530 2629 3599 ἢγαγέ
2656 3548 2744 3601 μοι
2778 3532 2972 3602 κτῆνος
2997 3529 3188 3602 μεῖζον
3208 3531 3305 3602 μὲν
3327 3530 3461 3591 ὄνου,
3488 3524 3671 3577 ἔλαττον

2152 3621 2206 3673 δὲ
2230 3621 2478 3691 ἡμιόνου,
2508 3622 2601 3676 καλ⁵
2639 3625 2697 3678 τὸ
2725 3625 2896 3695 ὄνομα
2923 3624 3094 3678 αὑτοῦ
3124 3622 3432 3695 Ἐμπαράκ.
3461 3620 3554 3672 Kal
3576 3610 3671 3668 εἴτε

2156 3728 2266 3781 μοι,
2287 3712 2569 3767 Ἀνάϐαινε
2586 3715 2794 3786 Ἴτούτῳ.
2821 3718 2918 3770 xal
2940 3717 3137 3771 ἔλαυνε
3161 3718 3320 3787 μέχρι
3347 3712 3436 3767 τοῦ
3452 3710 3580 3765 οἷκον
3596 3705 3669 3759 τοῦ

2153 3804 2331 3872 ἁγίου.
2358 3806 2465 3858 Καὶ
2483 3804 2555 3867 ὡς
2568 3806 2883 3876 ἐφρόντιζον
2900 3808 3233 3870 ἀναϐαίνειν,
3250 3807 3410 3875 ἔφυγε
3426 3806 3483 3858 τὸ
3496 3803 3672 3869 κτῆνος.

2153 3896 2265 3949 Kal
2285 3892 2445 3951 εἶπεν
2465 3898 2633 3966 αὐτῷ,
2662 3899 2882 3953 ’Ίστασο
2916 3902 3196 3969 ἀσφαλῶς.
3228 3904 3255 3955 6
3285 3900 3558 3970 Μαχούμετ
3584 3892 3669 3961 γάρ

2152 3987 2302 4039 ἐστιν
2340 3990 2367 4040 6
2410 3988 2469 4039 σὲ
2504 3987 2825 4058 βουλόμενος
2871 3989 3157 4059 ἀναϐῆναι.
3197 3991 3306 4044 Kal
3350 3986 3593 4057 ἀπεκρίθη
3626 3979 3673 4033 τὸ

2154 4079 2366 4147 κτῆνος,
2420 4079 2510 4148 Μὴ
2568 4079 2708 4149 ὑπὲρ
2760 4080 2923 4133 αὑτοῦ
2966 4082 3315 4151 άπεστάλην;
3361 4071 3671 4146 Ἀπεκρίῧηδ

2155 4171 2423 4242 Γαϐριὴλ,
2457 4172 2587 4225 Ναί.
2634 4173 2744 4226 Καὶ
2785 4169 2902 4225 εἶπε
2935 4174 2994 4226 τὺ
3036 4176 3253 4245 κτῆνος,
3280 4176 3350 4227 Ο)
3380 4168 3673 4240 συγχωρήσω

477 4274 627 4325 sero,
672 4260 775 4313 nisi
816 4260 970 4329 prius
1002 4275 1100 4331 pro
1136 4274 1223 4313 me
1246 4260 1415 4314 Deum
1447 4262 1704 4315 oraverit.
1730 4261 1841 4331 Ego
1865 4272 2045 4316 autem

2155 4266 2303 4334 αὖτῷ
2338 4265 2625 4333 ἀναϐῆναι,
2655 4266 2703 4317 εί
2739 4264 2813 4335 μὴ
2846 4267 3111 4336 πρότερον
3138 4267 3280 4336 ὑπὲρ
3302 4264 3428 4335 ἐμοῦ
3456 4261 3537 4315 τοῦ
3564 4256 3671 4312 θεοῦ

475 4365 577 4421 pro
605 4352 854 4422 jumento
889 4352 1057 4405 Deum
1091 4340 1265 4413 oravi,
1305 4361 1358 4405 et
1387 4353 1681 4407 conscendi
1705 4353 1868 4420 illud;
1905 4353 2045 4423 'quod

2150 4333 2388 4427 5€nur€€m
2433 4356 2577 4424 Ἐγὼ
2617 4357 2673 4409 δὲ
2709 4333 2936 4426 ἐϐεῆθην
2984 4333 3079 4409 τοῦ
3129 4333 3265 4411 Θεοῦ
3321 4333 3418 4427 μου
3450 4354 3570 4422 ὑπὲρ
3600 4348 3673 4403 τοῦ

474 4456 563 4497 me
618 4441 917 4505 insidente,
988 4441 1157 4511 gradu
1219 4443 1368 4496 molli
1432 4442 1739 4508 incede-bat,
1796 4444 2045 4513 ungulam

2152 4450 2403 4518 κτήνους,
2452 4449 2659 4519 ἐπέϐην
2700 4467 2759 4502 τε
2799 4450 2990 4513 αὐτοῦ,
3040 4452 3134 4504 καὶ
3167 4452 3477 4522 περιεπάτει
3514 4448 3671 4498 ἐπικα-

474 4531 738 4586 suam'in
791 4531 1131 4585 horizontem
1198 4534 1348 4586 visus
1400 4534 1483 4586 sui
1524 4549 1688 4602 super
1746 4534 2045 4604 inﬁgenda;

2153 4541 2392 4611 θημένου
2428 4558 2529 4611 μου
2566 4541 2763 4611 πορεία
2797 4541 2990 4612 λεπτῇ,
3025 4544 3352 4613 ὲπεστήριξέ
3385 4559 3439 4595 τε
3476 4542 3564 4608 τὴν
3590 4554 3670 4605 χη-

436 4648 439 4649 ν
475 4620 622 4675 unde
652 4620 851 4673 minori
883 4621 1482 4689 temporisintervallo,
1530 4638 1693 4691 quam
1739 4624 1939 4693 lapidis
1973 4624 2045 4693 ja-

2152 4635 2249 4704 λὴν
2279 4633 2373 4687 τοῦ
2416 4634 2571 4696 ποδὸς
2605 4635 2661 4687 ἐν
2685 4634 2762 4704 τῷ
2787 4634 3021 4705 ὁρίζοντι
3050 4638 3149 4706 τῆ;
3184 4635 3358 4704 ὅψεως
3387 4632 3555 4687 αὐτοῦ.
3587 4627 3673 4680 Kal

474 4727 598 4770 ctus
618 4713 826 4769 absolvi
857 4714 1052 4783 possit,
1082 4715 1148 4767 ad
1180 4716 1399 4768 domum
1432 4726 1672 4770 sanctam
1702 4719 2045 4786 pervenimus

2149 4725 2322 4787 οὕτως
2364 4721 2529 4795 ἦλθον
2584 4726 2663 4789 είς
2719 4726 2809 4780 τὸν
2863 4722 3008 4780 οἷκον
3066 4729 3156 4781 τὸν
3195 4727 3347 4796 ἅγιον
3389 4728 3445 4778 ἐν
3470 4724 3673 4777 ἐλάττονι

476 4818 584 4857 una
611 4816 735 4858 cum
759 4801 1008 4857 Gabriele
1037 4803 1251 4872 angelo.
1293 4804 1393 4869 Qui
1433 4805 1587 4858 duxit
1628 4823 1713 4863 me
1744 4810 1811 4863 ad
1860 4826 2045 4880 rupem

2151 4814 2504 4884 διαστῇματι,
2550 4815 2583 4884 ἢ
2631 4816 2755 4867 ὅσον
2792 4816 2943 4868 λίθου
2986 4817 3115 4887 βολὴ
3156 4817 3451 4886 τελεσθείη.
3496 4810 3591 4865 Ἦν
3626 4807 3671 4859 δὲ

476 4900 792 4966 quamdam,
826 4913 945 4966 quae
974 4909 1091 4953 erat
1135 4899 1185 4952 in
1220 4900 1383 4953 duino
1418 4900 1509 4955 Dei
1545 4900 1948 4975 llierosolymaz.
1987 4906 2045 4960 EI

2153 4909 2247 4960 καὶ
2273 4910 2300 4961 6
2339 4908 2580 4980 Γαϐριὴλ
2622 4912 2740 4980 μετ’
2781 4909 2939 4978 ἐμοῦ,
2983 4912 3070 4963 καὶ
3104 4910 3281 4981 ῆγαγὲ
3318 4928 3383 4979 με
3427 4912 3501 4970 είς
3535 4905 3675 4974 61:06-

476 4988 614 5041 dixit
636 4988 768 5042 mihi
794 4988 1013 5043 Gabriel
1043 5008 1056 5045 :
1081 4990 1379 5057 Descende,
1406 4994 1663 5061 quoniam
1684 4996 1751 5049 de
1776 5007 1924 5063 petra
1951 4998 2045 5052 hac

2156 4998 2310 5068 ῥῶγα
2360 5001 2418 5052 ὲν
2476 5001 2553 5070 τῷ
2587 5002 2720 5072 οἴκῳ
2769 5002 2845 5071 τῷ
2897 5002 3058 5070 ἁγίῳ,
3101 5007 3161 5056 ὲν
3216 5006 3281 5074 τῇ
3343 4998 3671 5073 Ἰερουσαλήμ·

474 5080 674 5134 coelum
724 5088 896 5149 petes.
936 5080 1002 5137 Et
1046 5081 1326 5137 descendi.
1380 5086 1618 5154 Angelus
1669 5103 1797 5141 vero
1835 5088 2049 5144 Gabriel

477 5172 687 5226 circulo
718 5173 953 5241 quodam
997 5174 1062 5227 ad
1102 5190 1291 5244 rupem
1323 5177 1563 5247 alligavit
1585 5180 1893 5250 jumentum
1928 5182 2052 5236 Em-

478 5259 662 5328 parak,
700 5270 756 5316 et
806 5277 893 5317 me
945 5262 1191 5320 humeris
1239 5267 1356 5321 suis
1413 5269 1687 5323 sublatum
1736 5272 1801 5325 ad
1851 5274 2049 5326 malum

480 5366 652 5421 usque
686 5353 945 5421 portavit.
982 5353 1099 5421 Quo
1144 5372 1266 5411 cuni
1308 5361 1766 5428 pervcnisseruus,
1816 5362 2053 5431 pulsavit

475 5439 622 5497 fores
645 5442 883 5497 Gabriel.
906 5444 1006 5499 Cui
1026 5445 1231 5501 dictum
1256 5459 1360 5512 est,
1388 5449 1521 5515 Quis
1546 5452 1639 5505 es?
1661 5449 1960 5522 Respondit
1982 5456 2047 5520 is,

478 5532 589 5602 Ego
614 5550 732 5587 sum
761 5534 1003 5591 Gabriel.
1034 5537 1099 5592 Et
1134 5555 1322 5595 rursus
1349 5541 1556 5596 dictum
1584 5551 1670 5598 est
1701 5544 1797 5609 illi,
1833 5543 1899 5599 Et
1926 5546 2047 5615 quis

555 5667 598 5698 ⁸⁷
640 5668 798 5723 Prov.
844 5687 999 5737 xvm,
1044 5674 1100 5729 5.

2158 5092 2261 5143 Kal
2304 5089 2424 5144 εἷπέ
2460 5110 2549 5161 μοι
2601 5094 2628 5144 6
2675 5094 2936 5165 Γαϐριὴλ,
2985 5095 3272 5166 Κατάϐηθι
3300 5136 3315 5161 ,
3366 5096 3442 5146 ὅτι
3482 5091 3575 5144 άπὸ
3598 5088 3675 5155 τῆς

2159 5183 2366 5251 ’πέτρας
2398 5184 2597 5255 ταύτης
2628 5186 2876 5258 ἀναϐήσῃ
2922 5190 2999 5250 είς
3029 5186 3121 5241 τὸν
3155 5186 3401 5257 οὐρανόνσ
3434 5174 3519 5237 καὶ
3542 5179 3674 5235 κατέ-

2152 5274 2275 5341 ϐην.
2308 5276 2416 5329 Kal
2446 5279 2473 5329 6
2518 5276 2758 5347 Γαϐριὴλ
2788 5279 3128 5348 ἠσφαλίσατο
3174 5280 3313 5348 μετὰ
3356 5277 3539 5330 κύκλου
3566 5270 3675 5340 πρὸς

2150 5368 2248 5438 τὴν
2285 5368 2588 5441 ἀπορρῶγα
2642 5369 2702 5422 τὸ
2758 5370 2951 5440 κτῆνος
3009 5372 3067 5425 τὸ
3123 5370 3431 5441 Ἐμπαράκ,
3465 5358 3676 5420 καὶὲϐά·

2152 5460 2316 5513 στασέ
2372 5478 2438 5529 με
2470 5464 2526 5513 ἐν
2561 5464 2674 5524 τοῖς
2723 5463 2895 5533 ὤμοις
2931 5462 3093 5517 αὑτοῦ
3137 5464 3298 5534 μέχρι
3336 5461 3424 5515 τοῦ
3459 5450 3675 5527 οὐρανοῦ·

2149 5550 2241 5600 καὶ
2296 5548 2381 5601 ὅτε
2433 5549 2667 5622 ἤλθομεν
2733 5553 2869 5621 πρὸς
2935 5554 3026 5610 τὸν
3084 5554 3333 5624 οὐρανὸν,
3361 5551 3569 5623 ἔκρουσε
3594 5542 3675 5611 τὴν
