3928 6212
171 261 181 270 ’
248 293 355 358 677

1234 299 1527 359 CONTRA
1573 290 2059 358 M.\IIOMETEM
2103 287 2387 347 ORATIO
2430 287 2526 348 IV.

3394 293 3497 354 678

249 413 423 482 θύραν
464 412 493 464 6
540 410 800 482 Γαϐριὴλ,
833 412 1043 483 ὲῤῥήθη
1082 431 1138 467 τε
1186 417 1321 485 πρὸς
1362 418 1545 478 αὑτὸν,
1590 418 1681 479 Τίς
1734 410 1822 477 εἷς

1955 408 2027 463 ibi
2059 406 2273 461 comes?
2303 404 2604 474 Respondit
2642 403 2684 459 is
2722 424 2732 457 :
2768 404 3059 461 Maltomct.
3103 406 3248 460 Dixit
3280 423 3498 463 rursmn

262 503 561 575 Ἀπεκρίθη
616 520 698 568 τε,
741 505 884 574 Ἑγώ
932 508 1048 575 εἰμι
1103 509 1130 559 6
1170 508 1432 579 Γαϐριὴλ.
1493 509 1734 580 Ἐῤῥηθη
1765 525 1822 559 τε

1951 501 2128 554 anitor
2161 516 2175 552 :
2204 497 2345 552 Num
2382 498 2436 551 in
2469 498 2632 568 hujus
2652 497 2880 567 gratiam
2926 498 3212 568 ablegatus
3249 501 3404 553 cras?
3436 501 3503 555 Et

252 596 412 649 πάλιν
447 594 597 664 αὐτῷ
623 635 636 658 ,
675 596 787 648 Kal
843 597 928 658 τίς
966 598 1082 650 ἐστι
1130 598 1267 667 μετὰ
1318 599 1455 664 σοῦς
1501 600 1824 669 ’Λπεκρίθη,

261 686 325 738 Ὀ
354 684 673 754 Μαχούμετ.
723 682 855 736 Eine
888 684 945 751 δὲ
980 688 1007 738 6
1033 684 1302 757 θυρωρὸς,
1338 687 1428 757 Μὴ
1458 688 1599 758 ὑπὲρ
1634 686 1824 740 τούτου

251 773 320 848 ἦν
354 778 408 847 ἡ
458 775 775 844 ἀποστολῆς
838 776 947 828 Kal
988 774 1141 830 εἶπεν
1182 780 1208 830 6
1258 778 1523 847 Γαόριὴλ,
1554 779 1681 832 Ναί.
1719 779 1827 831 Kal

224 868 468 939 ‘ﬁvmﬁsv
497 868 629 937 ἡμῖν
654 867 754 936 τὴν
811 866 1009 936 πύλην,
1056 872 1152 921 καὶ
1180 866 1319 923 εἶδον
1370 871 1519 934 ἔθνος
1554 873 1826 939 ἀγγέλων,

255 962 352 1013 καὶ
388 960 470 1021 δὶς
526 956 753 1027 κάμψας
800 957 941 1026 ὑπὲρ
999 959 1178 1011 αὐτῶν
1220 962 1289 1012 τὰ
1341 961 1578 1028 γόνατα,
1616 961 1827 1031 ἐξέχεον

254 1051 611 1120 προσευχήν·
662 1052 758 1101 καὶ
810 1050 946 1118 μετὰ
1004 1050 1178 1103 ταῦτα
1222 1051 1378 1103 ἔλαϐέ
1413 1069 1479 1121 με
1510 1053 1537 1103 ὁ
1567 1052 1825 1121 Γαϐριὴλ,

256 1142 351 1194 καὶ
384 1141 562 1209 ἠγαγέ
593 1157 658 1209 με
689 1141 825 1208 πρὸς
859 1144 953 1192 τὸν
985 1141 1237 1211 δεύτερον
1265 1142 1515 1212 οὐρανόν.
1543 1137 1651 1194 Ἦν
1680 1142 1735 1194 δὲ
1772 1142 1829 1193 τὸ

255 1234 534 1302 διάστημα
578 1232 685 1284 τῶν
735 1233 827 1284 δύο
885 1234 1065 1301 μέσων
1120 1234 1367 1302 οὐρανῶν
1418 1235 1534 1297 ὁδὸς
1567 1250 1830 1287 πεντακο-

258 1326 393 1376 σίων
432 1323 589 1376 ὲτῶν.
634 1324 742 1376 Kal
772 1322 960 1392 ὥσπερ
1018 1323 1234 1391 πρῶτον
1277 1324 1440 1393 ἔκοψε
1486 1325 1585 1394 τὴν
1634 1323 1827 1389 θύραν,

257 1418 355 1468 καὶ
394 1415 684 1491 ἀπόκρισις
718 1415 937 1483 γέγονεν
963 1415 1132 1485 αυτῷ,
1161 1433 1302 1471 ουτω
1332 1429 1427 1469 και
1463 1416 1656 1485 μέχρις
1686 1416 1833 1469 ἑϐδό-

1930 593 2066 646 dixit
2112 588 2333 644 Gabriel
2378 606 2392 641 :
2451 590 2633 642 Eram.
2686 588 2805 655 Quo
2848 588 3015 650 dicto,
3071 601 3283 659 portam
3342 592 3503 647 nobis

1929 688 2167 754 aperuit,
2220 689 2277 735 et
2320 680 2431 734 vidi
2464 683 2679 734 turbam
2714 681 3050 748 angelorum,
3078 682 3279 749 quibus
3305 682 3390 738 bis
3421 683 3505 737 in-

1929 774 2169 828 curvatis
2213 772 2461 842 gentibus
2519 785 2711 841 preces
2762 771 2959 825 obtuli.
3015 772 3143 826 Post
3198 772 3315 828 haec
3368 790 3502 828 vero

1930 864 2173 934 suscepit
2202 880 2285 917 me
2316 863 2558 928 Gabriel,
2591 872 2647 917 et
2680 863 2744 916 ad
2791 864 2988 918 cmlum
3038 866 3336 920 secundum
3382 882 3506 936 per-

1931 957 2112 1023 duxit,
2141 957 2297 1027 cujus
2324 955 2674 1009 intervallum
2703 971 2731 1009 a
2756 957 2932 1025 primo
2958 972 3076 1010 erat
3104 961 3206 1013 iter
3230 976 3501 1015 annorum

1930 1049 2375 1117 quingentorum.
2435 1046 2501 1099 Et
2557 1047 3018 1116 quemadmodum
3068 1050 3210 1118 apud
3267 1052 3501 1119 pritnum

1931 1140 2132 1193 caelum
2199 1137 2344 1191 fores
2411 1138 2689 1207 pulsavit,
2751 1152 3183 1206 responsumque
3267 1141 3501 1209 accepit,

1932 1230 2120 1283 eadem
2160 1232 2368 1283 ratione
2398 1231 2461 1283 ad
2497 1231 2693 1285 coelum
2727 1245 2902 1297 usque
2928 1234 3219 1297 septimum
3251 1234 3503 1300 perveni-

1934 1338 2075 1384 mus,
2123 1322 2177 1375 in
2233 1338 2343 1391 quo
2397 1320 2585 1375 videre
2640 1320 2839 1374 licebat
2895 1322 3210 1389 angelorum
3267 1324 3503 1388 turbam,

1934 1428 2166 1481 quorum
2230 1414 2429 1483 singuli
2486 1412 2722 1466 millenis
2761 1412 2976 1467 vicibus
3017 1423 3132 1467 toto
3164 1415 3366 1467 mundo
3394 1430 3507 1468 ma-

261 1519 365 1572 μου
416 1501 649 1573 οὐρανοῦ
708 1507 849 1554 κατὰ
902 1505 1081 1557 πάντα
1132 1504 1352 1572 γέγονεν
1401 1506 1581 1573 ὁμοία.
1647 1504 1736 1556 Ἐν
1788 1523 1832 1572 ῳ

1955 1519 2075 1557 ores
2104 1514 2284 1568 erant,
2339 1518 2368 1557 e
2404 1504 2605 1571 quibus
2656 1503 2885 1573 quilibet
2942 1505 3283 1574 septingenta
3338 1506 3506 1560 millia

258 1590 477 1658 ἑϐδόμῳ
514 1588 731 1659 ούρανῴ
762 1590 1059 1661 διαγράφει
1103 1591 1233 1644 ίδεῖν
1284 1591 1412 1645 λαὸν
1461 1592 1731 1660 ἀγγέλων,
1772 1590 1833 1644 τὸ

264 1683 442 1749 μῆκος
496 1680 615 1741 ἑνὸς
662 1680 894 1734 ἑκάστου
936 1680 1118 1751 πολλῷ
1170 1681 1536 1752 χιλιοπλάσιον
1590 1681 1684 1734 τοῦ
1744 1684 1833 1735 320'-

261 1787 425 1840 σμου,
455 1772 549 1839 ἀφ’
578 1764 653 1824 ὧν
686 1788 768 1834 τις
815 1766 962 1843 εἶχεν
1018 1773 1349 1836 ἑπτακοσίας
1396 1773 1638 1842 χιλιάδας
1667 1791 1835 1841 κεφα-

264 1864 388 1926 λὰς,
425 1864 521 1915 καὶ
560 1864 618 1915 ἑν
662 1864 869 1934 ἑκάστῃ
916 1863 1127 1934 κεφαλῇ
1180 1864 1513 1925 ἑπτακοσίας
1568 1867 1833 1937 μυριάίας

265 1957 539 2025 στόματα,
582 1954 675 2008 καὶ
724 1957 782 2008 ἑν
834 1956 1056 2026 ἑκάστῳ
1105 1957 1336 2027 στόματι
1384 1958 1561 2028 χιλίας
1601 1961 1836 2013 ἑπτακο-

262 2051 384 2111 σίας
424 2047 679 2115 γλώσσας
734 2048 992 2111 αἰνούσας
1040 2047 1131 2100 τὸν
1181 2049 1315 2105 Θεὸν
1349 2050 1700 2113 ἑπτακοσίοις
1733 2067 1838 2121 μυ-

264 2144 782 2215 ριὰδων’ίδιὼμασι.
816 2145 926 2196 Kal
966 2144 1337 2215 προσέϐλεψεν
1384 2146 1481 2198 ἕνα
1525 2143 1634 2197 τῶν
1669 2144 1835 2212 ἀγγέ-

263 2239 377 2291 λων
416 2234 720 2307 θρηνοῦντα
747 2276 762 2297 ,
799 2237 892 2289 xal
939 2236 1173 2307 ἐζήτησε
1212 2236 1311 2305 τὴν
1349 2236 1529 2290 αἰτίαν
1567 2235 1838 2306 τού-θρήσ

270 2341 365 2375 νου
400 2324 561 2376 αὺτοῦ
584 2339 599 2355 ·
633 2324 728 2374 καὶ
760 2324 1039 2392 ἀπεκρίθη
1076 2322 1350 2391 ἁμαρτίαν
1380 2318 1541 2376 εἶναι.
1582 2324 1753 2384 Αὐτὸς
1782 2321 1838 2374 δὲ

275 2415 473 2485 ἐδεήθη
521 2415 658 2484 ὑπὲρ
692 2413 882 2467 αὑτοῦ.
933 2411 1092 2466 Οὕτω
1152 2412 1212 2466 τέ
1274 2430 1438 2483 φησιν
1492 2415 1521 2466 6
1574 2413 1839 2485 Γαϐριὴλ,

276 2502 550 2571 Ιιαρέοετό
614 2519 681 2571 με
739 2500 958 2571 ἀγγέλῳ
1009 2500 1204 2572 ἑτέρῳ,
1257 2502 1507 2564 κάκεῖνος
1541 2501 1708 2571 ἄλλῳ,
1749 2503 1841 2555 καὶ

268 2593 449 2656 οὕτως
479 2594 699 2663 ἑφεξῆς,
749 2595 942 2663 μέχρις
982 2592 1114 2663 ἔστη
1161 2591 1393 2646 ἑνώπιον
1429 2593 1525 2646 τοῦ
1564 2593 1698 2646 Θεοῦ
1749 2593 1842 2646 καὶ

265 2687 365 2741 τοῦ
399 2686 642 2757 βήματος
672 2686 859 2739 αὐτοῦ.
886 2686 997 2739 Kal
1022 2685 1199 2754 ἣψατό
1247 2701 1350 2755 μου
1384 2684 1412 2736 ὀ
1442 2685 1575 2748 Θεὸς
1606 2686 1841 2756 τῇνχειρὶ

266 2776 439 2831 αὐτοῦ
471 2778 529 2826 ἐν
560 2775 709 2844 μέσῳ
739 2774 847 2827 τῶν
897 2772 1087 2843 ὤμων,
1117 2774 1223 2837 ἕως
1264 2766 1324 2826 οὗ
1365 2775 1396 2843 ἡ
1436 2775 1715 2843 ψυχρότης
1745 2776 1842 2846 τῆς

267 2868 455 2941 χειρὸς
486 2866 650 2920 αὑτοῦ
703 2865 886 2937 διῆλθε
923 2871 1087 2937 μέχρι
1121 2865 1217 2919 τοῦ
1261 2865 1461 2935 μυελοῦ
1496 2874 1592 2936 τῆς
1632 2868 1843 2937 ῥάχεως

272 2960 405 3032 μους
442 2962 553 3014 Kal
603 2956 722 3013 εἶπέ
774 2977 864 3030 μοι
916 2961 944 3013 6
982 2960 1154 3024 θεὸς,
1196 2958 1472 3030 Ἐπέθηκά
1509 2977 1589 3012 σοι
1637 2962 1727 3013 καὶ
1762 2959 1840 3029 τῷ

1935 1593 2131 1648 habuit
2216 1593 2416 1661 capita,
2489 1600 2545 1645 ct
2624 1592 2678 1645 in
2744 1607 3076 1662 unoquoque
3148 1594 3325 1662 capite
3387 1609 3508 1663 sep-

1939 1685 2178 1754 tingenta
2216 1682 2517 1753 myriadum
2548 1698 2666 1746 ora,
2701 1691 2757 1737 et
2788 1685 2841 1736 in
2873 1698 3203 1753 unoquoque
3231 1700 3325 1739 ore
3355 1686 3509 1740 mille

1936 1785 1991 1831 et
2022 1775 2395 1845 septingentas
2427 1774 2641 1845 linguas
2670 1775 2958 1827 laudantes
2990 1775 3160 1829 Deum
3191 1776 3509 1845 septingen-

1940 1869 2009 1924 tis
2054 1867 2360 1935 myriadum
2413 1866 2712 1921 idiomatis.
2748 1867 2813 1921 Et
2847 1866 2975 1919 vidit
3022 1869 3312 1936 quemdam
3349 1883 3510 1936 ange-

1937 1959 2049 2013 lum
2104 1960 2403 2027 lugcntem,
2433 1971 2766 2025 causamque
2820 1955 3001 2011 luctus
3048 1956 3133 2011 sui
3180 1957 3508 2027 inquisivit;

1939 2066 2101 2120 quam
2155 2050 2245 2104 hic
2296 2048 2583 2118 respondit
2626 2058 2910 2118 peccatum
2962 2064 3109 2104 esse.
3156 2048 3276 2118 Ipse
3324 2059 3509 2104 autem

1942 2141 2258 2196 intercessit
2280 2156 2381 2209 pro
2409 2141 2522 2195 illo.
2556 2141 2621 2194 Et
2650 2142 2729 2195 sic
2757 2156 2864 2206 me,
2884 2142 3082 2210 inquit,
3105 2141 3324 2197 Gabriel
3351 2124 3511 2197 alteri

1942 2232 2215 2286 commisit
2246 2232 2459 2300 angelo,
2487 2232 2580 2301 qui
2617 2232 2760 2286 idem
2798 2233 2988 2297 alteri,
3026 2244 3081 2287 et
3116 2234 3195 2288 sic
3225 2234 3508 2302 deinceps.

1942 2323 2120 2377 donec
2167 2337 2351 2376 coram
2402 2322 2514 2376 Deo
2553 2334 2607 2377 et
2648 2323 2906 2376 tribunali
2944 2324 3117 2392 ipsius
3167 2324 3410 2379 constiti.
3443 2325 3513 2379 Et

1943 2413 2120 2483 tetigit
2166 2429 2252 2468 me
2289 2429 2452 2467 manu
2504 2429 2602 2469 sua
2650 2414 2794 2469 Deus
2845 2415 2988 2469 inter
3030 2416 3304 2485 scapulas,
3336 2415 3513 2471 donec

1944 2503 2115 2583 frigus
2149 2518 2344 2558 manus
2384 2518 2496 2559 sua:
2541 2503 2851 2574 penetravit
2894 2504 2960 2559 ad
3010 2506 3304 2561 medullam
3340 2506 3513 2576 spina:

1945 2608 2099 2645 ntezr.
2160 2592 2222 2646 Et
2269 2592 2404 2645 dixit
2453 2593 2586 2646 mihi
2638 2594 2821 2647 Deus:
2857 2594 3096 2663 Imposui
3143 2604 3269 2649 vota
3319 2596 3419 2650 tibi
3457 2605 3514 2650 et

1945 2685 2147 2755 populo
2202 2694 2315 2739 tuo.
2381 2684 2741 2740 Descendenti
2802 2701 2933 2740 vero
2989 2687 3123 2741 milii
3186 2688 3253 2741 ad
3308 2687 3513 2743 caelum

1945 2787 2202 2844 quattum
2246 2790 2418 2844 usque
2471 2777 2750 2831 consuluit
2807 2777 2987 2833 Moses
3036 2788 3096 2832 ut
3147 2778 3385 2833 redirem
3444 2780 3514 2834 ad

1949 2867 2136 2930 Deum,
2162 2867 2519 2922 alleviaturus
2554 2868 2817 2937 populum
2847 2868 2942 2938 qui
2967 2867 3035 2923 ad
3070 2879 3196 2923 vota
3228 2870 3341 2924 htec
3371 2870 3518 2924 δυω-

1952 2973 2075 3012 ccre
2113 2960 2262 3012 nullo
2294 2959 2455 3013 modo
2483 2968 2689 3028 posset.
2716 2958 2872 3013 Unde
2899 2959 3078 3029 primo
3110 2960 3287 3015 reditu
3319 2962 3517 3015 remis-

266 3052 390 3123 λαῷ
432 3069 528 3104 σου
569 3052 754 3121 εὐχάς.
788 3050 1183 3104 Ka1a6a’tv1t6é
1233 3067 1323 3119 μοι
1365 3052 1503 3120 πρὸς
1537 3050 1627 3104 τὸν
1649 3052 1840 3122 τέταρ-

1951 3049 2159 3103 sionent
2192 3048 2381 3104 decem
2410 3060 2664 3104 votorum
2698 3050 3174 3121 impetravi;quin
3207 3052 3261 3106 in
3291 3054 3516 3108 tertium

268 3164 365 3199 τον
408 3146 640 3213 οὐρανὸν
690 3142 1109 3196 συνεῦούλευσεν
1157 3145 1183 3194 6
1230 3141 1469 3210 Μωῦσῆς
1527 3141 1845 3194 ἐπανελθεῖν

274 3257 347 3310 με
396 3237 534 3306 πρὸς
584 3235 645 3288 16
683 3234 942 3303 κουφίσαι
996 3234 1088 3287 16v
1142 3234 1291 3301 λαὸν,
1327 3234 1403 3305 μὴ
1446 3233 1577 3286 ὅντα
1621 3234 1848 3287 δυνατὸν

271 3328 531 3397 ἐξαρκεῖν
580 3325 819 3397 τοσαύτῃ
872 3325 1027 3394 εὐχῇ.
1080 3325 1189 3377 Kal
1243 3328 1312 3396 τῇ
1362 3324 1558 3395 πρώτῃ
1606 3324 1849 3393 ἑπαιιόδῳ

269 3419 473 3473 ελαΰον
530 3416 712 3469 ἄνεσιν
759 3415 865 3468 ἀπὸ
899 3415 1034 3467 δέκα
1089 3413 1252 3484 μέχρι
1300 3415 1396 3466 καὶ
1433 3420 1532 3483 της
1576 3414 1849 3483 τετάρτης

271 3512 567 3564 ἐπανόδου.
644 3509 754 3561 Kal
819 3510 887 3578 τῇ
974 3510 1204 3579 πέμπτῃ
1284 3506 1528 3575 ἑπανόδῳ
1598 3505 1851 3558 τοσοῦτον

274 3600 451 3674 ἦλθεν
483 3605 565 3665 είς
598 3600 658 3653 16
692 3599 915 3652 ἔλαττον
945 3599 1055 3651 τῶν
1086 3598 1283 3668 εὐχῶν,
1314 3597 1389 3659 ὡς
1426 3596 1614 3663 ὀλίγας
1653 3600 1851 3649 ἑναπο-

285 3699 498 3767 μεῖναι.
543 3693 805 3755 Εἰπόντος
852 3691 909 3745 δὲ
960 3691 1054 3743 τοῦ
1103 3690 1348 3750 Μωσέως
1416 3688 1549 3759 μηδὲ
1597 3688 1852 3741 τοσοῦτον

280 3786 616 3859 δυνήσεσθαι
642 3785 736 3837 τὸν
766 3783 892 3837 λαόν
925 3799 939 3813 °
975 3782 1086 3851 ἑγὼ
1113 3782 1169 3835 δὲ
1201 3781 1511 3851 αἰσχυνθεὶς
1541 3779 1615 3840 ὡς
1657 3796 1855 3831 τοσαυ-

277 3883 447 3940 τάκις
493 3875 719 3939 ἁναόὰς,
754 3874 855 3926 οὐκ
908 3871 1113 3935 ἀνέϐην
1162 3870 1363 3934 πλέον,
1408 3868 1523 3922 ἀλλ’
1564 3867 1733 3921 ἑλθὼν
1774 3868 1852 3931 εἰς

278 3975 347 4026 τδ
385 3947 967 4039 Ἐμπαρᾶῃῆλαυνον
1018 3963 1258 4014 ἑπανιὼν
1316 3962 1395 4023 εἰς
1434 3961 1528 4013 τὸν
1579 3955 1727 4013 οἷκον
1762 3959 1854 4011 τοῦ

279 4062 510 4120 Μακκὲ.
566 4058 789 4111 Τούτων
840 4056 897 4109 δὲ
945 4056 1162 4108 πάντων
1200 4054 1389 4124 χρόνος
1429 4052 1666 4106 ἐλάττων
1718 4051 1752 4121 ἢ
1799 4050 1859 4103 τὸ

279 4157 517 4210 δέκατον
550 4150 712 4222 μέρος
763 4149 861 4217 τῆς
909 4146 1127 4209 νυκτός·
1157 4148 1251 4199 καὶ
1282 4144 1691 4213 διηγησαμένου
1723 4142 1857 4211 πρὸς

278 4246 379 4300 τὸν
417 4242 546 4294 λαὸν
580 4239 675 4291 τοῦ
736 4237 978 4306 Μωὰμεθ
1030 4237 1129 4307 τὴν
1167 4235 1399 4305 Θεωρίαν
1445 4234 1671 4302 ταύτην,
1712 4234 1852 4286 ἀπέ-

287 4350 501 4404 στησαν
555 4332 663 4384 ἀπὸ
702 4329 796 4382 τοῦ
847 4328 1016 4397 νόμον
1067 4326 1232 4379 αὑτοῦ
1267 4326 1505 4397 χιλιάδες
1550 4324 1854 4395 ἀνθρώπων

1950 3141 2317 3209 quintumque
2348 3140 2587 3194 reditum
2637 3156 2807 3210 usque
2841 3142 2915 3196 ita
2954 3153 3207 3197 votorum
3250 3159 3519 3200 numerus

1950 3229 2274 3284 imminutus
2331 3240 2454 3291 est,
2511 3240 2571 3284 ut
2617 3231 2942 3300 paucissima
2998 3244 3372 3302 superessent.
3428 3236 3519 3290 Di-

1951 3332 2107 3376 cente
2158 3331 2340 3376 autem
2377 3320 2541 3385 Mose,
2580 3324 2842 3391 pepulttm
2891 3339 2994 3378 nec
3024 3326 3127 3378 hoc
3168 3326 3332 3379 modo
3368 3327 3519 3383 l'errc

1953 3427 2140 3482 posse,
2192 3428 2277 3467 me
2336 3422 2515 3467 autem
2573 3414 2734 3469 toties
2770 3416 2861 3469 tad
2932 3416 3098 3470 Deum
3164 3422 3365 3472 reverti
3421 3436 3521 3487 p.3-

1953 3506 2137 3571 debat,
2187 3519 2291 3560 nec
2346 3505 2581 3575 amplius
2630 3506 2760 3570 adii,
2790 3506 2886 3561 sed
2932 3522 3232 3564 conscenso
3267 3510 3520 3579 jnmento

1957 3594 2247 3666 Entparak,
2296 3596 2351 3650 in
2399 3596 2571 3651 aedem
2611 3597 2851 3653 civitatis
2892 3598 3095 3654 Meclta:
3132 3599 3403 3656 festinans
3438 3618 3522 3656 re-

1957 3704 2149 3743 versus
2181 3703 2325 3742 sum.
2358 3687 2598 3753 Tempus
2633 3704 2764 3744 Vero
2806 3689 3054 3745 omnium
3109 3693 3305 3747 horum
3339 3696 3523 3749 minus

1956 3788 2076 3834 erat
2101 3795 2264 3849 quam
2298 3780 2511 3835 decima
2539 3780 2717 3835 noctis
2750 3782 2951 3851 portio.
2979 3783 3025 3837 A
3056 3782 3364 3841 Mabomete
3388 3800 3523 3840 vero

1958 3872 2099 3926 hanc
2130 3871 2399 3926 visionem
2431 3880 2726 3927 enarrante
2762 3874 2931 3928 multa
2990 3874 3309 3931 defecerunt
3349 3878 3527 3932 bomi-

1958 3978 2089 4016 nutn
2142 3963 2332 4028 millia,
2372 3962 2467 4032 qui
2502 3963 2762 4021 dicebant
2803 3964 2923 4019 illi:
2959 3967 3211 4022 Asccnde
3253 3968 3419 4022 hodie
3469 3972 3523 4023 in

1959 4054 2155 4109 caelum
2209 4053 2370 4109 nobis
2416 4055 2749 4121 videntibus,
2804 4066 2863 4111 ut
2910 4057 3132 4124 angelus
3168 4069 3529 4114 occurrentes

1962 4147 2060 4203 tibi
2094 4147 2400 4203 videamus.
2429 4147 2623 4203 Nonne
2666 4156 2821 4203 tuum
2872 4148 3048 4219 ipsius
3088 4154 3339 4220 agnoscis
3369 4167 3529 4207 men-

1961 4238 2227 4293 dacium?
2258 4240 2322 4291 Et
2352 4238 2492 4293 dixit
2525 4238 2832 4294 Mabomet:
2869 4238 3013 4294 Laus
3049 4239 3158 4295 Deo
3206 4255 3349 4295 tneo.
3384 4240 3527 4294 Num

1962 4344 2062 4400 ego
2109 4329 2250 4383 alius
2290 4329 2566 4398 quispiam
2599 4345 2717 4383 sum
2754 4345 2916 4399 quam
2949 4346 3089 4386 unus
3127 4331 3436 4396 hominum,
3472 4340 3532 4385 et

288 4427 487 4481 πολλαὶ
516 4423 771 4489 λέξαντες
822 4422 994 4491 αὐτῷ,
1038 4419 1295 4489 Ἀνάΰηθι
1322 4422 1389 4489 τῇ
1425 4419 1608 4489 ἡμέρᾳ.
1652 4420 1732 4479 εἰς
1771 4417 1846 4469 τοι

1966 4420 2290 4490 apostolus?
2320 4420 2551 4489 Maiores
2580 4421 2748 4476 vestri
2796 4421 3078 4478 miraculis
3125 4437 3235 4478 non
3281 4422 3531 4478 credide-

282 4518 522 4589 οὐρανὸν
566 4514 817 4586 ὁρώντων
850 4514 1028 4584 ἡμῶν,
1063 4512 1138 4575 ὡς
1167 4513 1231 4565 ἂν
1276 4512 1479 4581 ίδωμεν
1510 4513 1634 4573 τοὺς
1668 4526 1860 4563 συναν-

283 4608 570 4678 τήσαντάς
628 4622 710 4657 σοι
752 4604 1037 4672 ἀγγέλους.
1089 4603 1204 4655 Οὐκ
1255 4594 1500 4670 ἑπὲγνως
1558 4601 1618 4655 16
1664 4601 1861 4655 ἑαυτοῦ

284 4699 526 4771 ψεῦδοςς
562 4696 671 4749 Kal
706 4691 859 4771 εἶπεν
882 4698 909 4747 6
940 4693 1209 4763 Μωὰμεθ,
1243 4696 1460 4755 Αἴνεσιε
1488 4694 1566 4763 τῷ
1587 4697 1703 4763 ωεῴ
1734 4712 1860 4761 μου.

288 4795 389 4863 Μὴ
421 4791 551 4845 ἄλλο
590 4788 644 4841 τί
677 4790 793 4857 εἰμι
833 4786 942 4855 ἑγὼ
973 4788 1006 4856 ἢ
1037 4782 1117 4850 εἷς
1143 4786 1248 4839 τῶν
1274 4786 1580 4858 ἀνθρώπων
1611 4790 1706 4841 καὶ
1732 4790 1866 4840 ἁπά-

292 4883 514 4947 στολος;
568 4880 633 4933 Oi
681 4878 787 4948 πρὸ
844 4876 1000 4946 ὑμῶν
1046 4878 1145 4930 οὐκ
1202 4877 1487 4929 ἐπίστευον
1546 4875 1864 4947 Θαύμασιν,

284 4972 419 5026 οὑΞὲ
454 4971 612 5039 ὑμεῖς
654 4967 941 5021 πιστεύετε
996 4967 1273 5036 θαύμασιν
1297 5008 1311 5033 ,
1345 4963 1470 5020 οὔτε
1523 4968 1862 5036 πιστεύσετε,

282 5068 345 5119 εἰ
381 5064 459 5135 μὴ
480 5064 568 5116 διὰ
600 5063 803 5131 ξίφους.
826 5063 933 5115 Kal
960 5064 1011 5112 τί
1043 5060 1086 5112 δ’
1110 5062 1173 5113 ἄν
1202 5077 1285 5123 τις
1316 5060 1460 5111 εἴποι
1490 5059 1617 5128 περὶ
1638 5060 1735 5128 τῆς
1761 5076 1869 5112 τοις

282 5158 473 5223 αύτης
504 5155 732 5223 ψευδοῦς
777 5155 871 5206 καὶ
904 5153 1237 5221 ἀδοξοτάτης
1280 5150 1555 5219 θεωρίαςς
1594 5152 1675 5221 ἑξ,
1698 5149 1867 5203 αὑτοῦ

281 5253 409 5319 γὰρ
438 5247 531 5299 τοῦ
561 5246 804 5314 Μωάμεθ
838 5245 931 5297 τὸν
960 5244 1185 5313 ἔλεγχον
1217 5243 1351 5314 ἔχει.
1384 5243 1555 5305 Αὐτὸς
1585 5244 1695 5313 γάρ
1722 5245 1869 5295 ἑστιν

280 5341 323 5391 ὁ
358 5335 556 5399 εἰπὼν,
614 5336 699 5387 ὅτε
748 5333 989 5386 ἐκυλίετο
1041 5334 1286 5404 ἀφρίζων
1334 5333 1440 5385 ὑπὸ
1480 5333 1574 5386 τοῦ
1622 5333 1867 5398 πάθους,

278 5433 381 5485 ὃτι
416 5428 512 5479 τοῦ
550 5425 789 5495 Γαϐριὴλ
827 5424 1122 5495 ἐρχομένου
1176 5424 1313 5495 πρὸς
1372 5424 1558 5489 αὑτὸν,
1595 5424 1871 5477 ἀπεσταλ-

289 5522 472 5593 μένον
508 5519 658 5588 παρὰ
690 5516 824 5570 Θεοῦ
879 5516 1062 5585 δῆθεν,
1108 5517 1209 5569 οὐκ
1255 5516 1489 5588 ἠδύνατο
1536 5520 1725 5588 φέρειν
1772 5517 1872 5588 τὴν

276 5610 399 5666 τοῦ
458 5612 695 5678 ἀγγέλου
741 5610 929 5679 ὅρασιν
955 5648 969 5674 ,
1006 5610 1101 5660 καλ⁵
1152 5608 1242 5661 διὰ
1285 5608 1443 5661 τοῦτο
1488 5609 1707 5661 πίπτειν
1740 5607 1869 5660 ὡσεὶ

288 5702 520 5772 νεκρὸν,
551 5702 675 5763 τοὺς
695 5700 777 5788 ’δὲ
826 5699 976 5770 παρὰ
1004 5699 1098 5753 τοῦ
1129 5700 1359 5767 ἀγγέλου
1410 5700 1601 5770 λόγους
1631 5700 1872 5767 ἀκούειν,

1966 4520 2117 4577 runt,
2165 4526 2266 4566 nec
2299 4526 2397 4565 vos
2445 4511 2637 4565 iisdem
2686 4512 2952 4579 creditis;
2991 4528 3094 4568 nec
3141 4512 3381 4569 credetis
3426 4529 3531 4567 un-

1965 4618 2152 4674 quam,
2180 4603 2285 4656 nisi
2322 4618 2420 4673 per
2449 4603 2713 4673 gladium.
2744 4604 2811 4660 Et
2847 4604 3111 4679 quidnam
3148 4604 3296 4662 dicat
3331 4604 3535 4675 aliquis

1966 4697 2034 4750 de
2066 4696 2200 4750 falsa
2245 4696 2346 4751 ltac
2384 4707 2441 4751 et
2484 4697 2724 4752 absurda
2769 4698 3027 4753 visione?
3060 4698 3141 4753 Ex
3180 4697 3353 4767 ipsius
3382 4696 3527 4751 enim

1968 4786 2285 4841 Mabomclis
2322 4786 2506 4841 verbis
2530 4788 2895 4842 convincitur.
2915 4786 2965 4842 ls
2986 4788 3130 4842 enim
3152 4796 3237 4842 est
3256 4786 3347 4855 qui
3370 4785 3533 4849 dixit,

1968 4893 2091 4932 cum
2122 4894 2387 4947 spumans
2415 4878 2541 4933 hinc
2573 4879 2699 4935 inde
2728 4884 3060 4943 volveretur,
3085 4877 3232 4948 quod
3264 4876 3538 4931 venientis

1968 4968 2034 5021 ad
2062 4983 2119 5021 se
2144 4966 2413 5022 Gabrielis
2446 4968 2624 5037 angeli
2662 4983 2692 5021 a
2725 4968 2834 5022 Deo
2876 4966 3026 5021 missi
3057 4977 3337 5036 aspectum
3370 4966 3538 5019 susti-

1968 5073 2100 5113 nere
2141 5074 2251 5113 non
2285 5068 2490 5127 posset,
2521 5068 2577 5112 et
2622 5067 2910 5128 propterea
2950 5059 3145 5113 cadere
3174 5056 3412 5111 exanimi
3458 5055 3536 5109 si-

1969 5151 2181 5214 milem,
2206 5149 2399 5203 audire
2432 5158 2616 5203 autem
2658 5165 2716 5204 se
2746 5150 2924 5219 angeli
2957 5164 3242 5204 sermones
3278 5163 3380 5203 cett
3429 5149 3536 5199 tin-

1972 5241 2314 5297 tinnabulum
2372 5254 2586 5294 teneam
2652 5255 2937 5295 resonans.
2986 5239 3088 5303 Qui
3149 5240 3317 5310 igitur
3372 5238 3540 5293 unius

1971 5336 2145 5406 angeli
2191 5344 2474 5406 aspectum
2519 5334 2793 5390 sustinere
2845 5350 2955 5389 non
3009 5336 3208 5406 potuit,
3261 5332 3539 5404 quomodo

1972 5436 2053 5482 tot
2098 5430 2416 5498 angelorum
2485 5427 2832 5497 splendorem
2886 5430 3067 5495 potuit
3111 5427 3356 5483 intueri?
3406 5425 3540 5495 quin

1972 5519 2134 5574 etiam
2167 5518 2443 5573 curiosius
2475 5518 2542 5572 de
2574 5520 2657 5572 his
2683 5518 2985 5587 inquirere,
3023 5527 3103 5572 tot
3135 5518 3314 5588 capita
3349 5530 3544 5573 nume-

1977 5626 2120 5673 rare,
2161 5619 2216 5663 et
2242 5616 2321 5662 tot
2354 5612 2493 5662 intra
2524 5610 2669 5663 labia
2704 5610 2923 5664 illorum
2966 5609 3198 5679 linguas,
3228 5618 3339 5662 tum
3380 5607 3545 5662 etiam

1980 5710 2086 5755 tam
2140 5701 2319 5755 varias
2371 5701 2697 5771 hymnorum
2740 5703 2827 5757 Dei
2859 5701 3268 5758 vicissitudines
3297 5711 3351 5757 et
3401 5700 3546 5755 idio-
