3928 6212
492 205 598 270 679

1661 203 1986 264 JOANNIS
2025 203 2553 265 CANTACUZENI

3559 218 3642 282 680

493 331 637 377 mata
661 318 1027 377 discernere?
1057 318 1173 373 Non
1218 315 1364 370 enim
1406 314 1644 369 Gabrieli
1681 315 1780 367 soli
1817 329 1874 368 se
1925 322 2078 367 antc-

2189 312 2369 383 ὥσπερ
2424 314 2546 366 τινὰ
2597 312 2820 366 κώδωνα
2862 313 3098 383 χαλκοῦν
3147 315 3381 385 ἠχοῦντα.
3421 321 3472 375 '0
3514 327 3657 381 τοίνυν

493 400 674 484 ponit,
718 414 815 467 sed
864 411 1031 466 etiam
1081 408 1340 462 omnibus
1389 407 1474 461 his
1521 405 1588 458 ad
1634 421 1772 473 quos
1817 403 2056 459 Gabrieli

495 521 608 561 non
657 502 1079 574 permittebatur
1126 499 1376 570 ingredi:
1434 499 1529 552 sed
1580 506 1732 552 tanto
1785 497 1892 551 illis
1945 503 2065 550 erat

499 594 752 658 inferior,
789 605 847 646 ut
877 593 1056 661 ipsum
1097 591 1455 644 Mahometem
1492 589 1648 643 alteri
1688 589 1880 658 angelo
1915 602 2064 641 com-

499 688 763 748 mitteret,
797 683 888 753 qui
923 691 977 737 et
1018 683 1134 752 ipse
1166 682 1350 745 alteri,
1395 691 1449 734 et
1480 681 1560 735 sic
1594 679 1856 748 deinceps
1885 693 1941 732 se
1971 692 2068 746 per

505 777 749 846 singulos
783 776 835 829 in
866 776 1184 843 angelorum
1225 774 1434 827 turbam
1470 772 1806 842 pervenisse,
1837 785 1974 840 quos
2013 777 2069 823 et

500 871 649 938 ipsos
687 867 903 921 tandem
943 865 1364 926 transcenderit,
1397 864 1574 916 donec
1624 861 1690 914 ad
1742 862 1910 914 Deum
1948 876 2067 929 per-

498 958 725 1011 veniens
752 969 944 1010 mutuo
967 971 1089 1010 eum
1127 957 1218 1008 illo
1247 970 1377 1008 usus
1425 955 1493 1007 sit
1525 953 1814 1021 colloquio.
1850 953 1928 1006 Ad
1958 952 2072 1005 hazc

500 1066 558 1104 sc
598 1066 703 1103 non
735 1049 897 1102 modo
925 1049 1182 1101 omnibus
1207 1047 1290 1100 his
1325 1045 1563 1115 prml‘ert,
1598 1043 1691 1097 sed
1721 1044 1884 1097 etiam
1910 1058 2072 1096 oran-

502 1151 613 1196 tem
668 1155 725 1194 sc
784 1154 883 1209 pro
942 1139 1049 1193 illis
1103 1138 1334 1190 inducit.
1375 1136 1542 1190 Cesso
1594 1149 1739 1187 nunc
1793 1134 1974 1186 dicere
2005 1131 2104 1185 de'

503 1245 702 1300 magno
743 1230 836 1282 illo
887 1229 980 1282 Dei
1033 1236 1343 1295 spectatore
1393 1225 1560 1286 Mose,
1596 1238 1779 1292 quem,
1839 1231 1898 1275 ut
1959 1221 2074 1289 ipse

506 1321 665 1385 dicit,
699 1323 752 1373 in
780 1328 980 1388 quarto
1007 1318 1148 1372 cmlo
1176 1317 1482 1384 conspexit,
1512 1329 1634 1367 cum
1665 1313 1782 1381 ipse
1811 1311 1874 1364 ad
1909 1300 2077 1378 septi-

509 1427 657 1465 mum
696 1425 868 1479 usque
905 1408 1243 1470 ascenderit,
1275 1417 1331 1461 et
1373 1407 1440 1459 ad
1481 1406 1648 1459 Deum
1681 1419 1853 1472 usque
1886 1417 2076 1471 perve—

503 1503 670 1567 nerit,
721 1516 957 1568 cumque
1022 1499 1117 1554 illo
1173 1498 1245 1554 sit
1293 1499 1636 1558 collocutus,
1687 1505 1742 1549 et
1791 1504 1913 1564 post
1963 1497 2076 1548 haec

503 1607 756 1663 egressus
785 1591 877 1657 sit,
910 1599 966 1645 et
996 1590 1343 1644 descenderit
1377 1589 1442 1642 ad
1475 1589 1675 1643 cretum
1707 1596 1986 1656 quartum,
2019 1595 2078 1640 ut

506 1685 714 1739 dictum
766 1691 887 1748 est;
941 1681 1035 1736 ubi
1086 1691 1140 1736 et
1179 1683 1232 1736 in
1286 1682 1492 1737 Mosem
1518 1680 1792 1743 inciderit,
1829 1687 1884 1734 et
1931 1679 2078 1734 hunc

2173 403 2247 474 μὴ
2305 403 2553 474 δυνηθεὶς
2606 406 2795 475 φέρειν
2844 405 2960 466 ἐνὸς
3012 407 3239 474 ἀγγέλου
3294 411 3527 469 ὀπτασίαν
3569 421 3661 482 πῶς

2176 495 2441 548 τοσούτων
2475 495 2723 562 ἀγγέλων
2772 495 2944 566 αὐγὴν
2982 497 3215 570 ἠδυνήθη
3246 499 3552 570 θεάσασθαι;
3587 525 3665 560 πεο

2178 583 2571 652 ριεργάσασθαί
2602 599 2660 635 τε
2710 585 2805 636 καὶ
2834 585 3128 655 ’μετρῆσαι
3176 587 3270 649 τὰς
3313 593 3551 656 τοσαύτας
3597 614 3670 648 κε-

2176 672 2352 741 φαλὰς
2383 673 2493 725 τῶν
2528 675 2802 741 ἀγγέλων,
2852 675 2952 737 τὰς
2988 676 3136 739 ἐντός
3181 694 3238 729 τε
3289 679 3388 731 τῶν
3435 683 3672 751 στομάτων

2177 765 2356 818 αὐτῶν
2390 765 2667 834 γλώσσας,
2706 768 2844 821 ἀλλὰ
2882 766 2946 837 δὴ
2989 767 3086 820 καὶ
3119 769 3215 832 τὰς
3246 769 3508 841 διαφόρους
3550 775 3678 828 ἐναλ-

2177 856 2350 922 λαγὰς
2407 857 2500 908 καὶ
2565 857 2838 923 ἰδιότητας
2888 857 2995 933 τῷν
3053 857 3235 926 ὓμνων
3290 856 3379 910 τοῦ
3425 859 3581 926 Θεοῦ;
3619 867 3677 932 μὴ

2182 948 2340 1017 μᾶνον
2365 945 2474 1016 γάρ
2506 947 2600 999 τοῦ
2640 948 2678 999 Γ
2682 947 2881 1019 αὗριὴλ
2924 948 3146 1018 μείζονα
3177 945 3310 1001 εἶναι
3340 949 3473 1018 λέγει
3502 953 3679 1018 ἐαυτὸν,

2179 1041 2317 1094 ἀλλά
2357 1043 2451 1094 καὶ
2491 1040 2712 1094 πάντων
2751 1043 2998 1106 ἐκείνων,
3050 1043 3130 1105 εἰς
3171 1041 3260 1104 οὓς
3304 1043 3330 1095 ὁ
3363 1043 3574 1114 Γαϐριὴλ
3605 1049 3682 1100 οὐκ

2180 1128 2295 1203 εἶχε
2334 1133 2711 1211 παρείσδυσιν.
2753 1134 2912 1186 Ἀλλὰ
2939 1133 3194 1186 τοσοῦτον
3225 1131 3288 1205 ἦν
3319 1135 3540 1188 ἀποδέων
3569 1138 3686 1190 ἐκεί-

2181 1243 2308 1287 νων,
2340 1224 2481 1278 ὥστε
2516 1225 2609 1278 τὸν
2649 1225 2895 1294 Μωάμεθ
2928 1226 3090 1278 αὑτὸν
3121 1226 3291 1295 ἐτέρῳ
3316 1226 3514 1296 ἀγγέλῳ
3541 1244 3686 1295 mp1-

2183 1317 2386 1381 δοῦναι,
2423 1320 2451 1370 ὁ
2479 1317 2522 1370 δ’
2554 1317 2622 1370 αὖ
2654 1318 2849 1388 ἑτέρῳ,
2899 1317 2995 1370 καὶ
3027 1318 3223 1386 ἐφεξῆς
3250 1319 3408 1388 ἄλλῳ,
3445 1320 3530 1372 καὶ
3550 1317 3690 1379 οὕτως

2183 1410 2425 1464 ἀνελθεῖν
2458 1413 2536 1473 εἰς
2578 1410 2638 1461 τὸ
2688 1409 2893 1477 πλῆθος
2938 1409 3048 1462 τῶν
3095 1408 3360 1476 ἀγγέλων,
3399 1405 3506 1462 εἶτα
3540 1410 3692 1462 κάκεί-

2185 1520 2292 1555 νων
2345 1503 2800 1573 ὐπεραναϐῆναι,
2848 1501 2944 1554 καὶ
2997 1500 3173 1564 οὕτως
3229 1477 3476 1554 εἰσελθεῖν
3516 1503 3583 1562 el;
3624 1503 3694 1552 τὸν

2186 1595 2338 1659 Θεὸν,
2380 1595 2477 1647 καὶ
2511 1594 2793 1664 συντυχεῖν
2837 1591 3109 1662 ἀλλήλοις.
3154 1592 3273 1644 Ἔτι
3322 1591 3395 1661 μὴ
3429 1591 3570 1661 μόνον
3598 1590 3696 1659 μεί-

2188 1686 2316 1748 ζονα
2353 1687 2572 1740 πάντων
2631 1686 2853 1739 ἐκείνων
2898 1684 3136 1738 δεικνύει
3199 1684 3427 1748 ἐαυτὸν,
3480 1683 3597 1737 ἀλλὰ
3620 1685 3698 1736 καὶ

507 1789 727 1845 quoque
777 1775 851 1828 illi
889 1775 1256 1839 consuluisse,
1292 1782 1352 1827 ut
1389 1788 1644 1827 reversus
1685 1781 1870 1825 oraret
1910 1772 2080 1841 Deum

2189 1778 2333 1845 ὑπὲρ
2363 1777 2592 1830 ἐκείνων
2640 1777 2954 1847 εὐχόμενον.
3007 1777 3114 1829 Ἐὦ
3147 1776 3329 1845 λέγειν
3365 1775 3594 1845 περὶτοῦ
3624 1792 3699 1843 με·

508 1882 610 1936 pro
659 1866 885 1935 populo,
908 1875 1209 1935 votumque
1243 1865 1501 1920 redderet
1536 1865 1734 1928 levius,
1769 1863 1970 1934 populo
2002 1862 2083 1915 ni-

511 1961 712 2014 mirum
761 1960 1066 2014 inlirmiore
1111 1960 1178 2014 ad
1216 1961 1318 2014 hoc
1362 1961 1678 2015 exsistente.
1710 1959 1828 2024 Quo
1855 1958 2084 2013 consilio

512 2066 670 2105 usum
709 2050 774 2104 ad
807 2051 980 2104 Deum
1028 2047 1280 2116 rediisse,
1329 2060 1385 2105 et
1433 2051 1547 2105 hate
1573 2052 1818 2105 oravisse
1847 2051 1916 2104 ab
1947 2051 2042 2104 illo
2070 2069 2083 2103 :

509 2140 654 2209 quod
719 2142 885 2195 etiam
947 2142 1026 2196 illi
1071 2157 1397 2197 concessum
1447 2142 1551 2206 sit,
1603 2141 1828 2210 votique
1877 2141 2090 2210 pondus

509 2231 847 2287 alleviatum.
878 2233 1014 2287 Cum
1050 2249 1177 2287 vero
1212 2235 1395 2288 Moses
1426 2234 1578 2288 illum
1611 2241 1853 2304 cogeret,
1885 2233 2086 2294 denuo.

511 2333 567 2378 et
599 2324 680 2379 sic
706 2325 951 2394 quinque
975 2325 1188 2380 vicibus
1214 2325 1279 2380 ad
1319 2324 1488 2379 Deum
1519 2325 1769 2391 rediisse,
1794 2334 2090 2392 votumque

512 2416 696 2469 denuo
739 2431 858 2471 esse
892 2417 1264 2471 imminutum.
1306 2417 1454 2471 Mose
1482 2431 1610 2470 vero
1643 2429 1822 2484 neque
1851 2415 1933 2469 sic
1963 2429 2091 2468 con-

511 2516 688 2571 tento,
714 2507 808 2560 sed
839 2508 1108 2563 suadente
1139 2517 1198 2562 ut
1227 2508 1410 2562 denuo
1443 2515 1840 2571 reverteretur,
1867 2505 2092 2575 votique

514 2598 898 2652 remissionem
931 2600 1194 2670 majorem
1221 2599 1640 2668 impetraret,se
1670 2614 1778 2653 non
1806 2599 2090 2667 annuisse,

513 2689 608 2743 sed
671 2704 975 2744 conscenso
1021 2691 1272 2759 jumento
1327 2705 1429 2743 suo
1481 2689 1752 2759 Emparak
1801 2692 1855 2743 in
1908 2691 2090 2745 locum

516 2793 676 2832 suum
705 2779 1002 2848 pristinum
1032 2778 1360 2848 perrexisse.
1381 2777 1612 2847 Inspice,
1632 2793 1839 2846 qumso,
1866 2780 2091 2834 menda-

516 2870 661 2924 cium
721 2869 903 2924 omnis
953 2869 1274 2939 ignorantiae
1321 2870 1562 2938 plenum.
1602 2869 2000 2938 Deumkquem
2036 2879 2092 2925 et

515 2962 632 3029 ipse.
667 2960 946 3015 Mahomet
981 2961 1293 3015 Creatorem
1333 2960 1456 3014 σα)Ιί
1491 2969 1546 3014 et
1579 2969 1739 3014 terra:
1767 2975 1887 3014 esse
1921 2959 2092 3014 conli-

514 3061 682 3117 tetur,
717 3066 1044 3122 corporeum
1091 3051 1243 3117 facit,
1275 3066 1383 3105 non
1433 3051 1840 3121 incorporeum.
1877 3051 2086 3106 Numen
2117 3075 2158 3132 ο

516 3153 697 3196 autem
731 3145 1114 3213 incorporeum
1144 3153 1247 3208 est,
1276 3143 1583 3211 quantitate
1612 3151 1762 3196 caret
1805 3151 1860 3196 et
1887 3143 2090 3212 magni-

517 3229 728 3294 tudine,
760 3245 860 3284 nec
886 3229 1067 3299 specie
1106 3229 1214 3282 ulla
1251 3229 1745 3284 circumscribitur.
1776 3227 1930 3295 Quod
1963 3245 2086 3283 cum

514 3324 712 3370 natura
745 3330 842 3368 sua
888 3315 1107 3384 propria
1150 3315 1256 3370 tale
1289 3317 1380 3378 sit,
1409 3316 1686 3385 quomodo
1713 3332 1779 3370 ex
1828 3316 2090 3372 membris

512 3402 824 3457 consistet?
858 3401 913 3455 Si
947 3402 1073 3471 quis
1104 3401 1248 3456 enim
1284 3403 1390 3457 hoc
1421 3405 1780 3467 concesserit,
1811 3391 2088 3474 quomodo

511 3493 903 3561 incorporeum
933 3506 1053 3546 esse
1077 3491 1418 3563 intelligetur
1443 3494 1466 3545 ?
1495 3493 1649 3559 Quod
1676 3495 1823 3548 enim
1862 3494 2086 3565 ﬁguram

513 3583 705 3650 habet,
753 3582 980 3638 omnino
1029 3592 1086 3638 et
1115 3585 1743 3656 quantitati-subjacet:
1777 3588 1923 3657 quod
1958 3601 2088 3642 vero

513 3674 880 3745 quantitatem
908 3675 1183 3742 habuerit,
1210 3677 1392 3731 locum
1422 3677 1624 3732 habeat
1650 3687 1868 3748 oportet
1893 3697 1906 3744 ;
1942 3678 2087 3748 quod

513 3773 697 3819 autem
747 3765 802 3817 in
856 3765 980 3818 loco
1048 3765 1183 3829 est,
1231 3767 1544 3821 necessario
1592 3766 2087 3823 circumscribitur.

515 3856 800 3920 Quomodo
829 3866 1012 3909 autem
1054 3856 1256 3925 aliquis
1286 3857 1402 3911 hate
1449 3872 1710 3925 corporea
1741 3867 1796 3912 et
1841 3861 2090 3929 corporis

515 3947 760 4014 propria,
793 3954 996 4000 sancta:
1043 3946 1119 4000 illi
1157 3959 1211 4000 et
1244 3947 1583 4016 incorporea:
1619 3957 1830 4002 natura:
1865 3950 1961 4004 Dei
1995 3952 2091 4004 tri-

516 4037 834 4106 buerit,qui
868 4036 1031 4091 modo
1061 4037 1273 4092 ratione
1303 4052 1412 4091 non
1441 4039 1748 4093 careatiEt
1779 4041 2090 4109 patriarcha

515 4127 736 4196 quidem
803 4127 1077 4182 Abraham
1123 4127 1178 4181 in
1219 4131 1391 4182 veteri
1445 4128 1536 4182 illa
1586 4129 1681 4184 Dei
1726 4133 2088 4200 apparitione,

516 4219 759 4288 scipsum
791 4228 994 4274 terram
1042 4229 1098 4275 et
1154 4220 1398 4275 cinerem
1453 4236 1577 4296 esse
1625 4224 1900 4292 reputavit
1928 4224 2092 4280 dixit-

515 4324 643 4376 que.
698 4310 922 4364 Daniele
972 4317 1196 4377 autem,
1243 4313 1338 4382 qui
1397 4312 1522 4368 talis
1581 4321 1874 4382 tantusque
1929 4309 2119 4379 erat,"

2185 1869 2350 1936 γάλου
2380 1868 2590 1922 ἐκείνου
2624 1870 2714 1921 καὶ
2747 1869 2976 1922 θεόπτου
3009 1869 3312 1932 Μωῦσέως,
3343 1867 3420 1932 δν,
3450 1867 3517 1928 ὥς
3548 1883 3699 1935 φησιν,

2186 1957 2327 2013 εἶδεν
2377 1961 2435 2013 ἐν
2483 1959 2562 2032 τῷ
2607 1959 2856 2031 τετάρτῳ
2893 1960 3136 2030 οὐρανῷ,
3181 1959 3343 2013 αὐτὸν
3389 1958 3442 2011 δὲ
3477 1959 3702 2027 ὑπερανα·

2188 2050 2348 2120 ϐῆναι
2377 2051 2472 2104 καὶ
2502 2049 2596 2103 τοῦ
2625 2050 2879 2119 ἑϐδόμου,
2915 2051 3008 2104 καὶ
3049 2050 3308 2104 ἀπελθεῖν
3341 2050 3494 2119 μέχρι
3515 2048 3598 2101 καὶ
3630 2047 3700 2099 τοῦ

2161 2136 2348 2201 -Θεοῦ,
2389 2137 2650 2206 ὁμιλῆσαι
2700 2154 2758 2190 τε
2802 2137 2976 2204 αὐτῷ.
3022 2137 3181 2191 Μετὰ
3225 2135 3281 2189 δὲ
3322 2135 3485 2189 ταῦτα
3515 2133 3700 2200 ἐξελθεῖν

2190 2231 2284 2283 καὶ
2347 2228 2634 2281 κατελθεῖν
2679 2230 2736 2282 ἐν
2766 2229 2842 2297 τῷ
2876 2229 3122 2299 τετάρτῳ
3149 2228 3383 2298 οὐρανῷ,
3414 2227 3485 2290 ὡς
3512 2228 3704 2295 εἴρηται,

2191 2321 2283 2371 καὶ
2317 2321 2596 2389 συντυχεῖν
2650 2319 2728 2390 τῷ
2757 2309 3019 2384 Μωῡσεῖ,
3062 2319 3464 2390 συμϐουλεῦσαι
3495 2336 3548 2370 τε
3582 2317 3708 2370 αὐτὸν

2189 2412 2401 2481 τούτῳ,
2465 2412 2956 2482 ἐπαναστραφέντα
3026 2413 3415 2482 παρακαλέσαι
3467 2411 3550 2464 τὸν
3600 2408 3704 2461 Θεὸν

2192 2501 2331 2568 ὑπὲρ
2363 2498 2459 2551 τοῦ
2493 2500 2649 2566 λαοῦ,
2691 2503 2784 2555 καὶ
2833 2502 3097 2568 γενέσθαι
3145 2503 3480 2572 κουφοτέραν
3520 2502 3605 2569 τὴν
3642 2499 3709 2549 εὐ-

2190 2591 2313 2662 χὴν,
2346 2590 2420 2654 ὡς
2456 2591 2734 2654 ἀδυνάτως
2775 2591 2989 2660 ἔχοντος
3021 2593 3161 2663 πρὸς
3191 2593 3382 2662 αὑτήν·
3415 2591 3504 2648 καὶ
3531 2587 3714 2657 δεξαμέ-

2190 2698 2294 2734 νου
2327 2678 2518 2734 τούτου
2548 2681 2646 2748 τὴν
2683 2681 2880 2751 βουλὴν
2901 2723 2916 2746 ,
2950 2683 3440 2753 ἐπαναστραφῆναι
3489 2681 3611 2752 πρὸς
3647 2678 3716 2731 τὸν

2190 2771 2345 2836 Θεὸν,
2379 2772 2473 2826 καὶ
2501 2772 2736 2844 ζητῆσαι
2774 2773 2837 2826 τὸ
2878 2774 3011 2844 περὶ
3045 2775 3268 2838 τούτου,
3301 2774 3391 2828 καὶ
3423 2771 3713 2845 προσδεχθῆ-

2194 2879 2282 2914 ναι
2320 2863 2418 2932 τὴν
2455 2862 2687 2933 ζήτησιν
2732 2863 2920 2928 αὑτοῦ,
2957 2866 3051 2917 καὶ
3083 2865 3351 2934 γενέσθαι
3394 2863 3719 2935 ἐλαφροτέραν

2192 2953 2291 3022 τὴν
2324 2952 2510 3024 εὐχήν.
2546 2955 2657 3006 Καὶ
2692 2949 2758 3018 αὖ
2799 2953 2896 3007 τοῦ
2939 2955 3190 3020 Μωσέως
3232 2957 3621 3024 ἀναγκάσαντος
3645 2952 3720 3002 αὐ-

2191 3043 2283 3095 τὸν
2322 3043 2477 3107 αὖθις
2512 3045 3001 3116 ἐπαναστραφῆναι
3032 3047 3142 3110 ἕως
3193 3036 3457 3109 πεντάκις
3505 3046 3625 3114 πρὸς
3652 3043 3722 3093 τὸν

2192 3135 2346 3199 Θεὸν,
2377 3138 2474 3190 καὶ⁸
2515 3136 2678 3190 πάλιν
2717 3137 2973 3205 γενέσθαι
3017 3139 3208 3210 πολλῷ
3239 3139 3492 3192 ἐλάττονα
3531 3134 3723 3205 15TH!”-

2190 3225 2316 3293 χὴν,
2355 3226 2448 3277 καὶ
2500 3225 2575 3296 μὴ
2614 3226 2958 3298 ἀρκεσθέντα
3007 3227 3102 3282 τὸν
3154 3229 3399 3298 Μωῦσῆν
3449 3227 3607 3280 εἰπεῖν
3654 3233 3728 3274 και

2190 3315 2343 3378 αὖθις
2397 3315 2484 3369 ἵνα
2532 3317 2927 3389 ἐπαναστραφῇ
2957 3318 3097 3388 πρὸς
3147 3320 3242 3372 τὸν
3288 3319 3418 3372 Θεὸν
3454 3317 3538 3372 καὶ
3566 3313 3728 3382 αἱτήεῖι

2189 3409 2747 3476 συγγνωμονεστέραν
2783 3403 3035 3476 γενέσθαι
3070 3410 3175 3480 τὴν
3211 3410 3399 3481 εὐχὴν,
3424 3406 3731 3462 οὑκατένευ-

2191 3513 2304 3561 σεν,
2349 3497 2485 3554 ἀλλά
2513 3499 2794 3572 κατελθεῖν
2832 3501 2912 3561 εἰς
2943 3500 3002 3553 τὸ
3036 3501 3367 3572 Ἑμπαρὰκ,
3397 3501 3488 3553 καὶ
3525 3495 3733 3548 ἐλαύνειν

2188 3588 2292 3652 ἕως
2325 3589 2391 3643 ἂν
2435 3587 2563 3660 ἔλθῃ
2612 3567 2737 3644 ἔδθα
2772 3585 2841 3661 ἦν
2875 3567 3164 3662 πρότερον.
3198 3567 3401 3646 Σκόπει
3428 3588 3550 3656 γοῦν
3579 3583 3736 3656 ψεῦδος

2191 3680 2374 3750 πάσης
2433 3681 2710 3748 ἀγνωσίας
2769 3683 3222 3752 μεμεστωμένον·
3267 3683 3367 3744 τὸν
3414 3679 3558 3741 Θεὸν,
3590 3677 3738 3729 ὅντινα

2191 3767 2445 3836 ὁμολογεῖ
2476 3768 2504 3820 ὁ
2535 3769 2698 3830 αὐτὸς
2723 3769 2972 3839 Μωάμεθ
3006 3772 3248 3843 ποιητὴν
3276 3768 3506 3842 οὐρανοῦ
3531 3768 3616 3820 καὶ
3643 3764 3740 3831 γῆς,

2192 3855 2502 3926 ἐνσώματον
2550 3857 2828 3922 δεικνύει,
2866 3859 2959 3912 καὶ
3014 3861 3120 3914 οὐκ
3181 3861 3496 3933 ἀσώματον.
3539 3857 3605 3908 Τδ
3657 3853 3743 3919 γὰρ

2191 3948 2348 4000 Θεῖον
2395 3947 2720 4017 ἀσώματον,
2766 3950 2967 4002 ᾶποσόν
3000 3968 3059 4003 τε
3098 3952 3199 4004 καὶ
3246 3951 3325 4022 μὴ
3373 3951 3496 4022 ἕχον
3530 3945 3743 4019 μέγεθος.

2191 4037 2315 4089 οὑδέ
2356 4039 2415 4089 ἐν
2445 4037 2576 4089 εῖδει
2610 4039 3004 4108 περιγραπτόν.
3039 4039 3118 4093 Τὸ
3143 4039 3203 4093 δέ
3235 4041 3413 4102 οὕτως
3440 4041 3558 4108 ἕχον
3603 4038 3652 4086 ὲν
3692 4035 3744 4097 τῇ

2196 4128 2302 4196 ἰδίᾳ
2336 4125 2501 4181 αὑτοῦ
2530 4129 2689 4196 φύσει
2723 4127 2838 4190 πῶς
2864 4127 2930 4180 ἂν
2967 4131 3030 4181 ἐκ
3070 4130 3307 4202 μερῶν;
3339 4131 3388 4183 εἰ
3423 4130 3529 4199 γάρ
3557 4143 3630 4188 τις
3653 4121 3746 4188 δοίη

2193 4219 2350 4284 τοῦτο
2401 4221 2692 4290 ὑπάρχειν,
2758 4220 2876 4282 πῶς
2932 4222 3272 4292 νοηθήσεται
3333 4222 3651 4291 ἀσώματονς
3700 4214 3749 4263 'J'

2193 4312 2301 4377 γὰρ
2349 4312 2406 4360 ἐν
2443 4311 2688 4379 σχήματι
2719 4309 2780 4363 ὃν
2827 4311 3046 4373 πάντως
3097 4314 3201 4366 καὶ
3248 4315 3309 4366 ἐν
3339 4311 3513 4381 ποσῷ.
3544 4311 3611 4362 Τὸ
3633 4307 3678 4360 δὲ
3709 4305 3752 4355 ἐν

516 4398 738 4453 vidente
793 4400 1069 4470 angelum,
1126 4415 1394 4456 conversa
1445 4410 1530 4458 est
1575 4404 1750 4472 gloria
1803 4404 1974 4473 ipsius
2033 4407 2086 4458 in

2197 4400 2345 4469 ποσῷ
2381 4405 2476 4457 καὶ
2497 4405 2554 4454 ἐν
2584 4404 2753 4474 τόπῳο
2790 4403 2853 4456 τὸ
2882 4405 2938 4456 δὲ
2987 4406 3046 4457 ἐν
3081 4407 3244 4477 τόπῳ
3287 4407 3590 4473 ἐξανάγκης
3622 4416 3752 4468 περι·

515 4489 951 4557 corruptionem,
985 4491 1037 4544 id
1067 4500 1170 4556 est,
1191 4493 1471 4562 paulisper
1501 4494 1667 4547 vitam
1694 4511 1849 4550 suam
1874 4496 2089 4566 abjecit.

518 4579 692 4634 David
749 4591 934 4635 autem
967 4581 1106 4636 dicit
1145 4599 1159 4636 :
1199 4601 1215 4633 ι
1247 4585 1351 4649 Qui
1411 4584 1465 4637 in
1520 4594 1720 4638 terram
1761 4587 2092 4656 despiciens,

515 4670 690 4740 ipsam
769 4681 1005 4726 tremere
1073 4672 1225 4728 facit.
1269 4692 1287 4725 ι
1321 4675 1594 4729 Mahomet
1657 4692 1810 4755 vero,
1843 4678 2096 4732 erunibus

515 4761 781 4830 angelicis
838 4763 1138 4819 virtutibus
1212 4767 1467 4835 superior
1515 4768 1724 4834 factus,
1782 4770 2096 4826 immediate

516 4867 640 4905 cum
687 4853 800 4908 Deo
841 4856 1149 4911 collocutus
1181 4867 1286 4920 est,
1338 4866 1396 4913 ct
1453 4876 1554 4929 pro
1617 4861 1823 4932 angelis
1867 4871 1924 4916 et
1972 4863 2096 4917 uni-

516 4958 676 4997 verso
723 4945 930 5001 mundo
965 4963 1160 5016 preces
1192 4949 1426 5016 obtulit,
1471 4960 1526 5005 et
1556 4951 1698 5006 votis
1725 4954 1841 5007 suis
1889 4954 2096 5023 potitus

514 5034 646 5087 est?
680 5035 949 5091 Caeterum
1002 5041 1202 5104 miror,
1237 5042 1330 5110 qui
1366 5041 1458 5094 ﬁat
1507 5049 1566 5096 ut
1625 5043 1951 5097 temerarius
2004 5044 2096 5098 ille

514 5133 572 5178 et
622 5139 886 5196 arrogans
931 5144 1038 5183 non
1092 5130 1209 5186 huic
1253 5133 1420 5187 etiam
1468 5133 1653 5188 dicere
1700 5149 1866 5189 ausus
1907 5135 2094 5198 fuerit,

516 5216 662 5283 quod
701 5217 796 5272 Dei
840 5227 1096 5288 naturam
1136 5222 1586 5293 deprehenderit,
1621 5227 1836 5294 qualem
1868 5236 1923 5281 et
1954 5227 2097 5281 Deus

515 5307 633 5375 ipse
678 5311 865 5365 novit:
924 5329 943 5362 ι
994 5312 1197 5368 Verum
1239 5316 1332 5384 qui
1381 5316 1590 5371 habitat
1640 5317 1693 5370 in
1743 5317 1913 5372 ccelis.
1967 5319 2095 5371 irri-

517 5398 667 5453 debit
719 5416 886 5465 eum,
942 5412 998 5458 et
1045 5407 1139 5474 qui
1191 5420 1313 5460 cum
1373 5416 1651 5477 eolsunt,
1717 5416 1772 5463 et
1833 5408 2099 5466 Dominus

518 5487 993 5549 subsannabiteos
1023 5494 1090 5550 ⁸⁸.
1121 5513 1139 5547 ι
1177 5495 1484 5565 Praeterea,
1529 5514 1660 5554 num
1717 5499 1862 5554 Deus
1915 5500 2099 5569 pepuli

591 5626 639 5658 ”
671 5627 809 5682 Psal.
839 5647 898 5698 ιι,
934 5635 986 5688 4.

2178 4494 2459 4561 ,γραπτόν.
2495 4493 2682 4549 Ταῦτα
2723 4496 2780 4549 δὲ
2823 4499 3143 4566 σωματικὰ,
3180 4501 3283 4553 καὶ
3309 4499 3380 4550 τὰ
3409 4497 3502 4551 τοῦ
3539 4497 3754 4562 σώματος

2197 4585 2326 4651 ἴδια,
2364 4586 2478 4649 πῶς
2502 4586 2570 4640 ἂν
2599 4587 2692 4639 ἐπὶ
2722 4588 2820 4656 τῆς
2854 4590 3134 4659 μακαρίας
3182 4591 3408 4658 ἐκείνης
3443 4588 3533 4640 καὶ
3563 4581 3758 4650 ἀσωμά-

2197 4693 2290 4728 του
2329 4676 2544 4743 φύσεως
2571 4677 2663 4730 τοῦ
2690 4679 2824 4731 Θεοῦ
2854 4681 3142 4748 λογίσηταξ
3173 4699 3262 4745 τις
3291 4679 3531 4742 διανοίας
3565 4678 3758 4747 μέτοχος

2198 4765 2304 4832 (iw;
2339 4768 2448 4820 Καὶ
2499 4771 2528 4820 ὁ
2579 4770 2678 4836 μὲν
2727 4772 3082 4840 πατριάρχης
3124 4773 3392 4842 Ἀϐραὰμ
3439 4773 3498 4823 ἐν
3529 4773 3590 4838 τῇ
3621 4765 3760 4816 πάλαι

2202 4853 2488 4930 θεοφανείᾳ
2543 4862 2645 4930 γῆν
2700 4865 2794 4916 καὶ
2850 4864 3042 4916 σποδὸν
3095 4865 3300 4919 ἑαυτὸν
3362 4862 3638 4930 ἐλογίσατο
3687 4855 3763 4909 καὶ

2201 4953 2478 5005 ἐκάλεσενο
2512 4953 2606 5006 τοῦ
2651 4953 2706 5006 δὲ
2757 4955 2955 5025 Δανιὴλ
2987 4956 3080 5008 τοῦ
3110 4955 3369 5025 τοιούτου
3408 4957 3504 5008 καὶ
3535 4951 3762 5005 τοσούτου

2200 5045 2428 5112 ἄγγελον
2459 5047 2676 5110 ἰδόντος,
2708 5049 2956 5117 ἐστράφη
2993 5051 3022 5119 ή
3069 5049 3210 5113 δόξα
3248 5048 3422 5103 αὑτοῦ
3458 5049 3536 5112 εἰς
3566 5041 3765 5112 6:513:00-

2207 5137 2326 5206 ράν,
2373 5137 2622 5191 τουτέστι
2674 5141 3006 5210 παραδραχὺ
3064 5141 3391 5194 ἀπεϐάλετο
3439 5141 3540 5208 τὴν
3593 5129 3764 5188 ἑαυτῡῦ

2205 5228 2350 5298 ζωήν
2377 5246 2390 5259 ·
2423 5233 2450 5282 ὀ
2479 5230 2532 5281 δὲ
2564 5231 2729 5282 Δαὸίδ
2776 5249 2964 5302 φησιν,
3003 5249 3020 5283 ι
3073 5231 3138 5285 'U
3182 5233 3507 5287 ἐπιελέπων
3552 5229 3640 5283 ἐπὶ
3683 5223 3765 5294 τὴν

2203 5321 2328 5387 γῆν,
2363 5322 2456 5372 καὶ
2488 5323 2656 5375 ποιῶν
2690 5321 2861 5394 αὐτὴν
2889 5323 3118 5393 τρέμειν
3149 5341 3165 5355 ο
3213 5343 3232 5375 ι
3271 5327 3300 5376 ὁ
3327 5325 3386 5378 δὲ
3418 5321 3657 5390 Μωάμεθ
3684 5316 3767 5374 τὰς

2206 5409 2501 5477 ἁγγελικὰς
2547 5413 2729 5475 πάσας
2760 5413 3112 5484 ὑπεραναὸἀς
3149 5415 3444 5488 δυνάμεις,
3470 5417 3678 5486 ἀμέσως
3702 5407 3769 5480 τῷ

2208 5501 2326 5572 Θεῷ
2362 5505 2769 5576 προσωμίλησε,
2815 5507 2908 5559 καὶ
2954 5507 3096 5577 ὑπὲρ
3155 5510 3416 5580 ἀγγέλων
3471 5511 3562 5562 καὶ
3589 5504 3769 5565 παντὸς

3862 1415 3863 1450 1

3861 1949 3863 1990 ὀ
