3928 6212
248 313 353 382 6‘31

1222 289 1525 367 CONTRA
1564 304 2055 369 MAHOMETEM
2098 306 2381 369 ORATIO
2427 308 2499 365 ιν

3377 302 3487 369 682

253 430 347 486 τοῦ
396 426 603 495 κόσμου
649 421 862 493 δεήσεις
907 420 1151 492 ἐποίησε,
1200 422 1292 474 καὶ
1343 420 1442 490 τῆς
1499 419 1662 490 εὐχῆς
1716 420 1857 479 οὐκί

1963 420 2065 476 ires
2119 423 2336 478 novisse
2397 436 2504 476 non
2564 428 2813 490 poterat,
2866 416 2962 473 sed
3016 414 3217 472 cervici
3272 414 3488 470 illorum

259 521 560 588 ἀπέτυχεν.
596 514 739 582 Ἐγὼ
785 512 842 565 δὲ
884 512 1075 583 ἀπορῶ
1104 511 1221 575 πῶς
1273 512 1373 565 οὐκ
1409 511 1513 581 ἔφη
1547 511 1820 581 τολμήσας

1924 508 2099 579 legem
2157 520 2376 580 portatu
2445 509 2831 579 impossibilem
2876 506 3177 577 imposuit?
3232 505 3301 560 Et
3358 520 3494 575 qua-

254 615 287 666 6
316 611 556 676 αὐθάδης
594 599 750 668 οῦτος
794 605 891 658 καὶ
918 603 1159 666 ἀλαζὼν.
1201 603 1283 656 δτι
1312 601 1581 655 κατέλαϐε
1607 601 1706 671 τὴν
1729 599 1821 653 τοῦ

1963 603 2123 654 snam
2173 601 2318 656 Deus
2346 601 2437 655 hic
2458 642 2471 665 ,
2517 601 2612 670 qui
2667 612 2767 654 nec
2798 608 3105 653 creaturam
3138 611 3293 650 suam
3324 610 3492 665 agno-

259 702 398 757 Θεοῦ
437 700 622 770 φύσιν,
655 696 848 766 ὥσπερ
881 696 1046 758 αὐτὸς
1078 694 1107 746 6
1136 693 1269 755 Θεὸς
1311 688 1453 745 οἶδεν
1479 691 1672 759 αὐτήνο
1710 691 1823 743 ἀλλ’

256 798 290 849 6
321 791 594 847 κατοικῶν
626 790 683 842 ὲν
714 788 961 859 οὐρανοῖς
992 784 1348 854 ἐκγελάσεται
1381 782 1543 837 αὑτὸν
1576 782 1669 835 καὶ
1701 782 1825 845 τοῦς

263 885 386 959 μετ’
426 882 637 944 αὑτοῦ,
696 879 794 933 καὶ
847 879 876 932 6
924 876 1129 945 Κύριος
1184 874 1552 944 ὲκμυκτηριεῖ
1604 871 1827 934 αὐτούς.

264 980 393 1031 Ἐτι
452 976 554 1029 οὐκ
585 972 819 1043 ἠδύνατο
869 972 898 1024 6
940 969 1072 1033 Θεὸς
1125 968 1420 1037 γινώσκειν
1469 967 1569 1035 τὴν
1604 966 1832 1035 δύναμιν

261 1067 361 1120 τοῦ
395 1064 550 1130 λαοῦ,
585 1061 703 1118 ἀλλ’
733 1061 1005 1130 ἐπέθηκεν
1056 1059 1149 1112 ἐπὶ
1207 1058 1299 1110 τὸν
1353 1057 1625 1128 τράχηλον
1655 1056 1834 1109 αὐτῶν

261 1159 454 1227 νόμον,
484 1155 544 1207 δν
576 1154 678 1207 οὐκ
704 1151 964 1222 ἠδύναντο
997 1149 1323 1220 βαστάζειν;
1372 1150 1482 1201 Καὶ
1536 1148 1653 1210 πῶς
1680 1146 1832 1211 Θεὸς,

258 1250 329 1311 ὃς
362 1248 424 1302 οῦ
460 1247 720 1315 γινώσκει
747 1243 809 1296 τὸ
834 1244 1049 1311 ποίημα
1080 1240 1435 1310 αὐτοῦ,’μηδὲ
1465 1239 1564 1309 τὴν
1602 1237 1838 1307 δύναμιν

264 1336 365 1390 τοῦ
395 1335 727 1405 ,ποιήματος
766 1331 932 1386 αὐτοῦ
958 1349 974 1397 ;
1008 1332 1069 1385 Εἰ
1101 1330 1158 1384 δὲ
1209 1330 1342 1393 Θεὸς
1382 1330 1457 1383 ὢν
1488 1330 1716 1399 ἀληθὴς,
1746 1328 1840 1384 καὶ

266 1427 342 1481 τὰ
371 1426 549 1480 πάντα
600 1422 888 1492 γινώσκων
941 1423 1072 1492 πρὶν
1122 1422 1393 1489 γενέσεως
1425 1421 1628 1485 αὐτῶν,
1668 1420 1845 1489 ἔδωκεν

267 1517 437 1585 νόμον
470 1515 570 1584 μὲν
613 1512 779 1582 ἀτελῆ
816 1512 911 1565 τοῦ
960 1513 1201 1575 Μωσέως
1230 1512 1320 1565 διὰ
1350 1511 1451 1582 τὴν
1496 1511 1603 1565 τῶν
1633 1510 1843 1584 ἀνθρώ·

270 1625 393 1659 πων
421 1605 731 1668 ἀσθένειαν,
760 1603 967 1657 τέλειον
996 1602 1054 1655 δὲ
1094 1603 1186 1656 τὸν
1219 1602 1307 1656 διὰ
1347 1600 1441 1655 τοῦ
1481 1599 1839 1669 Εὑαγγελίου,

271 1698 393 1758 πῶς
424 1696 484 1749 τὸ
530 1694 737 1748 τέλειον
766 1692 955 1763 ὥσπερ
984 1691 1198 1761 ἀγνοῶν
1237 1692 1269 1762 ἢ
1304 1692 1730 1763 μεταμεληθεὶς,
1763 1690 1844 1754 εἰς

266 1791 333 1841 τὸ
369 1788 556 1850 ἀτελὲς
608 1787 771 1840 πάλιν
824 1786 1139 1857 κατήγαγε;
1171 1785 1257 1855 Τὸι
1286 1785 1391 1856 γάρ
1420 1784 1623 1837 τέλειον
1670 1782 1844 1845 οὕτως

272 1879 392 1932 ἐστὶ
414 1879 639 1944 τέλειον,
662 1877 819 1946 εἴπερ
853 1874 977 1929 οὒτε
992 1875 1226 1946 ξὲλλιπές
1254 1875 1421 1941 ἐστιν,
1444 1872 1567 1927 οὔτε
1592 1873 1845 1945 περιττὸν

274 1968 371 2020 καὶ
421 1966 722 2035 παρέλκον,
781 1963 971 2032 ὥσπερ
1017 1962 1077 2017 τὸ
1110 1962 1440 2032 Εὐαγγέλιον
1490 1963 1758 2032 μαρτυρεῖ
1810 1962 1843 2030 ἠ

270 2056 524 2127 ἀλήθεια.
564 2056 725 2109 ’Λλλά
742 2059 841 2111 καὶ
860 2056 1021 2119 αὐτὸς
1051 2058 1079 2110 6
1108 2053 1352 2124 Μωάμεθ
1372 2053 1572 2108 τέλειον
1595 2053 1688 2105 καὶ
1713 2051 1847 2123 ἀλη-

273 2151 365 2213 θὲς
397 2151 491 2201 καὶ
523 2149 698 2217 ἅγιον,
729 2149 824 2202 καὶ
848 2148 1127 2219 σωτηρίαν
1177 2148 1273 2202 καὶ
1318 2148 1540 2217 ὀδηγῐαν
1562 2145 1845 2203 ἀποκαλεῖο

292 2244 328 2294 οἱ
352 2241 407 2294 δὲ
436 2241 529 2294 τοῦ
562 2240 799 2294 τοιοῦτον
826 2240 1068 2311 Μωάμεθ
1093 2240 1374 2295 ἀκόλουθοι
1399 2239 1731 2303 δικαιοῦντες
1760 2242 1849 2295 τδν

296 2332 727 2402 ὶσεδῆ,λέγουσιν
742 2334 825 2386 ὅτι
853 2334 881 2385 6
912 2333 1011 2401 μὲν
1035 2332 1268 2402 Χριστὸς
1292 2331 1496 2398 ἐδίδαξε
1526 2330 1737 2401 μεγάλα
1760 2334 1851 2387 καὶ

292 2424 537 2479 ἀδύνατα.
578 2424 675 2487 Τίς
712 2424 830 2494 γάρ
855 2423 1083 2477 δύναται
1133 2423 1357 2494 ἀγαπᾷν
1400 2424 1491 2477 τὸν
1520 2423 1746 2492 πλησίον
1775 2424 1852 2489 ὡς

288 2513 474 2565 ἑαυτὸν
496 2554 511 2578 ,
544 2514 639 2567 καὶ
690 2513 791 2564 τὸν
838 2512 970 2565 Θεὸν
1005 2512 1063 2577 ἐξ
1091 2512 1218 2580 ὅλης
1260 2512 1425 2567 αὑτοῦ
1456 2512 1556 2582 τῆς
1585 2514 1849 2583 καρδίας;

291 2606 362 2667 είς
403 2603 629 2657 δύναται
663 2603 804 2673 ὑπὲρ
833 2603 944 2657 τῶν
982 2602 1287 2657 διωκόντων
1320 2605 1414 2657 καὶ
1458 2603 1854 2673 συκοφαντούν-

287 2711 386 2747 ιων
419 2693 717 2761 εῦχεσθαι;
770 2695 852 2757 τίς
902 2692 1123 2746 δύναται
1167 2693 1395 2763 ἀγαπᾷν
1440 2694 1567 2757 τοὺς
1611 2692 1846 2763 ἐχθροὺς

280 2784 492 2853 αὐτοῦ;
548 2787 642 2837 καὶ
694 2785 763 2838 τὰ
802 2784 1140 2854 ἓτερα.ἰΚα“ι
1177 2784 1265 2838 διὰ
1317 2783 1495 2855 τοῦτοί
1528 2785 1852 2838 ἀπέστειλεν

279 2878 309 2927 6
340 2874 481 2935 Θεὸς
517 2875 607 2927 τὸν
638 2874 888 2947 Μωὲιμεθ
916 2876 1011 2929 καὶ
1047 2876 1107 2929 τὸ
1138 2876 1360 2947 Κορρἆν
1384 2877 1852 2944 συγκαταὸάσεως

279 2964 495 3033 ἕνεκεν,
532 2968 619 3021 ἵνα
644 2969 844 3039 ῥαδίως
880 2968 1161 3040 πληρῶσιν
1185 2969 1233 3022 ol
1261 2969 1538 3039 ἄνθρωποι
1568 2971 1659 3024 τὸν
1688 2971 1852 3041 νόμον

282 3061 425 3130 πρὸς
462 3057 561 3130 τὴν
616 3059 795 3112 αὐτῶν
845 3057 1372 3131 σωτηρίαν.,Εῐπερ
1410 3060 1541 3128 γοῦν
1579 3061 1682 3115 οὐκ
1728 3062 1853 3114 ἀνε-
1884 3100 1929 3159 c

284 3150 517 3218 φαίνετο
551 3152 579 3203 6
615 3150 851 3220 Χριστὸς
880 3150 1014 3213 Θεὸς
1062 3150 1157 3203 καὶ
1184 3150 1319 3205 Θεοῦ
1353 3151 1503 3216 Υίὸς,
1540 3152 1654 3206 ἀλλ’
1683 3152 1855 3216 οὕτως

282 3240 477 3303 ἁπλῶς
508 3241 796 3311 ἄνθρωπος
833 3242 908 3307 ὡς
948 3244 977 3296 6
1007 3242 1275 3313 Μωῦσῆς,
1307 3242 1568 3313 ἐδεόμεθα
1595 3244 1660 3297 ἄν
1695 3261 1858 3298 τινων

284 3331 631 3399 ἀποδείξεων
662 3334 742 3397 εἰς
776 3334 875 3405 τὴν
902 3334 1003 3405 τῆς
1045 3334 1306 3405 ἀληθείας
1335 3336 1665 3405 φανέρωσιν.
1708 3337 1860 3389 Ἐπεὶ

281 3426 341 3479 δὲ
401 3425 541 3487 Θεὸς
600 3422 805 3495 ἀληθὴς
864 3424 1079 3495 τρανῶς
1133 3424 1539 3495 ἀναφαίνεται,
1598 3427 1859 3497 περισσὸν

280 3517 509 3592 ἥγημαι
558 3513 694 3577 ὅλως
743 3512 928 3567 δοῦναι
975 3514 1274 3583 ἀπολογίαν
1333 3516 1464 3586 περὶ
1512 3516 1725 3571 τούτου.
1772 3516 1861 3579 Ὠς

282 3607 397 3672 γὰρ
459 3601 594 3664 Θεὸς
656 3598 752 3653 καὶ
806 3600 1039 3669 ποιητὴς
1095 3598 1203 3654 οἶδε
1254 3602 1353 3674 τὴν
1397 3605 1492 3657 τοῦ
1555 3603 1864 3674 ποιήματος

281 3691 455 3746 αὐτοῦ
484 3690 735 3758 δύναμιν.
781 3687 919 3741 Ἀλλ’
949 3690 1101 3759 ὅμως
1130 3689 1329 3761 ἴδωμεν
1382 3693 1477 3745 καὶ
1523 3694 1587 3745 ἐκ
1625 3693 1735 3743 τῶν
1763 3691 1863 3745 τοῦ

286 3786 539 3857 διωάμεθ
573 3787 748 3854 λόγων
797 3783 859 3837 τδ
889 3783 1114 3837 ἄτοπον·
1148 3783 1308 3847 αὑτός
1334 3784 1531 3836 ἐστινεὸ
1569 3781 1865 3852 μαρτυρῶν

290 3884 389 3936 καὶ
437 3881 617 3946 λέγων
667 3880 751 3930 ὅτι
804 3876 833 3930 6
887 3876 1121 3947 Χριστὸς
1168 3875 1341 3945 Λόγος
1395 3872 1531 3928 Θεοῦ
1580 3878 1718 3939 ἐστι,
1775 3874 1867 3927 καὶ

288 3971 437 4043 tum
477 3970 613 4023 Θεοῦ
653 3972 769 4022 ἐστι
794 4008 809 4035 ,
844 3970 937 4022 καὶ
973 3969 1188 4037 πνεῦμα
1243 3965 1396 4023 Θεοῦ.
1441 3967 1550 4021 Καὶ
1596 3969 1646 4019 εἰ
1696 3965 1869 4034 Λόγος

280 4065 430 4117 Θεοῦ
472 4063 609 4127 ἐστι,
654 4060 770 4124 πῶς
801 4060 1130 4131 παραλόγως
1157 4060 1184 4111 6
1220 4058 1287 4111 τὰ
1320 4057 1497 4111 πάντα
1537 4055 1691 4119 εἰδὼς
1715 4057 1869 4110 ἑποί-

288 4174 423 4225 ,γςεν
450 4172 470 4221 ς
507 4154 567 4208 '0
591 4156 698 4225 γὰρ
729 4152 823 4206 τοῦ
852 4149 987 4206 Θεοῦ
1017 4152 1187 4219 Λόγος
1207 4154 1307 4205 οὐκ
1336 4151 1403 4203 ἀν
1429 4150 1557 4202 ποτέ
1585 4166 1636 4201 τι
1661 4143 1870 4217 ἀγνοῶν

316 4245 649 4316 ὑρίσκηται·
687 4242 811 4296 οὕτε
838 4241 946 4312 γὰρ
975 4240 1050 4303 ὡς
1084 4239 1211 4303 Υἱὸς
1243 4237 1336 4292 τοῦ
1368 4239 1504 4293 Θεοῦ
1540 4240 1688 4305 ἐστιν
1718 4239 1889 4295 ἐλά-ξολ

294 4354 402 4390 των
440 4333 611 4390 αὑτοῦ
650 4333 745 4387 τοῦ
795 4332 930 4386 Θεοῦ
977 4331 1072 4385 καὶ
1110 4331 1323 4402 Πατρδς
1347 4370 1365 4398 ,
1411 4328 1535 4383 οὔτε
1577 4330 1654 4393 ὠς
1700 4329 1872 4398 Λόγος

1926 691 2052 757 scit,
2100 706 2203 747 nec
2250 700 2519 747 creatura:
2566 706 2678 747 sua:
2707 690 2898 746 vires?
2952 688 3152 755 Quodsi
3186 702 3315 742 vero
3350 688 3491 741 Deus

1930 798 2055 838 cum
2102 797 2265 839 verus
2308 784 2415 848 sit,
2458 791 2516 839 et
2562 784 2745 838 omnia
2784 782 3101 853 priusquam
3159 791 3493 850 generentur

1932 885 2209 947 agnoscat,
2247 876 2420 945 legem
2465 874 2685 945 quidem
2732 875 2897 929 Mosis
2928 874 3079 929 dedit
3115 872 3490 941 imperfectam
3582 890 3589 899 ·

1934 977 2157 1038 propter
2182 968 2462 1023 hominum
2491 966 2888 1027 infirmitatem,
2920 964 3215 1033 perfectam
3243 980 3373 1019 vero
3400 978 3497 1032 per

1935 1055 2619 1127 Evangelium,quomodo
2666 1054 2961 1125 perfectam
3014 1053 3183 1113 illam,
3219 1061 3314 1105 aut
3360 1051 3497 1105 obli-

1936 1146 2098 1202 vione
2115 1147 2552 1216 autpmnitentia
2580 1148 2798 1210 doctus,
2827 1146 2882 1199 in
2915 1145 3289 1213 imperfectam
3312 1144 3497 1197 denuo

1938 1240 2193 1295 reduxit?
2222 1239 2532 1295 Perfectum
2573 1240 2717 1293 enim
2766 1247 2898 1293 tunc
2951 1236 3255 1305 perfectum
3306 1246 3418 1300 est,
3453 1237 3497 1289 si

1941 1344 2048 1387 nec
2091 1330 2339 1386 defectus
2373 1330 2575 1400 aliquis
2607 1330 2757 1393 insit,
2793 1345 2894 1384 nec
2925 1327 3261 1398 superfluum
3293 1326 3500 1394 aliquid

1942 1432 2039 1477 aut
2081 1436 2572 1492 supervacaneum,
2607 1431 2668 1477 ut
2716 1422 2783 1476 de
2832 1420 3131 1489 Evangelio
3164 1418 3276 1486 ipsa
3307 1418 3507 1471 veritas

1944 1522 2194 1585 testatur.
2226 1514 2366 1578 Quin
2425 1525 2479 1569 et
2527 1514 2645 1583 ipse
2692 1512 2971 1569 Mahomet
3014 1510 3117 1565 hoc
3178 1508 3507 1577 perfectum,

1945 1584 2162 1669 verum,
2187 1612 2458 1667 sanctum.
2490 1604 2723 1659 salutem
2757 1611 2812 1657 et
2844 1604 2988 1658 viam
3022 1584 3203 1657 vocat.
3237 1602 3512 1657 Mabome.

1948 1696 2089 1752 tistaa
2122 1711 2253 1752 vero
2281 1696 2639 1766 iustificantes
2686 1696 2943 1766 impium,
2998 1694 3188 1750 dicunt
3231 1694 3509 1749 Christum

1952 1802 2145 1859 magna
2178 1790 2431 1844 docuisse
2458 1772 2930 1857 ctimpossibilia.
2981 1786 3115 1854 Quis
3146 1787 3291 1842 enim
3328 1786 3515 1855 proxi-

1952 1894 2102 1933 mum
2136 1868 2194 1933 u't
2235 1880 2475 1949 scipsum
2506 1892 2690 1933 amare
2722 1886 2939 1947 potest,
2986 1886 3042 1932 et
3087 1877 3257 1931 Deum
3303 1891 3367 1930 ex
3401 1884 3514 1930 toto

1953 1970 2119 2025 corde
2162 1968 2309 2025 suo?
2337 1969 2470 2036 Quis
2494 1978 2675 2039 potest
2702 1978 2804 2038 pro
2832 1968 3281 2038 persecutoribus
3316 1969 3431 2022 suis
3461 1976 3516 2021 et

1953 2060 2444 2133 calumniatoribus
2470 2061 2667 2116 orare?
2692 2060 2825 2125 Quis
2852 2069 3029 2130 potest
3070 2059 3297 2131 diligere
3332 2059 3519 2114 inimi-

1956 2164 2049 2205 cos
2100 2165 2227 2206 suos
2257 2150 2406 2205 ?etc.
2456 2149 2800 2220 Quapropter
2838 2151 3007 2218 misit,
3062 2150 3340 2220 inquiunt,
3374 2151 3517 2205 Deus

1957 2241 2320 2298 Mahometem
2347 2251 2403 2299 et
2435 2242 2820 2306 Alcorranum,
2854 2242 3195 2297 remissionis
3220 2250 3274 2295 et
3306 2242 3519 2297 relaxa-

1958 2332 2124 2387 tionis
2156 2334 2351 2402 gratia,
2384 2347 2493 2401 quo
2524 2332 2778 2387 homines
2824 2331 3038 2388 facilius
3074 2330 3245 2399 legem
3273 2330 3338 2384 ad
3368 2332 3519 2386 salu-

1959 2428 2066 2475 tem
2112 2422 2352 2490 ipsorum
2387 2422 2700 2491 implerent.
2731 2421 2885 2488 Quod
2926 2422 2970 2476 si
3001 2422 3221 2491 quidem
3265 2422 3519 2478 Christus

1958 2524 2067 2565 non
2098 2510 2407 2567 declaratus
2437 2510 2744 2566 essetDeus
2773 2519 2830 2565 et
2857 2509 2949 2566 Dei
2980 2511 3171 2575 Filius,
3202 2511 3299 2566 sed
3340 2510 3520 2565 nudus

1958 2610 2170 2656 tantum
2222 2602 2426 2669 homo,
2479 2612 2541 2658 ut
2588 2611 2646 2665 et
2695 2601 2911 2666 Moses,
2960 2602 3523 2657 demonstrationibus

1962 2694 2153 2764 utique
2202 2694 2480 2765 aliquibus
2512 2709 2652 2765 opus
2680 2702 2826 2750 esset
2881 2694 2950 2749 ad
2982 2694 3235 2749 veritatis
3279 2695 3524 2750 declara-

1961 2787 2205 2853 tionem;
2261 2801 2384 2841 cum
2439 2800 2571 2842 vero
2623 2787 2773 2843 hunc
2822 2786 2994 2841 Deum
3047 2802 3168 2842 esse
3222 2787 3523 2843 clarissime

1961 2886 2234 2949 appareat,
2273 2892 2738 2948 supervacaneum
2764 2877 2985 2933 videtur
3030 2878 3266 2949 aliquam
3310 2877 3377 2931 de
3417 2876 3526 2932 hoc

1961 2971 2334 3027 defensionem
2369 2969 2677 3026 instituere.
2708 2970 3028 3025 Secundum
3060 2970 3165 3025 hoc
3191 2971 3338 3024 enim
3375 2971 3519 3039 quod

1963 3064 2105 3119 Deus
2150 3073 2206 3118 et
2245 3070 2460 3117 creator
2501 3070 2608 3127 est,
2658 3071 2925 3117 creaturae
2979 3075 3090 3116 sum
3139 3059 3286 3115 vires
3346 3057 3520 3114 novit.

1963 3155 2353 3209 Verumtamen
2387 3168 2451 3207 ex
2497 3152 2670 3222 ipsius
2708 3152 3033 3207 Mahometis
3068 3150 3415 3207 sermonibus
3446 3147 3522 3205 rei

1961 3245 2356 3301 absurditatem
2402 3244 2750 3314 colligamus.
2804 3242 2854 3298 ls
2891 3252 2994 3309 est,
3054 3242 3149 3312 qui
3191 3250 3421 3297 testatur
3469 3250 3529 3295 et
3606 3266 3613 3273 κ

1962 3336 2114 3401 dicit,
2141 3336 2423 3390 Christum
2464 3331 2783 3389 Sermonem
2814 3332 2908 3388 Dei
2935 3347 3076 3395 esse,
3108 3332 3363 3401 spiritum
3404 3332 3523 3396 Dei,

1962 3437 2020 3483 et
2064 3427 2298 3482 animam
2337 3424 2455 3479 Dei.
2493 3423 2648 3489 Quod
2701 3424 2746 3478 si
2798 3436 2979 3477 sermo
3019 3430 3076 3477 et
3120 3423 3262 3477 ratio
3294 3422 3386 3476 Dei
3420 3433 3527 3482 est,

1964 3513 2407 3584 cur,quaeso,qui
2433 3512 2615 3567 omnia
2645 3511 2815 3576 novit,
2847 3511 2963 3565 haec
2990 3511 3109 3566 sine
3139 3510 3286 3565 omni
3318 3510 3529 3566 ratione

1966 3606 2137 3662 fecit?
2168 3605 2260 3659 Dei
2312 3605 2458 3658 enim
2497 3603 2637 3657 ratio
2681 3617 2962 3671 nunquam
3014 3602 3223 3671 aliquid
3273 3602 3524 3671 ignorare

1966 3698 2202 3753 videtur.
2234 3696 2354 3751 Non
2382 3695 2529 3751 enim
2561 3692 2863 3749 secundum
2893 3694 3040 3765 quod
3081 3694 3252 3749 Filius
3285 3694 3384 3749 Dei
3420 3702 3529 3759 est,
3610 3686 3627 3701 ἐ

1968 3789 2077 3843 Deo
2122 3796 2178 3842 et
2227 3787 2386 3841 Patre
2433 3786 2613 3839 minor
2642 3791 2771 3850 est;
2806 3798 2984 3853 neque
3033 3784 3336 3840 secundum
3380 3784 3530 3855 quod

1969 3878 2161 3934 Sermo
2193 3886 2299 3942 est,
2330 3877 2415 3932 vel
2451 3876 2591 3931 ratio
2627 3875 2795 3931 illius.
2830 3875 2895 3931 Et
2921 3875 2967 3930 si
2997 3877 3177 3930 anima
3210 3875 3306 3930 Dei
3336 3885 3391 3930 et
3420 3878 3533 3946 spi-

1972 3958 2111 4026 ritus
2139 3971 2234 4025 Dei
2270 3978 2375 4034 est,
2399 3984 2498 4024 cur
2527 3967 2816 4024 animabus
2837 3976 2894 4023 et
2920 3967 3211 4037 spiritibus
3245 3968 3528 4023 hominum

1973 4061 2190 4132 pondus
2252 4060 2511 4130 imposuit
2560 4058 3216 4128 portatuimpossibile?
3265 4059 3346 4125 Ad
3416 4059 3533 4115 hac

1974 4154 2117 4209 idem
2149 4151 2284 4208 dicit
2312 4151 2545 4207 ‘asseclis
2572 4150 2709 4217 suis,
2752 4150 2900 4220 quod
2948 4150 3154 4207 nullius
3187 4151 3299 4206 sint
3329 4152 3533 4207 valoris

1971 4246 2080 4301 nisi
2114 4244 2276 4301 Mosis
2304 4244 2502 4314 legem,
2536 4242 2883 4313 Evangelium
2928 4250 2985 4299 et
3026 4243 3387 4300 Alcorranum
3441 4246 3541 4299 im-

1974 4336 2260 4407 pleverim.
2295 4333 2450 4401 Quod
2481 4334 2526 4389 si
2580 4332 2745 4404 igitur
2776 4332 3131 4405 Evangelium
3165 4336 3348 4406 gravia
3380 4337 3541 4392 docet

291 4428 495 4483 ⁸ιτῖιτοῦ.
541 4428 650 4479 Καὶ
705 4427 752 4479 εί
792 4425 939 4496 ψυχὴ
982 4423 1119 4477 Θεοῦ
1157 4426 1251 4476 καὶ
1294 4422 1512 4492 πνεῦμα
1560 4422 1698 4475 Θεοῦ
1730 4423 1857 4488 ἐστι,

1979 4434 2036 4483 et
2060 4432 2277 4496 portatu
2307 4422 2567 4486 difﬁcilia,
2594 4423 2874 4493 quomodo
2899 4434 3201 4495 pmeptor
3236 4437 3419 4482 vester
3440 4426 3544 4482 hoc

296 4521 416 4583 πῶς
450 4518 535 4580 εῐς
565 4534 625 4568 τε
660 4516 754 4578 τὰς
775 4514 951 4584 ψυχὰς
982 4513 1077 4567 καὶ
1103 4512 1171 4565 τὰ
1201 4510 1490 4581 πνεύματα
1522 4509 1631 4562 τῶν
1652 4507 1868 4580 ἀνθρώ-

294 4628 414 4663 πων
458 4608 631 4679 βάρος
661 4606 888 4676 ἐνέθηκε
925 4605 1002 4675 μὴ
1029 4602 1301 4671 δυνάμενα
1328 4602 1518 4671 φέρειν
1548 4600 1711 4667 αὑτό;
1751 4598 1873 4654 Ἔτι

289 4706 318 4755 ὁ
348 4700 525 4757 0.316;
570 4712 703 4767 φησι
741 4696 872 4766 πρὸς
930 4695 1067 4758 τοὺς
1112 4692 1261 4761 αὑτῷ
1300 4689 1735 4754 ἀκολουθοῦντας
1786 4692 1871 4745 ὅτι

289 4791 455 4847 οὐδέν
529 4789 671 4840 εἰσιν
696 4828 711 4851 ,
764 4786 813 4839 ει
853 4786 927 4856 μὴ
960 4784 1309 4855 πληρώσαιεν
1350 4783 1440 4837 τόν
1480 4801 1538 4836 τε
1582 4783 1875 4838 Μωσαῖκὺν

291 4885 472 4952 νόμον
517 4882 578 4933 τὺ
627 4878 978 4946 Εὐλγγέλιον,
1012 4878 1106 4930 καὶ
1142 4876 1201 4928 τὸ
1237 4876 1478 4947 Κορρἀ.
1512 4876 1621 4927 Καὶ
1668 4876 1717 4927 εί
1778 4874 1878 4943 μὲν

293 4971 485 5043 βαρέα
540 4970 633 5021 καὶ
688 4966 1071 5020 δυσϐάστακτα
1121 4963 1359 5017 διδάσκει
1410 4962 1481 5029 τὸν
1523 4962 1878 5030 Εὐαγγέλιον,

295 5064 422 5124 πῶς
476 5062 507 5112 6
559 5057 881 5118 διδάσκαλος
932 5054 1086 5124 ὑμῶν
1136 5052 1279 5107 οὕτω
1332 5051 1702 5123 παραγγέλλει
1731 5053 1879 5122 ὑμῖν,

308 5152 375 5213 ὓς
413 5148 487 5203 Εἰ
534 5148 609 5217 μὴ
656 5144 977 5217 πληρώσετε
1006 5144 1096 5198 τόν
1126 5161 1183 5196 τε
1216 5143 1444 5196 παλαιὸν
1471 5143 1663 5211 νόμον,
1705 5143 1885 5197 καὶτὸ

300 5240 676 5310 Εὐαγγέλιον,
707 5239 857 5291 οὐδέν
902 5239 1039 5302 ἐστι,
1082 5232 1362 5289 τουτέστιν
1397 5236 1621 5305 οὐδεμία
1649 5235 1887 5303 ὠφέλειά

296 5336 460 5386 ἔστιν
516 5331 571 5383 ὲν
602 5332 761 5400 ὑμῖν;
797 5331 861 5383 Ei
905 5329 961 5382 δὲ
1004 5331 1211 5381 τέλειόν
1260 5330 1378 5381 ἐστι
1414 5328 1475 5379 τὸ
1529 5327 1883 5396 Εὑαγγέλιον,

297 5422 511 5489 ὥσπερ
542 5421 633 5471 καὶ
671 5420 807 5481 ἔστι,
840 5419 1085 5487 ματαίως
1152 5417 1259 5487 ἄρα
1304 5416 1609 5470 δικαιοῦται
1654 5418 1713 5470 τὸ
1749 5419 1891 5488 Κορ-

301 5513 436 5581 ρὰν,
474 5512 561 5563 ὅτι
594 5508 1053 5577 συγκαταδάσεως
1081 5509 1241 5577 χάριν
1266 5507 1510 5577 ἐξεδόθη,
1546 5511 1641 5561 καὶ
1670 5508 1887 5578 ἀληθῶς

298 5602 728 5673 καταψεύδεσθε
750 5602 845 5655 τοῦ
879 5602 1209 5669 Εὑαγγελίου
1238 5604 1330 5655 καὶ
1355 5601 1447 5655 τοῦ
1479 5603 1737 5672 Χριστοῦ·
1773 5604 1891 5667 πῶς

301 5697 421 5769 γὰρ
471 5694 701 5749 δύναται
750 5694 811 5746 τὸ
864 5693 1193 5761 Εὖαγγέλιον
1242 5693 1444 5748 τέλειον
1482 5678 1621 5748 εἶναι
1651 5694 1883 5766 6:090:3-

610 5788 883 5848 PATROL.
921 5787 1041 5846 (in.
1084 5782 1289 5845 CLIV.

1984 4518 2139 4575 vobis
2165 4515 2431 4588 praecipit,
2464 4515 2609 4585 quod
2640 4514 2746 4573 nisi
2777 4516 3052 4587 impleatis
3080 4525 3321 4573 veterem
3367 4519 3542 4591 legem

1980 4620 2038 4667 et
2084 4607 2461 4679 Evangelium,
2488 4606 2626 4662 nihil
2663 4606 2767 4673 sit;
2796 4607 2849 4661 id
2883 4617 2988 4677 est,
3018 4609 3167 4664 nulla
3203 4609 3257 4663 in
3289 4611 3445 4665 vobis
3473 4611 3545 4665 sit

1984 4699 2233 4756 utilitas?
2266 4697 2423 4763 Quod
2450 4698 2495 4754 si
2527 4706 2710 4753 autem
2737 4698 3095 4769 Evangelium
3129 4702 3431 4768 perfectum
3460 4711 3545 4765 est

1986 4791 2071 4860 (ut
2119 4802 2282 4843 nemo
2331 4788 2542 4858 negat),
2576 4787 2775 4843 frustra
2803 4789 3137 4858 justiticatur
3164 4790 3542 4851 Aleorranum,

1984 4878 2130 4950 quod
2161 4877 2534 4933 concessionis
2565 4877 3009 4948 etﬁremissionis
3039 4892 3203 4931 causa
3237 4880 3402 4931 latum
3435 4879 3544 4941 sit;

1983 4980 2039 5026 et
2065 4984 2259 5025 revera
2280 4968 2550 5023 mendacii
2581 4969 2909 5023 insimulatis
2935 4968 3285 5035 Evangelium
3310 4977 3365 5022 et
3389 4966 3548 5037 Chri-

1987 5071 2153 5117 stum.
2191 5059 2478 5125 Quomodo
2514 5058 2660 5113 enim
2698 5058 3050 5128 Evangelium
3085 5058 3388 5127 perfectum
3427 5075 3549 5113 esst:

1988 5160 2195 5222 posset,
2226 5151 2269 5204 si
2305 5149 2569 5218 indigeret
2606 5148 3025 5204 emendatione?
3064 5149 3219 5214 Item,
3252 5150 3294 5203 si
3327 5148 3547 5205 Gabriel

1990 5237 2446 5307 liunc,humeris
2514 5237 2630 5291 suis
2694 5236 2949 5312 sustulit,
2996 5238 3254 5308 quidnam
3301 5239 3550 5305 jumento

1990 5346 2129 5402 opus
2182 5340 2322 5395 erat,
2372 5346 2483 5399 quo
2527 5346 2590 5384 ex
2644 5328 2831 5384 Mecha
2894 5329 3322 5401 Hierosolymam
3377 5342 3549 5395 usque

1990 5421 2333 5477 veheretur?
2370 5421 2526 5487 item,
2574 5421 2825 5490 quisnam
2873 5421 3154 5476 dimensus
3205 5420 3420 5474 itineris
3466 5419 3553 5472 in-

1995 5513 2308 5575 tervallum,
2339 5512 2485 5581 quod
2516 5513 2659 5565 inter
2686 5512 2881 5567 coelum
2911 5512 3146 5582 primum
3174 5520 3227 5565 et
3250 5509 3554 5565 secundum

1995 5613 2096 5670 est,
2129 5603 2491 5673 deprehendit
2521 5602 2655 5657 illud
2679 5602 3102 5673 quingentorum
3135 5616 3404 5658 annorum
3435 5615 3557 5670 spa—

2004 5696 2080 5749 tio
2112 5704 2387 5761 constare,
2440 5702 2495 5748 et
2530 5693 2660 5749 illud
2709 5692 2999 5752 Mahometi
3049 5692 3275 5749 retulit?
3319 5690 3476 5757 Item,
3505 5689 3554 5746 si

2574 5832 2624 5876 τι
3207 5781 3287 5841 22
