3928 6212
486 301 596 366 683

1656 290 1975 353 JOANNIS
2009 289 2532 353 CANTACUZENI
3554 292 3641 358 684

485 433 583 488 per
620 416 821 487 pedum
856 426 1079 485 gressus
1124 409 1469 466 intervallum
1518 408 1624 463 hoc
1674 417 2046 462 mensuratum

2159 424 2297 471 σεως
2318 406 2610 477 δεόμενον;
2648 405 2789 470 Ἔτι,
2824 405 2873 458 εί
2903 405 2931 458 ὁ
2960 403 3201 475 Γαϐριὴλ
3230 404 3487 461 ἀνελάϐετο
3511 410 3640 463 aiier

482 518 589 572 est,
618 505 894 577 quomodo
927 517 1126 572 corpus
1160 515 1404 556 crassum
1444 499 1785 567 densumque
1826 512 1889 551 ea
1941 496 2051 552 calo

483 601 663 661 cavit,
707 610 828 664 qua:
876 607 1043 662 supra
1089 590 1257 645 cmlos
1305 597 1455 653 sunt,
1501 598 1561 642 ut
1603 587 1693 642 hic
1741 584 2051 657 prodigiose

487 687 683 758 ﬁngit?
725 686 794 739 Et
840 683 885 738 si
936 684 1041 736 hoc
1094 681 1314 751 quidem
1363 678 1704 748 impossibile
1741 686 1843 741 est,
1875 675 2050 745 angeli

487 794 615 835 vero
641 788 697 832 et
725 776 920 830 anima:
946 773 1230 827 hominum
1265 771 1395 825 illuc
1420 769 1747 833 ascendunt,
1774 768 2050 837 quomodo

485 884 607 941 quae
635 868 961 935 incorporea
1004 873 1153 929 sunt,
1186 875 1454 929 corporeo
1505 874 1696 930 gressu
1749 858 2050 912 metiuntur

396 963 404 972 '
482 975 546 1014 ea
576 971 697 1028 qua:
729 971 893 1025 supra
934 952 1100 1008 caelos
1132 960 1262 1005 sunt
1300 949 1598 1004 constituta
1624 988 1639 1013 ,
1666 962 1789 1001 cum
1822 947 2049 1001 minimo

485 1048 748 1119 temporis
776 1044 952 1116 spatio
975 1059 1037 1098 ea
1066 1058 1187 1112 qua:
1216 1042 1318 1096 sub
1343 1040 1481 1094 coelo
1511 1047 1640 1094 sunt
1670 1039 1899 1093 transire
1928 1052 2051 1107 pos-

482 1143 614 1206 sint,
636 1149 823 1211 utpote
855 1134 1278 1200 aerem,:etbera
1322 1142 1375 1186 et
1402 1133 1505 1186 alia
1531 1132 1616 1185 his
1654 1130 1888 1185 similia?
1918 1129 2049 1185 item

484 1232 764 1304 quomodo
795 1230 849 1284 in
890 1243 1122 1283 ascensu
1164 1236 1222 1279 ut
1254 1225 1452 1280 caelum
1487 1223 1804 1278 ascenderet
1832 1222 2049 1292 angelo-

482 1341 603 1378 rum
623 1336 789 1391 opera
812 1335 943 1374 usus
968 1330 1051 1372 est
1068 1356 1083 1381 ,
1104 1316 1157 1370 in
1181 1314 1447 1370 descensu
1465 1322 1644 1367 autem
1682 1325 2047 1379 nequaquam,

481 1417 575 1470 sed
600 1414 717 1469 solo
743 1413 991 1483 iumento
1016 1407 1302 1478 Emparak,
1322 1414 1383 1459 ut
1402 1404 1584 1459 salvus
1614 1404 1666 1457 in
1697 1401 1941 1457 Mecliam
1966 1415 2053 1455 re-

480 1503 907 1561 duceretur‘ZEt
937 1500 1061 1571 quis
1096 1508 1203 1553 tam
1238 1497 1490 1561 stolidus,
1527 1502 1584 1548 ut
1622 1494 1748 1549 talia
1782 1507 1888 1546 non
1917 1506 2048 1546 con-

481 1596 741 1654 demnet?
767 1595 1108 1664 Quapropter
1145 1588 1483 1646 interdicunt
1510 1587 1732 1641 asseclae
1768 1584 1935 1646 illius,
1981 1598 2052 1638 ne

481 1690 607 1760 quis
627 1702 748 1743 cum
773 1685 1049 1755 aliquibus
1070 1682 1331 1754 disputet,
1347 1678 1785 1743 redargut'ronem
1807 1682 2053 1729 metuen-

481 1795 585 1852 tes,
610 1789 797 1854 utpote
827 1793 950 1835 cum
976 1790 1087 1831 non
1132 1752 1381 1844 ignorent
1412 1768 1763 1839 praeceptoris
1790 1766 1871 1820 sui
1899 1765 2052 1821 vani-
2077 1752 2127 1812 B

483 1887 672 1934 tatem.
708 1874 1095 1930 Verumtamen
1124 1875 1180 1920 et
1220 1863 1277 1917 hi
1312 1863 1455 1916 inter
1508 1876 1567 1915 se
1619 1867 1809 1912 mutuo
1839 1857 2052 1911 dissen-

482 1968 647 2033 tiunt,
678 1971 733 2019 et
754 1958 1095 2035 aliiquidem
1118 1954 1311 2009 mortis
1344 1961 1489 2006 metu
1521 1950 1604 2005 vel
1631 1948 1784 2003 inviti
1814 1962 2053 2016 sequun-

481 2068 572 2113 tur
598 2095 613 2121 ,
641 2063 691 2109 et
720 2054 765 2109 si
796 2044 937 2107 forte
965 2048 1123 2104 liberi
1154 2055 1211 2100 et
1244 2043 1327 2100 sui
1356 2043 1499 2114 juris
1530 2051 1734 2105 essent,
1768 2038 2052 2093 confestim

482 2144 814 2206 Christianis
860 2138 1287 2196 ascriberentur.
1315 2134 1421 2188 Alii
1449 2146 1575 2186 vero
1601 2146 1785 2186 errore
1817 2128 2049 2195 seducti,

481 2255 582 2312 pro
619 2236 812 2302 firmis,
849 2232 992 2288 veris
1049 2240 1105 2286 et
1150 2226 1415 2285 confessis
1463 2222 1698 2279 retinent
1733 2221 2053 2277 Mahometis

486 2331 768 2389 mendacia
793 2338 848 2385 et
873 2324 1184 2398 prodigiosa
1212 2321 1496 2391 ﬁgmenta;
1520 2317 1609 2371 alii
1637 2330 1853 2369 rursum
1883 2329 1910 2367 a
1933 2314 2051 2383 lege

485 2424 662 2495 patria
692 2428 920 2492 propter
955 2419 1221 2488 majorum
1254 2409 1614 2468 reverentiam
1646 2407 1909 2462 desistere
1953 2420 2052 2459 no-

485 2518 863 2579 lunt;verum
896 2508 1005 2565 illis
1052 2504 1422 2562 defensionem
1457 2515 1641 2557 coram
1686 2500 1797 2553 Deo
1844 2512 1942 2566 pro
1990 2510 2049 2551 se

486 2606 829 2662 subeundam
856 2604 1184 2670 imponunt;
1211 2596 1304 2650 alii
1334 2609 1553 2664 quoque
1579 2601 1803 2661 propter
1830 2588 2047 2644 vivendi

485 2696 765 2754 licentiam
800 2701 858 2748 et
894 2692 1225 2753 libertatem,
1260 2686 1711 2754 voluptatumque
1742 2679 2050 2736 concessio-

487 2803 612 2845 nem
644 2785 820 2842 errori
866 2780 1186 2837 renuntiare
1214 2778 1431 2841 nolunt,
1467 2774 1642 2845 pluris
1672 2772 1929 2827 nimirum
1972 2772 2050 2824 fa-

483 2882 694 2939 cientes
724 2875 1095 2957 impuritatcm
1124 2879 1179 2927 et
1206 2868 1515 2932 stultitiam,
1567 2882 1676 2921 non
1712 2866 1884 2935 ignari
1911 2864 2048 2919 inte-

482 2975 611 3039 rim,
645 2969 791 3041 quod
835 2982 958 3037 quae
1004 2965 1282 3027 dicuntur,
1314 2978 1345 3017 a
1390 2962 1503 3016 Deo
1537 2976 1647 3015 non
1692 2960 1822 3035 sint;
1856 2958 2046 3013 dicunt

2155 499 2249 552 ἐπὶ
2280 499 2375 551 τοῦ
2406 498 2556 566 ὤμου
2596 498 2783 563 αὑτοῦ,
2808 497 2895 559 τίς
2943 497 3104 566 χρεία
3138 497 3289 564 ζώου,
3316 498 3393 551 ἵνα
3432 500 3527 554 ἀπὸ
3564 502 3641 554 τοῦ

2154 590 2348 644 Μακκὲ
2394 589 2706 659 διακομίσῃ
2764 586 2933 640 αὑτὸν
2982 586 3089 650 ἓως
3128 586 3495 658 Ἰερουσαλήμς
3525 591 3643 656 Ἔτι,

2152 683 2235 746 τίς
2274 683 2550 753 μετρήσας
2581 680 2639 733 τὸ
2683 680 2783 749 τῆς
2814 678 2933 732 ὁδοῦ
2971 678 3166 748 μῆκος,
3192 678 3250 730 τὸ
3287 677 3387 732 ἀπὸ
3413 680 3494 734 τοῦ
3523 682 3647 747 πρῶ-

2154 792 2248 827 του
2283 772 2511 842 ούρανοῦ
2571 772 2735 841 μέχρι
2790 770 2884 823 καὶ
2934 769 3028 822 τοῦ
3086 769 3363 840 δευτέρου,
3392 771 3475 822 καὶ
3502 771 3645 839 εὑρὼν

2156 866 2287 918 αὐτὸ
2316 863 2690 918 πεντακοσίων
2741 861 2880 914 ἐτῶν
2928 859 3221 930 διάστημα,
3280 860 3541 929 ἀνήγγειλε
3584 862 3649 929 τῷ

2154 956 2450 1025 Μαχούμετ
2469 957 2636 1021 ;”Ετι,
2668 954 2832 1024 εἰμὲν
2850 953 2937 1008 διὰ
2958 954 3217 1024 βημάτων
3248 952 3392 1015 ποδὸς
3416 951 3649 1020 ἐμετρήθη

2152 1049 2303 1100 τουτὶ
2331 1048 2392 1100 τὸ
2419 1048 2715 1120 διάστημα,
2750 1050 2868 1113 πῶς
2900 1046 3272 1117 περιεπάτησε
3326 1042 3469 1112 σῶμα
3508 1042 3651 1109 πάχος

2152 1138 2273 1207 ἕχον
2299 1137 2367 1190 τὰ
2394 1139 2654 1208 ὑπεράνω
2681 1139 2790 1191 τῶν
2816 1137 3079 1208 οὐρανῶν,
3114 1135 3187 1197 ὡς
3220 1133 3376 1194 αὐτὸς
3403 1131 3651 1199 τερατεύε-

2150 1244 2283 1291 ται;
2317 1230 2376 1282 Εἰ
2426 1230 2482 1282 δὲ
2508 1231 2667 1283 τοῦτο
2701 1230 2799 1299 μὲν
2830 1230 3112 1290 ἀδύνατον,
3147 1225 3362 1293 ἄγγελοι
3387 1221 3439 1276 δὲ
3463 1222 3491 1291 ἢ
3516 1221 3654 1290 ψυχαὶ

2150 1320 2457 1389 ἀνθρώπων
2490 1321 2830 1391 ἀνέρχονται,
2858 1319 2977 1384 πῶς
3003 1319 3072 1373 τὰ
3118 1317 3376 1387 ἀσώματα
3403 1313 3650 1385 σωματικῷ

2155 1411 2364 1481 βήματι
2400 1412 2657 1481 μετροῦσι
2707 1413 2774 1466 τὰ
2825 1412 2966 1480 ὑπὲρ
3016 1413 3106 1464 τὸν
3157 1410 3395 1481 οὐρανὸν,
3444 1408 3656 1461 ἃτιναὲν

2156 1500 2425 1571 ἐλαχίστῳ
2450 1503 2623 1572 χρόνῳ
2650 1501 2911 1556 δύνανται
2936 1501 3169 1555 διελθεῖν
3204 1502 3273 1555 τὰ
3301 1501 3397 1554 ὑπὸ
3420 1500 3500 1553 τδν
3524 1500 3655 1573 etips-

2155 1596 2246 1648 νδν
2279 1634 2295 1660 ,
2327 1596 2465 1666 ἀέρα
2505 1597 2670 1665 λέγω,
2702 1600 2797 1651 καὶ
2829 1598 3041 1669 αἰθέρα,
3067 1598 3160 1652 καὶ
3191 1601 3256 1650 τὰ
3282 1596 3479 1660 τούτοις
3503 1597 3653 1665 ὅμοιος

2157 1684 2301 1750 Ἔτι,
2354 1686 2470 1748 πῶς
2497 1687 2575 1749 εἰς
2622 1686 2721 1756 μὲν
2762 1686 2861 1756 τὴν
2887 1688 3149 1741 ἀνάϐασιν
3200 1687 3385 1757 ἐδεήθη
3433 1685 3655 1753 ἀγγέλων,

2154 1775 2295 1828 ὥστε
2330 1776 2658 1830 ἀναϐιϐάσαι
2689 1779 2851 1831 αὐτὸν
2898 1779 2978 1841 είς
3008 1782 3131 1844 τοὺς
3166 1780 3436 1850 οὐρανοὺς,
3463 1782 3512 1830 ἐν
3535 1778 3581 1831 δὲ
3604 1778 3657 1845 τῇ

2155 1864 2459 1919 καταϐάσει
2494 1866 2768 1936 οὐδαμῶς,
2798 1867 2931 1920 ἀλλὰ
2961 1870 3124 1937 μόνου
3152 1868 3247 1922 τοῦ
3278 1870 3409 1934 ξώου
3434 1868 3516 1920 τοῦ
3553 1868 3660 1935 Ἐμ-

2156 1960 2366 2026 παράκ,
2398 1958 2488 2011 ἵνα
2515 1960 2609 2013 καὶ
2642 1959 2802 2014 πάλιν
2834 1960 2996 2013 αὐτὸν
3028 1963 3107 2025 είς
3137 1963 3198 2014 τὸ
3227 1960 3413 2014 Μακκὲ
3439 1958 3661 2024 διασώσῃ-

2156 2063 2277 2114 ται;
2305 2050 2417 2101 Καὶ
2448 2048 2532 2104 τίς
2572 2048 2718 2101 οὕτω
2757 2049 3084 2119 παράφρων,
3132 2051 3163 2102 ὁ
3200 2049 3273 2119 μὴ
3313 2048 3417 2100 τῶν
3453 2044 3663 2098 τοιούτων

2153 2140 2517 2208 κατεγνωκὼς
2544 2157 2559 2207 ;
2596 2140 2697 2195 Διά
2747 2158 2828 2194 τοι
2859 2140 3018 2195 τοῦτο
3044 2142 3325 2204 παντελῶς
3370 2139 3605 2193 κωλύουσι
3628 2138 3664 2189 οἱ

2155 2233 2368 2297 ἐκείνου
2433 2231 2717 2285 ἀκόλουθοι
2775 2233 2914 2301 μετά
2970 2250 3135 2286 τινων
3195 2231 3554 2299 διαλέγεσθαι,
3594 2227 3664 2281 τὸν

2152 2326 2372 2395 ἔλεγχον
2401 2325 2703 2389 δειλιῶντες
2725 2342 2738 2357 ·
2797 2327 2915 2381 οὐδὲ
2964 2329 3074 2395 γὰρ
3129 2325 3440 2394 ἀγνοοῦντες
3470 2324 3562 2375 siet
3591 2320 3664 2388 τὴν

2150 2418 2245 2471 τοῦ
2273 2418 2597 2472 διδασκάλου
2638 2419 2817 2473 αὐτῶν
2850 2419 3213 2490 ματαιότητα,
3264 2419 3396 2473 Ἀλλ’
3434 2419 3564 2487 ὅμως
3591 2416 3664 2468 κὰ-

2151 2512 2319 2563 κεῖνοι
2367 2509 2690 2579 ἀσύμφωνοι
2729 2511 2866 2581 πρὸς
2913 2510 3181 2581 ἀλλήλους
3241 2512 3572 2581 ὑπάρχουσιν.
3620 2506 3665 2559 Ol

2155 2601 2252 2670 μὲν
2284 2600 2392 2669 γὰρ
2420 2600 2498 2671 τῷ
2528 2602 2620 2654 τοῦ
2651 2602 2882 2656 θανάτου
2914 2603 3063 2674 φόϐῳ
3087 2606 3187 2659 καὶ
3211 2604 3430 2665 ἄκοντες
3454 2602 3659 2654 ἕπονται·

2152 2692 2201 2741 εί
2245 2689 2292 2742 δ’
2326 2692 2456 2753 ἷσως
2499 2691 2717 2761 ἀφόὸως
2768 2696 2860 2747 καὶ
2907 2696 2963 2747 ὲν
3011 2695 3238 2767 ἐξουσία
3292 2694 3395 2765 ἰδίᾳ
3444 2691 3666 2761 ἐγένοντο.

2150 2781 2313 2846 εὐθὺς
2363 2785 2683 2855 Χριστιανοὶ
2735 2786 2985 2853 ἐγένοντο
3042 2788 3147 2840 ἀν·
3204 2788 3253 2841 οἱ
3309 2786 3366 2840 δὲ
3416 2788 3477 2855 τῇ
3528 2781 3669 2850 πλάνῃ

2152 2880 2609 2947 συναπαχθέντες,
2643 2878 2717 2939 ὡς
2750 2878 2940 2948 βέὸαια
2986 2881 3080 2931 καὶ
3150 2878 3323 2948 ἀληθῆ
3376 2877 3464 2930 καὶ
3494 2872 3666 2941 ὡμολοι

2154 2968 2369 3038 γημένα
2400 2969 2583 3038 ἔχουσι
2613 2972 2680 3023 τὰ
2718 2973 2812 3023 τοῦ
2835 2970 3093 3039 ,Μωάμεθ
3134 2970 3308 3039 ψεύδη
3334 2967 3423 3022 καὶ
3454 2962 3669 3034 τεραῑεέ·

484 3080 670 3121 tamen
705 3061 908 3132 palam,
944 3068 1005 3113 ut
1040 3064 1166 3111 ante
1206 3056 1414 3110 dictum
1458 3062 1562 3119 est,
1598 3072 1615 3104 ι
1650 3052 1776 3108 Vias
1808 3066 2046 3121 praecep-

2155 3075 2320 3128 ματαο
2354 3060 2403 3111 οι
2439 3061 2497 3112 δὲ
2542 3062 2601 3113 οὑ
2632 3061 2908 3130 βούλονται
2944 3064 3257 3132 ἀποστῆναι
3300 3062 3394 3132 τῆς
3436 3071 3672 3126 πατροπα-

482 3172 663 3215 torum
691 3165 910 3210 tuorum
945 3164 1241 3221 agnoscere
1270 3148 1419 3203 nolo.
1452 3165 1471 3198 ›
1506 3144 1621 3211 Qua
1648 3146 1715 3199 de
1753 3158 1915 3199 causa
1943 3158 2045 3197 nec

480 3262 693 3305 sacram
735 3246 1078 3314 Scripturam
1111 3242 1297 3310 legere
1339 3238 1672 3308 permittitur
1720 3236 1863 3307 apud
1894 3235 2042 3299 illos,

481 3362 553 3401 ne
597 3356 696 3405 per
726 3339 868 3393 hanc
896 3334 1249 3407 praeceptoris
1278 3333 1361 3386 sui
1409 3330 1640 3386 stultitia
1688 3336 1948 3397 appareat
1991 3335 2047 3382 ct

480 3439 815 3491 conlutetur.
850 3429 908 3483 ln
944 3426 1125 3495 capite
1153 3423 1292 3479 Jona
1337 3422 1481 3476 enim
1514 3421 1593 3476 sic
1628 3420 1845 3491 inquit:
1887 3417 2048 3485 Quis-

482 3524 608 3596 quis
640 3521 1019 3593 deprehensus
1051 3515 1220 3571 fuerit
1246 3512 1390 3583 quod
1428 3511 1727 3566 Alcorrano
1761 3510 2046 3565 contradi-

482 3628 595 3685 cat,
632 3616 825 3672 mortis
874 3608 1203 3682 supplicium
1250 3605 1417 3681 luito,
1464 3618 1567 3659 nec
1623 3603 1714 3657 alii
1758 3618 1919 3673 quam
1968 3602 2045 3657 illi

480 3709 730 3765 credant.
760 3706 819 3760 ln
843 3703 1021 3773 capite
1050 3707 1231 3755 autem
1260 3696 1481 3769 Amram
1508 3696 1622 3750 ait:
1655 3694 1771 3749 Non
1800 3692 1891 3748 alii
1922 3708 2044 3748 ere-

482 3802 595 3857 dite
625 3799 728 3855 nisi
763 3797 938 3867 legem
969 3801 1214 3846 nostram
1249 3788 1520 3858 sequenti.
1550 3786 1617 3839 Et
1660 3787 1752 3853 qui
1800 3786 2047 3854 Evange-

479 3893 619 3948 lium
662 3890 895 3945 salutem
942 3897 1069 3937 esse
1102 3880 1236 3935 dicit
1295 3887 1351 3933 et
1397 3878 1581 3940 viam,
1626 3877 1874 3944 nihilque
1924 3889 2045 3948 esse

482 3984 815 4039 Sarracenos
845 3974 949 4029 nisi
982 3969 1337 4040 Evangelium
1364 3966 1648 4036 legemque
1676 3941 2044 4035 impleverim,

479 4092 549 4133 en
609 4073 793 4128 denuo
842 4066 985 4121 idem
1024 4061 1179 4132 quasi
1231 4059 1436 4129 proprii
1486 4057 1759 4112 sermonis
1804 4056 2041 4121 oblitus,

480 4168 538 4220 in
566 4161 757 4219 eodem
786 4167 1040 4213 sermone
1064 4152 1199 4207 dicit
1226 4168 1239 4205 :
1271 4149 1402 4203 Mihi
1442 4160 1560 4203 mea
1589 4148 1674 4201 lex
1703 4148 1773 4200 sit
1810 4156 1865 4201 et
1891 4147 2045 4201 vobis

479 4263 688 4311 vestra.
720 4252 830 4307 Vos
868 4248 938 4303 ab
979 4246 1063 4301 his
1094 4258 1217 4314 qua:
1250 4244 1368 4311 ipse
1409 4239 1549 4294 facio
1582 4239 1855 4294 immunes
1888 4240 2041 4303 estis,

479 4356 536 4403 et
567 4359 669 4416 ego
702 4344 770 4399 ab
799 4342 868 4397 iis
903 4353 1024 4410 qua:
1055 4351 1171 4391 vos.
1201 4333 1315 4389 Hoc
1351 4333 1535 4401 itaque
1572 4346 1842 4401 perversae
1871 4339 1926 4385 et
1958 4346 2045 4385 er-

2154 3150 2380 3225 ραδότου
2415 3152 2621 3221 πλάνης
2653 3154 2833 3206 αὐτῶν
2863 3155 3003 3206 αίδοῑ
3039 3154 3154 3206 τῶν
3204 3156 3423 3224 γονέων,
3474 3146 3575 3204 ἀλλ’
3601 3144 3668 3197 ἐπ’

2150 3244 2385 3306 ἐκείνοις,
2435 3246 2648 3299 τιθέασι
2693 3246 2789 3317 τὴν
2837 3249 3018 3302 αἰτίαν
3053 3249 3160 3318 τῆς
3210 3249 3344 3319 πρὸς
3372 3248 3492 3302 θεὸν
3515 3246 3674 3298 ἀπολοο

2155 3336 2305 3404 γίας.
2348 3338 2410 3390 Οί
2452 3338 2506 3391 δὲ
2539 3338 2623 3390 διὰ
2676 3339 2734 3391 τὸ
2783 3340 2971 3394 ἄνετον
3015 3342 3111 3393 καὶ
3147 3341 3427 3411 ἐλεύθερον
3459 3336 3672 3401 καὶπερὶ

2147 3429 2246 3491 τὰς
2294 3428 2483 3499 ἡδονὰς
2516 3430 2794 3501 ἐνδόσιμον
2846 3433 2905 3484 οὺ
2958 3432 3247 3501 βούλονται
3291 3435 3572 3503 ἀποστῆναι
3595 3428 3674 3495 τῆς

2149 3520 2380 3590 πλὰιης,
2416 3521 2553 3577 ἀλλά
2586 3523 2684 3593 τὴν
2713 3523 3059 3594 ἀκαθαρσίαν
3097 3528 3197 3581 καὶ
3232 3527 3466 3597 ματαίαν
3496 3524 3672 3575 δίαιταν

2149 3614 2563 3684 προαιροῦνται,
2618 3616 2981 3683 γινώσκοντες
3037 3618 3144 3688 μὲν
3180 3620 3263 3673 ὅτι
3314 3620 3409 3673 οὐκ
3442 3618 3567 3670 εἰσιν
3591 3612 3678 3667 ἀπὸ

2147 3703 2281 3758 Θεοῦ
2334 3705 2402 3758 τά
2448 3704 3005 3775 λεγόμεναμλέγὸυσι
3048 3710 3092 3762 δ’
3146 3713 3294 3781 ὅμως
3324 3711 3578 3779 ἄντικρυς,
3616 3704 3677 3762 ὡς

2147 3795 2489 3865 προείρηται,
2518 3796 2598 3849 ὅτι
2634 3816 2651 3848 ι
2673 3796 2839 3852 Ὀδῶν
2876 3800 3110 3854 ἐντολῶν
3147 3819 3242 3855 σου
3280 3803 3475 3870 γνῶναι
3502 3799 3555 3851 οὺ
3578 3794 3677 3864 βού-

2145 3885 2325 3952 λομαι.
2361 3905 2379 3938 ι
2416 3887 2523 3940 Καὶ
2544 3885 2632 3939 διὰ
2683 3887 2838 3940 τοῦτο
2872 3889 2989 3940 οὐδὲ
3049 3890 3471 3961 παραχωροῦσιν
3515 3888 3676 3948 ἀναγι-

2147 3976 2449 4030 νώσκεσθαι
2490 3978 2589 4047 τὴν
2625 3978 2772 4033 θείαν
2803 3979 3022 4051 Γραφὴν
3060 3983 3199 4052 παρ’
3240 3981 3479 4045 ἐκείνοις,
3508 3980 3584 4032 ἵνα
3617 3976 3677 4045 μὴ

2144 4066 2204 4119 τὸ
2235 4066 2328 4119 τοῦ
2371 4066 2688 4120 διδασκάλου
2723 4069 2901 4122 αὐτῶν
2931 4070 3130 4139 ψεῦδος
3176 4074 3259 4135 είς
3310 4071 3520 4141 ἔλεγχον
3552 4068 3674 4134 ἔλθῃ.

2157 4160 2247 4213 Ἐν
2287 4161 2393 4229 γὰρ
2437 4159 2512 4231 τῷ
2558 4160 2834 4232 κεφαλαίῳ
2885 4163 2963 4234 τῷ
3001 4164 3177 4221 Ἰωνᾶ
3210 4164 3353 4219 οὕτω
3395 4163 3567 4234 φησὶν,
3613 4161 3679 4213 ὃει

2145 4249 2267 4302 Κᾶν
2324 4250 2502 4317 ὁποῖός
2550 4268 2678 4305 ποτε
2733 4253 2959 4324 φωραθῇ
3018 4255 3322 4325 ἀντιλέγων
3369 4256 3425 4309 τὸ
3470 4254 3675 4323 Κοῤῥὰν.

2147 4338 2375 4403 Diverso;
2427 4340 2578 4393 ἔσται
2630 4344 2663 4410 ἡ
2712 4345 2974 4413 τιμωρία,
3023 4344 3158 4415 μηδὲ
3216 4346 3491 4400 πιστεύειν
3520 4345 3678 4413 ἕτερον

479 4435 744 4493 rabundse
773 4431 974 4488 mentis
1009 4426 1294 4500 pr0prium
1325 4435 1429 4489 est,
1462 4433 1521 4479 ut
1560 4438 1671 4477 non
1714 4424 1782 4478 ab
1811 4423 2043 4478 honesto

2150 4431 2286 4501 πλὴν
2323 4433 2508 4485 αὐτοῦ.
2552 4432 2639 4486 Ἐν
2671 4432 2729 4486 δὲ
2756 4434 2833 4503 τῷ
2864 4437 3144 4507 κεφαλαίῳ
3181 4438 3259 4508 τῷ
3295 4439 3509 4508 Ἀμρὰμ
3549 4434 3679 4505 φησὶ.

478 4536 693 4582 tantum
733 4533 789 4578 et
833 4522 978 4576 bono
1020 4517 1326 4580 dissentiat,
1359 4514 1455 4569 sed
1497 4524 1555 4567 ut
1583 4528 1686 4568 nec
1716 4527 1903 4568 secum
1942 4526 2043 4566 un-

479 4633 648 4688 quam
674 4613 967 4671 convenire
1012 4608 1209 4679 possit,
1239 4606 1418 4676 qualis
1447 4613 1502 4659 et
1542 4603 1814 4658 Mahomet
1862 4604 1951 4657 hic
1987 4604 2043 4657 in

479 4721 597 4805 ψιο
627 4724 729 4766 suo
759 4719 926 4777 opere
956 4699 1412 4771 deprehenditur.
1441 4695 1879 4750 Christianorum
1914 4708 2042 4748 vero

576 4804 579 4805 ν
884 4797 895 4805 -
984 4794 1027 4805 -ν
1240 4803 1271 4805 μγ
1296 4803 1306 4805 μ
1336 4788 1402 4805 κε-
1443 4800 1587 4805 -----
1625 4783 1897 4805 a-_:-.--_-
1934 4792 2037 4805 ...μη

479 4783 681 4872 ἆιίριιι
711 4814 822 4853 non
854 4797 955 4850 sic.
984 4794 1187 4849 Verum
1227 4788 1406 4843 omnis
1440 4800 1594 4840 sacra
1625 4783 1902 4853 Scriptura
1934 4792 2042 4837 tam

486 4896 652 4952 Vetus
703 4904 866 4961 quam
917 4885 1100 4948 Nova,
1155 4878 1383 4948 singulae
1437 4875 1540 4931 sibi
1598 4874 1834 4929 invicem
1876 4888 2039 4942 quam

477 4985 827 5043 exactissime
856 4975 1208 5034 consentiunt
1237 4986 1251 5036 ;
1285 4979 1341 5025 et
1372 4982 1589 5023 rursum
1622 4976 1865 5035 utraeque
1900 4967 2044 5020 inter

477 5095 538 5132 se
580 5084 772 5130 mutuo
817 5068 1008 5125 eadem
1056 5066 1261 5121 sentire
1303 5073 1359 5117 et
1385 5062 1567 5115 dicere
1619 5058 2042 5128 deprehendun-

479 5180 610 5236 tur;
641 5177 695 5221 et
718 5164 936 5219 merito.
962 5162 1106 5214 Deus
1131 5158 1280 5212 enim
1315 5156 1431 5225 ipse
1458 5164 1650 5209 auctor
1680 5163 1733 5208 et
1766 5152 2042 5221 legislator

477 5268 560 5316 est
603 5256 804 5313 veteris
852 5262 908 5308 et
955 5252 1084 5306 novi
1132 5247 1490 5305 Testamenti.
1532 5246 1647 5314 Ego
1694 5254 1874 5298 autem
1926 5244 2042 5312 ipse

476 5349 731 5408 fortassis
748 5363 871 5402 cum
906 5345 1063 5399 Esaia
1102 5351 1157 5397 et
1204 5340 1405 5395 Davide
1454 5339 1644 5393 dixero
1673 5354 1690 5390 ι
1731 5356 1748 5388 ι
1778 5335 1978 5403 Quare,
2008 5346 2041 5390 'o

478 5444 731 5508 Domine,
786 5454 869 5492 vra
917 5435 1209 5505 impiorum
1263 5430 1658 5502 prosperat‘ur?
1703 5429 1807 5483 Mei
1857 5437 2040 5483 autem

476 5550 619 5605 pene
637 5534 768 5588 moti
794 5538 923 5584 sunt
950 5527 1137 5597 pedes,
1155 5540 1293 5595 pene
1318 5520 1479 5579 effusi
1506 5530 1635 5577 sunt
1659 5536 1878 5591 gressus
1907 5520 2038 5577 mei.

474 5625 745 5689 Quoniam
784 5621 952 5675 zelavi
992 5635 1157 5690 super
1190 5619 1431 5687 iniquos,
1460 5630 1649 5684 pacem
1691 5623 2038 5684 peccatorum

467 5709 672 5763 “deus
723 5708 985 5771 Quoniam
1026 5723 1132 5764 non
1164 5716 1246 5763 est
1279 5714 1558 5775 respectus
1590 5704 1641 5759 in
1684 5713 1856 5762 morte
1891 5704 2037 5774 ipso-

2144 4523 2239 4594 Μὴ
2290 4523 2615 4595 πιστεύσητε
2651 4526 2837 4595 ἕτερον
2863 4528 3003 4596 πλὴν
3032 4530 3127 4582 τοῦ
3169 4532 3438 4601 ἑπομένου
3463 4530 3532 4600 τῷ
3564 4530 3680 4596 ἡμε-

2144 4615 2291 4685 τέρῳ
2328 4616 2478 4688 νόμῳ
2505 4658 2520 4683 ,
2559 4617 2734 4671 καίτοι
2793 4636 2855 4687 γε
2897 4621 2957 4673 τὸ
3024 4622 3367 4690 Εὑαγγέλιον
3430 4619 3675 4688 σωτηρίαν

2145 4701 2282 4759 εἶναι
2346 4706 2517 4775 λέγων
2574 4710 2667 4761 καὶ
2709 4709 2964 4780 ὁδηγίαν,
3016 4714 3109 4765 καὶ
3171 4713 3342 4783 μηδὲν
3400 4707 3533 4766 εἶναι
3589 4710 3680 4769 τοῖς

2144 4800 2510 4869 Σαρακηνοῖς,
2544 4800 2619 4871 μὴ
2651 4800 2968 4872 πληρώσασι
3018 4803 3077 4857 τὸ
3128 4805 3461 4873 Εὑαγγέλιον
3494 4804 3579 4856 καὶ
3608 4800 3683 4850 τὸν

2144 4890 2329 4959 νόμον.
2373 4891 2540 4945 Πάλιν
2582 4892 2640 4946 δὲ
2669 4895 2696 4949 ὁ
2735 4894 2914 4960 αὐτὸς,
2952 4895 3144 4965 ὥσπερ
3196 4896 3575 4965 ἐπιλαθόμενος
3594 4891 3684 4944 τῶν

2144 4984 2339 5036 ἑαυτοῦ
2373 4983 2581 5053 λόγων,
2619 4987 2675 5039 ὲν
2708 4986 2785 5057 τῷ
2825 4988 2973 5058 αὐτῷ
3010 4989 3159 5060 λόγῳ
3212 4992 3400 5061 φησὶν,
3431 4992 3509 5043 ὅτι
3555 4987 3682 5053 Ἐμοὶ

2142 5076 2171 5127 ὀ
2216 5074 2349 5145 ἐμὸς
2372 5076 2555 5146 νόμος,
2598 5077 2691 5131 καὶ
2722 5079 2850 5150 ὑμῖν
2887 5082 2913 5133 ὁ
2946 5080 3236 5152 ὑμέτερος.
3284 5081 3469 5152 Ὑμεῖς
3494 5075 3683 5133 ἐλεύθε-

2146 5164 2230 5233 ροί
2264 5165 2382 5217 ὲστε
2435 5160 2508 5219 ὧν
2548 5164 2657 5233 ἐγὼ
2716 5168 2961 5235 πράττω,
3002 5169 3161 5237 κάγὼ
3215 5162 3293 5224 ὧν
3332 5171 3502 5238 ὑμεῖν
3536 5162 3683 5217 Τοῦτο

2143 5251 2275 5321 γοῦν
2302 5253 2432 5307 ἴδιόν
2460 5257 2575 5308 ἐστι
2611 5256 2704 5308 τοῦ
2746 5260 3281 5330 παρατετραμμένου
3315 5262 3411 5314 καὶ
3438 5257 3682 5323 πεπλανη-

2148 5345 2310 5413 μένον
2359 5344 2510 5413 νοὸς,
2560 5348 2618 5398 τὸ
2672 5350 2747 5416 μὴ
2780 5350 2940 5417 μόνον
2990 5351 3129 5422 μετά
3175 5351 3271 5404 τοῦ
3312 5351 3472 5405 καλοῦ
3516 5364 3570 5400 τε
3600 5348 3679 5398 καὶ

2143 5434 2352 5501 ἀγαθοῦ
2372 5436 2731 5505 -ἀσύμφωνον
2767 5436 2953 5493 τοῦτον
2996 5440 3385 5509 εὑρίσκεσθαι,
3426 5437 3552 5492 ἀλλά
3598 5432 3679 5488 καὶ

2144 5525 2278 5595 πρὸς
2324 5526 2514 5579 ἑαυτὸν
2564 5528 2861 5598 μηδέποτε,
2900 5534 3211 5602 συμιξωνεῖν
3242 5572 3258 5598 ,
3304 5531 3487 5599 ὥσπερ
3534 5527 3615 5579 καὶ
3642 5524 3668 5575 ό

2143 5620 2333 5687 παρὼν
2372 5620 2551 5673 οὑτοσὶ
2587 5622 2830 5691 Maii;an
2880 5626 2937 5678 ὲν
2971 5626 3076 5694 ὅλῳ
3110 5624 3191 5694 τῷ
3222 5623 3389 5678 αὑτοῦ
3423 5618 3676 5690 συγγράμ-

2146 5722 2298 5777 ματι,
2332 5706 2414 5763 Τὰ
2439 5709 2491 5763 δὲ
2519 5710 2626 5766 τῶν
2659 5713 3000 5782 Χριστιανῶν
3028 5715 3129 5785 οὐχ
3153 5714 3346 5779 οὕτως.
3376 5712 3503 5771 ἀλλά
3531 5709 3663 5763 πᾶσα
