3928 6212
278 328 393 394 ἷῗὸὗ

1295 322 1593 384 CONTRA
1633 297 2120 382 MAHOMETEM
2150 322 2441 386 omne
2480 325 2576 389 IV.

3432 328 3537 393 686

284 448 320 515 ἡ
367 443 488 496 θεία
513 441 726 512 Γραφὴ,
756 441 791 509 ἦ
831 455 891 492 τε
934 438 1161 503 παλαιὰ,
1189 440 1226 507 ἠ
1274 454 1334 489 τε
1366 438 1485 498 νέα,
1527 436 1626 506 μία
1655 436 1858 504 ἑκάστη

1966 451 2108 501 rum,
2133 446 2187 493 et
2217 437 2621 494 ﬁrmamentum
2660 440 2713 493 in
2751 439 2907 510 plaga
2940 440 3207 511 ipsorum.
3240 441 3298 496 In
3332 443 3536 499 labori-

293 535 436 605 πρὸς
478 534 669 603 αὐτὴν,
704 532 848 585 κατά
885 533 1065 584 πᾶσαν
1097 530 1386 599 ἀκρίϐειαν
1431 529 1733 598 συμφωνεῖ,
1768 529 1861 579 καὶ

287 628 451 689 αὖθις
477 627 532 683 αἱ
558 625 651 678 δύο
686 624 823 694 όμοῦ
861 624 1001 677 κατὰ
1033 622 1210 676 πάντα
1248 621 1591 691 εὑρίσκονται
1620 620 1687 672 τά
1723 620 1860 672 αὐτὰ

285 720 387 771 καί
418 717 712 786 φρονοῦσαι
753 717 849 769 καὶ
878 715 1157 782 λέγουσαι,
1208 714 1303 765 καὶ
1354 712 1602 774 εἰκότως.
1658 712 1718 765 Ὀ
1751 712 1860 781 γὰρ

280 811 454 871 αὐτὸς
499 808 630 870 Θεός
678 808 824 859 ἐστιν
869 808 897 858 ὁ
941 804 1167 873 ποιητὴς
1208 803 1302 857 καὶ
1344 803 1640 872 νομοδότης
1668 803 1767 871 τῆς
1798 818 1856 854 τε

282 900 526 960 παλαιᾶς
562 898 657 950 καὶ
691 899 836 959 νέας.
879 896 1019 965 Ἐγὼ
1060 896 1118 949 δὲ
1174 896 1313 965 τάχα
1344 894 1411 949 ἂν
1447 895 1584 964 μετὰ
1632 894 1858 947 Ἡσαΐου

272 986 386 1037 καὶ
424 984 592 1036 Δαϐὶδ
628 983 737 1037 τῶν
776 983 1073 1053 προφητῶν
1112 978 1304 1047 εἷπον,
1336 1001 1354 1034 ι
1397 984 1512 1037 Ἵνα
1548 983 1622 1047 τί,
1662 983 1856 1053 Κύριε,

277 1077 407 1141 οὲὺς
454 1075 668 1130 ἀσεϐῶν
707 1074 1020 1132 εὐοδοῦταις
1066 1092 1085 1126 ι
1121 1076 1212 1126 καὶ
1238 1076 1319 1127 ὅτι
1351 1092 1370 1127 ι
1425 1074 1588 1143 Ἑμοῦ
1620 1090 1861 1143 παραμι-

279 1170 425 1237 κρὸν
475 1166 846 1233 ὲσαλεύθησαν
884 1166 936 1217 οἰ
979 1165 1137 1228 πόδες
1164 1205 1179 1229 ,
1230 1163 1364 1234 παρ’
1392 1163 1573 1232 ὀλίγον
1622 1163 1856 1234 ἐξεχύθη

277 1263 357 1315 τὰ
395 1260 709 1331 διαϐήματά
759 1278 883 1330 μου,
934 1260 1014 1312 ὅτι
1054 1258 1300 1329 ἐζήλωσα
1331 1257 1423 1310 ἐπὶ
1464 1257 1574 1320 τοῖς
1612 1257 1853 1326 ἀνόμοις,

277 1355 512 1425 είρήνην
542 1353 885 1420 ἁμαρτωλῶν
927 1352 1169 1423 θεωρῶν,
1218 1352 1299 1403 ὅτι
1330 1349 1429 1403 οὐκ
1461 1349 1608 1402 ἔστιν
1635 1348 1860 1402 ἀνάνευ-

278 1465 377 1509 σις
413 1448 472 1498 ὲν
500 1446 579 1513 τῷ
631 1446 844 1514 Θανάτῳ
873 1445 1073 1509 αὐτῶν,
1106 1444 1200 1497 καὶ
1243 1442 1529 1512 στερέωμα
1567 1442 1623 1493 ὲν
1653 1444 1715 1512 τῇ
1751 1442 1855 1510 μά-

272 1552 435 1603 ’στιγι
466 1535 667 1588 αὐτῶν.
725 1537 812 1587 Ἐν
856 1536 1046 1596 κόποις
1095 1533 1396 1603 ἀνθρώπων
1441 1531 1541 1584 οὐκ
1584 1531 1716 1595 εἰσὶ,
1760 1530 1858 1582 καὶ

281 1628 432 1696 μετά
486 1626 790 1697 ἀνθρώπων
847 1626 909 1678 οὐ
968 1624 1499 1694 μαστιγωθήσονται.
1556 1623 1653 1677 Διά
1700 1622 1858 1675 τοῦτο

274 1719 591 1789 ἐκράτησεν
639 1719 836 1781 αὐτοὺς
888 1720 921 1788 ἡ
969 1717 1317 1787 ὑπερηφανία
1349 1718 1429 1779 είς
1459 1715 1631 1777 τέλος.
1662 1717 1857 1786 Περιε-

1968 530 2072 585 bus
2108 530 2393 585 hominum
2443 546 2554 586 non
2605 542 2754 595 sunt,
2786 542 2844 589 et
2886 548 3012 588 eum
3063 535 3386 591 hominibus
3425 554 3536 592 nou

1966 619 2329 688 ﬂagellantur.
2362 620 2491 675 Ideo
2537 622 2714 676 tenuit
2757 636 2854 677 eos
2904 622 3166 692 superbia
3198 624 3443 693 ipsorum
3480 626 3534 680 in

1968 711 2155 765 linem.
2208 710 2396 779 Operti
2444 719 2575 764 sunt
2626 712 2914 781 iniquitate
2974 722 3031 769 et
3084 713 3363 784 impietate
3410 731 3531 771 sua.

1964 801 2214 857 Prodibit
2242 802 2399 871 quasi
2429 818 2498 860 ex
2546 803 2707 873 adipe
2744 805 3007 874 iniquitas
3037 806 3304 876 ipsorum.
3334 807 3540 863 Trans-

1967 894 2149 948 ierunt
2192 893 2244 947 in
2289 892 2541 948 ail‘ectum
2576 895 2793 959 cordis,
2847 897 3228 964 cOgitaverunt
3263 908 3319 952 et
3365 899 3533 954 loculi

1966 990 2098 1035 sunt
2147 982 2202 1036 in
2251 982 2524 1051 nequitia.
2570 983 2923 1053 lniluita-tem
2989 985 3046 1040 in
3101 988 3318 1041 excelso
3366 988 3534 1042 locuti

1965 1080 2117 1128 sunt.
2148 1074 2458 1128 Posuerunt
2486 1074 2541 1127 in
2571 1074 2767 1130 ccelnm
2794 1090 2855 1130 os
2879 1091 3062 1141 suum,
3084 1085 3140 1131 et
3168 1080 3351 1146 lingua
3378 1078 3532 1147 ipso-

1966 1180 2087 1218 rum
2117 1164 2381 1219 transivit
2436 1166 2491 1218 in
2550 1176 2770 1219 terram.
2801 1166 2847 1198 ⁸³
2894 1185 2912 1218 ι
2968 1167 3355 1222 Verumtamen
3406 1184 3529 1222 cum

1965 1255 2153 1309 divino
2189 1254 2391 1310 Davide
2413 1256 2574 1310 etiam
2602 1256 2717 1325 ipse
2744 1257 2991 1312 clamabo
3017 1276 3030 1310 :
3076 1258 3346 1327 «Propter
3377 1260 3533 1313 dolos

1965 1347 2210 1416 ipsorum
2248 1347 2481 1416 posuisti
2526 1347 2608 1402 eis
2660 1347 2825 1410 mala,
2858 1348 3111 1413 Domine,
3145 1348 3394 1418 deiecisti
3440 1366 3535 1403 cos

1966 1453 2091 1493 cum
2128 1440 2546 1494 extollerentur.
2579 1438 2870 1505 Quomodo
2903 1439 3033 1494 facti
3068 1450 3196 1494 sunt
3236 1440 3289 1493 in
3322 1441 3538 1494 desola-

1967 1528 2210 1583 tionem?
2239 1529 2434 1584 Subito
2478 1529 2818 1593 defecerunt,
2849 1531 3134 1599 perierunt
3163 1539 3386 1600 propter
3432 1531 3538 1585 ini—

1964 1621 2229 1690 quitatem
2279 1637 2433 1675 suam
2482 1622 2653 1676 veluti
2696 1622 2971 1676 somnium
3015 1622 3381 1693 exsurgentis.
3434 1623 3539 1676 De-

1965 1712 2202 1777 mine,in
2231 1713 2449 1768 civitate
2479 1722 2568 1767 tua
2602 1712 2894 1784 imaginem
2926 1714 3170 1784 ipsorum
3201 1714 3270 1769 ad
3300 1715 3535 1769 nihilum

272 1809 547 1864 6ἀλλοντο
586 1809 798 1862 ἀδικίαν
848 1808 944 1863 καὶ
997 1810 1257 1863 ἀσέϐειαν
1289 1807 1519 1861 ὲαυτῶνο
1564 1806 1847 1872 ἐξελεύσε-

1965 1804 2163 1875 rediges
2195 1805 2305 1867 9°.)

274 1919 373 1955 ται
422 1901 498 1963 ὡς
539 1903 603 1955 ἐκ
650 1902 877 1963 στέατος
917 1902 950 1969 η
995 1898 1181 1954 ἀδικία
1221 1898 1423 1965 αὐτῶν,
1487 1898 1776 1968 διήλθοσαν
1851 1899 1932 1961 είς
1968 1895 2211 1950 διάθεσιν
2279 1894 2545 1968 καρδίας,
2596 1896 2953 1966 διενοήθησαν
3013 1898 3108 1950 καὶ
3155 1896 3428 1971 ἐλάλησαν
3478 1899 3538 1949 ἐν

280 1994 547 2064 πονηρία·
589 1992 804 2047 ἀδικίαν
847 1993 926 2054 εἰς
972 1992 1033 2045 τὸ
1061 1990 1193 2061 ὕψος
1259 1990 1549 2059 ἐλάλησαν,
1588 1990 1770 2043 ἔθεντο
1809 1988 1890 2051 εἰς
1928 1989 2156 2057 οὐρανὸν
2187 1989 2249 2043 τὸ
2307 1990 2482 2059 στόμα
2509 1991 2709 2056 αὐτῶν,
2736 1992 2830 2043 καὶ
2863 1993 2895 2061 ή
2933 1989 3152 2059 γλῶσσα
3183 1992 3363 2045 αὐτῶν
3386 1991 3534 2060 διῆλ-

280 2089 378 2142 θεν
413 2088 506 2141 ἐπὶ
549 2088 649 2156 τῆς
696 2086 851 2154 γῆς.»
896 2103 915 2136 ι
937 2082 1101 2137 Ἀλλὰ
1149 2083 1247 2136 σὺν
1274 2082 1353 2153 τῷ
1385 2082 1679 2152 θεοπάτορι
1717 2079 1883 2134 Δαδὶδ
1917 2080 2012 2133 καὶ
2070 2081 2233 2144 αὐτὸς
2262 2082 2602 2151 κεκράξομαι
2650 2082 2753 2149 ὅτι,
2784 2099 2803 2133 ι
2828 2081 2926 2136 Διά
2958 2085 3054 2145 τὰς
3087 2081 3395 2151 δολιότητας
3436 2084 3536 2137 α”δο

280 2184 395 2237 τῶν
424 2182 549 2235 ἔθου
582 2180 766 2242 αὐτοῖς
799 2180 970 2243 κακά,
1030 2177 1227 2246 Κύριε,
1276 2176 1574 2240 κατέϐαλες
1606 2176 1803 2239 αὐτοὺς
1876 2175 1933 2229 ἐν
1971 2175 2050 2243 τῷ
2074 2176 2399 2246 ἐπαρθῆναι.
2430 2176 2556 2239 Πῶς
2590 2176 2834 2244 ἐγένοντο
2863 2175 3240 2246 είςέρήμωσιν
3269 2178 3531 2241 ἐξάπινας

291 2280 556 2344 ἐξέλιπον,
600 2276 879 2331 ἀπώλοντο
938 2275 1027 2329 διὰ
1077 2275 1176 2346 τὴν
1229 2272 1459 2345 ἀνομίαν
1526 2272 1731 2340 αὐτῶν,
1795 2273 1928 2327 ὡσεὶ
1968 2273 2218 2327 ἐνύπνιον
2268 2271 2705 2342 ὲξεγειρομένου.
2764 2272 2933 2344 Κύριε
2962 2312 2976 2337 ,
3023 2275 3081 2325 ὲν
3128 2275 3195 2342 τῇ
3243 2271 3396 2325 πόλει
3438 2288 3532 2323 σου

288 2371 394 2442 τὴν
430 2371 604 2424 εἰκόνα
651 2369 831 2422 αὐτῶν
874 2367 1273 2434 ὲξουδενώσεις.
1310 2386 1330 2420 ι

366 2466 433 2535 β’.
476 2464 590 2517 Ἔτι
632 2465 692 2515 ὲν
734 2463 813 2532 τῷ
844 2459 1122 2531 κεφαλαίῳ
1155 2498 1173 2515 .
1214 2500 1228 2513 .
1264 2500 1280 2516 .
1318 2498 1335 2517 .
1370 2500 1387 2516 .
1435 2461 1587 2529 λέγει
1630 2464 1658 2515 ὁ
1702 2461 1867 2515 Mani.

289 2558 393 2629 μεθ
430 2558 509 2610 ὅτι
554 2558 601 2609 οἱ
630 2554 880 2625 δαίμονες
916 2553 1154 2623 σωθῆναι
1209 2552 1517 2623 μέλλουσιν,
1597 2554 1863 2624 Ὦριγένει

278 2650 553 2722 αἱρετικῷ
600 2646 931 2703 ἀκολουθῶν.
979 2648 1090 2701 Καὶ
1155 2646 1236 2699 ἐτι
1284 2647 1383 2715 μὲν
1413 2648 1471 2700 ὲν
1498 2647 1670 2718 ἑτέρῳ
1713 2647 1863 2718 τόπῳ

283 2742 461 2811 φησὶν
498 2743 527 2793 ὁ
553 2739 715 2803 αὐτὸς
759 2740 843 2792 ὅτι
881 2737 1066 2791 πολλοὶ
1094 2738 1204 2790 τῶν
1226 2736 1498 2807 δαιμόνων
1526 2738 1859 2801 ἀκούσαντες

280 2836 347 2886 τὸ
393 2831 489 2884 τοῦ
523 2829 810 2900 Μαχούμετ
863 2828 1086 2899 Κορῤἀν
1139 2828 1671 2897 ἀναγινωσκόμενον,
1717 2827 1854 2899 ἐπῄ-

281 2943 454 2979 νεσαν
481 2923 578 2978 καὶ
612 2924 947 2990 ἐθαύμασαν,
984 2918 1078 2974 καὶ
1111 2921 1498 2982 πιστεύσαντες
1537 2918 1687 2986 αὐτῷ
1719 2919 1853 2971 ἐσώ-

274 3019 484 3084 θησαν.
519 3013 679 3068 ¹Α).λά
703 3011 801 3067 νῦν
819 3013 917 3081 οὐχ
944 3010 1138 3073 οὕτως,
1180 3009 1316 3062 ἀλλὰ
1347 3009 1653 3071 καθολικῶς
1676 3008 1847 3073 λέγει,

278 3110 380 3160 καὶ
409 3105 763 3173 ἀποφαίνεται
793 3104 875 3156 ὅτι
908 3100 1147 3168 σωθῆναι
1180 3099 1464 3169 μέλλουσιν
1488 3101 1540 3151 oi
1570 3099 1851 3168 δαίμονες.

2037 2461 2093 2516 2.
2148 2460 2413 2517 Praeterea
2445 2463 2498 2515 in
2531 2462 2709 2533 capite
2750 2505 2764 2519 .
2812 2500 2827 2517 .
2868 2501 2882 2517 .
2928 2502 2942 2517 .
2986 2496 3002 2515 .
3043 2462 3181 2517 dicit
3234 2462 3531 2525 Mahomet.

1965 2552 2114 2623 quod
2146 2564 2201 2609 et
2232 2553 2513 2609 dmmones
2541 2555 2772 2610 salutem
2804 2554 2916 2610 sint
2969 2558 3353 2622 consecuturi,
3409 2557 3538 2611 Ori—

1964 2645 2122 2716 genis
2158 2646 2408 2702 haeresim
2440 2656 2680 2701 secutus.
2733 2647 2804 2700 Et
2834 2647 3083 2715 quamvis
3136 2647 3246 2701 alio
3299 2649 3352 2701 in
3412 2650 3534 2703 Ιοοιι

1962 2734 2106 2790 idem
2145 2735 2309 2801 dicat,
2340 2737 2483 2805 quod
2514 2737 2672 2791 mulli
2704 2751 2769 2790 ex
2801 2736 3159 2801 daunonibus,
3192 2752 3319 2792 cum
3351 2740 3536 2794 Maho-

1965 2827 2126 2881 metis
2160 2826 2520 2881 Alcorranum
2576 2828 2800 2897 praelegi
2857 2828 3220 2891 audivissent.
3255 2830 3535 2887 collauda~

1960 2927 2164 2974 verunt
2190 2926 2245 2973 et
2274 2916 2524 2973 admirati
2560 2930 2710 2984 sunt,
2740 2928 2795 2975 et
2824 2934 2949 2974 cum
2981 2909 3405 2986 credidissent,‘
3444 2940 3533 2978 sa-

1964 3010 2135 3064 lutem
2166 3018 2296 3065 sunt
2327 3011 2645 3075 consecuti;
2706 3026 2852 3065 nunc
2893 3020 3074 3065 tamen
3105 3027 3212 3066 non
3265 3014 3345 3068 sic
3374 3013 3530 3078 dicit,

1964 3099 2060 3155 sed
2093 3099 2480 3181 universaliter
2509 3099 2782 3154 dazmones
2803 3101 3093 3155 salvandos
3122 3103 3240 3157 fore
3267 3104 3529 3160 afﬁrmat.

281 3198 461 3268 Εἴπερ
489 3199 618 3265 γοῦν
660 3196 881 3249 δύναται
934 3193 1176 3262 σωθῆναι
1220 3185 1298 3253 εἷς
1329 3191 1425 3243 καὶ
1455 3191 1614 3260 μόνος
1648 3191 1713 3243 ὲκ
1757 3190 1851 3242 τοῦ

1966 3188 2245 3259 Siquidem
2278 3198 2459 3259 potest
2516 3206 2658 3245 unus
2716 3199 2771 3244 et
2804 3196 2849 3247 is
2879 3193 3029 3247 solus
3080 3208 3148 3247 ex
3180 3193 3400 3249 illorum
3428 3202 3535 3250 nn-

278 3291 568 3358 τάγματος
610 3287 823 3352 αὐτῶν,
867 3284 1122 3339 δύνανται
1173 3281 1417 3352 σωθῆναι
1489 3285 1581 3335 καὶ
1630 3282 1856 3344 πάντες.

292 3381 443 3434 Ἀλλ’
478 3378 664 3445 ῶσπερ
695 3378 923 3431 πάντοτε
957 3375 1122 3437 αὐτὸς
1156 3372 1335 3442 ἐαυτῷ
1361 3372 1725 3435 ἐναντιοῦται,
1759 3370 1858 3424 οῦ-

278 3486 369 3523 τω
407 3468 502 3520 καὶ
541 3468 683 3521 κατά
731 3467 792 3519 τὸ
824 3464 1016 3535 παρόν.
1067 3462 1240 3526 Αὐτὸς
1292 3464 1386 3515 καὶ
1426 3464 1476 3515 οἱ
1533 3461 1650 3531 μετ’
1690 3460 1859 3515 αὑτοῦ

280 3559 434 3612 κατά
495 3560 670 3612 πάντα
711 3557 928 3623 λέγουσι
987 3556 1049 3608 τὸ
1103 3554 1435 3622 Εὐαγγέλιον
1496 3554 1722 3619 τέλειον,
1764 3553 1860 3604 καὶ

282 3652 471 3717 ἅγιον,
516 3650 608 3701 καὶ
659 3650 946 3718 σωτήριον,
986 3645 1062 3708 ὡς
1088 3644 1183 3698 τοῦ
1213 3644 1449 3714 Χριστοῦ
1480 3644 1671 3711 λόγους
1703 3659 1719 3675 ο
1763 3642 1860 3695 νῦν

277 3744 375 3806 δὲ,
405 3741 482 3803 ὥς
508 3741 601 3793 καὶ
639 3738 921 3801 πολλάκις,
955 3737 1173 3791 ἐναντία
1205 3736 1382 3804 τούτῳ
1411 3737 1643 3791 καθόλου
1675 3737 1862 3805 λέγου-

285 3852 404 3888 σιν,
444 3834 504 3884 '0
551 3832 660 3901 γὰρ
688 3832 924 3901 Χριστὸς
965 3830 1139 3893 οὕτως
1177 3830 1367 3900 εἴρηκε
1402 3830 1537 3898 πρὸς
1583 3832 1710 3893 τοὺς
1758 3830 1859 3898 τῆς

283 3928 513 3995 γεέννης
573 3925 773 3989 ἀξίους,
839 3942 857 3974 ι
900 3922 1200 3994 Πορεύεσθε
1222 3922 1320 3975 ἀπ’
1343 3920 1504 3991 ἐμοῦ,
1535 3923 1585 3975 οἱ
1618 3938 1860 3993 κατηρα-

289 4020 476 4088 μένοι,
517 4019 595 4080 είς
624 4018 685 4071 τὸ
717 4016 829 4085 πῦρ
860 4017 921 4068 τὸ
953 4015 1191 4079 αἰώνιον,
1243 4015 1304 4067 τδ
1333 4016 1749 4084 ἡτοιμασμένον
1780 4014 1860 4083 τῷ

284 4110 530 4175 suam.
576 4110 669 4161 καὶ
710 4110 822 4170 τοῖς
867 4106 1119 4174 ἀγγέλοις
1163 4106 1351 4159 αὑτοῦ.
1392 4124 1410 4156 ›
1454 4105 1627 4157 Τοῦτο
1673 4104 1858 4157 τοίνυν

284 4201 485 4263 είπὼν,
517 4201 705 4254 οὐδένα
751 4200 858 4252 τῶν
894 4199 1167 4268 δαιμόνων
1216 4195 1431 4263 ἀφῆκεν
1457 4196 1615 4259 ἐκτὸς
1641 4196 1739 4264 τῆς
1768 4212 1862 4247 κο·

285 4298 526 4356 λάσεως.
551 4292 663 4345 Καὶ
685 4292 929 4352 εἰκότως.
969 4290 1028 4343 Ὀ
1073 4290 1181 4357 γὰρ
1207 4289 1553 4356 σεσωσμένος
1582 4286 1615 4356 ἦ
1652 4288 1749 4339 σὺν
1789 4289 1857 4354 τῇ

285 4386 552 4454 μετανοίᾳ
590 4383 650 4434 τὸ
692 4383 833 4435 κατὰ
862 4379 1093 4447 δύναμιν
1131 4382 1227 4431 καὶ
1255 4378 1417 4439 αὐτὸς
1450 4375 1749 4445 συμϐάλλει
1771 4375 1861 4428 διὰ

281 4478 547 4549 πράξεως
588 4476 666 4536 εἰς
706 4474 808 4541 τὴν
859 4474 958 4539 τῆς
994 4470 1266 4541 σωτηρίας
1299 4468 1449 4522 ὁδόν·
1488 4470 1578 4521 ἐπὶ
1614 4469 1723 4539 γὰρ
1761 4467 1857 4520 τοῦ

1963 3294 2118 3334 mero
2155 3280 2377 3342 salvari,
2414 3294 2609 3334 omnes
2657 3281 2822 3335 etiam
2869 3283 3067 3336 salvari
3100 3294 3355 3353 possunt.
3422 3286 3531 3342 Sed

1961 3370 2417 3439 quemadmodum
2475 3371 2590 3439 ipse
2642 3372 2747 3425 sibi
2800 3372 3005 3442 ubique
3070 3372 3383 3432 contrarius
3422 3388 3527 3440 est.

1964 3461 2040 3514 ita
2094 3461 2258 3513 etiam
2308 3460 2413 3513 hoc
2462 3460 2602 3514 loco.
2662 3460 2761 3514 llic
2806 3463 2978 3528 enim,
3035 3478 3336 3532 omnesque
3361 3465 3529 3532 hujus

1962 3556 2204 3617 asseclae,
2232 3553 2585 3621 Evangelium
2610 3567 2708 3623 per
2736 3552 2914 3605 omnia
2934 3554 3257 3621 perlectum,
3278 3566 3529 3610 sanetum

1960 3658 2018 3704 et
2049 3649 2309 3713 salutare,
2370 3656 2561 3716 utpote
2614 3646 2821 3700 Christi
2872 3662 3178 3713 sermones,
3238 3663 3528 3713 asserunt;

1962 3756 2112 3795 nunc
2142 3756 2293 3803 vero,
2333 3748 2391 3792 ut
2423 3751 2480 3794 et
2503 3738 2637 3793 alias
2655 3742 2877 3807 saepius,
2904 3739 3034 3795 huic
3050 3741 3276 3795 omnino
3306 3750 3531 3796 contra-

1964 3835 2174 3888 dicunt.
2205 3834 2462 3888 Christus
2484 3832 2632 3886 enim
2662 3832 2729 3886 ad
2754 3833 3002 3903 gehenna
3027 3833 3222 3905 dignos
3251 3835 3331 3889 sic
3353 3836 3527 3890 dixit:

1969 3945 1988 3977 ι
2019 3927 2176 3980 Abite
2205 3941 2234 3979 a
2276 3940 2381 3987 me,
2436 3924 2752 3987 maledicti,
2802 3925 2861 3978 in
2901 3924 3077 3995 ignem
3111 3936 3396 3991 attentum,
3433 3929 3528 3997 qui

1963 4029 2186 4089 paratus
2212 4027 2298 4073 est
2330 4018 2553 4073 diabolo
2587 4027 2640 4072 et
2672 4016 2879 4086 angelis
2910 4016 3186 4085 ipsius°'.t
3222 4018 3319 4075 His
3346 4020 3532 4090 itaque

1961 4108 2142 4161 verbis
2164 4108 2373 4161 nullum
2398 4107 2704 4161 daemonum
2730 4122 2760 4159 a
2782 4119 2941 4174 pinna
2964 4107 3209 4176 excepit;
3228 4116 3285 4163 et
3311 4109 3528 4165 merito.

1961 4203 2063 4267 Qui
2089 4204 2235 4257 enim
2268 4202 2506 4257 salvatus
2532 4212 2618 4257 est
2646 4218 2768 4257 cum
2793 4202 3132 4272 poenitentia.
3160 4204 3323 4258 simul
3356 4206 3525 4259 etiam

1963 4293 2078 4362 ipse
2121 4308 2222 4362 pro
2255 4294 2401 4347 virili
2457 4294 2652 4349 salutis
2702 4294 2849 4348 viam
2897 4310 2995 4363 per
3023 4310 3191 4364 opera
3248 4297 3528 4352 observat.

1962 4385 2019 4438 ln
2047 4399 2275 4452 corpore
2300 4385 2445 4437 enim
2476 4399 2587 4438 non
2636 4393 2819 4452 potest
2866 4384 3032 4439 homo
3089 4400 3190 4455 pro
3237 4387 3321 4441 sui
3356 4389 3524 4442 animi

1964 4476 2247 4529 voluntate
2303 4476 2389 4528 vel
2434 4476 2491 4528 in
2527 4474 2782 4530 morbum
2834 4491 2945 4530 non
2974 4477 3243 4543 incidere,
3275 4489 3371 4533 aut
3400 4496 3526 4535 cunt

286 4569 547 4636 σώματος
602 4564 665 4615 οὐ
723 4562 947 4616 δύναται
1000 4560 1284 4630 ἄνθρωπος
1343 4559 1561 4626 ποιῆσαι
1601 4559 1661 4611 τὸ
1712 4558 1855 4611 κατὰ

1965 4565 2252 4633 inciderit,
2292 4581 2386 4620 sua
2425 4577 2697 4636 potestate
2745 4566 2811 4621 ad
2847 4567 3527 4641 pristinam‘valetudinem

286 4659 570 4731 βούλησιν,
604 4657 726 4725 ἦτοι
758 4656 821 4706 τὸ
854 4652 929 4722 μὴ
962 4653 1225 4719 ἐμπεσεῖν
1269 4652 1348 4712 είς
1368 4649 1523 4703 νόσον
1559 4666 1572 4679 ·
1611 4650 1643 4719 ἦ
1680 4650 1852 4717 εμπε-

286 4752 426 4815 σὼν,
460 4750 574 4819 ἔχει
600 4746 686 4800 ἐπ’
724 4745 973 4808 ἐξουσίας
1001 4742 1317 4797 ἐπανελθεῖν
1345 4743 1425 4803 είς
1454 4741 1553 4811 τὴν
1582 4741 1861 4810 προτέραν

287 4844 534 4911 ὑγίειαν.
600 4839 725 4891 Ἐπὶ
756 4838 811 4890 δὲ
862 4838 964 4905 τῆς
996 4834 1178 4904 ψυχῆς
1206 4833 1305 4901 οὐχ
1334 4831 1509 4894 οὕτως
1542 4847 1555 4861 °
1585 4830 1723 4885 ἀλλά
1754 4831 1863 4892 πᾶς

286 4951 378 4996 τις
431 4932 716 5000 ἄνθρωπος
746 4928 834 4980 ἐπ’
881 4927 1130 4991 ἐξουσίας
1167 4924 1304 4993 ἔχει,
1355 4923 1442 4977 ἴνα
1492 4921 1568 4991 μὴ
1618 4921 1861 4993 ἁμάρτῃ,

286 5028 433 5093 ὅπερ
495 5027 643 5076 ἐστὶν
668 5021 925 5074 ἀσθένεια
983 5018 1182 5088 ψυχῆς.
1229 5014 1519 5085 Ἀμαρτὼν
1561 5015 1620 5066 δὲ
1650 5016 1729 5075 είς
1760 5014 1858 5082 τὴν

286 5117 463 5171 αὐτοῦ
509 5116 726 5182 θέλησίν
768 5117 936 5177 ἐστιν,
989 5114 1075 5166 ἵνα
1108 5111 1200 5164 καὶ
1252 5105 1409 5172 αὖθις
1457 5108 1861 5177 ἀνακαλέσηται

288 5208 512 5271 ἑαυτὸν,
547 5208 640 5260 καὶ
672 5205 932 5275 μὴμόνον
972 5206 1049 5265 εἰς
1083 5204 1180 5271 τὴν
1208 5204 1480 5272 προτέραν
1513 5203 1724 5269 ὑγίειαν
1758 5200 1860 5267 τῆς

288 5298 476 5369 ψυχῆς
516 5296 822 5358 ἐπανέλθοι,
853 5295 988 5348 ἀλλά
1025 5294 1119 5347 καὶ
1148 5294 1325 5362 πολλῴ
1360 5293 1435 5361 τῷ
1467 5293 1649 5359 μέτρῳ
1689 5292 1865 5359 ὑπερ.

291 5391 392 5460 ὁῇ,
424 5390 519 5442 καί
543 5388 577 5456 ἢ
602 5390 699 5440 σὺν
730 5390 798 5456 τῇ
829 5384 1105 5456 μετανοίᾳ,
1142 5385 1216 5446 ὡς
1242 5383 1481 5453 εἴρηται,
1519 5385 1723 5453 ποιήσῃ
1766 5383 1861 5433 καὶ

291 5484 434 5553 ἔργα
460 5480 737 5550 ἀξιόχρεα,
760 5480 793 5548 ἢ
832 5478 973 5530 κατά
1010 5478 1279 5544 δεύτερον,
1306 5476 1333 5529 ὅ
1369 5493 1524 5543 φασι,
1552 5474 1717 5527 πλοῦν
1769 5474 1862 5543 μό-

291 5592 385 5627 νον
436 5571 713 5642 μετανοῶν
746 5570 1089 5639 εὑρίσκηται.
1136 5570 1242 5620 Καὶ
1292 5570 1320 5621 ὁ
1360 5567 1672 5635 πανάγαθος
1702 5566 1854 5630 Θεὸς,

1959 4659 2200 4724 reverti;
2260 4658 2453 4712 anima:
2474 4673 2607 4712 vero
2634 4658 2916 4728 negotium
2954 4659 3115 4729 longe
3146 4676 3305 4716 secus
3343 4663 3527 4718 habet.

1961 4749 2154 4803 Omnis
2193 4752 2338 4805 enim
2372 4750 2537 4804 homo
2570 4750 2628 4803 in
2662 4764 2759 4803 sua
2811 4758 3078 4818 potestate
3121 4752 3326 4815 habet,
3364 4768 3434 4806 ne
3474 4754 3530 4806 in

1963 4851 2251 4909 peccatum
2287 4841 2303 4908 (
2332 4840 2424 4908 qui
2454 4834 2652 4893 animae
2682 4840 2911 4894 morbus
2945 4849 3029 4894 est
3063 4842 3079 4905 )
3108 4841 3349 4905 incidat;
3403 4856 3524 4895 cum

1964 4948 2094 4993 vero
2121 4933 2450 5001 peccaverit,
2480 4930 2564 4985 sui
2595 4932 2809 4986 arbitrii
2843 4941 2952 4995 est,
2977 4941 3036 4986 ut
3070 4932 3316 5002 seipsum
3346 4934 3528 4987 denu;

1958 5033 2202 5087 revocet,
2234 5032 2403 5092 utque
2433 5038 2543 5077 non
2572 5024 2737 5077 modo
2777 5024 2845 5077 ad
2885 5024 3176 5093 pristinam
3211 5026 3410 5081 anima:
3444 5042 3529 5081 sa-

1959 5114 2185 5166 nitatem
2217 5120 2541 5177 revertatur,
2570 5111 2665 5166 sed
2691 5112 2855 5165 etiam
2886 5120 2948 5165 ut
2979 5113 3164 5167 multis
3188 5114 3364 5169 modis
3384 5115 3526 5169 hanc

1961 5213 2204 5273 superet,
2233 5213 2289 5258 et
2316 5203 2399 5257 vel
2425 5218 2523 5272 per
2540 5202 2921 5272 paenitentiam
2948 5202 3113 5257 faciat
3134 5204 3241 5260 (ide
3270 5207 3429 5276 digna
3471 5217 3528 5260 et

1966 5295 2186 5359 idonea,
2223 5294 2313 5347 vel
2348 5302 2473 5363 post
2502 5292 2834 5361 secundam,
2867 5294 3014 5363 quod
3043 5295 3269 5363 dicitur,
3296 5298 3527 5368 naviga-

1971 5386 2173 5439 tionem
2203 5384 2548 5439 solummodo
2597 5385 2978 5454 paenitentiam
3023 5401 3183 5460 agere
3218 5386 3527 5457 deprehen-

1976 5475 2147 5529 ditur.
2184 5475 2250 5529 Et
2273 5477 2417 5531 Deus
2452 5478 2933 5543 clementissimus,
2979 5480 3073 5547 qui
3100 5489 3322 5548 propter
3349 5480 3528 5555 homi-

1973 5581 2104 5620 num
2137 5568 2364 5623 salutem
2402 5569 2569 5625 coelos
2598 5569 2901 5640 inclinavit,
2930 5578 2985 5625 et
3006 5569 3341 5625 descendens
3362 5571 3526 5624 homo

368 5730 413 5762 ⁸³
437 5722 582 5786 Ιίείιι.
620 5745 783 5795 LXXII,
809 5728 843 5781 ί).
872 5729 923 5780 9.
1000 5728 1043 5761 ⁰⁰
1080 5726 1209 5782 ibid.
1252 5723 1431 5778 18-90.
1512 5725 1552 5755 θ’
1590 5721 1754 5777 Matth
1812 5740 1935 5789 xxv,
1968 5722 2075 5779 ii.
