3928 6212
508 288 622 353 ϐδἾ

1712 282 2033 345 JOANNIS
2073 282 2593 346 CANTACUZENI
3445 318 3451 325 δ
3593 295 3677 359 €88

517 400 698 453 factus
724 402 828 463 est,
862 393 1059 452 eﬂ‘udit
1088 391 1526 449 misericordiam
1554 405 1729 457 suam,
1759 406 1885 462 quae
1912 404 2088 459 major

2201 391 2217 444 5
2246 390 2336 444 διὰ
2363 408 2463 461 την
2495 389 2773 461 σωτηρίαν
2802 390 2914 445 τῶν
2943 389 3239 461 ἀνθρώπων
3265 392 3433 460 κλίνας
3471 403 3579 463 τοὺς
3613 407 3685 458 οὐ.

518 498 604 546 est
654 490 803 548 omni
859 503 1027 557 opere
1085 487 1401 557 angelorum
1455 487 1617 542 simul
1679 496 1736 542 et
1774 487 2083 549 hominum,

521 599 684 654 quam
714 582 875 636 etiam
905 580 1161 635 omnibus
1190 580 1475 650 anteponit
1528 579 1851 643 virtutibus,
1915 590 1971 632 et
2018 576 2088 630 ad

520 690 579 729 se
613 680 805 727 omnes
852 670 1106 737 advocat,
1150 671 1465 740 amicosQue
1504 684 1637 725 suos
1680 667 1985 725 constituit.
2027 665 2087 722 In

520 766 736 820 diabolo
771 774 950 819 autem
979 763 1074 816 ubi
1109 763 1468 833 poenitentia?
1523 762 1615 817 ubi
1647 761 1968 818 humilitas?
2016 774 2088 815 ex

520 857 621 911 hac
638 855 785 909 enim
806 854 1127 923 paenitentia
1159 851 1459 907 enascitur.
1491 852 1653 907 Prius
1675 852 1823 907 enim
1846 851 2088 919 seipsum

522 942 684 997 homo
717 958 818 997 ceu
849 940 1157 995 maleﬁcum
1200 940 1552 1004 condemnat,
1580 939 1781 994 deinde
1836 947 2091 1008 peccato-

520 1050 642 1088 rum
677 1049 707 1086 a
734 1048 793 1089 se
812 1033 1234 1087 commissorum
1264 1030 1792 1103 agitpaenitentiam.
1831 1029 2092 1086 Diabolus

520 1134 701 1180 autem
756 1134 967 1179 contra.
1034 1124 1178 1190 Quin
1235 1126 1421 1194 potius
1454 1130 1913 1194 amatpeecatum
1943 1122 2090 1191 quod

519 1217 761 1281 admisit,
795 1224 851 1269 ct
877 1232 977 1284 pro
1006 1215 1149 1269 virili
1176 1215 1430 1270 humanae
1468 1214 1798 1285 perditionis
1828 1213 2090 1283 propina-

522 1322 609 1366 tor
662 1319 717 1365 et
772 1310 1134 1379 cooperarius
1182 1324 1303 1364 esse
1331 1309 1571 1362 videtur.
1639 1308 1770 1373 Quae
1795 1307 1967 1375 igitur
1998 1305 2092 1359 Dei

520 1419 646 1457 cum
676 1402 896 1456 diabolo
915 1411 1002 1455 est
1025 1400 1384 1455 communio?
1412 1398 1589 1455 Stulte
1607 1399 1775 1469 igitur
1819 1397 2095 1452 Mahomet

521 1494 686 1549 etiam
720 1495 1001 1549 daemones
1033 1491 1235 1547 salvari
1270 1492 1536 1546 asseruit.

2197 481 2423 552 ρανοὺς,
2493 483 2587 535 καὶ
2648 480 2925 536 κατελθὼν
2948 524 2965 548 ,
3037 484 3131 537 καὶ
3169 488 3389 554 γεγονὼς
3432 489 3682 560 ἄνθρωπος,

2195 572 2377 643 ὲκχὲει
2407 573 2468 629 τὸ
2498 573 2647 636 ἔλεος
2670 573 2858 638 αὑτοῦ,
2882 573 3019 645 ὅπερ
3054 575 3173 629 ἐστὶ
3204 578 3373 646 μεῖζον
3397 581 3553 651 πάσης
3575 586 3686 651 πρὲ-

2198 662 2331 728 ξεως
2361 665 2608 733 ἀγγέλων
2656 683 2716 721 τε
2753 667 2846 721 καὶ
2888 667 3218 736 ἀνθρώπων,
3252 669 3342 723 καὶ
3380 672 3490 727 ἀντὶ
3535 676 3683 728 παοῶι

2194 756 2406 825 ἀρετῶν
2436 757 2595 810 τοῦτο
2635 757 2911 826 λογίζεται
2940 775 2953 791 ο
2996 762 3089 813 καὶ
3124 759 3255 831 πρὸς
3282 762 3455 814 ἑαυτὸν
3489 780 3686 833 προσκα-

2196 848 2369 903 λεῖται
2406 848 2623 915 αὐτοὺς,
2653 851 2750 905 καὶ
2779 850 2965 918 φίλους
3017 849 3182 905 αὑτοῦ
3224 850 3534 923 καθίστησιν.
3593 855 3690 907 Ἐπὶ

2195 941 2254 994 δὲ
2285 941 2378 995 τοῦ
2417 940 2665 995 διαϐόλου
2722 941 2825 996 ποῦ
2854 941 3149 1011 μετάνοιας
3195 942 3293 995 ποῦ
3325 945 3692 1015 ταπείνωσιςςὴ

2198 1032 2307 1103 γὰρ
2353 1032 2612 1103 μετάνοια
2655 1034 2722 1086 ἑκ
2771 1032 3159 1096 ταπεινώσεως
3194 1037 3417 1101 γίνεται.
3473 1036 3693 1106 Πρότερον

2197 1124 2306 1194 γὰρ
2333 1123 2738 1193 καταγινώσκει
2769 1141 2853 1187 τις
2882 1124 3073 1179 ἑαυτοῦ
3104 1126 3179 1188 ὼς
3222 1127 3399 1188 κακῶς
3426 1126 3694 1195 πράξαντος,

2196 1214 2391 1268 ἔπειτα
2444 1217 2697 1285 μετανοεῖ
2728 1214 2815 1284 ἐφ’
2882 1210 2963 1278 οἷς
3016 1216 3285 1285 ἥμαρτεν.
3327 1216 3383 1273 '0
3418 1217 3468 1270 δὲ
3494 1217 3695 1277 διάϐολος

2197 1306 2529 1361 τούναντίον.
2584 1307 2813 1378 Στέργει
2867 1308 2966 1378 μὲν
3000 1309 3100 1378 τὴν
3129 1307 3394 1378 ἁμαρτίαν
3418 1309 3477 1378 ἣν
3502 1308 3695 1379 ἥμαρτε,

2195 1398 2290 1451 καὶ
2312 1398 2370 1450 τὸ
2394 1398 2535 1453 κατά
2566 1396 2797 1469 δύναμιν
2824 1399 3084 1469 πρόξενος
3117 1402 3211 1453 καὶ
3245 1400 3488 1468 συνεργὸς
3509 1400 3590 1467 τῆς
3616 1398 3699 1450 τῶν

2198 1487 2505 1558 ἀνθρώπων
2538 1489 2817 1553 ἀπωλείας
2841 1488 3172 1561 εὑρίσκεται.
3204 1492 3298 1554 Τίς
3328 1490 3451 1558 γοῦν
3494 1489 3702 1543 κοινωνία

521 1590 641 1661 Θεῷ
701 1605 760 1641 τε
818 1587 911 1642 καὶ
991 1586 1263 1656 διαϐόλῳ;
1305 1585 1450 1656 Ἀρα
1510 1582 1755 1655 ματαίως
1828 1582 2090 1654 ἐλάλησεν
2128 1584 2182 1636 ’ὁ
2216 1583 2506 1653 εΜωάμεθ,
2564 1582 2738 1637 εἰπὼν
2791 1585 2875 1638 ὅτι
2931 1584 3187 1640 δύνανται
3261 1585 3485 1655 σωθῆναι
3537 1585 3580 1636 oi
3614 1583 3704 1635 δαί-

527 1702 706 1759 μονες.

594 1781 649 1834 5.
688 1775 859 1830 Porro
880 1773 1046 1828 etiam
1075 1772 1182 1827 hoc
1211 1771 1283 1826 de
1309 1771 1610 1825 Alcorrano
1637 1770 1908 1825 Mahomet
1934 1768 2091 1835 dicit,

2266 1777 2338 1839 γ’.
2405 1771 2577 1824 Ἐτιό
2608 1770 2770 1835 αὐτὸς
2803 1772 3047 1842 Μωάμεθ
3107 1774 3245 1843 φησὶ
3265 1772 3391 1843 περὶ
3412 1770 3498 1824 τοῦ
3527 1771 3702 1840 Κοῤῥὰν

523 1868 798 1925 neminem
831 1865 1173 1928 mortalium,
1204 1877 1305 1917 nec
1340 1863 1579 1932 seipsum
1638 1877 1860 1932 quoque
1918 1862 2093 1917 inter-

525 1959 894 2030 pretationem
932 1965 987 2012 et
1043 1970 1266 2010 sensum
1303 1954 1468 2024 hujus
1515 1955 1825 2023 percipere,
1893 1960 2094 2023 pater

524 2050 699 2103 solum
734 2048 924 2102 Deum.
965 2045 1123 2111 Quod
1152 2044 1195 2099 si
1229 2044 1333 2099 hoc
1359 2059 1550 2101 verum
1581 2053 1664 2101 est
1688 2083 1703 2109 ,
1734 2059 1983 2113 quaenam
2010 2049 2097 2097 est

523 2139 807 2194 Aleorrani
870 2135 1114 2192 utilitas?
1168 2134 1439 2189 Fortassis
1488 2135 1637 2188 enim
1699 2134 1779 2190 sic
1829 2133 2095 2206 prodesse

520 2239 760 2303 poterat,
810 2230 858 2284 si
904 2243 1026 2298 qua:
1073 2228 1244 2281 aDeo
1304 2224 1450 2281 dicta
1491 2237 1642 2293 sunt,
1702 2227 2092 2298 intelligerent.

523 2322 660 2378 Cum
688 2334 821 2375 vero
847 2319 965 2389 ipse
992 2317 1159 2371 etiam
1190 2316 1468 2371 Mahomet
1501 2324 1758 2381 testetur,
1811 2317 2093 2370 neminem

523 2411 835 2468 mortalium
868 2424 931 2465 ea
974 2422 1097 2478 quae
1128 2407 1429 2467 Alcorrano
1475 2406 1831 2461 continentur
1886 2405 2095 2460 intelli-

527 2518 680 2574 gere,
728 2515 979 2570 quamam
1036 2499 1200 2569 hujus
1261 2504 1347 2553 est
1373 2497 1615 2552 utilitas?
1663 2496 1821 2551 Nulla
1848 2511 2091 2567 prorsus.

522 2594 593 2647 Et
621 2607 871 2662 quaenam
897 2589 1295 2646 demonstratio
1327 2588 1431 2643 hac
1459 2588 1772 2642 evidentior
1793 2596 1911 2665 est,
1944 2586 2093 2657 quod

524 2686 612 2740 lex
650 2700 679 2738 a
705 2682 1016 2738 Mahomete
1046 2682 1159 2739 lata
1190 2680 1365 2735 Deum
1400 2695 1511 2735 non
1541 2680 1746 2735 habeat
1771 2678 2097 2733 auctorem?

416 2768 422 2774 ’
523 2776 668 2832 Deus
694 2775 839 2830 enim
870 2774 1017 2843 leges
1041 2787 1146 2826 non
1178 2770 1379 2826 frustra
1409 2771 1604 2826 Sancit.
1667 2771 1746 2826 En
1777 2772 1944 2838 igitur
1983 2785 2097 2824 nia-

526 2867 723 2925 niieste
755 2871 989 2929 constat,
1020 2863 1382 2919 Alcorranum
1406 2876 1435 2917 a
1460 2860 1571 2917 Deo
1596 2875 1704 2918 non
1732 2875 1875 2929 esse,
1901 2876 2093 2917 verum

528 2962 844 3031 ﬁgmentum
902 2955 1137 3010 rationis
1195 2953 1359 3027 huius
1419 2952 1882 3011 infelicissimum.
1940 2951 2097 3018 Quod

526 3053 689 3107 etiam
719 3064 786 3105 ex
822 3050 943 3118 ipso
971 3046 1274 3101 Alcorrano
1307 3053 1480 3115 patet,
1509 3059 1634 3103 eum
1658 3046 1759 3099 nec
1784 3043 1965 3099 Veteri
1995 3057 2097 3099 nec

525 3143 678 3197 Novo
711 3116 1064 3197 Tesuimento
1108 3137 1442 3201 consentiat,
1488 3136 1608 3205 ipso
1650 3129 1873 3188 interim
1904 3134 2094 3187 Μαιω-
2123 3116 2166 3174 α

527 3245 673 3289 mete
728 3230 1066 3294 conﬁtente,
1105 3228 1416 3297 Scripturas
1470 3235 1527 3281 et
1577 3236 1794 3282 sanctas
1842 3234 1899 3279 et
1925 3226 2097 3281 bonas

525 3341 678 3392 esse,
748 3336 805 3384 et
840 3323 1075 3379 asseclas
1107 3320 1281 3389 ipsius
1336 3319 1499 3389 pretii
1548 3319 1755 3374 nullius
1791 3333 1933 3380 esse,
1990 3317 2095 3373 nisi

527 3429 586 3475 et
617 3419 790 3488 legem
830 3424 885 3469 et
916 3412 1269 3481 Evangelium
1329 3410 1704 3480 impleverim.
1764 3411 1920 3488 Item,
1982 3404 2097 3478 ipse

524 3509 629 3565 sibi
676 3507 790 3561 fere
823 3520 919 3574 per
960 3507 1145 3558 omnia
1171 3501 1520 3556 contradicit.
1550 3500 1708 3565 Item,
1764 3482 2097 3553 miraculum

528 3600 741 3655 nullum
782 3596 963 3652 edidit
998 3595 1052 3648 in
1086 3594 1363 3650 dictorum
1418 3606 1645 3647 suorum
1698 3588 2101 3659 comprobatio-

524 3708 671 3751 nem.
696 3691 853 3754 Item,
889 3687 1173 3744 mendacia
1211 3685 1463 3741 continet
1523 3683 1840 3747 manifesta,
1892 3680 2039 3752 quod
2068 3696 2100 3734 a

526 3785 639 3839 Deo
664 3784 906 3841 alienum
942 3789 1048 3836 est.
1095 3778 1256 3843 item,
1280 3777 1585 3831 violentum
1619 3784 1725 3838 est,
1779 3783 1835 3828 et
1867 3774 2101 3829 liberum

528 3877 764 3935 destruit
812 3870 1133 3934 arbitrium.
1159 3867 1307 3938 quod
1348 3883 1451 3923 nec
1489 3867 1632 3922 Deus
1692 3866 1809 3934 ipse
1858 3879 2099 3934 unquam

527 3965 804 4027 subvertit
856 3964 993 4022 Tum
1016 3962 1203 4027 etiam,
1255 3960 1410 4015 nullo
1440 3959 1636 4015 ordine
1665 3958 1956 4015 confusum
1989 3966 2094 4012 est.

527 4057 684 4125 Quod
734 4067 917 4117 autem
953 4052 1148 4113 ordine
1176 4061 1370 4115 caret,
1426 4065 1457 4106 a
1493 4050 1605 4105 Deo
1658 4050 1822 4120 longe
1880 4050 2100 4118 lateque

2197 1863 2282 1917 δτι
2330 1863 2509 1926 οὐδεὶς
2550 1864 2660 1919 τῶν
2704 1864 3031 1934 ἀνθρώπων,
3076 1864 3190 1921 οὐδ’
3242 1864 3398 1927 αὐτὸς
3426 1866 3453 1916 ὁ
3510 1861 3704 1931 Maximi

2196 1953 2456 2024 γινώσκει
2493 1954 2592 2026 τὴν
2614 1954 2804 2008 τούτου
2833 1954 3120 2027 ἐξήγησιν,
3155 1956 3272 2009 ἀλλ’
3302 1957 3333 2026 ἢ
3372 1957 3517 2025 μόνος
3542 1955 3703 2015 ὁΘεός,

2194 2047 2302 2099 Καὶ
2330 2048 2379 2100 εἰ
2404 2044 2563 2099 τοῦτό
2594 2048 2744 2105 ἐστιν
2777 2046 3030 2118 ἀλὴθεια,
3062 2047 3196 2099 ποία
3250 2049 3393 2100 ἐστὶν
3419 2048 3449 2117 ἡ
3480 2046 3563 2099 τοῦ
3594 2045 3707 2114 Κορο

2197 2139 2299 2207 ῥὰν
2328 2137 2563 2206 ὠφέλεια
2592 2154 2607 2203 ;
2640 2136 2799 2201 Ἴσως
2844 2138 2954 2209 γὰρ
2990 2136 3168 2201 οὕτως
3196 2138 3423 2208 ἠδύνατο
3460 2137 3708 2205 ἀκρελῆσαι,

2196 2231 2353 2297 ειπερ
2383 2229 2680 2296 ἐγίνωσκον
2710 2230 2777 2286 τά
2802 2229 2951 2301 παρὰ
2978 2228 3073 2282 τοῦ
3104 2229 3247 2285 Θεοῦ
3278 2228 3550 2297 λεγόμενα.
3587 2226 3707 2277 Ἐπεὶ

2196 2320 2246 2373 δ’
2293 2320 2455 2383 αὐτὸς
2505 2322 2533 2372 ὁ
2565 2319 2810 2389 Μωάμεθ
2872 2320 3173 2390 μαρτυρῶν
3201 2320 3503 2389 εὑρίσκεται
3531 2319 3601 2371 ὅτι
3644 2314 3713 2366 οὐ-

2197 2413 2308 2476 δεὶς
2340 2414 2449 2469 τῶν
2478 2410 2817 2482 ἀνθρώπων,
2858 2411 3121 2476 γινώσκει
3162 2412 3232 2468 τὰ
3257 2414 3313 2464 ὲν
3340 2410 3415 2478 τῷ
3440 2409 3631 2482 Κορρὰν
3651 2407 3709 2459 λε-

2200 2508 2428 2577 γόμενα,
2480 2506 2560 2568 τίς
2612 2506 2645 2576 ἡ
2697 2503 2892 2559 τούτου
2925 2502 3210 2573 duritiem;
3255 2504 3471 2567 ῐΙάντως
3510 2499 3710 2569 οὐδεμία.

2202 2600 2307 2653 Καὶ
2354 2598 2438 2661 τίς
2484 2598 2620 2667 ἄλλη
2665 2596 2865 2667 μείζων
2899 2596 3178 2662 ἀπόδειξις
3219 2596 3302 2649 ὅτι
3335 2596 3431 2648 οὐκ
3460 2593 3586 2646 ἐστιν
3627 2588 3708 2643 ἀπὸ

2203 2687 2339 2742 Θεοῦ
2377 2691 2405 2741 ὁ
2436 2688 2587 2759 παρά
2618 2687 2711 2741 τοῦ
2762 2687 3007 2754 Μωάμεθ
3031 2687 3211 2752 δοθεὶς
3241 2688 3437 2758 νόμος;
3471 2686 3526 2739 οὐ
3551 2683 3641 2753 γὰρ
3663 2681 3712 2748 δὴ

2208 2780 2456 2855 ματαίως
2494 2779 2771 2850 νομοδοτεῖ
2813 2779 2843 2832 ὁ
2871 2778 3024 2841 Θεός.
3068 2778 3204 2833 Ἰδοὺ
3246 2779 3420 2832 τοίνυν
3461 2772 3715 2841 καταφανές

2203 2873 2322 2927 ἐστι
2349 2872 2414 2926 τὸ
2445 2870 2685 2942 Κορῤἀν,
2736 2871 2819 2923 ὅτι
2848 2869 2952 2923 οὐκ
2998 2869 3150 2939 ἐστιν
3182 2869 3290 2923 ἀπὸ
3322 2867 3473 2931 Θεοῦ,
3500 2864 3615 2918 ἀλλὰ
3647 2860 3716 2913 καὶ

2207 2961 2544 3030 ἀνάπλασμὰ
2572 2961 2687 3012 ἐστι
2713 2957 2948 3021 διανοίας
2972 2959 3141 3014 αὑτοῦ
3188 2957 3604 3028 κακοδαίμονοςᾼ
3633 2950 3716 3004 Καὶ

2204 3051 2470 3123 πρόδηλον
2497 3050 2557 3117 ἐξ
2586 3049 2755 3102 αὐτοῦ
2789 3048 2883 3103 τοῦ
2917 3051 3142 3123 Κορρὶν
3201 3053 3286 3106 ὃτι
3328 3048 3447 3103 οὔτε
3468 3050 3528 3117 τῇ
3553 3041 3718 3109 παλαιᾷ

2198 3145 2389 3216 Γραφῇ
2448 3142 2749 3212 συμφωνεῖ,
2787 3140 2913 3195 οὔτε
2971 3146 3038 3213 τῇ
3068 3144 3173 3214 νέᾳ
3220 3143 3474 3215 Διαθήκῃ,
3503 3139 3717 3200 καίτοιγε

2197 3233 2589 3304 ὁμολογοῦντος
2630 3232 2725 3289 τοῦ
2778 3233 3026 3303 Μωὸιμεθ
3062 3235 3151 3290 ὅτι
3185 3235 3340 3304 ἅγιαι
3381 3235 3468 3287 καὶ
3497 3226 3636 3285 καλαί
3660 3227 3719 3279 εἰ·

2201 3344 2285 3379 σιν
2334 3328 2393 3379 αί
2426 3326 2464 3378 Γ
2468 3327 2664 3396 ραφαὶ,
2713 3325 2807 3379 καὶ
2831 3326 2913 3381 ὅτι
2940 3324 3093 3378 οὐδέν
3149 3329 3291 3383 εἰσιν
3320 3326 3371 3380 οί
3407 3323 3597 3378 ἐκείνου
3619 3317 3720 3373 ἀκό-

2200 3417 2405 3484 λουθοι,
2434 3419 2482 3472 εί
2516 3418 2593 3488 μὴ
2636 3417 2988 3489 πληρώσαιεν
3030 3420 3122 3475 τόν
3179 3438 3241 3474 τε
3274 3420 3433 3490 νόμον
3460 3417 3544 3470 καὶ
3566 3413 3619 3468 τι
3645 3411 3723 3464 Εὑ-

2201 3509 2480 3578 αγγέλιον.
2524 3508 2672 3574 Ἔτι,
2737 3510 2926 3580 σχεδὸν
2974 3509 3153 3565 διόλου
3188 3511 3349 3573 αὐτὸς
3395 3504 3559 3575 ἑαυτῷ
3608 3505 3721 3555 ἐστιν

2202 3601 2526 3670 ἀντιλέγων.
2560 3601 2705 3666 Ἔτι,
2731 3601 2883 3657 οὐδὲν
2907 3600 3091 3671 Θαῦμα
3113 3602 3373 3671 ἐποίησεν
3401 3601 3476 3662 είς
3504 3597 3723 3649 πίστωσιν

2199 3695 2310 3747 τῶν
2341 3693 2673 3763 λεγομένων.
2700 3693 3286 3766 Ἔτι,ὁμολογούμενα
3313 3690 3479 3763 ψεύδη
3504 3686 3721 3756 περιέχειν

2200 3789 2339 3857 ὅπερ
2376 3786 2492 3839 ἐστὶ
2536 3785 2634 3839 τοῦ
2666 3784 2820 3839 Θεοῦ
2856 3786 3139 3856 ἀλλότριον
3190 3787 3392 3855 πάντη.
3445 3784 3557 3835 Ἔτι
3588 3774 3723 3849 βίαιόν

2201 3877 2343 3942 ἐστι,
2368 3876 2462 3930 καὶ
2486 3874 2751 3931 καταλύει
2771 3875 2831 3931 τὸ
2887 3875 3267 3943 αὐτεξούσιον,
3301 3877 3435 3945 ὅπερ
3461 3864 3725 3924 οὐδέποττό

2203 3972 2338 4035 θεὸς
2346 3971 2693 4042 έάνέτρεψεν.
2736 3972 2883 4035 Ἔτι,
2917 3972 3203 4035 παντελῶς
3240 3973 3389 4026 ὲστιν
3408 3961 3726 4029 ἀτακτον,κα“ι

2201 4065 2263 4118 se
2294 4065 2528 4119 ἄτακτον
2558 4064 2778 4134 μαγρὰν
2811 4064 2930 4120 ἑστι
2971 4062 3066 4117 τοῦ
3099 4063 3242 4119 Θεοῦ
3266 4078 3282 4093 ⁶
3323 4063 3385 4116 οὐ
3431 4058 3533 4129 γάρ
3566 4050 3725 4109 ἐστινὸ

529 4151 825 4217 discrepat.
852 4147 998 4203 Deus
1025 4143 1173 4198 enim
1224 4156 1569 4213 nequaquam
1592 4140 1929 4197 confusionis
1958 4139 2098 4194 Deus

2208 4154 2343 4222 Θεὸς
2379 4156 2605 4223 ἀταξίας
2633 4156 2787 4221 Θεός.
2821 4156 2942 4209 Ἔτι
2984 4158 3227 4229 πονηρὸν
3266 4155 3622 4222 ἀναφαίνεται,
3657 4142 3727 4198 καὶ

532 4250 639 4297 est.
668 4240 825 4304 lletll,
863 4235 1150 4299 manifeste
1192 4234 1395 4290 malum
1439 4248 1561 4293 csse
1588 4242 1830 4303 apparet.
1875 4231 1943 4287 Et
1973 4246 2098 4302 quo-

2206 4252 2326 4315 πῶς
2351 4251 2460 4306 ἀπὸ
2486 4250 2648 4317 Θεοῦ,
2679 4249 2774 4303 τοῦ
2800 4250 2982 4320 πάσης
3040 4252 3306 4306 ἐπέκεινα
3339 4247 3615 4314 εὐθύτητος
3652 4236 3723 4290 καὶ

530 4333 695 4388 modo
719 4347 747 4387 a
780 4332 891 4391 Deo
921 4328 1189 4398 originem
1238 4324 1488 4388 duceret,
1533 4326 1627 4394 qui
1660 4338 1878 4381 omnem
1916 4323 2098 4394 probi-

2206 4343 2547 4413 ἁπλότητοςς
2609 4344 2631 4365 '
2656 4343 2776 4407 Ετι,
2832 4340 3229 4411 πεπλασμένας
3292 4342 3389 4395 καὶ
3454 4331 3729 4407 τερατώδεις

532 4434 698 4479 tatem
723 4434 778 4477 et
810 4420 1219 4490 simplicitatem
1248 4416 1507 4477 excedit?
1556 4416 1711 4482 item,
1748 4415 2012 4475 conﬁctas
2045 4422 2098 4468 et

2209 4435 2442 4505 θεωρίας
2495 4432 2762 4503 περιέχει.
2794 4433 2903 4486 Καὶ
2952 4433 3070 4496 πῶς
3118 4434 3282 4487 τοῦτο
3327 4432 3435 4486 ἀπὸ
3481 4427 3623 4491 Θεοῦ,
3657 4419 3727 4475 τοῦ

533 4516 880 4587 prodigiosas
928 4512 1171 4574 visiones
1208 4509 1475 4569 continet.
1542 4508 1606 4563 Et
1633 4507 1910 4578 quomodo
1970 4506 2024 4561 id
2071 4523 2098 4561 a

2210 4490 2438 4596 ποιητοῦ
2491 4490 2586 4578 καί
2629 4490 2854 4592 δδτῆρος
2905 4525 3007 4592 τῆς
3053 4490 3362 4593 ἀληθείαςς
3414 4521 3484 4574 Τὸ
3527 4518 3581 4572 δὲ
3611 4490 3731 4569 ade

538 4612 651 4665 Deo
681 4614 829 4662 esset
852 4602 1104 4661 veritatis
1136 4608 1386 4657 creatore
1429 4610 1485 4657 et
1528 4600 1827 4669 largitore?
1848 4600 2098 4656 Omnium

2211 4636 2319 4671 των
2348 4616 2456 4670 τῶν
2485 4614 2670 4669 κακῶν
2700 4613 2930 4685 ἔσχατον
2955 4615 3051 4668 καὶ
3084 4616 3328 4685 πρῶτον,
3359 4618 3440 4669 ὅτι
3479 4611 3613 4681 παρά
3638 4604 3730 4659 δαίο

534 4716 662 4756 vero
704 4699 973 4755 malorum
1005 4703 1313 4753 extremum
1364 4702 1419 4747 et
1452 4691 1689 4761 primum
1729 4700 1837 4757 est,
1877 4694 2024 4760 quod
2073 4706 2103 4769 a

532 4796 645 4847 Deo
677 4791 1040 4849 Alcorranum
1075 4786 1248 4841 latum
1287 4781 1666 4843 etise‘tradant
1696 4782 1821 4851 ipsi,
1876 4783 1990 4837 Deo
2015 4796 2107 4839 ca-

533 4884 799 4939 lumniam
862 4873 1394 4944 strnentes.|Miror
1450 4888 1582 4937 sane
1628 4882 1687 4928 et
1750 4874 2101 4943 obstupeseo,

535 4975 760 5044 quinam
797 4967 1008 5029 miseri,
1028 4966 1251 5021 Christo
1291 4974 1348 5019 et
1378 4965 1628 5021 doctrina
1660 4964 1807 5019 illius
1835 4957 2105 5035 neglecta,

537 5067 902 5123 Hahometem
935 5061 1109 5119 secuti
1135 5060 1266 5115 sint.
1301 5057 1475 5128 Hujus
1492 5058 1640 5111 enim
1664 5056 1772 5122 lex,
1818 5072 1981 5127 quam
2008 5057 2106 5111 Αι-

537 5169 835 5214 eorranum
876 5160 1094 5215 vocant,
1124 5149 1229 5205 hoc
1257 5148 1402 5209 idem
1439 5148 1626 5214 tradit,
1691 5150 1838 5218 quod
1877 5150 1982 5205 hoc
2011 5164 2108 5219 per
2146 5190 2153 5199 κ

536 5248 793 5319 angelum
834 5244 997 5299 matri
1028 5242 1154 5299 Jesu
1183 5240 1570 5295 annuntiatum
1598 5240 1691 5305 sit,
1717 5248 1771 5294 et
1800 5226 1949 5308 quod
1978 5237 2105 5308 Spi-

537 5343 645 5397 ritu
679 5347 870 5395 sancto
898 5337 968 5391 sit
1023 5333 1387 5396 sanctiﬁcata,
1433 5342 1489 5391 et
1523 5333 1726 5388 virtute
1760 5332 1944 5389 divina
1974 5348 2107 5388 con-

533 5440 776 5501 ceperit,
812 5441 994 5497 neque
1054 5433 1265 5479 natura:
1294 5422 1563 5488 eilia-acia,
1628 5433 1684 5478 et
1734 5423 2015 5479 Christum
2045 5441 2113 5480 ex

502 5524 877 5579 sanctissima
922 5518 1131 5586 virgine
1177 5515 1536 5581 omniumque
1588 5517 1882 5571 mulierum
1922 5518 2113 5572 casus.

538 5616 676 5667 sima
707 5627 829 5666 esse
863 5609 1135 5681 genitum.
1161 5607 1221 5659 In
1253 5607 1431 5675 capite
1462 5609 1609 5661 enim
1642 5606 1904 5662 /Enessan
1939 5609 2105 5664 dicit:

528 5706 578 5759 Ο
618 5703 831 5757 sodales
887 5700 1034 5763 libri,
1106 5714 1159 5757 ιιι
1234 5710 1334 5764 est,
1389 5715 1421 5753 ο
1470 5699 1674 5775 Ιίιέιιρε,
1726 5704 1856 5757 nihil
1890 5704 1957 5758 de
1997 5704 2108 5760 Deo

2213 4723 2371 4776 μονος
2438 4703 2651 4774 ἐξεδόδη
2700 4704 2761 4757 τδ
2809 4703 3021 4758 τοιοῦτο
3071 4704 3333 4777 Κορβάν
3403 4703 3501 4757 κᾶν
3542 4701 3625 4755 καὶ
3663 4696 3733 4749 τὸν

2207 4796 2341 4850 Θεὸν
2394 4795 2770 4859 διαϐάλλοντες
2832 4797 3065 4865 λέγωσιν
3120 4798 3205 4850 ὅτι
3238 4796 3351 4853 ἀπὸ
3398 4793 3529 4849 Θεοῦ
3587 4789 3714 4857 ἐδόθη

2208 4888 2487 4958 Θαυμάζω
2532 4889 2642 4958 γὰρ
2692 4889 2867 4957 ἔγωγε
2930 4890 3023 4942 καὶ
3061 4890 3467 4960 ἑκπλήττομαι,
3516 4887 3622 4947 πῶς
3662 4884 3731 4935 τὸν

2212 4979 2447 5050 Χριστὸν
2478 4980 2575 5032 καὶ
2621 4978 2718 5050 τὴν
2748 4978 2916 5032 αὐτοῦ
2955 4980 3310 5035 διδασκαλίαν
3356 4981 3572 5048 ἀφέντες
3596 4975 3639 5029 oi
3660 4974 3730 5025 τάο

2214 5073 2392 5137 λανες,
2418 5070 2794 5141 ἠκολούθησαν
2840 5071 2917 5143 τῷ
2948 5072 3221 5142 Μωάμεθ.
3278 5074 3448 5135 Αὐτὸς
3492 5072 3579 5125 καὶ
3604 5066 3732 5137 γὰρὸ

2214 5162 2309 5215 τοῦ
2362 5161 2606 5231 Μωάμεθ
2680 5163 2863 5232 νόμος,
2951 5164 3195 5219 τουτέστι
3251 5164 3313 5216 τὸ
3359 5162 3586 5233 Κορῤὰν,
3629 5155 3733 5209 αὐτὸ

2213 5252 2373 5305 τοῦτό
2402 5268 2586 5322 φησιν,
2618 5250 2798 5304 ὃτι’δι’
2821 5251 3057 5320 ἀγγέλου
3093 5250 3457 5322 εὐηγγελίσθη
3503 5251 3564 5319 τῇ
3599 5240 3733 5315 μητρὶ

2211 5344 2305 5397 τοῦ
2348 5342 2544 5410 Ἰησοῦ,
2581 5343 2674 5396 καὶ
2704 5341 2793 5396 διὰ
2826 5342 3137 5414 [Ινεύματος
3176 5343 3337 5412 ἁγίου
3391 5338 3628 5412 ἡγιάσθη.
3658 5332 3732 5385 καὶ

2210 5441 2276 5508 τῇ
2315 5437 2543 5508 δυνάμει
2608 5436 2702 5491 τοῦ
2735 5440 2870 5494 θεοῦ
2933 5437 3267 5508 συνελήφθη,
3309 5436 3423 5492 ἀλλ’
3472 5434 3529 5487 οὐ
3556 5430 3733 5501 φύσεως

2210 5530 2480 5601 ἐνεργείᾳ.
2533 5531 2627 5583 καὶ
2653 5533 2717 5584 ἐκ
2768 5532 3044 5602 Παρθένου
3097 5522 3428 5600 ἁγιωτάτης,
3481 5525 3567 5580 καὶ
3620 5520 3733 5577 ὑπὲρ

2209 5625 2388 5685 πασας
2419 5621 2584 5685 ἄλλας
2616 5626 2880 5691 γυναῖκας
2908 5624 3151 5693 καθαρᾶς
3174 5619 3513 5691 γεννηθῆναι.
3544 5615 3624 5667 Ἐν
3646 5611 3732 5680 γὰρ

2208 5711 2282 5779 τίς)
2324 5711 2604 5781 κεφαλαίῳ
2629 5713 2705 5783 τῷ
2733 5712 2997 5769 Αἰνεσάν
3044 5728 3225 5783 φησιν,
3278 5706 3348 5762 Ὦ
3392 5704 3615 5775 ἑταιρεία
3649 5700 3727 5765 illi
