3928 6212
507 344 610 412 69]
734 294 741 299 0
1698 341 2022 404 JOANNIS
2062 341 2590 406 CANTACUZENI
3591 346 3678 410 σξη

508 464 595 518 ltrs
623 463 806 517 elatus
830 466 916 516 est
950 467 1005 515 et
1035 472 1319 531 arrogans,
1374 458 1627 514 similiter
1676 466 1733 513 et
1781 459 2056 514 Mahomct

2122 467 2156 523 Α
2186 460 2425 515 ἀπέθανε
2455 463 2548 515 καὶ
2581 461 2680 516 οὐκ
2717 460 2939 531 ἀνέστη.
2982 460 3172 514 Τοῖνυν
3209 460 3293 514 διὰ
3337 458 3493 513 ταῦτα
3527 460 3673 514 πάντα

504 554 639 621 Quis
668 555 814 608 enim
851 544 1160 607 Mahomete
1190 552 1362 623 major
1391 560 1495 616 est,
1528 551 1620 621 qui
1647 552 1801 606 caelis
1834 566 2055 620 supera-

2178 553 2268 606 τὸν
2314 553 2551 621 Χριστὸν
2592 553 2697 606 ἔδει
2744 553 3093 622 προσκυνεῖν,
3143 551 3231 604 καὶ
3269 549 3337 620 μὴ
3367 549 3438 616 τῷ
3467 550 3669 618 Μωάμεθ

507 649 598 708 tis,
629 653 689 698 ut
719 642 835 712 ipse
864 641 930 697 de
958 640 1208 711 se,dixit,
1257 652 1312 696 et
1346 642 1602 696 omnibus
1663 639 1927 709 angelicis
1975 655 2045 709 po

2177 644 2511 699 ἀκολουθεῖν.
2547 645 2667 706 Πῶς
2698 643 2807 712 γὰρ
2840 642 2948 695 ἔδει
2978 641 3323 710 πιστευθῆναι
3353 639 3415 693 τά
3440 638 3522 692 τοῦ
3566 639 3676 692 Θεοῦ

504 736 819 801 testatibus,
852 750 985 789 cum
1010 733 1119 790 Deo
1142 734 1447 790 collocutus
1476 742 1585 795 est,
1622 743 1679 787 et
1739 732 2055 787 intercessm

2178 735 2334 801 λόγια
2392 733 2666 805 ἀνθρώπῳ
2723 732 2894 805 ὁμοίῳ
2953 734 3097 785 κατὰ
3153 733 3321 788 πάντα
3347 730 3417 799 τῷ
3463 730 3672 798 δαίμονι;

503 836 886 896 patronusque
916 826 1256 897 angelorum,
1314 824 1406 894 qui
1454 824 1797 891 ceciderunt,
1868 823 2048 877 factus

2177 827 2282 879 Kal
2315 826 2361 879 εί
2387 825 2587 895 βούλει,
2622 825 3053 895 παραϐάλλωμεν
3077 823 3436 893 ἀμφοτέρους,
3470 823 3549 874 καὶ
3572 838 3681 888 γνω-

504 919 638 986 quin
669 917 836 971 etiam
874 919 1041 971 tetius
1074 915 1265 970 mundi
1294 914 1632 996 advocatus?
1671 912 1934 969 Diabolus
1968 913 2055 967 Ιιοε

2179 917 2381 987 σόμεοα
2433 920 2501 969 τὰ
2533 916 2740 969 τούτων
2789 915 3075 986 ἰδιώματα.
3118 914 3178 967 '0
3207 912 3437 975 διάϐολος
3480 912 3680 981 tmpus-

504 1010 705 1065 micida
736 1018 841 1071 est,
875 1017 927 1063 et
947 1007 1219 1063 Mahomet
1238 1006 1455 1078 legibus
1483 1007 1599 1062 suis
1629 1005 2055 1075 nonmorigeros

2177 1027 2265 1069 νος
2290 1011 2382 1062 καὶ
2423 1008 2661 1073 ἀλαζὼν,
2697 1010 2724 1062 6
2766 1007 3065 1078 Μαχούμετ
3114 1005 3411 1076 ἐπηρμένος
3470 1004 3553 1056 καὶ
3582 1003 3683 1055 ἁλσ-

504 1101 669 1155 morti
697 1099 1053 1169 adiudicavit.
1093 1100 1354 1154 Diabolus
1383 1099 1642 1154 seductor
1670 1104 1776 1163 est,
1803 1107 1857 1150 et
1887 1096 2055 1149 illabo-

2203 1100 2309 1157 ζών.
2344 1099 2448 1163 Τίς·
2484 1101 2592 1170 γὰρ
2634 1100 2835 1170 μείζων
2864 1099 2957 1152 τοῦ
3004 1098 3269 1167 Μωάμεθ,
3300 1098 3355 1159 ὃς
3385 1094 3682 1166 ὕπερπναϐὰς
3748 1104 3754 1111 ·

505 1202 616 1246 met
645 1191 1021 1261 voluptatibus
1053 1191 1334 1245 concessis
1364 1198 1419 1244 et
1446 1205 1544 1244 ceu
1576 1204 1701 1244 esca
1727 1188 1887 1241 hamo
1912 1185 2056 1241 aliixa

2175 1194 2300 1255 τοὺς
2344 1192 2623 1261 οὐρανοὺς,
2681 1191 2755 1255 ὼς
2803 1190 2965 1253 αὐτὸς
3019 1190 3159 1258 ὑπὲρ
3190 1187 3349 1242 αὐτοῦ
3397 1187 3585 1256 εἴρηκε,
3610 1186 3684 1239 καὶ

507 1283 793 1337 stultiores
827 1282 931 1337 sibi
964 1282 1303 1336 conciliavit.
1356 1280 1619 1334 Diabolus
1680 1278 1913 1333 mendax
1960 1284 2058 1340 est,

2175 1284 2340 1347 αὐτάς
2368 1285 2465 1346 τὰς
2493 1283 2787 1352 ἁγγελικάς
2821 1284 3002 1346 πάσας
3035 1282 3289 1350 δυνάμεις
3316 1279 3390 1350 τῷ
3404 1278 3511 1346 Θεῷ
3540 1280 3681 1347 πρόσ-

508 1384 615 1423 aon
644 1378 828 1423 tamen
858 1368 912 1422 in
941 1378 1152 1424 tantum
1194 1379 1458 1439 quantum
1494 1369 1767 1422 Mahomet
1792 1406 1806 1430 ,
1871 1375 1932 1420 ut
1974 1380 2059 1434 pet

2175 1374 2390 1446 ωμίλει,
2421 1376 2514 1429 καὶ
2549 1378 2776 1444 μεσίτης
2804 1376 2912 1428 τῶν
2947 1373 3282 1428 ἐπταικότων
3321 1370 3546 1439 ἀγγέλων
3593 1370 3687 1436 ἐγέ-

512 1471 684 1516 totum
718 1463 1076 1517 Alcorranum
1107 1462 1256 1517 clare
1289 1460 1621 1517 ostenditur.
1648 1459 1907 1514 Diabolus
1937 1472 2063 1527 sup-

2176 1484 2318 1532 νετο,
2372 1466 2510 1520 ἀλλὰ
2564 1467 2658 1520 καὶ
2708 1466 2911 1528 παντὸς
2969 1466 3065 1518 τοῦ
3128 1464 3331 1534 κόσμου
3376 1462 3686 1533 προστάτης;

505 1554 759 1623 putridus
798 1564 902 1621 est,
934 1563 989 1609 et
1011 1554 1333 1626 hypocrita;
1365 1560 1417 1607 et
1437 1552 1562 1621 quis
1584 1552 1688 1607 hoc
1714 1552 1885 1620 magis
1904 1564 2056 1619 quam

2189 1558 2247 1611 '0
2280 1558 2524 1620 διάϐολος
2571 1556 3024 1627 ἀνθρωποκτόνος
3082 1555 3222 1617 ἐστὶ,
3272 1553 3361 1607 καὶ
3402 1555 3427 1605 6
3481 1549 3687 1618 Μωάμεθ

503 1645 803 1711 Mahomet,
846 1647 940 1714 qui
983 1646 1293 1700 humilitate
1336 1644 1593 1699 simulata
1622 1642 1792 1697 animi
1820 1640 2054 1696 sublimi-

2173 1651 2299 1711 τοὺς
2339 1649 2413 1719 μὴ
2441 1650 2796 1718 πειθομένους
2831 1651 2943 1711 τοῖς
2989 1647 3258 1717 δόγμασιν
3301 1643 3459 1698 αὑτοῦ
3511 1642 3687 1708 θανάτῳ

504 1743 671 1789 tatem
701 1734 983 1803 amplexus
1017 1735 1136 1789 est?
1179 1734 1439 1789 Diabolus
1459 1734 1756 1789 vetitorum
1786 1730 2055 1786 consulto:

2176 1741 2551 1795 κατεδίκασεν.
2598 1741 2655 1793 Ὀ
2670 1739 2913 1803 διάϐολος
2942 1737 3204 1793 ἀπατεὼν
3232 1739 3365 1801 ἐστι,
3396 1735 3486 1787 καὶ
3507 1735 3531 1785 6
3556 1731 3690 1788 Μωά-

501 1835 606 1890 est,
633 1826 778 1895 quod
803 1825 857 1879 in
882 1826 1072 1895 primis
1094 1825 1225 1879 facit
1242 1826 1551 1891 Mahomet;
1580 1823 1714 1878 nihil
1754 1822 1900 1877 enim
1923 1821 2052 1875 sani.

2137 1831 2279 1905 εμεθ
2336 1832 2435 1893 τὰς
2472 1830 2665 1901 ἡδονάς
2717 1829 2921 1894 ἐνδοὺς,
2971 1829 3067 1882 καὶ
3119 1829 3311 1897 ὥσπερ
3350 1843 3400 1878 τι
3448 1824 3612 1892 δέλεαρ
3644 1822 3688 1872 ἓν

502 1917 639 1970 nihil
668 1916 965 1983 commodi,
1000 1918 1141 1971 nihil
1162 1919 1274 1973 Deo
1300 1917 1543 1987 placens,
1606 1915 1699 1970 sed
1729 1914 1912 1968 omnia
1956 1915 2053 1967 Dec

2174 1924 2453 1994 ἀγκίστρῳ
2493 1922 2667 1985 ἐνθεὶς
2694 1961 2709 1985 ,
2745 1922 2872 1982 τοὺς
2901 1922 3162 1992 ἀνοήτους
3199 1918 3333 1990 πρὸς
3368 1915 3543 1970 ἑαυτὸν
3564 1910 3692 1982 ἐφελ-

501 2006 719 2075 legique
741 2006 938 2061 divinae
960 2009 1239 2063 contraria
1263 2009 1473 2065 docuit.
1507 2008 1768 2079 Diabolus
1793 2006 1884 2060 Dei
1914 2004 2052 2058 nulla

2173 2014 2399 2067 κύσατο.
2459 2013 2517 2067 Ὀ
2574 2012 2818 2075 διάϐολος
2877 2011 3122 2096 ψεέστης
3169 2010 3338 2074 ἐστὶν,
3382 2007 3490 2062 ἀλλ’
3525 2006 3578 2059 οὗ
3623 2019 3691 2056 το-

501 2097 765 2166 religione
799 2106 1047 2165 tenetur;
1082 2107 1136 2153 et
1166 2114 1265 2168 per
1293 2099 1473 2154 omnia
1509 2098 1587 2152 illi
1643 2097 1844 2152 similis
1875 2097 2052 2168 perdi-

2176 2107 2361 2159 σοῦτον
2417 2106 2492 2168 ὡς
2535 2108 2562 2158 ό
2594 2105 2859 2172 Μωάμεθ,
2912 2093 3096 2164 καθὼς
3136 2104 3197 2156 ὲν
3237 2101 3342 2170 ὅλῳ
3393 2097 3467 2167 τῷ
3507 2093 3692 2166 Κορῤὰν

508 2190 673 2243 tionis
706 2189 851 2242 (ilius
876 2188 1170 2243 Mahouiet.
1229 2188 1397 2243 Deum
1427 2188 1577 2243 enim
1618 2188 1811 2242 adorat
1841 2197 1897 2241 et
1922 2202 2059 2256 prae-

2171 2184 2382 2267 τρσῖνῶς
2414 2193 2791 2263 ἀναφαίνεται.
2841 2193 2899 2246 ’0
2936 2191 3185 2254 διάϐολος
3226 2187 3448 2250 ὖπουλός
3476 2180 3690 2246 ἔστι,καὶ

503 2279 652 2334 dicat
694 2278 1044 2349 sphaericum,
1081 2279 1166 2333 vel
1194 2279 1506 2349 globosum,
1539 2287 1594 2332 et
1624 2277 2054 2348 frigidissimum.

2170 2288 2256 2349 τίς
2303 2286 2460 2346 ἄλλος
2511 2285 2585 2348 ὡς
2626 2280 2951 2352 όΜωάμεθ,
3001 2281 3340 2335 ταπείνωσιν
3397 2270 3692 2344 ὁποκριθεὶς,

504 2373 701 2432 Deum,
733 2371 980 2440 inquam,
1027 2370 1257 2436 adorat,
1310 2371 1405 2439 qui
1456 2385 1559 2424 nec
1588 2369 1804 2439 genitus
1832 2376 1934 2430 est,
1964 2382 2055 2421 nec

2170 2374 2270 2444 τὴν
2320 2371 2767 2443 ὑψηλοφροσύνην
2798 2370 3121 2441 ἠσπάσατος
3189 2369 3247 2422 ’0
3306 2363 3537 2425 διάϐολος
3586 2357 3695 2426 σύμ-

500 2468 769 2531 generat;
819 2474 929 2514 non
988 2459 1317 2528 intelligens,
1368 2458 1578 2524 infelix,
1642 2457 1790 2527 quod
1841 2470 2051 2526 corpus,

2173 2465 2359 2527 ϐουλός
2390 2466 2506 2517 ἐστι
2540 2462 2646 2516 τῶν
2671 2461 3165 2531 ἀπηγορευμένων,
3187 2458 3282 2512 καὶ
3299 2456 3433 2526 ὑπὲρ
3473 2454 3650 2511 πάντας
3672 2448 3693 2499 6

502 2567 611 2605 non
650 2551 821 2605 Deum
852 2550 1066 2604 adoret.
1103 2549 1329 2619 Sphaara
1368 2550 1516 2605 enim
1549 2548 1796 2617 corporis
1826 2548 2053 2617 species,

2172 2554 2445 2625 Μωάμεθ.
2465 2553 2629 2607 Οὐδὲν
2646 2553 2754 2621 γὰρ
2779 2551 2947 2620 ὑγιὲς,
2971 2551 3121 2603 οὐδὲν
3138 2549 3432 2617 ὠφέλιμον,
3449 2543 3583 2597 οὐδὲν
3598 2538 3693 2607 Θεῷ

500 2653 555 2697 et
580 2642 1132 2712 {rigiditas-conporis
1155 2642 1391 2711 qualitas
1416 2650 1518 2697 est.
1549 2641 1704 2707 Quod
1737 2654 1868 2694 vero
1892 2640 2051 2693 Deum

2169 2648 2375 2712 δεκτὸν,
2408 2644 2542 2698 ἀλλὰ
2563 2644 2630 2697 τά
2664 2643 2838 2696 πάντα
2870 2641 3009 2693 uati:
3040 2639 3137 2693 τοῦ
3174 2637 3311 2693 Θεοῦ
3340 2636 3430 2691 καί
3461 2633 3545 2687 τοῦ
3574 2630 3693 2684 θείου

501 2745 660 2790 τουσι
690 2750 791 2790 nec
824 2745 1197 2806 generantem,
1229 2750 1328 2790 nec
1356 2741 1699 2804 generatum,
1735 2747 1834 2785 nec
1861 2744 2052 2799 corpus

2170 2738 2338 2808 νόμου
2370 2735 2630 2802 ἐδίδαξεν.
2673 2734 2735 2788 Ὀ
2766 2732 3014 2794 διάϐολος
3037 2730 3223 2797 ᾰοεος,
3263 2730 3357 2782 καὶ
3390 2726 3522 2781 κατὰ
3547 2723 3692 2777 πάντα

489 2827 712 2893 adorat,
746 2840 851 2881 nec
872 2826 1043 2880 Deum
1072 2827 1454 2893 incorporeum
1518 2834 1730 2881 verum,
1768 2820 1861 2874 sed
1888 2819 2040 2873 Deun

2167 2830 2354 2899 ὅμοιος
2386 2826 2534 2896 αὑτῷ
2559 2828 2587 2879 ό
2621 2824 2717 2895 τῆς
2742 2823 3015 2883 ἀπωλείας
3048 2822 3170 2884 υἱὸς
3199 2824 3226 2875 ό
3260 2817 3563 2890 Μαχούμετ.
3586 2811 3692 2865 Θεὸν

500 2917 651 2980 colit,
699 2932 858 2986 quem
896 2915 1188 2986 impiorum
1220 2913 1426 2984 ﬁngunt
1468 2911 1700 2967 somnia.
1746 2909 2051 2966 Ridiculum

2167 2921 2274 2990 γάρ
2299 2920 2595 2989 προσκυνεῖ
2627 2917 2723 2969 καὶ
2758 2914 3021 2985 κηρύττει
3052 2912 3380 2983 όλόσιραιρον
3413 2908 3501 2962 καὶ
3530 2903 3698 2975 ψυχρό-

498 3008 661 3062 cnim
680 3008 904 3062 omnino
933 3017 1038 3074 est,
1067 3006 1236 3062 solem
1261 3006 1497 3073 aliquem
1534 3004 1813 3060 celebrare
1846 3001 2049 3059 lumine

2168 3026 2344 3074 τατον,
2402 3011 2533 3063 Θεὸν
2568 3009 2883 3079 προσκυνεῖ,
2931 3006 3020 3058 τὸν
3064 3005 3207 3075 μήτε
3253 3001 3585 3072 γεννηθέντα,
3608 2994 3692 3065 μή·

498 3109 802 3166 carentem,
828 3108 883 3153 et
909 3098 1114 3153 fontem
1150 3098 1308 3167 aquis
1334 3096 1677 3162 destitutum,
1730 3102 1786 3150 et
1819 3100 2049 3149 mentem

2165 3120 2223 3155 τε
2245 3102 2598 3173 γεννήσαντα.
2631 3100 2705 3172 μὴ
2733 3100 2927 3169 νοήσας
2946 3101 2973 3151 6
2997 3095 3233 3161 δείλαιος
3271 3098 3350 3149 ὅτι
3385 3094 3531 3163 σῶμα
3550 3102 3695 3158 προσ-

498 3193 715 3248 ratione
744 3192 892 3245 nulla
916 3190 1229 3261 prmditam.
1256 3188 1448 3244 Pereat
1486 3188 1666 3256 itaque
1700 3187 1844 3242 Deus
1869 3186 2049 3256 hujus-

2163 3197 2331 3258 κυνεῖ,
2385 3194 2476 3248 καὶ
2508 3194 2569 3247 οὒ
2617 3194 2767 3246 Θεόν.
2832 3192 2896 3244 ἸΙ
2940 3191 3047 3260 γὰρ
3080 3193 3293 3261 σφαῖρα
3347 3183 3477 3248 εἶδος
3542 3179 3695 3248 θῶμεν

496 3283 668 3338 modi.
699 3282 1139 3337 Christianorum
1164 3296 1295 3336 vero
1322 3281 1466 3335 Deus
1496 3294 1643 3334 unus
1670 3287 1775 3343 est,
1806 3278 1900 3347 qui
1930 3286 2047 3333 ante

2163 3287 2254 3350 τός
2285 3288 2448 3351 ἐστιν
2484 3283 2581 3338 καὶ
2613 3285 2644 3353 ή
2672 3283 2834 3353 ψύξις
2877 3282 3100 3351 ποιότης
3131 3276 3499 3350 amita-£0916
3519 3273 3568 3325 δὲ
3590 3267 3697 3322 Θεὸν

496 3374 681 3427 ornnia
711 3376 776 3428 de
809 3374 1086 3437 omnibus,
1121 3374 1174 3428 in
1225 3373 1504 3437 omnibus,
1565 3381 1620 3425 et
1676 3384 1842 3438 super
1872 3368 2047 3422 omnia

2160 3378 2253 3431 τὸν
2304 3378 2440 3448 μήτε
2469 3376 2804 3447 γεννήσαντα
2834 3375 2971 3445 μήτε
3041 3373 3376 3443 γεννηθέντα
3423 3364 3537 3420 οὔτε
3567 3362 3697 3429 σῶμα

496 3474 581 3520 est
616 3465 921 3519 in-nomine
956 3464 1154 3530 Patris,
1186 3464 1307 3518 Filii
1339 3473 1395 3518 et
1421 3461 1659 3532 Spiritus
1715 3460 1889 3516 sancti
1938 3475 2047 3514 cre-

2165 3466 2650 3537 προσκυνεῖ,ὀῠτε
2682 3466 2816 3520 Θεὸν
2871 3466 3169 3536 ἀσώματον
3226 3465 3323 3517 καὶ
3373 3457 3557 3528 ἀληθῆ.
3590 3450 3699 3505 ἀλλᾶ

498 3550 650 3611 ditus
678 3567 742 3611 et.
763 3558 1089 3631 honoratus,
1126 3556 1316 3611 Uuitas
1343 3556 1399 3609 iu
1424 3554 1712 3618 Trinitate,
1747 3561 1802 3607 et
1824 3550 2049 3605 Trinitas

2163 3559 2293 3612 Θεὸν
2343 3559 2661 3628 προσκυνεῖ,
2688 3556 2791 3627 ξ’ὃν
2826 3558 3029 3627 ὄνειροι
3077 3556 3194 3608 τῶν
3232 3552 3442 3608 ἀσεϐῶν
3476 3543 3699 3602 διαπλάτ-

498 3654 553 3705 in
586 3653 801 3709 Unitate
826 3652 1110 3706 incunl‘use
1133 3651 1305 3713 unita,
1328 3659 1383 3704 et
1408 3649 1754 3718 inseparatim
1782 3648 2049 3713 distincta,

2163 3667 2333 3703 τουσι.
2360 3649 2573 3702 Γελοῖον
2612 3649 2720 3719 γὰρ
2765 3649 2981 3711 πάντως
3016 3648 3136 3700 ἐστὶ
3166 3646 3410 3712 δοξάζειν
3436 3644 3545 3697 τινὰ
3577 3638 3698 3709 ἥλιον

499 3745 716 3811 eadem,
777 3746 1022 3813 inquam,
1076 3744 1272 3797 Unitas
1302 3750 1357 3795 et
1395 3741 1636 3796 Trinitas
1680 3739 2050 3809 omnipotens;

2168 3744 2242 3812 μὴ
2282 3741 2471 3812 ἔχοντα
2503 3741 2637 3809 φῶς,
2670 3742 2764 3795 καὶ
2803 3741 2983 3811 πηγὴν
3042 3740 3177 3794 ἄνευ
3239 3741 3452 3803 ὕδατος,
3492 3736 3573 3789 καὶ
3596 3728 3698 3785 νοῦν

498 3838 660 3891 Pater
687 3836 958 3905 principio
998 3850 1215 3899 carens,
1256 3848 1365 3887 non
1407 3832 1570 3891 modo
1622 3842 1863 3900 tempore
1898 3830 2049 3884 incir-

2166 3833 2322 3902 λόγον
2356 3833 2432 3904 μὴ
2461 3832 2670 3903 ἔχοντα,
2720 3833 2794 3895 ὡς
2823 3834 3077 3886 ἀπόλοιτο
3106 3835 3135 3885 6
3163 3850 3311 3886 τοιου
3324 3847 3412 3892 τος
3460 3827 3597 3888 Θεός.
3651 3820 3699 3872 ’0

502 3928 890 3994 ettmscriptus,
946 3925 1038 3979 sed
1073 3925 1219 3979 omni
1256 3924 1418 3978 modo
1445 3922 1609 3977 etiam
1635 3937 1797 3975 causa
1825 3936 2018 3975 carens
2044 3936 2053 3972 :

2164 3923 2220 3976 δὲ
2273 3926 2402 3995 παρ’
2434 3925 2589 3995 ἡμῶν
2623 3924 2735 3976 τῶν
2796 3925 3141 3994 Χριστιανῶν
3205 3923 3339 3986 Θεὸς
3393 3918 3470 3984 εἷς
3503 3920 3647 3978 ἐστιν,
3675 3909 3700 3960 ὁ

498 4020 660 4073 solus
682 4018 796 4086 ipse
826 4031 1010 4079 causa,
1032 4015 1205 4079 radix,
1242 4023 1297 4069 et
1328 4014 1449 4070 fons
1481 4013 1810 4073 Divinitatis.
1859 4028 1979 4082 qum
2005 4013 2049 4066 in

2164 4017 2271 4086 πρὸ
2332 4018 2572 4081 πάντων,
2634 4016 2731 4070 καὶ
2792 4018 2885 4069 ἐπὶ
2918 4016 3162 4081 πάντων,
3224 4018 3319 4068 καὶ
3365 4014 3423 4066 ἐν
3455 4012 3594 4070 πᾶσι,
3626 4006 3698 4057 καὶ

498 4111 636 4164 Filio
664 4118 719 4163 et
743 4107 947 4176 Spiritu
979 4108 1166 4161 sancto
1202 4107 1448 4162 cernitur
1480 4125 1492 4161 :
1520 4106 1634 4176 qui,
1671 4120 1888 4176 precor,
1935 4122 2049 4176 pro-

2164 4109 2305 4180 ὑπὲρ
2345 4109 2405 4162 τὸ
2441 4111 2567 4172 πᾶν,
2597 4109 2657 4162 ὲν
2703 4110 2877 4179 Πατρὶ
2930 4110 3024 4162 καὶ
3076 4109 3194 4177 Υίῷ
3243 4108 3339 4161 καὶ
3387 4106 3520 4173 ἁγίῳ
3555 4094 3696 4153 Πνεῦ-

502 4201 672 4268 pitius
698 4198 973 4262 nobis-sit,
1010 4207 1062 4253 ct
1112 4198 1368 4253 omnibus
1394 4198 1725 4254 Christianis
1764 4198 1817 4253 in
1855 4198 1942 4253 die
1972 4198 2053 4263 ju-

2167 4219 2297 4271 ματι
2339 4202 2729 4271 πιστευόμενός
2779 4219 2838 4254 τε
2870 4201 2964 4255 καὶ
2997 4199 3500 4269 προσκυνούμενος,
3561 4188 3700 4259 μονὰς

500 4290 651 4351 dicii,
683 4290 1081 4344 intercessione
1106 4290 1410 4346 benedicta:
1434 4290 1670 4345 domina:
1706 4299 1905 4345 nostra:
1935 4288 2051 4342 Dei-

2163 4294 2222 4347 ὲν
2245 4294 2458 4364 Τριάδι,
2487 4295 2578 4347 καὶ
2599 4294 2767 4363 Τριὰς
2794 4295 2851 4346 ἐν
2872 4292 3079 4363 μονάδι,
3102 4291 3428 4362 ἀσυγχύτως
3447 4281 3699 4353 ἑνουμένην

498 4398 644 4450 para:
695 4391 753 4437 et
784 4381 1011 4452 virginis
1062 4383 1262 4450 Mariae,
1315 4385 1671 4454 omniumque
1718 4392 2049 4438 sanctorum.

2164 4384 2259 4437 καὶ
2313 4384 2624 4455 ἀμερίστως
2665 4384 3038 4455 διαιρουμένη.
3105 4384 3295 4446 Μονὰς
3348 4384 3380 4449 ἡ
3437 4376 3583 4443 αὑτὴ,
3625 4370 3702 4422 καὶ

496 4476 694 4527 Αιιιθηο
2163 4477 2333 4545 Τριὰς
2370 4476 2798 4545 παντοδύνσμος.
2846 4474 3033 4545 Πατὴρ
3062 4475 3329 4546 ἄναρχος,
3379 4473 3439 4524 οὐ
3468 4469 3613 4539 μόνον
3637 4460 3699 4518 ὡς

434 4608 445 4625 λ,
480 4565 747 4632 ἅχρονος,
772 4564 908 4619 ἀλλὰ
935 4570 1027 4618 καὶ
1066 4564 1142 4628 ὡς
1171 4563 1310 4617 κατᾶ
1344 4565 1520 4618 πάντα
1582 4563 1781 4633 τρόπον
1814 4563 2073 4628 ἀναίτιος.
2114 4565 2290 4627 Μόνος
2353 4565 2523 4629 αἰτία,
2552 4565 2646 4617 καὶ
2686 4565 2835 4633 ῥίζα,
2887 4565 2982 4617 καὶ
3026 4566 3179 4634 πηγὴ
3229 4565 3328 4631 τῆς
3390 4564 3446 4614 ἐν
3473 4557 3579 4625 Υίῷ
3626 4551 3702 4604 καὶ

498 4656 638 4725 ἁγίῳ
702 4657 981 4728 ῐΙνεύματι
1037 4657 1415 4729 Θεωρουμένης
1470 4658 1765 4727 Θεότητος,
1808 4658 1866 4721 ὃς
1913 4659 2069 4722 ἵλεως
2106 4660 2318 4727 γένοιτο
2373 4660 2507 4729 ἡμῖν
2562 4660 2656 4713 καὶ
2722 4661 2859 4713 πᾶσι
2912 4660 3264 4730 Χριστιανοϊς
3311 4659 3369 4709 ἐν
3432 4656 3495 4725 τῇ
3545 4647 3701 4721 ἡμέρὲ

495 4751 597 4816 τῆς
663 4751 918 4820 γρίσεως,
969 4752 1288 4821 πρεσϐείαις
1333 4749 1433 4820 τῆς
1490 4750 2003 4821 ὑπερευλογημένης
2070 4751 2356 4821 δεσποίηνς
2417 4751 2576 4821 ἡμῶν
2624 4750 2874 4806 οεοτόκου
2950 4754 3043 4807 καὶ
3100 4750 3463 4819 άειπαρθένου
3506 4736 3735 4813 Μαρίας’

496 4850 595 4903 καὶ
637 4851 860 4902 πάντων
897 4846 1003 4901 τῶν
1039 4848 1232 4927 ἁγίων.
1300 4846 1503 4917 Ἀμήν-
1554 4912 1557 4917 η
1844 4860 1855 4865 '
