3928 6212
435 317 542 382 699

1609 320 1934 386 ῙΟΑΝΝΙΞ
1971 320 2496 384 CANTACUZENI

3536 329 3628 392 7ξο

448 433 674 488 Ἰουνίου
710 433 807 506 τῆς
839 435 1035 506 ἐνάτης
1059 434 1390 499 ίνδικτιῶνος
1405 432 1500 489 τοῦ
1532 435 1999 506 ἐξακισχιλιοστοῢ

2172 435 2358 491 Altera
2387 451 2624 507 sequens
2653 443 2738 493 est
2767 453 2783 490 :

433 524 857 580 ὀκτακοσιοστοῦ
882 525 1320 597 τεσσαρακοστοῢ
1373 527 1562 580 ἐνάτου
1595 528 1770 591 ἔτους.
1817 527 1877 583 '0
1933 528 1998 598 δὴ

434 617 704 688 Βαρλαὰμ
745 615 964 688 εὕρημα
1027 617 1120 670 τὸν
1159 616 1257 672 τοῦ
1311 617 1579 688 βασιλέως
1628 620 2000 692 ποιησάμενος

437 707 690 772 θάνατον,
725 707 823 778 τὴν
855 707 1134 762 πολιτείαν
1163 710 1531 781 περιενόστει,
1561 711 1853 783 ἀνθρώπιά
1876 728 1998 766 τινα

433 794 671 865 δύστηνα
703 798 1268 867 προσεταιρισάμενος
1289 817 1300 831 ·
1332 801 1402 853 τά
1439 802 1538 870 μὲν
1588 805 1698 856 τῶν
1762 803 2000 875 Ἦσυχα-

435 885 580 943 στῶν
610 885 892 957 καθαιρῶν
925 889 1110 960 ἁπάσῃ
1165 890 1411 962 δυνάμει,
1443 893 1544 962 τῆς
1573 894 1620 948 δ’
1651 896 1865 957 οἰκείας
1903 913 2000 966 μεσ-

432 974 724 1046 λαγχολίας
754 977 850 1032 καί
880 979 1185 1050 ἐμπληξίας
1220 983 1581 1053 ἀναπιμπλὰς
1617 987 1834 1042 ᾶπαντα
1889 990 2002 1059 χεί-

435 1083 544 1132 ρων
578 1068 785 1124 ἐαυτοῦ
821 1071 1170 1143 καθεκάστην
1197 1075 1294 1127 καὶ
1349 1066 1654 1147 βαρύτερος
1679 1079 1799 1142 ταῖς
1853 1081 2000 1135 κατά

351 1209 354 1214 ,
429 1156 530 1223 τῆς
567 1158 790 1212 συνόδου
828 1162 921 1214 καὶ
975 1163 1084 1215 τῶν
1119 1165 1372 1234 μοναχῶν
1404 1168 1684 1235 γινόμενος
1713 1169 1904 1241 ὕϐρεσι
1939 1189 1998 1226 τε

431 1247 530 1302 καὶ
561 1247 931 1320 βλασφημίαις
952 1291 965 1305 .
1027 1256 1342 1326 Προσκορὴς
1383 1257 1440 1311 δὲ
1472 1263 1718 1326 γεγονὼς
1741 1263 1851 1344 τῷν
1883 1281 2006 1325 τοι-

433 1340 629 1403 ούτων,
664 1342 766 1410 τῆς
795 1344 1210 1400 Κωνσταντίνου
1241 1348 1567 1415 ἀπαναστὰς
1615 1340 1810 1424 ᾤχετο.
1851 1355 1917 1410 'H
1941 1355 1999 1410 δέ

436 1447 503 1498 γε
557 1431 679 1485 θεία
709 1431 926 1494 σύνοδος
955 1436 1090 1503 ὁμοῦ
1118 1435 1197 1506 τῷ
1243 1437 1344 1506 τῆς
1388 1439 1718 1512 Ἐκκλησίας
1762 1445 2004 1516 καθηγε-

435 1518 559 1586 μόνι
595 1519 818 1591 Ἰωάννῃ
856 1523 932 1591 τῷ
966 1523 1109 1579 οὕτω
1147 1544 1263 1590 πως
1298 1529 1716 1603 ἑπικεκλημένῳ
1750 1536 1996 1609 Καλέκᾳ,

430 1609 646 1678 αἵρεσιν
704 1612 1203 1687 καταψηφισαμένη
1261 1619 1357 1672 τοῦ
1422 1619 1687 1693 Βαρλαάμ
1745 1629 1841 1680 καὶ
1896 1631 1998 1700 τῆς

2181 525 2244 578 '0
2267 527 2526 592 ταπεινὸς
2554 527 2957 599 μητροπολίτης
2982 525 3224 591 Κυζίκου
3247 527 3523 600 ὕπέρτιμος
3543 535 3624 586 καὶ

2100 613 2326 686 ἔξαρχος
2356 617 2539 686 πάσης
2567 618 2964 689 Ἑλλησπόντου
3000 618 3338 681 Ἀθανάσιος.

2182 707 2241 761 '0
2283 709 2544 773 ταπεινὸς
2593 708 3000 780 μητροπολίτης
3041 708 3415 778 Φιλαδελφείας
3453 710 3625 766 Maud-

2141 814 2240 861 ιος.

2102 814 2242 940 Pw;
2275 886 2531 950 ταπεινὸς
2577 885 2981 958 μητροπολίτης
3027 886 3274 941 παλαιῶν
3307 888 3520 959 Πατρῶν
3547 890 3628 944 καὶ

2099 977 2399 1048 ύπέρτιμος
2428 979 2825 1048 Μητροφάνης.

2181 1067 2240 1120 '0
2267 1067 2524 1130 ταπεινὸς
2559 1068 2962 1140 μητροπολίτης
2991 1068 3300 1140 Μηθύμνης
3328 1069 3418 1124 καὶ
3443 1069 3634 1142 ὗπέρτι-

2105 1173 2206 1227 μος
2231 1158 2540 1229 Μαλαχίας.
3459 1187 3465 1206 ι

2183 1249 2240 1302 '0
2269 1249 2523 1313 ταπεινὸς
2553 1251 2959 1322 μητροπολίτης
2987 1250 3217 1306 Ῥωσίου
3247 1251 3342 1305 καὶ
3369 1251 3633 1324 ὕπέρτιμος

2098 1339 2409 1404 Θεόδουλος.

2180 1431 2241 1484 '0
2270 1429 2529 1494 ταπεινὸς
2561 1431 2965 1502 μητροπολίτης
2993 1432 3212 1504 Βάρνης
3247 1431 3341 1486 καὶ
3369 1431 3636 1504 ὕπέρτιμος

2097 1521 2380 1586 Μεθόδιος.

2178 1615 2238 1670 '0
2264 1615 2517 1680 ταπεινὸς
2549 1617 2948 1688 μητροπολίτης
2992 1616 3072 1689 (3)
3105 1655 3122 1672 .
3163 1654 3180 1672 .
3221 1655 3240 1674 .
3283 1655 3300 1673 .
3339 1655 3355 1672 .
3382 1617 3473 1672 καὶ
3495 1615 3640 1697 ὑπέξ-

432 1701 681 1772 ἐταιρίας
703 1701 889 1766 αὐτοῦ,
919 1705 1082 1774 τόμον
1123 1708 1372 1780 ἐκτίθησι
1413 1715 1534 1766 κατ’
1563 1714 1764 1785 αὐτῶν,
1811 1718 1871 1782 δς
1903 1722 2000 1775 καὶ
2031 1765 2073 1785 η
2099 1724 2259 1779 τιμος
2289 1708 2540 1772 Ἡσαΐας.

432 1791 613 1845 πάντα
639 1792 705 1844 τά
740 1793 952 1848 ἐκείνου
978 1803 1118 1851 κατὰ
1159 1799 1324 1870 μέρος
1359 1801 1610 1872 δηλώσει.

501 1881 567 1935 ll.
607 1899 660 1953 p.
693 1883 747 1938 2.
782 1885 1120 1944 Prooemium
1147 1892 1349 1961 excipit
1378 1893 1554 1963 Τόμος
1581 1899 1820 1965 γεγονὼς
1850 1903 2000 1970 παρά

429 1973 524 2024 τοῦ
556 1974 891 2045 πατριάρχου
927 1976 1198 2041 Ἰωάννου,
1229 1980 1322 2033 καὶ
1353 1981 1450 2052 τῆς
1481 1984 1702 2038 συνόδου
1732 1987 1876 2042 κατὰ
1901 1990 2001 2061 τῆς

428 2063 522 2114 τοῦ
559 2064 824 2136 Βαρλαάμ
864 2068 1220 2134 κακοδοξίας,
1255 2075 1674 2143 προκαθημένου
1706 2077 1800 2132 τοῦ
1840 2079 2001 2150 βασι-

430 2153 569 2216 λέως
608 2154 948 2225 Ἀνδρονίκου
980 2158 1072 2211 τοῦ
1108 2159 1362 2233 δευτέρου
1401 2165 1766 2236 Παλαιολόγου
1787 2207 1802 2232 ,
1835 2171 1998 2226 όπότε

429 2242 508 2310 τῷ
532 2242 631 2312 βίῳ
654 2245 872 2314 περιῆν,
892 2245 971 2298 ἔτι
989 2263 1046 2298 τε
1063 2247 1170 2300 τῶν
1189 2248 1587 2321 λαμπροτάτων
1605 2255 1883 2323 ἀρχόντων
1906 2259 2001 2311 καὶ¹

428 2329 529 2399 τῆς
566 2332 894 2400 συγκλήτου.
933 2334 1120 2389 Tomus
1154 2337 1320 2392 editus
1355 2358 1386 2394 a
1421 2342 1729 2411 patriarcha
1759 2344 1998 2414 Joanne,

430 2431 481 2474 et
515 2439 545 2474 a
578 2424 806 2494 synodo.
842 2427 1090 2482 adversus
1125 2429 1410 2486 Barlaami
1441 2433 1636 2502 falsam
1669 2437 1998 2505 opinionem,

429 2511 741 2575 prccsideute
767 2515 1081 2585 imperatore
1103 2518 1400 2575 Andronico
1419 2526 1647 2579 secundo
1674 2524 1998 2600 Palwologo,

433 2600 558 2652 dum
589 2601 728 2656 inter
755 2606 894 2660 viros
921 2617 1134 2676 ageret,
1166 2619 1216 2663 et
1245 2612 1460 2683 insuper
1488 2616 1796 2674 clarissimis
1827 2624 2004 2693 magi-

429 2694 682 2747 stratibus
730 2703 779 2748 et
821 2708 1008 2752 senatu
1025 2700 1125 2770 (Ξ).
1165 2703 1319 2758 lnc.:
1361 2705 1676 2773 Ἐπαινετὸς
1715 2711 1931 2784 ἀληθῶς
1974 2718 2003 2770 ό

431 2783 602 2838 εἰπὼν
647 2786 746 2858 τὴν
791 2791 1118 2852 ταπείνωσιν
1165 2795 1424 2865 ἀληθείας
1471 2794 1610 2854 εἶναι
1658 2783 1953 2873 ἐπίγνωσιν
1984 2822 2000 2839 ⁶

431 2875 570 2943 αὕτη
604 2877 712 2947 γάρ
748 2878 844 2932 καὶ
874 2880 981 2932 τῶν
1012 2882 1227 2937 οἰκείων
1260 2886 1472 2957 μέτρων
1507 2891 1624 2944 ἐστὶ
1659 2895 1999 2967 κατάληψις,

431 2967 525 3018 καὶ
553 2969 617 3018 δι’
645 2969 813 3040 αὐτῆς
837 2972 934 3036 τήν
958 2987 1016 3025 τε
1047 2977 1182 3054 πρὸς
1211 2976 1342 3031 Θεὸν
1370 2981 1592 3051 είρήνην
1620 2984 1708 3037 καὶ
1739 2986 1838 3056 τὴν
1865 2989 2001 3059 πρὸς

2178 1798 2240 1851 '0
2265 1801 2520 1861 ταπεινὸς
2549 1797 2952 1871 μητροπολίτης
2977 1799 3357 1870 Διδυμοτείχου
3385 1798 3471 1852 καὶ
3495 1798 3646 1878 ὑπέρ-

2100 1905 2254 1958 τιμος
2285 1887 2454 1958 Θεόλη
2463 1906 2615 1953 πτος.
3125 1884 3128 1888 ’

2169 1981 2352 2037 Tertia
2381 1989 2466 2038 est
2496 1998 2512 2035 :

2179 2073 2241 2128 '0
2268 2074 2522 2137 ταπεινὸς
2552 2074 2955 2145 μητροπολίτης
2985 2072 3228 2140 Κυζίκου
3263 2073 3581 2136 Ἀθανάσιος.

2180 2164 2240 2218 '0
2268 2165 2521 2229 ταπεινὸς
2554 2167 2958 2238 μητροπολίτης
2987 2166 3259 2221 Μαδύτων
3291 2166 3490 2220 Ἰσαάκ.

2179 2259 2241 2313 '0
2290 2258 2546 2321 ταπεινὸς
2598 2259 3000 2330 μητροπολίτης
3039 2259 3295 2322 Ἀλανίας
3344 2259 3436 2312 καὶ
3485 2257 3648 2328 Σωτη-

2091 2351 2432 2424 νριουπὸλεως
2465 2353 2557 2404 καὶ
2587 2353 2891 2422 ὑπέρτιμος
2919 2352 3277 2423 Λαυρέντιος.

2181 2443 2242 2495 '0
2281 2442 2539 2506 ταπεινὸς
2582 2442 2988 2514 μητροπολίτης
3027 2442 3288 2514 Σμύρνης
3325 2445 3418 2497 καὶ
3448 2440 3643 2512 ύπέρτι-

2106 2550 2202 2605 μος
2232 2532 2543 2603 Μακάριος.

2170 2624 2433 2681 Inseritur
2469 2624 2633 2680 etiam
2659 2639 2780 2695 pag.
2823 2623 2856 2677 7
2885 2640 2902 2678 :
2940 2622 3222 2692 ’Δναφορὰ
3261 2621 3546 2694 ἀρχιερέων
3577 2620 3645 2682 είς

2101 2717 2200 2788 τὴν
2247 2717 2493 2787 βασιλίδα
2521 2717 2722 2770 ’Ἄνναν
2769 2714 2868 2787 τὴν
2916 2715 3346 2784 Παλαιολογίναν
3391 2712 3523 2767 κατὰ
3565 2710 3643 2763 τοῦ

2103 2809 2542 2879 χρηματίσαντος
2590 2807 2936 2879 πατριάρχου
2977 2807 3234 2860 Ἰωάννου
3285 2806 3378 2858 τοῦ
3430 2804 3643 2858 Καλέκα.

2101 2900 2306 2954 Relatio
2363 2900 2872 2970 archiepiscoporum
2915 2901 2986 2953 ad
3027 2901 3420 2969 imperatricem
3461 2898 3648 2952 Annam

2104 2992 2521 3074 Patwologinam
2560 3000 2746 3047 contra
2787 2990 3044 3047 Ioannem
3085 2990 3300 3055 Caleea,
3341 2992 3426 3061 qui
3462 2995 3647 3043 uocatur

429 3059 522 3110 τὸν
551 3060 776 3130 πλησίον
802 3063 1180 3135 καρπούμεθα,
1210 3085 1263 3122 κ.
1292 3069 1342 3122 λ.
1371 3070 1522 3127 Des.:
1541 3075 1599 3127 El
1621 3075 1677 3128 δὲ
1701 3076 1792 3131 καί
1817 3095 1868 3131 τι
1895 3080 1993 3150 τῆς

2108 3097 2168 3142 εει
2187 3059 2526 3157 patriarcha.
2559 3086 2670 3142 lne.
2694 3106 2710 3142 :
2742 3087 3023 3158 Κρατίστη
3041 3088 3134 3140 καὶ
3158 3087 3295 3154 ἁγία
3325 3059 3476 3156 ημῶν
3503 3079 3648 3149 κυρία

431 3153 738 3224 προθυμίας
772 3158 922 3224 ἄξιον
952 3160 1287 3230 φθέγξασθαι
1321 3165 1434 3238 δοίη
1467 3169 1633 3238 Θεὸς,
1668 3171 1832 3226 αὑτοῦ
1868 3178 2005 3228 πάν-

429 3261 539 3306 τως
581 3245 646 3298 ἂν
683 3249 768 3318 είη
790 3287 806 3313 ,
841 3249 935 3302 τοῦ
977 3250 1202 3324 δοτῆρος
1237 3254 1342 3309 τῶν
1377 3257 1633 3326 ἀγαθῶν,
1669 3263 1763 3314 τοῦ
1799 3263 2010 3320 διδόναι.

429 3336 590 3406 λόγον
614 3341 726 3403 τοῖς
756 3341 1266 3415 εύαγγελιζομένοις
1293 3348 1350 3400 ὲν
1379 3350 1579 3414 ἀνοίξει
1608 3351 1704 3407 τοῦ
1737 3355 2004 3425 στόματος

433 3430 920 3500 ἐπαγγειλαμένου.
969 3436 1100 3490 Cum
1148 3437 1332 3506 plures
1375 3439 1668 3498 identidem
1711 3457 2005 3503 occurrant

431 3520 486 3573 in
524 3521 628 3576 hoc
656 3521 826 3579 Tomo
859 3526 1236 3597 episcoporum
1273 3530 1620 3603 ύπογραφαίη
1653 3536 1718 3590 ad
1754 3552 1815 3593 ea
1836 3578 1850 3604 ,
1884 3554 2004 3608 quae

431 3622 622 3668 contra
686 3614 950 3672 Barlaami
1004 3619 1344 3692 aliorumque
1393 3625 1776 3683 ltzereticorum
1839 3630 2006 3708 falsas

432 3703 710 3761 doctrinas
764 3708 1219 3778 decernebantur,
1273 3704 1649 3775 conﬁrmanda
1703 3703 2000 3792 appositae.

431 3793 678 3863 ipsorum
720 3801 942 3856 nomina
987 3803 1078 3859 hic
1118 3806 1393 3875 subjicere
1430 3811 1724 3880 voluimus,
1760 3816 1837 3870 uti
1883 3817 2005 3873 illu-

432 3889 669 3943 strandaa
718 3892 958 3949 historia:
1002 3911 1112 3951 non
1160 3914 1350 3967 parum
1397 3904 1681 3972 profutura
1731 3907 2003 3966 arbitrati.

430 3979 610 4036 Prima
645 3983 808 4054 igitur
841 3987 1168 4059 subscriptio
1203 3993 1274 4046 ita
1311 3994 1476 4050 habet
1514 4013 1529 4051 :

516 4072 768 4144 Ἰωάννης
792 4077 926 4147 ἐλέῳ
952 4078 1086 4132 Θεοῦ
1109 4083 1538 4153 ἀρχιεπίσκοπος
1563 4090 2007 4148 Κωνσταντινου-

433 4163 662 4231 πόλεως,
694 4166 819 4229 νέας
847 4169 1085 4240 Ῥώμης,
1116 4173 1209 4226 καὶ
1233 4175 1608 4244 οίκουμενικδς
1636 4180 1999 4264 πατριάρχης.

514 4253 574 4308 '0
603 4257 858 4321 ταπεινὸς
895 4263 1300 4334 μητροπολίτης
1332 4265 1608 4337 Σαρδέων,
1644 4253 2005 4346 ἔξαρχοςνπά-

435 4343 546 4416 σης
565 4348 788 4413 Λυδίας,
821 4351 916 4404 καὶ
944 4351 1229 4424 ὑτέρτιμος
1258 4357 1576 4430 Γρηγόριος.
1635 4385 1643 4395 κ

519 4435 578 4490 '0
607 4440 904 4524 Δυρραχίου
935 4445 1188 4510 ταπεινὸς
1221 4447 1540 4520 Γρηγόριος.

520 4529 580 4581 '0
635 4532 891 4592 ταπεινὸς
958 4537 1362 4610 μητροπολίτης
1420 4543 1849 4616 Λακεδαιμονίας
1907 4550 2001 4605 καὶ

436 4622 540 4676 ὕπέ
547 4641 737 4694 ρτιμος
767 4626 977 4692 Νεῖλος.

518 4712 580 4764 '0
613 4716 1016 4788 μητροπολίτης
1041 4719 1328 4787 Μαδύτων,
1356 4722 1610 4785 ταπεινὸς
1643 4723 1846 4780 Ἰσαάκ.

521 4804 579 4860 '0
607 4809 860 4870 ταπεινὸς
894 4811 1294 4884 μητροπολίτης
1325 4813 1632 4885 Μηθύμνης
1660 4817 1753 4870 καὶ
1783 4817 2006 4890 ὑπέρτι-

436 4913 536 4967 μος
565 4898 872 4970 Μαλαχίας.

513 4991 572 5042 '0
597 4993 852 5056 ταπεινὸς
880 4994 1280 5065 μητροπολίτης
1306 4996 1556 5070 Βιτζίνης
1581 5000 1673 5054 καὶ
1701 5001 2000 5075 ὕπέρτιμος

429 5081 749 5152 Μακάριος,
787 5092 842 5137 et
883 5085 1100 5140 additur
1132 5085 1193 5139 τὸ
1231 5087 1384 5158 ἐδόθη
1425 5090 1566 5144 κατά
1609 5091 1754 5164 μῆνα
1786 5093 1995 5164 Αὔγου-

432 5189 557 5227 στον
584 5177 682 5244 τῆς
715 5176 758 5228 0'
786 5176 1113 5242 ίνδικτιῶνος
1138 5179 1232 5233 τοῦ
1249 5179 1428 5251 ςωμθ¹
1448 5180 1626 5246 ἔτους.

501 5313 579 5391 (ﬁt)
598 5314 814 5371 Pseudo
831 5316 1079 5391 synodus
1091 5317 1693 5391 Constantinopolitana
1711 5337 1810 5391 pro
1823 5332 2001 5378 astru-

430 5385 574 5458 endo
600 5399 785 5441 errore
818 5385 1063 5458 Gregorii
1107 5390 1362 5458 Palamaa.
1395 5385 1828 5458 damnandisque
1868 5393 2000 5447 Bar-

431 5454 610 5508 laamo
639 5454 1002 5527 etiAcimlyno
1027 5461 1092 5510 A.
1123 5457 1186 5511 C.
1243 5459 1379 5512 1350
1409 5461 1510 5514 sub
1543 5459 1700 5515 Joan.
1729 5454 2002 5517 Cantacu-

433 5539 570 5578 zcno
602 5526 998 5597 et_Pal:c010go
1027 5527 1456 5596 imperatoribus
1490 5530 1754 5597 Orientis,
1803 5531 2003 5597 legitur

435 5594 690 5671 tom._XV
716 5595 997 5671 Conciti-or.
1025 5594 1287 5671 editionis
1314 5599 1551 5671 Venetae,
1583 5607 1704 5671 Quae
1732 5594 2008 5671 aitizplissi-v

434 5675 528 5740 gno
575 5662 788 5740 integro
842 5667 1170 5740 volumine_,_
1198 5668 1361 5740 hujus
1408 5662 1616 5740 optimi
1651 5662 1854 5726 codicis
1903 5686 2006 5740 ope

433 5727 761 5798 locupletari
815 5744 1019 5802 posset.
1073 5735 1194 5790 Vid.
1241 5727 1398 5794 J'oan.
1446 5727 1813 5797 'Cantacuzeni
1868 5727 2003 5796 Ηὲἑι.

2106 3184 2198 3235 καὶ
2229 3181 2520 3246 δέσποινα,
2554 3181 2717 3249 ἡμεῖς
2747 3179 2798 3232 oi
2829 3179 3110 3250 ἀρχιερεῖς
3140 3178 3194 3230 oi.
3229 3176 3567 3245 καθεζόμενοι
3597 3171 3650 3222 ἐν

2102 3275 2216 3335 τοῖς
2254 3273 2486 3335 κελλίοις
2525 3261 2698 3343 ἡμῶν
2719 3271 3211 3338 ἀποκεκλεισμένοι
3233 3313 3247 3338 ,
3282 3272 3312 3323 δ
3345 3266 3590 3337 Ἐφέσου,
3623 3262 3650 3313 ό

2104 3365 2366 3430 Κυζίκου,
2401 3368 2429 3419 ὁ
2463 3366 2730 3430 ’Λλανίας,
2763 3367 2790 3418 δ
2823 3363 3302 3435 Χριστουπόλεως,
3337 3364 3364 3415 ὁ
3390 3363 3589 3426 Ἀπρω.
3619 3353 3650 3404 6

2104 3457 2400 3517 Λοπαδίου,
2425 3457 2710 3526 δεξάμενοι
2739 3455 2890 3525 παρά
2915 3454 3016 3524 τῆς
3039 3454 3268 3524 χάριτος
3290 3451 3384 3505 τοῦ
3409 3445 3649 3513 παναγίου

2105 3546 2420 3610 Πνεύματος
2439 3547 2532 3600 τὸν
2574 3545 2668 3600 τοῦ
2713 3546 3047 3614 Εὐαγγελίου
3091 3544 3281 3612 ζυγὸν,
3325 3560 3380 3596 κ.
3423 3540 3470 3594 λ.
3512 3537 3645 3592 Des.:

2103 3637 2291 3693 Ταῦτα
2349 3641 2424 3701 ὡς
2451 3637 2611 3710 χρέος
2643 3637 2879 3709 ἔχοντες,
2902 3637 2993 3691 καὶ
3022 3635 3097 3698 ὡς
3129 3635 3349 3706 εύχέται
3380 3633 3471 3686 καὶ
3497 3626 3654 3682 δοῦλοι

2103 3729 2468 3800 ἀναφέρομεν,
2493 3729 2590 3784 καὶ
2619 3728 2705 3782 διὰ
2732 3728 2793 3782 τὸ
2821 3728 3134 3792 ἀξιόπιστον
3155 3729 3252 3780 καὶ
3280 3722 3507 3783 οἰκείαις
3532 3719 3651 3771 ὐπο-

2103 3821 2343 3889 γραφαίς
2385 3818 2860 3890 ὕπεσημηνάμεθα
2905 3819 3035 3889 μηνὶ
3075 3812 3436 3884 Σεπτεμϐρίῳ
3481 3809 3652 3865 ίνδικτ.

2107 3908 2191 3965 ιε’.
2221 3910 2504 3967 Accedunt
2533 3910 2987 3981 subscriptiones,
3020 3924 3224 3978 nempe
3255 3923 3270 3961 :

2187 4003 2248 4056 '0
2278 4003 2531 4067 ταπεινὸς
2562 4003 2966 4074 μητροπολίτης
2998 4002 3228 4070 Ἐφέσου
3263 3999 3555 4059 Ματθαῖος.

2185 4095 2246 4150 'U
2276 4095 2530 4160 ταπεινὸς
2562 4095 2962 4165 μητροπολίτης
2991 4092 3236 4156 Κυζίκου
3273 4087 3592 4146 Ἀθανάσιος.

2186 4188 2246 4242 Ὀ
2293 4189 2545 4250 ταπεινὸς
2600 4184 3004 4256 μητροπολίτης
3055 4182 3242 4252 πάσης
3277 4178 3522 4240 Ἀλανίας
3569 4173 3658 4228 καὶ

2103 4277 2593 4348 Σωτηριουπόλεως
2623 4278 2738 4330 Λαυ
2748 4277 2977 4345 ρέντιος.

2183 4369 2242 4423 '0
2269 4369 2526 4432 ταπεινὸς
2562 4366 2962 4440 μητροπολίτης
2992 4360 3451 4435 Χριστουπόλεως
3475 4352 3652 4414 Μακά-

2101 4474 2236 4529 ριος.
2941 4491 2951 4500 -

2181 4552 2242 4606 '0
2269 4550 2522 4616 ταπεινὸς
2551 4549 2951 4622 μητροπολίτης
2976 4551 3171 4622 ’Δπρω
3200 4548 3476 4622 Χαρίτων.

2177 4644 2239 4699 '0
2267 4645 2518 4708 ταπεινὸς
2543 4629 2972 4713 ἀρχιεπίσκοπος
3003 4643 3278 4697 Λοπαδίου
3313 4643 3586 4712 Ἰερόθεος.

2168 4735 2258 4791 ΙΙΙ.
2290 4750 2344 4804 p.
2364 4735 2452 4789 H.
2473 4733 2523 4788 b.
2557 4734 2721 4800 Λόγοι
2752 4733 3126 4803 ἀντιρρητικοὶ
3146 4733 3301 4804 παρὰ
3330 4730 3641 4803 Χριστοδού-

2110 4839 2196 4879 κου
2229 4824 2464 4896 μοναχοῦ
2498 4823 2936 4893 συγγραφέντες,
2966 4825 3093 4888 τοὺς
3117 4824 3221 4893 τῆς
3251 4824 3345 4878 τοῦ
3373 4823 3504 4878 Θεοῦ
3537 4823 3648 4875 Ἐκ·

2107 4915 2366 4986 κλησίας,
2413 4915 2547 4986 ὁμοῦ
2595 4915 2653 4968 δὲ
2697 4915 2791 4970 καὶ
2835 4917 2931 4969 τοῦ
2976 4917 3283 4985 ἁγιωτάτου
3331 4915 3647 4984 πατριάρχου

2104 5007 2376 5072 Φιλοθέου,
2402 5008 2498 5060 καὶ
2521 5007 2614 5060 τοῦ
2645 5007 2944 5077 ίιρωτάτου
2975 5007 3375 5077 μητροπολίτου
3402 5003 3647 5060 Θεσσαλο-

2101 5096 2257 5166 νίκης
2289 5096 2382 5150 τοῦ
2417 5095 2671 5165 Παλαμᾶ,
2705 5096 2803 5149 σὺν
2835 5096 3019 5159 αὐτοῖς
3053 5096 3109 5148 δὲ
3143 5097 3238 5149 καὶ
3267 5096 3362 5149 τοῦ
3395 5093 3530 5148 κατά
3557 5090 3646 5157 τῆς

2100 5189 2194 5242 τοῦ
2239 5190 2539 5262 Βαρλαάμ,
2585 5188 2683 5243 καὶ
2719 5171 3030 5266 Ἆγδνδύνου
3076 5189 3344 5259 αἱρέσεως
3385 5183 3644 5255 γεγονότος

2095 5325 2322 5398 Byzant.
2354 5327 2449 5382 lib.
2468 5343 2555 5398 tv,
2585 5343 2637 5384 c.
2663 5327 2754 5392 25,
2785 5326 2875 5381 ubi
2901 5325 3068 5398 refert
3095 5334 3205 5398 tres
3231 5324 3468 5379 diversas
3500 5333 3646 5390 syno-

2097 5395 2198 5451 dos
2236 5408 2422 5452 contra
2464 5397 2806 5470 Barlaamum
2860 5406 2922 5470 et
2954 5395 3322 5470 Acindynum.
3366 5399 3643 5470 eorumque

2105 5475 2408 5522 sectatores
2451 5465 2922 5538 Constantinopoli
2948 5465 3114 5520 fuisse
3132 5458 3380 5538 'babltas.
3411 5458 3644 5538 totidem-

2101 5551 2208 5606 que
2239 5546 2414 5607 tomos
2446 5527 2923 5607 condemnationis
2969 5542 3157 5607 contra
3191 5531 3439 5607 eosdemn
3459 5527 3636 5607 editos.

2101 5595 2485 5662 Consulendus
2531 5606 2695 5660 etiam
2746 5603 2998 5668 Allatius,
3047 5603 3144 5658 lib.
3187 5617 3247 5668 Ir,
3282 5599 3360 5652 De
3397 5595 3563 5668 Occid.
3593 5598 3642 5648 σι

2107 5676 2312 5732 Orient.
2345 5676 2546 5730 Eccles.
2574 5683 2824 5744 perpetua
2850 5667 3084 5729 comem.
3116 5667 3241 5742 cap.
3273 5669 3337 5726 16
3367 5675 3421 5724 et
3453 5667 3534 5721 ΓΙ.

2177 5747 2254 5817 (5)
2289 5745 2503 5800 Lacuna
2534 5755 2615 5800 cst
2648 5746 2700 5799 in
2723 5744 2929 5799 codice.
