3928 6212
352 332 452 397 ’101

1304 339 1606 402 CONTRA
1645 338 2007 405 BARLAAM
2046 346 2149 408 ET
2178 345 2649 410 ACINDYNUM.

3484 348 3605 411 702
3692 304 3699 309 κ

354 443 522 511 τόμου
558 440 708 512 παρὰ
741 442 840 512 τῆς
881 442 1031 508 θείας
1067 445 1284 500 συνόδου
1324 463 1761 518 κατατρεχοντας
1794 445 1932 502 ἀπε-ἐ
1955 452 2008 513 Α
2033 453 2186 524 παρά
2217 456 2399 508 πᾶσαν
2430 452 2823 524 Χριστιανικὴν
2850 452 3188 509 κατάστασιν
3220 453 3251 523 ή
3286 453 3395 508 τῶν
3417 455 3594 508 Παλα-

353 532 666 600 λέγχοντες,
716 532 837 586 καθ’
871 534 1101 588 ἕκαστον
1153 537 1261 590 τῶν
1309 537 1567 592 ἐναντίων
1615 540 1927 607 κεφαλαίων

355 623 716 691 ἐκτιθέμενοι,
763 626 857 677 καὶ
899 625 997 696 τὴν
1041 628 1351 695 ἀνασκευὴν
1393 629 1555 692 εὐθὺς
1594 630 1931 693 άντεπάγον-

352 729 464 777 τες.
514 713 791 770 Sermones
838 719 1168 772 antirrhetici
1213 738 1246 773 a
1293 719 1624 775 Christodulo
1672 725 1929 777 monacho

353 808 656 877 conscripti.
688 825 795 871 eos,
831 811 920 879 qui
952 809 1245 865 Ecclesium
1278 812 1392 878 Dei,
1422 828 1631 882 unaque
1661 816 1929 868 sanctissi-

352 914 498 950 mum
556 900 919 966 patriarcham
977 900 1348 967 Philotimum,
1404 906 1928 975 sacratissimumque

354 989 823 1058 metrOpolitanum
866 991 1249 1048 Thessalonica:
1291 994 1573 1048 Palamam
1597 1034 1611 1060 ,
1645 998 1930 1065 cum-ipsis

354 1089 533 1135 autem
564 1089 610 1132 et
642 1081 854 1134 Toinum
886 1099 917 1135 a
944 1094 1132 1136 sancta
1189 1087 1388 1155 synodo
1413 1096 1599 1139 contra
1650 1087 1930 1141 Barlaami

354 1180 404 1223 et
434 1172 694 1243 Acindyni
724 1175 968 1227 Itwresim
1000 1177 1370 1230 concinnatum
1404 1179 1739 1247 impugnant,
1771 1180 1929 1247 refel—

356 1262 540 1328 lentcs,
584 1265 808 1333 singulis
864 1266 1290 1322 adversariorum
1344 1270 1601 1337 capitibus
1652 1270 1921 1339 expositis,

354 1371 557 1421 suaque
608 1358 673 1410 iis
709 1360 888 1411 statim
924 1360 1286 1425 con/utatione
1316 1361 1577 1429 subjecta.
1609 1359 1764 1416 Hunc
1797 1362 1927 1416 titu-

355 1448 470 1501 lum
514 1449 698 1500 statim
744 1448 979 1517 excipit,
1018 1449 1341 1520 Προθεωρία
1373 1452 1481 1503 τῶν
1516 1453 1572 1504 ἐν
1605 1451 1685 1521 τῷ
1726 1454 1926 1522 πρώτῳ

356 1538 546 1608 βιϐλίῳ
572 1539 678 1591 τῶν
708 1539 965 1591 ἐναντίων
990 1539 1529 1610 διαλαμϐανομένων,
1560 1540 1780 1604 Eorum,
1809 1558 1925 1611 qua:

353 1632 409 1683 in
440 1631 612 1699 primo
642 1630 775 1683 libro
806 1631 1223 1687 adversariorum
1254 1632 1609 1697 continentur,
1643 1634 1921 1699 p‘ra’medL

354 1723 508 1775 tatio.
546 1720 713 1790 Cujus
755 1722 968 1776 initium
1008 1732 1091 1776 cst
1133 1742 1145 1776 :
1188 1724 1261 1775 Τὸ
1303 1723 1518 1792 πρῶτον
1552 1724 1754 1793 βιϐλίον
1789 1720 1926 1793 πρὶς

2034 543 2223 610 μητῶν
2260 544 2501 615 σήμερον
2531 542 2794 612 ἐκκλησία
2824 544 3081 612 συνέστη,
3122 544 3253 612 περὶ
3283 541 3310 594 ὃ
3340 541 3587 615 ζητεῖται

2028 632 2177 686 δέκα.
2214 612 2456 687 Primum
2496 644 2687 703 caput
2719 642 2804 687 est
2836 651 2850 686 :
2909 632 3005 697 Τίς
3062 634 3210 685 ἐστιν
3238 636 3265 686 ό
3290 612 3453 705 Milo;
3489 634 3591 702 τῆς

2026 722 2121 775 τοῦ
2161 723 2295 775 Θεοῦ
2326 723 2485 791 ἁγίας
2529 722 2875 793 Ἐκκλησίας.
2915 723 3061 777 [nc.:
3116 722 3273 775 Μετὰ
3320 720 3597 777 τοσούτων

2029 815 2224 869 οὐκοῦν
2258 817 2367 868 τῶν
2400 815 2688 885 αἱρέσεων,
2721 815 2814 867 καὶ
2836 813 3098 881 τοιαύτης
3127 812 3225 880 τῆς
3255 814 3593 876 ἀποστασίας

2029 907 2363 977 εἰσπηδήσας
2392 906 2681 976 Παλαμᾶς,
2725 922 2780 961 κ.
2810 904 2860 958 λ.
2890 903 3192 967 Decimum,
3226 904 3288 955 Et
3341 902 3471 969 ἁγία
3495 902 3592 954 τοῦ

2028 996 2165 1051 Θεοῦ
2197 1000 2343 1051 ἐστιν
2371 995 2669 1067 Ἐκκλησία
2698 997 2731 1065 ή
2762 995 3037 1063 διαθηκῶν
3055 994 3476 1061 κατατολμῶσα,
3496 993 3595 1047 καὶ

2032 1088 2135 1140 τῶν
2160 1088 2319 1141 θείων
2346 1088 2557 1157 ἀνδρῶν
2592 1091 2818 1159 νεκροὺς
2847 1091 3090 1160 ἀτάφους
3122 1091 3378 1162 ἐρρῖφθαι
3412 1107 3594 1159 παρα-

2029 1178 2392 1245 σκευάζουσα.
2424 1182 2551 1236 Des.
2606 1183 2707 1236 Διὰ
2755 1183 2913 1236 τοῦτο
2964 1183 3060 1235 καὶ
3108 1182 3205 1249 τῆς
3232 1180 3323 1234 τοῦ
3355 1179 3592 1249 Χριστοῦ

2031 1270 2244 1340 μερίδος
2274 1269 2696 1340 ὴλλοτριὼθητε,
2727 1271 2821 1323 καὶ
2852 1269 3003 1324 ἄθεοι
3038 1268 3178 1323 κατὰ
3218 1267 3278 1320 τὸ
3302 1265 3595 1320 ἀκόλουθον

2027 1361 2412 1428 ἀναφαίνεσθε.

2102 1452 2217 1507 V'Il.
2256 1452 2411 1520 p.89
2473 1453 2521 1504 b.
2581 1436 2901 1522 Προθεωρία
2960 1450 3068 1503 τῶν
3115 1451 3175 1503 ἐν
3226 1449 3307 1514 τῷ
3358 1448 3601 1523 δευτέρῳ

2030 1544 2221 1613 βιϐλίῳ
2250 1541 2789 1611 διαλαμϐανομένων.
2824 1543 2934 1596 lnc.
2966 1559 2979 1594 :
3014 1541 3087 1593 Τὸ
3112 1539 3366 1608 δεύτερον
3391 1538 3596 1607 βιϐλίον

2027 1634 2162 1703 πρὸς
2192 1633 2288 1703 τὴν
2312 1632 2405 1685 τοῦ
2448 1632 2769 1703 Παλαμικοῦ
2797 1633 2965 1700 τόμου
3006 1632 3392 1694 συντέτακται,
3449 1646 3506 1683 κ.
3539 1628 3593 1683 λ.

2038 1723 2164 1778 Des.
2197 1724 2308 1776 Καὶ
2338 1723 2445 1776 τῶν
2476 1725 2702 1776 ἁπασῶν
2727 1723 2863 1792 ὁμοῦ
2899 1722 3290 1794 χαλεπωτάτην
3324 1720 3599 1789 ἀναφανῆ-

353 1816 456 1875 τὰς
486 1813 576 1865 τοῦ
612 1813 845 1880 Παλαμᾶ
875 1813 1213 1882 παραϐάσεις
1243 1815 1633 1879 συντέτακται,
1667 1833 1723 1870 κ.
1753 1816 1803 1868 λ.
1836 1815 1925 1869 Fi-

2036 1832 2135 1869 ναι.
2164 1814 2450 1870 Secundus
2484 1815 2574 1867 hic
2608 1814 2747 1868 liber
2788 1815 2843 1867 in
2908 1827 3203 1869 sermones
3239 1820 3369 1866 octo
3406 1810 3598 1865 distrie

356 1906 444 1960 nis
477 1924 493 1960 :
530 1907 642 1959 Οὐκ
663 1905 810 1958 ἔστιν
840 1908 866 1957 6
895 1906 1098 1957 τούτων
1127 1906 1282 1976 ὄχλος
1302 1946 1316 1968 ,
1351 1906 1426 1969 ὡς
1458 1906 1610 1959 αὐτοὶ
1643 1906 1916 1975 καταψεύ-

353 1998 561 2051 δονται.
597 1997 813 2050 Primus
853 1996 1019 2058 liber,
1056 1996 1145 2050 cui
1190 1997 1404 2063 titulus,
1443 1997 1658 2050 Βιϐλίον
1694 1997 1927 2065 πονηθέν

356 2088 515 2141 κατὰΔ
544 2087 638 2139 τοῦ
686 2085 1085 2153 Θεσσαλονίκης
1136 2086 1439 2155 Γρηγορίου
1493 2087 1645 2156 παρὰ
1689 2087 1786 2155 τῆς
1832 2085 1926 2138 τοῦ

355 2181 574 2241 Σατανᾶ
607 2177 951 2245 συναγωγῆς,
1004 2176 1113 2228 τῶν
1148 2179 1242 2229 τοῦ
1287 2178 1521 2248 Παλαμὶ
1560 2177 1927 2246 παραϐάσεων

354 2272 513 2339 λόγος
560 2272 797 2338 πρῶτος,
841 2273 895 2326 in
944 2282 1182 2342 quatuor
1224 2271 1577 2327 distribuitur
1620 2285 1924 2325 sermones.

359 2363 520 2418 Primi
563 2363 837 2417 sermonis
876 2364 1051 2432 capita
1092 2371 1222 2418 sunt
1259 2378 1376 2428 sex,
1410 2377 1645 2430 quorum
1686 2362 1924 2430 primum

362 2459 443 2503 est
476 2469 489 2504 :
528 2451 663 2519 Περὶ
695 2450 942 2520 εἰρήνης,
975 2452 1068 2503 καὶ
1096 2451 1243 2513 ὅπως
1272 2449 1475 2517 ταύτην
1505 2448 1777 2518 παρέλυσε
1813 2449 1926 2501 Πα-

354 2542 554 2610 λαμᾶς,
588 2542 726 2611 πρὸς
757 2540 949 2610 καιρὸν
983 2540 1380 2611 συγχωρηθεὶς,
1411 2540 1503 2592 καὶ
1529 2540 1614 2601 τίς
1644 2541 1676 2608 ή
1707 2539 1814 2590 τῶν
1844 2539 1930 2592 λό-

351 2653 467 2705 γων
490 2635 658 2688 αἰτία.
678 2634 792 2688 Inc.
815 2633 1054 2703 Εἰρήνης
1075 2633 1228 2685 οὐδὲν
1251 2629 1402 2703 οἶμαι
1428 2632 1717 2701 θειότερον,
1738 2631 1927 2703 ῶσπερ

350 2726 417 2795 δὴ
442 2725 538 2777 καὶ
568 2725 804 2792 πολέμου
840 2724 931 2775 καὶ
965 2726 1144 2794 μάχης
1174 2723 1325 2776 οὐδὲν
1357 2722 1762 2792 χαλεπώτερον,
1790 2738 1844 2776 κ.
1875 2722 1925 2774 λ.

352 2817 614 2872 Ultimum
656 2834 669 2871 :
699 2817 887 2877 Ὅπως
920 2818 984 2869 ἐκ
1016 2817 1114 2885 τῆς
1149 2814 1568 2882 ἐπισυναγωγῆς
1600 2812 1710 2865 τῶν
1746 2813 1924 2866 τοιού-

351 2926 462 2961 των
495 2908 667 2974 λόγων
699 2910 726 2961 ὁ
758 2907 835 2975 τῷ
872 2908 1109 2978 Παλαμᾷ
1146 2906 1472 2976 φαντασθεὶς
1514 2906 1763 2969 άνούσιος
1796 2905 1928 2970 Θεὸς

349 2999 691 3070 δημιουργὸς
731 3000 827 3052 καὶ
867 2999 1145 3069 διοικητὴς
1188 3000 1542 3067 ἀναφαίνεται
1584 2999 1767 3066 πάσης
1810 2999 1928 3052 κτί-

2030 1905 2245 1968 buitur,
2282 1922 2517 1976 quorum
2558 1906 2771 1975 primus
2805 1906 2985 1975 capita
3025 1904 3273 1960 continet
3306 1902 3595 1958 tredecim.

2028 1995 2156 2050 Post
2187 1996 2405 2051 titulum
2447 1996 2741 2061 sermonis,
2799 1997 2892 2065 qui
2948 1996 3027 2050 sic
3090 1995 3276 2057 habet,
3332 1994 3452 2046 Τῶν
3497 1990 3597 2045 τοῦ

2028 2087 2354 2155 Παλαμικοῦ
2384 2088 2554 2156 τόμου
2588 2088 2913 2159 διακρίσεων
2946 2086 3038 2141 κο.)⁸
3068 2086 3314 2139 ἐνώσεων
3352 2084 3413 2137 τὸ
3438 2082 3596 2152 πρῶ-

2029 2196 2157 2244 τον,
2195 2188 2358 2248 caput
2390 2179 2631 2248 primum
2669 2179 3014 2248 inscriptum,
3078 2180 3175 2241 Τίς
3206 2180 3234 2231 ό
3285 2176 3378 2231 τοῦ
3435 2175 3595 2244 λόγου
3646 2182 3659 2187 ‘

2030 2269 2257 2331 σκοπὸς,
2286 2267 2397 2322 inc.
2439 2284 2455 2321 :
2504 2267 2591 2330 Ὠς
2650 2268 2715 2322 ἂν
2761 2268 2819 2320 δέ.
2874 2268 2970 2321 καὶ
3006 2267 3075 2319 δι’
3138 2264 3214 2321 ὦν
3269 2267 3605 2326 ἐπίστευσας

2028 2362 2178 2428 κοινῇ
2209 2359 2306 2429 τὴν
2336 2359 2515 2412 πᾶσαν
2540 2358 2665 2429 περὶ
2692 2359 2955 2424 ἐνώσεως,
2983 2361 3080 2413 καὶ
3123 2356 3446 2427 διακρίσεως
3502 2354 3588 2406 δι-

2028 2450 2336 2521 εξέλθωμεν
2362 2452 2577 2522 ἀνδρῶν
2596 2451 2801 2505 τούτων
2831 2450 3142 2521 θρησκείαν,
3163 2467 3218 2501 κ.
3240 2448 3290 2501 λ.
3310 2446 3598 2509 Ultimum,

2028 2542 2154 2602 Πῶς
2210 2540 2544 2610 ἐκφεύγουσι
2598 2542 2840 2611 νομίζειν
2902 2540 3152 2593 σύνθεσιν
3211 2538 3303 2591 ἐπὶ
3346 2535 3481 2589 Θεοῦ
3509 2534 3599 2588 διὰ

2026 2634 2231 2699 ταύτας
2263 2637 2362 2697 τὰς
2395 2635 2703 2705 διακρίσεις
2728 2634 2825 2687 καλ⁵
2878 2632 3122 2696 ἐνώσεις,
3155 2631 3275 2685 des.
3324 2628 3514 2696 Ὑμεῖς
3541 2626 3603 2679 δέ

2032 2726 2122 2779 διὰ
2177 2726 2272 2779 τὸν
2324 2726 2591 2796 Παλαμᾶν
2641 2725 2836 2796 μικρὸν
2869 2723 3048 2777 οῐεσθε
3098 2720 3291 2775 καὶτὸ
3340 2718 3601 2787 πολεμεῖν

2027 2817 2141 2880 τοῖς
2172 2815 2374 2885 ἁγίοις.
3354 2842 3359 2847 ι

2111 2908 2249 2964 VIII.
2282 2925 2405 2981 pag.
2441 2908 2565 2964 101.
2598 2908 2852 2965 Secundo
2880 2907 3119 2963 sermoni
3153 2906 3336 2962 nullus
3360 2904 3601 2977 capitum

2031 3002 2197 3058 index
2230 3004 2540 3072 praecurrit,
2582 3018 2703 3072 quae
2732 3012 2913 3057 tamen
2954 3016 3150 3056 novem
3211 3014 3331 3056 esse
3358 3015 3425 3054 ex
3454 2999 3603 3068 ipso-

351 3108 517 3156 cswr,
541 3092 632 3144 καὶ
654 3092 805 3154 τέλος
829 3092 1012 3161 πάσης
1040 3093 1459 3163 μακαριότητος.
1481 3090 1600 3161 Des.
1631 3092 1717 3155 Ὠς
1744 3091 1921 3159 ἔγωγε

2036 3110 2155 3148 rum
2183 3095 2467 3164 marginali
2489 3095 2877 3149 numeratione
2899 3103 3193 3148 eruuntur.
3224 3090 3553 3147 lnscribitur
3580 3106 3597 3143 :

349 3178 527 3251 οἶμαι,
554 3184 653 3253 τὴν
677 3183 971 3251 ἀπολογίαν
993 3182 1308 3252 δεδώκαμεν
1329 3200 1342 3213 ·
1373 3183 1465 3235 ἐπὶ
1488 3182 1555 3236 τὰ
1580 3182 1706 3251 ἑξῆς
1734 3181 1924 3251 ἴωμεν.

424 3272 515 3327 IV.
578 3287 630 3342 p.
668 3272 739 3325 25
789 3274 839 3325 b.
900 3272 1187 3327 Secundus
1249 3288 1429 3327 sermo
1478 3274 1687 3343 septem
1749 3274 1928 3341 capita

356 3364 767 3434 complectitur,
800 3379 1038 3434 quorum
1093 3364 1333 3433 primum
1365 3381 1379 3417 :
1417 3364 1608 3427 Ὅπως
1662 3364 1929 3432 Παλαμᾶς

354 3456 670 3524 σωματικὸν
715 3457 925 3526 εἰσάγει
954 3458 1042 3511 τὸν
1076 3455 1266 3509 ἐαυτοῦ
1299 3455 1549 3526 δεύτερον
1578 3455 1731 3510 Θεὸν.
1770 3456 1878 3510 Inc.
1908 3472 1922 3509 :

353 3549 633 3619 Πρόδηλον
672 3552 770 3618 μὲν
796 3548 911 3616 οὖν,
943 3549 1017 3611 ὡς
1061 3549 1089 3600 ὁ
1124 3548 1387 3616 Παλαμᾶς
1442 3549 1502 3601 τὸ
1558 3546 1930 3616 σπουδαζόμε-

352 3655 449 3699 νον
480 3639 611 3709 παρ⁹
642 3639 807 3693 αὑτοῦ
842 3641 959 3707 φῶς
992 3638 1066 3708 μὴ
1096 3634 1361 3709 εἶναιτὴν
1400 3637 1494 3691 τοῦ
1551 3637 1687 3690 Θεοῦ
1740 3637 1929 3689 ούσῖαν

355 3732 563 3801 φήσας,
593 3747 648 3785 κ.
674 3732 725 3785 λ.
757 3730 1055 3785 Ultimum:
1092 3730 1213 3784 ’Ότι
1265 3731 1325 3782 οὐ
1391 3730 1549 3799 μόνον
1607 3729 1770 3797 μέχρι
1807 3727 1927 3780 τού-

354 3839 469 3876 των
499 3821 606 3875 τῶν
664 3822 995 3875 ἀντιθέσεων
1048 3822 1263 3875 ἵσταται
1298 3821 1583 3890 Παλαμᾶς,
1648 3818 1767 3871 ἀλλ’
1824 3819 1926 3871 ὅσα

358 3917 479 3967 ἐστὶ
505 3914 627 3967 κατ’
656 3910 795 3976 εἶδος
824 3915 891 3968 τά
919 3914 1067 3979 ὄντα,
1095 3913 1352 3967 τοσαῦται
1404 3913 1496 3965 καὶ
1522 3913 1782 3980 διαφοραὶ
1819 3908 1928 3961 τῶν
1962 3902 1963 3905 “

353 4006 451 4060 δύο
473 4005 676 4059 τούτων
702 4006 847 4074 αὐτῷ
878 4005 1147 4074 θεοτήτων
1177 4004 1631 4057 άναπλάττονται.
1660 4000 1811 4056 Dcs.:
1838 3997 1928 4068 Τῷ

282 4090 285 4091 ν
353 4098 416 4151 δέ
462 4097 600 4167 πρὸς
628 4097 893 4167 Παλαμᾶν
932 4096 1083 4165 μίσει
1117 4094 1345 4148 καὶτῶν
1383 4094 1651 4161 θεολόγων
1691 4091 1927 4162 ἐπιλαμ-

355 4187 617 4242 ϐάνεσθε.

344 4274 345 4277 “
429 4279 494 4333 ν.
524 4294 649 4347 pag.
679 4277 769 4332 40.
821 4276 993 4331 Tertii
1047 4275 1317 4331 sermonis
1344 4276 1519 4343 capita
1548 4276 1677 4330 Sunt
1728 4291 1823 4331 sex
1873 4286 1930 4331 et

356 4371 577 4440 viginti.
611 4369 776 4422 Primi
822 4376 1207 4438 argumentum
1243 4374 1358 4421 est:
1400 4367 1589 4430 Ὅπως
1646 4368 1787 4437 ἀρχὴ
1819 4369 1928 4420 τῶν

2031 3185 2155 3238 Τῶν
2185 3187 2275 3238 ἐπὶ
2310 3186 2444 3238 Θεοῦ
2482 3187 2671 3248 οὐσίας
2735 3186 2829 3238 καὶ
2879 3186 3159 3256 ἐνεργείας
3211 3183 3457 3237 ἐνώσεων
3505 3181 3603 3235 καὶ

2029 3276 2361 3345 διακρίσεων
2394 3278 2453 3328 τὸ
2483 3276 2759 3346 δεύτερον.
2814 3275 3058 3330 Primum
3106 3282 3271 3344 caput
3313 3282 3396 3329 est
3420 3289 3437 3327 :
3463 3271 3601 3341 Περὶ

2028 3368 2138 3419 τῶν
2166 3366 2352 3430 άπλῶς
2383 3367 2914 3431 κατασκευαζόντων
2966 3365 3146 3436 ῥητῶν
3179 3365 3277 3429 τὴν
3309 3352 3594 3434 ’διαφορὰν

2028 3456 2130 3525 τῆς
2160 3456 2313 3521 θείας
2368 3457 2556 3520 οὐσίας
2610 3459 2706 3511 καὶ
2752 3458 3057 3527 ἐνεργείας.
3094 3457 3206 3511 Inc.
3252 3457 3317 3508 Ἠ
3354 3457 3452 3525 μὲν
3504 3452 3600 3506 οῦν

2032 3548 2298 3618 σύμπασα
2327 3548 2436 3600 τῶν
2469 3548 2678 3618 ἀνδρῶν
2718 3549 2922 3603 τούτων
2977 3550 3108 3618 περὶ
3140 3549 3202 3600 τὸ
3247 3548 3403 3600 Θεῖον
3457 3545 3601 3598 ἔνω-

2030 3658 2112 3704 σις
2151 3641 2245 3693 καὶ
2296 3641 2584 3709 διάκρισις.
2650 3639 2905 3694 Nonum:
2947 3640 3083 3708 Περὶ
3138 3638 3248 3692 τῶν
3311 3634 3600 3706 ἀναιρούν-

2028 3751 2136 3787 των
2186 3732 2436 3786 σύνθεσιν
2486 3734 2580 3785 ἐπὶ
2618 3716 2754 3786 Θεοῦ
2787 3731 3037 3799 γίνεσθαι
3069 3731 3157 3784 διὰ
3186 3730 3285 3801 τὴν
3318 3730 3415 3798 τῆς
3448 3728 3601 3791 θείας

2027 3827 2216 3890 οίισίας
2252 3830 2349 3883 καὶ⁸
2380 3826 2658 3897 ἐνεργείας
2716 3826 3002 3896 διαφοράν.
3056 3823 3220 3879 Des.:
3263 3822 3392 3877 Ἁπὺ
3430 3823 3601 3891 ἀκοῆς

2030 3936 2165 3986 πονη
2176 3921 2273 3989 ρᾶς
2312 3919 2371 3971 ού
2414 3919 2868 3990 φοϐηθησόμεθα.

2100 4009 2194 4064 IX.
2226 4025 2347 4080 pag.
2387 4011 2513 4066 106.
2547 4009 2721 4064 Tertii
2773 4010 3045 4065 sermonis
3078 4010 3259 4080 capita
3308 4016 3440 4063 sunt
3462 4006 3601 4061 duo-

2029 4099 2232 4169 decim,
2262 4116 2496 4170 quorum
2533 4100 2771 4170 primum
2802 4116 2817 4155 :
2851 4100 2974 4155 Ὂτι
3004 4100 3273 4171 διάκρισις
3330 4098 3423 4150 ἐπὶ
3460 4094 3599 4147 Θεοῦ

2030 4195 2124 4245 καὶ
2148 4191 2340 4255 ἓνωσις
2372 4191 2511 4261 αὕτη
2543 4193 2640 4245 καὶ
2694 4193 2829 4261 μόνη
2862 4193 3032 4257 ἐστὶν,
3090 4192 3157 4261 ἣν
3188 4188 3341 4258 παρὰ
3366 4186 3463 4239 τοῦ
3500 4203 3602 4257 με-

2033 4285 2201 4351 γάλου
2255 4284 2392 4337 Θεοῦ
2460 4286 2557 4338 καὶ
2611 4285 2866 4353 Σωτῆρος
2921 4283 3080 4353 ἡμῶν
3136 4282 3313 4351 Ἰησοῦ
3355 4278 3598 4349 Χριστοῦ

2029 4376 2316 4443 ὁμολογεῖν
2343 4375 2747 4444 παρελάϐομεν.
2774 4375 2920 4442 lnc.::
2944 4376 3009 4427 Ἀ
3026 4376 3126 4445 μὲν
3157 4370 3252 4427 οῦν
3277 4367 3424 4428 οὗτοι
3451 4373 3598 4426 πάν-

364 4460 461 4513 τοῦ
498 4461 737 4527 Παλαμᾶ
769 4459 1075 4528 δογμάτων,
1108 4459 1203 4511 καὶ
1233 4457 1514 4527 ὑποϐάθρα
1543 4458 1730 4510 πασῶν
1759 4456 1923 4509 αὑτοῦ
1958 4477 2001 4532 D
2025 4485 2095 4521 τα
2161 4468 2667 4536 συκοφαντήσαντες
2751 4466 3003 4533 θεολόγον
3086 4467 3167 4528 είς
3229 4464 3329 4534 τὴν
3410 4480 3600 4516 καινο-

361 4550 635 4621 αἱρέσεων
664 4552 696 4616 ή
722 4549 829 4601 τῶν
862 4548 1262 4601 Μασσαλιανῶν
1290 4550 1404 4601 ἐστι
1428 4548 1736 4600 δυσσέϐεια.
1779 4547 1918 4601 lnc.:

356 4645 504 4695 Ὅσα
532 4644 631 4709 μὲν
666 4637 759 4694 οὖν
803 4640 1123 4709 ἐγκυμονῶν
1148 4640 1411 4708 Παλαμᾶς
1452 4641 1546 4691 καὶ
1575 4638 1797 4703 ὠδίνων,
1832 4636 1925 4689 καὶ⁵

354 4736 561 4787 τίκτων
584 4732 689 4784 τὸν·
708 4733 829 4785 νέον
864 4733 1153 4802 προήγαγε
1188 4732 1341 4790 Θεὸν,
1370 4732 1429 4785 ὃν
1476 4734 1567 4784 κοιλ⁵
1597 4731 1927 4800 δημιουργὸν

354 4823 499 4879 εἶναι
525 4824 677 4878 τοῦδε
707 4824 805 4891 τοῦ
839 4823 1034 4885 παντὸς,
1065 4823 1458 4891 κατεψεύσατο,
1491 4841 1543 4877 κ.
1578 4825 1630 4876 λ.
1664 4822 1741 4875 En
1766 4838 1930 4892 argu-

355 4927 607 4973 mentum
630 4916 805 4971 ultimi
831 4933 845 4970 :
878 4915 1172 4979 Ίδιάζουσα
1200 4914 1411 4985 αἵρεσίς
1439 4918 1553 4968 ἐστι
1575 4914 1666 4967 τοῦ
1693 4914 1929 4983 Παλαμᾶ

356 5010 418 5062 τὸ
446 5009 628 5077 λέγειν
661 5007 947 5075 ἀνάλογον,
982 5005 1170 5076 ὥσπερ
1200 5008 1267 5060 τὰ
1306 5007 1364 5060 ἐν
1396 5006 1472 5075 τῷ
1521 5005 1668 5075 νόμῳ
1724 5008 1929 5076 μυστή-

360 5116 455 5169 ρια
487 5094 555 5169 ἦν
587 5097 681 5150 τοῦ
712 5097 1069 5165 Εύαγγελὶου,
1097 5098 1239 5150 οὕτω
1276 5100 1369 5152 καὶ
1421 5100 1489 5152 τά
1542 5101 1599 5151 ἐν
1632 5100 1707 5169 τῷ
1745 5098 1928 5166 Εὐαγ-

358 5191 525 5259 γελίῳ
557 5190 836 5259 μυστήρια
871 5185 940 5259 ἦν
970 5190 1078 5244 τῶν
1106 5191 1271 5244 αὐτοῦ
1302 5190 1605 5260 δογμάτων.
1643 5191 1767 5245 Des.
1798 5208 1813 5244 :
1867 5188 1932 5242 Ὀ.

358 5285 416 5336 δέ
453 5285 573 5344 ταῖς
601 5282 857 5335 ἁπάντων
887 5282 947 5333 ού
985 5283 1282 5352 παρέργως
1341 5284 1574 5345 ἐννοίαις
1620 5283 1930 5336 ἐπιστατῶν

358 5370 469 5427 οἶδε
501 5372 681 5434 καλῶς
720 5372 817 5442 τὴν
844 5372 1019 5443 ἀληθῆ
1039 5373 1261 5445 τάνδρὸς
1293 5376 1389 5428 καὶ
1411 5374 1708 5428 ἄπταιστον
1727 5375 1786 5428 ἐν
1813 5376 1927 5438 τοῖς

359 5467 623 5528 τοιούτοις
648 5464 911 5518 διάνοιαν.

430 5557 520 5613 VI.
564 5574 684 5628 pag.
723 5557 810 5613 75.
859 5557 1093 5623 Quartus
1122 5574 1300 5614 sermo
1332 5576 1385 5613 in
1410 5560 1585 5629 capita
1628 5562 1814 5616 decem
1843 5570 1928 5617 est

362 5652 706 5709 distributus.
758 5651 929 5706 Iudici
991 5667 1118 5706 vero
1147 5652 1415 5721 capitum,
1456 5652 1622 5708 totius
1657 5655 1927 5711 sermonis

371 5756 753 5815 argumentum
814 5744 1184 5809 praemittitur,
1232 5744 1377 5812 quod
1437 5744 1510 5799 ita
1566 5744 1728 5799 habet
1758 5763 1769 5800 :
1804 5745 1925 5798 Ὅτι

2030 4557 2225 4628 τομίαν
2255 4559 2355 4626 τῆς
2391 4558 2629 4620 πίστεως
2693 4558 3088 4627 παρειλήφασι,
3121 4574 3175 4609 κ.
3242 4556 3292 4609 λ.
3327 4553 3601 4609 Duodeci-

2031 4664 2218 4703 mum:
2260 4651 2385 4703 Ὀτι
2413 4648 2617 4712 διπλῶς
2643 4649 2862 4717 λέγεται
2901 4650 2935 4718 ἡ
2977 4650 3034 4702 ἐν
3095 4649 3225 4719 ἡμῖν
3256 4648 3410 4716 παρὰ
3459 4644 3600 4698 Θεοῦ

2032 4743 2215 4809 σοφία,
2248 4740 2280 4811 ἢ
2312 4741 2611 4810 ἁγαθότης,
2640 4741 2672 4811 ἢ
2711 4742 2847 4810 ζωὴ,
2878 4739 2911 4810 ἢ
2947 4739 3196 4809 δύναμις,
3255 4738 3286 4807 ῆ
3322 4738 3597 4804 ἐνέργεια.

2028 4834 2175 4889 Des.:
2193 4833 2383 4887 Σύνετε
2408 4833 2493 4899 δὴ,
2515 4834 2745 4903 ἄφρονες
2776 4833 2833 4884 ἐν
2862 4830 2938 4901 τῷ
2965 4830 3100 4900 λαῷ,
3126 4830 3220 4882 καὶ
3246 4826 3441 4897 μωροὶ,
3465 4825 3597 4877 ποτὲ

2030 4942 2066 4994 φ
2077 4927 2362 4995 ρονήσατε.

2099 5016 2167 5070 Χ.
2203 5030 2326 5084 pag.
2362 5015 2482 5069 118.
2523 5012 2713 5079 Quarti
2742 5011 3074 5081 capitasunt
3105 5015 3336 5081 septem,
3359 5019 3595 5076 quorum

2029 5109 2267 5179 primttm
2298 5116 2422 5161 est;
2477 5107 2610 5158 Τίνα
2660 5105 2818 5170 δόξαν
2848 5104 3007 5172 ἔσχον
3066 5101 3197 5169 περὶ
3229 5098 3324 5151 τοῦ
3376 5097 3594 5165 πρώτου

2030 5199 2440 5268 σημαινομένου
2469 5198 2567 5265 τῆς
2608 5195 2887 5264 ἐνεργείας
2935 5195 3029 5247 καὶ
3058 5194 3106 5245 οί
3133 5191 3238 5256 ἔξω
3284 5189 3593 5259 φιλόσοφοι.

2028 5289 2143 5344 Inc.
2168 5308 2182 5343 :
2217 5289 2420 5342 Τοῦτον
2445 5288 2640 5342 οὐκοῦν
2673 5288 2764 5340 τὸν
2784 5287 2983 5357 τρόπον
3000 5285 3095 5353 τῆς
3126 5283 3289 5337 ’ἑνεκα
3308 5280 3402 5333 τοῦ
3431 5280 3594 5349 ἔργου

2029 5379 2312 5451 ἐνεργείας
2352 5379 2724 5449 δεδειγμένης.
2756 5377 3060 5432 Ultimum:
3093 5376 3216 5437 Πῶς
3242 5374 3302 5427 τὸ
3333 5372 3477 5442 ἔχειν
3501 5371 3597 5423 ἐπὶ

2029 5472 2166 5524 Θεοῦ
2195 5472 2435 5537 λέγεται,
2460 5472 2553 5525 καὶ
2584 5471 2702 5534 πῶς
2747 5471 2807 5523 τὸ
2831 5467 2991 5533 εῖναι,
3024 5469 3117 5521 καὶ
3147 5468 3209 5519 τὸ
3264 5464 3343 5530 ἒν,
3381 5463 3475 5517 καλ¹
3530 5461 3602 5514 τὸ

2027 5564 2159 5626 Θεὸς
2193 5564 2401 5637 ὄνομα..
2420 5563 2569 5619 Des.:
2596 5564 2705 5618 Καὶ
2735 5564 2834 5636 ζῇν
2865 5564 3009 5634 ἡμᾶς
3029 5564 3085 5615 ἐν
3108 5557 3276 5627 αὐτῷ,
3301 5560 3396 5612 καὶ
3425 5551 3603 5625 εἶναι’,

2028 5654 2123 5707 καὶ
2158 5653 2423 5706 κινεῖσθαι
2444 5654 2813 5722 παρέστησεν.
3306 5686 3309 5687 ν

2102 5744 2186 5799 λι,
2230 5762 2282 5815 p.
2334 5746 2428 5802 1:26
2453 5749 2501 5800 ιι.
2539 5746 2722 5813 Quinti
2756 5746 2932 5817 capita
2958 5754 3084 5803 sunt
3121 5754 3231 5802 tres
3275 5752 3331 5801 et
3374 5734 3600 5814 viginti.
