3928 6212
324 306 436 371 ’105

1290 296 1590 361 CONTRA
1631 270 1997 358 BARLAAM
2035 293 2129 355 ET
2171 290 2651 353 ACINDYNUM.

3464 268 3605 354 ‘ms

329 438 489 475 πινον
519 417 615 472 τοῦ
654 411 919 485 Χριστοῦ.
951 410 1072 466 inc.
1111 430 1125 467 :
1158 411 1398 465 Δὺτόθεν
1450 409 1914 477 συναναφαίνεται
1942 441 1956 470 ι

2088 395 2443 468 Athanasius,
2481 420 2608 474 pag.
2640 402 2695 460 4.
2725 400 2797 456 65
2836 399 2887 454 b.
2948 399 3051 455 156
3077 400 3130 455 b.
3191 403 3255 454 ἐκ
3286 402 3381 456 τοῦ
3402 405 3483 467 εἰς
3507 406 3605 461 τὸν

331 515 429 568 καὶ
455 510 550 564 τὸν
575 509 683 581 πρὸ
712 507 810 577 τῆς
842 504 1127 576 παρακοῆς
1161 502 1469 573 ἄνθρωπον.
1510 501 1775 557 Ultimum
1808 516 1826 555 '.
1856 501 1918 554 Et

2030 500 2445 570 Εὐαγγελισμὸν
2468 498 2654 565 λόγου.
2688 510 2813 565 ρος.
2837 494 2909 548 52
2935 511 2988 547 a.
3021 494 3092 547 '52
3123 494 3173 549 b.
3210 494 3313 549 125
3336 495 3391 548 b.
3425 496 3529 551 179
3551 499 3603 551 θ.

338 603 417 672 μὴ
449 602 644 668 ὥσπερ
679 595 869 664 νοητὸς
903 591 1328 671 εἰδωλολάτρης.
1366 590 1462 642 καὶ
1488 589 1679 658 νοητὸς
1717 589 1923 640 εἶκονο-
2022 591 2154 648 545.
2179 592 2398 658 568.εέν
2430 592 2497 657 τῇ
2532 589 2670 659 πρὸς
2702 586 3030 655 Σεραπίωνα
3046 584 3309 656 ἐπιστολῇ
3364 586 3429 657 β’.
3482 604 3609 659 ρος.

298 706 306 711 '
358 696 556 765 μάχος,
591 689 688 743 καὶ
713 689 882 744 τᾶλλα
915 687 1024 739 τῶν
1056 687 1343 756 αἱρέσεων,
1399 680 1542 735 οὕτω
1575 681 1672 734 καὶ
1697 682 1925 733 Μασσα-

334 786 522 848 λιανδς
561 782 831 855 πμδηλός
876 783 997 833 ἐστι
1054 777 1345 847 Παλαμᾶς,
1410 774 1506 828 καὶ
1541 772 1741 834 παντὸς
1774 769 1925 841 αὐτῷ

332 874 768 946 σπουδάσματος
798 873 941 941 αῦτη
965 874 998 942 ἡ
1019 872 1231 941 αἵρεσις
1261 868 1354 920 καὶ
1378 865 1544 937 ἀρχὴ,
1592 864 1690 920 καὶ
1718 862 1928 933 συμπέ-

340 988 559 1043 ρασμα.
587 971 715 1023 Des.
737 984 754 1021 :
799 967 1017 1021 Ἐκεῖνα
1042 966 1137 1017 καὶ
1164 962 1273 1030 γὰρ
1295 959 1615 1029 πρηστῆρος
1646 956 1803 1024 δίκην
1830 953 1926 1018 τάς

339 1066 501 1135 ὑμῶν
534 1059 921 1133 φρυγανώδεις
967 1054 1347 1126 ἀποτεφροῦσι
1377 1051 1729 1123 μυθολογίας.

415 1152 609 1207 XXIII.
672 1165 797 1221 pag.
864 1148 992 1202 277.
1050 1146 1315 1215 Sequitur
1376 1142 1518 1197 liber
1568 1149 1818 1210 quartus,
1872 1138 1929 1191 in

344 1261 461 1318 quo
522 1256 810 1299 sermones
853 1250 970 1293 tres
1028 1234 1603 1307 comprehenduntur.
1661 1230 1933 1288 Praecedit

346 1336 693 1409 ιῐροθεωρία,
740 1332 900 1403 cujus
952 1330 1212 1384 initium“:
1268 1328 1343 1380 Τὸ
1403 1327 1664 1397 τέταρτον
1725 1323 1933 1392 βιϐλίον

350 1430 494 1501 πρὸς
526 1428 625 1489 τὰς
654 1425 808 1494 παρά
840 1422 949 1476 τῶν
983 1419 1337 1489 Παλαμητῶν
1364 1420 1600 1474 ἑκάστου
1633 1417 1728 1471 τοῦ
1750 1416 1931 1478 ἔτους,

256 1530 265 1537 ’
355 1542 414 1578 κ.
438 1524 490 1576 λ.
514 1520 702 1577 Finis:
741 1518 886 1589 ιιρδς
911 1518 1253 1570 ἀποστασίαν
1277 1514 1591 1583 ἐλέγχονται
1622 1512 1936 1581 παρρησια-

353 1616 593 1683 σάμεναι
625 1609 785 1663 Θεοῦ.
821 1607 1027 1663 Sermo
1044 1608 1259 1677 primus
1284 1603 1560 1673 capitibus
1578 1599 1936 1669 distinguitur

356 1706 708 1776 septuaginta
740 1712 1002 1771 quatuor,
1022 1713 1258 1769 quorum
1296 1697 1485 1751 tabula
1517 1693 1760 1750 sermoni
1804 1707 1939 1761 pra:~

2028 686 2119 742 G7.
2156 685 2217 738 tv
2242 687 2309 755 τῇ
2341 684 2481 754 πρὸς
2516 683 2739 752 Ἀρειον
2783 677 3043 744 διαλέξει.
3091 694 3214 749 ρος.
3256 679 3383 736 116.
3419 683 3480 734 tv
3531 680 3612 749 τῷ

2028 779 2172 850 ὑπὲρ
2194 778 2295 847 τῆς
2330 774 2551 829 συνόδου
2577 772 2983 843 ἀπολογητικῷ.
3012 787 3137 842 ρος.
3179 771 3282 825 119
3331 772 3530 827 6⁸125
3556 775 3610 826 b.

2031 873 2160 927 159.
2190 872 2250 924 ἐν
2274 870 2392 933 τοῖς
2418 867 2563 922 κατά
2604 865 2922 935 Ἀρειανῶν,
2962 879 3085 935 pag.
3127 863 3253 917 242.
3290 865 3347 918 ἐν
3379 864 3458 934 τῷ
3490 866 3615 919 κατ’

2030 964 2218 1019 αὐτῶν
2246 964 2310 1034 β’.
2341 978 2469 1033 ρος.
2508 960 2633 1013 124.
2661 958 2789 1014 272.
2815 960 2874 1011 ἐν
2906 957 2986 1028 τῷ
3014 958 3134 1011 κατ’
3159 956 3344 1012 αὐτῶν
3384 963 3453 1026 γ’.
3485 975 3613 1029 pag.

2035 1059 2162 1114 140.
2190 1058 2250 1108 ἐν
2274 1058 2342 1125 τῇ
2375 1054 2517 1107 κατὰ
2547 1051 2784 1105 Νικαίαν
2812 1049 3076 1115 διαλέξει.
3099 1064 3227 1119 ρος.
3262 1050 3386 1104 154.
3414 1051 3473 1103 ἐν
3493 1053 3617 1114 ταῖς

2034 1152 2172 1223 πρὸς
2208 1150 2481 1217 Ἀντίοχον
2532 1144 2883 1216 ἀποκρίσεσι.
2940 1158 3066 1213 ρος.
3111 1142 3231 1201 159.
3260 1145 3318 1197 tv
3361 1146 3427 1213 τῇ
3481 1144 3622 1214 πρὸς

2045 1241 2359 1312 Ἀνομοίους
2380 1238 2638 1304 διαλέξει.
2668 1253 2792 1309 ρος.
2829 1237 2935 1291 195
2985 1238 3033 1291 b.
3062 1236 3169 1290 515
3202 1238 3251 1292 b.
3293 1237 3350 1287 tv
3376 1235 3453 1305 τῷ
3493 1238 3624 1306 περὶ

2037 1333 2376 1405 σαρκώσεως
2424 1329 2526 1385 τοῦ
2572 1327 2813 1399 Χριστοῦ
2848 1327 3013 1396 λόγῳ.
3041 1340 3168 1396 pag.
3227 1325 3327 1379 197
3364 1326 3414 1378 b.
3449 1326 3507 1377 tv
3541 1326 3624 1393 τῷ

2036 1424 2161 1477 κατ’
2200 1418 2615 1490 Ἀπολλιναρίου
2642 1418 2811 1485 λόγῳ.
2835 1432 2958 1487 pag.
2994 1415 3119 1471 ead.
3154 1417 3213 1468 tv
3233 1413 3311 1484 τῷ
3340 1417 3472 1484 περὶ
3500 1415 3619 1481 τοῦ,

2037 1515 2119 1567 ὅτι
2144 1512 2327 1567 καλῶς
2345 1511 2564 1579 εἴρηται
2588 1510 2703 1570 τοῖς
2734 1508 2791 1558 ἐν
2850 1506 3061 1575 Νικαία
3085 1505 3369 1574 Πατράσιν
3413 1506 3445 1573 ὴ
3473 1503 3620 1569 λέξις

2037 1606 2133 1660 τοῦ
2162 1604 2473 1676 όμοουσίου,
2494 1602 2661 1671 λόγῳ.
2719 1616 2844 1671 pag.
2875 1598 3003 1653 201.

2114 1698 2348 1754 Basilius
2399 1711 2524 1765 pag.
2578 1695 2633 1748 4.
2673 1692 2762 1748 55.
2817 1691 2941 1747 105.
2983 1690 3089 1745 115
3120 1691 3170 1746 b.
3204 1690 3330 1746 116.
3373 1690 3402 1744 ὁ
3441 1688 3543 1745 117
3574 1689 3625 1744 b.

353 1798 463 1852 ﬁxa
491 1798 639 1851 hunc
660 1793 889 1849 exhibet
925 1793 1145 1848 titulum
1172 1809 1186 1845 :
1216 1789 1297 1843 Τὰ
1325 1788 1456 1859 περὶ
1487 1787 1587 1856 τῆς
1612 1785 1721 1838 τῶν
1757 1784 1937 1836 Παλα-

2065 1790 2148 1845 ι56
2198 1791 2247 1842 b.
2293 1786 2416 1842 160.
2454 1785 2575 1857 164.
2627 1785 2747 1840 169.
2805 1785 2863 1837 ἐν
2901 1778 2969 1855 τῇ
3005 1782 3145 1854 πρδς
3186 1781 3490 1836 Εὖστάθιον
3535 1781 3631 1833 τὸν

356 1888 550 1958 μητῶν
573 1886 921 1947 ἀποστασίας
958 1884 1015 1937 ἐν
1065 1881 1143 1953 τῷ
1168 1881 1370 1951 πρώτῳ
1398 1878 1544 1949 λόγῳ
1596 1891 1938 1930 κατασκευασ-

354 1982 587 2049 ζόμενα.
617 1978 861 2033 Primum
892 1982 1203 2045 caputest:
1238 1972 1537 2040 Εἰσαγωγὴ
1580 1969 1691 2023 τῶν
1740 1966 1939 2020 ἀναθε-

361 2069 678 2140 ματισμῶν,
708 2068 806 2120 καὶ
828 2066 896 2119 δι’
919 2065 986 2138 ἢν
1011 2065 1192 2119 αἰτίαν
1219 2063 1325 2117 ἀπὸ
1349 2060 1444 2114 τοῦ
1476 2061 1655 2131 φωτὸς
1682 2057 1937 2130 ἤρξαντο.

362 2164 626 2220 Ultimum
658 2179 671 2215 :
718 2158 1243 2230 Ἀνακεφαλαίωσις,
1273 2156 1341 2209 δι’
1370 2156 1513 2225 ἆπερ
1555 2153 1701 2224 ἡμᾶς
1733 2152 1944 2219 ἀποκη-

344 2256 644 2327 ρύττουσι,
696 2255 793 2306 καί⁵
844 2254 993 2315 ὅπως
1048 2253 1082 2321 ἡ
1150 2250 1283 2319 περὶ
1329 2249 1538 2301 τούτων
1599 2242 1944 2312 ἀποκήρυξις

366 2352 534 2417 εὐχῆς
558 2350 700 2417 ἡμῖν
738 2348 923 2417 ἔργον,
981 2347 1078 2397 καὶ
1117 2344 1200 2397 ὅτι
1242 2341 1456 2401 τούτοις
1514 2338 1711 2408 μᾶλλον
1747 2338 1780 2406 ἠ
1813 2336 1950 2387 ἀπο-

367 2438 599 2509 κήρυξις
627 2437 921 2507 προσήκει,
952 2433 1024 2497 ὡς
1059 2432 1399 2493 ἀποστάταις
1431 2430 1531 2497 τῆς
1552 2427 1660 2483 τῶν
1684 2428 1948 2496 Χριστια-

362 2530 474 2582 νῶν
503 2527 839 2588 θεοσεϐείας.
872 2523 1069 2601 Incipit
1104 2537 1287 2579 sermo
1317 2540 1330 2575 :
1362 2520 1506 2573 Ὅσα
1539 2519 1639 2588 μὲν
1677 2513 1770 2569 οὖν
1824 2514 1951 2566 σκέ-

367 2622 604 2693 ψασθαι,
643 2620 773 2689 περὶ
801 2613 874 2671 ὧν
927 2620 953 2670 ὁ
1004 2616 1330 2685 καινοτόμος
1376 2606 1530 2675 οὗτος
1568 2608 1948 2680 παραϐέϐηκε,

364 2732 428 2769 κ.
462 2714 513 2766 λ.
542 2714 665 2767 Des.
697 2729 711 2765 :
744 2711 856 2765 Καὶ
884 2710 981 2770 τὰς
1001 2706 1247 2769 εὐσεϐεῖς
1275 2705 1457 2773 φωνάς
1485 2719 1546 2755 τε
1574 2703 1670 2755 καὶ
1688 2699 1840 2764 δόξας
1872 2699 1953 2760 εἰς

358 2805 679 2863 πούναντίον
715 2802 1067 2871 περιτρέπειν
1092 2798 1418 2867 ἐπιχειρεῖν.

443 2896 632 2952 XXIV.
667 2911 789 2965 pag.
820 2895 945 2948 552.
986 2889 1225 2947 Secundi
1254 2885 1527 2944 sermonis
1559 2884 1739 2954 capita
1764 2882 1952 2953 decem

368 2997 769 3051 numerantur,
802 2997 1036 3055 quorum
1068 2982 1254 3037 tabula
1305 2993 1681 3050 praeurrens,
1733 2976 1953 3030 titulum

2044 1880 2229 1954 ἰατρὸν
2284 1878 2571 1944 ἐπιστολῇ.
2610 1892 2735 1947 pag.
2786 1875 2879 1931 27.
2934 1875 3059 1930 125.
3120 1874 3217 1929 181
3256 1877 3308 1928 b.
3343 1874 3465 1928 187.
3495 1872 3623 1928 565.

2041 1973 2102 2024 ἐν
2133 1974 2200 2041 τῇ
2238 1968 2373 2038 πρὸς
2412 1968 2724 2038 Τερέντιον.
2783 1980 2908 2035 ρος.
2962 1965 3062 2020 195
3112 1964 3165 2019 b.
3224 1964 3283 2017 tv
3344 1964 3412 2033 τῇ
3444 1970 3452 2010 ῐ
3488 1963 3629 2032 πρὸς

2037 2061 2382 2130 Καισαρίας.
2428 2074 2548 2129 pag.
2585 2058 2693 2112 200
2723 2058 2773 2110 b.
2803 2055 2912 2111 205
2962 2056 3013 2108 b.
3055 2057 3114 2108 tv
3142 2056 3208 2125 τῇ
3241 2052 3335 2107 τοῦ
3380 2053 3464 2122 μδ⁹
3497 2053 3633 2123 ψαλ-

2048 2153 2151 2225 μοῦ
2203 2153 2489 2223 ἐξηγήσει.
2533 2165 2656 2220 pag.
2693 2149 2761 2202 27
2802 2149 2850 2202 b.
2896 2148 2987 2201 51.
3021 2146 3129 2200 220
3156 2147 3206 2200 b.
3242 2146 3299 2198 tv
3326 2149 3393 2215 τῇ
3429 2145 3509 2207 είς
3539 2147 3633 2198 τὸν

2046 2244 2145 2317 λβ¹έ
2188 2244 2406 2315 ψαλμὸν
2437 2241 2645 2313 ὁμιλίᾳ.
2681 2256 2807 2311 ρος.
2849 2239 2958 2294 249
3014 2240 3064 2294 b.
3090 2239 3217 2293 272.
3257 2240 3316 2290 tv
3346 2239 3425 2308 τῷ
3446 2242 3494 2291 α’
3524 2237 3636 2290 τῶν

2048 2335 2450 2410 ἀντιῤῥητικῶν
2497 2334 2666 2403 λόγῳ.
2711 2348 2833 2403 ρος.
2887 2332 2977 2387 54.
3020 2330 3124 2385 122
3154 2332 3205 2385 b.
3272 2330 3374 2385 146
3415 2330 3468 2385 b.
3501 2328 3635 2384 212.

2050 2429 2174 2484 367.
2214 2429 2272 2479 tv
2305 2426 2381 2495 τῷ
2417 2425 2462 2495 β’
2488 2425 2597 2478 τῶν
2642 2423 2841 2476 αὐτῶν.
2881 2438 3005 2492 ρος.
3041 2421 3111 2475 29
3147 2423 3197 2475 ο.
3235 2420 3338 2475 100
3366 2422 3415 2474 b.
3452 2420 3554 2474 ηε
3581 2420 3637 2474 ιυ.

2053 2521 2155 2577 159
2201 2521 2251 2574 b.
2304 2519 2429 2573 185.
2480 2516 2582 2571 188
2627 2516 2677 2569 b.
2708 2514 2815 2569 206
2849 2514 2899 2569 ί).
2942 2514 3071 2568 212.
3106 2516 3163 2567 tv
3202 2514 3279 2585 τῷ
3316 2513 3510 2582 γἐτῶν
3541 2504 3641 2567 αὖ-

2051 2613 2182 2666 τῶν.
2241 2625 2366 2679 pag.
2413 2608 2537 2662 125.
2569 2607 2627 2659 tv
2663 2605 2743 2674 τῷ
2776 2604 2820 2658 δ’
2850 2604 2960 2657 τῶν
2988 2603 3193 2658 αὐτῶν.
3231 2620 3353 2675 ρος.
3401 2606 3491 2659 67.
3567 2604 3637 2659 95

2054 2707 2104 2757 b.
2140 2703 2240 2757 1H
2287 2702 2336 2755 b.
2368 2698 2476 2755 260
2516 2692 2587 2753 ὁ.
2618 2697 2727 2751 202
2771 2696 2819 2751 ὁ.
2869 2694 2977 2749 206
3010 2698 3059 2750 ὁ.
3088 2694 3216 2750 242.
3263 2696 3368 2750 544
3425 2694 3477 2752 b.
3511 2694 3637 2751 575.

2056 2801 2114 2853 tv
2143 2798 2221 2868 τῷ
2253 2797 2391 2865 πρὸς
2432 2791 2789 2863 ’Δμφιλόχιον
2833 2787 3288 2859 χειροτονηθέντα
3313 2787 3637 2842 ἐπίσκοπον.

2056 2905 2184 2962 pag.
2242 2890 2366 2943 175.
2400 2887 2527 2943 576.
2567 2886 2631 2938 ἐκ
2664 2883 2774 2938 τῶν
2822 2882 2957 2953 προς
3014 2881 3176 2934 αὐτὸν
3219 2880 3507 2949 κεφχλαίῳ
3562 2879 3631 2934 θ’.

2059 3001 2182 3056 pag.
2223 2984 2287 3037 51
2338 2982 2389 3034 b.
2441 2982 2506 3033 ἐκ
2537 2980 2648 3032 τῶν
2708 2977 2844 3047 πρδς
2901 2975 3063 3029 αὑτὸν
3092 2992 3217 3044 κεφ.
3271 2972 3360 3029 ιθθ.
3394 2988 3516 3045 pag.
3550 2972 3642 3029 59.

370 3083 651 3155 superiori
672 3081 907 3136 similem
932 3076 1169 3147 praefert.
1192 3072 1436 3133 Primum
1458 3080 1581 3129 est:
1610 3070 1747 3141 Περὶ
1772 3070 1871 3135 τῆς
1893 3069 1952 3121 tv

2065 3078 2151 3133 46.
2202 3075 2272 3131 91
2302 3075 2353 3129 b.
2394 3074 2454 3127 tv
2484 3071 2564 3142 τῷ
2596 3071 2705 3125 τῶν
2733 3070 2864 3142 περὶ
2898 3068 3029 3122 Υίοῦ
3055 3068 3319 3139 δευτέρῳ.
3356 3082 3480 3137 ρος.
3518 3066 3643 3122 116.

370 3180 551 3230 ἅπασι
578 3171 896 3233 δυσσεϐείας
922 3169 1149 3232 τούτων,
1172 3166 1268 3219 καὶ
1289 3165 1387 3234 τῆς
1409 3163 1518 3216 τῶν
1533 3162 1707 3232 λόγων
1725 3161 1952 3226 τάξεως.

374 3269 642 3326 Ultimum
676 3283 692 3320 :
727 3264 990 3325 Ἕκθεσις
1021 3263 1121 3331 τῆς
1153 3262 1254 3330 τῆς
1289 3255 1629 3317 ἀποστασίας
1680 3253 1960 3321 ἀνακηρύ-

377 3364 542 3427 ξεως,
558 3360 655 3412 καὶ
677 3359 711 3428 ἡ
721 3357 834 3427 μῶν
855 3356 991 3428 πρὸς
1011 3354 1244 3406 ἕκαστον
1256 3350 1499 3417 ἐλεγχος.
1520 3346 1720 3415 incipit
1738 3359 1921 3399 sermo
1942 3361 1956 3398 :

372 3455 448 3508 Τί
469 3456 536 3509 ἄν
559 3469 649 3515 τις
682 3452 829 3503 εῖποι
862 3447 998 3518 πρὸς
1032 3447 1133 3507 τὰς
1158 3441 1357 3505 λοιπὰς
1388 3440 1499 3493 τῶν
1525 3439 1676 3509 ἀρῶν
1716 3435 1960 3506 ἀφορῶν,

374 3566 438 3602 κ.
460 3547 515 3602 λ.
548 3546 675 3600 Des.
714 3560 729 3598 :
759 3543 871 3595 Καὶ
900 3540 1116 3609 αίτιατή
1157 3538 1296 3600 ἐστι,
1323 3534 1419 3588 καὶ
1446 3533 1554 3600 πρὸ
1583 3528 1690 3582 τῶν
1726 3528 1962 3593 αἰώνων,

378 3638 491 3692 κᾶν
521 3632 938 3706 διαρῤαγείητε.

457 3728 625 3784 XXV.
658 3742 717 3795 p.
745 3724 845 3779 551
876 3723 928 3775 ὁ.
952 3719 1174 3776 Tertius
1202 3717 1423 3772 tandem
1455 3722 1511 3770 et
1534 3711 1765 3768 ultimus
1782 3722 1966 3765 sermo

382 3821 543 3879 nullo
570 3819 811 3888 capitum
844 3814 1026 3869 indice
1049 3809 1409 3881 przece'ditur;
1436 3804 1758 3861 inscribitur
1781 3809 1965 3855 tamen

382 3913 548 3968 Κατά
590 3912 690 3979 τῆς
736 3908 847 3961 τῶν
883 3904 1228 3973 Παλαμητῶν
1275 3898 1645 3960 ἀποστασίας.
1690 3897 1800 3950 Inc.
1844 3893 1989 3965 ιΤὸ.

382 4003 588 4073 ψεῦδος
613 4002 714 4054 οὐκ
736 3998 959 4053 ἄλλοθέν
986 4013 1075 4067 μοι
1108 3994 1257 4047 δοκεῖ
1308 4009 1382 4045 πα
1394 3990 1766 4062 ρωνομάσθαι.
1792 3986 1915 4041 Des.
1954 4002 1969 4041 :

386 4097 552 4151 Ἐπεὶ
583 4094 706 4148 οὺδέ
733 4092 954 4163 θελήσει
983 4089 1260 4159 καθάπερ,
1283 4088 1495 4157 εἴρηκε,
1523 4083 1667 4138 θέλει
1690 4083 1781 4137 τὸν
1812 4081 1975 4136 Θάνα-

388 4206 487 4243 τον
524 4185 621 4240 τοῦ
655 4180 1105 4255 ἁμᾶρτωλοῦ,ὡς
1137 4179 1202 4237 τὸ
1245 4176 1580 4248 ἐπιστρέψαι
1614 4175 1715 4228 καὶ
1744 4173 1847 4245 ζῇν
1870 4176 1973 4227 αὖ·

395 4283 499 4335 τόν
522 4295 538 4312 ⁶
576 4280 792 4347 γένοιτο
822 4275 1026 4338 τοίνυν,
1066 4267 1111 4327 ὦ
1139 4272 1316 4342 Κύριε
1345 4287 1359 4302 ο
1400 4272 1465 4322 σὺ
1495 4270 1601 4340 γὰρ
1639 4266 1976 4322 παντοδύνα-

395 4392 501 4447 μος
534 4374 631 4426 καὶ
662 4371 1045 4441 φιλάνθρωπος
1070 4367 1150 4430 είς
1182 4365 1307 4428 τοὺς
1335 4362 1561 4425 αἰῶνας.
1599 4362 1797 4432 Ἀμήν.

2062 3171 2119 3222 tv
2146 3168 2225 3238 τῷ
2272 3167 2403 3236 περὶ
2449 3164 2710 3226 πίστεως.
2765 3179 2887 3234 pag.
2933 3160 3032 3217 129
3089 3161 3140 3215 b.
3170 3164 3227 3213 tv
3266 3159 3348 3229 τῷ
3376 3160 3506 3230 περὶ
3548 3158 3649 3211 αὑ-

2061 3262 2161 3331 τῆς
2205 3258 2370 3328 λόγῳ,
2408 3249 2536 3326 οῦή
2584 3256 2749 3326 ἁρχὴ,
2820 3254 2957 3307 Θεοῦ
3015 3252 3108 3307 τοῦ
3169 3251 3376 3320 ἀγαθοῦ
3436 3252 3647 3321 χάριτι.

2063 3366 2187 3420 pag.
2227 3349 2334 3403 259
2373 3348 2424 3402 b.
2462 3349 2520 3401 tv
2547 3347 2626 3417 τῷ
2650 3343 2701 3399 α’
2734 3345 2845 3398 τῶν
2873 3344 3324 3412 συλλογιστικῶν.
3359 3357 3485 3413 pag.
3521 3342 3648 3396 156.

2066 3445 2124 3496 ἐν
2175 3443 2298 3504 ταῖς
2345 3441 2544 3511 ἀρχαῖς
2575 3438 2686 3491 τῶν
2745 3437 3061 3507 παροιμιῶν
3119 3439 3251 3505 περὶ
3295 3436 3394 3503 τῆς
3437 3437 3495 3487 tv
3534 3436 3651 3496 τοῖς

2066 3534 2186 3589 οῦσι
2240 3535 2433 3604 σοφίας
2485 3531 2581 3585 τοῦ
2614 3530 2774 3584 Θεοῦ.
2818 3545 2942 3601 pag.
2987 3530 3113 3585 159.
3152 3530 3329 3603 ἐνητῇ
3399 3527 3496 3580 τοῦ
3546 3528 3651 3595 τῆς

2068 3630 2379 3699 ἐξαημέρου
2405 3624 2625 3693 πρώτου
2656 3624 2816 3691 λόγου
2847 3622 3129 3692 ἐξηγήσει.
3173 3636 3298 3691 ρος.
3346 3618 3449 3673 162
3496 3619 3547 3674 b.
3594 3620 3653 3671 tv

2068 3724 2147 3795 τῷ
2178 3722 2278 3792 τῆς
2315 3720 2625 3789 ἐξαημέρου
2664 3718 2831 3787 ἕκτῳ.
2856 3731 2980 3786 pag.
3026 3714 3131 3768 207
3174 3714 3226 3767 b.
3259 3715 3318 3766 tv
3364 3714 3477 3771 τοῖς
3521 3713 3654 3782 περὶ

2031 3882 2036 3886 _
2071 3815 2165 3871 τοῦ
2201 3815 2358 3884 ἁγίου
2407 3811 2725 3882 [Ινεύματος
2786 3804 3250 3877 ἀντιλεγομένοις.
3296 3818 3419 3874 ρος.
3447 3802 3573 3858 549.
3603 3802 3657 3859 b.

2142 3910 2401 3966 Clemens
2431 3922 2555 3976 pag.
2588 3904 2713 3957 157.

2145 4000 2373 4069 Κοσμᾶς
2400 4012 2523 4067 pag.
2557 3994 2683 4049 225.
2717 3994 2775 4045 tv
2806 3991 2916 4054 τοῖς
2944 3989 3037 4042 ἐπὶ
3068 3985 3168 4059 τὴν
3198 3985 3392 4057 ἑορτὴν
3435 3984 3656 4065 (nempe

2080 4060 2583 4166 μεταμορφώσεως)
2637 4084 2903 4156 ᾄσμασιν.
2960 4094 3080 4150 ρος.
3127 4079 3234 4133 219
3272 4078 3321 4132 b.
3357 4077 3415 4129 tv
3454 4060 3533 4147 τῷ
3573 4079 3656 4140 είς

2078 4188 2177 4256 τὴν
2211 4182 2641 4256 μεταμόρφωσιν
2671 4178 2835 4247 λόγῳ.
2862 4190 2987 4245 ρος.
3039 4170 3167 4227 226.

2149 4275 2382 4349 Cyrillus
2449 4269 2854 4326 Alexandrinus
2908 4281 3033 4336 pag.
3084 4264 3155 4318 24
3204 4264 3256 4316 b.
3303 4259 3404 4317 100
3437 4261 3485 4316 b.
3538 4260 3661 4317 120.

2085 4372 2207 4427 124.
2263 4368 2389 4423 125.
2432 4365 2555 4420 161.
2598 4363 2725 4417 200.
2756 4362 2813 4413 ἐν
2854 4360 2965 4422 τοῖς
3000 4359 3335 4428 Θησαυροῖς.
3385 4370 3509 4427 pag.
3540 4356 3665 4411 167.

468 4464 870 4521 Distributione
900 4462 1071 4515 totius
1103 4458 1289 4529 Operis
1316 4457 1502 4518 allata,
1542 4470 1611 4510 ne
1645 4454 1778 4524 quid
1810 4452 1956 4506 lecto

2085 4465 2141 4516 ἐν
2166 4461 2246 4532 τῷ
2275 4466 2324 4513 α’
2358 4460 2467 4512 τῶν
2494 4456 2674 4512 αὐτῶν
2725 4453 2889 4521 λόγῳ.
2934 4467 3057 4521 pag.
3091 4448 3178 4517 50.
3209 4448 3299 4504 96.
3357 4450 3415 4501 tv
3462 4448 3542 4517 τῷ
3566 4450 3661 4501 τοῦ

405 4576 530 4617 rem
561 4557 902 4621 fraudemus,
931 4567 1113 4624 opera:
1146 4550 1382 4621 pretium
1408 4548 1696 4610 duximus,
1746 4546 1891 4615 quod
1923 4552 1979 4598 et

396 4650 537 4706 alibi
587 4648 781 4703 fecisse
812 4660 925 4700 non
960 4644 1217 4713 paenitet,
1246 4652 1537 4696 auctorum
1571 4637 1815 4701 nomina,
1846 4650 1981 4701 quo-

397 4760 524 4800 rum
570 4739 953 4797 enarrationes
996 4736 1198 4807 passim
1260 4735 1594 4794 afferuntur,
1657 4744 1873 4792 eruere,
1926 4735 1982 4782 et

397 4835 627 4909 quidem
684 4832 1036 4903 alphabetico
1095 4828 1291 4884 ordine
1349 4825 1580 4896 digesta,
1641 4820 1979 4891 singulorum

400 4932 571 4988 etiam
610 4927 894 4999 operibus,
922 4925 1118 4981 iisdem
1152 4936 1382 4994 prorsus
1430 4917 1638 4983 verbis,
1671 4916 1872 4986 quibus
1926 4913 1982 4967 in

403 5026 598 5081 codice
632 5022 994 5083 adnotantur,
1051 5031 1215 5087 quam
1277 5012 1513 5068 maxima
1551 5010 1835 5080 potuimus
1866 5006 1986 5060 bre-

404 5122 579 5175 vitate
610 5116 892 5186 subjectis.
924 5112 966 5166 li
997 5124 1127 5165 vero
1154 5116 1286 5163 sunt
1313 5123 1328 5162 :

485 5210 727 5266 Andreas
759 5203 1044 5261 Cretensis
1074 5216 1198 5272 pag.
1235 5200 1289 5265 5,
1329 5198 1382 5259 6,
1435 5194 1561 5250 249.
1619 5194 1710 5245 ’Ev
1770 5189 1847 5260 τῷ
1890 5189 1990 5257 τῆς

410 5298 896 5375 μεταμορφώσεως
929 5294 1095 5362 λόγῳ,
1128 5305 1253 5361 ρος.
1289 5290 1361 5344 25
1392 5286 1443 5341 b.
1467 5285 1558 5339 28.

478 5390 824 5451 Anastasius,
875 5401 999 5457 pag.
1064 5385 1166 5437 11:.)
1215 5384 1267 5436 b.
1326 5380 1427 5434 150
1479 5380 1531 5432 ὑ.
1562 5375 1667 5431 260
1712 5374 1878 5428 b.‘Ev
1909 5372 1988 5442 τῷ

410 5489 541 5557 περὶ
580 5483 994 5553 ἀνεπιγρὰπτου
1034 5479 1205 5547 λόγῳ,
1263 5491 1387 5546 pag.
1436 5473 1504 5527 54
1536 5469 1746 5533 b.102,‘
1776 5468 1901 5525 575.
1931 5468 1990 5519 ὲν

410 5578 492 5648 τῷ
520 5578 648 5648 περὶ
673 5574 933 5644 ἀληθείας
996 5570 1174 5642 ὀρθῶν
1229 5569 1523 5640 δογμάτων
1575 5563 1798 5635 πρώτῳ,
1862 5576 1990 5631 pag.

414 5672 519 5726 129
546 5670 600 5725 b.
656 5669 779 5724 151.
828 5664 985 5735 ἐντῷ
1043 5667 1123 5727 εἰς
1172 5664 1272 5734 τὴν
1331 5659 1765 5733 μεταμόρςωσιν
1821 5656 1988 5725 λόγῳ,

415 5776 538 5838 ρος.
564 5759 671 5816 220
708 5760 759 5813 b.
792 5757 900 5812 221
933 5756 984 5810 b.
1014 5754 1120 5810 255
1150 5755 1228 5830 ὺη
1446 5758 1451 5762 ’

2082 4552 2247 4611 αὐτοῦ
2278 4551 2441 4617 λόγου
2491 4546 2776 4617 κεφαλαίῳ
2829 4545 2898 4615 β’,
2934 4558 3055 4612 pag.
3101 4541 3170 4595 65
3205 4541 3254 4594 ὁ.
3288 4541 3343 4593 ἐν
3377 4538 3453 4609 τῷ
3486 4539 3528 4609 β’
3564 4538 3671 4592 τῶν

2081 4645 2260 4701 αὐτῶν
2294 4643 2439 4712 λόγῳ
2475 4658 2601 4708 κεφ.
2636 4638 2703 4708 β’,
2741 4652 2865 4708 pag.
2928 4634 3030 4688 149
3075 4634 3125 4688 b.
3171 4634 3228 4685 tv
3250 4630 3329 4703 τῷ
3361 4629 3402 4684 ε’
3429 4631 3535 4684 τῶν
3577 4630 3672 4683 αὺ-

2083 4737 2190 4795 τῶν
2219 4738 2386 4807 λόγῳ.
2441 4749 2567 4805 pag.
2616 4731 2710 4787 65.
2775 4727 3065 4784 116.122.
3122 4724 3229 4781 545
3284 4726 3334 4778 b.
3383 4724 3443 4776 tv
3500 4723 3579 4792 τῷ
3626 4722 3671 4786 ζ’

2085 4828 2419 4885 τῶναύτῶν.
2458 4842 2583 4895 pag.
2622 4822 2721 4878 158
2753 4822 2805 4876 b.
2852 4822 2911 4874 tv
2941 4818 3017 4889 τῷ
3058 4824 3125 4870 ια’
3159 4815 3268 4868 τῶν
3307 4812 3507 4869 αὐτῶν.
3545 4827 3669 4883 pag.

2086 4923 2176 4977 47.
2229 4919 2355 4975 120.
2422 4917 2525 4971 185
2583 4915 2634 4970 b.
2705 4916 2763 4967 tv
2830 4912 2907 4981 τῷ
2975 4909 3036 4963 ιδ’
3092 4907 3202 4961 τῶν
3279 4906 3481 4960 αὐτῶν.
3542 4920 3669 4976 pag.

2091 5012 2193 5069 120
2255 5014 2305 5067 b.
2362 5013 2420 5064 tv
2482 5008 2559 5078 τῷ
2616 5012 2664 5059 κ’
2721 5005 2829 5057 τῶν
2882 5002 3084 5055 αὐτῶν.
3135 5015 3260 5071 pag.
3353 4998 3458 5054 152
3514 5000 3564 5052 b.
3615 5001 3674 5050 tv

2088 5103 2166 5173 τῷ
2226 5102 2307 5154 λα’
2376 5098 2487 5152 τῶν
2535 5095 2737 5149 αὐτῶν.
2810 5108 2934 5163 pag.
2992 5091 3117 5145 119.
3174 5092 3232 5141 ἐν
3300 5087 3376 5159 τῷ
3422 5087 3502 5158 λβ¹
3565 5088 3676 5140 τῶν

2091 5192 2290 5245 αὐτῶν.
2335 5202 2459 5258 pag.
2504 5185 2568 5237 71
2611 5181 2855 5254 battpr
2909 5180 3190 5249 Ἑρμείαν.
3238 5192 3359 5247 pag.
3412 5176 3482 5229 52
3516 5178 3567 5230 b.
3621 5178 3679 5227 tv

2090 5284 2170 5354 τῷ
2198 5281 2335 5351 πρὸς
2364 5276 2529 5332 αὐτὸν
2556 5272 2817 5344 δευτέρῳ.
2872 5287 2996 5342 ρος.
3027 5270 3129 5325 125
3159 5272 3208 5324 b.
3269 5272 3326 5322 tv
3354 5268 3433 5339 τῷ
3462 5267 3503 5319 ε’
3538 5265 3678 5334 πρὸς

2093 5375 2277 5429 αὐτόν.
2314 5386 2440 5442 ρος.
2483 5366 2586 5422 159
2615 5367 2665 5423 b.
2710 5366 2767 5418 tv
2796 5365 2871 5435 τῷ
2898 5364 2942 5429 ζ’
3001 5364 3139 5433 πρὸς
3170 5362 3357 5414 αὐτόν.
3396 5376 3519 5430 pag.
3571 5357 3679 5411 255

2096 5469 2147 5523 b.
2186 5469 2245 5520 tv
2274 5465 2385 5525 τοῖς
2413 5462 2491 5523 είς
2514 5458 2606 5513 τὸν
2674 5456 2930 5511 Ἡσαΐαν.
2961 5469 3088 5525 pag.
3143 5452 3246 5507 155
3286 5453 3337 5507 b.
3383 5452 3463 5513 είς
3490 5449 3551 5501 τὸ
3576 5446 3672 5500 τοῦ

2106 5558 2328 5612 Ἠσαίου
2359 5552 2542 5627 ῥητὸν,
2573 5569 2591 5601 ι
2636 5550 2692 5601 Ἐ
2705 5547 3113 5602 παναπαύσεται
3138 5543 3223 5598 ἐπ’
3247 5542 3412 5596 αὐτὸν
3447 5538 3676 5608 Πνεῦμα

2096 5650 2327 5722 Κυρίου,
2359 5669 2377 5699 ι
2451 5664 2506 5699 κ.
2542 5644 2593 5698 λ.
2628 5658 2759 5714 ρος.
2791 5642 2881 5697 68.
2938 5640 2995 5694 tv
3043 5638 3123 5711 τῷ
3163 5638 3292 5710 περὶ
3334 5635 3500 5705 ζωῆς.
3552 5647 3680 5702 pag.

2095 5720 2201 5801 209
2244 5746 2292 5799 b.
2329 5744 2385 5798 tv
2428 5741 2540 5803 τοῖς
2585 5736 2915 5805 Πρακτικοῖς
2981 5736 3082 5807 τῆς
3146 5734 3194 5804 γ’
3258 5733 3501 5787 συνόδου.
3548 5720 3678 5798 pag.
