3928 6212
395 293 508 360 ’707
1158 332 1167 340 —
1607 289 1931 352 JOANNIS
1964 289 2488 352 CANTACUZENI
2665 343 2667 345 .
2921 333 2926 342 .
3517 294 3612 358 703

378 407 510 464 ead.
554 407 614 460 ἐν
643 408 710 478 τῇ
758 406 895 478 πρδς
950 403 1286 475 Ἀντιοχείας
1351 404 1611 476 Ἰωάννην
1677 405 1964 474 ἐπιστολῇ.
1998 410 2043 466 Α
2072 405 2220 474 όμιλ.
2253 409 2375 468 πς·’.
2411 419 2538 473 ρος.
2592 403 2683 458 45.
2717 405 2783 457 ἐκ
2829 402 2930 471 τῆς
2979 402 3062 466 είς
3091 403 3152 456 τὸ
3198 403 3336 459 κατὰ
3363 404 3616 479 Ματοαῖον

383 514 511 570 ρος.
535 498 666 555 272.
702 497 755 552 b.
2066 493 2402 562 Εὐαγγέλιον
2436 493 2778 564 ἐξηγήσεως.
2819 508 2943 562 ρος.
2995 492 3100 546 220
3139 495 3186 548 b.
3228 494 3293 546 ἐκ
3329 495 3428 562 τῆς
3457 496 3612 565 αὐτῆς

455 590 691 662 Cyrillus
712 587 1249 658 Hierosolymitanus
1297 587 1358 641 ἐν
1394 583 1589 659 πρώτῃ
1633 585 1742 639 τῶν
1765 585 1945 640 ὲαυτοῐ

2068 582 2400 652 ἐξηγήσεως,
2433 582 2584 651 όμιλ.
2607 580 2718 646 νς’.
2752 597 2878 652 ρος.
2909 582 3036 636 227.
3073 584 3138 634 ἐκ
3183 580 3282 650 τῆς
3311 581 3474 652 αὐτῆς
3503 581 3616 652 ἐξηο

384 683 762 752 κατηχήσεων.
795 695 917 750 ρος.
1093 679 1144 735 b.
2063 672 2301 742 γήσεως,
2330 671 2475 742 ὁμιλ.
2537 671 2644 741 πβ’.
2699 686 2822 741 ρος.
2874 672 3010 735 262κ
3034 672 3090 723 ἐν
3121 672 3200 740 τῷ
3230 672 3311 734 είς
3349 671 3443 741 τὴν
3473 689 3617 742 μετα.

458 769 748 839 Dionysius
775 785 902 842 pag.
944 768 998 822 4.
1027 769 1096 822 27
1127 770 1177 824 b.
1201 768 1290 824 28.
1317 769 1405 824 51.
1441 769 1510 823 54
1537 768 1588 820 b.
1625 768 1726 822 117
1754 769 1808 822 ὁ.
1860 767 1945 821 121

2068 764 2350 834 μόρφωσιν
2402 765 2562 832 λόγῳ.
2631 778 2751 832 ρος.
2793 764 2883 818 51.
2941 762 3047 818 502
3074 764 3126 816 b.
3179 763 3238 814 ἐν
3268 765 3331 832 τῇ
3371 763 3550 833 ὁμιλίᾳ
3577 761 3610 816 δ’

385 863 434 916 b.
468 871 523 915 et
547 861 671 914 alibi
693 877 859 929 sarpe,
894 861 982 915 cui
1016 861 1129 916 fere
1149 877 1364 931 semper
1397 860 1453 916 S.
1487 861 1705 916 Maximi
1746 860 1945 914 sclioli:

2068 857 2170 910 τῶν
2203 856 2484 924 Πράξεων.
2517 872 2640 924 ρος.
2667 856 2756 909 52.
2794 858 2855 907 ἐν
2891 855 2968 925 τῷ
2998 858 3128 926 περὶ
3152 855 3245 907 τοῦ
3279 856 3434 922 ἁγίου
3466 855 3615 918 [1,νεῦ-
3655 875 3658 877 ·

383 962 512 1007 sunt
567 953 832 1022 subjecta.
895 954 953 1005 ἐν
1023 952 1100 1022 τῷ
1152 953 1283 1024 περὶ
1340 952 1607 1022 μυστικῆς
1681 951 1963 1019 θεολογίας
2067 966 2233 1018 ματος
2273 949 2436 1018 λόγῳ.
2479 963 2601 1016 ρος.
2647 948 2714 1000 68
2763 948 2812 1001 b.
2849 949 2907 1001 ἐν
2936 948 3014 1016 τῷ
3058 950 3140 1010 είς
3202 946 3303 1015 τὴν
3344 947 3614 1016 Ἀνάληψιν

386 1044 582 1112 κεφαλ.
618 1044 874 1113 δευτέρῳ.
903 1059 1026 1113 ρος.
1051 1043 1120 1096 20
1162 1043 1214 1098 ὑ.
1248 1046 1307 1096 ἐν
1356 1043 1434 1113 τῷ
1478 1044 1607 1114 περὶΙ
1662 1043 1820 1097 οείων
1849 1043 1965 1096 όνο-
2061 1039 2224 1110 λόγῳ.
2276 1055 2400 1109 ρος.
2455 1039 2576 1093 160.
2599 1039 2704 1093 258
2741 1041 2788 1093 b.
2851 1040 2909 1092 ὲν
2956 1039 3034 1108 τῷ
3073 1040 3154 1101 είς
3200 1040 3293 1093 τὸν
3340 1041 3615 1092 ἐκπεσόντα

389 1136 576 1205 μάτων
615 1135 895 1205 κεφαλαίῳ
929 1135 1150 1206 πρώτῳ.
1183 1152 1305 1206 ρος.
1347 1137 1472 1192 157.
1526 1136 1628 1190 170
1662 1137 1710 1190 ὸ.
1739 1136 1867 1189 221.
1903 1138 1962 1188 ἐν
2061 1133 2336 1202 Θεόδωρον
2357 1133 2521 1201 λόγῳ.
2551 1148 2675 1202 pag.
2709 1131 2816 1186 220
2859 1133 2909 1186 ί).
2962 1132 3087 1186 225.
3141 1131 3270 1184 227.
3316 1133 3373 1183 ἐν
3396 1132 3472 1200 τῷ
3503 1133 3615 1200 περὶ

381 1223 461 1293 τῷ
498 1225 692 1290 κεφαλ.
722 1223 918 1293 β’περὶ
948 1225 1058 1278 τῶν
1092 1226 1292 1280 αὐτῶν.
1328 1241 1450 1295 ρος.
1474 1225 1595 1280 187.
1642 1228 1699 1278 ἐν
1734 1225 1810 1292 τῷ
1833 1225 1961 1294 περὶ
2060 1226 2334 1294 νηστείας.
2371 1228 2503 1295 ρος.
2567 1225 2694 1279 225.
2758 1228 2816 1278 ὲν
2867 1225 2946 1293 τῷ
3000 1226 3079 1288 είς
3111 1224 3203 1278 τὸν
3241 1225 3614 1293 εὐαγγελιστὴν

383 1314 564 1366 αὐτῶν
617 1332 747 1382 κεφ.
773 1318 841 1371 δ’.
872 1330 1000 1385 ρος.
1033 1315 1138 1369 210
1181 1317 1233 1368 b.
1282 1316 1407 1369 249.
1439 1317 1494 1367 ἐν
1523 1315 1598 1384 τῷ
1628 1317 1757 1385 περὶ
1781 1315 1961 1367 αὐτῶν
2065 1317 2239 1388 μέγαν
2278 1315 2536 1384 Ἰωάννην
2571 1318 2666 1368 καὶ
2713 1316 2978 1382 Θεολόγον
3030 1317 3193 1384 λόγῳ.
3238 1332 3361 1385 ρος.
3400 1315 3521 1370 264.
3557 1317 3614 1368 ἐκ

386 1421 525 1472 κεφ.
578 1405 640 1458 ε’.
679 1421 804 1476 ρος.
840 1407 904 1460 59
937 1408 988 1460 b.
1024 1407 1147 1462 155.
1184 1409 1240 1458 ἐν
1264 1407 1343 1475 τῷ
1373 1407 1501 1476 περὶ
1531 1408 1708 1460 αὐτῶν
1738 1424 1860 1474 κεφ.
1890 1408 1958 1472 ζ’.
2059 1409 2160 1478 τῆς
2187 1409 2501 1478 ἐξηγήσεως
2532 1409 2625 1461 τοῦ
2685 1409 2775 1478 μδ¹
2807 1408 3048 1478 ψαλμοῦ.
3100 1424 3223 1477 ρος.
3277 1407 3379 1462 576
3406 1407 3454 1462 b.

385 1511 510 1566 pag.
538 1496 638 1550 168
671 1498 720 1550 b.
763 1501 820 1549 ἐν
846 1497 923 1567 τῷ
943 1499 1070 1568 περὶ
1099 1497 1279 1550 αὐτῶν
1305 1515 1431 1566 κεφ.
1467 1496 1530 1552 θ’.
1565 1509 1620 1568 ρ.
1647 1498 1736 1552 29.
1770 1499 1871 1553 152
1905 1501 1945 1553 ὁ.

2125 1501 2363 1556 Joannes
2393 1501 2762 1554 Damascenus
2794 1515 2914 1569 pag.
2948 1502 3002 1554 5.
3035 1500 3100 1554 51
3128 1500 3176 1552 b.
3208 1499 3300 1554 16.
3325 1499 3392 1554 93
3420 1500 3467 1552 ιν.
3505 1500 3612 1554 105.

388 1587 490 1640 170
531 1588 580 1640 b.
616 1589 717 1641 177
748 1589 798 1642 ὁ.
839 1592 897 1642 ἐν
936 1590 1015 1658 τῷ
1056 1591 1184 1659 περὶ
1217 1591 1398 1643 αὐτῶν
1429 1608 1555 1659 κεφ.
1617 1598 1704 1646 ια’.
1737 1609 1860 1662 pag.
1890 1591 1959 1646 95
2060 1593 2164 1647 112
2193 1593 2241 1645 b.
2278 1593 2380 1645 115
2417 1592 2468 1643 b.
2513 1591 2635 1646 161.
2671 1591 2796 1646 177.
2832 1591 2961 1646 194:
2989 1591 3115 1645 205.
3174 1591 3303 1645 244.
3341 1593 3398 1643 ἐν
3430 1591 3502 1658 τῷ
3527 1592 3612 1659 τῆς

384 1683 436 1733 b.
491 1679 594 1734 167
631 1680 682 1734 b.
723 1681 782 1734 ἐν
819 1681 895 1747 τῷ
925 1681 1053 1749 περὶ
1101 1681 1280 1735 αὐτῶν
1313 1699 1440 1749 κεφ.
1499 1683 1588 1750 ιβ’.
1623 1697 1748 1753 ρος.
1793 1683 1856 1736 51
1901 1682 1952 1736 b.
2062 1682 2544 1754 μεταμορφώσεως
2563 1683 2728 1752 λόγῳ.
2758 1698 2880 1753 pag.
2917 1683 2987 1737 25
3019 1684 3068 1736 b.
3099 1682 3189 1737 28.
3223 1683 3352 1737 222.
3401 1683 3522 1737 525.
3553 1685 3604 1734 ἐν

386 1771 488 1828 116
527 1772 577 1824 b.
611 1772 735 1828 549.
771 1774 829 1825 ἐν
867 1771 948 1841 τῷ
981 1773 1108 1842 περὶ
1129 1773 1307 1826 αὐτῶν
1360 1790 1485 1841 κεφ.
1521 1780 1610 1840 ιγ’.
1643 1790 1764 1844 pag.
1793 1775 1862 1829 50
1903 1775 1952 1828 ὁ.
1989 1769 2028 1824 Β
2058 1777 2168 1836 τοῖς
2201 1776 2300 1843 τῆς
2342 1773 2821 1844 μεταμορφώσεως
2897 1773 3130 1844 ᾇτμασι.
3194 1773 3320 1827 118.
3381 1772 3503 1825 226.
3561 1773 3612 1823 ἐν

385 1862 480 1916 181
520 1862 570 1915 b.
604 1862 708 1916 562
743 1863 794 1917 b.
839 1865 902 1915 ἐκ
940 1863 1036 1932 τῆς
1071 1864 1318 1932 οὐρανίου
1355 1863 1658 1934 ίεραρχίας.
1693 1880 1816 1933 ρος.
1855 1865 1949 1920 55.
2054 1867 2338 1937 κεφαλαίῳ
2369 1867 2409 1920 δ’
2441 1866 2550 1919 τῶν
2588 1865 2932 1933 οεολογικῶν.
2972 1881 3092 1936 pag.
3127 1866 3196 1920 64
3226 1868 3280 1919 b.
3336 1867 3393 1918 ὲν
3419 1865 3493 1933 τῷ
3510 1864 3612 1917 τῶν

383 1956 442 2007 ἐν
468 1954 543 2023 τῷ
579 1955 704 2023 περὶ
737 1955 904 2024 αὐτῆς
945 1972 1071 2023 κεφ.
1099 1953 1170 2008 α’.
1202 1970 1327 2024 pag.
1377 1955 1486 2008 212
1531 1957 1578 2009 b.
1615 1956 1676 2007 ἐν
1715 1955 1792 2025 τῷ
1824 1955 1952 2026 περὶ
2051 1959 2235 2013 αῢτῶν
2269 1975 2396 2025 κεφ.
2429 1957 2528 2011 λο’.
2566 1973 2686 2026 pag.
2719 1956 2821 2010 145
2847 1956 2897 2008 ί).
2927 1959 2983 2009 ἐν
3021 1956 3098 2026 τῷ
3125 1957 3236 2008 τῶν
3277 1956 3456 2009 αὐτῶν
3499 1973 3609 2023 κεφ.

380 2047 553 2114 αὐτῆς
583 2063 708 2113 κεφ.
745 2046 808 2115 β’.
851 2061 973 2116 pag.
1033 2045 1157 2100 261.
1202 2050 1260 2099 ὲν
1299 2046 1377 2116 τῷ
1422 2047 1552 2117 περὶ
1582 2048 1753 2116 αὐτῆς
1820 2065 1947 2118 κεφ.

379 2138 443 2191 δ’.
476 2153 596 2207 pag.
637 2139 741 2192 575
781 2139 831 2191 b.
859 2141 915 2190 ἐν
955 2137 1030 2207 τῷ
1063 2138 1190 2206 περὶ
1221 2139 1320 2206 τῆς
1345 2138 1807 2208 ἐκκλησιαστικῇς
1836 2141 1953 2210 ἱερ-

381 2229 576 2298 αρχίας
603 2246 726 2298 κεφ.
747 2235 815 2282 α’.
844 2244 965 2298 ρος.
989 2228 1116 2282 241.
1141 2231 1200 2281 ἐν
1219 2231 1284 2299 τῇ
1307 2230 1405 2298 τῆς
1429 2229 1723 2302 μοναδικῆς
1737 2233 1955 2287 τελειώ-

381 2338 516 2382 σεως
552 2322 776 2392 Θεωρία.
819 2338 938 2391 pag.
975 2321 1105 2376 262.
1904 2333 1914 2341 ‘

451 2411 702 2480 Bphraun
750 2411 919 2481 Syrus
971 2413 1026 2463 ἐν
1057 2410 1134 2480 τῷ
1165 2412 1243 2474 είς
1272 2409 1371 2482 τὴν
1409 2413 1841 2484 μεταμόρφωσιν
1867 2413 1954 2467 λό-

378 2515 484 2568 γῳ.
543 2515 666 2570 pag.
706 2500 810 2554 219
842 2503 890 2552 ὁ.
924 2499 1028 2554 220
1055 2500 1107 2555 b.

449 2577 744 2659 Gregorius
771 2591 1145 2646 Nazianzenus
1169 2607 1291 2660 pag.
1331 2592 1368 2647 2
1405 2593 1456 2646 ὁ.
1499 2593 1552 2647 4.
1587 2595 1686 2648 115
1724 2594 1774 2648 b.
1827 2595 1951 2649 117.

381 2680 505 2733 112.
549 2681 648 2736 160
677 2681 727 2734 b.
789 2692 846 2736 et
881 2681 1009 2736 alibi
1057 2681 1337 2751 deinceps.
1377 2683 1510 2752 Περὶ
1565 2683 1668 2752 τῆς
1721 2685 1778 2736 ἐν
1828 2688 1953 2748 ταῖς

379 2772 678 2836 διαλέξεσιν
710 2773 980 2836 εὐταξίας.
1015 2788 1136 2842 pag.
1167 2771 1233 2825 56
1261 2811 1274 2824 .
1311 2775 1370 2826 ἐν
1395 2774 1472 2842 τῷ
1501 2776 1626 2842 περὶ
1667 2774 1946 2843 Θεολογίας

379 2863 638 2933 δευτέρῳ.
671 2877 790 2932 pag.
819 2861 921 2916 125
952 2863 1002 2915 b.
1030 2861 1154 2916 159.
1183 2864 1241 2915 ἐν
1275 2863 1350 2932 τῷ
1394 2865 1519 2932 περὶ
1550 2865 1680 2918 rio-3
1726 2866 1950 2937 πρώτῳ.

380 2969 503 3023 ρος.
542 2954 641 3007 145
686 2956 734 3006 b.
760 2952 884 3018 ,160
921 2953 972 3009 b.
1018 2952 1123 3006 206
1152 2953 1205 3009 b.
1246 2954 1304 3006 ἐν
1339 2953 1416 3024 τῷ
1467 2956 1598 3024 περὶ
1643 2955 1809 3008 αὑτοῦ
1837 2958 1952 3009 δευ-

379 3045 546 3114 τέρῳ.
575 3059 696 3114 pag.
737 3042 839 3097 152
878 3044 927 3096 b.
975 3046 1034 3097 ἐν
1076 3042 1154 3114 τῷ
1187 3045 1296 3097 τῶν
1329 3047 1623 3114 εἰρηνικῶν
1688 3045 1944 3117 δευτέρῳ.
1973 3093 2017 3156 c

379 3153 483 3156 ---μ
546 3136 637 3156 ιρι
707 3137 759 3156 ι..
792 3135 858 3156 -.ιε
903 3127 1034 3156 _',.\_
1065 3135 1360 3156 II\,-§)_-._-,
1405 3151 1506 3156 ..-μ
1567 3136 1664 3156 non
1701 3137 1720 3156 L
1768 3138 1869 3156 παι-4
1900 3141 1910 3156 ι

379 3153 503 3207 pag.
542 3136 664 3190 154.
704 3137 760 3189 ἐν
787 3135 864 3205 τῷ
899 3127 1036 3204 πρὸς
1065 3135 1378 3204 Κληδόνιον.
1404 3151 1528 3206 pag.
1564 3136 1666 3192 162
1696 3137 1744 3191 b.
1767 3138 1869 3192 527
1896 3141 1947 3193 b.

379 3231 438 3280 ἐν
466 3227 542 3298 τῷ
576 3230 655 3289 είς
685 3228 750 3280 τά
779 3228 955 3282 Φῶτα.
991 3242 1116 3298 pag.
1152 3228 1254 3282 195
1280 3229 1330 3281 ὁ.
1357 3229 1414 3282 ἐν
1464 3231 1573 3290 τοῖς
1607 3229 1688 3292 είς
1732 3231 1822 3283 τὸν
1856 3249 1951 3299 μαι

380 3319 573 3391 κάριον
616 3318 934 3371 Ἀθανάσιον
982 3318 1298 3386 ἐγκωμίοις.
1335 3334 1455 3388 pag.
1495 3318 1621 3374 196.
1683 3321 1741 3372 ἐν
1767 3320 1842 3390 τῷ
1872 3322 1950 3384 είς

379 3410 477 3478 τὴν
506 3408 743 3478 Χριστοῦ
801 3411 1070 3480 γέννησιν.
1129 3425 1250 3480 pag.
1316 3410 1421 3466 225
1454 3416 1505 3466 ὸ.
1571 3414 1629 3465 ἐν
1681 3413 1758 3480 τῷ
1814 3414 1953 3483 μετὰ

380 3502 442 3554 τὸ
476 3502 728 3570 γενέσθαι
784 3502 1180 3573 πρεσϐύτερον,
1245 3518 1368 3574 pag.
1431 3504 1558 3558 242.
1616 3507 1673 3558 ἐν
1724 3504 1797 3575 τῷ
1859 3507 1950 3558 λό-

371 3585 484 3664 ’γῳ,
547 3587 609 3648 οὗ
660 3596 692 3664 ἡ
748 3595 911 3666 ἀρχὴ,
966 3593 1098 3648 Ἐπὶ
1140 3593 1251 3664 τῆς
1302 3594 1589 3664 φυλακῆς
1630 3613 1770 3664 μου.
1822 3611 1945 3667 pag.

379 3687 481 3742 567
516 3687 567 3740 b.
1567 3703 1573 3710 -

448 3775 761 3848 Gregorius,
795 3777 1071 3850 Nyssenus
1105 3793 1226 3849 pag.
1273 3778 1308 3832 4
1357 3780 1407 3835 Ι).
1446 3779 1536 3833 27.
1605 3779 1674 3836 54
1718 3781 1769 3834 b.
1823 3780 1945 3835 112.

373 3869 483 3933 ,116
534 3871 583 3924 b.
643 3870 766 3924 124.
825 3870 924 3924 156
955 3870 1005 3922 b.
1044 3871 1145 3925 175
1197 3871 1252 3922 b.
1306 3873 1369 3924 ἐκ
1431 3871 1524 3924 τοῦ
1554 3871 1713 3940 λόγου
1748 3872 1842 3924 τοῦ
1871 3875 1950 3935 εἰς

377 3963 504 4023 τοὺς
573 3961 982 4030 μακαρισμούς.
1030 3974 1154 4028 pag.
1187 3959 1278 4013 21.
1324 3960 1426 4016 566
1479 3963 1529 4016 b.
1585 3964 1644 4015 ἐν
1695 3964 1773 4032 τῷ
1815 3963 1950 4034 πρὸς

391 4051 672 4106 Ἀϐλάὸιον
712 4051 878 4121 λόγῳ.
922 4067 1045 4121 ρος.
1073 4049 1141 4104 50
1174 4050 1222 4105 ι).
1260 4051 1382 4105 182.
1420 4052 1691 4106 187.562.
1731 4054 1855 4107 565.
1891 4056 1950 4106 ἐν

379 4147 455 4215 τῷ
482 4145 592 4198 τῶν
652 4144 1085 4214 Ἀντιρῤητικῶν
1127 4144 1348 4214 πρώτῳ.
1385 4159 1511 4213 pag.
1572 4145 1674 4199 156
1713 4146 1835 4201 195.
1893 4149 1945 4203 ὁ.

379 4239 438 4300 ἐν
473 4237 553 4307 τῷ
581 4237 689 4290 τῶν
742 4237 922 4290 αὐτῶν
971 4233 1035 4306 β’.
1068 4251 1190 4306 pag.
1248 4235 1373 4290 264.
1406 4237 1464 4288 ἐν
1521 4235 1597 4307 τῷ
1630 4237 1738 4291 τῶν
1769 4239 1948 4292 αὐτῶν

383 4338 474 4400 ιγ’.
525 4344 644 4398 pag.
682 4327 802 4383 120.
859 4329 985 4382 516.
1028 4329 1084 4380 ἐν
1121 4327 1219 4395 τῷ,
1267 4327 1400 4393 Πῶς
1445 4329 1516 4382 οὐ
1573 4328 1730 4396 τρεῖς
1764 4329 1950 4397 Osci);-

379 4420 656 4489 λέγομεν.
693 4433 818 4488 pag.
863 4418 965 4472 125
1011 4419 1060 4473 ὁ.
1097 4419 1154 4471 ἐν
1178 4417 1265 4487 τῷ.
1291 4420 1430 4488 πρὸς
1485 4417 1793 4490 Ἀρμόνιον.
1825 4435 2023 4492 ροςηι)

386 4512 512 4565 155.
577 4510 634 4562 ἐν
692 4509 768 4579 τῷ
818 4508 1205 4579 Κατηχητικῴ.
1295 4524 1418 4578 pag.
1465 4510 1593 4564 201.
1656 4513 1714 4564 ἐν
1755 4513 1946 4580 κειραλ.

382 4603 437 4668 ς’
468 4603 564 4673 τῆς
591 4602 666 4662 είς
697 4601 792 4671 τὴν
825 4602 1128 4670 έξαὴμερον
1160 4599 1624 4668 ἀναπληρώσεως.
1663 4617 1786 4672 pag.
1818 4602 1946 4656 206.

379 4698 438 4749 ἐν
455 4695 528 4764 τῷ
549 4696 627 4756 είς
649 4693 741 4746 τὸν
786 4689 1218 4758 Ἐκκλησιαστὴν
1240 4697 1288 4742 α’
1312 4675 1472 4759 λόγῳ.
1517 4707 1639 4760 pag.
1665 4691 1789 4746 225.
1823 4693 1876 4746 b.

451 4785 782 4841 Hierotheus
813 4785 871 4836 ἐν
907 4784 1022 4845 τοῖς
1057 4781 1298 4852 πρώτοις
1331 4783 1617 4851 ἐρωτικοῖς
1649 4781 1813 4835 αὑτοῦ
1847 4781 1952 4850 ὓμ-

379 4897 513 4942 νοις.
547 4895 668 4949 ρος.
705 4876 808 4931 550
842 4877 906 4945 ὁ.

446 4972 687 5027 Joannes
739 4968 1165 5039 Chrysostomus
1211 4983 1266 5038 p.
1301 4969 1335 5023 4
1379 4967 1590 5023 ὁ.121.
1651 4965 1773 5021 160.
1824 4967 1946 5021 170.

384 5064 507 5119 198.
543 5062 646 5115 208
679 5063 726 5114 b.
758 5069 815 5116 el
857 5060 987 5136 alibi
1031 5074 1198 5129 sarpe,
1225 5059 1570 5123 Μονὰζουσιν
1594 5057 1946 5114 ἐπιστέλλων.

382 5171 504 5225 pag.
571 5154 623 5208 5.
676 5155 733 5206 ἐν
797 5153 875 5222 τῷ
919 5152 1049 5222 περὶ
1103 5151 1486 5220 ἀκατάληπτον
1526 5158 1572 5203 α’
1619 5152 1782 5221 λόγῳ.
1822 5165 1945 5219 pag.

379 5248 449 5302 29
514 5248 564 5299 ὸ.
615 5247 679 5298 ἐκ
736 5245 834 5314 τῆς
902 5245 1009 5297 τῶν
1061 5243 1515 5312 κατὰβίωάννην
1585 5243 1949 5312 ἑξηγημάτων

379 5338 597 5407 ὁμιλίας
627 5344 688 5391 ε’.
726 5352 848 5407 pag.
894 5335 1017 5390 124.
1046 5337 1112 5389 ἐκ
1140 5338 1240 5407 τῆς
1271 5336 1382 5388 τῶν
1428 5335 1552 5388 κατ’
1591 5335 1753 5388 αὑτὸν
1801 5335 1948 5402 ὁμιλ.

382 5431 460 5482 κδ’
490 5446 610 5499 pag.
650 5429 741 5483 171
780 5429 832 5484 ὁ.
866 5429 929 5480 ἐκ
957 5428 1055 5497 τῆς
1096 5429 1218 5480 κατ’
1245 5427 1426 5481 αὐτῶν
1472 5427 1622 5495 ὁμιλ.
1679 5432 1792 5490 κς’.
1821 5441 1947 5496 ρος.

380 5521 506 5587 228.
565 5526 626 5574 ἐκ
679 5521 776 5590 τῆς
809 5519 928 5573 κατ’
957 5519 1122 5573 αὑτὸν
1171 5521 1319 5588 όμιλ.
1376 5516 1441 5573 λ’.
1498 5534 1618 5588 pag.
1652 5518 1720 5571 29
1765 5517 1818 5572 b.
1857 5518 1949 5585 96.

384 5615 446 5664 ἐκ
477 5615 574 5681 τῆς
606 5611 727 5664 κατ’
755 5612 916 5664 αὑτὸν
957 5610 1105 5680 ὁμιλ.
1140 5610 1239 5665 λο’.
1273 5625 1394 5680 pag.
1422 5609 1545 5663 124.
1581 5613 1644 5662 ὲκ
1694 5612 1790 5678 τῆς
1826 5609 1946 5660 κατ’

387 5701 550 5756 αὐτὸν
611 5701 759 5770 ὁμιλ.
823 5698 934 5770 μγ’.
971 5715 1093 5770 pag.
1133 5699 1240 5755 220
1297 5703 1348 5757 b.
1381 5703 1443 5754 ἐκ
1502 5700 1599 5770 τῆς
1629 5700 1749 5756 κατ’
1785 5701 1948 5756 αὑτὸν

2052 2049 2116 2102 ν’.
2148 2062 2272 2117 pag.
2325 2047 2414 2103 75.
2475 2044 2578 2099 257
2634 2044 2686 2102 ὁ.
2744 2044 2803 2096 ἐν
2837 2044 2915 2114 τῷ
2965 2045 3071 2098 τῶν
3117 2043 3300 2097 αὐτῶν
3355 2059 3478 2110 κεφ.
3519 2046 3611 2111 νη’.

2053 2156 2176 2211 ρος.
2234 2139 2356 2193 100.

2137 2229 2333 2301 Ἰωσὴφ
2359 2231 2417 2284 ἐν
2444 2230 2522 2301 τῷ
2561 2233 2641 2295 είς
2676 2235 2776 2302 τὴν
2811 2231 2976 2301 ἁγίαν
3025 2229 3220 2284 ἅλυσιν
3247 2226 3342 2281 τοῦ
3393 2225 3609 2295 μεγάλου

2054 2322 2263 2390 Πέτρου
2293 2319 2496 2374 κανόνι.
2531 2336 2654 2391 pag.
2683 2322 2810 2376 220.
3170 2320 3178 2328 κ

2123 2418 2272 2471 Isaac
2321 2419 2386 2469 ἐκ
2417 2413 2511 2465 τοῦ
2561 2398 2914 2482 δ’λόγουτοῦ
2969 2417 3018 2464 α’
3071 2409 3306 2479 βιϐλίου.
3355 2424 3475 2477 pag.
3533 2406 3609 2459 18.

2053 2511 2119 2563 ἐκ
2185 2509 2277 2564 τοῦ
2333 2509 2413 2579 λη’
2480 2509 2660 2576 λόγου.
2745 2520 2870 2575 pag.
2931 2503 3022 2558 19.
3084 2504 3148 2556 ἐκ
3201 2499 3298 2553 τοῦ
3347 2498 3399 2551 π’
3444 2498 3607 2566 λόγου.

2053 2602 2190 2658 ibid.

2123 2692 2374 2748 Justinus
2409 2705 2530 2760 pag.
2567 2688 2659 2744 28.
2689 2686 2793 2742 559
2823 2687 2874 2741 ιν.
2906 2685 3040 2755 πρὸς
3057 2683 3360 2754 βΕλληνας.
3389 2696 3506 2750 ρος.
3528 2678 3608 2732 47.

2053 2787 2112 2840 ἐν
2143 2784 2221 2852 τῷ
2255 2781 2378 2835 καθ’
2441 2782 2711 2850 Ἑλλήνων
2745 2779 2908 2848 λόγῳ,
2968 2792 3091 2847 pag.
3138 2776 3266 2830 116.
3318 2775 3372 2827 ἐν
3395 2771 3611 2857 τῷπερὶ

2052 2876 2152 2947 τῆς
2175 2875 2340 2944 ὀρθῆς
2368 2872 2657 2940 ὁμολογίας
2684 2871 2848 2939 λόγῳ.
2885 2868 3142 2938 ρος.155.

2122 2959 2387 3020 Maximus
2418 2980 2543 3034 pag.
2570 2964 2625 3017 4.
2659 2963 2749 3018 46.
2791 2962 2880 3016 61.
2920 2962 3043 3014 112.
3076 2959 3179 3013 115
3215 2977 3272 3013 a.
3308 2958 3409 3012 115
3437 2955 3485 3010 b.
3521 2955 3610 3007 117

2053 3061 2106 3115 b.
2135 3060 2260 3114 1-18.
2307 3057 2430 3111 121.
2473 3056 2595 3111 122.
2635 3057 2746 3128 151,
2785 3055 2838 3108 b.
2863 3053 2968 3106 202
2999 3053 3047 3106 b.
3073 3061 3127 3107 et
3162 3053 3299 3106 alibi
3348 3052 3607 3119 deinceps.

2068 3149 2359 3220 Ἐξήγησις
2418 3150 2494 3211 είς
2558 3149 2619 3200 τὸ
2659 3145 2819 3218 ῥητὸν
2879 3145 2972 3197 τοῦ
3021 3143 3290 3212 Θεολόγου
3344 3143 3404 3196 τὺ
3449 3144 3606 3208 λέγον,

2063 3257 2083 3292 ι
2116 3239 2228 3292 Οὐκ
2257 3241 2321 3291 ἐκ
2354 3237 2464 3290 τῶν
2500 3235 2622 3290 κατ’
2655 3235 2843 3299 αὑτὸν,
2891 3233 3008 3286 ἀλλ’
3035 3235 3102 3285 ὲκ
3130 3235 3246 3287 τῶν
3297 3235 3422 3304 περὶ
3462 3233 3608 3286 αὑτὸν

2053 3324 2386 3395 γινώσκεται
2419 3327 2447 3378 ὁ
2483 3323 2638 3390 Θεός,
2680 3341 2698 3374 ι
2754 3338 2878 3391 pag.
2919 3324 2979 3376 51
3022 3321 3071 3376 b.
3097 3323 3154 3375 ἐν
3181 3326 3252 3394 τῇ
3284 3326 3364 3386 είς
3403 3323 3487 3374 τὸν
3515 3323 3607 3373 Ζα-

2053 3418 2251 3488 χαρίαν
2287 3417 2494 3487 θεωρίᾳ
2523 3419 2592 3488 τῇ
2639 3416 2766 3484 περὶ
2819 3416 2927 3467 τῶν
2965 3415 3105 3467 ἑπτὰ
3146 3415 3380 3484 λύχνων,
3414 3416 3498 3467 καὶ
3529 3411 3607 3466 τοῦ

2051 3506 2356 3570 λαμπαδίου
2417 3509 2474 3558 ἐν
2515 3509 2581 3574 τῇ
2619 3506 2890 3576 ἑξηκοστῇ
2932 3504 3088 3576 τρίτῃ
3144 3507 3259 3557 τῶν
3289 3505 3606 3575 ἐρωτήτεων.

2051 3615 2171 3669 ρος.
2207 3599 2291 3653 68.
2323 3600 2387 3650 ἐκ
2428 3600 2536 3649 τῶν
2575 3599 2696 3668 περὶ
2728 3597 2949 3666 ἀγάπης
2984 3596 3302 3664 κεφαλαίων
3331 3595 3601 3650 tuto-nd-

2049 3691 2134 3753 δος
2166 3696 2238 3754 α’,
2270 3690 2463 3759 κεφαλ.
2499 3696 2562 3758 ρ’.
2598 3705 2719 3759 pag.
2771 3689 2832 3742 51
2875 3691 2925 3742 ι.
2969 3689 3056 3741 191
3099 3689 3148 3740 b.
3181 3690 3252 3741 ἐκ
3298 3687 3407 3740 τῶν
3441 3685 3605 3738 0201.0-

2051 3780 2227 3848 γικῶν
2262 3781 2570 3849 κεφαλαίων
2601 3779 2953 3842 ἐκατοντάδος
2978 3778 3046 3833 α’.
3096 3779 3302 3846 κεφαλ.
3355 3767 3459 3842 οξ,
3494 3791 3606 3846 pag.

2049 3869 2140 3925 72.
2175 3873 2238 3923 ὲκ
2279 3873 2388 3923 τῶν
2425 3871 2606 3924 αὐτῶν
2639 3871 2994 3933 ἑκατοντάδας
3046 3874 3116 3940 α’,
3159 3888 3292 3938 κεφ.
3347 3877 3433 3923 ια’.
3489 3883 3596 3937 ρος.

2049 3963 2154 4018 214
2186 3963 2234 4018 b.
2265 3964 2328 4014 ἐκ
2358 3962 2465 4014 τῶν
2503 3961 2682 4015 αὐτῶν
2736 3962 3089 4021 ἑκατοντάδας
3142 3962 3430 4030 δευτέρας,
3488 3974 3602 4025 κεφ.

2054 4063 2142 4124 ιγ’.
2177 4070 2297 4126 ρος.
2328 4055 2434 4110 505
2466 4055 2516 4108 b.
2544 4057 2610 4108 ἐκ
2634 4055 2740 4107 τῶν
2770 4055 2947 4107 αὐτῶν
2993 4053 3352 4116 ἐκατοντάδος
3390 4054 3452 4116 δ’,
3492 4067 3601 4116 κεφ.

2049 4147 2118 4218 η’.
2150 4151 2271 4216 ρος.
2296 4146 2414 4201 149.
2443 4148 2499 4198 ἐν
2526 4148 2591 4215 τῇ
2637 4145 2730 4197 τοῦ
2760 4144 3093 4215 Μελχισεδὲκ
3120 4145 3347 4214 Θεωρία.
3378 4158 3494 4213 pag.
3522 4142 3600 4194 74.

2051 4241 2107 4292 ἐν
2133 4240 2210 4308 τῷ
2253 4238 2330 4304 €0'
2365 4255 2492 4306 κεφ.
2527 4237 2628 4307 τῆς
2683 4236 2819 4306 πρὸς
2863 4236 3079 4307 Πύρρον
3120 4236 3434 4300 διαλέξεως.
3489 4248 3598 4302 pag.

2052 4331 2118 4385 9-1
2155 4329 2206 4383 b.

2134 4422 2228 4473 Ἐκ
2257 4421 2351 4474 τοῦ
2384 4420 2587 4490 βιδλίυυ
2618 4419 2710 4473 τοῦ
2735 4420 2888 4490 ἁγίου
2919 4418 3132 4472 Παύλου
3179 4419 3273 4474 τοῦ
3304 4421 3358 4473 ἐν
3388 4420 3461 4488 τῷ
3489 4417 3590 4469 Λαο

2053 4513 2184 4583 τρῷ.
2218 4530 2340 4582 pag.
2379 4515 2464 4568 19.

2123 4604 2230 4656 Τοῦ
2268 4607 2503 4673 μεγάλου
2533 4605 2767 4673 Πέτρου.
2822 4619 2949 4675 ρος.
2997 4603 3120 4657 551.

2124 4694 2447 4750 Theodorus
2501 4695 2710 4750 Sludila
2747 4698 2804 4747 ἐν
2867 4699 2932 4765 τῇ
2980 4695 3113 4765 πρὸς
3147 4695 3273 4758 τοὺς
3312 4694 3600 4763 ἐξορίστους

2054 4785 2336 4854 ἐπιστολῇ.
2377 4801 2500 4856 ρος.
2539 4785 2670 4844 242.

2123 4877 2447 4931 Theodorus
2486 4877 2579 4930 τοῦ
2616 4875 2886 4947 γραπτοῦ.
2934 4893 3054 4947 pag.
3091 4878 3193 4954 117
3225 4879 3274 4930 b.
3311 4877 3400 4931 151
3442 4875 3487 4927 b.
3517 4871 3600 4926 180

2054 4967 2103 5023 ὂ.
2141 4967 2240 5022 201
2277 4969 2326 5020 b.
2359 4969 2464 5022 202
2495 4969 2545 5022 ι).
2587 4969 2692 5023 205
2722 4969 2774 5024 ὁ.
2802 4969 2929 5023 224.
2964 4970 3091 5024 296.
3128 4970 3231 5023 559
3284 4971 3332 5021 b.

2137 5043 2231 5113 Ἐκ
2271 5059 2367 5112 τοῦ
2419 5061 2500 5122 είς
2543 5060 2641 5130 τὴν
2674 5060 2833 5127 ἁγίαν
2887 5061 3144 5131 μάρτυρα
3204 5057 3494 5126 Ἰουλιανὴν
3521 5054 3597 5105 λό-

2052 5169 2170 5220 γου.
2206 5165 2329 5220 ρος.
2363 5150 2425 5204 19
2450 5149 2500 5204 b.

2135 5241 2228 5292 Ἐκ
2252 5239 2345 5292 τοῦ
2392 5240 2506 5308 βίου
2537 5239 2637 5308 τῆς
2674 5239 2828 5302 ὁσίας
2859 5239 3102 5309 Μαρίας.
3154 5254 3279 5308 ρος.
3319 5237 3382 5291 19
3418 5235 3464 5286 b.

2135 5335 2227 5386 Ἐκ
2259 5333 2350 5385 τοῦ
2379 5334 2494 5402 βίον
2526 5334 2618 5385 τοῦ
2657 5334 2894 5402 μεγάλου
2936 5333 3247 5385 ’Λντωνίου.
3283 5345 3405 5400 ρος.
3453 5325 3518 5380 22
3546 5324 3590 5374 b.

2137 5428 2230 5489 Ἐκ
2251 5427 2343 5479 τοῦ
2385 5427 2721 5480 Λαυσαϊκοῦ.
2750 5442 2872 5497 pag.
2904 5426 2991 5477 19.

2119 5517 2455 5573 Adferunlur
2471 5517 2635 5572 etiam
2651 5517 2914 5572 nonnulla
2937 5532 3002 5572 ex
3021 5515 3239 5589 synodis
3277 5507 3587 5573 testimonia,

2051 5611 2308 5665 nimirum

2135 5701 2229 5755 Ἐκ
2257 5701 2355 5770 τῆς
2390 5698 2436 5755 α’
2468 5700 2708 5756 συνόδου.
2737 5714 2861 5772 pag.
2891 5699 3012 5758 196.
