3928 6212
442 327 551 387 ’115
1465 328 1964 390 PHILOTHEUS

2083 333 2104 391 '.
2149 328 2660 393 PATRIARCHA.
3544 328 3634 393 ’116

447 443 636 495 Exstat
662 441 921 498 Grmcerel
942 442 1139 497 Latine
1165 442 1219 496 in
1251 440 1471 496 Freheri
1504 442 1627 511 jure
1652 443 1998 498 Graeco-Bon

2083 445 2241 499 .olib.
2276 460 2350 510 ιν,
2381 460 2503 514 pag.
2538 440 2828 506 288-290;
2867 439 3118 496 Francol’.
3163 438 3309 494 1596.
3345 438 3634 511 ΐοι.(ῐα“ιιιιι.)

354 530 359 539 '
447 528 609 585 (ἶυιιΐ.
644 545 807 596 supra
841 531 891 582 in
928 530 984 582 h.
1016 528 1121 581 vol.
1153 543 1208 596 p.
1253 526 1379 593 264,
1412 544 1539 592 ms.;
1578 530 1882 583 Vindohon.
1912 530 1965 583 in
1995 530 2119 585 cod.
2152 532 2289 584 Caes.
2328 532 2395 583 5‘5
2442 546 2497 585 ιι.
2531 530 2619 583 11.
2656 527 2720 582 γ.
2756 527 3015 581 Lambec.
3038 524 3173 589 VIII,
3210 542 3263 593 p.
3314 525 3440 579 1008
3469 541 3634 594 seq.—

448 625 621 678 I‘aris.
656 623 708 676 in
730 620 836 673 bibl
859 660 871 673 .
904 618 1055 687 publ.
1090 619 1249 678 1561,
1282 635 1337 672 ιι.
1365 618 1418 680 5,
1460 619 1685 678 611563.
1726 640 1778 675 ιι.
1808 624 1841 670 5
1870 631 1922 675 t-t
1954 624 1986 675 4

2081 620 2280 674 Γιιυΐίη.
2319 620 2370 672 in
2412 621 2535 673 eod.
2587 620 2721 688 Reg.
2761 618 2889 673 278.
2944 617 3008 671 V.
3038 616 3158 671 Cat.
3187 615 3340 670 codd.
3370 616 3457 670 Cr.
3487 616 3632 670 'I‘anr.

446 727 504 780 p.
543 710 682 769 581,
720 708 776 759 1η
805 705 929 758 cod.
960 703 1291 760 Mcermanu.
1321 720 1479 775 quem
1530 710 1619 763 hic
1674 708 1725 760 in
1770 708 2160 777 Supplemento
2187 705 2321 760 Novi
2376 706 2621 761 thesauri
2662 706 2807 775 juris
2830 706 2935 759 civ.
2978 714 3032 756 et
3064 717 3237 756 canon
3313 703 3462 772 Ilagaa
3500 703 3632 756 Com.

449 796 611 855 1780,
649 794 739 846 fol.
775 808 830 861 p.
867 793 994 857 574,
1032 792 1237 857 laudat,
1274 804 1558 863 comparat
1582 810 1703 849 cum
1733 797 1819 850 ed.
1852 793 2147 849 Leuuclav.
2185 802 2318 848 tom.
2350 792 2392 858 I,
2428 808 2483 861 p.
2521 790 2652 857 288,
2682 799 2738 846 et
2768 790 3078 859 praecipuas
3105 804 3247 844 rarr.
3278 790 3420 843 lectt.
3457 800 3634 842 enatat.

446 880 666 947 (11.1ιιι..)
1076 896 1085 907 ε

515 977 602 1029 11.
646 975 790 1029 Ordo
814 976 1125 1029 instituendi
1158 977 1458 1041 diaconum,
1496 978 1686 1032 Latine
1718 980 1769 1031 in
1793 978 1930 1032 Bibl.
1962 980 2204 1041 Patrum,
2236 987 2367 1032 tom.
2398 976 2486 1041 IV,
2520 976 2699 1031 Paris.
2744 975 2914 1037 1575;
2941 986 2996 1029 et
3026 984 3155 1029 tom.
3194 974 3277 1037 VI,
3314 974 3478 1029 Paris.
3500 975 3633 1037 1589;

444 1073 499 1118 et
535 1072 667 1116 tom.
695 1062 838 1126 XIV,
869 1063 1002 1117 edit.
1036 1064 1224 1117 Colon.
1257 1080 1386 1118 ann.
1422 1065 1596 1129 1618;
1632 1074 1685 1119 ct
1722 1076 1852 1119 tom.
1885 1064 2081 1127 XXVI,
2127 1065 2261 1116 edit.
2320 1063 2489 1131 Lugd.
2542 1061 2700 1124 1677,
2733 1077 2789 1131 p.
2820 1062 2925 1115 214
2954 1062 3081 1116 216.
3108 1061 3292 1115 Graece
3324 1075 3445 1113 vero
3472 1070 3519 1111 et
3549 1059 3635 1110 La-

446 1150 557 1203 tine
574 1164 696 1202 cum
733 1149 873 1202 notis
902 1147 1015 1202 Jac.
1040 1148 1200 1203 Goari
1230 1160 1408 1203 exstat
1433 1153 1483 1202 in
1523 1152 1709 1203 limine
1742 1150 2063 1221 Euchologii
2108 1150 2309 1218 vulgati
2348 1150 2519 1204 Paris.
2559 1149 2719 1215 16H,
2758 1149 2854 1203 fol.
2902 1148 2988 1219 [Γ.
3037 1164 3091 1216 p.
3137 1146 3293 1211 1-28,
3339 1145 3424 1199 ed.
3472 1142 3634 1198 Venet.

448 1239 607 1302 I730,
639 1237 757 1309 lol.]
788 1238 889 1291 sub
925 1239 1084 1291 titulo
1104 1239 1363 1304 Διάταξις
1397 1240 1818 1308 ἱεροδιακονίας,
1858 1237 1999 1293 Ordo

2082 1239 2168 1290 acri
2193 1236 2486 1298 ministerii,
2519 1236 2781 1305 quomodo
2809 1235 3089 1289 sacerdotii
3119 1235 3369 1287 diaconus
3406 1233 3633 1283 ministrat

434 1327 500 1378 in
537 1325 820 1378 celebribus
848 1325 1090 1392 vesperis,
1121 1325 1386 1378 Matutino
1405 1334 1453 1378 et
1476 1326 1659 1380 Missa.
1694 1325 1904 1394 (FABR.)
1944 1323 2100 1379 Conf.
2126 1323 2303 1377 Catal.
2337 1323 2471 1378 bibl.
2511 1324 2765 1377 Leidens.
2793 1334 2849 1390 p.
2886 1322 2956 1376 64
2985 1336 3104 1391 seq.
3144 1320 3356 1389 (ΒΑΜ.)

521 1412 608 1465 12.
642 1409 705 1463 In
725 1412 979 1480 Anysiam
1012 1410 1550 1467 Thessalonicensem
1585 1428 1784 1466 sermo.
1814 1411 2053 1480 lncipit':

2084 1413 2248 1465 Οὐδὲν
2286 1414 2491 1492 apati):
2521 1411 2849 1479 τιμιώτερον
2875 1448 2890 1472 ,
2924 1426 3026 1464 ms.
3064 1409 3309 1462 meminit
3352 1407 3635 1460 Allatinsde

440 1498 696 1552 ‘Simcon.
729 1515 779 1566 p.
814 1498 941 1560 103;
970 1507 1024 1551 et
1052 1498 1231 1552 locum
1257 1514 1320 1551 ex
1355 1513 1421 1553 eo
1456 1498 1685 1565 profert,
1730 1513 1785 1566 p.
1821 1498 1949 1563 416,
1986 1508 2177 1553 contra
2229 1491 2628 1564 Hottiugerum.
2672 1494 2887 1566 (Ριιιιι.)
2935 1493 3066 1548 Mss.
3101 1493 3282 1548 Roma:
3311 1494 3360 1547 in
3392 1493 3510 1546 bibl.
3547 1491 3632 1544 Va-

454 1590 653 1648 ticana,
723 1596 859 1639 testc
908 1586 1198 1640 Montfauc.
1240 1587 1293 1641 in
1346 1587 1489 1643 Bibl.
1524 1587 1911 1642 biblioth.mss.
1976 1601 2031 1657 p.
2064 1587 2134 1641 15
2162 1584 2222 1638 C.
2255 1613 2316 1626 -
2350 1583 2590 1653 Mosqua:
2639 1583 2692 1636 in
2739 1582 2871 1636 bibl.
2914 1581 3112 1651 synod.
3165 1581 3284 1635 cod.
3337 1581 3451 1641 165,
3480 1584 3636 1644 inquo

452 1675 613 1728 etiam
654 1681 875 1727 exstant
903 1688 916 1723 :
1538 1736 1543 1742 _

521 1759 589 1812 In
618 1758 719 1813 SS.
751 1759 980 1813 omnium
1007 1758 1365 1813 Dominicam.
1392 1759 1538 1828 (Viti.
1566 1775 1622 1813 ιι.
1647 1760 1761 1830 15.)

535 1866 653 1921 Vita
676 1878 723 1921 et
744 1871 1051 1938 martyrium
1098 1868 1159 1924 S.
1186 1870 1495 1939 (Paupwv’a;
1530 1869 1678 1935 (alibi
1719 1869 1915 1939 legitur
1951 1869 2086 1938 Φεΰρ

2089 1870 2261 1933 ιωνίας
2299 1868 2338 1937 ),
2388 1871 2496 1924 inc.
2553 1870 2890 1939 Τυραννικόν
2947 1888 3001 1923 τι
3046 1872 3144 1922 καὶ
3174 1868 3346 1938 βίαιον
3372 1866 3517 1936 ἔρως.
3564 1864 3640 1916 Est

452 1968 670 2024 quoque
700 1956 751 2008 in
788 1956 910 2008 cod.
938 1971 1060 2008 mox
1104 1957 1458 2011 memorando
1500 1957 1633 2012 bibl.
1667 1958 1836 2012 Marc.
1873 1957 1996 2011 Vita
2029 1955 2301 2011 Febronia:
2327 1958 2579 2025 martyris
2613 1967 2668 2011 et
2703 1957 2820 2014 Vita
2859 1960 3070 2026 Anysite
3101 1956 3447 2010 Titcssalonic.

539 2041 660 2095 'Vita
685 2043 841 2097 Saba:
871 2044 985 2112 iun.
1019 2044 1128 2097 inc.
1162 2045 1345 2107 Σάϐας
1393 2045 1421 2096 ὀ
1464 2044 1801 2115 θαυμαστὸς,
1846 2044 2090 2107 ὑπόθεσις

2087 2062 2102 2107 ς
2145 2044 2396 2111 ἀγώνων.
2437 2043 2636 2097 Eadem
2679 2042 2733 2097 in
2764 2045 2888 2097 cod.
2928 2044 3098 2098 Marc.
3136 2058 3256 2097 ιιιοιι
3298 2033 3638 2094 laudando.”

467 2128 532 2182 V.
572 2146 737 2198 supra
774 2132 882 2184 vol.
906 2132 972 2194 X,
998 2147 1050 2200 p.
1079 2131 1205 2185 519.

532 2216 688 2271 Orat.
731 2219 784 2270 in
821 2216 882 2269 S:
909 2217 1264 2287 Onuphrium.
1292 2218 1412 2272 init.
1450 2217 1575 2283 Τοῖς
1600 2218 1711 2274 τῶν
1736 2218 1947 2291 ἀνδρῶν
1978 2220 2083 2289 apii

1450 2217 1575 2283 Τοῖς
1600 2218 1711 2274 τῶν
1736 2218 1947 2291 ἀνδρῶν
1978 2220 2244 2289 ἀρίστοις.
2290 2220 2424 2274 Ead.
2451 2209 2516 2275 in
2543 2220 2668 2275 cod.
2710 2218 2877 2275 Marc.
2903 2221 2999 2276 cit.

527 2304 709 2360 Oratt.
748 2298 1060 2375 dogmatica:
1084 2316 1269 2359 contra
1296 2306 1627 2377 Acindynum
1656 2320 1706 2363 et
1739 2311 1853 2378 ejus
1883 2317 2078 2364 sectato

1846 2327 1853 2360 ς
1883 2317 2187 2364 sectatores.
2215 2309 2329 2364 Inc.
2380 2310 2491 2361 Kal.
2513 2308 2683 2361 πάλαι
2710 2308 2809 2377 μὲν
2846 2311 2874 2362 ὁ
2910 2310 3010 2378 τῆς
3037 2308 3320 2378 ἀληθείας,
3346 2313 3397 2361 et

532 2391 597 2445 In
644 2392 1020 2445 Dormitionem
1049 2392 1114 2447 Β.
1149 2394 1359 2449 Marite.
1391 2394 1519 2452 lnit.
1554 2398 1712 2449 Ἥκω
1742 2400 2001 2468 τήμερον,
2042 2390 2083 2449 ὦ

2118 2396 2285 2465 φίλοι,
2319 2395 2462 2449 κατὰ
2506 2394 2737 2464 δύναμιν
2778 2394 3099 2449 ἀποδώσων.
3141 2396 3202 2450 V.
3251 2392 3473 2449 Matthxi
3499 2387 3641 2444 Notit.

455 2478 554 2534 cit.
584 2494 636 2546 p.
673 2481 739 2533 97
770 2495 884 2547 seq.
923 2488 1050 2547 etp.
1077 2481 1199 2545 I77,
1227 2484 1292 2536 de
1320 2491 1487 2537 oratt.
1528 2484 1853 2554 dogmaticis
1881 2486 1933 2535 in
1960 2485 2082 2537 cod.
2114 2482 2247 2537 2Ἱ7.

532 2564 598 2618 In
628 2567 901 2635 Anysiam,
932 2565 1128 2622 Venet.
1156 2569 1212 2622 in
1237 2569 1373 2623 bibl.
1402 2570 1565 2623 Marc.
1598 2570 1716 2623 cod.
1752 2568 1957 2633 582,1ιι
1995 2584 2102 2637 quo
2139 2577 2354 2625 exstant
2400 2568 2530 2623 Vita:
2571 2577 2618 2622 et
2663 2569 2833 2639 elogia
2877 2568 2979 2623 SS.
3030 2571 3309 2638 praemissa
3343 2564 3641 2639 protheoris.

456 2653 614 2723 cujus
645 2656 854 2707 initium
891 2673 905 2708 :
941 2656 1031 2726 Τῷ
1056 2657 1285 2726 παρόντι
1313 2659 1454 2728 λόγῳ
1492 2661 1693 2719 σκοπός
1724 2660 1895 2712 ἐστιν.
1923 2658 2007 2712 Set

2092 2667 2239 2712 mtur
2266 2655 2585 2711 Sanctorum
2624 2658 2859 2709 omnium
2893 2654 3045 2712 Vitw.
3080 2658 3201 2711 luit.
3260 2657 3368 2710 Καὶ
3410 2654 3468 2707 τὸ
3489 2654 3643 2717 λόγοις

464 2740 565 2810 μὲν
588 2741 777 2803 ἄλλως.
817 2740 977 2804 Tum,
1018 2754 1216 2811 praeter
1249 2757 1595 2810 memoratas,
1636 2743 1812 2799 Vita:

521 2844 779 2902 Germani
812 2848 1131 2919 Hagioritte.
1158 2851 1267 2907 Inc.
1309 2852 1471 2905 ’Λλλὰ
1504 2852 1621 2917 πῶς
1644 2854 1709 2907 ἄν
1748 2870 1834 2918 τις
1861 2854 1921 2906 τὸ
1945 2852 2069 2907 καθ’
2102 2855 2271 2924 ἡμᾶς.

531 2934 733 2989 Isidori
764 2948 902 3005 patr.
932 2937 1136 2992 Cl‘olil.
1174 2940 1301 2999 lnit.
1344 2930 1615 3010 Ἰσίδωρον
1638 2941 1695 2993 δὲ
1731 2942 1839 3011 ἄρα
1869 2941 1962 2994 τὸν
2010 2942 2077 3009 μϐ

933 2937 1136 2992 Cl‘olil.
1174 2940 1301 2999 lnit.
1344 2930 1615 3010 Ἰσίδωρον
1638 2941 1695 2993 δὲ
1731 2942 1839 3011 ἄρα
1869 2941 1962 2994 τὸν
2010 2942 2205 3009 μέγαν.
2478 2980 2484 2986 -

527 3022 717 3077 Phoca:
774 3025 1047 3094 martyris.
1092 3024 1205 3079 Inc.
1261 3026 1320 3078 Ei
1366 3027 1423 3080 δὲ
1473 3029 1565 3079 καὶ
1629 3028 1753 3091 τοὺς
1800 3027 2078 3097 λαμπρούς

2099 3067 2113 3082 .
2169 3026 2440 3083 Pliilothei
2492 3028 2770 3083 bomiltam
2846 3044 2879 3082 ιι
2946 3027 3097 3083 illius
3147 3028 3359 3082 laudem
3426 3024 3640 3081 continet

456 3126 671 3181 quinque
709 3110 831 3165 cod.
875 3111 1029 3176 1185,
1064 3127 1119 3167 ιι.
1147 3113 1234 3175 15.
1276 3113 1406 3168 bibl.
1436 3113 1607 3167 Paris.
1632 3114 1780 3184 publ.
1828 3112 1889 3168 V.
1928 3115 2174 3183 Appenzl.
2205 3116 2269 3168 ad
2297 3115 2417 3171 Cat.
2458 3115 2583 3171 Mss.
2622 3114 2750 3172 bibl.
2785 3116 2911 3170 Par.
2949 3124 3084 3170 tom.
3145 3114 3208 3177 II,
3239 3130 3296 3185 p.
3321 3114 3439 3168 618.

531 3195 596 3250 In
651 3196 753 3251 SS.
785 3214 959 3251 omnes
1000 3198 1310 3253 ἀκολουθία.
1352 3200 1477 3253 lnit.
1506 3201 1686 3263 Ποιοις
1708 3200 1993 3271 εὐφημιῶν
2030 3201 2268 3271 μέλεσιν.

528 3286 595 3338 1η
621 3283 718 3338 88.
752 3284 1040 3353 apostolos.
1071 3285 1181 3340 Inc.
1214 3286 1361 3340 Ἔδει
1392 3287 1491 3355 μὲν
1519 3288 1594 3350 ὡς
1619 3287 1854 3355 ἀληθῶς.

530 3369 722 3424 Postea
748 3380 1048 3440 sequuntur
1071 3370 1362 3426 Sermones
1389 3372 1546 3434 varii,
1575 3373 1697 3428 scil.

528 3478 605 3535 De
646 3481 843 3535 lumine
876 3482 1150 3537 Dominico
1190 3484 1243 3536 in
1280 3494 1454 3537 monte
1481 3485 1712 3551 Thabor,
1757 3495 1807 3540 et
1841 3485 1910 3540 de
1937 3485 2115 3540 divina
2149 3488 2454 3557 operatione
2479 3494 2729 3544 adversus
2770 3490 3216 3557 contradicentes,
3241 3488 3584 3561 apologotirus
3602 3483 3635 3537 1.

457 3568 570 3622 Inc.
620 3569 733 3622 Καὶ
774 3568 943 3622 πάλαι
980 3572 1079 3639 μὲν
1122 3571 1150 3622 ὁ
1191 3572 1291 3638 τῆς
1313 3572 1571 3641 ἀληθείας
1609 3572 1786 3641 λόγος.
1830 3571 1895 3628 ll.
1936 3574 2008 3627 Ad

2097 3590 2208 3630 rsus
2237 3576 2455 3631 eosdem
2497 3577 2560 3630 de
2615 3578 2930 3641 divinitate,
3001 3590 3057 3643 et,
3122 3580 3300 3633 divino
3358 3577 3557 3636 lumine,
3596 3572 3648 3625 de

455 3660 821 3729 spiritualibus
880 3661 1164 3715 visionibus
1208 3671 1263 3715 et
1320 3663 1383 3715 de
1449 3677 1606 3716 sacra
1647 3665 2000 3731 perfectorum

2098 3664 2309 3717 “atione.
2359 3662 2471 3717 Inc.
2520 3663 2658 3732 Περὶ
2720 3663 2820 3733 μὲν
2878 3664 2945 3733 δὴ
2995 3667 3205 3718 τούτων
3270 3663 3463 3724 ἱκανῶς
3527 3659 3649 3728 ἔχειν

457 3740 634 3815 οἶμαι.
679 3745 921 3817 (Legitur
964 3746 1017 3801 in
1079 3749 1203 3802 cod.
1263 3747 1571 3817 Mosquensi
1622 3751 1816 3819 synod.
1845 3748 1970 3812 556,

2120 3749 2173 3804 5.
2230 3750 2294 3803 ν.
2341 3748 2575 3804 Matthmi
2623 3748 2794 3804 Notit.
2838 3751 2932 3805 cit.
2959 3766 3011 3821 p.
3039 3751 3169 3816 218,
3215 3753 3345 3806 add.
3393 3764 3564 3817 supra.
3593 3743 3648 3797 ad

460 3850 515 3889 ιι.
556 3834 609 3897 1,
646 3833 767 3901 litt.)

529 3922 607 3975 Ad
640 3920 913 3985 anatium
945 3919 1264 3987 episcopum
1308 3917 1361 3971 in
1398 3919 1602 3973 dictant
1634 3919 2050 3975 Proverolorum
2088 3939 2103 3975 :
2147 3920 2424 3990 Sapientia
2464 3922 2749 3989 wdi/ieavit
2803 3922 2904 3976 sibi
2950 3923 3191 3980 domum.
3250 3923 3369 3978 lnit.
3424 3924 3492 3975 Σὺ
3541 3918 3644 3989 μὲν.

459 4008 575 4079 [sps
603 4007 695 4060 τοῦ
718 4004 853 4058 Θεοῦ
900 4004 1183 4076 ἄνθρωπε.
1223 4008 1373 4073 υριιε
1404 4004 1667 4059 dividitur
1692 4006 1744 4060 in
1771 4016 1878 4062 tres
1907 4022 2010 4062 seri

2094 4023 2212 4063 nes.
2271 4008 2484 4079 (Exstat
2513 4024 2730 4079 quoque
2780 4009 2833 4063 in
2887 4010 3009 4065 cod.
3067 4011 3379 4081 Mosquensi
3433 4010 3521 4064 cit.
3540 4004 3644 4063 556.

462 4113 519 4150 ιι.
562 4094 645 4161 8.)

527 4181 722 4233 Sermo
754 4178 1049 4234 historicus
1080 4179 1135 4231 in
1165 4177 1486 4233 obsidionem
1524 4189 1571 4233 et
1598 4178 1950 4247 captivitatem
1984 4176 2279 4243 Herodem,
2306 4197 2339 4234 a
2377 4176 2586 4233 Latinis
2616 4180 2835 4249 factum,
2890 4182 2993 4237 sub
3029 4183 3261 4252 imperio
3312 4175 3645 4238 Cantacuzeni

457 4278 511 4321 et
539 4265 849 4334 Palmulogi.
889 4264 1009 4323 lnit.
1048 4265 1209 4341 Ἔτος
1238 4265 1336 4336 μὲν
1361 4260 1429 4335 ἦν
1461 4263 1752 4335 ἑξηκοστὸν
1785 4265 1891 4318 ario
1920 4266 2007 4317 κτί

1573 4266 1752 4318 socrst
1785 4265 1891 4318 ἀπὸ
1920 4266 2147 4329 κτίσεως
2177 4266 2405 4335 κόσμου.
3120 4296 3124 4300 α

530 4353 790 4422 Epistula,
824 4369 874 4408 s.
908 4352 1127 4407 bomilia
1165 4354 1331 4408 missa
1367 4353 1525 4408 CPoli
1576 4356 1646 4404 ad
1672 4352 2034 4415 Heracleotes,
2059 4368 2151 4421 per
2182 4352 2333 4407 urbes
2360 4364 2406 4407 et
2438 4354 2632 4421 oppida
2672 4352 2914 4407 Thraciae
2943 4365 2993 4408 et
3018 4353 3345 4410 Macedonia:
3380 4354 3643 4421 dispersos.

462 4441 572 4494 Inc.
599 4439 845 4502 Φιλόθεος
874 4441 1125 4503 ταπεινὸς
1144 4439 1564 4510 μητροπολίτης.
1586 4437 1649 4493 V.
1667 4440 1787 4495 Cat.
1822 4439 1979 4494 codd.
2003 4445 2013 4491 t

1352 4439 1564 4509 εολίτης.
1586 4437 1787 4495 V.Cat.
1822 4439 1979 4494 codd.
2003 4440 2093 4495 Gr.
2126 4438 2296 4493 Marc.
2326 4455 2377 4506 p.
2407 4439 2512 4494 505
2545 4456 2659 4509 seq.
2689 4439 2903 4510 (Ilaec)

534 4528 619 4581 15.
666 4524 733 4578 In
789 4524 894 4580 SS.
952 4527 1184 4578 omnium
1232 4524 1587 4578 Dominicam.
1648 4525 1817 4592 Iucip.
1902 4527 2012 4578 Καὶ
2042 4526 2085 4578 τί

2094 4548 2100 4575 ι
2128 4526 2311 4595 λόγοις
2363 4528 2462 4595 μὲν
2496 4528 2665 4590 ἄλλως
2697 4529 2766 4580 τὰ
2811 4529 2919 4580 τῶν
2953 4529 3130 4595 ἁγίων
3156 4531 3423 4591 ἑκάστους
3472 4522 3645 4588 διεξιέ-

460 4632 571 4670 ναι.
615 4611 733 4667 MS.
787 4612 1039 4666 Lambec.
1080 4610 1169 4675 IV,
1196 4626 1249 4680 p.
1281 4611 1369 4665 60.
1403 4609 1616 4679 (FABR.)
1644 4610 1794 4688 Sive)
1818 4628 1871 4679 p.
1900 4612 2011 4673 151,

2095 4649 2108 4666 .
2160 4613 2193 4666 4
2244 4614 2334 4669 ed.
2376 4613 2579 4668 Kollar.
2640 4615 2761 4669 cod.
2824 4615 2947 4668 111.
2997 4616 3058 4671 V.
3114 4630 3279 4685 supra
3331 4616 3393 4670 ad
3440 4614 3537 4667 vol.
3582 4607 3646 4668 Χ.

464 4719 519 4773 p.
576 4700 703 4763 529,
738 4700 940 4770 quibus
972 4699 1097 4755 add.
1121 4699 1244 4754 cod.
1277 4699 1409 4752 bibl.
1438 4698 1600 4752 Marc.
1657 4699 1810 4752 citat.
1844 4707 1897 4752 et
1925 4699 2015 4754 cod

2099 4699 2409 4769 Mosqucns.
2468 4701 2595 4764 556,
2633 4718 2690 4754 ιι.
2718 4702 2774 4755 2.
2819 4699 2882 4755 V.
2914 4700 3149 4757 Matthxi
3185 4712 3300 4757 not.
3330 4701 3423 4756 cit.
3463 4713 3516 4769 ι).
3538 4694 3650 4750 218.

464 4789 686 4857 (ΒΑΜ.)

533 4901 623 4959 14.
663 4899 847 4956 Conon
880 4898 935 4953 in
967 4896 1025 4953 S.
1058 4896 1362 4968 Gregorium
1389 4906 1696 4967 martyrem,
1731 4911 1834 4951 ms.
1868 4895 2084 4951 Lambct

2104 4935 2120 4951 .
2149 4892 2211 4959 V,
2248 4910 2299 4966 p.
2326 4894 2451 4950 282.
2484 4894 2675 4964 Incipit
2701 4913 2714 4950 :
2738 4896 3117 4961 ’Δναστάσεως
3149 4899 3357 4969 ἡμέραν
3378 4890 3650 4949 κατιδόντες

461 4988 742 5058 λαμπράν.
775 4986 986 5058 (Ειιιιι.)
1030 4985 1157 5040 Sive
1186 5001 1239 5055 p.
1267 4983 1394 5047 599,
1415 4984 1502 5038 ed.
1536 4983 1676 5036 Knll.
1699 4984 1751 5037 in
1778 4983 1903 5037 cod.
1943 4982 2012 5038 Ca

2124 4980 2252 5035 521.
2281 5011 2351 5021 -—-
2398 4981 2582 5037 Venet.
2613 4969 2823 5037 in'cod.
2857 4981 3020 5038 Marc.
3059 4983 3125 5037 14
3150 4985 3243 5050 qui
3283 4984 3515 5038 continet
3561 4975 3651 5028 llo—

466 5078 732 5143 rologium
767 5088 1044 5144 magnum,
1069 5079 1287 5127 exstant
1316 5069 1554 5125 Canones
1600 5068 1868 5123 Philothei
1918 5078 1971 5123 et
1998 5068 2230 5122 aliorum
2260 5070 2570 5136 paracletici
2630 5071 2682 5123 in
2716 5070 2999 5137 Deiparant
3041 5069 3341 5139 Virginem,
3385 5067 3645 5123 Christum

462 5173 519 5216 et
546 5163 769 5232 angelos
794 5159 1073 5215 custodes.
1117 5158 1184 5213 V.
1204 5159 1308 5213 cel.
1337 5156 1546 5211 Murclli
1578 5158 1707 5211 bibl.
1747 5172 1852 5211 ms.
1880 5156 1977 5212 Gr.
2007 5165 2062 5210 et
2083 5154 2227 5220 Lat.,
2261 5165 2394 5210 tom.
2426 5155 2461 5221 Ι,
2492 5173 2543 5225 p.
2575 5154 2665 5210 29.
2706 5154 2967 5212 -—Paris.
2997 5155 3051 5209 in
3094 5154 3225 5211 bibl.
3259 5156 3403 5225 publ.
3431 5153 3543 5207 cod.
3572 5147 3649 5206 Β.

465 5268 523 5304 ιι.
555 5250 611 5315 5,
647 5260 699 5303 et
726 5240 890 5315 (teste
937 5245 1237 5300 Moutlauc.
1266 5245 1319 5299 in
1355 5244 1492 5299 Bibl.
1527 5244 1767 5298 biblioth.
1790 5260 1915 5299 mss.
1941 5260 1993 5311 p.
2029 5244 2173 5299 1525
2209 5243 2274 5309 C,
2316 5244 2371 5298 in
2405 5245 2528 5301 cod.
2566 5244 2941 5315 Ilazar.198.)
3001 5246 3272 5303 l’ltilothei
3314 5242 3556 5312 Troparia
3600 5238 3648 5290 in

467 5337 630 5390 lorm.
664 5333 864 5402 dialogi
899 5332 1041 5385 inter
1067 5330 1345 5384 Christum
1367 5340 1421 5385 et
1452 5330 1512 5385 S.
1548 5329 1858 5397 Deiparam.
1899 5331 2123 5401 (Ηιιιι.)

544 5422 633 5476 15.
667 5422 848 5478 Conon
872 5421 924 5471 in
952 5415 1221 5471 Joannem
1243 5416 1630 5469 Damascenum
1664 5417 1870 5470 citatur
1900 5417 1967 5471 ab
1994 5418 2190 5473 Allatio
2226 5428 2419 5472 contra
2466 5417 2869 5488 IIottingcrum,
2898 5439 2954 5491 p.
2989 5424 3112 5477 216.

543 5507 631 5561 16.
674 5506 996 5575 Synodicam
1025 5506 1088 5557 de
1126 5504 1383 5570 baptismo
1421 5502 1608 5556 laudat
1637 5501 1754 5557 Nic.
1787 5502 2121 5565 Comnenus,
2155 5522 2205 5572 p.
2244 5506 2346 5559 510
2380 5506 2617 5560 Pramot.
2660 5502 2959 5577 mystagog.
2995 5510 3153 5562 Aliud
3211 5505 3527 5577 Synodicon,
3568 5494 3641 5550 Νϐ

467 5594 936 5648 exeommunicatio
973 5593 1071 5660 ﬁat
1100 5590 1455 5661 sinejudicio,
1487 5605 1541 5659 p.
1570 5588 1713 5654 285;
1754 5599 1809 5644 et
1849 5590 1921 5643 De
1949 5604 2049 5644 non
2086 5590 2385 5645 mutiianda
2422 5590 2497 5646 vel
2540 5593 2909 5661 interpolanda
2948 5593 3010 5651 S.
3045 5593 3393 5665 Chrysostomi
3427 5584 3641 5657 liturgia,

471 5692 527 5747 p.
550 5678 676 5732 552.
