3928 6212
397 333 511 400 ’119

1447 327 1868 387 PHILOTHEI
1910 326 2021 387 ΟΡ.
2050 324 2579 386 PATBIARCILE

3530 282 3649 393 τι

1587 605 2465 745 ΦΙΛΟΘΕΟΥ

965 863 1680 958 ΠΑΤΡΙΑΡΧΟΥ
1752 871 3086 963 ΚΩΝΣΤΑΝΤΙΝΟΥΠΟΛΕΩΣ

1927 1056 2136 1107 ΛΟΓΟΣ

1051 1209 1160 1263 ΕΙΣ
1197 1209 1342 1263 ΤΗΝ
1378 1209 1641 1264 ΥΨΩΣῙΝ
1679 1209 1818 1261 ΤΟΥ
1853 1208 2101 1262 ΤΙΜΙΟΥ
2141 1205 2256 1262 ΚΑΙ
2298 1206 2638 1262 ΖΩΟΠΟῙΟΥ
2666 1207 3014 1263 ΣΤΑΥΡΟΥ.

1515 1515 2562 1671 PHILOTHEI

1250 1826 1915 1919 ,CPOLITANI
1997 1787 2818 1915 'PATRIARCHIE

1914 2023 2146 2093 SERMO

914 2187 993 2247 IN
1040 2184 1679 2246 EXAL’I‘ATIO‘NEM
1724 2181 2252 2245 ‘VENERAND/E
2310 2181 2411 2242 ET
2454 2179 2825 2243 VIVIFICE
2878 2182 3175 2246 CRUCIS.

1333 2343 1498 2409 (Apud
1523 2323 1813 2396 Gretserum
1838 2344 1908 2395 De
1928 2356 2088 2396 cruce.
2117 2333 2243 2406 Opp.
2272 2349 2391 2394 tom.
2424 2342 2489 2402 II,
2523 2357 2574 2407 p.
2602 2340 2732 2407 126.)

486 2630 539 2685 l‘.
579 2630 871 2697 Postquam
903 2627 974 2681 ob
1008 2624 1500 2694 transgressionem
1542 2624 1701 2694 primi
1735 2624 1984 2694 parentis
2012 2672 2014 2680 .

2156 2628 2228 2677 α’.
2276 2622 2493 2694 Ἐπειδὴ
2538 2623 2640 2692 τῆς
2667 2621 2894 2693 πρώτης
2924 2624 3018 2677 καὶ
3062 2624 3214 2685 θείας
3247 2625 3349 2677 καὶ
3384 2629 3641 2697 μακαρίας

415 2720 587 2776 nostri
610 2727 718 2785 ,‘ex
759 2718 931 2787 prima
966 2727 1019 2771 et
1053 2717 1206 2769 beata
1240 2716 1328 2785 illa
1358 2717 1468 2770 vita
1497 2717 1822 2778 excidimus,
1858 2728 1918 2771 et
1948 2731 1978 2769 a

414 2815 526 2867 Deo
558 2810 816 2880 sejuncti,
846 2823 910 2861 ex
949 2807 1203 2876 paradiso
1230 2808 1524 2876 proscripti
1560 2822 1750 2861 sumus
1771 2848 1783 2870 .
1813 2808 1978 2877 inque

415 2904 643 2959 honoris
665 2907 1197 2981 prorsus‘expertem
1246 2900 1463 2953 vivendi
1498 2900 1798 2962 rationem,
1834 2915 1982 2953 mor-

420 2999 489 3051 tis
507 2995 612 3060 rei,
640 2992 997 3055 incurrimus,
1028 2990 1176 3044 mille
1191 2989 1566 3059 opinionibus,
1598 2991 1979 3061 eterrnribus,

416 3101 472 3145 et
511 3087 814 3157 impietatis
846 3082 1144 3155 generibus
1187 3083 1470 3152 implicati,
1492 3084 1980 3153 voluptatibusque

416 3188 474 3232 et
532 3174 809 3231 illecebris
860 3174 1041 3227 carnis
1087 3188 1117 3225 a
1169 3172 1385 3226 diabolo
1431 3174 1485 3226 in
1526 3173 1851 3227 servitutem
1890 3176 1983 3229 ab-

418 3266 610 3332 ducti;
671 3275 959 3335 postquam
1002 3263 1167 3317 etiam
1214 3274 1442 3334 propter
1498 3265 1614 3319 haec
1670 3264 1793 3318 talia
1842 3280 1982 3334 opus

419 3357 715 3413 habuimus
743 3355 853 3408 Deo
875 3355 1182 3418 incarnato,
1205 3354 1405 3424 quippe
1428 3355 1519 3423 qui
1558 3371 1665 3409 non
1692 3355 1859 3410 ferret
1882 3364 1984 3429 aut

417 3449 588 3503 tantis
620 3447 801 3517 poenis
820 3445 1072 3509 multari,
1135 3454 1228 3500 aut
1261 3446 1482 3515 penitus
1504 3447 1730 3501 interire
1762 3449 1985 3517 ﬁgmen-

425 3547 541 3591 tum
570 3552 827 3591 manuum
846 3551 1095 3601 suarum,
1129 3545 1190 3590 ut
1211 3536 1279 3590 ab
1300 3551 1386 3597 eo,
1410 3553 1440 3591 a
1468 3553 1577 3606 quo
1595 3537 1703 3593 ﬁcti
1738 3554 1982 3602 eramus,

424 3629 840 3699 reﬁngeremur,
890 3643 953 3681 ea
1001 3627 1069 3682 de
1103 3643 1265 3684 causa
1302 3630 1612 3698 unigenitus
1652 3630 1745 3683 Dei
1779 3630 1981 3694 Filius,

422 3730 484 3775 et
507 3721 770 3784 Verbum,
792 3719 939 3789 quod
975 3734 1042 3774 ex
1072 3720 1222 3775 omni
1247 3720 1554 3773 aeternitate
1588 3721 1733 3773 Patri
1760 3720 1982 3783 aderat,

428 3824 681 3884 tempore
708 3829 817 3866 non
865 3813 1384 3881 circumscriptum,
1430 3812 1697 3866 miserans
1735 3822 1984 3866 naturam

425 3912 696 3967 nostram,
726 3918 847 3972 quae
874 3917 902 3956 a
939 3913 1091 3958 recto
1122 3902 1341 3956 tramite
1368 3900 1689 3965 deﬂexerat,
1718 3900 1784 3954 ad
1806 3902 1986 3955 inter-

424 3995 561 4053 itum
618 4002 930 4065 proruerat,
985 4006 1191 4063 perque
1245 4002 1528 4061 peccatum
1567 3993 1633 4046 ad
1691 3993 1989 4047 inferorum
2022 3978 2063 4032 Β

429 4093 617 4156 portas
645 4085 1026 4147 descenderat,
1050 4081 1559 4151 statuitaliquando
1596 4084 1737 4137 inter
1765 4098 1864 4137 nos
1891 4083 1991 4138 de-

429 4191 594 4242 gere,
645 4174 908 4244 temporis
960 4173 1288 4229 volubilitati
1333 4172 1568 4243 subjici,
1620 4174 1887 4243 nobisque
1936 4174 1990 4228 in

427 4267 687 4320 omnibus
710 4303 726 4330 ,
758 4274 987 4334 excepto
1034 4274 1261 4334 peccato
1285 4304 1299 4326 ,
1335 4266 1655 4328 assimilari;
1706 4274 1993 4335 eapropter

430 4358 680 4426 virgineo
702 4365 863 4410 utero
888 4356 1152 4426 recipitur
1180 4357 1244 4421 is,
1273 4356 1365 4427 qui
1393 4357 1543 4410 nullo
1556 4356 1733 4423 spatio
1757 4356 1991 4426 capitur.

427 4460 485 4503 et
537 4448 785 4518 corporis
835 4447 978 4501 mole
1012 4448 1506 4512 circumscribitur,
1556 4449 1647 4517 qui
1701 4448 1995 4502 incircum-

433 4538 671 4607 scriptus
694 4546 783 4589 est
806 4573 820 4599 ,
856 4542 1214 4602 naturamque
1242 4544 1581 4604 assumptam
1607 4534 1994 4589 communione

434 4643 530 4682 sua
566 4626 631 4679 ad
665 4625 1008 4679 divinitatem
1035 4624 1244 4687 evehit,
1267 4640 1506 4695 vereque
1527 4625 1695 4679 homo
1738 4625 1994 4689 edicitur,

430 4718 524 4788 qui
554 4733 770 4787 semper
810 4716 951 4794 Deus
976 4726 1080 4770 est.

508 4812 562 4865 2.
595 4811 868 4867 Cancrum
914 4826 1040 4865 cum
1073 4810 1124 4863 in
1157 4808 1359 4863 mundo
1405 4817 1742 4872 versaretur,
1768 4816 1823 4864 et
1853 4808 1997 4862 inter

434 4901 687 4956 homines
712 4901 875 4955 vitam
913 4910 1121 4968 ageret,
1183 4899 1332 4969 leges
1373 4897 1704 4966 justissimas
1751 4897 1999 4966 praescri-

432 4994 564 5061 psit,
585 4978 834 5044 veritatis
858 4990 1190 5058 agnitionem
1217 4987 1498 5056 patefecit,
1532 4997 1585 5039 et
1603 5002 1694 5050 ea,
1724 5002 1845 5054 qua:
1868 5001 1998 5040 con-

433 5078 694 5135 ducibilia
752 5090 808 5134 et
859 5081 1120 5134 salutaria
1161 5089 1374 5142 erant,
1423 5080 1665 5133 edocuit.
1723 5079 1885 5148 Signa
1939 5088 1995 5133 et

431 5171 679 5242 prodigia
733 5185 924 5239 magna
969 5180 1024 5224 et
1078 5171 1397 5224 admiranda
1467 5171 1743 5239 patravit;
1796 5169 1994 5225 deinde

432 5271 626 5330 sponte
679 5275 777 5315 sua
827 5260 881 5313 in
916 5260 1206 5329 impiorum
1237 5270 1292 5313 et
1318 5260 1706 5313 sceleratorum
1752 5269 1992 5329 potesta-

433 5361 545 5407 tem
586 5350 827 5406 traditus
879 5359 987 5405 est.
1025 5350 1464 5415 Condemnatur,
1523 5350 1713 5405 mortis
1771 5359 1991 5405 senten-

432 5443 562 5497 tiam
588 5443 817 5513 patitur,
839 5442 1265 5511 turpissimaque
1294 5441 1423 5496 letlii
1444 5456 1640 5509 genere
1669 5441 1990 5508 perimitur:

336 5578 341 5587 .
431 5544 557 5584 cum
588 5532 640 5585 in
673 5546 731 5585 se
755 5530 1024 5601 supplicia
1049 5536 1107 5585 et
1139 5530 1509 5584 cruciamenta
1541 5528 1776 5597 peccatis
1792 5528 1994 5582 nostris

432 5619 615 5674 debita
648 5622 964 5689 recepisset,
1021 5620 1317 5674 secundum
1348 5619 1477 5672 illud
1512 5619 1648 5672 vatis
1673 5617 1994 5671 oraculum:

437 5714 561 5781 Ipse
594 5719 809 5797 peccata
854 5721 1033 5764 nostra
1064 5720 1261 5780 portat,
1298 5711 1602 5781 doloresque
1636 5718 1840 5762 nostros
1887 5709 1995 5777 ipse

2087 2714 2230 2783 ζωῆς
2280 2716 2674 2786 ἀπερῤἁγηρεν
2722 2714 2807 2769 διὰ
2849 2715 2949 2785 τὴν
2978 2718 3292 2786 παράϐασιν
3324 2718 3418 2769 τνρῦ
3452 2736 3619 2786 apum

2087 2805 2341 2874 πάτορος,
2378 2807 2471 2856 καὶ
2508 2806 2600 2857 τοῦ
2622 2804 2756 2858 Θεοῦ
2802 2786 3640 2877 μακρυνϐἐντεςξὲξᾶριστοιτοῦ

2087 2896 2416 2965 παραδείσου
2445 2896 2784 2965 γεγόναμεν,
2816 2896 2910 2949 καὶ¹
2941 2897 3300 2965 κατήχθημεν
3333 2900 3417 2961 εἰς
3464 2900 3639 2965 ἀτιμο-

2059 2987 2255 3072 γτὰτην
2307 2987 2605 3055 διαγωγὴν,
2662 2988 2757 3039 καὶ
2804 2986 3032 3040 θάνατον
3093 2991 3524 3058 κατεκρίθημεν,
3561 2993 3643 3040 καὶ

2091 3080 2309 3150 μυρίαις
2337 3079 2536 3145 δόξαις,
2568 3080 2657 3131 καὶ
2688 3079 2916 3141 πλάναις
2963 3081 3061 3131 καὶ
3107 3079 3392 3143 ἀσεϐείαις
3428 3097 3641 3148 κατεμε-

2092 3177 2375 3247 ρίσθημεν,
2413 3177 2746 3247 φιληδονίαις
2784 3176 2878 3227 καὶ
2909 3175 3107 3229 πάθεσι
3139 3178 3349 3246 σαρκὸς
3376 3178 3455 3246 τῷ
3482 3175 3643 3246 ἐχθρῷ

2086 3269 2320 3339 διαϐόλῳ
2352 3270 2863 3337 καταδουλούμενοι,
2896 3267 2992 3321 καὶ
3038 3268 3323 3322 διὰ’τοῦϊο
3366 3270 3641 3340 ἐδεήθημεν

2088 3362 2222 3415 Θεοῦ
2257 3362 2653 3431 σαρκουμένου,
2692 3360 2793 3412 οὐκ
2817 3361 3187 3429 ἀνασχομένου
3217 3362 3563 3430 ζημιωθῆναι
3588 3359 3642 3410 ca

2090 3451 2313 3520 πλάσμα
2337 3452 2446 3504 τῶν
2485 3451 2700 3503 οἰκείων
2744 3451 2967 3521 χειρῶν,
2994 3450 3116 3503 οὐδὲ
3144 3453 3397 3520 παριδεῖν
3428 3449 3643 3504 anom-

2093 3559 2252 3611 μενον
2283 3543 2369 3603 ἶνα
2397 3542 2466 3594 δι’
2491 3534 2552 3593 οὗ
2603 3542 2702 3610 τὴν
2732 3541 2928 3595 πλάσιν
2959 3541 3212 3610 ἔσχομεν,
3271 3542 3345 3594 δι’
3380 3542 3537 3593 αὐτοῦ
3561 3539 3643 3591 καὶ

2088 3634 2189 3703 τὴν
2226 3633 2526 3687 ἀνάπλασιν
2555 3634 2830 3701 λάϐωμεν,
2877 3633 3069 3686 τούτου
3093 3635 3255 3704 χάριν
3308 3635 3337 3686 ὁ
3371 3630 3645 3703 μονογενὴς

2092 3725 2216 3788 Υἱὸς
2245 3724 2337 3778 τοῦ
2371 3724 2528 3787 Θεοῦ,
2558 3726 2651 3776 καὶ
2681 3728 2873 3791 Λόγος,
2901 3725 2999 3778 καὶ
3030 3726 3217 3783 ἀῖδίως
3248 3727 3429 3779 συνὼν
3453 3724 3525 3792 τῷ
3549 3725 3644 3774 [Ια-

2092 3817 2204 3885 τρὶ,
2234 3816 2328 3867 καὶ
2362 3814 2589 3884 ἄχρονος
2616 3814 2716 3879 ὢν,
2745 3816 2844 3884 τὴν
2869 3816 3147 3886 ἡμετέραν
3175 3816 3341 3884 φύσιν
3364 3830 3641 3869 κατοικτει-

2098 3909 2268 3976 ρήσας
2296 3894 2716 3974 ἑξολισθὴσασαν
2742 3906 2836 3958 τοῦ
2867 3904 3059 3969 καλοῦ,
3089 3907 3182 3959 καὶ
3213 3909 3355 3976 πρὸς
3389 3906 3642 3961 ἀπώλειαν

2092 3997 2678 4067 ὲξοιστρηλατήσασαν,
2735 3998 2831 4050 καὶ
2856 3997 2924 4050 δι’
2972 3998 3250 4067 ἁμαρτίαν
3294 4000 3432 4070 πρὸς
3461 3998 3515 4049 τὺ
3561 3991 3640 4045 τοῦ

2091 4090 2217 4161 ᾅδου
2244 4089 2659 4158 καταντήσασαν
2694 4089 2985 4159 πέταυρον,
3017 4090 3279 4160 εὐδόκησε
3312 4093 3407 4143 καὶ
3430 4083 3644 4157 ἠθέλησά

2093 4198 2222 4234 ποτε
2271 4179 2392 4233 καθ’
2426 4181 2574 4249 ἡμᾶς
2610 4180 2881 4245 γενέσθαι,
2944 4182 3036 4233 καὶ
3069 4182 3172 4234 ὑπὸ
3221 4185 3416 4252 χρνὶνον
3462 4175 3639 4238 ἐλθεῖν,

2093 4273 2189 4326 καὶ
2216 4271 2355 4324 κατὰ
2404 4271 2581 4324 πάντα
2610 4273 2745 4340 ἡμῖν
2785 4271 3118 4340 ὁμοιωθῆναι
3152 4274 3324 4342 χωρὶς
3351 4272 3639 4341 ἁμαρτίας’

2092 4361 2180 4415 διὰ
2212 4358 2369 4414 τοῦτο
2401 4362 2496 4415 καὶ
2527 4361 2828 4431 παρθενικῇ
2845 4361 2999 4430 νηδύῖ
3025 4364 3280 4434 χωρεῖται
3309 4365 3338 4415 ὁ
3358 4360 3641 4432 ἀχώρητος,

2095 4454 2190 4508 καὶ
2240 4452 2405 4522 σαρκὶ
2432 4452 2833 4521 περιγράφεται
2865 4452 2893 4504 ὁ
2922 4453 3361 4522 ἁπερίγραπτος,
3408 4453 3500 4507 καὶ
3544 4447 3643 4502 Oed

2094 4544 2159 4612 τῇ
2192 4540 2445 4611 κοινωνίᾳ
2467 4540 2528 4593 τὸ
2554 4541 2907 4611 πρόσλημμα.
2933 4541 3028 4595 καὶ
3054 4543 3149 4597 ἀνθ
3159 4560 3340 4613 ρωπος
3368 4543 3505 4598 κατά
3526 4540 3641 4606 ἀλή·

2098 4632 2249 4685 Θειαν
2278 4632 2506 4695 γίνεται,
2534 4633 2561 4682 ὁ
2591 4630 2677 4682 ἀεὶ
2697 4629 2831 4692 Θεὸς
2860 4628 3285 4700 γνωριζόμενος.

2168 4805 2235 4876 β’.
2284 4803 2757 4873 Συναναστραφεὶς
2789 4804 2845 4857 δὲ
2895 4806 2987 4859 καὶ
3016 4805 3537 4875 ὲμπολιτευσὰμενος
3570 4794 3640 4866 τῷ

2098 4896 2289 4966 κόσμῳ
2329 4896 2495 4948 ἔδωκε
2529 4898 2929 4964 προστάγματα
2967 4895 3336 4966 δικαιοσύνης,
3366 4897 3455 4947 καὶ
3484 4888 3636 4950 ἔδειξε

2096 4987 2195 5053 τὴν
2226 4985 2323 5054 τῆς
2375 4984 2633 5055 ἀληθείας
2671 4984 2989 5053 ἐπίγνωσιν,
3041 4987 3247 5053 ἐδίδαξε
3289 4990 3356 5040 τὰ
3405 4979 3633 5046 λυσιτελῆ

2097 5077 2192 5129 καὶ
2228 5076 2499 5144 σωτήρια,
2548 5076 2769 5144 ἐποίησε
2819 5079 3019 5146 σημεῖα
3066 5078 3161 5131 καὶ
3214 5079 3413 5149 τέρατα
3445 5070 3636 5145 μεγάλα

2096 5167 2190 5220 καὶ
2218 5167 2539 5232 Θαυμαστὰ·
2593 5161 2714 5221 εἶτα
2749 5168 3107 5238 παραδέδοται
3146 5167 3404 5230 ἑκουσίως
3426 5168 3500 5226 είς
3532 5162 3631 5230 χεῖ-

2100 5273 2197 5326 ρας
2222 5257 2522 5333 ἀνθρώπων
2573 5256 2913 5326 ἁμαρτωλῶν
2951 5259 3047 5310 καὶ
3075 5259 3300 5322 ἀδίκων,
3359 5256 3449 5309 καὶ
3477 5266 3627 5303 κατα·

2098 5348 2364 5417 κρίνεται,
2400 5348 2492 5400 καὶ
2521 5346 2965 5409 καταδικάζεται,
3016 5350 3111 5399 καὶ
3138 5349 3355 5417 πάσχει,
3392 5344 3478 5395 καὶ
3507 5341 3624 5392 ὑπο·

2101 5436 2250 5506 μένει
2281 5436 2350 5487 τὰ
2376 5435 2679 5504 ἀτιμότατα
2713 5434 2884 5504 πάθη,
2916 5435 3309 5504 ἀναδεξάμενος
3351 5430 3498 5501 ἡμῶν
3530 5425 3624 5477 τῶν

2099 5526 2438 5597 ἁμαρτωλῶν
2466 5526 2565 5596 τὴν
2591 5526 2857 5597 σωτήριον
2885 5526 3176 5596 τιμωρίαν,
3210 5528 3301 5581 καὶ
3325 5523 3518 5589 ὀδύνην,
3540 5518 3621 5567 καὶ
3671 5518 3689 5533 '

2098 5619 2365 5683 κάκωσιν,
2399 5618 2541 5670 κατὰ
2592 5617 2653 5668 rb
2703 5617 3106 5685 γεγραμμένον,
3153 5615 3339 5680 Αὐτὸς
3366 5605 3620 5680 ἀμαιτίας

2099 5706 2267 5777 ἡμῶν
2282 5705 2573 5776 φέρει,κιιὶ
2608 5704 2759 5773 ὑπὲρ
2798 5704 2965 5772 ἡμῶν
2996 5704 3297 5769 ὀδυνᾶται,
3331 5703 3494 5761 certe
3527 5692 3615 5751 τὰς
