3928 6212
319 362 419 426 721

1361 367 1443 427 ΙΝ
1492 367 2089 429 ΕΧΑιΤΑΤιοΝΕΜ
2131 369 2189 430 S.
2233 367 2535 429 CllUClS.

3460 363 3570 438 722

318 471 636 540 ἀσθενείας
646 473 813 543 ἡμῶν
824 474 918 528 καί
938 473 1042 542 τὰς
1058 479 1278 542 νόσους
1291 477 1644 534 ἐϐάστασεν.
1665 477 1838 545 Ἑμπτ
1847 495 1902 527 υ-

2025 476 2131 544 'ert,
2164 479 2272 546 ipse
2303 476 2587 545 languore:
2619 482 2824 529 nostros
2858 483 2910 528 et
2940 475 3144 534 morbos
3178 474 3300 529 tulit
3334 476 3374 529 ¹.
3399 475 3570 544 Sputa

323 565 496 633 σμοὺς
537 583 595 619 τε
649 568 742 619 καὶ
798 569 1108 638 ραπισμοὺς
1132 570 1494 640 καταδέχεται
1547 573 1576 624 6
1604 572 1704 639 τῆς
1734 569 1892 638 δόξης

322 654 548 725 Κύριος,
575 654 978 724 κολαφίσματα,
1011 659 1104 711 καὶ
1137 657 1342 726 ὕϐρεις,
1371 659 1465 712 καὶ
1491 659 1724 727 γέλωτα,
1759 675 1893 727 πορ-

323 746 501 813 φυρᾶν
550 745 776 814 χλαῖναν
827 745 921 798 καὶ
967 747 1257 802 ἀκάνθινον
1305 751 1594 818 στέφανον,
1650 751 1896 814 κάλαμον

324 835 418 887 καὶ
445 837 680 903 σπόγγον
703 835 795 888 καὶ
811 836 972 907 χολὴν
994 839 1135 907 μετὰ
1159 839 1336 905 δξους,
1357 842 1520 910 ἥλους
1552 842 1646 894 καὶ
1673 841 1896 910 λόγχην,

327 927 420 978 καὶ
454 928 594 993 μετὰ
619 925 826 977 τούτων
875 927 1091 980 πάντων
1120 931 1211 982 τὸν
1236 930 1469 1000 σταυρὸν
1498 933 1592 984 καὶ
1617 930 1707 984 τὸν
1734 931 1898 984 θάνα-

326 1036 436 1080 τον,
473 1021 567 1073 καὶ
600 1018 716 1071 λύει
759 1020 858 1084 μὲν
887 1020 974 1072 διὰ
1014 1021 1109 1073 τοῦ
1139 1023 1375 1092 σταυροῦ
1422 1024 1516 1077 καὶ
1537 1023 1631 1076 τοῦ
1664 1023 1896 1076 θανάτου

327 1109 492 1162 αὐτοῦ
521 1111 617 1178 τῆς
640 1111 878 1172 παλαιᾶς
911 1112 1154 1182 κατάρας
1199 1115 1300 1182 τὴν
1351 1116 1656 1184 καταδίκην
1687 1116 1777 1168 καὶ
1799 1118 1900 1182 τὴν

339 1202 626 1268 ind-saeva,
683 1202 823 1270 ὑπὲρ
875 1203 1031 1272 ἡμῶν
1081 1204 1299 1274 κατάρα
1345 1207 1659 1275 γενόμενος,
1717 1208 1900 1270 καθὼς

337 1291 659 1358 γέγραπται,
698 1291 1161 1360 Ἐπικατάρατος
1201 1295 1319 1359 πᾶς
1342 1298 1376 1349 ό
1403 1297 1775 1366 κρεμάμενος
1799 1299 1901 1352 ἐπὶ

328 1379 552 1445 ξύλου·
585 1381 674 1434 διὰ
695 1381 751 1434 δὲ
783 1383 880 1452 τῆς
920 1385 1095 1453 ταφῆς
1151 1387 1246 1439 καὶ
1292 1387 1390 1456 τῆς
1423 1389 1772 1453 ἀναστάσεως
1803 1393 1902 1458 τῆς

328 1473 534 1538 πικρᾶς
556 1473 855 1541 καταδίκης
885 1474 1072 1542 ἐξάγει
1101 1476 1194 1530 τοῦ
1237 1479 1482 1543 σκότους,
1519 1481 1612 1533 καὶ
1643 1481 1751 1534 τῶν
1774 1483 1904 1535 ἀλύ-

331 1579 440 1613 των
484 1561 598 1614 λύει
652 1561 746 1614 τοῦ
786 1565 1178 1632 τυραννοῦντος
1229 1565 1477 1620 διαϐόλου
1525 1570 1772 1635 δεσμῶν,
1809 1574 1906 1624 καὶ⁸

329 1641 647 1729 ¹ἐλευθερίαν
680 1655 858 1704 πᾶσαν
881 1654 1186 1724 χαρίζεται.
1226 1657 1534 1711 Ἀνίσταται
1563 1662 1671 1729 γὰρ
1693 1663 1760 1731 τῇ
1789 1661 1911 1730 τρί-

335 1759 404 1812 τῃ
434 1743 642 1812 ἡμέρᾳ,
675 1745 775 1823 καὶ
817 1746 895 1806 είς
925 1746 1188 1815 οὐρανοὺς
1241 1747 1528 1803 ἀναϐαίνει
1581 1751 1721 1820 ὑπὲρ
1747 1751 1904 1822 ἡμῶν

332 1836 675 1905 ἐντυγχάνων
703 1835 781 1905 τῷ
831 1837 949 1905 Θεῷ
996 1838 1092 1890 καὶ
1123 1839 1298 1910 Πατρί
1318 1855 1334 1871 ο
1374 1842 1470 1894 καὶ
1501 1841 1666 1895 πάλιν
1695 1844 1910 1897 ἐλεύσε-

334 1941 426 1978 ται
456 1925 594 2004 μετὰ
620 1925 778 1996 δόξης
801 1926 893 1979 τοῦ
922 1928 1105 1997 κρῖναι
1135 1930 1317 1985 πᾶσαν
1346 1931 1444 2002 τὴν
1478 1933 1603 2003 γῆν,
1643 1937 1735 1987 καὶ
1768 1935 1909 1992 ἀπο-

335 2010 524 2067 δοῦναι
549 2014 762 2084 ἑκάστῳ
793 2015 935 2068 κατά
966 2015 1034 2068 τά
1061 2015 1197 2086 ἔργα
1229 2019 1417 2072 αὑτοῦ.

407 2111 476 2170 γ’.
511 2104 667 2184 Οὕτω
713 2109 1085 2176 προενοήσατο
1141 2110 1297 2179 ἡμῶν
1330 2112 1358 2164 6
1415 2112 1584 2180 Θεὸς,
1618 2115 1714 2168 καὶ
1738 2115 1912 2180 οὔτως

336 2197 674 2249 έσπούδασεν
705 2197 985 2262 ἐξελέσθαι
1010 2198 1160 2269 ἡμᾶς
1192 2198 1291 2266 τῆς
1321 2203 1634 2272 τυραννίδος
1651 2204 1914 2258 τοῦ-ἀπα-

339 2289 607 2356 τήσαντος
655 2288 802 2356 ἡμᾶς
845 2287 1120 2348 διαϐόλου.
1175 2291 1331 2346 Οὕτω
1384 2293 1724 2364 κατηξίωσεν
1773 2297 1914 2364 ὑπὲρ

342 2377 501 2447 ἡμῶν
530 2377 816 2450 ἄνθρωπος
843 2379 1120 2447 γενέσθαι,
1153 2383 1338 2436 καὶτὰ
1362 2383 1485 2438 θεῖα
1517 2385 1709 2439 τούτου
1743 2389 1915 2458 παθή-

347 2485 489 2536 ματα
523 2468 658 2537 πρὸς
693 2469 938 2538 ἰατρείαν
992 2468 1094 2538 τῆς
1137 2469 1427 2536 ἀσθενείας
1483 2474 1583 2545 τῆς
1640 2476 1914 2546 ἡμετέρας

345 2559 616 2636 φάρμακα
644 2557 843 2611 ἔδωκεν
889 2560 1060 2628 ἡμῖν·
1112 2563 1206 2615 καὶ⁵
1231 2563 1302 2616 δι’
1350 2564 1530 2617 αὐτῶν
1574 2567 1920 2636 ἀνεπλάσθη-

343 2667 468 2722 μεν,
505 2651 599 2702 καὶ
628 2650 726 2719 τῆς
761 2649 906 2718 ζωῆς
939 2647 1277 2722 ἠξιώθημεν,
1299 2658 1390 2707 καὶ
1413 2658 1727 2728 μυστηρίων
1758 2658 1916 2711 θείων

229 2767 236 2772 ‘
342 2748 653 2816 γεγόναμεν
685 2747 923 2818 μέτοχοι,
957 2749 1053 2801 καὶ
1089 2748 1306 2818 δωρεῶν
1355 2748 1742 2817 πνευματικῶν
1779 2751 1916 2802 ἀπο.

343 2839 602 2907 λαύομεν.
630 2840 888 2907 Χριστὸς
914 2837 1074 2909 ἡμᾶς
1103 2838 1477 2910 ἐξηγόρασεν
1499 2838 1568 2892 ἐκ
1598 2838 1711 2908 τῆς
1743 2841 1920 2894 κατά-

338 2948 457 2999 ρας
483 2930 589 2985 τοῦ
632 2933 842 3001 νόμον,
903 2933 1227 3001 γενόμενος
1274 2931 1439 3000 ὑπὲρ
1470 2931 1640 3003 ἡμῶν
1667 2933 1914 3001 κατάρα,

347 3027 496 3081 κατά
543 3026 635 3080 τὸν
681 3025 823 3080 θεῖον
865 3026 1203 3079 Ἀπόστολον.
1259 3027 1488 3097 Κατάρα
1538 3027 1730 3095 γέγονε
1777 3027 1916 3097 ὑπὲρ

1998 576 2054 622 et
2082 566 2268 635 alapas
2306 567 2504 635 recipit
2551 566 2813 619 Dominus
2843 566 3057 634 gloriae,
3106 576 3159 620 et
3194 566 3486 635 colaphos.
3515 573 3574 619 "et

2002 656 2234 725 injurias
2256 693 2272 718 ,
2303 665 2358 710 et
2408 655 2728 718 irrisiones,
2786 666 2843 712 et
2876 672 3194 726 purpuram,
3235 666 3292 712 et
3323 658 3572 726 chlamy-

2000 748 2148 810 dem,
2201 757 2257 800 et
2302 741 2550 816 spineam
2597 761 2881 811 coronam,
2931 749 3280 814 arundinem,
3306 759 3362 802 et
3408 765 3574 818 spon-

1999 835 2166 905 giam,
2206 837 2278 890 fel
2325 851 2449 890 cum
2482 847 2671 898 aceto,
2703 837 2910 901 clavos,
2948 848 3004 892 et
3042 839 3310 895 lanceam.
3345 848 3398 892 et
3446 855 3568 892 cum

2002 926 2086 980 his
2110 927 2388 990 omnibus,
2413 941 2632 982 crucem
2650 935 2705 982 et
2729 937 2980 993 mortem,
3001 939 3056 982 et
3082 944 3246 983 cruce
3269 930 3492 997 quidem
3517 939 3572 981 et

2007 1026 2186 1070 morte
2221 1032 2316 1071 sua
2356 1017 2596 1086 antiquae
2628 1019 3032 1073 maledictionis
3055 1019 3570 1073 condemnationem

2000 1117 2057 1161 et
2102 1109 2433 1162 sententiam
2489 1109 2809 1178 dispungit,
2856 1111 3206 1164 maledictum
3267 1125 3371 1178 pro
3417 1109 3574 1162 nobis

2002 1198 2203 1264 factus,
2249 1199 2394 1252 sicut
2440 1198 2708 1268 scriptum
2746 1212 2830 1254 eet
2861 1217 2876 1252 :
2913 1199 3229 1254 Maledicta:
3260 1201 3451 1261 omnis,
3484 1198 3573 1265 qui

2004 1291 2194 1359 pendet
2237 1292 2292 1344 in
2339 1289 2548 1359 liguo’.
2596 1289 2703 1343 Per
2733 1291 3072 1360 sepulturam
3121 1306 3251 1344 vero
3302 1301 3357 1344 et
3395 1305 3576 1342 resur-

2007 1381 2311 1436 rectionem
2341 1395 2408 1435 ex
2436 1396 2629 1436 severa
2673 1382 2762 1434 illa
2789 1383 3247 1436 eondemnatione
3293 1382 3568 1437 tenebris-

2006 1487 2114 1539 que
2149 1486 2250 1524 nos
2280 1470 2514 1536 eduxit,
2559 1478 2615 1524 et
2655 1470 2967 1525 inSUlubilia
2988 1513 3003 1536 ,
3024 1472 3246 1540 -quibus
3281 1471 3532 1526 diabolus
3558 1513 3573 1534 ,

2008 1561 2345 1614 szevissimus
2375 1569 2670 1630 tyrannus,
2694 1576 2796 1616 nos
2825 1561 3073 1631 alligarat
3096 1601 3111 1625 ,
3139 1561 3305 1630 rupit,
3335 1562 3576 1631 perfecta

2008 1651 2266 1706 libertate
2290 1652 2450 1705 nobis
2477 1652 2754 1706 restituta.
2792 1653 3048 1720 Rcsurgit
3082 1653 3227 1706 enim
3266 1655 3425 1707 tertia
3451 1654 3539 1706 die
3565 1694 3578 1712 .

2009 1751 2064 1798 et
2093 1745 2148 1796 in
2194 1743 2362 1796 emlos
2389 1743 2639 1797 ascendit
2672 1743 2969 1798 advocatus
3001 1753 3188 1799 noster
3235 1745 3376 1813 apud
3409 1742 3578 1798 Deum

2010 1842 2068 1888 et
2107 1833 2356 1909 Patrem;
2389 1841 2443 1886 et
2473 1833 2671 1888 iterum
2697 1845 2964 1889 venturus
3004 1844 3089 1889 est
3114 1852 3236 1890 cum
3271 1838 3459 1906 gloria.
3495 1837 3584 1900 ju-

2010 1923 2198 1979 dicare
2229 1925 2398 1978 totius
2433 1935 2590 1979 tcrr:e
2636 1926 2843 1981 incolas
2865 1968 2881 1994 ,
2939 1938 2998 1984 ut
3050 1929 3244 1984 reddat
3278 1929 3582 1997 unicuique

2011 2015 2312 2072 secundum
2347 2031 2514 2084 opera
2537 2031 2658 2070 sua.
2846 2025 2849 2028 '

2080 2120 2136 2174 5.
2169 2121 2398 2176 Tantam
2445 2136 2630 2175 curam
2667 2123 2839 2176 nostri
2873 2123 3040 2192 gessit
3091 2124 3271 2186 Deus;
3303 2123 3442 2176 adeo
3467 2123 3582 2177 ela-

2014 2211 2248 2276 boravit,
2280 2221 2339 2265 ut
2363 2227 2462 2266 nos
2498 2213 2739 2280 eriperet
2771 2229 2836 2267 ex
2884 2213 3166 2282 tyrannide
3201 2214 3338 2282 ejus,
3369 2213 3460 2282 qui
3485 2228 3586 2267 nos

2014 2301 2333 2370 deceperat,
2366 2303 2589 2356 diaboli.
2626 2301 2716 2356 Sic
2743 2303 2998 2372 dignatus
3040 2314 3123 2357 est
3169 2303 3331 2356 homo
3357 2320 3457 2372 pro
3485 2319 3586 2357 tzo-

2014 2392 2099 2446 bis
2119 2391 2258 2453 lieri,
2281 2401 2334 2446 et
2369 2392 2469 2444 hos
2501 2393 2799 2453 cruciatus,
2830 2410 2967 2462 quos
2995 2395 3110 2465 ipse
3145 2395 3438 2454 sustinuit,
3473 2411 3586 2447 me-

2015 2485 2324 2538 dicamenta
2365 2495 2566 2539 nostra:
2595 2486 2984 2539 imbecillitatis
3005 2502 3125 2540 esse
3152 2485 3354 2539 voluit:
3381 2486 3582 2554 quibus

2016 2577 2243 2631 recreati
2280 2587 2339 2631 et
2369 2579 2742 2632 reconcinnati
2776 2595 2988 2640 sumus,
3025 2580 3246 2647 vitaque
3285 2579 3496 2640 donati,
3525 2587 3582 2631 et

2017 2668 2326 2722 divinorum
2366 2670 2747 2740 mysteriorum
2784 2671 3078 2740 participes
3111 2670 3287 2724 ell‘ccti
3335 2679 3388 2723 et
3426 2670 3588 2722 donis

2017 2760 2399 2828 Spiritualibus
2438 2761 2614 2830 potiti.
2650 2761 2886 2817 Christus
2935 2763 3157 2815 redemit
3193 2779 3284 2814 nos
3333 2777 3393 2814 ea:
3423 2761 3586 2814 malc-

2015 2853 2154 2906 ὀίετο
2182 2853 2333 2924 legis,
2364 2854 2538 2923 factus
2568 2856 2783 2923 ipsemet
2820 2872 2915 2925 pro
2947 2856 3088 2907 nobis
3131 2853 3464 2906 maledictum
3487 2894 3499 2914 ,
3533 2863 3592 2904 ut

2016 2942 2239 2997 divinus
2273 2943 2574 3011 Apostolus
2602 2937 2684 2998 ait
2714 2944 2753 2996 ³.
2813 2943 2880 2996 At
2907 2941 3254 2994 maledictum
3285 2940 3456 2992 factus
3485 2934 3587 3008 est,

2018 3048 2143 3088 cum
2197 3033 2461 3087 obtulerit
2511 3036 2751 3102 seipsum
2799 3043 2993 3101 sponte
3046 3047 3142 3100 pro
3191 3031 3369 3090 nobis,
3420 3042 3594 3082 morte

347 3121 508 3189 ἡμῶν
529 3120 557 3172 6
583 3118 836 3190 Χριστὸς,
868 3117 1055 3188 ἐπειδὴ
1091 3118 1318 3172 δέδωκεν
1351 3118 1543 3172 ἑαυτὸν
1567 3118 1704 3190 ὑπὲρ
1738 3118 1919 3190 ἡμῶν,

2025 3123 2213 3193 probri
2284 3134 2338 3178 et
2397 3122 2686 3177 dedecoris
2727 3121 3044 3192 plenissima
3101 3120 3300 3174 subita.
3339 3120 3590 3173 Redemit

350 3211 617 3272 ἑκουσίως
637 3209 920 3264 ἀποθανὼν
951 3211 1044 3262 τὸν
1068 3208 1431 3282 έπονείδιστον
1475 3209 1573 3262 καὶ
1596 3209 1920 3277 ἀτιμότατον

353 3299 605 3355 θάνατον.
673 3298 1036 3367 Ἐξηγόρασεν
1086 3298 1234 3367 ἡμᾶς
1286 3299 1349 3350 ὲκ
1401 3298 1497 3366 τῆς
1531 3299 1794 3366 κατάρας,
1838 3300 1919 3353 ὅτι

353 3392 630 3445 ἐκένωσεν
655 3389 848 3443 ἑαυτοῦ
878 3389 940 3442 τὸ
973 3387 1113 3441 θεῖον
1145 3389 1239 3442 καὶ
1284 3389 1442 3456 ἆγιον
1466 3384 1642 3457 αἷμα,
1697 3390 1789 3441 καὶ
1822 3391 1922 3457 τῆς

354 3480 598 3542 δουλείας
628 3478 720 3532 τοῦ
742 3477 992 3532 διαϐόλου
1026 3480 1121 3532 καὶ
1146 3477 1239 3531 τοῦ
1270 3477 1526 3545 θανάτου,
1569 3481 1664 3532 καὶ
1691 3479 1790 3546 τῆς
1821 3496 1924 3532 κα-

352 3573 580 3640 ταδίκης
601 3571 928 3641 καὶ¹φθορᾶς
950 3570 1044 3624 τοῦ
1074 3569 1201 3642 ᾅδου
1241 3570 1534 3641 ἐρρύσατο.
1567 3570 1800 3640 Κατάρα
1827 3570 1924 3638 γέ-

356 3680 518 3732 γονεν
538 3665 566 3715 6
595 3663 852 3732 Χριστὸς,
881 3661 956 3726 ὡς
979 3665 1088 3716 τῶν
1121 3662 1539 3730 ἑπικαταράτων
1571 3664 1665 3716 καὶ
1686 3662 1926 3732 κακούρ-

355 3773 473 3824 γων
503 3754 594 3808 τὸν
620 3754 847 3808 θάνατον
899 3733 1212 3808 ἀποθανών.
1249 3754 1374 3807 Ὀτι
1414 3755 1469 3807 δὲ
1501 3754 1779 3824 ἁμαρτίαν
1824 3756 1929 3810 οὐκ

351 3844 638 3915 εποίησεν,
667 3843 810 3898 οὐδὲ
837 3842 1051 3910 εὑρέθη
1090 3841 1272 3908 δόλος
1321 3843 1390 3895 έν
1414 3841 1496 3908 τῷ
1544 3845 1798 3912 στόματι
1825 3847 1932 3899 αὑ·-

351 3931 490 3993 τοῦ,
527 3931 854 4004 μετέστρεφε
878 3931 978 4001 τὴν
1017 3933 1266 4000 κατάραν
1303 3932 1383 3994 είς
1408 3933 1680 4000 εὐλογίαν,
1710 3936 1804 3988 καὶ
1827 3930 1930 4005 ἦρε

360 4023 571 4094 μᾶλλον
616 4025 716 4093 τὴν
767 4023 1044 4094 ἁμαρτίαν
1091 4023 1186 4077 τοῦ
1240 4024 1448 4092 κόσμου
1473 4065 1489 4090 ,
1529 4027 1628 4078 καί¹
1659 4028 1934 4097 σωτηρίας

353 4116 498 4184 ἡμῖν
527 4113 644 4168 ὁδὸν
671 4115 982 4183 ἐχαρίσατο.
1014 4106 1188 4175 ΫΗλθε
1211 4113 1338 4183 εγὰρ
1379 4117 1408 4166 6
1446 4114 1675 4186 Κύριος,
1717 4117 1803 4170 ἵνα
1834 4118 1934 4185 τὴν

359 4204 490 4259 καθ’
522 4204 679 4274 ἡμῶν
708 4205 1009 4274 γενομένην
1040 4207 1286 4275 κατάραν
1319 4204 1594 4277 βαστὰσῃ·
1618 4207 1700 4260 διὸ
1721 4211 1817 4260 καὶ
1843 4208 1936 4260 τὸν

357 4298 456 4349 διὰ
504 4294 739 4365 σταυροῦ
797 4295 1126 4361 κατεδέξατο
1167 4294 1419 4351 θάνατον.
1477 4297 1597 4359 Πῶς
1649 4298 1759 4367 γὰρ
1789 4294 1936 4367 εἶχεν

361 4387 549 4448 ἄλλως
574 4385 788 4454 κατάρα
812 4384 1085 4452 γενέσθαι,
1109 4385 1159 4436 εί
1187 4386 1263 4454 μὴ
1303 4389 1396 4438 τὸν
1428 4385 1520 4438 ἐπὶ
1545 4387 1762 4456 κατάρᾳ⁵
1783 4385 1938 4452 γενό-

2027 3230 2128 3270 nos
2174 3230 2204 3268 a
2253 3214 2579 3277 maledicto,
2633 3213 2762 3281 quia
2798 3212 2992 3266 ell‘udit
3043 3211 3288 3264 divinum
3326 3222 3379 3287 et
3408 3227 3591 3265 sacro-

2026 3314 2274 3360 sanctum
2314 3319 2475 3358 suum
2513 3305 2866 3372 sanguinem,
2905 3300 3212 3370 eripuitque
3242 3317 3340 3354 nos
3371 3317 3436 3354 ex
3475 3317 3592 3354 ser-

2024 3396 2198 3450 vitute
2228 3394 2430 3448 diaboli
2460 3435 2476 3458 ,
2527 3403 2582 3447 et
2625 3408 2690 3446 ex
2727 3401 2923 3451 morte.
2951 3403 3006 3444 et
3033 3407 3096 3444 ex
3141 3391 3595 3445 condcmttationo

2027 3494 2082 3542 et
2117 3484 2345 3539 interitu
2379 3482 2602 3536 inferni.
2632 3481 2980 3535 Maledictum
3004 3481 3178 3532 factus
3206 3485 3291 3532 est
3316 3479 3590 3538 Christus.

2028 3591 2150 3631 cum
2179 3573 2594 3628 maledictorum
2625 3580 2676 3626 et
2707 3570 3116 3623 tnalcl'actorum
3156 3578 3385 3620 mortem
3417 3567 3596 3619 chol-

2029 3666 2197 3721 verit.
2227 3664 2295 3718 At
2334 3664 2462 3732 quia
2495 3673 2776 3732 peccatmn
2819 3675 2925 3713 non
2951 3659 3100 3722 fecit,
3137 3674 3227 3710 nec
3259 3657 3406 3709 dolus
3430 3661 3480 3710 iu
3511 3673 3599 3709 ore

2031 3755 2144 3827 ejus
2170 3762 2407 3823 repertus
2434 3761 2509 3806 est
2536 3753 2578 3818 δ,
2613 3751 2738 3805 ideo
2789 3749 3228 3803 maledictionem
3275 3748 3326 3800 in
3362 3749 3591 3801 benedi-

2034 3847 2240 3900 tionem
2282 3844 2578 3908 convertit,
2613 3843 2887 3912 totiusque
2915 3840 3104 3894 mundi
3143 3852 3362 3908 peccata
3416 3839 3604 3891 abstu-

2033 3937 2098 3991 lit
2118 3977 2134 4002 ,
2170 3947 2227 3991 et
2255 3934 2446 3990 salutis
2476 3935 2618 3988 viam
2659 3933 2892 4003 aperuit.
2918 3933 3079 3988 Venit
3120 3934 3267 3988 enim
3297 3933 3560 3987 Dominus
3585 3969 3601 3992 ,

2039 4039 2102 4085 ut
2160 4029 2323 4084 nobis
2378 4027 2662 4097 impositas
2703 4026 2852 4080 diras
2905 4026 3074 4080 ferret
3119 4045 3135 4082 :
3182 4041 3287 4096 qua
3340 4025 3407 4080 de
3443 4039 3604 4078 causa

2035 4120 2219 4177 crucis
2267 4134 2486 4189 quoque
2553 4117 2882 4186 supplicium
2943 4132 3137 4185 passus
3170 4126 3275 4171 est.
3307 4116 3441 4170 Nam
3473 4131 3609 4184 quo-

2037 4211 2203 4266 modo
2230 4211 2392 4264 aliter
2441 4208 2793 4263 maledictum
2852 4207 2968 4260 ﬁeri
3013 4215 3270 4276 poterat,
3305 4209 3348 4260 si
3379 4216 3607 4261 mortem

2038 4303 2219 4359 crucis
2264 4301 2635 4356 maledictioni
2689 4300 2799 4369 jam
2836 4299 2966 4351 olim
2999 4297 3302 4369 subjectam
3356 4313 3466 4351 non
3497 4298 3612 4351 ele-

2039 4392 2256 4464 gisset?
2285 4391 2570 4457 Quomodo
2593 4403 2696 4444 nos
2730 4389 3072 4452 advocasset,
3103 4388 3148 4441 si
3180 4387 3476 4442 cruciﬁxus
3501 4403 3610 4441 non
3637 4416 3642 4420 -

369 4495 532 4549 μενον
561 4477 788 4530 θάνατον
814 4475 1030 4542 ἐδέξατο
1053 4477 1140 4531 διά
1163 4475 1396 4545 σταυροῦ
1417 4493 1434 4539 ;
1470 4475 1592 4538 Πῶς
1615 4475 1659 4528 δ’
1677 4475 1742 4529 ἂν
1769 4493 1920 4547 προσ-

2044 4482 2277 4540 fuisset?
2306 4482 2366 4536 In
2411 4480 2525 4536 sola
2552 4481 2701 4536 enim
2731 4495 2898 4534 cruce
2931 4480 3168 4533 moritur
3207 4479 3332 4548 quis
3359 4481 3612 4548 expansis

368 4570 668 4622 εκαλέσατο
699 4568 873 4636 ἡμᾶς,
905 4568 955 4619 εί
1019 4566 1094 4636 μὴ
1133 4565 1478 4636 έσταύρωτο;
1517 4567 1606 4620 Ἐν
1636 4570 1783 4637 μόνῳ
1829 4570 1937 4639 γὰρ

367 4661 450 4731 τῷ
507 4657 726 4727 σταυρῷ
788 4656 1180 4726 ἐκτεταμέναις
1245 4656 1401 4727 χερσί
1451 4673 1536 4720 τις
1575 4657 1933 4726 ἀποθνήσκει.

379 4753 646 4816 Ἐξέτεινε
673 4749 728 4801 δὲ
748 4749 846 4811 τάς
877 4746 1136 4816 παλάμας
1170 4749 1199 4799 6
1232 4747 1456 4816 Κύριος,
1491 4747 1576 4800 ἵνα
1606 4749 1742 4816 πρὸς
1772 4749 1936 4802 αὐτὸν

367 4841 583 4902 πάντας
613 4838 837 4911 ἑλκύσῃ,
867 4837 966 4890 καὶ⁵
995 4837 1208 4908 συνάψῃ
1244 4839 1302 4890 ὲν
1343 4839 1542 4908 ἑαυτῷ,
1569 4838 1752 4901 καθὼς
1777 4839 1938 4902 αὐτὸς

368 4928 526 4984 εἶπεν
549 4946 563 4960 ·
600 4931 786 4983 Ὅταν
813 4927 1034 4997 ὑψωθῶ
1056 4929 1126 4983 ἐκ
1151 4927 1262 4997 τῆς
1291 4928 1425 4998 τῆς,
1456 4927 1684 4994 πάντας
1701 4929 1943 4983 ἑλκύσω

369 5020 524 5089 πρὸς
555 5019 836 5088 ἐμαυτόν.

457 5112 516 5166 '0
546 5110 788 5174 διάϐολος
822 5110 932 5181 γὰρ
979 5111 1045 5164 ὲκ
1080 5109 1173 5164 τοῦ
1218 5110 1453 5180 οὐρανοῦ
1505 5109 1758 5162 ἐκπεσὼν
1806 5109 1946 5180 μετά

373 5205 486 5260 τῶν
516 5203 680 5258 αὑτοῦ
712 5204 811 5272 τῆς
838 5202 1106 5273 πονηρίας
1150 5203 1500 5272 πνευμάτων,
1536 5203 1665 5270 περὶ
1687 5204 1781 5256 τδν
1810 5203 1950 5273 ἀέρα

377 5297 673 5358 πλανᾶται,
705 5298 802 5348 καὶ
833 5296 1102 5364 ἐπιχειρεῖ
1151 5293 1466 5362 ἒμποδίζειν
1491 5294 1618 5356 τοὺς
1656 5292 1952 5363 ἀνερχομέ-

381 5405 504 5450 νους
534 5390 614 5450 εἰς
642 5385 894 5457 οὐρανόν.
935 5382 1140 5438 Ἦλθεν
1165 5379 1260 5437 οὖν
1282 5385 1310 5435 6
1342 5383 1567 5453 Κύριος,
1602 5383 1689 5436 ἵνα
1715 5383 1807 5437 τὸν
1835 5382 1951 5436 διά-

387 5482 541 5534 ϐολον
586 5479 894 5549 καταϐάλῃ.
947 5477 1040 5531 καὶ
1079 5476 1172 5528 τὸν
1195 5475 1336 5546 ἀέρα
1389 5475 1687 5546 καθαρίσῃ,
1714 5473 1810 5527 καὶ
1839 5473 1952 5526 ὁδο-

346 5556 348 5558 '
387 5571 592 5642 ποιήσῃ
626 5571 758 5638 ἡμῖν
777 5569 876 5638 τὴν
905 5570 984 5631 είς
1013 5565 1243 5638 οὐρανὸν
1266 5564 1452 5620 ἀνοδον
1495 5563 1588 5617 διὰ
1614 5568 1714 5633 τῆς
1747 5563 1949 5632 σαρκὸς

2045 4574 2320 4631 manibus.
2354 4571 2612 4627 Extendit
2641 4579 2827 4626 autem
2881 4569 3145 4625 Dominus
3190 4585 3386 4623 manus
3407 4609 3421 4634 ,
3456 4579 3513 4622 ut
3543 4567 3609 4621 ad

2046 4683 2105 4723 se
2139 4679 2331 4721 omnes
2380 4664 2724 4728 attraheret,
2762 4670 2818 4716 et
2873 4661 2928 4715 in
2990 4660 3172 4728 seipse
3217 4662 3617 4727 coniungeret,

2046 4765 2210 4831 prout
2239 4759 2472 4827 ipsemet
2506 4754 2718 4810 dixerat
2753 4771 2768 4808 :
2806 4753 2918 4823 Ego
2967 4753 3012 4805 si
3061 4751 3328 4805 exaltatus
3377 4755 3524 4816 [uero
3579 4741 3612 4802 ο

2045 4861 2211 4916 terra,
2244 4856 2422 4904 Omnes
2447 4849 2516 4903 ad
2543 4862 2622 4900 me
2645 4846 2855 4900 traham
2879 4846 2923 4897 ⁵.

2117 5116 2170 5172 ι.
2205 5114 2339 5169 Nam
2363 5109 2617 5167 diabolus
2640 5122 2708 5162 ex
2729 5105 2870 5162 caelo
2889 5119 3013 5160 eum
3041 5103 3336 5176 impietatis
3357 5117 3469 5158 suae
3492 5117 3616 5173 gre-

2046 5206 2257 5276 galibus
2281 5203 2562 5264 detrusus,
2593 5203 2741 5254 nunc
2770 5197 2826 5251 in
2855 5211 2982 5252 aere
3002 5196 3244 5260 oberrat,
3273 5203 3615 5264 conaturque

2054 5294 2316 5351 euntibus
2352 5291 2420 5346 ad
2455 5303 2686 5361 superos
2724 5286 3115 5358 impedimenta
3162 5278 3424 5358 obiicere;
3454 5287 3619 5341 Venit

2053 5400 2184 5456 ergo
2215 5382 2476 5437 Dominus
2501 5421 2516 5445 ,
2557 5388 2618 5434 ut
2661 5378 2942 5433 diabolum
2986 5376 3283 5442 deturbet,
3324 5391 3618 5445 acremque

2054 5480 2280 5542 purget,
2321 5471 2589 5539 uobisque
2621 5468 2761 5521 viam
2798 5467 2865 5520 ad
2903 5466 3105 5520 coelum
3139 5473 3358 5532 sternat
3387 5474 3444 5518 et
3498 5480 3621 5518 niu-

2055 5560 2170 5614 niat
2205 5574 2301 5628 per
2320 5573 2543 5612 carnem
2566 5555 2844 5626 propriam
2869 5595 2885 5620 ,
2926 5562 2981 5607 et
3015 5560 3074 5606 ut
3107 5551 3362 5607 omnibus
3381 5561 3636 5618 constet,

463 5755 475 5766 '
516 5754 621 5810 isa.
645 5770 764 5819 LIII,
786 5753 840 5809 ι.
915 5755 936 5788 ⁸
964 5753 1119 5810 Deut.
1159 5765 1271 5817 xu,
1303 5748 1392 5806 25.
1470 5749 1491 5781 ⁸
1521 5747 1698 5802 Galat.
1727 5761 1807 5811 Ill,
1849 5745 1914 5800 l5

2025 5755 2032 5776 '
2062 5744 2168 5800 lsa.
2192 5760 2305 5811 LIII,
2335 5743 2400 5810 9;
2429 5741 2450 5796 l
2480 5743 2625 5798 Petr.
2660 5754 2718 5804 ll,
2747 5737 2841 5793 22.
2915 5740 2936 5771 ⁸
2967 5736 3071 5794 lsa.
3112 5750 3208 5804 xu,
3249 5734 3338 5790 '52.
