3928 6212
335 284 443 348 725

1392 296 1473 355 ΙΝ
1512 294 2105 357 EXALTATIONEM
2146 298 2202 357 S.
2242 298 2535 359 CRUCIS.

3449 289 3558 368 7'26

335 398 551 468 δληται.
588 400 686 453 Διά
738 402 832 454 τοῦ
892 402 1109 475 δένδρου
1162 404 1372 458 ἐκείνου
1425 407 1835 477 κατηγωνίσατο
1872 408 1899 458 6

2014 424 2098 473 per
2127 422 2344 463 crucem
2399 407 2680 478 superavit
2738 408 2988 465 Christus
3045 410 3285 467 hostem.
3326 411 3560 482 Ligurum

336 491 531 561 ἐχθρὸς
569 490 660 543 τὸν
690 492 883 563 Ἀδὰμ,
916 492 1001 547 διὰ
1028 494 1123 547 τοῦ
1153 494 1385 566 σταυροῦ
1418 496 1785 549 κατεπάλαισε
1808 496 1900 547 τὸν

338 582 530 652 ἐχθρὸν
558 584 587 634 6
619 583 872 652 Χριστός.
916 585 1125 640 Ἐκεῖνο
1158 586 1257 656 μέν
1305 587 1365 640 τὸ
1396 586 1551 652 ξύλον
1580 588 1672 641 τοῦ
1718 604 1900 657 παρα-

334 674 513 727 δείσου
549 675 782 728 θανάτου
814 676 1072 745 πρόξενον
1102 679 1315 745 γέγονε,
1342 680 1436 732 καὶ
1460 681 1539 741 είς
1566 679 1698 749 ᾅδην
1728 679 1899 748 παρέο

340 766 525 836 πεμψε
550 783 564 797 ·
606 768 665 820 τὸ
693 767 847 831 ξύλον
876 769 931 821 δὲ
972 771 1067 822 τοῦ
1093 771 1325 838 σταυροῦ
1356 772 1450 826 καὶ
1482 774 1608 837 τοὺς
1635 772 1902 827 ἀπελθόν-

335 874 439 921 τας
468 859 547 921 είς
577 858 711 929 ᾅδην
732 860 1120 915 ἀνεκαλέσατο.
1150 861 1222 914 T6
1257 862 1409 926 ξύλον
1445 863 1540 915 τοῦ
1572 864 1901 932 παραδείσου

337 950 687 1020 αἰχμάλωτον
715 952 807 1004 καὶ
839 954 1043 1021 γυμνὸν
1075 954 1294 1024 ἐποίησε
1325 956 1418 1009 τὸν
1434 955 1626 1023 Ἀδὰμ,
1658 955 1752 1008 καὶ
1772 972 1903 1025 κρυ-

341 1042 500 1110 ϐῆναι
530 1043 691 1096 αὑτὸν
718 1048 1103 1113 παρεσκεύασε
1131 1066 1145 1078 ο
1177 1048 1237 1100 τὸ
1276 1047 1435 1113 ξύλον
1465 1047 1521 1100 δέ
1547 1046 1641 1101 τοῦ
1669 1046 1901 1118 σταυροῦ

344 1132 432 1184 τὸν
477 1134 706 1203 νικητὴν
755 1136 991 1204 Χριστὸν
1047 1137 1133 1206 ἐφ’
1163 1137 1365 1207 ὑψηλοῦ
1399 1141 1566 1192 πᾶσιν
1609 1139 1898 1191 ἐδείκνυεν.

353 1221 601 1291 ’Δπάσης
633 1224 738 1292 γὰρ
765 1224 862 1291 τῆς
895 1227 1219 1294 οἰκουμένης
1241 1225 1478 1295 ὁρώσης,
1502 1226 1757 1294 καθάπερ
1782 1244 1906 1293 γεν-

339 1312 490 1372 ναῖος
523 1311 781 1382 ἀθλητὴς,
824 1313 925 1377 τὰς
952 1316 1337 1385 ἀντικειμένας
1368 1315 1625 1384 δυνάμεις
1670 1316 1905 1369 κατέϐα-

338 1400 435 1453 λεν
467 1401 497 1453 6
528 1402 761 1471 Χριστὸς
806 1403 899 1457 ἐπὶ
937 1405 1029 1458 τοῦ
1078 1405 1233 1470 ξύλου
1268 1406 1593 1476 ἀνυψωθείς.
1632 1407 1691 1462 Ὀ
1720 1408 1775 1459 δέ
1804 1408 1903 1460 θά-

340 1507 503 1553 νατος
534 1492 626 1544 τοῦ
670 1493 841 1563 Ἀδάμ
878 1496 974 1549 καὶ
1020 1498 1148 1560 τοὺς
1184 1497 1323 1565 μετὰ
1359 1498 1535 1551 ταῦτα
1582 1497 1905 1568 ἀνθρώπους

340 1579 689 1641 κατεδίκασε.
741 1584 835 1635 καὶ
878 1583 1210 1649 ἐθανάτωσε,
1248 1592 1344 1641 καὶ
1378 1588 1697 1656 κατέκρινεν
1720 1604 1734 1618 ·
1773 1589 1801 1641 6
1846 1588 1903 1641 δὲ

341 1674 571 1735 θάνατος
615 1672 709 1725 τοῦ
738 1675 975 1744 Χριστοῦ
1015 1678 1261 1742 καὶτοὺς
1306 1680 1411 1748 πρὸ
1439 1678 1605 1734 αὐτοῦ
1640 1679 1903 1741 πεσόντας

340 1764 440 1813 καὶ
465 1762 874 1829 θανατωθέντας
912 1765 1199 1836 ἀνέστησε,
1228 1770 1322 1821 καὶ
1353 1767 1569 1832 ἐξὼωσε
1590 1808 1607 1835 ,
1642 1771 1735 1823 καὶ
1767 1771 1900 1825 πᾶσι

339 1851 457 1911 τοῖς
485 1850 794 1919 ἀνθρώποις
824 1853 1098 1922 σωτηρίας
1132 1855 1249 1909 ὁδὸν
1279 1857 1591 1925 ἐχαρίσατο.

414 1938 652 2006 Χριστὸς
677 1940 826 2007 ἡμᾶς
853 1934 1189 2011 ἐξηγόρασεν
1214 1930 1278 1998 ἐκ
1299 1948 1400 2014 τῆς
1432 1945 1674 2015 κατάρας
1704 1946 1797 1998 τοῦ
1823 1946 1907 1999 νό-

345 2046 473 2096 μου,
509 2032 798 2099 γενόμενος
846 2033 987 2103 ὑπὲρ
1041 2034 1199 2103 ἡμῶν
1250 2037 1487 2108 κατάρα.
1541 2040 1906 2110 Προσέχωμεν

343 2122 581 2187 ἑαυτοῖς,
622 2122 920 2191 ἀγαπητοὶ,
961 2124 1036 2194 μὴ
1080 2125 1239 2178 πάλιν
1290 2128 1395 2180 ὑπὸ
1442 2130 1687 2198 κατάραν
1735 2132 1908 2199 γενώ-

348 2212 513 2277 μεθα,
542 2212 638 2264 τοῦ
668 2212 813 2265 θείου
845 2215 1013 2283 φόϐου
1075 2219 1170 2272 καὶ
1222 2217 1331 2271 τῶν
1363 2208 1645 2290 σωτηρίων
1683 2222 1908 2275 ἐντολῶν

344 2299 442 2352 τοῦ
472 2301 711 2371 Χριστοῦ
739 2305 1113 2373 ἀμελήσαντες
1142 2307 1424 2361 ,Ἐλουσεν
1453 2312 1597 2378 ἡμᾶς
1623 2312 1649 2363 ό
1676 2311 1909 2378 Χριστὸς

353 2392 409 2444 ἐν
432 2392 507 2460 τῷ
538 2392 871 2463 βαπτίσματι
908 2395 1004 2449 διὰ
1028 2398 1286 2463 λουτροῦ
1326 2401 1792 2469 παλιγγενεσίας
1817 2406 1909 2455 καὶ

354 2485 743 2545 ἀνακαινίσεως
773 2486 1085 2556 Πνεύματος
1112 2488 1267 2555 ἁγίου
1290 2504 1305 2520 ’
1339 2492 1414 2561 μὴ
1445 2492 1607 2545 πάλιν
1648 2494 1909 2563 ὑποστρέ-

347 2569 541 2638 ψωμεν
576 2566 689 2625 ἐπῖ
725 2575 831 2626 τὸν
864 2574 1018 2628 ίδιον
1055 2577 1286 2644 ἔμετον.
1326 2579 1689 2650 Συμμόρφους
1734 2583 1910 2653 ἑαυτῷ

348 2660 446 2712 καὶ
476 2663 761 2732 συσσώμου
775 2684 791 2725 ;
822 2665 1074 2735 ἐποίησεν
1101 2670 1128 2720 6
1145 2669 1376 2738 Χριστός
1401 2686 1415 2701 ·
1444 2670 1520 2739 μὴ
1545 2672 1723 2724 τοίνυν
1748 2674 1913 2727 ποιῶ-

355 2769 457 2819 μεν
515 2754 580 2804 τὰ
625 2754 759 2822 μέλη
790 2754 884 2807 τοῦ
931 2757 1166 2823 Χριστοῦ
1197 2759 1331 2827 μέλη
1381 2760 1607 2829 πόρνης,
1642 2761 1702 2813 τὸ
1753 2762 1913 2832 σῶμα

350 2844 837 2911 καταμολύνοντες,
872 2848 963 2900 καὶ
999 2851 1098 2917 τὴν
1151 2849 1433 2918 βασιλικὴν
1476 2854 1657 2906 εἰκόνα
1685 2856 1914 2919 καταξό-

353 2933 599 2998 φοῦντες.
637 2935 894 3004 Ἠγίασεν
929 2939 1077 3007 ἡμᾶς
1130 2941 1159 2991 6
1204 2941 1459 3011 Χριστὸς,
1510 2946 1606 2999 καὶ
1642 2946 1913 3015 ἐκάθηρεν

2002 497 2133 552 illud
2167 507 2395 551 mortem
2428 499 2738 571 progenuit,
2759 509 2814 553 et
2840 500 2908 554 ad
2932 500 3137 556 inferos
3159 504 3521 571 pracipitavit
3544 520 3559 557 :

2000 598 2055 642 at
2086 589 2290 656 lignum
2344 591 2525 644 crucis
2575 606 2671 644 eos
2712 590 2900 655 etiam,
2950 592 3044 660 qui
3088 592 3199 661 jam
3252 591 3335 661 ad,
3375 605 3573 645 manes

2001 678 2419 741 descenderant,
2460 681 2759 735 revocavit.
2801 679 3029 750 Lignum
3078 681 3315 749 paradisi
3362 683 3416 736 in
3447 696 3565 735 ser-

2001 770 2230 825 vitutem
2281 770 2531 834 abduxit,
2586 771 3001 841 nuditatemque
3058 772 3270 825 Adamo
3323 772 3561 832 induxit,

2002 872 2058 917 et
2089 872 2149 916 ut
2203 877 2324 916 sese
2374 862 2669 928 occuleret,
2725 862 2927 917 effecit.
3000 864 3067 918 At
3124 864 3330 934 lignum
3383 864 3563 917 crucis

2000 951 2274 1008 Christum
2315 952 2369 1005 in
2421 953 2634 1007 excelso
2673 953 2839 1006 situm
2885 953 3140 1008 omnibus
3204 954 3558 1022 spectandum

2002 1042 2272 1096 exhibuit.
2322 1042 2457 1096 Nam
2512 1051 2625 1096 toto
2689 1051 2955 1096 terrarum
3010 1044 3143 1096 orbe
3204 1045 3563 1112 inspectante,

2007 1143 2260 1201 tanquam
2316 1147 2614 1201 generosus
2677 1133 2898 1201 quidam
2953 1133 3179 1191 athleta.
3228 1134 3566 1187 adversar-ias

2002 1226 2236 1279 virtutes
2276 1218 2550 1288 Christus,
2579 1224 2832 1279 sublimis
2861 1239 2927 1277 ex
2959 1224 3106 1288 ligno
3137 1222 3401 1290 pendens,
3435 1238 3567 1276 con-

2006 1316 2156 1370 trivit
2201 1324 2259 1369 et
2304 1315 2540 1382 disiecit.
2587 1315 2729 1368 Mors
2792 1314 2984 1369 Adami
3045 1323 3290 1382 posteros
3347 1329 3565 1381 quoque

2002 1406 2305 1470 damnavit,
2336 1407 2637 1475 mortisque
2671 1405 2983 1462 necessitati
3020 1405 3280 1473 subjecit;
3316 1413 3371 1457 at
3418 1418 3566 1455 mors

2002 1498 2205 1554 Christi
2282 1498 2445 1552 etiam
2495 1505 2653 1550 antea
2695 1496 2880 1565 lapsos
2919 1504 2975 1550 et
3031 1504 3276 1550 mortuos
3307 1493 3565 1553 restituit,

2004 1590 2221 1658 vitaque
2252 1588 2494 1655 donavit,
2523 1596 2579 1644 et
2597 1587 2851 1644 omnibus
2875 1587 3189 1643 hominibus
3213 1585 3406 1642 salutis
3426 1585 3569 1639 viam

2005 1679 2285 1750 patefecit.

2075 1947 2329 2005 Christus
2373 1962 2479 2006 nos
2506 1947 2739 2004 redemit
2782 1962 2813 2001 a
2862 1946 3156 2001 maledicto
3203 1943 3359 2014 legis,
3409 1943 3575 1998 male-

2007 2040 2213 2095 dictum
2252 2054 2349 2109 pro
2387 2038 2550 2094 nobis
2583 2037 2777 2093 factus.
2828 2036 3214 2099 Attendamus,
3233 2030 3571 2094 charissimi,

2008 2147 2077 2187 ne
2132 2146 2326 2185 rursus
2385 2130 2753 2185 exsecrationi
2813 2127 3193 2196 subjiciamnr,
3261 2124 3448 2177 divino
3507 2121 3574 2173 ti-

2010 2236 2160 2275 more
2204 2203 2643 2289 salutaribusque
2690 2216 2892 2273 Christi
2954 2215 3242 2287 praeceptis
3288 2212 3572 2280 neglectis.

2008 2310 2167 2365 Lavit
2192 2325 2292 2363 nos
2318 2310 2571 2364 Christus
2617 2308 2668 2361 in
2708 2307 3033 2376 baptismate
3070 2322 3161 2374 per
3190 2303 3461 2356 lavacrum
3495 2316 3574 2352 re-

2007 2400 2395 2471 generationis'
2440 2408 2496 2453 et
2559 2396 2928 2451 renovationis
2976 2395 3214 2465 Spiritus
3256 2393 3454 2455 sancti,
3504 2407 3574 2446 ne

2011 2502 2352 2548 revertamur
2388 2491 2458 2544 ad
2492 2489 2758 2557 proprium
2806 2488 3056 2541 vomitum
3085 2487 3149 2540 ‘°.
3195 2485 3451 2555 Ejusdem
3488 2499 3575 2539 se-

2010 2601 2136 2641 cum
2173 2582 2549 2637 similitudinis
2575 2590 2630 2634 et
2676 2579 2925 2648 corporis
2971 2577 3223 2632 Christus
3269 2593 3369 2630 nos
3396 2576 3571 2629 fecit:

2010 2692 2082 2732 ne
2130 2676 2295 2747 igitur
2331 2674 2592 2728 faciamus
2638 2671 2882 2726 membra
2915 2668 3116 2724 Christi
3177 2669 3423 2723 membra
3465 2668 3577 2722 dia-

2010 2768 2162 2832 boli,
2199 2774 2429 2833 corpore
2460 2762 2854 2826 contaminato,
2896 2770 2951 2815 et
2992 2760 3158 2831 regali
3199 2759 3433 2830 imagine
3475 2760 3574 2813 ob-

2012 2865 2249 2911 scurata.
2285 2851 2657 2908 Sanctiﬁcavit
2702 2866 2801 2904 nos
2828 2850 3104 2913 Christus,
3153 2858 3208 2903 et
3259 2849 3579 2904 emundavit

2013 2965 2044 3003 a
2076 2947 2316 3019 peccatis
2354 2944 2558 3000 nostris
2587 2960 2686 3014 per
2716 2944 3019 3011 pretiosum
3065 2950 3120 2996 et
3167 2942 3575 2996 immaculatum

354 3027 466 3078 ἀπὸ
498 3026 604 3079 τῶν
643 3025 924 3097 ἁμαρτιῶν
955 3029 1115 3099 ἡμῶν
1142 3030 1228 3085 διά
1248 3032 1341 3085 τοῦ
1369 3034 1552 3102 τιμίου
1587 3036 1680 3087 καὶ
1708 3036 1909 3105 ἀχράνο

2014 3040 2331 3108 sanguinem
2378 3052 2563 3101 suum,
2607 3045 2667 3089 ut
2695 3037 2841 3089 omni
2896 3033 3103 3087 macula
3151 3042 3207 3087 et
3236 3047 3367 3103 ruga
3394 3047 3563 3086 carea-

335 3136 450 3169 .του
476 3119 701 3188 αἵματος
725 3119 909 3185 αὐτοῦ,
936 3120 1076 3174 ὥστε
1118 3122 1193 3190 μὴ
1223 3122 1367 3192 ἔχειν
1391 3125 1580 3179 σπϊλόν
1608 3142 1729 3179 τινα
1756 3126 1789 3196 ἢ
1818 3129 1913 3195 ῥυ-

350 3211 499 3276 τίδα,
537 3212 671 3279 μηδέ
712 3228 765 3264 τι
795 3214 904 3267 τῶν
948 3213 1223 3283 ἀμορφίαν
1260 3216 1356 3268 καὶ
1384 3215 1680 3286 εἰδεχθειαν
1722 3219 1915 3285 ἐμποι-

350 3301 560 3354 ούντων
582 3319 596 3332 ·
639 3304 712 3372 μὴ
742 3304 901 3356 πάλιν
938 3305 1402 3376 σύτομολήσωμεν
1447 3307 1581 3377 πρὸς
1616 3308 1714 3375 τὴν
1739 3307 1916 3374 ἀμαρ-

348 3392 498 3455 τίαν,
556 3392 688 3462 μηδέ
718 3393 1093 3463 ἀγαπήσωμεν
1131 3396 1230 3465 τὴν
1273 3396 1534 3450 δυσωδίαν
1562 3396 1673 3449 τῶν
1703 3397 1913 3460 παθῶν,

354 3484 453 3535 καὶ
482 3482 579 3552 τὴν
611 3482 857 3536 ἐντεῦθεν
878 3484 1217 3554 ἀκαθαρσίαν
1243 3485 1336 3538 τοῦ
1358 3485 1531 3559 ῥύπου
1552 3486 1660 3539 τῶν
1688 3487 1911 3556 ἡδονῶν.

356 3575 635 3644 Ἕπλησεν
689 3579 828 3644 ἡμᾶς
860 3579 887 3627 6
920 3578 1151 3647 Χριστὸς
1181 3578 1357 3645 φωτὸς
1395 3579 1784 3648 λαμπροτάτου
1823 3580 1916 3633 καὶ

354 3667 623 3737 καθαροῦ⁶
658 3668 734 3737 μὴ
765 3669 926 3722 πάλιν
959 3668 1019 3720 τὸ
1046 3668 1273 3737 ζοφερὸν
1310 3670 1409 3737 τῆς
1440 3670 1712 3739 ἁμαρτίας
1765 3670 1918 3722 ἐκλε-

356 3758 575 3828 ξὼμεθα
630 3761 840 3821 σκότος.
877 3760 1162 3829 Ἐποίησεν
1187 3762 1334 3829 ἡμᾶς
1379 3762 1406 3812 6
1443 3761 1572 3821 Θεὸς
1619 3761 1914 3831 συσκήνους

350 3856 469 3914 τοῖς
495 3854 667 3920 ἁγίοις
701 3852 973 3920 ἀγγέλοις,
1004 3854 1098 3906 καὶ⁸
1142 3853 1609 3923 συγκληρονόμους
1644 3853 1750 3904 τῶν
1782 3853 1915 3904 αἰω-

350 3942 485 3993 νίων
517 3941 677 3993 αὑτοῦ
720 3940 937 4007 ἀγαθῶν
964 3940 1163 4009 ἠξίωσε
1192 3941 1627 4010 γενέσθαιήμᾶςο
1657 3941 1731 4010 μὴ
1756 3941 1917 3994 πάλιν

352 4030 764 4100 αίρετισὼμεθα
790 4032 886 4098 τὴν
921 4033 1166 4099 ἀτιμίαν,
1201 4032 1294 4083 καὶ
1315 4034 1412 4098 τὴν
1437 4030 1663 4099 φθορὰν,
1693 4032 1787 4083 καὶ
1817 4030 1917 4098 τὴν

353 4119 675 4189 καταδίκην,
731 4119 865 4172 άλλά
912 4120 1010 4190 τὴν
1060 4120 1371 4187 ἐλευθερίαν
1496 4121 1730 4190 Χριστὸς
1768 4120 1917 4189 ἡμᾶς

353 4209 592 4273 ἐδόξασε,
616 4210 1085 4277 διαφυλάττωμεν,
1103 4210 1193 4262 καὶ
1226 4209 1375 4280 πάσῃ
1402 4209 1602 4277 σπουδῇ
1631 4209 1724 4261 καὶ
1744 4224 1915 4276 προσ-

351 4301 458 4367 οχῇ
508 4297 858 4367 χρησώμεθα,
920 4297 1139 4365 ἀδελφοί
1194 4314 1316 4366 μου,
1361 4298 1445 4349 ἵνα
1481 4291 1559 4359 οἷς
1604 4297 1916 4366 ἐκλήθημεν

2015 3146 2156 3191 mus,
2187 3139 2244 3184 et
2292 3129 2441 3183 omni
2482 3128 2596 3189 illo,
2648 3127 2791 3195 quod
2834 3124 3233 3178 deformitatem
3280 3124 3577 3191 formazqus

2016 3219 2408 3289 turpitudinem
2444 3217 2637 3282 aﬂ'ert;
2692 3232 2760 3271 ne
2811 3216 2994 3269 denuo
3042 3214 3110 3269 ad
3170 3213 3370 3284 ﬂagitia
3432 3214 3576 3267 ultro

2014 3311 2357 3373 accedamus,
2401 3322 2577 3375 neque
2623 3306 2913 3375 diligamus
2971 3304 3199 3359 fetorem
3243 3303 3575 3357 immodera-
3674 3368 3687 3377 μ

2018 3410 2194 3455 larum
2242 3396 2631 3467 cupiditatum,
2673 3396 2898 3465 ejusque
2945 3393 3297 3460 intpuritatis,
3350 3409 3470 3460 qua:
3508 3409 3581 3446 ex

2016 3489 2351 3557 voluptatum
2381 3500 2538 3540 coeno
2594 3484 2829 3539 exsistit.
2889 3483 3140 3552 Replevit
3174 3498 3273 3536 nos
3323 3482 3577 3536 Christus

2014 3580 2137 3635 luce
2169 3574 2612 3645 splendidissima
2640 3584 2693 3625 et
2729 3572 3064 3641 purissima;
3100 3584 3167 3623 ne
3220 3570 3385 3639 igitur
3422 3580 3577 3622 tene—

2017 3670 2233 3724 brosam
2264 3666 2411 3720 illam
2461 3662 2824 3733 improbitatis
2853 3661 3138 3729 caliginem
3182 3660 3497 3714 subeamus.
3518 3659 3577 3713 in

2016 3760 2328 3827 angelorum
2396 3753 2819 3810 contubernium
2870 3751 3065 3805 ascivit
3128 3765 3229 3804 nos
3294 3750 3577 3813 Dominus,

2017 3849 2369 3916 hacredesqne
2422 3854 2750 3899 aeternorum
2810 3843 3078 3896 bonorum
3139 3841 3455 3905 constituit;
3510 3856 3579 3895 ne

2018 3942 2185 4012 igitur
2222 3937 2454 4007 amplius
2503 3937 2558 3990 in
2595 3933 2971 4004 ignominiam,
3000 3942 3056 3988 et
3096 3931 3401 3993 interitum,
3435 3941 3491 3984 et
3522 3931 3575 3984 in

2016 4028 2421 4083 damnationem
2453 4040 2551 4078 nos
2579 4023 2956 4093 conjit-iamus,
2984 4022 3079 4077 sed
3107 4022 3439 4087 libertatem,
3469 4036 3587 4090 qua

2016 4120 2268 4176 Christus
2301 4133 2401 4172 nos
2457 4117 2663 4171 clarere
2696 4114 2888 4178 voluit,
2945 4113 3339 4175 custodiamus,
3401 4113 3580 4167 omni-

2018 4226 2124 4281 que
2153 4208 2431 4279 diligentia
2464 4215 2520 4261 et
2549 4204 2855 4259 attentione
2881 4204 3177 4267 enitamur,
3215 4202 3413 4257 fratres
3446 4202 3578 4267 mei,

2018 4313 2078 4356 ut
2105 4302 2157 4353 in
2194 4299 2302 4360 his.
2348 4297 2404 4351 in
2445 4295 2647 4365 quibus
2690 4295 2868 4348 vocati
2921 4302 2977 4347 et
3025 4291 3306 4362 justiﬁcati
3368 4309 3576 4354 sumus,

355 4392 454 4442 καὶ
480 4388 899 4456 ἐδικαιώθημεν,
932 4388 1223 4456 μείνωμεν.
1249 4388 1368 4439 Κᾶν
1396 4387 1503 4454 γὰρ
1536 4385 1608 4456 μὴ
1641 4387 1909 4456 μείνωμεν

2020 4398 2354 4439 maneamus.
2386 4382 2518 4436 Nam
2570 4381 2615 4435 si
2662 4382 2817 4433 ﬁrmo
2862 4379 2998 4448 pede
3039 4396 3147 4434 non
3197 4382 3576 4445 consistamus,

352 4481 549 4543 οὕτως,
585 4478 700 4532 ἀλλ’
730 4481 810 4540 είς
839 4480 905 4530 τὰ
954 4480 1128 4531 όπίσω
1174 4478 1624 4546 ὑποστρέψωμεν,
1658 4476 1915 4529 κολάσεσι

243 4571 249 4575 ’
354 4574 455 4625 καὶ
482 4571 768 4639 τιμωρίαις
803 4568 1311 4638 ὑποϐληθησόμεθα.
1339 4569 1465 4621 ὅταν
1496 4568 1621 4636 ἔλθῃ
1652 4569 1679 4619 6
1714 4567 1916 4635 Κύριος

350 4665 449 4716 τοῦ
488 4666 666 4732 κρῖναι
699 4663 882 4715 πᾶσαν
910 4664 1008 4729 τὴν
1034 4660 1157 4729 γῆν.
1192 4659 1330 4712 Ἀλλ’
1357 4660 1444 4712 ἵνα.
1476 4659 1551 4729 μὴ
1572 4658 1732 4710 τοῦτο
1757 4661 1915 4726 γένη-

350 4772 470 4815 ται,
499 4753 675 4814 καλῶς
716 4750 1184 4819 πολιτευσώμεθα,
1214 4752 1302 4802 καὶ
1327 4749 1400 4809 ὡς
1425 4747 1651 4816 ἀρεστὸν
1685 4747 1762 4816 τῷ
1795 4746 1915 4816 Θεῷ

350 4849 390 4915 ἡ
399 4844 515 4915 μῶν
538 4845 886 4914 καθαρότητα
910 4842 1299 4910 ἀσπαζόμενοι,
1332 4838 1911 4909 δάκρυαπροχὲοντες,

355 4939 647 5002 κατανυξιν
675 4935 1041 5005 πηγάζοντες,
1093 4934 1153 4986 τὸ
1184 4934 1340 5001 σῶμα
1384 4932 1793 4994 ὑποτάσσοντες,
1819 4930 1914 4982 καὶ

354 5030 433 5092 ὡς
481 5028 935 5093 δοῦλονςάγοντες,
989 5026 1086 5095 τὴν
1127 5025 1304 5095 ψυχὴν
1358 5026 1468 5086 τοῖς
1519 5024 1914 5089 πνευματικοῖς

354 5120 535 5184 λύγοις
577 5119 671 5170 καὶ
700 5120 881 5186 ἔργοις
916 5115 1308 5183 ζωογονοῦντες
1364 5116 1458 5167 καὶ
1508 5114 1913 5183 διατρέφοντες,

352 5211 426 5259 τὰ
448 5207 580 5275 ἔργα
608 5207 701 5259 τοῦ
737 5206 870 5259 Θεοῦ
900 5207 1233 5277 ἀρρᾳθύμως
1265 5202 1658 5266 ἐπιτελοῦντες,
1689 5203 1780 5254 καὶ
1813 5218 1917 5271 μη·-

350 5298 520 5359 δό).ως
543 5298 1022 5360 ἀπονυστάζοντες.
1064 5324 1079 5337 ο
1875 5281 1886 5290 ¹

436 5468 594 5535 ς’.,ει
622 5469 679 5521 δὲ
726 5471 820 5521 καὶ
855 5469 1249 5540 ρᾳθυμήσομεν
1301 5470 1394 5520 καὶ
1423 5467 1796 5542 ἀμελήσομεν,
1838 5464 1919 5518 ὅτι

431 5644 453 5674 ⁸
493 5643 689 5712 Ephes.
759 5661 811 5709 v,
878 5644 965 5698 ‘26.
1045 5646 1087 5675 ¹⁰
1129 5644 1169 5698 ll
1211 5643 1356 5700 Petr.
1424 5658 1480 5705 ιι,
1529 5643 1613 5697 ‘22.

2019 4474 2112 4530 sed
2140 4483 2445 4527 retrorsum
2483 4480 2855 4540 respectemus
2896 4480 2952 4524 et
2995 4470 3324 4535 resiliamus,
3371 4471 3582 4524 crucia-

2018 4565 2165 4618 tibus
2212 4572 2266 4617 et
2309 4561 2591 4630 suppliciis
2648 4559 3021 4627 subjiciemur,
3084 4561 3303 4630 quando
3367 4561 3580 4614 venerit

2016 4651 2306 4715 Dominus,
2342 4651 2655 4706 universum
2691 4650 2879 4704 orbem
2914 4658 3180 4704 terrarum
3206 4649 3575 4720 judicaturus.

2016 4743 2218 4797 Verum
2246 4757 2315 4796 ne
2354 4742 2458 4796 hoc
2488 4741 2724 4805 eveniat,
2757 4750 2903 4794 recte
2942 4741 3107 4793 vitam
3136 4749 3375 4793 nostram
3417 4739 3576 4791 insti—

2018 4843 2255 4896 tuamns,
2296 4842 2351 4887 et
2377 4841 2434 4885 ut
2466 4831 2575 4885 Deo
2603 4841 2815 4900 gratum
2860 4839 3255 4898 acceptumque
3285 4838 3393 4894 est,
3422 4830 3576 4897 puri-

2016 4932 2181 4978 tatem
2216 4921 2625 4989 amplectamur.
2660 4920 2927 4980 lacrymas
2959 4918 3267 4977 fundamus,
3294 4918 3578 4971 contritio-

2017 5010 2141 5066 nem
2177 5021 2233 5065 et
2268 5008 2639 5079 paenitentiam
2679 5007 2833 5076 quasi
2872 5006 3156 5069 stillcmus,
3184 5022 3382 5075 corpus
3410 5007 3578 5076 subji-

2018 5104 2223 5157 ciamus
2251 5112 2306 5156 et
2339 5101 2482 5154 servi
2528 5102 2697 5152 instar
2761 5106 3078 5159 tractemus,
3120 5098 3357 5151 animam
3415 5098 3578 5165 spiri-

2017 5184 2261 5245 tualibus
2305 5188 2648 5243 documentis
2695 5198 2749 5240 et
2800 5186 2957 5241 factis
3007 5186 3185 5239 vivam
3235 5195 3291 5240 et
3331 5186 3611 5257 vegetam.

2019 5282 2314 5337 eﬂiciamns
2344 5291 2398 5335 et
2429 5281 2656 5345 alamus,
2698 5294 2861 5349 opera
2899 5277 2994 5333 Dei
3046 5279 3275 5348 impigre
3311 5294 3579 5347 exsequa-

2024 5389 2163 5437 mur,
2198 5388 2372 5441 neque
2404 5386 2641 5438 unquam
2672 5372 3035 5427 somniculose
3063 5388 3309 5441 agamus.

2093 5464 2145 5516 7.
2167 5463 2319 5528 Quod
2342 5465 2391 5531 si
2408 5464 2729 5534 pigritemur
2753 5473 2807 5519 et
2834 5465 2889 5519 in
2923 5463 3227 5519 socordiam
3252 5463 3580 5526 incidamus,
