3928 6212
416 240 514 305 731

1464 255 1881 317 PIIILOTHEI
1925 262 2033 319 CP.
2078 262 2585 323 PATRIARCIUE

3532 263 3629 324 732

414 356 621 413 Deinde
674 359 969 431 obsignans
996 364 1059 416 ad
1101 366 1489 420 auctoritatem
1549 369 1975 439 irrcfragahilem

2083 377 2295 445 χίατων,
2318 380 2407 429 καὶ
2431 375 2648 438 διδάξας
2674 372 2815 425 οὕτω
2836 374 2964 434 τοὺς
2993 372 3330 439 ἀνθρώπους,
3364 374 3628 444 ἐλάχιστος

412 448 579 503 verba
632 466 753 515 sua,
800 452 933 506 dicit
976 471 989 507 :
1032 473 1050 505 ι
1085 452 1291 508 Casium
1342 466 1396 510 et
1437 468 1578 512 terra
1640 463 1972 524 transibunt,

418 541 577 594 verba
605 550 785 596 autem
822 558 938 597 mea
974 560 1079 597 non
1116 546 1424 601 transibunt
1459 549 1497 601 ".
1547 570 1563 601 ι

488 799 538 853 2.
566 800 1015 870 Quandoquidem
1046 804 1214 875 igitur
1274 823 1380 860 non
1405 817 1487 862 est
1516 810 1773 877 possibile
1801 812 1981 864 Salva-

418 892 484 955 ri,
525 902 611 943 aut
643 908 669 943 a
705 895 951 961 gehenna
1000 896 1216 949 liberari
1283 915 1406 949 eum
1454 902 1545 967 qui
1600 902 1848 954 mandata
1881 903 1985 971 Do-_

422 980 551 1032 ιιιίιιί
606 996 715 1033 non
756 993 957 1046 servat,
1002 985 1131 1037 totis
1192 986 1399 1039 viribus
1446 1002 1709 1040 conemur
1764 1004 1981 1042 servare

418 1069 510 1122 illa
548 1080 602 1123 et
636 1086 860 1139 corpore
893 1081 949 1125 et
971 1074 1185 1140 spiritu.
1230 1074 1486 1138 Qmedam
1552 1077 1696 1130 enim
1737 1078 1978 1145 ipsorum

417 1167 537 1212 actu
570 1161 817 1228 corporis
876 1172 1185 1228 servantur,
1259 1165 1503 1233 quaedam
1557 1166 1981 1236 cogitationibus

415 1258 471 1299 ot
497 1249 787 1304 affectibus
815 1251 1019 1303 cordis.
1057 1253 1184 1305 Alia
1219 1268 1410 1307 rursus
1449 1254 1515 1307 ad
1547 1256 1629 1309 sui
1658 1256 1979 1309 exsecutio—

418 1354 539 1390 nem
570 1339 816 1406 indigent
842 1355 1113 1393 concursu
1146 1343 1525 1410 operationum
1560 1345 1754 1399 animae
1778 1346 1981 1413 pariter

418 1444 481 1481 ac
511 1432 780 1497 corporis.
808 1431 1048 1500 Exempli
1081 1433 1273 1500 gratia,
1305 1435 1508 1488 vestire
1545 1436 1750 1489 nudum
1782 1447 1835 1489 et
1875 1435 1979 1489 mi-

418 1520 650 1573 nistrare
691 1521 945 1582 inlirmo,
988 1524 1256 1590 corporali
1318 1524 1604 1592 perficitur
1672 1526 1977 1595 obsequio;

419 1608 495 1659 uti
526 1618 577 1661 et
606 1610 752 1663 alere
806 1626 1122 1677 pauperem,
1171 1630 1234 1667 ac
1280 1615 1498 1675 similia.
1545 1631 1883 1685 quacunque
1911 1618 1977 1670 ad

416 1704 715 1768 corporalia
751 1702 922 1756 otiicia
961 1706 1257 1772 pertinent,
1287 1721 1406 1773 qua:
1434 1708 1690 1777 pleraque
1712 1709 1985 1762 saeculari-

420 1793 520 1843 bus
550 1794 600 1844 in
644 1795 751 1847 vita
808 1794 950 1847 civili
994 1795 1162 1848 Deum
1224 1798 1531 1852 colentibus
1567 1806 1737 1867 magis
1778 1813 1976 1852 conve-

425 1883 605 1935 niunt.
641 1886 709 1936 At
748 1901 931 1938 amare
969 1886 1161 1949 Deum,
1218 1888 1363 1955 quod
1404 1890 1616 1943 cunctis
1672 1889 1983 1945 hominibus

424 1975 765 2041 prtecipitur,
792 1975 1016 2027 omnino
1043 1985 1165 2045 eget
1210 1978 1427 2033 actione
1459 1979 1676 2039 mentis,
1702 1979 1771 2033 ab
1801 1981 1982 2033 omni-

417 2064 517 2115 ln.s
545 2065 762 2131 quidem
816 2066 879 2117 ad
922 2066 973 2119 id
1038 2067 1341 2120 adhibenda
1372 2108 1385 2130 ,
1447 2069 1627 2123 studio
1677 2079 1852 2126 tamen
1874 2055 1981 2124 im-

422 2153 656 2217 pensiori
684 2172 710 2205 a
746 2155 1021 2208 cruciﬁxis
1062 2160 1261 2209 mundo
1291 2160 1593 2212 monachis.

485 2242 537 2294 5.
566 2244 703 2295 Sunt
736 2254 917 2305 autem
952 2246 1094 2299 intra
1122 2246 1363 2315 quaedam
1396 2249 1646 2302 mandata
1696 2250 1798 2303 alia
1832 2266 1981 2303 manv

414 2328 535 2381 data
578 2334 993 2401 cmnprehcnsa,
1031 2337 1103 2389 ita
1147 2347 1203 2388 ut
1258 2337 1345 2389 illa
1388 2340 1538 2401 quasi
1576 2340 1701 2393 ficta
1739 2341 1819 2393 vel
1854 2357 1979 2409 gra-

420 2419 537 2471 tida
572 2424 700 2482 sint,
745 2424 931 2477 alteris
974 2426 1119 2479 intus
1172 2426 1397 2479 inclusis
1454 2431 1813 2496 przrgnantia.
1848 2428 1979 2482 Nam

414 2511 595 2578 aliqua
631 2530 660 2565 e
708 2514 1113 2582 spiritualibus.
1142 2517 1208 2572 de
1257 2518 1458 2586 quibus
1515 2521 1650 2583 dixi,
1712 2520 1983 2575 mandatis

415 2600 635 2651 inultam
683 2604 895 2656 turbam
955 2606 1322 2673 corporalium
1385 2610 1713 2669 continent.
1768 2610 1822 2662 in
1872 2624 1980 2662 uno

417 2697 734 2745 truncantes
799 2694 966 2746 multa
1033 2695 1441 2749 membra'Deo
1496 2698 1683 2751 invisae
1735 2698 1977 2752 malitiae.

414 2777 627 2831 Etenim
654 2795 771 2847 quze
799 2781 1156 2849 spiritualiter
1190 2783 1484 2853 implentur
1543 2785 1724 2839 divina
1758 2788 1982 2839 matula—

416 2876 465 2920 ta
493 2907 507 2929 ,
540 2868 641 2921 hoc
670 2877 774 2931 est,
808 2886 1040 2939 quorum
1096 2874 1375 2929 exsecutio
1426 2876 1658 2930 interius
1700 2876 1755 2930 in
1782 2891 1979 2931 arcana

415 2957 613 3012 mentis
642 2960 858 3015 actione
885 2961 988 3015 sita
1022 2972 1126 3027 est,
1161 2979 1225 3018 ea
1265 2964 1451 3034 utique
1492 2967 1726 3021 maxime
1751 2968 1975 3020 manda-

421 3048 491 3101 tis
551 3051 820 3119 corporali
873 3053 1223 3108 exsecutione
1288 3057 1669 3111 constantibus
1714 3067 1973 3126 pressum,

2085 466 2415 535 κληθήσεται
2448 468 2504 517 ἐν
2536 469 2601 534 τῇ
2656 464 2901 535 βασιλείᾳ
2952 462 3059 515 τῶν
3122 463 3385 532 οὐρανῶν.
3457 483 3475 516 ο
3517 462 3628 519 Εἶτα

2082 558 2484 623 ὲπισφραγίσας
2512 557 2616 608 τῶν
2643 554 2833 608 ἑαυτοῦ
2870 554 3042 620 λόγων
3073 554 3134 605 τὸ
3173 554 3410 622 βέϐαιον,
3440 558 3623 623 φησίν·

2092 668 2109 699 ι
2158 650 2217 700 Ὀ
2250 649 2474 717 οὐρανὸς
2515 650 2608 699 καὶ
2644 651 2674 714 ἡ
2714 647 2786 715 γῆ
2839 646 3277 715 παρελεύσεταιο
3317 645 3367 697 el
3403 644 3458 698 δι
3490 647 3621 715 λόγον

2085 756 2187 798 μου
2216 740 2276 790 οὐ
2305 738 2379 805 μὴ
2404 740 2772 805 παρέλθωσιν.
2810 755 2829 788 ι

2157 826 2222 896 β’.
2274 830 2424 879 Ἐπεὶ
2456 824 2549 881 οὗν
2587 828 2685 880 ούκ
2716 828 2793 879 ἔνι
2840 827 3097 894 σωθῆναι,
3128 824 3161 889 ἦ
3194 823 3522 893 τῆςγεέννης
3551 825 3619 889 ῥυ

2084 916 2279 984 σθῆναι
2304 916 2396 969 τδν
2426 915 2503 985 μὴ
2534 916 2632 977 τὰς
2660 914 2881 976 ὲντολάς
2911 914 3005 967 τοῦ
3050 913 3259 982 Κυρίου
3285 913 3627 979 φυλάττοντα,

2083 1008 2235 1078 πάσῃ
2261 1007 2491 1075 δυνάμει
2522 1004 2919 1074 ἀγωνισώμεθα
2945 1004 3178 1072 φυλάξαι
3228 1003 3397 1067 αύτάς
3421 1007 3508 1055 καὶ
3535 1003 3625 1053 σῶ-

2084 1114 2215 1165 ματι
2249 1099 2341 1149 καὶ
2379 1096 2652 1164 πνεύματι
2683 1112 2696 1126 ⁸
2730 1095 2847 1147 ἐστι
2886 1096 2997 1162 γὰρ
3025 1094 3259 1162 φυλάξαι
3286 1092 3440 1153 τινὰς
3467 1092 3628 1144 αὐτῶν

2082 1190 2139 1240 ἐν
2168 1186 2401 1255 σώματι,
2434 1187 2529 1239 καὶ
2561 1187 2708 1238 ἐστιν
2748 1185 2981 1247 ἐννοίαις
3004 1187 3063 1238 ὲν
3090 1185 3288 1254 καρδίᾳ
3328 1184 3625 1252 διατηρεῖν·

2082 1278 2175 1328 καὶ
2213 1276 2367 1329 ἄλλαι
2400 1274 2565 1327 πάλιν
2608 1274 2880 1328 ἐνδέονται
2931 1276 3068 1343 πρὸς
3115 1273 3396 1325 τελείωσιν
3440 1273 3629 1325 ἑαυτῶν

2080 1366 2173 1417 καὶ
2204 1364 2301 1433 τῆς
2354 1363 2532 1432 ψυχῆς
2577 1364 2672 1415 καὶ
2721 1361 2816 1415 τοῦ
2864 1362 3115 1431 σώματος
3140 1377 3158 1391 ⁸
3188 1356 3298 1414 οἷον
3333 1360 3395 1413 τὸ
3435 1361 3629 1414 ἐνδῦσαι

2081 1454 2307 1521 γυμνὸν,
2352 1455 2446 1505 καὶ
2485 1451 2818 1506 ἀσθενοῦντα
2849 1451 3275 1521 ἐπισκέψασθαι,
3312 1451 3628 1519 σωματικῶς

2082 1546 2411 1597 ἐπιτελεῖται
2436 1561 2449 1574 ⁸
2477 1545 2550 1608 ὡς
2582 1546 2675 1597 καὶ
2715 1532 3003 1613 τὸ⁰θρέψαι
3028 1543 3255 1612 πένητα,
3284 1542 3382 1595 καὶ
3406 1542 3474 1594 τὰ
3509 1540 3627 1594 ἀλλα

2083 1636 2183 1689 ὅσα
2208 1637 2335 1703 περὶ
2356 1635 2463 1688 τῶν
2494 1634 2818 1703 σωματικῶν
2863 1634 3264 1702 δικαιωμάτων·
3281 1632 3425 1684 είσίν
3446 1646 3462 1661 ⁸
3489 1632 3630 1684 ἅτινα

2020 1700 2054 1751 Β
2086 1700 2370 1795 κοσμικ-οἶς
2404 1700 2607 1794 μᾶλλον
2636 1725 2703 1776 τά
2732 1724 2955 1777 πλείονα
2999 1700 3214 1790 ἀνήκει.
3247 1722 3323 1773 Τὸ
3364 1720 3630 1788 ἀγαπῆσαι

2083 1816 2138 1870 δὲ
2192 1816 2283 1868 τὸν
2328 1815 2461 1868 Θεὸν
2509 1816 2600 1867 καὶ
2656 1812 2978 1884 ἀνθρώπους
3011 1812 3217 1882 νοητῶς
3250 1812 3455 1865 δέονται
3482 1807 3544 1863 αὖ
3579 1810 3629 1862 τ’

2082 1905 2318 1975 ἔμπαλιν
2356 1903 2717 1972 φυλάττεσθαι
2746 1905 2803 1956 ὲν
2852 1903 3056 1973 σπουδῇ
3106 1902 3315 1956 πλείονι
3356 1902 3509 1973 -παρά
3532 1902 3629 1965 τοῖς

2081 1996 2519 2065 ἑσταυρωμένοις
2547 1993 2624 2064 τῷ
2658 1995 2846 2063 κόσμῳ
2887 1996 3160 2064 μοναχοῖς,

2151 2256 2219 2317 γ’.
2256 2252 2374 2304 Εἰσὶ
2403 2251 2459 2303 δὲ
2492 2251 2644 2313 ἐντὸς
2672 2249 2781 2301 τῶν
2814 2247 3043 2301 ἐντολῶν
3069 2247 3261 2316 ἕτεραι
3306 2244 3515 2298 ἐντολαὶ
3542 2261 3630 2296 πε-

2083 2339 2399 2411 ριεκτικώτε
2412 2356 2502 2407 ραι
2531 2339 2643 2390 τῶν
2672 2337 2998 2407 σωματικῶν
3042 2336 3177 2388 πολὺ
3209 2335 3437 2405 πλῆθος,
3465 2334 3555 2387 καὶ
3580 2336 3630 2386 ἐν

2077 2429 2269 2485 αὐταῖς
2299 2427 2442 2480 αύτά
2464 2426 2843 2497 περιέχουσαι,
2878 2424 2975 2477 καὶ
3002 2424 3090 2491 ὑφ’
3118 2423 3176 2476 ἓν
3207 2424 3627 2493 περικόπτουσαι

2081 2518 2252 2571 πολλά
2286 2517 2455 2587 μόρια
2496 2518 2595 2584 τῆς
2620 2514 2910 2583 θεομισοῦς
2933 2513 3132 2576 κακίας
3159 2528 3175 2541 ⁸
3213 2516 3272 2566 αἱ
3306 2516 3414 2580 γὰρ
3442 2513 3631 2578 νοητῶς

2078 2608 2405 2677 τελούμεναι
2466 2607 2609 2659 θεῖαι
2640 2605 2874 2669 ἐντολαὶ,
2911 2604 3056 2657 τοῦτ’
3105 2604 3257 2656 ἔστιν
3289 2605 3389 2685 ὅσα
3416 2604 3502 2655 διά
3546 2600 3629 2652 τοῦ

2080 2699 2196 2763 νοὸς
2236 2697 2437 2767 μᾶλλον
2477 2696 2756 2766 μυστικῶς
2778 2694 3192 2762 ἐπιτελούμενα,
3219 2695 3385 2746 αὑταὶ
3410 2689 3630 2762 μάλιστά

2078 2790 2141 2857 γέ
2181 2792 2288 2842 εἰσι
2320 2788 2428 2841 τῶν
2456 2786 2782 2857 σωματικῶς
2822 2787 3127 2854 γενομένων
3149 2786 3418 2853 ἄρχουσαι
3441 2784 3528 2835 καὶ
3550 2799 3630 2834 τε·

2078 2882 2345 2944 λεστικαὶ,
2366 2882 2443 2943 ῶς
2467 2880 2641 2933 αἰτίαι
2671 2879 2917 2947 ἁγνείας,
2944 2880 3163 2947 νηστεία
3192 2879 3289 2931 καὶ
3332 2877 3627 2947 ἐγκράτεια,

2077 2975 2171 3027 καὶ
2204 2971 2507 3042 ἀγρυπνία,
2557 2970 2653 3023 καὶ
2682 2971 2919 3039 ἄσκησις
2950 2970 3008 3021 ιν
3041 2968 3369 3021 ταπεινώσει
3395 2982 3411 2997 ⁸
3461 2968 3529 3025 ὼς
3553 2964 3628 3015 αῖ·
3669 2961 3686 2971 ’

2077 3081 2191 3116 τιον
2235 3062 2395 3116 πάλιν
2457 3061 2755 3132 ἀοργησίας
2801 3060 2994 3122 πένθος
3044 3058 3255 3121 οίκείας
3292 3057 3505 3127 ψυχῆς·
3547 3056 3629 3106 καὶ

411 3154 585 3208 eaque
636 3141 942 3211 perficiunt.
974 3142 1217 3212 Exempli
1262 3147 1433 3215 gratia
1481 3162 1657 3202 causa:
1711 3149 1978 3204 castitatis

2083 3152 2153 3214 ῶς
2185 3150 2357 3211 αἴτιος
2382 3148 2534 3218 ἥλιος
2565 3148 2800 3217 φέγγους
2845 3145 3097 3218 σελήνης,
3124 3145 3273 3199 οὕτω
3306 3143 3411 3214 χρὴ
3446 3142 3628 3194 ἐννοεῖν

412 3246 539 3287 sunt
608 3234 893 3304 jejunium,
943 3238 1301 3302 continentia,
1363 3238 1579 3307 vigiliie,
1649 3240 1977 3295 exercitatio

2083 3257 2149 3293 πε
2157 3239 2211 3309 pl.
2249 3239 2476 3292 τούτων.
2898 3233 2906 3246 ’

411 3331 663 3400 religiosa
715 3332 768 3386 in
818 3333 1141 3386 humilitate.
1174 3333 1384 3388 Rursus
1403 3349 1563 3389 causa
1597 3333 2035 3389 mansuetudinis
2063 3344 2147 3389 est
2187 3334 2367 3389 luctus
2433 3332 2502 3387 de
2559 3331 2795 3403 propriis
2840 3328 3079 3385 miseriis
3122 3329 3323 3384 anima:
3378 3328 3624 3395 cujusvis.

412 3440 571 3480 sensu
626 3436 681 3480 et
717 3442 946 3481 mcerore
998 3430 1266 3481 malorum
1319 3443 1539 3482 suorum
1585 3430 1655 3483 ab
1683 3430 1965 3486 irascendo
2004 3428 2199 3485 alienis
2229 3427 2559 3484 avertendae.
2590 3428 2729 3491 lstaa,
2776 3427 3020 3496 inquam,
3050 3440 3227 3479 causa:
3262 3434 3390 3480 sunt
3427 3427 3623 3486 harum,

410 3517 554 3571 sicut
584 3518 671 3571 lux
698 3519 829 3572 solis
854 3533 1016 3572 causa
1043 3530 1127 3573 est
1157 3507 1464 3589 Splendoris
1484 3522 1648 3576 lunaa.

482 3614 535 3668 4.
570 3614 645 3667 Ita
678 3614 1022 3669 sentiendum
1047 3623 1449 3684 consequenter
1473 3624 1557 3671 est
1583 3616 1653 3673 de
1686 3616 1985 3673 virtutibus

410 3705 604 3757 anima:
636 3720 771 3771 quas
821 3706 964 3759 Deus
1013 3706 1277 3775 pnecipit,
1334 3722 1563 3776 quisque
1600 3707 1733 3761 tales
1765 3715 1892 3761 sunt
1925 3716 1983 3759 ut

412 3794 554 3847 intra
607 3809 701 3847 eas
744 3795 1155 3863 contineantur,
1185 3806 1241 3849 et
1271 3811 1335 3849 ex
1367 3797 1434 3850 iis
1461 3796 1762 3866 procedant
1790 3797 1980 3850 obser-

412 3882 661 3936 vationes
712 3885 1019 3938 exteriores
1071 3901 1255 3939 rerum
1308 3887 1514 3954 pariter
1556 3897 1972 3955 praeceptarum.

411 3973 628 4027 Priores
646 3976 697 4026 in
722 3974 902 4027 cordis
921 3976 1113 4027 intimo
1131 3976 1253 4030 sinu
1268 3986 1539 4045 conceptae
1566 3978 1717 4031 :aliae
1742 3993 1837 4046 per
1849 3991 1975 4031 cor-

415 4081 515 4132 pus
543 4074 887 4128 exerveutur;
920 4065 1013 4118 sed
1049 4067 1132 4118 vis
1155 4082 1218 4118 ac
1254 4066 1417 4119 robur
1435 4067 1499 4119 ad
1525 4067 1622 4120 has
1649 4081 1704 4120 et
1725 4067 1983 4121 inchoan-

414 4155 601 4216 das,et
632 4155 685 4206 in
710 4141 950 4206 futurum
977 4155 1465 4219 conservandas,et
1500 4170 1667 4223 usque
1700 4157 1763 4210 ad
1800 4158 1982 4225 perle-

2152 3614 2218 3669 δ’.
2254 3614 2364 3667 Καὶ
2400 3613 2626 3673 εἰκότως
2652 3609 2815 3664 τοῦτο
2846 3609 2943 3662 καὶ
2987 3608 3284 3663 ἀκόλουθον
3316 3610 3518 3673 γίνεται
3544 3605 3625 3658 ἐπὶ

2078 3707 2324 3776 ψυχικῶν
2347 3706 2576 3773 ἀρετῶν,
2602 3702 2667 3764 ἀς
2696 3702 3047 3772 περιεκτικάς
3093 3699 3314 3760 ὲντολάς
3348 3699 3526 3750 καλεῖν
3552 3697 3624 3748 οῖ-

2074 3801 2244 3869 δαμεν
2264 3814 2278 3829 ⁸
2308 3797 2404 3849 καλ¹
2434 3796 2489 3847 αἱ
2525 3795 2622 3863 μὲν
2653 3795 2792 3864 μέσῃ
2822 3792 3017 3862 καρδίᾳ
3043 3791 3354 3852 τελοῦνται,
3388 3792 3442 3842 αί
3468 3790 3521 3842 δὲ
3547 3786 3623 3838 διὰ

2077 3889 2328 3957 σώματος
2354 3903 2369 3916 ⁸
2405 3887 2498 3938 καὶ
2527 3885 2714 3947 σθένος
2760 3886 2879 3947 ταῖς
2936 3884 3177 3951 πρώταις
3211 3883 3517 3950 πρόσεστιν,
3558 3878 3624 3938 ὡς

2086 3978 2290 4045 μᾶλλον
2320 3976 2459 4046 πρὸς
2478 3974 2539 4027 τὺ
2567 3974 2761 4041 μέλλον
2785 3974 2885 4041 τῆς
2910 3972 3249 4040 τελειότητος
3276 3972 3520 4042 ἐχούσαις
3539 3968 3625 4035 τὴν

2080 4067 2293 4120 νεῦσιν·
2323 4067 2461 4136 πρὸς
2484 4065 2593 4134 γὰρ
2613 4064 2674 4115 τὸ
2706 4064 2895 4132 μέλλον
2926 4064 2958 4132 ἡ
2991 4064 3071 4125 είς
3101 4062 3237 4115 Θεὸν
3261 4062 3518 4119 ἀνάϐασις
3541 4057 3624 4110 καὶ

2080 4160 2269 4227 ἀγάπη
2290 4159 2601 4228 ἀκορέστως
2651 4156 3017 4225 στορέννυται,
3076 4153 3150 4216 ὡς
3173 4155 3280 4222 ἔφη
3310 4158 3337 4206 ὁ
3359 4153 3623 4221 προφήτης

392 4243 649 4317 potionem
673 4242 1066 4311 promovendas
1086 4259 1149 4296 ex
1167 4244 1272 4297 illis
1290 4244 1427 4298 ﬂuit.
1446 4247 1498 4299 ln
1520 4246 1760 4300 futurum
1784 4248 1979 4316 quippe

2083 4250 2244 4302 Δασίδ
2259 4263 2273 4279 ⁸
2306 4267 2324 4300 ι
2351 4247 2811 4317 Χορτασθήσομαι
2832 4245 2906 4314 τῷ
2922 4246 3155 4313 ὀφθῆναι
3177 4247 3278 4313 τὴν
3299 4246 3453 4308 δόξαν
3476 4260 3580 4297 σου.
3601 4260 3617 4291 ι

414 4330 777 4394 inuuiuent,et
798 4318 970 4397 primo
989 4348 1053 4386 ac
1081 4334 1327 4401 praesenti
1354 4335 1493 4389 haud
1514 4345 1784 4391 contentae
1802 4348 1983 4404 gustu,

2094 4341 2288 4394 Ἦνίκα
2316 4339 2610 4410 τρανοῦταί
2647 4355 2736 4408 μοι
2799 4338 2939 4407 αῦτη
2968 4333 3091 4399 ῶδε,
3120 4339 3217 4390 καὶ
3242 4338 3477 4406 ὁπηνίκα
3493 4331 3623 4386 λυθῶ

408 4423 712 4490 augmentis
726 4437 939 4487 semper
957 4424 1310 4478 ulterioribus
1330 4426 1569 4481 inhiant:
1586 4428 1815 4483 elevatio
1833 4445 1979 4484 men-

2090 4432 2341 4502 τρανωθῇ
2370 4448 2458 4501 μοι
2484 4430 2588 4492 ἔτι,
2609 4431 2997 4499 φωτεινότερον
3030 4430 3187 4490 σέλας
3213 4429 3429 4498 ἔχουσα.

412 4514 481 4568 tis
512 4517 563 4568 in
600 4516 1106 4581 Deumett-ltaritas,
1131 4520 1530 4585 insatiabiliter,
1561 4531 1619 4576 ut
1634 4523 1713 4577 sic
1727 4523 1928 4588 dicam,
1950 4526 2176 4590 satiatae,
2203 4535 2261 4580 ut
2295 4528 2371 4581 ait
2395 4524 2657 4595 propheta
2680 4524 2843 4579 David
2879 4541 2892 4577 :
2918 4543 2939 4577 ‹
2966 4524 3215 4578 Satiabor
3241 4532 3623 4590 cumapparuco

384 4608 484 4685 (rit
522 4608 689 4677 gloria
725 4613 875 4663 tua“.
935 4629 953 4662 ι
998 4611 1111 4665 Hoc
1151 4621 1233 4665 est
1266 4630 1281 4666 :
1317 4614 1557 4668 satiabor
1588 4616 1765 4669 adhuc
1794 4617 1985 4679 vivens
2039 4618 2479 4673 manifestatione
2530 4617 2857 4693 qualis'tunc
2897 4615 3029 4669 mihi
3084 4626 3263 4681 potest
3307 4614 3422 4669 dari
3455 4610 3623 4680 gloria:

415 4708 520 4753 tute
555 4718 569 4752 :
617 4702 709 4755 sed
769 4701 943 4755 multo
978 4703 1147 4771 magis
1192 4703 1409 4771 quando
1438 4705 1702 4759 dissolvar
1732 4707 1973 4760 satiabor
2011 4708 2168 4779 longe
2205 4708 2443 4763 uberiori
2478 4707 2774 4776 plenrejam
2800 4707 2933 4762 locis
2959 4707 3101 4761 illius
3131 4706 3358 4775 aliapsu.
3443 4722 3449 4729 ’

484 4792 820 4874 5..Quoniam
842 4795 1025 4863 igitur,
1041 4804 1098 4848 ut
1115 4794 1321 4850 dictum
1338 4806 1441 4860 est,
1459 4797 1705 4864 quaedam
1724 4797 1975 4851 mandata

415 4885 777 4953 corporaliter
803 4895 1035 4953 possunt
1061 4886 1399 4941 exsecutioni
1432 4887 1704 4953 mandari,
1726 4876 1975 4957 qnaed'atn

416 4989 610 5029 rursus
634 4990 746 5037 non
777 4964 969 5030 nisi’vi
1000 4977 1184 5032 cordis
1216 4993 1417 5033 arcane
1457 4980 1758 5048 operantis.
1790 4989 1847 5033 ct
1883 4995 1980 5049 per

420 5065 689 5119 actionem
721 5066 991 5121 internam
1029 5068 1244 5129 animae.
1273 5083 1371 5138 age
1405 5068 1712 5131 videamus,
1745 5085 1979 5139 quomo-

419 5154 490 5209 do
539 5169 603 5209 ea
644 5155 828 5211 divina
881 5158 1158 5221 mandata.
1200 5174 1322 5227 qua:
1380 5158 1509 5216 fceta
1543 5170 1602 5214 et
1648 5161 1979 5230 praegnantia

422 5245 636 5309 vocavi,
693 5247 1009 5304 contineant
1064 5248 1204 5303 intra
1259 5264 1319 5304 se
1363 5249 1492 5315 alia,
1526 5250 1643 5304 haec
1679 5250 1804 5304 dico
1857 5266 1979 5319 qua:

423 5351 593 5391 unum
645 5337 850 5407 aliquid
885 5346 1154 5408 spectant,
1186 5350 1242 5394 et
1292 5340 1447 5408 plura
1490 5340 1637 5406 licet,
1662 5357 1729 5397 ex
1765 5358 1873 5398 uno
1900 5353 1981 5397 ta-

422 5445 546 5484 men
594 5438 835 5487 manant.
871 5449 891 5483 ι
926 5430 1192 5499 Audistis,
1224 5430 1297 5486 ait
1320 5431 1594 5497 Christus,
1619 5434 1745 5503 quia
1769 5432 1974 5489 dictum

504 5607 523 5637 ⁸
549 5606 731 5661 Matth.
764 5624 910 5675 xxiv,
945 5609 1034 5664 35.
1114 5610 1134 5642 '
1162 5609 1302 5665 Psal.
1339 5626 1444 5674 xvi,
1484 5609 1567 5663 15.

2148 4798 2209 4852 ε’.
2240 4798 2449 4853 Οὐκοῦν
2471 4798 2680 4866 ἐπειδὴ,
2710 4800 2784 4860 ῶς
2814 4800 3048 4868 εἴρηται,
3080 4798 3136 4851 αἱ
3163 4797 3261 4866 μὲν
3282 4796 3389 4849 τῶν
3412 4792 3619 4846 ἐντολῶν

2081 4890 2401 4958 σωματικῶς
2432 4890 2689 4942 δύνανται
2720 4887 3104 4949 ἐπιτελεῖσθαι,
3136 4886 3189 4938 αἱ
3215 4886 3273 4939 δὲ
3304 4882 3614 4954 καρδιακῶς,

2078 4980 2245 5049 ἤγουν
2271 4980 2519 5049 ψυχικῶς
2545 4994 2560 5009 ⁸
2594 4980 2814 5047 ἴδωμεν,
2849 4980 2898 5031 εί
2928 4978 3092 5040 δοκεῖ,
3122 4975 3237 5039 πῶς
3279 4977 3333 5028 al
3363 4987 3615 5041 περιεκτι-

2084 5072 2179 5122 καὶ
2216 5070 2357 5123 θεῖαι
2403 5070 2612 5122 ἐντολαὶ
2652 5068 2752 5128 τάς
2782 5067 3001 5130 ἐντολὰς
3054 5066 3207 5127 ἐντὸς
3234 5064 3436 5133 ἔχουσι,
3491 5058 3618 5126 φημὶ

2082 5160 2145 5231 δὴ
2198 5162 2294 5223 τὰς
2344 5161 2565 5221 ένικάς·
2623 5176 2642 5211 ι
2690 5158 2991 5211 Ἠκούσατε
3020 5158 3101 5209 ὅτι
3155 5142 3349 5227 ἐρρέθη
3387 5152 3496 5211 τοῖς
3531 5150 3615 5215 ἀρ·

2084 5253 2258 5321 χαίοις
2279 5266 2295 5283 ⁸
2325 5251 2401 5303 Οὐ
2432 5232 2712 5318 φονεύσεις
2733 5263 2749 5279 ⁸
2777 5247 2835 5309 ὃς
2857 5246 2901 5299 δ’
2931 5242 2997 5299 ἄν
3025 5243 3256 5313 φονεύσῃ
3283 5241 3459 5329 ἔνοχος
3478 5236 3613 5329 ἔσται

2081 5344 2148 5412 τῇ
2207 5339 2410 5410 κρίσει.
2472 5337 2614 5405 Ἐγὼ
2642 5337 2698 5388 δὲ
2726 5335 2869 5401 λέγω
2898 5335 3056 5403 ὑμῖν·
3103 5332 3162 5383 '0
3190 5328 3615 5412 ὀργιζόμενοςξφ

2081 5407 2295 5500 ἀδελφῷ
2320 5428 2488 5483 αὐτοῦ
2518 5429 2639 5495 είκῆ
2690 5427 2869 5496 ἔνοχος
2901 5424 3052 5478 ἔσται
3086 5424 3153 5490 τῇ
3181 5419 3358 5490 κρίσει
3377 5430 3392 5446 ⁸
3423 5414 3476 5477 ὃς
3499 5410 3540 5463 δ’
3553 5407 3613 5462 ἂν
