3928 6212
302 312 415 379 733

1432 317 1530 376 DE
1573 315 1959 376 MANDATIS
2000 318 2068 376 Ι).
2107 317 2179 377 Ν.
2218 315 2275 375 Ι.
2315 315 2377 373 C-

3426 304 3533 368 734

307 427 449 481 εἴποι
494 425 668 497 αὐτῷ,
713 426 899 495 Μωρδ,
938 426 1120 497 ἔνοχος
1162 426 1314 482 ἔσται
1343 431 1411 498 τῇ
1446 431 1637 499 γεέννῃ
1661 447 1674 458 ·
1718 448 1734 480 ι
1772 432 1864 482 καὶ

1990 439 2050 482 :st
2108 428 2516 496 antiquis.Non
2576 428 2811 482 occides.
2869 428 2971 494 Qui
3036 434 3219 480 autem
3248 424 3530 487 occiderit,

304 521 377 577 τὰ
429 521 580 587 ἑξῆς.
614 521 715 585 Τίς
741 521 799 575 δὲ
826 523 861 590 ἠ
907 524 1239 590 περιέχουσα
1286 525 1385 577 καλ⁸
1434 524 1712 592 πληροῦσα
1770 524 1866 586 τὰς

310 610 458 677 τρεῖς
482 608 696 670 ἐντολὰς
715 608 951 673 ταύτας;
984 609 1196 662 Παύλου
1222 611 1470 677 λέγοντος
1500 612 1752 673 ἄκουσον,
1773 610 1866 661 τοῦ

310 700 371 751 ὲν
396 698 619 767 Χριστῷ
669 698 842 765 Ἰησοῦ
872 698 1153 763 ποιοῦντος
1184 701 1278 753 καὶ
1336 700 1621 763 λαλοῦντος
1641 717 1655 731 ·
1692 720 1709 750 ι
1741 701 1869 751 Συν-

316 791 517 859 ήδομαι.
573 790 704 859 γὰρ,
752 790 907 859 φησὶ,
935 790 1013 858 τῷ
1045 790 1196 857 νόμῳ
1223 791 1319 843 τοῦ
1356 791 1491 843 Θεοῦ
1526 791 1605 852 εἰς
1642 791 1733 841 τὸν
1762 789 1870 841 ἔσω

310 879 597 949 ἄνθρωπον
616 893 631 907 ⁸
660 880 845 949 βλέπω
872 879 930 932 δὲ
959 881 1144 949 ἕτερον
1174 881 1338 949 νόμον
1359 896 1374 911 ·
1399 899 1427 932 γ
1466 882 1558 932 καὶ
1604 880 1671 932 τὰ
1698 879 1826 946 ἑξῆς
1848 894 1866 909 ⁸

312 970 407 1021 καὶ
448 968 529 1021 ἔτι
561 971 938 1038 φανερώτερον
966 973 1110 1021 ποιεῖ
1148 970 1177 1022 δ
1209 970 1392 1037 λέγει*
1440 990 1458 1021 ι
1496 971 1605 1023 Καὶ
1668 971 1869 1039 αἰχμα-

314 1059 634 1123 λωτίζοντες
657 1061 765 1112 πᾶν
781 1061 958 1128 νόημα
978 1064 1056 1121 εις
1077 1062 1176 1129 τὴν
1198 1061 1444 1128 ὑπακοὴν
1461 1060 1552 1113 τοῦ
1569 1059 1825 1129 Χριστοῦο
1846 1079 1865 1111 ι

312 1150 413 1202 οὐκ
443 1145 562 1203 εἷπε
588 1148 745 1201 τοῦτο
782 1151 981 1213 ἐκεῖνο,
1016 1150 1150 1202 άλλὰ
1181 1149 1303 1203 πᾶν
1328 1149 1509 1220 νόημα
1566 1152 1869 1220 παρακοῆς.

330 1241 388 1292 ’0
415 1240 594 1291 τοίνυν
626 1232 919 1307 λογισμοὺς
954 1238 1253 1309 καθαίρων,
1291 1241 1387 1301 καὶ
1419 1241 1665 1309 νοήματα
1689 1241 1876 1310 δαιμο-

268 1356 273 1361 ’
316 1329 488 1399 ντώδη
517 1327 870 1382 καταϐάλλων
900 1330 1137 1399 Χριστοῦ
1173 1331 1401 1399 δυνάμει
1438 1332 1545 1385 άπὸ
1586 1330 1753 1399 ῥιζῶν
1787 1334 1879 1384 tat-

1970 534 2097 571 reus
2124 519 2230 571 erit
2276 519 2491 586 judicii.
2524 518 2637 587 Ego
2669 531 2851 571 autem
2890 519 3010 571 dico
3048 517 3204 569 vobis
3234 532 3249 565 :
3278 514 3379 580 Qui
3425 512 3531 564 ira-

1968 609 2140 661 scitur
2168 609 2315 660 fratri
2339 624 2460 669 suo,
2492 624 2616 661 reus
2644 609 3011 677 critjudicio;
3047 607 3139 674 qui
3171 615 3350 658 autem
3385 602 3535 655 dixe-

1977 698 2281 759 rit,-fatue,
2335 714 2458 751 rcus
2505 698 2606 752 erit
2665 699 2924 765 gehennae
2952 698 2993 761 ‘,
3026 717 3043 746 ο
3103 707 3209 749 etc.
3252 692 3533 760 Quodnam

1970 807 2102 844 vero
2127 789 2440 842 mandatum
2466 801 2570 852 est,
2600 791 2888 843 continens
2912 790 2963 841 in
2998 804 3054 842 se
3088 799 3250 855 atque
3300 784 3532 850 implens

1974 879 2073 931 tria
2111 878 2359 930 mandata
2400 878 2545 930 ista?
2584 877 2720 929 Audi
2772 878 2996 930 Paulum
3023 876 3368 944 loquentem,
3401 872 3538 924 Pau-

1970 968 2106 1029 lum,
2160 968 2401 1035 inquam,
2458 967 2552 1035 qui
2611 966 2666 1019 iu
2725 966 2941 1020 Christo
2988 967 3098 1034 agit
3143 975 3195 1018 et
3242 963 3535 1029 loquitur.

1936 1124 1939 1127 _
1981 1074 2000 1108 ι
2031 1056 2393 1110 Coudt-lector
2438 1058 2607 1119 enim,
2649 1056 2743 1117 ait,
2776 1056 2879 1123 legi
2918 1057 3010 1108 Dei
3069 1056 3121 1107 in
3151 1051 3395 1105 interiori
3433 1051 3534 1101 ho-

1973 1149 2122 1203 mine
2185 1165 2198 1200 :
2257 1147 2416 1201 video
2481 1156 2662 1200 autem
2723 1147 2883 1200 aliam
2944 1148 3113 1215 legem
3164 1144 3217 1196 in
3272 1141 3536 1194 membris

1975 1240 2112 1294 meis
2143 1241 2186 1303 τ,
2225 1259 2242 1290 ι
2286 1252 2394 1293 etc.
2441 1240 2558 1305 Quo
2602 1242 2780 1295 adhuc
2827 1241 3165 1293 manifestius
3222 1235 3349 1289 facit
3389 1231 3533 1303 quod

1977 1327 2109 1382 dicit
2144 1346 2155 1380 :
2196 1347 2214 1380 ι
2250 1328 2603 1398 Captivantes
2657 1344 2873 1382 onmem
2914 1329 3249 1381 intellectum
3304 1323 3358 1375 in
3407 1321 3539 1374 obe-

317 1422 515 1473 κόπτει
538 1421 663 1482 τοῦς
693 1420 960 1489 θυμικοὺς
1001 1422 1142 1473 κατὰ
1163 1421 1257 1474 τοῦ
1285 1422 1513 1488 ἀδελφοῦ
1546 1421 1838 1489 λογισμούς
1857 1435 1875 1451 °

1990 1419 2237 1474 dientiam
2287 1420 2486 1477 Christi
2518 1423 2561 1483 ³,
2601 1439 2617 1469 ι
2671 1438 2779 1474 non
2814 1420 2967 1480 dicit,
3016 1420 3162 1471 hunc
3215 1424 3310 1469 aut
3346 1414 3494 1467 illum
3519 1450 3537 1475 .

316 1512 345 1562 δ
373 1509 432 1560 δὲ
464 1508 678 1561 κόπτων
717 1509 800 1571 εἰς
824 1509 1043 1578 ῥήματα
1080 1510 1277 1572 αὐτοὺς
1323 1510 1422 1562 οὐκ
1470 1513 1723 1580 ἐκφέρειο
1759 1515 1787 1565 ὀ
1818 1510 1873 1563 δὲ

1990 1510 2073 1565 sed
2099 1526 2302 1563 onmem
2339 1512 2697 1572 intellectum.
2732 1513 2839 1566 hoc
2886 1520 2972 1564 est
3001 1509 3385 1577 cogitationem
3418 1520 3539 1572 qua:

319 1599 397 1667 μὴ
437 1600 523 1651 διά
567 1598 822 1667 ῥημάτων
851 1597 1136 1667 Sintiiva
1180 1598 1391 1668 ἀδολφῷ
1419 1599 1581 1651 αὐτοῦ
1604 1599 1785 1666 ράκα,
1836 1598 1869 1668 ἥ

1990 1612 2231 1671 suggerat
2308 1601 2752 1657 inobedientiam.
2811 1600 2913 1665 Qui
2987 1613 3119 1666 ergo
3180 1596 3542 1665 cogitationes

311 1686 491 1756 μωρὲ,
544 1688 679 1756 μήτε
716 1686 820 1757 μὴν
874 1687 1151 1755 ὀργισθεὶς
1207 1688 1352 1757 εικῆ,
1386 1689 1739 1759 εὑρεθήσεται
1774 1688 1880 1757 φύ-

1990 1699 2199 1760 purgat,
2233 1700 2287 1744 et
2327 1707 2485 1745 sensa
2546 1707 2640 1760 per
2708 1691 2982 1747 diabolum
3036 1698 3300 1757 suggesta,
3336 1686 3571 1741 Christi

317 1776 423 1839 λαξ
454 1776 552 1845 τῆς
592 1776 815 1846 ἐντολῆς
852 1778 947 1829 τοῦ
974 1777 1211 1847 Χριστοῦ
1235 1794 1249 1808 ο
1278 1780 1310 1846 ὴ
1345 1758 1468 1847 ῥίζα
1502 1780 1610 1849 γὰρ
1635 1780 1878 1833 κάτωθεν

1990 1782 2271 1851 adiuvante
2327 1758 2555 1835 virtute
2579 1782 2774 1851 rejicit,
2807 1781 3068 1834 radicitus
3096 1780 3241 1833 idem
3276 1777 3539 1844 exstirpat

314 1868 534 1935 ἐτμήθη
559 1881 573 1896 ·
611 1884 628 1916 ι
668 1866 796 1919 Ἐὰν
827 1868 1142 1942 προσφέρῃς
1168 1867 1229 1920 τὸ
1256 1868 1426 1937 δῶρόν
1457 1885 1550 1921 σου
1577 1869 1881 1940 ἔμπροσθεν

1990 1881 2163 1925 motus
2217 1871 2511 1925 iracundos
2571 1872 2832 1926 adversus
2882 1871 3107 1924 fratrem
3165 1871 3532 1935 insurgentes.

315 1957 412 2010 τοῦ
464 1957 848 2027 θυσιαστηρίου
868 1975 882 1991 ν
910 1976 930 2009 ι
956 1960 1069 2021 καὶ,
1106 1959 1275 2011 ιἰσθι
1306 1960 1605 2030 εὐνοῶντῷ
1630 1963 1883 2031 ἀντιδίκῳ

1990 1961 2084 2028 Qui
2140 1972 2323 2015 autem
2358 1962 2647 2015 verborum
2704 1963 2964 2016 duntaxat
3009 1972 3164 2015 tenus
3216 1961 3334 2013 illos
3366 1969 3549 2011 motus

322 2064 418 2099 σου
441 2046 634 2117 ταχύῚ
656 2048 768 2112 καὶ,
797 2067 817 2099 ις
836 2048 895 2101 ’0
916 2049 1130 2119 βλέπων
1150 2053 1378 2117 γυναῖκα
1394 2052 1527 2121 πρὸς
1540 2053 1599 2104 τὸ
1622 2053 1776 2105 ἐπιθυ
1784 2059 1889 2123 μῆ-

1990 2054 2251 2122 reprimit.
2285 2070 2391 2106 non
2425 2069 2649 2121 prorsus
2674 2069 2768 2107 eos
2792 2054 2992 2107 aufert.
3032 2053 3210 2119 Quare
3233 2053 3326 2120 qui
3365 2050 3542 2104 solum

320 2155 414 2189 σαι
432 2125 455 2171 ἶ
487 2156 506 2188 ι
535 2137 653 2202 καὶ,
694 2156 711 2188 ι
734 2137 857 2191 Ἐάν
883 2138 1102 2205 όοδεξιός
1140 2157 1233 2193 σου
1257 2140 1528 2209 ὀφθαλμὸς
1557 2144 1886 2218 σκανδαλίζῃ

1990 2145 2044 2199 in
2081 2145 2185 2198 hoc
2212 2140 2468 2209 valuerit,
2505 2155 2563 2198 ut
2611 2153 2792 2200 teneat
2830 2159 2887 2199 se
2928 2160 2957 2198 a
2995 2144 3233 2197 dicendo
3264 2143 3413 2195 fratri
3444 2156 3544 2193 suo

322 2245 385 2281 σε
410 2244 424 2257 ο
480 2245 500 2279 ι
536 2228 653 2292 καὶ,
691 2248 709 2280 ι
758 2227 898 2297 Ἐγὼ
923 2228 977 2281 δὲ
1008 2228 1149 2296 λέγω
1176 2231 1301 2298 ὑμῖν
1344 2232 1416 2299 μὴ
1445 2231 1639 2298 ὀμόσαι
1667 2233 1822 2295 ὅλως.
1862 2253 1883 2286 ι

1990 2253 2133 2302 raca,
2160 2238 2242 2289 vel
2272 2236 2453 2303 fatue;
2484 2252 2592 2289 non
2636 2246 2818 2289 autem
2860 2236 2993 2290 ilbtd
3029 2237 3180 2304 prius
3220 2235 3544 2303 impleverit,

326 2336 435 2391 quo
484 2333 569 2377 est
610 2324 812 2377 vetitus
867 2324 1025 2378 irasci
1074 2326 1193 2379 sine
1248 2341 1447 2389 causa;
1507 2342 1614 2381 non
1663 2341 1793 2381 sane
1857 2331 1902 2381 is
1955 2330 2276 2384 satisfecerit
2321 2331 2447 2399 legi,
2520 2339 2634 2383 tum
2701 2330 2921 2384 demum
2990 2340 3173 2384 custos
3211 2331 3329 2397 ejus
3372 2327 3549 2396 perfe—

333 2423 451 2465 ctus
478 2413 861 2479 declarandos,
892 2430 1016 2468 cum
1065 2415 1274 2484 primos
1321 2418 1500 2470 statim
1577 2418 1921 2487 insurgentes
1961 2421 2254 2474 iracundias
2288 2431 2469 2475 motus
2528 2421 2785 2487 eliserit;
2850 2431 2964 2475 tum
3018 2421 3163 2475 enim
3217 2420 3333 2488 ipsa
3396 2418 3547 2471 radix

332 2510 499 2562 recisa
561 2510 615 2563 in
686 2510 795 2564 imo
843 2511 1025 2565 fuerit.
1056 2513 1185 2578 Qua:
1241 2514 1345 2567 ista
1388 2514 1494 2569 alia
1545 2516 1831 2569 mandata?
1858 2536 1874 2566 ι
1914 2516 1967 2569 Si
2013 2517 2259 2600 attuleris
2294 2534 2489 2572 munus
2523 2529 2671 2571 tuum
2728 2529 2852 2572 ante
2895 2519 3126 2572 altare”.
3162 2538 3180 2568 ι
3220 2517 3330 2570 Et:
3362 2534 3379 2566 ι
3422 2514 3551 2567 Esto

323 2604 673 2658 consentiens
746 2605 1061 2661 adversario
1121 2616 1216 2661 tuo
1269 2609 1378 2662 cito
1411 2610 1476 2662 “.
1514 2628 1533 2661 ι
1607 2609 1715 2663 Ει;
1755 2630 1772 2661 ι
1815 2611 1915 2675 Qui
1956 2612 2153 2665 viderit
2211 2613 2495 2666 mulierem
2572 2613 2642 2667 ad
2692 2612 3192 2680 concupiscendum
3247 2626 3367 2664 eam
3406 2611 3469 2661 “.
3524 2627 3543 2659 ι

326 2696 395 2753 l-Zt
428 2717 443 2750 :
476 2716 495 2749 ι
530 2698 587 2752 Si
635 2697 827 2751 oculus
874 2706 999 2752 tuus
1066 2699 1265 2755 dexter
1312 2702 1645 2757 scandalizat
1706 2715 1757 2757 te
1829 2705 1893 2759 ".
1936 2722 1955 2756 ι
2003 2705 2066 2758 Ει
2102 2722 2115 2758 :
2157 2722 2173 2753 ι
2222 2703 2336 2773 Ego
2392 2717 2573 2758 autem
2628 2707 2750 2759 dico
2806 2704 2985 2767 vobis,
3034 2720 3142 2758 non
3196 2703 3381 2772 jurare
3430 2718 3546 2755 om—

323 2794 464 2844 nino
494 2792 560 2844 ³³.
602 2810 620 2841 ι
1342 2789 1348 2798 “

402 2887 479 2945 ς’.
508 2877 677 2936 Abeat
710 2883 810 2951 μὲν
843 2882 907 2944 ἃς
934 2884 1235 2952 εἰρήκαμεν
1256 2884 1357 2952 ἢδη
1378 2883 1555 2936 ἑνικαὶ
1590 2884 1695 2936 εἱσι
1725 2888 1883 2937 πέντε

322 2973 539 3026 ἐντολαὶ
567 2974 653 3039 ἐφ’
679 2972 825 3038 ἅπαξ
847 2989 862 3004 ·
892 2974 926 3042 ὴ
947 2973 1002 3025 δὲ
1040 2972 1318 3039 πληριῦσα
1352 2973 1512 3025 πάλιν
1558 2974 1783 3038 ταύτας,
1820 2976 1886 3043 ἡ·

321 3081 463 3130 γουν
518 3063 836 3134 περιεκτικὴ
882 3062 992 3115 τῶν
1040 3057 1114 3116 ὧν
1178 3063 1388 3132 ἔφημεν
1440 3064 1685 3125 ἐντολῶν,
1746 3067 1883 3135 αὕτη

320 3152 510 3207 ἐστίν·
548 3172 567 3204 ι
618 3153 739 3205 Ἐὰν
763 3152 1034 3221 ὀφθαλμός
1066 3168 1161 3204 σου
1192 3152 1429 3221 καθαρός
1458 3149 1517 3224 ᾗ,
1552 3172 1571 3204 ›
1611 3153 1887 3207 τουτέστιν

2058 2889 2110 2942 6.
2144 2887 2265 2944 llaec
2312 2904 2432 2958 qua:
2500 2888 2817 2943 enumeravi
2883 2888 3127 2957 quinque
3183 2885 3434 2939 mandata
3484 2900 3549 2937 ex

1990 2995 2099 3034 uno
2147 2982 2306 3035 simul
2361 2992 2483 3051 apta
2544 2982 2806 3050 pendent.
2836 2997 2901 3035 ea
2968 2990 3164 3034 cuncta
3198 2988 3550 3049 exsequente,

1990 3069 2219 3135 ideoque
2251 3071 2303 3123 in
2340 3086 2398 3124 se
2430 3071 2581 3139 prius
2617 3072 3038 3140 complectente.
3073 3069 3186 3124 Hoc
3220 3079 3399 3123 autem
3430 3076 3547 3121 est:

1997 3177 2015 3209 ι
2045 3159 2100 3213 Si
2143 3160 2330 3213 oculus
2356 3172 2479 3214 tuus
2511 3161 2723 3214 lucidus
2771 3160 2936 3214 fuerit
2972 3161 3099 3225 (hoc
3129 3170 3212 3212 est
3240 3160 3438 3222 mens),
3473 3166 3553 3210 to-

322 3246 361 3295 ὀ
400 3242 543 3306 νοῦς,
578 3260 596 3293 ι
635 3242 753 3295 ὅλον
790 3244 852 3294 τὸ
888 3241 1049 3310 σῶμά
1099 3259 1194 3294 σου
1229 3244 1487 3309 φωτεινόν
1523 3245 1694 3307 eam,»
1730 3260 1887 3295 τουτ-

1993 3260 2104 3303 tum
2156 3266 2350 3318 corpus
2420 3261 2572 3303 tuum
2627 3251 2863 3305 lucidum
2916 3252 3021 3305 erit
3048 3251 3091 3281 “
3150 3269 3168 3300 ι
3220 3251 3360 3314 (hoc
3430 3260 3557 3310 εει,

329 3336 489 3387 ἐστιν
536 3334 633 3403 οὐχ
658 3334 986 3403 ἁμαρτάνει.
1029 3331 1090 3386 '0
1116 3328 1210 3386 οὖν
1236 3333 1329 3386 τὸν
1356 3334 1457 3402 τῆς
1481 3337 1661 3405 ψυχῆς
1689 3334 1892 3401 seen-

329 3426 438 3494 μὸν
481 3425 761 3493 φυλάττων
790 3423 1027 3493 καθαρὸν
1062 3424 1150 3477 διὰ
1208 3424 1302 3476 τοῦ
1334 3423 1553 3477 διώκειν
1589 3426 1684 3478 καὶ
1730 3416 1891 3477 ὲλαύ-

322 3532 448 3567 νειν
472 3514 789 3583 λογισμοὺς,
822 3515 917 3567 καὶ
954 3516 1084 3582 ὁρᾷν
1120 3515 1254 3582 πρὸς
1279 3514 1433 3577 Θεὸν,
1465 3516 1565 3576 τὰς
1597 3518 1893 3585 εἰρημένας

326 3607 519 3669 πάσας
575 3605 794 3668 ἐντολὰς
833 3606 1111 3675 ἐποίησεν.
1146 3606 1209 3659 Οἱ
1254 3605 1346 3659 οῦν
1380 3604 1647 3672 θεοφιλεῖς
1688 3607 1782 3657 καὶ
1805 3605 1893 3673 βε-

326 3697 641 3750 6αιόπιστοι
672 3696 769 3748 ἐπὶ
796 3696 894 3756 τὰς
918 3695 1273 3764 περωκτικὰς
1296 3695 1516 3756 ἐντολὰς
1544 3694 1745 3764 μᾶλλον
1766 3695 1897 3745 sau-

324 3793 463 3853 τοὺς
502 3782 778 3860 βιάζουσιν
805 3790 897 3842 ἐπὶ
945 3789 1023 3857 τῷ
1055 3788 1256 3851 ταύτας
1295 3788 1529 3858 φυλάξαι
1552 3804 1568 3820 ο
1615 3788 1675 3839 οὐ
1710 3790 1895 3856 μέντοι

329 3881 926 3951 τεξπαραπεμπόμενοι
960 3878 1173 3941 καὶτὰς
1203 3882 1432 3948 μερικάς
1467 3879 1607 3932 κατὰ
1628 3878 1897 3947 σύμϐασιν

326 3972 703 4034 ἀπαντώσας,
742 3969 881 4021 ἀλλά
917 3985 981 4035 γε
1034 3968 1127 4021 καὶ
1184 3966 1355 4030 αὑτὰς
1397 3971 1456 4021 ὲν
1499 3968 1678 4037 καιρῷ
1720 3967 1898 4019 αὐτῶν

330 4063 718 4131 φυλάττουσιν.
751 4060 928 4111 Ἔστω
956 4059 1012 4112 δὲ
1042 4061 1069 4110 ὁ
1096 4060 1250 4126 λόγος
1283 4059 1460 4128 ἡμῶν,
1493 4077 1512 4111 ι
1541 4060 1668 4123 Ναὶ,
1686 4057 1895 4124 ναῖ,οὒ,

329 4153 406 4206 ού
426 4153 528 4227 ’κδ
555 4167 617 4216 γε
648 4150 757 4217 μὴν
785 4147 1067 4216 φυλάττων
1092 4147 1184 4199 τό⁸
1222 4147 1363 4199 ιΚαὶ
1394 4148 1518 4215 περὶ
1538 4146 1710 4215 ἀργοῦ
1739 4146 1898 4213 λόγου

331 4242 501 4307 λόγον
520 4237 731 4291 δώσετε
747 4256 791 4298 ι,
819 4237 933 4295 καὶ,
954 4253 972 4285 ι
986 4236 1093 4297 Πᾶς
1112 4235 1262 4299 λόγος
1281 4236 1347 4287 ὲκ
1359 4233 1450 4286 τοῦ
1468 4234 1731 4302 στόματος
1746 4234 1777 4285 ύ
1784 4234 1899 4302 μῶν

338 4330 555 4399 σαπρὸς
582 4330 659 4398 μὴ
684 4325 1066 4396 ἐκπορευέσθω
1084 4341 1130 4376 ἰ
1155 4325 1290 4386 ὅλως
1324 4325 1381 4376 δὲ
1412 4326 1486 4392 μὴ
1518 4324 1621 4374 ὲῶν
1640 4325 1739 4392 τὴν
1777 4326 1902 4378 ἑαυ-

334 4422 441 4474 τοῦ
482 4421 704 4490 καρδίαν
742 4418 1085 4487 ἀργολογείν,
1116 4411 1268 4477 οὗτος
1314 4417 1410 4467 καὶ
1452 4415 1552 4478 τὰς
1577 4416 1772 4478 ἔξωθεν
1802 4418 1899 4484 ἀρ-

338 4513 596 4582 γολογίας
626 4511 847 4579 ὲκτεμεῖ
876 4511 941 4559 ἐκ
985 4506 1082 4559 τοῦ
1117 4506 1319 4558 οἰκείου
1352 4504 1489 4574 βίου,
1519 4507 1613 4557 καὶ
1643 4507 1750 4558 πᾶν
1774 4505 1929 4559 ἄλλο

342 4603 553 4670 φαῦλον
576 4602 805 4668 πρᾶγμα
829 4614 843 4628 ·
881 4616 900 4648 ι
942 4596 1235 4649 Ἠκούσατε
1259 4598 1338 4647 ὅτι
1365 4595 1901 4667 ὲρῤἑθη,’()φθαλμὸν

344 4696 475 4749 ἀντὶ
511 4690 818 4758 ὀφθαλμοῦ·
844 4688 960 4755 ἐγὼ
992 4689 1047 4739 δὲ
1076 4688 1217 4755 λέγω
1246 4688 1411 4756 ὑμίντ
1452 4689 1576 4740 Ἰίᾷάν
1608 4689 1689 4748 τίς
1722 4704 1779 4738 σε
1810 4690 1903 4749 ῥα-

348 4786 489 4853 πισῃ
528 4784 606 4843 εἰς
626 4781 727 4849 τὴν
752 4778 937 4853 δεξιὰν
968 4777 1212 4843 σιαγόνα,
1257 4796 1275 4827 ι
1308 4779 1422 4839 καὶ,
1463 4796 1481 4827 ι
1514 4778 1703 4839 Ὅστις
1734 4779 1904 4844 ἀγγα-

340 4877 522 4949 ρεύσῃ
546 4889 608 4925 σε
642 4872 812 4940 μίλιον
844 4852 932 4921 ἓν·
964 4886 986 4920 ι
1014 4869 1128 4932 καὶ,
1161 4887 1179 4918 ι
1213 4869 1301 4937 Τῷ
1327 4867 1564 4921 αἰτοῦντι
1594 4884 1651 4920 σε
1673 4869 1844 4920 δίδου·
1878 4887 1897 4920 ι

340 4968 467 5027 καὶ,
502 4981 523 5015 ι
567 4960 922 5035 Ἄφεθήσεται
956 4959 1103 5027 ὑμῖν.
1141 4976 1161 5010 ι
1210 4958 1337 5011 Ἰδοὺ
1375 4959 1437 5027 δὴ
1481 4958 1638 5011 πάλιν
1686 4961 1742 5010 αἱ
1784 4960 1906 5012 τέσ-

345 5072 488 5124 σαρε
505 5073 517 5113 ;
546 5050 754 5104 ἐντολαὶ
787 5050 945 5101 αὐταὶ
981 5049 1380 5116 περικλείονται
1409 5050 1496 5101 διὰ
1518 5050 1617 5117 τῆς
1641 5049 1905 5119 λεγούσης

344 5145 569 5213 ἐντολῆς
589 5158 603 5172 ·
648 5160 667 5192 ι
708 5138 770 5191 Εἴ
799 5154 883 5199 τις
905 5137 1047 5189 θέλει
1076 5138 1252 5191 ὀπίσω
1294 5156 1393 5206 μου
1424 5138 1618 5201 ἐλθεῖν,
1656 5140 1905 5208 ἀπαρνηο

347 5238 540 5292 assem
588 5237 810 5289 ἑαυτὸν
841 5251 867 5285 -ι
915 5236 1033 5301 καὶ,
1076 5250 1097 5284 ι
1139 5234 1198 5286 '0
1238 5233 1415 5303 εὑρὼν
1440 5232 1537 5302 τὴν
1566 5232 1746 5302 ψυχὴν
1770 5234 1908 5286 ἁπο-

322 5330 501 5383 ἢιέσει
522 5331 709 5400 αὐτήν.
753 5347 773 5377 ι

422 5521 444 5550 ⁸
478 5517 660 5570 Matth.
698 5534 746 5575 ν,
779 5518 868 5569 21.
971 5518 989 5545 "
1024 5517 1176 5569 Rom.
1208 5532 1298 5575 vn.
1323 5517 1410 5568 ‘22.
1512 5515 1532 5546 ⁸
1562 5514 1694 5568 ibid.

971 5518 989 5545 "
1024 5517 1176 5569 Rom.
1208 5532 1298 5577 vn,
1323 5517 1410 5568 ‘29.

1805 5514 1825 5543 ⁹
1846 5511 2035 5566 Matth.
2067 5524 2214 5564 χχιιι.
2258 5511 2345 5563 25.

1993 3357 2100 3395 non
2154 3342 2437 3409 peccabit).
2468 3340 2568 3407 Qui
2623 3357 2757 3409 ergo
2812 3342 3005 3395 anima:
3062 3342 3281 3395 oculum
3317 3340 3556 3394 custodit

1993 3444 2191 3498 purum
2224 3446 2253 3482 a
2292 3431 2718 3498 cogitationibus
2766 3430 2970 3499 pravis,
3003 3430 3083 3484 sic
3135 3430 3367 3483 reddens
3401 3429 3551 3480 illum

1993 3528 2179 3588 aptum
2249 3521 2313 3572 ad
2371 3520 2663 3573 videndum
2721 3518 2930 3583 Deum,
2989 3528 3183 3573 cuncta
3239 3519 3327 3570 illa
3393 3517 3555 3570 simul

1994 3608 2235 3675 quinque
2294 3607 2418 3661 inde
2452 3608 2741 3676 pendentia
2795 3617 3063 3676 praecepta
3102 3607 3365 3675 implevit.
3401 3606 3554 3661 Unde

1996 3694 2089 3762 qui
2119 3695 2286 3748 Deum
2319 3712 2442 3749 vere
2480 3702 2664 3747 amant
2692 3702 2749 3762 et
2798 3694 2938 3746 firmi
2972 3694 3026 3746 in
3070 3693 3176 3747 fide
3215 3704 3363 3755 sunt,
3390 3694 3557 3761 potis-

1983 3784 2193 3849 .slmum
2244 3785 2570 3838 incumbunt
2625 3786 2676 3837 in
2707 3761 3187 3838 'observationem
3243 3783 3555 3849 capitalium

1999 3875 2212 3929 illorum
2260 3885 2316 3929 et
2371 3876 2473 3929 alia
2534 3877 2931 3929 continentium
2992 3876 3392 3936 mandatorum,
3448 3888 3556 3926 non

1998 3977 2175 4033 tamen
2214 3966 2547 4033 negligenter
2591 3966 3023 4020 transmittentes
3064 3966 3155 4019 illa
3184 3966 3287 4019 alia
3317 3965 3558 4034 particu-

1997 4056 2147 4111 laria.
2184 4054 2316 4108 Nam
2363 4067 2415 4109 et
2467 4056 2602 4120 lucc,
2638 4056 2730 4109 ubi
2783 4056 3022 4110 occurrit
3072 4057 3307 4120 occasio,
3336 4053 3559 4123 implere

1998 4162 2107 4200 non
2162 4146 2441 4199 omittunt.
2512 4146 2867 4214 Eaperiamur
2942 4146 3083 4198 idem
3157 4145 3211 4197 in
3277 4144 3568 4214 przcceptis

1999 4234 2121 4288 aliis
2154 4253 2165 4287 :
2193 4254 2209 4284 ι
2235 4234 2315 4289 Sit
2342 4250 2520 4288 sermo
2545 4246 2746 4297 vester,
2764 4236 2838 4288 ait
2865 4234 3138 4299 Christus,
3158 4234 3272 4298 Est,
3292 4242 3391 4295 est,
3416 4232 3575 4297 Non,

2000 4341 2108 4379 non
2134 4326 2198 4377 ".
2236 4342 2253 4375 ι
2283 4324 2385 4376 Et:
2423 4343 2439 4374 ι
2480 4324 2552 4377 De
2585 4326 2730 4375 omni
2779 4324 2949 4378 verbo
2975 4325 3150 4379 otioso
3199 4323 3439 4377 reddetis
3476 4339 3563 4375 ra-

2002 4415 2204 4467 tionem
2250 4414 2318 4464 “.
2376 4431 2393 4462 ι
2454 4412 2565 4466 Et:
2605 4431 2621 4462 ι
2656 4412 2846 4484 omnis
2884 4429 3065 4467 sermo
3117 4413 3292 4467 malus
3346 4429 3412 4468 ex
3463 4428 3569 4465 ore

1935 4539 1975 4592 ι)
2006 4525 2186 4568 vestro
2221 4530 2329 4567 non
2367 4515 2623 4581 proceth
2650 4516 2713 4565 ".
2755 4533 2773 4565 ι
2808 4513 2929 4569 llaec
2965 4517 3153 4584 utique
3186 4518 3296 4587 jam
3331 4531 3553 4582 occupa.

2003 4607 2081 4659 vit
2110 4606 2422 4667 observare,
2457 4605 2547 4672 qui
2579 4620 2674 4657 cor
2702 4609 2960 4659 mundum
2988 4609 3324 4670 custodiens,
3358 4607 3575 4659 nullam.

2005 4697 2059 4750 in
2082 4712 2149 4750 eo
2182 4712 2370 4749 vanam
2400 4697 2545 4749 nasci
2575 4693 2957 4764 cegitationeni
2989 4699 3141 4755 sinit,
3171 4700 3311 4750 unde
3336 4697 3571 4750 verbum

2006 4787 2139 4841 oriri
2169 4787 2401 4841 otiosum
2450 4797 2655 4854 posset.
2683 4786 2868 4856 Itaque
2907 4787 2950 4840 is
3006 4788 3249 4856 [irascidit
3283 4787 3335 4838 in
3379 4786 3569 4837 radice

2008 4894 2118 4934 non
2172 4880 2349 4934 solum
2404 4880 2577 4932 otiosa
2633 4880 2815 4933 omnia
2854 4879 3039 4938 verba,
3105 4878 3197 4931 sed
3254 4888 3309 4930 et
3365 4887 3571 4929 cuncta

2010 4971 2149 5023 mala
2183 4970 2287 5023 alia
2318 4986 2348 5023 e
2376 4970 2534 5022 vanis
2561 4969 2980 5038 cegitationibus
3005 4967 3150 5020 nasci
3177 4976 3300 5032 apta
3335 4982 3367 5015 :-
3386 4983 3404 5014 ι
3439 4966 3558 5016 Διι-

2003 5059 2161 5113 distis
2193 5058 2317 5125 quia
2374 5058 2581 5110 dictum
2638 5064 2764 5109 est:
2804 5052 3030 5107 Oculum
3087 5066 3186 5121 pro
3236 5051 3413 5103 oculo.
3454 5050 3573 5115 Egov

2004 5157 2185 5203 autem
2215 5148 2338 5201 dieo
2364 5136 2558 5201 vobis:
2580 5145 2634 5200 Si
2669 5145 2796 5214 quis
2830 5142 3159 5211 percusserit
3188 5153 3239 5194 te
3264 5140 3316 5192 in
3346 5139 3569 5191 maxilla

2007 5239 2197 5293 dextra
2221 5237 2286 5300 “,
2324 5255 2343 5288 ι
2374 5246 2481 5289 etc.
2513 5234 2575 5288 Et
2608 5254 2620 5289 :
2662 5253 2678 5284 ι
2717 5234 2773 5287 Si
2804 5233 2928 5302 quis
2958 5231 3323 5302 angariaverit
3358 5239 3408 5283 te
3444 5228 3561 5281 mil—

2012 5327 2145 5381 liare
2180 5342 2346 5382 unum
2383 5326 2447 5389 ",
2480 5344 2499 5376 ι
2535 5334 2641 5379 etc.
2666 5324 2729 5377 Et
2761 5341 2774 5377 :
2810 5341 2828 5373 ι
2865 5321 3024 5376 Omni
3051 5322 3259 5391 petenti
3290 5332 3343 5375 te
3374 5320 3441 5374 da
3458 5321 3565 5373 ".l

2456 5509 2497 5540 '°
2546 5509 2679 5563 ibid.
2778 5512 2815 5542 “
2847 5510 2979 5563 ibid.
3035 5509 3126 5563 28.
3202 5508 3245 5537 "
3279 5505 3417 5560 ibid.
3473 5504 3562 5555 29*.

346 5587 396 5618 ⁸-³
426 5586 555 5639 ibid.
590 5588 676 5639 '55.
740 5572 799 5616 V”
830 5586 957 5639 Luc.
994 5602 1066 5649 ιι,
1100 5587 1188 5640 ω.
1264 5572 1304 5617 ³⁸
1350 5584 1537 5639 Matth.
1571 5601 1666 5649 xu,
1728 5584 1814 5637 56.

1990 5580 2093 5634 bid.
2175 5580 2213 5609 ”
2263 5581 2459 5649 Ephcs.
2496 5594 2565 5643 Iv,
2599 5582 2685 5634 ‘29.
2768 5583 2810 5613 νδ
2853 5581 3034 5635 Matth.
3078 5597 3131 5643 v,
3173 5578 3262 5631 '58.
3340 5577 3382 5607 ”
3424 5572 3561 5631 ibid.

346 5656 442 5711 39.
518 5657 561 5687 ιο
592 5655 724 5709 ibid.
750 5654 836 5708 to.
944 5728 965 5749 .
1003 5693 1020 5731 γ,
