3928 6212
346 344 456 407 ἿἸΠ
1499 354 1589 412 DE
1631 352 1912 412 MANDA’

2018 354 2123 413 >D.
2170 354 2241 413 N.
2278 354 2334 413 J.
2371 353 2429 412 C.
3495 352 3598 413 738

345 475 496 522 rans,
548 462 821 521 esuriens.
864 476 917 518 et
970 466 1161 518 sitiens
1231 467 1397 519 Deum
1450 465 1599 519 illum
1652 468 1745 536 qui
1794 468 1912 537 ipsa
1954 466 2591 536 charitas,ipsajustitia
2627 477 2729 531 est,
2759 466 2813 519 in
2845 482 3008 535 quam
3048 468 3156 521 alto
3216 479 3372 539 putas
3430 469 3596 537 gradu

344 554 521 621 delUs‘
554 557 659 606 erit
686 566 737 607 et
774 555 931 624 pius?
981 575 1144 625 quam
1196 560 1529 613 «ucellenter
1564 561 1674 614 Deo
1704 561 1923 620 similis.
1961 571 2015 615 et
2050 563 2102 614 in
2138 565 2283 614 muni
2319 562 2521 614 virtute
2548 560 2841 629 perfectus,
2902 560 3020 615 sive
3072 577 3193 629 qua:
3248 564 3312 617 ad
3355 572 3600 615 contem—

345 641 633 711 plativam,
676 645 788 697 sive
859 664 981 713 qum
1031 650 1095 701 ad
1143 652 1378 705 activam
1416 653 1652 719 pertinet
1712 654 1918 705 vitain?
1949 653 2003 706 Id
2046 653 2224 706 innuit
2270 668 2497 722 magnus
2539 650 2707 706 David
2760 650 2985 706 dicens:
3028 671 3045 703 ι
3081 653 3302 707 Servavi
3344 656 3599 708 mandata

349 742 436 786 lea
501 744 556 787 et
601 735 1017 803 justificatinnes
1071 752 1209 803 tuas,
1271 742 1531 811 quoniam
1585 742 1767 796 omnia
1824 744 2077 799 mandata
2128 753 2219 798 tua
2292 743 2579 806 meditatio
2619 756 2737 797 mea
2790 754 2938 808 sunt,
2974 753 3029 799 et
3096 759 3287 799 omnes
3327 748 3426 802 vire
3467 765 3601 805 mea:

348 826 402 877 in
433 838 730 892 conspectu
781 840 898 893 tuo,
933 832 1158 886 Dnmire
1183 834 1247 886 ³⁸.
1291 856 1309 886 ι

418 915 483 968 0'.
522 935 539 967 ι
582 918 667 985 Μὴ
697 920 867 973 δεδοτε
914 922 981 975 τὰ
1020 923 1157 989 ἅγια
1192 926 1305 988 τοίς
1345 928 1527 982 κυσίν.
1562 945 1581 978 ι
1629 928 1690 979 Ὀ
1736 927 1917 980 τοίνυν
1949 935 1988 989 Α

347 1006 489 1060 κατὰ
519 1008 758 1061 διάνοιαν
787 1010 1014 1080 μυηθεὶς
1052 1012 1143 1065 διὰ
1180 1014 1274 1066 τοῦ
1326 1017 1531 1084 τρόπου
1562 1014 1661 1083 τῆς
1708 1015 1920 1083 νήψεως

346 1100 413 1152 τὰ
443 1101 543 1168 τῆς
576 1100 699 1153 καθ’
724 1102 849 1154 ὅλου
904 1102 1139 1183 θεωρίας
1187 1106 1459 1174 μυστήρια
1510 1105 1710 1157 οὕποτε
1754 1122 1921 1157 κατα-

347 1191 661 1244 πιστεύσειε
722 1192 980 1261 σαθραῖς⁹
1020 1196 1213 1257 ἀκοαῖς
1272 1194 1501 1265 βροντῆς
1550 1190 1725 1265 ἦχονθ
1781 1194 1919 1248 ἀλλὰ

346 1282 567 1344 πάντως
605 1284 956 1353 οἰκονομήσει
1010 1285 1136 1347 τοὺς
1188 1284 1565 1353 ψυχοτρόρους
1626 1285 1816 1351 λόγους
1862 1288 1919 1337 ὲν

346 1372 529 1440 κρίσει
560 1376 669 1436 τοῖς
700 1374 789 1429 διὰ
820 1374 881 1426 τὸ
906 1376 1175 1443 νηντιῶδες
1211 1375 1311 1444 τῆς
1345 1378 1403 1427 ὲν
1455 1376 1677 1445 Χριστῷ
1730 1377 1921 1444 νηπιό-

345 1479 510 1529 τητος
538 1464 724 1535 ἀκμὴν
752 1468 893 1534 γάλα
948 1467 1319 1534 ποτιζομένοις
1344 1481 1359 1495 ·
1393 1468 1489 1518 καὶ
1532 1467 1687 1535 ζητεῖ
1715 1466 1813 1536 μὲν
1846 1467 1917 1519 δι’

349 1554 743 1623 ἐξερευνήσεως
768 1557 927 1609 θείων
964 1558 1211 1625 Γραςρῶν,
1246 1558 1321 1620 ὡς
1369 1576 1387 1607 ι
1426 1559 1487 1611 Ui
1529 1559 1921 1627 ἐξερευνῶντες

349 1651 421 1697 τα
448 1649 722 1716 μαρτύρια
762 1648 926 1702 αὑτοῦ
961 1652 1017 1701 ὲν
1055 1649 1150 1719 ὅλη
1187 1650 1385 1720 καρδίᾳ
1426 1648 1791 1719 ὲκζητήσουσι
1822 1650 1919 1703 αύ-

346 1739 464 1800 τὺν,
506 1759 524 1791 ι
570 1743 707 1795 κατὰ
729 1742 820 1794 τὸν
865 1744 1006 1796 θεῖον
1052 1744 1251 1797 Δαϐίδ·
1307 1744 1495 1815 κρούει
1535 1745 1591 1797 δὲ
1643 1744 1708 1797 δι’
1748 1744 1916 1814 εὑχῆς

343 1831 623 1898 μυστικῆς
652 1849 710 1883 τε
752 1834 845 1887 καὶ
877 1835 1194 1905 ἀπορρήτου
1240 1836 1585 1905 ἐντυγχάνων
1627 1835 1701 1904 τῷ
1728 1836 1918 1903 Παρα-

341 1928 529 1994 κλητῳ
558 1924 695 1992 ἁγίῳ
721 1925 1003 1997 Πνεύματι
1060 1931 1389 1995 στεναγμοῖς
1435 1927 1721 1998 ἀλαλήτοις
1775 1922 1917 1993 εἶξαι

338 2018 407 2084 τῇ
439 2018 677 2085 αἰτήσει,
714 2018 807 2071 ιιιπ.)⁵
832 2018 1153 2088 λαμπηδόνα
1185 2018 1265 2071 νοῒ
1300 2022 1608 2090 χορηγῆσαι
1633 2019 1785 2090 ἡλίου
1821 2020 1912 2074 τοῦ

341 2110 535 2177 νοητοῦ
570 2110 757 2178 ὁδηγὸν
780 2112 1015 2182 ἀπλανῆ.

345 2200 538 2269 monia
586 2200 702 2262 Dei,
746 2212 804 2257 et
854 2212 969 2258 toto
1020 2205 1183 2259 corde
1232 2206 1529 2275 exquirunt
1580 2222 1704 2259 eum
1757 2205 1822 2267 ³⁵,
1885 2222 1902 2254 ι
1962 2204 2114 2272 juxta
2178 2212 2427 2256 sanctum
2484 2202 2648 2255 David
2703 2219 2716 2255 :

2093 928 2147 982 9.
2202 926 2362 982 Aliud
2409 926 2514 980 hoc
2567 925 2884 980 mandatum
2943 935 3071 980 est:
3110 947 3127 979 ι
3168 929 3349 983 Nolite
3405 944 3593 989 sancta

2025 1020 2154 1074 dare
2187 1020 2422 1073 canibus
2452 1019 2514 1070 ³⁸.
2554 1038 2571 1070 ι
2610 1019 2652 1074 Α
2695 1020 2854 1087 cujus
2893 1018 3281 1075 observatione
3321 1040 3426 1077 non
3465 1026 3599 1079 deii—

2023 1110 2131 1163 ciet
2183 1110 2451 1178 proiecto.
2484 1110 2579 1178 qui
2634 1108 2865 1176 adeptus
2923 1123 3020 1176 per
3077 1112 3433 1165 attentionem
3480 1115 3599 1169 vitae

2022 1200 2242 1262 subi-he,
2264 1200 2618 1268 studiumque
2660 1199 3015 1262 indefessum,
3040 1201 3455 1271 intelligentiam
3482 1206 3599 1273 ple-

2024 1303 2321 1357 rarumque
2401 1304 2681 1342 sacrorum
2748 1289 3069 1359 dogmatnm
3155 1300 3209 1342 et
3280 1294 3593 1346 sublimium

2023 1381 2435 1448 mysteriorum,
2477 1379 2623 1432 haud
2668 1395 2800 1433 sane
2844 1380 3084 1433 confidet
3133 1384 3410 1450 corruptis
3446 1386 3598 1436 auri-

2025 1470 2128 1523 bus
2159 1470 2412 1524 coelestes
2441 1471 2562 1524 illos
2592 1471 2762 1524 divini
2816 1471 3042 1524 tonitrui
3067 1486 3250 1524 sonos.
3286 1471 3389 1525 Sed
3445 1489 3597 1527 suam

2023 1559 2250 1613 omnino
2306 1568 2547 1613 sanctam
2602 1560 2907 1614 doctrinam
2938 1570 3063 1630 apte
3100 1561 3459 1630 dispensahit,
3491 1564 3603 1617 dis-

2022 1651 2265 1719 pertiens
2294 1650 2347 1705 in
2382 1652 2819 1706 accommodatas
2843 1653 3053 1706 alendis
3069 1654 3353 1707 animabus
3386 1655 3602 1708 institu-

2024 1743 2221 1805 tiones,
2293 1744 2552 1812 qualibus
2606 1745 2819 1815 parvuli
2882 1745 2936 1798 in
2991 1746 3216 1800 Christo
3276 1746 3414 1800 lacte
3467 1749 3601 1815 ip~is

2022 1836 2384 1889 conveniente
2440 1846 2760 1904 pascuntur.
2792 1836 2891 1890 llic
2951 1836 3093 1890 idem
3134 1837 3275 1890 haud
3312 1839 3481 1907 partis
3512 1839 3597 1891 ni-

2025 1928 2194 1980 mium
2253 1929 2445 1992 fidens,
2507 1929 2601 1981 sed
2640 1941 2889 1996 satagens
2930 1939 2987 1983 ut
3017 1939 3228 1983 crescat
3264 1930 3314 1982 in
3348 1932 3597 1991 scientia,

2022 2021 2361 2072 scrutatione
2412 2020 2658 2089 diligenti
2714 2021 2934 2088 penitus
2987 2020 3189 2073 nititur
3235 2021 3598 2089 introspicere

2023 2114 2337 2179 Seripturas
2387 2111 2622 2165 divinas.
2667 2112 2818 2165 Sicut
2866 2112 2957 2180 qui
3021 2130 3039 2162 ι
3078 2110 3403 2165 Scrutantur
3443 2114 3597 2165 testi-

2783 2203 3075 2272 pulsatque
3124 2216 3222 2269 per
3290 2202 3595 2255 orationem

347 2288 598 2343 intimam
654 2301 708 2345 et
759 2310 1012 2350 arcanam
1078 2298 1414 2351 conveniens
1495 2296 1822 2351 Paraclitum
1890 2306 2139 2347 sanctum
2198 2293 2462 2361 Spiritum
2519 2310 2536 2343 ι
2599 2291 2894 2361 gemitibus
2940 2290 3400 2345 inenarrabilibus
3462 2292 3531 2356 ",
3568 2308 3587 2340 ο

351 2395 469 2436 orat
495 2388 720 2440 concedi
751 2390 895 2458 quod
946 2394 1103 2459 petit,
1137 2402 1193 2446 et
1237 2392 1453 2448 infundi
1481 2408 1593 2447 sua:
1640 2390 1807 2447 menti
1836 2391 2048 2445 radium
2107 2389 2280 2459 divini
2327 2386 2493 2453 Solis,
2548 2388 2741 2443 ducem
2794 2388 2897 2442 sibi
2964 2388 3063 2441 vite
3123 2389 3371 2442 obscura:
3402 2389 3595 2443 certis-

345 2477 543 2530 simum
602 2480 867 2535 futurum.

413 2566 468 2621 ι’.
496 2572 825 2640 «Προσέχετε
851 2574 957 2627 ἀπὸ
977 2576 1083 2627 τῶν
1111 2575 1599 2644 ψευδοπροφητῶν.
1640 2574 1771 2626 ’Λπὸ
1796 2573 1903 2627 τῶν
1933 2577 1980 2635 Β

334 2662 569 2728 καρπῶν
616 2664 794 2715 αὐτῶν
857 2666 1226 2732 ἐπιγνώσεσθε
1275 2666 1495 2727 αὐτούς.
1552 2684 1570 2717 ι
1626 2666 1794 2720 Πάλιν
1821 2664 1913 2718 οὖν

338 2754 443 2807 καὶ
494 2753 698 2823 ταύτην
730 2756 827 2823 τὴν
857 2756 1077 2826 ἐντολὴν
1108 2757 1314 2826 Κυρίου
1362 2757 1459 2809 καὶ
1517 2755 1786 2824 αἰσθητῶς
1818 2756 1913 2807 καὶ

340 2848 550 2914 νοητῶς
585 2850 689 2917 χρὴ
726 2850 1055 2915 φυλάσσειν
1105 2851 1380 2918 αἰσθητῶς
1414 2852 1534 2921 μὲν,
1568 2851 1797 2918 φεύγειν
1835 2850 1910 2911 ὡς

336 2937 403 3000 ἐξ
423 2938 595 3006 ὄφεως
633 2956 689 2990 τε
722 2940 816 2992 καὶ
848 2940 1016 3007 πυρὸς
1064 2942 1317 3010 αἱρετικὰ
1348 2942 1509 3012 θηρία
1538 2942 1632 2995 καὶ
1668 2943 1871 2996 ἄπιστα
1893 2958 1906 2971 ’

341 3030 547 3099 νοητῶς
568 3030 645 3093 δὲ,
663 3032 951 3101 λογισμοὺς
981 3034 1207 3101 ψευδοῦς
1236 3033 1488 3101 γνώσεως
1516 3034 1757 3102 φεύγειν,
1782 3036 1909 3097 τοὺς

334 3125 432 3178 διὰ
466 3125 571 3178 τῶν
602 3126 792 3189 δεξιῶν
834 3128 932 3191 τὰς
976 3128 1270 3199 ἀριστερὰς
1306 3129 1533 3199 πράξεις
1578 3128 1907 3181 ὑποὸἁλλον-

335 3234 465 3282 τας,
496 3217 544 3270 οἶ
577 3220 702 3282 τοὺς
731 3219 1118 3289 ἀλητηριόνους
1154 3221 1277 3273 ἀντὶ
1302 3219 1396 3273 τοῦ
1426 3219 1745 3289 θεολογῆσαι
1795 3219 1911 3271 θεο-

338 3308 585 3379 μχῆσαι
616 3312 1056 3381 παρεσκεύασαν.
1081 3313 1193 3364 Οὐκ
1219 3314 1497 3379 ἀγνοεῖται
1540 3310 1595 3364 δὲ
1641 3310 1769 3380 περὶ
1802 3310 1909 3362 τῶν

334 3401 548 3471 νοητῶν
584 3402 1046 3473 ψευδοπροφητῶν
1093 3404 1381 3474 θεώρημα,
1430 3404 1523 3457 καὶ
1570 3401 1689 3455 κατ’
1746 3402 1906 3455 ἄλλον

329 3494 541 3561 τρόπον
561 3494 631 3546 τὰ
649 3495 821 3547 τοιάδε
850 3495 1039 3564 ἀθρεῖν
1066 3510 1079 3527 ⁸
1112 3498 1205 3546 καὶ
1235 3492 1594 3563 Μυρμιδόνων
1626 3491 1905 3554 ἀνάσσειν,

330 3583 415 3645 ὡς
440 3582 613 3651 λόγος,
646 3585 781 3638 ἀλλὰ
831 3585 906 3656 μὴ
937 3587 1028 3639 ὑπ’
1059 3585 1237 3638 αὐτῶν
1292 3582 1675 3654 βασιλεύεσθαι
1700 3599 1714 3612 θ
1747 3582 1801 3632 οἵ
1844 3596 1905 3645 γε

329 3673 661 3743 διακριτικοὶ
698 3676 796 3745 τὴν
834 3676 1092 3738 διάνοιαν,
1122 3676 1249 3738 τοὺς
1295 3676 1392 3744 μὲν
1424 3673 1765 3744 ἐκκρίνοντες
1800 3672 1908 3722 τῶν

330 3767 635 3835 λογισμῶν,
662 3771 784 3832 τοὺς
822 3770 878 3822 δὲ
921 3769 1416 3837 ἀποδοκιμάζοντες
1442 3783 1457 3797 ο
1490 3768 1635 3828 ὅπως
1670 3765 1909 3830 συλλαμ-

330 3859 606 3913 ϐάνωνται
636 3863 684 3914 οἱ
719 3862 785 3916 δι’
815 3862 1164 3932 ἐνθυμήσεως
1204 3861 1563 3932 πολεμοῦντες
1607 3859 1756 3929 ἡμᾶς
1790 3857 1906 3909 δαί-

333 3967 523 4018 μονες,
559 3954 616 4005 ὲν
644 3955 964 4013 διαϐουλίοις
996 3953 1392 4020 διαλογίζοντες
1422 3952 1589 4005 ἔνδον.

2214 2454 2236 2489 δ

2081 2573 2147 2626 10
2188 2573 2563 2628 Enmadatum
2587 2574 2852 2627 alterum:
2886 2591 2903 2622 ι
2934 2571 3209 2626 Attendite
3240 2572 3433 2626 afalsis
3463 2589 3594 2643 pro-

2015 2666 2232 2735 phetis:
2270 2682 2300 2719 a
2338 2666 2605 2719 fructilms
2647 2682 2833 2719 eorum
2883 2669 3227 2735 cognosceris
3253 2682 3346 2719 eos
3378 2668 3442 2718 ³⁷.
3474 2685 3490 2715 ›
3530 2667 3593 2719 Et

2016 2757 2120 2811 hoc
2154 2773 2373 2825 quoque
2433 2758 2644 2810 Domini
2696 2757 3011 2809 mandatum
3062 2764 3117 2809 et
3175 2772 3272 2824 per
3318 2771 3510 2821 sensus
3539 2766 3592 2809 et

2014 2865 2113 2919 per
2153 2860 2389 2903 mentem
2420 2848 2828 2916 :ulimplendum
2882 2857 2985 2900 est.
3018 2848 3119 2901 Per
3146 2863 3338 2899 sensus
3370 2848 3588 2916 quidem

2014 2943 2291 3012 fugiendo,
2320 2942 2457 2995 utfit
2483 2958 2512 2995 a
2553 2950 2829 3010 serpente,
2858 2950 2951 2994 aut
2977 2941 3044 2993 ab
3077 2943 3198 3009 igne
3226 2956 3406 2992 coram
3438 2940 3588 3002 visis,

2014 3032 2300 3088 haereticus
2322 3042 2377 3088 et
2408 3033 2657 3087 infideles
2692 3033 2934 3097 bestias;
2974 3049 3073 3102 per
3129 3045 3364 3084 ιιιιτιιιριιι
3407 3044 3587 3083 autem

2013 3128 2240 3182 vitando
2296 3128 2754 3182 ratiocinationes
2801 3126 3072 3193 captiosas
3102 3124 3247 3177 falsa:
3275 3124 3588 3191 fallat-isque

2012 3220 2294 3274 doctrinae.
2318 3218 2519 3285 Quales
2554 3217 2971 3288 operationibus
3000 3216 3239 3269 sinistris
3274 3216 3448 3266 dextri
3482 3214 3584 3267 loci

2010 3307 2275 3363 honorem
2312 3309 2543 3363 subdole
2591 3309 2862 3361 tribuunt.
2896 3307 3106 3373 Quibus
3145 3321 3265 3374 quae
3296 3306 3587 3358 attendunt

2008 3399 2335 3454 errabunda:
2369 3409 2424 3453 et
2452 3414 2701 3451 errorum
2738 3398 3011 3466 magistrae
3038 3407 3269 3457 mentes,
3301 3412 3401 3464 pro
3435 3396 3587 3446 theo-

2009 3492 2146 3560 ingia
2188 3491 2368 3551 nobis,
2400 3490 2504 3541 hoc
2560 3498 2642 3541 est
2682 3504 2809 3541 vera
2838 3498 2892 3541 et
2926 3487 3014 3555 pia
3060 3488 3127 3541 de
3182 3488 3291 3538 Deo
3333 3486 3584 3540 doctrina

2013 3582 2436 3641 theomachiam,
2467 3582 2570 3633 hoc
2620 3588 2701 3632 est
2756 3579 3077 3632 sceleratam
3105 3588 3160 3630 et
3190 3588 3460 3629 amentem
3492 3576 3579 3628 Dei

2009 3674 2465 3743 Oppugnationcm
2489 3670 2814 3723 obtrudunt.
2845 3669 2961 3721 Non
2997 3683 3080 3720 me
3118 3668 3253 3736 fugit
3276 3668 3380 3719 alia
3414 3682 3581 3733 carpo-

2008 3766 2133 3818 sitio
2188 3763 2347 3831 hujus
2402 3760 2643 3814 mandati
2692 3760 2759 3813 de
2789 3758 3046 3813 emendis
3093 3757 3243 3811 falsis
3279 3756 3582 3825 prophetis,

2009 3855 2073 3908 ad
2113 3854 2466 3923 allegoricum
2499 3852 2757 3907 translata
2793 3864 3015 3905 sensum
3038 3889 3052 3912 ,
3107 3861 3165 3901 ut
3193 3864 3289 3917 per
3328 3863 3445 3899 eam
3479 3863 3581 3915 pu-

1929 3929 1973 3986 C
2008 3957 2153 4000 tetur
2226 3944 2484 4014 imperari
2540 3944 2698 3997 nobis
2760 3941 3063 3995 dominium
3118 3941 3171 3993 in
3220 3938 3581 4007 cogitationes

330 4053 577 4110 nostras,
607 4062 716 4116 quo
744 4048 933 4102 utdici
969 4047 1108 4102 solet
1175 4045 1604 4115 Myrmidonibus
1660 4044 1969 4114 pmsimus,
2003 4056 2110 4095 non
2161 4050 2343 4092 autem
2409 4037 2510 4093 hos
2546 4049 2777 4105 regnare
2822 4048 2990 4103 super
3044 4049 3145 4087 nos
3197 4032 3490 4101 patiamur.
3523 4031 3576 4083 ιιι

328 4149 665 4210 praeceptum
724 4142 1017 4215 observant
1079 4141 1173 4211 qui
1223 4141 1429 4207 pollent
1468 4141 1518 4194 vi
1591 4140 1885 4209 spirituum
1943 4134 2456 4190 discerueudorum.
2529 4131 2591 4185 lli
2645 4132 2793 4186 enim
2842 4145 2873 4184 e
2919 4126 3343 4197 cegitatiOnihus
3410 4135 3577 4183 ment:

326 4234 565 4297 obortis,
640 4234 898 4303 quasdam
950 4243 1010 4287 ut
1060 4234 1260 4303 probas
1310 4234 1545 4302 seligunt
1594 4243 1650 4287 ct
1695 4233 1928 4295 fovent,
1968 4224 2105 4283 alias
2166 4238 2227 4281 ut
2265 4226 2454 4281 noxias
2486 4234 2811 4279 aversantur
2848 4231 2904 4278 et
2928 4223 3176 4289 abigunt,
3219 4236 3328 4290 quo
3358 4220 3579 4273 fraudes

326 4326 823 4395 deprehendantur
852 4325 1232 4382 insidiantium
1282 4327 1438 4381 nobis
1466 4341 1562 4395 per
1622 4326 1967 4381 subintrusas
2006 4320 2380 4391 suggestiones
2425 4319 2756 4379 da-monum,
2790 4316 2882 4387 qui
2930 4325 3119 4369 contra
3175 4330 3275 4369 nos
3307 4316 3447 4367 intra
3480 4327 3579 4366 nos

330 4418 393 4471 in
422 4415 663 4472 consiliis
693 4419 809 4473 suis
842 4419 1158 4475 mussitant.

429 4511 499 4567 a'.
537 4531 555 4564 ι
589 4512 871 4567 Εἰσέλθετε
901 4514 991 4567 διὰ
1022 4514 1123 4580 τῆς
1153 4496 1346 4583 στενῆς
1386 4512 1560 4581 πύλης
1588 4524 1600 4539 ·
1641 4528 1661 4562 ι
1710 4514 1804 4564 καί
1834 4511 1902 4564 τὰ

330 4605 485 4674 ἑξῆς.
522 4606 581 4658 Ei
608 4606 718 4675 γὰρ
748 4624 765 4657 ι
787 4605 845 4658 '0
870 4605 1073 4668 δίκαιος
1111 4606 1263 4675 μόλις
1300 4602 1551 4669 σώζεται,
1585 4619 1605 4655 ι
1642 4602 1719 4666 ὡς
1771 4603 1899 4671 ἐσή-

333 4716 475 4767 μανε
498 4698 557 4750 τὸ
582 4696 723 4751 θεῖον
768 4697 1029 4767 Γράμμα,
1082 4716 1101 4749 ι
1156 4700 1184 4751 ό
1215 4698 1415 4767 ἀσεϐὴς
1448 4697 1543 4749 καὶ
1575 4693 1900 4766 ἁμαρτωλὸς

326 4785 441 4839 ποῦ
481 4790 770 4854 φανεῖταις
810 4805 829 4838 ι
892 4787 986 4850 Τίς
1032 4804 1049 4838 ι
1087 4788 1121 4857 ὴ
1158 4789 1315 4857 στενὴ
1344 4786 1489 4856 πύλη
1538 4786 1633 4839 καὶ
1678 4784 1902 4854 τεθλιμ-

334 4883 474 4948 μένη
508 4880 654 4944 ὁδόςς
695 4898 713 4931 ι
748 4880 945 4949 Στενὴν
989 4879 1107 4932 ὁδὸν
1146 4881 1241 4932 καὶ
1275 4879 1647 4948 τεθλιμμένην
1682 4877 1900 4931 ἁκούων

333 4972 395 5023 τὸ
426 4970 518 5022 τοῦ
563 4968 683 5022 Ἰὼδ
728 4970 986 5042 ἐνενόησα
1037 4970 1176 5040 ὅπερ
1228 4966 1348 5022 εἷπε
1387 4970 1525 5039 πρὸς
1586 4968 1677 5020 τὸν
1729 4967 1896 5019 Θεόν’

342 5083 361 5116 σ
397 5065 505 5118 Καὶ
528 5068 991 5137 ἐπεσημηνάμην,
1024 5068 1215 5135 φησὶν,
1260 5066 1313 5118 εῐ
1338 5081 1389 5119 τι
1423 5069 1517 5118 καὶ
1547 5064 1695 5115 ἄκων
1732 5062 1903 5131 παρέ-

336 5157 478 5223 ὄηνο
516 5156 680 5210 εἰδότι
728 5161 833 5224 γὰρ
893 5158 1056 5210 καλὸν
1113 5158 1289 5209 ποιεῖν
1341 5156 1437 5208 καὶ
1497 5154 1573 5223 μὴ
1630 5152 1900 5214 ποιοῦντι,

337 5246 512 5315 κρίμα
543 5246 696 5316 αὐτῷ
719 5250 920 5301 ἐστιν.»
969 5246 1252 5317 Ἐχῶμεθα
1286 5247 1343 5300 δὲ
1386 5248 1479 5298 καὶ
1507 5245 1614 5297 τῶν
1645 5244 1771 5313 ἑξῆς
1804 5240 1899 5296 τοῦ

336 5336 546 5405 Κυρίου
576 5338 832 5407 ῥημάτων
858 5352 873 5367 ·
914 5357 933 5390 ι
970 5338 1046 5389 Οὐ
1094 5338 1437 5407 πορνεύσεις,
1473 5336 1658 5405 φησὶν,
1692 5335 1751 5387 ού
1785 5352 1899 5403 μοι·

335 5427 574 5495 χεύστις.
608 5445 628 5479 ι
658 5428 797 5497 Ὅρα
830 5429 886 5481 δὲ
916 5430 1011 5483 καὶ
1040 5431 1139 5495 τὴν
1167 5428 1427 5483 τελοῦσαν
1444 5428 1611 5490 αὐτὰς
1639 5426 1859 5497 ἐντολήν
1879 5440 1895 5458 ·

339 5535 361 5571 ο
406 5518 681 5588 Πνεύματι
710 5527 1061 5590 περιπατεῖτε
1089 5538 1101 5551 ·
1130 5523 1224 5575 καὶ
1264 5520 1563 5589 ἐπιθυμίας
1594 5519 1796 5590 σαρκὸς
1835 5518 1895 5573 ού

1008 5662 1052 5697 ’δ
1082 5666 1271 5718 Matth.
1302 5680 1399 5724 vn,
1442 5663 1494 5715 (ἰ.

1082 5736 1126 5765 θ’
1155 5736 1254 5789 Job
1295 5749 1354 5797 ιι,
1392 5733 1474 5785 l7.

411 5660 456 5691 ³³
484 5660 623 5716 Psal.
652 5678 840 5727 cxvnl,
879 5667 931 5719 ὅ.

339 5727 431 5785 15.
506 5731 595 5785 ³⁸1
630 5732 773 5788 Petr.
814 5751 883 5798 tv,
926 5737 1004 5789 l8.

1574 5662 1617 5693 ³⁸
1650 5661 1793 5717 Pszil.
1828 5675 2014 5725 cxvut,
2050 5661 2105 5713 ἓ.

2090 4508 2176 4561 Η.
2210 4504 2523 4559 Mandatum
2613 4534 2641 4557 ει
2704 4512 2868 4557 etiam
2918 4500 3122 4556 Christi
3154 4516 3235 4556 εει
3267 4519 3280 4554 :
3317 4520 3334 4552 ι
3376 4501 3576 4556 Intrate

2004 4613 2102 4668 per
2144 4606 2431 4666 angustam
2480 4600 2693 4664 portam
2719 4594 2784 4655 ³⁸,
2825 4613 2842 4643 ι
2876 4604 2979 4649 etc.
3010 4593 3065 4648 Si
3112 4593 3299 4647 enim:
3339 4613 3355 4643 ι
3389 4596 3576 4645 Justus

2005 4702 2094 4756 vix
2150 4699 2470 4763 salvabitur,
2529 4707 2589 4751 ut
2626 4696 2927 4751 declaravit
2974 4696 3159 4749 divina
3216 4696 3494 4765 Scriptura
3528 4698 3571 4727 ³⁹

2012 4815 2030 4849 ι
2068 4796 2273 4865 impius
2298 4805 2353 4848 et
2388 4803 2645 4863 peccator
2678 4791 2767 4846 ubi
2799 4792 3104 4858 parebunt?
3146 4810 3162 4839 ι
3196 4792 3451 4855 Quaenam
3474 4793 3573 4845 ista

2001 4900 2087 4945 est
2121 4908 2139 4940 ι
2187 4897 2413 4958 angusta
2446 4895 2600 4954 porta
2659 4893 2714 4939 et
2760 4895 2907 4937 arcta
2947 4882 3079 4935 via?
3110 4901 3127 4932 ι
3168 4880 3273 4933 Has
3307 4882 3438 4935 mihi
3474 4899 3573 4935 no-

2000 4980 2194 5034 minari
2253 4976 2496 5031 audienti
2555 4975 2704 5028 venit
2756 4974 2809 5027 in
2864 4984 3101 5026 mentem
3158 4971 3292 5025 illud
3350 4972 3469 5026 Jubi
3502 4973 3568 5026 ad

1999 5071 2169 5124 Deum
2199 5069 2410 5122 dictum
2449 5084 2463 5120 :
2501 5084 2519 5118 ι
2580 5065 2828 5135 Siguavi,
2855 5066 2949 5122 ait.
2978 5064 3020 5116 si
3057 5062 3189 5131 quid
3244 5078 3351 5116 non
3384 5064 3571 5117 volens

2001 5171 2378 5231 transgressus
2432 5174 2552 5213 sum
2612 5158 2679 5211 δ”.
2733 5178 2752 5209 ι
2802 5156 2999 5224 Utique
3060 5156 3232 5216 enim,
3288 5174 3307 5207 ι
3363 5156 3569 5209 Scienti

2004 5253 2208 5307 bonum
2247 5251 2441 5315 facere,
2470 5257 2525 5304 et
2563 5264 2668 5302 nou
2716 5249 2957 5308 facienti,
2986 5249 3252 5317 judicium
3290 5258 3372 5301 est
3411 5248 3507 5301 illi.
3546 5265 3565 5297 ι

1998 5341 2313 5408 Sequamur
2342 5338 2551 5407 reliqua
2583 5338 2798 5391 Domini
2836 5338 2997 5391 verba
3023 5356 3036 5391 :
3073 5358 3090 5389 ι
3120 5336 3238 5391 Non
3268 5335 3571 5389 fornicabe-

2006 5427 2106 5493 ris,
2135 5428 2229 5492 ait,
2264 5442 2372 5481 non
2412 5426 2768 5481 adulterabis.
2823 5446 2840 5476 ι
2877 5427 3132 5495 Prospicc
3163 5424 3418 5495 superius
3449 5425 3570 5478 istis

2007 5519 2321 5573 mandatum
2355 5534 2422 5573 ex
2453 5534 2564 5589 quo
2610 5518 2808 5574 borum
2840 5517 3041 5587 pendet
3068 5517 3380 5571 observatio
3410 5532 3423 5567 :
3455 5533 3472 5565 ι
3508 5515 3567 5569 lu

2181 5661 2230 5712 ,³⁸
2260 5659 2418 5717 Rom.
2444 5673 2562 5725 vm,
2586 5660 2674 5713 9.6.
2741 5660 2785 5692 ³“’
2818 5656 3008 5714 Matth.
3067 5672 3163 5721 vn,
3198 5656 3282 5711 15.
3358 5654 3403 5687 ³⁸
3429 5654 3500 5709 il"
