3928 6212
352 2372 361 2381 ’
455 2308 607 2378 vigil,
639 2308 855 2362 interne
891 2325 1117 2379 pacatus
1147 2321 1265 2377 est,
1299 2327 1363 2365 ac
1398 2322 1710 2382 propterea,
1743 2328 1870 2368 cum
1901 2327 2040 2383 opus

458 275 569 341 739
1525 284 1953 348 PHILOTHEI
1993 291 2033 348 (Σ

2146 259 2660 353 ΡΑτιιῐΑιιοΗΑέ
3570 301 3657 363 uo

459 388 658 459 spiritu
695 387 995 452 ambulate,
1029 398 1083 443 et
1112 390 1383 447 desideria
1409 397 1595 450 carnis
1648 413 1755 451 non
1791 398 2033 466 perﬁcie-

2156 406 2230 472 μὴ
2250 405 2508 471 τελέσητε
2536 422 2547 435 ·
2592 424 2611 457 ι
2642 408 2670 459 6
2691 404 2799 477 γὰρ
2833 405 2957 468 νοῦς
2984 406 3141 476 ἡμῶν
3174 407 3268 460 ἐὰν
3298 408 3467 483 φθάσῃ
3499 413 3660 481 καμεῖν

462 481 537 534 tis
557 480 627 533 δίς
663 498 683 531 ι
726 480 881 536 Mens
910 482 1054 534 enim
1107 494 1295 538 nostra
1346 499 1724 556 prieoccupata
1770 488 2033 541 suasioni-

2148 496 2254 547 ἀπὸ
2284 494 2376 546 τοῦ
2429 495 2799 566 πολεμοῦντος
2832 498 2997 550 αὑτὸν
3048 498 3247 561 Σατὰν,
3281 502 3453 552 πᾶσαν
3496 498 3660 556 κακίαν

464 570 568 626 bus
630 572 998 641 oppugnantis
1023 587 1142 624 eam
1196 573 1410 630 Satanae
1459 562 2033 646 omnemnequitiain

2144 585 2354 637 ὲκτελεῖ
2386 586 2473 637 διὰ
2513 587 2765 654 σώματος
2788 587 3207 654 ἀνεπαισθήτως
3227 606 3241 619 ο
3262 589 3289 639 6
3319 588 3405 642 οῦν
3434 592 3660 659 πνεύματι

463 663 786 732 exsequitur
824 676 920 731 per
959 678 1161 732 corpus
1195 666 1612 723 insensibiliter.
1640 670 1812 738 Igitur
1849 671 2033 740 spiritu

2146 676 2466 743 περιπατῶν
2498 678 2589 729 καὶ
2619 678 2707 730 ἀεὶ
2742 680 2928 747 νήφων
2954 678 3181 731 δύναται
3209 679 3295 733 διὰ
3331 681 3420 748 τὴν
3448 683 3530 734 τοῦ
3556 683 3661 735 Θεοῦ

462 755 773 819 ambulans,
820 764 876 809 et
924 770 1142 825 semper
1182 760 1400 815 sobrius
1434 778 1497 815 ac
1527 764 1679 831 vigil,
1714 774 1895 833 petest
1946 781 2033 835 per

2145 766 2307 836 χάριν
2340 770 2521 821 πᾶσαν
2556 768 2777 839 ἐντολὴν
2804 771 3132 841 δεσποτικὴν
3162 771 3561 841 διαπράξασθαι.

464 849 556 901 Dei
597 846 828 916 gratiam
861 861 1025 901 onme
1072 849 1286 903 Domini
1324 853 1642 908 mandatum
1684 871 1850 925 opere
1879 872 2043 911 com-

456 940 633 1008 plere.

532 1030 615 1083 12.
651 1030 792 1096 Quid
826 1042 1009 1086 autem
1052 1049 1229 1088 novus
1257 1044 1313 1087 et
1341 1044 1565 1090 sanctus
1586 1037 1892 1106 Decalogus
1929 1040 2040 1094 Do-

457 1121 593 1174 mini
633 1123 803 1176 nostri
856 1124 983 1177 Jesu
1042 1106 1283 1178 Cbristi?
1343 1125 1737 1190 Beatitudines,
1793 1129 2039 1196 inquam,

460 1213 527 1266 ab
558 1228 623 1267 eo
662 1215 969 1281 praedicata:
1010 1231 1232 1284 magnas
1272 1218 1652 1271 exercentium
1682 1220 1935 1285 virtutes,
1968 1237 2039 1276 an

460 1321 569 1357 non
605 1306 671 1358 ad
705 1321 930 1375 scopum
980 1316 1034 1361 et
1084 1308 1211 1377 ipsa:
1240 1324 1401 1376 quem
1460 1310 1620 1363 nobis
1653 1311 2042 1378 proposuimus

460 1397 770 1463 pertinent?
807 1399 1085 1451 l‘ertineut
1140 1415 1271 1453 sane
1305 1441 1320 1463 ,
1396 1401 1525 1469 quin
1581 1410 1636 1453 et
1676 1402 1905 1455 miriﬁce
1961 1401 2033 1455 illi

2141 1396 2239 1465 τῆς
2270 1394 2517 1462 φυσικῶς
2549 1393 2945 1462 ἀκολουθούσης
2973 1393 3203 1458 τάξεως,
3236 1392 3313 1460 τῷ
3344 1392 3518 1459 σκοπῴ
3541 1392 3666 1459 ἡμῶν

459 1498 795 1555 congruunt,
855 1489 969 1541 sive
1006 1506 1119 1542 rem
1160 1506 1223 1543 ex
1256 1492 1587 1561 evangelicis
1613 1500 1667 1544 et
1702 1492 2033 1559 pmpbeticis

2145 1486 2476 1556 συνᾴδουσι;
2510 1486 2606 1547 Τίς
2645 1483 2719 1553 μὴ
2746 1486 2930 1552 νήφων
2960 1484 3047 1535 ἀεὶ
3074 1487 3139 1553 τῇ
3167 1483 3363 1553 καρδίᾳ
3399 1483 3589 1548 πτωχὸς
3608 1479 3667 1546 τῷ

453 1580 768 1649 judiecmus
828 1581 1157 1649 Scripturis,
1210 1583 1325 1637 sive
1373 1601 1404 1637 e
1474 1583 1709 1637 naturali
1779 1584 1921 1637 serie
1978 1599 2033 1638 ac

2142 1577 2413 1645 πνεύματι
2463 1576 2527 1629 ὲκ
2575 1576 2756 1642 πάσης
2809 1576 3008 1636 κακίας
3070 1574 3329 1642 γενέσθαι
3374 1570 3666 1637 δύναταιςῆ

459 1671 853 1739 consequentia
901 1673 1032 1725 recti
1080 1672 1312 1727 ordinis.
1351 1673 1563 1727 Etenim
1598 1675 1721 1743 quis
1751 1691 1859 1728 non
1893 1673 2033 1727 acri-

2143 1660 2376 1734 πενθῶν,
2413 1668 2445 1737 ἢ
2478 1666 2677 1737 πραῢς,
2711 1666 2743 1735 ἢ
2775 1665 2975 1720 πεινῶν
3002 1666 3097 1717 καὶ
3122 1664 3294 1727 διψῶν
3323 1663 3418 1734 τὴν
3440 1661 3669 1715 δικαιοσύ-

460 1772 545 1815 ter
578 1763 872 1832 invigilans
930 1764 1293 1817 custodiendo
1363 1782 1463 1817 suo
1512 1766 1689 1830 cordi,
1737 1766 2033 1835 proculque

2143 1759 2329 1828 νην,ῆ
2380 1758 2650 1827 ἐλεήμων,
2692 1759 2724 1825 ἥ
2779 1757 2840 1809 τὸ
2897 1758 3005 1811 πᾶν
3037 1756 3247 1822 ἀγαθὸν
3298 1752 3588 1823 προξενοῦν,
3615 1753 3668 1819 τῇ

456 1854 528 1907 ab
568 1854 684 1922 ipso
720 1855 968 1908 arcenda:
995 1855 1143 1908 omni
1184 1856 1427 1918 malitire,
1482 1873 1689 1926 pauper
1714 1857 1911 1925 spiritu
1946 1872 2033 1925 pe-

2143 1852 2346 1923 καρδιᾳ
2377 1853 2474 1904 καὶ
2499 1852 2565 1920 τῇ
2596 1849 2742 1919 ψυχῇ
2780 1849 3022 1919 καθαρὸς
3047 1848 3242 1909 αὐταῖς
3266 1865 3281 1911 ;
3309 1847 3403 1906 Ti;
3427 1848 3496 1915 μὴ
3518 1845 3669 1913 νήφων

459 1953 566 1999 test
603 1945 771 1998 esse?
799 1946 921 2013 quis
968 1946 1212 2007 humilis,
1241 1957 1335 1999 aut
1366 1949 1590 2018 lugens,
1626 1959 1719 2002 aut
1749 1949 1919 2013 mitis,
1946 1957 2033 2001 aut

2144 1942 2233 1998 ἀεὶ
2270 1941 2608 2014 εἰρηνοποιὸς
2638 1940 2808 2004 ἔνδον,
2854 1940 2950 1992 καὶ
2985 1939 3079 1993 διὰ»
3104 1938 3264 1992 τοῦτο
3297 1939 3418 2003 ἔξω,
3462 1936 3671 2004 ἦὲνεκεν

453 2035 711 2090 esuriens
744 2047 799 2089 et
862 2037 1056 2091 sitiens
1087 2038 1380 2109 justitiam,
1426 2050 1520 2093 aut
1571 2041 1914 2102 misericors,
1947 2048 2033 2095 aut

2143 2035 2491 2105 δικαιοσύνης
2526 2034 2908 2101 δεδιωγμένος,
2956 2037 3047 2085 καὶ
3104 2032 3349 2099 νηερῶςς
3386 2030 3448 2082 “ll
3488 2028 3562 2089 τίς
3614 2024 3672 2092 μὴ

456 2127 627 2195 (quod
656 2143 816 2181 omne
844 2128 1049 2180 bonum
1088 2131 1509 2197 procurateordi
1541 2141 1588 2184 et
1624 2132 1839 2198 aninne)
1878 2148 2033 2185 mun-

2142 2130 2350 2201 χαίρων
2385 2129 2472 2180 ἀεὶ
2517 2131 2585 2197 τῇ
2632 2126 2807 2178 ἑλπίδι
2855 2125 3067 2194 Κυρίου
3102 2124 3308 2192 γήθους
3342 2119 3671 2191 ἐμπίπλαταις

458 2219 563 2271 dus
597 2218 799 2271 corde?
839 2218 1113 2284 Quis’non
1172 2236 1393 2290 semper
1425 2222 1667 2275 intentus
1696 2222 1799 2276 sibi
1835 2231 1889 2275 et
1919 2238 2033 2291 per-

2140 2224 2237 2285 Τίς
2264 2224 2292 2275 6
2315 2220 2676 2281 ἀδιαλείπτως
2705 2220 2839 2288 προς
2874 2217 3008 2269 Θεδν
3035 2217 3227 2276 νεύων,
3274 2211 3317 2281 ᾧ
3354 2216 3385 2282 ἡ
3420 2214 3541 2281 πρὸς
3567 2212 3674 2260 Θιιν

2141 2312 2319 2375 νεῦσις
2348 2315 2429 2375 εἰς
2460 2311 2808 2363 ἀδιάλειπτον
2845 2308 3158 2378 προσευχὴν
3200 2306 3473 2373 λογίζεται
3516 2305 3571 2353 ἐκ
3595 2301 3673 2367 χὰ-

2136 2422 2321 2476 ριτοςς
2368 2406 2481 2473 Οὐχ
2530 2402 2560 2453 6
2608 2399 2929 2454 καταλιπὼν
2987 2399 3048 2450 τὸ
3075 2400 3275 2463 σῶμα,
3306 2398 3365 2448 οὺ
3408 2397 3571 2455 πάσας
3596 2391 3671 2451 τὰς

2139 2495 2424 2568 διατριϐὰς
2450 2496 2507 2545 ὲν
2535 2494 2600 2563 τῇ
2628 2490 2832 2544 ἑαυτοῦ
2869 2491 3069 2560 καρδίᾳ
3118 2489 3211 2542 διὰ
3245 2488 3361 2553 νοὸς
3400 2488 3484 2540 ἀεὶ
3526 2482 3674 2536 ποιού-

2145 2603 2339 2657 μενος;
2398 2586 2496 2647 Τις
2536 2584 2795 2655 πρόξενος
2827 2580 3063 2650 φυσικῆς
3112 2579 3225 2632 τῶν
3263 2579 3432 2632 ὄντων
3455 2576 3670 2644 θεωρίας.

2140 2681 2224 2743 τίς
2252 2679 2363 2731 τῶν
2389 2678 2628 2747 μεγαλου
2640 2675 2810 2747 ργιῶν
2841 2673 2935 2727 τοῦ
2970 2673 3106 2725 Θεοῦ
3131 2671 3487 2731 εὖαπόδεκτος
3514 2665 3671 2733 ἐκδιη-

2139 2766 2312 2839 γητῆς
2338 2783 2354 2832 ;
2388 2767 2499 2836 Οὐχ
2527 2766 2556 2817 6
2578 2766 2761 2837 νήφων
2780 2804 2800 2829 ,
2827 2764 2925 2834 οὐχ
2948 2764 2977 2816 6
2999 2763 3289 2833 προσέχων
3327 2762 3436 2822 τοῖς
3459 2754 3673 2824 πονηροῖς

2218 1030 2305 1098 ιβ’.
2332 1027 2400 1083 τι
2433 1028 2488 1080 δὲ
2518 1029 2549 1097 ἠ
2584 1028 2679 1081 νέα
2709 1027 2805 1081 καὶ
2829 1027 2960 1094 ἁγία
2981 1026 3306 1094 Δεκάλογος,
3335 1026 3366 1097 ἡ
3392 1026 3475 1078 τοῦ
3496 1027 3663 1098 Κυρίου

2143 1125 2175 1194 ή
2189 1122 2308 1193 μῶν
2348 1121 2526 1191 Ἰησοῦ
2561 1119 2823 1189 Χριστοῦ,
2855 1120 3034 1188 λέγως
3074 1118 3196 1172 Τῶν
3234 1121 3489 1187 ὲναρέτων
3525 1118 3664 1186 imm-

2148 1214 2330 1285 ρισμολ⁹
2358 1213 2415 1265 οὺ
2446 1212 2581 1282 πρὸς
2608 1211 2700 1263 τὸν
2727 1211 2929 1264 σκοπὸν
2958 1210 3017 1263 6v
3045 1209 3347 1279 ὲξεθὲμεθα
3381 1209 3464 1261 διά
3486 1208 3666 1276 τεΓρα-

2144 1305 2259 1369 φῶν
2286 1302 2660 1370 εὐαγγελικῶν
2701 1319 2757 1353 τε
2784 1302 2877 1354 καὶ
2907 1301 3288 1369 προφητικῶν,
3316 1299 3445 1353 ἀλλὰ
3485 1298 3568 1351 καὶ
3595 1297 3664 1349 διὰ

457 2410 567 2463 est,
623 2402 873 2455 exterius
927 2402 1227 2470 paciﬁcus?
1284 2403 1418 2469 Quis
1474 2413 1704 2474 pnopter
1762 2405 2039 2474 justitiam

455 2494 901 2560 persecutionem
934 2494 1161 2562 patitur,
1186 2497 1269 2548 vel
1321 2496 1373 2549 in
1415 2498 1619 2561 animo,
1646 2497 1730 2550 vel
1760 2498 2040 2553 sensibili-

462 2582 586 2635 ter?
625 2594 719 2636 aut
775 2584 919 2651 quis,
956 2600 1063 2638 non
1117 2600 1213 2655 spe
1236 2600 1453 2655 semper
1503 2587 1765 2657 gaudens,
1818 2587 2037 2642 Domini

457 2673 657 2741 gaudio
696 2675 981 2742 repletur?
1031 2677 1165 2741 Quis
1219 2678 1598 2733 indesinenter
1648 2680 1951 2749 propendet
1982 2682 2038 2734 in

455 2767 652 2831 Deum,
685 2768 811 2835 quis
843 2768 931 2821 cui
962 2768 1079 2822 bazc
1110 2769 1224 2837 ipsa
1267 2773 1320 2822 in
1371 2770 1541 2825 Deum
1581 2771 1897 2840 prepensio,
1930 2787 2037 2825 non

457 2857 512 2911 in
556 2859 737 2912 locum
787 2868 843 2914 et
887 2860 1147 2914 meritqu
1189 2861 1457 2915 orationis
1512 2877 1790 2930 nunquam
1864 2862 2033 2916 inter-

2139 2862 2442 2931 λογισμοῖς,
2475 2861 2571 2912 καὶ
2621 2858 2896 2920 ἀντίθετα,
2928 2856 3127 2924 ὥσπερ
3147 2856 3177 2905 6
3223 2852 3365 2915 Ἰὼϐ,
3392 2849 3582 2909 τούτοις
3602 2846 3673 2897 ἁν-

456 2947 640 3003 missze
691 2964 797 3001 non
857 2950 1160 3019 imputetur
1202 2966 1270 3005 ex
1322 2952 1538 3020 gratia?
1598 2951 1732 3018 Quis
1786 2952 2033 3006 abdicata

2141 2954 2499 3023 ουποφέρωνς
2553 2952 2795 3019 Ἀτιμοι,
2858 2949 3067 3012 λέγων,
3127 2949 3226 3000 καὶ
3285 2941 3672 3013 πεφαυλισμένοι

455 3041 622 3093 semel
655 3056 787 3094 cura
820 3043 1104 3111 corporis,
1141 3059 1249 3115 non
1280 3045 1526 3113 jucunde
1580 3054 1848 3114 perpetuo
1883 3062 2033 3100 com-

2141 3049 2341 3110 ἐνδεεῖς
2369 3046 2583 3115 φρενῶν
2607 3060 2621 3075 ο
2657 3044 2753 3107 οὒς
2779 3045 2878 3112 οὐχ
2911 3043 3213 3111 ἡγησάμην
3239 3042 3407 3102 κύνας
3429 3037 3528 3089 τῶν
3550 3032 3671 3134 ἐρῶν

454 3139 765 3186 morantem
800 3133 853 3186 in
887 3134 1054 3188 corde
1098 3138 1320 3205 proprio
1342 3130 1593 3190 iuentem
1630 3152 1786 3192 suam
1819 3140 2033 3206 experi-

2143 3138 2411 3208 νομάδων,
2443 3137 2565 3205 ἢτοι
2618 3136 2727 3187 τῶν
2751 3134 2939 3199 δεξιῶν
2972 3126 3249 3203 ὲῦθυμιῶν
3280 3124 3671 3199 ποιμαινομένων

457 3223 586 3275 tur?
612 3223 745 3289 Quis
774 3234 1032 3293 procurat
1076 3228 1177 3281 sibi
1210 3229 1515 3283 naturalem
1551 3230 1803 3284 notitiam
1836 3230 2027 3284 mundi

2139 3228 2243 3281 ὑπὸ
2276 3228 2485 3296 Κυρίου
2514 3225 2603 3277 διὰ
2635 3224 2727 3276 νοῦ
2756 3223 2955 3286 εἰδότος
2984 3221 3317 3288 ποιμενικὴν
3340 3217 3503 3279 τάξιν.

458 3314 627 3370 totius
650 3326 704 3370 et
732 3317 977 3371 omnium
1008 3334 1130 3387 qua:
1168 3320 1222 3373 in
1246 3335 1312 3374 eo
1344 3331 1475 3374 sunt
1505 3339 1518 3375 :
1548 3322 1674 3392 quis
1740 3323 1900 3377 simul
1971 3336 2096 3375 cum
2139 3321 2242 3375 hoc
2274 3317 2607 3387 magnalium
2643 3316 2736 3369 Dei
2767 3314 2871 3369 sibi
2909 3322 2993 3367 est
3026 3313 3131 3382 ipsi
3167 3311 3323 3367 credi
3358 3303 3671 3379 dignissimus

455 3408 1002 3465 enarrator?'Nour.e
1033 3412 1140 3467 sibi
1204 3414 1517 3482 attendens,
1577 3431 1760 3470 nonne
1829 3416 1919 3485 qui
1956 3416 2102 3469 serio
2137 3415 2251 3469 suis
2304 3409 2730 3481 cogitationibus
2779 3407 3074 3477 invigilat,
3140 3416 3199 3458 ιι
3251 3406 3320 3461 iis
3368 3417 3499 3474 quas
3547 3396 3671 3453 nov“

455 3504 665 3563 noxias,
692 3503 825 3557 alias
850 3518 914 3556 ex
947 3506 1177 3559 adverso
1220 3508 1525 3563 contrarias
1554 3509 1828 3579 opponit?
1858 3511 2028 3564 malas
2069 3509 2362 3578 increpans
2420 3505 2644 3573 paribus
2713 3518 2838 3558 cum
2891 3503 3035 3557 Jobo
3059 3501 3231 3555 dictis
3261 3518 3275 3554 :
3312 3501 3407 3562 Ite,
3434 3494 3670 3563 inquiens.

454 3615 508 3674 in
547 3600 741 3651 malam
780 3616 916 3664 rem,
965 3601 1278 3669 indecores,
1350 3619 1552 3674 pravae,
1623 3614 1914 3671 amentes;
1976 3619 2114 3673 quas
2149 3618 2257 3657 non
2287 3601 2462 3672 pluris
2513 3600 2738 3654 fecerim
2793 3612 2956 3667 quam
2988 3612 3154 3650 canes
3176 3608 3403 3665 gregum
3437 3599 3669 3645 meorum-

453 3692 589 3747 Cum
638 3692 784 3747 idem
838 3706 869 3745 e
911 3694 1194 3748 contrario
1255 3695 1456 3760 foveat,
1485 3703 1666 3761 curet,
1691 3704 2033 3766 promoveat,
2076 3700 2260 3747 mente
2314 3691 2571 3762 gregibus
2636 3688 2825 3743 talium
2884 3684 3173 3756 pascendis
3221 3700 3254 3738 a
3318 3681 3541 3737 Domino
3570 3688 3673 3730 em-

455 3793 592 3848 dita.

526 3885 612 3939 l5.
659 3883 735 3938 Ex
765 3884 853 3937 bis
874 3883 1091 3939 cunctis
1123 3891 1348 3955 apparet
1377 3881 1782 3940 beatitudinum
1814 3901 1845 3939 a
1874 3883 2034 3941 Chii-

455 3984 542 4031 sto
576 3976 705 4031 Jcsu
738 3976 1158 4046 praedicatarum
1196 3992 1305 4030 non
1338 3977 1499 4030 aliam
1551 3978 1657 4031 vim
1689 3993 1751 4031 ac
1793 3966 2033 4047 potesta-

460 4079 570 4125 tem
600 4085 745 4134 esse,
779 4085 885 4125 nutt
920 4069 1026 4121 alio
1059 4083 1151 4122 eas
1183 4076 1451 4137 spectare,
1477 4085 1586 4124 non
1628 4072 1795 4123 alium
1824 4070 1877 4124 in
1910 4083 2033 4123 sco-

448 4180 585 4233 pum
611 4162 867 4225 tendere,
928 4176 1090 4230 quam
1151 4160 1204 4213 in
1258 4160 1444 4215 cordis
1488 4161 1777 4230 puritatem
1832 4170 1887 4214 et
1920 4160 2034 4213 .bu-

447 4255 769 4315 utilitatem,
802 4251 946 4321 quod
970 4252 1050 4304 ba:
1082 4252 1191 4305 sint
1214 4251 1335 4305 dua:
1354 4252 1583 4307 virtutes
1610 4251 2030 4321 perfectivarum

446 4345 948 4414 meriectivissimze.
1006 4342 1311 4397 Continent
1382 4344 1529 4397 enim
1595 4344 1737 4397 intra
1815 4359 1871 4398 se
1921 4343 2031 4397 vim

462 4438 730 4490 virtutum
784 4434 1166 4489 universarum
1229 4448 1494 4499 omnem,
1569 4433 2030 4503 quemadmodum

2210 3889 2299 3950 ιγ’.
2338 3882 2402 3934 Ἥ
2444 3880 2552 3949 γὰρ
2586 3877 2694 3931 τῶν
2738 3874 3112 3947 μακαρισμῶν
3149 3874 3330 3943 Ἰησοῦ
3360 3869 3576 3939 Χριστοῦ
3598 3865 3671 3917 τοῦ

2141 3977 2346 4046 Κυρίου
2373 3973 2530 4044 ἡμῶν
2568 3970 2797 4040 δύναμίς
2824 3986 2882 4022 τε
2913 3970 3006 4020 καὶ
3038 3967 3293 4035 ἐνέργεια
3338 3966 3398 4018 οὗ
3427 3964 3548 4033 πρὸς
3569 3959 3671 4014 ἄλλο

2138 4085 2190 4119 τι
2228 4066 2508 4135 βλέπουσι,
2544 4064 2639 4116 καὶ
2690 4062 2784 4114 τὸν
2811 4060 2975 4113 ἄλλον
3004 4058 3209 4112 σκοπὸν
3262 4059 3491 4129 ἐχουσιν,
3524 4051 3669 4116 ἀλλ’ἢ

2141 4157 2278 4229 πρὸς
2303 4155 2402 4226 τὴν
2434 4155 2783 4223 καθαρότητα
2817 4153 2916 4220 τῆς
2952 4152 3231 4221 καρδίας,
3262 4155 3354 4203 καὶ
3384 4150 3479 4215 τὴν
3515 4140 3674 4196 ταπεί-

2140 4265 2325 4311 νωσιν,
2357 4247 2433 4309 ὡς
2494 4244 2697 4315 μᾶλλον
2746 4244 2926 4297 οὐσῶν
2954 4242 3065 4296 τῶν
3120 4241 3218 4295 δύο
3258 4240 3461 4293 τούτων
3492 4231 3673 4306 ἀρετῶν

2137 4338 2246 4391 τῶν
2274 4335 2637 4389 τελενιωτικῶν
2664 4334 2781 4387 τελε
2794 4331 3206 4386 εωτικωτάτων·
3244 4330 3549 4400 περιέχουσι
3586 4321 3672 4390 γὰρ

2137 4430 2321 4483 πᾶσαν
2361 4427 2562 4498 ἀρετὴν
2591 4425 2761 4491 ἔνδον,
2821 4424 3071 4492 καθάπερ
3097 4422 3162 4492 δὴ
3204 4422 3267 4474 τὺ
3302 4421 3575 4489 στερέωμα
3595 4414 3674 4478 τήν

447 4528 864 4580 Αίηιιαηιοοιυιῐι
921 4524 1215 4577 zetbeream
1268 4523 1430 4575 simul
1460 4531 1841 4591 terrenamque
1876 4538 2033 4578 crea-

2139 4537 2198 4573 τε
2246 4519 2488 4588 αἰθέριον
2540 4517 2636 4571 καὶ
2676 4516 2919 4582 ἐπίγειον
2952 4515 3151 4568 κτίσιν.
3186 4515 3335 4583 Ὅρα
3392 4506 3483 4563 οὖν
3529 4503 3674 4575 χωρὶς

448 4628 639 4671 iurant
675 4613 1064 4685 complectitur
1116 4613 1386 4667 ambiens.
1416 4613 1607 4668 Viden’
1634 4631 1764 4685 ergo
1799 4624 1855 4669 ut
1882 4615 2027 4685 quod

449 4708 765 4762 humilitate
813 4717 1089 4772 carerent,
1142 4704 1372 4775 proiecti
1406 4706 1582 4775 angeli
1626 4723 1656 4759 e
1695 4705 1836 4759 calo
1868 4705 2029 4759 sint?

458 4814 517 4855 ut
573 4800 718 4870 quod
783 4798 883 4853 sibi
946 4813 1054 4851 non
1112 4796 1410 4850 attenderit
1466 4797 1755 4864 invigilans
1808 4799 2029 4867 proprio

447 4893 750 4966 prol‘ectui,
776 4891 1032 4961 proditor
1066 4888 1236 4944 .ludas
1266 4888 1339 4941 sit
1365 4903 1557 4943 erasus
1582 4904 1645 4942 ex
1679 4889 1802 4942 albo
1826 4889 2031 4944 electo-

447 5004 577 5040 rum
607 4986 629 5038 ?
664 4985 959 5038 Humilitas
1025 4982 1230 5052 quippe
1284 4980 1389 5036 sibi
1433 4990 1637 5035 attenta
1674 4980 1797 5049 ﬁdei
1830 4990 1885 5034 et
1914 4982 2030 5050 spei

444 5090 510 5133 et
537 5076 1088 5134 charitatisell‘ectrix
1117 5073 1516 5145 perfeetrixque
1542 5083 1645 5129 est.
1676 5088 1753 5140 ac,
1771 5088 2034 5142 compen-

426 5150 751 5223 'diosiorem
813 5167 1211 5220 servandorum
1262 5164 1359 5220 Dei
1419 5164 1800 5217 mandatorum
1860 5164 1914 5217 in
1975 5178 2033 5219 se

449 5259 619 5314 liabet
664 5258 832 5312 viam.
886 5256 1022 5310 Nam
1072 5258 1161 5311 cui
1210 5266 1530 5310 concessum
1587 5265 1691 5317 est,
1730 5254 1849 5309 esse
1903 5270 2031 5310 vere

451 5352 742 5413 humilem,
778 5350 823 5403 is
852 5350 905 5402 in
945 5350 1052 5402 vita
1085 5365 1182 5402 sua
1212 5348 1425 5402 divinas
1467 5348 1838 5401 beatitudincs
1862 5348 2031 5401 actio-

450 5459 521 5498 ne
557 5444 706 5497 velut
752 5440 928 5510 pietas
974 5449 1370 5509 repraesentat;
1418 5455 1628 5502 rursus,
1656 5441 1751 5508 qui
1790 5439 2024 5492 mundus

441 5534 619 5589 corde
680 5533 845 5589 fuerit
919 5531 1065 5589 idem
1113 5534 1230 5587 sine
1262 5533 1430 5588 dubio
1461 5534 1565 5586 erit
1608 5532 1830 5587 humilis
1856 5550 1870 5600 ;
1899 5544 2027 5600 pro-

538 5692 580 5722 “
614 5691 791 5746 Galat.
833 5707 887 5754 v,
930 5693 1013 5745 lt}.

2139 4609 2521 4668 ταπεινώσεως
2567 4609 2827 4677 ἐρρίςροαι
2878 4607 3148 4675 ἀγγέλους
3197 4604 3258 4669 ἐξ
3309 4600 3563 4669 οὐρανοῦ·
3597 4591 3675 4647 καὶ

2135 4703 2307 4772 χωρὶς
2355 4700 2751 4770 νηφαλιότητος
2800 4698 2911 4750 ἰδοὺ
2970 4697 3239 4768 προδότης
3284 4696 3457 4766 ῥιφεὶς
3500 4693 3559 4743 ὲκ
3582 4685 3675 4738 τῶν

2136 4795 2440 4847 ἐπιλέκτων
2464 4810 2479 4823 ⁸
2512 4791 2652 4861 αῦτη
2680 4796 2787 4861 γὰρ
2808 4791 3047 4853 πίστεως
3073 4789 3170 4842 καὶ
3196 4789 3408 4849 ιλπίδος
3450 4787 3535 4837 καὶ
3560 4778 3677 4845 ἀγά-

2138 4904 2244 4956 πης
2268 4883 2599 4954 ἐνενργητικὴ
2626 4885 2719 4935 καὶ
2746 4882 3090 4951 τελειωτικὴ,
3118 4882 3213 4931 καὶ
3241 4879 3337 4948 τὴν
3373 4868 3675 4943 συντομωτέ-

2142 4996 2240 5049 ραν
2272 4978 2392 5030 ὁδὸν
2427 4976 2539 5029 τῶν
2568 4976 2733 5028 Θείων
2780 4973 3011 5027 ἐντολῶν
3064 4974 3123 5024 ὲν
3164 4972 3358 5033 αὑταῖς
3408 4958 3673 5036 ἔχο.σα·ὸ

2142 5070 2248 5140 γὰρ
2309 5069 2674 5135 καταξ;ωοε“ις
2706 5066 2780 5129 ὼς
2837 5066 2923 5118 δεῖν
2974 5065 3231 5124 ταπεινὸς
3278 5060 3526 5129 γενέσθαι
3566 5050 3670 5109 τοὺς

2142 5162 2321 5223 θείους
2354 5163 2743 5231 μακαρισμοὺς
2789 5162 2847 5213 ἐν
2904 5159 2983 5229 τῷ
3020 5158 3136 5226 ἰδίῳ
3180 5156 3284 5226 βίῳ
3318 5156 3404 5209 διὰ
3450 5147 3670 5217 πράξεως

2137 5254 2551 5325 ὲ(ξωγράιφησεν.
2593 5257 2650 5306 Ὀ
2682 5255 2728 5307 δ’
2770 5251 2839 5306 αὖ
2891 5253 3053 5305 πάλιν
3099 5251 3341 5322 καθαρὸς
3390 5250 3453 5315 τῇ
3497 5236 3671 5309 καρδίᾳ

2138 5346 2290 5399 ἔσται
2324 5346 2543 5406 πάντως
2572 5347 2663 5398 καὶ
2692 5345 2946 5407 ταπεινός
2969 5360 2984 5375 ·
3031 5344 3163 5397 ῐδιον
3190 5344 3300 5412 γὰρ
3324 5341 3420 5407 τῆς
3466 5326 3669 5398 καθαρό-

2134 5455 2293 5507 τητος
2323 5442 2356 5508 ὴ
2387 5438 2738 5498 ταπείνωσις,
2771 5438 2866 5488 καὶ
2892 5439 2927 5507 ἡ
2953 5438 3033 5499 εἰς
3065 5437 3196 5489 Θεὸν
3230 5432 3346 5503 μετ’
3375 5432 3563 5500 ἔρωτος
3588 5417 3666 5470 καὶ

2134 5530 2401 5600 θυμηδίας
2418 5530 2607 5597 ἀγάπη
2624 5545 2679 5581 τε
2710 5530 2802 5580 καὶ
2826 5522 3362 5597 ἔφεσις.γνωριστικὰ
3381 5519 3537 5584 αὐτῆς
3552 5509 3664 5563 καθ-
