3928 6212
351 353 458 419 ’141

1470 356 1568 416 DE
1609 353 2000 414 MANDATIS
2042 354 2108 414 D.
2154 352 2222 413 N.
2269 352 2324 411 J.
2368 349 2431 410 C.

3491 348 3599 412 742

365 473 690 540 εστήκασιν.
749 471 818 524 Ὃ
845 470 900 524 δὲ
946 469 1186 535 τοιοῦτος
1219 471 1311 523 καὶ
1340 471 1437 533 τὰς
1464 471 1658 532 λοιπὰς
1706 470 1792 522 διὰ
1825 469 1931 522 τῶν

2047 469 2153 524 oria
2191 469 2392 538 quippe
2447 466 2701 536 puritatis
2743 476 2828 522 est
2879 466 3182 530 humilitas.
3211 465 3367 536 cujus
3405 465 3601 520 chara-

356 563 450 614 δύο
482 562 692 615 τούτων
737 562 948 631 ἀρετῶν
981 562 1338 632 εὑρεθήσεται
1378 561 1665 628 φυλάττων
1689 578 1704 593 ο
1741 563 1768 612 6
1823 561 1930 627 γὰρ

357 653 610 715 ταπεινὸς
654 653 778 706 οὔτε
828 655 952 722 εἰκῆ
992 655 1294 723 ὀργίζεται,
1325 652 1448 705 οῦτε
1494 653 1714 722 ἑτέραις
1747 652 1934 719 ὕϐρεσι

359 743 680 809 περιϐάλλει
712 744 808 795 τὸν
859 744 1113 811 ἀδελφόν.
1167 745 1240 795 Τὸ
1282 743 1334 796 δὲ
1367 742 1780 809 καταλλαγῆναι
1827 741 1934 809 πρὸ

357 833 460 889 τοῦ,
491 833 663 902 δώρου
717 835 843 886 κατ’
865 835 1088 903 ἐντολῆς
1135 835 1374 902 ποίησιν,
1420 835 1508 886 ὅτε
1547 835 1640 885 καὶ
1673 834 1932 901 γένηται,

361 925 564 992 μᾶλλον
601 925 731 977 ίδιον
759 924 854 977 τοῦ
884 925 1170 988 ταπεινοῦ,
1201 924 1258 988 ὃς
1286 924 1473 977 δοῦλον
1527 923 1758 992 ἔσχατον
1801 923 1934 975 πάνο

361 1028 472 1064 των
495 1013 657 1064 αὑτὸν
679 1015 915 1081 ἡγεῖται,
949 1013 1042 1064 καὶ
1081 1013 1216 1082 πρὸς
1243 1012 1504 1082 ἀλήθειαν
1535 1015 1658 1080 γῆν,
1691 1013 1785 1064 καὶ
1806 1028 1936 1063 σπο-

361 1103 474 1168 δὸν,
507 1105 600 1157 καὶ
631 1105 924 1173 κίθαρμα·
952 1105 1011 1168 6;
1051 1105 1222 1174 πρᾶός
1246 1105 1304 1156 τέ
1340 1106 1454 1157 ἐστι
1485 1104 1579 1156 καὶ
1608 1103 1819 1156 πενθῶν
1843 1104 1938 1155 καὶ

365 1195 568 1247 πεινῶν
610 1198 708 1264 τὴν
737 1196 1101 1265 δικαιοσύνην,
1156 1195 1308 1260 Θεὸν,
1344 1197 1437 1249 καὶ
1477 1197 1681 1264 ἀρετήν
1701 1211 1716 1225 '
1746 1199 1840 1248 καὶ
1872 1195 1936 1264 δὴ

361 1287 458 1338 καὶ
476 1285 728 1354 ἐλεήμων
745 1303 761 1317 ·
787 1285 840 1337 εῐ
855 1301 917 1354 γε
940 1285 1175 1355 χορηγός
1193 1286 1310 1338 ἐστι
1327 1286 1506 1352 πάσης
1526 1285 1787 1352 ὲρνσίας
1804 1285 1939 1352 ἀγα-

361 1375 464 1442 θῆς
485 1376 519 1445 ή
550 1378 794 1445 μακαρία
813 1375 1165 1438 ταπείνωσις.
1190 1377 1442 1446 Καθαρδς
1461 1376 1517 1427 δὲ
1558 1379 1624 1445 τῇ
1640 1393 1708 1426 κα
1719 1376 1836 1445 ρδίᾳ
1856 1362 1938 1436 τίς

368 1463 578 1530 μᾶλλον
607 1463 699 1516 τοῦ
745 1463 1194 1534 χθαμαλόφρονος
1236 1463 1393 1523 ἄλλος
1429 1464 1614 1515 πλεῖον
1645 1464 1940 1534 εὑρεθήσε-

364 1568 502 1616 ut;
545 1553 658 1619 είγε
685 1553 754 1605 δι’
793 1550 1248 1622 ύψηλοφροσύνην
1291 1555 1386 1603 καὶ
1416 1551 1594 1604 Σατάν
1625 1555 1939 1622 ἀκάθαρτος

365 1643 398 1693 6
435 1643 746 1712 ἀσώματος.
778 1643 840 1696 Εί
879 1646 938 1697 δὲ
987 1645 1082 1697 καὶ
1119 1645 1322 1708 πάντες
1378 1643 1652 1704 ἐθέλοντες
1701 1645 1939 1708 εὐσεϐῶς

369 1734 471 1802 ζῇν
529 1734 587 1785 ὲν
623 1733 844 1806 Χριστῷ
886 1732 1060 1803 Ἰησοῦ
1094 1732 1506 1802 διωχθήσονται,
1563 1732 1640 1793 ὥς
1689 1749 1854 1801 φησιν
1903 1733 1937 1800 ή

2037 570 2213 614 cteres
2263 571 2320 614 et
2370 561 2522 628 signa
2562 560 2705 612 unde
2759 559 3147 628 dignoscantur
3193 568 3321 612 sunt
3367 556 3604 612 eharitas

2038 650 2092 702 in
2132 635 2298 703 Deum
2359 649 2506 703 dulei
2558 650 2758 703 all'eetu
2805 651 3120 720 conjuncta,
3146 659 3202 703 et
3229 648 3472 717 ejusdem
3507 648 3603 700 ali-

2040 741 2262 809 quando
2297 740 2509 794 fruendi
2565 743 2766 794 ardeus
2816 740 3174 794 desiderium.
3234 740 3383 808 Talis
3440 755 3608 808 porro

2037 834 2129 901 qui
2189 833 2376 893 luerit,
2414 831 2549 886 alias
2601 846 2820 901 quoque
2881 832 3112 884 virtUIes
3154 845 3217 883 ex
3275 832 3360 882 his
3395 830 3607 882 duabus

2036 932 2190 990 aptas
2225 922 2531 989 reperietur
2563 921 2861 974 custodire.
2889 908 3020 971 Nam
3057 919 3282 971 humilis
3314 920 3455 970 haud
3488 917 3607 970 sine

2037 1027 2201 1066 causa
2237 1013 2513 1074 irascitur,
2560 1027 2737 1082 neque
2795 1011 3077 1064 ulciscitur
3109 1009 3160 1063 in
3195 1004 3416 1062 fratrem
3469 1010 3610 1076 inju—

2013 1102 2153 1158 rias
2189 1103 2257 1157 ab
2286 1119 2352 1157 eo
2387 1113 2662 1172 acceptas,
2695 1102 2920 1172 paribus
2973 1101 3358 1168 rependendis.
3393 1101 3609 1154 Manda-

2039 1204 2154 1248 tum
2204 1193 2368 1247 etiam
2417 1192 2575 1254 illud,
2633 1191 3022 1246 reconciliandi
3064 1189 3166 1243 sibi
3208 1193 3426 1243 fratrem
3484 1200 3610 1243 ante

2039 1283 2244 1337 donum
2276 1281 2640 1344 oil‘erendum,
2667 1282 2788 1350 quis
2841 1281 3147 1354 promptius
3179 1289 3233 1332 et
3280 1280 3473 1332 melius
3510 1279 3611 1332 hu-
3641 1285 3654 1294 '

2040 1377 2154 1429 mili
2221 1376 2442 1429 homine
2492 1374 2763 1444 implebit.
2822 1373 2914 1442 qui
2971 1388 3028 1426 se
3087 1373 3336 1425 ultimum
3365 1374 3607 1425 omnium

2040 1477 2278 1536 reputat,
2330 1482 2461 1518 vere
2512 1481 2807 1534 persuasus
2837 1480 2958 1518 esse
3016 1480 3075 1518 se
3129 1465 3428 1534 pulverem,
3462 1466 3612 1518 eine-

2042 1573 2179 1619 rem,
2209 1557 2834 1626 purgamentmanem
2883 1563 3141 1623 prteterea
3204 1553 3352 1607 mitis
3412 1563 3512 1611 est.
3558 1563 3614 1605 ct

2040 1649 2252 1717 lugens,
2281 1660 2332 1701 et
2374 1649 2625 1702 esuriens
2667 1647 2962 1718 justitiam,
2998 1645 3165 1699 Deum
3209 1656 3264 1698 et
3315 1645 3610 1706 \irtutem;

2043 1740 2185 1792 idem
2216 1740 2545 1802 misericors,
2570 1740 2752 1808 largus
2797 1738 3054 1806 prmliitor
3086 1737 3328 1791 omnium
3359 1751 3479 1805 qua:
3513 1735 3612 1788 ha-

369 1819 582 1892 Γραφῆ,
607 1823 692 1886 τίς
723 1823 829 1893 ἄρα
862 1823 956 1876 τοῦ
986 1823 1128 1876 κατὰ
1155 1825 1392 1893 Χριστὶιν
1429 1823 1686 1876 ταπεινοῦ
1716 1823 1936 1876 εὐσεσὲ-

2047 1831 2137 1883 bet
2167 1839 2260 1884 aut
2297 1839 2476 1898 potest
2537 1831 2872 1884 ministrare.
2907 1829 3046 1897 Quid
3109 1829 3254 1882 enim
3301 1827 3612 1880 beneficen-

368 1930 564 1984 στερος
592 1914 624 1984 ἢ
651 1915 1037 1983 δεδιωγμένος,
1062 1915 1137 1976 ὦς
1154 1915 1258 1982 ἔφη
1291 1919 1316 1967 6
1350 1915 1558 1984 Σωτὴρ,
1589 1914 1656 1967 τὰ
1687 1915 1939 1983 ἐξαίρετα

365 2005 467 2058 τοῦ
509 2005 681 2074 Ἰησοῦ
712 2007 826 2075 βίου
849 2008 909 2058 ὲν
934 2007 1013 2072 τῷ
1045 2006 1260 2073 σώματι
1292 2005 1574 2076 βαστάσει,
1600 2005 1654 2058 εί
1675 2023 1739 2068 γε
1775 2006 1848 2075 μή
1871 2005 1920 2059 δι

365 2096 819 2166 ὐψηλοφροσύνην
847 2097 1208 2158 κατάστικτος
1240 2098 1542 2166 ἁμαρτίαις
1566 2115 1580 2160 ς

2049 1923 2156 1975 ιῑυε
2199 1921 2353 1975 beata
2414 1922 2764 1976 humilitate?
2809 1921 3043 1974 Mundus
3098 1935 3230 1974 vero
3284 1919 3449 1972 corde
3490 1918 3613 1984 quis

2046 2028 2286 2080 unquam
2366 2012 2508 2065 alius
2579 2013 2764 2066 verius
2839 2012 3244 2082 perfectiusque
3307 2014 3613 2078 reperietur

2041 2119 2204 2171 quam
2258 2104 2419 2156 homo
2451 2105 2730 2158 humiliter
2780 2105 2846 2158 de
2895 2120 2951 2160 se
2985 2104 3269 2158 sentiens?
3302 2104 3433 2157 Nam
3468 2102 3612 2156 unde

368 2189 538 2242 Satan
588 2202 788 2256 expers
856 2189 1106 2259 corporis
1164 2188 1479 2244 immundus
1536 2190 1713 2246 factus
1758 2199 1871 2257 est,
1909 2193 2012 2249 nisi
2055 2209 2121 2248 ex
2148 2195 2448 2264 superbia?
2485 2196 2540 2250 Si
2595 2205 2774 2249 autem
2811 2210 3000 2250 omnes
3040 2196 3132 2264 qui
3175 2195 3263 2264 pie
3311 2196 3502 2246 volunt
3528 2192 3609 2244 vi~

367 2294 500 2334 vere
558 2280 613 2333 in
679 2281 904 2336 Christo
937 2281 1066 2336 Jesu
1117 2283 1554 2350 persecutionem
1611 2285 1912 2352 patientur.
1943 2295 2002 2340 ut
2041 2287 2118 2340 ait
2170 2287 2457 2356 Scriptura

2505 2305 2519 2340 :
2573 2287 2825 2356 quisnam
2878 2302 3009 2342 vero
3058 2289 3112 2341 in
3142 2286 3362 2341 Christo
3392 2283 3608 2347 humili,

371 2382 466 2426 aut
500 2373 723 2442 iustior,
769 2381 866 2427 aut
938 2374 1114 2443 magis
1156 2375 1596 2443 persecutionem
1639 2376 1982 2445 patiens?ut
2020 2378 2269 2434 Salvator
2330 2380 2446 2446 ait;
2502 2388 2688 2448 utpote
2744 2395 2868 2433 cum
2910 2380 2955 2433 is
2997 2395 3116 2448 qua:
3175 2375 3522 2432 sunteximia
3557 2376 3610 2427 in

374 2465 481 2518 vita
515 2465 645 2521 Jesu
701 2467 756 2520 in
785 2480 1018 2535 corpore
1058 2482 1159 2520 suo
1190 2466 1592 2521 circumferat:
1637 2469 1730 2538 qui
1795 2481 1978 2526 autem
2019 2487 2128 2526 non
2189 2481 2273 2527 est
2344 2473 2585 2536 humilis,
2639 2483 2862 2542 propter
2919 2472 3230 2542 superbiam
3286 2481 3432 2523 tonis
3463 2485 3613 2523 cutu-
3685 2542 3694 2548 ἢ

371 2568 611 2628 puuctus
636 2557 984 2628 stigmatibus
1011 2569 1358 2629 peccatorum
1397 2571 1675 2629 appareat.

446 2655 527 2706 ιδ’.
546 2650 698 2716 Εἶδες
730 2654 964 2723 δύναμιν
989 2653 1148 2706 θείων
1162 2653 1494 2721 εύγγελικῶν
1513 2656 1792 2725 ῥημάτων,
1812 2653 1952 2721 εἶδες

373 2746 552 2816 ἀλκὴν
579 2748 679 2814 ὅση
717 2745 802 2809 τίς
856 2747 980 2798 ἔστι
1027 2745 1244 2817 νήψιὼς
1292 2763 1354 2799 τε
1406 2747 1497 2799 καὶ
1528 2749 1943 2815 ταπεινώσεωςς

373 2837 560 2897 υῦτως
593 2837 700 2903 ἄρα
729 2836 974 2904 πέφυκεν
995 2838 1028 2905 ή
1063 2836 1364 2907 πανάρετος
1395 2839 1555 2909 στολή
1587 2840 1826 2908 Χριστοῦ
1850 2841 1948 2894 τοῦ

375 2925 512 2978 Υιοῦ
539 2927 698 2992 Θεοῦ,
733 2928 766 2996 ἡ
797 2927 1068 2996 μακαρία,
1100 2928 1264 2995 λέγω,
1289 2930 1636 2994 ταπείνωσις,
1669 2934 1762 2984 καλ⁵
1778 2933 1947 3000 ἀγγε-

373 3019 501 3086 λικὴ
543 3017 852 3088 καθαρότης
886 3019 986 3087 τῆς
1030 3019 1271 3082 διανοίας
1325 3021 1658 3087 φυλακτικαὶ
1706 3019 1845 3075 εἶναί
1882 3039 1940 3076 τε

373 3112 469 3162 καὶ
499 3110 745 3178 γίνεσθαι
784 3111 844 3161 ἐν
867 3113 980 3172 τοῖς
1015 3109 1360 3180 βουλομένοις
1399 3112 1711 3179 φιλοπονεῖν
1753 3115 1943 3168 πασῶν

376 3200 486 3253 τῶν
510 3199 603 3252 τοῦ
634 3199 771 3254 Θεοῦ
817 3199 1045 3252 ἐντολῶν
1071 3216 1087 3234 ’
1127 3201 1395 3271 ἄρχουσαι
1420 3203 1528 3271 γάρ
1573 3204 1712 3254 εἰσιν
1744 3203 1941 3272 ἀρχου-

2126 2660 2212 2715 14.
2242 2660 2438 2716 Vidisti
2474 2661 2584 2714 vim
2628 2659 2937 2715 divinorum
2973 2660 3246 2728 Evangelii
3299 2661 3611 2720 verborum,

2045 2751 2228 2805 vidisti
2274 2759 2538 2820 quantum
2585 2753 2752 2804 robur
2789 2753 2862 2804 sit
2902 2751 3222 2804 attentionis
3248 2760 3302 2803 et
3337 2751 3616 2803 humilita~

2050 2841 2148 2894 tis?
2187 2839 2277 2895 Sic
2327 2841 2488 2910 plane
2547 2849 2743 2894 natura
2777 2840 2862 2902 lit,
2901 2848 2960 2893 ut
3001 2841 3299 2894 virtutibus
3323 2841 3618 2909 splendens

2043 2931 2302 2985 omnibus
2359 2932 2494 2985 Stola
2545 2930 2749 2985 Christi
2805 2931 2926 2984 Filii
2989 2931 3123 2996 Dei,
3166 2931 3272 2983 hoc
3322 2940 3426 2991 est,
3458 2932 3615 2984 beata

2043 3021 2349 3086 humilitas,
2383 3031 2440 3076 et
2489 3023 2732 3093 angelica
2777 3022 2987 3090 puritas
3032 3022 3534 3088 mentis,eustodes
3564 3032 3623 3074 et

2044 3128 2191 3167 nunc
2222 3114 2354 3176 sint,
2383 3123 2439 3168 et
2466 3115 2662 3168 luturae
2695 3130 2913 3184 semper
2941 3114 3074 3178 sint,
3108 3114 3421 3168 volentibus
3453 3116 3504 3166 in
3530 3118 3621 3168 via

2043 3201 2282 3271 Spiritus
2341 3203 2716 3268 contendere,
2766 3206 3011 3258 omnium
3065 3203 3159 3258 Dei
3212 3205 3614 3258 mandaturum.

377 3293 524 3377 σῶν..
549 3291 817 3360 βασιλίδας
843 3291 1074 3346 ἐντολῶν
1105 3292 1138 3362 ἢ
1170 3293 1380 3363 ἀρετῶν
1404 3309 1419 3324 ·
1470 3286 1631 3346 αὗται
1684 3295 1800 3360 γὰρ
1841 3311 1940 3362 φυ-

2047 3291 2326 3361 Princtpes
2353 3295 2557 3363 Quippe
2586 3295 2690 3348 illa:
2723 3296 3032 3365 principum
3057 3307 3203 3358 sunt,
3230 3297 3432 3363 regium
3467 3311 3618 3348 man-

375 3382 710 3452 λασσόμεναι
744 3383 1108 3452 περιεκτικῶς
1147 3383 1479 3451 φυλάττουσι
1525 3382 1650 3436 καθ’
1693 3382 1754 3435 ὃν
1794 3383 1944 3453 εἰρή-

375 3489 552 3542 καμεν
578 3474 778 3544 τρόπον
834 3474 935 3538 τὸς
967 3474 1160 3536 λοιπὰς
1211 3475 1434 3536 ἐντολὰς
1487 3475 1585 3537 τὰς
1636 3474 1762 3540 ἑξῆς
1792 3473 1946 3544 παρὰ

375 3563 687 3627 Ματθαίου,
719 3565 918 3633 μᾶλλον
946 3564 1005 3617 δὲ
1035 3565 1186 3635 παρά
1223 3564 1460 3635 Χριστοῦ
1490 3566 1788 3635 λεγομένας
1807 3580 1822 3596 ⁸
1851 3564 1946 3618 καὶ

375 3657 551 3717 οὕτως
586 3657 901 3726 εὑρίσκεται
932 3657 960 3710 6
987 3658 1262 3720 ταπεινὸς,
1297 3657 1325 3710 ὅ
1350 3673 1410 3710 τε
1438 3656 1677 3726 καθαρὸς
1717 3661 1784 3727 τῇ
1813 3674 1948 3729 καρ-

374 3749 464 3819 δίᾳ
494 3749 847 3820 ὲνταλμάτων
887 3749 1144 3802 ἁπάντων
1176 3749 1395 3819 ἄριστος
1421 3749 1595 3818 φύλαξ
1626 3748 1717 3802 τοῦ
1752 3747 1945 3802 ἑαυτοῦ

376 3843 652 3895 Δεσπότου
703 3859 762 3893 τε
790 3843 884 3894 καὶ
915 3841 1051 3895 Θεοῦ
1075 3856 1091 3872 ⁸
1121 3835 1182 3894 οὗ
1206 3842 1390 3894 ἕνεκεν
1437 3841 1531 3895 καὶ
1577 3841 1828 3894 κοπιάσει
1865 3843 1948 3902 είς

375 3934 470 3988 τδν
511 3933 683 3986 αἰῶνα
710 3931 921 3996 τοῦτον,
976 3933 1070 3986 καὶ
1121 3933 1344 4002 ζήσεται
1395 3935 1475 3995 εἰς
1519 3931 1804 4002 μέλλοντα,
1852 3931 1949 3986 καὶ

381 4023 852 4095 μακαρισθήσεται
881 4025 1033 4094 παρὰ
1081 4024 1288 4094 Κυρίου
1331 4026 1390 4077 ιν
1424 4027 1491 4098 τῇ
1534 4025 1826 4095 ἀπεράντῳ
1855 4024 1949 4076 καὶ

295 4125 310 4136 ‘
378 4114 586 4183 αἰωνίῳ
614 4115 726 4184 ζωῇ
761 4115 820 4166 ἑν
853 4115 1074 4188 Χριστῷ
1116 4115 1293 4183 Ἰησοῦ
1329 4117 1409 4185 τῷ
1435 4117 1622 4187 Κυρίῳ
1661 4116 1837 4186 ἡμῶν.

457 4213 542 4261 ιε’.
573 4207 676 4271 Θὲς
702 4205 994 4277 τοιγαροῦν
1025 4206 1116 4257 τὸν
1145 4207 1272 4260 νοῦν
1305 4224 1398 4260 σου
1435 4211 1514 4271 είς
1543 4208 1608 4259 τὰ
1639 4207 1909 4275 λεγόμενα
1930 4225 1946 4240 ο

379 4297 776 4351 είσελθὶτωσαν
806 4298 885 4360 εἰς
908 4297 1006 4357 τὰς
1030 4296 1200 4359 ἀκοάς
1223 4313 1319 4348 σου
1346 4297 1413 4348 τά
1443 4299 1592 4368 παρά
1618 4296 1710 4348 τοῦ
1744 4298 1947 4367 Κυρίου

381 4390 680 4460 εἰρημένα,
713 4391 766 4441 εἰ
795 4406 856 4457 γε
888 4389 1168 4451 πιστεύεις
1186 4388 1334 4458 αὐτῷ
1356 4404 1372 4420 ο
1401 4388 1502 4459 ἔφη
1559 4392 1668 4458 γὰρ
1723 4389 1805 4442 ὅτι
1857 4391 1949 4441 καὶ

381 4483 519 4550 περὶ
564 4481 738 4554 ἀργοῦ
772 4481 1124 4549 λόγουιλόγον
1171 4480 1525 4550 ἀποᾶἱισομεν
1565 4475 1624 4532 ὲν
1660 4481 1840 4551 ἐκείνῃ
1884 4483 1947 4550 τῇ

381 4574 606 4644 ήμέρᾳο
647 4573 832 4636 ἱκανὸς
873 4573 930 4626 δὲ
956 4569 1110 4636 οὗτος
1146 4573 1175 4625 6
1221 4573 1398 4639 λόγος,
1427 4574 1522 4625 ἐὰν
1552 4573 1694 4644 νήιρῃ
1729 4573 1886 4643 ἡμῶν
1916 4574 1948 4640 ή

379 4664 744 4728 διάνοια.¹ῡς
798 4664 858 4718 δὲ
910 4665 980 4718 τὰ
1012 4665 1371 4734 γεγραμμένα
1432 4663 1494 4716 ού
1543 4665 1794 4733 συνίησι,
1825 4665 1947 4716 οὔτε

381 4754 496 4822 μὴν
525 4752 635 4805 τῶν
657 4753 968 4824 λεγομένων
995 4753 1206 4819 ἀκούει,
1233 4753 1408 4806 ἔοικεν
1430 4755 1459 4807 6
1485 4753 1724 4816 τοιοῦτος
1747 4754 1946 4824 σωλῆνι

378 4844 655 4914 δεχομένῳ
686 4843 828 4914 ὕδωρ
865 4845 962 4897 καὶ
993 4845 1068 4915 μὴ
1121 4843 1496 4915 αἰσθανομένῳ
1548 4845 1631 4898 ὅτι
1664 4845 1731 4898 δι’
1779 4845 1945 4898 αὑτοῦ

379 4935 741 5005 παρέρχεται.
778 4935 875 4998 Τίς
909 4934 1004 4989 οῦν
1031 4936 1138 5004 ἀρα
1170 4936 1245 5006 μὴ
1295 4936 1526 5008 κλαύσῃ,
1569 4937 1652 4998 τίς
1679 4937 1740 4987 ού
1767 4935 1942 5004 λυπη-

383 5025 450 5096 Oi}
482 5026 579 5079 καὶ
616 5025 966 5096 καταπλαγῇ,
1003 5027 1088 5080 ὅτι
1114 5027 1143 5087 6
1194 5027 1468 5093 Δεσπότης
1491 5029 1591 5096 τῆς
1617 5026 1943 5096 οἰκουμένης

378 5115 447 5170 δι’
479 5117 674 5169 ἑαυτοῦ
704 5133 766 5169 τι
791 5117 888 5170 καὶ⁸
927 5118 1036 5170 τῶν
1063 5116 1264 5170 δούλων
1294 5116 1460 5170 αὑτοῦ
1490 5117 1600 5169 τῶν
1645 5119 1944 5186 προφητῶν

381 5208 474 5261 καὶ
503 5207 817 5262 ἀποστόλων
845 5207 965 5278 βοᾷ,
1005 5209 1101 5261 καὶ
1127 5208 1228 5261 οὐκ
1261 5209 1410 5260 ἔστιν
1445 5207 1473 5259 6
1518 5209 1771 5273 ἀκούωνς
1810 5209 1945 5261 Τίνα

381 5299 440 5352 δι
467 5300 585 5353 ιστι
617 5298 687 5352 τὰ
718 5301 1092 5369 κηρυττόμενα
1127 5298 1220 5351 ὑπ’
1254 5298 1470 5362 αὐτῶν;
1505 5299 1561 5349 Ὀ
1601 5300 1784 5367 γάμος
1807 5300 1946 5352 ἕτοι-

383 5407 507 5461 μος,
541 5392 699 5462 φησι,
728 5393 822 5445 καὶ
851 5393 920 5444 τὰ
949 5391 1249 5460 σιτεύματά
1277 5408 1380 5460 μου
1409 5392 1679 5459 τεθυμένα
1699 5407 1713 5423 ο
1751 5392 1779 5443 6
1815 5409 1946 5460 νυμ-

387 5482 505 5548 φίος
540 5481 682 5550 μετά
705 5481 863 5549 δόξης
895 5482 990 5533 καὶ
1019 5480 1493 5549 μεγαλοπρεπείας
1525 5481 1761 5550 κάθηται
1788 5482 1845 5533 ὲν
1866 5482 1944 5550 τῷ

381 5567 659 5637 νυμφῶνι,
689 5572 784 5622 καὶ
805 5568 1018 5638 διχεται
1037 5569 1161 5630 τοὺς
1190 5568 1515 5638 ἐρχομένους
1556 5571 1692 5636 μετά
1734 5574 1906 5640 χαρᾶς
1932 5588 1945 5602 ’

382 5657 415 5725 ή
444 5657 584 5728 θύρα
616 5659 908 5730 ἀνέῳκται,
935 5660 986 5712 oi
1015 5659 1284 5728 ὑπηρέται
1311 5658 1693 5722 σπουδάζουσι.
1722 5662 1832 5731 Πρὸ
1857 5663 1949 5716 τοῦ

386 5745 696 5818 κλεισθῆναι
745 5749 843 5821 τήν
897 5748 1087 5819 θύραν,
1145 5747 1520 5814 ἰξυποδίσατε,
1562 5752 1800 5818 μήποτε
1848 5752 1952 5816 ἔξω

2047 3383 2309 3437 datorum.
2339 3399 2404 3437 ac
2451 3386 2736 3438 virtutum.
2793 3387 2925 3455 Ipsm
2955 3386 3100 3440 enim
3132 3387 3259 3439 dum
3293 3387 3616 3441 custodiun-

2048 3480 2154 3537 tur,
2193 3473 2658 3542 comprehcnsive
2704 3476 3044 3540 custodiunt,
3081 3491 3146 3530 eo
3192 3491 3352 3544 quem
3382 3477 3622 3529 diximus

2047 3563 2230 3627 modo,
2270 3573 2466 3618 eaatera
2523 3563 3106 3634 mandata,,deinccps
3150 3581 3177 3618 η
3213 3565 3467 3619 Matthaen
3535 3568 3620 3617 vel

2048 3657 2232 3724 potius
2260 3671 2288 3708 a
2317 3656 2536 3710 Christo
2567 3658 2830 3724 exposita.
2881 3657 2937 3710 ln
2970 3657 3118 3712 hunc
3154 3658 3373 3712 modum
3408 3661 3619 3726 reperi-

2049 3757 2137 3801 tur
2167 3749 2389 3803 humilis
2441 3757 2495 3803 et
2554 3751 2790 3803 mundus
2823 3749 2989 3804 corde
3040 3751 3279 3820 optimus
3327 3763 3617 3804 exsecutor

2046 3839 2293 3897 omnium
2350 3827 2730 3893 mandatorum
2795 3840 3008 3898 Domini
3058 3855 3120 3894 ac
3177 3841 3269 3894 Dei
3323 3842 3617 3910 sui,cujus

2048 3944 2210 3982 causa
2268 3929 2480 3983 laborat
2529 3930 2585 3984 in
2635 3930 2739 3984 hoc
2794 3932 3017 3992 saeculo,
3053 3941 3108 3985 et
3137 3930 3281 3984 vivet
3327 3932 3378 3983 in
3411 3930 3613 3993 futuro,

2047 4017 2393 4073 beatificatus
2443 4034 2472 4072 a
2530 4020 2760 4073 Domino
2791 4021 2842 4074 in
2885 4020 3112 4090 perenni
3151 4030 3206 4074 et
3230 4030 3432 4074 aeterna
3485 4022 3618 4081 vita,

2048 4107 2102 4160 in
2136 4108 2357 4163 Christo
2380 4108 2504 4164 Jesu
2535 4110 2770 4163 Domino
2808 4119 3016 4165 nostro.
3181 4181 3184 4184 ι

2120 4198 2205 4254 15.
2238 4199 2450 4255 Adhibe
2481 4202 2647 4269 igitur
2668 4211 2905 4254 mentem
2937 4202 3003 4253 ad
3038 4201 3154 4255 lucc
3184 4218 3304 4271 qua:
3338 4201 3622 4267 dicuntur;

2050 4290 2424 4359 ingrediantur
2454 4293 2507 4345 in
2537 4309 2699 4347 aures
2741 4302 2860 4346 tuas
2891 4308 3012 4362 quae
3056 4293 3197 4346 dicta
3225 4303 3350 4346 sunt
3381 4309 3410 4346 a
3441 4295 3623 4346 Domi.

2050 4395 2142 4441 uo.
2173 4381 2216 4433 si
2254 4383 2302 4434 ei.
2336 4383 2537 4436 credis.
2559 4385 2636 4436 An
2660 4383 2804 4437 enim
2835 4383 2999 4452 (quod
3036 4384 3150 4452 ipse
3168 4384 3328 4446 dixit)
3355 4385 3420 4437 de
3452 4385 3619 4437 verbo

2050 4472 2228 4524 otioso
2273 4485 2303 4524 a
2357 4473 2519 4526 nobis
2569 4475 2780 4542 prolato
2825 4473 3116 4527 reddemus
3144 4477 3411 4527 rationem
3446 4476 3496 4528 in
3531 4477 3620 4528 die

2048 4563 2348 4632 iudicii,et
2411 4581 2518 4617 non
2572 4565 2867 4620 reddi-mus
2913 4566 2983 4620 de
3032 4567 3200 4622 verbo
3236 4583 3264 4621 a
3318 4568 3427 4621 Deo
3463 4570 3622 4623 nobis

1981 4627 2024 4681 θ
2054 4654 2226 4717 dicto,
2263 4671 2292 4708 a
2337 4655 2498 4710 nobis
2549 4658 2799 4727 neglecto
2845 4665 2901 4712 et
2932 4658 3113 4713 otioso
3149 4659 3374 4712 relicto?
3423 4659 3618 4727 Vigilct

2044 4761 2174 4817 ergo
2203 4761 2361 4804 mens
2394 4760 2580 4803 nostra
2619 4749 2960 4805 contendens
2985 4749 3051 4804 ad
3085 4751 3308 4804 verbum
3342 4756 3486 4802 omni
3523 4767 3616 4802 ae-

2043 4841 2295 4910 ceptione
2339 4844 2564 4913 dignum
2604 4836 2984 4913 'implendum.
3011 4845 3112 4909 Qui
3157 4845 3359 4912 scripta
3397 4859 3504 4898 non
3536 4847 3606 4896 in-

2044 4934 2259 5007 telligit,
2293 4950 2393 4989 nec
2430 4950 2492 4989 ea
2539 4950 2660 5003 qua:
2703 4935 2964 4988 dicuntur
3017 4934 3191 4989 audit.
3222 4935 3370 4989 Talis
3419 4936 3618 4990 similis

2048 5037 2133 5084 est
2187 5027 2360 5082 canali
2419 5027 2498 5081 sic
2560 5039 2754 5094 aquam
2803 5027 3119 5096 accipienti,
3153 5035 3214 5080 ut
3261 5042 3378 5080 eam
3433 5043 3530 5096 pt‘r
3557 5043 3618 5082 se

2048 5119 2286 5173 transire
2345 5134 2452 5170 non
2501 5117 2726 5170 sentiat.
2771 5117 2902 5182 Quis
2961 5132 3093 5186 ergo
3142 5133 3249 5171 non
3296 5117 3443 5182 ﬂent,
3508 5135 3615 5172 non

2049 5211 2284 5285 plangat,
2331 5226 2436 5263 non
2499 5210 2872 5278 Obstupescat.
2933 5211 3080 5279 quod
3134 5213 3397 5266 Dominus
3462 5202 3618 5268 orbis

2050 5302 2286 5355 universi
2345 5317 2466 5363 eum
2503 5310 2557 5354 et
2606 5317 2702 5370 per
2737 5315 2854 5354 sese
2884 5313 2939 5356 et
2968 5319 3065 5371 per
3105 5318 3292 5358 servos
3323 5320 3454 5359 suos
3489 5321 3617 5374 ιιι-οε

2049 5393 2243 5460 phetas
2263 5400 2318 5443 et
2352 5391 2625 5460 apostolos
2651 5394 2869 5456 clamet,
2901 5408 3009 5446 non
3045 5401 3127 5447 est
3161 5403 3339 5447 tamen
3368 5395 3460 5462 qui
3487 5411 3614 5450 eum

2046 5479 2277 5533 audiat?
2307 5481 2444 5546 Quid
2505 5489 2687 5534 autem
2744 5481 2818 5534 illi
2873 5483 3210 5550 praedicant?
3251 5483 3488 5553 Nuptiae,
3529 5487 3615 5540 in-

2055 5573 2271 5640 quiunt,
2301 5582 2498 5640 paratze
2551 5582 2701 5635 sunt,
2733 5573 2902 5626 altilia
2957 5575 3158 5628 occisa.
3191 5573 3434 5644 Sponsus
3487 5593 3613 5633 cum

2051 5663 2221 5732 gloria
2257 5674 2311 5716 et
2340 5662 2737 5730 magniﬁcentia
2765 5664 2921 5719 sedet
2965 5665 3020 5718 in
3050 5665 3310 5730 thalamo,
3337 5677 3388 5721 et
3411 5652 3612 5738 excipit

2051 5755 2329 5808 venientes
2385 5770 2507 5808 cum
2574 5755 2795 5825 gaudio.
2865 5756 3032 5811 Fores
3127 5767 3332 5826 patent.
3378 5757 3610 5815 Ministti
