3928 6212
387 245 500 308 ’ἵκω

1441 231 1862 295 PHILOTHEI
1903 225 2015 286 (ΣΡ.
2056 221 2573 281 ΡΑΤΒΙΛΗΕΗΕ

3518 218 3619 282 ιιι

385 357 548 408 varie
583 353 964 406 discurrentes
1022 358 1296 418 satagunt.
1351 349 1672 417 Properate.
1718 359 1785 398 ne
1836 337 1971 394 loris

2093 335 2326 405 ιείνητε·
2373 339 2466 390 καὶ
2494 337 2593 390 οὐκ
2645 337 2792 390 ἐστιν
2823 337 2850 390 6
2878 335 3146 404 εἰσφέρων
3186 332 3353 404 ὑμᾶς.
3388 333 3492 387 Καὶ
3537 335 3624 388 ἐπὶ

384 443 605 502 exclusi
660 441 949 502 maneatis,
989 449 1186 494 etnon
1246 441 1318 494 sit
1363 441 1453 508 qui
1492 455 1587 492 vos
1632 435 1966 490 itttrodueat.

389 538 454 588 In
497 533 584 586 bis
621 547 730 584 non
757 542 841 586 est
868 530 961 600 qui
995 530 1282 600 intelligat,
1316 545 1423 583 non
1478 536 1563 583 est
1592 527 1684 597 qui
1725 526 1968 580 Studium

389 624 681 682 adhibeat.
729 622 836 678 Sed
881 622 1094 676 desidia
1147 632 1203 676 et
1253 620 1562 676 sollicitudo
1592 619 1756 688 ltujus
1788 616 1970 670 smculi

394 717 555 771 velut
617 725 811 768 catena
855 713 1042 784 ligavit
1113 721 1350 766 mentem
1425 722 1696 764 nostram.
1751 708 1975 763 Divinas

394 807 720 876 Scripturas
746 816 895 859 recte
925 803 1146 873 quidem
1179 802 1494 862 scribimus.
1524 811 1672 855 recte
1716 801 1973 870 legimus,

405 911 561 954 rcete
595 907 779 951 autem
819 900 962 964 ipsas
990 895 1184 948 audire
1219 895 1496 955 nolumus,
1518 893 1645 960 quia
1687 908 1794 946 non
1823 893 1978 945 volu-

399 1005 524 1043 mus
549 1004 667 1057 (ltiti!
712 989 816 1041 illae
866 985 1188 1055 prtecipiunt
1229 986 1473 1053 exsequi.
1499 985 1633 1049 Quis
1667 984 1980 1053 peregrina-

407 1080 614 1132 tionem
647 1076 860 1143 longam
891 1074 1120 1141 suscipit
1162 1089 1266 1125 non
1302 1073 1520 1140 proviso
1552 1073 1604 1125 in
1636 1072 1776 1124 viam
1804 1070 1979 1124 victu?

410 1181 515 1220 nos
568 1176 746 1218 tamen
795 1163 982 1216 relicta
1024 1161 1112 1214 bic
1142 1176 1358 1214 annona
1411 1171 1622 1219 nostra,
1654 1171 1858 1214 temere
1891 1176 1982 1212 va-

406 1257 496 1310 cni
530 1255 870 1323 capessimus
903 1256 1006 1306 iter
1037 1253 1386 1305 immensum.
1419 1251 1617 1304 Beatus
1642 1252 1731 1319 qui
1765 1251 1981 1304 abunde

403 1345 624 1414 proviso
665 1345 890 1407 viatico,
933 1357 1125 1396 secure
1169 1342 1537 1411 proﬁciscitur
1571 1342 1637 1396 ad
1670 1343 1982 1397 Dominum.

406 1434 484 1486 Eu
519 1434 705 1486 decem
735 1431 974 1500 virgines
1030 1447 1136 1484 non
1188 1431 1491 1485 dormiunt.
1523 1432 1602 1485 En
1624 1434 1764 1484 servi
1798 1432 1984 1499 vigiles

407 1533 678 1592 satagunt,
707 1532 1089 1591 exspectantes
1110 1522 1391 1576 dominum
1415 1538 1594 1586 suum,
1617 1524 1767 1592 gnari
1800 1523 1986 1575 venire

406 1625 580 1683 ipsum
613 1624 835 1682 accepto
876 1600 1064 1681 regno,
1098 1628 1220 1666 eum
1262 1613 1462 1666 virtute
1489 1622 1536 1666 et
1562 1613 1727 1682 gloria
1772 1628 1984 1682 magna,

407 1715 798 1758 coronaturnm
835 1720 1024 1758 servos
1053 1704 1145 1773 qui
1169 1704 1383 1758 talentis
1410 1705 1476 1758 ab
1510 1705 1625 1774 ipso
1663 1705 1728 1758 iis
1759 1705 1985 1758 creditis

404 1806 625 1856 strenue
649 1799 904 1863 negotati
925 1795 1149 1862 fuerint,
1172 1797 1584 1850 interfecturum
1605 1808 1786 1850 autem
1807 1795 1992 1851 hostes

407 1888 649 1958 suosqtri
678 1887 964 1942 tsbilt-tntaltl
1004 1886 1156 1942 illum
1199 1902 1360 1957 super
1384 1904 1440 1941 se
1463 1901 1704 1956 regnare.
1746 1887 1990 1950 Quomo-

411 1986 480 2036 do
513 1997 690 2036 autem
727 1980 1097 2036 venit?Nocte
1124 1981 1322 2042 media,
1345 1981 1452 2034 alte
1483 1982 1655 2049 sepita
1693 1978 1840 2032 omni
1883 1977 1990 2031 ltu-

408 2091 566 2129 mana
598 2084 813 2136 natura,
843 2081 1064 2141 repente
1087 2071 1154 2126 de
1185 2072 1325 2126 coelo
1357 2072 1416 2125 ﬁt
1449 2087 1617 2126 sonus
1662 2086 1907 2141 magnus,
1936 2073 1994 2125 et

409 2162 676 2217 horrenda
696 2163 954 2218 tonitrua.
974 2171 1030 2214 et
1050 2159 1310 2214 terribilia
1331 2159 1562 2229 fulgura,
1577 2174 1699 2213 cum
1720 2167 1994 2212 terrme'

410 2266 488 2321 tu,
508 2254 705 2323 quibus
724 2251 971 2305 concussi
994 2250 1364 2320 expergiscunt
1378 2266 1439 2302 ur
1456 2249 1549 2319 qui
1566 2249 1994 2312 dormiebant,et

409 2344 729 2398 recordatur
744 2341 980 2411 quisque
1003 2355 1225 2394 suorum
1241 2355 1489 2409 operum,
1503 2339 1547 2394 si
1557 2355 1617 2393 vc
1644 2354 1707 2392 ea
1723 2339 1862 2392 bona
1880 2339 1992 2392 sive

411 2435 550 2488 mala
576 2435 813 2499 fuerint;
845 2431 936 2500 qui
973 2445 1102 2485 vero
1139 2430 1276 2484 mala
1324 2441 1576 2501 egerunt,
1616 2430 1856 2485 tundunt
1895 2445 1991 2486 sua

417 2533 661 2592 pectora,
686 2523 736 2576 in
763 2532 934 2576 strato
962 2522 1339 2592 suojacentes,
1363 2522 1618 2591 quoniam
1649 2537 1756 2576 non
1776 2533 1855 2576 est
1885 2537 1993 2593 quo

419 2615 649 2683 fugiant,
672 2624 766 2666 aut
788 2613 880 2666 ubi
903 2611 1271 2678 oceultentur,
1307 2613 1401 2665 aut
1424 2621 1636 2681 tempus
1667 2613 1992 2666 emendandi

415 2721 515 2774 per
543 2705 916 2774 paenitentiam
933 2717 995 2757 ea
1020 2702 1074 2755 in
1097 2702 1296 2771 quibus
1312 2713 1599 2771 peccantes
1621 2704 1990 2772 deliquerunt.

420 2799 633 2852 Etenim
658 2806 802 2852 terra
825 2797 1169 2862 concutitur;
1213 2796 1448 2871 tonitrua
1481 2796 1814 2873 ltorribiliter
1848 2812 1993 2850 reso-

418 2891 601 2944 nantia
615 2887 1203 2958 cousmrnantd’ulgura
1218 2886 1533 2942 terribiliter
1548 2888 1997 2956 exsplcntlcscen-

2070 429 2280 490 τούτοις
2308 429 2410 481 οὐκ
2439 428 2591 482 ἔστιν
2621 430 2650 480 6
2679 430 2899 494 συνίων,
2929 429 3029 482 οὐκ
3057 427 3202 480 ἐστιν
3229 429 3257 480 6
3294 426 3524 495 σπουδὴν
3548 444 3624 480 τι·

2073 521 2298 590 θέμενος
2321 535 2337 552 ⁸
2371 520 2544 591 ἀλλ’ἢ
2581 520 2823 592 ῥᾳθυμία
2863 520 2958 574 κα)⁸
3001 520 3033 587 ἡ
3067 519 3293 587 φροντὶς
3319 516 3416 572 τοῦ
3444 517 3626 582 αἰῶνος

2071 616 2284 680 τούτου,
2343 615 2532 685 ὥσπερ
2559 616 2772 678 ἅλυσις,
2805 614 3009 668 ἔδεισεν
3037 613 3197 681 ἡμῶν
3244 612 3347 682 τὴν
3382 610 3625 666 διάνοιαν.

2074 709 2186 771 Τὰς
2227 706 2380 769 θείας
2413 707 2634 776 Γραφὰς
2672 706 2847 772 ὀρθῶς
2884 705 2983 774 μὲν
3015 705 3324 775 γράφομεν,
3348 701 3442 754 καὶ
3466 700 3629 772 ὀρθῶς

2075 799 2486 869 ἀναγινώκομεν
2504 813 2516 828 ⁸
2543 798 2719 868 ὀρθῶς
2740 798 2797 850 δὲ
2823 796 3028 850 τούτων
3052 795 3289 850 ἀκοῦσαι
3315 793 3375 846 οὐ
3399 792 3628 860 θέλομεν,

2077 892 2162 944 διὰ
2191 889 2251 942 τὸ
2281 890 2356 958 μὴ
2386 888 2672 958 βούλεσθαι
2703 887 2851 957 ἡμᾶς
2890 886 2958 938 τά
2987 883 3330 953 παρ”αύτῶν
3358 880 3629 934 ἐπιτελεῖν.

2079 982 2175 1041 Τίς
2207 983 2313 1048 ἄρα
2345 981 2693 1048 ἀπεδήμησεν
2741 977 3094 1040 ἐπισιτισμοῦ
3124 976 3297 1045 χωρὶς
3335 973 3548 1043 μακρὰν
3586 971 3633 1023 6-

2078 1075 2206 1136 66v;
2245 1059 2494 1141 καθάπερ
2524 1073 2686 1140 ἡμεῖς
2717 1068 3046 1140 βουλόμεθα.
3089 1065 3325 1135 ἀφέντες
3348 1065 3435 1116 τὸν
3476 1067 3636 1115 ἐπισι-

2080 1166 2276 1234 τισμὸν
2308 1166 2463 1245 ἡμῶν
2494 1163 2744 1226 ἐνταῦθα,
2784 1160 2920 1232 μηδὲ
2945 1161 3024 1222 εἰς
3055 1160 3156 1228 τὴν
3183 1156 3495 1226 ἀποδημίαν
3532 1155 3636 1245 ἑπι-

2085 1257 2366 1325 φὲρεσθαι.
2399 1255 2686 1326 Μακάριος
2719 1256 2871 1317 ὅστις
2920 1253 3056 1323 μετά
3089 1250 3408 1322 παρρησίας
3451 1248 3636 1317 ἀπεδή-

2086 1365 2227 1416 μησε
2257 1347 2390 1417 πρὸς
2427 1348 2517 1399 τὸν
2548 1347 2774 1416 Κύριον,
2829 1345 3117 1415 βαστάζων
3175 1343 3268 1394 τὸν
3319 1338 3637 1408 ἐπισιτισμὸν

2087 1438 2252 1492 αὑτοῦ
2285 1438 2528 1506 ἀνενδεῆ.
2572 1437 2701 1490 Ἰδοὺ
2749 1437 2814 1504 δὴ
2861 1435 2957 1488 καὶ
3009 1437 3067 1488 αἱ
3102 1433 3238 1487 δέκα
3293 1429 3549 1501 παρθένοι
3583 1427 3635 1480 οὐ

2088 1529 2409 1583 καθεύδουσι
2433 1545 2448 1560 ο
2474 1527 2568 1581 καὶ
2600 1527 2650 1579 οἱ
2685 1526 2860 1579 δοῦλοι
2897 1522 3386 1595 πραγματεύονται
3431 1518 3638 1588 προσδε·

2091 1622 2309 1690 χόμενοι
2338 1618 2428 1671 τὸν
2456 1616 2725 1680 δεσπότην
2754 1614 2988 1674 ἑαυτῶν,
3021 1611 3342 1679 ἐπιγνόντες
3379 1609 3457 1661 ὅτι
3495 1603 3636 1658 ἔλαϐε

2093 1710 2192 1779 τὴν
2223 1706 2518 1776 βασιλείαν,
2550 1704 2642 1756 καὶ
2674 1703 2890 1773 ἔρχεται
2915 1696 3054 1770 μετὰ
3081 1698 3366 1765 δυνάμεως
3390 1697 3480 1748 καὶ
3499 1693 3638 1759 δόξης

2095 1797 2292 1864 πολλῆς
2343 1794 2685 1864 στεφανῶσαι
2735 1791 2834 1860 μὲν
2881 1780 3005 1852 τοὺς
3051 1787 3274 1848 δούλους
3325 1783 3486 1836 αὑτοῦ
3528 1781 3640 1843 τοὺς

2095 1888 2277 1950 καλῶς
2324 1883 2924 1955 πραγματευσαμένους
2982 1880 3062 1949 τῷ
3102 1877 3356 1949 ἀργυρίῳ
3399 1869 3441 1942 ᾧ
3472 1873 3643 1942 ἐκομί-

2096 1996 2256 2032 σαντο
2284 1979 2418 2046 παρ’
2475 1976 2640 2029 αὑτοῦ
2667 1992 2680 2006 ο
2713 1975 2924 2027 ἀνελεῖν
2948 1971 3004 2026 δὲ
3042 1973 3170 2034 τοὺς
3225 1968 3453 2040 ἐχθροὺς
3487 1963 3639 2019 αὑτοῦ

2091 2072 2220 2134 τοὺς
2257 2071 2332 2140 μὴ
2360 2070 2611 2132 θέλοντας
2635 2068 2798 2122 αὐτὸν
2831 2065 3153 2136 βασιλεῦσαι
3189 2066 3276 2118 ἐπ’
3309 2061 3520 2123 αὐτούς.
3561 2059 3640 2112 '0-

2095 2165 2246 2218 ποῖον
2277 2163 2332 2217 δὲ
2363 2162 2595 2234 τρόπον;
2643 2161 2736 2214 Ἐν
2765 2161 2903 2230 μέσῃ
2944 2157 3123 2221 νυκτὶ,
3155 2159 3217 2210 ὲν
3247 2156 3402 2226 ὕπνῳ
3439 2167 3643 2228 κατεχο-

2097 2257 2262 2327 μένης
2297 2255 2397 2322 τῆς
2429 2253 2540 2306 τῶν
2574 2251 2878 2322 ἀνθρώπων
2906 2251 3141 2318 φύσεως,
3177 2247 3454 2316 αἰφνιδίως
3473 2244 3534 2296 ὲκ
3553 2241 3637 2294 τοῦ

2093 2347 2323 2419 ούρανοῦ
2335 2347 2546 2415 γίνεται
2571 2341 2702 2413 ἦχος
2727 2345 2919 2413 μέγας,
2944 2345 3035 2395 καὶ
3057 2343 3283 2413 βρονταὶ
3301 2339 3535 2411 φρικταὶ,
3552 2335 3634 2390 καὶ

2097 2441 2381 2510 ἀστραπαὶ
2419 2437 2771 2508 δειματὼδεις
2832 2440 2970 2506 μετὰ
3012 2435 3242 2504 σεισμοῦ
3265 2449 3281 2466 ⁶
3307 2431 3634 2503 ὲκθροοῦνται

2095 2532 2353 2600 ἐξαίφνης
2407 2531 2456 2582 οἱ
2490 2528 2878 2594 καθεύδοντες,
2911 2527 3005 2580 καὶ
3048 2525 3382 2597 μνημονεύει
3429 2523 3634 2582 ἕκαστος

2094 2623 2162 2676 τὰ
2187 2618 2377 2674 ἑαυτοῦ
2399 2617 2555 2689 ἔργα,
2583 2618 2693 2672 εἴτε
2713 2617 2893 2682 ἀγαθά
2910 2617 3018 2670 εἴτε
3038 2617 3189 2670 κακά
3211 2631 3228 2649 ·
3259 2617 3307 2668 οἱ
3333 2615 3387 2667 δὲ
3416 2614 3480 2666 τὰ
3505 2609 3634 2665 κακά

2097 2712 2406 2785 πράξαντες
2435 2710 2700 2764 τύπτουσι
2725 2710 2790 2764 τὰ
2833 2709 3030 2779 στέρνα
3056 2708 3262 2775 αὐτῶν,
3290 2707 3525 2779 κείμενοι
3553 2700 3635 2756 ἐπὶ

2096 2808 2193 2875 τῆς
2225 2806 2436 2874 κοίτης,
2470 2805 2553 2857 ὅτι
2579 2805 2679 2856 οὐκ
2704 2803 2820 2856 ἔστι
2855 2801 2958 2854 ποῦ
2990 2802 3207 2869 φυγεῖν,
3240 2800 3273 2870 ἢ
3304 2798 3578 2875 κρυϐῆναι,
3605 2793 3635 2862 ἢ

2100 2872 2552 2967 μεταμεληθῆναι
2583 2895 2669 2962 ἐφ’
2705 2889 2787 2956 οἷς
2827 2891 3068 2962 ἔπραξαν
3088 2905 3103 2920 ⁸
3141 2891 3178 2962 ἦ
3201 2909 3258 2943 τε
3279 2890 3386 2959 γὰρ
3410 2887 3480 2957 γῆ
3518 2872 3639 2939 σεῖε·

419 2985 492 3036 tia
512 2983 628 3036 dire
647 2980 1012 3045 conturbant;
1043 2979 1215 3048 caligo
1231 2989 1410 3032 autem
1430 2993 1570 3032 caeca
1588 2979 1823 3046 undique
1847 2979 1992 3048 ipsos

2095 3007 2203 3054 ται,
2241 2990 2334 3042 καὶ
2367 2991 2420 3039 αἱ
2481 2977 2702 3056 βρονταὶ
2741 2985 2943 3056 βοῶσαι
2976 2983 3260 3051 φοϐοῦσιν,
3294 2984 3347 3034 al
3381 2978 3636 3051 ἀστραπαὶ

417 3073 712 3127 obumbrat
762 3071 1118 3124 miserrimos.
1165 3067 1255 3124 Sic
1301 3080 1355 3122 et
1398 3068 1568 3122 in-illa
1599 3069 1749 3132 liora,
1775 3071 1993 3137 quando

420 3164 605 3233 fulgur
647 3161 1050 3216 velocissimum
1123 3168 1398 3212 momento
1463 3159 1831 3228 expavefaciet
1891 3169 1997 3214 ter-

423 3271 536 3309 ram
571 3262 733 3308 totam
761 3269 778 3319 ;
807 3252 894 3306 cui
925 3249 1120 3304 terrori
1171 3251 1566 3319 superveniens
1597 3240 1818 3320 clangor
1852 3251 1997 3306 tubae

422 3343 774 3399 acutissimus
805 3358 833 3395 e
866 3341 1027 3407 caelo,
1053 3341 1314 3395 excitabit
1343 3341 1698 3405 dormientes,
1727 3326 1781 3394 et
1803 3355 1998 3410 exper-

422 3436 554 3508 gisci
602 3443 759 3505 coget
820 3435 1033 3503 sopitos
1086 3448 1115 3486 a
1169 3432 1691 3501 saeculo.lpsienim
1715 3433 1995 3487 caalicum

427 3529 545 3583 suis
577 3526 877 3581 virtutibus
914 3526 1263 3590 titubabunt;
1293 3532 1346 3578 et
1376 3535 1520 3579 terra
1549 3527 1800 3580 universa
1831 3526 1998 3580 maris

420 3627 718 3671 tremorem
773 3615 1103 3676 imitabitur.
1159 3629 1189 3667 a
1247 3615 1380 3667 facie
1433 3613 1618 3682 gloria:
1666 3613 1878 3668 Judicis
1908 3627 2000 3664 ve-

426 3709 646 3762 nientis.
701 3707 844 3776 Ignis
875 3707 1076 3775 quippe
1123 3705 1382 3758 terribilis
1439 3708 1710 3774 praecedet
1739 3713 1866 3757 ante
1922 3703 2000 3757 fa—

424 3801 561 3852 ciem
593 3801 732 3868 ejus,
767 3810 1093 3866 percurrens
1124 3803 1180 3849 et
1213 3810 1452 3864 purgans
1494 3807 1690 3848 terrain
1722 3810 1752 3847 a
1781 3795 2001 3848 sceleri-

433 3890 534 3943 bus
589 3904 709 3958 quze
768 3889 1194 3955 inquinaverunt
1262 3887 1457 3955 ipsam.
1506 3886 1756 3940 lnfernus
1808 3887 2000 3955 pandit

430 3989 664 4032 a-ternas
686 3993 812 4031 suas
841 3985 1042 4044 portas.
1075 3976 1217 4028 Mors
1254 3975 1574 4029 destruitur.
1603 3975 1789 4030 Pulvis
1814 3985 1996 4032 autem

428 4071 687 4140 putridus
719 4070 911 4123 audito
940 4069 1192 4138 clangore
1223 4068 1365 4122 tuba:
1396 4069 1773 4123 viviﬁcabitur.
1803 4069 1997 4126 Mirum

431 4160 657 4212 omnino
714 4159 865 4212 visui
936 4160 1234 4213 innumera:
1299 4161 1512 4224 animm,
1543 4161 1691 4216 velut
1741 4162 1794 4217 in
1862 4164 1999 4219 mari

435 4251 615 4318 pisces
668 4249 880 4303 inﬁnito
929 4265 1155 4303 numero
1186 4265 1302 4305 sese
1339 4251 1612 4310 vitrantes
1666 4251 1722 4305 in
1759 4251 1994 4319 inferno,

2097 3081 2352 3134 πτοοῦσιν
2378 3095 2391 3108 ο
2427 3078 2614 3132 σκοτία
2647 3094 2706 3130 τε
2753 3077 2947 3147 βαθεῖα
2983 3079 3205 3147 κατέχει
3246 3075 3458 3137 αὐτούς.
3500 3072 3636 3126 Οὕτω

2096 3174 2190 3227 καὶ
2221 3174 2278 3224 ἐν
2311 3174 2374 3240 τῇ
2415 3170 2534 3242 ὥρᾳ
2568 3170 2752 3240 ἐκείνῃ
2798 3169 2872 3230 ὡς
2906 3169 3167 3238 ἀστραπὴ
3209 3168 3435 3238 ὀξυτάτη
3474 3167 3634 3242 αἰφνι-

2094 3262 2220 3326 δίως
2248 3241 2473 3330 θροήσει
2504 3241 2678 3314 πᾶσαν
2703 3259 2799 3329 τὴν
2834 3259 2937 3328 γῆν
2959 3274 2976 3292 ·
3009 3258 3250 3328 σάλπιγξ
3279 3259 3380 3329 γὰρ
3409 3241 3635 3326 μετᾶφό-

2095 3353 2192 3406 6ου
2227 3353 2483 3406 σαλπίσει
2512 3354 2574 3404 ἐκ
2609 3351 2990 3420 τοῦ-ούρανοῦ,
3023 3353 3120 3405 καὶ
3174 3354 3357 3422 εγερεῖ
3397 3351 3515 3412 τοὺς
3545 3364 3632 3400 κα-

2097 3444 2406 3508 θεύδοντας,
2439 3443 2729 3513 ὲξυπνήσει
2759 3441 2886 3507 τοὺς
2921 3442 3016 3495 ἀπ’
3067 3444 3265 3504 αἰῶνος
3319 3436 3631 3509 κεκοιμημὲο

2095 3555 2218 3602 νους
2243 3555 2257 3570 ·
2285 3531 2426 3592 οὗτοι
2452 3539 2560 3607 γὰρ
2593 3536 2643 3588 οἱ
2673 3536 2892 3605 οὐρανοὶ
2936 3535 3073 3604 μετά
3111 3535 3222 3587 τῶν
3253 3535 3521 3603 δυνάμεων
3551 3531 3634 3582 αύο

2094 3629 2202 3682 τῶν
2231 3628 2674 3698 σαλευθήσονται,
2703 3627 2800 3680 καὶ
2827 3629 2860 3695 ή
2893 3627 2962 3695 γῆ
3017 3627 3168 3679 πᾶσα
3203 3625 3387 3695 ὥσπερ
3412 3624 3466 3676 τὸ
3505 3621 3634 3688 ὕδωρ

2095 3721 2193 3788 τῆς
2227 3720 2502 3788 θαλάσσης
2549 3717 2812 3788 τρομάξει
2858 3717 2964 3769 άπὸ
2997 3716 3293 3784 προσώπου
3321 3716 3414 3782 τῆς
3457 3709 3627 3765 αὑτοῦ.

2096 3812 2216 3882 Πῦρ
2259 3813 2367 3880 γὰρ
2407 3811 2635 3880 φοϐερὸν
2681 3806 2963 3879 προτρέξει
3000 3808 3105 3877 πρὸ
3144 3805 3433 3878 προσώπου
3465 3802 3630 3864 αὑτοῦ,

2045 3950 2049 3960 .
2096 3903 2458 3974 παρατρέχων
2527 3902 2620 3954 καὶ
2681 3898 2994 3964 καθαρίζων
3057 3899 3156 3970 τὴν
3231 3899 3335 3968 γῆν
3385 3898 3485 3950 ἀπὸ
3539 3893 3631 3945 τῶν

2096 3993 2336 4062 ἀνομιῶν
2387 3991 2494 4044 τῶν
2565 3987 2842 4060 μιανασῶν
2902 3990 3108 4058 αὑτήν·
3173 3990 3202 4044 6
3256 3989 3387 4060 ᾅδης
3448 3987 3630 4051 ἀνοίγει
3691 3986 3704 4000 ⁵

2095 4086 2193 4146 τὰς
2239 4083 2464 4146 αἰωνίας
2516 4079 2680 4134 αὑτοῦ
2743 4082 2952 4145 πύλαςο
3006 4085 3034 4135 ό
3091 4081 3320 4142 θάνατος
3381 4079 3631 4146 κατήργη-

2095 4193 2228 4231 ται·
2261 4177 2290 4229 6
2317 4176 2373 4229 δὲ
2411 4175 2537 4245 χοῦς
2575 4177 2604 4229 6
2660 4173 2876 4241 σαπεὶς,
2927 4173 3170 4238 ἀκούσας
3195 4176 3293 4243 τῆς
3339 4172 3628 4244 φωνῆς,τῆς

2102 4264 2426 4333 σάλπιγγος,
2457 4263 2922 4333 ζωοποιηθήσεται
2949 4279 2964 4295 ο
2996 4263 3183 4334 θαῦμα
3217 4265 3322 4335 γάρ
3357 4263 3476 4316 ίδεῖν
3511 4261 3625 4326 ἁλη-

433 4343 487 4395 itt
525 4341 632 4394 ictu
697 4341 837 4395 oeuli
905 4352 1262 4410 prorumpent
1319 4342 1466 4409 inde,
1497 4352 1553 4397 et
1599 4359 1720 4398 ossa
1767 4359 1992 4414 quaeque

2103 4357 2213 4419 θῶς
2245 4355 2362 4418 πῶς
2389 4357 2446 4406 ἂν
2475 4357 2608 4426 ῥιπῇ
2631 4355 2912 4424 ὀφθαλμοῦ
2949 4357 3007 4408 ὲν
3037 4333 3117 4426 τῷ
3159 4333 3484 4430 ᾆδῃηῦσπερ
3512 4352 3630 4419 τιδλῆ-

435 4449 530 4488 sua
571 4448 906 4503 quocunque
955 4435 1242 4502 quaesitum
1288 4435 1464 4496 ibunt,
1506 4450 1580 4495 ea
1603 4435 1836 4490 invicem
1866 4435 1997 4492 ada-

436 4525 686 4595 ptabunt.
712 4537 766 4578 et
799 4525 904 4578 sibi
939 4525 1188 4586 induent,
1213 4541 1276 4578 ac
1299 4534 1649 4594 resurgentes
1685 4526 2002 4581 clamabunt

437 4615 710 4693 universa;
731 4615 977 4671 dicentes
1010 4633 1026 4670 :
1075 4615 1256 4670 Gloria
1288 4616 1338 4670 ei
1392 4617 1486 4685 qui
1520 4617 1868 4686 congregavit
1901 4634 2003 4674 nos

435 4717 493 4762 ct
531 4707 813 4762 suscitavit
858 4722 954 4776 per
993 4722 1146 4762 suam
1198 4707 1653 4761 misericordiam.
1690 4707 1843 4761 Tunc
1865 4709 1999 4779 justi

438 4800 696 4870 gaudent,
725 4809 781 4854 et
812 4789 985 4853 sancti
1021 4799 1316 4853 exsultant.
1349 4797 1504 4852 Tunc
1534 4797 1760 4867 perfecti
1806 4809 2003 4854 aseeta:

438 4892 866 4946 consolationem
896 4891 1142 4962 pristinis
1174 4891 1456 4946 laboribus
1482 4906 1666 4960 parem
1701 4890 2000 4961 accipiunt;

441 4991 724 5052 martyres,
771 4966 1361 5053 apostoli,'propltetae
1410 4992 1765 5038 coronantur.
1807 4983 2004 5040 Beatus

439 5074 527 5128 cui
559 5083 747 5127 sancto
776 5074 1054 5143 continget
1096 5074 1286 5128 horam
1317 5073 1500 5128 videre
1539 5073 1708 5139 illam,
1737 5089 1843 5143 qua
1870 5075 2002 5144 justi

443 5165 726 5232 rapientur
783 5179 906 5216 cum
963 5163 1133 5232 gloria
1197 5163 1250 5217 in
1305 5163 1545 5217 nubibus
1603 5163 1656 5216 itt
1713 5178 2003 5218 occursum

448 5257 769 5310 immortalis
829 5255 1043 5325 Sponsi.
1077 5269 1267 5308 omnes
1304 5255 1396 5324 qui
1456 5254 1766 5308 dilexerunt
1805 5255 2003 5324 ipsum,

445 5355 504 5400 et
556 5347 889 5401 studuerunt
968 5346 1193 5415 exsequi
1257 5359 1449 5399 omnes
1508 5345 1817 5398 voluntates
1866 5344 2002 5414 ejus.

445 5439 662 5502 Quanto
713 5446 894 5491 autem
949 5436 1299 5506 ampliﬁcavit
1351 5439 1520 5506 magis
1549 5438 1920 5505 unusquisque
1953 5439 2007 5491 in

452 5531 553 5584 bac
588 5532 695 5584 vita
756 5547 882 5585 suas
919 5530 1089 5600 ipsius
1149 5530 1283 5594 alas,
1315 5538 1466 5582 tanto
1524 5530 1685 5582 altius
1737 5529 1923 5582 Volat:
1953 5540 2008 5582 et

445 5631 654 5690 quanto
710 5619 938 5688 quisque
978 5621 1290 5689 diligentius
1339 5621 1614 5691 inundavit
1649 5621 1864 5674 oculum
1913 5617 2002 5674 sui

2102 4447 2193 4511 θος
2223 4446 2420 4518 ἰχθύων
2451 4449 2510 4499 ὲν
2531 4449 2598 4518 τῇ
2626 4447 2870 4519 θαλάσσῃ
2905 4449 3304 4518 στρεφομένων,
3331 4447 3491 4507 οὕτως
3515 4445 3629 4495 dva-

2105 4539 2371 4610 ρίθμητον
2399 4537 2603 4606 πλῆθος
2650 4537 2719 4590 τὰ
2767 4537 2900 4590 όστᾶ
2927 4539 3022 4607 τῆς
3056 4538 3404 4608 ἀνθρωπίνης
3439 4533 3629 4603 φύσεως

2103 4631 2333 4684 ἕκαστον
2377 4629 2556 4683 αὐτῶν
2589 4629 2938 4698 περιέρχεται
2971 4631 3166 4702 ζητοῦν
3191 4612 3288 4692 τὰς
3317 4628 3507 4682 ἑαυτῶν
3535 4624 3624 4692 ἀρ·

2105 4720 2292 4790 μονίας
2313 4734 2328 4750 ³
2359 4719 2452 4772 καὶ
2481 4718 2796 4787 ὲγερθέντες
2838 4720 3130 4789 κράξουσιν
3173 4722 3399 4780 ἅπαντες
3438 4717 3522 4770 καὶ
3548 4713 3624 4765 λέ-

2105 4809 2290 4873 ξουσιο
2343 4809 2477 4873 Δόξα
2533 4809 2610 4878 τῷ
2647 4811 3009 4877 συναγαγόντι
3058 4811 3204 4881 ἡμᾶς
3255 4813 3344 4864 καὶ
3374 4808 3622 4877 ἑγείραντι

2103 4897 2192 4951 διὰ
2214 4897 2312 4967 τὴν
2341 4897 2507 4950 αὑτοῦ
2547 4896 2980 4965 φιλανθρωπίαν,
3015 4898 3148 4952 Τότε
3175 4900 3224 4953 οἱ
3251 4897 3437 4952 δίκαιοι
3477 4892 3626 4959 ἀγάλ-

2105 4991 2308 5054 λονται,
2351 4989 2446 5040 καὶ
2488 4990 2537 5040 oi
2562 4989 2700 5040 ὅσιοι
2737 4989 3156 5058 εὐφραίνονται·
3191 4992 3240 5044 οἱ
3261 4989 3444 5044 τέλειοι
3471 4987 3624 5050 ἀσκη-

2105 5082 2196 5134 τοι)⁸
2221 5079 2669 5149 παρακαλοῦνται
2706 5079 2817 5132 ἀπὸ
2857 5079 2952 5135 τοῦ
2984 5081 3186 5152 μόχθου
3239 5081 3333 5150 τῆς
3362 5077 3622 5144 ἀσκήσεως

2106 5172 2398 5231 αὐτῶν·.οί
2453 5169 2726 5240 μάρτυρες
2773 5173 3186 5242 στεφανοῦνται,
3233 5171 3514 5229 ἀπόστολοι,
3541 5162 3621 5215 καδ

2107 5257 2401 5328 προφηταί.
2429 5259 2712 5328 Μακάριος
2734 5257 2828 5312 οὖν
2856 5260 3004 5325 ὅστις
3035 5260 3335 5330 καταξιωθῇ
3369 5257 3457 5326 τὴν
3487 5253 3617 5320 ὦρλν

2109 5346 2342 5416 ἐκείνην,
2372 5344 2487 5408 πῶς
2514 5347 2851 5416 άρπάζονται
2881 5351 3018 5419 μετὰ
3045 5352 3198 5422 δόξης
3231 5354 3285 5404 ὲν
3311 5346 3536 5414 νεφέλαις
3549 5344 3617 5399 ιῖς

2109 5438 2418 5505 ἀπάντησιν
2439 5437 2532 5490 τοῦ
2556 5438 2828 5492 ἀθανάτου
2861 5443 3096 5512 νυμφίου
3126 5443 3318 5502 πάντες
3346 5439 3391 5491 oi
3432 5432 3610 5501 ἀγαπή-

2113 5544 2301 5590 σαντες
2335 5528 2519 5594 αὐτὸν,
2549 5530 2645 5582 καὶ
2687 5532 3087 5597 σπουδάσαντες
3135 5531 3422 5587 ἐπιτελέσαι
3463 5524 3612 5574 πάντα

2119 5619 2185 5672 τὰ
2211 5617 2489 5688 θελήματα
2533 5620 2718 5675 αὑτοῦ.
2746 5622 2955 5695 ’Ὠσπερ
2985 5624 3040 5678 δὲ
3079 5625 3392 5694 ἐμεγάλυνεν
3421 5619 3609 5668 ἕκαστος
