3928 6212
500 330 607 394 755

1576 341 2011 407 PHILOTHEI
2049 346 2158 410 cp.
2196 347 2712 413 PATRIARCH/E
3222 335 3228 340 ’
3621 365 3708 431 ’156

493 455 681 493 norum
716 441 918 503 anima,
945 439 1054 500 eté.
1088 442 1291 500 Deinde
1325 448 1587 505 sacerdos
1613 450 1780 508 dicit:
1813 453 1931 508 Pax
1960 473 2074 509 om-

2181 459 2278 529 τὴν
2303 461 2704 531 συμπλήρωσιν
2733 460 2843 516 τῶν
2861 463 3158 535 στιχηρῶν.
3183 465 3314 531 στὰς
3355 468 3410 524 ὲν
3435 470 3506 542 τῷ
3531 477 3711 548 συνήθει

494 532 668 587 nibus.
707 533 1016 590 Diaconus:
1050 535 1241 606 Capita
1262 547 1444 593 nostra
1472 540 1700 598 Domino
1734 545 2073 606 inclinemus.

494 625 558 677 Et
583 625 835 678 sacerdos
853 627 916 679 ad
937 627 1277 683 occidentem
1298 647 1599 688 conversus
1619 645 1798 692 stante
1813 654 1841 692 a
1861 639 2076 695 dextris

494 719 610 787 ejus
643 718 897 780 diacono,
927 729 982 774 et
1033 721 1243 777 dextra:
1308 727 1486 781 tribus
1541 727 1728 798 digitis
1761 733 1955 786 stolam
1993 744 2075 788 te-

493 818 683 866 nente.
759 819 1084 878 sequentem
1115 815 1422 869 orationem
1462 817 1606 871 elata
1636 835 1770 875 voce
1819 821 2074 891 profert:

495 898 831 960 Dominator,
874 901 1027 953 valde
1057 902 1377 968 misericors,
1440 907 1666 963 Domine
1697 911 1822 965 Jesu
1869 913 2080 969 Christe

494 989 633 1042 Deus
663 999 862 1044 noster.
922 995 988 1046 lit
1021 997 1260 1048 cantatis
1289 998 1544 1054 Versibus
1581 1016 1611 1055 c
1642 1004 1932 1060 versiculis
1971 1007 2079 1064 Da-

495 1081 693 1134 vidicis
723 1085 1044 1151 compositis
1069 1089 1512 1154 praecedentibus
1535 1098 1711 1148 cereis
1733 1095 1785 1149 in
1814 1077 2076 1166 templum

495 1172 682 1225 cuncti
750 1187 1123 1230 revertuntur.
1175 1179 1243 1232 Et
1301 1181 1633 1236 candelabra
1685 1185 1908 1253 quidem
1949 1188 2081 1246 hinc

493 1262 622 1315 inde
677 1265 740 1316 ad
773 1265 1055 1334 dispositze
1103 1285 1305 1324 mensm
1353 1272 1524 1327 latera
1575 1275 1973 1346 deponuntur,
2025 1282 2078 1335 in

494 1369 601 1416 qua
636 1370 760 1407 cum
803 1355 1080 1412 frumento
1110 1370 1164 1413 et
1191 1361 1438 1432 quinque
1468 1367 1705 1432 panibus
1737 1369 1789 1420 in
1845 1371 2080 1425 ecclesia

493 1445 682 1499 offerri
715 1450 912 1502 solitis"
953 1455 1243 1520 appositus
1276 1456 1571 1512 estdiscus
1615 1477 1628 1511 :
1670 1459 1736 1513 ad
1779 1462 1918 1517 disci
1949 1480 2081 1520 vero

494 1537 641 1592 latus
667 1542 928 1610 utrinque
965 1553 1280 1600 statuuntur
1326 1564 1452 1603 vasa
1510 1549 1641 1614 duo,
1699 1554 1804 1607 hoc
1856 1557 2078 1624 quidem

494 1631 647 1690 vino.
681 1633 829 1687 aliud
867 1651 998 1691 vero
1029 1639 1152 1691 oleo
1186 1642 1407 1709 plenum
1441 1686 1456 1709 ,
1496 1654 1551 1700 et
1613 1647 1802 1702 vinum
1857 1653 2078 1719 quidem

492 1737 523 1777 a
555 1724 816 1788 sinistris,
853 1743 881 1780 a
921 1731 1136 1785 dextris
1165 1743 1349 1786 autem
1384 1737 1567 1791 oleum
1603 1739 1928 1800 collocatur.
1997 1744 2082 1797 ln-

494 1815 656 1868 terim
692 1820 954 1874 sacerdos
983 1823 1263 1891 speciosas
1303 1838 1490 1896 portas
1525 1842 1779 1898 penetrat
1817 1853 1831 1888 :
1863 1845 1918 1888 et
1959 1835 2078 1890 lini-

495 1905 566 1960 tis
597 1897 848 1964 versibus
873 1927 904 1965 e
939 1914 1228 1969 versiculis
1260 1917 1542 1974 Davidicis
1597 1925 1945 1992 compositis,
1993 1925 2079 1978 di-

492 1997 641 2051 citur
669 2019 680 2052 :
707 2000 855 2054 Nunc
893 2004 1111 2058 dimittis
1147 2021 1166 2058 :
1195 2007 1291 2060 Ter
1345 2023 1600 2077 sanctus;
1636 2025 1691 2069 ct
1733 2027 1878 2085 post,
1913 2017 2079 2073 Pater

408 2106 414 2110 ·
496 2097 697 2156 noster,
724 2093 982 2148 sacerdos
1030 2098 1299 2153 exclamat
1336 2118 1348 2153 :
1384 2100 1520 2166 Quia
1548 2112 1695 2159 tuum
1722 2118 1796 2160 est
1833 2125 2076 2179 regnum.

497 2178 568 2234 Et
591 2181 699 2235 dici
738 2184 1114 2241 dimissorium
1147 2199 1420 2257 cantatur,
1472 2194 1516 2248 si
1553 2195 1831 2254 Dominica
1889 2178 1981 2262 sit.
2021 2212 2078 2258 et

495 2271 734 2342 Deipara
764 2277 910 2347 virgo
944 2295 1117 2348 usque
1149 2282 1312 2336 tertio
1346 2301 1358 2336 :
1391 2286 1435 2337 si
1465 2301 1597 2340 vero
1628 2292 1811 2360 magni
1839 2293 2075 2366 alicujus

494 2364 672 2417 saneti
705 2361 798 2419 fiat
829 2370 1115 2432 memoria,
1179 2373 1265 2428 bis
1298 2376 1418 2445 ejus
1470 2378 1730 2434 modulus
1762 2385 2029 2439 recitatur

494 2465 550 2510 et
575 2458 746 2511 semel
781 2477 794 2512 :
850 2459 1082 2532 Deipara
1110 2468 1278 2536 virgo.
1330 2467 1385 2522 Si
1455 2486 1588 2524 vero
1611 2473 1814 2530 Chriin
1856 2477 2074 2534 Domini

496 2557 592 2600 aut
619 2547 710 2602 Dei
742 2552 1026 2620 genitricis
1055 2556 1126 2610 sit
1160 2557 1386 2618 festum.
1453 2561 1576 2616 festi
1615 2565 1764 2618 illius
1819 2569 2076 2626 modulus

495 2653 672 2707 usque
707 2644 868 2696 tertio
893 2645 1116 2700 dicitur.
1173 2648 1407 2704 Cautato
1437 2652 1619 2718 itaque
1663 2657 1805 2712 elata
1843 2668 1898 2712 et
1927 2659 2076 2718 lenta

495 2743 633 2782 voce
659 2729 858 2786 ultimo
895 2735 1142 2800 modulo,
1181 2738 1445 2796 diaconus
1510 2746 1680 2812 petita
1745 2749 1982 2816 primum
2021 2763 2079 2807 et

493 2818 718 2873 obtenta
752 2822 931 2877 thuris
961 2825 1370 2890 benedictione,
1405 2835 1824 2892 rrucilormitcr
1879 2856 2076 2909 panem

495 2911 838 2982 sull‘umigat,
867 2926 922 2970 et
951 2918 1155 2974 deinde
1178 2923 1542 2989 superiorem,
1576 2937 1630 2980 et
1655 2928 1853 2982 iterum
1884 2948 2074 3000 panes,

498 3017 565 3056 cx
597 3017 749 3072 parte
781 3009 893 3062 sola
926 3011 1218 3065 anteriori.
1282 3015 1518 3083 Propius
1566 3029 1751 3072 autem
1788 3025 2077 3081 sacerdote

495 3104 818 3162 accedente,
882 3113 990 3158 stat
1057 3121 1085 3158 a
1114 3105 1321 3161 dextris
1349 3109 1469 3176 ejus
1497 3109 1786 3175 diaconus,
1839 3113 2062 3170 sinistra

497 3188 867 3256 thuribulum,
904 3194 1110 3250 dextra:
1140 3213 1268 3251 vero
1328 3200 1504 3254 tribus
1527 3202 1715 3271 digitis
1767 3206 1960 3261 stolam
1995 3215 2074 3261 te-

496 3299 655 3346 nens,
688 3294 743 3344 et
775 3287 999 3343 modulo
1049 3292 1323 3360 completo
1379 3297 1627 3363 quinque
1675 3296 1854 3351 dictos
1907 3315 2074 3362 panes

496 3373 633 3426 stola
659 3373 1064 3440 demonstrans,
1099 3381 1179 3433 ait
1209 3398 1223 3433 :
1259 3380 1544 3436 Dominum
1577 3401 1868 3454 precemur.
1896 3385 1962 3442 Et
1996 3405 2078 3444 sa-

499 3464 698 3519 cerdos
725 3466 858 3522 dicit
892 3474 1199 3527 orationem
1235 3492 1246 3527 :
1283 3473 1509 3530 Domine
1541 3477 1669 3532 Jesu
1717 3480 1940 3545 Christe,
1985 3484 2076 3552 qui

505 3556 735 3626 quinque
789 3576 952 3627 panes
1001 3561 1334 3621 benedixisti.
1401 3567 1471 3622 Et
1519 3570 1668 3625 dicto
1711 3587 1740 3624 a
1786 3572 2074 3637 fratribus,

503 3647 824 3706 Benedicam
852 3654 1156 3719 Dominum,
1191 3658 1502 3728 ingreditur
1523 3664 1784 3718 sacerdos
1807 3681 1932 3719 cum
1961 3667 2079 3720 dia-

498 3755 640 3794 cono
667 3743 720 3795 in
761 3755 1011 3800 sanctum
1047 3748 1309 3814 tribunal,
1349 3753 1732 3823 psalmumquc
1783 3756 2078 3812 absolvunt

495 3830 698 3887 fratres
745 3850 922 3904 usque
968 3838 1034 3890 ad
1080 3856 1092 3892 :
1144 3840 1263 3894 Non
1315 3845 1621 3898 minuentur
1655 3831 1798 3899 omni
1825 3847 1978 3902 bono.
2033 3851 2076 3907 E

498 3923 760 3977 tribunali
809 3935 991 3980 autem
1043 3927 1193 3982 intus
1253 3933 1514 3986 sacerdos
1558 3935 1834 3989 exclamat
1871 3956 1883 3990 :
1918 3939 2078 3994 Bene-

497 4015 653 4068 dictio
682 4015 892 4069 Domini
923 4034 1080 4088 super
1115 4036 1232 4085 nos,
1269 4023 1382 4090 ejus
1409 4025 1589 4091 gratia
1622 4033 1671 4078 et
1701 4026 2033 4083 humanitate
2057 4074 2072 4097 ,
2135 4024 2158 4034 ”

496 4108 706 4177 ubique,
742 4126 880 4164 nunc
903 4119 950 4163 et
976 4128 1201 4182 semper,
1223 4123 1270 4167 et
1299 4116 1353 4168 in
1385 4115 1580 4170 sa’cula
1613 4119 1950 4177 swculorum.
1985 4125 2080 4178 At-

465 4220 470 4225 ·
499 4217 608 4271 que
641 4202 712 4254 ita
746 4203 920 4257 sacris
958 4207 1204 4261 vestibus
1234 4219 1538 4275 exuuntur,
1569 4219 1626 4266 et
1660 4213 2023 4282 egrediuntur
2061 4233 2075 4270 :

500 4302 556 4348 et
581 4309 734 4348 sacra
773 4294 1011 4352 lectione
1047 4298 1212 4363 facta,
1246 4299 1384 4357 dicit
1417 4304 1720 4360 sacerdos:
1757 4305 2078 4363 Sanctorum

500 4385 726 4461 Patrum
757 4397 1060 4444 nostrorum
1103 4392 1360 4461 precibus.
1388 4393 1457 4448 Et
1487 4395 1761 4464 siquidem
1815 4399 1965 4454 nulla
2003 4402 2076 4456 sit

2179 551 2332 621 τόπῳ
2359 552 2536 620 λέγει’
2567 554 2799 620 Σῶσον,
2825 558 2858 609 ό
2887 555 3055 622 Θεὸς,
3079 555 3188 610 τὸν
3205 560 3514 627 λαόν¹σου,
3540 570 3713 623 καίού.

2178 644 2453 712 λόγησον
2488 645 2603 709 τὴν
2653 650 3066 718 κληρονομίαν
3087 665 3228 719 σου,
3260 652 3386 725 ἄχρι
3416 656 3604 721 τέλους.
3627 661 3712 714 Kal

2179 733 2444 804 ψάλλεται
2473 739 2556 798 τὸ,
2582 739 2780 807 Κύριε,
2812 740 3098 809 ἐλέησον.
3135 741 3207 813 μ’.
3242 741 3373 798 Εἶτα
3387 748 3538 801 πάλιν
3562 751 3710 818 λέγει·

2188 825 2319 882 Ἔτι
2349 829 2606 900 δεόμεθα
2634 831 2790 901 ὑπὲρ
2812 832 2932 887 τῶν
2959 837 3413 907 εὐσεβεστάτων
3429 841 3519 894 καί
3545 845 3714 913 deope-

2179 922 2422 980 ,πάκτων
2437 924 2774 988 βασιλέων.
2807 928 2916 980 Kal
2947 927 3208 998 ψάλλεται
3230 931 3310 997 τὸ,
3329 933 3621 1004 Ἐλέησον,
3653 945 3708 1004 τ.

2186 1015 2294 1067 Kal
2323 1016 2486 1070 πάλιν
2511 1016 2696 1086 λέγει’
2732 1020 2862 1073 Ἔτι
2895 1020 3146 1089 δεόμεθα
3165 1024 3318 1091 ὑπὲρ
3340 1026 3596 1093 ἀφέσεως
3619 1027 3713 1082 τῶν

2181 1107 2483 1176 ἁμαρτιῶν
2497 1109 2602 1164 τοῦ
2619 1109 2846 1166 δούλου
2863 1113 2971 1167 τοῦ
2989 1114 3138 1169 Θεοῦ
3159 1115 3266 1170 τοῦ
3282 1117 3446 1170 δεῖνα
3459 1121 3714 1186 ίερομονιί-

2183 1217 2323 1268 χου,
2355 1200 2455 1254 καί
2490 1201 2696 1269 πάσης
2723 1203 2835 1271 τῆς
2866 1205 2936 1257 ἐν
2960 1206 3194 1273 Χριστῷ
3232 1209 3401 1276 ἡμῶν
3425 1210 3714 1279 ἀδελφότη·

2182 1293 2448 1363 τοςκκαὶ
2487 1293 2584 1355 τὰς
2619 1294 2814 1357 λοιπὰς
2843 1297 2937 1350 δύο
2977 1299 3248 1369 αἰτήσεις.
3273 1299 3390 1370 τὴν,
3436 1301 3600 1369 ’Υπὲρ
3636 1305 3715 1358 τοῦ

2183 1383 2672 1454 διαφυλαχθῆναι
2723 1386 2840 1455 τὴν
2892 1389 3073 1457 ἁγίαν
3116 1391 3322 1459 μονὴν
3372 1394 3600 1461 ταύτην,
3641 1396 3715 1448 καὶ

2183 1477 2337 1544 ὑπὲρ
2369 1478 2576 1545 πάσης
2609 1480 2822 1548 ψυχῆς
2848 1482 3226 1547 Χριστιανῶν
3263 1485 3602 1551 ὀρθοδόξων.
3630 1483 3716 1539 Εἶθ’

2184 1568 2325 1622 οὓτω
2355 1570 2504 1637 λέγει
2545 1571 2573 1622 6
2607 1571 2786 1641 ἱερεύς
2807 1587 2821 1601 ⁸
2861 1573 3090 1641 Εἰρήνη
3124 1573 3340 1628 πᾶσιν.
3369 1575 3440 1643 ¹Ὀ
3479 1576 3714 1636 διάκονος·

2191 1663 2302 1728 Τὰς
2348 1663 2619 1731 κεφαλὰς
2648 1663 2728 1729 τῷ
2763 1665 2957 1732 Κυρίῳ
2999 1666 3323 1735 κλίνωμεν.
3354 1669 3464 1720 Kal
3499 1671 3526 1721 6
3557 1669 3716 1737 ἱερεὺς,

2187 1755 2449 1824 στραφεὶς
2467 1757 2605 1826 πρὸς
2630 1756 2846 1825 δυσμὰς
2877 1760 3174 1828 ἱσταμένου
3205 1761 3301 1814 τοῦ
3327 1761 3562 1814 διακόνου
3587 1764 3637 1814 ἐκ
3654 1764 3718 1813 δε-

2185 1847 2311 1911 ξιῶν
2335 1848 2520 1909 αὑτοῦ,
2555 1850 2883 1918 κρατοῦντος
2910 1852 2971 1903 τὸ
2996 1853 3239 1922 ὠράριον
3261 1856 3372 1916 τοῖς
3402 1856 3540 1924 τρισὶ
3563 1853 3716 1905 δακτύ-

2180 1937 2293 2001 λοις
2326 1940 2426 2007 τῆς
2464 1939 2643 2004 δεξιᾶς
2681 1942 2869 2002 αὑτοῦ,
2910 1941 3057 2009 λέγει
3087 1945 3192 2013 τὴν
3226 1946 3394 2014 εὐχὴν
3427 1946 3611 2024 ταύτην
3641 1961 3714 2011 μευ

2180 2029 2508 2097 γαλοερώνως
2530 2049 2544 2062 ·
2575 2031 2848 2084 Δέσποτα
2871 2049 2950 2085 πο
2964 2033 3167 2088 ιυέλεε
3195 2034 3331 2102 (12),
3356 2037 3525 2101 Κύριε
3553 2034 3716 2099 Ἰησοῦ

2180 2119 2400 2186 Χριστὲ
2433 2124 2463 2173 ό
2493 2120 2640 2186 Θεὸς
2664 2121 2854 2189 ἡμῶν.
2880 2123 2988 2175 Kal
3008 2122 3366 2192 ψαλλομένων
3383 2125 3487 2178 τῶν
3515 2127 3609 2178 ἀπὸ
3631 2125 3715 2192 63i-

2181 2229 2279 2281 χον
2309 2212 2603 2282 στιχηρῶν,
2627 2214 3134 2284 ’προπορευομένων
3159 2215 3272 2267 τῶν
3308 2216 3610 2284 λαμπάδιον,
3639 2219 3717 2267 εἰσ·

2179 2304 2436 2372 ἐρχονται
2470 2305 2672 2368 πάντες
2713 2307 2776 2356 ὲν
2811 2306 2888 2374 τῷ
2914 2304 3045 2375 ναῷ.
3082 2308 3194 2358 Kal
3237 2308 3306 2360 τὰ
3335 2309 3434 2377 μὲν
3465 2307 3712 2369 μανουᾶλιει

2178 2395 2416 2449 τίθενται
2441 2397 2575 2466 παρ’
2603 2397 2841 2466 ἑκάτερα
2867 2398 2961 2450 τοῦ
2989 2399 3544 2468 προευτρεπισθὲντο;
3566 2415 3717 2466 τετρα-

2180 2488 2387 2552 ποδίου,
2441 2489 2500 2541 ὲν
2537 2483 2581 2556 ᾧ
2613 2491 2790 2542 κεῖται
2835 2489 2974 2558 μετὰ
3021 2491 3170 2542 σίτου
3223 2493 3320 2544 καὶ
3376 2492 3529 2545 πέντε
3575 2491 3717 2561 ἄρτων

2179 2580 2382 2645 δίσκος,
2417 2577 2492 2634 ὧν
2514 2583 2710 2652 ἔχομεν
2737 2582 2858 2646 ἔθος
2900 2584 3242 2654 προσφέρειν
3270 2587 3327 2638 ὲν
3357 2588 3423 2654 τῇ
3459 2583 3713 2652 ἐκκλησίᾳ·

2181 2673 2313 2742 παρ’
2361 2675 2599 2746 ἑκάτερα
2630 2676 2686 2728 δὲ
2721 2677 2816 2730 τοῦ
2853 2676 3036 2728 δίσκου
3087 2677 3295 2745 ἀγγεῖα
3340 2678 3460 2742 δύο,
3500 2677 3646 2748 μεστὰ
3675 2675 3717 2727 τὺ

2185 2766 2283 2833 μὲν
2323 2766 2490 2832 οἴνου,
2525 2767 2588 2819 τὸ
2615 2767 2672 2820 δὲ
2714 2768 2918 2823 ἐλαίου.
2962 2771 3156 2822 Κεῖται
3209 2771 3268 2823 δὲ
3314 2773 3342 2823 6
3392 2771 3486 2839 μὲν
3526 2765 3645 2826 οἶνος
3673 2766 3717 2828 ἐξ

2185 2859 2513 2926 ἀριστερῶν,
2544 2861 2606 2911 τὸ
2637 2859 2695 2912 δὲ
2725 2860 2904 2914 ἔλαιον
2932 2864 2994 2912 ὲκ
3013 2856 3230 2924 δεξιῶν.
3271 2861 3332 2915 ὐ
3357 2862 3412 2915 δὲ
3447 2862 3605 2931 ἱερεὺς
3629 2858 3718 2927 ἅμα

2179 2951 2259 3018 τῷ
2287 2951 2522 3021 διακόνῳ
2545 2952 2761 3007 ἵσταται
2787 2954 2991 3007 ἔσωθεν
3008 2955 3117 3006 τῶν
3147 2954 3376 3024 ὡραίων
3399 2953 3586 3007 πυλῶν.
3605 2951 3716 3016 Πλη-

2184 3041 2466 3110 ρωθέντων
2490 3043 2598 3096 τῶν
2622 3045 2730 3098 ἀπὸ
2755 3045 2937 3115 στίχου
2959 3063 3116 3115 στιχη
3128 3046 3265 3115 ρῶν,
3291 3047 3502 3116 λέγεται
3527 3048 3596 3108 τδ,
3616 3043 3715 3098 Νῦν

2103 3154 2146 3214 C
2177 3136 2486 3201 ἀπολύεις,
2517 3140 2610 3191 καὶ
2668 3139 2728 3191 τὸ
2778 3138 3108 3207 τρισάγιον,
3159 3140 3259 3192 καὶ
3295 3130 3432 3208 μετὰ
3461 3141 3535 3202 τὸ,
3564 3138 3716 3202 Πάτερ

2183 3228 2372 3296 ἡμῶν,
2403 3231 2637 3295 ἐκφωνεῖ
2674 3233 2701 3284 ὁ
2751 3231 2932 3300 ἱερεύς
2957 3248 2971 3262 ·
3015 3232 3145 3284 Ὅτι
3181 3234 3303 3287 σοῦ
3325 3233 3489 3286 ἐστιν
3515 3233 3550 3299 ἡ
3575 3231 3716 3296 βασιο

2177 3321 2334 3373 λεία.
2378 3323 2488 3374 Kal
2522 3321 2782 3390 ψάλλεται
2813 3323 2873 3375 τὸ
2905 3325 3261 3380 ἀπολυτίκιον
3289 3326 3389 3394 τῆς
3438 3324 3624 3394 ἡμέρας
3642 3359 3654 3381 ν
3680 3319 3716 3369 εί

2184 3411 2285 3476 μέν
2309 3412 2424 3462 ἐστι
2447 3412 2724 3481 Κυριακὴ,
2747 3411 2827 3476 τὸ,
2857 3415 3109 3468 Θεοτόκε
3133 3415 3424 3485 Παρθένε,
3456 3417 3516 3468 ἐκ
3537 3411 3715 3482 τρίτον·

2180 3497 2228 3547 εί
2258 3495 2314 3548 δὲ
2345 3497 2506 3564 ἁγίου
2539 3499 2730 3567 μνήμη
2759 3501 3019 3568 μεγάλου,
3053 3504 3112 3556 τὸ
3149 3504 3451 3576 τροπάριον
3473 3504 3567 3554 τοῦ
3595 3500 3714 3566 ἁγίου

2181 3589 2244 3640 ἐκ
2270 3588 2556 3658 δευτέρους
2577 3593 2672 3644 καὶ
2705 3592 2786 3658 τὺ,
2822 3594 3071 3647 Θεοτόκε
3099 3597 3388 3663 Παρθένε,
3419 3595 3571 3660 ἅπαξ,
3601 3592 3639 3644 εί
3673 3587 3715 3641 δδ

2182 3683 2493 3749 Δεσποτικὴ
2526 3682 2712 3752 ἑορτὴ,
2744 3683 2777 3753 ἢ
2803 3683 3214 3755 Θεομητορικὴ,
3242 3689 3339 3741 καὶ
3363 3688 3422 3741 τδ
3443 3686 3537 3755 τῆς
3565 3680 3715 3751 ἑορτῆς

2179 3773 2243 3824 ἐκ
2275 3771 2481 3842 τρίτου.
2519 3773 2878 3838 Ψαλλομένου
2905 3774 2998 3829 οὖν
3029 3777 3124 3828 τοῦ
3165 3779 3476 3833 τελευταίου
3506 3775 3716 3831 ἀπολυτι-

2180 3863 2302 3914 κὶου
2339 3864 2738 3931 μεγαλοφώνως
2767 3867 2860 3918 καὶ
2903 3866 3110 3934 ἀργῶς,
3133 3868 3160 3920 6
3207 3871 3457 3933 διάκονος
3492 3867 3711 3936 πρότερον

2180 3954 2428 4020 εὐλογίαν
2450 3956 2682 4025 αἰτήσας
2709 3958 2804 4010 ἐπὶ
2836 3959 2913 4027 τῷ
2944 3958 3255 4029 θυμιάματι
3285 3961 3433 4032 παρὰ
3461 3959 3547 4012 τοῦ
3570 3957 3716 4025 ἱερέως

2181 4044 2276 4096 καὶ
2307 4043 2506 4109 λαϐὼν,
2536 4044 2709 4116 θυμιᾷ
2738 4045 3019 4099 κύκλωθεν
3058 4050 3149 4100 τὸν
3188 4051 3354 4117 ἄρτον
3388 4045 3714 4117 σταυροειδὼς.

2179 4131 2298 4187 εἶτα
2318 4135 2409 4190 τὸν
2440 4135 2573 4206 ήγού
2583 4154 2764 4205 μενον,
2784 4139 2878 4190 καὶ
2904 4139 3065 4193 πάλιν
3086 4141 3216 4204 τοὺς
3233 4143 3434 4210 ἄρτους
3456 4135 3716 4209 ἔμπροσθεν

2184 4226 2366 4296 μόνον.
2398 4227 2801 4297 Πλησιάζοντος
2836 4230 2895 4282 δὲ
2921 4229 3016 4284 τοῦ
3051 4231 3247 4301 ἱερέως
3276 4233 3488 4285 ἵσταται
3513 4227 3641 4298 παρὰ
3671 4225 3715 4275 τδ

2179 4319 2354 4383 δεξιὸν
2409 4319 2575 4372 αὑτοῦ
2602 4319 2803 4389 κμέρος
2863 4323 2893 4373 6
2939 4321 3223 4386 διάκονος,
3279 4323 3495 4391 κρατῶν
3543 4319 3600 4388 τῇ
3642 4314 3716 4383 μὲν

2182 4412 2448 4483 ἀριστερᾷ
2475 4415 2620 4484 χειρὶ
2646 4414 2738 4468 τὸν
2771 4415 3056 4484 Θυμιατὸν,
3080 4419 3193 4478 τοῖς
3221 4416 3281 4469 δὲ
3307 4415 3454 4481 τρισὶ
3478 4407 3716 4465 δακτύλοις

499 4480 711 4550 vigilia,
743 4492 866 4550 post
896 4491 1146 4538 cantatos
1169 4500 1362 4540 versus
1418 4487 1542 4543 illos
1567 4504 1597 4542 c
1627 4489 1904 4556 Davidicis
1946 4508 2074 4546 ver-

2183 4480 2281 4575 τῆς
2309 4480 2506 4569 δεξιοῖς*
2527 4480 2588 4559 τδ
2611 4480 2869 4577 ὼράριονψ,
2907 4508 3003 4559 Scal
3028 4507 3412 4576 πληρωθέντος
3435 4502 3522 4557 τοῦ
3559 4513 3719 4568 τροπα-

502 4572 694 4629 siculis
723 4573 1006 4640 conﬂatos,
1033 4584 1286 4631 sanctum
1329 4577 1570 4645 tribunal
1607 4583 1866 4637 sacerdos
1898 4584 2081 4654 ingre-

503 4668 675 4732 ditur,
699 4676 756 4743 ει
782 4669 930 4724 dicto
961 4688 976 4726 :
1005 4670 1102 4724 Ter
1121 4683 1358 4734 sanctus.
1393 4676 1685 4743 exclamat,
1738 4678 1877 4744 Quia
1927 4690 2079 4736 tuum

502 4773 580 4817 est
607 4779 846 4833 regnum,
873 4771 923 4817 et
963 4765 1151 4828 virtus,
1179 4776 1228 4820 et
1250 4767 1447 4837 gloria.
1480 4769 1546 4824 Et
1571 4772 1792 4825 canitur
1823 4772 2081 4830 dimisso-

402 4847 406 4851 ’
501 4856 670 4909 rium.
709 4855 864 4910 Foris
891 4864 1077 4911 autem
1111 4857 1378 4914 diaconus
1404 4869 1556 4915 stans
1582 4863 1805 4918 modulo
1831 4873 2073 4934 cantato,

503 4949 777 5003 exclamat
810 4946 1100 5005 :Benedic.
1147 4949 1216 5012 Et
1247 4951 1509 5006 sacerdos
1571 4953 1722 5010 intus
1774 4972 1788 5009 :
1841 4955 2082 5013 Christus

507 5041 599 5108 qui
628 5040 926 5095 benedictus
981 5046 1079 5104 est,
1135 5041 1346 5111 ubique,
1386 5058 1525 5096 nunc
1581 5054 1632 5098 et
1656 5060 1882 5115 semper,
1929 5056 1978 5100 et
2026 5050 2082 5103 in

505 5133 703 5190 swcula
744 5130 1079 5186 sacellorum.
1109 5133 1178 5190 Et
1235 5135 1540 5204 deinceps:
1575 5138 1870 5207 Conﬁrma,
1916 5141 2079 5211 Deus,

505 5246 674 5300 reges,
716 5239 941 5284 canunt.
984 5227 1050 5283 Et
1097 5227 1374 5283 submissa
1405 5241 1543 5283 voce
1590 5232 1853 5288 sacerdos
1897 5234 2079 5315 dicit:

504 5321 744 5392 Deipara
805 5338 968 5390 super
1024 5335 1201 5374 omnes
1230 5327 1441 5382 sancta,
1497 5320 1650 5376 salva
1688 5339 1802 5376 nos.
1861 5324 2084 5381 Fratres

505 5423 728 5470 cantant
763 5427 776 5466 :
808 5413 925 5467 Prw
950 5412 1152 5481 angelis
1175 5412 1550 5468 venerandam.
1581 5414 1852 5468 Sacerdos
1877 5416 2078 5470 iterum

507 5509 817 5564 submisse:
842 5506 1024 5563 Gloria
1047 5506 1162 5574 tibi,
1192 5506 1347 5572 Deus,
1376 5523 1491 5574 spes
1524 5513 1729 5570 nostra,
1754 5509 1926 5576 gloria
1962 5509 2075 5564 tibi.

2187 4601 2326 4670 ρίου,
2363 4599 2624 4654 δεικνύων
2648 4600 2786 4669 μετὰ
2820 4599 2914 4653 τοῦ
2945 4601 3188 4670 ὼραρίου
3215 4601 3344 4659 τοὺς
3373 4597 3528 4648 πέντε
3557 4591 3718 4658 ἄρτους

2183 4690 2332 4761 λέγει
2352 4708 2366 4722 ·
2401 4690 2512 4744 Τοῦ
2529 4691 2750 4758 Κυρίου
2773 4688 3098 4760 δεηθῶμεν,
3147 4694 3175 4744 6
3212 4690 3270 4742 δὲ
3299 4684 3620 4755 ἱερεὺςλέγει
3645 4678 3718 4745 τὴν

2183 4780 2349 4850 εὐχήν
2369 4796 2382 4810 ·
2410 4781 2588 4846 Κύριε
2620 4780 2823 4846 Ἰησοῦ
2849 4781 3064 4847 Χριστὲ
3087 4784 3118 4834 ό
3151 4782 3295 4847 Θεὸς
3327 4777 3508 4848 ἡμῶν,
3530 4778 3561 4828 ό
3581 4773 3719 4870 56.10.-

2185 4871 2383 4940 γήσας
2424 4865 2568 4938 τοὺς
2604 4872 2789 4926 πέντε
2823 4872 3066 4941 ἄρτους.
3117 4872 3226 4926 Kal
3269 4870 3552 4940 λεγομένου
3597 4865 3718 4928 παρά

2184 4963 2294 5016 τῶν
2326 4962 2573 5029 ἀδελφῶν
2599 4965 2717 5030 τοῦ,
2753 4965 3087 5034 Eia/torrido)
3111 4965 3221 5018 τὸν
3247 4964 3480 5030 Κύριον,
3513 4955 3716 5022 είσέρκν

2185 5073 2276 5109 ται
2305 5055 2334 5106 ὁ
2361 5057 2539 5125 ἱερεὺς
2565 5054 2683 5124 ἅμα
2715 5057 2791 5125 τῷ
2823 5057 3054 5125 διακόνῳ
3083 5059 3162 5118 εἰς
3189 5055 3251 5108 τὸ
3283 5056 3434 5122 ἆγιον
3460 5051 3616 5121 βῆμα.
3636 5039 3716 5095 Ai-

2186 5167 2345 5219 γουσι
2361 5151 2416 5204 δὲ
2447 5151 2540 5203 τὸν
2562 5149 2777 5220 ψαλμὸν
2805 5153 2852 5202 οἱ
2878 5150 3094 5217 ἀδελφοὶ
3119 5150 3283 5218 μέχρι
3303 5145 3416 5209 τοῦ,
3443 5146 3553 5196 Οὐκ
3577 5135 3715 5192 ἐλάτ-

2189 5241 2562 5307 τωθήσονται
2586 5243 2814 5307 παντὸς
2852 5242 3098 5309 ἀγαθοῦ.
3151 5241 3206 5293 ’0
3239 5240 3294 5292 δὲ
3327 5237 3518 5332 lapsu;
3541 5226 3716 5332 sintsi

2191 5335 2282 5388 τοῦ
2339 5334 2492 5401 ἁγίου
2542 5333 2784 5403 βήματος
2825 5335 3076 5400 ἐκφωνεί,
3113 5331 3372 5398 Εὑλογία
3417 5325 3612 5390 Κυρίου
3640 5325 3701 5382 έέθ

2191 5421 2342 5489 ἡμᾶς
2370 5422 2442 5488 τῇ
2473 5423 2660 5476 αὐτοῦ
2691 5421 2883 5489 χάριτι
2909 5421 3006 5473 καὶ
3035 5417 3444 5489 φιλανθρωπία
3476 5410 3713 5463 “artam

2190 5515 2419 5572 νῦνκαὶ
2443 5514 2559 5579 ἀεὶ,
2579 5492 2672 5568 οιαὶ
2704 5517 2789 5581 εἰς
2817 5532 2956 5580 τους
2981 5512 3197 5578 ιιίῶνιις
3231 5511 3347 5564 τῶν
3369 5507 3597 5561 αἰώνων.
3624 5496 3714 5550 καὶ

1783 5648 2000 5708 Jacobi
2025 5651 2218 5715 Goari
2252 5664 2437 5716 noue.

575 5787 686 5859 (t2)
723 5787 1019 5860 lt'cperitur
1051 5788 1190 5845 intra
1238 5790 1382 5845 inter
1410 5789 1762 5863 Vespertinas
1807 5792 1922 5850 tunc
1954 5797 2153 5853 oratio.
