3862 6218
243 307 349 371 769

1310 301 1697 367 LAUDATIO
1738 307 1987 369 TRIUM
2032 308 2469 371 DOCTORUM.

3392 311 3500 374 770

239 432 494 493 paratum
543 436 715 477 esse:
750 433 849 490 pro
898 419 1006 473 hoc
1045 418 1407 473 imbecillitati
1475 425 1692 474 veniam
1753 421 2011 490 rogitare,
2077 431 2132 476 et
2178 436 2628 494 unumquemque
2693 437 2759 477 ex
2806 420 2892 477 his
2931 437 3053 492 quae
3079 407 3298 492 propria
3327 424 3502 493 possi-

237 521 356 584 det,
389 520 632 573 fructum
657 518 771 571 Deo
796 515 1076 570 dedicare.

313 613 478 665 Ἀλλὰ
503 611 662 682 δεῦρό
690 629 804 681 μοι,
850 610 959 664 τῶν
1007 610 1272 679 Πατέρων
1320 612 1354 680 ἠ
1415 611 1708 680 θαυμαστὴ
1745 612 1823 682 τῷ

1995 612 2272 668 Adesdum
2325 613 2514 683 igitur,
2572 613 2890 668 admiranda
2939 629 3068 669 sane
3129 612 3348 668 Patrum
3409 614 3506 667 tri-

237 708 566 786 bitatptic,
600 710 646 759 οἱ
672 709 772 778 τῆς
801 707 1048 776 μεγάλης
1071 707 1298 777 Τριάδος
1340 708 1430 760 καὶ
1466 709 1687 776 μύσται,
1728 708 1823 760 καὶ

240 800 410 870 φίλοι,
444 803 538 854 καὶ
606 800 904 868 ὑπηρέται’
960 798 1097 868 μετὰ
1151 799 1274 861 τοὺς
1337 798 1615 868 πρώτους,
1657 802 1822 869 φημὶ,

242 892 520 961 μαθητὰς,
552 900 647 944 καὶ
699 891 998 959 ὑπηρέτας,
1030 891 1123 943 καὶ
1159 891 1344 958 φίλους
1402 890 1494 943 τοῦ
1532 891 1702 956 Λόγου
1729 906 1743 920 ⁸
1775 891 1826 944 oi

242 982 613 1052 νυμφαγωγοὶ
638 981 732 1034 καὶ
760 981 1005 1050 νυμφίοι,
1043 983 1138 1034 καὶ
1170 981 1356 1042 παῖδες
1383 981 1518 1049 ὁμοῦ
1553 981 1656 1047 τῆς
1685 982 1822 1050 άλη-

241 1074 399 1142 θινῆς
439 1074 534 1126 καὶ
560 1071 780 1142 πρώτης
807 1073 1017 1140 σοφίας,
1054 1072 1122 1142 ἢν
1152 1073 1246 1125 καὶ
1300 1071 1455 1125 αὐτοὶ
1507 1072 1826 1140 ἐφιλήςατε,

244 1163 392 1217 κατὰ
418 1163 509 1215 τὸν
539 1163 702 1229 σοφὸν
745 1163 971 1222 ἐκεῖνον,
1004 1163 1098 1214 καὶ
1153 1163 1220 1231 ἢν
1247 1164 1311 1215 ἐκ
1339 1165 1594 1232 νεότητος
1663 1164 1829 1231 ἐκζηο

241 1257 511 1324 τήσαντες
534 1296 549 1317 ,
587 1256 727 1324 ὑπὲρ
764 1256 967 1307 ἐκεῖνον
993 1254 1195 1323 ταύτην
1227 1255 1404 1318 καλῶς
1440 1257 1534 1309 καὶ
1564 1257 1833 1324 συνήφθη-

241 1363 308 1398 τε
347 1349 441 1398 καὶ
470 1345 804 1414 ἡρμόσθητε.
833 1339 1015 1413 ’Δεῦρο
1044 1345 1332 1416 τοιγαροῦν
1374 1349 1405 1416 ἡ
1440 1349 1537 1417 τῆς
1599 1349 1832 1409 πίστεως

245 1438 343 1489 καὶ
371 1437 464 1491 τσῦ
497 1439 652 1504 λόγου
709 1437 886 1506 βάσις,
921 1440 948 1489 ὁ
1003 1438 1094 1490 τὸν
1146 1439 1288 1491 θεῖον
1350 1439 1525 1506 λόγον,
1588 1442 1681 1492 καὶ
1737 1441 1834 1506 τὴν

246 1529 486 1598 πυρίνην
518 1529 699 1597 αὐχῶν
730 1533 994 1594 γλῶτταν,
1026 1533 1052 1581 ὁ
1081 1532 1172 1582 καὶ
1197 1530 1392 1600 ψυχὴν,
1437 1534 1528 1584 καὶ
1557 1532 1830 1598 γλῶτταν,

248 1622 349 1673 καὶ
380 1620 551 1674 τᾶλλα
583 1622 758 1673 πάντα
784 1621 1039 1689 χρυσοῦς.
1073 1623 1131 1672 El
1183 1624 1274 1674 καὶ
1311 1623 1384 1692 μὴ
1429 1625 1696 1692 συμφυΐα,
1744 1626 1837 1679 καὶ

247 1713 529 1781 ὁμοτιμία,
562 1714 654 1766 καὶ
681 1714 893 1776 ἓνωσις,
921 1715 1329 1782 συνεργάσατοὲ
1363 1734 1453 1784 μοι
1500 1717 1598 1786 τὴν
1654 1717 1838 1793 κοινὴν

251 1804 410 1872 ὑμῶν
455 1805 751 1873 εὐφημίαν,
790 1807 838 1856 εἰ
895 1807 984 1856 καὶ
1014 1807 1151 1875 ὑπὲρ
1214 1807 1378 1875 ὑμᾶς,
1416 1807 1551 1878 ὅπερ
1608 1803 1781 1870 εἷπον,
1812 1812 1839 1862 ὁ

250 1896 391 1965 ﬁtpb;
419 1898 546 1956 τοὺς
591 1896 856 1964 μεγάλους
913 1895 1058 1962 ὑμᾶς
1118 1898 1257 1949 κατὰ
1326 1901 1458 1950 πολὺ
1525 1899 1703 1966 λόγος,
1745 1902 1838 1953 καὶ

251 1985 413 2052 λόγον
465 1985 717 2049 διδόντες,
780 1985 874 2037 καὶ
933 1985 1166 2047 διανοίας
1229 1979 1545 2056 ἁπτόμενοι,
1579 1991 1669 2040 καὶ
1741 1989 1838 2059 τὴν

251 2069 516 2145 γλῶτταν
529 2075 772 2146 ἀοράτως
801 2076 1204 2140 ὑποκινοῦντες,
1229 2079 1324 2131 καὶ
1347 2080 1834 2148 χειραγωγοῦντες,

254 2172 322 2238 τῇ
355 2168 585 2236 δυνάμει
620 2167 711 2219 τοῦ
765 2170 821 2219 ἐν
877 2168 1028 2236 ὑμῖν,
1064 2170 1392 2236 πνεύματος.
1433 2170 1578 2222 Ἔδει
1613 2171 1712 2238 μὲν
1745 2167 1837 2225 οὖν

259 2259 402 2313 κατὰ
431 2277 493 2324 γε
543 2260 635 2310 τὸν
670 2259 933 2330 ὑμέτερον
993 2261 1172 2331 (ὑπερ
1227 2261 1379 2329 ὑμῶν
1426 2263 1602 2314 αὐτῶν
1659 2262 1837 2333 φημι)

269 2351 438 2419 μέγαν
465 2352 560 2403 καὶ
588 2350 894 2419 σοφώτατον
921 2351 1084 2419 λόγον’
1104 2353 1310 2404 ἐκεῖνον
1338 2352 1435 2414 τὰς
1467 2354 1492 2404 ὑ
1501 2353 1620 2420 μῶν
1651 2356 1842 2424 παιρεῖ-

265 2458 354 2494 ναι
387 2445 562 2510 φωνὰς
599 2446 710 2506 τοῖς
744 2445 984 2496 ἐπαινεῖν
1017 2445 1392 2514 ἐπιχειροῦσιν
1421 2447 1564 2514 ὑμᾶς
1586 2461 1602 2477 ⁶
1635 2448 1839 2499 ἐκεῖναι

261 2536 353 2587 καὶ
383 2537 490 2603 γὰρ
521 2535 588 2589 ἂν
620 2537 776 2602 μόναι
806 2537 864 2588 τὸ
917 2536 1052 2605 πρὸς
1103 2535 1259 2600 ἀξίαν
1303 2538 1645 2606 εἰργάσαντο.
1685 2539 1746 2590 Εἰ
1783 2538 1839 2590 δὲ

260 2625 339 2694 μὴ
363 2624 544 2689 τοῦτο,
577 2627 781 2696 Πέτρον
812 2627 876 2678 ἂν
906 2621 1062 2679 εἷπον
1107 2625 1237 2694 ἐγὼ,
1300 2628 1393 2680 καὶ
1458 2628 1713 2696 Ἰωάννην
1747 2629 1841 2680 καὶ

259 2716 498 2781 Παῦλον,
528 2717 624 2785 τὴι
656 2718 846 2785 τριάδα
893 2718 1003 2769 τῶν
1065 2719 1399 2789 κορυφαίων,
1455 2721 1565 2771 τῶν
1608 2719 1840 2789 πρώτων

260 2808 524 2878 μαθητῶν
545 2827 602 2860 τε
624 2810 722 2861 καὶ
755 2809 1067 2862 ἀποστόλων
1092 2811 1187 2862 τοῦ
1210 2811 1414 2878 Λόγου,
1444 2813 1512 2864 τὰ
1545 2810 1636 2864 τοῦ
1676 2811 1844 2864 Πνεύ-

262 2915 436 2967 ματος
470 2901 662 2969 πρῶτα
686 2902 779 2952 καὶ
803 2899 1006 2968 δοχεία,
1044 2906 1137 2957 καὶ
1170 2902 1396 2971 ὄργανα,
1429 2903 1627 2955 τοῦτον
1647 2904 1838 2955 ὑπεισ-

256 2992 442 3044 ελθεῖν
462 2992 644 3054 ἀξίους
688 2987 828 3044 εἶναι
883 2992 974 3045 τὸν
1035 2989 1215 3057 ἆθλον,
1249 2996 1484 3057 καὶτοῖς
1537 2995 1840 3065 ὁμοτίμοις,

255 3085 358 3137 καὶ
399 3085 592 3150 φίλοις,
617 3085 708 3135 καὶ
740 3085 1120 3151 σποιδδασταῖς,
1153 3087 1248 3138 καὶ
1283 3091 1708 3155 συναγωνισταῖς
1736 3089 1845 3142 τῶν

259 3176 450 3229 αὐτῶν
495 3176 827 3245 κατάλληλον
867 3179 962 3228 καὶ
1008 3179 1266 3247 προσφυᾶ
1319 3195 1440 3232 τινα
1501 3179 1690 3244 πλέξαι
1754 3181 1844 3232 τὸν

1926 703 2104 765 nitas,
2165 719 2372 770 magna:
2417 703 2564 758 illius
2598 703 2882 758 Trinitatis
2933 705 3321 774 mysteriorum
3368 720 3504 759 con-

1927 795 2068 858 scii,
2127 804 2180 850 et
2236 795 2420 859 amici,
2485 804 2541 849 et
2580 795 2813 849 ministri
2877 813 2891 848 :
2952 805 3080 866 post
3135 797 3364 864 primos,
3421 795 3506 849 in-

1927 901 2126 954 quam,
2166 885 2488 955 discipulos,
2518 897 2574 940 et
2611 885 2913 948 ministros,
2955 896 3007 939 ct
3055 886 3260 939 amicos
3291 885 3452 939 Verbi
3487 901 3507 937 ι

1930 977 2260 1030 dcductores
2289 993 2525 1046 SpOtlSIB,
2558 987 2613 1031 et
2639 977 2862 1045 ipsimet
2892 977 3102 1046 sponsi,
3127 985 3182 1031 et
3215 977 3378 1031 simul
3411 976 3505 1028 lilii

1930 1084 2073 1123 vera:
2107 1085 2169 1122 ac
2202 1070 2468 1138 principis
2497 1070 2802 1138 sapientiae,
2835 1086 2996 1139 quam
3035 1079 3090 1122 et
3119 1085 3215 1122 vos
3243 1070 3394 1138 juxta
3419 1084 3510 1121 sa-

1933 1162 2176 1230 pientem
2209 1162 2362 1214 illum
2397 1163 2703 1225 amavistis,
2730 1170 2788 1216 et
2818 1180 2844 1213 a
2890 1163 3178 1231 iuventute
3204 1171 3383 1216 vestra
3413 1177 3513 1214 cx-

1933 1253 2282 1321 quisivislis:
2333 1267 2388 1307 et
2421 1270 2544 1308 cum
2583 1271 2687 1322 qua
2726 1269 2888 1322 supta
2924 1269 3086 1323 quam
3132 1253 3221 1307 ille
3253 1255 3517 1322 prmclare'

1936 1346 2216 1413 conjuncti
2247 1355 2303 1399 ct
2334 1347 2576 1414 capulati
2611 1347 2765 1400 estis.
2798 1347 3076 1400 Adesdum
3105 1362 3260 1414 ergo,
3301 1346 3427 1399 ﬁdei
3458 1355 3515 1398 ct

1937 1437 2202 1492 doctrinae
2247 1453 2414 1492 sacrze
2457 1439 2917 1498 stabilimentum.
2971 1439 3129 1506 cujus
3189 1437 3377 1490 divina
3430 1447 3516 1490 est

1938 1531 2138 1594 Oratio,
2171 1538 2226 1583 et
2267 1530 2449 1598 lingua
2488 1530 2668 1598 ignea,
2694 1530 2786 1598 qui
2819 1539 2873 1582 et
2904 1530 3104 1589 anima.
3137 1541 3192 1584 et
3229 1530 3432 1597 lingua,
3461 1540 3518 1584 et

1939 1632 2130 1676 car-tera
2187 1622 2369 1674 omnia
2425 1637 2485 1675 cs
2534 1636 2757 1675 aureus.
2809 1621 2870 1674 Et
2931 1637 3242 1690 quanquam
3304 1621 3519 1675 nullum

1941 1715 2072 1767 mihi
2101 1715 2380 1768 vinculum
2415 1713 2723 1776 vobiscum,
2759 1729 2861 1767 nec
2907 1713 3082 1766 honos
3127 1730 3245 1782 par,
3281 1728 3379 1766 nec
3411 1713 3521 1778 ulla

1941 1803 2296 1876 cunjunctio;
2327 1816 2380 1859 et
2413 1822 2724 1875 quanquam
2753 1805 2820 1860 de
2876 1807 3033 1860 vobis
3059 1816 3165 1858 tam
3196 1805 3518 1862 excellenti-

1943 1901 2043 1953 bus
2070 1897 2207 1954 viris
2243 1897 2496 1952 habenda
2526 1897 2702 1950 oratio
2734 1897 2880 1950 vires
2919 1911 3088 1958 meas,
3127 1904 3186 1947 ut
3216 1894 3352 1959 dixi,
3383 1893 3524 1947 mul-

1945 2002 2057 2043 tum
2092 1999 2340 2057 superat,
2395 2000 2576 2042 tamen
2609 1990 2676 2042 ad
2721 2003 3013 2044 COIIIIDUIIB
3059 1996 3301 2040 VCSU‘UHI
3355 2003 3523 2040 οηεο-

1941 2078 2110 2132 mium
2158 2078 2304 2132 mihi
2350 2077 2745 2152 opitulamini,
2797 2086 2854 2132 et
2905 2076 3186 2146 ingenium
3241 2076 3520 2137 excitate.

1940 2167 2102 2222 verba
2185 2167 2648 2247 subministrata,
2719 2167 3074 2237 linguamque
3136 2166 3526 2235 inaspectabil'r

1940 2260 2103 2314 modo
2127 2259 2368 2329 dirigite,
2397 2268 2452 2313 et
2491 2273 2577 2313 me
2621 2260 2998 2325 manuducite,
3041 2263 3247 2316 virtute
3278 2260 3515 2330 spiritus

1941 2352 2088 2405 illius
2134 2351 2227 2420 qui
2270 2351 2325 2405 in
2362 2350 2522 2404 vobis
2579 2350 2868 2428 habitavit.
2901 2351 3208 2422 Oportebat
3257 2354 3522 2406 nimirum

1941 2443 2008 2497 de
2045 2445 2245 2498 vestris
2274 2443 2535 2498 laudibus
2567 2443 2873 2508 dicturum,
2916 2456 3155 2500 vestram
3185 2461 3403 2515 quoque
3439 2446 3523 2498 in-

1942 2538 2149 2606 signem
2203 2537 2399 2600 illam,
2450 2552 2515 2591 ac
2583 2537 2852 2606 sapientia
2906 2539 3169 2592 refertam
3245 2538 3525 2606 eloquen-

1945 2629 2100 2691 tiam,
2161 2638 2488 2697 vestrasque
2535 2646 2701 2684 voces
2754 2630 2996 2695 habere;
3027 2631 3158 2685 sola:
3210 2631 3358 2685 enim
3417 2629 3528 2684 iiisa

1945 2739 2058 2775 rem
2115 2738 2219 2791 pro
2272 2723 2538 2791 dignitate
2597 2722 2956 2778 conﬁcerent.
3012 2724 3252 2792 Alioqui,
3303 2724 3524 2777 Petrum

1943 2821 2044 2883 ego
2107 2823 2162 2867 et
2195 2815 2464 2868 Joannem
2495 2853 2512 2877 ,
2563 2823 2619 2867 et
2685 2814 2938 2878 Paulum,
2991 2815 3404 2885 corypliaaorum
3459 2827 3533 2867 ac

1945 2904 2252 2975 pritnorum
2321 2905 2724 2975 discipulorum
2809 2901 3302 2975 apostolorumque
3370 2904 3530 2958 verbi-

1948 2995 2203 3059 triadetn,
2240 2995 2485 3064 Spiritus
2516 2998 2694 3050 sancti
2723 2997 2999 3066 praecipua
3037 2996 3314 3050 domicilia
3346 3005 3400 3050 et
3437 2996 3524 3049 in-

1947 3097 2253 3141 strumcnta
2281 3089 2613 3142 allirmarem
2645 3105 2746 3158 ego
2777 3089 2976 3157 dignos
3006 3105 3127 3144 esse
3167 3090 3260 3158 qui
3291 3092 3393 3142 hoc
3431 3105 3527 3145 ne-

1947 3181 2078 3248 gutii
2134 3179 2504 3248 susr-ipcrcnt,
2539 3189 2595 3234 et
2649 3195 2804 3247 atque
2851 3181 3157 3243 honoratis,
3214 3180 3428 3242 amicis,
3462 3195 3528 3234 ac

257 3267 511 3318 ἔπαινον.
559 3267 842 3319 Ἀλλ’ὲπεὶ
871 3267 979 3318 τῶν
1006 3267 1280 3319 ἀδυνάτων
1316 3269 1496 3320 ἐκεῖνα
1548 3270 1640 3321 καὶ
1686 3270 1844 3340 ὑμεῖς

1950 3269 2212 3323 studiosis
2246 3270 2354 3330 sui,
2389 3277 2443 3322 et
2493 3269 2858 3323 certaminum
2912 3269 3082 3324 sociis
3127 3279 3530 3340 congruentem

261 3359 446 3425 ἐρεῖτε
481 3357 757 3423 καθάπαξ,
812 3359 1132 3427 μετριάσετε
1194 3353 1297 3410 οἷδ’
1339 3358 1419 3411 ὅτι
1449 3361 1542 3411 καὶ
1599 3362 1667 3412 τά
1715 3360 1844 3427 παρ’

258 3449 428 3517 ἡμῶν
455 3448 644 3518 ἐντελῆ
673 3453 768 3502 καὶ
823 3452 1032 3518 σμικρὰ
1092 3449 1284 3514 ταῦτα,
1318 3450 1368 3501 οἱ
1433 3450 1737 3518 συμπαθεῖς
1787 3469 1845 3502 τε

263 3523 362 3593 καὶ
393 3541 788 3610 φιλάνθρωποι,
816 3544 910 3596 καὶ
972 3534 1248 3612 παντ“αχοῦ
1277 3545 1338 3596 τὸ
1367 3545 1587 3613 μέτριον
1627 3543 1846 3595 ἐπαινέ-

260 3647 463 3692 σαντες
497 3632 683 3695 δντως,
708 3633 802 3684 καὶ
859 3634 1116 3702 Χριστὸν,
1147 3634 1306 3702 εἴπερ
1334 3635 1474 3697 τινὲς
1529 3634 1699 3698 ἄλλοι,
1747 3637 1849 3687 κάν

259 3721 444 3790 τούτῳ
467 3724 796 3792 θαυμαστῶς
831 3726 1224 3794 μιμησάμενοι.
1255 3726 1463 3790 Ἀλλως
1491 3743 1547 3778 τε
1612 3729 1706 3778 καὶ
1768 3729 1850 3780 ὅτι

263 3815 346 3883 μὴ
375 3817 491 3876 τοῖς
520 3815 649 3883 παρ’
683 3817 836 3886 ὑμῶν
865 3815 1041 3868 αὐτῶν
1075 3817 1477 3888 τεθαρρηκότες
1533 3819 1712 3887 ἡμεῖς,
1742 3819 1849 3870 τίσι

262 3908 366 3959 καὶ
421 3907 527 3973 γὰρ
552 3908 646 3960 καὶ
698 3911 900 3970 ὁποίοις
945 3909 1208 3975 ὲκείνοις;
1247 3910 1380 3962 ἀλλὰ
1432 3913 1543 3972 τοῖς
1569 3910 1849 3980 ὑμετέροις

266 4000 620 4069 μᾶλλον,κα“ι
673 4001 865 4072 οἷσπερ
930 4003 1086 4055 αὐτοὶ
1141 4003 1274 4055 Θεόν
1324 4019 1381 4055 τε
1437 4003 1531 4056 καὶ
1591 4001 1852 4072 ἀλλήλους

265 4075 734 4157 προσείπετε,¹τὲι
789 4092 943 4162 ὑμῶν
975 4095 1103 4163 ὑμῖν
1138 4090 1291 4154 αὖθις
1337 4095 1664 4164 εἰσφέρομεν
1715 4091 1789 4155 ὡς
1818 4093 1852 4162 ὴ

263 4182 524 4250 δύναμις.
552 4183 792 4251 Δηλώσει
826 4184 882 4235 δὲ
907 4185 1001 4236 καὶ
1063 4186 1091 4236 ὁ
1119 4184 1296 4251 λόγος.

346 4449 563 4516 Νόμους
593 4449 691 4516 μὲν
719 4443 811 4500 οὖν
841 4445 1132 4515 ἐγκωμίων
1167 4445 1278 4498 τῶν
1329 4443 1454 4509 ἔξω,
1485 4445 1535 4497 οἳ
1596 4444 1850 4515 πατρίδα,

264 4543 371 4594 καὶ
433 4543 606 4606 γένος,
632 4543 725 4593 καὶ
767 4540 1012 4604 πλοῦτον,
1037 4541 1130 4593 καὶ
1157 4540 1220 4610 δὴ
1249 4539 1343 4593 καὶ
1371 4539 1620 4605 σώματος
1644 4538 1852 4607 ῥώμην,

1950 3372 2114 3429 atque
2168 3360 2642 3438 accon'tmodatam
2708 3361 3081 3415 laudationem
3143 3372 3526 3417 contexerent.

1954 3453 2153 3505 Verum
2206 3452 2466 3518 quoniam
2527 3452 2581 3505 id
2620 3453 2778 3506 vobis
2831 3469 3054 3524 quoque
3094 3455 3534 3510 assentientibus

1953 3541 2065 3594 fieri
2101 3557 2324 3609 prorsus
2357 3537 2568 3609 nequit,
2603 3542 2926 3595 tenuitatem
2965 3555 3208 3598 nostram
3245 3544 3534 3600 moderate

1951 3632 2156 3696 feretis,
2221 3641 2306 3685 sat
2341 3635 2478 3697 scio,
2515 3648 2631 3695 vos,
2656 3633 2749 3702 qui
2776 3633 2953 3687 aliena
2979 3635 3196 3688 sentitis
3227 3635 3529 3689 incommo«

1951 3724 2020 3799 da
2049 3740 2062 3776 :
2100 3738 2196 3776 vos
2229 3723 2479 3786 humani,
2511 3732 2566 3776 et
2597 3723 2688 3792 qui
2729 3724 3054 3777 tnodestiam
3088 3725 3225 3778 locis
3267 3725 3530 3780 omnibus

1954 3831 2150 3869 revera
2179 3816 2636 3882 commeudastis,
2667 3815 3059 3884 Christumque
3100 3817 3150 3869 in
3186 3817 3290 3870 hoc
3339 3816 3529 3882 etiam,

1954 3918 2013 3960 ut
2040 3907 2083 3961 si
2143 3909 2236 3975 qui
2279 3907 2392 3970 alii,
2420 3907 2738 3961 mirandum
2773 3907 2827 3960 in
2866 3907 3090 3983 modum
3141 3908 3335 3962 imitati
3367 3907 3528 3964 estis.

1953 3995 2266 4050 Praesertim
2303 4014 2427 4052 cum
2462 3997 2606 4050 haud
2643 4014 2672 4051 a
2706 3999 2865 4052 nobis
2891 3999 3214 4068 exeogitatis
3247 4008 3302 4052 et
3333 3999 3532 4053 inven-

1957 4090 2049 4153 tis,
2090 4090 2184 4143 sed
2223 4090 2422 4144 vestris
2455 4090 2641 4159 potius
2676 4090 2743 4144 de
2775 4089 2906 4153 Deo,
2936 4099 2991 4144 et
3023 4091 3167 4144 inter
3196 4106 3288 4146 ros
3316 4106 3538 4145 sermo-

1960 4179 2128 4232 nibus
2165 4179 2531 4243 conﬁdentes,
2577 4190 2758 4233 vestra
2797 4179 2957 4233 vobis
3019 4188 3284 4248 quantum
3334 4197 3530 4252 possu-

1958 4287 2081 4324 mus
2115 4257 2538 4336 ‘retribuamus;
2565 4271 2618 4324 id
2651 4271 2795 4340 quod
2838 4271 3100 4340 deinceps
3139 4271 3316 4326 oratio
3348 4272 3540 4328 (ἰοειδ-

1956 4363 2121 4416 tabit.

2032 4454 2202 4523 Leges
2237 4453 2422 4523 itaque
2450 4463 2505 4506 et
2553 4453 2703 4508 locos
2761 4454 3164 4518 encumiorum,
3220 4457 3537 4532 aprol‘anis

1960 4546 2177 4600 dicendi
2241 4545 2516 4614 tnagistris
2580 4546 2953 4614 praescriptos,
2995 4547 3090 4615 qui
3145 4547 3398 4615 patriam,
3438 4565 3531 4616 ge.

267 4633 372 4685 καὶ
422 4632 779 4695 κά>.λος,καὶ
834 4634 901 4683 τὰ
962 4631 1187 4682 τοιαῦτα
1246 4629 1702 4698 περιεργάζεσθαι
1755 4629 1844 4696 πρὲ

1965 4655 2088 4703 nus,
2122 4638 2362 4696 divitias.
2388 4639 2634 4707 corporis
2668 4638 2798 4691 item
2833 4640 3024 4702 robur,
3054 4640 3294 4704 speciem
3334 4638 3534 4694 libera-

265 4727 386 4776 τῶν
418 4723 592 4777 ἄλλων
624 4724 720 4775 καὶ
771 4723 1246 4790 πολυπραγμονεῖν
1297 4721 1530 4784 ἀξιοῦσι,
1591 4737 1861 4790 παραιτη-

268 4818 403 4899 τέιῃ
463 4818 595 4884 ἡμῖν
653 4814 910 4879 ἐνταῦθα,
981 4816 1038 4865 οὐ
1100 4815 1259 4882 μόνον
1324 4813 1404 4864 ὅτι
1451 4811 1864 4880 καταφρονηταὶ

269 4911 499 4961 πάντων
527 4905 774 4968 ἐκείνων,
802 4906 897 4956 καὶ
945 4903 1085 4973 ὑπὲρ
1111 4907 1178 4956 τὰ
1215 4903 1366 4957 κάτω
1395 4904 1488 4955 καὶ
1534 4903 1624 4954 τὸν
1657 4903 1860 4968 κόσμον

268 5005 326 5056 οἱ
353 5003 717 5070 ὑπερκόσμιοι
743 4992 888 5050 οὗτοι
905 5012 919 5026 ο
959 4997 1075 5049 ἀλλ’
1105 4998 1186 5048 ὅτι
1209 4997 1341 5065 μηδὲ
1363 4999 1479 5058 ταῖς
1505 4996 1604 5060 μὲν
1627 4999 1864 5065 μορφαῖς

271 5097 377 5148 καὶ
439 5095 559 5154 ταῖς
615 5093 804 5160 χρόαις
857 5088 1267 5160 δοκιμάζεσθαι,
1318 5091 1459 5141 κατὰ
1514 5088 1622 5139 τῶν
1680 5090 1862 5140 ἵππων

268 5187 408 5248 τοὺς
440 5185 857 5251 εὐγενεστάτους
886 5183 916 5251 ἢ
972 5182 1348 5249 ἁτιμοτάτους,
1376 5180 1533 5248 ἡμῶν
1557 5180 1610 5230 δὲ
1644 5179 1862 5248 ζωγρα-

271 5277 501 5346 φείοθαι
522 5278 633 5336 τοῖς
662 5274 881 5338 ἔξωθεν,
908 5273 1117 5325 δίκαιον
1142 5288 1196 5323 τε
1263 5273 1358 5323 καὶ
1422 5272 1692 5338 εὐπρεπὲς
1723 5267 1861 5321 εἶναι

272 5373 328 5424 ot
347 5371 505 5422 αὐτοὶ
535 5353 678 5438 μάλα
702 5367 879 5430 καλῶς
918 5363 1091 5419 εἷπον.
1135 5364 1390 5424 Ἐκείνοις
1421 5363 1475 5414 δὲ
1504 5365 1683 5434 μόνξις
1729 5364 1862 5430 τρῖς

270 5463 380 5531 ’τὴν
405 5462 681 5530 εὐφημίαν
705 5459 812 5511 τῶν
863 5457 1115 5528 μεγάλων
1168 5455 1276 5508 ἀπὸ
1326 5456 1526 5524 μέρους
1577 5455 1860 5524 χρηστέον,

273 5561 396 5616 τοῖς
425 5554 800 5614 οἰκειοτάτοις,
829 5553 927 5606 καὶ·
979 5551 1219 5620 γνησίοις
1245 5548 1425 5601 αὐτῶν
1479 5548 1705 5609 τούτων,
1770 5547 1863 5599 καὶ

274 5644 364 5709 οἷς
387 5646 543 5698 αὐτοὶ
601 5647 722 5708 τοὺς
752 5644 930 5696 αὐτῶν
955 5643 1290 5712 ὁμοτρόπους
1343 5642 1438 5693 καὶ
1496 5639 1628 5692 Θεοῦ
1652 5638 1858 5706 φίλους,

281 5737 575 5810 μάρτυράς
637 5753 800 5808 φημι,
857 5737 951 5806 καὶ
999 5734 1267 5804 Ματέρας,
1326 5735 1418 5787 καὶ
1482 5731 1858 5796 διδασκάλους,

1959 4731 2088 4791 lem,
2139 4739 2193 4784 et
2250 4729 2451 4783 similia
2486 4729 2706 4783 curiose
2758 4731 3042 4799 inprimis
3102 4730 3429 4798 inquirenda
3479 4741 3530 4784 et

1961 4821 2260 4877 scrutanda
2314 4830 2566 4885 censent,
2618 4821 2672 4874 in
2724 4821 2830 4896 hoc
2869 4831 3193 4892 argumento
3227 4821 3535 4890 praeteribi-

1964 4931 2106 4977 ntus,
2143 4931 2249 4967 non
2279 4913 2456 4966 solum
2492 4911 2638 4980 quod
2670 4911 2724 4964 hi
2763 4912 2865 4964 viri
2914 4911 3100 4965 omnia
3144 4912 3235 4964 illa
3273 4909 3538 4979 despexe-

1963 5015 2112 5070 runt,
2141 5019 2372 5072 scseque
2397 5019 2562 5071 supra
2599 5018 2686 5054 res
2720 5003 2937 5055 intimas
2977 5011 3033 5055 et
3066 5016 3231 5069 supra
3264 5001 3535 5055 mundum

1969 5099 2145 5165 ipsum
2182 5097 2504 5148 extulerunt
2537 5111 2550 5145 :
2593 5093 2687 5146 scd
2726 5093 2870 5161 quod
2907 5093 3146 5162 ipsimet,
3179 5090 3540 5162 quemadmo-

1967 5190 2095 5241 dum
2128 5201 2300 5254 cquos
2334 5182 2790 5253 generosissimus
2837 5193 2930 5235 aut
2961 5182 3384 5252 abjcctissimos,
3428 5199 3542 5236 non-

1966 5295 2032 5332 ex
2073 5277 2260 5334 Iorma
2321 5286 2415 5330 aut
2446 5275 2630 5328 colore
2684 5273 2936 5343 probari;
2986 5274 3057 5326 ita
3110 5290 3210 5328 nec
3257 5272 3536 5327 hominem

1967 5369 2233 5423 extremis
2280 5367 2498 5436 dcpingi
2557 5380 2621 5419 ac
2657 5365 2896 5419 describi
2944 5365 3148 5435 justum
3194 5375 3248 5419 ct
3278 5365 3544 5418 decorum

1972 5458 2356 5528 percommode
2421 5459 2780 5526 scripserunt,
2807 5469 2863 5510 et
2915 5457 2981 5510 iis
3018 5457 3284 5511 duntaxat
3343 5455 3408 5510 ad
3447 5471 3541 5510 eo-

1970 5567 2088 5604 rum
2133 5551 2392 5619 prtcconii
2439 5558 2648 5618 partem
2690 5549 2928 5618 aliquam
2966 5557 3204 5613 utemur,
3248 5564 3366 5617 quae
3396 5547 3548 5616 ipso-

1969 5660 2085 5697 rum
2121 5644 2173 5695 in
2211 5642 2402 5712 primis
2443 5641 2664 5710 propria
2700 5653 2752 5694 et
2784 5657 3041 5710 germana
3075 5651 3222 5706 sunt,
3258 5650 3312 5695 et
3341 5641 3543 5709 quibus

1967 5736 2060 5791 sui
2078 5734 2300 5800 similes,
2337 5749 2396 5788 ac
2434 5733 2528 5787 Dei
2572 5733 2797 5797 amicos,
2831 5745 3117 5804 martyres,
3169 5733 3408 5803 inquam,
3443 5732 3533 5785 P..-
