3862 6218
329 286 430 351 7ἷ1

1393 259 1821 329 PHILOTIIEI
1860 263 1970 321 (ΣΡ.
2018 254 2534 319 PATRIARCH/E

3499 249 3617 309 772

330 414 448 460 tres
477 415 542 456 ac
565 399 820 454 doctores
860 408 990 450 suos
1035 392 1088 444 in
1121 387 1343 457 scriptis
1369 386 1486 440 suis
1521 379 1918 437 admirabiliter

2053 374 2359 444 ‘aUpaO‘L'tB;
2392 375 2505 433 τοῖς
2530 369 2739 451 ἑαυτῶν
2773 369 2951 438 λόγοις
2998 371 3316 439 προσεῖπον.
3367 368 3499 419 ὐῦκ
3549 369 3618 419 ἂν

332 489 737 546 collaudarunt.
813 484 986 552 Spero
1037 479 1205 550 igitur
1273 475 1550 530 neminem
1609 470 1911 524 alienarum

332 583 642 636 orationum
674 588 956 632 censorem
1000 586 1064 624 ac
1102 569 1366 640 judicem,
1407 565 1639 633 alicujus
1696 561 1916 628 ineptiae

335 682 431 727 aut
461 671 589 725 furti
642 683 742 721 nos
782 666 1196 722 damnatarum,
1228 661 1274 714 si
1306 674 1496 714 eorum
1527 655 1733 720 verbis,
1769 654 1912 706 divi-

335 765 528 832 nisque
595 759 754 813 dictis
829 771 892 809 ac
965 752 1258 812 sententiis
1327 749 1552 804 uberius
1605 745 1914 807 adhibitis,

342 869 466 905 cum
503 851 672 918 ipsos,
705 858 816 900 tum
852 845 1155 899 orationem
1203 853 1441 894 nostram
1471 835 1919 892 cohonestaveri-

340 963 482 1007 mus,
520 946 682 1013 idque
716 952 923 995 remote
952 938 1199 993 fortassis
1223 937 1291 990 ab
1320 945 1598 988 oratorum
1627 939 1920 986 consuetu-

337 1037 486 1101 dine,
519 1047 578 1090 ut
613 1035 864 1088 nonnulli
899 1030 1314 1087 existimabunt.
1357 1027 1601 1080 Primum
1635 1024 1778 1077 enim
1812 1039 1916 1076 non

337 1127 512 1180 solum
539 1124 794 1195 ajustitia
829 1138 891 1176 ae
925 1123 1126 1190 pietate
1160 1117 1482 1175 abhorrens,
1512 1113 1606 1167 sed
1631 1113 1838 1181 rapina:
1869 1121 1924 1166 ct

339 1217 582 1270 avaritiae
628 1229 846 1284 quoque
893 1215 1051 1266 aliine
1089 1211 1347 1273 arbitror,
1398 1207 1487 1262 ubi
1556 1204 1773 1274 ipsimet
1825 1219 1921 1257 sua

340 1309 586 1380 proferre
631 1309 686 1360 in
735 1305 977 1358 medium
1030 1311 1284 1372 possunt,
1315 1315 1414 1353 nos
1465 1297 1573 1352 illis
1607 1309 1921 1349 sermonem

343 1418 453 1455 non
493 1401 710 1461 cedere,
743 1397 1040 1464 locumque
1080 1395 1232 1457 dare,
1265 1402 1470 1445 etcum
1514 1389 1732 1442 silentio
1765 1387 1926 1453 (sient

345 1491 400 1544 in
431 1490 812 1560 mysteriorum
870 1486 1087 1547 ritibus)
1119 1490 1457 1545 auscultare,
1507 1496 1697 1534 verum
1746 1480 1923 1547 impu-

346 1582 542 1636 denter
584 1589 639 1635 et
691 1581 1030 1634 conﬁdenter
1082 1592 1280 1645 agere,
1336 1584 1391 1626 et
1447 1573 1664 1641 propria
1723 1571 1925 1624 audere

348 1681 538 1726 eontra
565 1668 882 1722 oblrudere.
909 1665 1113 1719 Deinde
1146 1664 1296 1718 istud
1341 1678 1443 1716 nec
1472 1663 1790 1716 inusitatum
1822 1670 1922 1724 est,

2019 471 2073 520 δέ
2109 485 2192 530 τις
2223 467 2331 519 τῶν
2389 465 2581 533 λόγους
2616 463 3000 530 ὲξεταζόντων,
3033 459 3420 532 ἁπειφκαλίας
3467 458 3618 520 τινδς

2019 555 2051 621 ἢ
2083 556 2179 606 καὶ
2217 553 2427 622 κλοπῆς
2449 555 2595 621 ἡμᾶς
2625 553 2766 604 ἑλεῖν
2797 550 3049 620 ἐθελήσῃ,
3069 551 3144 613 ὥς
3168 568 3229 618 γε
3254 551 3362 616 ἐγὼ
3379 547 3615 616 νομίζω,

2019 650 2066 699 εί
2103 649 2214 706 τοῖς
2247 645 2452 697 τούτων
2495 645 2588 696 ἐπὶ
2621 641 2833 712 μακρὸν
2886 643 3202 712 χρησόμεθα
3256 642 3461 708 λόγοις,
3517 641 3618 691 καὶ

2021 739 2140 799 ταῖς
2176 736 2354 789 αὐτῶν
2381 735 2683 804 θεολογίαις
2733 736 2828 789 καὶ
2883 737 3134 803 γνώμαις
3169 732 3364 796 αύτούς
3401 749 3460 784 τε
3517 731 3617 784 καὶ

2020 828 2110 880 τὸν
2136 829 2408 897 ἡμέτερον
2450 831 2836 897 κοσμήσαιμεν
2863 827 3048 893 λόγον,
3082 828 3211 886 ἴσως
3265 825 3361 877 val.
3421 825 3615 894 πόρῤω

2022 921 2119 989 τῆς
2144 921 2200 972 ἐν
2230 922 2342 981 τοῖς
2368 918 2548 986 λόγοις
2573 918 2880 987 συνηθείας,
2898 919 2972 980 ὡς
2996 920 3060 972 ἄν
3081 934 3191 968 τισι
3217 917 3363 987 δόξῃ.
3390 916 3615 984 Πρῶτον

2027 1010 2148 1080 μὲν,
2192 1011 2274 1064 ὅτι
2311 1011 2386 1080 μὴ
2421 1011 2581 1080 μόνον
2634 1011 2733 1079 οὐχ
2774 1011 2943 1072 ὅσιον,
2978 1009 3087 1062 οὐδ’
3146 1009 3371 1070 εὐλαϐὲς
3433 1009 3613 1058 ἐκεῐ.ο

2023 1102 2251 1171 νομίζω,
2281 1102 2415 1155 ἀλλὰ
2446 1104 2539 1156 καὶ
2568 1101 2827 1172 ἁρπαγῆς
2853 1103 2948 1155 καὶ
2996 1101 3307 1166 πλεονεξίας
3363 1101 3424 1152 ού
3478 1101 3614 1170 πάρ-

2027 1199 2125 1267 ρω,
2154 1195 2213 1248 τὸ
2239 1197 2295 1248 ὲν
2326 1192 2406 1258 οἷς
2431 1193 2605 1258 ἔξεστι
2630 1194 2854 1257 τούτους
2911 1193 2979 1246 τὰ
3007 1195 3218 1246 ἑαυτῶν
3274 1193 3485 1259 λέγειν,
3541 1194 3616 1264 μὴ

2027 1291 2377 1358 παραχωρεῖν
2409 1289 2555 1358 ἡμᾶς
2585 1288 2822 1350 ἐκείνοις
2871 1287 2964 1340 τοῦ
3021 1287 3204 1354 λόγου,
3263 1286 3388 1355 μηδ’
3426 1285 3620 1347 ὑπεξίο

2028 1383 2280 1444 στασθαι,
2315 1384 2440 1450 σιγῇ
2465 1381 2563 1448 τὴν
2595 1379 2762 1450 ἀκοὴν
2816 1381 3120 1449 ὑπέχοντας
3177 1380 3368 1448 μόνην,
3419 1379 3498 1441 ὡς
3563 1383 3619 1430 ἑν

2025 1472 2214 1540 τελετῇ
2241 1469 2576 1538 μυστηρίων,
2612 1467 2726 1523 ἀλλ’
2780 1469 3181 1539 ἀναισχυντεῖν,
3225 1471 3320 1521 καὶ
3357 1467 3623 1536 θρασύνε-

2029 1565 2174 1628 σθαι,
2207 1563 2303 1617 καὶ
2325 1564 2398 1638 τά
2431 1561 2641 1615 ἑαυτῶν
2676 1564 2879 1632 τολμᾷν
2903 1564 3242 1630 ἀντεισάγειν
3261 1577 3279 1594 ⁶
3301 1563 3556 1631 δεύτερον
3577 1561 3623 1612 δ’

2030 1661 2114 1711 ὅτι
2148 1658 2281 1726 μηδὲ
2311 1657 2406 1724 τῆς
2437 1655 2750 1724 συνηθείας,
2785 1657 2920 1724 μηδὲ
2945 1656 3053 1708 τῶν
3084 1656 3242 1726 ἱερῶν
3282 1654 3442 1707 τοῦτο
3484 1654 3624 1724 πόρε-

350 1778 454 1817 nec
501 1777 530 1815 a
590 1776 740 1813 more
797 1768 1110 1812 sanctorum
1173 1755 1618 1824 optimorumque
1679 1752 1924 1804 virorum

2053 1750 2111 1797 ῐω
2145 1745 2242 1797 καὶ
2284 1744 2391 1796 τῶν
2412 1744 2670 1811 ἀρίστων.
2701 1744 2774 1796 Οὐ
2809 1747 2968 1812 μόνον
3003 1747 3112 1812 γάρ
3159 1744 3281 1806 τοὺς
3316 1744 3420 1812 πρὸ
3461 1743 3620 1811 ήμιῖν

350 1853 613 1906 alienum.
641 1848 866 1902 Constat
907 1847 1051 1900 enim
1085 1861 1192 1898 non
1222 1843 1382 1896 modo
1414 1843 1647 1912 majores
1691 1849 1928 1898 nostros,

362 1943 614 1996 homines
673 1940 950 2008 sapientes
1006 1945 1061 1990 et
1137 1935 1378 2004 integros
1449 1934 1604 1988 istam
1664 1932 1930 1986 rationem

355 2031 698 2101 perstudiose
727 2029 965 2094 tenuisse
997 2029 1050 2081 in
1081 2025 1444 2088 orationibus,
1473 2040 1608 2093 quas
1635 2023 1701 2077 de
1735 2022 1929 2076 claris-

355 2123 512 2177 simis
548 2123 698 2176 hisce
759 2121 893 2173 viris
941 2128 1343 2173 contexuerunt
1374 2156 1388 2181 ,
1439 2117 1534 2170 sed
1571 2113 1793 2183 insuper
1836 2112 1936 2166 hos

355 2215 506 2282 ipsos
545 2210 827 2280 sapientia!
859 2209 1114 2262 doctores
1165 2209 1398 2277 inclytus
1429 2206 1480 2258 in
1526 2205 1640 2257 suis
1688 2195 1930 2272 ipsorum

356 2305 738 2359 voluminibus
810 2303 863 2355 id
903 2303 1179 2356 factitasse
1227 2298 1615 2366 comperimus,
1667 2303 1728 2346 ut
1773 2307 1869 2347 sua
1911 2306 1941 2344 a

359 2395 670 2464 semetipsis
694 2394 843 2448 velut
877 2401 1283 2450 mutuarentur,
1317 2399 1518 2442 etcum
1558 2401 1711 2438 sacra
1745 2393 1944 2452 myste-

362 2486 440 2538 ria
505 2492 828 2548 tractarent,
879 2492 935 2537 et
995 2497 1120 2536 cum
1155 2479 1396 2535 vicissim
1458 2492 1578 2532 sese
1635 2485 1690 2530 et
1741 2478 1947 2527 amicos

351 2575 571 2629 'sanctis
601 2575 858 2628 laudibus
902 2581 1406 2643 prosequerentur:
1446 2585 1553 2639 qua
1605 2567 1827 2636 quidem
1863 2581 1948 2618 ra-

369 2665 520 2719 tione
550 2665 712 2735 hujus
739 2665 816 2718 rei
862 2664 1015 2730 quasi
1059 2673 1244 2733 typum
1273 2659 1629 2734 etcxctnplar
1662 2657 1950 2711 imitatori-

365 2757 468 2811 bus
510 2757 626 2811 suis
671 2763 1182 2825 praemonstrarunt.
1228 2752 1345 2806 Jam
1389 2751 1432 2804 si
1471 2749 1684 2803 tertiam
1726 2761 1951 2816 respon-

364 2849 574 2901 sionem
619 2847 876 2914 requiris,
909 2854 992 2898 est
1027 2845 1081 2897 in
1130 2852 1385 2912 promptu
1439 2841 1601 2894 etiam
1641 2836 1830 2901 tertia,
1863 2852 1951 2889 ar-

285 2931 304 2948 ⁶
363 2941 466 2995 dor
505 2949 560 2994 et
598 2954 752 2994 amor
781 2936 1139 2996 incredibilis,
1167 2944 1243 2999 et,
1273 2934 1424 2988 utita
1458 2946 1743 2993 vocemus,
1781 2929 1950 2982 mala-

2035 1837 2238 1904 σοφούς
2269 1853 2328 1888 τε
2392 1837 2488 1887 καὶ
2517 1835 2758 1902 ἀγαθοῖις
2819 1837 3150 1905 εὑρίσκομεν
3188 1836 3387 1904 ἄνδρας
3445 1834 3624 1903 τούτῳ

2034 1931 2417 2005 χρησαμένους
2439 1929 2516 1998 τῷ
2547 1931 2732 2000 τρόπῳ
2757 1931 2896 1999 μετὰ
2924 1929 3123 1999 πολλῆς
3178 1927 3275 1996 τῆς
3305 1927 3622 1996 φιλοτιμίας

2037 2029 2094 2079 ἐν
2118 2026 2229 2086 τοῖς
2287 2021 2426 2090 ὑπὲρ
2461 2021 2570 2073 τῶν
2608 2021 2862 2091 μεγάλων
2921 2019 3126 2074 τούτων
3154 2060 3169 2084 ,
3198 2019 3344 2088 φημὶ
3375 2058 3391 2082 ,
3421 2017 3627 2084 λόγοις,

2039 2118 2154 2173 ἀλλ’
2189 2117 2267 2171 ἔτι
2298 2121 2394 2172 καὶ
2416 2118 2640 2178 τούτους
2670 2113 2866 2176 αὐτοὺς
2897 2112 3022 2175 τοὺς
3056 2112 3156 2180 τῆς
3187 2112 3374 2179 σοφίας
3411 2110 3634 2178 θαυμα-

2043 2214 2202 2274 στοὺς
2230 2211 2586 2269 διδασκάλους
2610 2210 2667 2260 ὲν
2696 2210 2807 2268 τοῖς
2837 2207 2988 2268 ίδίοις
3012 2204 3194 2257 αὐτῶν
3234 2203 3414 2269 λόγοις
3467 2201 3634 2254 τοῦτο

2043 2301 2302 2363 πολλάκις
2342 2299 2632 2361 ποιοῦντας
2655 2297 2891 2366 ὁρῶμεν,
2921 2295 2992 2348 τὰ
3022 2295 3203 2346 αὐτῶν
3230 2294 3363 2362 παρ’
3412 2293 3632 2346 ἑαυτῶν

2044 2391 2234 2459 ὥσπερ
2277 2391 2684 2458 δανειζομένους
2743 2388 2801 2439 ἓν
2857 2404 2916 2440 τε
2964 2388 3078 2449 τοῖς
3117 2386 3256 2454 ὑπὲρ
3306 2385 3416 2437 τῶν
3465 2383 3637 2454 ἱερῶν

2052 2485 2388 2554 μυστηρίων,
2410 2483 2467 2534 ἓν
2497 2499 2557 2534 τε
2584 2483 2692 2544 τοῖς
2729 2480 2978 2550 ἀλλήλων
3015 2479 3111 2531 κα)⁸
3163 2481 3276 2540 τοῖς
3298 2477 3405 2529 τῶν
3455 2477 3635 2541 φίλων

2052 2575 2218 2642 ἱεροῖς
2278 2571 2596 2640 ἐγκωμίοις,
2624 2570 2827 2632 τύπους
2881 2568 3081 2620 ὡσανεὶ
3143 2567 3237 2620 καί
3275 2565 3636 2635 παράδειγμα

2049 2661 2404 2732 γιγνομένους
2435 2663 2528 2714 καὶ
2557 2661 2746 2713 τούτου
2774 2662 2884 2722 τοῖς
2909 2662 2975 2711 τὰ
3015 2659 3240 2711 ἐκείνων
3265 2657 3629 2726 ὲζηλωκόσιν.

2052 2758 2116 2810 Ei
2147 2756 2201 2808 δὲ
2234 2756 2328 2808 καὶ
2380 2754 2562 2824 τρίτον
2600 2753 2843 2822 ζητοίης,
2895 2752 3154 2822 πρόσεστι
3183 2750 3278 2803 καὶ
3321 2748 3527 2819 τρίτον,
3575 2746 3638 2800 τὸ

2053 2847 2145 2901 τοῦ
2184 2847 2406 2917 φίλτρου
2455 2843 2677 2898 καὶτοῦ
2728 2845 2952 2914 ἔρωτος,
3019 2843 3115 2895 καὶ
3172 2840 3273 2910 τῆς
3338 2839 3634 2908 μαλακίας,

2055 2942 2122 2995 ἵν’
2156 2941 2328 3002 οὕτως
2387 2941 2542 3002 εἴπω,
2591 2941 2690 3008 τῆς
2745 2938 2882 3009 πρὸς
2940 2939 3067 3000 τοὺς
3117 2937 3332 3004 λόγους,
3392 2935 3486 2988 καὶ
3537 2936 3637 2998 τὰς

364 3031 450 3086 cia
479 3031 726 3100 qu:edam
770 3044 897 3095 erga
933 3036 1155 3096 scripta.
1178 3034 1233 3080 et
1266 3025 1504 3079 tonitrua
1533 3023 1624 3076 illa
1663 3020 1867 3084 divina,
1899 3029 1947 3074 et

2061 3033 2293 3104 βροντὰς
2358 3033 2570 3094 ὲκείνας
2638 3030 2952 3094 θεσπεσίας,
3007 3029 3203 3084 καὶτὸ
3255 3028 3398 3098 ἱερὸν
3465 3027 3638 3090 ὅντως

367 3123 485 3176 sine
542 3120 712 3174 dubio
749 3133 965 3173 sacrum
1023 3126 1232 3177 nectar,
1276 3129 1386 3183 quo
1431 3128 1532 3168 nos
1562 3113 1654 3166 illa
1707 3112 1820 3165 sive
1853 3127 1951 3163 au-

369 3211 595 3270 diendo,
630 3211 744 3264 sive
772 3207 1024 3278 legendo,
1053 3205 1167 3261 sive
1201 3203 1514 3266 scribendo,
1551 3203 1666 3256 sive
1725 3209 1785 3254 ut
1819 3215 1953 3254 usus

376 3301 698 3374 postulavit,
739 3300 1052 3354 adhibendo
1109 3297 1296 3350 satiari
1331 3304 1386 3349 et
1426 3293 1631 3362 expleri
1673 3307 1952 3360 nunquam

371 3396 674 3466 potuimus.
714 3394 1078 3459 Quamobrem
1133 3391 1200 3444 ad
1261 3405 1357 3444 eos
1407 3400 1707 3454 eorumque
1766 3385 1955 3439 laudes

371 3484 817 3554 depraadicandas
839 3483 1136 3553 aliquando
1169 3487 1515 3536 accedamus.

445 3591 506 3644 lli
543 3591 843 3646 secundum
871 3589 1191 3643 altissimam
1224 3603 1461 3656 vereque
1517 3584 1956 3656 inexplicabilem

373 3698 439 3737 ac
468 3683 708 3737 divinam
758 3681 1182 3751 providentiam,
1226 3695 1346 3748 qua:
1379 3678 1551 3730 multo
1577 3686 1704 3730 ante
1741 3683 1822 3744 (ut
1858 3674 1960 3744 ipsi

379 3791 599 3844 quoque
685 3773 904 3834 docent)
977 3786 1292 3840 magnarum
1341 3783 1523 3822 rerum
1587 3767 1852 3836 principia
1909 3774 1964 3818 et

376 3866 729 3920 fundamenta
756 3877 960 3931 ponere
984 3861 1146 3922 solet,
1176 3861 1231 3912 in
1265 3859 1442 3911 medio
1467 3857 1671 3911 Christi
1708 3856 1963 3909 Ecclesia:

378 3959 491 4011 nati
521 3964 682 4019 sunt,
716 3956 830 4009 sive
863 3963 1138 4007 terrenam
1186 3961 1244 4004 et
1273 3965 1591 4019 corpoream
1653 3948 1963 4018 generatio-

383 4063 528 4108 nem,
564 4048 679 4101 sive
725 4059 1044 4114 supernam,
1076 4042 1372 4094 sublimem
1417 4057 1479 4094 ac
1508 4041 1772 4104 divinam,
1799 4054 1962 4107 quam
2003 4025 2012 4030 ’

380 4148 604 4193 sanctus
637 4135 802 4188 David
851 4132 960 4185 diei
998 4129 1436 4201 generationem,
1465 4139 1521 4182 et
1569 4137 1848 4182 nocturna:
1877 4144 1968 4196 ge-

382 4223 654 4282 nr‘rationi
708 4226 1037 4279 contrariam
1088 4223 1293 4285 dixit’,
1328 4227 1444 4276 sive
1485 4222 1673 4292 ambas
1720 4231 1967 4289 spectare

384 4319 742 4374 voluerimus.
770 4318 836 4371 Et
867 4331 991 4370 cum
1027 4315 1166 4370 hanc
1194 4315 1365 4367 solam
1405 4313 1770 4382 (spiritualem
1804 4327 1966 4381 gene-

386 4412 680 4480 rationem)
716 4411 818 4464 sibi
847 4419 902 4464 et
928 4419 1180 4469 matrem,
1215 4417 1269 4460 et
1295 4405 1589 4468 nutricem,
1623 4413 1679 4457 et
1711 4403 1963 4472 patriam,

395 4513 449 4555 et
485 4515 678 4571 genus,
713 4510 765 4553 et
815 4497 1083 4568 quidquid
1117 4508 1200 4550 est
1242 4495 1578 4564 hujusmodi,
1629 4494 1970 4554 statuissent,

385 4594 622 4664 primum
679 4591 748 4644 ab
800 4607 863 4644 ea
923 4591 1036 4643 aliti
1105 4596 1274 4653 sunt,
1325 4587 1559 4654 fideique
1634 4600 1698 4639 ac
1755 4585 1974 4653 pietatis

388 4702 610 4758 purutn,
660 4700 724 4738 ac
765 4685 883 4738 sine
921 4683 1049 4736 dolo
1089 4683 1198 4744 lac,
1245 4679 1677 4732 introductorios
1703 4690 1758 4731 et
1795 4679 1976 4731 initia—

393 4778 562 4831 turios
612 4790 896 4831 sermones
947 4775 1067 4843 ejus
1109 4775 1430 4831 hauserunt,
1461 4777 1518 4823 et
1575 4785 1700 4822 cum
1734 4769 1866 4832 illis,
1914 4784 1976 4823 ac

391 4879 513 4938 post
553 4869 676 4921 illos
704 4868 894 4921 orbem
926 4864 1339 4934 disciplinarum
1373 4861 1681 4915 liberaliutu
1709 4863 1968 4914 excolue-

393 4971 540 5014 runt.
578 4957 679 5013 Ubi
723 4973 856 5012 vero
887 4957 1309 5026 perfectiorlbns
1340 4954 1444 5007 illis
1474 4953 1762 5015 doctrinis,
1787 4961 1972 5005 exter-

395 5069 572 5122 naque
621 5051 885 5120 sapientia
937 5065 1073 5119 opus
1129 5048 1227 5101 fuit
1277 5047 1600 5115 (requiritur
1657 5047 1824 5104 enim,
1882 5043 1970 5096 in-

393 5144 590 5211 quiunt
645 5141 885 5210 ipsimet,
919 5142 1083 5193 etiam
1119 5155 1199 5191 v.s
1239 5137 1452 5191 dicendi
1500 5136 1566 5189 ad
1603 5135 1770 5188 animi
1817 5149 1974 5187 sensa

395 5232 759 5301 explicanda:
799 5230 1157 5299 intelligentia
1209 5231 1502 5298 siquidem,
1537 5244 1656 5296 quze
1698 5227 1975 5301 citplicare

397 5343 454 5382 se
490 5327 687 5388 nescit,
744 5335 922 5378 motus
955 5323 1290 5392 torpentium
1319 5331 1450 5392 est),
1482 5323 1597 5377 suis
1649 5323 1770 5376 telis
1815 5332 1975 5376 recta:

397 5421 660 5474 doctrina:
695 5417 820 5470 lidei
864 5416 1239 5479 adversantes,
1268 5425 1325 5469 et
1352 5414 1495 5490 apud
1533 5414 1860 5484 semetipsos
1892 5430 1977 5468 sa-

399 5512 612 5582 pientes
670 5528 734 5568 ac
780 5514 1018 5568 scientes
1075 5510 1385 5578 feriendus,
1449 5519 1502 5566 ct
1574 5511 1968 5582 supercilium,

481 5668 502 5696 ’
541 5667 682 5720 Psal.
722 5683 873 5731 xvnt,
911 5670 927 5721 1
968 5683 1122 5735 seqq.

1992 4374 2044 4434 D

2057 3128 2280 3195 νέκταρ,
2332 3121 2391 3179 οὗ
2459 3124 2595 3194 μηδὲ
2663 3124 2825 3193 κόρον
2866 3125 3030 3192 ἡμεῖς
3083 3121 3280 3191 ἔχομέν
3327 3133 3482 3180 ποτε,
3540 3117 3642 3170 καὶ.

2057 3218 2370 3280 ἀκούοντες,
2399 3217 2494 3269 καὶ
2519 3215 3008 3283 ἀναγινώσκοντες,
3056 3214 3152 3266 καὶ
3184 3214 3488 3282 γράφοντες
3543 3210 3642 3264 καὶ

2058 3311 2329 3380 χρώμενοι
2365 3308 2595 3370 τούτοις,
2623 3308 2682 3359 ἔν
2724 3323 2787 3373 γε
2835 3305 2914 3374 τῷ
2957 3305 3231 3374 ἱσταμένῳ
3276 3305 3374 3372 τῆς
3423 3303 3639 3372 χρείας.

2061 3403 2170 3455 Καὶ
2238 3403 2302 3468 δὴ
2361 3402 2494 3470 πρὸς
2541 3401 2738 3462 αὐτοὺς
2795 3400 3035 3461 ἐκείνους
3069 3399 3179 3452 ’καὶ
3223 3397 3324 3466 τὴν
3362 3395 3643 3466 εὐφημίαν

2060 3493 2160 3563 ἤδη
2189 3494 2480 3564 χωρῶμενο
2797 3505 2806 3516 ·
2923 3564 2928 3567 ε
3593 3477 3608 3492 ⁸

2131 3582 2294 3639 Οὗτοι
2323 3588 2462 3639 κατὰ
2487 3587 2746 3656 πρόνοιαν
2791 3585 3156 3656 ὑψηλοτάτην,
3184 3584 3280 3637 καὶ
3329 3582 3641 3653 ἀπόρρητον

2062 3677 2230 3740 ὅντως
2277 3679 2374 3732 καὶ
2404 3677 2573 3745 Θείαν,
2601 3679 2635 3748 ἢ
2692 3679 2976 3748 πόρρωθεν
3032 3674 3172 3730 οἶδεν
3214 3674 3321 3744 (ὼς
3344 3673 3502 3726 αὐτοὶ
3551 3672 3646 3726 καὶ

2064 3766 2224 3819 τοῦτό
2251 3768 2425 3836 φασι)
2456 3770 2552 3831 τὰς
2605 3769 2712 3820 τῶν
2764 3768 3018 3836 μεγάλων
3075 3766 3418 3837 πραγμάτων
3467 3764 3643 3834 ἀρχὰς

2071 3857 2531 3920 καταϐάλλεσθαι,
2563 3857 2863 3925 γεννῶνται
2895 3858 3056 3926 μέσον
3116 3857 3214 3924 τῆς
3244 3851 3483 3924 Χριστοῦ
3523 3852 3637 3904 Ἐκ·

2067 3951 2314 4020 κλησίας,
2339 3951 2445 4002 εἴτε
2485 3949 2584 4019 τὴν
2615 3950 2764 4002 κάτω
2795 3949 2889 4001 καὶ
2918 3947 3239 4016 σωματικὴν
3287 3945 3468 4016 βούλει
3515 3945 3643 4011 Th-

2068 4061 2223 4114 νησιν
2255 4043 2454 4111 λέγειν,
2494 4047 2600 4095 εῐτε
2635 4035 2734 4112 τῆν
2761 4045 2891 4106 ἄνω,
2950 4043 3046 4095 καὶ
3081 4041 3316 4111 ὑψηλὴν,
3349 4042 3444 4094 καὶ
3470 4041 3642 4102 θείαν,

2069 4134 2135 4203 ἢν
2161 4132 2429 4203 ἡμερινὴν
2455 4135 2482 4185 ὁ
2509 4132 2650 4194 θεῖος
2679 4128 2797 4184 εἷπε
2826 4131 3007 4198 Δαυῖδ,
3039 4131 3132 4184 καὶ
3163 4136 3258 4200 τῆς
3325 4129 3642 4199 νυκτερινῆς

2059 4223 2370 4284 -ἀντίθετον,
2441 4225 2552 4276 εἴτε
2621 4225 2716 4276 καὶ
2751 4225 3088 4293 ἀμφοτέρας.
3148 4223 3258 4275 Καὶ
3284 4223 3488 4292 ταύτην
3551 4221 3644 4274 καὶ

2077 4319 2313 4385 μητέρα,
2339 4317 2430 4367 καὶ
2465 4317 2685 4385 τροτον,
2746 4317 2842 4368 καὶ
2876 4316 3132 4384 πατρίδα,
3183 4316 3278 4367 καὶ
3308 4317 3488 4382 γένος,
3553 4317 3645 4366 καὶ

2075 4409 2183 4458 πᾶν
2238 4409 2360 4459 εἴτι
2395 4408 2656 4471 τοιοῦτον,
2705 4410 3064 4476 ποιησάμενοι
3115 4408 3306 4476 μόνην,
3356 4407 3646 4475 τρέφονται

2079 4499 2176 4566 μὲν
2203 4498 2271 4548 τὰ
2325 4498 2517 4566 πρῶτα
2555 4502 2686 4568 παρ’
2731 4502 2894 4568 αὐτῇ,
2929 4501 3024 4552 καὶ
3084 4499 3397 4562 ποτίζονται
3439 4501 3497 4550 τὸ
3550 4500 3647 4566 τῆς

2075 4595 2314 4651 πίστεως
2353 4591 2590 4660 καθαρόν
2613 4608 2669 4642 τε
2712 4593 2807 4644 καὶ
2837 4591 3020 4643 ἄδολον
3059 4591 3220 4657 γάλα,
3254 4590 3340 4643 διὰ
3365 4589 3503 4665 ττῶν
3536 4591 3648 4641 eic-

2074 4682 2366 4748 αγω-,ικῶν
2401 4683 2493 4733 καὶ
2534 4681 2862 4751 προτελείων
2887 4682 3052 4750 αὐτῆς
3075 4681 3248 4748 λόγων
3269 4699 3282 4713 ο
3316 4683 3407 4732 καὶ
3442 4682 3510 4732 τὰ
3544 4680 3650 4731 τῶν

2077 4774 2381 4840 ἐγκυκλίων
2406 4777 2502 4826 σὺν
2523 4775 2749 4836 ἐκείνοις
2779 4776 2873 4827 καὶ
2903 4776 3020 4844 μετ’
3043 4776 3225 4828 ἐκεῖνα
3249 4773 3649 4846 φιλοσοφοῦειτ.

2077 4867 2234 4919 Ἐπεὶ
2259 4868 2313 4918 δὲ
2341 4869 2433 4920 καὶ
2454 4867 2627 4934 λόγων
2640 4868 2818 4928 αὐτοῖς
2843 4867 2948 4919 ἔδει
2970 4867 3335 4936 τελεωτέρων,
3352 4869 3441 4919 καὶ
3463 4869 3652 4934 σοφῖας

2077 4959 2176 5025 τῆς
2201 4959 2307 5023 ἔξω
2337 4959 2447 5027 (δεῖ
2469 4959 2598 5028 γὰρ,
2625 4960 2787 5026 φασιν
2815 4961 2864 5011 οί
2889 4960 3062 5024 αὐτοὶ,
3103 4961 3196 5011 καὶ
3233 4959 3332 5028 τῆς
3366 4960 3426 5010 ἑν
3477 4958 3653 5026 λόγοις

2081 5048 2361 5118 δυνάμεως
2385 5049 2517 5118 πρὸς
2549 5049 2650 5118 τὴν
2689 5051 2796 5102 τῶν
2820 5051 3123 5118 νοουμένων
3146 5051 3379 5119 δήλωσιν
3400 5064 3415 5079 ⁸
3457 5051 3653 5119 κίνημα

2082 5144 2190 5207 γὰρ
2257 5140 2582 5209 ναρκώντων
2642 5141 2758 5193 ἐστὶ
2792 5141 2914 5204 νοῦς
2943 5128 3300 5210 ἀνεκῗάλητος
3332 5147 3374 5210 ),
3404 5141 3536 5193 ἀλλὰ
3564 5143 3653 5193 καὶ

2083 5233 2209 5292 τοὺς
2249 5231 2629 5299 ἀντιλέγοντας
2660 5231 2738 5299 τῷ
2775 5231 2871 5298 τῆς
2905 5233 3138 5294 πίστεως
3202 5231 3345 5302 ὀρθῷ
3379 5231 3539 5302 λόγῳ,
3566 5231 3653 5282 καὶ

2081 5325 2211 5392 παρ’
2235 5325 2442 5384 ἑαυτοῖς
2472 5319 2612 5375 εἶναι
2641 5322 2930 5384 δοκοῦντας
2951 5323 3166 5390 domin,
3191 5327 3282 5377 καὶ
3313 5323 3647 5376 καθ’ἑαυτιῖιν

2082 5417 2450 5485 ἐπιστήμονας
2487 5417 2604 5468 δεον
2634 5416 2852 5482 ἔκριναν
2879 5410 3018 5466 εἶναι
3054 5418 3164 5478 τοῖς
3191 5398 3418 5468 ἐκείνων
3478 5416 3646 5483 ζέλεσι

2083 5510 2317 5580 βάλλειν,
2339 5509 2432 5563 καὶ
2454 5507 2551 5580 τὴν
2578 5508 2749 5579 ὀφρὺν
2785 5507 3090 5578 κατασπᾷν,
3114 5508 3206 5560 καὶ
3227 5508 3286 5560 τὸ
3303 5507 3456 5562 κενὸν
3479 5504 3646 5576 φύση-
