3862 6218
190 260 302 325 773

1252 265 1396 326 LAU
1410 264 1640 327 DATIO
1681 262 1779 322 TR
1794 261 1931 321 lUM
1978 263 2411 333 DOCTOliUM.

3381 274 3484 341 774

154 412 167 415 -
193 396 295 447 μα.
333 374 441 428 Καὶ
473 373 559 428 ἵνα
621 375 697 444 μὴ
731 375 790 427 τὸ
832 374 939 426 τῶν
973 376 1145 444 λόγων
1198 378 1421 429 ἐκείνων
1472 378 1777 447 ἀνάσκητον

1888 373 2220 446 inanemque
2257 378 2617 441 inflationem,
2672 393 2736 435 ac
2784 380 3015 451 spiritus
3046 379 3154 438 illis
3186 384 3487 442 detrahen-

188 469 449 523 ἀσθένεια
483 467 574 520 τοῦ
630 467 748 521 καθ’
777 470 920 537 ἡμᾶς
959 469 1103 537 ἱεροῦ
1130 471 1421 541 νομίζηται
1450 472 1607 539 Λόγου
1639 473 1788 539 παρὰ

189 562 309 622 τοῖς
371 561 644 628 ἀνοήτοις,
704 560 934 612 ἀσκοῦσι
996 561 1367 630 κάκείνα,ούχ
1424 563 1610 624 ἁπλῶς
1665 562 1787 614 οὐδὲ

192 666 512 720 παρεργως,
566 650 642 712 ὡς
694 651 758 704 ἂν
786 652 930 704 εἴποι
985 668 1091 714 τις,
1141 652 1257 704 ἀλλ’
1306 652 1448 704 οὕτω
1488 652 1787 720 φιλοτίμως

193 744 291 794 καὶ
321 741 590 810 λαμπρῶς
620 742 781 809 ἄγαν.
815 743 893 805 ὡς
927 745 1194 814 μηδεμίαν
1230 744 1535 814 ὑπερϐολὴν
1561 743 1785 797 καταλι-
1810 805 1817 812 δ

192 833 336 882 πεῖν.
356 830 554 883 Φύσεσι
588 835 692 903 γὰρ
709 832 908 898 δεξιαῖς
954 835 1046 886 καὶ
1070 835 1304 904 σπουδὴν
1328 834 1428 904 τὴν
1450 834 1786 905 κατάλληλον

194 925 717 991 σλνεισενεγκόντες,
778 925 835 988 ἑξ
892 920 988 990 ὧν,
1046 928 1243 995 φησὶν,
1307 928 1608 996 ἐπιστῆμαι
1689 928 1785 981 καὶ

191 1018 384 1086 τέχναι
420 1016 479 1069 τὸ
513 1018 711 1085 κράτος
739 1016 946 1087 ἔχουσι,
986 1018 1047 1071 τὸ
1074 1020 1275 1089 κράτος
1308 1020 1365 1071 ἐν
1422 1019 1618 1089 βραχεῖ
1642 1022 1785 1072 κατὰ

191 1106 418 1159 πάντων
456 1107 754 1177 ἐκτήσαντο
783 1109 889 1161 τῶν
913 1110 1097 1162 ἐκεῖνα
1148 1108 1608 1177 φιλοσοφούντων.
1652 1108 1782 1179 Ῥη-

191 1197 423 1268 τορικὴν
447 1199 545 1269 μὲν
570 1199 663 1253 οὖν
680 1202 773 1255 καὶ
802 1201 1138 1270 φιλοσοφίαν,
1173 1202 1376 1271 μᾶλλον
1408 1201 1466 1254 δὲ
1500 1200 1595 1254 καὶ
1617 1200 1785 1271 μέρος

192 1291 349 1345 ἅπαν
408 1292 746 1360 φιλοσοφίας,
801 1294 974 1356 οὕτως
1005 1296 1085 1358 εἰς
1141 1296 1329 1364 ἄκρον,
1404 1295 1562 1366 εἴπερ
1607 1293 1776 1358 τινὲς,

191 1384 575 1454 κατορθοῦσιν·
606 1386 968 1453 ἀστρονομίας
997 1387 1072 1454 δὲ,
1101 1388 1258 1457 φησὶ,
1291 1394 1385 1441 καὶ
1416 1386 1781 1456 γεωμετρίας,

190 1475 293 1527 καὶ
331 1475 582 1544 ἀριθμῶν
609 1476 902 1545 ἀναλογίας
926 1480 1180 1533 τοσοῦτον
1239 1480 1524 1544 λαϐόντες,
1556 1481 1681 1534 ὅσον
1707 1480 1782 1550 μὴ

190 1566 507 1620 κλονεῖσθαι
537 1570 646 1631 τοῖς
674 1573 807 1642 περὶ
866 1571 1041 1624 ταῦτα
1092 1573 1325 1641 κομψοῖς
1351 1587 1364 1600 ·
1397 1571 1426 1624 ὃ
1486 1573 1581 1624 καὶ
1620 1572 1783 1635 αὐτὸς

190 1660 369 1730 ἔφθην
402 1660 574 1715 εἰπὼν
638 1663 763 1732 ἤδη,
803 1664 864 1716 τὸ
922 1664 1175 1732 περιττὸν
1208 1664 1327 1734 (ὡς
1373 1666 1402 1718 ὁ
1463 1664 1636 1732 μέγας
1688 1664 1781 1716 καὶ

1900 464 2004 519 dos
2027 468 2456 534 existimarunt;
2490 486 2628 526 neve
2678 472 2731 525 in
2783 472 3025 542 ipsorum
3054 477 3367 548 disciplinis
3394 498 3487 535 ru-

1898 557 2041 609 ditas
2072 568 2126 611 et
2158 560 2453 628 imperitia,
2495 578 2666 617 sacrae
2702 565 2932 620 rationis
2963 578 3164 622 nostra:
3193 572 3486 626 imbecilli-

1899 659 1981 702 tas
2014 650 2082 703 ab
2141 652 2526 720 insipientibus
2579 654 3011 723 existimaretur,
3052 660 3217 714 etiam
3266 662 3320 722 in
3351 664 3483 732 illis,

1896 752 2004 788 non
2042 737 2254 803 leviter,
2288 756 2386 795 nec
2414 742 2563 796 molli
2592 741 2838 810 brachio,
2870 757 2921 800 ut
2954 749 3225 818 quispiam
3256 753 3480 819 dixerit,

1896 843 2089 883 verum
2120 832 2257 885 adeo
2309 832 2506 887 sedulo
2558 845 2614 889 et
2664 837 2951 906 insigniter
2981 856 3039 894 se
3092 855 3481 913 exercuerunt,

1895 930 1953 975 ut
1995 937 2160 991 supra
2191 921 2307 977 fieri
2352 925 2488 978 nihil
2530 937 2734 995 posset.
2764 927 3014 999 Cumque
3042 931 3361 989 felicitatem
3393 935 3481 989 ἰη-

1891 1005 2180 1082 geniorum
2207 1018 2321 1082 pari
2354 1016 2638 1087 diligentia
2690 1021 3086 1086 cumulassent,
3114 1024 3317 1093 quibus
3344 1026 3482 1081 duo-

1893 1104 2000 1158 bus
2044 1104 2402 1160 scientiarum
2452 1109 2770 1179 artiumque
2821 1112 2994 1165 robur
3026 1115 3370 1182 continetur,
3419 1128 3479 1172 ut.

1891 1194 1969 1248 ait
2010 1193 2464 1270 [Nazianzenus],
2500 1200 2655 1254 brevi
2682 1203 2860 1271 spatio
2887 1220 3081 1259 omnes
3129 1222 3318 1261 earum
3347 1223 3480 1262 can-

1891 1286 2107 1341 didatos
2140 1300 2496 1357 superarunt.
2553 1292 2645 1347 Sic
2692 1294 2860 1364 igitur
2906 1298 3206 1352 oratoriam
3257 1300 3481 1354 faculta-

1891 1387 2000 1432 tem
2072 1387 2129 1433 et
2200 1381 2649 1451 philosophiam,
2712 1386 2822 1439 imo
2872 1402 3065 1442 omnes
3111 1390 3478 1459 philosophia:

1891 1478 2073 1539 partes
2120 1486 2227 1524 non
2267 1471 2472 1528 infelici
2512 1490 2771 1531 successu
2819 1477 3147 1547 percipiunt.
3181 1481 3255 1535 De
3298 1493 3479 1536 astro-

1890 1561 2083 1615 nomia
2115 1577 2247 1617 vero
2274 1573 2330 1618 et
2374 1567 2700 1635 geometria,
2760 1568 2936 1638 deque
2966 1579 3322 1626 numerorum
3347 1589 3479 1642 pro-

1891 1654 2165 1722 portione,
2206 1670 2331 1709 cum
2391 1667 2603 1713 tantum
2666 1661 3014 1728 didicissent,
3070 1663 3252 1733 inquit
3319 1666 3475 1735 (puta

187 1751 352 1813 αὖθίς
384 1753 893 1822 φησιὶδιέπτυσαν,
942 1756 1017 1818 ὡς
1063 1732 1337 1825 ἄχρηστον
1398 1759 1509 1818 τοῖς
1538 1756 1778 1809 εὐσεϐεῖν

1888 1748 2320 1815 Nazianzenus),
2358 1759 2419 1806 ut
2456 1752 2526 1806 ab
2569 1754 2633 1807 iis
2661 1756 2925 1825 exagitari
2952 1773 3060 1810 non
3104 1732 3357 1826 possent,
3379 1760 3481 1829 qui

150 1844 503 1925 -ὲθέλουσινο
540 1846 680 1899 ὥστε
718 1848 920 1916 μᾶλλον
971 1850 1069 1918 μὲν
1122 1852 1181 1902 τὸ
1221 1850 1436 1920 αίρεθὲν
1488 1850 1583 1903 τοῦ
1645 1868 1786 1919 παρ-

193 1936 415 2000 εθέντος
433 1937 631 2001 ἐξεῖναι
649 1938 951 2007 θαυμάζειν
974 1954 987 1968 ’
1011 1939 1213 2008 μᾶλλον
1247 1940 1302 1993 δὲ
1324 1941 1418 1992 τοῦ
1471 1942 1782 2009 αἱρεθέντος

189 2028 253 2080 τὸ
274 2028 536 2097 παρεθέν.
563 2028 719 2082 Οὕτω
738 2031 879 2082 κατὰ
904 2032 1104 2084 σκοπὸν
1125 2035 1174 2084 oi
1190 2032 1467 2099 γεννάδαι,
1486 2034 1575 2086 καὶ
1593 2032 1782 2102 ὥσπερ

188 2118 300 2170 ἔδει
334 2135 397 2186 γε
454 2120 584 2173 τοὺς
636 2120 934 2185 τοιούτους,
996 2125 1065 2175 τὰ
1130 2124 1345 2175 ἑαυτῶν
1404 2124 1507 2176 κάν
1569 2124 1783 2183 τούτοις

190 2212 671 2281 οἱκονομήσαντες,
712 2213 886 2281 μικρά
914 2230 973 2264 τε
1006 2213 1084 2282 τῷ
1125 2214 1336 2283 κόσμῳ,
1371 2214 1464 2265 καὶ
1482 2215 1549 2283 τῇ
1583 2213 1779 2283 σκηνῇ,

198 2304 355 2370 φησὶ,
384 2305 762 2373 χαρισάμενοι,
793 2306 886 2357 καὶ
922 2306 1041 2357 ὅσον
1071 2305 1164 2358 τὸν
1194 2305 1304 2358 τῶν
1351 2305 1565 2357 πολλῶν
1616 2305 1781 2357 πόθον

200 2392 620 2461 ἀφοσιώσασθαι.
662 2396 736 2448 Ού
762 2395 871 2466 γὰρ
898 2396 1051 2448 αὐτοί
1081 2413 1144 2462 γε
1204 2393 1350 2466 εἶχον
1413 2395 1716 2466 θεατρικῶς
1744 2396 1777 2465 ἦ

191 2485 577 2549 ἐπιδεικτικῶς
601 2504 615 2517 ·
651 2488 852 2556 μᾶλλον
892 2489 947 2541 δὲ
978 2489 1258 2541 κάνταῦθα
1316 2489 1436 2559 Θεῷ
1457 2488 1551 2542 καὶ
1607 2491 1777 2560 ἀρετῇ

183 2576 488 2640 δεδωκότες
554 2579 614 2629 τὸ
670 2580 945 2645 πλεῖστον,
996 2580 1082 2633 διὰ
1117 2583 1215 2651 τῆς
1280 2582 1341 2634 ἑν
1403 2582 1778 2650 δικαστηρίοις

187 2671 529 2738 συνηγορίας
555 2670 632 2739 τῷ
658 2672 1120 2742 καταπονουμένῳ
1168 2673 1587 2743 προστιθέμενοι
1618 2675 1777 2745 μέρει

184 2762 284 2814 καὶ
336 2760 503 2829 φύσει
571 2766 663 2816 καὶ
710 2770 900 2836 τέχνῃ,
964 2766 1198 2829 καὶτοῖς
1254 2766 1533 2834 κειμένοις
1591 2767 1777 2836 νόμοις

180 2855 583 2922 προῖστάμενοι
610 2855 705 2908 τοῦ
754 2857 988 2918 δικαίου,
1032 2858 1128 2912 καὶ
1183 2857 1243 2910 τὸ
1292 2859 1494 2929 κράτος
1524 2854 1603 2919 οἷς
1631 2855 1775 2927 εἶχον

178 2944 365 3014 τούτῳ
396 2944 653 3011 διδόντες,
684 2946 917 3016 τάχιστα
946 2948 1155 3000 ἑαυτῶν
1189 2948 1432 3015 γίνονται
1472 2949 1566 3002 καὶ
1600 2946 1772 3002 ’Θεοῦο

1888 1839 1976 1893 his
2005 1839 2170 1895 rebus
2194 1841 2474 1907 inﬂantur,
2508 1844 2562 1898 id
2589 1845 2733 1913 quod
2765 1848 2877 1914 jam
2903 1848 3042 1913 dixi,
3065 1864 3475 1918 supervacanea

1885 1937 1942 1983 et
1992 1930 2207 1984 curiosa
2262 1931 2433 2000 (quod
2482 1933 2685 1988 iterum
2740 1951 2970 2005 magnus
3005 1937 3096 1992 ille
3145 1939 3385 2005 scribit),
3416 1949 3477 1993 ut

1888 2020 2141 2089 pietatem
2236 2024 2579 2079 sectantibus
2662 2026 2920 2094 inutilia,
2996 2041 3472 2099 contempserunt.

1885 2111 2207 2181 Quanquam
2255 2125 2309 2167 et
2355 2130 2419 2169 ea
2468 2118 2548 2170 sic
2589 2118 2849 2174 callerem
2885 2129 2945 2173 ut
3003 2122 3248 2177 nescires
3287 2123 3476 2179 ha'cne

1884 2220 1950 2257 an
2000 2205 2091 2259 illa
2145 2206 2316 2274 magis
2370 2207 2423 2260 in
2462 2208 2573 2261 illis
2624 2208 2985 2265 admirarete.
3037 2212 3116 2266 lta
3169 2216 3473 2268 secundum

1884 2311 2108 2364 scopum
2136 2313 2295 2350 suum
2327 2300 2578 2367 generosi
2611 2301 2718 2363 isti,
2752 2316 2808 2356 et
2838 2300 3304 2372 quemadmodum
3334 2307 3472 2362 tales

1885 2388 2197 2455 oportebat,
2247 2404 2371 2442 cum
2422 2406 2510 2444 res
2558 2406 2688 2446 suas
2729 2396 2783 2446 in
2816 2394 2902 2448 his
2930 2411 3150 2464 quoque
3194 2397 3469 2453 insiluis-

1892 2487 2036 2541 sent,
2086 2480 2362 2535 modicum
2410 2484 2619 2537 mundo
2666 2494 2722 2538 et
2778 2501 2954 2540 secum
2988 2488 3277 2557 gratificad
3320 2498 3474 2553 sunt,

1883 2571 2367 2642 multitudinisque
2421 2573 2697 2629 desiderio
2740 2592 2963 2646 quoquo
3035 2580 3198 2632 tundo
3257 2582 3468 2635 servie-

1883 2673 2031 2719 runt.
2090 2664 2202 2720 Nec
2252 2667 2399 2720 enim
2457 2676 2715 2735 tanquam
2778 2671 2833 2722 in
2894 2671 3112 2724 theatro
3168 2671 3467 2727 histriones

1882 2759 2137 2828 plausum
2171 2770 2464 2827 captaruut
2486 2800 2499 2823 ,
2533 2771 2631 2814 aut
2668 2775 2728 2814 se
2763 2757 3051 2829 magnifice
3082 2772 3470 2820 ostentarunt:

1880 2849 1977 2904 Sed
2011 2849 2101 2902 hic
2137 2849 2268 2903 item
2297 2849 2408 2902 Deo
2442 2849 2746 2917 virtutique
2799 2850 3117 2919 potissimas
3149 2861 3333 2921 partes
3369 2853 3470 2904 tri-

1880 2939 2144 3004 buerunt,
2178 2949 2233 2993 et
2260 2939 2313 2993 in
2345 2940 2571 3008 judiciis
2598 2924 2991 3010 oppressorum
3022 2960 3270 3005 causam,
3293 2960 3471 3013 quan-

176 3038 278 3089 καὶ
307 3038 515 3106 κόσμον
535 3037 673 3100 ὅλον,
695 3041 788 3092 καλ⁵
804 3040 873 3092 τὰ
895 3041 953 3091 ἑν
983 3040 1131 3109 αὐτῷ
1155 3031 1331 3109 πάντα
1357 3032 1771 3107 καταλιπόντες,

1886 3041 1997 3085 tum
2027 3031 2247 3101 ingenio
2279 3042 2334 3086 et
2369 3040 2488 3085 arte
2538 3031 2814 3112 valebam,
2861 3046 3085 3104 agentes
3108 3075 3122 3099 ,
3157 3038 3472 3107 sanctisque

175 3131 327 3199 πρὸς
361 3133 454 3181 τὸν
487 3132 800 3207 μοναδικὸνᾼ,
835 3132 933 3184 εἶτ’
961 3128 1054 3185 οῦν
1100 3132 1394 3200 ἁγγελικὸν
1423 3134 1775 3207 ἀποκλίνουσι

178 3222 324 3292 βίον.
356 3223 466 3274 Καὶ
498 3223 675 3275 πᾶσαν
704 3205 825 3290 μὲν,
863 3224 1018 3291 φησὶ,
1072 3223 1307 3277 παλαιὰν
1339 3224 1518 3292 βίϐλον
1545 3205 1776 3289 ἐκμελε-

173 3315 479 3383 ⁸τὴσαντες,
508 3316 686 3366 πᾶσαν
715 3314 769 3366 δὲ
806 3317 951 3378 νέαν,
983 3317 1058 3378 ὡς
1083 3316 1339 3384 οὐδεμίαν
1365 3316 1574 3384 ἕτερος,
1612 3319 1777 3369 πλου-

173 3407 340 3458 τοῦσι
411 3405 511 3473 μὲν
541 3405 793 3472 θεωρίαν,
818 3406 1110 3459 πλουτοῦσι
1140 3407 1194 3459 δὲ
1231 3406 1348 3476 βίου
1377 3406 1763 3476 λαμπρῦτητα,

177 3498 281 3558 καὶ
333 3496 597 3550 πλέκουσι
673 3498 992 3566 θαυμασίως
1051 3498 1363 3567 ἀμφότερα,
1403 3498 1498 3567 τὴν
1566 3498 1776 3568 χρυσῆν

183 3588 354 3651 ὅντως
416 3588 624 3653 σειρὰν,
654 3590 748 3640 καὶ
802 3590 911 3651 τοῖς
946 3588 1160 3651 πολλοῖς
1221 3590 1494 3643 ἄπλοκον*
1525 3588 1623 3658 βίῳ
1676 3590 1776 3653 μὲν

180 3679 368 3749 ὁδηγῷ
394 3679 649 3747 θεωρίας,
675 3678 877 3750 θεωρίᾳ
899 3679 956 3731 δὲ
983 3680 1237 3749 σφραγῖδι
1266 3679 1382 3749 βίου
1413 3678 1773 3749 χρησάμενον

179 3774 397 3842 μᾶλλον
428 3773 476 3824 δ’
502 3773 676 3824 εἰπεῖν
704 3773 1121 3841 ἀκριϐέστερον,
1154 3772 1214 3823 οὐ
1240 3770 1567 3841 κατορθοῦσι
1621 3772 1777 3824 ταυτὶ

152 3865 351 3933 μόνον
377 3862 520 3932 ὑπὲρ
578 3865 703 3926 τοὺς
740 3863 951 3925 ἄλλους,
978 3864 1073 3915 καὶ
1098 3862 1193 3914 σὺν
1230 3862 1475 3932 ἀλλήλοις
1513 3861 1777 3913 κάλλιστα

174 3958 503 4017 πλέκουσιν,
532 3956 667 4007 ἀλλὰ
701 3957 792 4008 καὶ
822 3958 899 4018 εὶς
927 3956 1038 4022 ἑξιν
1068 3956 1376 4025 ἀκροτάτην
1421 3956 1514 4007 καὶ
1554 3955 1778 4025 ἐπιστή-

179 4067 302 4119 μην
370 4047 685 4117 θαυμαστὴν
738 4047 987 4117 ἔρχονται
1041 4048 1279 4101 τούτων·
1332 4048 1428 4100 καί
1492 4047 1775 4117 νομοθέται

170 4144 280 4196 καί
316 4139 761 4203 διδασκαλοιτοϊς
787 4140 903 4210 μετ’
931 4141 1129 4204 αὐτοὺς
1171 4140 1278 4192 τῶν
1334 4142 1592 4193 τοιούτων
1638 4157 1776 4210 χρη-

172 4234 485 4300 ματίζουσι
502 4233 685 4296 πᾶσιν,
707 4232 1004 4301 ίερωσύνης
1036 4233 1128 4284 καὶ
1153 4231 1444 4300 μοναδικῆς
1477 4222 1773 4296 πολιτείας,

172 4327 285 4380 καὶ
340 4326 517 4377 εἰπεῖν
573 4323 879 4389 συνελόντα,
920 4323 1173 4394 πράξεως
1225 4323 1318 4376 καὶ
1349 4324 1580 4390 θεωρίας
1638 4322 1773 4390 ὀμ.οὗ

1880 3122 2109 3194 iustitiae
2161 3122 2378 3191 legibus
2434 3124 2872 3192 patrocinantes.
2928 3134 2983 3178 et
3025 3142 3148 3180 eam
3186 3142 3283 3196 pro
3319 3128 3469 3182 virili

1884 3228 1983 3285 sua
2018 3212 2465 3285 corroborantcs.
2493 3212 2648 3267 brevi
2682 3213 2977 3268 admodum
3001 3218 3084 3269 sui
3123 3216 3368 3285 ipsorum
3412 3226 3471 3273 et

1888 3283 1985 3358 Dei
2017 3312 2347 3365 evaserunt;
2390 3313 2612 3373 totoque
2654 3305 2881 3369 mundo,
2928 3316 2984 3360 et
3028 3283 3290 3362 omnibus
3346 3325 3471 3377 qua:

1884 3393 1940 3447 in
1975 3409 2043 3448 eo
2076 3403 2204 3447 sunt
2228 3394 2458 3453 relictis,
2485 3395 2551 3447 ad
2588 3396 2754 3447 vitam
2786 3395 3114 3459 solitariam,
3141 3400 3258 3453 sive
3286 3398 3473 3468 petitis

1885 3485 2188 3555 angelicam
2224 3484 2501 3555 conversi,
2547 3500 2763 3555 omnes.
2794 3497 2907 3539 tum
2940 3487 3155 3542 Veteris
3187 3497 3300 3542 tum
3328 3490 3467 3545 Novi

1886 3552 2223 3630 Testamenti
2260 3552 2457 3641 libros,
2488 3587 2547 3630 ut
2591 3552 2794 3645 in'quit,
2853 3577 3170 3634 meditando
3216 3580 3298 3635 sic
3345 3596 3470 3649 pcr-

1884 3667 2113 3723 scrutati
2178 3657 2328 3731 sunt,
2367 3669 2645 3736 quomodo
2702 3683 2772 3722 ne
2810 3670 2977 3722 unum
3029 3670 3247 3738 quidem
3281 3671 3468 3727 alius:

1884 3772 1941 3817 et
1968 3759 2124 3814 dilati
2159 3768 2291 3814 sunt
2328 3761 2831 3830 contemplatione,
2884 3761 3043 3831 dit_ati
3074 3777 3296 3832 quoque
3346 3780 3469 3819 mo-

1885 3866 2007 3905 rum
2041 3865 2105 3904 ac
2134 3850 2260 3904 vita:
2305 3849 2622 3918 splendore,
2658 3858 2953 3920 utrumque
2983 3853 3312 3908 mirabiliter
3337 3871 3470 3910 eon-

1887 3950 2171 3997 nectentes
2199 3981 2212 4003 ,
2252 3952 2500 3994 catenam
2537 3955 2663 3995 vere
2694 3958 2943 4005 auream,
2970 3955 3025 3999 et
3047 3960 3171 4012 qua:
3203 3961 3234 4000 a
3265 3945 3469 4015 pleris—

1884 4051 1992 4105 que
2026 4034 2171 4088 haud
2240 4044 2639 4100 connectatur;
2685 4026 2796 4089 vit‘a
2847 4036 3071 4104 quidem
3119 4037 3185 4091 ad
3227 4050 3471 4093 contem-
3523 4059 3538 4066 ·

1882 4126 2177 4196 plationem
2234 4124 2376 4179 duce
2427 4135 2681 4190 utentes,
2758 4127 3228 4196 contemplatione
3285 4140 3469 4183 autem

1885 4220 2051 4271 vitam
2076 4216 2248 4286 ipsam
2278 4215 2653 4285 obsignantcs.
2684 4216 2831 4282 Quin
2860 4227 2918 4271 ut
2975 4223 3287 4275 accuratius
3319 4221 3466 4290 quod

1883 4312 2089 4363 rcs‘est
2136 4308 2337 4369 dicam,
2371 4323 2481 4361 non
2538 4308 2714 4362 solum
2773 4308 2859 4362 his
2909 4319 3059 4364 recte
3109 4326 3277 4379 supra
3330 4311 3468 4366 alios

174 4416 425 4478 κανόνας
453 4415 545 4468 καὶ
573 4415 772 4477 τύπους
796 4415 890 4467 καὶ
917 4414 1116 4482 νόμους
1162 4413 1231 4466 τὰ
1284 4413 1492 4465 ἑαυτῶν
1552 4414 1771 4466 καταλι-

1886 4401 2209 4469 funguntur,
2243 4409 2299 4453 et
2340 4398 2484 4453 lianc
2519 4411 2767 4453 catenam
2824 4411 3018 4455 mutuo
3050 4403 3470 4489 praeclarissime

174 4512 387 4571 πιόντες
417 4509 537 4577 ἱερὰ
569 4508 744 4561 ταῦτα
772 4509 1188 4577 συγγράμματα
1234 4509 1325 4559 καί¹
1358 4507 1579 4568 πυκτία,
1640 4507 1776 4577 μηδὲ

1882 4501 2236 4554 connectunt.
2290 4506 2478 4545 \erum
2522 4493 2687 4546 etiam
2748 4491 2946 4546 horum
3004 4476 3253 4547 habitum
3305 4493 3469 4562 longe

1882 4580 2421 4653 praestantissimum,
2451 4588 2508 4634 et
2546 4581 2833 4636 scientiam
2884 4580 2938 4634 in
2964 4583 3330 4637 admiratione
3363 4599 3465 4651 po-

174 4600 573 4669 θαυμάζεσθαι
609 4601 744 4670 πρὸς
783 4602 939 4665 ἀξίαν
963 4600 1049 4652 διὰ
1070 4599 1299 4668 μέγεθος
1344 4600 1435 4651 καὶ
1462 4599 1779 4668 περιουσίαν

171 4696 472 4762 δυνάμενα
526 4693 768 4762 χάριτος.
839 4692 1122 4745 Ἐντεῦθεν
1188 4692 1439 4762 αύτοῖςή
1486 4693 1622 4759 πρὸς
1645 4693 1779 4745 Θεὸν

178 4787 460 4858 ἀνάξασές
492 4802 549 4837 τε
577 4788 668 4837 καὶ
700 4784 901 4852 θεωρία
925 4784 1019 4836 καὶ
1041 4784 1326 4855 ὑπερφυὴς
1357 4784 1549 4845 ἓνωσίς
1580 4802 1636 4837 τε
1687 4784 1778 4837 καὶ

181 4878 460 4945 ἑλλαμψις
480 4892 497 4908 ·
534 4877 626 4929 καὶ
661 4877 721 4928 τὸ
746 4877 1041 4947 ἀκρότατον
1062 4876 1171 4928 τῶν
1198 4876 1427 4943 ἐφετῶν,
1460 4874 1607 4947 ἡτοῦ
1654 4876 1776 4928 καθ’

172 4969 450 5039 ὁμοίωσιν
480 4968 611 5033 ἕξις,
630 4967 725 5020 καὶ
744 4964 806 5018 οὗ
841 4968 1172 5037 γενομένοις,
1197 4968 1352 5036 φησὶ,
1381 4967 1562 5035 πάσης
1588 4964 1779 5036 θεωρί-

165 5081 248 5125 ας
282 5061 621 5120 ἀνάπαυσις.
648 5061 781 5113 Οὐδὲ
814 5064 921 5130 γὰρ
965 5060 1080 5129 ἔχει
1113 5077 1191 5123 τι,
1234 5060 1426 5141 φησὶν,
1454 5057 1781 5126 ὑψηλότερον

162 5159 204 5224 ἠ
255 5155 404 5211 ὅλως
441 5150 571 5215 ἕξις,
608 5151 778 5205 οῦδὲὸ
811 5151 1285 5223 θεωρητιγὼτατος
1344 5149 1466 5214 νοῦς
1523 5151 1619 5202 καὶ
1666 5150 1780 5201 δια-

160 5244 584 5308 ϐατικώτατος.

159 5359 336 5401 mus.
366 5342 506 5397 Hinc
552 5343 662 5398 illis
705 5342 773 5398 ad
850 5343 1018 5399 Deum
1085 5357 1368 5406 ascensus,
1414 5346 1470 5395 et
1519 5342 1842 5412 speculatio,
1885 5343 2456 5414 excellentissimaque
2492 5345 2645 5411 unio,
2677 5354 2734 5401 et
2788 5346 3160 5428 illuminatio;
3205 5349 3463 5419 quodque

158 5438 646 5495 desiderabilium
720 5451 1040 5507 supremum
1110 5444 1221 5501 est,
1284 5434 1589 5488 secundum
1658 5430 2073 5492 similitudinem
2133 5436 2372 5490 habitus.
2431 5436 2551 5502 Quo
2615 5437 2709 5507 qui
2780 5448 3191 5508 pervenerunt,
3244 5440 3460 5511 inquit,

155 5546 383 5590 corum
422 5533 810 5602 contemplatio
839 5534 1019 5588 omnis
1048 5530 1302 5602 quiescit,
1333 5530 1552 5599 quando
1620 5543 1723 5582 nec
1755 5531 1808 5583 in
1850 5528 2212 5601 amplitudine
2250 5546 2349 5585 sua
2395 5532 2633 5599 habitus,
2676 5549 2777 5589 nec
2815 5550 2971 5590 mens
3039 5534 3291 5605 quamvis
3332 5548 3464 5591 con-

157 5628 499 5699 templandi
536 5647 603 5685 ac
633 5630 956 5700 penetrandi
994 5643 1206 5684 summa
1239 5627 1292 5682 vi
1325 5626 1574 5696 praedita,
1603 5624 1903 5696 quidquam
1935 5626 2231 5681 sublimius
2259 5634 2481 5696 reperit.

250 5730 483 5784 Μᾶλλον
513 5724 765 5792 δἀὐτοῖς
793 5727 1021 5790 ἐκείνοις
1045 5726 1138 5781 καὶ
1173 5725 1281 5780 τῶν
1334 5724 1461 5793 ἑξῆς
1502 5722 1767 5785 ἀ)σαῦτωῖ

1964 5722 2027 5778 At
2062 5723 2208 5784 enim
2244 5723 2351 5779 illis
2384 5724 2517 5795 ipsis
2547 5726 2733 5796 potius
2761 5726 2926 5784 etiam
2966 5727 3224 5800 deinceps
3256 5727 3460 5786 oratio-

1882 4673 2119 4727 nendatn
2160 4681 2611 4740 consequuntur,
2649 4686 2956 4740 eorumque
2998 4672 3246 4741 magistri
3299 4689 3329 4724 a
3364 4688 3465 4740 po-

1876 4748 2044 4820 ‘steris
2088 4764 2206 4818 suis
2236 4763 2519 4829 omnibus,
2547 4762 2869 4825 sacerdotii,
2913 4762 3041 4816 vita:
3069 4763 3328 4816 solitaria:
3385 4772 3463 4825 et,

1884 4866 1944 4909 ut
1989 4856 2179 4925 paucis
2228 4855 2588 4924 complectar,
2620 4855 2852 4909 actionis
2882 4864 2939 4909 et
2984 4855 3295 4922 contempla
3324 4854 3465 4907 ioiiis

1878 4949 2205 5011 canonibus,
2265 4946 2535 5009 formulis,
2596 4946 2906 5015 praeceptis,
2971 4947 3145 5000 sacris
3205 4945 3465 5001 videlicet

1880 5037 2287 5095 commentariis
2348 5046 2406 5091 et
2451 5037 2732 5105 Opusculis
2777 5035 3006 5105 relictis,
3064 5034 3411 5105 appellantur
3443 5050 3463 5089 :

1881 5146 2003 5199 qua:
2025 5128 2245 5199 quidem
2277 5136 2500 5196 propter
2522 5126 2957 5196 magnitudinem
2984 5135 3040 5180 ct
3065 5126 3461 5181 abundantiam

1882 5221 2088 5290 gratiae,
2122 5226 2390 5289 quantum
2440 5217 2705 5275 debemus
2752 5219 3035 5288 suscipere
3095 5234 3205 5274 non
3261 5235 3457 5290 possu-
