3862 6218
299 229 402 289 777

1356 232 1741 293 LAUDATIO
1777 233 2026 293 TRIUM
2073 233 2517 294 DOCTORUM.
3435 247 3492 307 π

298 343 445 409 πρᾶν
467 339 736 410 διαδοχὴν,
774 341 862 394 καὶ
909 343 968 394 τὸ
1000 342 1174 395 κοινὸν
1199 344 1294 414 τῆς
1327 347 1530 397 τούτων
1561 344 1693 413 πρὸς
1732 345 1869 396 ἐκεί-

1978 350 2380 403 summationem
2412 350 2594 404 satcnlt'
2629 351 2666 412 ³,
2703 349 2969 404 illustrem
3011 357 3411 412 successionem
3440 403 3450 420 ,
3485 375 3538 416 et

296 449 420 494 νους
457 434 761 501 ἀποστολῆς
815 435 908 488 καὶ
937 434 1260 507 ὑπηρεσίας,
1291 437 1384 490 καὶ
1417 437 1474 490 τὸ
1499 437 1762 506 ὁμότιμον
1792 439 1875 491 αί-

294 525 439 578 νιττὸ
445 541 622 592 μενον.
907 571 913 578 .

367 618 472 670 Καὶ
500 617 572 678 ὡς
601 617 775 686 ἀληθῆ
809 616 993 670 δίκαια
1031 618 1192 684 λέγω,
1229 620 1396 688 μηδὲν
1429 622 1540 679 τοῖς
1573 619 1870 687 Πατρὰσιν,

292 705 370 766 ὡς
404 707 470 758 ἂν
495 705 708 773 οἰηθείη
739 723 844 769 τις,
895 707 983 760 διὰ
1018 709 1077 760 τὸ
1107 710 1328 779 φίλτρον
1359 709 1735 778 χαριζόμενος,
1765 708 1873 758 τῶν

295 800 371 864 μὴ
437 798 819 864 προσηκόντων
865 799 1116 863 ἐκείνοις,
1157 800 1315 868 δῆλον
1347 799 1577 856 ἐκεῖθεν.
1616 799 1725 852 Καὶ
1752 799 1872 850 τού-

291 905 422 950 τους
469 889 702 956 Χριστὸς
737 872 984 958 μαθητᾶς
1038 893 1134 945 καὶ
1165 892 1496 955 ἀποστόλους
1529 890 1873 943 ἀναδείκνυσι

291 976 572 1044 Πνεύματι
624 977 774 1046 θείῳ,
836 978 1086 1048 καθάπερ
1137 980 1446 1041 κάκείνους,
1512 980 1604 1032 καὶ
1661 977 1872 1040 τούτοις

289 1071 350 1120 τὸ
387 1068 722 1133 Εὑαγγέλιον
764 1071 1085 1138 ἐγχειρίσαι,
1115 1070 1209 1122 καὶ
1238 1071 1297 1122 τὸ
1343 1074 1625 1138 κήρυγμα,
1655 1071 1750 1123 καὶ
1777 1070 1873 1139 τὴν

287 1162 402 1211 τῶν
433 1160 740 1227 ἀνθρώπων
771 1160 958 1228 κοινὴν
987 1159 1287 1229 σωτηρίαν.
1339 1162 1446 1213 Καὶ
1473 1155 1619 1212 οὗτοι
1651 1162 1746 1223 τάς
1777 1177 1876 1212 πυ-

290 1255 445 1324 ρίνας
507 1253 627 1305 κατ’
656 1255 898 1315 ἐκείνους
943 1253 1187 1322 δέχονται
1239 1251 1508 1318 γλώσσας,
1573 1253 1776 1306 ἀνωθεν
1809 1252 1874 1304 ἐκ

287 1344 384 1396 τοῦ
420 1343 558 1397 [Ινεύ
568 1360 734 1412 ματος
751 1343 1067 1407 κατιούσας,
1100 1343 1192 1396 καὶ
1217 1344 1308 1396 τὸν
1334 1344 1624 1413 μερισμὸν,
1658 1346 1751 1399 καὶ
1776 1345 1874 1411 τὴν

285 1436 551 1505 διανομὴν
581 1436 689 1488 τῶν
711 1437 920 1488 ἐκείνου
948 1436 1191 1504 δέχονται
1239 1436 1615 1505 χαρισμάτων,
1640 1436 1736 1488 καὶ
1775 1436 1874 1502 τῆς

289 1528 609 1594 ὑπερφυοῦς
655 1527 976 1594 ἐνεργείας·
1013 1526 1107 1578 καὶ
1143 1526 1419 1592 γλώσσαις
1469 1525 1721 1579 λαλοῦσιν
1763 1527 1864 1579 οὑκ

280 1620 661 1688 ἀνθρωπίναις
689 1635 746 1670 τε
777 1619 871 1670 καὶ
894 1617 1212 1686 βαρϐάροις,
1248 1617 1382 1670 ἀλλά
1407 1616 1678 1685 γλώσσαις
1703 1619 1870 1684 ἀγγέ-

1979 453 2326 495 communem
2363 443 2558 496 horum
2580 457 2703 496 cum
2734 443 2869 511 ipsis
2899 447 3262 512 apostolatum
3292 450 3539 505 ministe-

1978 530 2232 600 riumque
2267 533 2493 588 honoris
2520 534 2650 587 item
2683 533 3047 603 :rqualitatent
3075 537 3467 596 ittsinttanlem.

2044 621 2180 676 Vera
2197 633 2378 676 autem
2410 633 2464 677 et
2493 624 2635 693 justa
2666 640 2750 678 me
2772 627 2972 690 dicere,
2992 643 3093 682 nec
3117 629 3186 682 ob
3211 631 3540 699 singularem

1977 727 2087 783 quo
2118 727 2212 768 θος
2246 713 2414 783 diligo
2451 731 2689 770 amorem
2714 717 3012 786 quidquam
3048 719 3130 780 (ut
3160 721 3323 774 alicui
3369 723 3542 778 videri

1977 799 2208 870 possim)
2241 815 2351 854 non
2391 803 2749 867 conveniens,
2786 797 2860 856 ad
2895 805 3118 873 gratiam
3154 807 3332 861 dehis
3370 809 3538 864 Patri-

1980 893 2082 945 bus
2113 891 2379 945 allirmare
2404 934 2417 956 ,
2449 891 2573 946 inde
2619 893 2914 948 constabit.
2955 895 3128 950 Etiam
3160 897 3260 952 hos
3289 899 3542 957 Christus

1977 981 2280 1051 discipulos
2302 991 2357 1036 et
2391 983 2672 1051 apostolos
2701 985 2890 1039 divino
2928 986 3157 1054 Spiritu,
3189 992 3544 1056 quemadmo-

1979 1072 2109 1126 dum
2141 1073 2263 1127 illos
2299 1074 2560 1139 instituit,
2605 1087 2659 1129 et
2705 1075 3080 1146 Evangelium,
3117 1088 3170 1132 et
3206 1081 3544 1148 prmdicatio—

1981 1176 2146 1226 nem,
2198 1171 2253 1217 et
2284 1177 2634 1217 communem
2677 1155 2963 1218 hominum
3028 1168 3258 1222 salutem
3320 1172 3543 1238 perinde

1980 1253 2086 1305 illis
2113 1251 2389 1307 commisit
2421 1270 2434 1306 ε
2471 1253 2634 1307 etiam
2668 1255 2721 1307 hi
2768 1255 2980 1326 linguas
3015 1258 3197 1328 igneas
3245 1260 3482 1330 desuper
3510 1281 3538 1316 ιι

1981 1345 2187 1413 Spiritu
2243 1345 2680 1410 descendentes,
2733 1347 3165 1419 divisioncmque
3207 1362 3262 1406 et
3291 1355 3547 1410 distribu-

1981 1435 2186 1488 tionem
2226 1435 2519 1504 gratiarum
2542 1474 2558 1500 ,
2589 1445 2645 1490 et
2676 1436 2972 1506 insignium
3012 1443 3391 1509 operationem
3419 1484 3433 1507 ,
3484 1458 3544 1501 ut

1981 1525 2059 1579 illi
2111 1526 2455 1595 suscipiunt;
2492 1543 2592 1582 nec
2625 1522 2880 1581 humanis
2909 1545 2974 1584 ac
3019 1531 3292 1596 barbaris,
3333 1535 3424 1589 sed
3451 1551 3547 1589 an-

1981 1616 2228 1685 gelorum
2269 1615 2494 1686 linguis,
2526 1625 2581 1669 et
2615 1618 2844 1672 vocibus
2879 1620 3095 1674 arcanis
3125 1623 3545 1694 cmleStibusque
3607 1619 3628 1636 ’

287 1685 421 1770 λων,
474 1711 570 1763 καὶ
629 1710 835 1777 φωναῖς
886 1685 1221 1776 ἀπορρήτοις
1251 1709 1363 1762 τισὶ
1423 1709 1516 1759 καὶ
1565 1709 1866 1777 οὐρανίαις,

1978 1706 2300 1774 loquuntur;
2342 1685 2642 1776 divinoque
2685 1707 2892 1775 Spiritu
2929 1709 3144 1777 imbuti,
3175 1727 3204 1765 a
3235 1713 3343 1767 Deo
3374 1685 3546 1784 inspi-

170 1776 184 1788 “
225 1833 234 1842 -
283 1807 381 1858 καὶ
406 1802 821 1874 διερμηνεύουσι
844 1799 911 1852 τὰ
940 1799 1117 1869 ὑψηλά
1165 1800 1257 1851 καὶ
1285 1800 1574 1869 ἀπόρρητα
1613 1776 1719 1852 τῶν
1748 1801 1869 1853 θεο-

282 1898 569 1948 πνεύστων
586 1892 814 1961 Γραφῶν
847 1890 1122 1958 Πνεύματι
1143 1889 1291 1957 θείῳ,
1316 1891 1407 1941 καὶ
1431 1890 1867 1959 προφητεύουσι,

286 1993 385 2043 καὶ
415 1988 616 2056 ὁρῶσιν
661 1983 960 2052 ὑπερφυῶς
984 1983 1074 2035 τὸν
1102 1983 1336 2050 ἀόρατον
1371 1984 1468 2036 σὺν
1491 1985 1743 2047 ἐκείνοις,
1770 1985 1868 2036 καί⁵

286 2080 688 2148 ἀποκαλύψεων
739 2077 1034 2148 ὑπερφυῶν
1087 2075 1362 2140 ἀξιοῦνται
1413 2077 1508 2128 καὶ
1557 2076 1871 2146 μυστηρίων

285 2177 567 2247 ἀρρήτων.
605 2173 714 2224 Καὶ
739 2166 1244 2238 θαυματουργοῦσι,
1279 2167 1372 2219 καὶ
1406 2167 1587 2227 νόσους
1621 2167 1871 2229 ἀνιάτους

283 2266 475 2315 ἰῶνται
527 2260 648 2313 κατ’
688 2259 927 2320 ἐκείνους
973 2256 1262 2324 ἐπικλήσει
1317 2255 1554 2323 Χριστοῦ
1608 2255 1778 2324 μόνῃο
1809 2255 1870 2306 οὑ

305 2357 596 2424 σωμάτων,
629 2352 794 2419 φημὶ,
828 2351 1008 2419 μόνον,
1042 2348 1176 2401 ἀλλά
1210 2348 1303 2400 καὶ
1332 2347 1518 2416 ψυχῶν
1541 2363 1554 2376 ο
1591 2345 1791 2414 μᾶλλον
1813 2345 1870 2396 δὲ

291 2449 385 2499 καὶ
403 2443 763 2515 νέκρωθείσας
787 2442 871 2493 διὰ
889 2439 988 2507 τῆς
1016 2439 1312 2508 ἁμαρτίας,
1345 2439 1477 2506 πρὸς
1505 2435 1650 2508 ζωὴν
1671 2438 1872 2490 ἐπανά-

282 2555 476 2605 γουσιν
510 2534 689 2598 αὖθις,
714 2537 740 2588 ὅ
759 2536 822 2605 δὴ
855 2536 947 2588 καὶ
973 2535 1074 2603 τῆς
1098 2535 1206 2588 τῶν
1232 2534 1498 2604 σωμάτων
1524 2532 1873 2596 ἀναστάσεως

287 2630 475 2698 πολλῷ
525 2629 730 2697 μεῖζον.
767 2628 873 2680 Καὶ
908 2625 1168 2694 δαίμονας
1221 2625 1280 2690 ἐξ
1327 2624 1628 2695 ἀνθρώπων
1663 2624 1869 2694 δραπε-

278 2721 464 2772 τεύειν
507 2719 739 2779 ποιοῦσι,
773 2717 883 2769 θεοὶ
918 2717 1059 2770 κατά
1111 2720 1270 2786 χάριν
1301 2717 1404 2770 ὑπὸ
1423 2716 1518 2768 τοῦ
1546 2716 1706 2784 μόνου
1729 2715 1870 2768 κατά

281 2816 449 2878 ῳῦσιν
497 2810 628 2863 Θεοῦ
679 2808 1154 2880 χειροτονηθέντες
1197 2808 1385 2860 παθῶν
1424 2811 1520 2860 καῖ
1557 2809 1867 2875 δαιμόνων-

283 2907 361 2966 ὼς
396 2907 491 2955 καὶ
517 2902 648 2971 πρὸς
681 2901 878 2954 Μωσὲα
903 2899 1071 2952 πάλαι
1091 2900 1181 2951 τὸν
1217 2901 1414 2967 μέγαν,
1449 2898 1609 2952 Ἰδοὺ
1640 2897 1870 2952 δέδωκά

1978 1806 2216 1850 ratarum
2254 1797 2659 1868 Scripturarum
2686 1799 2942 1853 sublimia
2989 1811 3043 1856 et
3072 1804 3352 1859 recondita
3384 1807 3550 1860 inter-

1975 1900 2264 1956 pretantur
2303 1900 2358 1945 et
2403 1892 2732 1960 prophetam
2761 1930 2774 1953 .
2806 1900 2860 1945 et
2897 1908 3020 1946 cum
3073 1893 3354 1964 prophetis
3404 1899 3544 1950 miro

1975 1978 2218 2048 quodam
2265 1979 2430 2034 modo
2460 1996 2568 2034 non
2611 1981 3002 2048 aspectabllem
3043 1987 3352 2054 aspiciunt,
3392 2003 3546 2041 reve-

1976 2069 2390 2138 lationibusque
2435 2081 2489 2125 et
2525 2072 2804 2142 mysteriis
2864 2073 3344 2142 inexplicabilibus
3396 2078 3544 2148 digiti

1976 2159 2270 2216 habentur.
2307 2161 2370 2213 Et
2400 2163 2647 2215 miranda
2677 2178 2846 2231 opera
2892 2163 3134 2217 efﬁciunt
3159 2205 3172 2229 ,
3201 2177 3277 2220 -ει
3325 2167 3546 2223 morbos

1975 2252 2320 2321 desperatos,
2355 2263 2412 2307 ut
2445 2255 2543 2319 illi,
2568 2255 2681 2308 sola
2697 2253 2902 2309 Christi
2931 2254 3310 2324 imploratione
3329 2269 3542 2322 curant;

1947 2361 2078 2425 .nec
2124 2361 2417 2415 corporum
2469 2347 2870 2411 tantummodo,
2906 2348 2998 2402 sed
3049 2348 3352 2402 animarum
3409 2367 3546 2418 que-

1975 2450 2110 2504 que;
2141 2436 2250 2490 imo
2282 2451 2410 2491 vero
2447 2453 2542 2507 per
2576 2448 2856 2518 peccatum
2889 2439 2999 2508 jam
3027 2449 3268 2494 mortuas
3299 2441 3351 2494 in
3380 2443 3542 2496 vitam

1979 2529 2300 2593 restituunt,
2327 2531 2474 2600 quod
2508 2531 2687 2599 majus
2721 2540 2805 2585 est
2831 2545 2993 2599 quam
3035 2533 3358 2601 corporibus
3383 2535 3542 2602 spiri.

1977 2634 2089 2676 tum
2117 2624 2368 2678 reddere.
2398 2623 2665 2693 Praeterea
2690 2623 2966 2677 daemones
2996 2639 3026 2677 a
3055 2626 3316 2679 membris
3356 2626 3546 2680 huma-

1978 2712 2062 2766 nis
2103 2713 2311 2783 l'ugant,
2349 2711 2676 2768 vitiosarum
2727 2713 3078 2768 achctionum
3127 2716 3543 2788 dannonumque

1979 2803 2056 2858 dii
2088 2845 2101 2867 ,
2146 2821 2242 2874 per
2289 2806 2516 2876 gratiam
2542 2846 2555 2868 ,
2590 2805 2658 2860 ab
2693 2821 2759 2859 eo
2783 2846 2796 2870 ,
2849 2807 2942 2874 qui
2987 2807 3137 2861 solus
3168 2823 3265 2877 per
3292 2818 3541 2863 naturam

1975 2897 2120 2952 Deus
2151 2906 2257 2959 est,
2288 2899 2485 2960 creati,
2509 2908 2568 2952 ut
2591 2899 2719 2952 olim
2743 2900 2808 2952 ad
2834 2915 3086 2969 maguum
3145 2901 3293 2954 illum
3329 2901 3541 2956 Mosen:

280 3015 358 3052 σε
392 2997 542 3050 Θεὸν·
574 2992 806 3061 Φαραὼ,
837 2992 992 3057 ἔλεγε
1017 3009 1032 3024 ο
1071 2993 1134 3043 τὸ
1171 2994 1307 3044 κατὰ
1330 2993 1430 3060 τῆς
1455 2992 1731 3058 Αἰγύπτου
1759 2991 1866 3043 πά-

1978 2985 2127 3049 Ecce,
2165 2989 2381 3057 inquit,
2413 2989 2656 3042 constitui
2679 2996 2726 3040 te
2757 2987 2922 3041 Deum
2961 2989 3257 3044 Pharaonis
3281 2992 3322 3053 ‘,
3347 2993 3544 3059 quibus

279 3091 399 3153 θος,
422 3091 517 3140 καὶ
547 3089 645 3148 τὰς
675 3084 909 3154 πληγὰς,
967 3085 1062 3138 καὶ
1107 3083 1203 3153 τὴν
1229 3085 1287 3135 ἐν
1335 3083 1480 3152 βυθῷ
1510 3083 1603 3136 ειιαλ⁸
1629 3082 1870 3151 Θαλάσσῃ

278 3178 664 3248 πανωλεθρίαν
689 3177 798 3228 τῶν
829 3177 1070 3244 ἐκγόνων
1118 3175 1692 3243 αὑτῆςαίνιττὸμενος,
1730 3175 1871 3243 ἆπερ

273 3274 308 3326 ὁ
343 3271 646 3342 νομοθέτης
682 3269 774 3322 καὶ
797 3271 1103 3338 στρατηγὸς
1156 3266 1244 3320 διὰ
1272 3267 1368 3337 τῆς
1396 3267 1707 3337 ὑπερφυοῦς
1732 3266 1872 3320 ἐκεί-

272 3381 375 3417 νου
411 3362 694 3430 δυνάμεως
726 3362 1036 3430 εἴργασται.

353 3457 418 3508 Οἱ
454 3455 551 3524 μὲν
579 3453 674 3506 οῦν
707 3453 914 3521 πρῶτοι
941 3451 1181 3522 μαθηταὶ
1211 3451 1304 3502 καὶ
1338 3450 1611 3520 ὑπηρέται
1639 3448 1733 3501 τοῦ
1764 3449 1869 3503 Λό-

1974 3079 2158 3133 verbis
2188 3079 2405 3149 [Egypti
2425 3080 2645 3134 'cladem
2665 3088 2720 3134 ct
2753 3080 2958 3150 plagas,
2989 3091 3153 3150 atque
3185 3084 3238 3136 in
3271 3083 3546 3151 profundo

1977 3172 2112 3225 mari
2139 3237 2147 3244 _
2171 3155 2473 3226 extremam
2513 3171 2890 3242 {Egyptiurum
2925 3175 3224 3242 perniciem
3257 3177 3547 3235 obscurius

1975 3266 2342 3336 signiﬁcavit,
2393 3281 2540 3335 quas
2571 3266 2849 3336 legislator
2895 3277 2950 3320 et
2987 3267 3184 3323 ductor
3238 3270 3543 3326 admirabili

1975 3359 2122 3412 illius
2159 3358 2404 3428 potentia
2433 3358 2661 3412 invexit.

2045 3450 2287 3504 Primum
2326 3450 2490 3517 igitur
2543 3451 2796 3520 discipuli
2834 3460 2888 3504 et
2947 3452 3184 3507 ministri
3229 3453 3433 3519 Verbi,
3477 3459 3545 3510 ab

1973 3555 2039 3595 eo
2064 3541 2128 3594 ad
2164 3542 2410 3610 gentium
2442 3543 2784 3595 vocationem
2809 3541 2986 3603 missi,
3018 3542 3123 3596 hoc
3153 3543 3341 3597 habitu
3379 3546 3543 3614 spiri-

1975 3633 2128 3698 tuali,
2161 3633 2389 3688 etonmi
2422 3648 2700 3686 armorum
2742 3649 2940 3704 genere
2981 3646 3210 3704 pr0pter
3257 3638 3546 3695 salvandos

1973 3725 2226 3779 homines
2253 3766 2266 3788 ,
2317 3724 2581 3778 adversus
2618 3724 2945 3788 diabolicam
2994 3726 3049 3780 in
3092 3743 3186 3781 eos
3220 3731 3547 3785 dominatio-

1972 3832 2096 3870 nem
2133 3815 2463 3870 induuntur.
2487 3786 2744 3869 Aite‘nim
2781 3833 2795 3868 :
2840 3817 3036 3870 lfuntes
3060 3821 3342 3888 prwdicate
3367 3821 3544 3874 Evan-

1972 3907 2171 3979 gelium
2208 3908 2352 3960 omni
2380 3915 2659 3964 crcaturw.
2715 3907 2817 3972 Qui
2847 3910 3123 3964 crediderit
3153 3921 3203 3963 et
3247 3912 3543 3981 baptizatus

1974 3998 2154 4066 fuerit,
2188 3997 2364 4051 salvus
2393 4001 2528 4062 erit;
2566 4001 2655 4068 qui
2681 4015 2798 4053 vero
2834 4017 2936 4052 non
2971 4002 3271 4068 crediderit,
3305 4006 3545 4058 condem-

1973 4091 2208 4144 nabitur.
2259 4089 2425 4160 Signa
2457 4101 2633 4144 autem
2679 4108 2764 4145 eos
2799 4094 2888 4159 qui
2921 4095 3273 4160 crediderint,
3309 4099 3420 4150 huc
3465 4115 3546 4151 sr-

1973 4195 2198 4251 quemur
2229 4198 2246 4234 :
2278 4181 2344 4234 In
2379 4183 2587 4234 nomine
2619 4199 2729 4235 meo
2771 4184 3032 4238 da'monia
3070 4186 3319 4253 ejicient;
3352 4188 3540 4256 linguis

1974 4276 2260 4344 loquentur
2303 4276 2485 4337 novis;
2517 4283 2779 4341 serpentes
2809 4273 3030 4336 tollent;
3061 4285 3108 4328 et
3137 4277 3181 4329 si
3216 4279 3544 4348 mortiferum
3585 4340 3592 4348 _

1971 4369 2096 4436 quid
2127 4367 2347 4419 biberint
2380 4406 2394 4429 ,
2445 4382 2549 4417 non
2585 4367 2654 4417 eis
2684 4367 2921 4429 nocebit;
2960 4385 3116 4437 super
3158 4385 3323 4439 (egros
3355 4388 3543 4424 manus

1973 4461 2265 4525 imponent,
2293 4464 2342 4509 et
2378 4456 2506 4509 bene
2536 4457 2796 4508 habebunt
2819 4459 2860 4510 ⁵.
2890 4458 3020 4523 Quae
3054 4461 3235 4513 omnia
3283 4461 3542 4515 nimirum

1970 4553 2125 4621 juxta
2160 4548 2375 4602 Domini
2403 4550 2690 4617 promissa,
2716 4565 2743 4601 a
2774 4553 3059 4603 mendacio
3094 4553 3290 4616 aliena,
3318 4566 3544 4606 eventus

1972 4641 2374 4708 comprobavit,
2418 4641 2638 4708 quando
2671 4643 2898 4709 apostoli
2946 4644 3236 4698 adversum
3289 4645 3540 4711 gentdcs.

1973 4728 2360 4797 ittulorumque
2392 4728 2632 4781 cultores
2658 4730 2759 4781 sibi
2795 4739 3038 4784 astantes
3069 4747 3320 4784 sermone
3349 4747 3541 4799 parum

1970 4831 2238 4891 eguerunt
2277 4840 2289 4874 :
2322 4821 2729 4890 maximamque
2777 4831 3020 4888 partem,
3069 4822 3154 4875 vel
3193 4822 3376 4889 potius
3404 4836 3542 4890 pene

1973 4923 2145 4968 totum
2179 4914 2348 4982 signis
2404 4913 2679 4966 inusitatis
2727 4921 2782 4966 et
2829 4912 3094 4980 prodigiis
3136 4913 3538 4967 coniecerunt:

1970 5016 2026 5059 et
2053 5005 2192 5058 hanc
2221 5020 2286 5057 ex
2317 5003 2557 5056 ethnicis
2589 5013 2972 5072 congregatam
3017 5003 3334 5066 Ecclesiam,
3371 5020 3538 5072 spon-

1971 5111 2084 5149 sam
2127 5096 2178 5149 ei
2212 5096 2620 5148 immaculatam
2648 5131 2662 5157 ,
2695 5093 2997 5147 secundum
3045 5094 3269 5148 Paulum
3314 5096 3353 5158 ‘,
3385 5096 3542 5148 exhi-

1968 5188 2232 5242 buerunt.

267 3568 382 3618 του
411 3547 536 3616 παρ’
560 3546 726 3599 αὑτοῦ
772 3545 908 3614 πρὸς
940 3545 1048 3615 τὴν
1069 3545 1178 3596 τῶν
1210 3543 1380 3595 ἐθνῶν
1411 3543 1870 3610 ἀποστελλόμενοι

266 3642 502 3708 κλῆσιν,
536 3637 740 3707 ταύτην
775 3636 867 3689 ὑπ’
901 3635 1066 3688 αὑτοῦ
1111 3634 1210 3703 τὴν
1253 3636 1632 3704 πνευματικὴν
1660 3633 1866 3702 σκευὴν

265 3732 580 3792 ἐνδύονται,
613 3729 710 3781 καὶ
738 3730 836 3798 τὴν
879 3727 1205 3790 πανοπλίαν,
1236 3727 1374 3795 ὑπὲρ
1398 3727 1504 3778 τῶν
1539 3725 1868 3792 σωζομένων

264 3825 606 3894 ἀνθρώπων,
640 3821 782 3873 κατά
807 3822 904 3888 τῆς
940 3819 1274 3889 κατεχούσης
1313 3819 1635 3888 δαιμονικῆς
1670 3834 1869 3886 τυραν-

267 3921 446 3976 νίδος.
507 3915 614 3966 Καὶ
665 3915 799 3982 γὰρ,
847 3910 1251 3973 Ἀπελθόντες,
1288 3910 1446 3979 φησὶ,
1483 3910 1780 3976 κηρύξατε
1804 3909 1871 3961 τὸ

271 4003 662 4072 Εὑαγγένῑιον
701 4003 869 4068 πείσῃ
903 3994 1010 4069 ’τῇ
1051 4001 1267 4053 κτίσει.
1308 4001 1370 4052 '0
1401 4001 1739 4064 πιστεύσας·
1769 3999 1868 4052 καὶ

260 4093 643 4154 ,ϐαπτισθεὶς
681 4090 1060 4156 amandatur
1097 4093 1130 4142 ὁ
1190 4089 1258 4140 δὲ
1296 4088 1649 4154 ἀπιστήσας
1695 4105 1871 4141 κατα-

264 4183 646 4250 κριθήσεται.
705 4182 926 4250 Σημεῖα
954 4181 1022 4233 se
1077 4181 1201 4246 τοῖς
1260 4185 1630 4236 πιστεύσασι
1687 4183 1870 4236 ταῦτα

263 4274 812 4342 παρακολουθήσει
855 4274 952 4324 Ἐν·
1004 4273 1082 4337 τῷ
1117 4274 1366 4341 ὀνόματί
1412 4292 1533 4342 μου
1589 4275 1865 4340 δαιμόνια

263 4369 608 4421 ἐκϐαλοῦσι
627 4384 642 4398 ο
673 4367 982 4435 γλώσσαις
1013 4367 1363 4430 λαλήσουσι
1399 4367 1632 4432 καιναῖς
1657 4384 1668 4396 ο
1695 4367 1862 4434 ὄφεις

263 4457 530 4523 ἀροῦσι-
559 4455 675 4509 κᾶν
707 4457 1044 4522 θανάσιμόν
1072 4473 1126 4507 τι
1155 4458 1397 4516 πίωσιν,
1421 4457 1492 4508 οὑ
1524 4455 1608 4523 μὴ
1641 4456 1862 4520 αὐτοὺς

261 4546 500 4612 βλάψῃ
525 4561 538 4574 ·
575 4545 675 4597 ἐπὶ
729 4545 1082 4613 ἀρῤὡστους
1114 4547 1318 4614 χεῖρας
1347 4547 1740 4615 ἐπιθήσουσι,
1771 4554 1870 4605 καὶ

262 4637 477 4702 καλῶς
509 4636 784 4704 ἔχουσιν.
821 4639 885 4688 Ἃ
913 4638 1086 4706 δήπου
1109 4642 1200 4690 καὶ
1233 4639 1311 4700 εἰς
1347 4639 1507 4707 ἔργον
1530 4639 1693 4704 ἐξέϐη
1723 4639 1866 4691 κατὰ

261 4734 376 4792 τὰς
428 4730 680 4797 ἀψευδεῖς
715 4730 808 4782 τοῦ
847 4731 1122 4782 Δεσπότου
1180 4729 1535 4798 ἐπαγγελίας,
1569 4730 1724 4797 ὀλίγα
1768 4731 1867 4799 μὲν

262 4822 581 4889 δεηθέντων
610 4821 772 4886 λόγου
797 4820 905 4872 τῶν
944 4821 1261 4873 ἀποστόλων
1295 4821 1430 4888 πρὸς
1458 4822 1584 4881 τοὺς
1615 4821 1708 4872 τοῦ
1751 4820 1868 4870 Ἑλ-

263 4911 545 4984 ληνισμ.οῦ
573 4913 668 4966 καὶ
704 4916 802 4981 τῆς
855 4911 1302 4982 εἰδωλολατρείας
1347 4912 1738 4981 ἀντεχομένους
1760 4927 1772 4942 ο
1806 4910 1867 4962 τὸ

261 5007 322 5056 δὲ
363 5003 704 5073 πλεῖστον.ἥ
743 5005 836 5056 καὶ
886 5003 946 5054 τὸ
993 5004 1100 5055 πᾶν
1157 5003 1364 5071 σχεδον,
1396 5005 1506 5064 τοῖς
1559 5002 1864 5070 ὑπερφυέσι

263 5093 534 5162 σημείοις
567 5097 791 5158 καὶτοῖς
815 5095 1056 5164 θαύμασι
1082 5094 1614 5164 καταπραξαμένων,
1647 5094 1741 5146 καὶ
1767 5095 1864 5162 τὴν

260 5189 330 5252 ἐξ
368 5186 540 5237 ἐθνῶν
575 5187 779 5255 ταύτην
815 5188 1112 5255 ἐκκλησίαν
1157 5186 1377 5256 νύμφην
1427 5186 1656 5240 ἄσπιλον
1689 5205 1864 5257 παρα-

264 5278 598 5347 στησάντων
624 5279 773 5346 αὑτῴ
802 5280 943 5330 κατὰ
969 5276 1198 5329 Παῦλον.

347 5368 476 5420 υὺδ’
514 5369 894 5437 Ἑλληνισμοῦ,
933 5368 1028 5420 καὶ
1056 5369 1155 5437 τῆς
1179 5369 1286 5421 τῶν
1338 5367 1574 5421 εἰδώλων
1625 5368 1863 5438 κτισμά-

265 5477 393 5516 των
426 5460 700 5530 λατρείας,
734 5465 827 5512 καὶ
875 5461 938 5529 δὴ
976 5460 1069 5513 καὶ
1099 5461 1198 5530 τῆς
1237 5460 1557 5529 δαιμονικῆς
1585 5460 1727 5512 κατὰ
1751 5461 1862 5510 τῶν

1900 4339 1942 4392 D

2035 5369 2344 5423 Grmcorum
2368 5384 2532 5438 porro
2551 5368 2960 5438 superstitione,
2994 5370 3248 5423 falsorum
3307 5367 3538 5421 deorum

1965 5470 2021 5512 et
2048 5471 2432 5516 creaturarqu
2489 5460 2844 5524 adoratione,
2883 5469 2938 5514 et
2967 5460 3298 5515 dannuniaca
3350 5461 3403 5513 in
3436 5461 3553 5538 hu-_

351 5641 377 5672 ⁸
418 5639 610 5693 Matth.
658 5655 848 5705 xxvnt,
875 5639 966 5694 ΞΟ.
1043 5641 1064 5671 ’⁵
1099 5642 1270 5696 Exod.
1321 5657 1416 5697 vn.
1456 5643 1507 5696 1.
1641 5640 1812 5696 Marc.
1851 5656 1962 5708 χιιι,
1994 5639 2178 5696 iii-{8.
2255 5640 2274 5672 ‘
2303 5640 2505 5711 Epltes.
2537 5638 2700 5707 v,27.

565 5731 830 5791 ΡΑτιιοι.
887 5736 1004 5792 un.
1051 5726 1252 5790 CLIV.

2715 5755 2840 5821 -
3136 5734 3216 5795 25
