3862 6218
326 318 427 380 ’181

1383 328 1768 390 LAUDATiO
1807 326 2059 387 TRIUM
2106 329 2533 399 DOCTORUM.

3463 341 3571 405 782

324 434 496 487 εἰπὼν
523 435 694 507 ἔφθην
714 456 726 470 ·
748 441 853 503 τοῖς
874 440 931 493 δέ
948 459 1009 509 γε
1034 443 1347 513 κορυφαίοις
1370 447 1605 510 τούτοις,
1630 447 1739 508 τοῖς
1771 444 1907 515 μετὰ

2013 466 2172 519 supra
2209 453 2382 522 tetigi.
2418 456 2487 509 At
2510 454 2631 509 istis
2659 456 3018 526 principibus,
3042 456 3415 525 apostolorum
3445 474 3577 514 suc-

324 528 452 587 τοὺς
504 529 837 591 ἀποστόλους
895 533 1212 597 ἀποστόλοις
1258 538 1353 588 καὶ
1408 535 1701 603 θεολόγοις,
1769 535 1904 603 μηδὲ

290 618 533 671 κ-τούτων
564 621 760 683 ἐνδεῶς
820 624 1234 692 μηδοπωστιοῦν
1282 627 1592 696 ἐσχηκόσιν,
1621 628 1679 678 ὲν
1726 626 1904 691 λόγοις

326 710 426 761 καὶ
458 712 586 779 περὶ
628 711 821 778 λόγους
854 709 920 783 ἦν
942 717 970 767 ὁ
1007 716 1153 783 ἀγὼν
1182 719 1275 770 καὶ
1309 719 1370 769 τὸ
1412 720 1631 787 κράτος.
1674 718 1899 784 Ἐπειδὴ

324 802 433 868 γὰρ
456 803 518 853 ού
540 804 676 868 πρὸς
690 804 881 857 είδωλα
924 808 1017 858 καὶ
1040 808 1278 877 φανερὰν
1297 809 1612 876 κτισμάτων
1628 808 1902 877 λατρείαν,

321 894 459 947 ἀλλά
487 896 623 964 πρὸς
646 896 848 963 ὓφαλόν
878 916 998 953 τινα
1023 900 1116 952 καὶ
1142 904 1528 970 κεκρυμμένην
1574 901 1762 953 ἀθεῖαν
1812 898 1907 950 καλ¹

323 986 571 1038 δουλείαν
597 984 753 1051 αὖθις
773 990 1089 1059 κτισμάτων
1106 992 1132 1042 ὀ
1154 990 1302 1058 ἀγὼν
1326 988 1395 1061 ἦν
1414 994 1521 1052 τοίς
1540 994 1902 1060 κυὸερνήταις

2008 544 2324 617 messoribus
2351 561 2414 600 ac
2446 547 2731 618 tlteOIOgis,
2756 565 2823 603 ne
2850 549 2941 603 hic
2963 550 3184 617 quidem
3210 549 3316 605 ulla
3356 551 3570 607 ratione

2009 636 2360 702 pauperibus,
2389 636 2444 690 in
2498 654 2753 693 sermone
2775 681 2788 704 ,
2819 650 2876 695 et
2904 642 3049 696 circa
3101 658 3381 696 sermones
3406 653 3573 712 atque

2008 725 2316 781 doctrinam
2344 744 2508 783 omne
2537 741 2815 786 certamen
2858 749 2922 787 ac
2956 734 3123 787 robur
3146 734 3269 787 fuit.
3302 734 3575 800 Quoniam

2008 833 2115 870 non
2152 819 2416 875 adversus
2449 822 2591 875 idola
2619 862 2634 886 ,
2693 824 3152 892 manifestumque
3199 835 3574 879 creaturarum

2007 910 2261 992 cultum,‘
2293 911 2386 965 sed
2422 922 2611 965 contra
2643 913 2929 967 subdolam
2960 916 3270 983 quamdam.
3298 925 3353 969 et
3385 916 3574 969 occul-

2007 1013 2116 1055 tam
2150 1003 2200 1056 in
2232 1004 2401 1057 Deum
2430 1005 2788 1073 impietatem.
2826 1017 2883 1060 et
2916 1022 3109 1061 novam
3137 1024 3263 1077 erga
3292 1018 3575 1064 creaturas

320 1077 533 1140 τούτοις
565 1078 658 1131 τοῦ
688 1080 1031 1148 παγκοσμίου
1057 1082 1294 1148 σκάφους
1322 1083 1419 1151 τῆς
1466 1082 1803 1149 Ἐκκλησίας.
1840 1080 1904 1131 Τί

319 1174 431 1242 γὰρ
450 1174 544 1224 καὶ
570 1172 819 1225 ὲὸούλετο
836 1176 947 1235 τοῖς
967 1173 1220 1235 διώκταις
1245 1174 1302 1225 τὸ
1329 1173 1459 1225 Θεὸν
1480 1174 1577 1241 μὲν
1591 1172 1897 1241 ὁμωνύμως

2013 1183 2264 1238 Ecclesia:
2332 1186 2499 1239 totius
2540 1188 2726 1241 mundi
2787 1190 3209 1258 suscipiebatur.
3252 1189 3391 1255 Quid
3427 1192 3574 1244 enim

322 1264 511 1317 καλεῖν
558 1265 648 1317 τὸν
702 1267 983 1334 μονογενῆ,
1016 1266 1109 1317 καὶ
1168 1266 1477 1331 ὁμοοῠσιον,
1513 1265 1609 1317 καὶ¹
1639 1265 1901 1333 ὁμότιμον

2013 1276 2109 1329 sibi
2153 1278 2414 1332 volebant
2468 1289 2887 1348 persecutores,
2946 1297 3070 1335 cum
3128 1283 3490 1350 unigenitum,
3520 1293 3577 1337 et

320 1352 418 1405 τοῦ
448 1352 585 1405 Θεοῦ
624 1353 818 1420 Λόγον,
854 1355 933 1415 εἰς
977 1352 1181 1422 κτίσμα
1212 1354 1267 1406 δὲ
1294 1354 1483 1406 τοῦτον
1510 1356 1798 1422 κατάγειν·
1838 1355 1901 1408 τὸ

2013 1368 2501 1435 consubsututialc,
2548 1380 2612 1425 et
2660 1372 2869 1425 honore
2923 1375 3131 1441 :equale
3186 1376 3280 1428 Dei
3332 1374 3574 1428 Verbum

318 1444 378 1497 δὲ
409 1445 660 1513 συμφυές
714 1460 771 1496 τε
828 1444 924 1496 καὶ
957 1444 1257 1515 σύνθρονον
1302 1445 1468 1499 αὐτοῦ
1510 1444 1734 1514 Πνεῦμα
1763 1446 1901 1514 μήτε

2013 1460 2285 1513 communi
2312 1461 2536 1515 nomine
2566 1462 2735 1517 Deum
2766 1464 3130 1532 appellarent,
3159 1476 3215 1520 et
3245 1465 3386 1519 idem
3427 1466 3573 1519 nihi-

317 1536 456 1589 Θεὸν
489 1534 804 1605 ὀνομάζειν,
828 1538 921 1589 καὶ
944 1538 1024 1598 εἰς
1058 1537 1238 1589 κτίσιν
1265 1538 1552 1607 κατασπᾷν
1575 1539 1777 1607 ὁμοίως
1805 1537 1903 1591 καὶ

2013 1549 2247 1609 lominus
2281 1551 2347 1605 ad
2376 1563 2682 1607 creaturam
2710 1570 2885 1624 usque
2928 1555 3335 1625 deprimerent;
3367 1572 3575 1612 conua-

316 1626 485 1680 τοῦτο
506 1642 520 1689 ;
545 1627 576 1694 ή
604 1626 839 1695 πονηρὰ,
874 1626 1037 1693 φημὶ,
1064 1626 1331 1695 διαίρεσις
1366 1626 1580 1693 Ἀρείου
1612 1628 1702 1678 καὶ
1724 1626 1900 1684 ἁθεῒα.

2013 1642 2235 1696 turalem
2266 1658 2467 1713 porro,
2502 1654 2557 1699 et
2582 1647 2826 1716 ejusdem
2869 1648 3053 1701 throni
3080 1650 3288 1704 socium
3318 1649 3571 1718 spiritum

320 1717 477 1770 Τίδὲ
524 1719 558 1785 ἡ
613 1715 931 1779 Σαδέλλειος
993 1715 1287 1785 συναλοιφή
1339 1720 1431 1774 καὶ⁸
1476 1716 1736 1787 σύγχυσις
1794 1718 1902 1771 τῶν

2013 1746 2106 1785 nec
2135 1732 2228 1787 Dei
2266 1735 2532 1790 vocabulo
2578 1737 2958 1805 nominarent,
2999 1749 3055 1794 et
3084 1742 3149 1795 ad
3198 1752 3575 1795 creaturarum

318 1810 494 1881 τριῶν
527 1809 607 1871 είς
637 1807 698 1859 τὸ
734 1808 827 1873 ἕν;
860 1808 933 1868 ὡς
971 1809 1111 1877 μήτε
1165 1809 1316 1878 τρία,
1350 1810 1486 1880 μήτε
1519 1810 1578 1861 ἓν
1606 1810 1728 1862 κατ’
1759 1810 1904 1863 ὲκεί-

2013 1824 2255 1878 nrdincm
2290 1826 2544 1882 similiter
2573 1829 2973 1885 detraherent?
3005 1847 3266 1901 perversa
3286 1873 3301 1897 ,
3332 1833 3576 1901 inquam.

318 1917 451 1963 νους
476 1900 537 1952 τὸ
570 1898 1048 1968 προσκυνούμενον
1096 1893 1263 1962 εἶναι,
1295 1901 1329 1969 ἡ
1364 1900 1525 1970 καινὴ
1558 1900 1649 1953 καὶ
1683 1900 1903 1953 ἀλλόκο-

2013 1915 2204 1970 divisio
2249 1927 2305 1971 et
2337 1919 2493 1971 ἀθεῖα
2536 1920 2672 1975 Arii.
2707 1922 2847 1987 Quid
2887 1893 3198 1977 Sabelliana
3244 1893 3575 1984 comniistio.

319 2009 417 2053 τος
463 1992 642 2046 ἀθεῖα.
674 1992 749 2044 Οὐ
800 1990 905 2060 μὴν
951 1990 1087 2043 ἀλλὰ
1118 1992 1304 2043 καὶτὸ
1353 1989 1591 2059 Χριστοῦ
1647 1991 1903 2060 φέροντες

2013 2016 2062 2059 et
2097 2006 2262 2059 trium
2290 2008 2345 2061 in
2380 2024 2549 2062 unum
2584 2009 2877 2065 confusio?
2907 2020 2965 2066 ut
2999 2013 3303 2067 secundum
3336 2014 3460 2068 illos
3482 2029 3579 2068 ne-

314 2086 518 2153 δνομα,
557 2085 605 2135 oi
640 2082 890 2152 πολέμιοι
919 2081 1157 2152 Χριστοῦ
1212 2083 1309 2135 καὶ
1353 2083 1453 2152 τῆς
1477 2082 1640 2135 αὐτοῦ
1676 2083 1905 2153 Ἐκκλη-

2013 2112 2111 2166 que
2146 2098 2248 2151 tria
2289 2114 2466 2168 neque
2498 2117 2668 2154 unum
2725 2110 2893 2163 esset.
2928 2102 3074 2172 quod
3124 2102 3386 2156 adoratur
3439 2116 3578 2156 nova

322 2178 473 2239 σίας,
508 2174 812 2242 ἀμφίϐολόν
874 2191 991 2236 πως
1041 2174 1406 2244 Χριπιανοῖς,
1462 2174 1494 2243 ἢ
1547 2173 1901 2242 Χριστιανῶν

2013 2196 2067 2241 et
2096 2187 2330 2241 absurda
2365 2188 2545 2245 ἀθεϊσ.
2582 2189 2724 2254 Quin
2787 2190 2951 2245 etiam
3000 2190 3206 2247 Christi
3258 2204 3456 2244 nomen
3486 2204 3580 2259 ge-

325 2270 436 2330 τοῖς
488 2266 876 2335 ἁπλουστέροις
932 2281 993 2318 τε
1046 2265 1143 2317 καὶ
1170 2264 1419 2333 ἀτέχ.νοις
1455 2265 1553 2319 τὸν.
1572 2266 1759 2331 ἀγῶνα
1811 2266 1907 2319 καὶ

2013 2288 2232 2339 rentes,
2288 2278 2516 2332 dubium
2571 2279 2925 2341 Christianis,
2982 2280 3097 2335 sive
3138 2279 3578 2335 Christianorum

329 2361 427 2428 τὴν
456 2360 556 2428 τῆς
605 2358 862 2428 ἀληθείας
913 2357 1202 2426 ἀνεύρεσιν
1243 2357 1541 2412 ὲνεποίουν,
1597 2356 1697 2409 Διά
1749 2356 1906 2410 τοῦτο

2020 2369 2451 2437 simplicioribus
2509 2379 2565 2424 et
2618 2370 2849 2426 rudibus
2902 2380 3176 2425 certamen
3228 2382 3284 2425 ct
3334 2371 3581 2425 veritatis

2007 1093 2332 1147 servitutem
2373 1094 2657 1149 conﬂictus
2694 1112 2723 1149 a
2766 1097 3225 1166 gubernatoribus
3272 1099 3389 1152 istis
3421 1100 3575 1153 navis

332 2456 441 2513 τοις
473 2451 792 2522 κορυφαίοις
829 2450 937 2503 τῶν
964 2450 1302 2503 διδασκάλων
1334 2449 1460 2519 περὶ
1499 2450 1589 2502 τὸν
1618 2448 1775 2517 λόγον
1800 2450 1907 2512 πᾶς

2013 2461 2363 2515 inventionen
2396 2461 2692 2518 iaciebant.
2716 2462 2980 2529 Quocirca
3011 2463 3080 2517 ab
3127 2463 3261 2533 ipsis
3288 2464 3577 2532 magistro-

325 2546 355 2596 ὁ
385 2542 534 2610 ἀγὼν
564 2540 653 2613 ἦν,
686 2543 823 2612 ὅπερ
855 2542 1013 2612 ἔφην,
1049 2544 1142 2595 καὶ
1197 2543 1289 2594 τὸν
1347 2540 1510 2594 αὐτὸν
1564 2541 1669 2593 ἔδει
1710 2543 1805 2594 καὶ
1847 2541 1907 2593 τὸ

2013 2567 2130 2605 rum
2159 2552 2463 2622 corypha'is
2496 2568 2663 2622 opera
2714 2553 2894 2608 omnis
2928 2553 2983 2609 in
3023 2568 3332 2609 sermonem
3375 2564 3433 2609 et
3482 2553 3582 2607 do-

322 2638 528 2689 οίκεῐον
565 2634 862 2696 παιδεύειν,
894 2636 993 2688 καὶ
1045 2634 1276 2696 πείθειν,
1310 2636 1403 2687 καὶ
1453 2634 1590 2702 πρὸς
1624 2633 1905 2697 εὐσεϐείας

2013 2640 2244 2695 ctrinam
2274 2640 2469 2695 collata
2497 2650 2601 2705 est,
2622 2651 2682 2696 ut
2705 2642 2840 2706 dixi.
2868 2643 3229 2711 eumdemque
3256 2642 3581 2697 etdomesti-

325 2730 703 2801 καταρτίςειν,
731 2729 827 2781 καὶ
848 2728 909 2780 τὸ
930 2727 1210 2795 ἀλλότριον
1234 2725 1709 2790 ἀποσκευάζεσθαι
1729 2741 1743 2754 ⁸
1770 2724 1907 2794 μᾶλ-

2013 2745 2105 2787 cos
2152 2716 2375 2787 erudire
2409 2772 2423 2795 .
2477 2733 2871 2802 suadendoque
2920 2733 2987 2787 ad
3036 2733 3257 2802 pietatis
3318 2747 3581 2787 numeros

325 2823 424 2875 λον
454 2822 510 2874 δὲ
536 2823 631 2872 καὶ⁵
668 2821 795 2883 τοὺς
837 2821 937 2889 τῆς
988 2817 1311 2881 κακοδοξίας
1350 2818 1650 2886 ἐξελέγχειν
1681 2815 1907 2886 προστά.

2013 2837 2364 2892 componere.
2403 2834 2459 2878 ct
2488 2824 2701 2879 alienos
2727 2824 2942 2879 amoliri
2970 2825 3285 2893 Oportebat;
3321 2824 3433 2878 imo
3450 2838 3580 2879 vero

322 2930 450 2978 τας,
481 2913 832 2984 βλασφημίας
876 2912 956 2973 είς
1019 2909 1081 2963 τὸ
1136 2909 1272 2979 ὕψος
1317 2909 1634 2969 λαλοῦντας.
1663 2909 1907 2961 Ἐθεντο

2013 2915 2388 2984 improbatum
2468 2916 2791 2985 opinionum
2865 2926 3128 2984 patronos
3196 2913 3523 2984 redarguere
3561 2953 3579 2977 ,

322 3008 438 3075 γὰρ
472 3006 569 3060 καί
600 3008 686 3070 εις
718 3004 983 3071 οὐρανὸν
1004 3003 1070 3056 τὸ
1096 3004 1312 3070 στόμα,
1345 3000 1485 3054 κατὰ
1510 3000 1599 3051 τὸν
1633 3000 1904 3069 μακάριον

2013 3006 2381 3077 blasphemias
2409 3007 2464 3061 in
2501 3008 2672 3062 altum
2704 3008 2991 3077 loquentes
3018 3027 3031 3061 :
3067 3007 3361 3061 Posuerunt
3390 3008 3581 3076 quippe

319 3101 493 3170 φάναι
525 3097 707 3163 Δαῦιδ,
742 3097 840 3149 καὶ
874 3098 911 3163 ἡ
950 3094 1202 3164 γλῶσσα
1248 3092 1447 3147 αὐτῶν
1496 3091 1749 3160 διῆλθεν
1806 3091 1903 3145 ἐπὶ

2013 3099 2066 3152 in
2097 3097 2283 3150 cretum
2310 3113 2366 3150 os
2391 3113 2566 3163 suum,
2597 3106 2658 3152 ut
2684 3097 2877 3152 beatus
2909 3098 3079 3151 David
3114 3098 3193 3151 ait
3220 3100 3263 3163 ⁷,
3304 3106 3352 3150 ει
3397 3095 3579 3166 lingua

318 3192 441 3260 τῆς
472 3190 604 3260 γῆς,
641 3191 733 3243 τὸν
772 3188 1006 3259 οὐρανὸν
1050 3187 1339 3241 κλινόντων
1364 3187 1443 3249 είς
1473 3186 1599 3255 γῆν,
1640 3185 1732 3238 καὶ
1757 3183 1898 3250 μετὰ

316 3284 426 3350 τῆς
488 3282 717 3341 κλίσεως
750 3278 1137 3350 ἀριθμούντων
1164 3275 1325 3346 φύσιν
1358 3275 1456 3345 τὴν
1491 3276 1896 3345 ὑπερκόσμιον’

316 3379 398 3446 ἣν
426 3375 545 3427 οὐδὲ
578 3374 776 3443 χωρεῖν
812 3374 845 3442 ἡ
877 3372 1054 3433 κτίσις
1081 3370 1328 3433 δύναται,
1366 3368 1471 3422 κᾶν
1507 3368 1627 3437 μεθ’
1662 3368 1819 3438 ἡμῶν
1847 3383 1902 3420 τι

319 3470 557 3534 γένηται
619 3465 764 3534 λόγῳ
790 3462 1222 3532 φιλανθρωπίας,
1260 3461 1325 3514 ἵν’
1356 3461 1505 3529 ἡμᾶς
1526 3457 1728 3527 ἑλκύσῃ
1765 3457 1901 3526 πρὸς

317 3558 531 3625 ἑαυτὴν
565 3558 741 3626 χαμαὶ
769 3557 1077 3623 κειμένους.
1126 3553 1267 3605 Ἀλλ’
1291 3554 1486 3606 ἐκεῖνοι
1520 3551 1617 3619 μὲν
1651 3550 1901 3615 τοιοῦτοι,

317 3652 429 3707 καὶ
464 3650 637 3712 οὕτως
667 3650 901 3719 ἔχοντες,
938 3647 1089 3700 ἄλλοι
1119 3646 1450 3715 Σεναχερείμ
1477 3660 1641 3707 τινες,
1676 3643 1773 3695 καὶ⁵
1793 3643 1904 3695 Να-

319 3743 769 3812 ϐουχοδονόσοροι
810 3726 954 3793 κατά
997 3738 1356 3808 Ἰερουσαλήμ
1403 3754 1463 3789 τε
1493 3738 1588 3790 καὶ
1628 3735 1901 3798 Ἰουδαίας,

318 3832 361 3901 ἢ
402 3832 633 3900 Δαρεῖοι,
665 3830 759 3882 καὶ
816 3826 1036 3898 Ξέρξαι,
1068 3828 1162 3880 καὶ⁵
1209 3828 1243 3897 ἡ
1282 3826 1719 3896 πολυθρύλλητος
1770 3826 1906 3894 Περ-

323 3928 463 3995 σικὴ
500 3925 747 3993 στρατιὰ,
770 3925 865 3978 καὶ
894 3924 1131 3996 ἀριθμοῦ
1160 3923 1449 3994 κρείττων,
1479 3921 1549 3984 ὥς
1582 3938 1736 3992 φασι,
1766 3920 1906 3974 κατά

320 4018 438 4085 τῆς
480 4017 748 4077 Ἑλλάδος.

406 4108 621 4161 Μᾶλλον
643 4106 699 4159 δὲ
731 4107 843 4168 τοῖς
894 4105 1239 4168 διδασκάλοις
1317 4105 1530 4167 τούτοις
1586 4105 1683 4158 καὶ
1753 4104 1907 4168 αὖθις

319 4201 420 4254 δεῖ
450 4197 846 4267 παραχωρῆσαι
879 4196 973 4249 τοῦ
1002 4196 1186 4264 λόγου,
1214 4199 1280 4249 τὰ
1307 4197 1522 4249 ἑαυτῶν
1553 4197 1695 4266 ὑπὲρ
1726 4198 1907 4249 πᾶσαν

330 4295 438 4347 καὶ
457 4291 725 4359 γλῶτταν,
757 4308 830 4360 φη
841 4291 923 4360 μὶ.
957 4291 1051 4343 καὶ
1076 4290 1321 4344 διάνοιαν
1351 4289 1547 4355 ἄριστα
1572 4289 1907 4353 διδάσκουσι,

2005 3206 2187 3243 eorum
2228 3192 2473 3244 transivit
2505 3191 2560 3242 in
2593 3198 2794 3243 terram
2826 3231 2841 3254 ,
2873 3189 3003 3244 dum
3049 3190 3248 3248 caelum
3289 3192 3345 3247 in
3378 3201 3579 3248 terram
3636 3196 3649 3203 ’”

2004 3282 2294 3345 inclinant,
2326 3292 2381 3336 et
2429 3298 2557 3337 cum
2600 3292 2853 3337 creatura
2888 3291 3137 3337 naturam
3177 3287 3581 3354 supermunda-

2004 3389 2131 3429 nam
2158 3382 2472 3437 numerant,
2498 3388 2661 3442 quam
2691 3389 2867 3442 neque
2899 3375 3370 3443 comprehendere
3394 3389 3580 3431 creata

2007 3480 2098 3519 res
2133 3474 2316 3534 potest
2342 3481 2357 3528 ;
2385 3464 2488 3518 etsi
2517 3478 2584 3518 ex
2618 3465 2951 3533 benignitate
2986 3465 3264 3533 quidpiam
3295 3466 3581 3520 nobiscum

2006 3555 2187 3612 factus
2214 3564 2322 3617 est,
2353 3564 2411 3607 ut
2440 3570 2542 3608 nos
2594 3554 2743 3608 humi
2773 3554 3021 3624 iacentes
3061 3555 3127 3607 ad
3158 3570 3216 3608 se
3255 3558 3579 3611 attraheret.

2007 3645 2277 3699 Caeterum
2320 3644 2396 3697 illi
2443 3643 2661 3711 quidem
2693 3644 2826 3697 tales
2865 3652 2992 3697 sunt
3021 3684 3035 3709 ,
3078 3651 3133 3697 et
3163 3643 3235 3696 ita
3267 3659 3325 3699 se
3357 3645 3578 3699 habent.

2009 3738 2117 3791 Alii
2168 3736 2524 3791 Senacheribi
2557 3745 2611 3789 et
2656 3734 3232 3789 Nabuchodonosores
3266 3745 3456 3789 contra
3489 3737 3581 3790 Je-

2010 3828 2276 3891 rusalem,
2303 3836 2359 3881 et
2386 3827 2629 3881 Judzeam
2660 3827 3040 3892 inveniuntur;
3077 3837 3169 3880 aut
3194 3827 3337 3880 Darii
3368 3839 3423 3880 et
3451 3827 3557 3881 Χρι-

2010 3935 2130 3983 xes,
2162 3928 2215 3973 et
2252 3919 2341 3973 ille
2378 3917 2518 3971 fama
2551 3917 2872 3972 notissimus
2916 3926 2971 3971 et
3021 3918 3433 3972 innumerabilis
3489 3919 3583 3972 ad-

2011 4023 2209 4063 versus
2242 4006 2506 4062 Graeciam
2538 4005 2827 4059 Persarum
2860 4006 3159 4057 exercitus.

2082 4113 2153 4166 At
2180 4110 2328 4166 enim
2363 4118 2588 4178 praestat
2620 4106 2899 4177 magistris
2928 4106 3080 4160 hisce
3111 4120 3329 4175 rursum
3365 4105 3586 4160 auscul-

2015 4211 2153 4267 tare,
2191 4218 2290 4257 sua
2336 4202 2415 4254 ita
2460 4199 2817 4258 docentibus,
2854 4205 2915 4250 ut
2949 4196 3150 4252 melius
3192 4196 3343 4250 nulla
3373 4197 3582 4266 lingua,

2013 4297 2228 4350 nullum
2281 4292 2563 4364 ingenium
2612 4292 2809 4360 possit.
2854 4290 3007 4349 Erat.
3040 4289 3244 4357 inquit,
3280 4304 3404 4343 cum
3439 4288 3587 4358 vige-

325 4388 435 4441 καὶ
455 4386 530 4448 ὡς
563 4385 735 4447 οὐδείς
765 4400 850 4436 πω
883 4382 992 4435 τῶν
1018 4383 1257 4436 πάντων.
1300 4378 1408 4435 Ἦν
1446 4383 1537 4434 ὅτε
1568 4380 1787 4451 ἤκμαζε
1842 4382 1907 4435 τὰ

2016 4398 2142 4444 rent
2177 4403 2266 4442 res
2292 4394 2519 4448 nostra),
2553 4394 2610 4438 et
2640 4384 2786 4437 bono
2824 4384 2948 4437 loco
2983 4390 3169 4437 essent
3192 4398 3209 4449 ;
3232 4382 3454 4451 quando
3478 4385 3587 4438 sci—

324 4478 608 4547 ὴμέτερα,
630 4476 784 4545 φησὶ,
816 4476 911 4529 καὶ
949 4473 1128 4535 καλῶς
1153 4468 1323 4539 εἶχεν,
1383 4471 1542 4541 ἡνίκα
1567 4471 1629 4523 τδ
1664 4471 1763 4539 μὲν
1817 4488 1909 4524 πε-

327 4572 524 4642 ριττὸν
544 4569 721 4632 τοῦτο,
754 4568 848 4620 καὶ
894 4565 1436 4631 κατεγλωττισμένον
1477 4567 1575 4635 τῆς
1632 4562 1909 4630 θεολογίας

323 4664 434 4718 καὶ
476 4661 720 4729 ἔντεχνον
749 4658 869 4711 οὐδὲ
898 4657 1132 4727 πάροδον
1159 4652 1303 4725 εἶχεν
1354 4658 1435 4718 είς
1481 4658 1581 4717 τὰς
1628 4654 1778 4716 θείας
1808 4653 1909 4707 αὐ-

318 4757 456 4819 λὰς.
480 4756 539 4809 τὸ
572 4756 631 4806 δὲ’
660 4751 866 4806 ἁπλοῦν
890 4767 946 4803 τε
972 4753 1066 4805 καὶ
1112 4750 1332 4817 εὐγενὲς
1383 4747 1479 4802 τοῦ
1531 4749 1691 4817 λόγου
1752 4748 1911 4802 εὐσε-

322 4851 454 4902 δεῖν
485 4846 789 4915 ἐνομίζετο.
833 4835 1034 4912 Ἀφόῦ
1064 4840 1121 4895 δὲ
1176 4841 1382 4906 Σέξτοι,
1432 4840 1530 4894 καὶ
1593 4839 1910 4910 Πύῤῥωνες,

320 4941 495 5009 καὶὴ
547 4938 824 4999 ἀντίθετος
874 4936 1117 5002 γλῶσσα,
1174 4932 1433 5002 ὦσπερτι
1489 4932 1703 5001 νόσημα
1739 4933 1913 4985 δεινὸν

324 5032 436 5088 καὶ
476 5030 740 5099 κακόηθες
790 5029 889 5090 τὰς
936 5025 1233 5094 ἐκκλησίας
1277 5025 1436 5094 ἡμῶν
1475 5025 1780 5091 είσέφθειρε
1816 5024 1913 5076 καὶ

325 5127 371 5193 ἡ
407 5122 641 5192 φλυαρία
671 5119 953 5180 παίδευσις
982 5115 1152 5182 ἔδοξε,
1204 5115 1300 5169 καὶ
1334 5117 1361 5169 ὅ
1401 5132 1535 5185 φησι
1560 5115 1691 5184 περὶ
1747 5114 1913 5185 Ἀθη.

328 5218 509 5270 ναίων
536 5216 570 5282 ἡ
595 5212 772 5283 samo;
801 5210 910 5263 τῶν
947 5210 1226 5281 Πράξεων,
1259 5208 1337 5270 είς
1366 5206 1517 5259 οὐδὲν
1544 5206 1673 5260 ἀλλο
1728 5206 1916 5260 εὐκαι-

334 5306 549 5382 ροῦμεν
577 5307 610 5374 ἢ
646 5306 825 5372 λέγειν
869 5320 922 5356 τι
947 5305 1041 5355 καὶ
1074 5302 1298 5354 ἀκούειν
1328 5300 1663 5368 καινότερον·
1711 5299 1915 5367 ταύτης

330 5401 441 5469 τῆς
466 5399 667 5467 λύσσης
695 5396 900 5467 ἦρξατο
929 5394 1030 5464 μὲν
1066 5395 1285 5461 ’Δριιος
1316 5393 1345 5443 ό
1389 5392 1489 5460 τῆς
1522 5391 1717 5460 μανίας
1767 5388 1914 5442 ὲπώ⁸

332 5510 537 5563 νυμος,
565 5492 624 5556 ὃς
653 5495 749 5545 καλ⁸
776 5491 934 5560 δίκην
974 5489 1177 5542 ἔδωκεν
1206 5486 1509 5539 ἀκολάστου
1539 5484 1791 5553 γλώσσης
1818 5482 1915 5550 τὴν

336 5594 404 5644 ιν
436 5586 683 5657 βεϐήλοις
720 5585 901 5648 τόποις
932 5583 1249 5647 κατάλυσιν,
1282 5579 1448 5651 εύχῆς
1488 5580 1647 5649 ἔργον
1668 5578 1729 5630 οὐ
1764 5580 1916 5631 νόσου

424 5747 443 5776 "
479 5744 677 5799 Psalm.
709 5758 876 5808 Lxxn.
904 5742 960 5797 9.
1037 5741 1058 5771 ⁸
1089 5740 1208 5794 Act.
1242 5754 1369 5806 xvn,
1393 5736 1465 5788 9.2
1494 5750 1609 5807 seq.

2015 4481 2147 4535 licet
2179 4481 2283 4534 ista
2316 4491 2748 4547 supervacanea.
2783 4474 3191 4542 verborumque
3222 4474 3363 4528 fucis
3386 4482 3442 4529 et
3467 4482 3587 4527 arte

2012 4573 2283 4627 instructa
2338 4568 2604 4624 tradenda
2675 4567 2966 4637 theologia
3019 4566 3163 4621 ratio
3230 4565 3297 4619 ad
3369 4565 3585 4620 divinas

2012 4665 2202 4720 caulas
2278 4678 2562 4719 accessum
2627 4661 2951 4733 neutiquam
2986 4658 3301 4729 reperiebat
3336 4674 3351 4712 :
3392 4666 3585 4712 contra

2014 4759 2247 4829 simplex
2282 4768 2338 4811 et
2370 4758 2607 4827 ingenua
2650 4753 2830 4808 oratio
2874 4754 3049 4820 pietas
3115 4749 3443 4803 ducebatur.
3476 4746 3584 4802 Sed

2014 4860 2307 4919 postquam
2352 4847 2504 4902 Sexti
2554 4855 2612 4900 et
2663 4843 3017 4915 Pyrrhones.
3053 4851 3111 4895 et
3161 4837 3585 4894 contradicendi

2015 4942 2261 4999 Studiosa
2312 4940 2521 5009 lingua,
2556 4937 2697 4991 haud
2730 4949 2891 4990 secus
2924 4949 3084 5002 quam
3135 4934 3317 5002 gravis
3354 4930 3582 4999 quidam

2016 5034 2261 5094 morbus,
2280 5040 2335 5084 et
2365 5044 2529 5099 prava
2563 5025 2907 5081 consuetudo
2940 5024 3199 5079 ecclesias
3221 5032 3435 5077 nostras
3461 5036 3587 5076 cor-

2017 5128 2206 5196 rupit,
2256 5133 2314 5179 et
2343 5120 2655 5192 tnugacitas
2701 5119 2818 5172 visa
2869 5125 2957 5170 est
3004 5115 3284 5180 eruditio;
3327 5122 3383 5168 et
3431 5112 3580 5181 quod

2016 5220 2277 5273 Actorum
2307 5213 2449 5268 liber
2487 5212 2554 5266 de
2587 5207 3019 5265 Atheniensibus
3048 5205 3219 5261 refert
3248 5205 3291 5270 ⁸,
3329 5204 3397 5259 ad
3444 5203 3582 5257 nihil

2018 5309 2166 5364 aliud
2205 5321 2494 5367 vacamus,
2534 5317 2699 5373 quam
2734 5299 2802 5354 ad
2835 5298 3133 5355 dicendum
3179 5295 3585 5351 audiendumve

2019 5398 2226 5468 aliquid
2272 5397 2435 5460 novi;
2491 5395 2641 5448 hunc
2692 5391 2936 5446 furorem
2978 5388 3141 5443 Arius
3171 5387 3284 5446 ille.
3314 5402 3343 5437 a
3398 5384 3587 5438 furore

2022 5490 2074 5557 (a
2120 5488 2311 5546 Marte)
2349 5499 2549 5539 nomen
2590 5481 2863 5546 sortitus,
2913 5477 3227 5542 inchoavit;
3276 5474 3369 5544 qui
3421 5474 3587 5529 etiam

2020 5579 2323 5649 petulantis
2354 5577 2553 5646 lingua:
2576 5574 2907 5643 supplicium
2939 5570 3185 5641 pertulit,
3216 5569 3269 5621 in
3301 5567 3438 5622 locis
3470 5580 3596 5621 sor-
