3862 6218
404 300 508 364 783

1473 294 1905 356 ἱΡΗΙΙΑΟΤΙΙΕΙ
1944 302 1954 352 t

2093 299 2532 359 PATR‘IARCH
2542 298 2602 358 ΛΞ
3497 295 3582 356 iiii

400 417 547 470 (lidis
592 416 772 472 anima
825 417 1134 485 exspirata,
1164 411 1310 482 quod
1360 414 1433 468 illi
1469 414 1684 484 piorum
1720 414 1863 469 votis
1911 421 1954 468 el

2075 415 2389 483 γενόμενος,
2422 422 2514 470 καὶ
2543 417 2642 486 τὴν
2675 415 2844 469 Ἰούδα
2915 415 3070 486 ῥῆξιν
3129 413 3354 477 ὑποστάς
3399 414 3475 466 ἐπ’
3511 419 3586 486 ἔσῃ

399 510 674 577 precibus,
717 523 828 562 non
879 507 1053 561 morbi
1093 507 1323 576 alicujus
1376 505 1638 560 violentia
1695 506 1958 574 contigit;

397 607 565 664 atque
600 597 770 650 instar
818 595 991 654 Iudae.
1025 605 1254 664 propter
1302 596 1534 650 similem
1575 595 1736 651 Verbi
1776 597 1962 666 prodi—

396 688 602 741 tionem
639 689 922 756 disruptus
945 696 1046 741 est.
1075 687 1181 741 Alii
1213 688 1265 740 in
1297 688 1550 741 morbum
1579 689 1958 753 succedentes,

395 786 569 832 artem
613 778 908 847 impietatis
952 778 1206 834 fabricati
1273 789 1421 844 sunt,
1473 779 1564 849 qui
1618 779 1959 834 divinitatem

395 871 642 938 ingenito
730 868 1093 934 deﬁnientes,
1147 871 1393 941 genitum
1465 883 1521 924 et
1573 870 1958 940 procedentem

392 962 554 1016 simul
587 961 816 1016 Deitatis
860 961 1065 1015 ﬁnibus
1125 963 1499 1028 excluserunt,
1537 962 1776 1017 nominis
1821 963 1962 1016 dun-

392 1063 540 1110 taxat
589 1054 977 1108 communione
1027 1053 1354 1109 Trinitatem
1399 1063 1764 1120 venerantes;
1824 1055 1958 1123 quin

388 1165 456 1204 ne
488 1149 630 1204 istud
661 1147 881 1216 quidem
913 1147 961 1200 ei
994 1145 1391 1214 relinquentes.

456 1242 526 1294 At
557 1255 680 1302 nos,
722 1240 957 1292 scientes
982 1237 1034 1289 in
1070 1252 1239 1290 unum
1275 1238 1373 1290 tria
1404 1236 1730 1291 contrahere
1765 1238 1962 1306 impie-

386 1331 515 1384 tatis
560 1343 703 1392 esse,
745 1339 799 1382 et
845 1328 1109 1382 novitatis
1143 1328 1472 1384 introducta:
1507 1343 1534 1380 a
1576 1328 1834 1392 Sabellio,
1863 1329 1959 1397 qui

385 1421 599 1489 primus
645 1418 1078 1472 contractionem
1124 1416 1434 1480 divinitatis
1475 1426 1820 1470 commentus
1854 1426 1958 1479 cst,

388 1521 445 1566 et
479 1511 581 1564 tria
630 1509 878 1564 dividere
909 1509 1143 1575 naturis,
1190 1508 1495 1562 divinitatis
1525 1509 1869 1579 peregrinam
1903 1517 1961 1563 et

385 1602 706 1656 inusitatam
739 1602 1037 1655 sectionem
1083 1615 1229 1664 esse,
1259 1608 1314 1653 ct
1362 1614 1532 1654 unum
1562 1600 1787 1668 pulchre
1826 1615 1960 1654 con-

2067 507 2325 575 προδοσίᾳ
2355 507 2448 559 τοῦ
2482 505 2662 574 λόγου*
2694 507 3070 577 διαδεξάμενοι
3123 505 3178 559 δὲ
3232 504 3369 559 ἄλλοι
3405 506 3491 569 τὴν
3519 511 3590 558 v6-

2067 615 2178 660 σον,
2210 599 2405 668 τέχνην
2430 599 2682 662 ἀσεϐείας
2705 599 2792 666 ὲδη
2803 599 3162 668 μιούργησαν,
3185 598 3234 652 οἱ
3264 598 3334 664 τῷ
3347 598 3592 668 ἀγεννήτῳ

2064 691 2416 762 τὶινθεότητα
2467 691 2926 762 περιγράψαντες,
2983 692 3044 744 τὸ
3105 693 3376 762 γεννητὸν,
3427 694 3483 744 οὐ
3517 692 3594 761 μὸ-

2064 800 2152 835 νον
2174 784 2250 845 δὲ,
2291 785 2424 836 ἀλλὰ
2456 786 2548 838 καὶ
2574 785 2634 838 τὸ
2661 783 3013 851 ὲκπορευτδν,
3067 783 3324 854 ἐξώρισαν
3372 784 3460 853 τῆς
3487 784 3592 836 Θεό-

2064 892 2245 944 τητος,
2296 876 2560 945 ὀνόματος
2586 879 2842 946 κοινωνίᾳ
2887 878 3047 946 μόνον
3099 877 3200 946 τὴν
3230 875 3424 946 Τριάδα
3459 878 3592 945 τιμή-

2067 985 2277 1031 σαντες·
2311 969 2378 1038 ἣν
2414 969 2548 1039 μηδὲ
2570 968 2726 1022 τοῦτο
2751 970 2887 1039 αὐτῇ
2921 969 3281 1040 τηρήσαντες.

2151 1226 2294 1280 Ἀλλ’
2318 1227 2501 1295 ἡμεῖς,
2537 1224 2737 1286 ειδότες
2776 1223 2836 1276 τὸ
2888 1223 2987 1293 μὲν
3023 1224 3102 1286 είς
3147 1220 3372 1292 ἀριθμὸν
3417 1220 3500 1273 ἕνα
3541 1218 3596 1271 τὰ

2062 1317 2191 1387 τρία
2227 1317 2541 1371 συστέλλειν
2565 1315 2854 1383 ἀθεότητος
2910 1315 2992 1380 δν,
3042 1313 3136 1366 καὶ
3186 1313 3286 1382 τῆς
3341 1310 3594 1364 Σαϐελλίου

2064 1409 2438 1479 καινοτομίας,
2479 1408 2538 1470 ὃς
2568 1408 2786 1477 πρῶτος
2821 1407 3088 1475 συστολὴν
3116 1405 3370 1474 θεότητος
3402 1401 3596 1470 ὲπενόη·

2065 1518 2144 1555 σε’
2174 1501 2234 1554 τὸ
2259 1502 2314 1556 δὲ
2344 1502 2414 1554 τά
2449 1502 2578 1572 τρία
2610 1502 2840 1569 διαιρεῖν
2874 1499 3070 1569 φύσεσι
3104 1499 3412 1568 κατατομὴν
3439 1496 3597 1563 θεότη-

2062 1613 2153 1657 τος
2177 1593 2430 1663 ἔκφυλον·
2456 1595 2552 1646 καὶ
2580 1593 2639 1646 τὸ
2674 1592 2731 1645 ἓν
2781 1592 2964 1653 καλῶς
3005 1593 3383 1663 ἐτηρήσαμεν,
3413 1589 3594 1656 θεότητι

382 1707 665 1748 servamus
711 1691 922 1757 (deitati
953 1690 1258 1760 videlicet),
1287 1700 1344 1745 et
1391 1691 1494 1744 tria
1532 1691 1699 1761 (quod
1731 1692 1798 1745 ad
1833 1709 1954 1762 pro-

2062 1691 2192 1758 γάρ·
2225 1689 2320 1740 καὶ
2339 1687 2409 1740 τά
2434 1686 2558 1758 τρία
2596 1686 2837 1748 εὐσεϐῶς
2856 1685 3227 1755 ὲκηρύξαμεν,
3257 1685 3467 1750 ἰδιότησι
3489 1681 3594 1750 γάρ·

344 1838 347 1841 .
383 1785 643 1854 prietates
671 1782 892 1852 attinet)
925 1783 1015 1852 pie
1037 1783 1343 1847 docemus;
1382 1797 1485 1838 nec
1506 1797 1606 1852 per
1639 1799 1808 1838 unum
1835 1754 1954 1838 dei-

2061 1754 2186 1833 οῦτε
2216 1779 2292 1849 τῷ
2323 1781 2402 1832 ἐνὶ
2432 1754 2787 1848 συγχέαντες,
2818 1754 2951 1830 οὐτε
2979 1780 3092 1840 τοῖς
3121 1777 3270 1847 τρισὶ
3315 1776 3600 1843 διαστήσαν-

384 1886 549 1932 tatem
583 1875 1012 1939 contundimus;
1054 1889 1157 1929 nec
1189 1890 1288 1944 per
1323 1874 1422 1930 tria
1456 1874 1834 1939 distrahimus,
1859 1875 1957 1930 sed

384 1968 527 2019 intra
582 1973 756 2018 metas
807 1963 1028 2032 pietatis
1079 1970 1384 2027 manentes,
1431 1963 1852 2017 immoderatam
1889 1963 1957 2018 .in

383 2069 675 2124 utramque
717 2064 926 2124 partem
980 2052 1396 2108 inclinationem
1441 2054 1959 2123 reprehensionem-

381 2163 489 2217 que
534 2146 864 2200 (levitamus.
915 2143 1285 2209 Quamobrem
1332 2145 1566 2200 mediam
1623 2161 1687 2201 ac
1749 2147 1956 2217 regiam

380 2241 521 2293 viam
554 2236 894 2305 secantes(in
918 2250 1028 2304 quo
1049 2245 1104 2289 et
1127 2236 1347 2290 virtutis
1369 2235 1488 2290 laus
1515 2237 1617 2291 sita
1640 2245 1744 2297 est,
1766 2246 1822 2291 ut
1843 2252 1958 2292 mo-

381 2331 574 2385 ralium
603 2343 785 2382 rerum
814 2326 1007 2397 peritis
1034 2328 1256 2398 placet),
1275 2327 1551 2383 credimus
1608 2329 1662 2382 in
1715 2328 1956 2394 Patrem,

380 2436 436 2478 et
467 2424 689 2487 Filium,
717 2430 774 2476 et
797 2420 1066 2492 Spiritum
1102 2429 1378 2485 sanctum,
1415 2421 1959 2476 consubstantialita-

382 2528 511 2580 tem,
544 2530 712 2570 unam
749 2512 1112 2583 eamdemque
1141 2513 1398 2584 gloriam,
1431 2507 1636 2583 quibus
1677 2523 1734 2568 et
1773 2513 1952 2582 hapti.

379 2610 481 2664 smi
513 2607 774 2678 perfectio
800 2605 1021 2672 nititur,
1047 2612 1103 2660 et
1132 2604 1455 2660 nominibus
1481 2614 1537 2660 et
1573 2604 1739 2659 rebus
1789 2605 1953 2673 ipsis;

382 2700 524 2755 nosti
553 2700 724 2767 enim,
751 2697 989 2757 initiate.
1028 2697 1184 2750 illum
1220 2710 1343 2751 esse
1371 2697 1716 2766 negationem
1742 2696 1954 2762 ἀθεῒας,

378 2802 434 2848 et
465 2783 870 2847 confeSsionem
896 2787 1160 2844 Deitatis:
1184 2797 1350 2858 atque
1377 2790 1451 2844 ita
1482 2804 1952 2852 consummamur,

382 2897 550 2936 unum
591 2881 814 2951 quidem
852 2880 908 2933 in
941 2879 1181 2933 essentia
1223 2889 1643 2949 cognoscentes,
1677 2891 1732 2934 et
1759 2880 1956 2934 adora-

383 2977 529 3030 tiene
587 2973 866 3028 communi
945 2982 1108 3042 atque
1153 2972 1387 3027 indivisa
1439 2972 1816 3038 aﬂirmantes;
1850 2973 1954 3027 tria

2059 1887 2177 1935 τες,
2203 1869 2318 1922 ἀλλ’
2352 1869 2409 1921 ὲν
2449 1869 2595 1937 ὅροις
2636 1869 2919 1937 μείναντες
2955 1873 3052 1934 τῆς
3092 1867 3395 1930 εὐσεϐείας,
3423 1866 3492 1932 τῷ
3518 1881 3599 1930 φυ-

2061 1964 2181 2032 γεῖν
2211 1961 2307 2030 τὴν
2334 1961 2574 2031 ἄμετρον
2599 1961 2693 2012 ἐπὶ
2725 1959 2928 2029 θάτερα
2954 1959 3148 2028 κλῆσιν
3196 1977 3256 2011 τε
3303 1960 3393 2012 καὶ
3419 1954 3600 2010 ἀντίθεο

2063 2071 2168 2109 σιν.
2222 2053 2320 2105 Διὰ
2352 2052 2452 2121 τὴν
2486 2050 2658 2120 μέσην
2689 2051 3022 2120 βαδίζοντες,
3051 2053 3205 2121 φησι,
3233 2051 3328 2104 καὶ
3353 2047 3600 2118 βασιλικὴν

2057 2146 2140 2216 (ἐν
2159 2139 2203 2212 ᾧ
2224 2145 2318 2197 καὶ
2343 2141 2404 2193 τὸ
2459 2141 2567 2194 τῶν
2590 2141 2801 2211 ἀρετῶν
2822 2143 3077 2214 ἔστηκεν,
3102 2143 3180 2205 ὡς
3199 2143 3345 2196 δοκεῖ
3368 2141 3472 2202 τοῖς
3496 2139 3600 2207 περὶ

2057 2233 2230 2289 ταῦτα
2267 2229 2506 2293 δεινοῖς),
2529 2230 2853 2300 πιστεύομεν
2878 2235 2956 2295 είς
2979 2233 3223 2301 Πατέρα,
3254 2234 3346 2284 καὶ
3374 2229 3487 2281 Υἱδν
3527 2227 3603 2282 καὶ

2059 2332 2285 2402 Πνεῦμα
2316 2332 2492 2400 ἅγιον,
2522 2329 2783 2401 ὁμοούσιά
2810 2344 2870 2380 τε
2897 2327 2991 2378 καὶ
3016 2325 3282 2394 δμόδοξα,
3337 2325 3390 2376 ὲν
3417 2316 3491 2382 οἷς
3525 2319 3601 2372 καὶ

2058 2425 2156 2496 τὴν
2187 2425 2466 2479 τελείωσιν
2509 2423 2646 2494 ἔχει,
2707 2422 2764 2476 ἐν
2803 2437 2864 2473 τε
2893 2420 3122 2490 ὀνόμασι
3191 2421 3287 2471 καὶ
3317 2418 3601 2486 πράγμασιν

2059 2518 2120 2571 τὸ
2145 2517 2431 2588 βάπτισμα
2460 2512 2628 2584 (σίδας
2645 2518 2672 2568 ὁ
2695 2512 2945 2582 μυηθεὶς)
2971 2513 3207 2581 ἄρνησις
3228 2509 3288 2562 ὃν
3313 2509 3508 2572 ἀθεῖας,
3528 2507 3604 2559 καὶ

2072 2609 2333 2679 ὁμολογία
2365 2607 2637 2677 θεότητος
2663 2605 2757 2658 καὶ
2774 2604 2918 2657 οὕτω
2940 2601 3408 2673 καταρτιζόμεθα,
3447 2605 3501 2653 τὸ
3523 2597 3603 2668 μὲν

2059 2701 2119 2756 ἓν
2147 2705 2212 2772 τῇ
2231 2700 2389 2771 οὐσίᾳ
2414 2697 2797 2767 γινώσκοντες,
2822 2695 3001 2765 καὶτῷ
3027 2699 3315 2765 ἀμερίστῳ
3345 2695 3439 2764 τῆς
3461 2708 3602 2762 προσ·

2059 2793 2441 2865 κυνήσεως,τὰ
2461 2791 2517 2845 δὲ
2539 2790 2664 2861 τρία
2679 2791 2794 2852 ταῖς
2823 2788 3207 2855 ὐποστάσεσιν,
3237 2788 3333 2840 εἶτ’
3349 2787 3435 2840 οὐν
3460 2801 3603 2850 προσο

2057 2886 2248 2950 ώποις,
2277 2886 2304 2939 ὃ
2334 2902 2441 2939 τισι
2481 2884 2652 2951 φίλον.
2690 2882 2840 2950 Μηδὲ
2870 2881 2978 2952 γὰρ
3018 2881 3068 2933 oi
3099 2883 3232 2948 περὶ
3260 2880 3426 2933 ταῦτα
3474 2879 3603 2943 ζυγο-

2061 2980 2359 3050 μαχοῦντες
2407 2975 2910 3048 ἀσχημονείτωσαν,
2952 2977 3146 3043 ὥσπερ
3181 2976 3237 3027 ἐν
3267 2974 3481 3042 ὀνόμασι
3520 2987 3602 3022 κει·

379 3076 562 3120 autem
591 3065 643 3118 in
678 3064 1087 3134 hypostasibus,
1116 3064 1231 3119 sive
1264 3063 1436 3134 (quod
1463 3062 1685 3132 quidam
1718 3061 1952 3133 malunt)

2065 3069 2389 3141 μένηξήμῖν
2421 3070 2516 3138 τῆς
2544 3069 2846 3130 εὐσεϐείας,
2878 3068 2974 3120 οὐκ
3002 3069 3060 3126 ὲν
3091 3068 3434 3149 πράγμασι-ι.
3473 3063 3602 3116 Ἀλλά

381 3160 434 3211 in
480 3157 770 3226 personis;
824 3171 894 3210 ne
935 3155 1103 3224 inepti
1152 3154 1281 3211 sint.
1317 3155 1411 3224 qui
1463 3154 1531 3209 de
1585 3154 1672 3210 his
1710 3155 1946 3225 litigant,

373 3249 540 3320 quasi
588 3249 642 3302 in
677 3247 864 3303 verbis
913 3248 1098 3318 potius
1148 3263 1309 3317 quam
1357 3248 1420 3302 vin
1480 3249 1646 3303 rebus
1695 3249 1950 3317 pietatem

382 3353 628 3397 nostram
678 3342 1100 3396 constituamus.
1136 3341 1241 3396 Sed
1289 3341 1485 3407 times,
1519 3356 1587 3396 ne
1637 3341 1868 3411 τριθεῖα,
1897 3341 1950 3396 id

380 3445 464 3490 est
504 3435 705 3505 triplex
759 3433 1054 3498 divinitas,
1090 3435 1186 3488 tibi
1237 3435 1629 3504 exprobretur.
1683 3433 1762 3487 Tu
1805 3434 1952 3502 quod

380 3529 551 3584 habes
607 3529 810 3583 bonum
861 3527 960 3582 tibi
998 3529 1194 3592 retine,
1226 3527 1278 3580 in
1329 3526 1504 3580 tribus
1551 3526 1765 3580 scilicet
1799 3526 1956 3580 unio-

379 3635 537 3675 nem:
571 3618 707 3672 mihi
743 3632 980 3687 pugnam
1015 3617 1156 3670 sine.
1209 3615 1423 3671 Patiare
1469 3631 1554 3670 me
1599 3615 1779 3669 navim
1807 3630 1955 3670 com-

382 3715 630 3783 pingere,
663 3721 717 3765 tu
741 3710 862 3764 navi
891 3719 1065 3764 utere.
1102 3709 1326 3764 Etiamsi
1359 3709 1498 3762 alius
1533 3707 1626 3771 sit,
1662 3707 1757 3776 qui
1787 3723 1955 3761 naves

381 3806 706 3868 fabricetur,
743 3812 922 3857 tamen
973 3812 1028 3854 tu
1071 3815 1157 3854 me
1198 3808 1348 3852 tuam
1386 3802 1502 3853 sihe
1553 3798 1830 3855 fabricari.
1872 3799 1955 3853 Tu

381 3899 524 3952 hanc
555 3911 784 3951 securus
817 3894 1001 3946 habita
1035 3910 1050 3957 ;
1082 3901 1134 3945 et
1176 3892 1305 3944 licet
1345 3893 1465 3959 ejus
1508 3875 1672 3944 causa
1711 3890 1847 3943 nihil
1879 3890 1957 3942 la-

380 3991 620 4054 horaris,
647 3987 1012 4042 nihilominus
1034 3999 1201 4038 cursu
1233 3997 1496 4051 prospero
1525 3981 1824 4049 navigabis.
1848 3984 1958 4036 Aut

380 4081 556 4135 incole
584 4080 807 4134 domum
855 4091 1053 4138 meam,
1089 4075 1183 4144 qui
1216 4075 1332 4128 hac
1357 4073 1635 4127 construxi
1669 4081 1726 4126 et
1751 4073 1955 4140 paravi,

378 4173 630 4239 quamvis
658 4170 723 4224 ad
760 4185 823 4224 ea
859 4166 1102 4222 studium
1133 4180 1470 4236 operamque
1500 4164 1706 4218 nullam
1740 4164 1953 4232 impen—

380 4263 550 4316 deris.
598 4263 659 4317 In
707 4262 910 4316 nubem
963 4259 1357 4327 ingrediamur.
1415 4257 1488 4312 Da
1533 4258 1669 4312 mihi
1737 4257 1954 4312 tabulas

381 4353 564 4408 cordis
609 4355 706 4407 tui.
753 4351 885 4408 Sum
927 4352 1025 4406 tibi
1060 4352 1257 4415 Moses,
1290 4351 1394 4405 etsi
1427 4350 1530 4405 hoc
1569 4349 1716 4404 dictu
1747 4357 1832 4404 est
1863 4365 1958 4404 au-

2058 3160 2306 3222 δέδοικας
2337 3161 2409 3230 μὴ
2431 3159 2669 3228 τριθεταν
2705 3159 3023 3227 ὀνειδισθῇς.
3063 3159 3201 3227 Ἔχε
3236 3160 3300 3211 σὺ
3324 3147 3380 3209 τὸ
3409 3155 3598 3222 ἀγαθὸν,

2058 3251 2156 3320 τὴν
2180 3240 2237 3304 ὲν
2273 3253 2381 3312 τοῖς
2403 3253 2578 3318 τρισὶν
2601 3250 2813 3302 ἕνωσινε
2842 3250 2964 3318 ἐμοὶ
2997 3249 3094 3319 τὴν
3122 3249 3314 3319 μάχην
3347 3248 3604 3315 παράπεμ-

2058 3343 2177 3412 ψον.
2210 3344 2410 3395 Ἐασον
2468 3342 2567 3411 ἐμὲ
2614 3341 2892 3410 ναυπηγὸν
2921 3337 3089 3405 εἶναι,
3145 3345 3215 3394 σὺ
3257 3341 3372 3411 χρῶ
3425 3343 3482 3407 τῇ
3511 3336 3597 3402 νηῒ.

2061 3435 2173 3487 Καὶ
2200 3435 2247 3486 εί
2286 3433 2563 3502 ναυπηγός
2589 3436 2738 3486 ἐστιν
2765 3433 2970 3502 ἕτερος,
2999 3433 3098 3501 ἐμὲ
3140 3433 3276 3486 λάϐε
3311 3433 3405 3501 τῆς
3431 3428 3603 3487 οἰκείας

2059 3525 2439 3596 ἀρχιτέκτονα.
2474 3526 2546 3578 Σὺ
2577 3524 2780 3595 ταύτην
2807 3526 2951 3578 οἴκει
2989 3525 3129 3594 μετὰ
3181 3528 3487 3595 άσραλείαςσ
3528 3522 3602 3575 καὶ

2061 3618 2109 3670 εί
2136 3617 2298 3687 μηδὲν
2322 3601 2654 3686 ἐμόχθησας,
2687 3617 2785 3687 οὐχ
2805 3612 2967 3688 ἦττον
2996 3618 3348 3687 εὐπλοήσεις.
3380 3617 3447 3670 Ἠ
3487 3617 3601 3667 οίκῖι

2061 3708 2160 3776 τὴν
2183 3707 2361 3759 οἰκίαν
2396 3706 2532 3776 ἐμοῦ
2562 3707 2653 3759 τοῦ
2676 3707 2846 3761 ταῦτα
2869 3711 3404 3772 κατασκευάσαντος,
3451 3708 3530 3760 καὶ
3567 3703 3602 3755 εί

2063 3798 2230 3869 μηδὲν
2259 3800 2387 3868 περὶ
2417 3780 2587 3851 ταῦτα
2620 3799 3084 3868 πεφιλοπὸνηκας.
3157 3803 3306 3854 Είσω
3336 3804 3430 3869 τῆς
3475 3796 3603 3864 νεφέ-

2059 3893 2158 3962 λης
2184 3893 2540 3962 χωρήσωμεν.
2573 3893 2672 3954 Δός
2693 3909 2783 3960 μοι
2808 3893 2908 3953 τὰς
2932 3893 3150 3954 πλάκας
3205 3897 3304 3962 τῆς
3351 3893 3443 3960 σῆς
3490 3903 3601 3955 καρο

2059 3986 2197 4048 δίας.
2227 3986 2453 4055 Γινομαί
2485 4003 2566 4037 σοι
2596 3987 2858 4054 Μωῦσῆς,
2919 3987 2967 4037 εί
3003 3989 3096 4040 καὶ
3144 3985 3415 4056 τολμηρὸν
3441 3981 3600 4040 εἰπεῖν,

2061 4076 2326 4146 ἐγγράφω
2358 4077 2606 4146 δακτύλῳ
2642 4076 2778 4129 Θεοῦ
2825 4081 2944 4130 νέον
2998 4077 3323 4145 δεκάλογονο
3380 4074 3602 4141 ἐγγράφω

2065 4168 2331 4238 σύντομον
2370 4169 2669 4238 σωτηρίαν.
2721 4169 2862 4221 Είδέ
2913 4187 2962 4221 τι
2995 4168 3189 4238 θηρίον
3238 4166 3502 4237 αἱρετικὸν
3530 4159 3604 4213 καὶ

2061 4261 2368 4327 ἀλόγιστον,
2404 4259 2556 4312 κάτω
2583 4259 2842 4329 μεινάτω·
2877 4259 2911 4330 ἢ
2955 4258 3298 4313 κινδυνεύσει
3331 4248 3603 4310 λιθοϐολούο

2067 4369 2227 4424 μενον
2252 4351 2330 4422 τῷ
2357 4352 2499 4421 λόγῳ
2521 4354 2618 4420 τῆς
2647 4351 2927 4422 ἀληθείας.

382 4445 589 4500 «lacius.
664 4443 915 4498 luscribo
966 4441 1138 4511 digito
1189 4441 1284 4494 Dei
1350 4456 1551 4495 novum
1616 4441 1984 4511 decalogum:
2029 4443 2276 4498 inscribo
2323 4442 2653 4514 compendio
2729 4442 2940 4499 salutis.
2995 4443 3155 4508 Quod
3208 4445 3252 4499 si
3297 4458 3417 4514 qua:
3460 4436 3602 4496 bestia

381 4537 633 4592 hmretica
662 4545 716 4590 et
748 4535 975 4589 rationis
997 4548 1195 4602 expers
1228 4541 1332 4597 est,
1365 4534 1508 4586 intra
1570 4543 1827 4588 maneat:
1861 4544 1956 4589 aut
1996 4535 2304 4605 periculum
2331 4536 2466 4600 erit,
2500 4550 2569 4589 ne
2602 4549 2857 4592 sermone.
2890 4538 3140 4593 veritatis
3163 4538 3458 4608 lapidetur.

455 4629 575 4684 Non
609 4638 815 4683 temere
848 4626 1037 4693 igitur,
1070 4639 1252 4693 neque
1289 4639 1318 4678 ει
1351 4639 1518 4694 scopo
1548 4624 1813 4680 aberrans
1845 4640 1947 4696 ego

2129 4627 2207 4680 Οὐ
2240 4627 2419 4697 μάτην
2449 4626 2706 4697 ἄρα,οὐδ’
2732 4626 2838 4690 ἔξω
2873 4627 2965 4680 τοῦ
3001 4629 3208 4682 σκοποῦ
3268 4630 3472 4700 βάλλων
3514 4625 3602 4692 ἐγὼ

380 4725 473 4779 illa
500 4722 568 4777 de
592 4720 731 4785 istis,
753 4719 847 4788 qui
881 4725 1010 4772 sunt
1038 4717 1274 4786 aequales
1302 4714 1586 4782 apostolis,
1617 4723 1672 4770 et
1700 4717 1957 4784 apostoli,

382 4827 439 4872 et
477 4814 855 4882 theologorum
892 4808 1259 4875 antesignani,
1305 4817 1464 4862 antea
1511 4807 1738 4875 protuli,
1786 4808 1952 4864 etiam

380 4910 485 4963 hos
518 4921 641 4961 cum
691 4904 856 4958 Petro
889 4910 944 4956 et
975 4899 1165 4962 Paulo,
1201 4905 1257 4951 et
1303 4897 1448 4952 ﬁlius
1501 4897 1756 4965 tonitrui,
1790 4899 1954 4968 primi

377 4997 530 5052 iilius
554 4993 712 5050 chori
740 4991 1018 5062 capitibus
1047 4989 1104 5043 in
1137 4986 1403 5043 mundum
1429 5003 1460 5044 a
1485 4987 1706 5045 Christo
1730 4989 1950 5056 missos,

377 5089 474 5157 qui
503 5083 800 5144 secundam
849 5082 1057 5145 ἀθεῖαν,
1105 5088 1160 5135 et
1196 5089 1572 5136 creaturarum
1603 5081 1810 5136 cultum
1830 5088 1952 5150 post

377 5179 523 5242 illos,
556 5185 609 5232 et
641 5191 766 5231 cum
794 5175 921 5240 illis,
939 5175 1145 5229 virtute
1176 5171 1365 5238 Verbi,
1385 5186 1640 5242 verazque
1665 5189 1730 5228 ac
1762 5173 1952 5242 primm

377 5269 660 5337 sapientiae
706 5267 828 5336 igne
861 5267 1092 5334 spiritus
1141 5266 1363 5334 penitus
1390 5273 1709 5328 exurerent,
1741 5275 1798 5320 et
1843 5265 1950 5320 Ec-

378 5360 600 5414 elesiam
646 5361 798 5428 ejus,
857 5357 1185 5412 defectionis
1248 5356 1559 5411 discrimini
1611 5358 1944 5425 proximam,

377 5461 605 5519 propter
651 5450 925 5510 hiemem,
977 5456 1169 5504 ventos
1201 5449 1544 5504 contrarios.
1582 5456 1637 5501 et
1681 5449 1949 5516 procellas

379 5539 692 5594 dazmonum
735 5534 971 5593 artiﬁcio
1008 5540 1314 5593 concitatas
1357 5537 1741 5599 calefacerent.
1787 5539 1948 5594 ardu-

379 5643 609 5694 remquc
648 5630 940 5695 pristinum
970 5628 1457 5684 redaccenderent.
1496 5630 1600 5683 Per
1632 5645 1770 5698 quos
1798 5630 1948 5684 vidc-

373 5709 505 5768 licct
534 5716 944 5784 consequimur,
973 5726 1033 5769 ut
1063 5725 1249 5771 sancte
1283 5719 1549 5786 vivamus,
1589 5729 1648 5774 ut
1695 5722 1948 5777 sacerdo-

2055 4721 2238 4773 ἐκεῖνα
2269 4736 2334 4770 πε
2345 4719 2400 4788 pl.
2418 4719 2526 4771 τῶν
2542 4719 2934 4786 ίσαποστόλων,
2955 4723 3048 4776 καὶ
3075 4723 3392 4777 ἀποστόλων
3407 4721 3604 4784 τούτων,

2062 4812 2155 4866 καὶ
2181 4814 2493 4881 κορυφαίων
2518 4813 2784 4870 θεολόγων
2807 4813 3017 4880 φθάσας
3045 4815 3256 4883 ἔλεγον,
3287 4817 3368 4869 ὅτι
3395 4815 3484 4868 καὶ
3508 4809 3607 4866 τού-

2059 4917 2183 4964 τους
2207 4901 2345 4971 μετὰ
2392 4901 2624 4972 Πέτρου,
2680 4901 2776 4954 καὶ
2808 4901 3045 4969 Παύλου,
3114 4905 3336 4961 καὶτῶν
3363 4903 3486 4957 υἱῶν
3529 4899 3609 4967 τῆς

2060 4988 2321 5062 βροντῆς,
2348 4991 2456 5044 τῶν
2504 4992 2598 5045 τοῦ
2622 4990 2840 5062 πρώτου
2873 4992 3060 5063 χοροῦ,
3101 4997 3270 5066 φημὶ,
3303 4989 3624 5064 κορυφαίων,

2057 5082 2136 5141 είς
2181 5082 2274 5135 τὸν
2307 5083 2509 5153 κόσμον
2537 5085 2774 5156 Χριστὸς
2825 5085 3204 5152 ἐξαπέστειλε,
3238 5087 3336 5160 τὴν
3383 5088 3608 5154 δευτέραν

2054 5173 2264 5235 ἀθεῖαν,
2299 5176 2394 5227 καὶ
2421 5176 2517 5243 τὴν
2544 5175 2800 5245 λατρείαν
2829 5176 2938 5230 τῶν
2973 5179 3311 5246 κτισμάτων,
3361 5175 3609 5247 μετέκεί-

2055 5281 2175 5327 νους
2207 5266 2302 5317 καὶ
2329 5266 2426 5317 σὺν
2449 5266 2676 5330 ἐκείνοις
2701 5268 2923 5338 δυνάμει
2952 5269 3107 5338 λόγου
3131 5273 3229 5324 καὶ
3255 5272 3354 5341 τῆς
3381 5267 3609 5340 ἀληθινῆς

2054 5359 2148 5412 καὶ
2173 5358 2392 5426 πρώτης
2419 5358 2608 5425 σοφίας
2637 5359 2712 5428 τῷ
2735 5362 2868 5430 πυρὶ
2891 5362 2983 5414 τοῦ
3010 5362 3316 5432 πνεύματος
3368 5359 3607 5425 καταφλέ-

2052 5447 2259 5514 ξῖντας,
2279 5451 2372 5501 καὶ
2386 5447 2481 5516 τὴν
2499 5447 2825 5520 Ἐκκλησίαν
2847 5451 3053 5506 ἐκείνου
3071 5454 3472 5506 κινδυνεύουσαν
3492 5451 3610 5504 ἐκλιο

2051 5543 2170 5592 πεῖν
2192 5542 2289 5608 ἤδη
2312 5541 2390 5610 τῷ
2415 5544 2664 5612 χειμῶνι,
2688 5545 2781 5598 καὶ
2811 5547 2918 5608 ταῖς
2939 5545 3603 5616 δαιμονικιῖ;“ἀντιπ.τοίσις

2051 5633 2454 5703 θερμανοῦντας
2493 5636 2586 5688 καὶ
2619 5634 3328 5707 ἁναζωπυρήσοντας,δι’ῶν
3353 5633 3604 5706 δήπουκιὶ

2050 5725 2110 5777 τὸ
2135 5725 2310 5788 καλῶς
2330 5725 2610 5797 ζῇνγήμῖν,
2650 5731 2742 5780 καὶ
2767 5730 3039 5797 ἱερᾶσθαι,
3077 5731 3167 5783 καὶ
3207 5731 3482 5787 διδάσκειν,
3515 5724 3592 5776 καὶ
