3862 6218
275 332 380 393 785

1334 333 1716 394 LAUDATIO
1753 335 2008 398 TRlUM
2049 339 2482 402 DOCTORUM.

3422 333 3528 395 786

274 442 603 515 ἀκροᾶσθαι,
629 444 723 497 καὶ
743 444 840 513 τὴν
868 444 1228 516 εὐαγγελικὴν
1247 447 1339 500 καὶ
1356 448 1715 519 ἀποστολικὴν
1741 450 1860 501 ἐπι-

1972 452 2041 506 tio
2076 452 2216 507 bene
2263 452 2552 522 fungamur
2601 463 2653 506 et
2686 452 3003 514 doceamus,
3041 459 3096 507 et
3130 449 3448 516 audiamus,
3479 459 3535 504 et

275 535 570 606 γινώσκειν
594 535 795 602 πίστιν,
830 538 923 590 καὶ
939 537 1214 591 πολιτείαν
1247 539 1555 602 ἀπταίστως
1579 541 1672 594 καὶ
1699 540 1864 595 καθα-

279 630 389 701 ρῶς
418 632 486 699 τῇ
509 629 723 682 ἐκείνου
741 631 876 698 σοφῇ
902 629 1132 700 προνοίᾳ
1153 631 1421 696 περίεστι.
1439 632 1734 686 Ἠκούσατε
1755 635 1862 703 γὰρ

272 721 385 775 τῶν
405 721 563 774 θείων
583 720 806 774 ἐκείνων
828 722 1043 790 φωνῶν,
1058 720 1121 784 ἃς
1139 721 1207 774 δι’
1225 721 1403 776 αὐτῶν
1418 724 1547 792 ἡμῖν
1561 725 1622 778 τὺ
1641 725 1862 796 Πνεῦμα

275 813 337 865 τὸ
369 814 525 880 ἆγιον
549 812 868 884 θεοπρεπῶς
899 813 1307 880 ἀπεφθέγξατο.
1357 817 1719 884 Ἔϐρόντησε
1763 819 1862 871 καὶ

277 903 389 973 γὰρ
417 904 605 969 ὄντως
629 903 698 967 ἐξ
739 902 999 972 οὐρανοῦ
1039 907 1072 956 ό
1100 905 1333 973 Κύριος,
1355 906 1454 959 καὶ
1493 909 1526 958 ὀ
1559 907 1862 975 ’Ύψιστος

275 982 465 1047 ἔδωκε
482 994 695 1062 φωνὴν
714 993 924 1060 αὑτοῦ,
957 997 1051 1047 καὶ
1069 995 1155 1048 διὰ
1205 997 1432 1049 τουτωνὶ
1454 998 1563 1049 τῶν
1586 1000 1858 1066 μεγάλων*

275 1086 376 1139 καὶ
413 1085 648 1154 ἓςεαναν
667 1087 726 1138 al
779 1085 1083 1152 ἀστραπαὶ
1135 1087 1324 1140 αὑτοῦ
1387 1086 1461 1155 τῇ
1509 1089 1860 1157 οἰκουμένῃ,

275 1177 379 1230 καὶ
416 1175 744 1242 ἐσαλεύθη,
793 1177 891 1230 καὶ
920 1175 1214 1246 ἔντρομος
1247 1179 1506 1248 ἐγενήθη
1548 1180 1586 1246 η
1619 1177 1714 1250 γῆ,
1761 1181 1860 1237 καί

276 1264 349 1316 τὰ
373 1262 614 1332 θεμέλια
657 1264 776 1315 τῶν
804 1262 990 1331 ὀρέων
1027 1265 1458 1332 ἐσαλεύθησαν
1483 1266 1601 1321 ἀπὸ
1629 1267 1862 1336 προσώ-

275 1369 400 1408 που
442 1356 691 1422 Κυρίου,
751 1354 870 1408 ἀπὸ
925 1356 1250 1425 προσώπου
1299 1357 1406 1411 τοῦ
1451 1357 1598 1412 Θεοῦ
1632 1359 1858 1413 Ἰακώϐ·

275 1450 474 1502 Ἀτινα
510 1447 576 1516 δὴ
600 1448 795 1512 ταῦτα,
820 1449 914 1501 καὶ
942 1449 1126 1502 ὅντινα
1156 1450 1246 1502 τὸν
1287 1451 1449 1505 σάλον
1509 1453 1690 1505 αὐτῶν
1728 1453 1862 1506 ὑπο-

273 1537 512 1608 ληπτέον
539 1555 555 1604 ;
605 1533 775 1607 Οἶμαι
825 1538 877 1592 δὲ
907 1540 1030 1601 τοὺς
1063 1539 1170 1592 ἀπὸ
1202 1541 1303 1610 γῆς
1335 1541 1430 1592 καὶ
1492 1540 1699 1603 κοιλίας
1751 1559 1863 1610 (pto-

274 1631 726 1696 νοῦντας,καὶτὰ
750 1631 842 1684 τοῦ
895 1631 1208 1700 πνεύματος
1279 1631 1460 1685 λαλεῖν
1517 1633 1863 1705 ἐπιχειροῦν-

272 1744 376 1791 τας
461 1726 633 1795 χωρὶς
719 1725 1046 1794 πνεύματος.
1126 1725 1245 1791 Οὓς
1320 1728 1432 1780 οὐκ
1503 1727 1860 1792 ἀπέστειλα,

273 1819 446 1889 φησιν
471 1819 498 1870 ὁ
531 1816 688 1880 Θεὸς,
716 1815 814 1870 και
843 1816 1014 1870 αὐτοὶ
1056 1819 1492 1886 προεφήτευον.
1531 1821 1654 1873 Ἔτι
1682 1822 1738 1874 δὲ
1769 1825 1864 1876 καὶ

271 1913 372 1964 τὸν
407 1911 606 1974 αὐτοὺς
644 1910 1030 1974 ὑποκινοῦντα,
1066 1912 1164 1964 καὶ
1193 1910 1375 1965 λαλεῖν
1407 1912 1475 1966 τὰ
1509 1915 1732 1968 τοιαῦτα
1782 1917 1866 1969 δι-

271 2006 574 2070 δάσκοντα,
625 2003 718 2057 τὺν
769 2004 1086 2074 προστάτην
1143 1989 1509 2077 καὶάρχηγόν
1565 2025 1709 2078 φημι
1768 2009 1868 2078 τῆς

273 2097 480 2157 κακίας
507 2095 736 2160 ἄνωθεν,
772 2095 831 2148 ὃν
859 2097 1035 2166 δήπου
1080 2098 1174 2150 καὶ
1212 2097 1337 2166 ὅρος
1377 2098 1546 2167 μέγα,
1578 2102 1678 2154 uel.
1710 2105 1869 2154 Asu'i-

272 2187 416 2239 adiv
443 2189 506 2256 τῇ
535 2186 652 2255 θείᾳ
685 2187 874 2257 Γραφῇ
902 2189 1089 2241 καλεῖν
1114 2188 1256 2253 ἔθος,
1286 2189 1364 2259 τῷ
1409 2192 1551 2260 φωτὶ
1577 2192 1669 2245 τοῦ
1701 2177 1869 2263 προσ-

279 2279 432 2329 ώπου
492 2277 699 2348 Κυρίου
763 2279 1128 2348 σαλευόμενον
1196 2297 1280 2346 τε,
1334 2283 1430 2334 καὶ
1483 2283 1866 2354 κλονούμενον,

285 2371 380 2421 καὶ
400 2368 726 2437 ἱλιγγιῶντα.
767 2367 908 2424 Ἀπὸ
936 2371 1262 2439 προσώπου
1295 2375 1400 2428 τοῦ
1415 2376 1604 2444 φόϐου
1623 2380 1866 2445 Κυρίου,

287 2461 449 2526 φησὶν
481 2461 508 2511 ὁ
537 2459 1056 2529 μεγαλοφωνότατος
1135 2460 1388 2527 Ἡσαΐας,
1459 2463 1562 2517 καὶ
1592 2464 1714 2518 ἀπὸ
1759 2467 1869 2533 τῆς

277 2546 469 2612 δόξης
519 2544 627 2612 τῆς
656 2547 869 2616 ισχύος
906 2546 1117 2602 αὐτοῦ.
1157 2549 1266 2601 Καὶ
1294 2549 1381 2602 ῖνα
1415 2551 1579 2604 πάλιν
1611 2552 1748 2622 πρὸς
1780 2553 1870 2608 τὸν

277 2635 592 2705 σοφώτατον
616 2638 900 2691 ἐπανέλθω
965 2639 1149 2705 Δαὸὶδ,
1208 2642 1296 2706 είς
1344 2640 1554 2695 πᾶσαν
1587 2642 1704 2710 τὴν
1753 2645 1871 2714 γῆν

273 2729 542 2796 ἐξῆλθεν
571 2733 603 2784 ό
619 2731 880 2800 φθόγγος
907 2729 1126 2796 αὐτῶν,
1157 2731 1256 2784 καὶ
1287 2734 1376 2798 εις
1405 2733 1474 2787 τὰ
1504 2735 1733 2802 πέρατα
1763 2737 1871 2804 τῆς

271 2822 642 2890 οἰκουμένης
678 2822 750 2875 τὰ
795 2822 1039 2892 ῥήματα
1063 2821 1285 2878 αὐτῶν.
1346 2826 1411 2877 Ὃ
1471 2828 1566 2879 καὶ
1598 2827 1810 2890 Παῦλος
1841 2831 1870 2881 ὁ

276 2914 462 2982 μέγας
496 2915 627 2985 περὶ
659 2915 856 2968 ἐαυτοῦ
920 2916 1014 2968 καὶ
1043 2915 1154 2969 τῶν
1190 2919 1608 2974 συναποστόλων
1659 2921 1870 2975 ἐκεῖθεν

273 3004 560 3074 ἐξείληφε.
588 3007 716 3070 Καὶ,
742 3009 807 3059 Ol
831 3005 1078 3074 οὐρανοί
1101 3005 1450 3075 διηγοῦνται
1475 3009 1666 3075 δόξαν
1698 3012 1868 3075 Θεοῦ,

1964 544 2336 612 evangeliram
2388 556 2552 612 atque
2581 545 2934 612 apostolicam
2966 545 3538 613 ﬁdemagnoscamus.

1969 628 2035 682 Et
2067 645 2178 698 quo
2207 631 2374 684 vitam
2414 632 2535 686 sine
2568 631 2871 686 oﬂensione
2921 645 2982 686 ac
3012 631 3220 701 pariter
3252 632 3539 700 degamus,

1965 717 2034 771 ab
2071 718 2320 787 ipsorum
2353 719 2589 789 sapienti
2621 719 2968 789 providentia
3004 721 3324 789 accipimus.
3367 717 3544 772 Audi-

1965 811 2064 866 stis
2092 811 2240 865 enim
2275 812 2530 867 caelestes
2569 812 2814 881 ipsorum
2844 827 3030 875 voces,
3067 827 3204 881 quas
3233 812 3398 866 nobis
3445 827 3559 880 per-

1964 915 2060 956 eos
2094 901 2334 970 Spiritus
2384 911 2612 958 sanctus
2657 904 2901 957 divinius
2932 912 3016 958 est
3059 904 3280 958 locutus
3327 921 3341 957 :
3393 903 3545 956 Into—

1967 995 2079 1046 nuit
2103 995 2238 1047 enim
2264 1011 2445 1048 revera
2474 996 2537 1048 de
2554 995 2681 1049 cazlo
2707 995 2987 1060 Dominus,
3012 1007 3062 1049 et
3085 996 3384 1050 Altissimus
3404 997 3546 1050 dedit

1965 1102 2140 1139 vocem
2173 1104 2325 1140 suam
2355 1090 2398 1150 ',
2437 1089 2601 1144 etiam
2633 1106 2730 1157 per
2763 1089 2942 1164 hosce
2983 1105 3248 1160 magnos;
3277 1097 3323 1142 et
3355 1088 3548 1142 illuxe-

1965 1185 2089 1229 runt
2122 1179 2509 1232 coruscationes
2539 1167 2653 1249 ejus
2683 1180 2796 1234 orbi
2839 1190 3150 1245 terrarum;
3183 1191 3233 1234 et
3282 1187 3548 1232 commota

1966 1277 2062 1330 est,
2099 1279 2144 1322 et
2185 1271 2501 1323 contremuit
2522 1278 2664 1325 terra
2695 1274 2779 1335 ης
2813 1282 2862 1325 et
2906 1271 3255 1340 fundamenta
3287 1271 3549 1324 montium

1965 1357 2276 1411 conturbatur
2330 1367 2452 1411 sunt
2485 1359 2538 1410 “.
2566 1379 2598 1413 a
2629 1360 2768 1428 facie
2817 1360 3053 1424 Domini,
3101 1369 3151 1413 et
3198 1378 3230 1413 a
3262 1360 3400 1428 facie
3453 1358 3550 1438 Dei

1963 1447 2125 1502 Jacob
2156 1451 2220 1502 ι’.
2252 1449 2383 1516 Quae
2414 1466 2585 1519 porro
2617 1454 2741 1516 ista,
2786 1463 2842 1506 et
2875 1467 3040 1524 quam
3071 1451 3140 1506 ab
3170 1451 3252 1506 eis
3295 1449 3552 1504 Ecclesia:

1959 1541 2312 1610 jactationem
2369 1551 2864 1613 tempestatemque
2939 1542 3550 1614 importari'judicabi-

1967 1647 2090 1685 mus
2118 1632 2140 1684 ?
2168 1631 2277 1687 Hos
2311 1648 2431 1688 esse
2456 1633 2677 1702 opinor,
2714 1635 2810 1704 qui
2849 1651 2878 1689 a
2919 1644 3090 1700 terra,
3127 1650 3157 1689 e
3189 1634 3423 1689 cerebro
3450 1648 3551 1687 suo

1967 1724 2226 1790 clamant,
2255 1735 2308 1778 et
2336 1741 2457 1794 qua:
2491 1727 2718 1795 spiritus
2749 1737 2898 1792 sunt,
2933 1729 3070 1781 citra
3107 1726 3365 1796 spiritum
3398 1725 3552 1792 loqui

1967 1829 2076 1868 non
2110 1815 2492 1872 reformidant.
2525 1817 2666 1882 Quos
2704 1833 2795 1887 ego
2833 1834 2937 1870 non
2968 1817 3113 1879 misi,
3150 1817 3229 1869 ait
3261 1815 3552 1878 Dominus,

1967 1917 2014 1959 et
2042 1907 2145 1976 ipsi
2188 1910 2573 1978 pruplietabant
2598 1909 2664 1963 “.
2696 1909 2968 1964 Prmterea
3005 1909 3359 1976 instigantcm
3403 1906 3550 1970 illos,

1967 2007 2024 2054 et
2072 1999 2361 2054 docentem
2395 2001 2544 2070 loqui
2587 2001 2732 2064 talia,
2772 2001 2970 2056 ducem
3007 2008 3407 2066 auctoremque
3435 2012 3554 2052 sce-

1967 2091 2142 2146 lerum
2177 2092 2247 2146 ab
2277 2093 2462 2147 initio:
2501 2108 2662 2162 quem
2698 2092 2880 2146 divina
2914 2092 3197 2160 Scriptura
3222 2090 3266 2120 “
3306 2097 3548 2142 montem

1968 2199 2249 2254 magnum,
2269 2194 2325 2238 et
2345 2185 2644 2239 Leviathan
2671 2198 2990 2254 nuncupare
3013 2181 3322 2244 consuevit,
3342 2179 3554 2235 lumine

1967 2277 2128 2332 faciei
2160 2277 2376 2331 Domini
2409 2279 2695 2347 agitatum,
2729 2287 2785 2330 et
2813 2283 3156 2345 quassatum,
3193 2282 3250 2329 et
3277 2273 3551 2344 vertigine

1969 2376 2319 2436 correptum:
2358 2370 2396 2420 Α
2437 2367 2575 2435 facie
2609 2369 2914 2437 formidinis
2952 2365 3188 2432 Domini,
3218 2366 3400 2436 inquit
3435 2381 3554 2421 ma-

1969 2459 2523 2528 gniloquentissimus
2581 2461 2765 2524 Isaias,
2819 2469 2868 2513 et
2926 2477 2957 2512 a
3004 2460 3182 2531 gloria
3231 2460 3555 2530 fortitudinis

1970 2551 2084 2620 ejus
2116 2551 2179 2605 ¹⁵.
2213 2552 2412 2620 Atque,
2447 2560 2506 2604 ut
2541 2551 2609 2605 ad
2646 2551 3119 2621 sapientissimum
3166 2549 3424 2604 Davidem
3462 2565 3555 2604 re-

1970 2652 2155 2698 vertar
2184 2660 2197 2697 :
2230 2644 2294 2698 In
2325 2660 2534 2698 omnem
2570 2654 2770 2698 terram
2817 2645 2974 2697 exivit
3006 2659 3166 2696 sonus
3190 2659 3393 2706 eorum,
3423 2650 3470 2693 et
3500 2642 3556 2694 in

1969 2735 2104 2799 ﬁnes
2132 2736 2269 2790 orbis
2314 2745 2470 2790 terra:
2518 2736 2675 2790 verba
2726 2752 2908 2789 eorum
2938 2736 3003 2788 ¹⁶.
3043 2734 3197 2790 Unde
3237 2743 3292 2787 et
3326 2732 3558 2801 insignis

1971 2828 2063 2882 ille
2094 2828 2293 2882 Paulus
2332 2827 2400 2882 de
2450 2842 2507 2882 se
2542 2837 2597 2882 et
2631 2826 2965 2896 coapostolis
2996 2824 3129 2880 illud
3161 2825 3558 2893 interpretatus

1972 2930 2057 2976 est
2106 2922 2174 2976 ".
2217 2922 2313 2975 Et:
2348 2920 2477 2976 Caeli
2511 2931 2769 2975 enarrant
2817 2921 3048 2989 gloriam
3106 2919 3221 2985 Dei,
3260 2918 3460 2988 inquit,
3509 2927 3559 2971 et

1974 3030 2131 3082 opera
2159 3029 2415 3067 manuum
2438 3014 2552 3083 ejus
2584 3015 2873 3067 annuntiat
2901 3012 3327 3080 ﬁrmamentum.
3356 3011 3422 3064 Et
3447 3012 3558 3063 dies

273 3097 443 3167 φησί·
500 3099 746 3164 ποίησιν
782 3097 850 3151 δὲ
877 3098 1093 3169 χειρῶν
1140 3098 1325 3152 αὐτοῦ
1394 3101 1754 3171 ἀναγγέλλει
1806 3105 1868 3156 τὸ

1974 3107 2078 3160 diei
2111 3114 2314 3160 eructat
2333 3107 2569 3169 uerbum,
2588 3115 2638 3159 et
2663 3121 2767 3158 nox
2790 3105 2930 3159 nocti
2953 3104 3157 3158 indicat
3185 3104 3466 3156 scientiam
3491 3103 3557 3154 “.

271 3187 612 3258 στερέωμα.
634 3191 744 3244 Kal
769 3190 961 3260 ἡμέρα
987 3190 1060 3260 τῇ
1096 3190 1290 3260 ἡμέρᾳ
1322 3193 1630 3263 ἐρεύγεται
1679 3195 1867 3266 ῥῆμα,

273 3283 388 3336 καὶ
417 3282 531 3346 νὺξ
558 3282 633 3351 τῇ
660 3283 832 3337 νυκτὶ
859 3284 1223 3353 ἀναγγέλλει
1247 3284 1493 3354 γνῶσιν.
1549 3287 1715 3341 Οὐδὲν
1761 3289 1870 3359 γὰρ

275 3377 344 3428 τὸ
377 3374 586 3428 κωλύον
630 3376 727 3427 καὶ
761 3376 976 3443 ἡμέραν
1030 3374 1130 3446 τὴν
1162 3375 1257 3430 τοῦ
1308 3375 1624 3444 Πνεύματος
1679 3379 1873 3431 ἐπικα-

271 3469 403 3521 λεῖν
430 3468 591 3538 χάριν
623 3467 711 3520 διὰ
732 3466 832 3535 τὴν
860 3466 955 3520 τοῦ
991 3467 1169 3536 φωτὸς
1228 3467 1425 3538 αἴγλην
1458 3470 1554 3522 καὶ
1582 3467 1678 3539 τὴν
1738 3469 1874 3539 λαμ-

271 3562 559 3631 πρότητα,
594 3562 692 3614 καὶ
718 3559 886 3613 νύκτα
915 3558 1015 3628 τὴν
1039 3559 1212 3629 αὐτὴν
1252 3555 1407 3622 αὖθις
1439 3561 1528 3612 διὰ
1557 3560 1616 3613 τὸ
1649 3560 1781 3628 βαθύ
1814 3579 1872 3614 τε

273 3656 387 3709 καὶ
419 3652 817 3723 δυσθεώρητον.
855 3653 1065 3706 Ἔθετο
1093 3652 1222 3722 γὰρ,
1268 3653 1425 3722 φησὶ,
1467 3654 1690 3720 σκότος
1728 3654 1875 3707 ἀπο-

273 3746 532 3816 κρυφὴν
580 3745 790 3810 αὑτοῦ,
816 3747 910 3799 τὸν
942 3747 1086 3800 θεῖον
1136 3745 1304 3800 αὑτοῦ
1327 3747 1506 3815 λόγον,
1551 3749 1647 3800 καὶ
1679 3749 1739 3800 τὸ
1775 3747 1874 3817 βά.-

274 3844 383 3902 θος
411 3839 510 3908 τῆς
549 3839 834 3906 γνώσεως,
859 3839 955 3891 καὶ
982 3839 1079 3906 τῆς
1113 3839 1326 3906 σοφίας,
1369 3839 1497 3901 τοὺς
1535 3837 1630 3891 τοῦ
1695 3840 1875 3907 φωτὸς

274 3934 388 3986 καὶ
415 3932 513 3997 τῆς
544 3931 757 4000 ἡμέρας
789 3931 935 3993 υἱοὺς
965 3929 1188 3994 τούτους
1223 3929 1586 4000 διδασκούσης
1621 3929 1720 3994 οὓς
1778 3933 1876 3984 καὶ

273 4025 463 4077 νύκτα
484 4039 566 4084 τις
595 4022 788 4085 εἰπὼν,
820 4023 920 4075 οὐκ
973 4021 1039 4075 ἂν
1072 4022 1298 4093 ἁμάρτῃ
1337 4021 1433 4075 τοῦ
1483 4025 1874 4092 προσήκοντος,

272 4114 473 4185 οἶμαι,
503 4114 592 4168 διὰ
645 4115 736 4168 τὸν
769 4113 1213 4185 ἐπιπροσθοῦντα
1267 4113 1468 4185 δηλαδὴ
1525 4113 1620 4167 τοῦ
1648 4116 1876 4186 σαρκίου

275 4211 480 4278 ζόφον,
512 4209 608 4260 καὶ
633 4209 732 4278 τὴν
763 4207 955 4277 ἀχλὺν,
993 4208 1071 4275 τῷ
1136 4208 1278 4276 φωτὶ
1301 4208 1400 4277 τῆς
1449 4203 1608 4276 δόξης
1667 4208 1872 4279 Κυρίου

271 4301 713 4367 διακοπτόμενα·
746 4301 888 4354 κατὰ
916 4301 1007 4353 τὸν
1036 4299 1202 4353 αὐτὸν
1234 4296 1391 4361 αὖθις
1422 4301 1596 4354 εἰπεῖν
1663 4303 1880 4371 προφή-

273 4411 412 4463 την,
461 4392 524 4444 ’0
563 4394 708 4456 Θεός
756 4409 896 4462 μου,
933 4390 1170 4459 φωτιεῖς
1208 4391 1274 4445 τὸ
1329 4392 1552 4458 σκότος
1585 4410 1728 4462 μου,
1790 4395 1880 4446 λέ-

1975 3197 2122 3251 Nihil
2153 3197 2300 3252 enim
2353 3197 2614 3267 prohibet
2668 3197 2834 3250 etiam
2891 3196 3036 3251 diem
3084 3210 3285 3250 vocare
3329 3193 3559 3264 spiritus

1971 3289 2235 3358 gratiam,
2289 3299 2516 3359 propter
2555 3287 2782 3343 luminis
2836 3287 3184 3357 splendorem
3233 3293 3290 3341 et
3342 3287 3561 3340 clarita-

1976 3387 2124 3443 tem;
2166 3391 2220 3434 et
2253 3379 2505 3434 eamdem
2543 3393 2738 3432 rursus
2789 3387 3025 3441 noctem,
3069 3387 3299 3446 propter
3329 3376 3559 3445 profun-

1973 3473 2202 3528 ditatem
2263 3487 2461 3542 nempe
2495 3481 2548 3526 et
2591 3471 2970 3526 dilﬁcultatem
3016 3485 3180 3538 quam
3213 3469 3377 3523 habet
3427 3483 3560 3522 con-

1976 3565 2257 3633 templatio
2285 3584 2298 3618 :
2333 3558 2522 3618 Posuit
2563 3565 2700 3617 enint
2726 3563 2966 3616 tenebras
3003 3561 3281 3614 latibulum
3311 3577 3465 3614 suum
3492 3562 3557 3624 ",

1975 3657 2228 3710 divinum
2260 3667 2389 3727 puta
2414 3656 2646 3710 verbum
2683 3669 2865 3715 suum,
2899 3663 2954 3707 et
2985 3651 3319 3722 profundum
3369 3652 3559 3720 cogni-

1978 3749 2142 3803 tionis
2173 3764 2238 3804 ac
2280 3749 2588 3817 sapientize,
2629 3747 2796 3800 hosce
2829 3745 2970 3799 lucis
3011 3760 3074 3797 ac
3108 3743 3218 3798 diei
3270 3743 3410 3796 tilias
3461 3743 3560 3796 do-

1977 3842 2196 3895 centis:
2233 3855 2373 3910 quos
2421 3841 2464 3894 si
2506 3839 2630 3908 quis
2683 3838 2850 3892 etiam
2902 3845 3117 3890 noctem
3164 3834 3556 3895 nominaverit,

1979 3945 2100 3984 mea
2137 3930 2434 3991 sententia,
2468 3929 2537 3982 ab
2578 3943 2644 3982 eo
2677 3927 2822 3995 quod
2853 3926 3012 3980 d'ccet
3053 3925 3194 3979 nihil
3228 3924 3391 3978 faciet
3429 3923 3561 3977 alic-

1980 4039 2134 4087 num,
2170 4030 2398 4091 propter
2429 4021 2809 4074 incurrentem
2850 4017 3163 4073 caruncula;
3216 4016 3381 4086 huius
3429 4014 3562 4068 cali.

1977 4114 2159 4184 ginem
2187 4121 2243 4166 et
2273 4114 2549 4174 tenebras,
2582 4127 2706 4180 qua:
2769 4111 2956 4165 lumen
2989 4108 3174 4179 gloriae
3204 4106 3300 4161 Dei
3333 4106 3562 4160 interci-

1981 4204 2118 4258 dunt
2157 4219 2172 4268 ;
2231 4213 2290 4256 ut
2339 4218 2464 4256 cum
2518 4201 2712 4256 eodem
2757 4201 3032 4270 Propheta
3079 4201 3277 4254 iterum
3331 4197 3556 4250 dicam:

1979 4296 2120 4350 Deus
2145 4311 2310 4360 meus,
2337 4293 2666 4346 illuminabis
2693 4293 2936 4346 tenebras
2957 4291 3027 4343 ³⁸.
3062 4289 3146 4354 Et,
3172 4288 3454 4358 Signatum
3483 4298 3560 4340 est

1979 4403 2141 4451 super
2199 4403 2292 4439 nos
2351 4386 2527 4438 lumen
2565 4385 2740 4439 vultus
2795 4387 2871 4438 tui
2902 4386 2968 4441 ¹¹.
3021 4385 3133 4437 Et:
3184 4382 3264 4437 Sit
3311 4383 3561 4446 splendor

275 4503 480 4553 γοντα.
522 4486 652 4550 Καὶ,
691 4484 1056 4552 Ἑσημειώθη
1121 4483 1395 4552 ἐφ’ὴμᾶς
1460 4485 1526 4536 τὸ
1576 4485 1703 4553 φῶς
1761 4485 1868 4539 τοῦ

1975 4479 2192 4534 Domini
2257 4477 2356 4529 Dei
2395 4493 2556 4544 super
2597 4492 2690 4529 nos
2723 4479 2789 4530 ".
2824 4475 2970 4531 ldem
3029 4489 3254 4529 rursus:
3290 4473 3406 4527 Non
3440 4481 3563 4524 sunt

275 4576 619 4644 προσώπου
636 4593 776 4631 σου.
813 4579 945 4641 Καὶ,
976 4580 1167 4630 Ἔστω
1197 4577 1235 4640 ἡ
1261 4577 1612 4646 λαμπρότης
1653 4579 1875 4646 Κυρίου

275 4671 402 4725 τοῦ
439 4671 587 4724 Θεοῦ
620 4669 788 4738 ἡμῶν
802 4670 894 4738 ἐφ’
914 4669 1090 4738 ἡμᾶς.
1121 4669 1230 4724 Καὶ
1257 4672 1283 4722 ὁ
1313 4671 1478 4734 αὐτὸς
1523 4667 1702 4733 αὖθις·
1753 4673 1875 4725 Οὐκ

273 4763 412 4818 εισι
439 4761 669 4822 λαλιαι,
696 4760 859 4827 ιοὐδὲ
889 4761 1086 4829 λόγοι,
1109 4759 1196 4813 ὧν
1232 4760 1371 4829 οὐχί
1420 4760 1758 4814 ἁκούωνται
1814 4761 1874 4813 al

272 4853 484 4926 φωναὶ
515 4849 731 4906 αὐτῶν·
762 4849 889 4913 τοὺς
930 4850 1122 4918 λόγους
1173 4850 1429 4912 ἐκείνους,
1458 4851 1554 4902 καὶ
1579 4852 1677 4912 τὰς
1734 4849 1876 4902 ἀνω-

275 4957 390 5002 υεν
421 4941 731 5014 φερομένας
758 4942 973 5000 τούτων,
996 4942 1180 5010 φωνὰς
1211 4943 1244 5013 ἢ
1276 4941 1502 5012 βροντὰς
1549 4959 1877 5010 προαναφω-

275 5040 424 5091 νῶν·
456 5038 636 5088 πᾶσαν
663 5034 838 5104 ἀκοήν
866 5050 926 5087 τε
947 5035 1045 5088 καὶ
1075 5033 1347 5100 γλῶσσαν,
1409 5033 1505 5086 ἀπ’
1535 5035 1722 5102 ἄκρων
1775 5034 1878 5102 γῆς

277 5131 377 5188 εἰς
427 5125 574 5196 ἄκρα
618 5124 1004 5188 διαλαὸούσας,
1033 5126 1128 5178 καὶ
1166 5126 1348 5176 πάντα
1390 5124 1772 5192 κατασχούσας
1807 5126 1874 5193 τῇ

283 5217 683 5290 μεγαλοφωνίᾳ
732 5216 802 5271 τὰ
845 5218 1076 5286 πέρατα.
1114 5215 1251 5286 Περὶ
1300 5209 1376 5268 ὧν
1422 5215 1594 5285 δήπου
1641 5217 1736 5270 καὶ
1784 5215 1877 5269 τὸν

281 5308 615 5375 θαυμαστὸν
661 5303 816 5375 οἶμαι
867 5306 1148 5376 προειπεῖν
1207 5305 1458 5369 Ἠσαίαν,
1523 5305 1646 5359 Ἐπ’
1697 5305 1879 5372 ὅρους

283 5399 550 5468 ὑψηλοῦ
598 5397 876 5466 ἀνάϐηθι,
904 5400 936 5451 ό
977 5396 1507 5465 εὐαγγελιζόμενος
1547 5396 1701 5448 Σιὼν
1751 5396 1875 5466 (τὴν

373 5615 395 5645 ⁹
433 5612 571 5665 l‘sal.
617 5627 750 5673 xv",
808 5611 891 5664 Μ.
972 5608 1355 5666 ίοΡεεΙωικνι,
1393 5607 1478 5660 l9.
1560 5607 1597 5637 “
1636 5606 1777 5659 Psal.
1837 5618 1866 5654 x

375 5683 493 5724 .Inh,
539 5699 572 5724 II
622 5693 674 5724 Pl
703 5697 780 5724 ιι..
919 5684 962 5712 ⁸⁵
1022 5681 1120 5724 Ista-
1201 5695 1235 5724 Il
1278 5679 1358 5724 Η),
1402 5678 1491 5724 ΞΠ.
1641 5676 1682 5706 ¹⁶
1734 5674 1868 5724 ΡΒἉῙ.

2002 5602 2055 5660 8.
2135 5601 2354 5655 "Ps-il.
2417 5615 2566 5661 CXIII,
2618 5597 2672 5651 7.

1975 5689 2088 5724 \‘Ill.
2147 5673 2199 5724 Ei.
2302 5671 2342 5701 ¹⁷
2399 5671 2556 5721 lium.
2629 5685 2672 5722 κη

1430 5679 1491 5728 ει.
1641 5676 1682 5706 ¹⁶
1734 5674 1878 5728 l’sul.
1935 5689 2088 5734 xvtti,
2147 5674 2199 5724 5.

1430 5750 1472 5778 ²¹
1511 5747 1650 5800 Ριοι.
1690 5759 1834 5809 xux,
1890 5743 1943 5796 7.
2051 5745 2093 5775 “
2161 5743 2198 5797 Ρ

919 5684 962 5712 ⁸⁵
1021 5681 1122 5732 lsa.
1201 5695 1236 5731 Il
1278 5679 1359 5742 i9,
1402 5678 1491 5730 Eli.

957 5753 1001 5781 ²⁰
1039 5749 1170 5803 ibid.
1225 5748 1312 5802 29.

291 5686 345 5717 ⁸³
375 5683 494 5736 ,Ιυὶι⁸
539 5699 572 5734 Il
622 5693 675 5734 et
702 5697 783 5734 XL.

293 5757 346 5787 ’⁸³
388 5752 526 5804 l‘.~al.
591 5769 720 5816 mi,
762 5752 845 5806 l2.

1982 4568 2205 4639 loquela:
2252 4584 2420 4638 neque
2478 4583 2780 4633 sermones,
2831 4583 3053 4638 quarunt
3103 4583 3208 4620 non
3263 4566 3562 4618 audiantur

1979 4677 2128 4716 voces
2170 4675 2355 4714 eorum
2381 4660 2464 4724 ²⁸;
2497 4662 2694 4714 horum
2735 4673 3024 4713 sermones
3055 4659 3197 4722 illos,
3235 4666 3289 4711 et
3319 4657 3387 4711 de
3421 4657 3560 4710 coelo

1981 4754 2192 4810 delatas
2243 4769 2442 4816 voces,
2494 4753 2620 4807 sive
2670 4752 2913 4806 tonitrua
2969 4749 3388 4820 przenuntians:
3439 4763 3560 4816 quae

1980 4844 2225 4898 omnium
2256 4857 2423 4896 aures
2449 4851 2610 4910 atque
2642 4841 2858 4910 linguas
2887 4841 2956 4894 ab
2991 4839 3251 4892 extremis
3287 4847 3556 4891 terrarum

1981 4951 2156 5005 usque
2208 4935 2275 4988 ad
2331 4944 2577 4988 extrema
2637 4932 3215 4998 comprehenderunt,
3257 4943 3558 4996 omnesque

1983 5027 2172 5081 mundi
2230 5026 2365 5080 lines
2420 5021 2887 5092 magniloquentia
2941 5036 3038 5074 sua
3089 5030 3449 5088 occuparunt.
3481 5020 3558 5072 De
3660 5032 3664 5036 ‘

1983 5117 2190 5187 quibus
2215 5131 2347 5170 sane
2389 5115 2653 5183 inclytum
2687 5128 2906 5181 quoque
2957 5112 3153 5167 Isaiam
3197 5113 3556 5166 vaticinatum

1980 5225 2108 5264 reor
2133 5226 2146 5262 :
2177 5208 2348 5277 Super
2375 5215 2605 5260 montem
2639 5203 2900 5258 excelsum
2930 5205 3147 5257 ascende
3174 5213 3250 5266 tu,
3284 5205 3371 5271 qui
3397 5217 3560 5255 enim-

1981 5301 2175 5369 gelizas
2205 5297 2355 5363 Sion,
2383 5297 2684 5351 Ecclesium
2716 5295 2946 5359 Christi,
2984 5295 3229 5363 inquam.
3262 5291 3463 5346 Exulto
3501 5291 3556 5342 in

1979 5393 2289 5463 fortitudine
2330 5405 2504 5443 vocem
2552 5399 2721 5451 tuam,
2748 5389 2836 5457 qui
2867 5388 3195 5457 euangelizas
3233 5382 3552 5446 Jerusalem,

2773 5592 3048 5648 "Jerem.
3103 5607 3192 5647 τιν
3255 5603 3309 5646 et
3363 5609 3552 5648 χχιιι.

2302 5671 2342 5701 ¹⁷
2399 5671 2556 5721 lium.
2629 5685 2680 5727 κ,
2738 5664 2822 5719 l8.
2927 5666 2968 5695 ’⁸
3008 5665 3152 5717 I’snl.
3196 5680 3347 5730 xvnt,
3393 5666 3442 5732 1,
3503 5666 3560 5719 2.

2051 5745 2093 5775 “
2161 5741 2302 5797 I’sal.
2352 5754 2564 5805 Lxxxtx,
2619 5737 2701 5791 l7.
2810 5735 2854 5765 “
2885 5735 3026 5790 Psal.
3062 5751 3212 5802 xvm,
3247 5733 3328 5806 4.,
