3862 6218
253 293 359 359 789

1286 310 1674 374 LAUDATlO
1713 315 1969 376 TRIUM
2016 318 2449 382 DOCTORUM.

3393 326 3507 386 730

254 409 369 500 ἀλλ’
402 409 543 481 ὑπὲρ
568 411 777 469 Μωσέα
819 418 914 487 τὴν
938 418 1123 491 ψρχὴν.
1149 426 1239 476 καὶ
1266 426 1334 477 τὰ
1366 428 1638 497 πρόσωπα
1664 429 1819 497 δοξά-

1947 434 2103 485 mima
2121 440 2175 487 et
2198 434 2347 486 vultu
2373 432 2764 500 gloriﬁcantur.
2787 432 2943 498 Quod
2974 432 3121 488 enim
3158 433 3249 488 ille
3273 432 3324 487 in
3348 435 3505 495 vultu

256 496 462 593 ζονται.
498 502 678 574 Ὅπερ
715 507 823 593 γὰρ
857 510 1065 575 ἐκεῖνος
1109 515 1203 567 ἐπὶ
1239 516 1339 585 τῆς
1372 496 1549 587 ὄφεως
1599 521 1820 593 ἔφερεν,

257 591 355 685 sui
390 593 514 685 Δ’τῆς
546 594 725 666 ψυχῆς
765 592 913 669 εἶχον
954 598 1097 656 οὗτοι
1139 591 1723 685 μεγαλοπρεπέστερόν
1765 636 1823 669 τε

256 682 730 778 ὑψηλότερον.
766 692 826 743 Oi
860 692 1015 746 αὐτοὶ
1044 698 1137 749 καὶ
1178 699 1334 753 τοῦτο
1387 704 1577 768 φασίν.
1610 682 1685 758 Οὐ
1716 707 1825 778 μὴν

157 824 170 833 ,
254 773 392 826 ἀλλά
432 778 526 869 καὶ
554 778 789 847 Χριστὸς
820 784 1002 847 αὐτὸς,
1032 788 1165 841 αὐτὸ
1210 792 1367 844 τοῦτο
1408 794 1494 848 διὰ
1527 797 1636 849 τῶν

252 880 365 916 των
396 867 656 936 μαθητῶν
702 887 761 925 τε
805 877 901 927 καὶ
930 877 1247 933 ἀποστόλων
1292 885 1429 952 πρὸς
1460 888 1659 951 αὐτοὺς
1691 867 1828 957 φθά·

256 973 396 1020 σας,
454 958 663 1029 ἔλεγεν,
700 963 782 1017 ὅτι
834 969 1057 1023 Πολλοὶ
1116 974 1416 1042 προφῆται
1464 977 1562 1030 καὶ
1612 979 1829 1035 δίκαιοι

251 1048 648 1121 ἐπεθύμησαν
676 1056 827 1111 ἰδεῖν
853 1058 889 1112 ἆ
916 1062 1204 1131 βλέπετε,
1229 1069 1323 1119 καὶ
1348 1071 1460 1122 οὐκ
1488 1068 1652 1124 εἶδον
1676 1087 1689 1104 ι
1731 1074 1829 1128 καὶ

252 1140 517 1196 ἀκοῦσαι
550 1143 587 1197 d
619 1146 885 1213 ἀκούετε,
919 1153 1018 1205 καὶ
1048 1157 1159 1208 οὐκ
1192 1157 1490 1225 ἤκουσαν.

338 1232 436 1285 Ἐκ
463 1234 557 1287 τοῦ
594 1238 691 1306 τῆς
727 1238 1042 1308 θεοφανείας
1087 1246 1247 1316 ὅρους
1281 1250 1533 1313 θεοειδεῖς
1564 1254 1657 1307 καὶ
1702 1254 1827 1308 θεο-

254 1324 437 1393 φόροι,
470 1328 564 1380 καὶ
606 1330 747 1398 ἧλιοι
783 1332 930 1406 ἄλλοι
963 1337 1338 1408 κατέρχονται·
1392 1342 1596 1408 μᾶλλον
1630 1346 1687 1397 δὲ
1736 1346 1832 1399 καὶ

252 1414 360 1483 τῆς
384 1419 618 1487 νεφέλης
651 1422 782 1474 εἵσω
819 1425 947 1489 τοὺς
995 1432 1564 1500 μυσταγωγουμένους
1601 1434 1696 1504 (ὡς
1728 1437 1831 1490 αὑ-

250 1508 343 1560 τοί
379 1512 535 1577 φασι)
573 1513 713 1580 μετά
750 1514 960 1585 Πέτρου
1003 1536 1062 1571 τε
1114 1522 1207 1573 καὶ
1241 1523 1351 1576 τῶν
1383 1524 1514 1577 υἱῶν
1538 1530 1635 1597 τῆς
1672 1526 1832 1598 βρον-

251 1598 360 1666 τῆς
418 1601 749 1674 ἀπορρήτως
805 1608 1084 1676 εἰσάγουσί
1154 1629 1213 1665 τε
1263 1616 1356 1667 καὶ
1420 1619 1834 1686 σννεισάγουσιν

255 1693 498 1758 ἑαυτοῖς·
534 1702 629 1749 καὶ
681 1702 747 1770 τῇ
799 1701 1011 1755 ἐκεῖθεν
1045 1705 1207 1776 αίγλῃ
1260 1708 1353 1760 καὶ
1384 1710 1505 1771 ταῖς
1544 1714 1835 1778 μυστικαῖς

1931 520 2173 588 gerebat,
2194 522 2246 575 hi
2275 523 2709 591 magniﬁcentius
2730 532 2786 577 et
2806 524 3099 578 sublimius
3130 524 3181 578 in
3211 508 3511 581 animabus

1934 609 2224 664 habebant.
2274 611 2387 665 Hoc
2424 626 2641 679 quoque
2674 612 2742 665 ab
2766 611 3253 683 ipsis,quanquam
3281 614 3350 667 de
3379 614 3503 669 aliis

1933 698 2140 753 dictum
2162 700 2419 766 est.Quin
2450 704 2559 755 imo
2576 702 2828 759 Christus
2857 703 3022 758 etiam
3047 705 3162 775 ipse
3196 706 3298 759 hoc
3321 705 3501 774 ipsum

1934 790 1988 846 in
2009 806 2240 861 persona
2264 781 2565 861 primorum
2588 794 2983 863 discipulorum
3012 798 3511 867 apostolorumque

1934 899 2160 938 suorum
2183 885 2464 948 confessus
2482 894 2585 941 est.
2606 887 2775 951 Multi,
2795 887 2993 957 inquit,
3008 890 3276 959 prophetae
3292 897 3339 944 et
3360 905 3505 959 reges

1933 976 2209 1030 voluerunt
2256 977 2432 1030 videre
2459 994 2575 1046 quae
2612 993 2698 1031 vos
2748 978 2951 1041 videtis,
2980 987 3029 1031 et
3084 996 3186 1032 non
3228 980 3505 1036 viderunt:

1937 1077 1984 1121 et
2021 1068 2205 1121 audire
2229 1084 2344 1138 qua
2366 1084 2454 1123 vos
2485 1069 2698 1134 auditis,
2729 1078 2777 1124 et
2808 1086 2913 1124 non
2942 1069 3229 1123 audierunt
3252 1070 3319 1123 ".

2009 1248 2052 1303 E
2084 1257 2267 1302 monte
2300 1247 2501 1303 divina:
2529 1248 2888 1319 apparitionis
2921 1248 3033 1303 Deo
3058 1248 3268 1303 similes
3298 1247 3501 1311 eﬁecti,

1937 1347 1994 1394 et
2027 1339 2251 1393 numine
2280 1337 2469 1405 amati,
2497 1347 2552 1393 et
2588 1339 2733 1394 soles
2767 1341 2895 1393 novi
2956 1339 3298 1393 descendunt
3329 1355 3342 1390 ε
3373 1339 3507 1407 quin

1939 1429 2122 1501 potius
2152 1430 2294 1482 intra
2322 1429 2526 1483 nubem
2560 1430 2576 1497 (
2606 1438 2666 1482 ut
2703 1429 2805 1498 ipsi
2845 1429 3149 1498 loquuntur
3182 1426 3200 1496 )
3251 1427 3508 1496 mysteria

1940 1521 2221 1577 docendos
2249 1537 2371 1575 cum
2403 1521 2590 1585 Petro,
2613 1529 2670 1575 et
2701 1520 2824 1575 ﬁliis
2864 1520 3093 1574 tonitrui
3123 1535 3325 1574 arcano
3351 1517 3511 1570 indu-

1940 1625 2094 1687 cunt,
2135 1622 2190 1667 et
2228 1627 2335 1667 una
2365 1628 2550 1667 secum
2582 1612 2965 1674 introducunt,
3008 1610 3366 1678 claritateque
3395 1609 3509 1671 illa,

1943 1702 2299 1775 mysticisque
2355 1701 2747 1771 splendoribus
2785 1702 3066 1757 altissima:
3096 1701 3403 1763 Trinitatis,
3452 1708 3509 1754 et

250 1778 569 1851 λαμπηδόσι
619 1784 721 1855 τῆς
778 1788 1041 1844 ἀνωτάτω
1091 1792 1321 1859 Τριάδος
1365 1796 1463 1864 τῆς
1515 1798 1703 1869 πηγῆς
1731 1799 1837 1853 τῶν

1947 1797 2111 1851 fontis
2135 1795 2433 1858 luminum,
2467 1810 2565 1849 eos
2600 1794 2915 1849 illuminant
2949 1812 2963 1849 :
2991 1810 3101 1850 non
3134 1796 3355 1865 vulgata
3390 1804 3512 1848 tan-

252 1872 457 1940 φώτων
489 1879 960 1946 καταφωτίζουσιν
990 1894 1005 1911 ⁸
1058 1884 1119 1936 οὐ
1176 1884 1242 1938 τὰ
1300 1886 1510 1956 ἐκφορα
1549 1889 1711 1957 μόνον
1740 1890 1835 1944 τοῦ

255 1966 587 2035 μυστηρίου,
617 1971 713 2023 καὶ
749 1974 868 2035 ταῖς
896 1974 1006 2027 τῶν
1047 1976 1261 2029 πολλῶν
1306 1979 1495 2043 ἀκοαῖς
1526 1982 1626 2034 οὐκ
1657 1983 1838 2055 ἀπόρ-

254 2060 401 2127 ρητα
458 2063 950 2129 μυσταγωγοῦντες
1014 2068 1220 2134 ἐκεῖνα,
1274 2070 1528 2141 καθάπερ
1593 2075 1839 2138 εἰπόντες

252 2147 522 2218 ἔφθησαν,
559 2150 695 2203 ἀλλὰ
753 2155 850 2207 καὶ
891 2156 957 2207 τὰ
1010 2158 1238 2212 ἐκείνων
1288 2161 1546 2231 ἐνδότερα
1596 2165 1691 2217 καὶ
1732 2183 1837 2234 μυ-

260 2241 590 2311 στικώτερα.
628 2244 813 2313 Ἔχεις
858 2250 955 2299 καὶ
1005 2249 1136 2320 γὰρ,
1191 2255 1344 2318 φησὶ,
1385 2254 1481 2305 τοῦ
1531 2258 1836 2326 μυστηρίου

262 2329 335 2381 τά
364 2329 596 2399 ἑκφορα,
634 2337 728 2388 καὶ
752 2338 869 2400 ταῖς
906 2338 1017 2390 τῶν
1058 2341 1271 2393 πολλῶν
1302 2343 1496 2406 ἀκοαῖς
1536 2345 1635 2397 οὐκ
1660 2347 1836 2416 ἀπόρ-

268 2423 426 2489 ῥητα·
456 2423 625 2479 τᾶλλα
665 2426 721 2478 δὲ
761 2428 893 2480 εἴσω
939 2431 1183 2502 μαθήσῃ,
1210 2432 1310 2501 τῆς
1356 2436 1583 2504 Τριάδος
1615 2436 1839 2507 χαριζο-

265 2517 458 2585 μένης·
485 2517 731 2589 δηλονότι
773 2524 911 2591 μετά
953 2525 1014 2576 τὸ
1061 2524 1346 2597 βάπτισμα
1377 2529 1472 2580 καὶ
1502 2528 1599 2599 τὴν
1631 2530 1838 2599 κάθαρ-

258 2623 370 2671 σιν,
403 2608 439 2661 ἃ
474 2612 566 2663 καὶ
598 2613 829 2683 κρύψεις
874 2616 1025 2687 παρά
1081 2620 1296 2689 σεαυτῷ
1345 2621 1569 2686 σφαγίδι
1606 2622 1841 2692 κρατού-

260 2714 429 2765 μενα.
457 2701 566 2753 Καὶ
594 2704 719 2756 τίνα
747 2704 940 2768 ταῦτα.
984 2707 1077 2759 καὶ
1112 2707 1294 2778 ἡλίκα,
1331 2710 1425 2762 καὶ
1451 2711 1575 2763 ὅθεν
1610 2713 1835 2780 ἥκοντα,

254 2790 306 2842 οἱ
349 2792 505 2843 αὐτοὶ
536 2794 627 2846 καὶ
672 2797 833 2849 πάλιν
866 2798 1250 2852 ἐκδιδάσκουσι
1288 2803 1411 2863 τοὺς
1448 2803 1835 2871 μεμυημένους

250 2881 313 2932 ἐν
346 2880 425 2951 τῷ
465 2884 609 2953 αὐτῷ
638 2888 930 2957 πνεύματι,
964 2892 1013 2941 εί
1055 2892 1149 2942 καὶ
1189 2892 1559 2962 ἀμυδρότερον
1613 2892 1713 2957 ἔτι,
1742 2894 1837 2946 καὶ

1938 1898 2075 1953 tum,
2106 1889 2518 1957 multorumque
2543 1888 2772 1944 auribus
2802 1904 2913 1943 non
2936 1888 3141 1959 ignota,
3172 1903 3273 1943 nec
3297 1896 3510 1942 secreta

1940 1980 2029 2034 illa
2063 1980 2345 2050 mysteria,
2394 1990 2455 2034 ut
2485 1980 2645 2035 aiunt
2676 1980 2820 2050 ipsi,
2857 1996 3055 2035 verum
3098 1980 3207 2035 illis
3245 1980 3514 2033 interiora

1939 2087 2179 2141 quoque,
2214 2074 2494 2141 magisque
2529 2073 2758 2141 mystica
2789 2072 3075 2126 docentes.
3128 2071 3310 2125 Habes
3339 2071 3510 2131 enim,

1942 2164 2140 2232 inquit,
2179 2164 2690 2233 mysteriinotiora,
2753 2172 2809 2218 ct
2846 2164 3144 2217 multorum
3192 2177 3355 2216 aures
3410 2162 3513 2215 mi-

1939 2258 2087 2311 nime
2121 2255 2418 2325 fugientia:
2456 2264 2648 2309 caetera
2683 2253 2851 2318 intus,
2906 2254 3181 2308 Trinitate
3244 2251 3511 2323 largiente

1939 2360 2272 2414 cognosces;
2311 2354 2435 2415 post
2468 2344 2801 2414 baptismum
2845 2354 2901 2399 et
2937 2346 3315 2415 purgationem
3358 2345 3512 2398 vidc-

1939 2434 2087 2498 licet,
2127 2451 2249 2505 quae
2273 2434 2418 2504 apud
2448 2445 2497 2488 te
2526 2435 2705 2503 sigillo
2738 2438 2952 2488 munita
2986 2435 3319 2490 abscondes.
3355 2434 3513 2500 Quae-

1940 2541 2065 2580 nam
2092 2536 2276 2579 autem
2307 2526 2429 2591 illa,
2468 2536 2523 2580 et
2572 2528 2754 2596 qualia
2806 2527 2937 2592 sint,
2989 2535 3046 2580 et
3084 2527 3229 2581 unde
3265 2527 3507 2590 veniant,

1941 2618 2107 2672 iidem
2159 2619 2403 2674 initiatos
2457 2635 2650 2673 rursus
2707 2619 2907 2675 docent
2943 2619 2999 2673 in
3058 2618 3252 2673 eodem
3289 2618 3509 2687 spiritu,

1943 2711 2160 2764 tametsi
2188 2710 2371 2764 adhuc
2395 2710 2711 2775 obscurius,
2743 2727 2846 2766 nec
2886 2711 3114 2766 omnino
3145 2711 3282 2767 citra
3315 2726 3515 2780 specu-

1940 2801 2081 2865 lum,
2119 2811 2175 2855 et
2215 2802 2588 2870 integumenta
2624 2813 2850 2871 propter
2885 2804 3198 2857 obstantem
3232 2804 3509 2865 nebulam,

1940 2902 1996 2946 et
2020 2892 2206 2946 carnis
2234 2892 2550 2963 caliginem,
2585 2894 2788 2962 quibus
2823 2896 3071 2964 impliciti
3111 2911 3326 2950 sumus.

249 2979 361 3031 οὑκ
393 2979 497 3043 ἔξω
552 2986 833 3049 παντελῶς
884 2988 993 3040 τῶν
1044 2990 1531 3060 προκαλυμμάτων
1584 2990 1679 3043 καὶ
1727 2991 1835 3043 τῶν
1874 2989 2154 3059 ἐσόπτρων
2208 2989 2297 3043 διὰ
2354 2990 2453 3059 τὴν
2526 2990 2979 3061 προϐεϐλημένην
3047 2991 3222 3062 ἀρχὴν
3276 2992 3371 3044 καλ⁵
3424 2993 3517 3051 τὸν

256 3072 369 3141 τῆς
404 3076 608 3143 σαρκὸς
640 3077 823 3146 ζόφον,
869 3075 950 3143 οἷς
987 3081 1417 3149 συνεζεύγμεθα.

338 3166 546 3220 Τούτου
578 3169 672 3221 τοῦ
705 3169 849 3224 θείου
881 3175 974 3224 καὶ
1017 3174 1227 3240 ἀγαθοῦ
1274 3173 1608 3244 Πνεὺματος,
1644 3167 1689 3227 ὦ
1721 3174 1837 3227 θεο-
1870 3177 1914 3235 C

248 3262 420 3331 φόροι
471 3261 802 3329 διδάσκαλοι,
839 3268 934 3318 καὶ
977 3266 1134 3336 ὑμεῖς
1184 3267 1292 3319 τῶν
1341 3266 1696 3337 χαρισμάτων
1749 3267 1842 3317 καὶ

248 3354 361 3417 τῆς
391 3354 671 3422 ἐνεργείας
694 3356 1051 3425 πλησθέντες.
1084 3358 1179 3411 καὶ
1228 3356 1346 3410 ὂλον
1374 3358 1593 3426 σχόντες
1626 3359 1683 3408 ὲν
1719 3358 1843 3408 ἐαυ-

248 3448 402 3508 τοῖς,
455 3447 543 3499 διὰ
592 3436 803 3500 τούτων
834 3449 924 3501 τὸν
965 3449 1062 3503 ἕνα
1122 3452 1219 3520 τῆς
1277 3450 1547 3521 Τριάδος,
1586 3451 1676 3501 τὸν
1723 3449 1842 3501 ὅλον

250 3540 484 3609 ἑκάστῳ
525 3539 798 3610 διαφόρως
856 3542 1189 3607 ἐνοικοῦντα,
1243 3545 1336 3595 καὶ
1382 3544 1501 3595 ὅλον
1531 3542 1660 3594 ὄντα
1706 3541 1843 3611 μετὰ

246 3630 420 3695 Θεοῦ,
448 3632 542 3685 καὶ
565 3631 869 3703 πληροῦντα
896 3634 955 3686 τὺ
982 3636 1207 3700 πᾶν,κῇ
1230 3636 1371 3704 ὑπὲρ
1398 3634 1455 3687 τὸ
1481 3636 1607 3699 πᾶν,
1630 3634 1722 3687 καὶ
1750 3636 1842 3686 τοῦ

252 3723 473 3785 παντὸς
526 3724 653 3779 ὄντα
712 3724 838 3792 ἔξω,
891 3725 967 3786 ὡς
1012 3726 1166 3779 αὐτοὶ
1213 3727 1308 3779 καὶ
1361 3725 1535 3779 ταῦτα
1563 3726 1840 3795 εἰρήκατε·

248 3813 517 3877 ἐδέξασθε
551 3818 657 3883 γὰρ
691 3818 784 3868 καὶ
829 3816 979 3868 αὑτοὶ
1010 3817 1107 3880 τὰς
1161 3818 1393 3887 πυρίνας
1426 3817 1677 3880 γλώσσας
1709 3819 1845 3887 μετά

250 3907 377 3960 τῶν
408 3908 719 3961 ἀποστόλων
746 3910 804 3959 ἐν
834 3907 1067 3978 ὑπερῴῳ
1097 3908 1269 3977 τόπῳ,
1296 3909 1392 3977 τῆς
1422 3908 1652 3977 ὑψηλῆς,
1679 3910 1843 3977 φημὶ,

246 3997 354 4053 τοῦ
428 3999 518 4051 νοῦ
550 3999 800 4067 φυλακῆς
853 4017 912 4052 τε
960 4001 1054 4052 καὶ
1092 3998 1323 4069 θεωρίας
1371 4000 1547 4069 ὑμῶν,
1593 4001 1692 4052 οὐκ
1739 4000 1845 4052 ἀπὸ

248 4091 530 4156 τελωνῶν,
573 4092 667 4145 κα)⁵
697 4093 1066 4161 σκυτοτόμων,
1101 4095 1194 4146 καὶ
1217 4094 1408 4147 ἀλιέων
1442 4095 1564 4147 κατ’
1606 4095 1845 4157 ἐκείνους

251 4180 558 4247 κληθέντες
592 4184 671 4243 εἰς
718 4184 1048 4246 ἀποστόλους
1093 4185 1188 4237 καὶ
1227 4183 1475 4252 μαθητὰς
1510 4183 1845 4253 (εὐδόκησε

248 4271 363 4329 καὶ
396 4271 504 4341 γὰρ
535 4276 567 4326 ό
599 4276 743 4339 Θεὸς
771 4276 836 4326 τὸ
860 4275 1186 4342 τηνικαῦτα
1208 4274 1304 4328 διὰ
1328 4274 1439 4341 τῆς
1471 4275 1698 4343 μωρίας
1738 4270 1845 4328 τοῦ

248 4366 644 4435 κηρύγματος
689 4367 883 4420 σῶσαι
929 4368 1069 4431 τοὺς
1095 4368 1533 4434 πιστεύονταςι·
1576 4366 1838 4434 Ἐπειδὴ,

256 4457 460 4526 φησὶν,
484 4457 553 4510 ἐν
582 4456 653 4523 τῇ
678 4459 865 4525 σοφίῃ
912 4458 1205 4512 malem?)
1245 4460 1355 4512 οὐκ
1380 4459 1531 4527 ἔγνω
1558 4461 1589 4511 ό
1612 4459 1843 4523 κόσμος

256 4552 368 4605 διὰ
398 4548 507 4616 τῆς
537 4552 759 4618 σοφίας
787 4552 894 4603 τὸν
928 4552 1123 4620 Θεὸν),
1161 4549 1274 4603 ἀλλ’
1308 4551 1414 4602 ἀπὸ
1447 4550 1711 4619 ρητόρων,
1750 4548 1843 4598 καὶ

255 4644 605 4715 φιλοσόφων,
663 4645 757 4696 καὶ
812 4642 1174 4695 διαλεκτικῶν
1223 4641 1315 4694 καὶ
1374 4642 1555 4710 σοφῶν
1591 4641 1688 4693 ἐπὶ
1742 4639 1846 4707 τὴν

251 4735 533 4806 ἀληθινὴν
572 4736 669 4787 καὶ
692 4733 914 4803 πρώτην
952 4734 1197 4796 ἐλθόντες
1225 4734 1415 4803 σοφίαν
1445 4734 1539 4785 καὶ
1573 4734 1674 4799 τὴν
1709 4734 1845 4785 ἀπο-

255 4828 495 4896 στολὴν,
523 4829 612 4882 ἵνα
645 4830 737 4881 καὶ
772 4828 862 4881 διὰ
892 4829 993 4897 τῆς
1025 4829 1179 4882 κάτω
1216 4827 1431 4895 σοφίας,
1463 4827 1664 4878 ὡσανεί
1702 4844 1846 4889 τινος

250 4922 607 4991 σκευοφόρον
661 4921 756 4974 καὶ⁸
812 4922 1174 4991 ὑπηρέτιδος,
1232 4920 1489 4990 ἐξελεγθῇ
1545 4920 1605 4972 τὸ
1664 4919 1848 4989 μωρὸν

249 5014 438 5074 ὅντως
466 5013 559 5062 καλ⁸
598 5011 822 5073 ἀσθενὲς
849 5012 959 5063 τῶν
1000 5011 1107 5075 ἔξω
1147 5011 1348 5079 σοφῶν*
1376 5011 1511 5080 πρὸς
1561 5010 1661 5078 τὴν
1708 5012 1846 5079 ἠμει-

252 5090 452 5173 τέραν
481 5103 737 5172 ἐξήλθετε
782 5106 1082 5173 σωτηρίαν,
1120 5104 1309 5173 ὥσπερ
1340 5104 1481 5165 τινὲς
1517 5103 1673 5156 ἄλλοι
1705 5101 1844 5156 κατὰ

252 5198 434 5267 χάριν
464 5196 599 5260 θεοὶ,
628 5200 722 5250 καὶ
752 5198 988 5251 πλάσται
1013 5197 1122 5250 τῶν
1148 5195 1493 5265 σωζομένων,
1523 5197 1588 5264 τῇ
1619 5194 1846 5260 δυνάμει

250 5288 367 5342 ’τίὖ
403 5289 618 5341 πάντων
646 5289 984 5360 δημιουργοῦ
1023 5307 1082 5343 τε
1110 5292 1207 5343 καὶ
1236 5289 1501 5353 πλάστου,
1543 5288 1637 5339 καὶ
1682 5284 1849 5355 μόνου

254 5380 421 5434 κατὰ
454 5380 618 5447 φύσιν
660 5381 824 5435 Θεοῦ.

343 5472 459 5523 Καὶ
493 5472 695 5543 Μωσῆς
730 5476 832 5544 μὲν
869 5476 897 5527 ὁ
927 5474 1097 5544 μέγας
1142 5474 1348 5536 ἐκεῖνος
1376 5472 1435 5527 τὸ
1470 5472 1635 5542 βραδύ
1664 5488 1723 5523 τε
1760 5470 1861 5522 καὶ

262 5558 589 5631 ἰσχνὸν-τῆς
628 5562 874 5631 γλώττης
905 5566 1000 5617 καὶ
1028 5567 1125 5633 τῆς
1155 5565 1338 5633 φωνῆς
1373 5562 1568 5616 ἑαυτοῦ
1606 5560 1849 5633 προὸαλ-

360 5717 406 5748 "
442 5717 573 5773 Luc.
603 5737 656 5784 χ,
682 5721 772 5773 24.
849 5722 892 5752 ³⁸
925 5720 942 5773 1
976 5719 1101 5775 Cor.
1152 5720 1196 5781 l,
1223 5720 1309 5772 2!.

2021 3172 2194 3243 Hujus
2233 3172 2405 3227 divini
2439 3182 2493 3226 et
2526 3172 2655 3226 boni
2684 3173 2932 3243 spiritus,
2992 3190 3024 3227 ο
3049 3176 3259 3233 eaeiesti
3289 3182 3521 3236 numine

1947 3263 2190 3317 instincti
2219 3264 2494 3325 doctares.
2526 3263 2956 3319 charismatihus
3016 3277 3072 3320 et
3099 3268 3391 3325 efﬁcientia
3422 3288 3518 3326 vos

1944 3368 2165 3422 quoque
2197 3355 2391 3422 repleti
2414 3355 2549 3409 estis
2576 3395 2591 3420 ,
2622 3363 2678 3408 et
2722 3370 2819 3424 per
2870 3357 2985 3410 hazc
3035 3366 3207 3413 totum
3249 3360 3393 3415 intra
3422 3378 3517 3417 vos

1946 3446 2180 3509 habetis,
2216 3464 2384 3501 unum
2417 3448 2486 3502 de
2521 3458 2710 3503 sancta
2739 3449 3032 3513 Trinitate,
3068 3426 3239 3505 tbtum
3292 3454 3346 3507 in
3381 3471 3520 3509 uno-

1943 3553 2163 3608 quoque
2192 3539 2549 3603 habitantem,
2582 3548 2633 3593 et
2671 3549 2844 3594 totum
2880 3556 3004 3595 cum
3038 3543 3151 3596 Deo
3183 3554 3515 3610 manentem,

1944 3641 1997 3684 et
2030 3631 2347 3699 implentem
2381 3629 2484 3683 hoc
2514 3645 2698 3695 omne,
2734 3640 2789 3685 et
2819 3647 2990 3701 super
3030 3648 3215 3695 omne,
3263 3644 3317 3688 et
3364 3644 3517 3690 extra

1944 3736 2107 3775 omne
2135 3722 2510 3787 exsistentem,
2558 3723 2709 3793 juxta
2750 3724 3056 3778 doctrinam
3096 3734 3353 3783 vestram.
3388 3726 3521 3780 Sus-

1946 3813 2168 3881 cepistis
2202 3813 2459 3867 nimirum
2489 3823 2545 3867 et
2573 3815 2671 3882 ipsi
2700 3815 2913 3884 linguas
2932 3816 3117 3885 igneas
3141 3833 3265 3871 cum
3295 3826 3517 3886 aposto-

1946 3904 2013 3957 lis
2042 3905 2097 3956 in
2117 3904 2426 3958 editissimo
2458 3904 2656 3959 aedium
2694 3906 2847 3972 loco;
2896 3906 2999 3961 hoc
3040 3916 3143 3971 est,
3196 3908 3248 3960 in
3294 3909 3523 3962 excelsae

1947 3994 2146 4049 mentis
2192 4003 2386 4048 vestrae
2434 3995 2683 4049 custodia
2741 4006 2796 4051 et
2838 3998 3299 4066 contemplatione
3342 4016 3355 4051 :
3412 4015 3520 4053 non

1945 4085 2405 4154 quemadmodum
2441 4086 2541 4147 illi,
2582 4102 2614 4140 e
2650 4087 2978 4155 publicanis,
3028 4096 3085 4142 et.
3126 4090 3428 4152 sutoribus,
3466 4098 3523 4143 et

1948 4177 2317 4247 piscatoribus
2386 4179 2589 4241 vocati,
2621 4179 2878 4248 unctique
2924 4180 2977 4232 in
3013 4183 3289 4247 apostolos
3349 4191 3405 4234 et
3435 4183 3522 4233 di-

1946 4267 2190 4335 scipulos
2221 4270 2447 4336 (placuit
2480 4271 2618 4321 enim
2664 4282 2786 4323 tum:
2809 4271 2913 4323 Deo
2947 4287 3039 4340 per
3061 4272 3349 4328 stultitiam
3378 4290 3519 4340 pra:-

1948 4360 2227 4413 dicationis
2252 4361 2423 4415 salvos
2451 4362 2625 4429 facere
2654 4362 2919 4414 credentes
2950 4378 2966 4423 ;
3000 4362 3160 4427 Quia,
3210 4364 3413 4432 inquit,
3462 4367 3518 4419 in

1949 4450 2046 4503 Dei
2078 4451 2344 4518 sapientia
2373 4466 2478 4502 non
2525 4453 2767 4517 cognovit
2795 4452 3023 4524 mundus
3074 4468 3168 4521 per
3199 4455 3520 4521 sapientiam

1951 4542 2221 4610 Deum“),
2254 4542 2348 4597 sed
2380 4543 2450 4595 ab
2483 4542 2818 4606 oratoribus,
2840 4544 3201 4612 philosoiihis,
3224 4545 3527 4598 dialemicis

1946 4644 2003 4690 et
2036 4636 2379 4705 sapientibus
2403 4637 2470 4689 ad
2507 4650 2689 4690 veram
2740 4644 2796 4688 et
2842 4636 3280 4704 antiquissimam
3306 4636 3525 4703 sapien-

1950 4731 2079 4784 tiam
2105 4738 2269 4798 atque
2297 4729 2663 4796 apostolatum
2697 4729 2928 4781 venistis
2958 4745 2970 4779 :
3024 4739 3084 4781 ut
3107 4728 3273 4780 etiam
3308 4742 3405 4794 per
3435 4727 3526 4778 in-

1949 4824 2206 4878 leriorem
2233 4823 2583 4891 sapientiam,
2618 4822 2785 4874 veluti
2843 4819 3198 4874 sarcinariam
3229 4816 3521 4885 quamdam

1946 4924 2003 4970 et
2036 4916 2343 4970 ministram
2382 4914 2546 4967 stulta
2583 4929 2719 4967 sane
2752 4921 2807 4965 ct
2840 4912 3117 4964 imbecilla
3162 4921 3517 4963 externorum

1951 5007 2222 5075 sapientia
2292 5006 2740 5073 redargueretur.
2812 5004 2891 5056 Ad
2964 5003 3195 5056 salutem
3276 5008 3518 5053 nostram

1952 5099 2158 5169 egressi
2188 5099 2346 5158 estis,
2374 5113 2476 5151 ceu
2517 5096 2610 5149 alii
2641 5096 2864 5165 quidam
2898 5111 2995 5163 per
3024 5094 3276 5162 gratiam,
3326 5099 3380 5145 et
3408 5090 3523 5143 for-

1954 5202 2195 5244 matores
2253 5189 2659 5250 salvandorum,
2711 5187 2766 5239 in
2819 5186 3021 5237 virtute
3060 5184 3306 5236 omnium
3365 5181 3525 5249 opiﬁ-

1955 5280 2056 5343 cis,
2077 5289 2135 5333 οι
2159 5277 2494 5340 lormatoris,
2524 5277 2730 5345 quique
2756 5274 2904 5329 solus
2934 5273 3236 5327 secundum
3273 5280 3522 5325 naturam

1955 5373 2116 5427 Deus.
2134 5380 2238 5426 est.

2026 5466 2103 5517 Ac
2138 5462 2312 5516 Moses
2334 5459 2555 5529 quidem
2588 5458 2823 5512 eximius
2856 5457 2943 5512 ille
2972 5456 3280 5510 tarditatem
3314 5463 3369 5510 et
3392 5469 3519 5525 gra-

1956 5556 2220 5612 cilitatem
2254 5553 2452 5622 lingua:
2487 5566 2550 5606 ac
2607 5550 2760 5605 vocis
2791 5564 2924 5613 sure,
2964 5557 3019 5602 et
3045 5556 3230 5618 postea
3253 5545 3523 5602 Jeremias
