3862 6218
286 325 392 388 793

1320 334 1706 396 LAUDATIO
1743 338 1995 405 TRIUM
2037 341 2478 408 BOCTORUM.

3445 361 3550 426 τοι

284 439 512 508 κλησίας
559 441 769 507 πάντας
805 444 1047 510 ἐκείνους
1082 447 1291 517 σχεδὸν,
1349 451 1444 505 καὶ
1486 451 1610 520 μηδ’
1643 453 1701 516 ἐξ
1731 454 1850 506 ὀνό-

1972 460 2268 530 )rtecipuos
2303 462 2507 518 Christi
2533 462 2833 535 discipulus
2858 467 3342 526 administrandam
3363 475 3543 539 adepti

285 549 456 603 ματος
513 537 664 605 παρὰ
721 539 947 602 τούτους
999 541 1404 609 γινώσκεσθαι·
1446 544 1624 598 καίτοι
1675 563 1738 613 γε
1769 548 1863 599 καὶ

290 626 504 678 πολλῶν
531 627 963 698 ἀναδειχθέντων
1013 633 1072 685 ἐν
1115 632 1193 702 τῷ
1228 636 1400 705 μέσῳ,
1437 636 1533 689 καὶ
1572 637 1716 690 κατὰ
1743 655 1866 692 και-

285 717 379 784 ρὸν
420 719 518 770 καὶ
571 718 842 788 λαμπρῶς
891 722 1390 794 ἀνακηρυχθέντων
1434 725 1526 778 καὶ
1580 726 1724 798 λόγῳ
1768 728 1864 782 καὶ

284 809 552 879 πολιτείᾳ.
625 810 768 862 Ἀλλ’
820 805 968 867 οὗτοι
1019 815 1115 868 καὶ
1156 815 1278 868 κατ’
1323 817 1490 886 ἄμφω
1525 817 1734 880 πάντας
1784 817 1863 889 τῷ

213 965 216 970 _
282 897 532 963 περιόντι
591 897 693 966 τῆς
751 901 946 968 αῐγλης
1010 900 1188 966 οὕτως
1255 905 1616 974 ἀπέκρυψαν,
1674 906 1864 978 ὥσπερ

282 988 526 1056 ἀστέρας
564 990 737 1061 ἥλιος.
771 991 834 1044 El
873 993 928 1046 δέ
967 1011 1108 1052 τινες
1139 997 1232 1049 καὶ
1266 998 1404 1067 μετά
1430 1000 1556 1061 τοὺς
1581 999 1865 1066 γενναίους

280 1078 506 1141 τούτους
546 1081 749 1152 ὑψηλόν
783 1101 835 1136 τι
867 1088 957 1138 καὶ
1000 1092 1247 1154 γενναῖον
1290 1092 1383 1142 ἐπὶ
1429 1091 1528 1161 τὴν
1552 1093 1728 1161 ἀρχὴν
1767 1095 1864 1162 τῆς

283 1173 554 1242 μεγίστης
601 1176 710 1228 τῶν
755 1178 1092 1244 Ἐκκλησιῶν
1139 1181 1503 1251 παρελθόντες
1565 1184 1864 1253 κατορθοῦν

277 1265 494 1330 ἔδοξαν,
554 1270 586 1337 ἢ
647 1273 740 1324 καὶ
801 1273 1196 1342 κατώρθωσαν,
1229 1276 1394 1338 εὐθὺς
1446 1277 1542 1328 καὶ
1601 1277 1863 1346 ήκλῆσις

276 1356 472 1420 αὐτοῖς
506 1360 758 1424 ἐκεῖθεν,
805 1366 900 1414 καὶ
947 1364 1007 1416 τὸ
1065 1365 1256 1417 καινὸν
1299 1365 1452 1434 παρά
1499 1367 1611 1418 τῶν
1657 1368 1865 1420 πιστῶν

277 1447 607 1517 πρόσρημα,
638 1451 748 1504 τῶν
801 1453 900 1521 μὲν
931 1454 1240 1522 προσόντων
1268 1453 1550 1524 ὀνομάτων
1577 1457 1686 1509 τῶν
1743 1473 1864 1510 ποι-

283 1541 470 1609 μένων
499 1541 748 1597 ἑκάστων
798 1547 1194 1617 σιωπωμένων.

1970 561 2121 618 sunt,
2149 554 2608 618 autecelluerunt,
2673 568 2732 612 ut
2786 563 3182 628 prepemodum
3249 565 3544 624 maximam

1971 653 2180 712 partem
2211 645 2450 700 universi
2480 647 2548 701 ab
2583 647 2821 704 Ecclesia
2859 652 3207 722 ignorentur,
3243 666 3297 709 et
3331 673 3440 724 prae
3465 658 3546 709 bis

1970 749 2072 787 nec
2102 734 2170 787 de
2229 739 2454 791 nomine
2486 739 2704 807 quidem
2755 755 3154 810 cognoscantur
3182 763 3199 800 :
3230 763 3542 816 quanquam

1969 832 2025 878 et
2054 825 2208 878 multi
2244 825 2296 878 in
2334 828 2514 882 medio
2568 832 2759 896 creati,
2783 844 2877 886 eta
2906 835 3151 889 doctrina
3193 837 3546 905 moribusque

1970 931 2079 969 non
2107 917 2330 988 vulgare
2367 923 2702 988 praeconium
2740 926 3018 980 consecuti
3065 927 3290 981 fuerint.
3343 929 3542 982 Verum

1970 1006 2026 1059 hi
2063 1009 2348 1076 utriusque
2375 1012 2681 1079 splendoris
2749 1017 3152 1084 magnitudine,
3223 1035 3330 1072 non
3383 1019 3544 1072 aliter

1970 1113 2132 1166 quam
2164 1099 2441 1155 sideribus
2480 1104 2612 1156 solis
2657 1105 2900 1168 claritas,
2932 1107 3317 1162 obscuritatem
3348 1111 3544 1162 attule-

1971 1198 2114 1242 runt.
2148 1192 2302 1256 Quod
2334 1193 2496 1262 siqui
2531 1195 2692 1250 etiam
2726 1207 2845 1265 post
2874 1213 3170 1266 generosos
3189 1201 3328 1254 istos
3359 1203 3410 1253 in
3445 1201 3544 1255 Ei:-

1969 1279 2256 1337 clesiarum
2291 1286 2539 1340 maxima;
2575 1287 2940 1358 principatum
2993 1291 3244 1359 ingressi,
3305 1308 3412 1344 non
3451 1293 3546 1349 hu-

1971 1371 2097 1424 mile
2161 1375 2420 1442 quiddam
2477 1387 2532 1430 et
2566 1379 2886 1447 praeclarum
2945 1396 3067 1434 cum
3097 1382 3254 1436 laude
3287 1393 3380 1436 aut
3413 1399 3548 1450 prac-

1970 1470 2117 1517 stare
2144 1465 2244 1518 visi
2273 1475 2422 1533 sunt,
2484 1478 2577 1522 aut
2633 1472 3030 1538 praestiterunt,
3085 1489 3204 1527 mox
3251 1474 3356 1526 illis
3418 1474 3545 1528 inde

1969 1553 2302 1621 appellatio,
2369 1568 2425 1612 et
2471 1575 2666 1613 nomen
2729 1577 2928 1616 novum
2991 1579 3024 1617 a
3088 1563 3340 1618 lidelibus
3398 1565 3544 1618 indi-

1971 1651 2084 1695 tum
2116 1652 2220 1708 est,
2249 1645 2451 1708 tacitis,
2482 1663 2603 1718 qua:
2629 1659 2879 1719 pastores
2911 1653 3106 1724 singuli
3135 1655 3399 1723 gerebant
3440 1671 3542 1708 no-

1971 1733 2230 1789 minibus.

369 1808 527 1863 Οὕτω
560 1812 654 1865 καὶ
679 1813 789 1865 τῶν
825 1814 1078 1882 μεγάλων
1133 1817 1376 1882 ἐκείνων,
1407 1817 1619 1888 ἀνδρῶν
1667 1836 1727 1872 τε
1767 1822 1862 1873 καὶ

2035 1826 2224 1896 Neque
2261 1842 2392 1883 vero
2423 1847 2645 1902 magnos
2677 1834 2818 1890 istos
2854 1835 2980 1902 viri,
3010 1837 3293 1898 mulieres,
3343 1839 3538 1906 vulgus

281 1903 592 1968 γυναικῶν,
620 1905 714 1956 καὶ
743 1907 964 1959 πάντων
995 1905 1136 1974 ὁμοῦ
1166 1907 1391 1970 τούτους
1420 1909 1860 1973 ἀποκαλούντων,

278 1991 386 2042 καὶ
421 1991 512 2042 τὸν
543 1991 830 2060 Θεολόγον,
881 1997 976 2048 καὶ
1023 1996 1118 2049 τὸν
1159 1997 1524 2064 Χρυσολόγον,
1573 2001 1666 2051 καὶ
1725 2000 1864 2068 μετά

283 2081 488 2150 πολλῆς
519 2101 662 2146 τινος
696 2085 794 2153 τῆς
815 2087 1010 2155 ἡδονῆς
1044 2091 1137 2141 καὶ
1165 2089 1262 2156 τῆς
1290 2089 1564 2154 ἀξιώσεως
1589 2090 1858 2159 ἐπιφημι-

285 2173 490 2236 ζόντων
520 2175 724 2238 αὐτοῖς·
757 2177 1048 2248 δεικνύσης
1095 2179 1196 2248 τῆς
1249 2180 1490 2249 Χριστοῦ
1531 2180 1864 2251 Ἐκκλησίας

289 2266 606 2329 κάντεῦθεν,
641 2269 761 2320 οὐδὲ
795 2271 967 2339 χωρὶς
1002 2271 1342 2339 Πνεύματος,
1389 2269 1565 2341 οτμαι,
1607 2272 1682 2336 ὡς
1716 2275 1866 2342 πρῶ-

297 2374 384 2410 τοι
435 2360 524 2411 καὶ
575 2361 726 2428 μόνοι
783 2363 970 2430 σχεδὸν
1017 2363 1212 2414 ἐκεῖνον
1272 2365 1408 2431 μετά
1459 2365 1583 2424 τοὺς
1615 2364 1865 2433 πρώτους

295 2450 616 2515 ἀποστόλους
673 2454 766 2505 καὶ
820 2454 1072 2522 ποιμένες
1136 2456 1244 2506 είσι
1301 2456 1394 2506 καὶ
1431 2454 1739 2508 διδάσκαλοι
1767 2457 1867 2526 τῆς

285 2541 527 2612 Χριστοῦ
568 2543 920 2614 Ἐκκλησίας,
954 2547 1054 2597 οὐκ
1102 2545 1274 2600 ἄλλοι.
1308 2546 1419 2598 Καὶ
1451 2545 1541 2598 διὰ
1569 2546 1733 2599 τοῦτο
1765 2547 1861 2600 καὶ

283 2630 389 2696 τῆς
415 2631 638 2684 ἐκείνων
689 2633 1070 2697 διδασκαλίας,
1108 2634 1203 2686 καὶ
1255 2635 1363 2687 τῶν
1413 2624 1717 2703 δογμάτων,
1773 2638 1867 2689 καὶ

283 2722 391 2788 τῆς
443 2721 742 2789 θεολογίας,
785 2725 977 2794 ὥσπερ
1037 2726 1200 2778 τινῶν
1262 2725 1426 2796 ἱερῶν
1482 2727 1706 2779 πλακῶν
1770 2729 1866 2780 καὶ

284 2813 455 2865 θείων
505 2815 845 2882 Εὐαγγελίων
898 2818 1232 2887 ἀντεχομένη
1259 2858 1272 2881 ,
1325 2822 1417 2872 καὶ
1453 2820 1549 2872 ἶσα
1587 2821 1684 2873 καὶ
1714 2818 1862 2889 ψυχῇ

287 2907 390 2959 καὶ
426 2908 538 2976 ζωῇ
588 2908 761 2962 ταῦτα
817 2909 1064 2977 φιλοῦσα,
1109 2911 1309 2978 μᾶλλον
1343 2910 1389 2963 δ’
1419 2913 1592 2964 εἰπεῖν
1630 2911 1866 2980 ἀληθῶς,

283 2998 390 3051 καὶ
420 3000 560 3067 ὑπὲρ
604 3000 852 3070 κεφαλήν
902 3019 963 3054 τε
1019 3001 1117 3054 καὶ
1153 3001 1300 3073 ζωὴν
1336 3003 1570 3070 ἄγουσα,
1605 3005 1726 3056 οὐδὲ
1760 3005 1869 3056 τῶν

1966 1932 2129 1972 omne
2167 1919 2279 1974 suis
2308 1923 2624 1978 nominibus
2684 1927 2918 1995 appellat
2943 1969 2957 1989 ,
2995 1929 3090 1982 sed
3128 1930 3219 1982 uni
3253 1929 3546 1998 Thcologi,

1966 2007 2122 2061 alteri
2153 2007 2521 2080 Chrysostomi
2551 2014 2896 2081 vocabulum,
2925 2031 3048 2069 eum
3080 2018 3282 2086 ingenti
3303 2017 3542 2086 quadam

1966 2099 2245 2168 voluptate
2267 2110 2321 2154 et
2345 2105 2674 2169 reverentia,
2713 2107 2995 2160 attribuit:
3033 2118 3084 2160 et
3111 2109 3348 2161 ostendit
3373 2109 3540 2161 etiam

1968 2189 2096 2245 hinc
2119 2191 2380 2258 Ecclesia,
2405 2210 2586 2265 neque
2609 2197 2660 2250 id
2690 2198 2804 2251 sine
2829 2198 3034 2267 Spiritu
3056 2199 3171 2262 Dei,
3197 2209 3256 2252 ut
3279 2200 3546 2267 arbitror,

1968 2281 2091 2335 illos
2114 2285 2338 2351 primos,
2356 2293 2410 2338 et
2430 2289 2819 2355 propemodum
2840 2291 2984 2343 solos
3003 2290 3303 2343 secundum
3329 2291 3540 2358 primos

1967 2374 2264 2442 apostolos,
2306 2377 2476 2431 totius
2510 2377 2764 2432 Ecclesia:
2796 2395 2890 2447 per
2936 2390 3206 2433 terrarum
3263 2381 3449 2433 orbem
3481 2387 3544 2433 ct

1969 2474 2213 2533 pastores
2247 2475 2302 2520 et
2333 2467 2587 2522 doctores
2617 2485 2762 2523 esse.
2832 2470 2898 2522 Et
2933 2471 3032 2523 hac
3061 2470 3250 2524 eadem
3279 2469 3344 2523 de
3371 2483 3540 2524 causa

1968 2557 2216 2626 ipsorum
2248 2557 2512 2613 doctrina:
2543 2560 2921 2629 dogmatisque
2944 2602 2959 2625 ,
3017 2571 3072 2615 et
3103 2561 3388 2627 theolo'gize
3418 2574 3540 2628 per-

1969 2651 2096 2705 inde
2132 2661 2190 2705 ut
2225 2655 2397 2708 sacris
2429 2655 2650 2718 tabulis,
2715 2652 3025 2722 divinisque
3081 2651 3390 2719 Evangeliis
3444 2650 3541 2701 ad-

1969 2742 2201 2808 haerens,
2229 2757 2401 2812 eaque
2434 2754 2490 2796 ut
2514 2742 2838 2810 animamet
2864 2745 3028 2798 vitam
3058 2756 3210 2796 suam
3239 2741 3545 2800 aestimans,

1969 2847 2070 2887 nec
2099 2833 2577 2902 appellationibus,
2636 2850 2737 2888 nec
2784 2818 2954 2888 sacris
2987 2847 3180 2885 eorum
3225 2830 3542 2884 nominibus

1973 2924 2249 2978 abstinere
2283 2924 2443 2977 vult:
2497 2926 2629 2993 quin
2662 2924 2828 2978 etiam
2882 2937 3020 2992 quos
3073 2921 3364 2989 magistros
3421 2929 3548 2987 post.

1971 3015 2090 3069 illos
2122 3025 2327 3079 amant,
2363 3024 2418 3068 et
2449 3015 2503 3069 in
2535 3015 2734 3084 quibus
2756 3015 2972 3068 illorum
3011 3012 3300 3082 imaginem
3340 3021 3394 3064 et
3418 3026 3543 3063 eru-

281 3094 695 3160 προσηγοριῶν,
747 3095 868 3146 οὐδὲ
929 3095 1040 3146 τῶν
1077 3094 1240 3164 ίερῶν
1298 3095 1582 3162 ὀνομάτων
1640 3097 1864 3148 ἐκείνων

1972 3109 2200 3163 ditionis
2234 3109 2460 3178 vestigia
2485 3111 2570 3163 vel
2602 3118 2860 3172 cernunt,
2913 3107 2996 3160 vel
3056 3122 3283 3161 cernere
3348 3105 3546 3157 saltem

279 3183 623 3248 ἀφίστασθαι
659 3183 840 3236 θέλει·
879 3186 1016 3238 ἀλλὰ
1068 3186 1162 3239 καὶ
1210 3185 1306 3249 οὓς
1367 3187 1476 3239 τῶν
1524 3187 1865 3240 διδασκάλων

279 3273 414 3342 μετ’
443 3276 683 3338 ἐκείνους
717 3275 930 3343 φιλοῦσι
960 3278 1054 3329 καὶ
1102 3276 1196 3328 τοῦ
1227 3278 1578 3346 χαρακτῆρος
1608 3277 1860 3341 ἐκείνων,

278 3366 384 3416 καὶ
413 3366 509 3434 τῆς
531 3366 881 3429 διδασκαλίας
932 3368 1052 3438 ἴχνη
1113 3368 1448 3436 καθορῶσιν,
1496 3368 1533 3436 ἢ
1587 3370 1684 3420 καὶ
1733 3371 1867 3439 έρᾷν

272 3457 425 3518 τέως
470 3458 528 3510 ἐν
565 3459 775 3520 τούτοις
819 3459 1058 3524 δοκοῦσι,
1093 3462 1210 3520 ταῖς
1263 3460 1486 3512 ἐκεί·.ων
1528 3460 1863 3512 ἀποκαλοῦσι

279 3551 722 3620 προσηγορίαις,
754 3553 846 3603 τόν
883 3567 940 3602 τε
982 3551 1117 3618 πρὸς
1145 3551 1272 3612 τοὺς
1299 3551 1569 3620 μεγάλους
1603 3551 1860 3618 ἀφοσιού⁶

279 3660 448 3711 μενοι
469 3645 632 3696 πόθον
661 3643 894 3713 (φιλοῦσι
940 3645 1033 3696 καὶ
1064 3645 1191 3714 γὰρ,
1212 3645 1396 3714 φησὶν,
1420 3645 1470 3694 ol
1499 3643 1703 3712 σφόδρα
1735 3643 1864 3711 περί

273 3752 339 3785 τι
392 3734 671 3803 ἐρωτικῶς
709 3734 1040 3799 διακείμενοι
1101 3735 1272 3805 ἡδέως
1325 3736 1562 3787 συνείνιι
1600 3735 1694 3786 καὶ
1750 3737 1863 3797 τοῖς

275 3825 562 3896 ὀνόμασι),
616 3829 712 3880 καὶ
760 3828 982 3888 τούτους
1044 3829 1107 3892 ἐξ
1160 3829 1385 3880 ἐκείνων
1437 3829 1545 3880 τῶν
1608 3827 1862 3895 μεγάλων

1968 3199 2074 3252 sibi
2127 3199 2404 3264 videntur,
2444 3199 2546 3254 bos
2602 3214 2791 3252 eorum
2852 3197 3228 3267 cognomentis
3281 3194 3541 3256 alliciunt,

1969 3302 2212 3341 amorem
2267 3303 2425 3342 suum
2485 3302 2614 3357 erga
2672 3287 2960 3356 magistros
2998 3286 3120 3340 illos
3153 3283 3544 3353 quoquomodo

1971 3376 2277 3430 indicantes
2313 3376 2532 3446 (solent
2576 3377 2745 3436 enim,
2781 3377 2982 3444 inquit,
3029 3377 3122 3443 qui
3166 3374 3551 3428 velietttenlius

1973 3469 2284 3535 quempiam
2335 3467 2590 3536 diligunt,
2628 3468 2863 3520 libenter
2928 3467 3095 3520 etiam
3161 3467 3279 3535 ejus
3343 3481 3541 3517 nomen

1973 3559 2280 3626 usurpare),
2318 3568 2373 3611 ct
2416 3573 2510 3612 e05
2528 3557 2819 3611 illustrium
2855 3558 3067 3611 illorum
3103 3556 3412 3608 nominibus
3449 3555 3550 3607 ho.-

1975 3659 2254 3711 norantes,
2294 3649 2845 3716 demonstrantesque
2903 3662 3011 3700 non
3079 3645 3266 3716 procul
3305 3646 3424 3698 illos
3475 3646 3546 3699 ab

1975 3740 2183 3793 umbris
2211 3748 2262 3793 et
2289 3740 2599 3793 simulacris
2634 3740 2831 3793 solium
2866 3739 3085 3794 illorutn
3120 3739 3334 3792 abesse.
3403 3737 3548 3791 Nam

1979 3829 2159 3882 ethoc
2192 3827 2326 3896 ipsis
2351 3844 2604 3897 magnum
2637 3828 2893 3897 quiddam
2927 3839 3033 3882 est.

278 3920 584 3986 τιμῶντες,
620 3929 714 3974 καὶ
743 3921 1091 3985 δεικνύντες,
1125 3921 1198 3984 ὡς
1239 3922 1299 3974 οὐ
1339 3921 1525 3992 πόρρω
1553 3920 1663 3972 τῶν
1688 3918 1858 3972 σκιῶν
1899 3922 1994 3974 καὶ
2033 3920 2142 3973 τῶν
2181 3919 2514 3991 ἰνδαλμάτων
2548 3921 2682 3983 τέως
2724 3920 2832 3973 τῶν
2892 3921 3057 3990 ἡλίων
3124 3921 3348 3976 ἐκείνων
3388 3922 3552 3991 ἐστήο

280 4034 446 4069 κασι.
486 4017 646 4085 Μέγα
678 4017 783 4086 γὰρ
822 4017 1034 4079 τούτοις
1068 4015 1372 4070 καὶτοῦτο.

370 4115 436 4165 Ἀ
460 4113 522 4182 δὴ
561 4114 658 4166 καὶ
688 4113 798 4164 τῶν
837 4112 1016 4180 σοφῶν
1063 4129 1147 4175 τις
1197 4111 1375 4182 μικρῷ
1412 4114 1516 4182 πρ),
1548 4113 1704 4180 ἡμῶν
1741 4111 1874 4164 καθ’

276 4205 480 4257 ἑαυτὸν
533 4203 721 4271 ῶσπερ
765 4202 1192 4273 ὗποθαυμάξων,
1235 4205 1334 4256 καὶ
1386 4203 1445 4255 τὸ
1505 4205 1734 4273 μέγεθος
1762 4203 1868 4270 τῆς

280 4297 642 4366 παντοδαπῆς
689 4297 901 4364 σοφίας,
937 4300 1028 4350 καὶ
1056 4300 1156 4364 τὴν
1193 4296 1286 4348 τοῦ
1327 4297 1490 4362 λόγου
1533 4295 1736 4364 πηγὴν,
1769 4298 1864 4347 καὶ

274 4395 354 4443 τὸ
389 4390 522 4457 ὕψος
558 4389 694 4459 ὁμοῦ
741 4390 832 4441 καὶ
869 4389 927 4441 τὸ
952 4388 1155 4451 πλάτος
1195 4389 1298 4456 τῆς
1340 4387 1450 4441 τῶν
1493 4386 1748 4457 μεγάλων
1781 4388 1861 4440 δι-

2049 4113 2178 4179 Quae
2214 4114 2342 4168 item
2398 4110 2618 4180 sapiens
2645 4111 2865 4180 quidam
2926 4114 3088 4181 paulo
3121 4122 3246 4166 ante
3299 4123 3544 4166 nostram

1976 4206 2291 4258 memoriam
2323 4221 2506 4260 secum
2542 4206 2840 4266 admirans,
2875 4213 2930 4258 et
2960 4205 3325 4273 przestantiam
3364 4206 3546 4279 cujus-

1973 4313 2081 4366 que
2109 4296 2326 4365 generis
2361 4297 2667 4366 sapienti-.e,
2697 4307 2751 4350 et
2781 4296 3049 4350 orationis
3091 4295 3324 4361 fontem,
3377 4297 3548 4350 subli-

1971 4397 2282 4456 malemque
2319 4396 2375 4440 et
2425 4387 2841 4456 amplitudinem
2906 4385 3172 4439 doctrina:
3224 4401 3544 4456 magnorum

278 4484 588 4546 δασκαλίας
626 4481 924 4553 ὑπερφυῶς
968 4481 1442 4550 ἐκπληττόμενος,
1492 4482 1586 4533 καὶ
1623 4475 1736 4532 οἷον
1782 4481 1862 4532 εί-

1972 4480 2202 4534 istorum
2255 4478 2487 4532 miriﬁce
2516 4477 2938 4546 obstupescens,
2992 4493 3056 4530 ac
3087 4477 3232 4530 velut
3257 4477 3548 4547 imaginem

281 4577 427 4628 κόνα
458 4575 581 4626 τινα
609 4573 703 4626 τοῦ
735 4574 854 4626 κατ’
894 4574 1091 4636 αὐτοὺς
1123 4573 1451 4641 πράγματος
1496 4571 1863 4624 ἀναπλάττειν

278 4665 519 4728 ἐθέλων,
561 4663 708 4717 οὕτω
739 4681 854 4726 πως
883 4661 1035 4731 ἔλεγε
1088 4663 1222 4730 πρὶς
1253 4663 1382 4722 τοὺς
1413 4662 1535 4713 τότε
1581 4661 1863 4722 συνόντας·

278 4761 363 4815 Εἴ
399 4776 504 4820 τις,
555 4759 710 4828 φησὶ,
743 4757 822 4826 τῷ
859 4757 1082 4828 μεγάλῳ
1126 4758 1217 4808 καὶ
1257 4754 1445 4825 ὑψηλῷ
1489 4755 1662 4820 τούτῳ
1698 4755 1862 4817 κίονι,

279 4850 374 4918 τῷ
429 4851 521 4903 τὸν
583 4849 867 4918 βασιλικὸν
925 4847 1220 4916 ἀνδριάντα
1276 4847 1420 4915 ὑπὲρ
1466 4846 1562 4914 τῆς
1620 4844 1864 4912 κεφαλῆς

283 4946 516 5016 φέροντι
548 4945 780 5012 (ἐκεῖνον
827 4941 1028 5010 δηλαδὴ
1072 4939 1162 4993 τὸν
1202 4938 1355 4991 κίονα
1392 4937 1586 5004 λέγων,
1625 4937 1716 4988 τὸν
1759 4936 1867 5004 πρὸ

282 5037 483 5090 πυλῶν
509 5034 602 5087 τοῦ
631 5033 890 5105 μεγίστου
925 5035 1030 5084 νεὼ
1059 5031 1159 5101 τῆς
1196 5029 1292 5083 τοῦ
1322 5029 1458 5082 Θεοῦ
1488 5030 1682 5098 σοφίας
1713 5031 1865 5083 ἱστά-

287 5123 503 5193 μενον),
563 5124 615 5174 εῐ
657 5139 740 5184 τις
802 5118 896 5174 οὖν
946 5120 1162 5188 ἐκείνῳ,
1217 5121 1392 5189 φησι,
1449 5119 1690 5172 τοιοῦτον
1742 5120 1865 5172 καθ’

284 5215 554 5270 ὑπόθεσιν
607 5215 796 5284 ἓτερον
851 5213 1089 5282 ἐπέθηκε
1156 5212 1332 5275 κίονα,
1387 5212 1478 5263 καὶ
1542 5211 1636 5263 ἐπὶ
1693 5211 1867 5280 τούτῳ

285 5309 482 5374 τρίτον
534 5307 792 5366 ὡσαύτως
835 5305 992 5357 ἄλλον
1028 5305 1319 5372 ἀνέστησιν
1341 5343 1355 5366 ,
1391 5302 1542 5364 ἴσους
1583 5302 1778 5370 ἐκείνῳ
1809 5302 1869 5353 τὸ

289 5397 432 5466 W0;
461 5415 519 5448 τε
550 5401 643 5450 καὶ
680 5397 740 5448 τὸ
794 5395 1044 5466 μέγεθος,
1083 5395 1174 5446 ἐπὶ
1203 5397 1302 5461 τῆς
1338 5394 1516 5465 ἄκρας
1554 5392 1649 5444 τοῦ
1682 5393 1867 5462 τρίτου

286 5488 398 5555 τῆς
432 5488 675 5556 κορυφῆς
710 5488 942 5549 ἐκείνου,
990 5489 1142 5550 δέον,
1179 5481 1333 5538 εἷπον
1371 5486 1437 5538 ἂν
1481 5484 1681 5552 ἔγωγε,
1727 5482 1867 5535 εἶναι

289 5583 427 5642 τοὺς
459 5584 610 5650 τρεῖς
655 5583 1042 5650 παγκοσμίους
1074 5578 1430 5639 διδασκάλους
1456 5575 1682 5637 τούτους
1721 5576 1868 5627 ἵστα-

299 5677 449 5736 σθαι,
491 5676 582 5728 καὶ
632 5675 903 5727 διδάσκειν
953 5673 1088 5743 ὁμοῦ
1129 5673 1228 5742 τὴν
1281 5673 1368 5739 ὑφ’
1403 5671 1574 5741 ἥλιον,
1623 5671 1713 5721 ἐπὶ
1771 5671 1869 5736 τῆς

295 5764 407 5832 γῆς
443 5765 610 5830 κάτω,
671 5765 796 5832 περὶ
853 5764 951 5832 τὴν
1008 5763 1096 5814 τοῦ
1163 5760 1398 5831 πρώτου⁹
1451 5760 1615 5827 φημὶ,
1675 5758 1868 5811 στύλον

1968 4570 2266 4641 quamdam
2301 4585 2491 4624 eorum
2527 4569 2860 4624 excellentiae
2898 4569 3153 4639 ellingere
3195 4570 3400 4634 volens,
3442 4570 3544 4634 sic,

1967 4665 2059 4734 qui
2089 4673 2217 4718 tunc
2258 4663 2488 4718 aderant
2529 4664 2824 4718 familiares
2864 4675 2946 4718 est
2976 4664 3248 4718 allocutus
3281 4682 3294 4716 :
3334 4663 3389 4718 Si
3420 4666 3546 4729 quis

1970 4756 2099 4810 huic
2132 4757 2322 4825 grandi
2351 4764 2405 4810 et
2433 4749 2662 4810 excelsa:
2687 4759 2980 4820 columnae,
3009 4759 3060 4809 in
3095 4757 3250 4825 cujus
3287 4767 3562 4830 supremo;

1971 4847 2322 4916 imperatoris
2345 4855 2521 4901 statua
2545 4857 2628 4901 est
2659 4849 2920 4902 collocata
2969 4848 3138 4916 (illam
3168 4847 3420 4899 Videlicet
3448 4863 3542 4899 eo-

1968 4938 2468 5003 lumnamdicebat,
2525 4953 2645 5006 quae
2687 4947 2812 4990 ante
2862 4947 3045 5005 portas
3100 4936 3318 4988 maximi
3356 4936 3539 5004 templi

1970 5024 2064 5078 Dei
2098 5025 2380 5093 sapientia:
2409 5023 2664 5090 visitur);
2706 5025 2749 5078 si
2808 5023 2930 5092 quis
2960 5024 3123 5092 igitur
3157 5022 3284 5076 huic
3312 5023 3539 5075 alteram

1973 5116 2134 5169 talem
2176 5117 2484 5184 imponeret
2519 5117 2672 5177 (licet
2709 5116 2854 5168 enim
2887 5114 3135 5184 lingere),
3165 5124 3220 5167 et
3281 5130 3444 5183 super
3477 5131 3539 5167 ea

1972 5207 2196 5275 insuper
2225 5207 2439 5260 tertiam
2481 5206 2710 5268 locaret,
2737 5207 3105 5260 crassitudine
3134 5204 3538 5271 altitudiueque

1972 5299 2230 5366 similem,
2280 5298 2333 5351 in
2363 5299 2570 5354 vertice
2603 5300 2765 5368 hujus
2799 5301 2973 5353 tertia:
3006 5300 3275 5352 columna:
3305 5310 3405 5365 ego
3431 5304 3542 5349 tres

1973 5393 2095 5447 illos
2131 5392 2296 5445 totius
2325 5389 2478 5444 orbis
2513 5389 2801 5459 magistros
2835 5388 3254 5442 constituerent.
3287 5394 3343 5439 et
3382 5384 3543 5453 quid-

1972 5483 2106 5552 quid
2142 5482 2244 5536 sub
2278 5481 2390 5534 sole
2416 5480 2660 5550 gentium
2696 5488 2800 5539 est,
2831 5478 2956 5531 inde
2986 5477 3146 5530 simul
3183 5490 3276 5528 eos
3301 5474 3496 5528 docere
3525 5492 3538 5527 :

1974 5577 2124 5628 humi
2155 5584 2360 5637 autem,
2420 5572 2486 5625 ad
2539 5571 2690 5625 basin
2723 5571 2910 5640 prima?
2947 5569 3217 5622 eulumnzc
3248 5582 3438 5620 omnes
3468 5567 3545 5621 si-

1975 5666 2085 5718 mul
2126 5664 2401 5732 sapientes
2431 5677 2493 5715 ac
2525 5662 2813 5730 magistros
2847 5661 2899 5714 in
2928 5660 3115 5712 urbem
3150 5658 3541 5722 circumfusos,

1975 5773 2102 5812 suas
2142 5755 2382 5826 ipsorum
2419 5753 2738 5824 disciplinas
2765 5758 2974 5807 tradere
3007 5758 3261 5820 Oportere
3303 5750 3543 5803 allirma-
