3862 6218
381 246 489 307 'l95
1431 247 1852 310 PHILOTIIEI
1895 249 1972 308 CF

2077 247 2320 306 'ATRIA
2331 245 2554 305 RCIHE
3511 247 3604 311 ’196

383 377 520 414 rem.
555 361 729 416 Tanta
763 371 867 426 est,
900 361 1097 431 inquit,
1128 361 1325 415 horum
1357 361 1578 419 Patrum
1612 364 1847 432 dignitas
1898 371 1956 415 et

2077 360 2243 420 idem.
2286 360 2494 423 πάντας
2519 356 2654 428 ὁμοῦ
2701 358 2894 428 σοφούς
2931 377 2991 414 τε
3022 360 3114 414 καὶ
3142 359 3497 425 διδασκάλους
3525 363 3609 416 κύ-

382 451 700 505 auctoritas.
769 451 834 506 Et
866 451 979 506 haac
1025 451 1246 520 quidem
1298 453 1408 508 ille.
1467 454 1576 523 Ego
1606 469 1736 508 vero
1777 454 1942 508 etiam

2077 452 2160 520 ιλῳ
2193 452 2322 520 περὶ
2359 452 2555 512 αὐτοὺς
2600 450 2845 520 ἔχοντας,
2888 453 2983 504 καὶ
3015 452 3106 504 τὸν
3139 453 3277 505 ῐδιον
3300 451 3458 519 λόγον
3487 453 3612 506 atas.

383 539 518 593 huic
547 540 780 594 sermoni
821 540 1029 608 pridem
1055 540 1340 612 suffragnr,
1400 541 1738 612 optimeque,
1802 551 1858 596 et
1888 550 1948 597 ut

2077 559 2298 602 τκοντας.
2329 541 2621 606 Τοσοῦτον,
2659 543 2816 610 φησὶ,
2857 544 2918 596 τδ
2971 545 3088 596 κατ’
3114 543 3321 602 αὐτούς
3354 545 3488 599 ἐστι.
3519 544 3607 598 Καὶ

385 645 488 698 par
540 630 664 694 fuit,
726 631 937 684 dictum
992 633 1207 698 sentio,
1246 633 1502 702 idemque
1549 635 1946 690 allirmaturum

2083 633 2220 687 αὕτα
2257 633 2358 702 μὲν
2389 636 2617 694 ἐκεῖνος’
2651 633 2764 701 ἐγὼ
2796 634 2854 688 δέ
2888 636 2982 688 καὶ
3022 635 3186 697 αὐτὸς
3221 636 3364 697 τέως
3386 620 3607 704 τῷλόγῳ

385 721 681 789 quemlibet
706 729 952 789 autumo,
976 723 1068 793 qui
1104 724 1226 779 illos
1260 725 1496 780 noverit.

452 985 530 1041 Ac
562 987 795 1042 Basilius
826 1003 958 1044 sane
986 999 1043 1044 et
1087 989 1383 1061 Gregorius
1437 994 1618 1063 magni
1647 992 1827 1060 factis,
1861 994 1959 1050 do-

385 1081 566 1135 ctrina
600 1081 1017 1152 divinarumque
1048 1083 1454 1153 Scripturarum
1477 1087 1952 1155 explicationibus,

386 1169 855 1238 disputationibus
916 1171 1257 1240 theologicis,
1311 1183 1365 1227 et
1416 1190 1630 1228 morum
1669 1176 1956 1245 praeceptis

385 1259 584 1314 Christi
618 1259 915 1314 Ecclesiam
971 1261 1396 1318 cohonestarunt
1433 1280 1447 1317 :
1478 1280 1579 1320 nec
1629 1265 1764 1320 satis
1816 1281 1956 1335 queo

388 1351 594 1416 dicere,
628 1352 680 1406 in
712 1368 820 1421 quo
859 1369 888 1407 a
933 1369 1018 1408 me
1048 1355 1321 1410 dictorum
1373 1357 1425 1410 id
1459 1359 1791 1412 cumulatius
1821 1374 1960 1428 prae-

385 1444 629 1497 stiterint
649 1485 662 1507 ,
699 1454 988 1514 propterea
1008 1447 1151 1514 quod
1181 1447 1233 1500 in
1262 1449 1517 1503 omnibus
1541 1465 1753 1504 summe
1782 1451 1960 1506 claru-

388 1534 552 1599 erint,
607 1550 709 1588 nec
746 1535 960 1603 possint
991 1537 1078 1590 illa
1110 1552 1138 1590 a
1168 1553 1443 1609 quoquam
1478 1540 1587 1594 ullo
1613 1541 1775 1595 modo
1817 1543 1962 1598 inter

387 1641 446 1680 se
484 1629 790 1695 comparari
825 1648 838 1682 :
871 1645 1186 1698 quanquam
1223 1631 1240 1700 (
1275 1635 1418 1701 quod
1480 1649 1604 1686 cum
1661 1634 1962 1700 major-ibus

2052 726 2391 795 συντίθεμαν
2423 726 2519 778 καὶ
2550 725 2815 780 κάλλιστα
2875 728 2971 780 καὶ
3006 728 3340 797 πρεπόντως
3381 725 3606 796 εἰρῆσθαι

2051 816 2240 869 τοῦτόν
2273 834 2441 885 φημι,
2482 815 2639 885 οἶμαι
2671 817 2716 870 δ’
2742 819 2828 872 ὅτι
2873 819 2970 871 καὶ
3010 818 3122 870 τῶν
3157 817 3344 881 καλῶς
3390 817 3607 879 ἐκείνους
3642 868 3656 882 ,

2054 908 2272 961 εἰδότων
2315 909 2416 962 ἒκα
2425 927 2570 973 στος.
2904 972 2916 980 ς

2128 1001 2240 1053 Καὶ
2284 1001 2563 1063 Βασίλειος
2615 1004 2717 1070 μὲν
2763 1003 2927 1074 ὁμοῦ,
2961 1003 3055 1055 xui.
3090 1001 3417 1079 Τρηγὸριος
3448 999 3495 1052 οἳ
3523 1015 3605 1066 με·

2057 1091 2232 1160 γάλοι.
2257 1093 2439 1161 ἔργοις
2460 1094 2553 1146 καὶ
2589 1094 2797 1162 λύγοις,
2834 1096 2928 1148 καὶ
2969 1095 3128 1148 θείων
3157 1093 3398 1162 Γραφῶν
3433 1091 3608 1160 ἐξηγῇ.

2061 1200 2178 1237 σεσι
2234 1186 2327 1236 καὶ
2367 1183 2688 1252 θεολογίαις,
2745 1188 2839 1242 καὶ
2879 1187 3241 1255 παραινέσεσι
3284 1185 3498 1254 ἠθικαῖς
3527 1185 3608 1252 τὴν

2059 1274 2296 1342 Χριστοῦ
2320 1277 2840 1344 κατακοσμήσαντες
2881 1277 3232 1344 Ἐκκλησίαν,
3272 1273 3510 1346 ἀκριϐῶς
3535 1273 3609 1324 λέ-

2059 1386 2178 1436 γειν
2203 1369 2304 1421 οὐκ
2333 1367 2440 1438 ἔχω
2466 1368 2524 1421 ἐν
2538 1369 2642 1423 τίνι
2670 1371 2778 1422 τῶν
2807 1370 3110 1438 εἰρημένων
3144 1368 3359 1422 τούτων
3386 1369 3444 1420 τὸ
3476 1367 3610 1420 πλέον

2075 1459 2341 1528 ἐσχήκασι
2391 1475 2405 1490 ·
2466 1459 2563 1512 καὶ
2609 1459 2768 1512 τοῦτο
2828 1460 2916 1514 διὰ
2966 1459 3028 1512 τὸ
3077 1460 3137 1512 ἐν
3192 1460 3367 1511 πᾶσιν
3415 1457 3609 1528 ἄκρως,

2063 1541 2258 1616 οἶμαι.
2301 1546 2541 1618 ⁸τούτους
2581 1548 2876 1617 ἐκλάμψαι,
2945 1549 3043 1602 καὶ
3085 1549 3220 1611 τοὺς
3285 1538 3610 1616 βουλομένους

2071 1638 2294 1706 μετρεῖν
2343 1652 2401 1687 τε
2436 1637 2533 1688 καὶ
2557 1641 2936 1707 παραμετρεῖν
2972 1637 3230 1706 ἀλλήλοις
3259 1638 3441 1688 ἐκεῖνα
3468 1637 3612 1705 μηδα-

391 1719 622 1778 nostris.
681 1729 793 1772 ttnn
831 1723 1031 1775 emeris
1070 1725 1240 1776 etiam
1279 1725 1594 1779 hominibus
1617 1725 1794 1778 visum
1827 1735 1908 1778 est
1941 1726 1958 1793 )

2077 1701 2191 1796 μῶς
2209 1724 2490 1778 δύνασθαι.
2521 1726 2671 1788 Τέως
2705 1701 2768 1794 γε
2811 1701 2919 1796 μὴν
2949 1728 3047 1797 (ὡς
3065 1701 3165 1781 καὶ
3204 1731 3320 1790 τοῖς
3343 1727 3447 1796 πρὸ
3469 1701 3610 1796 τήμῶν

390 1811 456 1863 ad
479 1811 762 1882 theologize
786 1825 1022 1867 montem
1055 1823 1110 1869 et
1150 1817 1374 1870 verbum
1405 1827 1963 1886 magtsaccesserunl,

392 1901 719 1972 divitiasque
750 1920 912 1959 voces
946 1905 1085 1970 illas,
1128 1914 1181 1959 ct
1240 1907 1573 1977 singularem
1626 1909 1966 1977 perfectissi-

394 2009 649 2061 mamque
714 1993 782 2047 de
841 1995 1108 2050 Trinitate
1147 1997 1471 2068 theologiam
1514 2015 1543 2052 a
1588 1999 1697 2053 Deo
1767 1999 1964 2077 Verbo,

391 2084 537 2153 quod
598 2086 700 2140 fuit
735 2087 788 2140 in
823 2087 1094 2157 principio
1149 2091 1290 2160 apud
1348 2091 1542 2155 Deum,
1601 2092 1969 2146 secretissima

390 2188 732 2246 susceptum,
773 2193 964 2234 omnes
999 2181 1309 2236 docuerunt
1347 2200 1360 2236 :
1406 2184 1550 2237 sicut
1597 2192 1654 2238 et
1709 2199 1810 2238 nos
1853 2184 1964 2252 jam

397 2278 673 2338 utcunque
734 2286 800 2324 ex
858 2273 1197 2328 admirandis
1249 2285 1304 2328 et
1362 2276 1690 2346 theologicis
1719 2277 1964 2346 ipsorum

391 2357 576 2412 verbis
621 2358 1138 2417 demonstravimus.
1169 2363 1452 2434 Siquidem
1482 2375 1536 2422 et
1567 2367 1632 2420 ad
1665 2367 1778 2420 haec
1809 2382 1970 2434 gene-

391 2461 549 2502 rosos
574 2447 697 2522 illos
730 2459 946 2519 tempus
1005 2453 1480 2524 ecclesiarumque
1521 2457 1764 2511 conditio
1791 2465 1847 2512 et
1873 2471 1970 2511 ne-

395 2539 623 2594 cessitas
653 2541 828 2609 magis
857 2543 1089 2624 vocabat
1115 2559 1129 2598 :
1160 2557 1296 2612 quas
1319 2559 1422 2599 nec
1442 2545 1655 2599 modica
1674 2555 1970 2615 tempestas

394 2643 452 2686 et
467 2633 666 2688 bellum
692 2649 857 2706 grave
889 2643 1017 2689 tunc
1039 2637 1403 2705 opprimebat,
1431 2651 1577 2704 cum,
1609 2638 1747 2708 proh
1781 2637 1966 2692 dolor!

395 2724 709 2780 sacerdotes
748 2736 804 2781 et
855 2735 1104 2794 pastores
1151 2727 1203 2780 in
1235 2727 1405 2781 Deum
1437 2729 1605 2798 impie
1636 2739 1883 2798 agerent,
1916 2740 1973 2782 et

396 2815 750 2869 vehementer
777 2817 1101 2880 insanircnt,
1131 2827 1188 2870 ut
1215 2827 1437 2881 sanctus
1464 2817 1733 2872 Jeremias
1783 2817 1860 2871 ait
1901 2818 1969 2881 ³ο,

397 2909 826 2976 imperatoribus
880 2878 1378 2978 patrociniantibus,
1435 2918 1492 2964 et
1546 2910 1736 2963 ἀθεῖαν
1777 2911 1972 2965 acerbe

2067 1833 2126 1868 τε
2157 1815 2252 1870 καὶ
2288 1818 2399 1880 τοῖς
2428 1817 2524 1870 σὺν
2561 1819 2692 1886 ἡμῖν
2727 1817 2922 1888 ἔδοξε),
2961 1818 3039 1887 τῷ
3069 1819 3171 1887 τῆς
3209 1818 3482 1884 θεολογίας
3517 1818 3610 1884 δρει

2071 1907 2274 1977 μᾶλλον
2323 1910 2416 1961 καὶ
2467 1909 2545 1979 τῷ
2588 1909 2727 1976 λόγῳ
2770 1910 3147 1981 προσέδησαν,
3196 1912 3296 1964 καὶ
3342 1911 3439 1972 τὰς
3486 1910 3610 1970 θείας

2069 1998 2286 2060 ἐκείνας
2323 2000 2529 2066 φωνὰς,
2572 2000 2668 2052 καὶ
2701 2000 2800 2069 τὴν
2829 2000 3086 2068 ὑπερφυᾶ
3113 2000 3212 2054 καὶ
3249 2002 3506 2069 μεγίστην
3532 1998 3612 2065 τῆς

2073 2088 2321 2160 μεγάλης
2368 2089 2598 2157 Τριάδος
2631 2089 2937 2158 θεολογίαν,
2971 2092 3126 2159 παρὰ
3159 2091 3258 2145 τοῦ
3297 2092 3429 2144 Θεοῦ
3460 2090 3609 2156 Λόγου

2068 2179 2164 2232 τοῦ
2218 2181 2276 2230 ἐν
2315 2179 2457 2250 ἀρχῇ
2490 2180 2680 2245 ὄντος,
2726 2184 2821 2234 καὶ
2862 2182 3000 2250 προς
3042 2185 3138 2234 τὸν
3187 2183 3323 2235 Θεὸν
3375 2182 3515 2244 ὄντος
3565 2183 3613 2232 ἐν

2069 2273 2408 2342 ἀπορρήτοις
2458 2272 2767 2341 δεξάμενοι,
2827 2274 3039 2335 πάντας
3095 2274 3386 2340 ἐδίδαξαν·
3432 2273 3501 2334 ὡς
3533 2271 3612 2322 καὶ

2069 2367 2232 2434 ⁴ἡμεῖς
2285 2365 2384 2435 ἤδη
2425 2365 2734 2433 φθάσαντες
2774 2364 2883 2418 ἀπὸ
2919 2365 3122 2435 μέρους
3153 2365 3246 2418 διὰ
3291 2364 3395 2416 τῶν
3423 2363 3609 2430 θαυμα-

2072 2457 2213 2508 στῶν
2256 2455 2436 2508 αὐτῶν
2468 2455 2639 2522 λόγων
2685 2456 2780 2507 καὶ
2833 2455 2931 2522 τῆς
2986 2455 3274 2521 θεολογίας
3332 2453 3606 2519 ἐδείξαμεν.

2081 2546 2236 2598 Ἐπεὶ
2297 2547 2393 2598 ml.
2439 2545 2575 2614 πρὸς
2618 2544 2793 2597 ταῦτα
2854 2545 2982 2606 τοὺς
3039 2543 3330 2608 γενναίους
3373 2546 3400 2596 ὁ
3445 2541 3609 2609 καιρὸς

2072 2639 2275 2699 ἐκεῖνος
2340 2635 2540 2705 μᾶλλον
2620 2635 2844 2701 ἐκάλει,
2887 2635 2982 2686 καὶ
3038 2635 3106 2686 τὰ
3169 2636 3278 2687 τῶν
3338 2629 3608 2701 ἐκκλησιῶν

2072 2735 2395 2801 πράγματα’
2431 2731 2526 2782 καὶ
2578 2731 2757 2797 μέγας
2808 2745 2894 2790 τις
2947 2723 3016 2798 ἦν
3063 2727 3125 2780 τὸ
3175 2724 3472 2796 τηνικαῦτα
3512 2722 3608 2780 ni;

2075 2822 2396 2892 ἐκκλησίαις
2427 2822 2456 2872 ὁ
2485 2819 2714 2888 χειμὼν,
2749 2818 2844 2870 καὶ
2881 2818 2908 2868 ὁ
2955 2815 3220 2885 πόλεμος,
3261 2815 3462 2885 ἱερέων,
3489 2808 3604 2878 φεῦί

2073 2917 2170 2969 καὶ
2215 2915 2490 2984 ποιμένων
2564 2913 2645 2974 είς
2696 2910 2830 2963 Θεὸν
2904 2908 3272 2973 ἀσεϐούντων,
3319 2905 3409 2960 καὶ
3454 2901 3608 2959 δεινῶς

402 2999 817 3066 ulciscentibus,
841 2999 1146 3070 auiicisque
1165 3001 1524 3056 nihilominus
1541 3017 1663 3056 cum
1678 3001 1970 3068 eunuchis,

2077 3007 2469 3079 ἀφραινόντων,
2583 3020 2750 3073 φησιν
2789 3004 2818 3056 ὁ
2846 3001 3004 3063 θεῖος
3050 2999 3352 3070 Ἱερεμίας,
3385 2992 3607 3100 βασιλέων

398 3101 458 3146 et
477 3108 752 3164 gynzecco,
792 3094 1204 3160 contubernali,
1251 3096 1497 3162 inquam,
1540 3111 1640 3150 seu
1671 3095 1972 3150 domestica

2079 3097 2526 3168 συνηγορούντων
2560 3137 2576 3162 ,
2631 3097 2726 3149 καὶ
2773 3093 2988 3164 πικρῶς
3062 3089 3490 3146 ἐπεκδικούντων
3527 3086 3606 3151 τὴν

399 3187 500 3239 ista
529 3185 791 3239 societate
855 3186 1226 3256 improbitatis
1287 3188 1500 3242 auctori
1554 3203 1660 3243 una
1712 3187 1972 3242 militante

2077 3189 2288 3252 ἀθεῖαν,
2318 3188 2414 3240 καὶ
2467 3187 2574 3240 τῶν
2629 3185 2855 3257 περὶτὰ
2906 3185 3160 3255 βασίλεια
3212 3185 3309 3249 οὐχ
3357 3179 3505 3254 ἦττον
3531 3180 3606 3232 σὺν

399 3286 565 3346 atque
597 3293 754 3346 opem
791 3278 1023 3333 ferente.
1057 3280 1234 3348 Atque
1256 3269 1568 3350 hujusmodi
1601 3279 1972 3350 gubernatori-

2077 3280 2355 3350 εὐνούχοις
2400 3279 2540 3349 ἅμα,
2585 3281 2680 3332 καὶ
2711 3282 2774 3349 τῇ
2808 3279 3246 3346 γυναικωνίτιδι,
3294 3280 3357 3347 τῇ
3395 3273 3605 3371 συνοίκιιζι

402 3369 506 3423 bus
531 3368 875 3440 ducibusque
900 3369 1100 3425 Christi
1139 3371 1375 3425 Ecclesia
1401 3371 1700 3442 indigebat.
1763 3371 1972 3426 Idcirco

2077 3372 2243 3440 φημὶ,
2280 3371 2376 3423 καὶ
2415 3371 2650 3440 συζυγίᾳ
2700 3371 2872 3439 ταύτῃ
2928 3371 3007 3438 τῷ
3047 3370 3150 3437 τῆς
3191 3371 3386 3430 κακίας
3413 3368 3604 3436 anno

400 3472 456 3514 et
487 3460 597 3515 huc
623 3462 858 3530 desuper
886 3462 1087 3524 vocati,
1124 3472 1179 3515 ut
1202 3463 1310 3533 jam
1352 3462 1608 3524 diximus,
1648 3463 1852 3532 Deique
1884 3477 1978 3531 pa-

402 3554 584 3622 noplia
605 3562 661 3608 et
697 3556 1255 3624 munimentiscntcti,
1286 3564 1334 3608 et
1357 3555 1536 3627 gladio
1564 3553 1815 3624 Spiritus,
1838 3552 1979 3623 quod

402 3653 478 3697 est
505 3649 718 3698 verbum
759 3646 921 3706 Dei".
954 3646 1007 3700 in
1043 3661 1237 3700 manus
1268 3655 1518 3716 accepto,
1547 3660 1798 3700 errorum
1823 3657 1979 3698 arces

403 3733 638 3787 viriliter
671 3744 1010 3799 everterunt,
1035 3734 1232 3790 fortem
1265 3735 1320 3788 in
1349 3735 1598 3803 nequitia
1637 3733 1842 3788 virtute
1875 3735 1983 3801 spi-

404 3826 546 3879 ritus
575 3825 894 3893 alligarunt,
949 3837 1003 3880 et
1033 3840 1159 3879 vasa
1193 3829 1314 3894 ejus
1344 3825 1716 3895 diripuerunt,
1745 3826 1887 3880 sicut
1924 3829 1978 3881 in

405 3915 702 3985 Evangelia
729 3915 983 3969 Christus
1012 3914 1160 3979 ait”,
1218 3929 1366 3967 nunc
1420 3913 1640 3980 quidem
1679 3928 1802 3966 cum
1836 3928 1978 3982 prte-

407 4010 565 4062 l'ectis
589 4017 645 4061 et
677 4006 1123 4075 imperatoribus,
1153 4019 1299 4058 nunc
1317 4020 1440 4056 cum
1461 4003 1816 4057 ecclesiarum
1844 4021 1981 4073 pra:-

407 4102 645 4160 sulibus,
676 4108 730 4153 et
763 4099 908 4167 lupis
946 4098 1130 4166 potius
1161 4105 1216 4150 et
1245 4095 1565 4150 crudelibus
1594 4108 1820 4168 gregum
1849 4097 1982 4151 dila-

408 4191 741 4251 niatoribus,
783 4206 890 4243 non
921 4188 1253 4257 pastoribus,
1287 4202 1432 4241 nunc
1470 4203 1593 4240 cum
1635 4186 1978 4242 Judaismum

407 4291 464 4336 et
492 4279 863 4350 gentilismum
892 4279 1231 4334 sectantibus
1267 4277 1616 4332 decertantes
1643 4317 1658 4343 ,
1706 4286 1760 4330 et
1807 4293 1978 4347 usque

2081 3462 2613 3536 συστρατηγούντων
2667 3478 2728 3513 τε
2788 3462 2887 3512 καὶ
2940 3459 3472 3529 συναγωνιζομένων.
3516 3452 3603 3505 Καὶ

2075 3555 2330 3611 τοιούτων
2361 3557 2467 3608 ἔδει
2503 3555 2613 3607 τῶν
2666 3552 3018 3624 κυϐερνητῶν
3068 3569 3128 3604 τε
3198 3555 3291 3605 καὶ
3325 3542 3602 3618 στρατηγῶν

2078 3652 2142 3719 τῇ
2175 3647 2410 3717 Χριστοῦ
2461 3643 2778 3714 Ἐκκλησία.
2821 3644 2918 3696 Διὰ
2952 3641 3111 3694 τοῦτο
3165 3642 3262 3696 καὶ⁵
3297 3641 3427 3709 πρὸς
3465 3635 3602 3688 ταῦτα

2078 3741 2368 3809 κληθέντες
2413 3737 2640 3802 ἄνωθεν,
2673 3751 2817 3807 ῃπερ
2859 3734 3072 3803 ἔφημεν
3112 3735 3242 3804 ήδη,
3288 3732 3379 3786 καὶ
3407 3731 3492 3798 τὴν
3526 3722 3598 3776 τοῦ

2077 3832 2213 3885 Θεοῦ
2243 3827 2546 3882 πανοπλίαν
2606 3827 2701 3878 καὶ
2745 3824 2845 3893 τὴν
2881 3824 3083 3893 σκευὴν
3129 3822 3502 3891 περιθέμενοι.
3531 3812 3602 3866 καὶ

2078 3922 2195 3989 τὴν
2227 3918 2528 3988 μάχαιραν
2562 3908 2618 3968 ἐν
2663 3916 2822 3984 χερσὶ
2862 3913 3112 3976 ιασόντες
3143 3913 3249 3966 τοῦ
3282 3910 3598 3976 Πνεύματος,

2081 4024 2112 4059 0
2140 4008 2268 4060 ἐστι
2290 4005 2456 4073 ῥῆμα
2484 4003 2654 4066 Θεοῦ,
2695 4003 2762 4054 τά
2802 4002 2901 4070 τῆς
2957 4001 3166 4072 πλάνης
3197 3999 3431 4054 καθεῖλον
3465 3993 3603 4059 ἀνδρι·

2081 4100 2192 4162 κῶς
2241 4096 2574 4169 ὀχυρώματα
2602 4135 2616 4159 ,
2657 4095 2748 4148 τὸν
2792 4093 3010 4163 ἰσχυρὸν
3058 4095 3118 4147 ἐν
3165 4095 3332 4163 κακίᾳ⁵
3381 4090 3601 4169 δήσαντες

2080 4193 2142 4260 τῇ
2183 4189 2411 4257 δυνάμει
2459 4185 2551 4239 τοῦ
2609 4184 2948 4254 Πνεύματος,
2996 4185 3094 4237 καὶ
3128 4184 3506 4254 διαρπάσαντες
3549 4168 3601 4224 τὰ

2082 4283 2290 4334 ἐκείνου
2326 4277 2515 4345 σκεύη,
2543 4277 2688 4330 καθά
2723 4293 2889 4345 φησιν
2923 4266 2982 4328 ἐν
3010 4275 3367 4344 Εὐαγγελίοις
3385 4263 3596 4339 Χριστὸς,

409 4371 475 4425 ad
499 4371 711 4434 exsilia,
775 4379 1026 4436 mortem,
1087 4369 1472 4440 lapidationes,
1531 4369 1868 4438 impietatem
1923 4369 1972 4422 in

2085 4371 2177 4427 νῦν
2219 4372 2318 4439 μὲν
2347 4369 2480 4435 πρὸς
2511 4367 2791 4436 ὑπάρχους
2839 4367 2934 4418 καὶ
2972 4365 3252 4434 βασιλέας,
3285 4363 3375 4416 νῦν
3406 4361 3456 4413 δὲ
3488 4353 3594 4424 πρὸς

410 4466 653 4524 Ecclesia
691 4465 1052 4521 concionibus
1079 4472 1472 4535 persequentes
1506 4483 1518 4516 ε
1553 4463 1655 4518 etsi
1711 4463 1977 4532 pericula,

410 4568 468 4613 et
506 4569 737 4628 mortes,
767 4568 822 4613 et
848 4558 1190 4612 calamitates
1217 4557 1338 4611 illas
1369 4571 1562 4610 omnes
1590 4556 1776 4609 divino
1809 4554 1979 4624 adjuti

408 4650 638 4716 auxilio,
673 4660 898 4720 propter
924 4663 1024 4703 nos
1051 4647 1304 4702 videlicet
1338 4655 1393 4701 et
1441 4650 1674 4701 salutem
1740 4654 1981 4700 nostram

413 4743 743 4797 tolerarunt.

2086 4463 2210 4524 τοὺς
2233 4478 2341 4514 των
2381 4457 2716 4526 Ἐκκλησιῶν
2745 4457 3042 4525 ἡγεμόνας,
3075 4459 3170 4511 καὶ
3207 4455 3390 4515 λύκους
3420 4446 3597 4520 μᾶλλον,

2089 4552 2186 4604 καὶ
2220 4549 2428 4611 δεινοὺς
2463 4548 2572 4601 τῶν
2611 4547 2878 4617 ποιμνίων
2921 4548 3265 4617 σπαράκτας,
3305 4543 3419 4613 οὐχὶ
3449 4531 3598 4600 ποιμέ·

2089 4661 2208 4710 νας,
2251 4643 2344 4698 νῦν
2377 4643 2434 4694 δὲ
2472 4641 2608 4710 πρὸς
2649 4641 2773 4700 τους
2810 4641 3180 4704 ἰουδαΐζοντας
3211 4656 3267 4692 τε
3306 4639 3393 4691 καὶ
3427 4623 3597 4694 έλληνὶο

2091 4740 2282 4801 ζοντας
2341 4733 2758 4802 ἀγωνιζόμενοι,
2802 4733 2896 4784 καὶ
2931 4735 3126 4802 μέχρις
3170 4729 3385 4808 ἐξοριῶν
3413 4723 3496 4778 καὶ
3523 4719 3598 4771 θα·

411 4837 598 4899 νάτου,
631 4837 709 4900 ὡς
760 4834 858 4888 καὶ
930 4828 1113 4898 λίθους
1159 4834 1284 4892 καθ’
1327 4835 1540 4890 ἑαυτῶν
1587 4835 2022 4900 ἐπισπάσασθαι,
2059 4833 2204 4888 κατὰ
2243 4834 2342 4903 τῆς
2379 4829 2630 4890 ἀσεϐείας
2683 4828 2770 4880 ἐπ’
2811 4826 3145 4897 Ἐκκλησίας
3171 4819 3598 4894 ’δημηγοροῦντες

414 4935 464 4985 εἰ
496 4933 593 4985 xui.
631 4931 740 4985 τῶν
768 4931 1032 4985 κινδύνων
1055 4931 1282 4987 καὶτῶν
1312 4931 1562 4986 θανάτων
1600 4933 1816 4988 πάντων
1849 4931 2074 4985 ἐκείνων
2119 4930 2242 5001 θείᾳ
2272 4927 2501 4998 δυνάμει
2567 4923 2635 4978 δι’
2701 4924 2849 4994 ἡμᾶς
2916 4921 3165 4991 δηλονότι
3200 4919 3290 4970 καὶ
3330 4913 3420 4980 τὴν
3454 4918 3596 4971 σωτη’

417 5027 542 5098 ρίαν
575 5028 673 5096 τὴν
708 5026 986 5098 ἡμετέραν
1026 5028 1271 5095 ἐξάντεις
1315 5027 1602 5098 ὤφθησαν.

485 5117 726 5173 Joannes
754 5130 959 5181 autem,
979 5119 1161 5190 lingua
1187 5135 1406 5177 aureus.
1446 5123 1546 5175 etsi
1573 5121 1679 5174 alio
1708 5120 1985 5177 orationis

415 5226 620 5280 genere
651 5211 801 5265 nullo
835 5212 1150 5278 excelleret,
1182 5228 1249 5267 ex
1271 5213 1386 5267 sola
1419 5213 1666 5284 profecto
1694 5213 1988 5284 theologia,

417 5319 584 5373 quam
620 5304 876 5359 eximiam
907 5314 964 5359 et
1019 5304 1400 5360 admirabilem
1435 5317 1766 5362 consecutus
1788 5316 1903 5372 est,
1939 5318 1996 5363 et

421 5411 492 5450 ex
520 5395 970 5452 dimicationibus
998 5405 1192 5451 contra
1240 5396 1460 5452 Gracos
1490 5413 1554 5452 ac
1607 5397 1847 5460 Jttdzeos,
1902 5409 1998 5450 eo-

424 5504 659 5560 rumque
695 5498 752 5546 et
779 5489 1044 5546 similium
1076 5504 1336 5560 perversa
1359 5489 1727 5560 opinantium,
1760 5487 1995 5544 Ariano-

2174 5113 2426 5179 Ἰωάννης
2456 5112 2499 5166 δ’
2528 5112 2556 5165 ὁ
2584 5110 2682 5182 τὴν
2732 5109 2980 5178 γλῶτταν
3008 5107 3261 5178 χρυσοῦς,
3285 5103 3332 5155 ει
3368 5097 3456 5187 μὲν
3479 5087 3599 5187 οὑδξν

2096 5211 2288 5280 ἓτερον
2323 5201 2462 5269 εἶδος
2492 5203 2641 5274 αὐτῷ
2675 5203 2852 5271 λόγων
2901 5201 3131 5270 προσῆν,
3171 5200 3232 5250 ἐκ
3263 5185 3596 5286 μόνης-ἂν.

2102 5301 2349 5373 μεγάλης
2381 5297 2476 5352 καὶ
2507 5294 2833 5365 θαυμαστῆς
2864 5292 3166 5359 θεολογίας,
3197 5287 3285 5342 καὶ
3307 5281 3401 5336 τῶν
3411 5280 3598 5374 άῖιίξνων

2100 5370 2208 5451 θεῶν
2233 5393 2371 5462 πρὸς
2396 5390 2663 5459 Ἕλληνάς
2697 5405 2756 5440 τε
2801 5386 2898 5439 καὶ
2944 5383 3244 5445 Ἰουδαίους,
3265 5376 3352 5430 καὶ
3379 5370 3466 5436 τῆς
3489 5370 3594 5462 ἀντί·

2099 5460 2308 5558 τροπῆς
2336 5481 2515 5537 αὐτῶν
2539 5482 2598 5534 τέ
2625 5495 2768 5549 φημι
2797 5475 3023 5542 τούτων,
3044 5475 3135 5531 καὶ
3160 5472 3220 5544 δὴ
3252 5462 3442 5526 καὶτῶν
3463 5460 3593 5522 πρισ-

499 5649 541 5682 ³¹
573 5647 775 5704 Jcrcm.
805 5657 868 5714 it,
903 5651 957 5716 8,
992 5650 1045 5703 9.
1123 5649 1166 5682 ³⁸
1198 5646 1401 5719 Ephcs.
1434 5664 1509 5715 vr,
1541 5648 1630 5706 l7.
1709 5647 1757 5681 ³³
1788 5645 1925 5702 Luc.
1951 5659 2028 5712 ιι,
2058 5644 2148 5698 21.
