3862 6218
248 311 355 375 ’Ῐῖ-ὶἾ

1295 317 1677 377 LAUDATIO
1715 315 1962 375 TRIUM
2006 314 2446 379 DOCTORUM.

3384 323 3488 388 793

246 428 453 494 ομοίων
509 425 692 488 αὐτοῖς
764 426 1102 494 κακοδόξων,
1156 432 1469 502 Ἀρειανῶν,
1516 432 1679 499 λέγω,
1728 430 1820 483 καὶ

1934 447 2043 484 rum
2073 441 2226 500 puta,
2264 434 2719 496 Sabellianorum,
2747 432 3281 502 Macedonianornm,
3322 439 3495 493 Mani-

247 518 629 571 Σαϐελλιανῶν
678 517 834 586 ὁμοῦ,
891 523 986 575 καὶ
1033 523 1471 581 Μακεδονιανῶν.
1518 528 1612 575 καὶ
1650 524 1823 575 Mam-

248 610 447 681 χαίων,
466 612 559 663 καὶ
588 609 1066 676 Οὑαλεντίνιανῶν,
1097 616 1191 668 καὶ
1214 616 1323 667 τῶν
1346 616 1452 668 ἀπὸ
1474 616 1821 684 Μαρκίωνος,

248 704 347 754 καὶ
382 702 487 772 μὴν
520 703 745 755 καὶτῶν
773 704 870 773 τὴν
904 707 1252 775 εἱμαρμένην
1310 708 1519 767 ἀσεϐῶς
1551 723 1821 773 παρεισα-

246 795 458 862 γόντων
491 798 631 847 κατὰ
662 798 720 847 τὸ
754 796 1080 866 αὐτόματον,
1128 798 1438 866 θαυμαστός
1473 816 1555 860 τις
1585 798 1649 851 ἂν
1679 797 1823 862 ἔδοξε

251 889 347 939 καὶ
392 888 698 958 ὑπερφυὴς,
750 889 845 941 καὶ
891 890 966 959 τῷ
1013 892 1126 943 ὄντι
1167 896 1587 962 τριτμέγιστοςο
1631 891 1724 944 νῦν
1765 890 1824 943 δὲ

210 970 494 1046 Ἲποταμοὶ
529 979 625 1046 μὲν
652 977 932 1046 θεολογίας
966 982 1029 1033 ὲκ
1063 980 1154 1033 τοῦ
1179 982 1415 1049 Χριστοῦ
1440 983 1702 1049 στόματος
1727 980 1823 1032 καλ⁵

245 1067 353 1135 τῆς
379 1068 541 1120 αὐτοῦ
577 1069 829 1136 θεολόγου
864 1070 1111 1141 γλώττης
1155 1072 1483 1138 ἀνέϐλυσαν,
1513 1075 1606 1125 καὶ
1642 1073 1825 1124 πᾶσαν

243 1160 515 1212 ὲπότισαν
549 1161 648 1230 τὴν
683 1161 807 1230 γῆν,
862 1161 992 1233 ὅσην
1029 1162 1058 1215 ὁ
1091 1165 1361 1233 σωτήριος
1400 1163 1691 1232 περιέλαϐε
1736 1162 1824 1213 λόε-

243 1265 347 1316 γος
372 1266 387 1280 θ
428 1250 489 1301 τὸ
520 1249 574 1301 δὲ
611 1251 719 1302 τῶν
754 1252 931 1319 λόγων
986 1252 1152 1306 αὐτοῦ
1191 1256 1421 1321 πότιμον
1470 1256 1565 1305 καὶ
1610 1253 1827 1322 ἥδιστον

245 1339 508 1405 πέλαγος,
544 1344 641 1408 τὴν
667 1340 723 1392 δὲ
751 1340 858 1393 τῶν
890 1340 1107 1412 ὑψηλῶν
1137 1358 1197 1394 τε
1239 1342 1334 1395 καὶ
1377 1341 1673 1409 ὑπερφυῶν
1699 1355 1825 1409 νοη-

248 1432 443 1500 μάτων
473 1431 779 1500 ἀπέραντον
826 1432 1081 1494 ἄϐυσσον,
1124 1434 1223 1503 τὴν
1259 1433 1313 1486 δὲ
1365 1434 1501 1502 ὑπὲρ
1539 1432 1825 1502 ἄνθρωπον

247 1522 539 1589 εὐπορίαν,
575 1522 635 1574 τὸ
667 1522 722 1574 δὲ
757 1523 887 1592 ὕψος
928 1524 1046 1594 ἃμα
1078 1517 1178 1578 ’καὶ
1222 1525 1321 1593 τὴν
1369 1527 1688 1594 σαψήνειαν,
1728 1522 1825 1593 τὴν

243 1612 304 1664 δὲ
343 1611 656 1682 ἀπόρρητον
709 1614 901 1683 ἡδονὴν
946 1616 1162 1686 ἐκείνην
1202 1615 1293 1669 καὶ
1341 1615 1437 1686 τὴν
1487 1615 1820 1685 γλυκύτητα,

242 1701 351 1772 τὴν
390 1705 446 1755 δὲ
469 1705 766 1775 ῥητορικὴν
798 1704 1151 1777 πιθανότητα,
1183 1708 1278 1759 καὶ
1307 1708 1367 1759 τὸ
1400 1706 1535 1777 μετά
1566 1707 1663 1775 τῆς
1694 1707 1823 1773 ἀλη-

248 1794 406 1856 θείας
435 1795 541 1847 τῶν
569 1796 741 1863 λόγων
767 1798 987 1867 ἰσχυρόν
1018 1816 1077 1850 τε
1114 1800 1210 1851 καὶ
1240 1799 1437 1869 βίαιον,
1464 1798 1660 1861 παῖδας
1692 1800 1825 1850 ἀπο-

245 1886 434 1951 δεῖξαν
460 1887 586 1949 τοὺς
613 1889 671 1940 ὲν
699 1891 807 1950 τοῖς
835 1889 1014 1956 λόγοις
1038 1889 1502 1959 εὐδοκιμήσαντας
1527 1890 1821 1956 Ἕλληνας,

247 1978 319 2029 δι’
353 1971 429 2030 ὧν
466 1978 567 2047 τήν
598 1994 655 2029 τε
712 1979 947 2031 παλαιὰν
1005 1980 1141 2047 ὁμοῦ
1186 1984 1281 2033 καὶ
1316 1982 1414 2052 τὴν
1452 1981 1599 2034 Νέαν
1638 1982 1821 2034 πᾶσαν

249 2064 482 2134 Γραφὴν
540 2064 865 2136 ἐξηγήσατο,
916 2069 1010 2120 καὶ
1057 2070 1126 2120 τὰ
1168 2068 1335 2137 βαθέα
1387 2070 1481 2121 καὶ
1544 2068 1824 2137 δύσληπτα

247 2155 459 2223 ταύτης
488 2156 565 2217 είς
600 2156 714 2224 φῶς
760 2173 816 2209 τε
865 2158 959 2209 καὶ
994 2162 1293 2227 σαφήνειαν
1336 2161 1555 2228 ἤνεγκε,
1598 2159 1691 2212 καὶ
1726 2160 1824 2221 τὰς

253 2246 476 2308 τελετὰς
515 2246 623 2298 τῶν
656 2248 867 2299 σεπτῶν
896 2250 1211 2318 μυστηρίων
1250 2251 1551 2321 ἀνύμνησε,
1588 2253 1683 2305 καὶ
1718 2253 1826 2303 Ποι-

261 2336 424 2404 τέρας
478 2335 678 2406 ἱεροὺς,
726 2339 819 2390 καὶ
867 2340 1151 2408 μάρτυρας
1194 2342 1569 2413 ἀνευφήμησε,
1609 2344 1825 2396 καὶτὸν

264 2424 449 2492 ήθικδν
507 2431 603 2479 καὶ
639 2430 1095 2497 συμϐουλευτικὸν
1132 2431 1289 2499 λόγον
1314 2434 1502 2503 ὥσπερ
1541 2434 1693 2496 τινάς
1724 2451 1828 2503 πη-

261 2513 368 2578 γὰς
398 2514 652 2577 ἀεννάους
689 2515 785 2568 καὶ
831 2517 1077 2586 ῥεύματα
1128 2522 1389 2587 ποταμῶν
1430 2521 1733 2591 ἀειρῤύτων
1763 2524 1826 2575 ἐκ

252 2604 357 2672 τῆς
386 2607 829 2675 κεχαριτωμένης
864 2609 1091 2677 καρδίας
1133 2609 1424 2676 ἀνέδωκεν,
1456 2613 1529 2673 ὠς
1560 2613 1690 2664 ποτὲ
1728 2613 1824 2681 μὲν

253 2696 317 2748 τὺ
348 2696 547 2766 πλῆθος
577 2698 757 2751 αὐτῶν
784 2700 926 2767 ὑπὲρ
960 2704 1018 2753 τὸ
1044 2702 1240 2766 κάλλος
1272 2704 1668 2773 θαυμάζεσθαι,
1696 2706 1825 2757 ποτὲ

250 2780 310 2834 δὲ
347 2784 406 2834 τὸ
452 2786 644 2849 κάλλος
681 2788 821 2857 ὑπὲρ
860 2791 921 2842 τὸ
971 2790 1203 2859 πλῆθος·
1264 2793 1463 2861 μᾶλλον
1513 2795 1557 2846 δ’
1602 2796 1689 2847 ἀεὶ
1735 2797 1827 2847 καὶ

251 2875 545 2946 ἀμφότερα
565 2892 581 2907 ⁶
611 2877 687 2940 ὡς
715 2882 807 2933 καὶ
836 2883 902 2933 τὰ
926 2881 1029 2935 τῶν
1054 2883 1346 2954 Σειρήνων,
1371 2884 1527 2956 είπερ
1554 2884 1627 2954 μὴ
1659 2885 1827 2954 μῦθος

250 2961 348 3034 ἦν,
381 2968 548 3036 λῆρον
589 2971 829 3039 ἀτεχνῶς
861 2970 999 3026 εἶναι
1048 2974 1185 3044 πρὸς
1232 2975 1402 3029 ταῦτα
1440 2978 1535 3030 καὶ
1583 2978 1821 3034 παιδιάν.

1926 520 2200 574 οΙιτιεοτιιιιι
2252 537 2315 575 ac
2372 522 2915 586 Valentinianorum,
2971 522 3441 580 Marcionistarum
3475 568 3491 588 ,

1925 611 2208 680 latumque
2230 627 2420 667 contra
2449 613 2743 667 voluntatis
2774 614 3079 669 libertatem
3122 617 3285 685 impie
3334 619 3493 672 indu-

1926 702 2169 755 centium
2204 704 2561 757 subversione
2586 704 2875 773 gloriosum
2905 707 3005 759 sibi
3044 722 3239 761 nomen
3276 724 3495 776 compa-

1927 802 2101 846 rasset
2128 810 2142 845 :
2170 808 2314 846 nunc
2335 808 2429 847 ore
2460 794 2606 847 illius
2634 811 2799 849 aureo
2818 834 2832 857 ,
2860 806 2909 849 et
2944 798 3128 865 lingua
3164 798 3489 865 theologica.

1925 883 2149 936 ﬂumina
2190 884 2491 953 theologica
2520 888 2887 953 erumpentia,
2914 897 3178 954 quantum
3217 898 3493 942 terrarum

1925 974 2181 1027 salutaris
2205 974 2708 1042 Christidisciplina
2724 979 3004 1046 complexa
3035 989 3139 1042 est,
3166 978 3487 1049 irrigaruut.

1928 1064 2260 1119 Sermonum
2321 1081 2483 1134 porro
2531 1068 2647 1135 ejus
2704 1069 2945 1135 potabile
2994 1071 3495 1139 suavissimumque

1926 1156 2170 1224 pelagus,
2215 1166 2269 1211 et
2321 1157 2635 1211 sublimium
2671 1168 2838 1226 atque
2888 1160 3311 1216 lectissimorum
3362 1180 3492 1217 sen-

1928 1258 2087 1298 suum
2120 1246 2388 1299 inlinitam
2429 1248 2711 1316 abyssum,
2742 1258 2798 1301 et
2845 1248 3085 1304 humano
3139 1262 3300 1319 captu
3335 1268 3493 1319 supe-

1928 1335 2127 1389 riorem
2157 1336 2572 1400 abundantiam,
2625 1339 2968 1393 altitudinem
3006 1341 3211 1408 pariter
3265 1350 3320 1395 et
3368 1358 3492 1411 per-

1924 1427 2310 1494 spicuitatem,
2367 1428 2766 1497 jucunditatem
2840 1442 2895 1485 et
2944 1430 3289 1486 dulcedinem
3347 1434 3491 1487 illam

1928 1518 2391 1586 inexplicabilem,
2420 1519 2865 1588 rhetoricamque
2909 1523 3277 1590 persuadendi
3312 1522 3497 1576 elﬁca-

1928 1611 2089 1673 ciam,
2126 1617 2180 1662 et
2216 1624 2340 1663 cum
2403 1611 2632 1664 veritate
2661 1612 2932 1667 orationis
2981 1629 3182 1668 nervos
3222 1622 3275 1667 et
3322 1614 3494 1683 impe-

1926 1710 2033 1765 tus,
2051 1701 2253 1770 quibus
2280 1701 2497 1755 Graecos
2513 1702 2752 1769 alioquin
2774 1704 3083 1772 eloquentia
3112 1705 3356 1760 celebres
3386 1720 3496 1773 prae

1924 1808 1983 1847 se
2014 1807 2210 1861 pueros
2239 1792 2408 1846 fuisse
2436 1793 2696 1857 ostendit,
2723 1795 3034 1864 quibusque
3056 1805 3220 1851 totam
3254 1806 3493 1850 veterem

1921 1894 1978 1940 et
2038 1884 2243 1938 Novam
2307 1884 2645 1953 Scripturam
2716 1886 3049 1951 explanavit,
3114 1888 3500 1957 proluudaque

1925 1976 2095 2038 illius,
2118 1985 2174 2030 et
2206 1978 2607 2044 comprehensu
2638 1976 2878 2031 dillicilia
2917 1979 2967 2029 in
2999 1978 3177 2032 lucem
3215 1990 3494 2047 apertum-

1927 2084 2034 2137 que
2063 2068 2310 2137 protulit,
2338 2068 2730 2122 venerabilium
2785 2069 3174 2139 mysteriorum
3237 2086 3493 2124 caeremo-

1930 2165 2050 2218 nias
2083 2163 2403 2226 celebravit,
2433 2173 2489 2216 et
2515 2171 2735 2217 sanctos
2788 2164 2974 2217 Patres
3007 2179 3069 2218 ac
3096 2174 3361 2232 martyres
3382 2165 3496 2223 col-

1907 2255 2196 2325 _laudavit,
2231 2264 2287 2309 et
2314 2254 2593 2307 orationes
2648 2254 2715 2307 de
2770 2255 3035 2314 moribus.
3084 2264 3139 2308 et
3193 2254 3494 2313 suasorias,

1927 2356 2183 2415 tanquam
2257 2345 2432 2399 fontes
2492 2343 2754 2412 quosdam
2831 2358 3114 2412 perennes,
3169 2354 3223 2398 et
3293 2342 3494 2396 ﬂuenta

1928 2437 2213 2492 ﬂuminum
2242 2450 2459 2503 semper
2484 2435 2819 2487 manantium
2847 2448 2915 2487 ex
2944 2434 3110 2489 corde
3137 2434 3305 2502 gratia
3335 2434 3495 2501 pleno

1929 2530 2146 2585 emisit:
2174 2541 2409 2595 quorum
2438 2539 2584 2578 nunc
2616 2524 3021 2577 multitudinem
3060 2539 3223 2592 supra
3277 2523 3498 2592 elegan-

1932 2619 2086 2680 tiam,
2116 2631 2265 2670 nunc
2322 2614 2643 2684 elegantiam
2696 2628 2859 2681 supra
2929 2612 3355 2673 multitudinem,
3391 2612 3505 2665 imo

1929 2706 2208 2763 enimvero
2242 2713 2535 2773 utrumque
2583 2719 2800 2772 semper
2856 2703 3148 2757 admittere
3191 2721 3205 2756 :
3244 2712 3301 2756 ut
3335 2704 3505 2757 etiam

1928 2797 2206 2851 fabulosus
2232 2796 2321 2850 ille
2351 2782 2607 2850 Sirenum
2641 2803 2854 2857 cantus,
2924 2809 3083 2865 nugae
3112 2793 3347 2848 etludus
3376 2809 3499 2847 cum

1935 2889 2056 2943 istis
2087 2888 2321 2943 collatus
2346 2886 2636 2940 videatur:
2664 2886 2800 2949 haec,
2830 2886 3076 2955 inquam,
3101 2893 3157 2938 et
3188 2883 3503 2938 istiusmodi

1933 2994 2044 3033 non
2099 2977 2276 3030 solum
2328 2990 2491 3030 nemo
2522 2990 2624 3045 pro
2676 2975 2940 3046 dignitate
2988 2975 3237 3039 laudare,
3273 2973 3367 3028 sed
3402 2988 3502 3026 nec

250 3054 447 3108 Ταῦτα
481 3058 662 3109 τοίνυν
696 3061 787 3111 καὶ
827 3060 895 3112 τὰ
950 3062 1179 3116 τοιαῦτα
1222 3065 1282 3115 οὑ
1337 3066 1501 3133 μόνον
1537 3067 1639 3120 οὐκ
1671 3068 1826 3119 ἐπαι-

1934 3067 2300 3139 particulatim
2331 3066 2523 3120 saltem
2583 3080 2843 3120 enarrare
2870 3074 2925 3120 et
2955 3064 3271 3119 describere
3302 3072 3501 3116 utcun-

250 3149 415 3199 νέσαι
448 3166 532 3211 τις
567 3148 704 3218 πρὸς
744 3150 922 3216 ἀξίαν,
954 3153 1069 3206 ἀλλ’
1107 3154 1225 3207 οὐδὲ
1253 3157 1392 3208 κατά
1429 3161 1591 3227 μέρος
1624 3158 1827 3223 διεξελ-

250 3239 375 3291 θεῖν
402 3238 553 3304 γοῦν,
589 3242 682 3292 καὶ
713 3242 1027 3313 ὑπογράψαι
1058 3245 1135 3315 τῷ
1159 3245 1301 3316 λόγῳ
1326 3247 1638 3319 δυνήσεται,
1674 3252 1723 3302 εἰ
1750 3251 1824 3319 μὴ

250 3333 448 3403 κυάθῳ
484 3335 544 3387 τὸ
573 3332 919 3388 Ἀτλαντικὸν
949 3341 1278 3408 ἀναμετρεῖν
1310 3341 1564 3409 πέλαγος,
1610 3346 1704 3395 καὶ
1733 3360 1827 3394 κο-

248 3426 396 3495 τύλῃ
429 3426 519 3478 τὸν
552 3428 726 3495 μέγαν
770 3428 985 3493 Νεῖλον,
1035 3432 1064 3501 ἢ
1116 3434 1207 3485 τὴν
1242 3434 1533 3505 Εύφράτην
1567 3436 1831 3505 ἀρύεσθαι

252 3516 528 3586 βούλοιτο.
562 3517 777 3570 Ἐκεῖνα
808 3518 864 3570 δὲ
898 3520 987 3570 τὸν
1024 3521 1251 3587 κόσμον,
1280 3517 1424 3594 ᾗπερ
1458 3524 1613 3593 ἔφην,
1648 3525 1833 3576 διαλαο

254 3611 447 3674 ϐόντα,
498 3610 556 3662 οὗ
592 3611 656 3663 δι’
698 3610 963 3681 Ἑλλήνων
1007 3612 1101 3664 καὶ
1152 3612 1435 3683 Ῥωμαίων
1477 3617 1656 3683 μόνον,
1700 3618 1836 3671 ἀλλᾶ

253 3703 358 3754 καὶ
390 3701 479 3753 διὰ
518 3700 725 3769 Σύρων,
762 3702 859 3753 καὶ
905 3702 1242 3768 Αἰγυπτίων,
1285 3703 1379 3755 καὶ
1424 3704 1688 3771 Μαύρων,
1745 3706 1836 3757 καὶ

264 3791 559 3855 Ἶσπανῶν,
593 3792 684 3844 καὶ
713 3792 949 3857 Γότθων,
984 3793 1074 3845 κα)⁵
1098 3791 1433 3861 Τριϐαλλῶν,
1469 3793 1564 3845 καὶ
1592 3795 1832 3860 Σκυθῶν,

1930 3174 2037 3229 que
2060 3157 2287 3227 poterit,
2323 3157 2428 3211 nisi
2456 3156 2653 3226 cyatho
2686 3156 3020 3210 Atlanticum
3046 3170 3217 3218 mare,
3243 3163 3298 3209 et
3322 3153 3506 3223 cotyla:

1932 3259 2147 3304 vastum
2179 3248 2362 3303 Nilum
2421 3249 2626 3311 metiri,
2676 3259 2770 3303 aut
2833 3250 3151 3317 Euphraten
3202 3245 3505 3301 exhaurire

1931 3343 2085 3400 velit.
2116 3341 2210 3395 Illa
2241 3350 2424 3395 autem
2457 3342 2744 3403 mundum,
2800 3348 2860 3392 ut
2897 3340 3168 3403 dicebam,
3196 3339 3499 3407 complexa,

1935 3451 2044 3489 non
2078 3450 2174 3502 per
2201 3433 2418 3488 Graecos
2447 3442 2504 3487 et
2530 3432 2805 3486 Romanos
2845 3430 3129 3492 duntaxat,
3182 3426 3275 3481 sed
3334 3427 3509 3481 etiam

1886 3528 1897 3533 ’
1939 3543 2036 3598 per
2065 3527 2254 3596 Syros.
2284 3524 2589 3594 Egyptios,
2626 3523 2868 3587 Mauros,
2921 3521 3214 3589 Hispanos,
3267 3519 3502 3581 Gothos,

1940 3617 2232 3676 Triballos,
2260 3614 2514 3686 Scythas,
2548 3614 2905 3681 omniumque
2937 3613 3295 3666 barbarorum
3336 3624 3503 3662 voces

1938 3715 1993 3760 et
2022 3706 2239 3775 linguas
2284 3703 2711 3766 admirabiliter,
2742 3713 2951 3758 etcum
2982 3701 3152 3772 gloria
3181 3708 3237 3754 et
3279 3708 3512 3768 stupore

1941 3797 2182 3851 maximo
2215 3812 2336 3852 sese
2364 3796 2731 3850 dill'uderunt.

250 3886 359 3936 καὶ
389 3888 569 3956 πάσης
608 3884 883 3955 βαρϐάρου
926 3887 1111 3956 φωνῆς
1153 3903 1215 3939 τε
1249 3887 1345 3940 καὶ
1387 3886 1637 3958 γλώττης
1691 3892 1860 3943 ἑαυτά
1901 3892 2230 3962 θαυμαστῶς
2275 3893 2441 3945 πᾶσιν
2485 3890 2851 3961 ἀνακηρύττει
2897 3889 3035 3958 μετὰ
3106 3888 3368 3958 μεγίστης
3405 3884 3508 3955 τῆς

253 3974 428 4043 δόξης
458 3992 516 4027 τε
552 3978 645 4029 καὶ
674 3976 770 4029 τοῦ
813 3978 1112 4045 θαύματος.

352 4073 512 4125 Ἀ).λά
540 4074 711 4126 ταῦτα
746 4076 846 4142 μὲν
886 4078 1039 4130 κοινὰ
1080 4077 1175 4131 καὶ
1204 4079 1317 4141 τοῖς
1348 4080 1494 4148 τρισὶ
1526 4080 1798 4149 δήπουθεν
1822 4094 1838 4111 '

250 4168 319 4219 οὔ
357 4166 517 4235 μόνον
544 4168 627 4218 ὅτι
660 4168 869 4237 τούτων
900 4170 1226 4237 όμοίωςκαὶ
1268 4171 1378 4223 τῶν
1407 4171 1665 4224 τοιούτων
1700 4172 1833 4224 ἕκα-

254 4274 392 4319 στος
424 4258 602 4311 αὐτῶν
632 4259 749 4312 ἐστι
779 4261 1242 4331 πλήρης,ἀλλ’ὃτι
1276 4265 1409 4331 μηδὲ
1438 4263 1682 4331 φιλοῦσιν
1703 4265 1833 4317 ἴδιόν

251 4368 342 4413 τι,
385 4352 478 4403 καὶ
509 4352 677 4421 χωρὶς
714 4352 822 4404 τῶν
862 4354 1138 4423 ὁμοτίμων
1186 4355 1485 4419 κεκτῆσθαι
1520 4356 1628 4408 τῶν
1669 4357 1833 4425 τριῶν

2010 4077 2282 4133 αξιοι-ψη
2316 4079 2433 4133 hac
2468 4078 2632 4133 trium
2670 4076 2979 4132 communia
3009 4083 3157 4139 sunt,
3206 4088 3313 4128 non
3344 4074 3507 4127 modo

1937 4172 2085 4242 quod
2120 4173 2207 4226 his
2230 4181 2287 4226 et
2311 4172 2512 4226 talibus
2550 4186 2743 4224 eorum
2766 4169 3153 4237 unusquisque
3185 4168 3379 4237 plenus
3396 4178 3503 4232 εει,

1938 4266 2032 4321 sed
2091 4265 2236 4335 quod
2274 4280 2376 4319 nec
2428 4264 2707 4333 proprium
2743 4261 3025 4329 quidpiam
3095 4262 3217 4313 sine
3272 4259 3500 4327 paribus

1944 4356 2053 4412 sibi
2082 4356 2295 4411 honore
2324 4355 2610 4424 possidere
2629 4354 2881 4420 cupiunt.
2908 4367 3099 4405 verum
3120 4351 3261 4419 quod
3285 4351 3513 4416 habent,

251 4444 519 4507 ἕκαστος,
540 4446 677 4498 ἀλλά
728 4450 1113 4501 κοινοποιεῖται
1145 4449 1204 4500 τὸ
1240 4450 1345 4519 ἰδίᾳ
1381 4451 1602 4515 προσὸν,
1624 4450 1717 4501 καὶ
1741 4451 1828 4517 οὐχ

1942 4462 2233 4501 commune
2260 4446 2489 4509 faciunt,
2516 4455 2570 4499 et
2600 4459 2722 4498 cum
2755 4443 2945 4496 amicis
2986 4442 3319 4510 honorisque
3344 4442 3510 4495 sociis

255 4531 465 4584 ἑαυτοῦ
498 4531 719 4601 μᾶλλον,
754 4533 889 4587 ἀλλὰ
931 4537 1024 4587 καὶ
1071 4534 1181 4586 τῶν
1221 4535 1411 4601 φίλων,
1451 4538 1543 4587 καὶ
1576 4535 1837 4603 ὁμότιμον

256 4626 448 4677 ἐκεῖνο
500 4626 754 4685 ποιεῖται,
801 4624 1159 4684 ἀντιδιδόντες
1199 4625 1447 4694 ἀλλήλοις
1490 4626 1539 4676 οί
1586 4627 1740 4690 σοφοὶ
1770 4624 1837 4678 τὰ

253 4717 468 4779 οἰκεία,
497 4716 591 4769 καὶ¹
628 4716 698 4768 τὰ
731 4716 861 4784 παρ’
891 4717 1139 4786 ἀλλήλων
1185 4715 1247 4781 ἐξ
1294 4716 1407 4769 ίσου
1450 4714 1835 4785 λαμϐάνοντες,

252 4809 356 4861 διὰ
386 4807 485 4877 τὴν
514 4809 825 4879 ὁμοτιμίαν,
847 4812 1014 4880 φημὶ,
1045 4810 1140 4864 καὶ
1156 4810 1254 4881 τὴν
1287 4809 1616 4879 σύμπνοιαν,
1649 4810 1743 4861 καὶ
1778 4808 1840 4861 τὸ

253 4900 515 4970 φίλτρον.

348 4990 504 5041 Ἐπεὶ
536 4992 628 5043 καὶ
654 4990 934 5043 Βασιλείου
965 4991 1061 5056 μὲν
1091 4992 1184 5044 τοῦ
1212 4990 1462 5059 Μεγάλου
1493 4992 1650 5046 τοῦτό
1674 5010 1838 5061 φασιν

258 5082 402 5134 [διον
438 5076 603 5145 εἶναι,
642 5081 703 5133 τὸ
736 5082 873 5151 μετὰ
916 5081 1015 5151 τῆς
1050 5082 1391 5153 ὑψηλοτάτης
1430 5087 1525 5137 καὶ
1572 5084 1837 5154 μεγίστης

256 5168 550 5235 θεολογίας
592 5170 686 5222 καὶ
735 5170 833 5231 τὰς
877 5170 1120 5239 κινήσεις
1164 5173 1244 5233 είς
1288 5171 1452 5240 βάθος
1484 5173 1723 5242 καθορᾷν
1778 5188 1837 5223 τε

257 5259 366 5312 καὶ
401 5258 699 5323 ἐξετάζειν,
729 5260 1090 5329 δημιουργίας
1126 5278 1183 5313 τε
1226 5260 1321 5313 καὶ
1360 5262 1616 5329 προνοίας
1645 5262 1837 5329 λόγους

255 5353 622 5419 ἀναμετρεῖν,
674 5352 770 5403 καὶ
819 5352 958 5423 aeq,
1010 5353 1107 5405 καὶ
1160 5353 1346 5423 ψυχῶν
1394 5355 1835 5426 ὲπιτηδειότητας

255 5440 542 5508 εὐστόχως
582 5442 887 5510 ἐπιτηρεῖν,
932 5446 1029 5497 καὶ
1077 5443 1265 5515 ὥσπερ
1310 5444 1550 5514 ἔμψυχόν
1585 5463 1703 5500 τινα
1742 5446 1835 5499 καὶ

257 5530 448 5594 ζῶντα
473 5530 565 5581 τὸν
601 5532 731 5600 περὶ
758 5533 990 5585 ἑκάστου
1037 5532 1243 5587 τούτων
1293 5534 1604 5588 ἐκτίθεσθαι
1655 5537 1831 5605 λόγον,

255 5621 433 5674 οἱονεί
464 5639 586 5675 τινα
623 5623 800 5692 ψυχὴν
842 5627 955 5687 τοῖς
994 5626 1224 5695 ἀψύχοις
1280 5626 1457 5694 λόγοις
1504 5628 1830 5697 ἐμπνέοντα,

256 5714 405 5784 ὅπερ
439 5714 601 5777 αὐτὸς
634 5718 758 5786 περί
788 5734 929 5781 τινος
964 5718 1066 5789 ἔφη
1110 5719 1211 5771 τῶν
1241 5717 1343 5783 ἔξω
1378 5720 1645 5790 ῥητόρων.

1941 4538 2370 4600 communicant,
2388 4544 2445 4591 et
2475 4536 2717 4589 vicissim
2748 4536 3023 4602 sapientes
3052 4533 3140 4586 isti
3172 4547 3269 4586 sua
3300 4533 3505 4600 impar-

1942 4628 2105 4693 tiunt,
2139 4639 2196 4683 et
2221 4628 2458 4682 invicem
2480 4641 2545 4681 ex
2570 4640 2730 4693 aequo
2759 4632 3105 4683 mutuantur,
3133 4629 3360 4690 propter
3394 4621 3501 4673 bo-

1944 4721 2095 4775 noris
2120 4720 2512 4789 aaqualitatem,
2545 4716 3013 4785 conspirationem
3062 4721 3226 4783 atque
3270 4725 3506 4767 consen-

1944 4756 2095 4775 ..νην
2120 4756 2512 4789 “vannum”,
2546 4756 3013 4785 νυ..ς,,,......υ..ν...
3062 4756 3226 4783 --.νη
3273 4756 3477 4767 --μ-ν-

1942 4828 2087 4877 sum,
2110 4822 2168 4867 et
2200 4826 2446 4867 amorem
2478 4818 2728 4863 mutuum
2763 4806 3042 4860 videlicet.
3509 4756 3531 4883 ἱ

2012 4986 2194 5040 Basilii
2225 4984 2493 5053 siquidem
2532 4982 2705 5047 Magni
2739 4982 2844 5035 hoc
2868 4979 3145 5048 peculiare
3176 4979 3331 5034 aiunt
3351 4997 3501 5047 esse,

1942 5078 2213 5132 motiones
2236 5075 2404 5128 animi
2427 5089 2493 5128 ex
2515 5074 2802 5139 theologia:
2830 5072 3134 5125 rationibus
3153 5072 3511 5129 subtilissime

1940 5181 1996 5227 et
2044 5166 2417 5224 eruditissime
2475 5165 2789 5234 perspicere
2822 5171 2881 5216 et
2934 5162 3274 5228 examinare,
3333 5164 3506 5219 divini

1939 5259 2141 5331 Opiﬁcii
2179 5255 2647 5329 providentiaaque
2704 5252 2898 5308 modos
2930 5251 3266 5321 expendere,
3325 5270 3508 5310 mores

1936 5361 1993 5406 et
2021 5349 2334 5403 habilitates
2366 5348 2673 5399 animarum
2702 5343 2982 5412 ingeniose
3004 5346 3317 5405 observare,
3338 5355 3506 5413 atque

1936 5443 2011 5497 ita
2042 5441 2110 5496 de
2142 5441 2228 5494 his
2258 5438 2494 5508 singulis
2526 5436 2822 5498 disserere,
2858 5443 2920 5488 ut
2957 5435 3200 5490 sermoni
3237 5436 3288 5489 in
3313 5438 3504 5490 animo

1935 5533 2231 5602 inspirasse
2285 5532 2549 5592 animam,
2583 5539 2639 5583 et
2692 5528 2811 5597 ejus
2842 5527 3008 5582 verba
3058 5527 3242 5581 vivere
3282 5527 3508 5582 videano

1936 5638 2051 5689 tur,
2086 5625 2231 5679 sicut
2260 5623 2377 5693 ipse
2410 5621 2478 5677 de
2504 5619 2743 5690 quodam
2779 5619 3002 5675 rhetore
3036 5633 3145 5673 non
3178 5619 3511 5675 Christiano

1938 5725 2191 5774 testatur.
