3862 6218
478 272 586 335 709
1542 285 1954 350 PHILOTHEI
1986 293 2109 352 'CP.

2151 293 2660 366 PATHIABCI—LE
3597 307 3670 367 803

548 385 798 456 Gregorii
865 389 1265 458 quodammodo
1329 394 1664 462 peculiarem
1714 399 1870 454 aiunt
1927 417 2042 458 esse

2226 405 2530 474 Γρηγορίου
2557 406 2614 456 δὲ
2639 404 2796 457 τοῦτό
2839 422 3001 475 φασιν
3028 406 3215 476 ὥσπερ
3251 409 3400 474 ἴδιον,
3425 412 3516 482 τὴν
3544 413 3667 468 θεοισ-

480 477 857 547 theologiam,
913 491 964 534 et
1020 497 1193 551 genus
1259 485 1527 542 orationis
1591 491 1932 546 reconditum
1986 493 2041 548 in

481 568 647 620 rebus
707 569 1048 639 theologicis,
1085 573 1352 630 sublimes
1410 577 1820 648 intelligentias,
1855 584 2039 649 verba,
2088 608 2094 615 -

479 657 932 724 compositionem
964 670 1019 714 et
1046 662 1434 732 elocutionem,
1465 669 1741 724 sublimia.
1775 671 2044 736 Quocirca

479 763 769 802 commune
823 751 1200 819 theologorum
1236 771 1432 810 nomen
1461 760 1861 827 quodammodo
1884 780 2042 819 suum

484 839 646 890 unius
679 840 880 905 eﬂ‘eeit,
928 849 1146 910 quando
1180 845 1358 914 ipsum
1398 851 1573 904 solum
1604 862 1659 906 et
1691 856 2046 922 peculiariter

478 928 840 998 Thtologum,
924 944 1044 1000 post
1120 937 1289 991 lilium
1373 942 1624 1006 tonitrui,
1695 947 2043 1017 primumque

477 1019 788 1089 theologum
818 1032 872 1076 et
902 1028 1288 1096 evangelistam
1317 1030 1556 1085 fidelium
1589 1035 1828 1090 Ecclesia
1863 1039 2045 1092 nomi-

478 1121 591 1164 nat.
629 1111 756 1175 Ejus
785 1113 949 1168 etiam
980 1127 1062 1170 est
1099 1118 1336 1186 brevitas
1390 1129 1444 1174 et
1474 1124 1796 1189 acrimonia,
1833 1136 1887 1180 et
1912 1143 2047 1194 pau-

477 1202 558 1255 cis
587 1204 774 1256 verbis
805 1221 869 1258 ac
918 1208 1143 1276 syllabis
1177 1224 1365 1280 magna
1411 1212 1520 1266 illa
1558 1223 1611 1268 et
1645 1217 1843 1270 eximia
1886 1219 2043 1272 valde

478 1294 983 1361 comprehendere;
1023 1307 1079 1351 ut
1107 1311 1559 1366 argumentorum
1597 1307 1948 1373 praestantia},
1989 1318 2046 1363 et

477 1383 890 1442 admirabilitati
959 1390 1236 1443 astrictior
1295 1393 1464 1448 dictio
1519 1411 1627 1450 non
1689 1401 1850 1469 modo
1907 1400 2043 1454 nihil

479 1472 696 1537 ofliciat,
758 1476 851 1529 sed
913 1492 1036 1531 cum
1086 1481 1354 1548 singulari
1413 1486 1646 1553 quadam
1708 1490 2044 1546 sublimitate

478 1565 845 1631 perspicuitas
884 1584 1123 1639 quoque,
1177 1583 1233 1626 et
1287 1589 1464 1628 novus
1516 1578 1735 1645 quidam
1794 1591 2041 1647 ornatus,

476 1657 984 1728 sententiarumque
1043 1665 1379 1731 perpetuitas
1415 1676 1469 1719 et
1500 1669 1764 1735 perfectio
1794 1673 1956 1738 adsit,
1986 1683 2042 1729 et

477 1747 773 1810 praeclarus
805 1749 888 1802 vir
922 1751 1145 1821 insuper
1173 1756 1478 1810 secundum
1534 1762 1717 1814 omnia
1770 1763 2043 1820 rhetorica

475 1849 762 1890 causarum
833 1856 1030 1907 genera
1069 1846 1600 1902 commendationem
1645 1863 1954 1920 mereatur;
1989 1865 2044 1910 et

476 1929 592 1981 sive
623 1935 869 1998 suadeat,
897 1935 1012 1988 sive
1047 1936 1251 2000 laudet,
1291 1940 1405 1991 sive
1461 1941 1777 2011 judicialem
1824 1959 2045 2002 contro-

478 2021 708 2074 versiam
773 2024 1058 2093 disceptet,
1095 2027 1296 2095 ubique
1348 2029 1449 2082 sibi
1485 2032 1676 2088 similis
1704 2052 1765 2089 ae
1795 2053 2043 2097 summus

475 2111 568 2173 sit,
598 2121 652 2164 et
679 2113 811 2166 nihil
841 2115 1060 2170 interim
1114 2134 1142 2170 a
1180 2120 1442 2187 gravitate
1490 2134 1544 2177 et
1578 2127 1911 2185 sublimitate
1945 2146 2041 2188 sua

474 2201 557 2254 vel
598 2203 870 2258 tantillum
904 2206 1173 2264 discedat.

546 2291 610 2344 Et
639 2296 899 2361 quoniam
932 2312 1180 2367 ornatus,
1238 2313 1294 2357 et
1345 2306 1648 2373 gravitatis,
1683 2323 1778 2363 seu
1814 2313 2040 2380 grandi-

471 2382 620 2447 tatis,
655 2393 710 2438 et
755 2388 912 2456 quasi
965 2391 1178 2446 roboris
1212 2396 1495 2465 cujusdam
1545 2401 1664 2466 ejus
1696 2401 1753 2454 in
1806 2403 2039 2459 dicendo

472 2481 803 2534 mentionem
825 2483 1136 2552 habuimus,
1162 2489 1265 2542 hoe
1286 2507 1500 2561 quoque
1521 2498 1830 2552 necessario
1844 2501 1928 2569 adj
1940 2518 2042 2556 un-

471 2568 709 2635 gendum
736 2570 903 2634 duco,
935 2573 1254 2642 Gregorium
1311 2581 1485 2633 solum
1517 2599 1582 2635 ex
1612 2582 1814 2638 Grzccis
1865 2568 2040 2642 omni-

472 2656 596 2712 bus.
647 2661 696 2711 in
730 2659 914 2716 Graeca
965 2664 1258 2735 Atticaque
1328 2671 1592 2736 sapientia
1631 2684 1687 2727 et
1753 2676 1960 2745 lingua,
1991 2679 2037 2732 si

471 2749 761 2818 quisquam
793 2754 950 2816 alius,
1007 2763 1368 2812 exercitatum
1429 2762 1631 2826 fuisse,
1675 2781 1776 2819 nec
1812 2781 2039 2823 necesse

471 2839 754 2906 habuisse,
780 2844 996 2898 illorum
1060 2849 1199 2901 item
1225 2851 1436 2920 legibus
1471 2863 1526 2907 et
1584 2857 1834 2911 moribus
1861 2861 2037 2913 servi-

472 2942 644 2988 tutem
673 2938 885 2992 servire
917 2956 930 2994 :
961 2940 1056 2993 sed
1092 2942 1284 2995 Atticae
1314 2945 1535 3012 quidem
1567 2947 1823 3003 dictionis
1854 2950 2036 3006 fucum

471 3033 530 3078 et
557 3027 966 3093 curiositatem,
992 3039 1051 3084 ut
1103 3033 1262 3087 inane
1294 3049 1356 3087 ac
1382 3050 1848 3105 supervacaneum
1877 3041 2038 3110 quid-

473 3116 600 3170 dam
652 3120 775 3173 aliis
831 3122 1162 3190 reliquisse:
1219 3125 1286 3180 de
1325 3126 1511 3180 Grznea
1551 3137 1730 3183 autem
1775 3129 2044 3201 sapientia

470 3207 616 3273 quod
654 3223 871 3277 purum,
907 3212 1297 3270 honestumae
1336 3217 1566 3277 siumlex
1624 3231 1727 3285 est,
1759 3237 2045 3278 assumen-

471 3304 602 3360 tem,
630 3307 786 3351 antea
807 3315 912 3353 non
943 3304 1114 3356 viSam
1140 3305 1407 3359 orationis
1437 3308 1636 3372 idean),
1666 3325 1761 3364 seu
1789 3309 2041 3380 formam,

471 3388 1044 3459 eompositionemque
1069 3401 1124 3446 et
1156 3395 1411 3462 phrasin,
1465 3399 1636 3452 veluti
1671 3401 2044 3471 legislatorem

470 3478 648 3546 ipsum
675 3489 729 3532 et
757 3481 971 3535 dicendi
1023 3485 1340 3554 magistrum
1396 3488 1668 3559 insignem
1744 3481 2041 3549 invenisse.

470 3567 550 3621 Ex
573 3585 683 3638 quo
720 3573 772 3623 in
805 3574 1196 3642 admiratione,
1225 3587 1280 3630 et
1311 3579 1542 3633 nimium
1569 3593 1834 3650 quantum
1862 3585 2046 3640 clarus

470 3663 593 3724 fuit,
629 3666 770 3730 apud
801 3679 896 3718 eos
925 3669 1232 3734 pnesertim
1266 3672 1572 3738 universos,
1612 3677 1705 3744 qui
1739 3691 1905 3746 supra
1939 3693 2048 3732 caa-

473 3763 621 3806 terus
643 3756 1007 3824 eloquentiam
1033 3760 1278 3814 colerent
1304 3771 1362 3816 et
1411 3777 1679 3830 amarent,
1706 3777 1759 3820 et
1785 3769 2044 3823 adhibere

471 3845 523 3897 in
559 3848 850 3903 scribendo
885 3851 1192 3904 artificium
1221 3854 1445 3916 scirent,
1482 3867 1541 3910 ut
1570 3857 1769 3912 animis
1808 3868 1864 3914 et
1895 3862 2045 3915 auri-

470 3937 574 3991 bus
606 3950 661 3993 et
689 3940 1014 4006 subtilitate,
1065 3943 1385 4008 festivitate,
1420 3956 1472 4001 et
1502 3949 1812 4014 nobilitate,
1867 3952 2045 4007 incre-

469 4029 736 4099 dibilique
759 4040 814 4086 et
843 4033 1410 4103 divinajucunditate,
1445 4051 1502 4092 et
1539 4040 1698 4094 melle
1727 4043 2042 4098 orationum

472 4121 618 4175 illius
649 4126 902 4191 suspensi
935 4126 1275 4193 penderent:
1315 4138 1595 4198 torperent
1637 4143 1820 4187 autem
1852 4151 2044 4192 omnes

469 4212 632 4264 simul
663 4213 731 4265 ad
771 4215 909 4268 hanc
960 4217 1186 4272 minime
1248 4234 1595 4275 communem
1631 4232 1686 4277 et
1747 4224 2044 4279 inimitabi-

469 4302 576 4354 lem
638 4303 838 4367 ideam,
893 4321 1016 4358 eum
1077 4316 1304 4377 stupore
1346 4311 1633 4377 mirantes,
1691 4329 1939 4383 quantam
1989 4328 2042 4370 et

2077 1749 2118 1802 Β

2073 3087 2115 3144 C

2153 493 2296 564 γίαν,
2333 497 2426 548 καὶ
2453 495 2514 548 τὸ
2559 497 2690 566 περί⁵
2739 497 2910 566 αὐτὴν
2954 498 3086 567 ὕψος
3112 501 3208 568 τοῦ
3247 502 3407 570 λόγου
3438 505 3490 554 ἐν
3515 521 3567 556 τε
3593 510 3675 575 νοή-

2157 601 2320 654 μασιν
2359 585 2562 653 ὁμοίως
2595 587 2690 638 καὶ
2719 587 2880 652 λέξει,
2928 590 3024 641 καὶ
3058 592 3326 663 συνθήκῃ,
3375 594 3466 648 καὶ
3500 599 3674 664 φράσει.

2154 674 2235 728 Δι’
2259 676 2295 729 ἃ
2322 676 2494 746 δήπου
2519 677 2613 730 καὶ
2635 678 2732 748 τὴν
2763 679 2948 750 κοινὴν
2977 683 3350 752 προσηγορίαν
3414 687 3515 738 τῶν
3545 688 3678 742 650M-

2154 781 2268 832 γων
2297 765 2488 834 ὥσπερ
2519 766 2920 831 ἐξιδιώσασθαι,
2967 769 3227 838 Θεολόγον
3258 773 3419 826 αὑτὸν
3447 776 3679 844 ἐξαιρέτως

2155 857 2565 927 προσειπούσης
2617 858 2778 927 μόνον
2851 861 2951 928 τῆς
2999 860 3109 914 τῶν
3159 863 3370 916 πιστῶν
3411 866 3680 936 Ἐκκλησίας

2156 948 2294 1016 μετὰ
2343 949 2432 1000 τὸν
2457 949 2570 1000 υίδν
2596 949 2696 1018 τῆς
2745 949 2998 1021 βροντῆς,
3061 954 3150 1007 τὸν
3199 957 3420 1024 πρῶτον
3474 958 3680 1027 Θεολόγον

2153 1037 2246 1088 καὶ
2283 1038 2677 1108 εὐαγγελιστήν
2710 1059 2876 1110 φημι.
2926 1046 3036 1096 Καὶ
3073 1045 3179 1114 μὴν
3221 1048 3320 1098 καί
3350 1048 3406 1098 τὸ
3444 1049 3677 1116 σύντομον,

2152 1127 2249 1178 καὶ
2271 1128 2494 1196 γοργὸνξ
2525 1132 2619 1183 καὶ
2643 1131 2700 1184 τὸ
2725 1134 2783 1184 ἐν
2819 1133 3030 1201 ὀλίγαις
3063 1138 3174 1188 τισὶ
3210 1138 3499 1202 συλλαϐαῖς
3526 1157 3574 1192 τε
3608 1145 3674 1193 καὶ

2152 1216 2327 1282 λέξεσι
2346 1222 2410 1272 τὰ
2441 1222 2652 1289 μεγάλα
2675 1224 2770 1277 καὶ
2793 1225 3045 1294 ὑπερφυᾶ
3071 1245 3136 1279 πε
3148 1230 3500 1297 ριλαμϐάνειν
3522 1235 3678 1298 ἐκεῖνα,

2152 1305 2250 1357 καὶ
2286 1309 2452 1374 μηδέν
2500 1326 2554 1361 τι
2600 1314 2721 1374 ταῖς
2764 1314 3032 1380 μεγάλαις
3086 1317 3178 1368 καὶ
3218 1317 3548 1386 θαυμασταῖς
3587 1323 3680 1374 ὐπο-

2153 1391 2334 1446 θέσεσι
2364 1394 2466 1463 τὴν
2497 1399 2790 1467 συντομίαν
2830 1400 2924 1453 τοῦ
2961 1401 3117 1468 λόγου
3164 1406 3550 1472 λυμαίνεσθαι·
3582 1409 3680 1460 ἀλλὰ

2155 1481 2290 1550 μετὰ
2326 1485 2419 1536 τοῦ
2451 1485 2764 1554 θαυμαστοῦ
2805 1487 2975 1558 ὕψους
3005 1491 3100 1543 καὶ
3139 1492 3241 1561 τὴν
3290 1497 3584 1562 σαφήνειαν,
3611 1499 3679 1549 καὶ

2149 1573 2212 1625 τὸ
2239 1576 2422 1627 καινὸν
2447 1577 2661 1642 κάλλος,
2691 1581 2868 1633 καὶτὸ
2893 1583 3006 1634 τῶν
3025 1583 3248 1635 ἐννοιῶν
3269 1587 3539 1649 ἀνελλιπὲς
3558 1607 3682 1656 προσ·

2151 1663 2418 1716 εἶναικαὶ
2479 1666 2699 1733 ἄρτιον·
2753 1669 2846 1720 καὶ
2905 1671 3131 1738 προσέτι
3201 1673 3262 1724 τὸ
3309 1675 3439 1726 πᾶσι
3469 1678 3566 1737 τοίς
3609 1678 3679 1744 μὲι

2149 1769 2268 1822 ρεσι
2301 1756 2398 1822 τῆς
2428 1757 2729 1827 ῥητορικῆς
2782 1760 2841 1810 ὲν
2879 1761 2995 1823 τοῖς
3023 1760 3204 1828 λόγοις
3249 1762 3502 1827 ὡσαύτως
3561 1767 3678 1818 ἐνεν-

2145 1844 2390 1913 δοκιμεῖν
2414 1848 2507 1900 τὸν
2532 1851 2799 1916 γενναῖον,
2825 1853 2922 1904 καὶ
2949 1869 3012 1904 συ
3021 1854 3412 1926 μ6ουλεύοντα,
3438 1858 3523 1909 καὶ
3545 1859 3676 1925 ἐγκω·

2148 1938 2436 2005 μιάζοντα,
2486 1942 2693 2011 καὶτῷ
2750 1943 3013 2014 δικανικῷ
3065 1945 3372 2018 χρώμενον,
3421 1952 3507 2003 τὸν
3555 1953 3678 2004 athla

2147 2029 2318 2096 ἄκρον
2369 2034 2426 2084 ἐν
2483 2035 2652 2086 πᾶσιν
2701 2031 2858 2101 εἰναι,
2911 2039 3006 2090 καὶ
3054 2041 3246 2106 ὅμοιον
3307 2042 3500 2112 ἑαυτῷ,
3552 2044 3678 2112 μηδὲν

2147 2121 2431 2191 μηδοτιοῦν
2459 2124 2552 2176 τοῦ
2578 2127 2839 2194 μεγέθους
2869 2128 3063 2182 ἑαυτοῦ
3110 2132 3209 2184 καὶ
3238 2133 3333 2184 τοῦ
3387 2131 3540 2203 ὕψους
3580 2137 3678 2188 ἀπο-

2145 2215 2461 2270 στατοῦντα.

2227 2307 2376 2359 Ἐπεὶ
2390 2309 2445 2361 δὲ
2465 2309 2690 2373 κάλλους
2709 2312 3004 2383 ἐμνήσθην,
3018 2316 3110 2370 καὶ
3130 2317 3412 2388 μεγέθους,
3429 2323 3514 2373 καὶ
3531 2320 3674 2392 ῥώμης

2141 2395 2334 2466 λόγων,
2360 2402 2577 2454 κάκεῖνο
2614 2403 2919 2472 προσθεῖναι
2947 2410 3058 2469 τοῖς
3085 2409 3400 2479 εἰρημένοις
3430 2411 3673 2478 ἀναγκαῖον

2141 2493 2367 2561 νομίζω,
2391 2494 2471 2546 ὃτι
2495 2497 2789 2565 Γρηγόριος
2812 2499 2973 2566 μόνος
2989 2500 3046 2564 ἐξ
3073 2501 3182 2570 ἄρα
3209 2504 3421 2556 πάντων
3437 2504 3671 2572 Ἑλλήνων,

2141 2582 2236 2634 ἐπὶ
2269 2582 2656 2654 Ἐλληνικήντε
2701 2585 2794 2637 καὶ
2825 2588 3075 2656 ’Λττικὴν
3095 2590 3312 2658 σοφίαν,
3337 2591 3426 2641 καὶ
3445 2591 3530 2659 τὴν
3544 2589 3672 2656 γλῶτ-

2141 2687 2241 2722 ταν
2271 2671 2453 2739 ἄκρως
2485 2671 2642 2742 εἰπερ
2666 2689 2748 2734 τις
2775 2675 3040 2741 ἀσκήσας.
3063 2676 3163 2728 οὐκ
3183 2677 3341 2746 ἔσχεν
3370 2677 3588 2744 ἀνάγκην
3606 2678 3670 2726 καὶ

2139 2761 2248 2822 τοῖς
2284 2763 2506 2814 ἐκείνων
2555 2764 2740 2832 νόμοις
2793 2765 2885 2817 καὶ
2932 2768 3044 2829 τοῖς
3101 2767 3255 2820 ἔθεσι
3309 2768 3544 2832 καθάπαξ
3587 2766 3671 2816 δου-

2143 2851 2367 2904 λεύεινσ
2427 2853 2561 2906 ἀλλὰ
2609 2857 2710 2925 τῆς
2764 2857 2863 2925 μὲν
2907 2857 3162 2929 ’Ᾱττικῆς
3222 2860 3282 2913 τὸ
3336 2862 3391 2912 ἐν
3442 2861 3562 2925 λέξει
3601 2858 3667 2909 καὶ

2147 2941 2347 3011 φράσει
2381 2945 2735 3012 κῦμμωτικὺν
2777 2949 2870 2998 καὶ
2902 2947 3202 3017 περίεργον
3244 2950 3319 3013 ὡς
3347 2952 3574 3020 περιττὸν
3598 2966 3668 2999 κι-

2150 3033 2397 3088 ταλιπὼν
2431 3035 2632 3100 ἄλλοις,
2689 3038 2786 3106 τῆς
2833 3039 2879 3091 δ’
2919 3040 3248 3111 Ἑλληνικῆς
3295 3043 3354 3095 τὸ
3389 3042 3596 3111 καθαρόν
3625 3057 3664 3092 τε

2150 3127 2244 3180 καὶ
2271 3128 2488 3198 σῶφρον
2523 3128 2978 3201 προσλαϐόμενος,
3009 3134 3101 3186 καὶ
3131 3135 3358 3197 ἁπλοῦν,
3394 3137 3563 3205 καινήν
3581 3150 3666 3185 τινα

2151 3217 2324 3285 λόγων
2355 3220 2526 3284 ἰδέαν,
2555 3223 2653 3273 καὶ
2678 3222 2972 3292 συνθήκην,
3007 3227 3101 3277 καὶ
3132 3228 3337 3296 φράσιν
3364 3227 3575 3294 ἐξεῦρεν,
3605 3219 3664 3275 οἴει

2150 3309 2215 3380 δὴ
2252 3313 2548 3383 νομοθέτης
2579 3315 2675 3366 καὶ
2709 3315 2892 3378 αὐτὸς,
2927 3317 3024 3369 καὶ
3059 3317 3266 3387 ὑψηλὸς
3296 3318 3580 3378 διδάσκαλος
3600 3316 3664 3365 λό-

2149 3421 2281 3467 γων.
2321 3406 2409 3468 Ὠς
2438 3405 2944 3478 θαυμάζεσθαιμὲν
2995 3412 3090 3462 καὶ
3119 3412 3390 3479 φιλεῖσθαι
3412 3412 3520 3464 καθ’
3541 3411 3662 3472 ὑπερ-

2149 3497 2315 3566 ϐολὴν
2344 3499 2449 3552 ὑπὸ
2489 3500 2726 3564 πάντων,
2762 3501 2857 3553 καὶ
2905 3501 3140 3571 μάλιστα
3177 3505 3287 3558 τῶν
3317 3505 3447 3572 ὑπὲρ
3474 3498 3663 3562 τοὺςᾶλο

2147 3587 2274 3651 λους
2301 3589 2494 3656 λόγους
2549 3590 2837 3661 τιμώντων
2885 3611 2943 3646 τε
2991 3596 3088 3648 καλ⁸
3121 3596 3439 3664 φιλούντων,
3482 3594 3561 3646 καὶ
3597 3591 3661 3658 δτι·

2150 3687 2436 3749 μιουργεῖν
2467 3683 2689 3748 τούτους
2722 3685 2963 3752 εἰδότων,
3018 3689 3113 3740 καὶ
3157 3688 3350 3758 ὥσπερ
3391 3682 3659 3754 ἐξηρτῆσθαι

2146 3769 2372 3833 τούτους
2406 3770 2515 3823 τῶν
2547 3771 2816 3838 διανοιῶν,
2850 3775 2944 3827 καὶ
2970 3774 3078 3828 τῶν
3104 3773 3282 3841 ὢτων,
3320 3774 3408 3828 τοῦ
3452 3790 3504 3825 τε
3536 3769 3657 3838 ideo;

2147 3860 2242 3912 καὶ
2287 3862 2380 3914 τοῦ
2417 3862 2648 3925 κάλλους
2699 3865 2948 3930 ἐκείνων,
2991 3867 3087 3919 καὶ
3134 3869 3237 3938 τῆς
3283 3865 3554 3933 εὐγενείας,
3589 3858 3656 3911 καὶ

2145 3952 2242 4022 τῆς
2284 3952 2599 4025 ἀπορρήτου
2645 3958 2738 4009 καὶ
2777 3957 3072 4020 θεσπεσίας
3106 3960 3324 4030 ἡδονῆς,
3368 3961 3452 4012 καὶ
3485 3954 3561 4008 τοῦ
3589 3950 3655 4021 μέ·

2146 4046 2292 4110 λιτος
2334 4065 2347 4078 ·
2379 4049 2590 4102 ἀτονεῖν
2614 4050 2670 4102 δὲ
2709 4051 2916 4114 πάντας
2959 4052 3094 4124 ὁμοῦ
3127 4054 3266 4124 πρὸς
3325 4053 3416 4124 τὴν
3446 4051 3498 4104 οὐ
3519 4043 3656 4113 κοινὴν

2147 4141 2244 4192 καὶ
2269 4141 2548 4211 ἀμίμητον
2579 4142 2786 4212 ταύτην
2815 4143 2977 4210 ἰδέαν,
3011 4145 3134 4214 ἥτις
3164 4145 3284 4198 ποτ’
3315 4145 3444 4207 ἐστὶ,
3469 4140 3548 4194 καί
3568 4135 3654 4188 ὅθεν

2145 4235 2379 4305 ἥκουσα,
2427 4238 2524 4291 καὶ
2551 4239 2609 4291 το
2644 4240 2873 4308 φυσικόν
2918 4259 2976 4293 τε
3043 4242 3139 4294 καὶ
3180 4243 3452 4312 ἀμήχανον
3489 4233 3651 4288 κάλλος.

2149 4329 2453 4399 ἐκφράσαι·
2505 4330 2814 4399 ἀμϐροσίαν
2853 4331 2973 4384 τινὰ
3019 4335 3115 4385 καὶ
3172 4333 3389 4402 νέκταρ,
3431 4319 3654 4398 μᾶλλονδὲ

474 4393 615 4446 unde
643 4397 954 4461 exstitisset,
987 4402 1398 4471 naturalemque
1421 4416 1672 4459 ornatum
1700 4407 1878 4484 illum,
1897 4418 1950 4462 et
1979 4409 2042 4462 ad

2155 4393 2238 4486 (τό
2262 4393 2364 4490 τῆς
2407 4393 2558 4485 θείας
2590 4393 2756 4488 φάναι
2806 4423 3052 4492 Γραφῆς)
3098 4423 3264 4495 ἄρτον
3315 4393 3549 4491 άγγέλων,
3586 4412 3651 4464 καὶ

469 4485 895 4540 deseribendum
931 4490 1225 4552 difﬁcilem,
1263 4489 1594 4549 ambrosiam
1630 4499 1922 4566 quamdam
1984 4508 2042 4553 et

469 4586 678 4642 nectar,
717 4594 813 4632 seu
857 4589 941 4648 (ut
972 4596 1037 4634 ex
1066 4583 1251 4636 divina
1306 4584 1589 4654 Scriptura
1625 4587 1808 4655 potius
1837 4587 2039 4660 dicam)

467 4672 745 4726 orationes
767 4675 886 4741 ejus
924 4690 1116 4743 panem
1141 4677 1482 4744 angelorum,
1516 4689 1570 4732 et
1600 4697 1817 4736 sacrum
1843 4700 2042 4738 manna

467 4764 870 4830 existimarent,
913 4767 1116 4834 quibus
1145 4770 1561 4838 ’sapientissima
1597 4781 1654 4826 et
1682 4773 1922 4828 humana
1951 4791 2047 4829 su-

469 4857 656 4924 perior
692 4872 849 4911 mens
876 4867 1042 4923 atque
1077 4859 1264 4929 lingua
1323 4870 1431 4915 tam
1468 4876 1821 4920 sacrosanCIa
1853 4868 1942 4922 illa
1973 4869 2041 4925 de

470 4951 738 5022 theologia
766 4963 824 5008 et
853 4954 1139 5009 divinitate
1173 4964 1282 5010 tam
1313 4957 1545 5014 mirifice
1575 4959 1861 5016 edidisset.

541 5049 631 5101 Illa
665 5059 928 5118 prmterea
969 5051 1037 5104 de
1075 5067 1260 5106 rerum
1305 5053 1661 5110 fabricatione
1702 5059 2038 5127 procuratio-

468 5156 666 5209 neque,
702 5149 756 5195 et
800 5157 1052 5212 magnum
1090 5145 1220 5199 illud
1265 5161 1471 5215 magna:
1501 5147 1642 5201 circa
1685 5163 1783 5203 nos
1823 5165 2045 5206 meone-

469 5233 590 5284 miae
635 5231 842 5286 Christi
885 5244 1289 5288 sacramentum
1338 5251 1500 5304 quam
1537 5247 1724 5292 sancte
1773 5246 1828 5293 et
1860 5240 2044 5297 divine

465 5323 802 5388 tractaverit,
851 5324 976 5388 quis
1015 5324 1250 5378 dicendo
1296 5330 1814 5397 consequaturHEt
1859 5331 2042 5387 Veteri

468 5415 768 5484 Scriptura:
811 5415 1012 5470 Novam
1069 5418 1432 5473 conciliavit:
1477 5427 1532 5474 et
1581 5422 2040 5491 quemadmodum

469 5507 656 5573 figura:
679 5517 736 5562 et
761 5509 965 5563 umbrae
991 5508 1126 5578 legis
1147 5509 1212 5562 ad
1247 5512 1614 5578 evangelicain
1651 5515 2040 5582 perfectionem

469 5597 868 5667 veritatemque
936 5599 1283 5662 transierint,
1349 5603 1743 5672 completteq'ue
1806 5605 2040 5669 luerint,

472 5690 732 5744 omnibus
761 5689 1050 5758 patefecit;
1091 5700 1197 5746 tam
1233 5694 1511 5762 ingeniose
1546 5710 1608 5751 ac
1644 5696 1854 5766 dextro,
1893 5701 2041 5770 sapi-

2155 4511 2335 4578 μάννα
2364 4511 2427 4564 τὸ
2481 4513 2627 4582 ἱερὸν
2677 4514 3013 4583 ἡγουμένους
3045 4515 3173 4576 τοὺς
3226 4513 3408 4580 λόγους
3445 4507 3646 4602 ,ἐκείνξυξο

2142 4605 2209 4658 δι’
2247 4598 2322 4658 ὧν
2353 4606 2384 4675 ἡ
2434 4604 2718 4674 σοφωτάτη
2762 4607 2855 4658 καὶ
2895 4603 3034 4675 ὑπὲρ
3067 4605 3164 4675 τὴν
3216 4601 3536 4674 ἀνθρωπίνην
3566 4595 3646 4646 διὰ·

2143 4696 2264 4751 νοιά
2288 4715 2346 4749 τε
2376 4700 2470 4751 καὶ
2511 4699 2727 4767 γλῶττα
2761 4701 2828 4752 τά
2858 4715 2914 4750 τε
2958 4699 3133 4751 σεπτὰ
3168 4699 3291 4769 περί
3322 4690 3562 4760 θεολογίας
3582 4681 3644 4738 κειὶ

2146 4789 2402 4858 θεότητος
2430 4791 2725 4861 ὑπερφυῶς
2760 4790 2971 4854 ἐξεῖπεν
2997 4792 3206 4846 ἐκεῖνα.
3469 4789 3473 4796 ’

2213 5054 2352 5118 Τούς
2379 5069 2437 5106 τε
2462 5052 2589 5122 περὶ
2619 5053 2980 5124 δημιουργίας
3010 5055 3104 5109 καὶ
3129 5045 3558 5142 προνοίας-ἰεροϋς

2145 5163 2295 5214 γους,
2324 5148 2418 5199 καὶ
2462 5146 2525 5217 δὴ
2564 5147 2656 5198 καὶ
2691 5146 2749 5198 τὸ
2780 5147 2921 5214 μέγα
2967 5147 3065 5216 τῆς
3108 5145 3340 5216 μεγάλης
3388 5139 3499 5208 περὶ
3537 5135 3640 5202 ἡμᾶς

2144 5239 2455 5305 οἰκονομίας
2483 5236 2720 5306 Χριστοῦ
2744 5239 3062 5306 μυστήριον,
3095 5237 3267 5306 ἱερούς
3295 5250 3347 5286 τε
3378 5233 3457 5282 καὶ
3488 5227 3636 5277 θεσπεο

2147 5331 2296 5391 σίους
2331 5331 2445 5392 πῶς
2486 5331 2551 5382 ἂν
2598 5332 2739 5383 εἴποι
2771 5347 2886 5396 τιςς
2951 5332 3031 5399 Τῇ
3095 5329 3298 5398 “an”?
3340 5325 3428 5393 τὴν
3479 5310 3635 5409 KP"?!

2147 5422 2496 5491 συμΰιὸἁζει,
2531 5422 2626 5476 καὶ
2659 5424 2758 5492 τὴν
2795 5422 2886 5474 τοῦ
2921 5421 3088 5491 νόμου
3128 5421 3405 5476 τελείωσιν,
3438 5407 3635 5511 ’καὶοτινν

2145 5515 2352 5577 τύπων,
2373 5522 2464 5568 καὶ
2489 5515 2593 5567 τῶν
2626 5517 2793 5566 σκιῶν
2815 5515 2916 5584 τὴν
2947 5514 3228 5583 μετάθεσιν
3257 5508 3379 5578 πρὸς
3512 5506 3635 5597 "fr

2146 5608 2370 5676 γελικὴν
2393 5606 2702 5673 τελειότητα
2753 5608 2846 5659 καὶ
2875 5607 2973 5677 τὴν
3004 5605 3255 5676 ἀλήθειαν
3285 5600 3430 5652 πᾶσιν
3467 5579 3631 5678 uanos}-

2149 5715 2304 5752 κνυσι
2338 5697 2508 5761 οὕτως
2556 5697 2768 5767 ἑκφυῶς
2820 5713 2877 5750 τε
2930 5697 3023 5749 καὶ
3062 5694 3265 5764 σοφῶς,
3317 5685 3398 5743 καὶ
3446 5674 3632 5730 πιθανως
