3862 6218
197 290 299 354 831

1213 285 1618 361 LAUDATIO
1664 285 1912 345 TRlUM
1972 284 2406 348 DOCTORUM.

3351 289 3462 349 802

193 404 364 470 ἄγαν,
423 403 517 455 καὶ
563 401 704 473 μετὰ
758 401 854 472 τῆς
888 401 1189 472 σαφηνείας
1240 401 1478 468 ἐκείνης,
1537 399 1631 451 καὶ
1683 398 1781 466 τῆς

1895 406 2176 465 anterque,
2208 407 2357 451 tanta
2383 401 2757 467 persuasionis
2793 401 2865 464 vi,
2901 401 3039 456 adeo
3071 402 3360 471 perspicue
3391 417 3475 463 et.

193 495 511 565 ἀπορρήνυ
535 493 894 562 γλυκύτητος,
919 496 1014 548 καὶ
1047 492 1142 546 τοῦ
1191 492 1488 559 θαύματος,
1526 491 1599 550 ὡς
1647 490 1780 540 κᾶν-

191 584 391 638 τεῦθεν
424 586 626 653 μᾶλλον
675 586 774 654 τὴν
809 585 1046 655 Χριστοῦ
1112 584 1444 650 Ἐκκλησίαν
1487 582 1553 633 τὰ
1607 578 1782 632 σεπτὰ

194 678 480 746 μυστήρια
510 676 586 746 μὴ
634 677 796 745 μόνον
846 679 978 747 ὀρᾷν
1023 675 1241 745 ὑψηλῶς
1290 675 1454 743 ἔχειν,
1507 673 1644 726 ἀλλὰ
1686 673 1782 724 καὶ

192 770 432 838 πάσχειν
465 769 820 838 ὑψηλότερον,
855 770 948 822 καὶ
997 770 1315 838 μανθάνειν,
1360 768 1454 818 καὶ
1487 767 1622 836 πρὸς
1683 765 1782 837 τὴν

191 862 408 914 ἐκεῖθεν
430 862 743 930 οἱκονομίχν
775 879 834 913 τε
875 863 965 914 καὶ
987 862 1085 930 τὴν
1130 863 1407 931 σωτηρίαν
1458 860 1781 926 ἀνάγεσθαι,

193 955 294 1006 καὶ⁴
324 955 423 1022 τὴν
456 955 751 1024 καλλίστην
783 971 839 1006 τε
867 953 960 1006 καὶ
985 953 1327 1022 ὑψηλοτάτην
1369 953 1654 1005 ἀλλοίωσιν
1684 953 1781 1005 ἀλ-

192 1047 497 1100 λοιοῦσθαι.
535 1049 600 1098 Ὃ
627 1045 689 1114 δὴ
741 1049 844 1099 κᾶν
881 1049 987 1109 τοῖς
1039 1048 1283 1105 ἐπαίνοις
1325 1047 1432 1096 τῶν
1463 1047 1642 1112 σοφῶν
1676 1063 1780 1097 πα-

194 1137 349 1206 τρῶν
380 1155 434 1187 τε
467 1139 560 1189 καὶ
617 1137 908 1207 μαρτύρων
951 1136 1348 1207 παραπλησίως
1377 1136 1525 1203 αὐτῷ
1555 1137 1778 1205 συνέϐη,

191 1226 286 1280 διὰ
318 1228 428 1280 τῶν
457 1228 785 1298 θαυμαστῶν
809 1229 982 1296 λόγων
1009 1229 1232 1280 ἐκείνων
1253 1228 1406 1279 οὐδὲν
1431 1223 1594 1299 ἦττον
1632 1227 1663 1297 ἦ
1693 1228 1784 1280 διὰ

194 1319 312 1371 τῶν
335 1321 496 1389 ἱερῶν
529 1321 799 1389 πράξεων.
828 1323 922 1372 καὶ
961 1321 1061 1385 τῆς
1092 1319 1460 1388 ἀποστολικῆς
1483 1319 1783 1381 πολιτείας,

195 1413 296 1462 καὶ
331 1409 438 1461 τῶν
462 1409 709 1476 ἀγώνων,
749 1411 852 1462 ὑπὸ
884 1411 981 1478 τῆς
1021 1409 1348 1479 Ἐκκλησίας
1376 1409 1784 1482 ἀνακηρυχθέν-

193 1514 311 1550 των
347 1515 404 1548 τε
437 1501 529 1549 καὶ
565 1500 1037 1567 στεφανωθέντων.

276 1587 577 1656 Ποιητικῆς
602 1605 663 1656 γε
704 1589 811 1659 μὴν
845 1589 1030 1653 ἕνεκα,
1073 1590 1166 1642 καὶ
1198 1589 1365 1651 ὲπῶν,
1401 1589 1496 1641 καὶ
1525 1589 1785 1642 παντοδα-

199 1681 327 1729 πῶν
380 1679 611 1746 μέτρων,
645 1679 682 1733 ἂ
718 1681 846 1751 περὶ
876 1682 1087 1735 πολλῶν
1132 1699 1189 1734 τε
1236 1683 1333 1734 καὶ
1369 1682 1595 1734 πλεῖστα
1645 1684 1783 1754 προς

197 1768 393 1838 κοινὴν
422 1771 764 1838 Χριστιανῶν
799 1773 1047 1826 παιδείαν
1075 1774 1348 1843 διαφόρως
1398 1773 1638 1839 ἐξέθετο,
1685 1775 1782 1829 καὶ

198 1861 378 1926 λόγων
405 1863 704 1934 ποιητικῶν
731 1865 983 1936 ἄσκησιν,
1017 1869 1112 1920 καὶ
1145 1869 1359 1935 σοφίαν,
1391 1871 1474 1932 τίς
1503 1868 1650 1939 αύτῷ
1677 1869 1786 1922 τῶν

200 1953 337 2021 παρ’
379 1954 605 2024 Ἕλλησι
639 1958 878 2025 ποιητῶν
911 1959 1346 2029 ἀμφισϐητήσει,
1392 1963 1486 2012 καὶ
1519 1961 1581 2013 ού
1605 1977 1783 2032 παρα-

201 2047 447 2116 χωρήσει
483 2045 575 2098 τοῦ
621 2050 906 2116 μεγέθους,
945 2049 1038 2102 καὶ
1081 2049 1181 2117 τῆς
1211 2051 1430 2121 τέχνης,
1465 2053 1561 2104 καὶ
1593 2053 1692 2121 τῆς
1727 2053 1786 2104 ἐν

202 2137 416 2200 τούτοις
449 2138 766 2208 δυνάμεωςς
801 2141 936 2211 Περὶ
964 2136 1037 2193 ὧν
1063 2142 1238 2212 δήπου
1269 2144 1362 2195 καί
1402 2161 1486 2206 τις
1520 2143 1628 2195 τῶν
1663 2143 1785 2199 καθ’

209 2229 356 2296 ἡμᾶς
391 2231 573 2298 σοφῶν
628 2233 683 2284 ὲν
715 2235 829 2296 τοῖς
859 2234 998 2306 ὑπὲρ
1052 2234 1216 2288 αὐτοῦ
1276 2237 1455 2305 λόγοις
1489 2240 1652 2290 αὑτὸν
1693 2240 1788 2291 ὲκ-

219 2321 576 2388 πληττόμενος
611 2323 818 2392 ἔλεγεν,
852 2324 926 2388 ὡς
954 2325 1206 2380 τοσοῦτον
1233 2329 1382 2399 αὐτῷ
1429 2332 1532 2382 κᾶν
1571 2329 1785 2392 τούτοις

220 2411 631 2478 καὶδυνάμεως,
689 2414 782 2466 καὶ
827 2416 1020 2485 σοφίας
1045 2457 1060 2480 ,
1113 2419 1206 2470 καὶ
1240 2419 1434 2490 τέχνης
1469 2421 1608 2489 ὑπὲρ
1657 2421 1784 2486 τοὺς

213 2503 471 2565 παλαιοὺς
520 2506 834 2589 πρόσεστιν,
867 2507 940 2570 ὡς
987 2511 1035 2561 εἰ
1068 2510 1144 2579 μὴ
1173 2511 1402 2563 καὶτῶν
1425 2512 1601 2566 ἄλλων
1636 2513 1784 2584 αὐτῷ

208 2592 385 2659 λόγων
407 2596 632 2665 μηδενός
656 2613 721 2664 γε
745 2599 1038 2669 προσῆκε,
1087 2602 1220 2670 μηδὲ
1260 2603 1435 2670 μέγας
1464 2606 1521 2656 ὲν
1555 2604 1787 2668 ἐκείνοις

207 2685 356 2737 οὕτω
380 2689 472 2738 καὶ
500 2688 811 2758 θαυμαστὸς
830 2686 922 2760 ἦν,
952 2692 1059 2745 ἀπὸ
1086 2694 1193 2745 τῶν
1218 2697 1433 2764 μέτρων
1462 2695 1666 2750 τούτων
1694 2699 1788 2751 καὶ

208 2777 310 2845 τῆς
365 2779 653 2847 ποιητικῆς
703 2780 871 2849 μόνης
928 2781 995 2836 ἂν
1025 2783 1086 2836 τὸ
1116 2784 1239 2839 κατ’
1268 2785 1430 2838 αὐτδν
1468 2787 1785 2856 βεὸοῆσθαι,

209 2874 305 2922 καὶ
345 2873 493 2941 παρὰ
530 2874 662 2926 πᾶσι
693 2876 875 2941 σοφοῖς
918 2875 1175 2945 μέγιστός
1211 2895 1293 2941 τις
1337 2873 1503 2952 εἶναιἴ
1539 2879 1632 2933 καὶ
1658 2879 1788 2933 θαυ-

209 2964 417 3030 μαστὴς
448 2960 574 3018 εἷεν.

1884 497 2147 556 quantum
2191 490 2299 544 dici
2351 505 2458 544 non
2504 501 2704 561 potest,
2751 493 3002 553 dulciter.
3042 502 3099 548 et
3137 494 3300 548 modo
3358 505 3466 548 tam

1885 577 2142 642 mirifico,
2179 589 2236 632 ut
2267 589 2323 633 et
2359 580 2488 635 hinc
2532 583 2714 650 potius
2755 582 3001 637 Ecclesia
3051 582 3255 637 Christi
3308 598 3472 637 vene-

1885 671 2056 724 randa
2103 673 2361 740 mysteria
2415 689 2526 727 non
2583 675 2759 728 solum
2815 675 3128 730 sublimiter
3173 675 3360 729 videre
3407 691 3470 729 ac

1886 761 2112 822 intueri,
2139 762 2233 814 sed
2263 763 2435 816 multo
2467 765 2632 817 etiam
2667 765 2958 818 sublimius
2985 766 3116 832 pati,
3145 781 3208 818 ac
3240 765 3468 839 sentire,
3533 773 3537 779 ‘

1884 861 1938 905 et
1969 853 2275 921 percipere,
2313 863 2368 906 et
2409 855 2474 906 ad
2523 854 2668 907 illam
2713 856 3074 908 meonomiam
3127 855 3470 924 salutemque

1885 943 2067 1006 evehi,
2104 944 2585 1012 pulclwrrimaque
2619 955 2673 998 et
2705 947 2967 1024 altissima
3017 949 3320 1001 mutatione
3370 947 3472 999 itit—

1886 1037 2086 1090 mntari
2123 1047 2310 1104 queat.
2347 1039 2526 1100 Quare
2577 1038 2767 1091 iisdem
2801 1054 2939 1106 pene
2971 1039 3242 1104 laudibus,
3269 1039 3469 1107 quibus

1889 1127 2080 1181 Patres
2121 1128 2424 1181 doctissimi
2483 1141 2538 1184 et
2573 1140 2862 1200 martyres,
2914 1131 3314 1185 condecoralus
3345 1141 3466 1184 est:
3517 1133 3526 1155 ‘

1884 1220 2215 1287 quiscilicet
2257 1231 2482 1288 propter
2526 1222 2724 1274 eximia
2771 1222 3037 1275 librorum
3090 1232 3467 1285 monumenta,

1886 1330 2006 1382 qua:
2037 1316 2400 1384 reliquerunt,
2442 1333 2548 1369 non
2596 1319 2776 1372 minus
2809 1333 2973 1387 quam
3025 1328 3246 1386 propter
3283 1333 3469 1372 sacras

1885 1408 2152 1470 actiones,
2181 1419 2236 1461 et
2281 1410 2638 1476 apostolicam
2669 1410 2793 1462 vitae
2829 1411 3099 1464 rationem
3143 1410 3471 1464 certamina-

1886 1514 1992 1566 que
2018 1499 2087 1552 ab
2114 1499 2358 1554 Ecclesia
2388 1501 2660 1556 decantati
2693 1512 2750 1556 et
2786 1501 3037 1556 honorati
3067 1513 3215 1557 sunt.

1958 1593 2015 1647 lu
2051 1593 2200 1662 poesi
2242 1602 2423 1648 autem
2476 1603 2532 1647 et
2572 1594 2842 1659 versibus,
2878 1595 3140 1663 varioque
3167 1604 3470 1649 metrorum

1887 1701 2109 1757 genere,
2142 1701 2264 1754 quae
2304 1687 2372 1740 de
2401 1686 2781 1755 compluribus
2817 1687 3175 1756 argumentis,
3209 1696 3264 1740 et
3296 1687 3473 1756 plera-

1890 1795 1996 1848 que
2041 1780 2106 1833 ad
2154 1794 2503 1834 communem
2565 1779 3000 1834 Christianorum
3065 1779 3469 1833 institutionem

1888 1869 2104 1924 diverse
2133 1869 2464 1938 composuit,
2497 1869 2549 1921 in
2576 1869 2806 1936 poeticae
2835 1869 3059 1922 demum
3091 1867 3361 1922 orationis
3414 1875 3472 1920 et

1886 1962 2195 2032 disciplina:
2229 1961 2644 2022 exercitatione,
2679 1963 2803 2030 quis
2835 1961 3149 2016 Graecorum
3182 1971 3471 2030 poetarum

1885 2051 1936 2106 ei
1969 2067 2027 2106 se
2068 2053 2414 2120 opposuerit,
2443 2067 2547 2105 nec
2594 2051 2671 2104 illi
2701 2051 2753 2104 in
2795 2051 2880 2105 bis
2907 2053 3043 2106 artis
3075 2051 3470 2121 perfectionem

1885 2141 2312 2209 facultatemque
2361 2142 2730 2195 concesserit?
2768 2141 2844 2196 De
2887 2141 3089 2209 quibus
3145 2141 3309 2194 etiam
3359 2157 3470 2194 non

1885 2244 2051 2284 nemo
2082 2239 2398 2284 nostrorum
2431 2231 2740 2299 sapientum
2777 2230 2829 2283 in
2859 2231 2979 2299 ejus
3012 2229 3326 2284 laudatione
3360 2243 3469 2282 non

1887 2321 2022 2374 citra
2065 2331 2347 2389 stuporem
2374 2321 2532 2385 dixit,
2567 2329 2774 2375 tantum
2820 2320 2874 2374 in
2923 2321 3042 2375 istis
3094 2329 3151 2374 et
3190 2319 3469 2385 facultate,

1886 2418 1940 2465 et
1967 2411 2239 2477 doctrina,
2261 2423 2315 2466 et
2343 2413 2578 2467 artificio
2605 2413 2865 2478 valuisse,
2893 2421 2951 2466 ut
2973 2412 3138 2467 etiam
3171 2416 3212 2468 si
3240 2413 3470 2466 aliarum

1888 2503 2198 2558 litterarum
2230 2505 2385 2559 rudis
2416 2502 2632 2568 fuisset,
2668 2520 2772 2559 nec
2805 2504 2872 2558 ad
2908 2513 3124 2558 tantum
3157 2505 3209 2558 in
3253 2506 3362 2559 illis
3393 2505 3474 2560 fa-

1889 2597 2112 2666 stigium
2141 2597 2627 2665 praestantiamque
2659 2596 3023 2666 pervenisset,
3048 2610 3111 2649 ex
3136 2596 3475 2650 carminibus

1890 2686 2032 2749 istis,
2075 2696 2131 2741 et
2167 2689 2390 2761 poetica
2434 2688 2546 2741 sola
2596 2688 2878 2756 praedicari
2945 2688 3173 2756 ubique.
3231 2697 3280 2741 et
3330 2687 3471 2756 apud

1889 2794 2080 2833 omnes
2107 2779 2356 2834 eruditos
2398 2795 2495 2846 pro
2526 2795 2726 2850 magno
2752 2791 2806 2833 et
2834 2779 3096 2850 singulari
3130 2779 3249 2833 viro
3287 2779 3474 2833 haberi

1889 2871 2152 2941 potuisse.
2187 2872 2366 2941 Atque
2397 2873 2511 2926 han:
2537 2871 2826 2926 hactenus.

293 3055 450 3109 Ἐπεὶ
479 3059 536 3111 δὲ
591 3059 821 3113 τοιοῦτοι
861 3061 962 3130 μὲν
1020 3062 1069 3113 oi
1127 3062 1354 3132 μεγάλοι
1387 3064 1484 3116 σὺν
1534 3065 1785 3133 ἀλλήλοις

1961 3052 2232 3118 Quoniam
2261 3051 2430 3120 igitur
2460 3049 2517 3103 bi
2556 3058 2668 3104 tres
2704 3049 2882 3119 magni
2916 3057 3047 3104 sunt
3073 3049 3258 3112 simul,
3294 3051 3474 3120 magni

207 3148 505 3218 ὁρώμενοι,
542 3150 768 3203 τοιοῦτοι
791 3152 845 3204 δὲ
879 3153 973 3205 καὶ
1003 3153 1124 3205 καθ’
1147 3154 1394 3219 ἕκαστον,
1423 3156 1515 3207 καὶ
1549 3157 1689 3208 οὕτω
1721 3157 1789 3210 τὰ

207 3240 388 3288 οἰκεῖα
419 3238 512 3289 καὶ
532 3239 780 3309 ἀλλήλων
811 3241 1024 3313 φιλοῦσι
1061 3246 1352 3306 ποιεῖσθαι,
1382 3246 1787 3316 κοινοποιούμε-

209 3346 314 3391 νοι,
356 3330 448 3381 καὶ
496 3330 750 3401 ἀλλήλοις
797 3333 1172 3402 ἀντιδιδόντες,
1230 3335 1482 3407 καθάπερ
1537 3338 1637 3409 ήδη
1695 3339 1791 3390 καὶ

207 3423 423 3488 φθάσας
464 3422 617 3492 ἔφην,
643 3426 738 3477 καὶ
763 3425 1020 3495 τοσαύτη,
1055 3429 1147 3480 καὶ
1196 3425 1366 3491 οὕτως
1407 3429 1588 3480 αὐτῶν
1618 3431 1790 3500 ὑπερ-

211 3513 362 3582 φυὴς
393 3512 427 3581 ἦ
481 3529 540 3564 τε
592 3513 716 3577 δόξα
752 3515 844 3566 καὶ
877 3516 936 3568 τὸ
974 3517 1263 3586 μεγαλεῖον
1296 3521 1497 3588 ὁμοίως
1527 3519 1584 3574 ἔν
1612 3538 1668 3573 τε
1695 3522 1786 3573 λό-

214 3621 352 3670 γοις,
383 3605 476 3656 καὶ
503 3605 809 3674 πράγμασι,
845 3609 938 3660 καὶ
971 3611 1003 3679 ἡ
1033 3610 1123 3662 διὰ
1151 3611 1366 3663 πάντων
1399 3613 1630 3682 ἀκριϐὴς
1652 3613 1787 3666 ἔνω-

214 3696 292 3757 σίς
329 3711 392 3746 τε
423 3695 516 3747 καὶ
547 3697 854 3765 συμφωνία,
901 3699 976 3762 ὡς
1008 3700 1065 3766 ἐξ
1105 3700 1314 3771 ὀνύχων
1343 3705 1476 3770 φασὶ
1498 3703 1664 3768 δεῖξαι
1697 3705 1788 3756 τὸν

209 3786 429 3852 λέοντα,
485 3788 709 3842 κάκεῖνα
763 3793 872 3854 τοῖς
921 3792 1232 3862 είρημένοις
1284 3795 1592 3858 ἀκολούθως
1625 3813 1792 3866 προσ-

208 3879 388 3949 Θήσω.

277 3971 458 4023 Ὅταν
504 3975 614 4037 τοῖς
651 3973 792 4028 κατά
835 3976 1103 4031 Ἰουδαίων
1136 3995 1194 4032 τε
1222 3978 1312 4032 καὶ
1355 3978 1626 4051 Ἑλλή»ων
1668 3999 1794 4053 στη-

208 4060 543 4127 λιτευτικοῖς
587 4066 680 4118 καί
704 4069 1108 4137 ἀντιῤῥητικοίς
1139 4051 1324 4121 αὐτῶν
1351 4071 1530 4135 λόγοις
1561 4071 1787 4141 ἐντύχω,

208 4159 310 4213 καὶ
362 4157 468 4209 τῶν
501 4161 614 4228 μετ’
636 4160 832 4225 αύτούς
860 4179 917 4214 τε
949 4163 1041 4215 καὶ
1079 4165 1175 4216 σὺν
1205 4164 1387 4226 αὐτοῖς
1417 4167 1473 4217 ἐν
1504 4167 1787 4234 πλάσματι

210 4251 652 4322 Χριστιανισμοῦ
709 4253 806 4320 τῆς
858 4255 1020 4324 κενῆς
1097 4255 1284 4318 ἀθεῖας
1340 4257 1600 4318 ὡσαύτως
1656 4275 1787 4327 προ-

209 4343 484 4404 στάντων,
541 4343 633 4393 τὶν
683 4343 776 4393 ἐπὶ
812 4343 934 4394 Νῶε
973 4346 1354 4413 κατακλυσμὸν
1390 4347 1497 4415 6ρῦ
1530 4346 1636 4397 τῶν
1669 4347 1792 4400 eaa-

207 4449 348 4489 των.
378 4433 469 4482 καὶ
499 4431 598 4500 τὴν
629 4431 734 4485 τῶν
765 4433 979 4503 ἀνέμων
1031 4433 1410 4504 πανολεθρίαν,
1445 4431 1524 4496 οἷς
1555 4436 1790 4488 κατασύ-
1819 4409 1871 4467 D

212 4537 407 4592 ρονται
438 4525 591 4590 τείχη
626 4524 836 4592 πονηρὰ
882 4525 973 4575 καὶ
1006 4523 1336 4594 ὀχυρώματα
1383 4526 1490 4577 τῶν
1536 4525 1631 4594 τῆς
1664 4528 1794 4578 ἀσε-

210 4614 375 4666 δείας
405 4615 727 4682 προστατῶν
778 4617 870 4666 καὶ
905 4617 1203 4684 τυράννων,
1251 4617 1349 4668 οὐκ
1379 4616 1627 4669 εὖὰλωτα
1683 4621 1795 4680 τοῖς

211 4707 506 4774 καθαιρεῖν
534 4705 900 4775 βουλομένοις,
932 4707 1020 4760 διὰ
1061 4709 1158 4777 τὴν
1197 4709 1329 4774 ἕξιν,
1380 4705 1553 4779 οἶμαι,
1588 4710 1796 4762 καὶτὸν

210 4798 412 4866 τῦφον,
448 4798 544 4850 καὶ
592 4799 692 4867 τὴν
736 4799 977 4870 διπλόην.
1025 4799 1196 4854 Ὀταν
1245 4803 1368 4863 τοὺς
1414 4805 1543 4870 περὶ
1579 4801 1711 4854 Υἱοῢ
1740 4820 1797 4855 τε

217 4892 311 4943 καί
370 4890 709 4958 Πνεύμᾱτος,
745 4892 839 4942 καὶ
871 4891 975 4959 τῆς
1022 4893 1152 4962 μιᾶς
1180 4894 1238 4945 ἐν
1278 4893 1469 4962 Τριάδι
1503 4894 1793 4964 Θεὸτητος,

213 4987 314 5035 καὶ
356 4981 450 5033 τοῦ
500 4981 708 5051 ταύτης
753 4982 1140 5050 ἀκαταλήπτου
1185 4983 1392 5047 Λόγους
1416 4983 1795 5051 ἀναγινώσκω,

215 5073 484 5142 γινώσκω
507 5075 639 5127 Θεὸν
667 5075 868 5145 μᾶλλον
889 5074 947 5127 ὃν
977 5074 1106 5144 ἔχω,
1153 5077 1246 5130 καὶ
1270 5077 1367 5142 τὴν
1399 5077 1660 5146 ἀληθινήν
1698 5094 1798 5146 μο-

215 5165 456 5235 ναρχίαν
493 5162 650 5230 ὁμοῦ,
676 5165 768 5216 καὶ
794 5163 853 5216 τὸ
881 5165 978 5232 τῆς
1001 5165 1229 5233 Τριάδος
1271 5167 1567 5234 μυστήριον
1600 5168 1800 5218 ἐκπαι-

213 5257 452 5324 δεύομαι
481 5256 612 5325 παρ’
655 5255 900 5319 ἐκείνων,
938 5256 1031 5325 καὶ
1063 5257 1162 5319 τὰς
1218 5256 1543 5324 ὑπερϐολὰς,
1575 5259 1668 5310 καὶ
1699 5259 1800 5322 τὰς

217 5349 472 5417 ύφέσεις,
505 5349 598 5400 καὶ
640 5348 739 5417 τὴν
796 5347 1161 5418 συναλοιφὴν,
1219 5348 1310 5401 καὶ
1345 5349 1443 5420 τὴν
1492 5351 1794 5420 διαίρεσιν·

213 5443 334 5494 τῶν
395 5441 450 5494 δὲ
493 5440 796 5510 προσώπων
828 5439 984 5509 ὁμοῦ,
1020 5442 1112 5492 καὶ
1151 5441 1251 5510 τῆς
1280 5440 1514 5509 φύσεως,
1541 5443 1640 5502 τὰς
1670 5462 1798 5514 χρο-

211 5535 382 5598 νιχάς
409 5551 464 5586 τε
517 5534 795 5603 γεννήσεις
823 5531 957 5603 ὁμοῦ
993 5534 1088 5585 καὶ
1138 5534 1235 5595 τὰς
1271 5535 1646 5604 ἐκπορεύπίςο
1705 5537 1801 5591 καὶ

211 5629 323 5696 τὴν
356 5626 672 5694 σωματικήν
722 5627 892 5696 τομήν
940 5641 1000 5677 τε
1035 5628 1128 5676 καὶ
1169 5624 1377 5693 ρεὖσιν,
1436 5627 1530 5677 καὶ
1562 5627 1620 5677 τὸ
1659 5627 1799 5679 κατὰ

211 5719 321 5792 τὴν
353 5718 512 5786 φύσιν
543 5717 760 5771 ἔλαττόν
795 5735 851 5771 τε
897 5720 990 5771 καὶ
1035 5718 1239 5788 μεῖζον,
1294 5719 1384 5772 καὶ
1425 5721 1515 5773 τὸν
1556 5720 1799 5793 καταλη-

1894 3157 2115 3212 quuque
2146 3156 2395 3196 seorsum
2444 3141 2798 3205 considerati,
2835 3142 3082 3210 adeoque
3128 3143 3340 3210 privata
3377 3143 3475 3195 sua

1895 3235 2038 3288 inter
2067 3250 2126 3289 se
2178 3235 2418 3288 libenter
2462 3234 2774 3287 communia
2826 3234 3098 3299 fecerunt,
3129 3236 3477 3302 vicissimque

1893 3327 2394 3391 communicarunt,
2440 3325 2583 3380 sicut
2633 3341 2663 3378 a
2704 3340 2789 3379 me
2839 3327 3000 3394 patilo
3027 3342 3192 3395 supra
3239 3341 3478 3380 comme-

1893 3428 2164 3472 moratum
2219 3427 2304 3472 est
2339 3458 2354 3483 ,
2400 3426 2620 3486 tamque
2684 3419 2874 3487 ingens
2923 3428 3005 3473 est
3053 3429 3110 3472 et
3159 3418 3477 3472 admiranda

1893 3524 2084 3564 eorum
2148 3509 2326 3578 gloria
2359 3518 2414 3563 et
2442 3507 2865 3577 magnificentia,
2907 3516 2964 3561 et
2995 3524 3151 3578 mque
3188 3510 3240 3562 in
3270 3509 3476 3562 doctri-

1892 3617 1983 3666 na,
2019 3613 2074 3657 ct
2118 3603 2450 3667 actionibus,
2479 3611 2534 3655 et
2578 3616 2678 3670 per
2701 3602 2882 3653 omnia
2930 3602 3088 3669 plena
3136 3601 3475 3670 conjunctio,

1894 3709 2198 3752 consensus
2227 3705 2392 3763 atque
2425 3695 2786 3762 conspiratio,
2829 3702 2889 3746 ut
2919 3692 3065 3762 quod
3098 3694 3151 3745 in
3180 3690 3476 3760 proverbio

1893 3801 1996 3856 est,
2028 3807 2094 3846 ea
2127 3791 2400 3859 unguibus
2426 3790 2650 3844 leonem.
2675 3802 2992 3859 cognoscas,
3015 3788 3178 3842 etiam
3203 3786 3291 3840 illa
3313 3785 3478 3841 dictis

1894 3885 2290 3939 convenienter
2319 3883 2596 3953 adjiciam.

1962 3976 2099 4032 Cum
2148 3976 2416 4031 adversus
2443 3973 2663 4029 Judaeos
2703 3979 2757 4028 et
2814 3981 3004 4042 gentes
3046 3973 3288 4043 ipsorum
3323 3970 3478 4025 inve-

1897 4076 2070 4126 ctivas
2096 4082 2149 4126 et
2171 4069 2566 4124 confutatorias
2589 4069 2862 4123 orationes
2896 4067 3037 4137 lego,
3065 4076 3119 4118 et
3155 4080 3343 4119 eorum
3383 4064 3477 4133 qui

1896 4174 2020 4234 post
2061 4164 2236 4233 ipsos,
2271 4164 2579 4232 eodemque
2623 4163 2825 4217 saaculo
2872 4177 2995 4216 cum
3034 4161 3169 4230 ipsis
3197 4159 3475 4223 vixerunt,

1897 4256 2244 4312 Christianos
2275 4272 2332 4310 se
2358 4245 2700 4326 fingentium,
2730 4264 2785 4310 et
2812 4255 3029 4308 interim
3051 4251 3344 4322 impietatis
3367 4251 3483 4304 ina-

1906 4349 2131 4402 nitatem
2181 4348 2432 4401 similiter
2469 4348 2763 4409 tuentium,
2815 4346 3092 4400 Noeticam
3148 4345 3481 4408 eluvionem,

1898 4441 2402 4508 sceleratorumque
2417 4448 2721 4492 extremam
2744 4437 3043 4506 perniciem
3067 4437 3251 4489 videre
3270 4435 3480 4498 videor.

1901 4533 2058 4602 cujus
2109 4533 2314 4600 impetu
2372 4543 2838 4602 propugnatorum
2870 4530 3169 4599 impietatis
3200 4543 3261 4581 ac
3294 4537 3479 4598 tyran-

1900 4641 2098 4679 norum
2147 4627 2290 4679 muri
2339 4628 2574 4691 scelesti,
2619 4643 2683 4682 ac
2727 4636 3080 4680 monumenta
3125 4625 3482 4695 dejiciunlur,

1900 4735 2022 4789 qua:
2069 4735 2175 4772 non
2212 4735 2239 4773 a
2285 4719 2498 4789 quovis,
2547 4735 2860 4789 quanquam
2909 4719 3148 4779 volente,
3199 4717 3360 4785 dejici
3421 4731 3485 4768 ac

1902 4811 2200 4865 disturbari
2252 4821 2500 4880 possunt,
2547 4821 2771 4880 propter
2828 4826 3019 4863 eorum
3085 4807 3353 4864 habitum,
3410 4804 3486 4855 in-

1903 4919 2090 4972 quam,
2123 4909 2177 4956 et
2221 4904 2547 4955 versutiam.
2597 4901 2827 4984 Quando
2870 4900 2936 4953 de
2978 4899 3139 4958 Filio,
3165 4905 3220 4949 et
3251 4895 3480 4963 Spiritu,

1904 5010 2120 5063 unaque
2158 4994 2211 5046 in
2259 4992 2528 5045 Trinitate
2573 4993 2882 5054 divinitate,
2919 4999 2975 5044 et
3007 4987 3281 5058 quomodo
3329 5001 3485 5051 com-

1902 5080 2172 5152 prehendi
2212 5096 2317 5134 non
2351 5081 2548 5149 possit,
2588 5080 2793 5148 scripta
2822 5081 2962 5149 lego,
2993 5079 3161 5132 Deum
3191 5090 3356 5146 quem
3386 5074 3480 5128 ha-

1902 5172 2005 5226 beo
2029 5172 2322 5226 dilucidius
2347 5173 2627 5242 magisque
2656 5171 3239 5241 intelligo,vcramque
3268 5182 3485 5222 monar-

1901 5265 2082 5319 chiam
2157 5264 2323 5318 simul
2385 5275 2441 5319 et
2491 5265 2773 5319 Trinitatis
2834 5265 3152 5335 mysterium
3231 5277 3296 5316 ex
3351 5259 3485 5328 ipsis

1903 5356 2185 5426 perdisco;
2225 5365 2279 5410 et
2305 5357 2652 5418 cminentias,
2691 5365 2748 5412 et
2784 5355 3197 5418 submissioncs,
3235 5364 3290 5408 et
3355 5367 3486 5406 cen-

1897 5449 2261 5518 juuctioncm,
2311 5449 2750 5518 divisioncmque
2793 5462 3180 5518 persornarum
3231 5445 3394 5500 simul
3427 5453 3484 5499 et

1905 5554 2140 5606 naturae,
2187 5543 2416 5612 tempori
2477 5545 2605 5598 item
2671 5543 2937 5596 obnoxias
2988 5541 3369 5612 generationes
3430 5548 3484 5593 et

1906 5635 2308 5704 proccssioucs,
2337 5635 2676 5704 corporalem
2705 5635 3119 5689 dissolutionem
3173 5641 3229 5687 et
3257 5632 3483 5698 ﬂuxum,

1905 5725 2207 5779 secundum
2242 5736 2492 5780 naturam
2526 5727 2708 5781 minus
2737 5740 2791 5782 ct
2820 5727 3024 5798 majus;
3057 5735 3110 5780 ct
3135 5724 3303 5779 Deum
3333 5739 3484 5778 com-
