3862 6218
479 262 587 323 8θ3

1542 260 1965 320 PHILOTIIEl
2007 261 2115 320 CP.
2165 260 2673 321 PATRIABCILE
3108 336 3111 337 ν
3592 274 3673 337 804

482 372 841 439 prehensum,
874 382 930 425 et
967 370 1199 425 deorum
1251 370 1683 434 multitudinem,
1729 371 2066 439 intequalita-

2171 370 2304 423 πτδν
2334 371 2485 433 Θεὸν,
2517 371 2610 423 καὶ
2642 370 2739 441 τὴν
2779 371 3069 427 πολυθεῖαν
3102 376 3369 432 ’Ἰουδαίων
3397 396 3455 433 τε
3485 381 3569 433 xui
3593 383 3677 435 Ἐλ-

481 476 702 533 temque
744 464 1054 520 Judaeornm
1104 473 1158 517 et
1212 464 1500 533 gentilium
1577 476 1794 531 respuo,
1851 462 2065 515 theolo-

483 556 693 625 gi'rque
757 563 813 607 ct
859 553 1249 621 specttlationis
1296 562 1459 606 certae
1514 552 1757 606 rationes
1804 551 2064 613 edoceor,

482 654 757 712 quatenus
777 644 995 696 edoceri
1019 660 1102 697 me
1122 643 1203 696 fas
1220 652 1334 707 est;
1359 653 1414 697 et
1442 644 1609 696 Deum
1636 658 1805 694 unum
1824 642 2066 711 legitime

484 750 548 789 ac
574 750 709 803 pure
750 736 802 786 in
852 733 1120 788 'l‘rinitate
1161 734 1355 797 adoro,
1387 736 1479 803 qui
1515 748 1614 787 nec
1645 735 1831 802 cmpit,
1865 733 2063 800 inquit,

484 840 586 877 nec
615 824 907 892 aliquando
941 824 1175 887 desinet,
1211 841 1311 879 ceu
1348 827 1573 894 pelagus
1607 828 1859 880 essentia:
1883 825 2068 879 inlini-

486 925 598 969 tum
628 928 682 969 et
720 916 1073 977 immensum,
1106 932 1326 970 omnem
1372 917 1760 985 cogitationem
1804 917 2067 986 temporis

485 1024 550 1063 ac
577 1017 785 1061 natura:
814 1000 1156 1076 exsuperans
1183 1018 1365 1062 mente
1400 1009 1513 1061 sola
1562 1008 1972 1070 adumbratam,
2011 1017 2068 1062 et

484 1100 588 1153 hoc
618 1080 793 1168 ipsum
823 1115 1083 1168 perquam
1116 1101 1333 1153 exiliter
1359 1116 1420 1155 ac
1453 1101 1824 1165 mediocriter,
1860 1114 1969 1154 non
1998 1116 2062 1153 ex

485 1189 553 1243 iis
578 1207 698 1258 quae
736 1191 855 1259 ejus
898 1201 1090 1244 natura
1121 1192 1493 1256 continentur,
1528 1202 1582 1245 et
1631 1191 1936 1245 secundum
1986 1192 2068 1260 ip-

485 1300 640 1348 sum,
684 1286 777 1338 sed
828 1302 952 1352 qua:
999 1286 1145 1339 circa
1194 1288 1372 1355 ipsum
1418 1294 1547 1340 sunt
1577 1308 1589 1339 ;
1625 1301 1727 1340 nec
1779 1302 1944 1353 super
1981 1286 2067 1339 his

486 1375 690 1429 deitate
734 1376 926 1440 eil‘nsa,
966 1393 1033 1430 ne
1082 1378 1310 1429 deorum
1362 1386 1637 1431 catervam
1692 1378 2061 1432 inducamus:

488 1480 590 1517 nec
625 1466 708 1519 his
736 1467 939 1543 deitate
968 1469 1409 1536 circumscripta,
1442 1484 1509 1522 ne
1557 1469 1894 1538 paupertatis
1925 1468 2066 1521 divi-

488 1556 716 1611 nitatem
763 1561 1229 1626 condemnemus,
1282 1572 1375 1615 aut
1417 1572 1643 1631 propter
1691 1560 2064 1614 monarcbiam

485 1664 612 1702 cum
639 1649 861 1714 Judaais,
899 1660 995 1704 aut
1037 1662 1260 1721 prapter
1289 1653 1692 1707 multitudinem
1726 1668 1851 1707 cum
1888 1651 2063 1721 genti«

2169 462 2343 533 λήνων
2371 465 2721 534 ἀποῤῥίπτω,
2760 465 3035 535 θεολογίας
3074 485 3132 521 τε
3167 471 3259 523 καὶ
3302 470 3521 540 θεωρίας
3544 476 3676 528 anh-

2167 554 2292 617 νοῦς
2324 555 2707 624 ἐκδιδάσκομαι
2740 556 2955 623 λόγους,
2982 559 3213 613 καθόσον
3237 557 3347 615 οἷόν
3366 580 3441 628 τε,
3468 568 3554 617 καὶ
3586 567 3679 619 Θεὸν

2168 644 2261 697 ἕνα
2304 646 2544 716 γνησίως
2592 663 2650 699 τε
2684 649 2775 700 καὶ
2810 649 3062 718 καθαρῶς
3110 654 3395 721 προσκυνῶ
3423 658 3475 707 ἐν
3512 657 3681 726 Τριάδι,

2167 734 2289 788 οὔτε
2319 735 2650 805 ἀρξάμενον,
2677 737 2861 807 φησιν,
2888 740 3012 791 οῦτε
3048 743 3407 811 παυσόμενον,
3429 739 3531 797 οἷόν
3556 763 3599 797 τι
3617 748 3685 800 πί.

2168 827 2329 895 λαγος
2356 827 2543 891 οὐσίας
2587 830 2841 900 ἄπειρον,
2874 831 2969 884 καὶ
2998 832 3271 902 ἀόριστον,
3304 837 3479 889 πᾶσαν
3502 836 3687 905 ὑπερεκο

2168 919 2368 971 πίπτον
2407 920 2613 973 ἔννοιαν
2682 922 2775 972 καὶ
2810 923 3003 992 χρόνου
3045 924 3137 976 καὶ
3168 924 3407 991 φύσεως,
3444 925 3515 988 νῷ
3565 929 3683 995 μόνον

2171 1010 2681 1081 σκιαγραφούμενον
2700 1028 2714 1042 ο
2749 1015 2843 1065 καὶ
2894 1013 3052 1067 τοῦτο
3077 1014 3196 1069 λίαν
3236 1017 3489 1086 ἀμυδρῶς
3516 1019 3597 1071 καὶ
3622 1036 3691 1087 με·

2169 1103 2355 1171 τρίως,
2390 1104 2490 1155 οὐκ
2525 1104 2588 1155 ἐκ
2640 1103 2747 1157 τῶν
2802 1105 2924 1158 κατ’
2955 1108 3139 1172 αὑτὸν,
3196 1110 3312 1161 ἀλλ’
3362 1112 3424 1162 ἐκ
3468 1111 3566 1162 τῶν
3591 1112 3687 1180 περὶ

2168 1195 2367 1247 αὐτόν·
2400 1195 2525 1246 οὔτε
2575 1196 2718 1262 ὑπὲρ
2744 1197 2914 1250 ταῦτα
2943 1199 3042 1264 τῆς
3085 1200 3358 1271 θεότητος,
3414 1205 3555 1271 φησὶ,
3598 1221 3687 1273 χεο-

2172 1285 2359 1354 μένης,
2393 1285 2479 1337 ἵνα
2511 1285 2587 1353 μὴ
2619 1288 2792 1356 δῆμον
2824 1288 2962 1341 θεῶν
2996 1292 3403 1362 εἰσαγάγωμεν,
3436 1293 3547 1346 οὔτε
3575 1298 3688 1358 ἐντ’»ς

2167 1377 2369 1429 τούτων
2397 1378 2741 1448 ὁριζομένης,
2794 1381 2883 1434 ἵνα
2944 1384 3017 1451 μὴ
3053 1384 3244 1436 πενίαν
3296 1384 3539 1453 θεότητος
3566 1405 3693 1439 κατα-

2168 1467 2470 1536 κριθῶμεν,
2523 1468 2554 1537 ἢ
2593 1468 2681 1520 διὰ
2714 1471 2812 1540 τὴν
2856 1472 3155 1541 μοναρχίαν
3209 1472 3694 1543 ίουδαῖζοντες,ἦδιά

2168 1557 2266 1628 τὴν
2296 1557 2560 1625 ἀφθονίαν
2594 1560 2988 1629 ἑλληνίζοντες.
3016 1565 3185 1617 Ὀταν
3224 1565 3297 1617 τά
3323 1568 3445 1635 περὶ
3472 1566 3601 1627 θείας
3624 1567 3693 1635 δη·

2172 1649 2460 1718 μιουργίας
2486 1667 2545 1703 τε
2575 1653 2667 1705 καὶ
2698 1654 2955 1721 προνοίας
2978 1655 3160 1708 αὐτῶν
3183 1656 3445 1720 ἐξετάζω,
3484 1658 3695 1727 μανθάνω

487 1741 633 1795 libus
659 1743 977 1796 sentientes.
1001 1744 1227 1808 Quando
1253 1760 1373 1813 quae
1397 1745 1463 1799 de
1488 1744 1672 1798 divina
1700 1745 2066 1800 fabricatione

2171 1741 2398 1801 κτίσεως
2427 1744 2522 1796 καὶ
2548 1743 2691 1806 θείας
2713 1744 2996 1814 δυνάμεως
3040 1746 3256 1814 λόγους,
3291 1751 3384 1800 καὶ
3415 1748 3505 1819 τὴν
3526 1748 3688 1817 γνῶσιν

486 1849 551 1887 ac
581 1836 922 1903 providentia
949 1838 1289 1905 scripserunt
1318 1838 1574 1892 evolvens
1605 1837 1859 1901 discutio,
1901 1846 2038 1891 natu

488 1942 563 1978 ra:
590 1934 646 1979 et
690 1926 889 1980 divinae
925 1929 1185 1995 potentia:
1216 1932 1457 1983 rationes
1503 1929 1902 1989 animadverto,
1940 1943 2067 1997 pro-

488 2016 894 2085 ductarumque
953 2034 1134 2072 rerum
1196 2021 1567 2089 cognitionem
1638 2020 1941 2089 adipiscor,
2011 2028 2068 2074 ct

486 2107 648 2161 video
680 2108 733 2161 id
777 2109 922 2177 quod
956 2111 1178 2179 proprie
1217 2121 1320 2176 est,
1363 2122 1518 2166 extra
1558 2111 1744 2165 omnia
1801 2120 1857 2166 et
1900 2126 2066 2179 super

488 2198 671 2251 omnia
713 2213 864 2264 esse;
911 2211 966 2253 et
1017 2215 1127 2269 quo
1171 2213 1351 2268 pacto,
1386 2216 1507 2270 quae
1550 2202 1871 2270 neutiquam
1915 2207 2065 2262 sunt,

490 2286 709 2347 condat.
744 2295 799 2340 et
829 2296 888 2342 ut
920 2290 1031 2342 sint
1061 2289 1282 2355 etliciat,
1320 2300 1655 2359 naturasque
1685 2301 1736 2345 et
1780 2290 2068 2345 facultates

488 2387 763 2444 procreet,
806 2386 866 2430 ct
907 2378 1249 2444 elficientias,
1291 2388 1346 2433 et
1384 2382 1776 2450 proprietates,
1820 2391 1875 2435 et
1919 2395 2061 2435 com-

494 2471 811 2534 munitates,
846 2484 899 2525 et
926 2470 1266 2541 discrimina,
1306 2484 1361 2529 et
1391 2476 1644 2540 uniones,
1667 2487 1724 2529 et
1754 2475 1993 2539 habitus,
2012 2485 2069 2530 et

495 2560 848 2625 privationes,
878 2571 933 2615 et
966 2564 1255 2625 motiones,
1287 2572 1341 2617 et
1387 2566 1735 2629 mutationes,
1776 2574 1832 2620 et
1868 2566 2071 2620 altera~

492 2646 673 2701 tiones
717 2649 1013 2718 unicuique
1066 2662 1436 2723 congruenter
1458 2654 1572 2717 det,
1607 2656 1745 2709 sicut
1788 2655 1903 2724 ipse
1937 2655 2070 2710 dare

492 2738 667 2799 novit,
694 2748 750 2791 et
772 2740 1013 2794 rationes
1039 2744 1289 2812 proprias
1320 2745 1562 2814 impertit
1590 2748 1838 2816 singulis,
1870 2748 2072 2815 quibus

492 2847 584 2885 res
631 2845 848 2888 nostras
915 2837 1051 2889 miro
1102 2839 1358 2893 modo'et
1406 2855 1569 2909 supra
1616 2856 1779 2910 quam
1828 2842 1935 2896 dici
1979 2850 2072 2897 aut

494 2923 720 2993 cogitari
772 2939 961 2995 queat,
1007 2929 1324 2982 moderatur
1366 2948 1382 2984 :
1431 2945 1662 2999 quasque
1704 2942 1968 3001 apparent
2015 2935 2069 2988 in

492 3014 824 3082 quibusdam
859 3016 1251 3086 inzequalitates
1278 3029 1336 3072 et
1359 3019 1715 3086 imparitates,
1751 3022 1873 3090 plus
1906 3039 2069 3092 quam

492 3106 745 3167 m,ualia.
783 3116 837 3161 ct
882 3109 1045 3161 nimis
1111 3110 1179 3163 ad
1225 3111 1486 3165 amussim
1520 3110 1726 3166 directa
1775 3115 2069 3183 perspicio.

492 3194 724 3259 Quando
772 3197 839 3251 de
897 3198 1117 3252 sublimi
1173 3201 1485 3255 sacerdotio
1544 3202 1818 3271 exquisite
1872 3204 1941 3258 ab
1991 3204 2073 3260 eis

490 3289 803 3355 conscripta
829 3290 1015 3350 audio.
1041 3291 1136 3344 Dei
1162 3307 1324 3346 voces
1350 3292 1415 3347 de
1439 3296 1579 3348 caelo
1605 3296 1854 3365 delapsas
1880 3296 2072 3351 audire

496 3393 582 3430 me
615 3378 879 3444 arbitror,
911 3389 965 3434 et
1005 3396 1034 3434 a
1071 3390 1215 3437 terra
1258 3386 1603 3455 terrenisque
1652 3388 1873 3451 recedo;
1905 3404 2071 3457 ange-

492 3469 787 3541 lorumque
842 3471 1045 3542 linguis
1098 3482 1213 3527 tum
1262 3476 1499 3543 primum
1561 3477 1745 3531 divina
1816 3482 2071 3550 mysteria

494 3562 669 3626 disco,
716 3565 909 3632 quales
950 3566 1194 3634 ipsorum
1232 3577 1383 3631 sunt,
1436 3569 1587 3623 humi
1641 3574 2069 3637 ambulantibus,

495 3656 835 3723 materiaque
855 3659 1240 3735 constantibus
1262 3660 1381 3714 sine
1415 3676 1646 3732 corpore
1676 3666 2069 3733 propemodum

492 3744 810 3813 loquentes;
861 3748 1279 3819 cmiestiumque
1348 3754 1730 3823 mysteriorum
1788 3757 2072 3811 revelatio-

493 3853 642 3902 nem,
671 3848 725 3891 et
754 3839 956 3891 bonum
982 3841 1229 3895 ordinem
1260 3843 1576 3899 hominibus
1601 3847 1977 3913 przescriplum
2009 3863 2073 3902 ac

494 3927 823 3995 patefactum
873 3944 1087 3983 cerno:
1128 3939 1183 3984 et
1234 3933 1548 4001 prophetas,
1589 3938 1952 4003 evangelistas
2016 3949 2072 3992 et

490 4020 789 4088 apostolos,
821 4028 876 4072 et
900 4021 1139 4075 Priscam
1164 4036 1225 4076 ac
1251 4021 1455 4076 Novam
1488 4023 1822 4094 Scripturam
1857 4028 2074 4082 univer-

493 4124 608 4163 sam
662 4110 823 4162 simul
876 4110 1189 4173 docentem,
1246 4127 1355 4180 quo
1404 4123 1583 4183 pacto,
1636 4123 1691 4168 et
1742 4117 1961 4185 quando
2003 4119 2071 4172 ad

493 4201 833 4254 inaccessum
859 4202 1140 4267 accedere,
1167 4204 1386 4271 quando
1412 4219 1468 4258 se
1498 4205 1826 4269 subducere.
1852 4209 2071 4275 quando

492 4291 559 4345 ad
586 4302 959 4346 accersentem
995 4294 1147 4349 adire
1194 4306 1481 4365 oporteat:
1516 4298 1674 4361 illud,
1717 4300 1914 4369 inquit,
1945 4316 2070 4370 pro-

492 4396 615 4456 pter
648 4387 1019 4442 iniirmitatem
1055 4389 1367 4457 propriam,
1414 4390 1517 4445 hoc
1550 4402 1775 4461 prepter
1825 4393 2069 4447 vocantis

491 4476 817 4544 potentiam.
849 4478 913 4531 Et
937 4481 1210 4547 quomodo
1235 4482 1541 4550 speciosum
1578 4483 1835 4537 Ecclesia:
1866 4483 2070 4539 Christi

490 4582 698 4636 corpus
742 4570 891 4622 varie
964 4571 1255 4640 regendum
1311 4582 1365 4625 et
1414 4574 1758 4644 tractandum
1807 4577 1899 4639 sit,
1955 4591 2079 4645 spc-

488 4662 654 4714 etatis
702 4661 1071 4730 temporibus,
1134 4679 1341 4729 rerum,
1398 4665 1744 4720 voluntatum
1812 4681 2077 4735 persona-

493 4768 732 4821 rumque
761 4753 1198 4821 discriminibus,
1233 4758 1477 4811 moribus
1509 4768 1564 4812 et
1596 4758 1904 4822 sententiis,
1941 4758 2078 4811 edu-

488 4846 731 4908 catione,
768 4847 1183 4910 exercitatione,
1228 4848 1572 4901 institutione
1615 4846 1982 4901 communiter
2012 4857 2068 4901 et

491 4936 794 5006 sigillatim,
836 4953 1125 4993 commune
1160 4939 1405 4994 omnium
1451 4950 1616 5008 caput
1658 4937 1939 4994 Christum
1982 4938 2067 4992 in-

491 5031 731 5093 tuendo,
801 5031 1040 5101 indeque
1106 5048 1335 5102 operum
1401 5044 1712 5087 nostrorum
1794 5031 2063 5086 calculum

488 5123 880 5191 οιειιουιειιιιίο.
911 5125 974 5177 Ει
1000 5124 1461 5194 quemadmodum
1488 5140 1611 5179 cum
1638 5125 1749 5179 Deo
1771 5124 2067 5194 exploran-

486 5214 545 5267 di
597 5230 660 5268 ac
692 5216 959 5283 probandi
993 5217 1124 5283 sint,
1166 5216 1260 5285 qui
1304 5217 1372 5271 ab
1398 5233 1463 5272 eo
1509 5217 1575 5270 ad
1624 5217 1740 5271 haec
1774 5226 2066 5281 vocantur,

492 5320 595 5357 nec
622 5306 875 5374 tempori,
914 5322 1013 5361 nec
1046 5309 1330 5376 potentiae,
1358 5323 1457 5364 nec
1482 5310 1733 5363 amicitiae
1762 5309 2073 5377 gratiﬁcan-

487 5397 592 5459 do;
640 5411 708 5449 ne
764 5413 871 5451 non
923 5399 1061 5453 bene
1113 5401 1481 5470 negligantur,
1531 5400 1625 5469 qui
1689 5410 1915 5469 propter
1962 5401 2071 5470 jam

2168 1830 2407 1901 εὑρίσκω
2436 1832 2544 1885 τῶν
2597 1833 2783 1898 ὄντων,
2817 1839 2911 1891 καὶ
2942 1837 3264 1907 διδάσκομαι
3300 1842 3362 1891 τὸ
3411 1841 3595 1910 κυρίως
3632 1840 3693 1902 ὂν,

2168 1922 2271 1987 ἐξω
2301 1925 2412 1976 τῶν
2444 1924 2611 1979 ὄντων
2633 1925 2692 1977 ὃν
2718 1926 2955 1991 πάντων,
2985 1928 3059 1990 ώς
3090 1928 3229 1999 ὑπὲρ
3272 1930 3465 1995 πάντα,
3499 1937 3579 1982 καί
3608 1930 3693 1991 πῶς

2168 2005 2235 2070 τά
2261 2014 2524 2085 μηδαμῶς
2553 2015 2679 2068 ὄντα
2712 2018 2971 2087 παράγει,
3019 2020 3114 2071 καὶ
3146 2019 3280 2073 ὅντα
3321 2024 3481 2083 ποιεί,
3513 2024 3591 2073 καὶ
3614 2021 3689 2087 φύ-

2171 2122 2307 2170 σεις,
2343 2109 2437 2161 καὶ
2471 2106 2731 2175 δυνάμεις
2760 2108 2955 2175 κτίζει,
2998 2110 3093 2162 καὶ
3140 2111 3446 2180 ἐνεργείας,
3476 2116 3561 2167 καὶ
3600 2112 3695 2164 [5:6-

2169 2214 2359 2267 τητας,
2412 2198 2505 2250 καὶ
2535 2199 2869 2268 κοινότητας,
2922 2202 3331 2272 καὶδιαιροράς,
3380 2207 3469 2257 καὶ
3498 2202 3695 2264 ὲνώσεις,

2171 2289 2262 2340 καὶ
2283 2288 2425 2354 ἕξεις
2462 2306 2543 2352 τε,
2579 2290 2673 2343 καὶ
2700 2292 2982 2361 στερήσεις
3006 2329 3022 2355 ,
3056 2293 3150 2345 καὶ
3201 2295 3466 2363 κινήσεις,
3503 2295 3583 2347 καὶ
3606 2308 3699 2361 τροο

2171 2379 2298 2442 πάς,
2332 2382 2425 2433 καὶ
2454 2379 2765 2443 ἀλλοιώσεις
2796 2382 3013 2452 ἑκάστῳ
3060 2383 3248 2437 δίδωσι
3285 2383 3699 2455 καταλλήλως,ὡς

2170 2470 2375 2533 ἐκεῖνος
2405 2470 2569 2536 ἔξοιδε
2621 2472 2813 2541 μόνος·
2864 2474 2959 2525 καὶ⁵
3011 2474 3205 2539 λόγους
3232 2476 3475 2546 ἐντίθησι
3512 2477 3620 2537 τοὺς
3641 2473 3698 2525 ol-

2171 2564 2351 2627 κείους
2386 2565 2661 2628 ἑκάστοις,
2684 2559 2764 2628 οἷς
2811 2565 2880 2618 τά
2908 2566 3155 2636 ἡμέτερα
3193 2568 3401 2631 καινῶς
3438 2566 3606 2629 ἰθύνει,
3629 2564 3697 2616 καὶ

2173 2656 2312 2725 ὑπὲρ
2337 2655 2529 2723 λόγον⁸
2576 2658 2669 2711 καὶ
2700 2656 2794 2719 τὰς
2843 2656 2900 2709 ἐν
2953 2674 3063 2709 τισι
3118 2658 3386 2720 δοκούσας
3438 2654 3698 2727 ἀνωμαλίας

2172 2748 2264 2799 καὶ
2287 2747 2610 2816 ἀνισότητας
2641 2748 2780 2816 ὑπὲρ
2819 2747 2917 2818 τὴν
2950 2749 3171 2816 ἰσότητα
3208 2751 3471 2813 κατανοῶ,
3502 2751 3584 2800 καὶ
3620 2744 3696 2814 τὴν

2174 2839 2437 2909 στάθμην.
2472 2841 2637 2891 Ὅταν
2665 2840 2733 2894 τά
2759 2842 2886 2909 περὶ
2915 2840 3010 2910 τῆς
3039 2840 3252 2911 ὑψηλῆς
3280 2840 3565 2910 ίερωσύνης
3592 2838 3696 2906 ὑψη-

2172 2930 2276 2993 λῶς
2301 2929 2429 2998 παρ’
2455 2930 2677 2982 ἐκείνων
2722 2930 2923 2994 ἀκούω,
2947 2929 3084 2983 Θεοῦ
3115 2934 3324 2999 φωναῖς
3347 2930 3609 3000 οὐρανόθεν
3626 2944 3696 2996 (pro

2176 3022 2433 3091 ρομέναις
2457 3021 2805 3091 ἐντυγχάνειν
2840 3020 3068 3089 νομίζω,
3095 3023 3193 3075 καὶ
3220 3025 3325 3091 γῆς
3354 3023 3694 3089 ἀπανίσταμαι,

2176 3114 2269 3164 καὶ
2297 3113 2407 3164 τῶν
2436 3113 2747 3183 περιγείων,
2779 3115 2872 3165 καὶ
2908 3114 3175 3181 γλώσσαις
3212 3116 3457 3181 ἀγγέλων
3482 3112 3598 3166 Θεοῦ
3622 3129 3697 3181 μυ-

2177 3205 2374 3274 στήρια
2404 3204 2524 3256 τότε
2571 3206 2800 3274 πρώτως
2855 3205 3130 3274 μανθάνω,
3198 3206 3402 3267 αἵτινές
3443 3206 3561 3257 ποτέ
3598 3204 3696 3254 εἰσιν

2174 3298 2357 3358 αὑταὶ,
2388 3297 2479 3348 καὶ
2515 3295 2632 3355 πῶς
2658 3299 2771 3358 τοῖς
2818 3295 2966 3348 κάτω
2996 3296 3087 3348 καὶ
3119 3295 3330 3358 ὑλικοῖς
3366 3295 3534 3354 άΰλως
3557 3289 3699 3345 λαλοῦ-

2177 3406 2287 3453 σαι,
2322 3388 2593 3457 οὐρανίων
2620 3404 2680 3439 τε
2718 3388 3031 3457 μυστηρίων
3071 3389 3419 3456 ἀποκάλυψιν
3452 3386 3539 3439 καὶ
3577 3384 3696 3436 εὐτα·

2176 3480 2294 3544 ξίαν
2329 3479 2509 3549 βλέπω
2545 3479 3075 3547 ἀποκαλυπτομένην
3108 3479 3423 3549 ἀνθρώποις
3446 3495 3459 3509 ·
3490 3479 3571 3530 καὶ
3596 3488 3695 3544 προ·

2176 3548 2371 3641 (ﬁlms.
2405 3548 2500 3623 καὶ
2532 3569 2930 3638 εὐαγγελιστάς
2953 3608 2969 3633 ,
3003 3572 3097 3622 καὶ
3127 3548 3479 3633 ἀποστόλους,
3520 3568 3600 3621 καὶ
3623 3566 3696 3615 πᾶα

2176 3682 2275 3718 σαν
2335 3662 2471 3732 ἐμοῦ
2521 3662 2621 3733 τὴν
2659 3663 2901 3717 Παλαιὰν
2951 3662 3046 3715 καὶ
3083 3661 3181 3733 τὴν
3222 3663 3368 3715 Νέαν
3413 3660 3693 3715 ἐκδιδάσκον·

2176 3772 2296 3818 σαν,
2318 3756 2431 3819 πῶς
2447 3756 2525 3807 δεῖ
2552 3754 2645 3807 καὶ
2669 3755 2797 3808 πότε
2824 3753 3212 3822 προσεγγίζειν
3231 3754 3311 3825 τῷ
3327 3753 3601 3823 ἀοιτροσίτῳ,
3627 3746 3691 3799 καί

2174 3845 2378 3912 πηνίκα
2404 3844 2503 3913 μὲν
2534 3845 2857 3913 ὑποχωρεῖν,
2896 3844 3100 3913 πηνίκα
3125 3844 3183 3896 δέ
3224 3847 3499 3915 προσιέναι
3523 3837 3694 3895 καλοῦν-

2172 3950 2256 3987 τι·
2295 3936 2352 3985 τὸ
2386 3933 2506 4003 μὲν,
2545 3936 2700 4003 φησὶ,
2732 3934 2821 3987 διά
2848 3935 2948 4004 τὴν
2984 3934 3195 3987 οίκείαν
3243 3936 3542 3997 ἀσθένειαν,
3573 3931 3620 3982 τὸ
3653 3925 3691 3978 δὲ

2172 4024 2258 4076 διὰ
2291 4024 2387 4095 τὴν
2422 4024 2516 4077 τοῦ
2566 4024 2859 4087 καλοῦντος
2892 4024 3143 4093 δύναμιν.
3200 4027 3311 4080 Καὶ
3353 4026 3464 4089 πῶς
3490 4026 3544 4077 τὸ
3571 4019 3691 4075 καλὸν

2175 4114 2332 4183 σῶμα
2356 4111 2613 4181 Χριστοῦ,
2642 4112 2740 4183 τὴν
2777 4112 3123 4180 Ἐκκλησίαν,
3144 4116 3405 4177 ποικίλως
3429 4110 3692 4178 οἰκονομεῖν.

2174 4206 2267 4258 καὶ
2296 4206 2719 4275 μεταχειρίξειν,
2782 4208 3008 4277 καιροὺς
3040 4206 3458 4275 ἐπιτηροῦντας,
3491 4206 3571 4256 καὶ
3612 4201 3693 4251 5t:-

2174 4296 2343 4363 φορὰς
2366 4295 2729 4365 πραγμάτων,
2749 4297 2841 4348 καὶ
2866 4297 3265 4365 προαιρέσεων,
3295 4299 3389 4349 καὶ
3422 4294 3692 4366 προσώπων,

2174 4389 2265 4438 καὶ
2303 4386 2469 4456 ὴθῶν,
2507 4388 2600 4439 καλ⁵
2624 4386 2881 4457 γνωμῶν,
2912 4388 3005 4440 καὶ
3045 4388 3298 4456 ἀγωγῆς,
3329 4391 3422 4443 καὶ
3441 4388 3690 4454 ἀσκήσεως.

2173 4479 2265 4529 καὶ
2296 4478 2561 4540 παιδείας,
2592 4478 2699 4531 τῶν
2743 4496 2803 4531 τε
2835 4483 2984 4549 κοινῇ
3023 4498 3190 4549 φημι,
3226 4485 3319 4534 καὶ
3351 4482 3468 4533 καθ’
3494 4480 3687 4533 ἕκαστον,

2173 4569 2253 4630 είς
2277 4568 2374 4638 τὴν
2416 4569 2603 4635 κοινὴν
2631 4570 2873 4640 κεφαλὴν
2906 4572 3119 4624 πάντων
3150 4573 3388 4642 Χριστὸν
3410 4570 3690 4641 ἀφορῶντας.

2175 4663 2430 4717 κάκεῖθεν
2462 4663 2573 4716 τῶν
2604 4665 2732 4734 παρ’
2766 4665 2921 4734 ἡμῶν
2956 4670 3346 4737 πραττομένων
3374 4661 3691 4736 ἐκδεχομένους

2174 4758 2270 4819 τάς
2330 4755 2581 4825 ψήφουςο
2617 4756 2733 4819 πῶς
2780 4773 2839 4808 τε
2894 4757 3036 4822 μετά
3082 4757 3221 4811 Θεοῦ
3270 4758 3568 4828 δοκιμάζειν
3605 4750 3692 4809 τοὺς

2176 4847 2327 4916 παρά
2355 4847 2490 4899 Θεοῦ
2523 4846 2895 4916 καλουμένους
2930 4850 3065 4919 πρὸς
3114 4850 3308 4915 ταῦτα,
3362 4854 3493 4919 μήτε
3534 4842 3689 4913 καιροῖς

2175 4942 2269 4993 καὶ
2297 4938 2637 5001 δυναστείαις
2684 4940 2779 4993 καὶ
2810 4940 3017 5008 φιλίαις
3056 4941 3445 5012 χαριζομένους
3465 4958 3479 4974 ’
3512 4940 3577 5001 ώς
3602 4949 3689 4988 κατ·

2173 5031 2454 5103 ολιγωρείν
2519 5032 2618 5100 μὲν
2666 5032 2726 5083 οὐ
2754 5031 2933 5095 καλῶς
2962 5034 3067 5085 τῶν
3101 5035 3268 5097 ἀξίων
3301 5034 3387 5087 διά
3414 5035 3477 5085 τά
3505 5028 3683 5099 προρρεπ

2173 5122 2332 5175 θέντα
2354 5137 2365 5151 '
2418 5125 2692 5192 ἐγκρίνειν
2720 5124 2776 5176 δὲ
2807 5126 2993 5189 κακῶς
3029 5126 3117 5179 δια
3172 5127 3448 5197 ρᾳθυμίαν
3491 5125 3602 5183 τοὺς
3631 5121 3687 5213 ﬁt:

2167 5215 2373 5278 αΞίους,
2406 5214 2478 5276 ώς
2504 5216 2569 5269 ἂν
2593 5216 2937 5286 ἑκατέρωθεν
2990 5217 3346 5287 ἐκπίπτωμεν
3374 5218 3603 5285 αίσχιστα
3626 5221 3689 5261 του

2173 5307 2339 5360 καλοῦ
2405 5310 2499 5361 καὶ
2554 5307 2654 5377 τῆς
2685 5292 2999 5377 ἀκριϐείας,
3023 5310 3144 5361 τότε
3176 5310 3337 5363 καλὸν
3368 5307 3688 5375 ἀτιμάζοντες.

2172 5400 2232 5453 τό
2267 5417 2324 5451 τε
2361 5400 2527 5452 κακον
2571 5394 2963 5467 ἐκλεγόμενοι,
3020 5402 3118 5453 καὶ
3151 5400 3307 5462 δίκας
3360 5390 3688 5468 άμςεοτέρωθεν

485 5485 631 5541 dicta
659 5489 804 5557 digni
825 5498 953 5543 sunt
977 5506 989 5549 ;
1013 5501 1224 5554 contra,
1246 5490 1382 5545 male
1401 5491 1834 5561 deligantur,qui
1859 5504 2068 5560 prepth

2176 5492 2427 5559 δρλοντες
2452 5490 2528 5560 τῷ
2561 5489 2874 5551 ἀδεκάστως
2908 5489 3045 5542 αὐτά
3076 5490 3192 5542 τότε
3224 5489 3471 5558 κρίνοντι.

493 5578 763 5643 ignaviam
799 5580 1005 5649 indigni
1042 5592 1207 5648 sunt;
1241 5592 1300 5636 ut
1338 5583 1409 5636 ita
1439 5582 1697 5653 utrinque
1725 5582 1796 5637 ab
1828 5597 1894 5637 eo
1924 5582 2316 5651 quod-bonum
2358 5590 2413 5636 et
2475 5568 2791 5651 perlectum
2843 5589 2947 5643 est,
3013 5580 3327 5650 turpissime
3372 5572 3689 5630 deﬂectemus.

487 5670 750 5723 nimirum
817 5671 1247 5742 bonum'ipsum
1299 5685 1689 5744 aspernantes,
1746 5687 1801 5731 et
1861 5676 2062 5730 malum
2119 5676 2475 5737 ascisct‘nles,
2539 5686 2593 5731 ct
2680 5678 2996 5747 incorrupto
3050 5675 3220 5746 jndici
3278 5686 3455 5744 pmnas
3503 5664 3608 5719 hinc
3647 5670 3689 5725 ει

490 5760 619 5815 inde
655 5759 941 5815 debentes.
