3862 6218
210 259 315 325 8(55

1263 260 1652 323 LAUDATIO
1692 261 1946 322 TRIUM
1996 259 2436 320 DOCTORUM.

3357 258 3465 325 #06

282 367 588 439 Παρθενίας
647 384 708 436 γε
765 367 871 438 μὴν
922 367 1020 438 τῆς
1067 367 1408 438 ὑψηλοτάτης
1458 370 1640 430 ἕνεκα,
1697 370 1807 444 καὶ,

1947 351 2080 420 Ὶειιιι
2118 368 2264 434 quod
2298 367 2364 420 ad
2400 364 2766 436 virginitatem
2802 365 3182 428 celsissimam,
3213 376 3268 422 et
3303 385 3462 439 regu-

209 462 468 524 κανόνων,
522 462 615 513 καὶ
640 459 825 512 τύπων
859 461 1146 530 μοναδικοῦ
1184 464 1276 514 καὶ
1304 460 1596 528 ἀγγελεκοῦ
1649 459 1786 530 βίου,

212 553 309 604 καὶ
341 549 434 602 τοῦ
483 550 600 601 κατ’
653 550 816 602 αὑτὸν
851 551 1167 620 ἐσχηκότος,
1223 551 1275 603 τί
1305 551 1412 620 χρὴ
1448 554 1540 604 καὶ
1567 551 1787 617 λέγειν;

205 646 345 696 ὅπου
391 660 452 710 γε
489 644 562 717 μὴ
601 643 760 711 μόνον
799 643 1039 713 ἀσκηταὶ
1071 643 1274 696 τούτων
1310 646 1598 711 γεγόνασιν
1636 649 1793 714 ἀκρι-

207 728 485 794 ϐέστατοι,
523 729 640 798 μετ’
679 731 963 783 Ἀντωνίου
997 748 1056 784 τε
1085 733 1182 784 καὶ
1220 733 1422 800 Ἀμὼν,
1448 734 1543 786 καὶ
1577 733 1790 785 Παύλου

207 822 322 874 τῶν
365 820 458 877 τοῦ
495 821 656 892 χοροῦ
707 823 1062 892 κορυφαίων,
1115 824 1256 892 ὑπὲρ
1295 823 1652 876 οὑστινασοῦν
1701 825 1794 878 ἄλ-

207 914 360 976 λους,
391 911 526 965 ἀλλὰ
567 915 660 968 καὶ
691 915 996 983 νομοθέται,
1032 916 1129 968 καὶ
1151 916 1336 986 ὁδηγοὶ
1358 919 1453 970 καὶ
1485 916 1792 969 διδάσκαλοι

209 999 613 1070 χρηματίζουσι
667 1002 872 1056 τούτων
919 1006 1032 1066 τοῖς
1075 1005 1291 1068 ἀλλοις*
1340 1005 1414 1068 ὡς
1473 1004 1579 1057 τῶν
1615 1005 1795 1058 αὐτῶν

207 1086 352 1144 εἶναι
379 1091 563 1160 σχεδὸν
599 1093 776 1161 μόνων
824 1096 919 1148 καὶ
952 1093 1014 1146 τὸ
1047 1095 1325 1164 ,πράττειν
1373 1094 1542 1158 ἀξίως
1564 1133 1579 1157 ,
1612 1096 1708 1148 καὶ
1733 1092 1796 1145 τὸ

208 1184 414 1249 λέγειν,
443 1183 538 1236 καὶ
567 1185 800 1254 γράφειν
831 1186 927 1238 καὶ
955 1184 1315 1256 καθηγεῖσθαι
1344 1189 1458 1249 τοῖς
1500 1185 1680 1249 ἄλλοις
1727 1184 1796 1237 τά

209 1291 278 1342 γε
327 1273 572 1329 τοιαῦτα.
611 1276 706 1336 Τίς
757 1273 900 1328 οὕτω
944 1277 1040 1351 καὶ
1097 1278 1246 1346 πάθη
1293 1276 1474 1347 ψυχῆς
1515 1275 1652 1345 ὁμοῦ
1701 1275 1796 1328 καὶ

213 1368 419 1437 σαρκὸς
441 1367 690 1436 ἐξήτασε,
724 1370 818 1422 καὶ
861 1367 961 1438 τὴν
990 1369 1127 1438 πρὸς
1151 1370 1210 1421 τὸ
1245 1369 1380 1439 θῆλυ
1439 1368 1532 1421 τοῦ
1568 1369 1797 1438 ἄρρενος

215 1461 458 1529 φυσικὴν
489 1461 666 1529 ὁρμήν
713 1476 770 1512 τε
801 1463 896 1514 καὶ
925 1462 1132 1530 σχέσιν,
1171 1461 1264 1514 καὶ
1315 1461 1683 1528 συμπάθειαν,
1721 1458 1796 1521 ὠς

207 1554 422 1622 εἰπεῖν,
453 1552 548 1603 καὶ
582 1552 702 1602 τίνα
742 1551 838 1620 μὲν
870 1551 938 1604 τὰ
963 1551 1061 1621 τῆς
1090 1551 1326 1619 φύσεως,
1359 1551 1482 1604 τίνα
1517 1550 1573 1602 δὲ
1602 1553 1671 1602 τά
1697 1548 1796 1617 τῆς

213 1643 613 1712 προαιρέσεως,
653 1645 748 1696 καὶ⁸
791 1643 891 1712 τῆς
941 1641 1247 1712 συνηθείας,
1284 1643 1378 1696 καὶ
1432 1642 1496 1713 δὴ
1560 1641 1656 1695 καὶ
1699 1640 1796 1710 τῆς

1892 459 1972 512 las
2019 475 2082 513 ac
2130 460 2554 525 descriptionem
2603 460 2918 513 monasticae
2975 461 3344 529 angelicmque
3411 471 3471 516 et

1892 569 2077 606 secum
2131 554 2426 607 habitantis
2474 555 2598 606 vitze
2649 554 2877 620 attinet,
2925 555 3055 623 quid
3103 571 3204 625 ego
3255 555 3470 608 dicam?

1893 646 2112 713 quando
2138 661 2245 698 non
2279 644 2455 697 solum
2491 647 2542 698 in
2569 646 2654 698 his
2679 646 3097 714 diligentissime
3127 662 3184 701 se
3213 663 3473 701 exercue-

1894 748 2022 790 runt
2051 753 2175 792 cum
2211 739 2468 800 Antonio,
2505 739 2799 805 Ammone,
2827 740 3014 805 l‘aulo,
3050 740 3217 810 hujus
3252 736 3472 796 familiae

1897 829 2160 896 primariis
2207 844 2372 897 supra
2418 845 2610 884 omnes
2656 831 2792 884 alios
2817 871 2832 894 ,
2870 833 2965 886 sed
3002 833 3164 887 etiam
3193 833 3472 902 legislato-

1897 937 2005 984 res,
2046 934 2101 976 et
2149 923 2339 984 duces.
2372 931 2427 978 et
2468 923 2710 993 magistri
2745 925 2938 978 horum
2982 927 3374 995 appellantur':
3413 933 3474 980 ut

1896 1015 2293 1083 propemodum
2349 1015 2668 1068 eorumdem
2723 1015 2986 1071 duntaxat
3037 1019 3107 1072 sit
3153 1026 3209 1072 et
3256 1019 3482 1088 egregi

1896 1101 2101 1167 facere,
2141 1113 2195 1157 et
2240 1104 2444 1166 dicere.
2477 1113 2533 1158 et
2579 1105 2842 1169 scribere,
2882 1116 2939 1161 et
2968 1107 3090 1162 aliis
3119 1109 3243 1162 talia
3279 1111 3476 1178 princi-

1897 1210 2049 1264 pere.
2083 1197 2218 1249 Nam
2251 1197 2374 1265 quis
2404 1196 2728 1252 affectiones
2757 1200 2952 1254 anima:
2984 1209 3040 1254 et
3085 1202 3268 1256 carnis
3307 1217 3475 1256 accu-

1899 1287 2069 1362 ratius
2100 1289 2453 1352 examinavit,
2486 1292 2762 1359 marisque
2793 1291 2846 1345 in
2881 1292 3135 1346 feminam
3169 1294 3476 1362 appetitum

1899 1382 2228 1445 naturalem,
2247 1391 2304 1436 et
2327 1397 2448 1435 cum
2471 1397 2534 1436 ea
2559 1383 3004 1438 convenientiam
3036 1399 3478 1456 consensumque

1899 1481 1961 1527 ut
1996 1473 2068 1526 ita
2117 1473 2317 1540 dicam,
2365 1486 2422 1529 et
2467 1476 2689 1544 quinam
2732 1486 2942 1531 natura:
2991 1479 3174 1532 motus
3219 1477 3348 1542 sint,
3384 1478 3478 1547 qui

1900 1566 2220 1630 arbitratus,
2253 1567 2347 1635 qui
2399 1569 2839 1634 consuetudinis,
2873 1569 2962 1638 qui
3006 1569 3225 1638 pessimi
3258 1585 3482 1637 perver-

1900 1658 2213 1728 sissimiqne
2254 1659 2496 1725 habitus,
2533 1670 2589 1715 et
2617 1676 2648 1714 a
2688 1662 2890 1730 quibus
2936 1673 3158 1731 propter
3187 1663 3482 1716 vehemen-

211 1735 490 1805 κακίστης
549 1738 641 1786 καὶ
697 1736 1073 1804 πονηροτάτης
1131 1735 1296 1801 ἕξεως
1350 1732 1794 1796 δυσαπάλλακτα,

1913 1751 2033 1804 tiam
2063 1767 2208 1822 aegre
2242 1751 2459 1807 liberari
2491 1754 2706 1823 possis?
2737 1763 2793 1808 et
2838 1755 2984 1809 unde
3008 1755 3096 1809 his
3135 1755 3399 1825 principia
3425 1765 3481 1810 et

213 1827 315 1878 καὶ
349 1824 624 1892 βιαιότατα
661 1825 827 1896 πάθη,
855 1827 950 1878 καί
979 1824 1125 1887 τίνες
1159 1824 1258 1894 μὲν
1281 1826 1336 1876 αἱ
1371 1823 1560 1894 ἀρχαὶ,
1597 1825 1690 1876 καὶ
1718 1823 1802 1876 ai-

213 1915 359 1978 τίαι,
406 1916 549 1979 τίνες
593 1916 639 1968 δ’
663 1917 716 1970 αἱ
778 1915 1086 1988 αὑξητικαὶξ
1129 1918 1224 1969 καὶ
1271 1915 1563 1985 θρεπτικαὶ
1596 1914 1801 1966 τούτων

217 2006 371 2070 ὗλαι,
404 2009 527 2059 τίνα
581 2005 628 2059 δ’
685 2007 842 2072 αὖθις
870 2009 939 2062 τά
988 2011 1053 2078 τῇ
1095 2010 1234 2079 ῥοπῇ
1272 2010 1368 2062 καὶ
1410 2009 1476 2077 τῇ
1511 2005 1802 2076 συμμαχίᾳ

217 2100 320 2153 τοῦ
351 2101 657 2171 κρείττονος
707 2101 1075 2171 καθαιροῦντα
1108 2101 1278 2153 ταῦτα
1297 2099 1392 2153 καὶ
1435 2099 1796 2168 ἀφανίζοντα,

219 2195 317 2248 καὶ⁵
342 2194 442 2264 τὴν
471 2196 528 2247 ὲν
558 2194 824 2265 παρθενίᾳ
852 2193 1028 2264 ἀληθῆ
1061 2194 1324 2265 ἀφθορίαν
1366 2191 1804 2253 κατασκευάζον-

225 2298 336 2347 τας
384 2283 507 2353 ἥτις
551 2301 614 2351 γε
659 2285 694 2353 ἡ
729 2283 831 2354 τῆς
899 2285 1078 2354 ψυχῆς
1127 2283 1336 2352 ἀληθὴς
1386 2281 1650 2350 παρθενία
1709 2277 1804 2330 καὶ

234 2377 550 2448 καθαρότης,
573 2379 608 2447 η
643 2380 824 2431 πᾶσαν
861 2379 980 2446 μεθ’
1008 2379 1208 2447 ἑαυτῆς
1247 2376 1448 2445 ἔχουσα
1480 2373 1682 2444 δηλαδὴ
1704 2373 1804 2442 τὴν

232 2472 373 2524 κατὰ
393 2471 588 2540 πρᾶξιν
611 2469 728 2539 ἅμα
772 2471 866 2524 καὶ
895 2469 1133 2539 θεωρίαν
1161 2468 1380 2538 ἀρετὴν,
1414 2467 1508 2519 καὶ
1535 2465 1670 2534 πρὸς
1703 2467 1803 2534 τὴν

223 2564 590 2632 εὐαγγελικὴν
619 2562 931 2632 τελειότητα
981 2561 1227 2630 φέρουσα
1268 2559 1360 2611 τὸν
1403 2558 1717 2620 σπουδαῖον,
1765 2557 1798 2626 ή

221 2655 518 2725 ἀγγελικὴ,
543 2657 706 2725 φημὶ,
752 2656 847 2708 καὶ
886 2653 1147 2724 μοναδικὴ
1173 2651 1440 2716 πολιτεία,
1469 2651 1565 2704 καὶ
1593 2649 1805 2719 παρθε-

223 2749 340 2811 νία,
380 2746 475 2800 καὶ
505 2746 759 2814 θεουργὸς
792 2745 968 2810 τάξις.

311 2827 618 2890 Ἀλλόῦτοί
644 2851 709 2901 γε
754 2836 892 2905 πρὸς
931 2837 1044 2897 τοῖς
1073 2835 1385 2906 εἰρημένοις
1430 2835 1552 2893 οὐδὲ
1597 2835 1666 2890 τά
1697 2837 1806 2890 τῶν

223 2929 477 2996 νομίμων
498 2926 714 2995 γάμων,
744 2925 864 2979 οὐδὲ
887 2926 957 2978 sit
979 2927 1078 2994 τῆς
1109 2927 1336 2996 χηρείας
1364 2926 1601 2988 ἐνταῦθα
1630 2928 1808 2999 παρῆ-

225 3034 368 3071 καν·
401 3017 534 3071 ἀλλά
572 3017 801 3070 κάκεῖνα
843 3017 1084 3087 συνῆψαν
1132 3021 1246 3079 τοῖς
1287 3018 1618 3088 εἰρημένοις,
1648 3020 1707 3071 τὸ
1748 3021 1805 3071 ἐν

1901 1856 2099 1908 causa},
2129 1844 2272 1898 unde
2298 1844 2636 1900 incrementa
2668 1856 2723 1901 et
2749 1846 3009 1902 alimenta
3038 1864 3054 1901 :
3087 1864 3329 1910 rursum,
3357 1864 3480 1918 qua:

1901 1933 2090 1990 favore
2140 1946 2195 1990 et
2250 1938 2458 1992 auxilio
2512 1939 2608 1992 Dei
2664 1939 2780 1994 haec
2838 1939 3145 2004 destruant,
3204 1940 3478 2007 aboleant,

1903 2040 2200 2096 veramque
2223 2030 2556 2098 virginitatis
2577 2031 3046 2100 incorruptionem
3069 2031 3340 2086 eﬁiciant?
3359 2047 3484 2102 qua:

1903 2118 2117 2173 scilicet
2151 2129 2235 2173 est
2285 2121 2480 2176 animae
2530 2137 2658 2176 vera
2693 2122 2984 2192 virginitas
3014 2137 3067 2177 et
3101 2125 3331 2192 puritas,
3363 2139 3485 2179 om-

1904 2224 2028 2263 nem
2060 2218 2116 2264 et
2155 2212 2450 2279 practicam
2487 2221 2543 2265 et
2588 2213 3068 2282 contemplativam
3111 2216 3371 2269 virtutem
3402 2216 3486 2268 in—

1903 2301 2154 2365 cludens,
2179 2312 2234 2356 et
2264 2303 2572 2357 studiosum
2598 2304 2666 2356 ad
2687 2305 3062 2374 evangelicam
3090 2305 3484 2374 perfectionem

1904 2392 2208 2456 deducens,
2245 2395 2575 2464 angelicum,
2610 2396 2855 2466 inquam,
2896 2405 2953 2451 et
2999 2398 3366 2452 monasticam
3411 2401 3486 2452 vt-

1904 2483 2066 2537 vendi
2131 2484 2466 2550 institutum,
2520 2494 2577 2540 et
2633 2486 2920 2557 virginitas
2973 2495 3031 2542 et
3093 2488 3231 2543 ordo
3280 2489 3488 2544 divinis

1906 2558 2283 2631 functionibus
2316 2584 2636 2646 occupatus.

1979 2840 2154 2894 Porro
2209 2838 2264 2892 hi
2315 2838 2505 2894 Patres
2555 2845 2756 2908 praeter
2783 2839 2894 2910 jam
2928 2849 3275 2910 enumerata,
3313 2842 3492 2912 legiti-

1907 2945 2025 2985 mas
2073 2943 2290 2999 quoque
2339 2929 2557 2998 nuptias
2603 2929 3040 2998 viduitatemque
3113 2931 3487 2996 celebrarunt,

1908 3031 1965 3075 et
1987 3037 2109 3074 cum
2139 3019 2248 3072 illis
2269 3019 2700 3088 conjunxerunt.
2722 3019 2966 3088 quidque
2991 3019 3044 3072 in
3076 3029 3307 3089 utroque
3335 3023 3488 3086 utile,

221 3110 516 3179 ἑκατέροις
552 3106 826 3176 ὠφέλιμόν
863 3123 918 3159 τε
949 3108 1040 3159 κα).
1069 3106 1350 3176 βλασερὸν,
1400 3108 1495 3160 καὶ
1526 3108 1590 3177 δὴ
1625 3107 1806 3160 καὶτὸ

1913 3110 2043 3179 quid
2085 3109 2309 3162 noxium
2341 3117 2514 3172 esset,
2557 3108 3044 3178 difﬁcultatemque
3069 3119 3126 3163 et
3169 3104 3492 3164 facilitatem

224 3203 378 3271 βαρὺ
417 3201 513 3253 καὶ
546 3199 605 3252 τὸ
640 3198 839 3268 κοῦφον
863 3202 926 3253 ὲκ
948 3200 1056 3251 τῶν
1094 3199 1253 3252 θείων
1288 3200 1540 3270 Γραφῶν,
1580 3201 1676 3253 καὶ
1707 3199 1806 3269 τῆς

223 3292 431 3362 πείρας
459 3290 628 3358 αὐτῆς
656 3290 1034 3355 ὑποδείξαντες
1058 3290 1166 3342 τῶν
1187 3291 1532 3358 πραγμάτων
1569 3290 1702 3340 πᾶσι
1734 3287 1809 3356 τῷ

219 3383 397 3452 λόγῳ,
436 3384 519 3436 ἴνα
543 3385 628 3436 διὰ
655 3384 871 3436 πάντων
923 3383 1126 3450 ἄρτιος
1151 3377 1191 3453 ᾖ
1227 3371 1262 3436 d
1289 3382 1394 3436 τοῦ
1423 3381 1571 3436 Θεοῦ
1590 3382 1813 3449 ἀνθρωο

218 3492 366 3539 πως,
408 3475 466 3524 ὲν
501 3474 689 3543 μηδενὶ
718 3472 827 3524 τῶν
865 3471 1078 3524 πάντων
1109 3472 1450 3540 λειπόμενος.

292 3568 399 3630 Τίς
432 3566 556 3627 τοὺς
588 3566 714 3634 περὶ
745 3566 1057 3634 μετανοίας,
1076 3565 1172 3618 καὶ
1202 3563 1568 3628 κατανύξεως,
1598 3565 1694 3618 καὶ
1713 3563 1812 3632 τῆς

225 3659 530 3727 καλλίστης
565 3656 994 3725 φιλανθρωπίας,
1046 3655 1188 3707 κατά
1217 3655 1342 3716 τοὺς
1367 3654 1648 3721 γενναίους
1669 3652 1816 3722 φημὶ

221 3754 480 3814 τούτους,
507 3751 566 3802 οὐ
596 3751 692 3802 καὶ
722 3750 949 3819 ἐξήτασε
974 3748 1070 3801 καὶ
1097 3747 1302 3812 ἐδίδαξε
1328 3747 1556 3816 λόγους;
1589 3746 1661 3805 ὼ;
1689 3747 1816 3808 τοὺς

227 3847 339 3916 μὲν
369 3846 446 3906 είς
491 3841 802 3909 ἀπόγνωσιν
832 3839 909 3908 τῷ
960 3838 1118 3908 βάρει
1154 3839 1262 3890 τῶν
1294 3837 1715 3908 ἁμαρτημάτων
1739 3835 1816 3899 ὡς

224 3942 313 4000 εἰς
347 3937 593 4004 κρημνὸν
617 3931 856 4003 εὐχερῶς
886 3930 1390 4000 καταφερομένους,
1435 3929 1647 3998 ταχέως
1675 3929 1818 3981 ἐκεῖ·

223 4031 326 4085 θεν
359 4029 623 4089 ἀνέλκειν,
669 4027 731 4079 τὸ
786 4023 1019 4092 πέλαγος
1065 4029 1164 4092 τῆς
1207 4021 1354 4084 θείας
1405 4021 1817 4091 φιλανθρωπίας

221 4119 656 4192 ἐξηγουμένους,
682 4118 777 4170 καὶ
802 4115 988 4186 ὥσπερ
1037 4119 1196 4184 χεῖρα
1221 4115 1466 4174 διδόντας
1495 4114 1587 4166 τὸν
1615 4113 1774 4180 λόγον
1798 4128 1815 4144 ο

220 4219 369 4277 τοὺς
397 4214 454 4266 δὲ
485 4211 772 4279 σκληροὺς,
794 4211 890 4262 καὶ
919 4209 1160 4278 θρασεῖς,
1195 4208 1290 4260 καὶ
1311 4204 1719 4266 ἀκατανύκτους
1741 4203 1820 4274 τῷ

223 4310 396 4376 φόϐῳ
425 4307 524 4377 τῆς
553 4305 855 4370 ἐξετάσεως
903 4303 1014 4356 τῶν
1051 4301 1421 4372 βεϐιωμένων,
1474 4297 1573 4350 καὶ
1613 4296 1692 4366 τῷ
1719 4296 1821 4363 τῆς

223 4399 476 4470 κρίσεως
545 4396 643 4449 καὶ
688 4393 788 4463 τῆς
833 4394 1107 4455 κολάσεως
1153 4389 1370 4460 φοϐερῷ
1415 4388 1510 4442 καὶ
1535 4388 1818 4454 ἀδεκάσττμ

223 4492 383 4562 πρὸς
411 4488 577 4556 φόὸον
605 4485 764 4550 Θεοῦ,
827 4485 920 4538 καὶ
956 4483 1248 4543 κατάνυξιν
1297 4481 1471 4548 ἄγειν.
1502 4475 1818 4547 Φιλανθρὼο

225 4601 380 4646 nou;
406 4599 469 4649 γε
501 4581 627 4650 μὴν,
652 4580 748 4633 καὶ
777 4577 1168 4648 φιλοπτώχους,
1196 4575 1290 4628 καὶ
1319 4573 1653 4644 συμπαθεῖς,
1678 4570 1822 4622 οὕτω

225 4674 490 4746 σφοδρῶς
515 4673 610 4726 καὶ
638 4673 888 4739 λέγοντες
938 4672 1032 4722 mi.
1083 4670 1412 4740 πράττοντες
1441 4666 1568 4728 τοὺς
1615 4661 1825 4734 ἀνθρώ-

223 4785 381 4830 πους
431 4765 678 4831 ἐδίδαξαν
712 4761 872 4827 εἶναι,
904 4764 998 4815 καί⁸
1027 4760 1170 4814 οὕτω
1221 4761 1318 4812 τοῦ
1353 4759 1554 4820 παντὸς
1582 4757 1682 4828 τὴν
1710 4757 1826 4808 θεο-

230 4863 486 4932 μίμητον
533 4862 630 4910 καὶ
662 4856 922 4926 θεουργὺν
949 4853 1152 4924 ἀρετὴν
1193 4852 1396 4920 ταύτην
1420 4849 1709 4918 τιμᾶσθαι,
1747 4847 1824 4908 ὡς

227 4957 416 5027 μόνην
445 4951 651 5019 ταύτην
677 4950 845 5015 δεῖξαι
879 4948 1063 5018 σχεδὸν
1085 4983 1099 5007 ,
1152 4947 1246 4998 καὶ
1278 4943 1449 5014 ῥύπον
1491 4940 1825 5011 ἁμαρτημά-

223 5066 348 5102 των
379 5046 522 5113 ὑπὲρ
543 5045 641 5104 τάς
671 5041 836 5104 ἄλλας
875 5039 1182 5108 δυναμένην
1228 5036 1532 5104 καθαίρειν,
1574 5033 1668 5085 καὶ
1703 5047 1824 5084 πει-

225 5138 476 5210 ρασμῶν
503 5135 752 5204 ψυχικῶν
782 5131 918 5202 ὁμοῦ
959 5134 1052 5184 καὶ
1072 5129 1399 5198 σωματικῶν
1440 5123 1824 5189 ἀπαλλάττειν,

222 5232 335 5286 καὶ
369 5228 602 5280 θανάτου
639 5221 982 5277 παντοδαποῦ
1019 5221 1278 5292 ρύεσθαι’
1310 5222 1406 5272 καὶ
1431 5220 1634 5288 πρᾶξιν
1663 5217 1822 5288 ὁμοῦ,

223 5324 337 5377 καὶ
397 5319 630 5387 θεωρίαν
681 5318 908 5385 κοσμεῖν
940 5314 1019 5384 τῷ
1061 5311 1191 5383 παρ’
1228 5313 1427 5380 ἑαυτῆς
1470 5312 1695 5364 κάλλει·
1729 5312 1823 5362 καὶ

222 5413 577 5473 τελευταῖον,
617 5407 1014 5477 εὐλογημένους
1056 5403 1150 5457 τοῦ
1180 5404 1411 5472 Πατρδς,
1447 5403 1544 5455 καὶ
1569 5401 1827 5471 κληρονό-

227 5519 388 5579 μους
437 5503 534 5572 τῆς
582 5499 994 5571 ἡτοιμασμένης
1046 5494 1318 5567 βασιλείας
1346 5495 1455 5549 ἀπὸ
1505 5493 1816 5562 καταδολῆς

313 5693 370 5722 ﬂ
425 5685 464 5740 ll
497 5684 618 5740 Tin‘.
675 5702 758 5755 ιιι,
807 5689 892 5742 l7.

1911 3213 1977 3252 ex
2007 3197 2212 3251 sanctis
2259 3196 2587 3265 Scripturis,
2641 3208 2698 3250 et
2749 3197 2864 3265 ipsa
2921 3213 3103 3250 rerum
3153 3199 3495 3268 experientia

1911 3289 2171 3344 omnibus
2210 3287 2414 3342 diserte
2457 3287 2855 3350 ostenderunt;
2890 3298 2949 3342 ut
2998 3290 3050 3342 in
3088 3289 3347 3343 omnibus
3373 3307 3497 3358 per-

1913 3383 2077 3450 fectus
2105 3380 2171 3432 sit
2201 3377 2298 3432 Dei
2325 3379 2481 3432 homo
2507 3381 2574 3444 “,
2600 3390 2656 3433 et
2681 3379 2737 3432 in
2762 3379 2916 3433 nullo
2939 3380 3100 3449 plane
3128 3381 3369 3436 deﬁciat.

1983 3560 2118 3627 Quis
2145 3575 2256 3614 non
2297 3575 2422 3615 cum
2476 3558 2544 3614 de
2586 3559 2933 3628 paenitentia,
2965 3570 3020 3615 et
3049 3563 3494 3632 rompunctioue,

1914 3662 1970 3706 et
1998 3651 2418 3722 praeclarissima
2446 3650 2788 3704 humanitate
2821 3659 3028 3720 ageret,
3063 3652 3327 3706 nobilium
3365 3655 3498 3708 isto-

1918 3761 2040 3798 rum
2086 3745 2419 3813 scriptorum
2463 3753 2785 3813 argumenta
2818 3745 3130 3812 perpendit,
3163 3756 3218 3801 et
3247 3747 3497 3802 docendo

1917 3844 2141 3892 secutus
2195 3833 2312 3889 est?
2355 3835 2450 3905 qui
2506 3846 2566 3889 ut
2617 3834 2688 3888 ob
2743 3835 2960 3905 pondus
3015 3846 3368 3905 peccatorum
3427 3837 3497 3892 ad

1919 3927 2360 3996 desperationem
2406 3926 2718 3996 prmcipites
2750 3926 3007 3980 celeriter
3039 3927 3167 3980 inde
3205 3929 3499 3982 retrahan-

1922 4029 2032 4084 tur,
2065 4019 2294 4088 pelagus
2327 4019 2526 4072 divinae
2556 4019 2916 4088 benignitatis
2943 4020 3240 4089 explicant,
3281 4030 3337 4074 et
3368 4036 3499 4075 ora-

1922 4110 2130 4164 tionem
2178 4118 2240 4164 ut
2287 4124 2506 4162 manum
2544 4110 2860 4179 porrigunt;
2903 4110 3073 4164 duros
3096 4120 3278 4165 autem
3309 4119 3365 4166 et
3403 4127 3502 4166 au-

1922 4201 2118 4264 daces,
2175 4211 2232 4254 et
2297 4216 2328 4255 a
2384 4203 2806 4270 compunctione
2859 4201 3254 4265 abhorrentes,
3305 4202 3502 4258 timore

1923 4293 2194 4346 examinis
2225 4306 2409 4345 rerum
2446 4291 2502 4343 in
2552 4291 2653 4345 hac
2703 4293 2812 4344 vita
2849 4301 3310 4361 perpetratarum,
3359 4293 3506 4364 judi-

1925 4384 2103 4454 ciique
2163 4398 2228 4437 ac
2287 4395 2572 4449 pinnarum
2637 4390 2870 4446 terrore,
2931 4391 2989 4435 et
3060 4381 3505 4452 implacabilitate

1919 4476 2120 4549 judicis
2166 4474 2233 4529 ad
2283 4475 2536 4527 timorem
2583 4472 2702 4538 Dei,
2738 4481 2794 4528 et
2823 4473 3071 4527 dolorem
3123 4474 3292 4528 animi
3328 4475 3506 4528 addu-
3588 4503 3596 4506 <

1918 4578 2074 4625 cunt.
2125 4566 2406 4620 lluinauos
2459 4580 2610 4630 vero,
2658 4573 2714 4618 et
2773 4581 3075 4634 pauperum
3159 4577 3407 4622 auantcs
3449 4575 3508 4622 ct

1921 4661 2320 4732 compatientes
2349 4672 2492 4723 esse,
2521 4659 2658 4712 adeo
2693 4659 3049 4713 vehementer
3077 4659 3239 4712 dictis
3263 4671 3316 4713 et
3347 4660 3507 4713 factis

1924 4753 2256 4813 docuerunt.
2286 4763 2342 4806 et
2381 4753 2520 4806 adeo
2550 4752 2772 4804 maximi
2817 4752 2956 4804 hanc
2995 4751 3092 4805 Dei
3133 4751 3506 4816 imitatricem,

1926 4848 2281 4915 divinumque
2310 4846 2488 4900 fecere
2519 4845 2802 4906 virtutem,
2833 4852 2892 4896 ut
2930 4842 3326 4910 propemodum
3367 4843 3507 4896 hanc

1927 4938 2098 4992 solam
2164 4934 2518 5004 probaverint
2559 4946 2703 4994 esse,
2746 4941 2868 4998 quae
2916 4937 3266 4998 peccatorum
3313 4927 3508 4981 sordes

1929 5044 2094 5098 supra
2126 5028 2259 5080 alias
2303 5039 2562 5094 purgare,
2607 5034 2661 5076 et
2708 5038 2736 5074 a
2775 5031 2950 5075 tentat
2985 5020 3188 5073 onibus
3225 5021 3402 5073 animi
3451 5031 3508 5072 et

1927 5122 2179 5189 corporis
2205 5119 2367 5174 simul
2397 5118 2655 5179 liberare,
2681 5125 2734 5169 et
2766 5114 2834 5168 ab
2860 5113 3152 5168 omnifaria
3181 5125 3356 5166 morte
3388 5126 3512 5166 ser-

1927 5229 2078 5276 vare,
2111 5227 2319 5281 suai‘lue
2352 5207 2767 5279 pulchritudine
2800 5207 2990 5276 praxin
3029 5221 3136 5258 una
3174 5217 3231 5259 et
3263 5214 3512 5259 contem-

1926 5305 2227 5376 plationem
2276 5316 2475 5355 ornare
2529 5308 2817 5369 queat,-et
2867 5308 3146 5366 postremo
3190 5297 3510 5350 benedictos

1925 5399 2120 5468 patris,
2172 5407 2228 5450 et.
2281 5395 2526 5449 hmrcdes
2590 5392 2738 5462 regni
2784 5406 2815 5444 a
2865 5388 3260 5443 constitutione
3316 5387 3506 5441 mundi

1926 5490 2238 5562 prwparati,
2258 5488 2376 5558 ejus
2398 5488 2640 5541 cultores
2662 5499 2692 5539 a
2711 5483 2931 5538 Christo
2955 5481 3342 5550 pronuntiatos
3362 5494 3509 5543 esse,
