3862 6218
289 332 394 402 821

906 346 1336 409 earumne
1387 321 2219 414 A'NATHEMATISMOHUM
2245 351 2828 415 IIARMENOPULI.

3431 353 3537 414 Ri!

784 537 3532 564 mm

1410 683 1544 738 ΤΟΥ
1577 682 1963 737 ΔΓΙΩΤΑΤΟΥ
1995 683 2435 739 ΠΛΤΡΙΑΡΧΟΥ

1125 857 1754 988 ΚΥΡΙΟΥ
1832 858 2714 994 ΦΙΛΟΘΕΟΥ

525 1085 904 1139 ANATPOIIH
933 1086 1067 1137 ΤΩΝ
1101 1087 1761 1142 ΑΝΑΓΕΓΡΑΜΜΕΝΩΝ
1792 1091 1918 1144 ΠΛΡ

2004 1091 2090 1163 "re
2134 1093 2655 1161 ΛΡΜΕΝυΙΙΟΥΑῼ
2687 1091 3308 1150 ΑΝΑθεΜΑτιεΜςικ.

1387 1397 1882 1458 SANC'I‘ISSIMI
1936 1396 2460 1458 PA'l'RIARCH.‘E

1220 1583 1730 1696 DOMINI
1843 1583 2614 1698 PHILOTHEI

466 1809 927 1872 ni‘J'UTATIO
971 1810 1479 1892 SQRIPTORUM
1515 1807 1723 1868 APUD
1764 1805 1918 1866 ΗΑΒ

2003 1810 2266 1872 ENOPU
2277 1811 2369 1870 LU
2381 1811 2438 1870 M
2477 1813 2521 1870 Α
2537 1811 2753 1870 ΝΛῚἨ
2767 1811 3227 1874 EMATISMOR
3241 1815 3282 1876 υ
3296 1816 3376 1875 Μ.

427 1975 519 2036 (lix
551 1977 672 2024 Jure
691 1974 1114 2024 erco—Romauo.
1158 1970 1417 2032 Prologum
1443 1967 1586 2031 primi
1611 1968 1876 2018 ediderunt
1904 1966 2058 2018 Rallis
2082 1975 2134 2018 et
2161 1969 2288 2019 Polli
2326 1973 2373 2019 in
2407 1969 2746 2033 Syntagmale,
2773 1979 2889 2021 tom.
2927 1973 2984 2021 V.
3034 1975 3243 2023 Athenis
3270 1976 3433 2038 ιθοι.)

387 2281 512 2333 Ἐπὶ
542 2282 636 2348 τῆς
679 2277 951 2347 βασιλείας
995 2276 1406 2331 Κωνσταντίνου
1450 2273 1545 2326 τοῦ
1584 2274 1918 2343 Πορφυρο-λ

2047 2273 2160 2330 Sub
2195 2292 2363 2345 regno
2397 2277 2741 2333 Constantini
2797 2279 3273 2348 Porphyrogeniti,
3324 2297 3558 2335 consm-

312 2375 568 2441 γεννήτου
619 2371 782 2439 τόμος
813 2369 1152 2436 ὲξεφςυνήθη,
1186 2364 1613 2434 συμπράξαντος
1660 2364 1876 2418 καὶτοῦ

311 2468 430 2517 τότε
460 2461 799 2530 πατριάρχου
843 2459 1081 2523 Ἀλεξίου
1144 2459 1240 2511 καὶ
1284 2457 1385 2526 τῆς
1415 2456 1659 2516 συνόδου,
1685 2454 1880 2507 ἀναθε-

310 2553 553 2626 ματίζων
580 2552 704 2613 τοὺς
734 2550 1148 2618 ἐπιχειροῦντας
1171 2547 1510 2600 ἀποστασίαν
1539 2545 1570 2615 ἢ
1595 2544 1880 2613 τυραννίδα

307 2648 449 2697 κατὰ
477 2643 743 2714 βασιλέων
775 2642 1017 2707 ποιῆσαι,
1055 2639 1130 2701 ὡς
1171 2637 1422 2690 ἐντεῦθεν
1453 2637 1578 2697 τοὺς
1607 2635 1881 2703 ὑπηκόους

307 2739 419 2788 τῶν
454 2736 673 2788 οἰκείων
702 2733 976 2786 δεσποτῶν
1024 2729 1549 2800 παρασκευάζοντας
1591 2727 1881 2779 ἐπανίστα-

308 2827 439 2878 σθαι
461 2843 474 2857 ·
508 2826 619 2894 ἔχει
651 2825 706 2877 δὲ
742 2822 910 2884 οὕτως
934 2839 946 2853 σ
998 2841 1014 2872 t
1048 2823 1171 2884 Τοῖς
1202 2821 1484 2888 μέλλουσιν
1517 2815 1881 2880 ἐπιϐουλαῖςῆ

315 2920 568 2988 μούλτοις
598 2916 706 2972 ἀπό
738 2933 800 2983 γε
843 2914 938 2967 τοῦ
971 2914 1062 2968 νῦν
1095 2916 1415 2983 ἐπιχειρεῖν,
1447 2911 1716 2978 ἀνάθεμα.
1758 2910 1883 2970 Τοῖς

314 3010 758 3077 συμπράττουσιν
786 3006 992 3068 αὐτοῖς,
1041 3006 1137 3057 καὶ
1188 3006 1299 3066 τοῖς
1336 3000 1794 3070 συγκοινωνοῦσιν
1828 3002 1884 3051 ἐν

309 3106 378 3170 τῇ
412 3099 738 3169 ἀποστασία,
793 3095 1064 3164 ἀνάθεμα.
1114 3095 1238 3156 Τοῖς
1290 3093 1739 3161 συμϐουλεύουσι,
1792 3090 1888 3144 καὶ

310 3196 425 3253 τοῖς
453 3190 811 3257 παρορμῶσιν
839 3189 918 3248 εἰς
950 3187 1017 3238 τὰ
1042 3185 1284 3250 τοιαῦτα,
1320 3185 1571 3253 ἀνάθεμα
1615 3184 1741 3244 Τοῖς
1766 3199 1889 3234 συν-

310 3279 740 3350 εκστρατεύουσι
803 3277 1034 3339 τούτοις,
1079 3275 1347 3344 ἀνάθεμα.
1407 3276 1530 3335 Τοῖς
1573 3273 1888 3344 δεχομένοις

309 3375 513 3432 αὐτοὺς
558 3371 638 3431 είς
675 3369 966 3437 μετάνοιαν
1003 3367 1078 3436 μὴ
1131 3365 1601 3435 μεταμελομένους
1633 3365 1741 3416 ἀπὸ
1788 3364 1890 3432 τῆς

311 3462 650 3521 ἁποστασίας
680 3462 772 3513 καὶ
803 3459 1312 3528 καταλιμπάνοντας
1345 3457 1530 3524 αὐτὴν,
1558 3455 1825 3524 ἀνάθεμα.
1866 3471 1886 3501 ι

390 3555 617 3622 Ὀμοιος
651 3553 743 3606 ἐπὶ
787 3552 883 3620 τῆς
925 3550 1205 3620 βασιλείας
1241 3548 1497 3618 Μανουὴλ
1543 3547 1637 3599 τοῦ
1673 3550 1889 3616 Κομνη-

1981 2369 2242 2422 tientibus
2288 2371 2478 2424 Alexio
2526 2373 2837 2442 patriarcha
2885 2382 2939 2426 et
2971 2373 3397 2439 sacra.syuodu,
3433 2373 3557 2426 edi-

1977 2468 2127 2512 ctum
2179 2458 2280 2513 fuit
2309 2461 2758 2530 Tpromulgatum,
2793 2462 3261 2516 anathematizaus
3313 2478 3409 2515 eos
3463 2462 3555 2530 qui

1978 2549 2303 2604 seditionem
2346 2567 2568 2607 morere
2619 2563 2710 2607 aut
2754 2567 3020 2620 usurpare
3062 2569 3286 2622 regnum
3329 2563 3382 2605 et
3412 2554 3560 2608 cit-es

1983 2642 2262 2712 subjectos
2307 2659 2337 2697 a
2371 2645 2634 2700 'domiuis
2688 2646 2803 2700 suis
2851 2646 3092 2700 alienare
3159 2644 3277 2699 ausi
3331 2645 3555 2698 fuerint.

1982 2733 2057 2786 Ita
2114 2743 2297 2787 autem
2350 2733 2517 2788 habet
2553 2753 2566 2791 :
2599 2755 2616 2787 t
2653 2735 2958 2790 Anathema
3017 2735 3085 2789 ab
3137 2736 3305 2789 hocce
3361 2736 3562 2791 abhinc

1983 2823 2094 2888 die,
2131 2823 2184 2877 in
2219 2839 2315 2879 eos
2347 2826 2438 2894 qui
2495 2825 2722 2881 insidias
2772 2841 2835 2880 ac
2874 2826 3168 2880 tumultttm
3203 2827 3370 2881 cient.
3423 2829 3565 2879 Ana-

1985 2915 2165 2968 thema
2193 2925 2382 2970 contra
2410 2931 2504 2971 eos
2533 2918 2626 2986 qui
2658 2933 2874 2971 causam
2913 2933 3035 2971 cum
3066 2918 3185 2971 istis
3212 2934 3562 2988 communem

1985 3004 2213 3061 faciunt.
2269 3007 2572 3062 Auathema
2624 3021 2818 3065 contra
2866 3025 2962 3064 eos
2997 3010 3089 3079 qui
3147 3010 3395 3064 consiliis
3422 3026 3484 3065 ac
3514 3012 3565 3064 vi

1986 3098 2052 3152 ad
2105 3099 2432 3153 seditionem
2502 3101 2760 3155 excitant.
2819 3101 3124 3154 Anathema
3187 3082 3270 3153 in.
3322 3115 3416 3154 eos
3471 3102 3564 3170 qui

1988 3191 2224 3260 sumptis
2253 3193 2422 3247 armis
2455 3192 2563 3246 illis
2585 3194 2981 3248 obsecundant.
3041 3193 3342 3247 Anathema
3382 3193 3433 3245 in
3475 3207 3568 3246 eos

1988 3281 2080 3350 qui
2132 3282 2374 3351 hospitio
2425 3284 2709 3353 excipiunt
2760 3292 3035 3354 apostatas
3093 3294 3446 3338 contumaces
3506 3298 3568 3337 ac

1991 3371 2420 3440 imptenitentes.
2467 3395 2485 3425 ι

2049 3545 2255 3603 ‘Simile
2291 3548 2532 3603 edictum
2568 3551 2621 3604 in
2650 3550 2827 3603 lucem
2859 3551 2990 3602 exiit
3026 3559 3289 3618 regnante
3321 3549 3568 3606 Manneia

313 3645 433 3704 νοῦ,
479 3644 537 3706 ὃς
587 3644 726 3713 μετὰ
770 3643 875 3695 τῶν
905 3643 962 3694 ἐν
998 3642 1139 3693 τέλει
1177 3639 1394 3694 καὶτοῦ
1440 3638 1741 3706 τηνικαῦτα
1777 3655 1886 3691 πα-

2003 3639 2294 3702 Comueuo,
2346 3640 2821 3694 consentientibus
2872 3639 3077 3693 ibidem
3134 3640 3444 3708 patriarcha
3505 3657 3568 3695 ac

315 3735 584 3804 τριάρχου
624 3735 718 3786 καὶ
757 3733 858 3800 τῆς
892 3732 984 3784 ὑπ’
1028 3731 1188 3784 αὑτὸν
1236 3729 1737 3796 συνόδου-ἐγένετο,
1763 3732 1886 3783 ἀνα·

319 3829 633 3892 θεμ-ατίζων
659 3828 782 3888 τοὺς
813 3824 1109 3894 ἐπιϐουλὴν
1153 3825 1185 3894 ἢ
1221 3822 1588 3876 ἐπανάστασιν
1620 3824 1760 3873 κατὰ
1797 3819 1889 3872 τοῦ

322 3921 443 3971 υἱοῦ
476 3917 640 3971 αὑτοῦ
692 3918 928 3981 Ἀλεξίου
981 3915 1340 3985 βουληθέντας
1392 3916 1762 3983 ἐπιχειρῆσαι,
1799 3912 1892 3964 καὶ

323 4016 450 4070 to);
478 4011 660 4071 αὐτοῖς
693 4011 1137 4078 συναιρομένους.

401 4101 630 4169 Ἕτερον
679 4099 1059 4168 παραπλήσιον
1107 4101 1134 4149 ὁ
1180 4096 1432 4165 βασιλεὺς
1464 4095 1683 4165 Μιχαὴλ
1715 4096 1742 4146 ὁ
1788 4096 1904 4148 Πα-.

325 4193 603 4255 λαιολὸ-,ος
633 4190 948 4259 προϐαίνειν
980 4187 1390 4256 παρεσκεύασεν
1431 4189 1521 4239 ἐπὶ
1552 4186 1628 4255 τῷ
1667 4187 1766 4254 υίῷ
1798 4186 1894 4236 αὺ-

324 4283 421 4336 τοῦ
473 4284 816 4351 Ἀνδρονίκῳ,
850 4281 928 4350 τῷ
955 4280 1166 4332 εὐσεϐεῖ
1200 4278 1440 4348 βασιλεῖ·
1473 4278 1602 4330 ἔνθα
1630 4278 1691 4342 δὴ
1715 4277 1895 4346 παρῆ·

329 4393 453 4430 σαν.
487 4375 560 4436 ὡς
596 4375 763 4434 εἰκὸς,
798 4375 844 4425 oi
878 4376 932 4422 ἐν
963 4372 1105 4422 τέλει
1140 4372 1229 4421 καῖ
1259 4373 1285 4421 ὁ
1314 4369 1896 4438 πατριάρχηςΊωσὴφ,

325 4469 478 4527 ὅστις
510 4467 649 4537 ὑπὲρ
693 4469 791 4535 τῆς
830 4464 1064 4533 ἀληθοῦς
1113 4461 1394 4521 εὐσεϐείας
1429 4462 1520 4512 τὸν
1570 4461 1670 4525 τῆς
1710 4460 1901 4528 ὁμολο-

327 4562 458 4628 γίας
481 4560 777 4627 ἀνεδήσατο
799 4558 1076 4622 στέφανον,
1109 4555 1188 4606 ἔτι
1210 4554 1264 4606 δὲ
1292 4556 1382 4606 καὶ
1412 4555 1441 4622 ἡ
1469 4553 1560 4605 ὑπ’
1591 4554 1754 4606 αὑτὸν
1778 4553 1899 4622 ἱερὰ

331 4655 570 4715 σύνοδος,
602 4651 649 4703 οἳ
681 4649 773 4702 καὶ
799 4648 1102 4714 ἀναθέματι
1135 4645 1404 4698 ὑπέϐαλον
1440 4647 1534 4698 καὶ
1567 4647 1724 4714 ἀραῖς
1772 4663 1899 4714 φρι-

240 4785 244 4789 .
329 4743 701 4800 χιι-δεστάταις
731 4741 856 4798 τοὺς
894 4737 1188 4803 ἐπιϐουλὴν
1217 4737 1248 4806 ἢ
1284 4737 1656 4788 ἐπανάστασιν
1683 4736 1903 4803 μέλλον-

328 4855 431 4896 τας
491 4834 864 4902 σκαιωρήσειν
911 4832 989 4890 είς
1021 4829 1078 4881 τὶ
1113 4829 1314 4892 ἐξῶσαι
1362 4830 1459 4901 τῆς
1494 4828 1768 4892 βασιλείας
1815 4829 1904 4879 τὸν

1990 3731 2219 3801 synodo,
2245 3747 2340 3785 eos
2373 3733 2464 3801 qui
2521 3732 2748 3785 insidias
2800 3747 2864 3787 ac
2889 3731 3180 3785 tumultum
3217 3743 3404 3784 contra
3439 3732 3568 3785 Ale-

1994 3823 2138 3876 xiunt
2189 3823 2309 3890 ejus
2363 3823 2530 3875 ﬁlium
2589 3823 2820 3883 cit-rent,
2847 3835 2903 3876 et
2943 3813 3214 3892 ejusmodi
3252 3823 3568 3876 tcutaminis

1993 3924 2280 3989 consortes
2310 3915 2795 3969 anathematizaus.

2067 4100 2294 4154 Accedit
2327 4117 2521 4156 recens
2545 4101 2809 4167 edictum,
2834 4103 2978 4172 quod
3009 4104 3308 4172 imperator
3339 4103 3570 4158 Michael

1997 4190 2332 4261 Patientilogtts
2389 4191 2483 4244 lilii
2548 4193 2633 4245 sui
2696 4194 3015 4256 Andronici,
3084 4195 3156 4263 pii
3226 4196 3573 4263 imperatoris

1999 4297 2163 4336 causa
2196 4283 2583 4352 promulgavit.
2608 4281 2984 4338 lutcrfueruut
3007 4296 3214 4350 autem,
3237 4297 3295 4342 ut
3321 4287 3570 4348 decebat.

2001 4373 2188 4427 clerici
2223 4385 2276 4426 et
2308 4372 2582 4440 Josepbus
2614 4377 2949 4441 patriarcha,
2991 4375 3083 4444 qui
3116 4377 3344 4431 sincerae
3384 4378 3574 4447 pietati

2004 4463 2368 4517 confessionis
2400 4479 2659 4517 coronam
2703 4465 2973 4534 adiunxit,
3025 4475 3085 4519 ut-
3133 4476 3190 4520 et
3223 4483 3372 4522 sacra
3411 4484 3576 4538 syno-

2002 4554 2108 4608 dus
2141 4554 2191 4608 ci
2225 4553 2505 4622 subjecta;
2542 4555 2633 4622 qui
2665 4570 2858 4608 omnes
2887 4558 3220 4612 anathemati
3269 4573 3333 4613 ac
3362 4560 3576 4613 dirissi-

2003 4644 2108 4698 mis
2138 4643 2611 4700 exsecrationibus
2635 4643 2968 4699 devoverant
2999 4648 3314 4717 quicunque
3351 4649 3577 4703 insidias

2005 4752 2068 4791 ac
2110 4737 2435 4790 seditionem
2477 4736 2714 4790 conﬂare
2759 4739 2822 4791 ad
2869 4740 3249 4808 expellendum
3296 4741 3362 4792 de
3408 4757 3576 4810 regno

2007 4828 2224 4898 pietatis
2255 4827 2586 4892 columnam,
2636 4830 3021 4897 imperatorem
3073 4830 3256 4883 divum
3306 4831 3577 4885 Androni-

329 4927 432 4993 τῆς
464 4925 749 4986 εὺτεόείας
784 4921 994 4986 στῦλον,
1029 4921 1118 4973 τὸν
1169 4919 1395 4989 βασιλέα
1449 4919 1594 4972 θεῖον
1634 4919 1905 4988 ’Δνδρόνμ

2008 4934 2130 4974 cum
2167 4934 2332 4972 ausus
2371 4917 2555 4972 fuerit.

333 5035 454 5071 κον.

425 5106 482 5158 ’0
512 5107 637 5175 περὶ
660 5105 726 5157 τὶι
761 5104 982 5156 τοιαῦτα
1010 5103 1191 5170 σοφὸς,
1221 5101 1452 5154 σεϐαστὲ
1479 5100 1795 5170 νομοφύλαξ
1817 5101 1907 5153 καὶ

341 5201 599 5255 καθοὶ-ικὲ
631 5201 792 5267 κριτὰ
835 5194 1258 5264 Ἀρμενόπουλε,
1293 5194 1408 5254 πῶς
1439 5193 1498 5244 οὐ
1550 5194 1770 5243 κάκεῖνο
1797 5193 1909 5252 τοῖς

341 5291 748 5359 γεγραμμένοις
779 5287 1143 5356 προσέθηκας,
1171 5285 1254 5334 ὅτι
1282 5285 1368 5336 διὰ
1400 5283 1526 5344 τοὺς
1558 5281 1789 5350 χρυσοῦς
1815 5281 1910 5333 καὶ

339 5381 528 5446 ἁγίους
562 5379 758 5446 νόμους
790 5377 884 5429 τοῦ
921 5377 1158 5444 μεγάλου
1195 5375 1292 5443 τῆς
1341 5374 1669 5442 Ἐκκλησίας
1699 5371 1912 5439 φωστῆ-

344 5489 434 5541 ρος
472 5473 741 5530 Ἰωάννου,
775 5468 868 5522 τοῦ
899 5469 998 5538 τὴν
1027 5468 1273 5535 γλῶτταν
1301 5465 1526 5536 χρυσοῦ,
1557 5465 1688 5533 περὶ
1717 5465 1808 5516 τοῦ
1838 5462 1912 5532 μὴ

340 5563 451 5616 δεῖν
487 5561 844 5630 Χριστιανοὺς
875 5553 1390 5626 ἀναθεματίζεσθαι,
1433 5556 1534 5617 ἕως
1569 5556 1633 5608 ἂν
1667 5554 1913 5622 δηλονότι

344 5657 441 5721 τῆς
463 5653 630 5722 ὀρθῆς
660 5652 889 5717 ἔχωνται
924 5649 1053 5718 περὶ
1081 5645 1215 5701 Θεοῦ
1259 5647 1438 5716 δόξης,
1472 5648 1836 5716 ὴπράκτησαν
1863 5645 1912 5697 οἱ

345 5743 528 5812 τόμοι,
568 5743 617 5796 οἱ
654 5740 778 5804 τοὺς
817 5738 1260 5802 ἀποστατοῦντας
1315 5741 1407 5792 καὶ
1450 5736 1914 5806 ἐπανισταμένους

2075 5095 2211 5150 Cum
2253 5095 2460 5163 peritus
2508 5095 2584 5149 sis
2635 5096 2946 5165 hujusmodi
3011 5112 3214 5159 rerum,
3256 5099 3581 5154 venerabilis

2007 5186 2369 5256 nomophylax
2417 5187 2662 5256 etjudex
2709 5188 2977 5254 generalis
3029 5187 3450 5255 ilarmenopulc,
3485 5204 3582 5242 cur

2009 5292 2117 5329 non
2155 5277 2256 5329 hoc
2284 5292 2502 5344 quoque
2534 5278 2754 5345 scriptis
2801 5279 3073 5345 adjecisti,
3127 5279 3272 5346 quod
3327 5279 3582 5333 videlicet

2013 5377 2232 5434 propter
2304 5381 2499 5420 aureas
2567 5377 2622 5420 et
2677 5377 2894 5420 sanctas
2963 5373 3109 5438 leges
3172 5371 3318 5424 illius
3400 5373 3581 5440 magni

2012 5459 2237 5512 luminis
2271 5458 2524 5511 Ecclesiae
2569 5459 2816 5521 Joannis,
2872 5462 2938 5514 ab
2990 5478 3152 5516 aurea
3213 5464 3398 5532 lingua
3448 5463 3582 5518 dicti

2018 5550 2414 5620 Chrysostotni,
2453 5551 2656 5618 quibus
2703 5552 3067 5620 prohibentur
3094 5555 3424 5610 anathemati
3457 5557 3589 5609 sub-

2015 5643 2110 5713 jici
2141 5642 2460 5704 Christiani,
2493 5657 2653 5711 quam
2703 5645 2795 5696 diu
2846 5655 3006 5698 rectm
3039 5645 3105 5699 de
3139 5646 3250 5700 Deo
3302 5651 3586 5702 sententiae

2019 5733 2318 5798 adhaerent,
2377 5748 2500 5788 esse
2555 5733 2817 5788 desierint
2879 5734 2936 5788 in
2993 5752 3092 5792 usu
3154 5738 3229 5792 illi
3293 5740 3422 5793 tomi
3493 5740 3586 5807 qui
