3862 6218
341 360 451 424 8l7

1406 320 1795 429 IZAUDATIO
1833 367 2083 428 TRIUM
2126 372 2565 433 Dt)t‘.TORUM.

3481 368 3591 430 8l8

347 479 444 544 μὲν
500 474 593 527 καὶ
645 474 807 544 μέχρι
839 476 1149 540 συντελείας
1187 478 1245 527 έν
1277 480 1441 548 σαρκὶ
1487 478 1563 547 τῷ
1595 479 1783 548 κόσμῳ
1819 479 1915 530 καὶ

2033 482 2199 537 saeculi
2245 482 2298 536 in
2353 498 2536 546 carne,
2582 485 2636 539 in
2675 484 2895 547 mundo,
2949 494 3111 549 atque
3148 482 3290 537 inter
3341 482 3592 536 homines

344 567 473 641 terg.
509 563 815 634 ἀνθρώποις
870 567 1132 636 συνῆσαν,
1171 568 1249 637 τῷ
1302 570 1465 622 παντὶ
1512 569 1648 638 τῷδε
1685 570 1780 623 καὶ
1816 569 1916 636 τῆς

345 651 526 703 αὐτῶν
564 652 710 721 ζωῆς
765 656 844 715 εἰς
877 654 1055 707 κοινὸν
1103 654 1294 724 ὄφελος
1352 658 1447 710 καὶ
1503 657 1688 726 θαῦμα
1732 658 1917 712 καινὸν

348 741 640 811 ὑπερφυῶς
676 746 1179 815 συνεκτεινομένης,
1209 746 1401 816 ὥσπερ
1432 748 1658 818 οὐρανός
1706 766 1764 800 τε
1824 749 1919 801 καὶ

346 832 518 900 ἣλιος,
559 832 653 884 καὶ
684 833 711 885 δ
748 833 935 898 λοιπδς
991 836 1101 888 τῶν
1130 837 1379 907 ἀστέρων
1433 841 1640 901 ἐκεῖνος
1672 836 1917 909 χορλςχῆ

345 921 454 972 τῶν
487 922 739 989 μεγάλων
772 925 977 978 τούτων
1011 928 1291 996 στοιχείων
1322 931 1354 998 ἡ
1391 930 1715 994 τετρακτὺς,
1746 929 1814 982 δι’
1843 922 1920 983 ὧν

344 1016 377 1081 ἠ
414 1014 704 1083 αἰσθητικὴ
755 1017 848 1067 καὶ
899 1017 1149 1087 ὁρωμένη
1185 1020 1365 1083 κτίσις
1403 1019 1541 1089 αῦτη
1576 1024 1643 1092 τῇ
1691 1020 1919 1091 δυνάμει

347 1104 440 1157 τοῦ
462 1105 746 1167 κτίσαντος
774 1107 1072 1176 συνέχεται,
1110 1112 1201 1161 καὶ
1235 1110 1369 1177 πρὸς
1405 1112 1464 1164 τὸ
1486 1112 1770 1165 ἀδιάλυτον
1797 1129 1923 1163 συν·

348 1198 599 1259 τηρεῖται
624 1212 638 1223 ·
678 1195 709 1264 ἢ
737 1196 881 1265 ψυχή
909 1215 993 1261 τις
1022 1200 1177 1268 κοινὴ
1216 1201 1311 1253 καὶ
1342 1202 1546 1271 ζωτικὴ
1593 1199 1689 1254 τοῦ
1718 1202 1922 1265 παντὸς

348 1282 576 1348 δᾶναμις
601 1299 615 1313 ·
648 1282 801 1335 τοῦτο
823 1285 920 1336 καὶ
962 1285 1098 1354 πρὸς
1125 1288 1278 1354 ὑμῶν
1310 1287 1377 1341 ἀν
1406 1284 1498 1357 ἦν,
1530 1287 1689 1356 εἴπερ
1727 1306 1779 1341 τι
1812 1289 1923 1342 τῶν

353 1373 592 1435 πάντων,
649 1373 871 1429 καὶτοῦ
919 1378 1117 1440 παντὸς
1158 1379 1299 1448 ὑπὲρ
1352 1381 1528 1432 πάντα
1580 1380 1921 1449 τιμώμενον,

352 1465 445 1515 καί
481 1481 541 1529 γε
572 1466 669 1532 τῆς
698 1467 941 1536 μεγάλης
972 1471 1227 1537 προνοίας
1257 1470 1352 1524 καὶ
1380 1470 1479 1538 τῆς
1509 1470 1925 1539 παντοδυνάμου

351 1555 484 1606 δυνά
511 1573 636 1619 -εως
682 1557 835 1621 ἀξιον
861 1574 874 1588 ·
904 1559 1022 1613 ἀλλ’
1055 1562 1177 1614 ἐπεὶ
1207 1563 1302 1616 καὶ
1343 1562 1570 1626 τούτους
1599 1564 1927 1634 ἀνθρώπους

354 1645 514 1706 avra;
550 1646 651 1699 οὐκ
679 1641 746 1717 ἦν
779 1649 853 1717 μὴ
890 1652 1003 1712 τοῖς
1027 1651 1213 1717 νόμοις
1238 1651 1526 1706 δουλεῦσαι
1557 1652 1656 1721 τῆς
1686 1653 1924 1720 φύσεως,

357 1738 491 1805 μηδὲ
523 1739 611 1790 τὸν
641 1737 770 1808 χοῦν
816 1742 1108 1815 ἀποδοῦναι
1148 1745 1212 1815 τῇ
1246 1747 1338 1814 γῇ,
1373 1746 1584 1812 γίνεται
1629 1744 1730 1815 μὲν
1781 1744 1924 1797 κατά

354 1828 518 1895 φύσιν
555 1831 648 1882 καὶ
684 1830 863 1894 τοῦτο,
900 1814 987 1885 ἵνα
1021 1834 1095 1905 μὴ
1134 1814 1228 1887 καὶ
1270 1834 1494 1899 δόξωσιν
1522 1836 1681 1889 ούσία
1709 1852 1793 1898 τις
1823 1834 1925 1889 ἇῦ-

353 1919 445 1982 λος
476 1914 638 1983 εἶναι,
670 1923 763 1975 καὶ
792 1922 916 1996 ξένη
951 1925 1010 1977 τὸ
1040 1926 1163 1978 καθ’
1191 1914 1803 1999 ἡμᾶς’ύποκριναμένη,
1831 1926 1926 1979 καὶ

262 2012 277 2023 ’
353 2015 422 2065 τὰ
454 2015 636 2076 καινὰ,
671 2018 764 2068 καὶ
797 2018 935 2089 ὑπὲρ
964 2019 1249 2088 ἄνθρωπον
1286 2021 1469 2074 ἐκεῖνα
1492 2021 1757 2074 τελέσασα
1782 2037 1797 2051 ο
1828 2019 1925 2073 καὶ

354 2105 669 2159 ἀποδίδοται
707 2108 806 2175 μὶν
851 2110 994 2161 κατά
1031 2111 1223 2179 καιρὸν
1256 2111 1283 2163 ὁ
1313 2110 1440 2182 χοῦς
1470 2112 1549 2181 τῷ
1572 2109 1680 2182 χοῖ,
1713 2110 1799 2163 ίνα
1833 2111 1926 2163 καὶ

355 2196 469 2248 τῶν
496 2197 722 2267 μακρῷν
750 2198 883 2250 τέως
909 2197 1156 2266 ἀγώνων,
1190 2202 1282 2253 καὶ
1308 2202 1503 2261 πόνων,
1539 2202 1635 2253 καὶ
1663 2200 1925 2268 ίδρώτων,

357 2288 455 2339 καὶ
487 2286 594 2340 τῶν
618 2289 975 2372 παντοδοαπῶν
1002 2292 1316 2363 ἀναπνεύσῃ
1350 2291 1611 2344 κινδύνων
1632 2305 1648 2322 ο
1676 2280 1926 2343 ἀποδίδοὲ

353 2393 447 2428 ται
469 2377 527 2428 δὲ
557 2380 648 2429 καὶ
680 2381 745 2445 τῇ
802 2380 971 2432 εἰκόνι
1019 2383 1078 2433 τὸ
1108 2380 1228 2435 κατ’
1278 2382 1462 2435 εἰκόνι
1514 2381 1838 2451 τρανότερον
1865 2398 1927 2435 τι

356 2470 453 2520 καὶ
500 2468 868 2542 τελεώτερονο
899 2473 960 2525 τὸ
1017 2473 1073 2527 δὲ
1127 2474 1247 2525 κατ’
1295 2473 1489 2534 αὐτοὺς
1523 2472 1711 2540 θαῦμα
1747 2472 1928 2541 πολλῷ

290 2572 323 2635 ί,
360 2561 583 2628 μᾶλλον,
618 2565 710 2615 καὶ
747 2563 866 2615 καθ’
896 2564 1202 2654 ύπερδολφν
1241 2564 1336 2618 νῦν
1378 2564 1710 2634 ὑψηλότερόν
1742 2581 1800 2616 τε
1836 2564 1930 2617 καὶ

360 2653 841 2724 ῦπερφυέστερον⁴⁵
892 2656 975 2709 ὅτι
1023 2653 1142 2709 καὶί
1175 2656 1569 2724 μεταστάντες,
1621 2655 1779 2724 ἡμῶν
1828 2655 1929 2708 οὐκ

361 2746 709 2813 ἀπέστησανο
751 2746 845 2798 καὶ
890 2747 957 2816 τῇ
995 2746 1161 2817 σαρκὶ
1201 2746 1587 2816 χωρισθέντες,
1632 2743 1712 2812 τῷ
1763 2744 1931 2796 πνεύ-

363 2849 493 2901 ματι
540 2833 741 2901 μᾶλλον
777 2834 1150 2905 συνήψθησαν.
1190 2836 1287 2888 καὶ
1319 2835 1559 2888 σύνεισιν
1607 2835 1930 2906 ἀχωρίστως

359 2926 426 2992 τῇ
473 2923 708 2993 Χριστοῦ
743 2924 1063 2997 Ἐκκλησία,
1103 2926 1202 2996 τῆς
1242 2925 1488 2996 μεγάλης
1542 2927 1758 2996 ἐκείνης
1792 2944 1931 2998 προ-

361 3011 611 3073 στασίας,
641 3013 735 3065 καὶ
766 3013 863 3080 τῆς
894 3015 1259 3085 ποιμαντικῆς
1281 3015 1670 3085 κραταιὸτερον
1710 3016 1932 3085 ἀντεχό-

362 3119 541 3171 μενοι,
582 3107 678 3156 καὶ
712 3105 1187 3177 προπολεμοῦντες
1233 3108 1331 3175 τῆς
1382 3108 1639 3176 ποίμνης,
1677 3108 1773 3160 καὶ
1805 3108 1932 3170 τοὶς

360 3197 563 3259 λύκους
596 3199 948 3268 ἀναιροῦντες
972 3198 1216 3261 τελείως,
1252 3198 1345 3260 οὓς
1376 3201 1443 3268 τῇ
1477 3196 1806 3268 καλαύροπι,
1838 3198 1933 3251 καὶ

360 3291 427 3357 τῇ
470 3288 560 3340 τοῦ
586 3287 747 3356 λόγου
775 3290 1033 3360 σφενδόνῃ
1087 3289 1355 3360 παρόντες
1389 3290 1706 3358 ἀπήλαυνον
1738 3292 1935 3359 πρότε-

363 3395 481 3449 ρον,
507 3379 618 3448 ὅσῳ
639 3381 738 3434 καὶ
770 3380 990 3448 φθόνου,
1024 3381 1118 3433 καὶ
1145 3378 1468 3448 βασκανίας,
1504 3384 1600 3434 καὶ
1626 3380 1930 3449 λιθασμῶν,

361 3472 460 3522 καὶ
499 3469 777 3539 διωγμῶν,
810 3472 904 3525 καὶ
935 3472 1256 3541 ὑπερορίας,
1310 3471 1407 3525 καὶ
1452 3470 1700 3526 θανάτων
1730 3487 1933 3524 παντο-

360 3562 552 3613 δαπῶν
580 3560 676 3615 νῦν
705 3560 965 3632 ἀνώτεροι
1021 3561 1447 3632 χρηματίζουσι,
1484 3564 1582 3616 καὶ
1626 3562 1818 3632 δρῶσι,
1858 3562 1934 3632 μὴ

363 3653 693 3721 πάσχοντες,
718 3654 813 3706 καὶ
835 3655 903 3705 τά
932 3653 1071 3724 ὑπὲρ
1095 3648 1257 3721 φύσιν
1290 3653 1493 3722 μᾶλλον
1523 3654 1619 3706 νῦν
1649 3655 1936 3720 γεγονότες

366 3744 653 3807 ἐξανύουσι
681 3743 944 3797 κάλλιστα
982 3743 1066 3796 διὰ
1108 3743 1204 3813 τῆ;
1236 3743 1419 3797 αὐτῶν
1459 3743 1801 3813 ύψηλοτὰτης
1854 3743 1936 3796 δι-

364 3831 663 3895 δυκαλίας
698 3833 791 3884 καὶ
815 3831 921 3885 τῶν
951 3832 1149 3885 κοινῶν
1182 3834 1582 3901 παραινέσεων.
1618 3833 1728 3885 Καὶ
1760 3835 1790 3902 ἡ
1837 3833 1936 3900 μὲν

367 3923 581 3990 γλῶττα
604 3924 751 3992 σιγᾷ,
775 3922 950 3976 καὶτὰ
964 3923 1143 3991 χρυσᾶ
1163 3920 1303 3974 κατὰ
1326 3920 1490 3991 φύσιν
1510 3920 1723 3991 μέμυκε
1745 3921 1897 3991 χείλη
1917 3936 1934 3955 ο

366 4016 439 4066 τά
468 4014 512 4065 δ’
536 4013 657 4080 ίερά
687 4012 912 4077 πυκτία,
941 4016 1033 4066 καὶ
1062 4014 1113 4065 oi
1144 4013 1489 4065 θεόπνευστοι
1516 4013 1689 4081 λόγοι,
1717 4013 1938 4067 καὶτῶν

369 4109 497 4174 περὶ
531 4105 668 4158 Θεοῦ
694 4104 982 4173 δογμάτων
1015 4104 1063 4157 oi
1096 4092 1299 4168 ζῶντές
1329 4104 1423 4156 καὶ
1466 4102 1703 4174 ἔμψυχοι
1736 4104 1941 4173 θησαυ-

370 4198 478 4267 ροὶ,
501 4197 596 4248 καὶ
619 4196 679 4249 τὸ
703 4195 995 4263 γινώσκειν
1026 4194 1323 4265 δρθοδόξως
1358 4194 1526 4249 αὑτοῦ
1563 4194 1661 4265 τὴν
1683 4195 1940 4266 θεότητα,

370 4288 518 4356 ἅπερ
543 4289 674 4355 ἡμῖν
704 4287 779 4348 ὡς
826 4285 1029 4353 κλῆρός
1054 4302 1139 4348 τις
1178 4285 1447 4355 πατρικὸς
1496 4287 1591 4338 καὶ
1638 4287 1942 4355 ὑπέρτιμος

370 4380 664 4432 ὑπἀύτῶν
694 4378 1042 4446 κατελείφθη,
1076 4377 1149 4439 ὡς
1179 4378 1242 4428 ὲκ
1274 4376 1487 4447 μυρίων
1534 4376 1635 4448 βοᾷ
1680 4377 1941 4444 γλωσσῶν

2021 574 2370 638 mansissent,
2401 584 2454 629 et
2478 589 2619 628 novo
2652 585 2902 641 portento
2938 575 3044 627 vita
3081 574 3297 625 illorum
3345 572 3411 625 ad
3439 586 3592 625 com-

2022 676 2242 715 munem
2273 661 2510 717 fructum
2554 678 2678 717 cum
2711 663 3062 717 universitate
3105 662 3203 713 hae.
3245 676 3408 728 supra
3440 669 3591 714 natu—

2020 766 2095 805 rte
2148 766 2368 805 cursum
2416 753 2742 815 dttravisset,
2789 751 3249 821 quemadmodum
3295 752 3491 803 emittm
3538 760 3591 803 et

2020 841 2124 907 soi,
2148 850 2204 895 et
2233 842 2480 911 reliquus
2505 842 2593 896 ille
2629 842 2868 897 siderum
2896 843 3119 901 chorus.
3155 850 3249 895 aut
3276 855 3594 909 magnorum

2020 929 2219 985 horum
2262 946 2552 997 corporum
2587 931 2992 1000 quaternarius,
3046 948 3143 1000 per
3172 948 3293 999 quas
3340 940 3591 986 creatura

2023 1019 2139 1074 hare
2186 1023 2289 1074 sub
2350 1037 2573 1076 sensum
2632 1032 2691 1077 et
2757 1032 3035 1090 aspectum
3089 1023 3290 1076 cadens
3350 1022 3592 1091 potentia

2024 1111 2328 1165 conditoris
2351 1112 2610 1176 cubreret,
2636 1123 2692 1167 et
2715 1113 2851 1167 citra
2887 1113 3215 1167 solutionem
3248 1112 3593 1166 custoditur:

2023 1210 2118 1254 aut
2168 1203 2348 1255 anima
2390 1204 2633 1271 quaedam
2683 1203 3011 1269 communis,
3043 1210 3096 1256 et
3131 1203 3310 1256 vitalis
3355 1201 3594 1254 universi
3656 1194 3667 1201 ’

2024 1292 2237 1357 virtus;
2275 1292 2378 1347 hoc
2409 1303 2463 1347 et
2506 1293 2659 1345 nol-is
2709 1293 3060 1353 conduceret,
3091 1293 3135 1345 si
3179 1292 3308 1361 quid
3352 1291 3494 1344 aliud
3532 1306 3596 1342 ex

2024 1382 2305 1443 onmihus,
2359 1383 2552 1449 quavis
2610 1382 2970 1435 a‘stintatione
3032 1383 3230 1447 majus,
3281 1392 3335 1434 et
3393 1397 3599 1445 magna:

2025 1472 2384 1542 providentia:
2439 1486 2502 1525 ac
2529 1474 2717 1527 virtuti
2751 1473 3112 1538 omnipotenti
3139 1483 3596 1526 consentaneum.

2026 1561 2131 1617 Sed
2164 1562 2422 1630 quoniam
2456 1572 2513 1616 et
2564 1563 2616 1616 hi
2651 1562 2899 1615 homines
2935 1562 3046 1615 nati
3094 1571 3273 1618 erant.
3318 1576 3417 1614 nec
3451 1570 3600 1628 pote-

2028 1660 2145 1704 rant
2179 1661 2384 1705 naturte
2441 1653 2611 1720 legem
2651 1651 2911 1722 ell‘ngere,
2963 1668 3064 1706 nec
3117 1653 3389 1721 puiwrem
3440 1661 3600 1704 terra!

2027 1756 2134 1794 non
2173 1740 2427 1802 reddere,
2475 1743 2722 1796 debitqu
2781 1743 3122 1812 perSolvunt,
3176 1759 3243 1796 ne
3292 1742 3597 1797 substantia

2026 1831 2274 1901 quaedam
2306 1848 2336 1886 a
2389 1834 2630 1889 materiae
2687 1836 3040 1890 concretione
3074 1834 3269 1899 libera,
3322 1849 3386 1887 ac
3442 1849 3602 1903 pere-

2025 1924 2207 1993 grina.
2264 1924 2426 1979 nobis
2485 1936 2695 1979 tantum
2764 1927 3060 1981 assimilata
3112 1928 3423 1991 v’deantur,
3477 1941 3601 1995 quae

2028 2031 2165 2068 neva
2198 2016 2286 2068 illa
2334 2025 2388 2068 et
2421 2016 2660 2072 hominis
2714 2029 2934 2087 captum
2992 2018 3309 2073 evcedentia
3360 2028 3600 2085 praestet,

2026 2106 2383 2174 redditurquc
2413 2122 2513 2161 suo
2540 2117 2783 2175 tempore
2807 2111 2982 2177 pulvis
3009 2110 3216 2177 pulveri
3246 2149 3260 2171 ,
3293 2118 3349 2160 ttt
3381 2107 3601 2159 tandem

2025 2208 2056 2248 a
2116 2193 2390 2247 diuturnis
2455 2196 2742 2265 agonibus,
2802 2197 3105 2261 laboribus,
3172 2195 3491 2256 sudoribus,
3545 2205 3604 2249 et

2026 2296 2189 2335 omne
2247 2297 2419 2352 genus
2472 2284 2730 2352 periculis
2773 2285 3022 2349 respiret,
3073 2294 3126 2338 et
3187 2285 3428 2355 itnagini'
3459 2285 3602 2353 quod

2027 2370 2131 2426 fuit
2157 2373 2458 2426 secundum
2514 2374 2803 2443 imaginem
2840 2376 3030 2443 purius
3075 2374 3477 2445 perfectiusque
3514 2392 3605 2429 re-

2027 2463 2295 2518 stituitur.
2347 2464 2617 2519 therum
2689 2467 3082 2521 admirabilitas
3150 2467 3391 2533 ip-orum
3460 2482 3606 2521 nunc

2028 2554 2184 2625 longe
2236 2557 2408 2626 major
2452 2567 2507 2610 et
2558 2559 2786 2611 nimium
2851 2560 3008 2613 miris
3090 2558 3265 2613 modis
3319 2557 3608 2612 sublimior

2027 2654 2190 2714 atque
2232 2649 2589 2703 excellentior
2619 2659 2723 2703 est.
2776 2649 2910 2703 Nam
2946 2650 3196 2719 quamvis
3248 2649 3376 2703 hinc
3432 2648 3607 2702 denti-

2029 2738 2326 2807 graverint,
2355 2755 2460 2792 non
2502 2749 2683 2794 tamen
2732 2757 2760 2794 a
2798 2741 2959 2796 nobis
2989 2740 3381 2806 discesserunt,
3411 2755 3609 2810 corpu.

2031 2826 2292 2896 ribusque
2339 2830 2594 2899 separati,
2638 2830 2836 2900 spiritu
2884 2833 3093 2886 arctius
3142 2831 3427 2885 nobiscum
3474 2846 3609 2883 eon-

2026 2920 2380 2990 jnngutttur,
2462 2922 2839 2993 Ecclesiarque
2908 2923 3113 2979 Christi
3172 2923 3609 2990 inseparabiliter

2032 3009 2256 3076 adsunt,
2293 3027 2541 3083 magnam
2585 3015 2731 3068 illam
2776 3023 2832 3069 et
2871 3015 3200 3084 pastoralem
3260 3013 3601 3084 provinciam

2035 3106 2272 3161 validius
2320 3106 2771 3173 complectentes,
2812 3116 2867 3162 et
2921 3123 3021 3178 pro
3070 3122 3232 3178 grege
3264 3107 3607 3169 dimicantes,

2034 3208 2091 3251 et
2118 3197 2276 3267 lupos
2303 3197 2544 3267 perfecte
2592 3198 2906 3253 occidentes
2940 3200 3100 3267 (quos
3139 3198 3313 3268 prius,
3357 3183 3486 3251 dum
3520 3196 3611 3248 hic

2034 3288 2303 3354 viverent,
2328 3288 2589 3358 pastorali
2658 3290 2852 3343 baculo
2884 3297 2940 3344 et
2970 3289 3138 3343 funda
3183 3288 3453 3342 sermonis
3494 3285 3611 3340 abi-

2032 3364 2514 3450 gebant),quando
2558 3387 2614 3434 et
2643 3379 2869 3441 invidia,
2906 3389 2961 3435 et
2992 3381 3351 3451 malignitate,
3381 3389 3437 3434 et
3471 3379 3611 3447 lapi-

2033 3468 2366 3533 dationibus,
2395 3476 2451 3524 et
2477 3469 2973 3539 persecutionibus,
3013 3480 3068 3525 et
3097 3470 3309 3532 exsilio,
3339 3478 3393 3523 et
3418 3469 3612 3521 morti-

2035 3559 2139 3614 bus
2186 3560 2491 3630 omnigenis
2526 3560 2688 3615 modo
2721 3560 3040 3630 superiores
3091 3560 3372 3624 dicuntur,
3432 3567 3489 3614 et
3521 3560 3604 3615 fa-

2036 3654 2211 3717 ciunt,
2256 3666 2360 3706 nec
2389 3651 2703 3720 patiuntur,
2734 3661 2787 3706 et
2817 3666 2937 3720 quae
2971 3637 3134 3720 supra
3169 3659 3418 3703 naturam
3452 3658 3607 3716 sunt,

2038 3756 2128 3797 res
2157 3742 2625 3812 praeclarissimas,
2669 3742 2773 3812 ipsi
2812 3751 3064 3796 naturam
3114 3741 3459 3809 transgressi.
3501 3756 3601 3810 per

2037 3834 2483 3890 sublimissimam
2536 3832 2842 3888 doctrinam
2892 3848 3046 3887 suam
3095 3840 3150 3887 et
3202 3831 3604 3888 admonitiones

2039 3940 2361 4003 communes
2391 3941 2539 3979 nunc
2561 3927 2736 3996 magis
2762 3926 3027 3981 efﬁciunt.
3060 3924 3138 3979 Ac
3168 3924 3352 3995 lingua
3384 3924 3608 3994 quidem

2039 4015 2183 4079 silet,
2228 4023 2283 4069 et
2317 4030 2482 4069 aurea
2540 4015 2683 4070 labia
2749 4027 2942 4070 natura
3001 4014 3197 4071 clausit
3251 4033 3264 4068 :
3326 4016 3463 4069 sacri
3506 4031 3607 4077 an-

2040 4117 2146 4162 tem
2189 4106 2592 4173 commentarii,
2625 4115 2677 4161 et
2708 4108 2982 4160 orationes
3030 4121 3061 4160 e
3114 4106 3301 4161 divino
3345 4106 3605 4161 instinctu

2040 4199 2315 4268 prolectat,
2366 4198 2802 4269 dogmatumque’
2844 4198 2911 4252 de
2946 4198 3055 4253 Deo
3104 4200 3210 4251 vivi
3274 4209 3329 4253 ct
3385 4199 3610 4253 animati

2043 4287 2307 4349 thesauri,
2342 4298 2399 4341 et
2443 4287 2745 4341 orthodoxa
2802 4288 3110 4342 divinitatis
3163 4290 3288 4356 ejus
3345 4290 3606 4357 cognitio,

2042 4392 2163 4446 quae
2195 4385 2255 4429 ut
2304 4377 2762 4446 pretiosissimum
2815 4377 3203 4446 patrimonium
3262 4378 3421 4431 nobis
3482 4378 3613 4432 reli-

368 4490 424 4524 τε
465 4474 560 4525 καὶ
614 4474 897 4539 στομάτων
947 4470 1409 4532 ἀκαταπαύστως.
1450 4472 1560 4523 Καὶ
1590 4469 1721 4533 ζῶσι
1755 4472 1853 4539 μὲν
1880 4472 1931 4523 ὲν

2043 4478 2302 4538 querunt,
2342 4469 2827 4524 innutnorabil‘um
2868 4470 3070 4541 linguis
3094 4479 3150 4525 et
3177 4485 3272 4525 ore
3312 4474 3610 4525 decantan-

369 4563 592 4631 Χριετῷ
623 4562 719 4630 τὴν
757 4561 1035 4631 μακαρίαν
1056 4562 1269 4629 ἐκείνην
1297 4560 1442 4629 ζωὴν
1464 4562 1561 4614 καὶ
1593 4560 1897 4629 ἀνώλεθρον
1918 4575 1934 4591 ·

369 4654 505 4718 ζῶσι
539 4653 595 4705 δὲ
631 4654 722 4704 καὶ
756 4652 884 4720 παρ’
936 4653 1067 4721 ἡμῖν
1105 4649 1354 4704 ἐντεῦθεν
1403 4649 1716 4715 λαλοῦντες,
1769 4649 1943 4702 καθά-

370 4763 478 4816 περ
520 4744 695 4810 εἷπον,
745 4746 842 4798 καὶ
883 4745 1221 4814 τὸνκόσμον
1265 4744 1406 4814 μετά
1459 4742 1696 4814 Χριστοῦ
1736 4742 1941 4808 σώζον-

365 4857 483 4901 τις.

439 4932 611 5004 Δεῦρο
656 4931 740 5001 δὴ,
782 4929 1138 4997 περιστάντες
1190 4942 1258 4996 με
1294 4928 1401 4990 πᾶς
1444 4928 1472 4980 ὁ
1521 4928 1652 4998 περὶ
1697 4925 1942 4989 ἐκείνους

370 5023 523 5091 φίλος
559 5023 741 5091 χόρος,
794 5019 1204 5091 συνεργάσασθέ
1243 5035 1335 5088 μοι
1392 5018 1491 5087 τὴν
1544 5017 1854 5086 εὐφημίαν·
1889 5019 1938 5069 οἱ

370 5102 633 5182 ποιμένες
666 5114 795 5173 τοὺς
846 5114 1111 5178 ποιμένας
1146 5108 1502 5170 ἐπαινοῦντες
1536 5108 1631 5160 καὶ
1680 5107 1935 5160 διδασκά-

369 5207 499 5267 λους
523 5221 537 5233 ·
570 5205 620 5258 oi
643 5206 769 5272 περὶ
795 5204 855 5255 τὸ
882 5203 1054 5272 βῆμα,
1085 5202 1179 5254 καὶ
1200 5200 1300 5270 τὴν
1333 5200 1485 5270 ἱερὰν
1511 5197 1820 5269 τράπεζαν,
1848 5198 1941 5251 καὶ

368 5298 472 5364 τὴν
501 5295 864 5365 λειτουργίαν,
895 5295 1017 5354 τοὺς
1054 5294 1153 5362 τῆς
1184 5292 1394 5356 τάξεως
1442 5291 1665 5358 ταύτης,
1703 5290 1799 5342 καὶ
1829 5288 1941 5341 τῶν

373 5388 536 5458 ἱερῶν
560 5387 734 5457 εὐχῶν
768 5384 1045 5455 ἀρχηγούς
1092 5400 1152 5437 τε
1192 5384 1288 5435 καὶ
1335 5380 1631 5451 νομοθέτας
1658 5395 1673 5409 °
1704 5380 1755 5431 οἱ
1790 5379 1939 5447 φιλό-

374 5495 551 5547 σοφοι,
578 5479 673 5531 καὶ
700 5477 874 5544 σοφοὶ,
906 5477 1002 5528 καὶ
1047 5474 1400 5535 διαλεκτικοὶ,
1446 5471 1542 5524 καὶ
1584 5470 1937 5539 λογογράφοι,

373 5572 472 5624 καὶ
504 5572 749 5639 ῥήτορες,
780 5569 877 5635 τήν
903 5582 962 5618 τε
1013 5565 1237 5635 πρώτην
1269 5564 1365 5616 καὶ
1404 5562 1687 5630 ἀνωτάτην
1722 5561 1936 5627 σοφίαν,

373 5660 473 5712 καὶ
524 5658 589 5728 δὴ
641 5656 739 5710 καὶ
771 5654 866 5725 τὴν
905 5652 1277 5722 ἀνθρωπίνην,
1310 5652 1405 5703 καὶ
1447 5650 1597 5703 κάτω
1644 5648 1940 5710 ἀσκοῦντες

374 5754 498 5813 τοὺς
540 5748 742 5803 τούτων
782 5744 1048 5816 ἀσκητὰς,
1098 5745 1195 5799 καὶ
1236 5743 1511 5815 τεχνίτας,
1544 5745 1641 5795 καὶ
1699 5743 1937 5811 καθηγε-

2045 4566 2156 4612 tur.
2198 4558 2399 4613 Vivum
2449 4558 2669 4627 quidem
2712 4559 2788 4613 illi
2846 4559 2901 4613 in
2959 4559 3178 4615 Christo
3240 4561 3404 4615 vitam
3463 4562 3609 4614 illam

2044 4648 2278 4709 beatam.
2318 4649 2388 4702 ab
2416 4648 2567 4704 omni
2607 4649 2831 4705 interitu
2867 4660 3131 4704 semotam
3167 4667 3182 4703 :
3226 4652 3416 4705 vivunt
3468 4651 3614 4703 nihi-

2041 4735 2283 4790 lominus
2303 4738 2442 4807 apud
2474 4753 2576 4791 nos
2605 4753 2822 4807 quoque
2849 4739 2938 4791 hic
2965 4738 3271 4803 loquentes,
3305 4747 3365 4792 ut
3387 4738 3523 4800 dixi,
3551 4744 3610 4790 et

2044 4827 2306 4880 mundum
2347 4842 2469 4881 cum
2502 4826 2723 4882 Christo
2754 4828 2958 4881 salvum
2993 4835 3337 4895 praestantes.

2109 4917 2375 4986 Agedum,
2426 4926 2573 4971 totus
2628 4916 2847 4970 illorum
2896 4930 3083 4969 amans
3119 4915 3324 4969 chorus
3370 4930 3456 4970 me
3497 4917 3608 4970 circ

2041 5007 2348 5069 cuntsistat,
2384 5006 2585 5074 detque
2636 5020 2849 5059 mecum
2890 5005 3109 5059 illorum
3167 5007 3422 5061 laudibus
3472 5022 3608 5074 one-

2044 5112 2181 5150 rant.
2204 5097 2307 5162 Qui
2348 5107 2596 5166 pastores
2622 5095 2775 5154 estis.
2810 5104 3057 5163 pastores
3078 5107 3132 5149 et
3159 5097 3444 5165 magistros
3466 5099 3612 5152 cele-

2043 5192 2301 5253 brantes;
2355 5188 2449 5258 qui
2497 5189 2552 5242 in
2597 5188 2840 5242 sacrario
2900 5188 3217 5251 versamini,
3248 5196 3305 5241 et
3350 5188 3403 5241 in
3454 5202 3610 5242 sacra

2042 5298 2227 5337 mensa
2296 5281 2630 5350 operamini;
2689 5274 2855 5350 hujus
2931 5279 3141 5334 ordinis
3216 5294 3610 5349 sacraruntque

2002 5374 2015 5385 “
2043 5372 2412 5443 ριίοιιιὶυηιιηι
2468 5372 2744 5441 principes
2776 5386 2839 5427 ac
2868 5381 3228 5440 praeceptores
3256 5389 3269 5424 :
3296 5370 3604 5440 philosophi

2041 5472 2099 5517 et
2125 5464 2423 5533 sapientes,
2457 5461 2729 5515 dialectici
2789 5470 2848 5515 et
2895 5460 3211 5528 scriptores,
3242 5469 3299 5513 et
3336 5470 3605 5523 oratores,

2040 5555 2246 5625 quique
2294 5553 2523 5622 primam
2584 5562 2641 5606 et
2684 5551 3028 5613 altissimam,
3070 5551 3272 5619 quique
3312 5551 3608 5604 humanam

2040 5656 2097 5703 et
2129 5645 2444 5701 inferiorem
2494 5642 2815 5713 sapientiam
2864 5641 3077 5705 colitis;
3113 5640 3306 5694 horum
3340 5642 3607 5695 exercita-

2043 5749 2190 5797 tores
2223 5748 2280 5794 et
2310 5737 2573 5802 artiﬁces,
2608 5745 2664 5789 et
2696 5734 2885 5799 duces,
2928 5745 2980 5787 et
3011 5733 3263 5789 excelsus
3295 5735 3603 5805 magistros,
