3862 6218
268 365 379 431 839
1741 359 2074 424 NOTITIA.
3422 356 3528 420 $30

274 480 516 537 tumultu
541 476 807 535 intestino
830 473 1235 534 Thessalonicae
1255 477 1319 533 A.
1346 476 1410 533 C.
1447 476 1609 532 1515.
1640 475 1743 531 sub
1774 475 2011 542 imperio
2032 473 2260 530 Joannis
2286 468 2655 529 Cantacuzeni
2697 469 3000 540 perierunt.
3029 470 3213 527 Curre
3246 476 3301 525 et
3338 466 3528 524 Latine

272 577 454 623 exstat
483 567 626 622 inter
655 565 951 633 scriptores
998 572 1121 633 post
1148 563 1540 631 Theophanem
1599 561 1651 614 in
1703 576 1934 630 corpore
1967 561 2211 616 historiae
2252 561 2565 631 Byzantina:
2586 604 2599 622 ,
2634 577 2689 629 p.
2722 560 2960 616 585592
2993 559 3072 631 [p.
3105 560 3232 619 517,
3270 573 3380 612 see.
3419 566 3528 625 eat.

271 655 412 711 bibl.
443 652 593 710 Leid.
628 670 682 718 p.
704 654 831 719 2-21,
856 668 913 707 ιι.
940 651 1055 723 56],
1086 652 1285 706 edente
1314 650 1607 705 Francisco
1632 648 1868 704 Combefi

1975 690 1989 715 ,
2040 649 2215 704 Paris.
2252 648 2392 702 11185
2412 647 2506 703 fol.
2542 648 2750 717 (FABR.)
2775 647 2932 701 Conf.
2977 662 3166 713 supra,
3192 646 3299 698 vol.
3338 643 3528 711 \'Il,p.

273 745 403 806 685,
432 762 490 799 ιι.
520 747 573 809 8,
603 745 791 814 ibique
821 752 936 797 not.
973 742 1028 797 b.
1063 771 1135 782 ——
1175 740 1428 794 Monodia
1463 739 1516 793 in
1550 738 1675 793 cod.
1718 738 1868 793 Paris

1975 738 2091 802 115,
2126 753 2185 792 ιι.
2209 738 2300 802 58,
2334 738 2470 793 bibl.
2514 738 2664 807 publ.
2688 767 2759 809 τ·
2796 738 2994 792 Ιίιιάειιι
3043 737 3097 789 in
3140 734 3264 790 cod.
3299 733 3527 789 Coislin.

274 830 405 898 515,
439 833 532 888 fol.
559 832 684 887 770.
713 831 779 886 ιι.
813 828 1109 886 hlantfauc.
1137 827 1277 883 Bibl.
1305 826 1468 882 Coisl.
1504 842 1558 896 p.
1588 826 1713 880 429.
1746 826 1966 894 (ΗΑιιι.)

349 924 405 978 5.
439 921 913 989 Συμόουλευτικός
934 936 946 949 ·
972 916 1154 972 Oratio
1177 917 1247 969 ad
1280 915 1487 971 Gra'ws
1532 914 1881 969 deliberativa
1916 914 1984 974 de
2016 915 2283 985 periculo,
2317 914 2461 984 quod
2497 932 2525 969 a
2549 914 2854 970 Turcorum
2887 922 3139 983 potentia
3169 922 3230 967 et
3261 912 3390 965 odio
3420 912 3533 966 illis

276 1016 411 1064 tunc
438 1009 778 1070 imminebat,
806 1015 861 1060 et
901 1006 967 1059 de
992 1004 1169 1058 modis
1205 1003 1309 1058 hoc
1342 1002 1629 1058 avertendi
1665 1003 1854 1071 illique
1904 1002 2232 1057 occurrendi
2265 1019 2363 1072 per
2394 1002 2744 1072 concordiam
2791 1017 2913 1055 cum
2956 1000 3186 1060 Latinis.
3228 1014 3530 1068 eorumque

272 1096 612 1155 subsidium.
643 1109 748 1148 nec
776 1107 880 1146 non
912 1107 1008 1161 per
1035 1090 1232 1145 fortem
1279 1091 1646 1145 constantiam
1696 1097 1752 1143 et
1788 1099 2005 1143 cautam
2031 1090 2318 1144 virtutem.
2376 1090 2590 1159 Scripta
2632 1091 2747 1143 haec
2773 1089 2970 1151 oratio,
3017 1087 3262 1158 proiecto
3303 1086 3526 1140 Romam

275 1184 636 1254 imperatore,
667 1188 751 1235 est
773 1180 983 1234 Joanne
1013 1179 1338 1249 Palteologo,
1363 1194 1472 1231 non
1495 1176 1762 1231 Manuelis
1784 1175 1845 1231 F.
1877 1185 1937 1229 ut
1960 1175 2140 1228 visum
2175 1173 2527 1237 Combetisio,
2554 1190 2608 1243 p.
2665 1175 2823 1240 l28l,
2879 1190 3042 1244 quem
3087 1182 3411 1241 sequuntur.
3447 1168 3536 1225 Bi-

276 1276 549 1328 bﬁothecrr
576 1273 802 1328 Patrum
822 1275 988 1345 Lugd.
1026 1276 1290 1337 editores,
1317 1285 1355 1330 t.
1390 1275 1582 1338 XXVI,
1623 1291 1680 1344 p.
1724 1274 1820 1328 551
1858 1272 1923 1338 1),
1977 1270 2073 1326 sed
2117 1270 2228 1325 ﬁlio
2257 1272 2559 1327 ΑιιιΙτοιιίρι
2593 1272 2876 1340 Palaeologi
2901 1310 2915 1327 .
2942 1268 3139 1324 Joanu.
3166 1265 3532 1324 Cantacuzetrl

276 1372 504 1430 genero,
541 1360 700 1430 cujus
731 1362 1123 1429 professionem
1149 1362 1296 1426 lldei,
1324 1377 1454 1416 anu.
1481 1360 1610 1416 Chr.
1646 1360 1783 1415 1569
1823 1362 2009 1416 Romae
2040 1360 2266 1424 editam,
2302 1364 2365 1416 ad
2396 1362 2673 1418 Urbanum
2705 1361 2745 1415 V
2776 1360 3005 1413 exhibet
3035 1357 3266 1412 AllatiUs
3293 1357 3434 1409 libro
3464 1371 3524 1417 ιι,

282 1449 363 1503 De
402 1466 658 1504 consensa
679 1451 953 1520 utriusque
987 1450 1254 1513 Ecclesiae,
1285 1466 1336 1504 c.
1371 1449 1456 1510 1'7,
1491 1465 1545 1519 p.
1569 1448 1674 1503 845
1709 1465 1791 1518 sq.
1828 1448 2015 1504 Gra'ce
2038 1459 2095 1504 et
2128 1450 2344 1506 Latine.
2376 1452 2636 1506 Demetrii
2667 1464 2799 1503 vero
2820 1449 2991 1509 illam,
3024 1460 3187 1515 quam
3216 1445 3327 1498 dixi
3356 1486 3369 1504 ,
3410 1458 3537 1497 ora-

279 1537 486 1591 tionem
516 1546 746 1606 utraque
790 1538 973 1606 lingua
1006 1537 1179 1591 edidit
1220 1535 1579 1591 Combclisius
1611 1543 1742 1589 to'n.
1774 1535 1814 1588 ll
1853 1561 1868 1589 λ

1975 1539 2095 1591 tarii
2151 1540 2291 1603 novi,
2319 1556 2373 1605 p.
2418 1538 2747 1593 12214281.
2801 1537 2996 1603 Incipit
3033 1552 3045 1587 :
3078 1533 3302 1601 Πρῶτον
3336 1532 3454 1599 μὲν,
3490 1525 3538 1584 ὦ

242 1642 246 1645 ·
277 1624 497 1692 ἄνδρες.
533 1621 725 1678 Latine
758 1639 821 1678 ex
846 1623 1158 1677 Combelisii
1215 1610 1468 1676 versione
1518 1630 1700 1676 exstat
1751 1632 1861 1676 tom

1975 1624 2089 1680 {XV
2138 1625 2273 1680 Bibl.
2321 1625 2547 1680 Patrum
2576 1625 2742 1696 Lugd.
2797 1640 2847 1691 p.
2897 1624 3027 1678 515.
3076 1620 3289 1687 (ῈΑΒιι.)
3322 1621 3378 1672 In
3409 1621 3533 1674 cod.

273 1708 511 1765 Coislin.
537 1710 661 1773 515,
692 1710 785 1763 fol.
815 1710 939 1775 650,
963 1719 1102 1764 orat.
1146 1725 1174 1762 a
1227 1708 1475 1763 Fabricio
1503 1709 1689 1773 citata,
1721 1718 1776 1764 et
1805 1710 1868 1763 fol

1975 1712 2052 1773 19,
2094 1710 2564 1778 Συμῆουλευτικὸς
2598 1712 2665 1781 β’.
2729 1712 2843 1765 Inc.
2897 1710 3047 1761 Ἔδει
3084 1710 3216 1777 μὲν,
3261 1700 3305 1759 ὦ
3341 1706 3537 1773 ἄνδρες

288 1795 576 1864 Ῥωμαῖοι,
608 1797 682 1867 μὴ
715 1799 839 1866 περὶ
870 1798 1147 1850 τοιούτων.
1187 1794 1246 1849 ν.
1287 1794 1584 1866 Honlfanc.
1618 1796 1655 1849 I.
1682 1814 1731 1850 c.
1760 1812 1814 1865 p.
1845 1799 1868 1851 4

2006 1798 2342 1853 ——Floreu‘t.
2376 1800 2428 1853 in
2473 1798 2598 1853 cod.
2624 1798 2757 1853 bibl.
2795 1797 3051 1851 Laurent.
3089 1794 3216 1849 cod.
3254 1794 3343 1853 51,
3389 1809 3445 1847 ιι.
3476 1792 3531 1846 5.

275 1883 398 1938 Inc.
435 1883 653 1953 Πρῶτον
682 1885 813 1953 μέν.
845 1885 909 1939 ν.
948 1883 1175 1938 Βλκυςιι.
1203 1884 1323 1939 Cat.
1358 1884 1485 1939 cod.
1516 1882 1612 1938 Gr.
1654 1883 1823 1940 Laur.
1857 1885 1868 1939 l

1975 1900 2011 1939 ι.
2050 1885 2177 1942 512.
2212 1918 2285 1939 .-
2330 1886 2507 1942 Paris.
2544 1887 2597 1941 in
2630 1885 2768 1941 bibl.
2799 1884 2928 1940 cod.
2965 1883 3124 1946 1215,
3152 1898 3209 1935 ιι.
3249 1880 3319 1934 52
3352 1889 3408 1935 et
3440 1880 3532 1942 55,

274 1970 399 2024 hanc
421 1984 484 2024 ac
517 1985 756 2039 sequens
793 1981 934 2025 orat.
967 1969 1183 2039 (11,ιιιι..ὶ

354 2057 407 2111 4.
446 2058 523 2111 De
552 2057 832 2128 Gallipoli,
876 2060 1119 2113 claustro
1161 2058 1490 2113 Chersonesi
1520 2066 1571 2112 et
1603 2056 1850 2115 Thraciae
1883 2060 2091 2130 (quam,
2123 2075 2254 2115 ann.
2297 2058 2459 2125 1557,
2506 2061 2611 2129 iam
2644 2076 2672 2114 a
2702 2059 2899 2113 Turcis
2937 2067 3150 2127 captam
3187 2058 3254 2123 (c)
3293 2072 3399 2110 non
3439 2054 3533 2109 diu

276 2155 407 2214 post
426 2147 629 2201 virtute
660 2147 889 2199 aliorum
921 2145 1091 2198 Gneei
1123 2146 1492 2212 receperant).
1528 2161 1630 2197 non
1660 2147 1919 2200 tradenda
1941 2147 2161 2214 Murali,
2193 2165 2311 2203 eam
2340 2164 2441 2219 pro
2474 2163 2607 2218 pace
2630 2148 2856 2216 petenti.
2891 2147 3087 2216 Incipit
3118 2164 3131 2199 :
3165 2146 3312 2197 Ἔδει
3336 2144 3459 2212 μὲν,
3488 2137 3536 2196 ὧ

278 2239 495 2307 ἄνδρες,
532 2238 716 2294 διξερε
744 2249 797 2292 et
826 2238 1012 2293 Latine
1045 2238 1097 2290 in
1143 2247 1274 2291 tom.
1298 2238 1339 2291 Il
1379 2239 1614 2291 Ancturii
1650 2241 1768 2293 novi
1809 2239 2217 2305 Combetisiani,
2247 2257 2299 2311 p.
2328 2243 2651 2297 IQSl-ISIS.
2688 2243 2754 2296 Et
2782 2242 2975 2295 Latine
3007 2251 3139 2293 tom.
3172 2238 3343 2293 XXVI
3393 2235 3532 2291 Bibl.

287 2326 528 2391 Patrum,
559 2342 615 2396 p.
648 2326 770 2380 5'25.
807 2326 1019 2396 (ΡΔΒιι.)
1047 2326 1147 2379 Ms.
1174 2326 1227 2379 in
1263 2324 1421 2380 Codd.
1454 2325 1683 2382 Coislitt.
1723 2328 1868 2382 Paris

1975 2370 1979 2380 .
2008 2327 2293 2393 Laurent.,
2329 2330 2394 2382 ad
2421 2346 2476 2383 ιι.
2504 2329 2536 2384 5
2560 2330 2763 2384 citatis.
2801 2328 3031 2398 (ΗΑιιι.)

357 2422 403 2475 5.
440 2421 573 2490 Περὶ
599 2419 689 2471 τοῦ
714 2420 1081 2488 καταφρονεῖν
1135 2418 1224 2469 τὸν
1249 2418 1475 2470 θάνατον
1505 2417 1603 2485 (d),
1661 2418 1733 2470 De
1765 2436 1868 2471 mor

1975 2424 2354 2473 contemnenda
2390 2420 2586 2484 oratio,
2640 2437 2804 2490 quam
2855 2419 3044 2474 Latine
3075 2421 3240 2475 vertit
3291 2417 3535 2488 Raphael

282 2509 525 2564 Scilerus
546 2507 915 2577 A-gustanus,
946 2516 1004 2560 et
1032 2523 1098 2559 ex
1134 2505 1213 2558 lo.
1249 2507 1366 2560 Jac.
1405 2504 1632 2575 Fuggcri
1664 2504 2003 2561 bibliothrca
2035 2523 2160 2562 cum
2201 2508 2433 2562 Hermia:
2476 2509 2740 2565 irrisione
2780 2511 3017 2578 primum
3049 2509 3223 2563 edidit
3250 2508 3437 2563 Graece
3472 2516 3531 2561 et

279 2594 475 2651 Latine
528 2592 685 2648 Basil.
758 2594 914 2658 1553,
962 2592 1015 2647 8.
1069 2592 1265 2662 Incipit
1310 2613 1324 2648 :
1370 2594 1473 2647 Τὸν
1506 2596 1605 2663 τῆς
1634 2595 1811 2663 ψυχῆς
1842 2596 1868 2647 ά

1997 2595 2088 2647 τοῦ
2128 2595 2382 2663 σώματος
2436 2598 2737 2666 χωρισμόν.
2767 2598 3133 2669 Hieronymus
3163 2596 3410 2659 Wolfius,
3436 2598 3530 2665 qui

279 2698 410 2737 ann.
445 2680 581 2737 l577
610 2691 767 2738 notas
805 2682 1035 2748 addidit,
1064 2690 1298 2737 testatur
1322 2681 1377 2735 in
1412 2682 1538 2737 cod.
1578 2683 1714 2738 bibl.
1742 2682 2092 2753 Foggeriaue
2117 2684 2394 2739 exstitisse
2425 2686 2670 2739 libellum
2705 2684 2954 2755 ejusdem
2975 2685 3279 2753 argumenti
3306 2692 3531 2739 auctore

278 2770 555 2834 Nemi-sio,
586 2770 855 2838 Νεμεαίου
889 2769 1067 2835 λόγος,
1105 2770 1181 2832 ὡς
1205 2770 1403 2838 ἄλογός
1438 2770 1588 2823 ἐστιν
1613 2772 1640 2821 ὁ
1672 2771 1868 2825 θανάτο

1975 2769 2130 2835 νόσος,
2178 2785 2210 2825 c
2253 2787 2368 2841 quo
2401 2788 2591 2843 magna
2637 2788 2765 2842 pars
2805 2772 2968 2841 hujus
2991 2770 3259 2825 orationis
3286 2770 3357 2824 sit
3391 2780 3542 2823 tran-

278 2858 486 2927 scripta
528 2872 699 2927 usque
725 2858 790 2911 ad
822 2858 989 2911 verba
1027 2873 1078 2927 p.
1114 2856 1239 2919 485,
1269 2857 1509 2910 τοσαῦτα
1538 2859 1668 2927 ἡμῖν
1694 2858 1868 2927 εἰρήσε

1984 2858 2244 2913 Contiuet
2304 2867 2488 2913 autem
2518 2870 2716 2929 praeter
2748 2859 2875 2922 hoc,
2899 2860 3047 2929 quod
3083 2852 3357 2929 promittit
3400 2859 3532 2911 tilu-

277 2953 391 3007 lus,
417 2945 648 3015 insignia
678 2952 997 3014 argumenta
1032 2959 1132 3013 pro
1166 2945 1543 3021 contlrmauda
1580 2948 1894 3000 animorum
1943 2947 2359 3002 immortalitate
2396 2986 2410 3009 ,
2446 2955 2502 3001 et
2544 2947 2793 3017 egregias
2825 2947 3239 3001 adhortationes
3266 2946 3332 3000 ad
3376 2947 3541 3000 vitant

278 3034 357 3087 ita
392 3030 804 3094 instituendam,
840 3039 1014 3095 utne,
1042 3032 1343 3086 bestiarum
1374 3048 1525 3085 more
1553 3036 1596 3087 si
1629 3034 1950 3097 vixerimus,
1990 3050 2096 3088 non
2139 3049 2489 3090 communem
2529 3049 2653 3089 cum
2686 3034 2877 3090 bestiis
2919 3035 3203 3088 interitum
3234 3035 3287 3087 iu
3326 3047 3522 3095 morte.

275 3121 378 3175 sed
421 3121 667 3188 graviora
699 3127 821 3188 post
872 3108 1103 3173 mortem
1140 3120 1406 3194 supplicia
1439 3120 1668 3175 horrere
1704 3137 1985 3191 cogamur.
2034 3121 2171 3177 Utor
2216 3121 2477 3183 editione.
2517 3122 2836 3190 quzelucem
2864 3121 3002 3174 vidit
3039 3121 3259 3177 Basili-te
3296 3122 3448 3181 I577.
3480 3122 3541 3194 8,

277 3207 339 3260 in
380 3204 642 3261 fasciculo
681 3204 1008 3273 scriptorum
1041 3202 1135 3272 (el,
1172 3190 1257 3257 cui
1289 3203 1479 3258 titulus
1507 3214 1591 3257 est
1624 3222 1637 3258 :
1673 3190 1925 3259 Doctrina
1958 3218 2095 3261 recte
2127 3210 2332 3262 vivendi
2356 3226 2419 3261 ac
2450 3209 2729 3272 meriendi,
2761 3218 2817 3263 et
2845 3209 2937 3277 qui
2983 3210 3132 3276 prelo
3171 3209 3368 3263 iterum
3413 3190 3545 3262 sub;

274 3294 464 3366 iectus
492 3291 810 3347 fuitihidem
842 3290 1001 3355 1586,
1021 3293 1072 3347 8.
1095 3289 1228 3343 Cum
1258 3288 1431 3344 Ainea
1463 3290 1657 3345 Gazceo
1691 3293 1819 3345 olim
1850 3293 2051 3346 editam
2082 3294 2385 3359 elegantem
2400 3305 2453 3347 et
2473 3294 2852 3361 philosophice
2870 3292 3242 3348 Christianam
3267 3294 3542 3347 diatribcn

277 3392 435 3435 vocat
473 3379 747 3441 Barthius,
778 3393 833 3448 p.
862 3377 1001 3432 5000
1029 3379 1310 3431 Adversar.
1349 3378 1595 3447 Respicit.
1620 3390 1803 3433 autem
1834 3378 2131 3434 editio'nem
2161 3381 2647 3449 Tiguriuam'aun.
2683 3380 2842 3443 1559,
2873 3382 2995 3443 1“‹ι1.,
3028 3382 3119 3435 ubi
3158 3382 3300 3434 inter
3327 3381 3544 3433 theolo-

275 3482 474 3538 gorum
499 3465 810 3521 Graecorum
837 3475 1081 3519 veterum
1111 3466 1546 3520 orthodoxorum
1586 3467 1809 3533 scripta.
1847 3466 2106 3522 Conrado
2138 3468 2382 3521 Cesuero
2409 3479 2639 3521 curante
2664 3468 2835 3530 edita,
2863 3469 3108 3522 occurrit
3144 3477 3265 3534 post
3293 3468 3545 3522 Caueenes

280 3554 683 3622 apostolorum,
730 3552 918 3620 lgnatii
963 3551 1260 3621 Epistolas,
1286 3554 1650 3622 Athenagorae
1697 3554 2011 3623 Apologiam
2048 3563 2106 3606 et
2144 3554 2343 3607 librum
2377 3551 2453 3607 De
2484 3557 2863 3607 resurrectione
2896 3564 3064 3622 atque
3096 3552 3542 3621 Theophrastum

283 3644 476 3700 Enen:
506 3644 681 3700 ϐλιιωί
722 3642 907 3698 Gra'ce
937 3652 993 3696 et
1026 3641 1216 3696 Latine
1245 3658 1369 3695 cum
1408 3642 1602 3697 Seileri
1639 3643 1911 3704 versione,
1947 3640 2295 3708 subjuuctam
2330 3642 2542 3695 habens
2591 3640 2824 3694 Hermia:
2864 3639 3175 3695 irrisionem
3222 3649 3275 3692 et
3310 3639 3539 3707 Agapeti

284 3731 695 3802 pnneneticum.
739 3729 946 3794 (FABR.)
980 3729 1309 3804 Novissima,
1335 3744 1508 3795 eaque
1534 3729 1876 3782 emendatior
1903 3738 1956 3782 et
1986 3728 2146 3782 docta
2173 3743 2426 3798 novaque
2454 3727 2705 3783 recensio
2729 3737 2812 3782 est
2846 3737 3037 3780 curata
3065 3742 3094 3779 a
3123 3725 3403 3781 Xnimrlio.
3423 3741 3545 3794 quae

282 3818 551 3886 inscripta
602 3828 730 3870 est:
765 3817 1024 3870 Demetrii
1055 3814 1280 3886 Cydonii
1318 3817 1569 3882 opuscul.
1613 3816 1684 3869 De
1731 3817 2109 3872 contemnendo
2160 3826 2346 3881 morte,
2386 3817 2575 3871 Graece
2607 3826 2662 3871 et
2703 3818 2822 3872 Lat.
2863 3818 3163 3879 recensuit,
3207 3815 3544 3876 emendavit.

279 3905 577 3974 explicavit
600 3903 803 3959 Christ.
851 3903 1101 3971 Theoph.
1144 3903 1384 3967 Kuiuml,
1421 3904 1479 3959 S.
1514 3904 1575 3957 S.
1609 3903 1802 3959 Theol.
1832 3906 2030 3958 cultor.
2063 3905 2261 3972 Lipsiae
2291 3904 2444 3964 l786,
2493 3905 2549 3960 8.
2582 3905 2680 3960 Ms.
2717 3907 2768 3959 in
2797 3904 2920 3958 cod.
2963 3903 3178 3958 Monac.
3218 3903 3442 3963 Bevum,
3472 3901 3543 3955 58

284 3996 381 4047 lin.
424 3992 517 4062 qui
568 3992 691 4046 cod.
747 3991 877 4045 olim
928 3990 983 4043 iu
1033 3990 1168 4044 bibl.
1222 3990 1308 4044 .lo.
1360 3990 1483 4046 Jac.
1520 3990 1756 4061 Fuggeri
1810 3993 2221 4047 adservabatur.
2272 3993 2332 4046 ι’.
2372 3992 2565 4046 Hardt.
2596 3992 2648 4046 in
2690 3994 2896 4046 Aretini
2929 3991 3245 4063 Beytragen,
3281 4006 3330 4043 a.
3380 3991 3540 4053 1801,

284 4087 427 4148 part.
464 4094 500 4138 ι,
528 4094 581 4146 p.
608 4077 696 4131 58.
732 4106 795 4116 -
824 4077 882 4130 ιιι
919 4077 1033 4132 bib.
1068 4078 1298 4145 August.
1352 4076 1621 4133 Vindelic.
1654 4080 1716 4134 V.
1750 4081 1962 4137 lleiser.
1998 4080 2168 4133 ludic.
2205 4079 2334 4136 Mss.
2368 4080 2513 4133 illius
2562 4080 2696 4133 bibl.
2726 4095 2782 4147 p.
2818 4080 2907 4145 82,
2958 4096 3015 4132 ιι.
3054 4079 3142 4132 15.
3180 4110 3246 4120 -
3275 4078 3446 4132 Paris.
3489 4080 3543 4131 iu

284 4167 426 4221 bibl.
465 4166 616 4233 publ.
645 4164 772 4220 cod.
810 4164 969 4227 1215,
1024 4180 1111 4217 nr.
1162 4164 1250 4217 ‘26.
1280 4193 1346 4207 --
1378 4163 1434 4217 lu
1462 4164 1588 4219 cod.
1617 4164 1845 4220 Coisliu.
1881 4167 2005 4223 515.
2039 4166 2099 4221 ν.
2130 4166 2429 4223 Montfauc.
2459 4166 2575 4223 Bib.
2622 4166 2785 4223 Coisl.
2842 4182 2899 4236 p.
2953 4166 3075 4230 428,
3108 4166 3248 4220 Add.
3301 4166 3368 4219 ad
3428 4178 3545 4221 not.

287 4253 508 4321 (tunc)

362 4342 415 4395 6.
459 4339 695 4393 llomilia
738 4340 793 4392 in
825 4338 882 4393 S.
917 4337 1283 4392 Laurentium.
1325 4334 1526 4407 Incipit
1574 4356 1587 4391 :
1627 4339 1692 4391 01
1732 4337 1868 4412 σώφε

1979 4359 2007 4407 ς
2032 4343 2142 4397 τῶν
2183 4345 2449 4416 ἐραστῶν.
2490 4345 2586 4399 Ms.
2638 4343 2695 4397 in
2742 4341 2932 4398 codice
2966 4341 3297 4396 Baroctiano
3320 4341 3410 4397 90.
3456 4341 3546 4414 [ιι.

288 4445 455 4495 διιιιηι
498 4430 600 4482 vol.
643 4427 706 4487 Χ.
821 4426 979 4496 267.]
2230 4424 2235 4429 ’

365 4519 416 4571 7.
465 4518 690 4571 llomilia
741 4516 873 4579 alia,
922 4518 1079 4583 cujus
1114 4515 1332 4569 initium
1368 4531 1382 4567 :
1412 4515 1536 4578 Τοῖς
1589 4517 1730 4585 ὑπὲρ
1762 4516 1853 4571 τοῦ

1975 4520 2120 4585 πάλου
2157 4517 2292 4572 Θεοῦ
2330 4520 2423 4572 καὶ
2469 4519 2725 4589 Σωτῆρος
2770 4519 2948 4589 ἡμῶν.
2990 4518 3090 4573 Ms.
3130 4520 3183 4573 in
3219 4519 3413 4574 eodem
3452 4535 3550 4575 co-

292 4604 416 4658 dice
448 4605 779 4659 Barocciauo
804 4604 892 4658 90.
925 4602 1013 4674 [ν.
1056 4618 1244 4672 εἰρπιι,
1274 4602 1381 4656 vol.
1411 4602 1478 4665 Χ,
1509 4619 1561 4671 p.
1585 4604 1743 4674 28L]
3520 4602 3523 4605 ’

362 4692 415 4745 8.
459 4692 668 4746 Salutio
694 4701 1124 4762 argumentorum
1148 4692 1483 4763 quorundam
1520 4693 1661 4745 circa
1691 4694 2109 4747 incarnationem
2133 4691 2347 4749 Christi.
2391 4693 2493 4750 Ms.
2536 4694 2589 4748 in
2621 4694 2814 4748 eodem
2845 4695 3054 4751 codice.
3087 4694 3283 4764 Incipit
3320 4714 3332 4748 :
3368 4694 3448 4746 Ta
3491 4691 3550 4745 δὲ

288 4780 556 4847 ἀνωτέρω
604 4781 741 4848 πρὸς
775 4780 954 4833 τοῦτο.

364 4872 420 4933 9.
464 4866 530 4921 In
577 4866 915 4922 Peutecosten
956 4868 1021 4920 de
1060 4866 1259 4937 Spiritu
1301 4874 1505 4923 sancto.
1555 4866 1796 4936 Incipit:
1838 4868 1868 4921 0

1975 4867 2073 4919 ετὰ
2108 4869 2233 4931 τοὺς
2283 4869 2568 4937 γενναίους
2609 4871 2918 4936 ἀγωνιστὰς
2970 4868 3254 4929 εἰσιόντες.
3300 4864 3547 4920 Meminit

1968 5063 2055 5116 lus
2102 5063 2360 5117 Aristotct
2422 5064 2665 5115 tributos
2695 5065 2769 5117 De
2801 5064 3099 5119 virtutibus.
3135 5078 3256 5114 cum
3291 5059 3545 5114 versione

295 5130 671 5190 Iunt—annum.
1967 5134 2105 5187 Jttsti
2162 5133 2347 5186 Velsii.
2404 5131 2458 5201 3)
2530 5133 2750 5203 Georgii
2800 5134 3026 5189 Getnisti
3083 5132 3361 5203 Plethonis
3407 5130 3548 5203 liber

370 5204 446 5272 (tl)
489 5204 543 5276 In
566 5205 768 5276 codice
813 5204 1065 5276 Caesareo
1117 5203 1437 5276 inscribitur
1494 5221 1507 5256 :
1544 5205 1865 5276 Δημητρίου
1975 5203 2046 5255 De
2059 5204 2351 5276 liirtutibns
2380 5200 2632 5276 quatuor,
2666 5200 2788 5276 cum
2827 5206 3080 5276 versione
3107 5200 3547 5276 Ailolli__Qt:ei_mis

294 5270 394 5328 τοῦ
432 5274 690 5342 Κωδώνης
734 5276 912 5344 λόγος,
954 5275 1101 5335 ὅπως
1144 5274 1338 5344 ἄλογον
1393 5273 1460 5344 to,
1488 5275 1584 5344 ίτοῦ
1609 5270 1868 5329 Ὅαίνᾶεου

1975 5282 2021 5325 et
2049 5270 2454 5326 Commentario
2484 5272 2777 5344 Anonymi,
2810 5289 2971 5342 quem
3029 5273 3253 5326 llierou.
3290 5270 3543 5344 _‘1_\'ollium

296 5347 415 5404 δέος
470 5340 859 5396 erasmus...»
917 5344 1173 5398 Lambec.
1227 5343 1287 5405 V,
1336 5359 1385 5411 p.
1439 5343 1565 5400 210.
1619 5346 1863 5413 (ΡΑιιει.)

1975 5358 2091 5395 esse
2118 5351 2354 5413 constat.
2392 5359 2489 5396 nec
2540 5340 2943 5398 norivirtutum
2975 5346 3249 5396 exactiore
3275 5340 3545 5413 divisione

302 5414 429 5470 Sive
460 5429 513 5482 p.
557 5412 683 5466 4'56.
716 5419 805 5467 ed.
841 5415 1043 5468 Kollar.
1079 5436 1129 5467 ιι.
1168 5414 1251 5466 16.
1289 5408 1410 5467 cod.
1454 5413 1580 5471 267.
1623 5408 1673 5455 4—
1721 5408 1867 5469 Flor.
1977 5428 2073 5481 per
2108 5412 2161 5467 Si
2191 5427 2383 5465 t'Otlelll
2436 5413 2748 5483 Gryuazum.
2792 5416 2845 5479 4)
2891 5414 2962 5467 Ειι
3018 5412 3252 5467 Nemesii
3291 5408 3547 5483 librde

367 5063 438 5133 (α’)
473 5065 604 5119 Vide
622 5064 706 5120 Jo.
737 5064 1054 5120 Leuuclavii
1084 5063 1383 5117 Pandectaa
1414 5063 1667 5125 tnrcicas,
1698 5061 1764 5114 ad
1804 5062 1868 5116 il-

301 5486 356 5540 io
390 5484 511 5537 cod.
549 5484 740 5537 Medic.
782 5484 924 5538 Laur
967 5483 1037 5538 21
1090 5500 1142 5537 ιι.
1176 5486 1226 5546 ιι,
1259 5483 1419 5536 inscr.
1445 5483 1778 5549 Ὀτιᾶλογον
1812 5484 1870 5535 τὸ

302 5554 397 5605 τοι)
437 5553 669 5606 Θκνὰτου
699 5555 838 5615 δέος.
896 5552 955 5605 ν.
1010 5554 1233 5607 Βικυικ.
1285 5553 1425 5607 Catt.
1480 5555 1640 5610 Codd.
1686 5555 1864 5609 Graec.

303 5623 568 5693 Laurent.
592 5623 646 5693 2,
683 5639 737 5693 p.
776 5624 899 5677 542.
931 5622 1147 5690 illam“)

376 5691 446 5761 (ε)
486 5691 699 5761 Scripta
737 5704 930 5747 urtera
980 5703 1105 5749 Sitot
1166 5714 1177 5746 :
1217 5693 1344 5747 Pars
1379 5692 1636 5748 Thvaeteti
1693 5695 1871 5749 Pluto-

306 5762 394 5818 nis
419 5777 544 5817 cum
590 5762 763 5819 Adolli
792 5764 1023 5820 Occouis
1056 5764 1301 5818 νιιδὶυιιι
1348 5764 1556 5820 Latina.
1600 5766 1653 5835 ἂ)
1693 5763 1871 5820 Libel~

1978 5480 2174 5536 natura
2207 5484 2432 5536 hominis
2480 5480 2655 5552 capita
2700 5484 2776 5536 De
2809 5483 3078 5552 voluptate
3123 5493 3170 5534 ct
3217 5480 3545 5552 u'gritndine,

1975 5569 2100 5607 cum
2137 5555 2387 5606 versione
2425 5549 2622 5606 Nica'sii
2667 5549 2954 5607 Ellelnnlii.
2998 5553 3051 5605 5t
3102 5549 3341 5607 Plutonis
3385 5549 3550 5602 Axio-

1976 5626 2113 5677 chus
2143 5639 2267 5675 cum
2313 5624 2557 5692 ejusdem
2603 5622 2825 5676 Hieron.
2859 5624 3037 5675 Wullii
3080 5637 3327 5673 versione
3363 5630 3417 5670 et
3446 5635 3546 5669 uo-

1980 5696 2070 5752 tis.
2116 5709 2208 5761 qttt
2258 5691 2362 5744 non
2402 5694 2692 5754 dubitavit,
2741 5707 2863 5762 post
2913 5696 3156 5760 quinque
3199 5693 3333 5744 alios
3379 5691 3548 5743 inter

1981 5772 2162 5833 prctcs
2201 5765 2343 5817 liu..c
2371 5764 2611 5818 libellum
2643 5765 2708 5817 de
2741 5773 2951 5832 ιιιιοιεω
2983 5765 3295 5816 transferre.
